  <div class='ocr_page' id='page_1' title='image "/cluster/home/n/w/nwhite01/storage/ocr_20150623/135:no.2/coo.31924054870401/433.png"; bbox 0 0 4060 6360; ppageno 0'>
   <div class='ocr_carea' id='block_1_1' title="bbox 280 425 399 486">
    <p class='ocr_par' dir='ltr' id='par_1_1' title="bbox 280 425 399 486">
     <span class='ocr_line' id='line_1_1' title="bbox 280 425 399 486; baseline -0.008 -1"><span class='ocrx_word' id='word_1_1' title='bbox 280 425 399 486; x_wconf 74' lang='grc'><strong>855</strong></span> 
     </span>
    </p>
   </div>
   <div class='ocr_carea' id='block_1_2' title="bbox 1054 414 2926 481">
    <p class='ocr_par' dir='ltr' id='par_1_2' title="bbox 1054 414 2926 481">
     <span class='ocr_line' id='line_1_2' title="bbox 1054 414 2926 481; baseline -0.001 -4"><span class='ocrx_word' id='word_1_2' title='bbox 1054 416 1476 480; x_wconf 85' lang='lat' dir='ltr'>EUSTATHII</span> <span class='ocrx_word' id='word_1_3' title='bbox 1519 416 2296 481; x_wconf 83' lang='lat' dir='ltr'>THESSALONICENSIS</span> <span class='ocrx_word' id='word_1_4' title='bbox 2342 414 2926 478; x_wconf 65' lang='lat' dir='ltr'>METROPOLITJE</span> 
     </span>
    </p>
   </div>
   <div class='ocr_carea' id='block_1_3' title="bbox 3586 413 3726 474">
    <p class='ocr_par' dir='ltr' id='par_1_3' title="bbox 3586 413 3726 474">
     <span class='ocr_line' id='line_1_3' title="bbox 3586 413 3726 474; baseline -0.036 1"><span class='ocrx_word' id='word_1_5' title='bbox 3586 413 3726 474; x_wconf 78' lang='lat'>856</span> 
     </span>
    </p>
   </div>
   <div class='ocr_carea' id='block_1_4' title="bbox 281 541 1958 626">
    <p class='ocr_par' dir='ltr' id='par_1_4' title="bbox 281 549 1928 622">
     <span class='ocr_line' id='line_1_4' title="bbox 281 549 1928 622; baseline -0.005 -8"><span class='ocrx_word' id='word_1_6' title='bbox 281 554 528 614; x_wconf 76' lang='lat' dir='ltr'>sollicite</span> <span class='ocrx_word' id='word_1_7' title='bbox 559 553 786 610; x_wconf 84' lang='lat' dir='ltr'>fodiens</span> <span class='ocrx_word' id='word_1_8' title='bbox 809 550 1171 608; x_wconf 89' lang='lat' dir='ltr'>metallicum</span> <span class='ocrx_word' id='word_1_9' title='bbox 1202 551 1498 622; x_wconf 86' lang='lat' dir='ltr'>pulverem</span> <span class='ocrx_word' id='word_1_10' title='bbox 1522 550 1697 616; x_wconf 88' lang='lat' dir='ltr'>lavat,</span> <span class='ocrx_word' id='word_1_11' title='bbox 1730 549 1928 621; x_wconf 78' lang='lat' dir='ltr'>paleas</span> 
     </span>
    </p>
   </div>
   <div class='ocr_carea' id='block_1_5' title="bbox 2073 541 3728 626">
    <p class='ocr_par' dir='ltr' id='par_1_5' title="bbox 2073 541 3728 626">
     <span class='ocr_line' id='line_1_5' title="bbox 2073 541 3728 626; baseline -0.004 -22"><span class='ocrx_word' id='word_1_12' title='bbox 2073 569 2107 604; x_wconf 58' lang='grc' dir='ltr'>τ.</span> <span class='ocrx_word' id='word_1_13' title='bbox 2158 548 2446 626; x_wconf 74' lang='grc' dir='ltr'>χειμάρῥω</span> <span class='ocrx_word' id='word_1_14' title='bbox 2506 543 2562 602; x_wconf 76' lang='grc' dir='ltr'>εἷ’</span> <span class='ocrx_word' id='word_1_15' title='bbox 2607 567 2689 608; x_wconf 89' lang='grc' dir='ltr'>τις</span> <span class='ocrx_word' id='word_1_16' title='bbox 2747 542 3026 617; x_wconf 73' lang='grc' dir='ltr'>ἐπιμελῶς</span> <span class='ocrx_word' id='word_1_17' title='bbox 3070 543 3382 620; x_wconf 84' lang='grc' dir='ltr'>ἀνορύσσων</span> <span class='ocrx_word' id='word_1_18' title='bbox 3415 541 3728 618; x_wconf 79' lang='grc' dir='ltr'>ἀποπλύνῃ</span> 
     </span>
    </p>
   </div>
   <div class='ocr_carea' id='block_1_6' title="bbox 281 631 1958 714">
    <p class='ocr_par' dir='ltr' id='par_1_6' title="bbox 281 638 1935 713">
     <span class='ocr_line' id='line_1_6' title="bbox 281 638 1935 713; baseline -0.004 -12"><span class='ocrx_word' id='word_1_19' title='bbox 281 644 476 701; x_wconf 82' lang='lat' dir='ltr'>brevis</span> <span class='ocrx_word' id='word_1_20' title='bbox 506 643 632 700; x_wconf 87' lang='lat' dir='ltr'>auri</span> <span class='ocrx_word' id='word_1_21' title='bbox 665 647 766 697; x_wconf 88' lang='lat' dir='ltr'>aut</span> <span class='ocrx_word' id='word_1_22' title='bbox 797 641 1021 713; x_wconf 84' lang='lat' dir='ltr'>argenti</span> <span class='ocrx_word' id='word_1_23' title='bbox 1068 640 1303 696; x_wconf 90' lang='lat' dir='ltr'>obscuri</span> <span class='ocrx_word' id='word_1_24' title='bbox 1335 639 1521 711; x_wconf 86' lang='lat' dir='ltr'>eligit,</span> <span class='ocrx_word' id='word_1_25' title='bbox 1556 644 1612 695; x_wconf 92' lang='lat' dir='ltr'>et</span> <span class='ocrx_word' id='word_1_26' title='bbox 1643 638 1935 709; x_wconf 84' lang='lat' dir='ltr'>reliquum</span> 
     </span>
    </p>
   </div>
   <div class='ocr_carea' id='block_1_7' title="bbox 2073 631 3730 714">
    <p class='ocr_par' dir='ltr' id='par_1_7' title="bbox 2073 631 3730 714">
     <span class='ocr_line' id='line_1_7' title="bbox 2073 631 3730 714; baseline -0.004 -22"><span class='ocrx_word' id='word_1_27' title='bbox 2073 638 2135 692; x_wconf 75' lang='grc' dir='ltr'>ὸν</span> <span class='ocrx_word' id='word_1_28' title='bbox 2163 643 2299 714; x_wconf 76' lang='grc' dir='ltr'>χοῦν</span> <span class='ocrx_word' id='word_1_29' title='bbox 2333 635 2775 709; x_wconf 70' lang='grc' dir='ltr'>μετειλλευτικῶς</span> <span class='ocrx_word' id='word_1_30' title='bbox 2811 633 2990 711; x_wconf 81' lang='grc' dir='ltr'>βραχύ</span> <span class='ocrx_word' id='word_1_31' title='bbox 3037 654 3090 688; x_wconf 90' lang='grc' dir='ltr'>τι</span> <span class='ocrx_word' id='word_1_32' title='bbox 3135 637 3330 707; x_wconf 71' lang='grc' dir='ltr'>ψῆγμα</span> <span class='ocrx_word' id='word_1_33' title='bbox 3387 632 3627 708; x_wconf 83' lang='grc' dir='ltr'>χρύσεον</span> <span class='ocrx_word' id='word_1_34' title='bbox 3686 631 3730 700; x_wconf 72' lang='grc' dir='ltr'><strong>ἢ</strong></span> 
     </span>
    </p>
   </div>
   <div class='ocr_carea' id='block_1_8' title="bbox 287 727 1937 805">
    <p class='ocr_par' dir='ltr' id='par_1_8' title="bbox 287 727 1937 805">
     <span class='ocr_line' id='line_1_8' title="bbox 287 727 1937 805; baseline -0.005 -15"><span class='ocrx_word' id='word_1_35' title='bbox 287 732 616 801; x_wconf 87' lang='lat' dir='ltr'>metallum,</span> <span class='ocrx_word' id='word_1_36' title='bbox 651 731 970 805; x_wconf 80' lang='lat' dir='ltr'>particulas</span> <span class='ocrx_word' id='word_1_37' title='bbox 1020 745 1198 784; x_wconf 67' lang='lat' dir='ltr'>aereas</span> <span class='ocrx_word' id='word_1_38' title='bbox 1254 727 1342 783; x_wconf 89' lang='lat' dir='ltr'>vel</span> <span class='ocrx_word' id='word_1_39' title='bbox 1390 727 1535 784; x_wconf 87' lang='lat' dir='ltr'>aciei</span> <span class='ocrx_word' id='word_1_40' title='bbox 1588 733 1784 783; x_wconf 91' lang='lat' dir='ltr'>atoma</span> <span class='ocrx_word' id='word_1_41' title='bbox 1822 743 1937 783; x_wconf 89' lang='lat' dir='ltr'>non</span> 
     </span>
    </p>
   </div>
   <div class='ocr_carea' id='block_1_9' title="bbox 286 819 1939 888">
    <p class='ocr_par' dir='ltr' id='par_1_9' title="bbox 286 819 1939 888">
     <span class='ocr_line' id='line_1_9' title="bbox 286 819 1939 888; baseline -0.004 -9"><span class='ocrx_word' id='word_1_42' title='bbox 286 822 528 880; x_wconf 82' lang='lat' dir='ltr'>adducit</span> <span class='ocrx_word' id='word_1_43' title='bbox 557 823 629 878; x_wconf 89' lang='lat' dir='ltr'>ad</span> <span class='ocrx_word' id='word_1_44' title='bbox 661 821 874 885; x_wconf 88' lang='lat' dir='ltr'>lucem,</span> <span class='ocrx_word' id='word_1_45' title='bbox 909 819 1108 874; x_wconf 84' lang='lat' dir='ltr'>omnia</span> <span class='ocrx_word' id='word_1_46' title='bbox 1137 834 1269 873; x_wconf 89' lang='lat' dir='ltr'>vero</span> <span class='ocrx_word' id='word_1_47' title='bbox 1314 833 1497 888; x_wconf 73' lang='lat' dir='ltr'>grana</span> <span class='ocrx_word' id='word_1_48' title='bbox 1528 819 1939 888; x_wconf 84' lang='lat' dir='ltr'>projiciuntur.</span> 
     </span>
    </p>
   </div>
   <div class='ocr_carea' id='block_1_10' title="bbox 285 907 1944 980">
    <p class='ocr_par' dir='ltr' id='par_1_10' title="bbox 285 907 1944 980">
     <span class='ocr_line' id='line_1_10' title="bbox 285 907 1944 980; baseline -0.004 -11"><span class='ocrx_word' id='word_1_49' title='bbox 285 913 404 969; x_wconf 85' lang='lat' dir='ltr'>Cur</span> <span class='ocrx_word' id='word_1_50' title='bbox 435 917 630 968; x_wconf 86' lang='lat' dir='ltr'>autem</span> <span class='ocrx_word' id='word_1_51' title='bbox 663 909 776 966; x_wconf 89' lang='lat' dir='ltr'>alia</span> <span class='ocrx_word' id='word_1_52' title='bbox 803 913 980 980; x_wconf 88' lang='lat' dir='ltr'>atque</span> <span class='ocrx_word' id='word_1_53' title='bbox 1012 907 1107 962; x_wconf 82' lang='lat' dir='ltr'>isti</span> <span class='ocrx_word' id='word_1_54' title='bbox 1153 907 1360 962; x_wconf 81' lang='lat' dir='ltr'>fratres</span> <span class='ocrx_word' id='word_1_55' title='bbox 1394 923 1507 961; x_wconf 89' lang='lat' dir='ltr'>non</span> <span class='ocrx_word' id='word_1_56' title='bbox 1542 907 1688 978; x_wconf 85' lang='lat' dir='ltr'>agis,</span> <span class='ocrx_word' id='word_1_57' title='bbox 1722 912 1780 962; x_wconf 89' lang='lat' dir='ltr'>et</span> <span class='ocrx_word' id='word_1_58' title='bbox 1810 911 1944 962; x_wconf 88' lang='lat' dir='ltr'>tuos</span> 
     </span>
    </p>
   </div>
   <div class='ocr_carea' id='block_1_11' title="bbox 284 993 1945 1067">
    <p class='ocr_par' dir='ltr' id='par_1_11' title="bbox 284 993 1945 1067">
     <span class='ocr_line' id='line_1_11' title="bbox 284 993 1945 1067; baseline -0.005 -9"><span class='ocrx_word' id='word_1_59' title='bbox 284 1003 516 1058; x_wconf 81' lang='lat' dir='ltr'>labores</span> <span class='ocrx_word' id='word_1_60' title='bbox 547 999 700 1054; x_wconf 91' lang='lat' dir='ltr'>inter</span> <span class='ocrx_word' id='word_1_61' title='bbox 724 997 1051 1067; x_wconf 82' lang='lat' dir='ltr'>indigentes</span> <span class='ocrx_word' id='word_1_62' title='bbox 1075 1013 1187 1051; x_wconf 91' lang='lat' dir='ltr'>non</span> <span class='ocrx_word' id='word_1_63' title='bbox 1213 993 1426 1050; x_wconf 87' lang='lat' dir='ltr'>dividis</span> <span class='ocrx_word' id='word_1_64' title='bbox 1447 994 1475 1048; x_wconf 84' lang='lat'><strong>?</strong></span> <span class='ocrx_word' id='word_1_65' title='bbox 1497 995 1564 1050; x_wconf 88' lang='lat' dir='ltr'>Et</span> <span class='ocrx_word' id='word_1_66' title='bbox 1593 1011 1770 1066; x_wconf 89' lang='lat' dir='ltr'>quam</span> <span class='ocrx_word' id='word_1_67' title='bbox 1791 997 1945 1050; x_wconf 93' lang='lat' dir='ltr'>mul-</span> 
     </span>
    </p>
   </div>
   <div class='ocr_carea' id='block_1_12' title="bbox 287 1083 1946 1160">
    <p class='ocr_par' dir='ltr' id='par_1_12' title="bbox 287 1083 1946 1160">
     <span class='ocr_line' id='line_1_12' title="bbox 287 1083 1946 1160; baseline -0.004 -14"><span class='ocrx_word' id='word_1_68' title='bbox 287 1090 370 1146; x_wconf 90' lang='lat' dir='ltr'>tis</span> <span class='ocrx_word' id='word_1_69' title='bbox 400 1086 804 1160; x_wconf 83' lang='lat' dir='ltr'>indigentibus</span> <span class='ocrx_word' id='word_1_70' title='bbox 863 1084 1032 1140; x_wconf 78' lang='lat' dir='ltr'>facile</span> <span class='ocrx_word' id='word_1_71' title='bbox 1084 1090 1140 1139; x_wconf 90' lang='lat' dir='ltr'>et</span> <span class='ocrx_word' id='word_1_72' title='bbox 1195 1083 1354 1155; x_wconf 83' lang='lat' dir='ltr'>large</span> <span class='ocrx_word' id='word_1_73' title='bbox 1410 1084 1642 1154; x_wconf 85' lang='lat' dir='ltr'>dividis,</span> <span class='ocrx_word' id='word_1_74' title='bbox 1677 1085 1780 1156; x_wconf 90' lang='lat' dir='ltr'>qui</span> <span class='ocrx_word' id='word_1_75' title='bbox 1830 1103 1946 1140; x_wconf 90' lang='lat' dir='ltr'>non</span> 
     </span>
    </p>
   </div>
   <div class='ocr_carea' id='block_1_13' title="bbox 289 1173 1948 1244">
    <p class='ocr_par' dir='ltr' id='par_1_13' title="bbox 289 1173 1948 1244">
     <span class='ocr_line' id='line_1_13' title="bbox 289 1173 1948 1244; baseline -0.004 -10"><span class='ocrx_word' id='word_1_76' title='bbox 289 1177 485 1235; x_wconf 89' lang='lat' dir='ltr'>solum</span> <span class='ocrx_word' id='word_1_77' title='bbox 547 1174 850 1230; x_wconf 89' lang='lat' dir='ltr'>mendicos</span> <span class='ocrx_word' id='word_1_78' title='bbox 909 1173 981 1228; x_wconf 90' lang='lat' dir='ltr'>ad</span> <span class='ocrx_word' id='word_1_79' title='bbox 1035 1173 1368 1239; x_wconf 90' lang='lat' dir='ltr'>ditandum,</span> <span class='ocrx_word' id='word_1_80' title='bbox 1430 1175 1530 1227; x_wconf 88' lang='lat' dir='ltr'>sed</span> <span class='ocrx_word' id='word_1_81' title='bbox 1590 1175 1788 1244; x_wconf 88' lang='lat' dir='ltr'>etiam,</span> <span class='ocrx_word' id='word_1_82' title='bbox 1845 1173 1948 1229; x_wconf 93' lang='lat' dir='ltr'>ubi</span> 
     </span>
    </p>
   </div>
   <div class='ocr_carea' id='block_1_14' title="bbox 290 1261 1948 1338">
    <p class='ocr_par' dir='ltr' id='par_1_14' title="bbox 290 1261 1948 1338">
     <span class='ocr_line' id='line_1_14' title="bbox 290 1261 1948 1338; baseline -0.002 -18"><span class='ocrx_word' id='word_1_83' title='bbox 290 1263 574 1338; x_wconf 87' lang='lat' dir='ltr'>possibile</span> <span class='ocrx_word' id='word_1_84' title='bbox 610 1267 715 1325; x_wconf 89' lang='lat' dir='ltr'>est,</span> <span class='ocrx_word' id='word_1_85' title='bbox 753 1262 913 1333; x_wconf 85' lang='lat' dir='ltr'>rapis</span> <span class='ocrx_word' id='word_1_86' title='bbox 943 1262 1056 1316; x_wconf 89' lang='lat' dir='ltr'>sub</span> <span class='ocrx_word' id='word_1_87' title='bbox 1107 1266 1385 1333; x_wconf 66' lang='lat' dir='ltr'>praetextu</span> <span class='ocrx_word' id='word_1_88' title='bbox 1434 1261 1770 1317; x_wconf 71' lang='lat' dir='ltr'>mconomiaa</span> <span class='ocrx_word' id='word_1_89' title='bbox 1821 1279 1948 1318; x_wconf 79' lang='lat' dir='ltr'>mo-</span> 
     </span>
    </p>
   </div>
   <div class='ocr_carea' id='block_1_15' title="bbox 291 1350 1948 1422">
    <p class='ocr_par' dir='ltr' id='par_1_15' title="bbox 291 1350 1948 1422">
     <span class='ocr_line' id='line_1_15' title="bbox 291 1350 1948 1422; baseline -0.004 -10"><span class='ocrx_word' id='word_1_90' title='bbox 291 1354 580 1412; x_wconf 71' lang='lat' dir='ltr'>nasterii?</span> <span class='ocrx_word' id='word_1_91' title='bbox 610 1351 718 1416; x_wconf 86' lang='lat' dir='ltr'>Qui</span> <span class='ocrx_word' id='word_1_92' title='bbox 752 1366 988 1422; x_wconf 87' lang='lat' dir='ltr'>semper</span> <span class='ocrx_word' id='word_1_93' title='bbox 1019 1350 1269 1422; x_wconf 87' lang='lat' dir='ltr'>colligis,</span> <span class='ocrx_word' id='word_1_94' title='bbox 1287 1355 1344 1404; x_wconf 87' lang='lat' dir='ltr'>et</span> <span class='ocrx_word' id='word_1_95' title='bbox 1376 1367 1678 1421; x_wconf 90' lang='lat' dir='ltr'>nunquam</span> <span class='ocrx_word' id='word_1_96' title='bbox 1711 1352 1948 1422; x_wconf 90' lang='lat' dir='ltr'>dividis,</span> 
     </span>
    </p>
   </div>
   <div class='ocr_carea' id='block_1_16' title="bbox 294 1439 1950 1514">
    <p class='ocr_par' dir='ltr' id='par_1_16' title="bbox 294 1439 1950 1514">
     <span class='ocr_line' id='line_1_16' title="bbox 294 1439 1950 1514; baseline -0.003 -14"><span class='ocrx_word' id='word_1_97' title='bbox 294 1450 360 1501; x_wconf 87' lang='lat' dir='ltr'>ut</span> <span class='ocrx_word' id='word_1_98' title='bbox 389 1445 644 1514; x_wconf 89' lang='lat' dir='ltr'>imperat</span> <span class='ocrx_word' id='word_1_99' title='bbox 677 1447 822 1497; x_wconf 87' lang='lat' dir='ltr'>Deus</span> <span class='ocrx_word' id='word_1_100' title='bbox 855 1439 1163 1495; x_wconf 80' lang='lat' dir='ltr'>monachis</span> <span class='ocrx_word' id='word_1_101' title='bbox 1196 1456 1422 1510; x_wconf 68' lang='lat' dir='ltr'>magnis</span> <span class='ocrx_word' id='word_1_102' title='bbox 1477 1439 1749 1506; x_wconf 85' lang='lat' dir='ltr'>civitatis,</span> <span class='ocrx_word' id='word_1_103' title='bbox 1783 1439 1950 1508; x_wconf 86' lang='lat' dir='ltr'>solis,</span> 
     </span>
    </p>
   </div>
   <div class='ocr_carea' id='block_1_17' title="bbox 293 1527 1950 1601">
    <p class='ocr_par' dir='ltr' id='par_1_17' title="bbox 293 1527 1950 1601">
     <span class='ocr_line' id='line_1_17' title="bbox 293 1527 1950 1601; baseline -0.002 -13"><span class='ocrx_word' id='word_1_104' title='bbox 293 1537 360 1588; x_wconf 88' lang='lat' dir='ltr'>ut</span> <span class='ocrx_word' id='word_1_105' title='bbox 398 1531 652 1597; x_wconf 88' lang='lat' dir='ltr'>videtur,</span> <span class='ocrx_word' id='word_1_106' title='bbox 702 1535 758 1586; x_wconf 83' lang='lat' dir='ltr'>et</span> <span class='ocrx_word' id='word_1_107' title='bbox 816 1529 1126 1601; x_wconf 87' lang='lat' dir='ltr'>quibusvis</span> <span class='ocrx_word' id='word_1_108' title='bbox 1179 1527 1317 1583; x_wconf 89' lang='lat' dir='ltr'>alibi</span> <span class='ocrx_word' id='word_1_109' title='bbox 1372 1544 1576 1582; x_wconf 93' lang='lat' dir='ltr'>eorum</span> <span class='ocrx_word' id='word_1_110' title='bbox 1631 1528 1950 1584; x_wconf 90' lang='lat' dir='ltr'>similibus.</span> 
     </span>
    </p>
   </div>
   <div class='ocr_carea' id='block_1_18' title="bbox 292 1615 1678 1690">
    <p class='ocr_par' dir='ltr' id='par_1_18' title="bbox 292 1615 1678 1690">
     <span class='ocr_line' id='line_1_18' title="bbox 292 1615 1678 1690; baseline -0.004 -12"><span class='ocrx_word' id='word_1_111' title='bbox 292 1621 439 1678; x_wconf 89' lang='lat' dir='ltr'>Huic</span> <span class='ocrx_word' id='word_1_112' title='bbox 464 1620 626 1677; x_wconf 85' lang='lat' dir='ltr'>enim</span> <span class='ocrx_word' id='word_1_113' title='bbox 661 1617 927 1690; x_wconf 85' lang='lat' dir='ltr'>loquenti</span> <span class='ocrx_word' id='word_1_114' title='bbox 956 1633 1058 1673; x_wconf 88' lang='lat' dir='ltr'>vos</span> <span class='ocrx_word' id='word_1_115' title='bbox 1091 1633 1208 1672; x_wconf 90' lang='lat' dir='ltr'>non</span> <span class='ocrx_word' id='word_1_116' title='bbox 1238 1615 1678 1688; x_wconf 84' lang='lat' dir='ltr'>obtemperatis.</span> 
     </span>
    </p>
   </div>
   <div class='ocr_carea' id='block_1_19' title="bbox 371 1794 1960 1866">
    <p class='ocr_par' dir='ltr' id='par_1_19' title="bbox 371 1794 1960 1866">
     <span class='ocr_line' id='line_1_19' title="bbox 371 1794 1960 1866; baseline -0.003 -12"><span class='ocrx_word' id='word_1_117' title='bbox 371 1799 492 1854; x_wconf 85' lang='grc'>152.</span> <span class='ocrx_word' id='word_1_118' title='bbox 554 1797 612 1851; x_wconf 88' lang='lat' dir='ltr'>Si</span> <span class='ocrx_word' id='word_1_119' title='bbox 666 1800 890 1864; x_wconf 88' lang='lat' dir='ltr'>tamen,</span> <span class='ocrx_word' id='word_1_120' title='bbox 948 1812 978 1851; x_wconf 92' lang='grc' dir='ltr'>ο</span> <span class='ocrx_word' id='word_1_121' title='bbox 1037 1794 1297 1866; x_wconf 72' lang='lat' dir='ltr'>praalate,</span> <span class='ocrx_word' id='word_1_122' title='bbox 1368 1795 1809 1851; x_wconf 89' lang='lat' dir='ltr'>concedendum</span> <span class='ocrx_word' id='word_1_123' title='bbox 1869 1798 1960 1850; x_wconf 86' lang='lat' dir='ltr'>est</span> 
     </span>
    </p>
   </div>
   <div class='ocr_carea' id='block_1_20' title="bbox 2049 719 3742 802">
    <p class='ocr_par' dir='ltr' id='par_1_20' title="bbox 2049 719 3742 802">
     <span class='ocr_line' id='line_1_20' title="bbox 2049 719 3742 802; baseline -0.004 -20"><span class='ocrx_word' id='word_1_124' title='bbox 2049 727 2267 800; x_wconf 79' lang='grc' dir='ltr'>ἀσήμου</span> <span class='ocrx_word' id='word_1_125' title='bbox 2297 726 2534 802; x_wconf 84' lang='grc' dir='ltr'>ἀργύρου</span> <span class='ocrx_word' id='word_1_126' title='bbox 2565 723 2858 795; x_wconf 81' lang='grc' dir='ltr'>ἐκλέξεται·</span> <span class='ocrx_word' id='word_1_127' title='bbox 2890 723 2954 778; x_wconf 82' lang='grc' dir='ltr'>τὸ</span> <span class='ocrx_word' id='word_1_128' title='bbox 3002 719 3059 777; x_wconf 74' lang='grc' dir='ltr'>δὲ</span> <span class='ocrx_word' id='word_1_129' title='bbox 3107 721 3305 778; x_wconf 84' lang='grc' dir='ltr'>λοιπὸν</span> <span class='ocrx_word' id='word_1_130' title='bbox 3353 729 3454 790; x_wconf 83' lang='grc' dir='ltr'>τῆς</span> <span class='ocrx_word' id='word_1_131' title='bbox 3518 720 3742 794; x_wconf 82' lang='grc' dir='ltr'>μεταλ-</span> 
     </span>
    </p>
   </div>
   <div class='ocr_carea' id='block_1_21' title="bbox 2051 810 3741 888">
    <p class='ocr_par' dir='ltr' id='par_1_21' title="bbox 2051 810 3741 888">
     <span class='ocr_line' id='line_1_21' title="bbox 2051 810 3741 888; baseline -0.002 -19"><span class='ocrx_word' id='word_1_132' title='bbox 2051 814 2200 876; x_wconf 84' lang='grc' dir='ltr'>λείας</span> <span class='ocrx_word' id='word_1_133' title='bbox 2258 818 2471 888; x_wconf 80' lang='grc' dir='ltr'>μήποτε</span> <span class='ocrx_word' id='word_1_134' title='bbox 2526 811 2652 868; x_wconf 70' lang='grc' dir='ltr'>οὐδὲ</span> <span class='ocrx_word' id='word_1_135' title='bbox 2709 811 2922 888; x_wconf 85' lang='grc' dir='ltr'>χάλκεα</span> <span class='ocrx_word' id='word_1_136' title='bbox 2959 810 3289 886; x_wconf 84' lang='grc' dir='ltr'>παραυγάζει</span> <span class='ocrx_word' id='word_1_137' title='bbox 3335 810 3632 883; x_wconf 75' lang='grc' dir='ltr'>ψηγμάτιά</span> <span class='ocrx_word' id='word_1_138' title='bbox 3698 811 3741 880; x_wconf 76' lang='grc' dir='ltr'>ἢ</span> 
     </span>
    </p>
   </div>
   <div class='ocr_carea' id='block_1_22' title="bbox 2053 897 3742 979">
    <p class='ocr_par' dir='ltr' id='par_1_22' title="bbox 2053 897 3742 979">
     <span class='ocr_line' id='line_1_22' title="bbox 2053 897 3742 979; baseline -0.002 -21"><span class='ocrx_word' id='word_1_139' title='bbox 2053 901 2281 979; x_wconf 77' lang='grc' dir='ltr'>σιδηρᾶς</span> <span class='ocrx_word' id='word_1_140' title='bbox 2326 903 2605 975; x_wconf 83' lang='grc' dir='ltr'>ἀτόμους·</span> <span class='ocrx_word' id='word_1_141' title='bbox 2655 899 2802 956; x_wconf 77' lang='grc' dir='ltr'>ἀλλὰ</span> <span class='ocrx_word' id='word_1_142' title='bbox 2859 902 2921 954; x_wconf 87' lang='grc' dir='ltr'>τὸ</span> <span class='ocrx_word' id='word_1_143' title='bbox 2971 904 3074 955; x_wconf 83' lang='grc' dir='ltr'>πᾶν</span> <span class='ocrx_word' id='word_1_144' title='bbox 3125 897 3350 972; x_wconf 83' lang='grc' dir='ltr'>ψαμμία</span> <span class='ocrx_word' id='word_1_145' title='bbox 3403 897 3537 953; x_wconf 74' lang='grc' dir='ltr'>εἰσὶν</span> <span class='ocrx_word' id='word_1_146' title='bbox 3590 898 3742 955; x_wconf 81' lang='grc' dir='ltr'>ἀπό-</span> 
     </span>
    </p>
   </div>
   <div class='ocr_carea' id='block_1_23' title="bbox 2055 985 3737 1066">
    <p class='ocr_par' dir='ltr' id='par_1_23' title="bbox 2055 985 3737 1066">
     <span class='ocr_line' id='line_1_23' title="bbox 2055 985 3737 1066; baseline -0.003 -19"><span class='ocrx_word' id='word_1_147' title='bbox 2055 989 2253 1064; x_wconf 78' lang='grc' dir='ltr'>ϐλητα.</span> <span class='ocrx_word' id='word_1_148' title='bbox 2284 992 2345 1047; x_wconf 89' lang='grc' dir='ltr'>Τί</span> <span class='ocrx_word' id='word_1_149' title='bbox 2375 991 2432 1047; x_wconf 76' lang='grc' dir='ltr'>δὶ</span> <span class='ocrx_word' id='word_1_150' title='bbox 2473 989 2620 1046; x_wconf 74' lang='grc' dir='ltr'>ἀλλὰ</span> <span class='ocrx_word' id='word_1_151' title='bbox 2647 989 2919 1050; x_wconf 79' lang='grc' dir='ltr'>τοιούτοις</span> <span class='ocrx_word' id='word_1_152' title='bbox 2953 989 3048 1062; x_wconf 79' lang='grc' dir='ltr'>μὶν</span> <span class='ocrx_word' id='word_1_153' title='bbox 3094 985 3354 1066; x_wconf 73' lang='grc' dir='ltr'>ἀδελφοῖς</span> <span class='ocrx_word' id='word_1_154' title='bbox 3405 987 3466 1041; x_wconf 85' lang='grc' dir='ltr'>ού</span> <span class='ocrx_word' id='word_1_155' title='bbox 3511 993 3737 1058; x_wconf 82' lang='grc' dir='ltr'>πονεῖς,</span> 
     </span>
    </p>
   </div>
   <div class='ocr_carea' id='block_1_24' title="bbox 2061 1074 3741 1155">
    <p class='ocr_par' dir='ltr' id='par_1_24' title="bbox 2061 1074 3741 1155">
     <span class='ocr_line' id='line_1_24' title="bbox 2061 1074 3741 1155; baseline -0.002 -19"><span class='ocrx_word' id='word_1_156' title='bbox 2061 1079 2359 1155; x_wconf 80' lang='grc' dir='ltr'>μεταδίδως</span> <span class='ocrx_word' id='word_1_157' title='bbox 2392 1079 2449 1135; x_wconf 73' lang='grc' dir='ltr'>δὲ</span> <span class='ocrx_word' id='word_1_158' title='bbox 2479 1085 2588 1135; x_wconf 83' lang='grc' dir='ltr'>τῶν</span> <span class='ocrx_word' id='word_1_159' title='bbox 2621 1083 2730 1133; x_wconf 83' lang='grc' dir='ltr'>σῶν</span> <span class='ocrx_word' id='word_1_160' title='bbox 2773 1077 3109 1151; x_wconf 83' lang='grc' dir='ltr'>πονημάτων</span> <span class='ocrx_word' id='word_1_161' title='bbox 3161 1082 3282 1140; x_wconf 78' lang='grc' dir='ltr'>τοῖς</span> <span class='ocrx_word' id='word_1_162' title='bbox 3335 1074 3535 1132; x_wconf 78' lang='grc' dir='ltr'>ἐνδεέσι</span> <span class='ocrx_word' id='word_1_163' title='bbox 3565 1096 3580 1146; x_wconf 91' lang='grc'><strong>;</strong></span> <span class='ocrx_word' id='word_1_164' title='bbox 3618 1079 3741 1135; x_wconf 83' lang='grc' dir='ltr'>Καὶ</span> 
     </span>
    </p>
   </div>
   <div class='ocr_carea' id='block_1_25' title="bbox 2056 1164 3737 1245">
    <p class='ocr_par' dir='ltr' id='par_1_25' title="bbox 2056 1164 3737 1245">
     <span class='ocr_line' id='line_1_25' title="bbox 2056 1164 3737 1245; baseline -0.004 -19"><span class='ocrx_word' id='word_1_165' title='bbox 2056 1171 2236 1232; x_wconf 90' lang='grc' dir='ltr'>ποίοις</span> <span class='ocrx_word' id='word_1_166' title='bbox 2293 1169 2520 1231; x_wconf 81' lang='grc' dir='ltr'>ἐκείνοις</span> <span class='ocrx_word' id='word_1_167' title='bbox 2569 1167 3039 1245; x_wconf 72' lang='grc' dir='ltr'>ἀπραγματεύτως</span> <span class='ocrx_word' id='word_1_168' title='bbox 3085 1164 3418 1240; x_wconf 76' lang='grc' dir='ltr'>ἐνδαψιλεύῃ</span> <span class='ocrx_word' id='word_1_169' title='bbox 3470 1165 3737 1237; x_wconf 82' lang='grc' dir='ltr'>πένησιν,</span> 
     </span>
    </p>
   </div>
   <div class='ocr_carea' id='block_1_26' title="bbox 2061 1252 3748 1335">
    <p class='ocr_par' dir='ltr' id='par_1_26' title="bbox 2061 1252 3748 1335">
     <span class='ocr_line' id='line_1_26' title="bbox 2061 1252 3748 1335; baseline -0.004 -19"><span class='ocrx_word' id='word_1_170' title='bbox 2061 1262 2089 1316; x_wconf 82' lang='grc' dir='ltr'>ὁ</span> <span class='ocrx_word' id='word_1_171' title='bbox 2147 1262 2222 1333; x_wconf 83' lang='grc' dir='ltr'>μή</span> <span class='ocrx_word' id='word_1_172' title='bbox 2287 1258 2368 1314; x_wconf 80' lang='grc' dir='ltr'>ὅτι</span> <span class='ocrx_word' id='word_1_173' title='bbox 2427 1279 2489 1335; x_wconf 85' lang='grc' dir='ltr'>γε</span> <span class='ocrx_word' id='word_1_174' title='bbox 2549 1261 2814 1331; x_wconf 77' lang='grc' dir='ltr'>μεταιτῶν</span> <span class='ocrx_word' id='word_1_175' title='bbox 2872 1256 2940 1311; x_wconf 81' lang='grc' dir='ltr'>τὰ</span> <span class='ocrx_word' id='word_1_176' title='bbox 2991 1255 3071 1320; x_wconf 82' lang='grc' dir='ltr'>είς</span> <span class='ocrx_word' id='word_1_177' title='bbox 3113 1253 3483 1328; x_wconf 85' lang='grc' dir='ltr'>πλουτισμὸν,</span> <span class='ocrx_word' id='word_1_178' title='bbox 3517 1253 3645 1310; x_wconf 82' lang='grc' dir='ltr'>ἀλλ’</span> <span class='ocrx_word' id='word_1_179' title='bbox 3679 1252 3748 1310; x_wconf 69' lang='grc' dir='ltr'>εἴ</span> 
     </span>
    </p>
   </div>
   <div class='ocr_carea' id='block_1_27' title="bbox 2061 1344 3728 1422">
    <p class='ocr_par' dir='ltr' id='par_1_27' title="bbox 2061 1344 3728 1422">
     <span class='ocr_line' id='line_1_27' title="bbox 2061 1344 3728 1422; baseline -0.003 -19"><span class='ocrx_word' id='word_1_180' title='bbox 2061 1369 2167 1403; x_wconf 90' lang='grc' dir='ltr'>που</span> <span class='ocrx_word' id='word_1_181' title='bbox 2219 1345 2468 1416; x_wconf 81' lang='grc' dir='ltr'>δυνατὸν,</span> <span class='ocrx_word' id='word_1_182' title='bbox 2528 1347 2617 1401; x_wconf 82' lang='grc' dir='ltr'>καὶ</span> <span class='ocrx_word' id='word_1_183' title='bbox 2695 1347 3023 1421; x_wconf 75' lang='grc' dir='ltr'>ἀφαρπάζων</span> <span class='ocrx_word' id='word_1_184' title='bbox 3095 1344 3366 1422; x_wconf 84' lang='grc' dir='ltr'>προφάσει</span> <span class='ocrx_word' id='word_1_185' title='bbox 3441 1349 3549 1398; x_wconf 80' lang='grc' dir='ltr'>τῶν</span> <span class='ocrx_word' id='word_1_186' title='bbox 3619 1350 3728 1413; x_wconf 81' lang='grc' dir='ltr'>τῆς</span> 
     </span>
    </p>
   </div>
   <div class='ocr_carea' id='block_1_28' title="bbox 2067 1430 3736 1513">
    <p class='ocr_par' dir='ltr' id='par_1_28' title="bbox 2067 1430 3736 1513">
     <span class='ocr_line' id='line_1_28' title="bbox 2067 1430 3736 1513; baseline -0.004 -21"><span class='ocrx_word' id='word_1_187' title='bbox 2067 1445 2278 1513; x_wconf 77' lang='grc' dir='ltr'>μονῆς;</span> <span class='ocrx_word' id='word_1_188' title='bbox 2311 1436 2402 1491; x_wconf 81' lang='grc' dir='ltr'>καὶ</span> <span class='ocrx_word' id='word_1_189' title='bbox 2451 1436 2532 1490; x_wconf 83' lang='grc' dir='ltr'>ἀεὶ</span> <span class='ocrx_word' id='word_1_190' title='bbox 2580 1440 2678 1490; x_wconf 79' lang='grc' dir='ltr'>τοῦ</span> <span class='ocrx_word' id='word_1_191' title='bbox 2731 1435 2976 1510; x_wconf 81' lang='grc' dir='ltr'>συνάγειν</span> <span class='ocrx_word' id='word_1_192' title='bbox 3028 1430 3128 1506; x_wconf 79' lang='grc' dir='ltr'>ὢν,</span> <span class='ocrx_word' id='word_1_193' title='bbox 3159 1434 3342 1488; x_wconf 81' lang='grc' dir='ltr'>ούκέτι</span> <span class='ocrx_word' id='word_1_194' title='bbox 3377 1430 3437 1487; x_wconf 72' lang='grc' dir='ltr'>δὲ</span> <span class='ocrx_word' id='word_1_195' title='bbox 3484 1434 3576 1489; x_wconf 77' lang='grc' dir='ltr'>καὶ</span> <span class='ocrx_word' id='word_1_196' title='bbox 3630 1438 3736 1488; x_wconf 66' lang='grc' dir='ltr'>τοῦ</span> 
     </span>
    </p>
   </div>
   <div class='ocr_carea' id='block_1_29' title="bbox 2065 1520 3744 1602">
    <p class='ocr_par' dir='ltr' id='par_1_29' title="bbox 2065 1520 3744 1602">
     <span class='ocr_line' id='line_1_29' title="bbox 2065 1520 3744 1602; baseline -0.004 -20"><span class='ocrx_word' id='word_1_197' title='bbox 2065 1527 2396 1602; x_wconf 86' lang='grc' dir='ltr'>σκορπίζειν,</span> <span class='ocrx_word' id='word_1_198' title='bbox 2431 1525 2504 1586; x_wconf 85' lang='grc' dir='ltr'>ὡς</span> <span class='ocrx_word' id='word_1_199' title='bbox 2562 1523 2836 1579; x_wconf 72' lang='grc' dir='ltr'>ἐπιτάσσει</span> <span class='ocrx_word' id='word_1_200' title='bbox 2895 1524 2925 1578; x_wconf 85' lang='grc' dir='ltr'><strong>ὁ</strong></span> <span class='ocrx_word' id='word_1_201' title='bbox 2978 1523 3107 1584; x_wconf 86' lang='grc' dir='ltr'>Θεὸς</span> <span class='ocrx_word' id='word_1_202' title='bbox 3163 1527 3281 1584; x_wconf 88' lang='grc' dir='ltr'>τοῖς</span> <span class='ocrx_word' id='word_1_203' title='bbox 3344 1520 3744 1598; x_wconf 80' lang='grc' dir='ltr'>μεγαλοπολί-</span> 
     </span>
    </p>
   </div>
   <div class='ocr_carea' id='block_1_30' title="bbox 2063 1607 3750 1688">
    <p class='ocr_par' dir='ltr' id='par_1_30' title="bbox 2063 1607 3750 1688">
     <span class='ocr_line' id='line_1_30' title="bbox 2063 1607 3750 1688; baseline -0.002 -18"><span class='ocrx_word' id='word_1_204' title='bbox 2063 1637 2178 1677; x_wconf 85' lang='grc' dir='ltr'>ταις</span> <span class='ocrx_word' id='word_1_205' title='bbox 2213 1615 2422 1688; x_wconf 90' lang='grc' dir='ltr'>μόνοις,</span> <span class='ocrx_word' id='word_1_206' title='bbox 2467 1615 2540 1675; x_wconf 86' lang='grc' dir='ltr'>ὡς</span> <span class='ocrx_word' id='word_1_207' title='bbox 2570 1607 2736 1685; x_wconf 82' lang='grc' dir='ltr'>ἔοικε,</span> <span class='ocrx_word' id='word_1_208' title='bbox 2763 1612 2854 1666; x_wconf 85' lang='grc' dir='ltr'>καὶ</span> <span class='ocrx_word' id='word_1_209' title='bbox 2877 1616 3016 1679; x_wconf 89' lang='grc' dir='ltr'>τοῖς,</span> <span class='ocrx_word' id='word_1_210' title='bbox 3051 1613 3172 1666; x_wconf 75' lang='grc' dir='ltr'>ὅσοι</span> <span class='ocrx_word' id='word_1_211' title='bbox 3203 1610 3406 1675; x_wconf 82' lang='grc' dir='ltr'>ἄλλοθί</span> <span class='ocrx_word' id='word_1_212' title='bbox 3456 1631 3566 1666; x_wconf 88' lang='grc' dir='ltr'>που</span> <span class='ocrx_word' id='word_1_213' title='bbox 3621 1612 3750 1667; x_wconf 77' lang='grc' dir='ltr'>κατ’</span> 
     </span>
    </p>
   </div>
   <div class='ocr_carea' id='block_1_31' title="bbox 2067 1698 3522 1778">
    <p class='ocr_par' dir='ltr' id='par_1_31' title="bbox 2067 1698 3522 1778">
     <span class='ocr_line' id='line_1_31' title="bbox 2067 1698 3522 1778; baseline -0.002 -18"><span class='ocrx_word' id='word_1_214' title='bbox 2067 1703 2282 1766; x_wconf 81' lang='grc' dir='ltr'>αύτούς.</span> <span class='ocrx_word' id='word_1_215' title='bbox 2315 1705 2498 1776; x_wconf 80' lang='grc' dir='ltr'>Ὑμεῖς</span> <span class='ocrx_word' id='word_1_216' title='bbox 2531 1702 2634 1778; x_wconf 81' lang='grc' dir='ltr'>γὰρ</span> <span class='ocrx_word' id='word_1_217' title='bbox 2667 1701 2816 1774; x_wconf 80' lang='grc' dir='ltr'>αύτῷ</span> <span class='ocrx_word' id='word_1_218' title='bbox 2848 1698 3203 1756; x_wconf 83' lang='grc' dir='ltr'>διαλαλοῦντι</span> <span class='ocrx_word' id='word_1_219' title='bbox 3225 1701 3522 1776; x_wconf 83' lang='grc' dir='ltr'>κωφεύετε.</span> 
     </span>
    </p>
   </div>
   <div class='ocr_carea' id='block_1_32' title="bbox 2141 1787 3750 1871">
    <p class='ocr_par' dir='ltr' id='par_1_32' title="bbox 2141 1787 3750 1871">
     <span class='ocr_line' id='line_1_32' title="bbox 2141 1787 3750 1871; baseline -0.002 -23"><span class='ocrx_word' id='word_1_220' title='bbox 2141 1795 2272 1871; x_wconf 86' lang='grc' dir='ltr'>ρνβ’.</span> <span class='ocrx_word' id='word_1_221' title='bbox 2305 1794 2453 1854; x_wconf 84' lang='grc' dir='ltr'>Τέως</span> <span class='ocrx_word' id='word_1_222' title='bbox 2485 1814 2548 1868; x_wconf 90' lang='grc' dir='ltr'>γε</span> <span class='ocrx_word' id='word_1_223' title='bbox 2593 1793 2725 1866; x_wconf 76' lang='grc' dir='ltr'>μὴν,</span> <span class='ocrx_word' id='word_1_224' title='bbox 2758 1789 2804 1845; x_wconf 81' lang='grc' dir='ltr'><em>ὦ</em></span> <span class='ocrx_word' id='word_1_225' title='bbox 2851 1792 3259 1866; x_wconf 79' lang='grc' dir='ltr'>προκαθήμενε,</span> <span class='ocrx_word' id='word_1_226' title='bbox 3293 1790 3340 1845; x_wconf 72' lang='grc' dir='ltr'>εἰ</span> <span class='ocrx_word' id='word_1_227' title='bbox 3377 1791 3469 1845; x_wconf 83' lang='grc' dir='ltr'>καὶ</span> <span class='ocrx_word' id='word_1_228' title='bbox 3522 1787 3750 1861; x_wconf 84' lang='grc' dir='ltr'>δοτέον,</span> 
     </span>
    </p>
   </div>
   <div class='ocr_carea' id='block_1_33' title="bbox 302 1876 1958 1992">
    <p class='ocr_par' dir='ltr' id='par_1_33' title="bbox 302 1883 1958 1956">
     <span class='ocr_line' id='line_1_33' title="bbox 302 1883 1958 1956; baseline -0.002 -13"><span class='ocrx_word' id='word_1_229' title='bbox 302 1885 622 1943; x_wconf 87' lang='lat' dir='ltr'>monachos</span> <span class='ocrx_word' id='word_1_230' title='bbox 655 1885 812 1941; x_wconf 91' lang='lat' dir='ltr'>circa</span> <span class='ocrx_word' id='word_1_231' title='bbox 841 1883 1098 1956; x_wconf 90' lang='lat' dir='ltr'>plurima</span> <span class='ocrx_word' id='word_1_232' title='bbox 1149 1885 1373 1940; x_wconf 90' lang='lat' dir='ltr'>turbari</span> <span class='ocrx_word' id='word_1_233' title='bbox 1425 1901 1619 1956; x_wconf 91' lang='lat' dir='ltr'>posse,</span> <span class='ocrx_word' id='word_1_234' title='bbox 1663 1890 1719 1940; x_wconf 91' lang='lat' dir='ltr'>et</span> <span class='ocrx_word' id='word_1_235' title='bbox 1749 1884 1958 1940; x_wconf 89' lang='lat' dir='ltr'>debere</span> 
     </span>
    </p>
   </div>
   <div class='ocr_carea' id='block_1_34' title="bbox 2073 1876 3748 1992">
    <p class='ocr_par' dir='ltr' id='par_1_34' title="bbox 2073 1876 3748 1992">
     <span class='ocr_line' id='line_1_34' title="bbox 2073 1876 3748 1959; baseline -0.001 -24"><span class='ocrx_word' id='word_1_236' title='bbox 2073 1891 2270 1959; x_wconf 80' lang='grc' dir='ltr'>χρῆναι</span> <span class='ocrx_word' id='word_1_237' title='bbox 2330 1876 2613 1956; x_wconf 81' lang='grc' dir='ltr'>τυρϐάζειν</span> <span class='ocrx_word' id='word_1_238' title='bbox 2672 1879 2799 1942; x_wconf 77' lang='grc' dir='ltr'>τοὺς</span> <span class='ocrx_word' id='word_1_239' title='bbox 2863 1878 3140 1956; x_wconf 75' lang='grc' dir='ltr'>μοναχοὺς</span> <span class='ocrx_word' id='word_1_240' title='bbox 3199 1877 3289 1934; x_wconf 79' lang='grc' dir='ltr'>ἐπὶ</span> <span class='ocrx_word' id='word_1_241' title='bbox 3346 1877 3611 1949; x_wconf 82' lang='grc' dir='ltr'>πολλοῖς,</span> <span class='ocrx_word' id='word_1_242' title='bbox 3644 1880 3748 1934; x_wconf 78' lang='grc' dir='ltr'>καὶ</span> 
     </span>
     <span class='ocr_line' id='line_1_35' title="bbox 2275 1965 3743 1992; baseline 0 0"><span class='ocrx_word' id='word_1_243' title='bbox 2275 1975 2302 1988; x_wconf 59' lang='grc' dir='ltr'><strong>ω</strong></span> <span class='ocrx_word' id='word_1_244' title='bbox 2413 1971 2427 1992; x_wconf 70' lang='grc'><strong>9</strong></span> <span class='ocrx_word' id='word_1_245' title='bbox 2544 1991 2550 1992; x_wconf 59' lang='lat'><strong><em>,</em></strong></span> <span class='ocrx_word' id='word_1_246' title='bbox 2585 1971 2854 1992; x_wconf 53' lang='lat' dir='ltr'>,l,,,n,,__</span> <span class='ocrx_word' id='word_1_247' title='bbox 2910 1969 2958 1992; x_wconf 25' lang='lat' dir='ltr'>ml</span> <span class='ocrx_word' id='word_1_248' title='bbox 3023 1965 3084 1992; x_wconf 50' lang='lat' dir='ltr'>§_l</span> <span class='ocrx_word' id='word_1_249' title='bbox 3151 1988 3277 1992; x_wconf 83' lang='lat'><em>_____</em></span> <span class='ocrx_word' id='word_1_250' title='bbox 3353 1968 3404 1992; x_wconf 50' lang='lat' dir='ltr'>_X</span> <span class='ocrx_word' id='word_1_251' title='bbox 3475 1967 3743 1992; x_wconf 62' lang='lat' dir='ltr'>_)__l__-_-</span> 
     </span>
    </p>
   </div>
   <div class='ocr_carea' id='block_1_35' title="bbox 301 1974 1953 2044">
    <p class='ocr_par' dir='ltr' id='par_1_35' title="bbox 301 1974 1953 2044">
     <span class='ocr_line' id='line_1_36' title="bbox 301 1974 1953 2044; baseline -0.002 -12"><span class='ocrx_word' id='word_1_252' title='bbox 301 1979 362 2033; x_wconf 92' lang='lat' dir='ltr'>in</span> <span class='ocrx_word' id='word_1_253' title='bbox 395 1975 616 2032; x_wconf 91' lang='lat' dir='ltr'>mundo</span> <span class='ocrx_word' id='word_1_254' title='bbox 647 1974 976 2030; x_wconf 91' lang='lat' dir='ltr'>conversari</span> <span class='ocrx_word' id='word_1_255' title='bbox 1005 1997 1019 2039; x_wconf 84' lang='lat'><strong>;</strong></span> <span class='ocrx_word' id='word_1_256' title='bbox 1052 1989 1230 2044; x_wconf 91' lang='lat' dir='ltr'>quam</span> <span class='ocrx_word' id='word_1_257' title='bbox 1279 1974 1354 2028; x_wconf 92' lang='lat' dir='ltr'>ob</span> <span class='ocrx_word' id='word_1_258' title='bbox 1401 1991 1638 2029; x_wconf 89' lang='lat' dir='ltr'>causam</span> <span class='ocrx_word' id='word_1_259' title='bbox 1669 1978 1730 2028; x_wconf 89' lang='lat' dir='ltr'>tu</span> <span class='ocrx_word' id='word_1_260' title='bbox 1776 1991 1953 2028; x_wconf 90' lang='lat' dir='ltr'>manu</span> 
     </span>
    </p>
   </div>
   <div class='ocr_carea' id='block_1_36' title="bbox 306 2061 1958 2139">
    <p class='ocr_par' dir='ltr' id='par_1_36' title="bbox 306 2061 1958 2139">
     <span class='ocr_line' id='line_1_37' title="bbox 306 2061 1958 2139; baseline -0.002 -18"><span class='ocrx_word' id='word_1_261' title='bbox 306 2065 548 2139; x_wconf 85' lang='lat' dir='ltr'>propria</span> <span class='ocrx_word' id='word_1_262' title='bbox 577 2063 760 2120; x_wconf 89' lang='lat' dir='ltr'>istum</span> <span class='ocrx_word' id='word_1_263' title='bbox 791 2061 1050 2118; x_wconf 90' lang='lat' dir='ltr'>laborem</span> <span class='ocrx_word' id='word_1_264' title='bbox 1102 2062 1379 2134; x_wconf 88' lang='lat' dir='ltr'>suscipis,</span> <span class='ocrx_word' id='word_1_265' title='bbox 1411 2078 1546 2118; x_wconf 90' lang='lat' dir='ltr'>cum</span> <span class='ocrx_word' id='word_1_266' title='bbox 1598 2063 1743 2118; x_wconf 90' lang='lat' dir='ltr'>alios</span> <span class='ocrx_word' id='word_1_267' title='bbox 1775 2062 1958 2118; x_wconf 88' lang='lat' dir='ltr'>habes</span> 
     </span>
    </p>
   </div>
   <div class='ocr_carea' id='block_1_37' title="bbox 307 2149 1956 2226">
    <p class='ocr_par' dir='ltr' id='par_1_37' title="bbox 307 2149 1956 2226">
     <span class='ocr_line' id='line_1_38' title="bbox 307 2149 1956 2226; baseline -0.003 -17"><span class='ocrx_word' id='word_1_268' title='bbox 307 2151 652 2226; x_wconf 84' lang='lat' dir='ltr'>operarios?</span> <span class='ocrx_word' id='word_1_269' title='bbox 681 2155 795 2206; x_wconf 88' lang='lat' dir='ltr'>Cur</span> <span class='ocrx_word' id='word_1_270' title='bbox 822 2150 951 2223; x_wconf 89' lang='lat' dir='ltr'>ipse</span> <span class='ocrx_word' id='word_1_271' title='bbox 980 2166 1096 2205; x_wconf 92' lang='lat' dir='ltr'>non</span> <span class='ocrx_word' id='word_1_272' title='bbox 1147 2149 1338 2206; x_wconf 88' lang='lat' dir='ltr'>instas</span> <span class='ocrx_word' id='word_1_273' title='bbox 1368 2151 1440 2206; x_wconf 90' lang='lat' dir='ltr'>iis</span> <span class='ocrx_word' id='word_1_274' title='bbox 1473 2152 1669 2218; x_wconf 90' lang='lat' dir='ltr'>rebus,</span> <span class='ocrx_word' id='word_1_275' title='bbox 1702 2167 1956 2222; x_wconf 83' lang='lat' dir='ltr'>quarum</span> 
     </span>
    </p>
   </div>
   <div class='ocr_carea' id='block_1_38' title="bbox 305 2238 1959 2310">
    <p class='ocr_par' dir='ltr' id='par_1_38' title="bbox 305 2238 1959 2310">
     <span class='ocr_line' id='line_1_39' title="bbox 305 2238 1959 2310; baseline -0.004 -11"><span class='ocrx_word' id='word_1_276' title='bbox 305 2242 640 2299; x_wconf 83' lang='lat' dir='ltr'>sollicitudo</span> <span class='ocrx_word' id='word_1_277' title='bbox 667 2258 700 2296; x_wconf 89' lang='lat' dir='ltr'>a</span> <span class='ocrx_word' id='word_1_278' title='bbox 729 2240 847 2296; x_wconf 91' lang='lat' dir='ltr'>Deo</span> <span class='ocrx_word' id='word_1_279' title='bbox 878 2239 999 2294; x_wconf 89' lang='lat' dir='ltr'>tuis</span> <span class='ocrx_word' id='word_1_280' title='bbox 1028 2238 1250 2294; x_wconf 88' lang='lat' dir='ltr'>credita</span> <span class='ocrx_word' id='word_1_281' title='bbox 1280 2244 1390 2306; x_wconf 91' lang='lat' dir='ltr'>est,</span> <span class='ocrx_word' id='word_1_282' title='bbox 1422 2244 1478 2294; x_wconf 87' lang='lat' dir='ltr'>et</span> <span class='ocrx_word' id='word_1_283' title='bbox 1509 2239 1804 2310; x_wconf 85' lang='lat' dir='ltr'>apostolos</span> <span class='ocrx_word' id='word_1_284' title='bbox 1835 2238 1959 2294; x_wconf 91' lang='lat' dir='ltr'>vul-</span> 
     </span>
    </p>
   </div>
   <div class='ocr_carea' id='block_1_39' title="bbox 305 2327 1956 2402">
    <p class='ocr_par' dir='ltr' id='par_1_39' title="bbox 305 2327 1956 2402">
     <span class='ocr_line' id='line_1_40' title="bbox 305 2327 1956 2402; baseline -0.002 -16"><span class='ocrx_word' id='word_1_285' title='bbox 305 2347 379 2402; x_wconf 82' lang='lat' dir='ltr'>go</span> <span class='ocrx_word' id='word_1_286' title='bbox 412 2330 858 2385; x_wconf 87' lang='lat' dir='ltr'>ministraturos</span> <span class='ocrx_word' id='word_1_287' title='bbox 891 2344 1004 2382; x_wconf 91' lang='lat' dir='ltr'>non</span> <span class='ocrx_word' id='word_1_288' title='bbox 1039 2327 1271 2383; x_wconf 80' lang='lat' dir='ltr'>mittis?</span> <span class='ocrx_word' id='word_1_289' title='bbox 1302 2328 1412 2382; x_wconf 92' lang='lat' dir='ltr'>Sed</span> <span class='ocrx_word' id='word_1_290' title='bbox 1461 2328 1797 2400; x_wconf 86' lang='lat' dir='ltr'>frequenter</span> <span class='ocrx_word' id='word_1_291' title='bbox 1820 2344 1956 2384; x_wconf 93' lang='lat' dir='ltr'>cum</span> 
     </span>
    </p>
   </div>
   <div class='ocr_carea' id='block_1_40' title="bbox 302 2415 1959 2490">
    <p class='ocr_par' dir='ltr' id='par_1_40' title="bbox 302 2415 1959 2490">
     <span class='ocr_line' id='line_1_41' title="bbox 302 2415 1959 2490; baseline -0.002 -16"><span class='ocrx_word' id='word_1_292' title='bbox 302 2419 389 2474; x_wconf 89' lang='lat' dir='ltr'>eis</span> <span class='ocrx_word' id='word_1_293' title='bbox 419 2417 739 2490; x_wconf 82' lang='lat' dir='ltr'>egrederis,</span> <span class='ocrx_word' id='word_1_294' title='bbox 771 2421 835 2472; x_wconf 91' lang='lat' dir='ltr'>ut</span> <span class='ocrx_word' id='word_1_295' title='bbox 867 2415 1172 2484; x_wconf 90' lang='lat' dir='ltr'>centurio;</span> <span class='ocrx_word' id='word_1_296' title='bbox 1224 2421 1281 2470; x_wconf 88' lang='lat' dir='ltr'>et</span> <span class='ocrx_word' id='word_1_297' title='bbox 1320 2416 1627 2471; x_wconf 89' lang='lat' dir='ltr'>monachis</span> <span class='ocrx_word' id='word_1_298' title='bbox 1655 2415 1959 2472; x_wconf 91' lang='lat' dir='ltr'>nonnullis</span> 
     </span>
    </p>
   </div>
   <div class='ocr_carea' id='block_1_41' title="bbox 303 2503 1960 2577">
    <p class='ocr_par' dir='ltr' id='par_1_41' title="bbox 303 2503 1960 2577">
     <span class='ocr_line' id='line_1_42' title="bbox 303 2503 1960 2577; baseline -0.001 -15"><span class='ocrx_word' id='word_1_299' title='bbox 303 2506 377 2562; x_wconf 83' lang='lat' dir='ltr'>ad</span> <span class='ocrx_word' id='word_1_300' title='bbox 407 2506 777 2577; x_wconf 84' lang='lat' dir='ltr'>sequendum</span> <span class='ocrx_word' id='word_1_301' title='bbox 808 2504 868 2558; x_wconf 90' lang='lat' dir='ltr'>in</span> <span class='ocrx_word' id='word_1_302' title='bbox 897 2504 1022 2558; x_wconf 87' lang='lat' dir='ltr'>acie</span> <span class='ocrx_word' id='word_1_303' title='bbox 1051 2509 1314 2558; x_wconf 82' lang='lat' dir='ltr'>extrema</span> <span class='ocrx_word' id='word_1_304' title='bbox 1353 2503 1659 2571; x_wconf 87' lang='lat' dir='ltr'>ordinatis,</span> <span class='ocrx_word' id='word_1_305' title='bbox 1692 2504 1823 2560; x_wconf 86' lang='lat' dir='ltr'>aliis</span> <span class='ocrx_word' id='word_1_306' title='bbox 1855 2522 1960 2560; x_wconf 87' lang='lat' dir='ltr'>au-</span> 
     </span>
    </p>
   </div>
   <div class='ocr_carea' id='block_1_42' title="bbox 299 2591 1958 2665">
    <p class='ocr_par' dir='ltr' id='par_1_42' title="bbox 299 2591 1958 2665">
     <span class='ocr_line' id='line_1_43' title="bbox 299 2591 1958 2665; baseline -0.001 -16"><span class='ocrx_word' id='word_1_307' title='bbox 299 2599 420 2651; x_wconf 90' lang='lat' dir='ltr'>tem</span> <span class='ocrx_word' id='word_1_308' title='bbox 446 2595 519 2650; x_wconf 89' lang='lat' dir='ltr'>ad</span> <span class='ocrx_word' id='word_1_309' title='bbox 552 2598 730 2665; x_wconf 90' lang='lat' dir='ltr'>caput</span> <span class='ocrx_word' id='word_1_310' title='bbox 778 2591 1138 2665; x_wconf 83' lang='lat' dir='ltr'>praepositis,</span> <span class='ocrx_word' id='word_1_311' title='bbox 1166 2592 1293 2663; x_wconf 90' lang='lat' dir='ltr'>ipse</span> <span class='ocrx_word' id='word_1_312' title='bbox 1328 2591 1561 2647; x_wconf 89' lang='lat' dir='ltr'>medius</span> <span class='ocrx_word' id='word_1_313' title='bbox 1591 2592 1717 2663; x_wconf 78' lang='lat' dir='ltr'>agis</span> <span class='ocrx_word' id='word_1_314' title='bbox 1743 2593 1958 2648; x_wconf 87' lang='lat' dir='ltr'>trium-</span> 
     </span>
    </p>
   </div>
   <div class='ocr_carea' id='block_1_43' title="bbox 304 2680 1961 2755">
    <p class='ocr_par' dir='ltr' id='par_1_43' title="bbox 304 2680 1961 2755">
     <span class='ocr_line' id='line_1_44' title="bbox 304 2680 1961 2755; baseline -0.001 -17"><span class='ocrx_word' id='word_1_315' title='bbox 304 2683 490 2755; x_wconf 91' lang='lat' dir='ltr'>phum</span> <span class='ocrx_word' id='word_1_316' title='bbox 521 2685 544 2738; x_wconf 79' lang='lat'><strong><em>?</em></strong></span> <span class='ocrx_word' id='word_1_317' title='bbox 571 2687 628 2737; x_wconf 90' lang='lat' dir='ltr'>et</span> <span class='ocrx_word' id='word_1_318' title='bbox 654 2681 779 2737; x_wconf 92' lang='lat' dir='ltr'>vias</span> <span class='ocrx_word' id='word_1_319' title='bbox 812 2681 1153 2753; x_wconf 67' lang='lat' dir='ltr'>praeteriens</span> <span class='ocrx_word' id='word_1_320' title='bbox 1179 2682 1396 2750; x_wconf 85' lang='lat' dir='ltr'>januas</span> <span class='ocrx_word' id='word_1_321' title='bbox 1428 2681 1693 2753; x_wconf 82' lang='lat' dir='ltr'>eﬂ‘ringis</span> <span class='ocrx_word' id='word_1_322' title='bbox 1714 2680 1741 2735; x_wconf 82' lang='lat'><strong>?</strong></span> <span class='ocrx_word' id='word_1_323' title='bbox 1771 2681 1828 2736; x_wconf 92' lang='lat' dir='ltr'>Si</span> <span class='ocrx_word' id='word_1_324' title='bbox 1864 2698 1961 2753; x_wconf 93' lang='lat' dir='ltr'>po-</span> 
     </span>
    </p>
   </div>
   <div class='ocr_carea' id='block_1_44' title="bbox 304 2767 1958 2841">
    <p class='ocr_par' dir='ltr' id='par_1_44' title="bbox 304 2767 1958 2841">
     <span class='ocr_line' id='line_1_45' title="bbox 304 2767 1958 2841; baseline -0.003 -13"><span class='ocrx_word' id='word_1_325' title='bbox 304 2772 579 2841; x_wconf 85' lang='lat' dir='ltr'>tentium,</span> <span class='ocrx_word' id='word_1_326' title='bbox 613 2771 760 2826; x_wconf 80' lang='lat' dir='ltr'>forte</span> <span class='ocrx_word' id='word_1_327' title='bbox 817 2767 1142 2841; x_wconf 84' lang='lat' dir='ltr'>gloriosum</span> <span class='ocrx_word' id='word_1_328' title='bbox 1209 2773 1382 2836; x_wconf 89' lang='lat' dir='ltr'>esset,</span> <span class='ocrx_word' id='word_1_329' title='bbox 1425 2770 1527 2825; x_wconf 90' lang='lat' dir='ltr'>ed</span> <span class='ocrx_word' id='word_1_330' title='bbox 1596 2770 1958 2841; x_wconf 85' lang='lat' dir='ltr'>privatorum</span> 
     </span>
    </p>
   </div>
   <div class='ocr_carea' id='block_1_45' title="bbox 304 2857 1956 2934">
    <p class='ocr_par' dir='ltr' id='par_1_45' title="bbox 304 2857 1956 2934">
     <span class='ocr_line' id='line_1_46' title="bbox 304 2857 1956 2934; baseline -0.001 -18"><span class='ocrx_word' id='word_1_331' title='bbox 304 2860 746 2934; x_wconf 82' lang='lat' dir='ltr'>plerarumque,</span> <span class='ocrx_word' id='word_1_332' title='bbox 775 2864 834 2914; x_wconf 91' lang='lat' dir='ltr'>et</span> <span class='ocrx_word' id='word_1_333' title='bbox 881 2857 1124 2913; x_wconf 89' lang='lat' dir='ltr'>minime</span> <span class='ocrx_word' id='word_1_334' title='bbox 1169 2873 1496 2929; x_wconf 90' lang='lat' dir='ltr'>procerum.</span> <span class='ocrx_word' id='word_1_335' title='bbox 1531 2859 1789 2922; x_wconf 85' lang='lat' dir='ltr'>Quarum</span> <span class='ocrx_word' id='word_1_336' title='bbox 1822 2875 1956 2915; x_wconf 90' lang='lat' dir='ltr'>cum</span> 
     </span>
    </p>
   </div>
   <div class='ocr_carea' id='block_1_46' title="bbox 302 2947 1957 3020">
    <p class='ocr_par' dir='ltr' id='par_1_46' title="bbox 302 2947 1957 3020">
     <span class='ocr_line' id='line_1_47' title="bbox 302 2947 1957 3020; baseline -0.001 -14"><span class='ocrx_word' id='word_1_337' title='bbox 302 2949 501 3006; x_wconf 82' lang='lat' dir='ltr'>velum</span> <span class='ocrx_word' id='word_1_338' title='bbox 534 2954 836 3005; x_wconf 82' lang='lat' dir='ltr'>externum</span> <span class='ocrx_word' id='word_1_339' title='bbox 889 2948 1197 3002; x_wconf 87' lang='lat' dir='ltr'>reductum</span> <span class='ocrx_word' id='word_1_340' title='bbox 1249 2947 1443 3015; x_wconf 89' lang='lat' dir='ltr'>fuerit,</span> <span class='ocrx_word' id='word_1_341' title='bbox 1477 2947 1666 3002; x_wconf 89' lang='lat' dir='ltr'>multa</span> <span class='ocrx_word' id='word_1_342' title='bbox 1709 2950 1856 3020; x_wconf 81' lang='lat' dir='ltr'>juga</span> <span class='ocrx_word' id='word_1_343' title='bbox 1898 2949 1957 3004; x_wconf 91' lang='lat' dir='ltr'>in</span> 
     </span>
    </p>
   </div>
   <div class='ocr_carea' id='block_1_47' title="bbox 303 3034 1958 3109">
    <p class='ocr_par' dir='ltr' id='par_1_47' title="bbox 303 3034 1958 3109">
     <span class='ocr_line' id='line_1_48' title="bbox 303 3034 1958 3109; baseline -0.002 -15"><span class='ocrx_word' id='word_1_344' title='bbox 303 3037 511 3094; x_wconf 89' lang='lat' dir='ltr'>limine</span> <span class='ocrx_word' id='word_1_345' title='bbox 542 3036 839 3093; x_wconf 85' lang='lat' dir='ltr'>manentia</span> <span class='ocrx_word' id='word_1_346' title='bbox 872 3039 1123 3092; x_wconf 88' lang='lat' dir='ltr'>ascetam</span> <span class='ocrx_word' id='word_1_347' title='bbox 1159 3034 1320 3090; x_wconf 90' lang='lat' dir='ltr'>intus</span> <span class='ocrx_word' id='word_1_348' title='bbox 1337 3051 1466 3091; x_wconf 90' lang='lat' dir='ltr'>esse</span> <span class='ocrx_word' id='word_1_349' title='bbox 1493 3035 1958 3109; x_wconf 90' lang='lat' dir='ltr'>indicant,spiri-</span> 
     </span>
    </p>
   </div>
   <div class='ocr_carea' id='block_1_48' title="bbox 304 3124 1962 3199">
    <p class='ocr_par' dir='ltr' id='par_1_48' title="bbox 304 3124 1962 3199">
     <span class='ocr_line' id='line_1_49' title="bbox 304 3124 1962 3199; baseline -0.001 -16"><span class='ocrx_word' id='word_1_350' title='bbox 304 3125 605 3199; x_wconf 83' lang='lat' dir='ltr'>tualiaque</span> <span class='ocrx_word' id='word_1_351' title='bbox 627 3125 1078 3198; x_wconf 83' lang='lat' dir='ltr'>peragere.Num</span> <span class='ocrx_word' id='word_1_352' title='bbox 1102 3125 1339 3196; x_wconf 82' lang='lat' dir='ltr'>ignoras</span> <span class='ocrx_word' id='word_1_353' title='bbox 1359 3124 1610 3180; x_wconf 79' lang='lat' dir='ltr'>maxime</span> <span class='ocrx_word' id='word_1_354' title='bbox 1629 3125 1851 3180; x_wconf 88' lang='lat' dir='ltr'>invium</span> <span class='ocrx_word' id='word_1_355' title='bbox 1875 3142 1962 3181; x_wconf 86' lang='lat' dir='ltr'>es-</span> 
     </span>
    </p>
   </div>
   <div class='ocr_carea' id='block_1_49' title="bbox 303 3214 1962 3288">
    <p class='ocr_par' dir='ltr' id='par_1_49' title="bbox 303 3214 1962 3288">
     <span class='ocr_line' id='line_1_50' title="bbox 303 3214 1962 3288; baseline -0.002 -16"><span class='ocrx_word' id='word_1_356' title='bbox 303 3233 370 3273; x_wconf 87' lang='lat' dir='ltr'>se</span> <span class='ocrx_word' id='word_1_357' title='bbox 398 3215 721 3288; x_wconf 88' lang='lat' dir='ltr'>quemlibet</span> <span class='ocrx_word' id='word_1_358' title='bbox 749 3218 1093 3282; x_wconf 86' lang='lat' dir='ltr'>ascetam,et</span> <span class='ocrx_word' id='word_1_359' title='bbox 1123 3214 1252 3269; x_wconf 90' lang='lat' dir='ltr'>ideo</span> <span class='ocrx_word' id='word_1_360' title='bbox 1269 3214 1455 3269; x_wconf 72' lang='lat' dir='ltr'>turba:</span> <span class='ocrx_word' id='word_1_361' title='bbox 1477 3214 1831 3285; x_wconf 87' lang='lat' dir='ltr'>invium,sed</span> <span class='ocrx_word' id='word_1_362' title='bbox 1855 3215 1962 3269; x_wconf 83' lang='lat' dir='ltr'>dif-</span> 
     </span>
    </p>
   </div>
   <div class='ocr_carea' id='block_1_50' title="bbox 2064 1965 3748 2048">
    <p class='ocr_par' dir='ltr' id='par_1_50' title="bbox 2064 1965 3748 2048">
     <span class='ocr_line' id='line_1_51' title="bbox 2064 1965 3748 2048; baseline -0.003 -21"><span class='ocrx_word' id='word_1_363' title='bbox 2064 1975 2346 2045; x_wconf 80' lang='grc' dir='ltr'>κοσμικῶς</span> <span class='ocrx_word' id='word_1_364' title='bbox 2403 1971 2854 2048; x_wconf 73' lang='grc' dir='ltr'>ἀναστρέφεσθαιο</span> <span class='ocrx_word' id='word_1_365' title='bbox 2905 1969 2959 2024; x_wconf 88' lang='grc' dir='ltr'>τί</span> <span class='ocrx_word' id='word_1_366' title='bbox 3019 1965 3085 2040; x_wconf 78' lang='grc' dir='ltr'>δή</span> <span class='ocrx_word' id='word_1_367' title='bbox 3145 1988 3281 2023; x_wconf 86' lang='grc' dir='ltr'>ποτε</span> <span class='ocrx_word' id='word_1_368' title='bbox 3346 1968 3412 2022; x_wconf 73' lang='grc' dir='ltr'>σὺ</span> <span class='ocrx_word' id='word_1_369' title='bbox 3470 1967 3748 2045; x_wconf 80' lang='grc' dir='ltr'>αὐτόχειρ</span> 
     </span>
    </p>
   </div>
   <div class='ocr_carea' id='block_1_51' title="bbox 2066 2052 3752 2137">
    <p class='ocr_par' dir='ltr' id='par_1_51' title="bbox 2066 2052 3752 2137">
     <span class='ocr_line' id='line_1_52' title="bbox 2066 2052 3752 2137; baseline -0.002 -21"><span class='ocrx_word' id='word_1_370' title='bbox 2066 2059 2303 2137; x_wconf 81' lang='grc' dir='ltr'>ἀναδέχῃ</span> <span class='ocrx_word' id='word_1_371' title='bbox 2360 2059 2450 2114; x_wconf 85' lang='grc' dir='ltr'>τὸν</span> <span class='ocrx_word' id='word_1_372' title='bbox 2499 2063 2747 2114; x_wconf 80' lang='grc' dir='ltr'>τοιοῦτον</span> <span class='ocrx_word' id='word_1_373' title='bbox 2797 2059 3064 2130; x_wconf 80' lang='grc' dir='ltr'>κάματον,</span> <span class='ocrx_word' id='word_1_374' title='bbox 3118 2053 3325 2119; x_wconf 72' lang='grc' dir='ltr'>ἄλλους</span> <span class='ocrx_word' id='word_1_375' title='bbox 3367 2052 3515 2134; x_wconf 77' lang='grc' dir='ltr'>ἔχων</span> <span class='ocrx_word' id='word_1_376' title='bbox 3559 2077 3752 2127; x_wconf 81' lang='grc' dir='ltr'>καμα-</span> 
     </span>
    </p>
   </div>
   <div class='ocr_carea' id='block_1_52' title="bbox 2063 2145 3745 2228">
    <p class='ocr_par' dir='ltr' id='par_1_52' title="bbox 2063 2145 3745 2228">
     <span class='ocr_line' id='line_1_53' title="bbox 2063 2145 3745 2228; baseline -0.002 -22"><span class='ocrx_word' id='word_1_377' title='bbox 2063 2149 2397 2228; x_wconf 84' lang='grc' dir='ltr'>τηρούς;Τί</span> <span class='ocrx_word' id='word_1_378' title='bbox 2443 2147 2501 2203; x_wconf 74' lang='grc' dir='ltr'>δὲ</span> <span class='ocrx_word' id='word_1_379' title='bbox 2553 2149 2628 2222; x_wconf 82' lang='grc' dir='ltr'>μὴ</span> <span class='ocrx_word' id='word_1_380' title='bbox 2679 2147 2838 2209; x_wconf 86' lang='grc' dir='ltr'>αὐτὸς</span> <span class='ocrx_word' id='word_1_381' title='bbox 2894 2149 2988 2220; x_wconf 75' lang='grc' dir='ltr'>μὶν</span> <span class='ocrx_word' id='word_1_382' title='bbox 3037 2145 3355 2222; x_wconf 76' lang='grc' dir='ltr'>προσέχεις,</span> <span class='ocrx_word' id='word_1_383' title='bbox 3409 2150 3495 2210; x_wconf 82' lang='grc' dir='ltr'>οἷς</span> <span class='ocrx_word' id='word_1_384' title='bbox 3547 2147 3745 2222; x_wconf 79' lang='grc' dir='ltr'>χρεὼν</span> 
     </span>
    </p>
   </div>
   <div class='ocr_carea' id='block_1_53' title="bbox 2065 2231 3744 2318">
    <p class='ocr_par' dir='ltr' id='par_1_53' title="bbox 2065 2231 3744 2318">
     <span class='ocr_line' id='line_1_54' title="bbox 2065 2231 3744 2318; baseline -0.004 -22"><span class='ocrx_word' id='word_1_385' title='bbox 2065 2239 2419 2318; x_wconf 70' lang='grc' dir='ltr'>προσανέχειν</span> <span class='ocrx_word' id='word_1_386' title='bbox 2449 2238 2578 2300; x_wconf 79' lang='grc' dir='ltr'>τοὺς</span> <span class='ocrx_word' id='word_1_387' title='bbox 2622 2237 2758 2292; x_wconf 75' lang='grc' dir='ltr'>κατὰ</span> <span class='ocrx_word' id='word_1_388' title='bbox 2803 2238 2863 2291; x_wconf 77' lang='grc' dir='ltr'>σὲ</span> <span class='ocrx_word' id='word_1_389' title='bbox 2904 2237 3198 2310; x_wconf 89' lang='grc' dir='ltr'>θειότερον,</span> <span class='ocrx_word' id='word_1_390' title='bbox 3229 2242 3352 2298; x_wconf 85' lang='grc' dir='ltr'>ταῖς</span> <span class='ocrx_word' id='word_1_391' title='bbox 3401 2235 3458 2291; x_wconf 66' lang='grc' dir='ltr'>δὲ</span> <span class='ocrx_word' id='word_1_392' title='bbox 3504 2231 3744 2312; x_wconf 78' lang='grc' dir='ltr'>τύρϐαις</span> 
     </span>
    </p>
   </div>
   <div class='ocr_carea' id='block_1_54' title="bbox 2069 2323 3744 2400">
    <p class='ocr_par' dir='ltr' id='par_1_54' title="bbox 2069 2323 3744 2400">
     <span class='ocr_line' id='line_1_55' title="bbox 2069 2323 3744 2400; baseline -0.003 -15"><span class='ocrx_word' id='word_1_393' title='bbox 2069 2327 2410 2390; x_wconf 84' lang='grc' dir='ltr'>ἀποστόλους</span> <span class='ocrx_word' id='word_1_394' title='bbox 2494 2327 2730 2400; x_wconf 83' lang='grc' dir='ltr'>πέμπεις</span> <span class='ocrx_word' id='word_1_395' title='bbox 2802 2324 3265 2396; x_wconf 68' lang='grc' dir='ltr'>διακονήσοντας;</span> <span class='ocrx_word' id='word_1_396' title='bbox 3337 2323 3487 2380; x_wconf 71' lang='grc' dir='ltr'>ἀλλὰ</span> <span class='ocrx_word' id='word_1_397' title='bbox 3562 2330 3744 2400; x_wconf 73' lang='grc' dir='ltr'>συχνὰ</span> 
     </span>
    </p>
   </div>
   <div class='ocr_carea' id='block_1_55' title="bbox 2067 2413 3748 2496">
    <p class='ocr_par' dir='ltr' id='par_1_55' title="bbox 2067 2413 3748 2496">
     <span class='ocr_line' id='line_1_56' title="bbox 2067 2413 3748 2496; baseline -0.004 -22"><span class='ocrx_word' id='word_1_398' title='bbox 2067 2418 2480 2496; x_wconf 75' lang='grc' dir='ltr'>προερχόμενος</span> <span class='ocrx_word' id='word_1_399' title='bbox 2535 2417 2649 2490; x_wconf 80' lang='grc' dir='ltr'>ἅμα</span> <span class='ocrx_word' id='word_1_400' title='bbox 2701 2414 2949 2484; x_wconf 80' lang='grc' dir='ltr'>ἐκείνοις,</span> <span class='ocrx_word' id='word_1_401' title='bbox 3007 2415 3079 2477; x_wconf 85' lang='grc' dir='ltr'>ὡς</span> <span class='ocrx_word' id='word_1_402' title='bbox 3124 2417 3214 2470; x_wconf 85' lang='grc' dir='ltr'>οἷα</span> <span class='ocrx_word' id='word_1_403' title='bbox 3260 2413 3351 2470; x_wconf 83' lang='grc' dir='ltr'>καὶ</span> <span class='ocrx_word' id='word_1_404' title='bbox 3405 2413 3748 2492; x_wconf 67' lang='grc' dir='ltr'>φιλαγγάρ-</span> 
     </span>
    </p>
   </div>
   <div class='ocr_carea' id='block_1_56' title="bbox 2068 2502 3742 2584">
    <p class='ocr_par' dir='ltr' id='par_1_56' title="bbox 2068 2502 3742 2584">
     <span class='ocr_line' id='line_1_57' title="bbox 2068 2502 3742 2584; baseline -0.002 -22"><span class='ocrx_word' id='word_1_405' title='bbox 2068 2528 2201 2584; x_wconf 87' lang='grc' dir='ltr'>χης,</span> <span class='ocrx_word' id='word_1_406' title='bbox 2243 2507 2332 2562; x_wconf 82' lang='grc' dir='ltr'>καὶ</span> <span class='ocrx_word' id='word_1_407' title='bbox 2387 2506 2517 2566; x_wconf 84' lang='grc' dir='ltr'>τοὺς</span> <span class='ocrx_word' id='word_1_408' title='bbox 2572 2506 2666 2579; x_wconf 75' lang='grc' dir='ltr'>μὲν</span> <span class='ocrx_word' id='word_1_409' title='bbox 2713 2509 2819 2559; x_wconf 82' lang='grc' dir='ltr'>τῶν</span> <span class='ocrx_word' id='word_1_410' title='bbox 2877 2507 3134 2578; x_wconf 83' lang='grc' dir='ltr'>μοναχῶν</span> <span class='ocrx_word' id='word_1_411' title='bbox 3187 2503 3452 2580; x_wconf 76' lang='grc' dir='ltr'>οὐραγοὺς</span> <span class='ocrx_word' id='word_1_412' title='bbox 3507 2502 3742 2568; x_wconf 71' lang='grc' dir='ltr'>ἔπεσθαι</span> 
     </span>
    </p>
   </div>
   <div class='ocr_carea' id='block_1_57' title="bbox 2066 2587 3742 2668">
    <p class='ocr_par' dir='ltr' id='par_1_57' title="bbox 2066 2587 3742 2668">
     <span class='ocr_line' id='line_1_58' title="bbox 2066 2587 3742 2668; baseline -0.002 -17"><span class='ocrx_word' id='word_1_413' title='bbox 2066 2597 2245 2666; x_wconf 77' lang='grc' dir='ltr'>τάξας,</span> <span class='ocrx_word' id='word_1_414' title='bbox 2272 2595 2400 2657; x_wconf 79' lang='grc' dir='ltr'>τοὺς</span> <span class='ocrx_word' id='word_1_415' title='bbox 2461 2591 2519 2650; x_wconf 77' lang='grc' dir='ltr'>δὶ</span> <span class='ocrx_word' id='word_1_416' title='bbox 2567 2595 2641 2656; x_wconf 85' lang='grc' dir='ltr'>ὡς</span> <span class='ocrx_word' id='word_1_417' title='bbox 2698 2594 2775 2658; x_wconf 79' lang='grc' dir='ltr'>εἰς</span> <span class='ocrx_word' id='word_1_418' title='bbox 2823 2593 3004 2667; x_wconf 80' lang='grc' dir='ltr'>στόμα</span> <span class='ocrx_word' id='word_1_419' title='bbox 3049 2587 3525 2668; x_wconf 73' lang='grc' dir='ltr'>προϐαλλόμενος,</span> <span class='ocrx_word' id='word_1_420' title='bbox 3563 2591 3742 2664; x_wconf 81' lang='grc' dir='ltr'>μέσος</span> 
     </span>
    </p>
   </div>
   <div class='ocr_carea' id='block_1_58' title="bbox 2068 2677 3737 2759">
    <p class='ocr_par' dir='ltr' id='par_1_58' title="bbox 2068 2677 3737 2759">
     <span class='ocr_line' id='line_1_59' title="bbox 2068 2677 3737 2759; baseline -0.004 -19"><span class='ocrx_word' id='word_1_421' title='bbox 2068 2684 2227 2747; x_wconf 79' lang='grc' dir='ltr'>αὐτὸς</span> <span class='ocrx_word' id='word_1_422' title='bbox 2279 2682 2618 2756; x_wconf 87' lang='grc' dir='ltr'>πομπεύεις;</span> <span class='ocrx_word' id='word_1_423' title='bbox 2671 2683 2763 2737; x_wconf 78' lang='grc' dir='ltr'>καὶ</span> <span class='ocrx_word' id='word_1_424' title='bbox 2837 2680 3285 2759; x_wconf 83' lang='grc' dir='ltr'>προφορούμενος</span> <span class='ocrx_word' id='word_1_425' title='bbox 3358 2680 3454 2741; x_wconf 78' lang='grc' dir='ltr'>τὰς</span> <span class='ocrx_word' id='word_1_426' title='bbox 3539 2677 3737 2749; x_wconf 72' lang='grc' dir='ltr'>ὁδοὺς,</span> 
     </span>
    </p>
   </div>
   <div class='ocr_carea' id='block_1_59' title="bbox 2069 2766 3735 2849">
    <p class='ocr_par' dir='ltr' id='par_1_59' title="bbox 2069 2766 3735 2849">
     <span class='ocr_line' id='line_1_60' title="bbox 2069 2766 3735 2849; baseline -0.004 -21"><span class='ocrx_word' id='word_1_427' title='bbox 2069 2773 2232 2849; x_wconf 82' lang='grc' dir='ltr'>θύρας</span> <span class='ocrx_word' id='word_1_428' title='bbox 2301 2768 2604 2847; x_wconf 73' lang='grc' dir='ltr'>ἐκτρίϐειςς</span> <span class='ocrx_word' id='word_1_429' title='bbox 2655 2768 2843 2827; x_wconf 82' lang='grc' dir='ltr'>Καλὸν</span> <span class='ocrx_word' id='word_1_430' title='bbox 2899 2773 2992 2842; x_wconf 77' lang='grc' dir='ltr'>μὲν</span> <span class='ocrx_word' id='word_1_431' title='bbox 3043 2767 3197 2838; x_wconf 67' lang='grc' dir='ltr'>ἴσως,</span> <span class='ocrx_word' id='word_1_432' title='bbox 3243 2767 3330 2824; x_wconf 74' lang='grc' dir='ltr'>ἐὰν</span> <span class='ocrx_word' id='word_1_433' title='bbox 3386 2766 3735 2824; x_wconf 86' lang='grc' dir='ltr'>δυναστευτι-</span> 
     </span>
    </p>
   </div>
   <div class='ocr_carea' id='block_1_60' title="bbox 2066 2855 3738 2930">
    <p class='ocr_par' dir='ltr' id='par_1_60' title="bbox 2066 2855 3738 2930">
     <span class='ocr_line' id='line_1_61' title="bbox 2066 2855 3738 2930; baseline -0.001 -13"><span class='ocrx_word' id='word_1_434' title='bbox 2066 2862 2202 2925; x_wconf 87' lang='grc' dir='ltr'>κάς·</span> <span class='ocrx_word' id='word_1_435' title='bbox 2255 2861 2401 2930; x_wconf 77' lang='grc' dir='ltr'>πλὴν</span> <span class='ocrx_word' id='word_1_436' title='bbox 2461 2860 2607 2916; x_wconf 83' lang='grc' dir='ltr'>ἀλλὰ</span> <span class='ocrx_word' id='word_1_437' title='bbox 2661 2860 2756 2922; x_wconf 81' lang='grc' dir='ltr'>τὰς</span> <span class='ocrx_word' id='word_1_438' title='bbox 2816 2858 3040 2915; x_wconf 77' lang='grc' dir='ltr'>πλείους</span> <span class='ocrx_word' id='word_1_439' title='bbox 3097 2855 3401 2929; x_wconf 77' lang='grc' dir='ltr'>ἰδιωτικάς,</span> <span class='ocrx_word' id='word_1_440' title='bbox 3459 2857 3554 2912; x_wconf 85' lang='grc' dir='ltr'>καὶ</span> <span class='ocrx_word' id='word_1_441' title='bbox 3609 2856 3738 2915; x_wconf 71' lang='grc' dir='ltr'>ούδὶ</span> 
     </span>
    </p>
   </div>
   <div class='ocr_carea' id='block_1_61' title="bbox 2067 2943 3732 3024">
    <p class='ocr_par' dir='ltr' id='par_1_61' title="bbox 2067 2943 3732 3024">
     <span class='ocr_line' id='line_1_62' title="bbox 2067 2943 3732 3024; baseline -0.004 -18"><span class='ocrx_word' id='word_1_442' title='bbox 2067 2950 2411 3024; x_wconf 76' lang='grc' dir='ltr'>ἐπισήμους·</span> <span class='ocrx_word' id='word_1_443' title='bbox 2465 2948 2694 3018; x_wconf 84' lang='grc' dir='ltr'>ὦντῆς</span> <span class='ocrx_word' id='word_1_444' title='bbox 2764 2943 2870 3004; x_wconf 81' lang='grc' dir='ltr'>ἔσω</span> <span class='ocrx_word' id='word_1_445' title='bbox 2946 2947 3174 3010; x_wconf 78' lang='grc' dir='ltr'>αὐλαίας</span> <span class='ocrx_word' id='word_1_446' title='bbox 3230 2946 3732 3019; x_wconf 87' lang='grc' dir='ltr'>ἀποστενουμένης,</span> 
     </span>
    </p>
   </div>
   <div class='ocr_carea' id='block_1_62' title="bbox 2066 3035 3727 3112">
    <p class='ocr_par' dir='ltr' id='par_1_62' title="bbox 2066 3035 3727 3112">
     <span class='ocr_line' id='line_1_63' title="bbox 2066 3035 3727 3112; baseline -0.002 -17"><span class='ocrx_word' id='word_1_447' title='bbox 2066 3041 2134 3095; x_wconf 69' lang='grc' dir='ltr'>τὶ</span> <span class='ocrx_word' id='word_1_448' title='bbox 2181 3039 2358 3095; x_wconf 84' lang='grc' dir='ltr'>πλείω</span> <span class='ocrx_word' id='word_1_449' title='bbox 2406 3043 2510 3093; x_wconf 79' lang='grc' dir='ltr'>τῶν</span> <span class='ocrx_word' id='word_1_450' title='bbox 2577 3036 2888 3112; x_wconf 82' lang='grc' dir='ltr'>ὑποζυγίων</span> <span class='ocrx_word' id='word_1_451' title='bbox 2943 3035 3139 3112; x_wconf 82' lang='grc' dir='ltr'>θύραζε</span> <span class='ocrx_word' id='word_1_452' title='bbox 3201 3035 3430 3110; x_wconf 86' lang='grc' dir='ltr'>μένοντα</span> <span class='ocrx_word' id='word_1_453' title='bbox 3482 3057 3727 3108; x_wconf 77' lang='grc' dir='ltr'>καταμη-</span> 
     </span>
    </p>
   </div>
   <div class='ocr_carea' id='block_1_63' title="bbox 2067 3123 3717 3201">
    <p class='ocr_par' dir='ltr' id='par_1_63' title="bbox 2067 3123 3717 3201">
     <span class='ocr_line' id='line_1_64' title="bbox 2067 3123 3717 3201; baseline -0.005 -17"><span class='ocrx_word' id='word_1_454' title='bbox 2067 3129 2284 3184; x_wconf 84' lang='grc' dir='ltr'>νύουσιν</span> <span class='ocrx_word' id='word_1_455' title='bbox 2343 3123 2449 3183; x_wconf 75' lang='grc' dir='ltr'>ἔσω</span> <span class='ocrx_word' id='word_1_456' title='bbox 2509 3129 2641 3184; x_wconf 72' lang='grc' dir='ltr'>εἶναι</span> <span class='ocrx_word' id='word_1_457' title='bbox 2697 3127 2790 3182; x_wconf 84' lang='grc' dir='ltr'>τὸν</span> <span class='ocrx_word' id='word_1_458' title='bbox 2851 3126 3116 3196; x_wconf 85' lang='grc' dir='ltr'>ἀσκητὴν,</span> <span class='ocrx_word' id='word_1_459' title='bbox 3147 3124 3238 3181; x_wconf 79' lang='grc' dir='ltr'>καὶ</span> <span class='ocrx_word' id='word_1_460' title='bbox 3270 3125 3606 3201; x_wconf 75' lang='grc' dir='ltr'>καταρτίζειν</span> <span class='ocrx_word' id='word_1_461' title='bbox 3653 3124 3717 3177; x_wconf 78' lang='grc' dir='ltr'>τὰ</span> 
     </span>
    </p>
   </div>
   <div class='ocr_carea' id='block_1_64' title="bbox 2068 3210 3718 3291">
    <p class='ocr_par' dir='ltr' id='par_1_64' title="bbox 2068 3210 3718 3291">
     <span class='ocr_line' id='line_1_65' title="bbox 2068 3210 3718 3291; baseline -0.005 -17"><span class='ocrx_word' id='word_1_462' title='bbox 2068 3217 2425 3291; x_wconf 82' lang='grc' dir='ltr'>πνευματικά.</span> <span class='ocrx_word' id='word_1_463' title='bbox 2461 3217 2580 3275; x_wconf 81' lang='grc' dir='ltr'>Οὐκ</span> <span class='ocrx_word' id='word_1_464' title='bbox 2627 3213 2798 3284; x_wconf 81' lang='grc' dir='ltr'>οἶδας,</span> <span class='ocrx_word' id='word_1_465' title='bbox 2851 3216 2933 3271; x_wconf 78' lang='grc' dir='ltr'>ὅτι</span> <span class='ocrx_word' id='word_1_466' title='bbox 2992 3213 3289 3291; x_wconf 66' lang='grc' dir='ltr'>ἀπρόσιτος</span> <span class='ocrx_word' id='word_1_467' title='bbox 3352 3216 3430 3277; x_wconf 84' lang='grc' dir='ltr'>ὡς</span> <span class='ocrx_word' id='word_1_468' title='bbox 3498 3210 3718 3268; x_wconf 77' lang='grc' dir='ltr'>ἐπιπολῦ</span> 
     </span>
    </p>
   </div>
   <div class='ocr_carea' id='block_1_65' title="bbox 303 3284 1958 3380">
    <p class='ocr_par' dir='ltr' id='par_1_65' title="bbox 303 3284 1958 3375">
     <span class='ocr_line' id='line_1_66' title="bbox 303 3284 1958 3375; baseline -0.001 -14"><span class='ocrx_word' id='word_1_469' title='bbox 303 3284 456 3362; x_wconf 41' lang='lat' dir='ltr'>ﬂcil—e</span> <span class='ocrx_word' id='word_1_470' title='bbox 487 3304 770 3362; x_wconf 84' lang='lat' dir='ltr'>obvium?</span> <span class='ocrx_word' id='word_1_471' title='bbox 799 3303 906 3368; x_wconf 86' lang='lat' dir='ltr'>Qui</span> <span class='ocrx_word' id='word_1_472' title='bbox 939 3303 988 3359; x_wconf 89' lang='lat' dir='ltr'>si</span> <span class='ocrx_word' id='word_1_473' title='bbox 1022 3305 1257 3374; x_wconf 86' lang='lat' dir='ltr'>quando</span> <span class='ocrx_word' id='word_1_474' title='bbox 1277 3303 1450 3358; x_wconf 83' lang='lat' dir='ltr'>exire</span> <span class='ocrx_word' id='word_1_475' title='bbox 1481 3284 1730 3375; x_wconf 87' lang='lat' dir='ltr'>cogitur,</span> <span class='ocrx_word' id='word_1_476' title='bbox 1751 3303 1958 3359; x_wconf 86' lang='lat' dir='ltr'>metuit</span> 
     </span>
    </p>
   </div>
   <div class='ocr_carea' id='block_1_66' title="bbox 2073 3284 3731 3380">
    <p class='ocr_par' dir='ltr' id='par_1_66' title="bbox 2073 3284 3731 3380">
     <span class='ocr_line' id='line_1_67' title="bbox 2073 3284 3731 3380; baseline -0.004 -18"><span class='ocrx_word' id='word_1_477' title='bbox 2073 3284 2216 3368; x_wconf 76' lang='grc' dir='ltr'>ἅπας</span> <span class='ocrx_word' id='word_1_478' title='bbox 2259 3306 2520 3376; x_wconf 79' lang='grc' dir='ltr'>ἀσκητὴς,</span> <span class='ocrx_word' id='word_1_479' title='bbox 2555 3302 2624 3359; x_wconf 91' lang='grc' dir='ltr'>δι’</span> <span class='ocrx_word' id='word_1_480' title='bbox 2654 3305 2786 3359; x_wconf 80' lang='grc' dir='ltr'>αὐτὸ</span> <span class='ocrx_word' id='word_1_481' title='bbox 2844 3301 2903 3358; x_wconf 76' lang='grc' dir='ltr'>δὲ</span> <span class='ocrx_word' id='word_1_482' title='bbox 2949 3303 3040 3358; x_wconf 78' lang='grc' dir='ltr'>καὶ</span> <span class='ocrx_word' id='word_1_483' title='bbox 3071 3284 3393 3380; x_wconf 49' lang='grc' dir='ltr'>’ἀπρόσιτος</span> <span class='ocrx_word' id='word_1_484' title='bbox 3423 3309 3541 3366; x_wconf 88' lang='grc' dir='ltr'>τοῖς</span> <span class='ocrx_word' id='word_1_485' title='bbox 3589 3298 3731 3356; x_wconf 84' lang='grc' dir='ltr'>πολ-</span> 
     </span>
    </p>
   </div>
   <div class='ocr_carea' id='block_1_67' title="bbox 303 3391 1964 3464">
    <p class='ocr_par' dir='ltr' id='par_1_67' title="bbox 303 3391 1964 3464">
     <span class='ocr_line' id='line_1_68' title="bbox 303 3391 1964 3464; baseline -0.004 -12"><span class='ocrx_word' id='word_1_486' title='bbox 303 3394 558 3452; x_wconf 79' lang='lat' dir='ltr'>maxime</span> <span class='ocrx_word' id='word_1_487' title='bbox 580 3393 820 3450; x_wconf 88' lang='lat' dir='ltr'>neinter</span> <span class='ocrx_word' id='word_1_488' title='bbox 858 3391 1454 3464; x_wconf 89' lang='lat' dir='ltr'>deliciastriumpbet,</span> <span class='ocrx_word' id='word_1_489' title='bbox 1489 3392 1802 3448; x_wconf 90' lang='lat' dir='ltr'>circuitum</span> <span class='ocrx_word' id='word_1_490' title='bbox 1833 3393 1964 3464; x_wconf 86' lang='lat' dir='ltr'>qui-</span> 
     </span>
    </p>
   </div>
   <div class='ocr_carea' id='block_1_68' title="bbox 302 3480 1962 3550">
    <p class='ocr_par' dir='ltr' id='par_1_68' title="bbox 302 3480 1962 3550">
     <span class='ocr_line' id='line_1_69' title="bbox 302 3480 1962 3550; baseline -0.001 -10"><span class='ocrx_word' id='word_1_491' title='bbox 302 3483 558 3540; x_wconf 87' lang='lat' dir='ltr'>busdam</span> <span class='ocrx_word' id='word_1_492' title='bbox 587 3482 846 3539; x_wconf 86' lang='lat' dir='ltr'>tenebris</span> <span class='ocrx_word' id='word_1_493' title='bbox 880 3480 1143 3547; x_wconf 83' lang='lat' dir='ltr'>involvit,</span> <span class='ocrx_word' id='word_1_494' title='bbox 1164 3497 1237 3536; x_wconf 91' lang='lat' dir='ltr'>ne</span> <span class='ocrx_word' id='word_1_495' title='bbox 1268 3499 1300 3536; x_wconf 94' lang='lat' dir='ltr'>a</span> <span class='ocrx_word' id='word_1_496' title='bbox 1328 3481 1647 3536; x_wconf 89' lang='lat' dir='ltr'>mundanis</span> <span class='ocrx_word' id='word_1_497' title='bbox 1676 3482 1962 3550; x_wconf 82' lang='lat' dir='ltr'>videatur,</span> 
     </span>
    </p>
   </div>
   <div class='ocr_carea' id='block_1_69' title="bbox 306 3569 1966 3642">
    <p class='ocr_par' dir='ltr' id='par_1_69' title="bbox 306 3569 1966 3642">
     <span class='ocr_line' id='line_1_70' title="bbox 306 3569 1966 3642; baseline -0.001 -14"><span class='ocrx_word' id='word_1_498' title='bbox 306 3571 410 3642; x_wconf 88' lang='lat' dir='ltr'>qui</span> <span class='ocrx_word' id='word_1_499' title='bbox 441 3571 696 3627; x_wconf 68' lang='lat' dir='ltr'>coelestia</span> <span class='ocrx_word' id='word_1_500' title='bbox 718 3586 849 3626; x_wconf 90' lang='lat' dir='ltr'>esse</span> <span class='ocrx_word' id='word_1_501' title='bbox 873 3570 1319 3642; x_wconf 81' lang='lat' dir='ltr'>praesumit.Cur</span> <span class='ocrx_word' id='word_1_502' title='bbox 1349 3585 1486 3642; x_wconf 84' lang='lat' dir='ltr'>ergo</span> <span class='ocrx_word' id='word_1_503' title='bbox 1511 3571 1598 3641; x_wconf 91' lang='lat' dir='ltr'>(ut</span> <span class='ocrx_word' id='word_1_504' title='bbox 1618 3569 1827 3641; x_wconf 88' lang='lat' dir='ltr'>loquar</span> <span class='ocrx_word' id='word_1_505' title='bbox 1847 3587 1966 3626; x_wconf 90' lang='lat' dir='ltr'>ma-</span> 
     </span>
    </p>
   </div>
   <div class='ocr_carea' id='block_1_70' title="bbox 300 3657 1963 3732">
    <p class='ocr_par' dir='ltr' id='par_1_70' title="bbox 300 3657 1963 3732">
     <span class='ocr_line' id='line_1_71' title="bbox 300 3657 1963 3732; baseline -0.001 -16"><span class='ocrx_word' id='word_1_506' title='bbox 300 3660 482 3732; x_wconf 84' lang='lat' dir='ltr'>jora),</span> <span class='ocrx_word' id='word_1_507' title='bbox 516 3676 649 3716; x_wconf 88' lang='lat' dir='ltr'>cum</span> <span class='ocrx_word' id='word_1_508' title='bbox 683 3676 897 3731; x_wconf 83' lang='lat' dir='ltr'>magno</span> <span class='ocrx_word' id='word_1_509' title='bbox 923 3661 1034 3714; x_wconf 91' lang='lat' dir='ltr'>Deo</span> <span class='ocrx_word' id='word_1_510' title='bbox 1066 3657 1429 3730; x_wconf 89' lang='lat' dir='ltr'>promiseris,</span> <span class='ocrx_word' id='word_1_511' title='bbox 1446 3657 1743 3714; x_wconf 90' lang='lat' dir='ltr'>similibus</span> <span class='ocrx_word' id='word_1_512' title='bbox 1773 3660 1963 3730; x_wconf 88' lang='lat' dir='ltr'>operi—</span> 
     </span>
    </p>
   </div>
   <div class='ocr_carea' id='block_1_71' title="bbox 306 3747 1966 3820">
    <p class='ocr_par' dir='ltr' id='par_1_71' title="bbox 306 3747 1966 3820">
     <span class='ocr_line' id='line_1_72' title="bbox 306 3747 1966 3820; baseline 0 -14"><span class='ocrx_word' id='word_1_513' title='bbox 306 3750 425 3806; x_wconf 88' lang='lat' dir='ltr'>bus</span> <span class='ocrx_word' id='word_1_514' title='bbox 454 3766 570 3805; x_wconf 88' lang='lat' dir='ltr'>non</span> <span class='ocrx_word' id='word_1_515' title='bbox 590 3749 1076 3805; x_wconf 82' lang='lat' dir='ltr'>sanctiﬁcaris?et</span> <span class='ocrx_word' id='word_1_516' title='bbox 1099 3748 1210 3804; x_wconf 89' lang='lat' dir='ltr'>isto</span> <span class='ocrx_word' id='word_1_517' title='bbox 1235 3749 1409 3804; x_wconf 90' lang='lat' dir='ltr'>modo</span> <span class='ocrx_word' id='word_1_518' title='bbox 1430 3747 1840 3820; x_wconf 87' lang='lat' dir='ltr'>celebratus,et</span> <span class='ocrx_word' id='word_1_519' title='bbox 1855 3750 1966 3806; x_wconf 84' lang='lat' dir='ltr'>fac-</span> 
     </span>
    </p>
   </div>
   <div class='ocr_carea' id='block_1_72' title="bbox 307 3836 1964 3911">
    <p class='ocr_par' dir='ltr' id='par_1_72' title="bbox 307 3836 1964 3911">
     <span class='ocr_line' id='line_1_73' title="bbox 307 3836 1964 3911; baseline 0.001 -17"><span class='ocrx_word' id='word_1_520' title='bbox 307 3844 404 3894; x_wconf 79' lang='lat' dir='ltr'>tus</span> <span class='ocrx_word' id='word_1_521' title='bbox 423 3838 698 3911; x_wconf 83' lang='lat' dir='ltr'>insignis,</span> <span class='ocrx_word' id='word_1_522' title='bbox 727 3855 842 3895; x_wconf 90' lang='lat' dir='ltr'>non</span> <span class='ocrx_word' id='word_1_523' title='bbox 862 3837 1050 3894; x_wconf 88' lang='lat' dir='ltr'>trahis</span> <span class='ocrx_word' id='word_1_524' title='bbox 1069 3837 1417 3908; x_wconf 89' lang='lat' dir='ltr'>discipulos,</span> <span class='ocrx_word' id='word_1_525' title='bbox 1432 3836 1735 3908; x_wconf 87' lang='lat' dir='ltr'>allicisque</span> <span class='ocrx_word' id='word_1_526' title='bbox 1749 3855 1964 3910; x_wconf 86' lang='lat' dir='ltr'>magno</span> 
     </span>
    </p>
   </div>
   <div class='ocr_carea' id='block_1_73' title="bbox 303 3925 1962 3998">
    <p class='ocr_par' dir='ltr' id='par_1_73' title="bbox 303 3925 1962 3998">
     <span class='ocr_line' id='line_1_74' title="bbox 303 3925 1962 3998; baseline 0.001 -16"><span class='ocrx_word' id='word_1_527' title='bbox 303 3927 470 3998; x_wconf 75' lang='lat' dir='ltr'>fune,</span> <span class='ocrx_word' id='word_1_528' title='bbox 493 3927 716 3983; x_wconf 83' lang='lat' dir='ltr'>scilicet</span> <span class='ocrx_word' id='word_1_529' title='bbox 737 3927 971 3982; x_wconf 86' lang='lat' dir='ltr'>vinculo</span> <span class='ocrx_word' id='word_1_530' title='bbox 994 3925 1302 3982; x_wconf 86' lang='lat' dir='ltr'>charitatis</span> <span class='ocrx_word' id='word_1_531' title='bbox 1322 3925 1349 3980; x_wconf 85' lang='lat'><strong>?</strong></span> <span class='ocrx_word' id='word_1_532' title='bbox 1372 3925 1452 3981; x_wconf 86' lang='lat' dir='ltr'>ita</span> <span class='ocrx_word' id='word_1_533' title='bbox 1483 3931 1548 3980; x_wconf 93' lang='lat' dir='ltr'>ut</span> <span class='ocrx_word' id='word_1_534' title='bbox 1578 3943 1816 3983; x_wconf 88' lang='lat' dir='ltr'>necesse</span> <span class='ocrx_word' id='word_1_535' title='bbox 1845 3944 1962 3984; x_wconf 91' lang='lat' dir='ltr'>non</span> 
     </span>
    </p>
   </div>
   <div class='ocr_carea' id='block_1_74' title="bbox 302 4014 1968 4086">
    <p class='ocr_par' dir='ltr' id='par_1_74' title="bbox 302 4014 1968 4086">
     <span class='ocr_line' id='line_1_75' title="bbox 302 4014 1968 4086; baseline 0.001 -15"><span class='ocrx_word' id='word_1_536' title='bbox 302 4017 455 4086; x_wconf 69' lang='lat' dir='ltr'>sitte</span> <span class='ocrx_word' id='word_1_537' title='bbox 465 4018 538 4073; x_wconf 90' lang='lat' dir='ltr'>ad</span> <span class='ocrx_word' id='word_1_538' title='bbox 557 4016 704 4073; x_wconf 87' lang='lat' dir='ltr'>alios</span> <span class='ocrx_word' id='word_1_539' title='bbox 716 4015 1000 4082; x_wconf 83' lang='lat' dir='ltr'>exire,sed</span> <span class='ocrx_word' id='word_1_540' title='bbox 1018 4015 1127 4086; x_wconf 91' lang='lat' dir='ltr'>ipsi</span> <span class='ocrx_word' id='word_1_541' title='bbox 1142 4015 1213 4071; x_wconf 88' lang='lat' dir='ltr'>ad</span> <span class='ocrx_word' id='word_1_542' title='bbox 1230 4020 1288 4070; x_wconf 92' lang='lat' dir='ltr'>te</span> <span class='ocrx_word' id='word_1_543' title='bbox 1304 4014 1968 4072; x_wconf 83' lang='lat' dir='ltr'>allicianturexadmira-</span> 
     </span>
    </p>
   </div>
   <div class='ocr_carea' id='block_1_75' title="bbox 305 4104 1964 4173">
    <p class='ocr_par' dir='ltr' id='par_1_75' title="bbox 305 4104 1964 4173">
     <span class='ocr_line' id='line_1_76' title="bbox 305 4104 1964 4173; baseline -0.001 -10"><span class='ocrx_word' id='word_1_544' title='bbox 305 4107 554 4173; x_wconf 84' lang='lat' dir='ltr'>tione,te</span> <span class='ocrx_word' id='word_1_545' title='bbox 571 4105 992 4162; x_wconf 88' lang='lat' dir='ltr'>invocentcum</span> <span class='ocrx_word' id='word_1_546' title='bbox 1007 4104 1204 4159; x_wconf 90' lang='lat' dir='ltr'>studio</span> <span class='ocrx_word' id='word_1_547' title='bbox 1222 4105 1513 4160; x_wconf 88' lang='lat' dir='ltr'>dicentes:</span> <span class='ocrx_word' id='word_1_548' title='bbox 1542 4126 1570 4154; x_wconf 84' lang='lat'>«</span> <span class='ocrx_word' id='word_1_549' title='bbox 1603 4106 1847 4170; x_wconf 90' lang='lat' dir='ltr'>Quando</span> <span class='ocrx_word' id='word_1_550' title='bbox 1869 4122 1964 4161; x_wconf 89' lang='lat' dir='ltr'>ve-</span> 
     </span>
    </p>
   </div>
   <div class='ocr_carea' id='block_1_76' title="bbox 305 4193 1963 4267">
    <p class='ocr_par' dir='ltr' id='par_1_76' title="bbox 305 4193 1963 4267">
     <span class='ocr_line' id='line_1_77' title="bbox 305 4193 1963 4267; baseline -0.005 -15"><span class='ocrx_word' id='word_1_551' title='bbox 305 4195 466 4252; x_wconf 90' lang='lat' dir='ltr'>niam</span> <span class='ocrx_word' id='word_1_552' title='bbox 481 4200 539 4252; x_wconf 89' lang='lat' dir='ltr'>et</span> <span class='ocrx_word' id='word_1_553' title='bbox 557 4195 850 4267; x_wconf 87' lang='lat' dir='ltr'>apparebo</span> <span class='ocrx_word' id='word_1_554' title='bbox 865 4198 1001 4249; x_wconf 89' lang='lat' dir='ltr'>ante</span> <span class='ocrx_word' id='word_1_555' title='bbox 1021 4198 1338 4264; x_wconf 88' lang='lat' dir='ltr'>conspectu</span> <span class='ocrx_word' id='word_1_556' title='bbox 1348 4193 1454 4248; x_wconf 68' lang='lat' dir='ltr'>In”</span> <span class='ocrx_word' id='word_1_557' title='bbox 1477 4193 1592 4248; x_wconf 88' lang='lat' dir='ltr'>divi</span> <span class='ocrx_word' id='word_1_558' title='bbox 1617 4194 1963 4251; x_wconf 81' lang='lat' dir='ltr'>monachi?»</span> 
     </span>
    </p>
   </div>
   <div class='ocr_carea' id='block_1_77' title="bbox 2074 3390 3734 3470">
    <p class='ocr_par' dir='ltr' id='par_1_77' title="bbox 2074 3390 3734 3470">
     <span class='ocr_line' id='line_1_78' title="bbox 2074 3390 3734 3470; baseline -0.004 -19"><span class='ocrx_word' id='word_1_559' title='bbox 2074 3395 2214 3466; x_wconf 85' lang='grc' dir='ltr'>λοῖς,</span> <span class='ocrx_word' id='word_1_560' title='bbox 2243 3395 2280 3464; x_wconf 78' lang='grc' dir='ltr'>ἢ</span> <span class='ocrx_word' id='word_1_561' title='bbox 2332 3393 2727 3470; x_wconf 86' lang='grc' dir='ltr'>δυσπρόσιτος,</span> <span class='ocrx_word' id='word_1_562' title='bbox 2759 3393 2825 3450; x_wconf 81' lang='grc' dir='ltr'>Εἴ</span> <span class='ocrx_word' id='word_1_563' title='bbox 2884 3390 2943 3447; x_wconf 81' lang='grc' dir='ltr'>δέ</span> <span class='ocrx_word' id='word_1_564' title='bbox 2989 3413 3122 3448; x_wconf 91' lang='grc' dir='ltr'>ποτε</span> <span class='ocrx_word' id='word_1_565' title='bbox 3172 3392 3262 3448; x_wconf 79' lang='grc' dir='ltr'>καὶ</span> <span class='ocrx_word' id='word_1_566' title='bbox 3311 3393 3562 3468; x_wconf 77' lang='grc' dir='ltr'>προϊέναι</span> <span class='ocrx_word' id='word_1_567' title='bbox 3619 3391 3734 3466; x_wconf 84' lang='grc' dir='ltr'>χρῆ</span> 
     </span>
    </p>
   </div>
   <div class='ocr_carea' id='block_1_78' title="bbox 2070 3475 3738 3557">
    <p class='ocr_par' dir='ltr' id='par_1_78' title="bbox 2070 3475 3738 3557">
     <span class='ocr_line' id='line_1_79' title="bbox 2070 3475 3738 3557; baseline -0.004 -17"><span class='ocrx_word' id='word_1_568' title='bbox 2070 3485 2164 3540; x_wconf 87' lang='grc' dir='ltr'>τὸν</span> <span class='ocrx_word' id='word_1_569' title='bbox 2234 3487 2507 3555; x_wconf 75' lang='grc' dir='ltr'>τοιοῦτον,</span> <span class='ocrx_word' id='word_1_570' title='bbox 2585 3481 2733 3538; x_wconf 81' lang='grc' dir='ltr'>ὀκνεῖ</span> <span class='ocrx_word' id='word_1_571' title='bbox 2814 3482 3030 3544; x_wconf 85' lang='grc' dir='ltr'>πάντως</span> <span class='ocrx_word' id='word_1_572' title='bbox 3113 3480 3317 3543; x_wconf 68' lang='grc' dir='ltr'>ἐκεῖνος</span> <span class='ocrx_word' id='word_1_573' title='bbox 3387 3475 3738 3557; x_wconf 78' lang='grc' dir='ltr'>θριαμϐεύειν</span> 
     </span>
    </p>
   </div>
   <div class='ocr_carea' id='block_1_79' title="bbox 2073 3570 3736 3650">
    <p class='ocr_par' dir='ltr' id='par_1_79' title="bbox 2073 3570 3736 3650">
     <span class='ocr_line' id='line_1_80' title="bbox 2073 3570 3736 3650; baseline -0.003 -21"><span class='ocrx_word' id='word_1_574' title='bbox 2073 3570 2393 3650; x_wconf 71' lang='grc' dir='ltr'>ἁδρότερον,</span> <span class='ocrx_word' id='word_1_575' title='bbox 2443 3575 2724 3646; x_wconf 74' lang='grc' dir='ltr'>τιθέμενος</span> <span class='ocrx_word' id='word_1_576' title='bbox 2778 3577 2848 3646; x_wconf 78' lang='grc' dir='ltr'>τῇ</span> <span class='ocrx_word' id='word_1_577' title='bbox 2907 3571 3142 3646; x_wconf 76' lang='grc' dir='ltr'>ἐντροπῇ</span> <span class='ocrx_word' id='word_1_578' title='bbox 3211 3572 3532 3647; x_wconf 82' lang='grc' dir='ltr'>ἀποκρυφήν</span> <span class='ocrx_word' id='word_1_579' title='bbox 3591 3590 3736 3642; x_wconf 89' lang='grc' dir='ltr'>τινα,</span> 
     </span>
    </p>
   </div>
   <div class='ocr_carea' id='block_1_80' title="bbox 2078 3660 3739 3738">
    <p class='ocr_par' dir='ltr' id='par_1_80' title="bbox 2078 3660 3739 3738">
     <span class='ocr_line' id='line_1_81' title="bbox 2078 3660 3739 3738; baseline -0.003 -20"><span class='ocrx_word' id='word_1_580' title='bbox 2078 3666 2154 3738; x_wconf 76' lang='grc' dir='ltr'>μὴ</span> <span class='ocrx_word' id='word_1_581' title='bbox 2211 3664 2298 3718; x_wconf 85' lang='grc' dir='ltr'>καὶ</span> <span class='ocrx_word' id='word_1_582' title='bbox 2363 3661 2624 3738; x_wconf 75' lang='grc' dir='ltr'>βλέποιτο</span> <span class='ocrx_word' id='word_1_583' title='bbox 2678 3667 2797 3723; x_wconf 85' lang='grc' dir='ltr'>τοῖς</span> <span class='ocrx_word' id='word_1_584' title='bbox 2833 3665 2931 3716; x_wconf 71' lang='grc' dir='ltr'>τοῦ</span> <span class='ocrx_word' id='word_1_585' title='bbox 2973 3661 3187 3734; x_wconf 84' lang='grc' dir='ltr'>κόσμου</span> <span class='ocrx_word' id='word_1_586' title='bbox 3236 3662 3264 3716; x_wconf 87' lang='grc' dir='ltr'>ὁ</span> <span class='ocrx_word' id='word_1_587' title='bbox 3319 3662 3421 3731; x_wconf 74' lang='grc' dir='ltr'>τὴν</span> <span class='ocrx_word' id='word_1_588' title='bbox 3480 3660 3739 3735; x_wconf 78' lang='grc' dir='ltr'>πρόθεσιν</span> 
     </span>
    </p>
   </div>
   <div class='ocr_carea' id='block_1_81' title="bbox 2077 3744 3738 3830">
    <p class='ocr_par' dir='ltr' id='par_1_81' title="bbox 2077 3744 3738 3830">
     <span class='ocr_line' id='line_1_82' title="bbox 2077 3744 3738 3830; baseline -0.002 -22"><span class='ocrx_word' id='word_1_589' title='bbox 2077 3751 2465 3830; x_wconf 78' lang='grc' dir='ltr'>ὑπερκόσμιος.</span> <span class='ocrx_word' id='word_1_590' title='bbox 2528 3751 2679 3806; x_wconf 90' lang='grc' dir='ltr'>Διατί</span> <span class='ocrx_word' id='word_1_591' title='bbox 2753 3748 2814 3806; x_wconf 71' lang='grc' dir='ltr'>δὲ</span> <span class='ocrx_word' id='word_1_592' title='bbox 2866 3749 2978 3822; x_wconf 67' lang='grc' dir='ltr'>(ἵνα</span> <span class='ocrx_word' id='word_1_593' title='bbox 3032 3769 3085 3805; x_wconf 89' lang='grc' dir='ltr'>τι</span> <span class='ocrx_word' id='word_1_594' title='bbox 3146 3749 3240 3805; x_wconf 81' lang='grc' dir='ltr'>καὶ</span> <span class='ocrx_word' id='word_1_595' title='bbox 3302 3755 3489 3823; x_wconf 86' lang='grc' dir='ltr'>μεῖζον</span> <span class='ocrx_word' id='word_1_596' title='bbox 3547 3744 3738 3822; x_wconf 79' lang='grc' dir='ltr'>εἷ’πω),</span> 
     </span>
    </p>
   </div>
   <div class='ocr_carea' id='block_1_82' title="bbox 2078 3837 3743 3917">
    <p class='ocr_par' dir='ltr' id='par_1_82' title="bbox 2078 3837 3743 3917">
     <span class='ocr_line' id='line_1_83' title="bbox 2078 3837 3743 3917; baseline -0.002 -20"><span class='ocrx_word' id='word_1_597' title='bbox 2078 3839 2292 3917; x_wconf 85' lang='grc' dir='ltr'>μεγάλα</span> <span class='ocrx_word' id='word_1_598' title='bbox 2354 3840 2738 3916; x_wconf 72' lang='grc' dir='ltr'>ὑπεσχημένος</span> <span class='ocrx_word' id='word_1_599' title='bbox 2791 3844 2871 3913; x_wconf 77' lang='grc' dir='ltr'>τῷ</span> <span class='ocrx_word' id='word_1_600' title='bbox 2946 3844 3084 3912; x_wconf 76' lang='grc' dir='ltr'>Θεῷ,</span> <span class='ocrx_word' id='word_1_601' title='bbox 3139 3839 3243 3896; x_wconf 84' lang='grc' dir='ltr'>ούκ</span> <span class='ocrx_word' id='word_1_602' title='bbox 3303 3837 3565 3908; x_wconf 84' lang='grc' dir='ltr'>ἐνθεάζεις</span> <span class='ocrx_word' id='word_1_603' title='bbox 3617 3844 3743 3903; x_wconf 83' lang='grc' dir='ltr'>ταῖς</span> 
     </span>
    </p>
   </div>
   <div class='ocr_carea' id='block_1_83' title="bbox 2072 3924 3740 4005">
    <p class='ocr_par' dir='ltr' id='par_1_83' title="bbox 2072 3924 3740 4005">
     <span class='ocr_line' id='line_1_84' title="bbox 2072 3924 3740 4005; baseline -0.002 -21"><span class='ocrx_word' id='word_1_604' title='bbox 2072 3931 2295 4005; x_wconf 79' lang='grc' dir='ltr'>πράξεσι</span> <span class='ocrx_word' id='word_1_605' title='bbox 2343 3931 2458 3986; x_wconf 85' lang='grc' dir='ltr'>κατ’</span> <span class='ocrx_word' id='word_1_606' title='bbox 2521 3929 2732 3998; x_wconf 89' lang='grc' dir='ltr'>ἐκεῖνα;</span> <span class='ocrx_word' id='word_1_607' title='bbox 2791 3928 2880 3983; x_wconf 79' lang='grc' dir='ltr'>καὶ</span> <span class='ocrx_word' id='word_1_608' title='bbox 2967 3928 3110 3983; x_wconf 75' lang='grc' dir='ltr'>οὕτω</span> <span class='ocrx_word' id='word_1_609' title='bbox 3175 3925 3578 4000; x_wconf 80' lang='grc' dir='ltr'>καταμηνυθεὶς</span> <span class='ocrx_word' id='word_1_610' title='bbox 3643 3924 3740 3980; x_wconf 75' lang='grc' dir='ltr'>κ.ιῖ</span> 
     </span>
    </p>
   </div>
   <div class='ocr_carea' id='block_1_84' title="bbox 2073 4014 3742 4094">
    <p class='ocr_par' dir='ltr' id='par_1_84' title="bbox 2073 4014 3742 4094">
     <span class='ocr_line' id='line_1_85' title="bbox 2073 4014 3742 4094; baseline -0.002 -22"><span class='ocrx_word' id='word_1_611' title='bbox 2073 4017 2394 4088; x_wconf 80' lang='grc' dir='ltr'>ἐξάκουστος</span> <span class='ocrx_word' id='word_1_612' title='bbox 2449 4016 2706 4094; x_wconf 87' lang='grc' dir='ltr'>γεγονὼς,</span> <span class='ocrx_word' id='word_1_613' title='bbox 2758 4015 2959 4092; x_wconf 73' lang='grc' dir='ltr'>ἐφέλκῃ</span> <span class='ocrx_word' id='word_1_614' title='bbox 3011 4016 3137 4078; x_wconf 78' lang='grc' dir='ltr'>τοὺς</span> <span class='ocrx_word' id='word_1_615' title='bbox 3201 4017 3566 4089; x_wconf 79' lang='grc' dir='ltr'>μανθάνοντας</span> <span class='ocrx_word' id='word_1_616' title='bbox 3616 4014 3742 4070; x_wconf 80' lang='grc' dir='ltr'>ἐπι-</span> 
     </span>
    </p>
   </div>
   <div class='ocr_carea' id='block_1_85' title="bbox 2075 4101 3743 4182">
    <p class='ocr_par' dir='ltr' id='par_1_85' title="bbox 2075 4101 3743 4182">
     <span class='ocr_line' id='line_1_86' title="bbox 2075 4101 3743 4182; baseline -0.003 -19"><span class='ocrx_word' id='word_1_617' title='bbox 2075 4105 2362 4180; x_wconf 85' lang='grc' dir='ltr'>σπώμενος</span> <span class='ocrx_word' id='word_1_618' title='bbox 2421 4106 2472 4162; x_wconf 80' lang='grc' dir='ltr'>ἐν</span> <span class='ocrx_word' id='word_1_619' title='bbox 2529 4105 2760 4182; x_wconf 89' lang='grc' dir='ltr'>σχοινίῳ</span> <span class='ocrx_word' id='word_1_620' title='bbox 2820 4110 3032 4179; x_wconf 75' lang='grc' dir='ltr'>μακρῷ,</span> <span class='ocrx_word' id='word_1_621' title='bbox 3072 4109 3156 4178; x_wconf 79' lang='grc' dir='ltr'>τῷ</span> <span class='ocrx_word' id='word_1_622' title='bbox 3209 4105 3327 4160; x_wconf 80' lang='grc' dir='ltr'>κατ’</span> <span class='ocrx_word' id='word_1_623' title='bbox 3378 4105 3575 4178; x_wconf 76' lang='grc' dir='ltr'>ἀρετὴν</span> <span class='ocrx_word' id='word_1_624' title='bbox 3637 4101 3743 4175; x_wconf 80' lang='grc' dir='ltr'>δη-</span> 
     </span>
    </p>
   </div>
   <div class='ocr_carea' id='block_1_86' title="bbox 2076 4191 3745 4271">
    <p class='ocr_par' dir='ltr' id='par_1_86' title="bbox 2076 4191 3745 4271">
     <span class='ocr_line' id='line_1_87' title="bbox 2076 4191 3745 4271; baseline -0.002 -21"><span class='ocrx_word' id='word_1_625' title='bbox 2076 4193 2263 4252; x_wconf 90' lang='grc' dir='ltr'>λονότι</span> <span class='ocrx_word' id='word_1_626' title='bbox 2295 4217 2308 4266; x_wconf 90' lang='grc'><strong>;</strong></span> <span class='ocrx_word' id='word_1_627' title='bbox 2341 4198 2416 4258; x_wconf 83' lang='grc' dir='ltr'>ὡς</span> <span class='ocrx_word' id='word_1_628' title='bbox 2448 4195 2686 4260; x_wconf 81' lang='grc' dir='ltr'>ἐντεῦθεν</span> <span class='ocrx_word' id='word_1_629' title='bbox 2724 4195 2801 4269; x_wconf 79' lang='grc' dir='ltr'>μὴ</span> <span class='ocrx_word' id='word_1_630' title='bbox 2847 4194 3087 4271; x_wconf 80' lang='grc' dir='ltr'>ἀνάγκην</span> <span class='ocrx_word' id='word_1_631' title='bbox 3121 4195 3252 4249; x_wconf 76' lang='grc' dir='ltr'>εἶναί</span> <span class='ocrx_word' id='word_1_632' title='bbox 3303 4215 3364 4249; x_wconf 83' lang='grc' dir='ltr'>σε</span> <span class='ocrx_word' id='word_1_633' title='bbox 3419 4194 3566 4270; x_wconf 81' lang='grc' dir='ltr'>παρὰ</span> <span class='ocrx_word' id='word_1_634' title='bbox 3609 4191 3745 4257; x_wconf 76' lang='grc' dir='ltr'>τοὺς</span> 
     </span>
    </p>
   </div>
   <div class='ocr_carea' id='block_1_87' title="bbox 303 4279 3742 4362">
    <p class='ocr_par' dir='ltr' id='par_1_87' title="bbox 303 4279 3742 4362">
     <span class='ocr_line' id='line_1_88' title="bbox 303 4279 3742 4362; baseline -0.001 -23"><span class='ocrx_word' id='word_1_635' title='bbox 303 4280 512 4345; x_wconf 78' lang='grc' dir='ltr'>ἄλλους</span> <span class='ocrx_word' id='word_1_636' title='bbox 568 4286 786 4358; x_wconf 80' lang='grc' dir='ltr'>φοιτᾷν,</span> <span class='ocrx_word' id='word_1_637' title='bbox 816 4279 941 4336; x_wconf 87' lang='grc' dir='ltr'>ἀλλ’</span> <span class='ocrx_word' id='word_1_638' title='bbox 973 4279 1209 4342; x_wconf 74' lang='grc' dir='ltr'>ἐκείνους</span> <span class='ocrx_word' id='word_1_639' title='bbox 1257 4280 1344 4335; x_wconf 81' lang='grc' dir='ltr'>ἐπὶ</span> <span class='ocrx_word' id='word_1_640' title='bbox 1401 4281 1458 4335; x_wconf 75' lang='grc' dir='ltr'>σὲ</span> <span class='ocrx_word' id='word_1_641' title='bbox 1504 4279 1654 4349; x_wconf 77' lang='grc' dir='ltr'>ἥκειν</span> <span class='ocrx_word' id='word_1_642' title='bbox 1690 4282 1968 4356; x_wconf 82' lang='grc' dir='ltr'>ἀγιασμοῦ</span> <span class='ocrx_word' id='word_1_643' title='bbox 2010 4287 2200 4362; x_wconf 80' lang='grc' dir='ltr'>χάριν,</span> <span class='ocrx_word' id='word_1_644' title='bbox 2231 4286 2320 4340; x_wconf 79' lang='grc' dir='ltr'>καί</span> <span class='ocrx_word' id='word_1_645' title='bbox 2353 4305 2459 4340; x_wconf 89' lang='grc' dir='ltr'>που</span> <span class='ocrx_word' id='word_1_646' title='bbox 2485 4286 2577 4340; x_wconf 80' lang='grc' dir='ltr'>καὶ</span> <span class='ocrx_word' id='word_1_647' title='bbox 2608 4285 2951 4353; x_wconf 78' lang='grc' dir='ltr'>ποτνιᾶσθαι,</span> <span class='ocrx_word' id='word_1_648' title='bbox 2988 4281 3249 4360; x_wconf 86' lang='grc' dir='ltr'>λέγοντας</span> <span class='ocrx_word' id='word_1_649' title='bbox 3299 4282 3742 4357; x_wconf 79' lang='grc' dir='ltr'>ἐπιθυμητικῶς⁶</span> 
     </span>
    </p>
   </div>
   <div class='ocr_carea' id='block_1_88' title="bbox 305 4368 2273 4450">
    <p class='ocr_par' dir='ltr' id='par_1_88' title="bbox 305 4368 2273 4450">
     <span class='ocr_line' id='line_1_89' title="bbox 305 4368 2273 4450; baseline 0.001 -27"><span class='ocrx_word' id='word_1_650' title='bbox 305 4394 336 4424; x_wconf 87' lang='grc'>‹‹</span> <span class='ocrx_word' id='word_1_651' title='bbox 367 4377 508 4428; x_wconf 66' lang='lat' dir='ltr'>non</span> <span class='ocrx_word' id='word_1_652' title='bbox 530 4368 668 4442; x_wconf 68' lang='grc' dir='ltr'>ἥξω,</span> <span class='ocrx_word' id='word_1_653' title='bbox 697 4371 786 4426; x_wconf 78' lang='grc' dir='ltr'>καὶ</span> <span class='ocrx_word' id='word_1_654' title='bbox 823 4369 1139 4447; x_wconf 80' lang='grc' dir='ltr'>ὀφθήσομαι</span> <span class='ocrx_word' id='word_1_655' title='bbox 1167 4373 1247 4441; x_wconf 82' lang='grc' dir='ltr'>τῷ</span> <span class='ocrx_word' id='word_1_656' title='bbox 1273 4369 1556 4442; x_wconf 74' lang='grc' dir='ltr'>προσώπῳ</span> <span class='ocrx_word' id='word_1_657' title='bbox 1579 4374 1677 4425; x_wconf 79' lang='grc' dir='ltr'>τοῦ</span> <span class='ocrx_word' id='word_1_658' title='bbox 1705 4368 1889 4434; x_wconf 82' lang='grc' dir='ltr'>ἐνθέου</span> <span class='ocrx_word' id='word_1_659' title='bbox 1925 4377 2208 4450; x_wconf 79' lang='grc' dir='ltr'>μοναχοῦ;</span> <span class='ocrx_word' id='word_1_660' title='bbox 2245 4398 2273 4426; x_wconf 83' lang='grc'><strong>››</strong></span> 
     </span>
    </p>
   </div>
   <div class='ocr_carea' id='block_1_89' title="bbox 299 4460 1965 4534">
    <p class='ocr_par' dir='ltr' id='par_1_89' title="bbox 299 4460 1965 4534">
     <span class='ocr_line' id='line_1_90' title="bbox 299 4460 1965 4534; baseline 0.001 -17"><span class='ocrx_word' id='word_1_661' title='bbox 299 4499 316 4504; x_wconf 60' lang='grc' dir='ltr'>ν-</span> <span class='ocrx_word' id='word_1_662' title='bbox 377 4463 506 4518; x_wconf 81' lang='grc'><strong>453.</strong></span> <span class='ocrx_word' id='word_1_663' title='bbox 559 4463 672 4518; x_wconf 88' lang='lat' dir='ltr'>Sed</span> <span class='ocrx_word' id='word_1_664' title='bbox 723 4462 797 4518; x_wconf 90' lang='lat' dir='ltr'>ad</span> <span class='ocrx_word' id='word_1_665' title='bbox 846 4461 988 4532; x_wconf 89' lang='lat' dir='ltr'>quid</span> <span class='ocrx_word' id='word_1_666' title='bbox 1042 4461 1155 4516; x_wconf 85' lang='lat' dir='ltr'>ista</span> <span class='ocrx_word' id='word_1_667' title='bbox 1201 4460 1393 4516; x_wconf 89' lang='lat' dir='ltr'>dicere</span> <span class='ocrx_word' id='word_1_668' title='bbox 1441 4461 1786 4518; x_wconf 88' lang='lat' dir='ltr'>hominibus</span> <span class='ocrx_word' id='word_1_669' title='bbox 1817 4479 1965 4534; x_wconf 90' lang='lat' dir='ltr'>quos</span> 
     </span>
    </p>
   </div>
   <div class='ocr_carea' id='block_1_90' title="bbox 2148 4459 3747 4539">
    <p class='ocr_par' dir='ltr' id='par_1_90' title="bbox 2148 4459 3747 4539">
     <span class='ocr_line' id='line_1_91' title="bbox 2148 4459 3747 4539; baseline -0.001 -22"><span class='ocrx_word' id='word_1_670' title='bbox 2148 4464 2282 4539; x_wconf 85' lang='grc' dir='ltr'>ρνγ’.</span> <span class='ocrx_word' id='word_1_671' title='bbox 2322 4463 2386 4517; x_wconf 85' lang='grc' dir='ltr'>Τί</span> <span class='ocrx_word' id='word_1_672' title='bbox 2431 4461 2478 4518; x_wconf 86' lang='grc' dir='ltr'>δ’</span> <span class='ocrx_word' id='word_1_673' title='bbox 2509 4461 2654 4519; x_wconf 83' lang='grc' dir='ltr'>ἀλλὰ</span> <span class='ocrx_word' id='word_1_674' title='bbox 2693 4466 2860 4518; x_wconf 77' lang='grc' dir='ltr'>ταῦτα</span> <span class='ocrx_word' id='word_1_675' title='bbox 2891 4461 3038 4538; x_wconf 85' lang='grc' dir='ltr'>λέγω</span> <span class='ocrx_word' id='word_1_676' title='bbox 3072 4462 3408 4538; x_wconf 81' lang='grc' dir='ltr'>ἀνθρώποις,</span> <span class='ocrx_word' id='word_1_677' title='bbox 3442 4459 3546 4522; x_wconf 78' lang='grc' dir='ltr'>οὓς</span> <span class='ocrx_word' id='word_1_678' title='bbox 3598 4459 3747 4534; x_wconf 77' lang='grc' dir='ltr'>μᾶλ-</span> 
     </span>
    </p>
   </div>
   <div class='ocr_carea' id='block_1_91' title="bbox 303 4546 1958 4629">
    <p class='ocr_par' dir='ltr' id='par_1_91' title="bbox 303 4548 1958 4621">
     <span class='ocr_line' id='line_1_92' title="bbox 303 4548 1958 4621; baseline -0.001 -13"><span class='ocrx_word' id='word_1_679' title='bbox 303 4554 462 4608; x_wconf 82' lang='lat' dir='ltr'>csset</span> <span class='ocrx_word' id='word_1_680' title='bbox 488 4549 694 4606; x_wconf 83' lang='lat' dir='ltr'>utilius</span> <span class='ocrx_word' id='word_1_681' title='bbox 738 4554 902 4606; x_wconf 86' lang='lat' dir='ltr'>extra</span> <span class='ocrx_word' id='word_1_682' title='bbox 951 4548 1282 4606; x_wconf 75' lang='lat' dir='ltr'>coenobium</span> <span class='ocrx_word' id='word_1_683' title='bbox 1339 4550 1570 4618; x_wconf 71' lang='lat' dir='ltr'>degere,</span> <span class='ocrx_word' id='word_1_684' title='bbox 1600 4566 1780 4621; x_wconf 89' lang='lat' dir='ltr'>quam</span> <span class='ocrx_word' id='word_1_685' title='bbox 1810 4550 1958 4608; x_wconf 84' lang='lat' dir='ltr'>intra</span> 
     </span>
    </p>
   </div>
   <div class='ocr_carea' id='block_1_92' title="bbox 2073 4546 3739 4629">
    <p class='ocr_par' dir='ltr' id='par_1_92' title="bbox 2075 4546 3739 4629">
     <span class='ocr_line' id='line_1_93' title="bbox 2075 4546 3739 4629; baseline 0 -25"><span class='ocrx_word' id='word_1_686' title='bbox 2075 4548 2172 4605; x_wconf 79' lang='grc' dir='ltr'>λον</span> <span class='ocrx_word' id='word_1_687' title='bbox 2203 4552 2475 4628; x_wconf 81' lang='grc' dir='ltr'>συμφέρον</span> <span class='ocrx_word' id='word_1_688' title='bbox 2507 4553 2574 4621; x_wconf 79' lang='grc' dir='ltr'>ἦν</span> <span class='ocrx_word' id='word_1_689' title='bbox 2633 4548 2734 4623; x_wconf 78' lang='grc' dir='ltr'>ἔξω</span> <span class='ocrx_word' id='word_1_690' title='bbox 2789 4555 2887 4606; x_wconf 75' lang='grc' dir='ltr'>τοῦ</span> <span class='ocrx_word' id='word_1_691' title='bbox 2929 4551 3353 4629; x_wconf 84' lang='grc' dir='ltr'>φροντιστηρίου</span> <span class='ocrx_word' id='word_1_692' title='bbox 3413 4546 3739 4625; x_wconf 72' lang='grc' dir='ltr'>διιτρίοειν,</span> 
     </span>
    </p>
   </div>
   <div class='ocr_carea' id='block_1_93' title="bbox 304 4633 1958 4717">
    <p class='ocr_par' dir='ltr' id='par_1_93' title="bbox 304 4637 1958 4696">
     <span class='ocr_line' id='line_1_94' title="bbox 304 4637 1958 4696; baseline 0 0"><span class='ocrx_word' id='word_1_693' title='bbox 304 4655 612 4696; x_wconf 85' lang='lat' dir='ltr'>remanere</span> <span class='ocrx_word' id='word_1_694' title='bbox 630 4639 658 4694; x_wconf 70' lang='grc' dir='ltr'><em>Ἰ</em></span> <span class='ocrx_word' id='word_1_695' title='bbox 686 4638 906 4695; x_wconf 81' lang='lat' dir='ltr'>Exinde</span> <span class='ocrx_word' id='word_1_696' title='bbox 935 4639 1094 4694; x_wconf 89' lang='lat' dir='ltr'>enim</span> <span class='ocrx_word' id='word_1_697' title='bbox 1117 4638 1317 4694; x_wconf 87' lang='lat' dir='ltr'>emissi</span> <span class='ocrx_word' id='word_1_698' title='bbox 1342 4637 1640 4695; x_wconf 87' lang='lat' dir='ltr'>licentiam</span> <span class='ocrx_word' id='word_1_699' title='bbox 1665 4639 1812 4695; x_wconf 91' lang='lat' dir='ltr'>nihil</span> <span class='ocrx_word' id='word_1_700' title='bbox 1835 4657 1958 4696; x_wconf 90' lang='lat' dir='ltr'>om-</span> 
     </span>
    </p>
   </div>
   <div class='ocr_carea' id='block_1_94' title="bbox 2073 4633 3744 4717">
    <p class='ocr_par' dir='ltr' id='par_1_94' title="bbox 2073 4635 3744 4717">
     <span class='ocr_line' id='line_1_95' title="bbox 2073 4635 3744 4717; baseline 0.001 -24"><span class='ocrx_word' id='word_1_701' title='bbox 2073 4638 2212 4714; x_wconf 75' lang='grc' dir='ltr'>ἤπερ</span> <span class='ocrx_word' id='word_1_702' title='bbox 2245 4635 2396 4695; x_wconf 76' lang='grc' dir='ltr'>ἔνδον</span> <span class='ocrx_word' id='word_1_703' title='bbox 2443 4641 2617 4713; x_wconf 82' lang='grc' dir='ltr'>μένειν</span> <span class='ocrx_word' id='word_1_704' title='bbox 2649 4659 2662 4709; x_wconf 87' lang='grc'><strong>;</strong></span> <span class='ocrx_word' id='word_1_705' title='bbox 2698 4639 3160 4717; x_wconf 76' lang='grc' dir='ltr'>ιῐροενηνεγμένοι</span> <span class='ocrx_word' id='word_1_706' title='bbox 3221 4640 3316 4714; x_wconf 77' lang='grc' dir='ltr'>μὶν</span> <span class='ocrx_word' id='word_1_707' title='bbox 3357 4640 3458 4715; x_wconf 80' lang='grc' dir='ltr'>γὰρ</span> <span class='ocrx_word' id='word_1_708' title='bbox 3511 4637 3744 4706; x_wconf 77' lang='grc' dir='ltr'>ἐκεῖθεν,</span> 
     </span>
    </p>
   </div>
   <div class='ocr_carea' id='block_1_95' title="bbox 306 4727 1965 4801">
    <p class='ocr_par' dir='ltr' id='par_1_95' title="bbox 306 4727 1965 4801">
     <span class='ocr_line' id='line_1_96' title="bbox 306 4727 1965 4801; baseline 0.001 -17"><span class='ocrx_word' id='word_1_709' title='bbox 306 4727 450 4786; x_wconf 90' lang='lat' dir='ltr'>nino</span> <span class='ocrx_word' id='word_1_710' title='bbox 471 4729 683 4801; x_wconf 81' lang='lat' dir='ltr'>agendi</span> <span class='ocrx_word' id='word_1_711' title='bbox 707 4734 1026 4784; x_wconf 86' lang='lat' dir='ltr'>censentur</span> <span class='ocrx_word' id='word_1_712' title='bbox 1047 4727 1523 4799; x_wconf 88' lang='lat' dir='ltr'>habere.Aliquid</span> <span class='ocrx_word' id='word_1_713' title='bbox 1548 4733 1744 4784; x_wconf 80' lang='lat' dir='ltr'>tamen</span> <span class='ocrx_word' id='word_1_714' title='bbox 1765 4729 1965 4786; x_wconf 87' lang='lat' dir='ltr'>viden-</span> 
     </span>
    </p>
   </div>
   <div class='ocr_carea' id='block_1_96' title="bbox 306 4816 1965 4890">
    <p class='ocr_par' dir='ltr' id='par_1_96' title="bbox 306 4816 1965 4890">
     <span class='ocr_line' id='line_1_97' title="bbox 306 4816 1965 4890; baseline 0.001 -17"><span class='ocrx_word' id='word_1_715' title='bbox 306 4820 408 4874; x_wconf 86' lang='lat' dir='ltr'>tur</span> <span class='ocrx_word' id='word_1_716' title='bbox 437 4833 631 4890; x_wconf 83' lang='lat' dir='ltr'>agere,</span> <span class='ocrx_word' id='word_1_717' title='bbox 663 4818 715 4873; x_wconf 90' lang='lat' dir='ltr'>si</span> <span class='ocrx_word' id='word_1_718' title='bbox 757 4834 872 4873; x_wconf 87' lang='lat' dir='ltr'>non</span> <span class='ocrx_word' id='word_1_719' title='bbox 927 4816 1109 4883; x_wconf 90' lang='lat' dir='ltr'>aliud,</span> <span class='ocrx_word' id='word_1_720' title='bbox 1172 4817 1380 4872; x_wconf 85' lang='lat' dir='ltr'>saltem</span> <span class='ocrx_word' id='word_1_721' title='bbox 1443 4817 1738 4874; x_wconf 82' lang='lat' dir='ltr'>nudantes</span> <span class='ocrx_word' id='word_1_722' title='bbox 1767 4819 1965 4890; x_wconf 87' lang='lat' dir='ltr'>pedes,</span> 
     </span>
    </p>
   </div>
   <div class='ocr_carea' id='block_1_97' title="bbox 307 4903 1965 4978">
    <p class='ocr_par' dir='ltr' id='par_1_97' title="bbox 307 4903 1965 4978">
     <span class='ocr_line' id='line_1_98' title="bbox 307 4903 1965 4978; baseline -0.001 -16"><span class='ocrx_word' id='word_1_723' title='bbox 307 4910 488 4978; x_wconf 77' lang='lat' dir='ltr'>atque</span> <span class='ocrx_word' id='word_1_724' title='bbox 519 4904 796 4961; x_wconf 87' lang='lat' dir='ltr'>sensibus</span> <span class='ocrx_word' id='word_1_725' title='bbox 826 4903 940 4960; x_wconf 86' lang='lat' dir='ltr'>late</span> <span class='ocrx_word' id='word_1_726' title='bbox 974 4903 1360 4976; x_wconf 85' lang='lat' dir='ltr'>percipientes</span> <span class='ocrx_word' id='word_1_727' title='bbox 1387 4921 1402 4971; x_wconf 88' lang='lat'><strong>;</strong></span> <span class='ocrx_word' id='word_1_728' title='bbox 1434 4903 1495 4958; x_wconf 89' lang='lat' dir='ltr'>in</span> <span class='ocrx_word' id='word_1_729' title='bbox 1546 4906 1826 4961; x_wconf 86' lang='lat' dir='ltr'>asceterio</span> <span class='ocrx_word' id='word_1_730' title='bbox 1858 4921 1965 4960; x_wconf 91' lang='lat' dir='ltr'>au-</span> 
     </span>
    </p>
   </div>
   <div class='ocr_carea' id='block_1_98' title="bbox 305 4992 1966 5064">
    <p class='ocr_par' dir='ltr' id='par_1_98' title="bbox 305 4992 1966 5064">
     <span class='ocr_line' id='line_1_99' title="bbox 305 4992 1966 5064; baseline -0.001 -14"><span class='ocrx_word' id='word_1_731' title='bbox 305 4999 430 5050; x_wconf 89' lang='lat' dir='ltr'>tem</span> <span class='ocrx_word' id='word_1_732' title='bbox 464 4994 607 5049; x_wconf 92' lang='lat' dir='ltr'>dum</span> <span class='ocrx_word' id='word_1_733' title='bbox 641 4997 968 5058; x_wconf 88' lang='lat' dir='ltr'>remanent,</span> <span class='ocrx_word' id='word_1_734' title='bbox 1001 4992 1169 5063; x_wconf 88' lang='lat' dir='ltr'>quasi</span> <span class='ocrx_word' id='word_1_735' title='bbox 1200 4992 1474 5048; x_wconf 85' lang='lat' dir='ltr'>manibus</span> <span class='ocrx_word' id='word_1_736' title='bbox 1506 4996 1564 5047; x_wconf 88' lang='lat' dir='ltr'>et</span> <span class='ocrx_word' id='word_1_737' title='bbox 1594 4993 1844 5064; x_wconf 88' lang='lat' dir='ltr'>pedibus</span> <span class='ocrx_word' id='word_1_738' title='bbox 1871 5011 1966 5050; x_wconf 85' lang='lat' dir='ltr'>ca-</span> 
     </span>
    </p>
   </div>
   <div class='ocr_carea' id='block_1_99' title="bbox 305 5081 1963 5153">
    <p class='ocr_par' dir='ltr' id='par_1_99' title="bbox 305 5081 1963 5153">
     <span class='ocr_line' id='line_1_100' title="bbox 305 5081 1963 5153; baseline -0.001 -14"><span class='ocrx_word' id='word_1_739' title='bbox 305 5087 498 5151; x_wconf 86' lang='lat' dir='ltr'>reant,</span> <span class='ocrx_word' id='word_1_740' title='bbox 523 5083 764 5138; x_wconf 91' lang='lat' dir='ltr'>omnino</span> <span class='ocrx_word' id='word_1_741' title='bbox 787 5081 960 5138; x_wconf 90' lang='lat' dir='ltr'>otiosi</span> <span class='ocrx_word' id='word_1_742' title='bbox 981 5096 1169 5152; x_wconf 90' lang='lat' dir='ltr'>usque</span> <span class='ocrx_word' id='word_1_743' title='bbox 1192 5082 1261 5136; x_wconf 92' lang='lat' dir='ltr'>ad</span> <span class='ocrx_word' id='word_1_744' title='bbox 1289 5085 1536 5136; x_wconf 90' lang='lat' dir='ltr'>mortem</span> <span class='ocrx_word' id='word_1_745' title='bbox 1570 5087 1963 5153; x_wconf 89' lang='lat' dir='ltr'>perseverant.</span> 
     </span>
    </p>
   </div>
   <div class='ocr_carea' id='block_1_100' title="bbox 302 5169 1968 5242">
    <p class='ocr_par' dir='ltr' id='par_1_100' title="bbox 302 5169 1968 5242">
     <span class='ocr_line' id='line_1_101' title="bbox 302 5169 1968 5242; baseline 0 -16"><span class='ocrx_word' id='word_1_746' title='bbox 302 5173 553 5228; x_wconf 87' lang='lat' dir='ltr'>Litteras</span> <span class='ocrx_word' id='word_1_747' title='bbox 585 5171 826 5242; x_wconf 91' lang='lat' dir='ltr'>quidem</span> <span class='ocrx_word' id='word_1_748' title='bbox 889 5187 1004 5224; x_wconf 92' lang='lat' dir='ltr'>non</span> <span class='ocrx_word' id='word_1_749' title='bbox 1066 5179 1370 5237; x_wconf 71' lang='lat' dir='ltr'>noverunt,</span> <span class='ocrx_word' id='word_1_750' title='bbox 1417 5185 1554 5224; x_wconf 89' lang='lat' dir='ltr'>cum</span> <span class='ocrx_word' id='word_1_751' title='bbox 1604 5169 1869 5241; x_wconf 90' lang='lat' dir='ltr'>plerique</span> <span class='ocrx_word' id='word_1_752' title='bbox 1900 5188 1968 5226; x_wconf 88' lang='lat' dir='ltr'>ex</span> 
     </span>
    </p>
   </div>
   <div class='ocr_carea' id='block_1_101' title="bbox 303 5259 1969 5327">
    <p class='ocr_par' dir='ltr' id='par_1_101' title="bbox 303 5259 1969 5327">
     <span class='ocr_line' id='line_1_102' title="bbox 303 5259 1969 5327; baseline -0.002 -10"><span class='ocrx_word' id='word_1_753' title='bbox 303 5260 559 5317; x_wconf 74' lang='lat' dir='ltr'>officinis</span> <span class='ocrx_word' id='word_1_754' title='bbox 589 5261 847 5325; x_wconf 86' lang='lat' dir='ltr'>veniant,</span> <span class='ocrx_word' id='word_1_755' title='bbox 882 5264 984 5315; x_wconf 88' lang='lat' dir='ltr'>aut</span> <span class='ocrx_word' id='word_1_756' title='bbox 1013 5259 1191 5314; x_wconf 81' lang='lat' dir='ltr'>aliam</span> <span class='ocrx_word' id='word_1_757' title='bbox 1242 5262 1429 5312; x_wconf 84' lang='lat' dir='ltr'>artem</span> <span class='ocrx_word' id='word_1_758' title='bbox 1475 5261 1876 5327; x_wconf 86' lang='lat' dir='ltr'>exercuerint;</span> <span class='ocrx_word' id='word_1_759' title='bbox 1910 5265 1969 5314; x_wconf 87' lang='lat' dir='ltr'>et</span> 
     </span>
    </p>
   </div>
   <div class='ocr_carea' id='block_1_102' title="bbox 303 5347 1967 5418">
    <p class='ocr_par' dir='ltr' id='par_1_102' title="bbox 303 5347 1967 5418">
     <span class='ocr_line' id='line_1_103' title="bbox 303 5347 1967 5418; baseline -0.002 -14"><span class='ocrx_word' id='word_1_760' title='bbox 303 5365 421 5406; x_wconf 89' lang='lat' dir='ltr'>non</span> <span class='ocrx_word' id='word_1_761' title='bbox 448 5349 578 5404; x_wconf 93' lang='lat' dir='ltr'>dico</span> <span class='ocrx_word' id='word_1_762' title='bbox 612 5347 682 5404; x_wconf 86' lang='lat' dir='ltr'>de</span> <span class='ocrx_word' id='word_1_763' title='bbox 714 5347 1210 5418; x_wconf 89' lang='lat' dir='ltr'>quibuscumque,</span> <span class='ocrx_word' id='word_1_764' title='bbox 1246 5347 1346 5400; x_wconf 89' lang='lat' dir='ltr'>sed</span> <span class='ocrx_word' id='word_1_765' title='bbox 1380 5352 1436 5401; x_wconf 85' lang='lat' dir='ltr'>et</span> <span class='ocrx_word' id='word_1_766' title='bbox 1485 5347 1555 5401; x_wconf 90' lang='lat' dir='ltr'>de</span> <span class='ocrx_word' id='word_1_767' title='bbox 1587 5347 1967 5418; x_wconf 83' lang='lat' dir='ltr'>peritioribus</span> 
     </span>
    </p>
   </div>
   <div class='ocr_carea' id='block_1_103' title="bbox 303 5434 1966 5506">
    <p class='ocr_par' dir='ltr' id='par_1_103' title="bbox 303 5434 1966 5506">
     <span class='ocr_line' id='line_1_104' title="bbox 303 5434 1966 5506; baseline -0.002 -12"><span class='ocrx_word' id='word_1_768' title='bbox 303 5437 634 5496; x_wconf 83' lang='lat' dir='ltr'>artificibus</span> <span class='ocrx_word' id='word_1_769' title='bbox 662 5454 676 5505; x_wconf 90' lang='lat'><strong>;</strong></span> <span class='ocrx_word' id='word_1_770' title='bbox 711 5437 886 5492; x_wconf 87' lang='lat' dir='ltr'>multi</span> <span class='ocrx_word' id='word_1_771' title='bbox 919 5435 1316 5506; x_wconf 88' lang='lat' dir='ltr'>compitorum</span> <span class='ocrx_word' id='word_1_772' title='bbox 1349 5434 1526 5490; x_wconf 86' lang='lat' dir='ltr'>etiam</span> <span class='ocrx_word' id='word_1_773' title='bbox 1575 5441 1714 5491; x_wconf 88' lang='lat' dir='ltr'>sunt</span> <span class='ocrx_word' id='word_1_774' title='bbox 1744 5435 1966 5506; x_wconf 62' lang='lat' dir='ltr'>incolae,</span> 
     </span>
    </p>
   </div>
   <div class='ocr_carea' id='block_1_104' title="bbox 308 5521 1968 5597">
    <p class='ocr_par' dir='ltr' id='par_1_104' title="bbox 308 5521 1968 5597">
     <span class='ocr_line' id='line_1_105' title="bbox 308 5521 1968 5597; baseline -0.001 -14"><span class='ocrx_word' id='word_1_775' title='bbox 308 5525 394 5584; x_wconf 87' lang='lat' dir='ltr'>ita</span> <span class='ocrx_word' id='word_1_776' title='bbox 425 5531 490 5583; x_wconf 90' lang='lat' dir='ltr'>ut</span> <span class='ocrx_word' id='word_1_777' title='bbox 519 5540 707 5596; x_wconf 83' lang='lat' dir='ltr'>neque</span> <span class='ocrx_word' id='word_1_778' title='bbox 737 5525 1023 5582; x_wconf 86' lang='lat' dir='ltr'>librorum</span> <span class='ocrx_word' id='word_1_779' title='bbox 1075 5521 1310 5580; x_wconf 79' lang='lat' dir='ltr'>casulas</span> <span class='ocrx_word' id='word_1_780' title='bbox 1358 5524 1434 5580; x_wconf 88' lang='lat' dir='ltr'>ad</span> <span class='ocrx_word' id='word_1_781' title='bbox 1463 5523 1820 5594; x_wconf 77' lang='lat' dir='ltr'>acquirendo</span> <span class='ocrx_word' id='word_1_782' title='bbox 1847 5526 1968 5597; x_wconf 89' lang='lat' dir='ltr'>spi-</span> 
     </span>
    </p>
   </div>
   <div class='ocr_carea' id='block_1_105' title="bbox 386 5741 849 5816">
    <p class='ocr_par' dir='ltr' id='par_1_105' title="bbox 386 5741 849 5816">
     <span class='ocr_line' id='line_1_106' title="bbox 386 5741 849 5816; baseline 0 -16"><span class='ocrx_word' id='word_1_783' title='bbox 386 5741 435 5779; x_wconf 77' lang='grc'>⁸²</span> <span class='ocrx_word' id='word_1_784' title='bbox 464 5741 619 5802; x_wconf 79' lang='lat' dir='ltr'>Psal.</span> <span class='ocrx_word' id='word_1_785' title='bbox 647 5759 765 5816; x_wconf 77' lang='lat' dir='ltr'>xm,</span> <span class='ocrx_word' id='word_1_786' title='bbox 794 5745 849 5801; x_wconf 88' lang='lat'>3.</span> 
     </span>
    </p>
   </div>
   <div class='ocr_carea' id='block_1_106' title="bbox 2074 4725 3745 4807">
    <p class='ocr_par' dir='ltr' id='par_1_106' title="bbox 2074 4725 3745 4807">
     <span class='ocr_line' id='line_1_107' title="bbox 2074 4725 3745 4807; baseline -0.002 -23"><span class='ocrx_word' id='word_1_787' title='bbox 2074 4727 2336 4797; x_wconf 82' lang='grc' dir='ltr'>ἀδειάζειν</span> <span class='ocrx_word' id='word_1_788' title='bbox 2397 4725 2616 4784; x_wconf 81' lang='grc' dir='ltr'>δοκοῦσι</span> <span class='ocrx_word' id='word_1_789' title='bbox 2667 4733 2765 4784; x_wconf 81' lang='grc' dir='ltr'>τοῦ</span> <span class='ocrx_word' id='word_1_790' title='bbox 2812 4729 2982 4804; x_wconf 74' lang='grc' dir='ltr'>πάντῃ</span> <span class='ocrx_word' id='word_1_791' title='bbox 3029 4729 3235 4807; x_wconf 84' lang='grc' dir='ltr'>ἀργεῖν.</span> <span class='ocrx_word' id='word_1_792' title='bbox 3265 4728 3376 4784; x_wconf 85' lang='grc' dir='ltr'>Καί</span> <span class='ocrx_word' id='word_1_793' title='bbox 3428 4750 3475 4784; x_wconf 88' lang='grc' dir='ltr'>τι</span> <span class='ocrx_word' id='word_1_794' title='bbox 3517 4725 3745 4806; x_wconf 72' lang='grc' dir='ltr'>φαίνον-</span> 
     </span>
    </p>
   </div>
   <div class='ocr_carea' id='block_1_107' title="bbox 2071 4813 3742 4892">
    <p class='ocr_par' dir='ltr' id='par_1_107' title="bbox 2071 4813 3742 4892">
     <span class='ocr_line' id='line_1_108' title="bbox 2071 4813 3742 4892; baseline -0.002 -19"><span class='ocrx_word' id='word_1_795' title='bbox 2071 4839 2160 4873; x_wconf 86' lang='grc' dir='ltr'>ται</span> <span class='ocrx_word' id='word_1_796' title='bbox 2214 4823 2413 4886; x_wconf 87' lang='grc' dir='ltr'>ποιεῖν,</span> <span class='ocrx_word' id='word_1_797' title='bbox 2469 4817 2514 4872; x_wconf 87' lang='grc' dir='ltr'>εὶ</span> <span class='ocrx_word' id='word_1_798' title='bbox 2578 4815 2749 4892; x_wconf 71' lang='grc' dir='ltr'>μηδὲν</span> <span class='ocrx_word' id='word_1_799' title='bbox 2809 4815 2974 4889; x_wconf 77' lang='grc' dir='ltr'>ἄλλο,</span> <span class='ocrx_word' id='word_1_800' title='bbox 3035 4817 3182 4875; x_wconf 81' lang='grc' dir='ltr'>ἀλλά</span> <span class='ocrx_word' id='word_1_801' title='bbox 3236 4815 3328 4872; x_wconf 87' lang='grc' dir='ltr'>καὶ</span> <span class='ocrx_word' id='word_1_802' title='bbox 3375 4815 3505 4879; x_wconf 74' lang='grc' dir='ltr'>τοὺς</span> <span class='ocrx_word' id='word_1_803' title='bbox 3563 4813 3742 4878; x_wconf 79' lang='grc' dir='ltr'>πόδας</span> 
     </span>
    </p>
   </div>
   <div class='ocr_carea' id='block_1_108' title="bbox 2073 4903 3743 4983">
    <p class='ocr_par' dir='ltr' id='par_1_108' title="bbox 2073 4903 3743 4983">
     <span class='ocr_line' id='line_1_109' title="bbox 2073 4903 3743 4983; baseline -0.002 -21"><span class='ocrx_word' id='word_1_804' title='bbox 2073 4906 2460 4983; x_wconf 85' lang='grc' dir='ltr'>γυμνάζοντες,</span> <span class='ocrx_word' id='word_1_805' title='bbox 2517 4908 2610 4962; x_wconf 79' lang='grc' dir='ltr'>καὶ</span> <span class='ocrx_word' id='word_1_806' title='bbox 2665 4912 2786 4970; x_wconf 83' lang='grc' dir='ltr'>ταῖς</span> <span class='ocrx_word' id='word_1_807' title='bbox 2845 4906 3158 4978; x_wconf 76' lang='grc' dir='ltr'>αῗσθήσεσιν</span> <span class='ocrx_word' id='word_1_808' title='bbox 3215 4906 3292 4969; x_wconf 78' lang='grc' dir='ltr'>εἰς</span> <span class='ocrx_word' id='word_1_809' title='bbox 3353 4903 3534 4960; x_wconf 81' lang='grc' dir='ltr'>πλατῦ</span> <span class='ocrx_word' id='word_1_810' title='bbox 3591 4903 3743 4981; x_wconf 85' lang='grc' dir='ltr'>ἐνερ-</span> 
     </span>
    </p>
   </div>
   <div class='ocr_carea' id='block_1_109' title="bbox 2073 4991 3744 5071">
    <p class='ocr_par' dir='ltr' id='par_1_109' title="bbox 2073 4991 3744 5071">
     <span class='ocr_line' id='line_1_110' title="bbox 2073 4991 3744 5071; baseline -0.001 -21"><span class='ocrx_word' id='word_1_811' title='bbox 2073 5001 2315 5071; x_wconf 80' lang='grc' dir='ltr'>γοῦντες·</span> <span class='ocrx_word' id='word_1_812' title='bbox 2363 5000 2460 5051; x_wconf 78' lang='grc' dir='ltr'>τοῦ</span> <span class='ocrx_word' id='word_1_813' title='bbox 2515 4993 2574 5051; x_wconf 76' lang='grc' dir='ltr'>δὲ</span> <span class='ocrx_word' id='word_1_814' title='bbox 2629 4995 2968 5071; x_wconf 78' lang='grc' dir='ltr'>ἀσκητηρίου</span> <span class='ocrx_word' id='word_1_815' title='bbox 3027 4991 3200 5068; x_wconf 74' lang='grc' dir='ltr'>ὄντες,</span> <span class='ocrx_word' id='word_1_816' title='bbox 3228 4991 3512 5056; x_wconf 80' lang='grc' dir='ltr'>παντελῶς</span> <span class='ocrx_word' id='word_1_817' title='bbox 3573 4991 3744 5070; x_wconf 77' lang='grc' dir='ltr'>ἄπρα-</span> 
     </span>
    </p>
   </div>
   <div class='ocr_carea' id='block_1_110' title="bbox 2072 5080 3738 5160">
    <p class='ocr_par' dir='ltr' id='par_1_110' title="bbox 2072 5080 3738 5160">
     <span class='ocr_line' id='line_1_111' title="bbox 2072 5080 3738 5160; baseline -0.001 -21"><span class='ocrx_word' id='word_1_818' title='bbox 2072 5105 2194 5139; x_wconf 87' lang='grc' dir='ltr'>κτοι</span> <span class='ocrx_word' id='word_1_819' title='bbox 2251 5084 2738 5160; x_wconf 84' lang='grc' dir='ltr'>ἀποκαρτεροῦσιν,</span> <span class='ocrx_word' id='word_1_820' title='bbox 2787 5085 2860 5147; x_wconf 90' lang='grc' dir='ltr'>ὠς</span> <span class='ocrx_word' id='word_1_821' title='bbox 2916 5083 2962 5138; x_wconf 78' lang='grc' dir='ltr'>εί</span> <span class='ocrx_word' id='word_1_822' title='bbox 3013 5085 3105 5140; x_wconf 82' lang='grc' dir='ltr'>καὶ</span> <span class='ocrx_word' id='word_1_823' title='bbox 3175 5085 3395 5160; x_wconf 81' lang='grc' dir='ltr'>ἄχειρες</span> <span class='ocrx_word' id='word_1_824' title='bbox 3452 5081 3593 5152; x_wconf 78' lang='grc' dir='ltr'>ἦσαν</span> <span class='ocrx_word' id='word_1_825' title='bbox 3649 5080 3738 5138; x_wconf 79' lang='grc' dir='ltr'>καὶ</span> 
     </span>
    </p>
   </div>
   <div class='ocr_carea' id='block_1_111' title="bbox 2076 5170 3733 5249">
    <p class='ocr_par' dir='ltr' id='par_1_111' title="bbox 2076 5170 3733 5249">
     <span class='ocr_line' id='line_1_112' title="bbox 2076 5170 3733 5249; baseline 0 -22"><span class='ocrx_word' id='word_1_826' title='bbox 2076 5170 2296 5234; x_wconf 81' lang='grc' dir='ltr'>ἄποδες.</span> <span class='ocrx_word' id='word_1_827' title='bbox 2332 5175 2634 5249; x_wconf 85' lang='grc' dir='ltr'>Γράμματα</span> <span class='ocrx_word' id='word_1_828' title='bbox 2676 5174 2771 5248; x_wconf 65' lang='grc' dir='ltr'>μὲν</span> <span class='ocrx_word' id='word_1_829' title='bbox 2811 5173 2912 5249; x_wconf 79' lang='grc' dir='ltr'>γὰρ</span> <span class='ocrx_word' id='word_1_830' title='bbox 2955 5173 3054 5228; x_wconf 78' lang='grc' dir='ltr'>οὐκ</span> <span class='ocrx_word' id='word_1_831' title='bbox 3102 5170 3341 5240; x_wconf 66' lang='grc' dir='ltr'>οἴδασιν,</span> <span class='ocrx_word' id='word_1_832' title='bbox 3373 5171 3429 5242; x_wconf 76' lang='grc' dir='ltr'>ἐξ</span> <span class='ocrx_word' id='word_1_833' title='bbox 3479 5170 3733 5248; x_wconf 84' lang='grc' dir='ltr'>ἐργαστη-</span> 
     </span>
    </p>
   </div>
   <div class='ocr_carea' id='block_1_112' title="bbox 2079 5259 3730 5336">
    <p class='ocr_par' dir='ltr' id='par_1_112' title="bbox 2079 5259 3730 5336">
     <span class='ocr_line' id='line_1_113' title="bbox 2079 5259 3730 5336; baseline 0.002 -21"><span class='ocrx_word' id='word_1_834' title='bbox 2079 5262 2207 5336; x_wconf 90' lang='grc' dir='ltr'>ρίων</span> <span class='ocrx_word' id='word_1_835' title='bbox 2236 5263 2288 5316; x_wconf 72' lang='grc' dir='ltr'>οἱ</span> <span class='ocrx_word' id='word_1_836' title='bbox 2319 5262 2549 5325; x_wconf 88' lang='grc' dir='ltr'>πλείους</span> <span class='ocrx_word' id='word_1_837' title='bbox 2595 5261 2845 5332; x_wconf 76' lang='grc' dir='ltr'>ἥκοντες,</span> <span class='ocrx_word' id='word_1_838' title='bbox 2877 5263 2969 5318; x_wconf 73' lang='grc' dir='ltr'>καὶ</span> <span class='ocrx_word' id='word_1_839' title='bbox 3023 5260 3212 5325; x_wconf 76' lang='grc' dir='ltr'>ἄλλως</span> <span class='ocrx_word' id='word_1_840' title='bbox 3264 5259 3323 5316; x_wconf 73' lang='grc' dir='ltr'>δὶ</span> <span class='ocrx_word' id='word_1_841' title='bbox 3369 5261 3730 5336; x_wconf 71' lang='grc' dir='ltr'>χειρώνακτες</span> 
     </span>
    </p>
   </div>
   <div class='ocr_carea' id='block_1_113' title="bbox 2077 5345 3745 5427">
    <p class='ocr_par' dir='ltr' id='par_1_113' title="bbox 2077 5345 3745 5427">
     <span class='ocr_line' id='line_1_114' title="bbox 2077 5345 3745 5427; baseline -0.002 -22"><span class='ocrx_word' id='word_1_842' title='bbox 2077 5345 2227 5413; x_wconf 79' lang='grc' dir='ltr'>ὅντες</span> <span class='ocrx_word' id='word_1_843' title='bbox 2263 5370 2275 5385; x_wconf 84' lang='grc'><em>’</em></span> <span class='ocrx_word' id='word_1_844' title='bbox 2337 5352 2426 5407; x_wconf 86' lang='grc' dir='ltr'>καὶ</span> <span class='ocrx_word' id='word_1_845' title='bbox 2488 5349 2616 5407; x_wconf 79' lang='grc' dir='ltr'>οὐδὲ</span> <span class='ocrx_word' id='word_1_846' title='bbox 2687 5353 2738 5407; x_wconf 80' lang='grc' dir='ltr'>οἱ</span> <span class='ocrx_word' id='word_1_847' title='bbox 2817 5352 3105 5427; x_wconf 86' lang='grc' dir='ltr'>τυχόντες,</span> <span class='ocrx_word' id='word_1_848' title='bbox 3163 5349 3311 5406; x_wconf 78' lang='grc' dir='ltr'>ἀλλὰ</span> <span class='ocrx_word' id='word_1_849' title='bbox 3379 5350 3745 5423; x_wconf 70' lang='grc' dir='ltr'>ἐπιστήμονες</span> 
     </span>
    </p>
   </div>
   <div class='ocr_carea' id='block_1_114' title="bbox 2083 5433 3755 5517">
    <p class='ocr_par' dir='ltr' id='par_1_114' title="bbox 2083 5433 3755 5517">
     <span class='ocr_line' id='line_1_115' title="bbox 2083 5433 3755 5517; baseline -0.002 -22"><span class='ocrx_word' id='word_1_850' title='bbox 2083 5440 2360 5514; x_wconf 88' lang='grc' dir='ltr'>βάναυσοι·</span> <span class='ocrx_word' id='word_1_851' title='bbox 2421 5439 2628 5497; x_wconf 86' lang='grc' dir='ltr'>πολλοὶ</span> <span class='ocrx_word' id='word_1_852' title='bbox 2687 5438 2746 5496; x_wconf 72' lang='grc' dir='ltr'>δέ</span> <span class='ocrx_word' id='word_1_853' title='bbox 2798 5441 2889 5496; x_wconf 85' lang='grc' dir='ltr'>καὶ</span> <span class='ocrx_word' id='word_1_854' title='bbox 2945 5438 3179 5517; x_wconf 86' lang='grc' dir='ltr'>τριόδων</span> <span class='ocrx_word' id='word_1_855' title='bbox 3245 5433 3542 5514; x_wconf 74' lang='grc' dir='ltr'>τρίϐωνες’</span> <span class='ocrx_word' id='word_1_856' title='bbox 3607 5439 3755 5493; x_wconf 80' lang='grc' dir='ltr'>ὥστε</span> 
     </span>
    </p>
   </div>
   <div class='ocr_carea' id='block_1_115' title="bbox 2079 5523 3754 5608">
    <p class='ocr_par' dir='ltr' id='par_1_115' title="bbox 2079 5523 3754 5608">
     <span class='ocr_line' id='line_1_116' title="bbox 2079 5523 3754 5608; baseline -0.001 -25"><span class='ocrx_word' id='word_1_857' title='bbox 2079 5527 2202 5586; x_wconf 78' lang='grc' dir='ltr'>οὕτε</span> <span class='ocrx_word' id='word_1_858' title='bbox 2255 5529 2599 5606; x_wconf 82' lang='grc' dir='ltr'>περιέλευσις</span> <span class='ocrx_word' id='word_1_859' title='bbox 2649 5529 2702 5586; x_wconf 88' lang='grc' dir='ltr'>ἐν</span> <span class='ocrx_word' id='word_1_860' title='bbox 2753 5529 2944 5600; x_wconf 63' lang='grc' dir='ltr'>αύτοῖς</span> <span class='ocrx_word' id='word_1_861' title='bbox 3007 5525 3304 5608; x_wconf 68' lang='grc' dir='ltr'>βιϐλιακοῦ</span> <span class='ocrx_word' id='word_1_862' title='bbox 3357 5523 3610 5606; x_wconf 71' lang='grc' dir='ltr'>ἐδαφίουε</span> <span class='ocrx_word' id='word_1_863' title='bbox 3669 5526 3754 5591; x_wconf 79' lang='grc' dir='ltr'>εἲς</span> 
     </span>
    </p>
   </div>
  </div>
