4060 6410
379 431 499 492 857

1385 436 1490 498 DE
1533 437 2021 500 EMENDANDA
2072 437 2258 504 νιτΑ
2303 441 2786 506 MONACHIGA.

3671 454 3792 517 858

376 561 639 640 ἑμπορίαν
694 566 1092 637 πνευματικὴν,
1163 563 1288 622 οὔτε
1349 567 1607 643 ἀκρόασις
1668 568 2025 646 ἀναγνώσμα-

2146 575 2375 632 ritualia
2431 577 2812 644 circumeant,
2873 596 3060 652 neque
3119 583 3363 639 audiant
3417 591 3678 642 sanctam
3709 588 3792 644 le-

373 674 466 715 τος
498 655 672 729 ἱεροῦ,
719 653 868 722 πλὴν
923 655 968 709 εί
1022 653 1125 731 ἄρα
1180 653 1232 709 ἐν
1272 662 1448 732 καιρῷ
1503 653 1856 729 κοινοϐιακῆς
1895 659 2028 714 ἐστι·

377 746 594 804 ἀσειυς·
656 742 685 797 ὃ
762 745 849 798 καὶ
922 743 1086 820 φαίης
1164 744 1223 798 ἂν
1300 744 1682 823 ἐπιτραπέζιον
1766 747 2028 824 εὑρίσκειν

378 830 599 905 ἔδεσμα,
651 832 728 894 ὡς
776 834 866 887 οἷα
903 832 1030 896 τοὺς
1076 832 1274 909 λόγους
1323 835 1463 891 οὕτω
1520 841 1616 892 τοῦ
1664 842 1797 893 Θεοῦ
1855 841 2035 913 ψωμι-

381 921 630 994 ζόμενος.
1616 923 1624 932 ί

454 1025 581 1105 ρνδ’.
633 1027 734 1082 Καὶ
789 1026 900 1084 ἔστι
956 1028 1052 1104 μὲν
1101 1029 1271 1087 καλὸν
1311 1032 1401 1087 καὶ
1455 1033 1586 1089 αὐτὸ
1625 1033 1770 1110 παρά
1815 1056 1874 1111 γε
1913 1040 2031 1098 τοῖς

379 1118 470 1173 καὶ
531 1118 814 1191 μανθάνειν
895 1117 1144 1175 ἐθέλουσι
1217 1122 1306 1176 καὶ
1364 1123 1890 1196 ἀναμιμνήσκεσθαι,
1941 1122 2034 1179 ’ίνα

383 1203 466 1276 εἷή
505 1210 690 1280 μεῖζον
741 1208 1014 1272 κάνταῦθα
1053 1212 1150 1265 τοῦ
1195 1208 1357 1285 ἔργου
1407 1212 1470 1266 τὸ
1518 1214 1785 1290 πάρεργον
1817 1233 1828 1246 ·
1882 1213 1942 1268 σὺ
1976 1210 2033 1268 δὲ

383 1294 530 1351 ἀλλά
603 1296 973 1371 παροιμιακόν
1030 1319 1082 1354 τι
1138 1303 1275 1368 ζῶον
1335 1299 1549 1364 ἀκούεις
1610 1299 1777 1378 λύρας
1831 1302 2033 1374 ταύτης

378 1391 778 1457 πνευματικῆς,
835 1388 1128 1462 ὁπερηχῶν
1207 1389 1307 1458 τὴν
1384 1389 1651 1462 ἠρεμαίαν
1735 1390 2034 1466 ἀναγνωσιν

377 1477 457 1545 τῷ
481 1493 541 1528 τε
569 1472 774 1547 κόμπῳ
818 1478 927 1529 τῶν
978 1497 1121 1548 μαση
1134 1478 1342 1550 μάτων,
1385 1478 1476 1532 καὶ
1525 1478 1605 1539 οἷς
1632 1479 1699 1534 τὰ
1729 1479 1913 1535 πολλὰ
1941 1479 2031 1534 καὶ

380 1563 431 1617 ἰν
463 1565 532 1636 τῇ
562 1562 803 1638 τραπέζῃ
860 1563 1230 1642 βλασφημεῖς,
1268 1567 1355 1620 καὶ
1397 1568 1614 1640 μάλισθ’
1640 1569 1764 1623 ὅταν
1799 1569 2030 1644 σπανίζῃ

382 1651 619 1727 ἑταιρίας
675 1653 738 1706 τὸ
787 1652 1143 1728 ὶστιατόριον.
1205 1653 1394 1710 Φίλων
1453 1655 1552 1731 γὰρ
1603 1677 1688 1711 τοι
1736 1677 2034 1733 παρατετυ-

384 1740 666 1816 χηκότων,
712 1741 901 1816 βαθεῖα
948 1743 1180 1816 νηνεμία
1220 1749 1420 1817 κοσμεῖ
1463 1745 1562 1813 τήν
1615 1747 1904 1821 τράπεζαν,
1934 1750 2038 1815 τῆς

387 1827 674 1900 δεσποίνης
750 1829 1089 1908 ύποκρίσεως
1164 1829 1693 1907 διοικονομουμένης
1766 1835 1917 1890 τουτὶ
1973 1835 2035 1890 τὸ

2140 665 2414 735 ctionem,
2449 667 2560 722 nisi
2586 668 2731 724 forte
2763 686 2935 724 omnes
2959 673 3294 728 communis
3329 678 3790 749 tempore,quem

2142 755 2335 811 cibum
2369 756 2591 812 diceres
2616 774 2844 814 menses
2870 762 3109 832 apponi,
3137 762 3296 817 velut
3324 764 3372 819 si
3404 765 3578 822 verba
3610 766 3708 822 Dei
3733 768 3792 822 in

2142 844 2361 900 frustra
2393 851 2744 902 resecentur.

2215 1023 2338 1077 154.
2371 1025 2534 1080 Istud
2560 1025 2738 1080 etiam
2763 1027 2982 1082 bonum
3005 1031 3095 1084 est
3121 1029 3495 1101 cupientibus
3525 1030 3716 1088 dicere
3739 1036 3797 1088 et

2143 1112 2508 1180 meminisse,
2538 1113 2674 1170 licet
2722 1132 2870 1186 opus
2917 1119 3330 1173 secundarium
3383 1119 3570 1190 primo
3605 1121 3797 1191 majus

2143 1201 2242 1255 sit.
2275 1205 2355 1256 Tu
2389 1207 2580 1258 autem
2614 1203 2724 1258 vile
2772 1207 3068 1276 quoddam
3115 1207 3331 1262 animal
3390 1209 3533 1263 bene
3565 1214 3795 1280 notum,

2144 1291 2314 1347 audis
2371 1291 2543 1363 longe
2575 1293 2804 1349 diversa
2859 1294 2930 1349 ab
2975 1294 3089 1350 ista
3147 1296 3272 1368 lyra
3329 1297 3660 1368 spirituali;
3713 1297 3796 1353 le-

2144 1379 2399 1436 ctionem
2452 1382 2776 1436 modestam
2825 1383 3074 1453 strepitu
3105 1385 3348 1440 convivii
3400 1387 3706 1458 opprimis,
3742 1393 3799 1443 et

2146 1469 2555 1540 frequentibus
2586 1470 2972 1542 blasphemiis
3015 1474 3085 1527 ad
3133 1490 3421 1539 mensam,
3471 1476 3794 1548 praesertim

2145 1575 2278 1612 cum
2313 1558 2542 1615 sodales
2574 1577 2604 1614 e
2633 1560 2931 1616 comaculo
2963 1561 3198 1617 absunt.
3239 1563 3459 1618 Amicis
3502 1565 3658 1620 enim
3691 1567 3793 1621 ad-

2145 1649 2462 1717 stantibus,
2499 1666 2762 1704 mensam
2808 1651 3045 1707 decorat
3091 1651 3272 1709 allum
3325 1653 3652 1722 silentium,
3685 1656 3797 1711 hoc

2145 1738 2366 1793 bonum
2400 1739 2771 1795 ministrante
2803 1744 2860 1795 et
2890 1740 3131 1796 docente
3162 1742 3454 1814 hypocrisi
3487 1743 3796 1816 magistra.

2147 1828 2312 1899 Apud
2350 1829 2656 1899 przsdictos
2688 1829 3026 1901 monachos,
3060 1835 3123 1884 ut
3153 1831 3432 1897 diximus,
3466 1850 3654 1905 neque
3684 1832 3799 1888 lec-

383 1917 570 1974 καλόν.
605 1915 739 1974 Ούτε
784 1920 985 1991 τοίνυν,
1041 1920 1171 1997 ὅπερ
1218 1920 1444 2000 ἔφαμεν,
1493 1921 1794 1999 ἀνάγνωσις
1835 1923 1888 1980 ἐν
1920 1929 2034 1987 τοῖς

2146 1917 2248 1984 tio,
2281 1933 2468 1988 neque
2498 1918 2784 1973 bonorum
2839 1934 3080 1990 operum
3111 1921 3464 1990 exercitatio,
3499 1939 3534 1978 a
3583 1922 3798 1994 quibus

384 2007 838 2082 ἀνατεταγμένοις
901 2017 1192 2086 μοναχοῖς,
1250 2009 1372 2066 οὕτε
1445 2011 1628 2068 καλῶν
1687 2007 1864 2089 ἔργων
1923 2012 2040 2069 ἐπι·

393 2092 562 2166 ϐολὴ,
597 2098 670 2151 ὧν
704 2098 970 2174 ἀπέχουσι
1017 2100 1111 2162 τὰς
1161 2105 1352 2176 χεῖρας
1401 2100 1527 2155 ὡσεὶ
1575 2101 1665 2156 καί
1703 2122 1850 2164 τινος
1912 2104 2043 2176 μιάο

396 2207 599 2259 σματος
635 2203 649 2216 ·
709 2188 857 2262 τάχα
905 2209 1011 2242 που
1066 2189 1156 2243 καὶ
1214 2183 1461 2251 εὐλαϐῶς
1505 2185 1725 2266 ἔχοντες
1774 2191 2044 2264 ἀκκισμοῦ

395 2272 546 2349 λόγῳ
574 2273 612 2345 ἢ
656 2279 991 2351 σικχασμοῦ,
1027 2278 1103 2349 μὴ
1151 2277 1241 2332 καὶ
1287 2275 1534 2353 δυσγενὲς
1571 2274 1655 2349 εἷή
1711 2278 1801 2334 καὶ
1847 2279 2043 2352 ἀτιμο-

399 2364 556 2418 ποιὸν
594 2369 862 2440 μοναχοῖς
901 2365 965 2421 τὸ
1014 2366 1066 2422 ἐν
1121 2364 1295 2422 δέοντι
1345 2373 1710 2444 χειρουργεῖν.
1743 2367 2042 2433 Κάντεῦθεν

394 2452 720 2529 ἀργολογίαι
771 2452 1156 2510 πολιτεύονται
1204 2457 1333 2530 παρ’
1374 2456 1580 2530 αὐτοῖς,
1628 2455 1701 2512 ὧν
1743 2455 1896 2512 ούδὶν
1918 2459 2042 2533 κέρ-

392 2537 484 2604 δος
527 2542 913 2615 πνευματικόν.
980 2545 1085 2600 Καὶ
1147 2548 1308 2599 τοῦτο
1360 2547 1454 2617 μὲν
1503 2545 1863 2622 ζωϊκώτερον,
1925 2546 2038 2601 ἐπεὶ

388 2628 481 2684 καὶ
529 2630 691 2700 ζώοις
739 2629 968 2708 ἀλόγοις
1021 2633 1088 2688 τὰ
1133 2637 1360 2689 τοιαῦτα
1407 2633 1703 2713 ἐμπέφυκε.
1745 2635 1849 2692 Καὶ
1905 2635 2045 2691 αὐτὰ

386 2719 488 2794 γὰρ
554 2717 722 2792 μηδέν
782 2742 835 2776 τι
902 2722 1183 2797 πεφυκότα
1223 2720 1657 2798 διαπράττεςθαι,
1718 2722 1861 2779 οὕτω
1921 2746 2040 2787 πως

393 2803 741 2867 διατίθενται.
787 2807 1017 2882 ’ᾍδουσι
1067 2812 1162 2883 μὲν
1210 2812 1336 2887 γὰρ,
1389 2811 1508 2867 ὅσοι
1544 2817 1654 2867 τῶν
1700 2811 1928 2888 ὀρνίθων
1964 2813 2043 2868 εύ-

395 2901 544 2973 φυῖος
599 2896 841 2974 ἔχουσιν.
901 2905 1036 2953 ’Όσα
1095 2901 1171 2972 μὴ
1228 2905 1472 2973 τοιαῦτα,
1527 2899 1562 2971 ἤ
1640 2901 1954 2973 κλάζουσιν,
2002 2897 2039 2972 ἤ

391 2986 711 3061 κρώζουσιν,
764 2985 802 3057 ἤ
854 2989 1284 3065 στρουθίζουσιν,
1316 2985 1353 3059 ἤ
1403 2986 1592 3052 ἄλλως
1620 2991 1824 3066 ἠχοῦσι
1859 3011 1872 3024 ’
1910 2992 2040 3068 βρυ-

393 3079 600 3150 χῶνται
643 3071 700 3131 δὲ
748 3074 924 3152 ἔτερα,
972 3076 1063 3131 καὶ
1109 3082 1384 3150 μυκῶνται
1435 3075 1599 3134 ἄλλα.
1649 3079 1730 3135 Τὰ
1774 3079 1946 3134 πάντα
1982 3079 2042 3136 δὲ

389 3161 756 3219 διακινοῦνται
800 3166 936 3242 πρὸς
983 3165 1160 3241 ὄρεξεν
1211 3166 1556 3245 ἀργοφωνίας
1598 3169 1762 3231 τινὸς.
1803 3169 1849 3223 εί
1897 3168 2039 3224 οὕτω

385 3254 499 3329 χρή
559 3253 848 3326 ὀνομάσαι.
911 3253 1008 3316 Οἷς
1077 3255 1287 3327 ὁμοίως
1362 3255 1791 3332 ἀργοκογοῠντες
1838 3258 1927 3312 xui
1988 3259 2040 3313 oi

386 3342 575 3418 ἀεργοὶ
633 3343 892 3418 μοναχοὶ,
949 3341 1142 3419 μικρόν
1186 3365 1240 3400 τι
1283 3349 1502 3400 ποιοῦσι
1543 3345 1732 3401 κακόν.
1763 3345 1920 3403 Ἀλλ’
1951 3345 2042 3403 ὅτε

382 3452 470 3495 τις
514 3434 625 3485 τῶτ
654 3432 910 3487 ἁπάντων
953 3431 1225 3506 τολμήσει
1279 3433 1356 3507 μὴ
1403 3433 1636 3489 ἐπαινεῖν
1691 3434 1819 3498 τοὺς
1862 3435 2042 3491 τοιούι

379 3540 510 3582 τους
569 3519 644 3582 ὡς
702 3521 793 3576 καὶ
851 3520 1062 3596 ἁγίους,
1113 3522 1204 3576 καὶ
1255 3519 1500 3598 λογίους,
1561 3523 1652 3578 xui
1706 3535 2042 3600 θαυματουρο

383 3607 538 3684 γοὺς,
593 3608 737 3682 μηδὲ
781 3609 1066 3685 κατατείνῃ
1127 3609 1312 3686 ῥήσεις
1363 3612 1571 3684 μακρὰς
1617 3611 1910 3688 ἐγκωμίων
1957 3613 2040 3668 ἐπ’

385 3697 660 3761 αὐτοῖςε
711 3695 757 3752 ὢ
803 3705 904 3768 τῆς
952 3697 1178 3763 ἐνταῦθα
1233 3698 1406 3770 λοιπῆ
1454 3700 1827 3778 ἀργολογικῆς
1867 3701 2043 3773 ἐπεξε-

385 3784 642 3858 λεύσεως,
701 3785 746 3842 ὣ
800 3791 912 3844 τῶν
972 3793 1366 3865 συμομαχιῶν,
1428 3787 1473 3845 ὣ
1513 3795 1622 3846 τῶν
1665 3791 2036 3868 ἀντιλογιῶνί

387 3874 606 3949 μᾶλλον
640 3876 734 3949 μὲν
787 3875 903 3946 οὗν,
933 3873 978 3932 ὢ
1032 3899 1142 3932 των
1186 3877 1472 3952 πολέμων,
1512 3877 1557 3934 ὣ
1585 3885 1694 3936 τῶν
1727 3881 2038 3960 συῤῥαφῶν,

383 3961 430 4019 ὣ
466 3969 574 4019 τῶν
611 3968 1015 4045 καταγραφῶνι
1070 3965 1198 4022 Οὐδ’
1247 3967 1308 4023 ἂν
1363 3967 1619 4044 βασιλεὺς
1670 3969 2040 4046 βλασφημού-

2152 2005 2308 2062 velut
2339 2023 2373 2062 a
2402 2007 2656 2062 sordidis
2687 2007 2859 2062 rebus
2894 2024 3102 2063 manus
3135 2013 3442 2079 amovent;
3487 2010 3645 2067 haud
3677 2011 3797 2068 scio

2153 2113 2225 2151 an
2252 2095 2546 2165 timentes,
2579 2097 2746 2168 quasi
2781 2113 2914 2152 cum
2949 2097 3324 2153 simulatione
3353 2103 3410 2154 et
3442 2100 3698 2166 fastidio,
3727 2116 3800 2155 ne

2153 2184 2231 2240 sit
2261 2185 2598 2240 indecorum
2631 2191 2688 2240 et
2719 2186 3002 2241 monacho
3040 2185 3353 2259 indignum
3400 2187 3497 2242 ubi
3529 2205 3678 2260 Opus
3708 2194 3800 2245 est

2153 2291 2368 2329 manus
2397 2276 2720 2330 admovere.
2754 2274 2900 2330 Hinc
2938 2291 3087 2331 vana
3135 2277 3569 2344 sermocinatio,
3618 2294 3650 2334 e
3681 2295 3800 2350 qua

2153 2363 2382 2419 nullum
2414 2363 2648 2419 lucrum
2675 2363 3002 2436 spirituale,
3036 2365 3189 2435 apud
3238 2381 3336 2421 eos
3370 2366 3795 2436 frequentatur.

2151 2453 2270 2508 Hoc
2299 2456 2494 2508 autem
2526 2458 2583 2507 et
2611 2452 2967 2507 animalibus
3005 2453 3293 2522 convenit,
3325 2455 3541 2524 quibus
3574 2455 3800 2511 ratione

2152 2541 2485 2597 carentibus
2517 2548 2726 2596 natura
2771 2541 2914 2598 illud
2955 2541 3209 2596 inditum
3257 2546 3365 2598 est.
3417 2544 3496 2598 Ea
3539 2545 3696 2599 enim
3726 2544 3797 2599 ad

2153 2632 2445 2701 agendum
2480 2629 2627 2684 nihil
2671 2629 2960 2695 ordinata,
3013 2630 3126 2686 isto
3180 2631 3352 2688 modo
3383 2631 3827 2704 disponuntur..

2151 2718 2383 2774 Canunt
2413 2736 2566 2789 aves,
2601 2735 2965 2792 quacunque
2997 2720 3066 2774 ad
3100 2719 3158 2774 id
3193 2719 3416 2777 idonea.-
3462 2727 3618 2789 sunt,
3655 2723 3798 2778 dum

2150 2809 2350 2864 omnia
2379 2808 2578 2864 alienas
2632 2808 2844 2879 speciei
2876 2807 3154 2864 animalia
3201 2808 3286 2864 vel
3317 2808 3674 2881 clangorem,
3709 2810 3798 2865 vel

2149 2899 2457 2967 crocitum,
2489 2897 2575 2952 vel
2615 2899 2904 2968 pipatum,
2951 2903 3050 2952 aut
3101 2897 3278 2953 aliam
3339 2915 3536 2955 vocem
3571 2901 3794 2969 edunt;

2150 2987 2265 3042 alia
2299 2989 2572 3057 fremunt,
2631 2988 2906 3058 mugiunt
2955 2985 3105 3055 alia;
3138 2987 3410 3044 universa
3463 2989 3532 3042 ad
3583 3005 3793 3044 vanam

2150 3078 2470 3148 quamdam
2501 3075 2902 3148 garrulitatem
2934 3075 3283 3144 excitantur,
3327 3076 3377 3132 si
3407 3077 3518 3133 hoc
3562 3079 3799 3134 nomine

2149 3171 2432 3226 utendum
2465 3173 2572 3225 est.
2594 3169 2678 3224 Ad
2703 3185 2952 3240 quorum
2974 3167 3305 3239 exemplum
3335 3169 3604 3224 monachi
3627 3169 3799 3225 otiosi

2151 3275 2302 3314 vana
2330 3258 2655 3330 loquentes,
2691 3257 2909 3312 malum
2944 3258 3241 3328 quoddam
3275 3274 3520 3330 parvum
3553 3275 3799 3330 operan-

2152 3353 2268 3404 tur.
2302 3346 2408 3403 Uhi
2439 3363 2576 3418 ergo
2598 3345 2865 3401 nonnulli
2899 3346 2970 3400 de
2999 3347 3172 3402 turba
3195 3347 3340 3402 istos
3371 3347 3440 3402 de
3468 3348 3798 3416 sanctitate,

2151 3443 2254 3493 aut
2285 3438 2357 3492 de
2387 3434 2774 3508 intelligentia
2805 3439 2908 3490 aut
2954 3435 3026 3491 de
3079 3434 3381 3491 miraculis
3429 3437 3651 3492 audent
3679 3453 3798 3492 non

2149 3527 2415 3593 laudare,
2446 3541 2553 3582 nec
2582 3524 2788 3596 longos
2835 3524 3030 3580 laudis
3074 3540 3375 3581 sermones
3426 3526 3495 3581 ad
3528 3541 3628 3581 eos
3659 3541 3798 3597 pro-

2148 3617 2417 3671 tendere:
2441 3613 2484 3670 Ο
2503 3631 2714 3670 vanam
2735 3612 3093 3669 locutionem
3111 3613 3388 3681 clamant,
3404 3617 3463 3670 et
3479 3613 3758 3670 ultionem
3779 3611 3793 3668 l

2149 3722 2182 3761 ο
2213 3705 2433 3761 bellum
2467 3703 2635 3760 acrel
2671 3720 2704 3759 ο
2753 3700 3039 3773 injurias!
3086 3702 3171 3758 vel
3222 3703 3418 3775 potius
3449 3720 3481 3759 ο
3512 3703 3730 3777 ριιωὶἱα,
3762 3720 3796 3760 o

2151 3793 2339 3863 dolos,
2371 3809 2403 3848 0
2435 3792 2857 3848 detractiones!
2895 3792 3095 3864 Neque
3124 3809 3223 3848 rex
3263 3792 3540 3848 conviciis
3572 3793 3796 3865 appeti-

2148 3889 2266 3951 tus,
2301 3898 2492 3954 neque
2521 3881 2647 3953 ipse
2692 3881 2847 3936 Deus
2902 3879 3228 3936 ulciscitur.
3261 3881 3354 3937 Sic
3405 3881 3654 3937 modesti
3685 3896 3800 3937 mo-

2149 3972 2346 4040 nachi,
2380 3970 2648 4027 monachi
2674 3970 2828 4026 sicut
2857 3970 3321 4037 destinaverunt,
3352 3971 3438 4026 sic
3467 3970 3795 4042 tranquilli.

385 4075 569 4128 μενος,
623 4053 798 4117 οὕτως
854 4054 1272 4129 ἐπεξελεύσεται,
1323 4054 1437 4112 οὐδ’
1477 4055 1540 4112 ἂν
1594 4058 1722 4121 Θεὸς
1791 4058 1974 4122 αὐτός.
2034 4057 2224 4122 Οὕτως
2277 4058 2534 4121 έπιεικεῖς
2593 4057 2645 4112 οἱ
2721 4057 2975 4132 μοναχοὶ,
3053 4059 3313 4132 μοναχοὶ,
3369 4058 3448 4122 ὡς
3501 4056 3796 4129 ἑτάξαντοο

383 4149 562 4215 οὕτως
588 4148 816 4228 ἥσυχοι.

453 4261 575 4334 ρνε’.
623 4259 684 4314 Τί
727 4256 784 4315 δὲ
833 4259 936 4336 ἄρα
984 4259 1075 4315 καὶ
1129 4257 1339 4336 βούλει,
1391 4256 1435 4315 ὦ
1490 4261 1740 4340 μοναχέ;
1787 4265 2032 4341 Μακαρι-

381 4349 554 4424 σθήσῃ
588 4346 851 4423 εὐκαίρως
884 4375 899 4419 ς
943 4348 1071 4422 Ναὶ,
1125 4348 1278 4427 φησί.
1324 4352 1510 4425 Πατήρ
1534 4351 1635 4429 γάρ
1669 4351 1783 4426 εἶμι
1817 4367 1834 4385 "
1865 4353 2026 4430 πατρῖ

378 4433 437 4493 δὶ
490 4435 786 4514 ἀντιλέγειν
842 4436 994 4501 υἱοὺς
1054 4436 1152 4493 οὐκ
1208 4437 1397 4510 ἔξεστι.
1454 4439 1552 4494 Καὶ
1614 4441 1746 4514 μὴν,
1807 4442 1851 4496 ὧ
1895 4443 2031 4498 κατὰ

377 4528 436 4581 σὲ
485 4525 674 4600 πάτερ,
708 4523 920 4582 δέδοται
969 4527 1059 4582 καὶ
1090 4526 1214 4600 υἶῷ,
1245 4525 1290 4582 εί
1323 4525 1553 4600 μηδενὸς
1584 4527 1770 4606 ἐτέρου
1795 4552 2028 4608 κακουρ-

2213 4266 2336 4322 155.
2364 4265 2511 4332 Quid
2533 4264 2619 4321 vis
2645 4264 2847 4337 igitur,
2874 4281 2905 4320 ο
2935 4263 3219 4320 monache
3239 4264 3267 4320 ?
3284 4265 3554 4321 Libenter
3578 4266 3797 4338 magni-

2141 4354 2411 4412 ﬁcaberis
2430 4353 2459 4410 ?
2492 4354 2720 4424 Utique,
2747 4354 2846 4408 ait.
2874 4353 3042 4408 Pater
3072 4359 3287 4419 sum,et
3312 4355 3462 4426 patri
3491 4353 3646 4410 ﬁlios
3663 4370 3798 4411 con-

2138 4443 2424 4500 tradicere
2453 4460 2565 4498 non
2598 4441 2754 4497 licet.
2787 4442 2921 4510 Sed,
2951 4442 3052 4514 qui
3085 4447 3308 4513 patrem
3341 4449 3393 4498 te
3418 4444 3631 4513 jactas,
3663 4459 3798 4499 con-

2139 4533 2366 4590 ceditur
2395 4532 2512 4588 ﬁlio
2544 4535 2768 4604 patrem
2801 4532 2872 4586 de
2919 4531 3150 4588 insania
3194 4548 3462 4604 arguere,
3493 4532 3540 4589 si
3575 4549 3690 4588 non
3722 4534 3795 4589 de

375 4617 649 4692 γήματος,
709 4615 1006 4692 παρανοίας
1057 4620 1186 4692 γοῦν
1242 4615 1484 4674 ἀλίσκειν
1537 4621 1627 4675 τὸν
1674 4605 2022 4696 γγεινάμενον.

2146 4622 2247 4679 ilio
2306 4638 2660 4694 quocunque
2709 4621 2870 4676 vitio.
2913 4621 3200 4685 Quoniam
3261 4637 3396 4694 ergo
3431 4625 3793 4678 contramo-

378 4705 443 4760 Εί
472 4709 602 4780 γοῦν
634 4705 722 4761 xui
756 4704 818 4760 σὺ
867 4707 1012 4782 παρὰ
1067 4706 1160 4762 τὸν
1215 4709 1513 4784 μοναχικὸν
1544 4711 1744 4766 κανόνα
1775 4711 2025 4788 πράττων

377 4800 689 4871 παρανοεῖς,
751 4795 841 4850 καὶ
919 4793 1061 4850 οὕτω
1127 4802 1486 4870 παρανομεῖς,
1553 4797 1605 4854 τί
1662 4795 2030 4875 δυσχεραίνεις

373 4884 477 4953 τήν
535 4882 622 4939 ἐπὶ
673 4883 958 4962 παροινίας
1025 4886 1290 4961 γραφήν;
1361 4887 1583 4950 Ἔοικας
1643 4883 1702 4943 δὲ
1751 4887 1854 4964 ἄρα
1903 4888 2031 4953 τοὺς

375 4970 741 5046 αἶ’τιωμένους
783 4971 1240 5050 παρακρούεσθαι,
1284 4970 1378 5029 ’ίνα
1419 4974 1509 5030 xui
1557 4979 1655 5046 τὴν
1706 4976 1765 5031 ἐκ
1808 4980 1906 5032 τοῦ
1931 4978 2028 5052 ἀρ-

375 5062 612 5139 χιερέως
649 5059 855 5137 μέμψιν
891 5061 1150 5141 ἐκφύγῃς,
1183 5067 1281 5118 τοῦ
1311 5064 1562 5138 μείζονος
1592 5065 1796 5140 πατρὸς
1822 5063 1859 5136 ἤ
1892 5067 2029 5122 κατὰ

355 5151 455 5224 ·σὶ,
487 5153 584 5207 τοῦ
609 5151 684 5214 είς
730 5150 900 5207 τύπον
952 5151 1111 5209 Osci}.
1159 5152 1320 5228 Λέγω
1361 5151 1427 5226 δή
1472 5175 1556 5210 σοι
1599 5153 1908 5229 τολμήσας,
1951 5155 2025 5218 ὡς

376 5240 422 5296 εί
450 5241 526 5314 μὴ
559 5241 587 5296 ὁ
621 5239 936 5314 ἐπίσκοπος,
986 5239 1070 5303 τίς
1115 5238 1218 5316 ἄρα
1270 5236 1450 5320 ἔτερος
1495 5243 1752 5322 θαρῥήσει
1796 5246 1933 5321 πρὸς
1969 5245 2028 5299 σὲ

376 5328 665 5401 λαλῆσαι;
725 5331 894 5390 Βοῖος
948 5327 1006 5383 δὲ
1078 5329 1260 5384 κακῶν
1326 5331 1517 5410 ἀφίησί
1593 5353 1652 5388 σε
1707 5329 2022 5407 ἀδέσποτον,

374 5418 708 5497 ἀκυρίευτον,
759 5417 1022 5494 ἄναρχον,
1091 5417 1388 5496 ἀκέφαλον,
1433 5419 1840 5498 ἀνεκλόγιστον,
1887 5419 2022 5478 ἀλο-

371 5511 723 5586 γοπράγητον
759 5531 774 5580 ;
809 5503 974 5563 Ούδὶν
1027 5502 1178 5570 ἔθνος
1226 5503 1578 5567 ὺϐασίλευτον
1615 5531 1627 5544 ·
1670 5512 1865 5566 οὐκοῦν
1899 5509 2024 5567 οὐδέ

366 5617 452 5661 τις
509 5594 642 5661 λαὸς
687 5601 803 5671 Θεῷ
853 5595 1280 5673 κεκληρωμένος
1336 5596 1575 5677 ἅναρχός
1633 5600 1798 5658 ἰστιν.
1847 5622 1878 5655 ιι
1932 5600 2022 5673 Ἐξ

346 5684 476 5762 ’ἄρα
513 5683 580 5760 δή
628 5705 682 5743 τι
729 5684 920 5744 Ιπειτα
963 5686 1094 5750 Θεὸς
1151 5684 1351 5762 φρένας
1393 5687 1618 5761 ὤλεσεν,
1650 5714 1682 5745 π
1741 5688 1789 5744 εί
1845 5687 2020 5754 οὕτως

371 5773 736 5858 ἁλλοφρονεῖς
763 5795 779 5811 ο
837 5776 898 5840 ὃς
946 5774 1108 5852 ἀξιῶν
1159 5777 1422 5836 πάντοθεν
1472 5777 1818 5857 ἀνεξέταστος
1865 5776 2018 5856 εἶναι,

2139 4712 2452 4769 nachicum
2482 4726 2764 4767 canonem
2823 4727 3001 4784 agens
3034 4710 3282 4778 insanis,
3341 4715 3399 4767 et
3446 4710 3530 4766 sic
3561 4726 3790 4783 peccas,

2141 4801 2282 4874 quid
2316 4801 2748 4858 accusationem
2779 4799 3029 4856 insaniae
3077 4800 3191 4855 fers
3220 4796 3641 4871 impatienter?
3670 4801 3791 4856 Ac-

2139 4895 2440 4948 cusatores
2471 4891 2752 4961 repellere
2799 4889 3037 4954 videris,
3089 4894 3153 4944 ut
3201 4887 3463 4944 convicia
3493 4887 3789 4960 pontificis

2139 4979 2339 5052 magni
2370 4981 2576 5051 patris,
2630 4979 2718 5034 vel
2771 4978 2940 5049 juxta
2997 4983 3074 5045 te,
3122 4977 3251 5048 ejus
3305 4977 3406 5048 qui
3463 4978 3656 5032 locum
3688 4976 3790 5032 Dei

2136 5073 2320 5138 tenet,
2352 5068 2619 5140 effugias.
2670 5067 2788 5138 Ego
2821 5071 3018 5122 autem
3077 5066 3180 5122 tibi
3226 5066 3472 5122 ﬁdenter
3528 5065 3693 5120 dico:
3728 5064 3789 5120 Si

2138 5174 2255 5213 non
2303 5156 2636 5230 episcopus,
2690 5154 2791 5227 qui
2843 5153 2995 5210 alius
3053 5158 3247 5210 tecum
3295 5153 3459 5225 loqui
3509 5151 3789 5208 audebit?

2136 5247 2442 5313 Quodnam
2465 5249 2566 5318 jus
2593 5244 2876 5314 relinquit
2921 5248 2974 5300 te
3013 5243 3140 5299 sine
3191 5244 3492 5316 magistro,
3527 5242 3656 5297 sine
3686 5242 3788 5296 do-

2137 5338 2319 5404 mino,
2351 5338 2481 5393 sine
2539 5331 2849 5407 principio,
2908 5333 3036 5387 sine
3095 5333 3305 5405 capite,
3365 5332 3495 5387 sine
3543 5329 3787 5399 ratione,

2137 5427 2263 5482 sine
2291 5427 2498 5482 ordine
2547 5427 2816 5495 agentem
2838 5421 2866 5476 ‘I
2907 5421 3083 5477 Nulla
3111 5438 3256 5494 gens
3303 5436 3436 5493 rege
3467 5426 3664 5487 caret;
3697 5420 3787 5475 id-

2135 5515 2286 5571 circo
2319 5531 2425 5572 nec
2456 5511 2712 5586 populus
2742 5510 2858 5566 Deo
2889 5515 3268 5567 consecratus
3317 5509 3445 5566 sine
3475 5511 3624 5564 duce
3653 5508 3785 5565 erit.

2114 5603 2212 5664 .Ex
2240 5604 2351 5661 hoc
2377 5601 2737 5660 intellectum
2761 5599 2914 5656 Deus
2937 5599 3260 5669 abstulit,si
3290 5599 3405 5656 isto
3429 5599 3604 5656 modo
3626 5613 3788 5654 men-

2130 5697 2250 5750 tem
2283 5692 2526 5758 alienas,
2557 5689 2658 5762 qui
2705 5703 2842 5744 cum
2874 5699 2943 5744 ex'
2989 5688 3150 5745 nulla
3205 5693 3373 5762 parte
3416 5686 3560 5745 velis
3584 5685 3786 5743 obser-

2111 5791 2114 5796 '
2132 5779 2280 5852 vari,
2305 5776 2499 5839 simile
2515 5776 2736 5852 aliquid
2753 5773 3081 5851 δείσαιαωὶ
3099 5780 3398 5836 recusaret
3416 5784 3626 5833 aurum
3648 5788 3784 5831 cum
