4060 6400
285 412 403 471 859
442 405 451 416 ’
1065 417 1491 479 EUSTATHII
1536 418 2301 486 THESSALONICENSIS
2347 423 2928 487 METROPOLI'LE
3588 418 3730 479 860

285 558 398 598 aere
427 543 704 613 mixtum,
737 545 986 619 ideoque
1026 547 1344 620 impurum,
1399 550 1802 621 probationem
1835 568 1939 624 per

2078 552 2246 626 ἷμοιον
2305 575 2357 610 τι
2416 560 2612 623 ποιεῖς,
2673 555 2747 616 ὡς
2800 553 2846 608 εί
2903 551 2993 607 καί
3036 573 3090 608 τι
3122 551 3352 628 χρυσίον
3381 547 3722 625 ὐπόχαλκον

282 629 502 701 ignem.
534 636 652 688 Hoc
683 639 875 689 autem
911 652 1097 708 neque
1145 637 1600 708 patriarchicum
1646 644 1822 711 caput
1852 640 1939 696 ef-

2078 642 2137 695 ,αἱ
2165 641 2307 697 οὕτω
2361 639 2628 714 κίϐδηλον
2675 641 2847 707 ἐθέλει
2909 647 3286 716 παραιτεῖσθαι
3333 640 3434 708 τὴν
3485 636 3578 693 διὰ
3608 660 3723 692 πυ-

285 723 436 793 fugit
465 723 657 794 ipsum
686 743 699 793 ;
733 728 833 781 sed
868 733 1022 781 certo
1067 733 1328 799 tempore
1376 731 1446 784 ab
1475 747 1540 786 eo
1589 748 1691 803 pro
1723 732 1940 803 quibus

2085 732 2142 793 ὸς
2197 730 2454 806 δοκιμήν.
2519 734 2616 788 Καὶ
2676 734 2784 806 μὴν
2842 731 2971 786 αὐτὸ
3022 729 3147 785 οὐδὲ
3198 730 3577 805 πατριαρχική
3631 748 3722 791 τις

286 815 589 882 Oportebat
618 818 764 871 ratio
800 818 1074 887 poscitur.
1129 820 1195 873 Et
1227 820 1348 890 ipse
1399 820 1552 875 Deus
1608 838 1736 876 cum
1769 821 1941 876 boni-

284 907 405 957 tate
421 905 705 960 rationem
728 907 999 976 reddens,
1024 908 1290 964 homines
1316 909 1425 965 sibi
1450 911 1668 968 amicos
1690 912 1945 968 sustinet

285 992 754 1064 interrogantes:
788 996 994 1064 Quare,
1035 999 1293 1064 Domine,
1329 999 1438 1054 hoc
1471 1004 1526 1055 et
1579 1001 1739 1056 istud
1771 1001 1944 1074 agis?

289 1084 356 1135 ut
385 1081 594 1137 deinde
639 1085 964 1141 convincat.
1018 1086 1350 1158 Aliquando
1399 1089 1572 1144 etiam
1606 1089 1944 1146 misericor-

291 1169 441 1224 diter
471 1186 784 1227 conversus
815 1173 885 1227 ad
919 1189 1121 1230 eorum
1155 1175 1366 1248 placita
1399 1176 1735 1233 inclinatur.

2051 816 2399 898 διαφυγγάνει
2477 820 2710 897 κεφαλὴ,
2769 818 2895 877 ἀλλ’
2970 819 3021 875 έν
3098 823 3274 893 καιρῷ
3331 816 3719 892 λογιστεύεται

2051 910 2140 963 καὶ
2171 909 2329 981 αὐτὴ,
2382 908 2450 965 δι’
2494 909 2556 966 οὗ
2606 911 2802 987 ἐχρῆν.
2855 909 2955 967 Καὶ
3000 908 3128 971 Θεὸς
3177 905 3235 962 δὲ
3264 907 3426 968 αὐτὸς
3452 906 3718 982 ἀνέχεται

2051 995 2261 1068 ἄλλως,
2322 999 2572 1063 ὶπιεικῶς
2648 998 3001 1076 λογιστεύων,
3076 997 3375 1073 ἀνθρώπων
3432 993 3716 1074 θεοφιλῶν

2049 1093 2144 1143 καῖ
2183 1090 2641 1164 πυνθανομένων·
2700 1114 2729 1141 ι(
2789 1088 2858 1146 Τί
2914 1086 3020 1157 ὅτι,
3074 1085 3255 1163 Κύριε,
3302 1082 3433 1141 τάδε
3460 1084 3554 1140 καὶ
3582 1082 3718 1140 τάδε

2051 1183 2269 1248 ποιεῖς;
2315 1202 2343 1232 ››
2403 1179 2510 1234 Καὶ
2565 1177 2736 1240 οὕτως
2787 1178 3046 1250 ὑπομένει
3098 1175 3552 1251 ἑπανερωτῶντας
3614 1172 3712 1244 δῆ-

2054 1279 2138 1332 θεν
2175 1269 2250 1330 εἱς
2280 1266 2529 1344 ἔλεγχον.
2581 1268 2683 1324 Καί
2734 1287 2867 1322 ποτε
2912 1265 3438 1339 κατακαμπτόμενος
3474 1262 3705 1336 έλεημό-

2051 1377 2182 1429 νως,
2214 1362 2363 1412 ποιεῖ
2392 1357 2459 1412 τὰ
2488 1356 2564 1421 είς
2597 1354 2920 1432 ἱλαρότητα.

2127 1447 2257 1519 ρνς’.
2292 1447 2437 1501 Πάνυ
2479 1451 2606 1520 γοῦν
2662 1445 2724 1499 σὺ
2778 1444 2942 1520 μέγας
2989 1440 3156 1514 οὕτω,
3211 1443 3304 1498 καὶ
3369 1442 3504 1518 ὑπὲρ
3533 1445 3701 1497 πᾶσαν

2056 1532 2454 1610 λογοπραγίαν,
2486 1534 2575 1589 καὶ
2609 1531 2699 1588 διὰ
2744 1537 2907 1588 τοῦτο
2947 1531 3222 1608 ὑπέρθεος,
3268 1529 3717 1604 ἀποπροσποιού-

294 1623 411 1686 tus,
447 1621 549 1691 qui
584 1621 754 1693 plane
803 1625 1005 1680 renuis
1056 1625 1375 1697 apostolice
1423 1629 1738 1684 observari.
1788 1628 1946 1683 Talis

2078 1644 2219 1686 ιενος
2279 1622 2453 1694 πάντη
2512 1622 2728 1685 πάντως
2784 1622 2848 1677 τὸ
2901 1621 3245 1699 έφορεύεσθαι
3304 1618 3715 1681 ἀποπολικῶς.

296 1725 429 1764 cum
462 1712 564 1780 sis,
598 1711 739 1782 quid
772 1729 803 1767 a
835 1714 1124 1786 principio
1156 1731 1287 1770 cum
1313 1717 1370 1770 in
1405 1721 1646 1772 tonsura
1668 1719 1944 1787 rationes,

2078 1712 2118 1766 El
2152 1710 2217 1783 δὴ
2248 1717 2497 1774 τοιοῦτος
2527 1712 2689 1780 ἦσθα,
2745 1712 2796 1766 τί
2849 1707 2916 1780 δὴ
2966 1711 3064 1779 τὴν
3107 1709 3312 1786 ἀρχὴν,
3345 1710 3435 1764 ὅτε
3453 1708 3718 1783 κειρόμε-

295 1797 788 1870 interrogationes
819 1808 874 1856 et
922 1804 1275 1873 quaestiones
1332 1805 1588 1876 audires,
1622 1822 1720 1862 cor
1777 1811 1946 1862 tuum

2078 1822 2148 1863 ιος
2199 1799 2568 1877 λογοπραγίας
2597 1799 2764 1875 εἶχες,
2807 1797 2897 1855 καί
2946 1797 3263 1875 έρωτήσεις,
3312 1798 3400 1852 καὶ
3429 1795 3721 1870 πύσματα,

295 1885 485 1942 valide
519 1905 633 1943 non
675 1890 1054 1962 conﬁrmasti,
1083 1909 1188 1948 nec
1227 1895 1472 1950 consilio
1523 1895 1747 1968 potenti
1779 1896 1947 1952 resti-

2078 1891 2139 1960 ιή
2185 1886 2435 1967 ἔσφιγξας
2485 1892 2584 1960 τὴν
2631 1885 2856 1966 καρδίαν
2905 1909 3000 1943 σου
3050 1886 3310 1964 στερρῶς,
3354 1885 3446 1941 καὶ
3477 1884 3724 1962 ἴσχυρο-

2310 1981 2322 1994 .
2493 1978 2507 1994 .
2585 1979 2596 1994 .
2864 1983 2885 1993 -
3065 1975 3086 1994 ς
3231 1977 3241 1994 .
3506 1973 3522 1994 ,

296 1974 424 2031 tisti
456 1976 954 2050 interrogantibus
1004 1980 1360 2052 frequenter,
1390 2000 1460 2039 ne
1508 1985 1688 2040 simul
1720 2001 1949 2057 progre-

2078 1981 2425 2056 γνωμονήσας
2483 1978 2739 2049 ἀντέστης
2795 1983 2912 2039 τοῖς
2987 1975 3444 2052 πολυπράγμοσιν
3504 1973 3723 2050 ἐρωτη-

296 2064 524 2120 dientes
555 2070 608 2121 te
640 2067 695 2121 in
749 2068 895 2124 retia
941 2068 1344 2127 ineluctabilia
1389 2078 1447 2128 et
1503 2073 1748 2130 molesta
1779 2075 1949 2129 indu-

2078 2075 2337 2138 ιατικοῖς,
2406 2070 2480 2142 μὴ
2539 2068 2628 2123 καὶ
2688 2065 3102 2129 συνελαύνοντες
3168 2064 3566 2120 κατακλείσωσι
3623 2063 3726 2119 καὶ

297 2158 528 2209 cerent:
565 2156 664 2210 sed
699 2160 816 2210 tam
850 2156 1020 2213 facile
1051 2159 1306 2230 subiisti,
1339 2165 1396 2216 et
1440 2161 1605 2218 nulla
1635 2180 1695 2218 re
1725 2163 1953 2234 objecta

2078 2160 2120 2214 τὶ
2151 2159 2226 2221 είς
2262 2159 2504 2234 ἀποριῶν
2539 2156 2663 2213 λίνα
2707 2153 3073 2234 δυσδιάφυκτα
3106 2175 3118 2186 °
3143 2153 3271 2210 ἀλλ’
3305 2153 3480 2216 οὕτως
3501 2153 3725 2229 ἀπραγ-

372 1438 490 1492 156.
538 1439 623 1493 Tu
659 1444 853 1496 autem
887 1458 1016 1498 vere
1043 1443 1333 1500 maximus
1357 1460 1439 1512 es,
1467 1446 1650 1516 major
1680 1445 1836 1502 omni
1863 1464 1946 1502 ra-

293 1527 451 1582 tione
474 1529 846 1598 reddenda,el
874 1532 1088 1588 idcirco
1113 1550 1290 1605 super
1323 1537 1501 1590 Deum
1536 1537 1731 1608 ipsum
1756 1536 1944 1591 eleva-

299 2244 720 2316 spopondisti?
751 2245 898 2311 Quia
927 2263 1064 2319 ergo
1091 2265 1125 2303 a
1155 2249 1442 2322 principio
1483 2250 1780 2306 humiliari
1815 2268 1950 2308 con-

301 2332 555 2400 cessisti,
588 2333 647 2387 in
685 2338 980 2405 posterum
1020 2336 1156 2391 audi
1188 2340 1495 2409 profutura
1544 2339 1680 2396 licet
1710 2340 1952 2406 invitus,

304 2422 666 2487 convincere,
731 2427 855 2478 esto
914 2425 1192 2495 sapiens,
1253 2428 1579 2483 secundum
1636 2429 1951 2485 consilium

303 2509 649 2566 Salomonis.
681 2512 830 2567 Ama
859 2517 914 2567 te
946 2512 1242 2584 integrum
1283 2533 1434 2584 esse,
1467 2518 1516 2573 si
1568 2534 1684 2574 non
1717 2523 1782 2574 ut
1816 2518 1955 2574 Pro-

303 2601 573 2657 metheus
595 2601 726 2673 (l7),
759 2603 968 2659 saltem
999 2605 1168 2675 quasi
1202 2605 1596 2678 Epimetheus.

381 2795 503 2850 157.
531 2794 844 2868 Memento,
869 2814 1004 2871 ergo
1025 2799 1207 2856 multa
1237 2801 1661 2860 irrationabilia
1679 2803 1960 2860 animalia

310 2881 664 2940 clamoribus
709 2887 1028 2955 admonita,
1062 2905 1188 2945 cum
1218 2896 1436 2958 errant,
1469 2892 1701 2964 corrigi.
1733 2892 1959 2956 Quanto

312 2973 503 3043 magis
534 2973 591 3027 id
624 2973 799 3030 homo
829 2977 1044 3047 cupiet,
1078 2983 1136 3034 et
1165 2984 1404 3051 quaeret,
1437 2985 1492 3036 et
1514 2999 1648 3038 cum
1677 2981 1963 3038 invenerit

315 3062 520 3117 beatus
549 3064 659 3118 erit
683 3063 694 3116 ί
731 3064 810 3119 De
841 3065 948 3121 hoc
975 3074 1248 3125 sexcenta
1277 3071 1541 3143 exempla
1563 3071 1699 3127 licet
1727 3071 1963 3127 aliunde

316 3169 550 3224 quoque
581 3153 851 3226 colligere
877 3175 890 3224 ;
924 3159 1070 3214 satis
1101 3160 1212 3215 erit
1244 3162 1398 3232 quod
1433 3163 1721 3234 sequitur.
1748 3163 1966 3218 Ferunt

313 3246 648 3296 Maurorum
681 3243 980 3314 mulieres,
1013 3263 1145 3302 cum
1195 3249 1394 3305 leones
1425 3249 1579 3305 circa
1610 3266 1822 3323 pagum
1855 3249 1959 3304 ali-

314 3345 489 3402 quem
563 3335 752 3398 erant,
821 3334 963 3389 viris
1039 3336 1384 3393 absentibus
1458 3339 1746 3410 (abundat
1802 3339 1960 3394 enim

311 3418 444 3476 istis
492 3417 631 3474 feris
680 3423 1014 3478 Maurorum
1056 3425 1257 3496 regio),
1302 3427 1539 3497 injuriis
1569 3433 1626 3484 et
1685 3427 1962 3483 conviciis

312 3507 594 3578 impetere
623 3506 826 3565 solitas
872 3527 1022 3567 esse.
1068 3513 1217 3579 Quid
1257 3531 1394 3587 ergo
1426 3515 1514 3572 leo
1571 3516 1789 3587 regius,
1819 3517 1961 3572 adeo

314 3595 610 3667 egregius,
641 3613 759 3651 non
790 3599 1100 3668 erubescit,
1133 3603 1205 3656 ad
1252 3620 1532 3674 personas
1572 3623 1686 3661 non
1739 3604 1962 3660 validas

313 3685 530 3750 venire,
555 3685 772 3755 quibus
797 3705 900 3744 nec
925 3692 1536 3763 roburmanuum,nec
1557 3695 1777 3767 aliquid
1799 3695 1963 3750 virile

317 3775 454 3832 est?
484 3776 708 3838 Quibus
739 3778 956 3834 auditis
1012 3781 1217 3837 dicunt
1268 3782 1493 3841 leonem
1542 3786 1754 3842 rubore
1785 3785 1960 3852 afﬁci,

318 3863 489 3936 quasi
520 3864 843 3936 inspirante
881 3873 1090 3924 natura
1139 3871 1495 3941 rationabili,
1546 3874 1872 3931 verecunde
1904 3889 1966 3929 se

318 3957 670 4018 convertere,
723 3961 898 4026 atque
954 3959 1025 4012 ad
1083 3959 1319 4031 prepria
1375 3963 1580 4018 reverti
1631 3962 1776 4018 nihil
1826 3960 1967 4017 mali

306 4041 685 4098 inferentem.
719 4049 832 4098 Cur
861 4061 998 4117 ergo
1029 4052 1090 4102 tu
1125 4047 1211 4104 leo
1254 4065 1384 4106 esse
1410 4051 1692 4109 adversus
1716 4051 1969 4108 munda-

321 4147 430 4186 nas
455 4131 757 4202 passiones
805 4134 1065 4205 edoctus,
1119 4154 1232 4193 non
1284 4141 1456 4196 modo
1505 4141 1693 4197 velum
1727 4139 1970 4213 pudoris

323 4218 408 4272 ori
440 4223 540 4274 tuo
573 4236 687 4275 non
720 4220 993 4293 imponis,
1028 4240 1164 4278 cum
1214 4226 1448 4283 solitam
1501 4228 1852 4284 modestiam
1883 4243 1971 4282 re-

322 4309 567 4381 linquis,
601 4327 734 4366 cum
786 4313 856 4367 ad
891 4315 1176 4370 mundum
1236 4317 1583 4390 transfugis,
1614 4322 1673 4374 et
1719 4318 1791 4374 ob
1822 4317 1975 4372 hanc

325 4414 564 4454 causam
598 4399 929 4471 corriperis,
980 4404 1082 4458 sed
1133 4405 1310 4460 etiam
1342 4407 1582 4479 rugiens
1641 4412 1704 4462 ut
1751 4406 1840 4462 leo
1867 4405 1974 4460 ob-

319 4486 632 4558 jurgantes
665 4489 934 4558 proteris,
967 4495 1025 4547 et
1053 4492 1141 4548 vis
1193 4493 1524 4551 dilaniare?
1556 4495 1857 4552 Didiceras
1886 4499 1974 4550 ta-

331 4592 462 4632 men
493 4576 742 4647 injurias
792 4579 1023 4651 injuriis
1072 4600 1188 4640 non
1239 4584 1540 4657 repellere,
1591 4592 1647 4644 et
1689 4586 1844 4644 mala
1875 4603 1977 4658 pa-

328 4666 484 4720 tiens
515 4682 628 4721 non
662 4666 897 4724 minari.

2067 2248 2248 2322 μόνως
2299 2249 2543 2320 ὑπεῖσας,
2611 2246 2700 2301 καὶ
2759 2244 3007 2316 κατέθου,
3067 2243 3448 2322 ἀντιφωνήσας
3494 2239 3722 2316 μηδέν;

2063 2339 2184 2397 ¹Ότι
2215 2338 2345 2413 γοῦν
2396 2338 2690 2410 ὑπέμεινας
2735 2335 3128 2403 ταπεινωθῆναι
3176 2332 3274 2398 τὰς
3322 2331 3520 2409 ἀρχὰς,
3554 2328 3726 2386 ἄκουε

2062 2432 2159 2484 τοῦ
2215 2426 2414 2482 λοιποῦ
2461 2424 2552 2481 καὶ
2611 2423 2753 2480 ἄκων
2797 2423 2864 2478 τὰ
2910 2422 3249 2480 συνοίσοντα.
3303 2421 3394 2476 καὶ
3452 2417 3722 2497 ἐλέγχου,

2062 2517 2152 2574 καὶ
2201 2515 2356 2591 γίνου
2414 2515 2607 2590 σοφὸς,
2659 2512 2800 2569 καθὸ,
2862 2514 2898 2583 ἡ
2977 2508 3399 2585 Σολομώντειος
3455 2506 3716 2580 ὕποθήκη

2069 2605 2324 2684 βούλεται
2358 2625 2370 2638 ·
2415 2604 2502 2659 καὶ
2547 2603 2748 2679 ἀγάπα,
2800 2600 2944 2658 οὕτω
2992 2598 3398 2678 διορθούμενος,
3431 2597 3482 2654 εἷ’
3507 2598 3599 2653 καὶ
3630 2600 3716 2672 μή

2065 2697 2202 2752 κατά
2231 2693 2545 2770 Προμηθέα,
2579 2689 2648 2746 δι’
2679 2691 3027 2766 Ἐπιμηθέως
3052 2695 3200 2765 γοῦν.

2141 2804 2269 2880 ρνζ’.
2330 2802 2700 2875 Ἐνθυμήθητι
2757 2799 2810 2855 ἐν
2861 2798 3078 2861 τούτοις
3126 2798 3239 2866 καὶ,
3295 2797 3368 2860 ὡς
3411 2791 3602 2851 πολλᾶ
3623 2795 3718 2850 καὶ

2066 2897 2175 2948 τῶν
2229 2889 2448 2966 ἀλόγων
2521 2890 2674 2959 ζώων
2748 2887 3141 2964 έγκραζόμενα,
3195 2885 3285 2940 ὅτε
3359 2883 3723 2961 σφάλλονται,

2071 2983 2442 3056 ἀνορθοῦνται.
2503 2983 2593 3050 Τῷ
2650 2978 2810 3033 παντὶ
2871 2975 2936 3046 δὴ
2996 2975 3164 3032 πλέον
3226 2975 3255 3028 6
3299 2971 3585 3049 ἅνθρωπος
3633 2970 3721 3028 καὶ

2071 3072 2299 3142 ποθήσει
2354 3069 2506 3138 αὐτὸ,
2549 3067 2639 3122 καὶ
2683 3068 2904 3137 ζητήσει
2939 3083 2952 3096 ⁸
3002 3064 3094 3119 καὶ
3140 3062 3311 3138 εύρὼν
3362 3057 3716 3138 εύϐρανθήσι-

2070 3181 2182 3216 ται.
2233 3159 2334 3216 Καὶ
2392 3157 2458 3226 ἦν
2514 3157 2609 3230 μὶν
2663 3154 2889 3219 ἐνταῦθα
2944 3151 3290 3223 ἐπιλέξασθαι
3345 3153 3496 3226 ἡμᾶς
3530 3147 3705 3223 ὁμοιό-

2071 3269 2212 3321 τητα
2273 3246 2464 3323 μυρίαν
2520 3245 2850 3320 πράγματος
2903 3241 2996 3298 καὶ
3055 3238 3289 3297 ἄλλοθεν
3325 3260 3339 3274 ο
3395 3239 3602 3316 ἀρέσκει
3655 3235 3710 3291 δε

2073 3337 2226 3412 ὅμως
2286 3337 2350 3392 τὸ
2407 3333 2905 3411 προτεθησόμενον.
2967 3331 3330 3403 Ἰστοροῦντοιι
3383 3327 3716 3405 Μαυρούσιαι

2065 3432 2335 3506 γυναῖκες,
2369 3421 2583 3480 ἐπειδὰν
2642 3421 2766 3498 περί
2809 3441 2928 3476 τινα
2970 3420 3167 3493 κώμην
3222 3417 3333 3474 ἐκεῖ
3371 3439 3477 3474 που
3510 3415 3721 3506 ἐπιχω-

2072 3502 2298 3595 ριάσωσι
2340 3512 2579 3580 λέοντες,
2631 3513 2708 3585 μὴ
2755 3510 3039 3586 παρόντων
3088 3505 3299 3584 ἀνδρῶν
3361 3506 3634 3595 (πέπληθᾉε
3663 3502 3721 3560 δὲ

2071 3593 2277 3677 θηρίων
2331 3602 2594 3659 τοιούτων
2651 3602 2716 3656 τὸ
2773 3597 3113 3674 Μαυρούσιον
3165 3596 3382 3671 κλίμα),
3434 3593 3718 3652 ἕπιλαλεῖν

2072 3697 2259 3756 αὐτοῖς
2314 3690 2462 3757 έθάδι
2510 3691 2735 3767 γλώσσῃ
2785 3685 3151 3762 ὀνειδισμοὺς,
3209 3686 3301 3741 καὶ
3369 3685 3432 3740 τὸ
3491 3681 3723 3746 ὄνειδος·

2075 3809 2104 3837 ι(
2131 3787 2197 3842 Τί
2225 3781 2289 3854 δή
2320 3802 2453 3837 ποτε
2481 3782 2510 3835 6
2546 3777 2802 3856 βασιλεὺς
2849 3777 3008 3846 λέων,
3061 3776 3088 3831 ὀ
3133 3775 3303 3837 οὕτως
3333 3773 3726 3849 ἀξιωματικός,

2075 3875 2177 3930 οὐκ
2220 3869 2552 3947 ἐντρέπεται,
2583 3867 2730 3942 παρὰ
2784 3866 3053 3939 πρόσωπα
3109 3861 3260 3934 ἥκων
3306 3865 3382 3937 μὴ
3423 3863 3728 3938 ἀξιόμαχα,

2078 3962 2158 4027 οἷς
2184 3958 2306 4017 οὔτε
2339 3958 2498 4035 ῥώμη
2533 3961 2758 4033 χειρῶν,
2793 3953 2917 4010 οὔτε
2947 3951 3087 4009 ἄλλο
3111 3973 3165 4008 τι
3202 3954 3359 4027 μετὸν
3393 3950 3617 4028 ἀνδράσι
3648 3973 3662 4022 ;
3700 3976 3733 4003 »

2079 4052 2186 4109 Καὶ
2238 4052 2266 4106 ὁ
2315 4047 2453 4104 λέων
2503 4045 2738 4115 ἀκούων,
2767 4043 3034 4115 αἰδεῖται,
3079 4041 3229 4119 φασὶ,
3274 4043 3394 4106 καθ’
3445 4037 3736 4111 ὑποϐολήν

2077 4161 2197 4196 τινα
2245 4139 2454 4216 φύσεως
2530 4133 2787 4210 ἐλλόγου,
2853 4132 2944 4188 καὶ
2995 4129 3307 4204 κατακύψας
3363 4126 3738 4204 αιδημόνως;

2081 4229 2133 4293 ές
2164 4228 2233 4284 τὰ
2261 4227 2436 4282 οἰκεῖα
2464 4222 2572 4295 ἤθη
2625 4223 2965 4294 παλινοσνεῖ,
3020 4217 3186 4294 μηδέν
3235 4241 3288 4274 τι
3322 4216 3522 4296 δράσας
3549 4216 3748 4294 δυσγε-

2081 4318 2190 4379 νές.
2245 4315 2304 4371 Τί
2365 4313 2459 4369 οὗν
2518 4313 2594 4387 μὴ
2644 4309 2733 4366 καὶ
2794 4308 2878 4378 σὺ,
2941 4309 2968 4364 ὁ
3025 4307 3163 4363 κατὰ
3213 4308 3396 4362 παθῶν
3449 4311 3741 4380 κοσμικῶν

2083 4405 2227 4463 λέων
2285 4406 2416 4460 εἶναι
2473 4401 2828 4478 ἀποταχθεὶς,
2886 4397 2947 4453 ού
3007 4398 3171 4472 μόνον
3230 4395 3292 4451 ού
3347 4407 3593 4473 προϊσχῃ
3636 4402 3744 4452 τοῦ

2083 4493 2385 4571 προσώπου
2436 4485 2742 4568 πρόϐλημα
2805 4485 3014 4557 αἰδοῦς,
3089 4494 3191 4556 τῆς
3264 4483 3456 4550 ἐθάδος
3498 4485 3746 4563 ἡσυχίας

2089 4584 2547 4656 ἀπανιστάμενος,
2607 4578 2698 4634 καὶ
2754 4573 3048 4633 διαϐαίνων
3101 4576 3176 4639 εἷς
3229 4576 3300 4631 τὰ
3353 4576 3612 4649 κοσμικὰ,
3646 4577 3748 4632 καὶ

2015 4657 2494 4746 Βόνειδιζόμενος
2562 4666 2632 4724 δι’
2686 4666 2861 4738 αὐτό;
2937 4663 3120 4722 Ἀλλὰ
3199 4663 3292 4720 καὶ
3375 4664 3751 4740 βρυχώμενος

333 4753 598 4810 λέεντειον
657 4755 1000 4830 ἐπεμπηδᾷς,
1057 4761 1147 4814 καὶ
1205 4757 1615 4839 διασπαράττειν
1670 4766 1858 4844 βούλει
1913 4767 2005 4822 τὸν
2054 4761 2389 4840 έγκραγόντα
2447 4779 2581 4829 σοι;
2637 4758 2742 4816 Καὶ
2799 4758 2907 4831 μὴν
2959 4755 3025 4811 ού
3089 4755 3259 4828 μόνον
3312 4751 3755 4830 λοιδορούμενος

331 4842 670 4914 τετύπωκας,
705 4845 803 4902 οὐκ
832 4846 1249 4926 ἆντιλοιδορεῖν,
1284 4850 1428 4908 ἀλλὰ
1454 4855 1544 4910 καὶ
1574 4842 1828 4933 πάσχων,
1865 4854 2007 4931 μηδὲ
2026 4857 2157 4932 γοῦν
2189 4849 2550 4907 ἄπειλεῖσθαι.

413 4936 534 4992 158.
589 4937 731 4992 Ecce
801 4937 1022 4993 librum
1097 4941 1347 5013 regulas:
1431 4948 1649 5019 accipe,
1722 4951 1868 5021 lege,
1926 4951 1985 5003 et

337 5025 664 5081 condemns
709 5027 988 5098 teipsum.
1039 5027 1182 5084 Cum
1241 5033 1467 5106 absque
1507 5037 1730 5108 pudore
1761 5038 1909 5110 agis,
1951 5053 1984 5093 ο

339 5115 647 5184 monache,
679 5116 869 5188 cogita
901 5122 1198 5175 mortuum
1231 5124 1286 5176 te
1310 5124 1708 5195 impudentem
1741 5143 1887 5183 esse.
1920 5127 1984 5182 In

336 5209 580 5260 tonsura
611 5207 765 5261 enim
815 5214 1080 5264 mortuus
1139 5227 1218 5266 es.
1263 5214 1406 5268 Cum
1464 5217 1830 5287 conviciaris,
1865 5234 1984 5273 me-

338 5301 536 5352 mento
556 5297 709 5353 inter
724 5304 886 5355 muta
900 5302 1198 5357 redactum
1213 5303 1614 5376 blasphemias
1633 5312 1686 5364 te
1699 5310 1983 5381 proferre:

342 5402 458 5442 non
491 5387 733 5445 edoctus
763 5406 826 5446 es
888 5390 974 5447 sic
1021 5390 1320 5464 loquacem
1368 5411 1517 5452 esse.
1566 5397 1777 5455 Desine
1807 5390 1989 5472 igitur

414 5586 528 5662 (17)
559 5587 940 5662 Prometheus
970 5594 1028 5646 et
1056 5590 1454 5662 Epimetheus,
1479 5595 1651 5653 ambo
1677 5598 1838 5655 Jovis
1863 5597 1986 5656 ﬁlii.

342 5656 622 5742 gerebant
642 5660 1057 5742 Prometheum
1073 5656 1164 5718 res
1185 5669 1320 5742 ante
1337 5656 1611 5724 eventum
1634 5671 1948 5742 praevidere
1971 5688 1986 5741 ;

344 5728 749 5798 Epimetheum
781 5748 896 5790 non
929 5734 1044 5791 nisi
1069 5736 1361 5805 praeterita
1389 5728 1673 5813 noscere';
1704 5744 1861 5800 unde
1890 5728 1989 5800 de;

2168 4942 2302 5017 ρνη’.
2338 4937 2478 4998 Ἰδοὺ
2536 4939 2598 4994 τὸ
2661 4931 2876 5013 βιϐλίον
2929 4941 3031 5004 τῆς
3084 4939 3367 5009 συνταγῆς,
3434 4934 3522 4988 καὶ
3558 4929 3747 4990 λαϐὼν

2095 5032 2389 5107 ἀνάγνωθι,
2447 5029 2538 5084 καὶ
2602 5030 2909 5102 κατάγνωθι
2965 5027 3210 5081 σεαυτοῦ.
3270 5025 3402 5081 ’Ὁτε
3457 5023 3748 5099 ἀναισχυν-

2093 5127 2225 5191 τεῖς,
2281 5121 2325 5174 ὧ
2385 5121 2616 5193 μοναχὶ,
2674 5115 2883 5188 νόμιζε,
2950 5111 3035 5169 ὅτι
3091 5113 3277 5191 νεκρὸς
3335 5111 3407 5168 ὣν
3467 5111 3742 5188 ἀναιδεύῃ.

2095 5213 2367 5281 Τέθνηκας
2433 5208 2537 5282 γὰρ
2597 5205 2648 5262 έν
2702 5209 2783 5278 τῷ
2847 5203 3136 5280 κείρεσθαι.
3201 5204 3329 5260 Ὀτε
3393 5201 3737 5272 καταλαλεῖς,

2098 5300 2288 5372 ἐννόει,
2350 5297 2433 5354 ὅτι
2481 5297 2533 5352 ἐν
2584 5296 2824 5374 ἀφώνοις
2879 5292 3228 5368 τεταγμένος,
3274 5289 3556 5368 διαρθροῖς
3610 5289 3740 5368 βλα-

2100 5390 2367 5469 σφημίαν.
2429 5387 2507 5446 Ού
2558 5387 2662 5463 γὰρ
2714 5383 2992 5445 ἐτύπωσας
3054 5381 3196 5437 οὕτω
3241 5378 3414 5444 λάλος
3465 5381 3625 5440 εἶναι.
3657 5380 3750 5436 Διὸ

2099 5587 2367 5644 rivantur
2411 5591 2610 5642 Graeca
2654 5582 2916 5640 nomina.
2976 5578 3286 5635 Addebant
3329 5578 3504 5636 etiam
3537 5577 3611 5634 ab
3651 5575 3758 5633 illo

2101 5664 2304 5717 cautos
2335 5663 2392 5716 et
2418 5659 2711 5731 sapientes
2738 5654 3028 5722 homines,
3059 5649 3301 5708 insanas
3320 5668 3453 5709 vero
3481 5655 3541 5707 et
3567 5649 3759 5722 impe-

2101 5741 2247 5798 ritos
2276 5739 2348 5798 ab
2379 5740 2491 5798 hoc
2519 5738 2704 5796 fuisse
2734 5738 2980 5794 creatos.
