4060 6356
332 383 446 444 831

1342 387 1446 448 DE
1491 384 1984 448 EMENDANDA
2034 385 2224 447 VITA
2260 384 2750 446 MONACHICA.

3636 381 3754 442 862

330 515 460 594 ἄφες
494 517 719 569 τοιαῦτα
756 522 1143 592 τερατουργεῖν
1195 515 1283 572 ἐπὶ
1344 517 1452 588 σοὶ,
1507 518 1582 590 μὴ
1633 516 1723 571 καὶ
1782 536 1985 591 παρορ-

2113 517 2219 573 ista
2252 517 2514 591 prodigia
2543 518 2600 572 in
2633 524 2688 574 te
2717 517 2968 590 operari,
2994 533 3065 572 ne
3093 518 3163 572 ad
3197 515 3558 572 iracundiam
3619 531 3752 586 pro-

326 604 487 680 γίσῃς
520 603 611 657 τὸν
645 603 720 667 ὡς
751 602 973 674 ἀληθῶς
1013 605 1234 678 ὕψιστον
1297 606 1728 682 θαυματουργόν.
1785 606 1988 678 Στέρνα

324 692 545 747 τύπτειν
594 690 805 762 τέταξαι
864 696 930 747 τὰ
988 696 1052 748 σὰ
1099 693 1186 748 ἐπὶ
1241 695 1516 768 μετανοίᾳ,
1575 694 1634 749 οὐ
1699 695 1805 767 μὴν
1853 695 1989 748 κατά

327 778 559 850 καρδίας
613 780 833 836 τύπτειν
861 783 988 844 τοὺς
1027 783 1194 859 μικρᾶ
1251 784 1285 853 ἢ
1340 782 1492 839 οὐδὲν
1523 783 1750 846 αἷτίους’
1786 781 1988 859 δάκρυα

323 870 642 947 καταρῥέειν
673 869 762 924 ἐπὶ
816 871 1113 946 μεταμέλῳ
1141 871 1222 946 τῷ
1251 873 1334 948 ἐφ’
1387 872 1695 950 ἁμαρτίαις,
1756 872 1818 928 ού
1879 873 1985 944 μήν

326 964 630 1034 τυραννεῖν,
693 959 768 1021 είς
839 957 1065 1036 δάκρυα·
1144 960 1400 1036 ψάλλειν,
1483 962 1544 1017 ού
1614 963 1986 1034 κατακράζειν·

329 1044 664 1124 ὀρθοστάδην
729 1045 928 1111 ἄϋπνος
993 1047 1340 1126 ἐντυγχάνειν
1415 1055 1552 1124 Θεῷ,
1615 1051 1676 1105 οὐ
1739 1051 1846 1123 μὴν
1907 1049 1989 1104 ἐπ’

329 1136 665 1213 ἀμφοτέραις
739 1136 1009 1212 χωλεύειν
1089 1138 1300 1215 ἰγνύαις
1378 1139 1790 1215 ἆμαρτητικῶς·
1856 1138 1989 1213 γόνυ

327 1224 530 1280 κλίνειν
583 1223 668 1280 ἐπὶ
724 1232 1100 1304 προσευχαῖς,
1162 1228 1223 1283 οὐ
1273 1227 1546 1300 κατακλᾷν
1601 1226 1768 1298 σκέλη
1831 1224 1986 1298 δίκην

329 1305 553 1384 λῃστοῦ*
585 1311 751 1366 ὁποῖα
795 1313 884 1366 καὶ
939 1318 1162 1369 τοιαῦτα
1207 1313 1396 1370 πολλὰ
1425 1313 1476 1370 ἐν
1507 1320 1622 1377 τοῖς
1671 1315 1790 1378 καθ’
1839 1317 1987 1387 ἡμᾶς

331 1395 632 1473 βλέπομεν.
664 1405 725 1456 Ἠ
779 1395 976 1476 ῥάϐδος
1025 1423 1120 1457 σου
1169 1408 1259 1458 καὶ
1307 1405 1342 1474 ἡ
1393 1404 1671 1479 βακτημία
1704 1424 1799 1458 σου
1821 1423 1989 1477 παρα-

327 1485 668 1544 λαλείτωσαν
701 1490 828 1554 τοὺς
853 1489 956 1544 ὐπὸ
988 1491 1062 1561 σε,
1097 1491 1187 1546 καὶ
1221 1491 1450 1555 λοιποὺς
1483 1491 1539 1547 δὲ
1572 1491 1796 1561 ἄλλους,
1831 1493 1990 1555 ὅσους

327 1575 622 1653 ἱξισχύεις·
659 1579 736 1652 μὴ
759 1577 1184 1653 παραλυέτωσαν
1209 1578 1266 1636 δὲ
1294 1588 1394 1652 τῆς
1421 1587 1564 1651 ζωῆς
1587 1577 1985 1660 φοϐερώτερον.

329 1665 659 1740 Ἀγκαλίζου
710 1667 898 1744 ’χερσὶν
946 1668 1023 1732 εἷς
1081 1672 1456 1744 πνευματικὴν
1528 1673 1855 1746 χαρμονήνο
1908 1671 1984 1743 μὴ

289 1744 305 1760 ’
333 1753 522 1834 σφίγγε
551 1755 629 1819 είς
658 1759 991 1834 πνιγμονήν.

2095 623 2264 661 voces
2293 607 2587 662 excelsum
2609 605 3024 660 miraculorum
3041 607 3564 660 artiticem.Pectus
3582 610 3746 658 tuum

2098 711 2201 767 per
2223 695 2618 766 pmnitentiam
2637 702 2934 766 percutere
2951 713 3010 750 es
3032 696 3524 762 int'ormatus,non
3553 699 3749 748 autem

2100 801 2198 839 cor
2221 785 2560 855 lransﬁgere
2596 801 2772 856 parva
2803 788 2905 839 aut
2933 783 3092 839 nulla
3116 783 3583 854 delinquentium
3613 800 3625 838 :
3667 781 3752 835 la-

2099 889 2329 944 crymas
2358 873 2653 928 effundere
2685 890 2752 928 ex
2785 877 3152 944 peccatorum
3204 870 3426 938 dolore,
3486 887 3601 925 non
3653 887 3754 940 op-

2100 961 2352 1035 primere
2384 978 2570 1032 usque
2600 962 2672 1016 ad
2705 961 3031 1034 lacrymas;
3066 960 3338 1032 psallere,
3367 976 3480 1014 non
3542 957 3750 1014 clami-

2097 1055 2244 1120 tare,
2279 1056 2501 1105 rectum
2523 1055 2578 1105 et
2606 1049 2841 1122 vigilem
2875 1051 2990 1105 Deo
3018 1051 3274 1114 adstare,
3309 1066 3420 1102 non
3456 1047 3746 1103 ambobus

2100 1140 2376 1195 cruribus
2458 1139 2838 1194 claudicando
2896 1139 3222 1194 incedere:
3271 1153 3464 1210 genua
3524 1136 3753 1192 ﬂectere

2101 1231 2172 1285 ad
2270 1229 2581 1294 orandum,
2641 1245 2760 1283 non
2816 1245 3006 1295 crura,
3058 1244 3218 1283 more
3264 1225 3532 1292 latronis,
3585 1242 3748 1280 rum-

2101 1334 2274 1390 pere;
2325 1334 2452 1388 quze
2479 1317 2678 1372 omnia
2734 1317 2887 1388 apud
2925 1333 3032 1371 nos
3073 1317 3406 1386 frequenter
3455 1315 3748 1368 videmus.

2097 1407 2274 1478 Virga
2303 1414 2405 1461 tua
2457 1410 2514 1460 et
2575 1406 2819 1460 baculus
2869 1410 3006 1460 tuus
3049 1403 3428 1460 consolentur
3479 1402 3752 1457 subditos

2096 1501 2232 1552 tuos
2263 1501 2319 1550 et
2339 1494 2484 1550 alios
2503 1511 2889 1566 quoscunque
2921 1496 3157 1566 poteris,
3192 1498 3256 1548 ut
3286 1493 3479 1564 quiete
3528 1492 3750 1546 vivant.

2099 1583 2371 1640 Manibus
2396 1583 2748 1655 amplectere
2766 1584 2834 1637 ad
2863 1583 3358 1638 manifestandam
3384 1578 3754 1653 spiritualem

2098 1672 2386 1737 laetitiam,
2419 1689 2534 1727 non
2570 1672 2794 1743 stringe
2828 1672 2898 1726 ad
2932 1671 3362 1726 suti‘ocandum.

410 1907 538 1981 ρνθ’.
600 1906 780 1964 Ἀλλὰ
823 1913 991 1964 ταῦτα
1038 1911 1132 1984 μὲν
1183 1915 1381 1973 κοινῶς
1435 1910 1574 1986 πρός
1602 1931 1660 1966 τε
1715 1909 1845 1974 τοὺς
1907 1933 1996 1985 με-

2175 1913 2298 1967 159.
2354 1915 2483 1966 Haec
2531 1911 2732 1968 omnia
2783 1911 2841 1966 in
2933 1909 3234 1966 communi
3304 1910 3375 1966 ad
3437 1912 3758 1969 monachos

334 1993 768 2071 γαλοσχήμονας
797 1997 887 2052 καὶ
943 1997 1072 2062 τοὺς
1103 1999 1180 2072 μή
1212 2000 1330 2054 κατ’
1354 1998 1569 2062 αὐτούς.
1629 2003 1743 2058 Τοῦ
1793 1997 1992 2055 λοιποῦ

341 2080 399 2137 δὲ
447 2080 559 2154 ἰδίᾳ
605 2084 697 2138 καὶ
743 2091 861 2148 τοῖς
914 2089 1082 2160 μήπω
1131 2088 1616 2164 ἀπογραψαμένοις
1667 2089 1735 2143 τὰ
1787 2087 1994 2144 τελεώ-

339 2191 474 2228 τατα
498 2171 798 2246 ὁμιλητέον
846 2173 935 2230 διὰ
991 2175 1240 2253 βραχέων
1303 2177 1380 2241 είς
1440 2178 1612 2251 μόνην
1667 2177 1990 2252 ἀνάμνησιν·

343 2260 405 2316 οὐ
440 2263 541 2338 γὰρ
592 2264 747 2336 οἶμαι
807 2265 1012 2341 ἀγνοεῖν
1047 2264 1162 2321 οὐδ’
1217 2265 1430 2338 αὐτοὺς,
1464 2269 1596 2343 ἅπερ
1649 2267 1992 2325 ἀκούσονται.

341 2351 442 2407 Καὶ
497 2351 633 2414 τέως
681 2353 1040 2428 παρεκθετέον
1093 2356 1193 2424 τὴν
1250 2360 1346 2410 τοῦ
1408 2361 1655 2433 μοναχοῦ
1711 2355 1932 2427 κλῆσιν,
1965 2357 1994 2411 ὃ

338 2437 393 2494 τί
422 2459 555 2495 ποτε
614 2439 892 2515 βούλεται.
952 2444 1145 2517 Ἥρεσε
1209 2449 1276 2519 τῇ
1321 2445 1458 2500 κατὰ
1508 2445 1698 2523 σοφίαν
1747 2442 1998 2522 ἀκριϐείᾳ

337 2529 402 2582 τὸ
451 2529 618 2600 μόνον
667 2530 760 2584 καὶ
789 2530 881 2584 τὸν
918 2530 1081 2604 μόνον
1124 2533 1211 2587 καὶ
1263 2534 1364 2602 τὴν
1419 2535 1595 2606 μόνην
1635 2540 1872 2599 νοεῖσθαι
1904 2536 1998 2607 μὶν

337 2615 428 2671 καὶ
489 2615 676 2680 ἄλλως
730 2619 1052 2693 ὁμωνυμίας
1093 2621 1269 2695 νόμῳ,
1323 2620 1575 2699 λέγεσθαι
1627 2621 1684 2678 δέ
1736 2646 1865 2680 ποτε
1907 2623 1998 2679 καὶ

338 2705 480 2779 πρὸς
547 2706 611 2761 τὸ
668 2712 933 2782 συζυγοῦν
975 2713 1056 2781 τῷ
1105 2709 1251 2786 ἄρτῳ
1301 2711 1375 2773 είς
1429 2719 1640 2790 τροφῆς
1695 2711 1952 2785 ἀρτίωσιν
1984 2754 1997 2769 .

343 2792 504 2852 Οὕτω
532 2795 624 2850 καὶ
664 2795 829 2868 μόνος
877 2799 1051 2872 χιτών
1104 2819 1210 2853 τινι
1261 2799 1570 2872 πρόσεστιν,
1631 2803 1718 2856 ὅτι
1747 2800 2003 2858 ἀσυνδύα-

348 2883 472 2946 στός
529 2885 668 2940 ἑστιν
727 2885 940 2963 ἐτεροίᾳ
984 2883 1297 2963 περιϐολῇ,
1365 2889 1433 2958 ἧς
1479 2889 1760 2965 παρούσης
1818 2891 1890 2954 ὡς
1945 2891 2001 2947 ἓν

346 2992 451 3028 τινι
504 2974 737 3045 συζεύξει
768 2975 945 3031 οὐκέτι
982 2979 1296 3050 μεμόνωται
1329 2980 1356 3032 ὁ
1387 2981 1580 3054 χιτών.
1640 2985 1728 3052 Τῷ
1778 2977 1824 3034 δ’
1854 2981 2002 3055 αὐτῷ

351 3061 500 3138 λόγῳ
549 3063 639 3118 καὶ
691 3064 862 3138 μόνην
897 3060 1043 3142 ἔχειν
1079 3065 1294 3142 λέγεταί
1323 3089 1407 3130 τις
1452 3067 1710 3143 χλαῖναν,
1769 3069 1859 3124 ὅτε
1903 3077 2006 3140 τῆς

347 3149 641 3208 ἐπιλοίπου
691 3154 966 3228 συζυγίας,
1019 3154 1115 3211 εἶτ’
1163 3155 1254 3210 οὖν
1312 3158 1647 3233 συστοιχίας,
1706 3157 1842 3228 αύτή
1895 3156 2002 3213 διέ-

2104 2001 2301 2074 magni
2337 2001 2690 2067 indumenti,
2725 2005 2780 2056 et
2804 2001 2874 2056 ad
2935 1999 3082 2055 alios
3145 2017 3259 2055 non
3320 1999 3546 2056 similes
3602 2001 3758 2058 dicta

2102 2090 2239 2146 sint.
2270 2089 2554 2161 Relinqua
2583 2095 2780 2146 autem
2813 2089 2884 2144 iis
2917 2089 3015 2160 qui
3042 2088 3458 2160 perfectionem
3493 2090 3756 2146 nondum

2101 2179 2566 2250 spoponderunt,
2599 2177 2892 2250 privatim,
2944 2177 3148 2250 paucis
3193 2178 3405 2244 verbis,
3439 2179 3510 2232 ad
3563 2178 3752 2234 solam

2102 2267 2564 2323 recordationem
2599 2269 2945 2339 proferenda
2971 2271 3145 2322 sunt:
3176 2283 3276 2322 eos
3305 2267 3461 2322 enim
3506 2267 3757 2323 dicenda

2103 2356 2374 2428 ignorare
2405 2373 2518 2411 non
2549 2357 2818 2412 arbitror.
2863 2361 3051 2412 Antea
3099 2360 3294 2412 autem
3340 2357 3753 2428 exponendum

2106 2451 2197 2502 est
2228 2463 2437 2501 nomen
2473 2446 2742 2501 monachi
2777 2447 2914 2518 quid
2948 2446 3261 2519 signiﬁcet.
3295 2445 3526 2501 Placuit
3551 2445 3758 2518 exqui-

2107 2536 2220 2591 sita
2268 2536 2634 2608 sapientibus
2691 2536 2799 2591 has
2852 2552 3022 2590 voces
3074 2535 3470 2603 solummodo,
3534 2534 3754 2603 solum,

2108 2623 2489 2680 solitudinem
2546 2642 2649 2697 pro
2693 2625 2940 2680 diversis
2989 2624 3260 2697 intelligi,
3322 2624 3491 2696 quasi
3552 2624 3758 2680 homo-

2109 2730 2308 2787 nyma,
2339 2717 2397 2768 et
2426 2713 2699 2785 usurpari
2758 2713 3174 2780 indifferenter,
3217 2713 3372 2768 sicut
3420 2713 3589 2784 panis
3633 2730 3766 2785 pro—

2110 2803 2470 2858 conﬁciendo
2501 2803 2647 2858 cibo.
2705 2803 2920 2858 Eodem
2969 2805 3140 2857 modo
3193 2801 3367 2856 unica
3412 2801 3612 2856 tunica
3670 2805 3761 2856 est

2111 2892 2464 2958 alicui,cum
2497 2893 2848 2946 vestimento
2906 2890 3070 2946 alteri
3122 2907 3234 2944 non
3289 2891 3582 2961 jungitur,
3640 2905 3757 2960 quo

2111 2981 2370 3045 admoto,
2399 2979 2582 3035 veluti
2613 2981 2865 3051 quadam
2900 2979 2956 3034 in
2993 2979 3228 3048 unione,
3252 2979 3425 3034 unica
3457 2978 3586 3048 jam
3649 2994 3764 3032 non

2111 3075 2200 3125 est
2230 3069 2448 3124 tunica.
2484 3070 2696 3125 Eadem
2733 3069 2957 3124 ratione
3025 3068 3264 3123 unicum
3322 3066 3567 3140 pallium
3621 3065 3767 3121 dici-

2113 3164 2212 3214 tur
2241 3158 2464 3230 aliquis
2497 3159 2731 3229 habere,
2766 3175 2899 3213 cum
2948 3176 2980 3212 a
3013 3157 3259 3229 reliquis
3317 3155 3658 3226 conjunctis
3713 3157 3771 3210 et

349 3261 560 3298 σταται.
607 3243 679 3296 Τὸ
727 3241 784 3298 δὲ
836 3244 1030 3317 ὅμοιον
1061 3251 1341 3322 θεωρεῖται
1372 3246 1462 3302 καὶ
1495 3247 1582 3302 ἐπὶ
1620 3247 1828 3324 μυρίων
1863 3248 2000 3304 ὅσων

2118 3247 2402 3320 proximis
2423 3249 2682 3304 vestibus
2712 3247 2925 3303 diﬂ'ert.
2960 3247 3027 3302 Et
3070 3246 3292 3302 similia
3350 3246 3422 3302 de
3473 3243 3770 3301 sexcentis

263 3375 271 3384 .
347 3330 566 3406 ἑτέρων.

417 3484 510 3558 ρξ’.
570 3480 744 3547 Οὗτος
776 3481 842 3554 δὴ
876 3486 904 3539 ὁ
936 3483 1102 3562 λόγος
1142 3488 1170 3542 ὁ
1221 3491 1338 3542 κατ’
1394 3485 1620 3558 ἔννοιαν,
1669 3490 1714 3544 ὦ
1777 3490 2003 3564 μοναχὶ,

353 3570 501 3635 ὅστις
540 3574 663 3629 ποτ’
690 3573 751 3628 ἂν
799 3573 890 3630 καὶ
923 3571 1062 3645 εἰίης,
1111 3577 1200 3630 καὶ
1249 3579 1318 3650 τῇ
1352 3575 1420 3652 σῇ
1467 3576 1636 3653 ταύτῃ
1679 3577 1875 3649 κλήσει
1920 3578 2007 3654 ἐγ-

348 3661 631 3732 κάθηται.
689 3662 950 3717 Τοιούτου
1006 3662 1187 3718 τοίνυν
1249 3667 1338 3719 οἶα
1393 3667 1484 3720 καί
1540 3688 1690 3729 τινος
1748 3666 2007 3742 θεμελίου

352 3745 810 3822 ὑποϐεϐλημένου
861 3772 986 3824 σοι,
1045 3753 1428 3828 ἀναμνήσομέν
1485 3776 1543 3809 σε
1603 3755 1738 3829 μετᾶ
1794 3755 2003 3831 βραχὺν

351 3837 540 3916 λόγον,
602 3839 677 3904 ὡς
737 3838 798 3894 οὐ
845 3842 961 3895 κατ’
992 3840 1152 3897 αὐτὸν
1186 3841 1526 3917 οἱκοδομεῖς,
1587 3843 1733 3900 ἀλλὰ
1760 3849 1842 3918 τῷ
1872 3847 2007 3900 ὑπο-

349 3929 589 4002 κείμὲνῳ
643 3927 894 4003 Θεμέθλῳ
953 3931 1319 3996 ἀνακόλουθον
1377 3954 1462 3987 σοι
1519 3933 1583 3988 τὸ
1641 3933 1956 4008 παρύψωμα
1990 3977 2003 3991 .

342 4019 406 4075 Ὁ
455 4019 558 4094 γὰρ
615 4018 978 4082 ἀποστολικὸς
1041 4021 1309 4096 μοναχὸς,
1341 4023 1534 4076 ταυτὸν
1590 4020 1648 4076 δὶ
1679 4022 1872 4090 εἰπεῖν,
1907 4023 2006 4094 μό-

345 4127 460 4177 νος,
513 4105 666 4163 οὐδὶν
693 4108 902 4186 ὀφείλει
934 4106 1079 4184 ἔχων
1109 4107 1250 4164 ἄλλο
1284 4114 1402 4184 ζῇν,
1442 4109 1488 4164 εἰ
1523 4111 1600 4183 μὴ
1633 4111 1840 4179 ἑαυτὸν,
1875 4109 2007 4186 δίχα

349 4191 565 4266 δηλαδὴ
628 4201 990 4271 συζυγοῦντος
1043 4202 1112 4264 τῇ
1152 4199 1270 4253 κατ’
1321 4196 1602 4274 ἄνθρωπον
1661 4203 1774 4273 ζωῇ
1837 4201 2004 4255 ἅπαν-

347 4304 440 4346 τος
470 4283 812 4361 πράγματος,
874 4287 988 4341 οἷον
1047 4287 1172 4352 ἄτερ
1212 4289 1390 4363 πήρας
1419 4287 1508 4342 καὶ
1545 4285 1861 4364 βαλαντίου,
1895 4293 2003 4344 τῶν

346 4373 436 4428 καὶ
497 4371 816 4450 ἀχρειωδῶν
869 4376 958 4430 moi
996 4375 1452 4452 μοχθηροτάτων·
1506 4376 1552 4432 εἰ
1604 4377 1694 4432 καὶ
1727 4382 1843 4442 τοῖς
1871 4377 2006 4456 ἀφε-

347 4460 626 4537 λεστέροις
675 4462 728 4518 ἐν
785 4469 1000 4540 σμικρῷ
1027 4465 1230 4521 τίθεται
1288 4467 1323 4536 ἡ
1381 4472 1482 4536 τῆς
1527 4466 1735 4521 τούτων
1787 4467 2006 4543 ἀποχῆς

349 4551 707 4630 παραγγελία.
765 4558 858 4628 Τῷ
907 4553 1183 4631 βαλαντίῳ
1235 4555 1330 4630 μὲν
1374 4553 1601 4622 ἐνταῦθα
1650 4557 1677 4612 ὁ
1735 4557 2005 4632 θησαυρὸς

2118 3336 2250 3392 aliis
2285 3337 2459 3393 rebus
2483 3337 2732 3393 dicenda
2763 3341 2922 3392 sunt.

2192 3491 2312 3545 160.
2346 3489 2478 3544 Haec
2509 3489 2654 3544 ratio
2694 3487 3217 3560 interpretationis,
3249 3503 3282 3542 ο
3323 3485 3630 3551 monaohe,
3664 3489 3770 3540 aut

2117 3578 2387 3651 quisquis
2414 3579 2650 3634 tandem
2674 3582 2878 3645 es,tuo
2911 3576 3147 3649 proprio
3180 3574 3403 3632 nomini
3431 3575 3768 3646 adaptatur.

2117 3669 2345 3733 Quo,ut
2375 3666 2888 3735 fundamento,tibi
2923 3665 3247 3738 supposito,
3281 3669 3337 3719 te
3367 3663 3767 3730 manebimus,

2120 3763 2248 3827 post
2281 3773 2466 3828 pauca
2497 3757 2694 3822 verba,
2728 3757 2787 3811 in
2820 3773 2885 3811 eo
2919 3773 3033 3811 non
3057 3754 3358 3821 habitare;
3403 3754 3504 3808 sed
3539 3752 3588 3808 ei
3623 3753 3763 3808 suh-

2118 3851 2214 3901 tus
2257 3845 2478 3917 jacenti
2529 3844 2921 3916 adjiciendam
2971 3861 3099 3900 esse
3147 3843 3326 3898 aliam
3375 3845 3761 3897 structuram.

2116 3935 2486 4006 Apostolicus
2526 3934 2683 3988 enim
2718 3938 3068 3998 monachus,
3111 3931 3194 3986 vel
3229 3931 3384 4003 quod
3443 3931 3598 3985 idem
3657 3936 3766 3997 est,

2117 4023 2435 4094 solitarius,
2466 4024 2654 4078 vivere
2685 4023 2856 4078 debet
2887 4022 3030 4077 nihil
3066 4022 3220 4076 aliud
3258 4021 3564 4092 possidens
3595 4036 3772 4090 quam

2117 4114 2376 4183 seipsum
2389 4111 2536 4178 ,sine
2552 4111 2671 4167 ulla
2686 4128 2744 4165 re
2760 4111 2892 4166 vitae
2907 4110 3178 4165 humana:
3193 4109 3489 4164 adhaerere
3504 4109 3770 4177 faciente,

2119 4205 2184 4256 ut
2215 4205 2353 4256 sunt
2385 4216 2521 4271 pera
2543 4204 2600 4255 et
2628 4197 2898 4268 loculi,et
2938 4198 3174 4269 quidem
3199 4197 3456 4268 minimi,
3483 4203 3539 4253 et
3561 4196 3768 4253 miser-

2116 4288 2601 4356 rimi,dummodo
2633 4289 2784 4360 apud
2803 4287 3103 4359 simplices
3131 4287 3468 4358 sitalicujus
3489 4284 3773 4341 momenti

2117 4377 2438 4434 admonitio
2472 4379 2542 4433 de
2573 4378 2666 4434 his
2699 4379 2873 4433 rebus
2904 4375 3571 4449 deponendis.Namque
3603 4375 3660 4429 in
3683 4373 3770 4430 lo-

2116 4467 2265 4524 culis
2295 4467 2556 4524 thesauri
2583 4467 3006 4540 depositisunt,
3034 4471 3090 4521 et
3121 4466 3178 4521 in
3197 4482 3333 4538 pera
3356 4465 3590 4536 reliquae
3622 4463 3770 4520 divi-

2115 4557 2456 4614 tize.Saccus
2469 4556 2625 4612 enim
2650 4560 2977 4628 estpera,et
3000 4554 3234 4610 sacculo
3250 4553 3598 4628 intelligitur
3617 4553 3773 4626 quod

353 4628 800 4713 συνεκϐέϐληται,
831 4628 916 4718 τῇ⁷
959 4645 1112 4720 πήρᾳ
1168 4628 1245 4701 δὲ.
1283 4647 1312 4701 ὁ
1361 4645 1555 4709 λοιπὸς
1587 4628 2000 4724 χρηματισμός·

2120 4663 2350 4718 cunque
2382 4646 2720 4702 divitiarum
2785 4644 3240 4716 receptaculum.
3302 4643 3435 4700 Tibi
3481 4643 3685 4716 igitur,
3742 4657 3776 4698 ο

355 4731 552 4794 σάκκος
579 4733 678 4809 γάρ
710 4754 792 4795 τις
841 4734 931 4788 καὶ
990 4733 1023 4789 ὰ
1076 4737 1246 4810 πήρα.
1301 4741 1393 4808 Τῷ
1445 4733 1502 4791 δε
1531 4737 1742 4809 σακκίῳ
1794 4733 2011 4812 ὃοχεῖον

354 4821 492 4876 ἅπαν
557 4828 952 4878 συνεπινοεῖται
1021 4824 1477 4899 χρηματιστικόν.
1548 4825 1841 4881 Ἐπίκειται
1921 4823 2013 4880 οὗν

353 4910 442 4964 καὶ
476 4910 560 4965 σοὶ
615 4911 806 4987 χρέος,
864 4913 908 4966 ὦ
968 4910 1285 4989 εἷσαγωγικὲ
1337 4915 1542 4990 μοναχὲ
1602 4915 1729 4988 (ἀπὸ
1788 4918 1884 4968 σοῦ
1913 4914 2015 4992 γὰρ

353 4998 415 5053 τό
446 5020 510 5075 γε
565 4998 655 5055 νῦν
705 4998 997 5076 ἄρχομαι),
1047 5005 1446 5079 γεγυμνῶσθαι.
1505 5007 1682 5058 Τοῦτο
1740 5003 1845 5080 γάρ
1904 5002 2015 5059 ἐστι

352 5088 417 5144 τὸ
451 5093 656 5166 χρῆναι
712 5090 803 5145 τὸν
864 5090 1107 5166 μοναχὸν
1159 5091 1345 5147 ἑαυτὸν
1374 5091 1464 5148 καὶ
1518 5092 1687 5165 μόνον
1721 5089 1886 5167 ἔχειν.
1921 5099 2017 5148 Γε-

347 5176 669 5255 γυμνῶσθαι
720 5178 777 5234 δέ
824 5201 968 5256 φημι
1024 5179 1086 5233 οὗ
1137 5180 1200 5235 τὸ
1260 5178 1644 5257 περιεοτάλθαι
1678 5178 1847 5255 μηδέν
1878 5202 1929 5236 τι
1963 5179 2014 5244 ές

352 5262 656 5338 ἀναϐολὴν,
714 5266 1112 5342 διατεθειμένον
1145 5272 1474 5346 Βραχμᾶνος
1533 5267 1690 5340 δίκην
1741 5291 2016 5348 γυμνοσοο

355 5361 583 5434 φιστοῦ,
643 5358 780 5412 κατὰ
825 5357 916 5412 τὸν
968 5355 1198 5412 πεσόντα
1247 5357 1307 5413 ἐκ
1355 5357 1573 5422 κοιλίας
1613 5356 1731 5435 ἄρτι
1785 5362 2018 5435 πρώτως

361 5453 636 5521 μητρικῆς
684 5447 736 5518 (ὃ
793 5443 858 5517 δή
926 5467 1052 5502 ,ποτε
1109 5447 1305 5523 ἀγαθὸν
1355 5449 1445 5504 καὶ
1495 5447 1786 5524 ἡμετέροις
1845 5448 2016 5526 ἁγίοις

358 5536 597 5612 Πατράσι
631 5536 947 5613 θαυμασίως
1007 5532 1351 5613 ινέλαμψιν),
1386 5536 1535 5594 ἀλλὰ
1576 5539 1637 5594 τὸ
1687 5543 1805 5601 τοῖς
1857 5538 2018 5613 ἀναγ-

356 5623 670 5692 καιοτάτοις
742 5627 1053 5701 ἀρκεῖσθαι,
1128 5625 1220 5682 καὶ
1297 5625 1467 5702 μηδέν
1532 5649 1584 5684 τι
1654 5631 2014 5706 περικεῖσθαι,

361 5713 516 5792 λόγῳ
549 5711 766 5790 δηλαδή
800 5714 1209 5794 πιριττότητος.
1239 5715 1310 5774 T0‘
1343 5713 1400 5775 δὶ
1422 5716 1566 5775 οὕτω
1587 5711 2015 5798 περιϐεϐλῆσθαι

2125 4735 2412 4792 monache
2444 4735 2774 4807 recipiende
2803 4740 2861 4804 (a
2894 4742 2949 4790 te
2980 4735 3134 4790 enim
3177 4733 3581 4805 incipiendum
3640 4732 3773 4803 est).

2125 4842 2362 4896 necesse
2389 4830 2476 4881 est
2510 4824 2742 4880 nudari.
2774 4823 2892 4880 Hoc
2924 4824 3208 4892 innuitur,
3251 4839 3384 4876 cum
3410 4821 3625 4876 dicitur
3648 4837 3773 4875 [ηοω

2127 4915 2379 4971 nachum
2415 4913 2700 4986 seipsum,
2733 4919 2789 4968 et
2819 4930 2881 4969 se
2913 4913 3106 4968 solum
3147 4928 3276 4968 esse
3333 4925 3774 4983 possessorum.

2127 5003 2347 5059 Nudari
2370 5002 2520 5072 dico,
2564 5019 2677 5057 non
2698 5000 2842 5057 nihil
2875 5001 3242 5058 induendum
3275 5015 3525 5068 servare,
3562 5015 3678 5054 non
3711 5013 3774 5054 se

2126 5093 2341 5149 habere
2370 5091 2557 5148 instar
2604 5090 2996 5146 Brachmanni
3053 5089 3570 5163 gymnOSOphistaa,
3620 5087 3780 5144 velut

2129 5181 2342 5254 aliquis
2374 5181 2709 5253 nuperrime
2739 5181 3095 5252 egressusde
3124 5183 3324 5234 ventre
3356 5177 3563 5233 matris
3599 5176 3780 5248 (quod

2129 5271 2349 5326 bonum
2385 5271 2539 5342 apud
2573 5274 2804 5324 nostros
2837 5273 3071 5324 sanctos
3106 5269 3307 5323 Patres
3352 5267 3499 5322 mire
3549 5265 3782 5336 enituit)

2129 5361 2228 5417 sed
2281 5361 2458 5416 rebus
2506 5357 2858 5415 necessariis
2907 5363 3249 5414 contentum
3298 5373 3451 5425 esse,
3511 5353 3781 5426 nihilque

2128 5450 2495 5506 circumdare
2525 5447 2915 5520 superfluum.
2939 5451 3009 5503 Et
3041 5447 3457 5503 indumentum
3489 5444 3625 5516 hoc,
3675 5444 3779 5501 ali-

2130 5557 2245 5613 quo
2279 5539 2451 5596 modo
2484 5537 2736 5594 nuditati
2768 5553 2884 5594 non
2909 5536 3218 5603 dissimile,
3243 5533 3573 5608 quamlibet
3605 5532 3784 5591 aliam

2126 5633 2347 5686 vestem
2379 5627 2655 5699 excludit,
2683 5627 2819 5698 quia
2845 5625 2990 5683 satis
3021 5630 3132 5696 est,
3182 5633 3238 5682 et
3285 5624 3424 5698 quia
3475 5623 3782 5682 retinenda

2126 5721 2218 5777 est
2238 5717 2396 5777 dicta
2424 5716 2680 5777 solitudo
2711 5714 3018 5774 monachis
3048 5731 3328 5789 congrua.
