4060 6388
359 407 480 470 865

1369 404 1475 466 DE
1517 402 2006 466 EMENDANDA
2047 402 2235 464 VITA
2289 405 2779 469 MONACHICA.

3664 409 3787 471 866

353 557 448 593 τον
508 535 707 612 ἀρετὴν
757 535 1106 611 ὁπεροχικῶς
1137 535 1164 588 ὁ
1199 533 1446 610 μοναχὸς
1502 532 1838 608 ὠνόμασται,
1873 544 2017 600 θειο-

2145 536 2421 608 insignem
2473 539 2658 612 igitur
2709 540 2986 596 virtutem
3056 541 3379 598 monachus
3437 541 3790 599 excellenter

351 627 519 698 τάτην
573 624 777 696 ταύτην
837 621 1273 700 περιδυσάμενος
1366 620 1830 700 μεγαλοπρίπειαν
1895 622 2021 678 ὀνό-

403 736 552 778 ατος.

361 738 560 881 in???
595 799 742 873 Δίῖτη
777 798 1001 878 δευτέρα
1044 802 1180 874 ἡμῖν
1231 799 1413 856 ἔννοια
1459 799 1750 878 ἰρμηνείας
1805 799 1892 868 ἐπὶ
1943 805 2022 873 τῷ

368 897 622 969 μοναχῷ,
679 895 759 964 τῷ
839 885 1178 964 ἤυμὸλήτῳ
1259 892 1391 967 πρὸς
1447 889 1575 953 τοὺς
1633 891 1882 959 Λοιποῦς,
1944 891 2023 962 τῷ

364 981 691 1059 ἀσυγκρίτῳ,
721 984 800 1053 τῷ
860 977 1231 1054 ἀσυνδυάστῳ,
1276 980 1368 1035 καὶ
1428 978 1498 1034 δι’
1541 979 1678 1047 αύτᾷ
1731 979 2020 1053 μονάζοντι

365 1077 481 1127 κατ’
520 1070 742 1146 ἐξοχὴν,
775 1070 849 1131 ὡς
893 1068 1109 1146 ἰρῥὲθη,
1145 1069 1410 1146 ἐνάρετον,
1445 1068 1506 1124 ού
1570 1069 1676 1142 μὴν
1732 1073 2022 1145 τυραννιῶ-

367 1180 483 1217 σατ·
528 1161 603 1222 ὡς
651 1157 829 1214 δοκεῖν
881 1158 974 1215 τὸν
1035 1160 1353 1234 κειράμενον
1410 1154 1573 1232 μόνον
1609 1157 1776 1212 οἷ’κεῖν
1806 1157 1893 1212 ἐπὶ
1925 1162 2023 1222 τῆς

360 1258 486 1328 γῆς,
544 1252 732 1324 μήπου
788 1247 845 1304 δὲ
895 1248 984 1314 καὶ
1059 1244 1456 1318 συνθλίϐεσθαι,
1519 1251 1594 1323 μὴ
1655 1250 2020 1325 χωρούμενον

361 1340 414 1398 ἐν
475 1339 635 1416 αὐτῇ.
670 1341 843 1394 Φάναι
904 1337 961 1394 δὶ
1014 1340 1150 1404 κατᾷ
1185 1338 1376 1414 τρίτην
1424 1333 1692 1408 ἐπιϐολὴν
1755 1338 2021 1414 ἐτυμότη-

243 1493 249 1500 ,
360 1451 478 1500 τος,
509 1429 585 1492 ὡς
641 1433 710 1502 τῇ
765 1431 862 1483 τοῦ
920 1432 1168 1504 μοναχοῦ
1197 1427 1391 1498 κλήσει
1446 1428 1510 1483 τὸ
1568 1425 1705 1505 ἄχος
1764 1422 2019 1504 ἔγκειται,

363 1519 442 1582 είς
496 1515 715 1590 ἔνδειξιν
769 1521 866 1572 τοῦ
921 1517 1013 1572 καὶ
1071 1519 1364 1589 μονοῦσθαι
1419 1515 1603 1590 ιιιύτὸν³
1643 1517 1733 1572 καὶ
1783 1515 2019 1595 ὀφείλειν

363 1608 626 1684 ἄχνυσθαι
660 1607 810 1684 λόγῳ
839 1607 1107 1678 πενθίμου
1152 1607 1274 1676 βίου
1330 1604 1427 1672 τοῦ
1477 1604 1613 1671 κατὰ
1666 1607 1766 1676 τὴν
1823 1608 2022 1681 κυυρᾶιν

364 1697 770 1774 ἔπιστρεπτικὸν
830 1696 926 1770 μὲν
981 1694 1091 1751 ἐστι
1142 1700 1240 1751 τοῦ
1314 1693 1646 1770 μονάζοντος
1697 1693 1773 1758 εἷς
1837 1695 2020 1751 ταπεί-

363 1807 553 1857 νωσιν,
612 1783 1160 1861 λογοπραγηθήσεται
1247 1781 1328 1852 δὶ,
1407 1784 1606 1863 γραφὲν
1687 1783 2017 1860 τολμηρίας,

364 1875 513 1951 παρά
540 1896 600 1952 γε
625 1879 740 1938 τοῖς
768 1874 859 1928 καὶ
883 1873 950 1929 τὰ
977 1877 1203 1940 τοιαῦτα
1231 1879 1526 1949 κριτικοῖς.

437 2050 564 2129 ρξδ’.
599 2053 860 2110 Ἐνταῦθα
917 2048 975 2106 δὶ
1029 2049 1219 2128 λόγου,
1253 2049 1451 2125 ἐλθὼν,
1483 2049 1527 2106 ὦ
1575 2047 1795 2127 ἀδελφὶ,
1825 2051 2025 2115 πυνθά-

364 2142 530 2216 νομαί
581 2163 698 2212 σου,
732 2140 784 2196 εἴ
822 2142 958 2217 πρὸς
1009 2135 1285 2211 ἀκρίϐειιον
1318 2140 1633 2205 καθέσταταί
1666 2161 1761 2213 μοι
1818 2143 2019 2210 ταῦτα,

368 2233 609 2302 Δοκήσας
668 2227 727 2286 δὶ
785 2228 1032 2297 ἀκοῦσαι,
1064 2230 1137 2294 ὡς
1194 2224 1597 2306 ἠκριϐωσάμην
1647 2229 1708 2284 τὸ
1759 2227 2022 2300 λαληθὲν,

365 2323 763 2398 προσεπερωτῶ
793 2340 874 2392 σε,
906 2319 993 2372 καὶ
1020 2323 1177 2373 ποῖον
1206 2315 1267 2373 ἂν
1313 2315 1435 2393 ἔχοι
1493 2340 1576 2380 τις
1636 2317 1828 2394 ψόγον,
1861 2330 2024 2382 καθα-

363 2407 631 2482 πτόμενος
691 2411 938 2490 μοναχοῦ
997 2407 1382 2485 εἶσαγωγικοῦ,
1442 2406 1696 2463 τοιούτου
1771 2408 1865 2480 μὶν
1935 2405 2024 2462 καὶ

360 2492 527 2550 αὐτοῦ
570 2489 954 2572 ἐποφείλοντος
1009 2493 1166 2566 εἶναι,
1199 2491 1432 2560 ἀλλοίου
1487 2491 1544 2549 δὲ
1599 2489 2026 2557 άπεκϐαίνοντος

359 2582 438 2646 εἷς
467 2583 530 2638 τὸ
557 2581 816 2646 παντελὲς
844 2601 858 2651 ;
888 2587 1042 2648 Δοκῶ
1100 2603 1194 2655 μοι
1252 2582 1526 2647 κάνταῦθα
1579 2582 1918 2658 ἐνηχεῖσθαι,
1953 2585 2027 2649 ὡς

359 2671 668 2733 ἰπαινετέος
697 2671 784 2726 καὶ
819 2672 847 2726 ὁ
875 2671 967 2726 τὸν
1024 2675 1273 2727 τοιοῦτον
1338 2672 1580 2747 μοναχὸν
1643 2671 2026 2750 ἐπισκώπτων⁹

359 2760 452 2815 καὶ
517 2759 691 2828 οὕτως
760 2759 1077 2824 ἀνακόπτων
1132 2767 1232 2830 τῆς
1285 2759 1372 2816 ἐπὶ
1437 2761 1505 2816 τὰ
1562 2759 1746 2839 φαῦλα
1800 2762 2023 2835 ὁρμῆς’

366 2847 566 2921 πολλῷ
624 2845 682 2903 δὲ
746 2847 982 2922 μάλιστα
1035 2848 1125 2903 καὶ
1168 2849 1196 2903 ὁ
1224 2847 1316 2903 τὸν
1351 2847 1745 2925 πολυχρόνιον.
1779 2849 1882 2916 Καὶ
1939 2849 2026 2906 ἐπὶ

363 2935 581 2998 τούτοις
614 2936 881 3012 ὁμολογῶ
910 2941 1159 2998 τοιοῦτος
1189 2937 1278 2992 καὶ
1309 2936 1468 3000 αὐτὸς
1499 2937 1634 2993 εἶναι
1682 2937 1805 2993 Αίαν
1857 2937 2026 3012 μάλα,

367 3023 442 3086 ὡς
497 3023 588 3079 καὶ
642 3025 698 3079 εὗ
757 3023 916 3087 εῗδὼς
965 3031 1169 3100 χρῆναι
1200 3025 1318 3080 κατ’
1351 3021 1480 3100 ἴχνη
1538 3025 1618 3097 τῷ
1674 3023 2023 3102 μεγαλοσχή-

371 3133 496 3187 μονι
551 3111 679 3175 τοὺς
746 3113 822 3186 μὴ
880 3113 1161 3174 τοιούτους
1216 3111 1624 3184 ἐπακολουθεῖν,
1667 3113 1757 3168 καὶ
1813 3134 2024 3191 παρηγ-

363 3198 634 3278 γελμὶνος
664 3200 724 3257 lx
752 3205 886 3256 Θεοῦ
917 3207 1251 3276 παρακαΑεῖν
1304 3199 1355 3256 ἐν
1381 3207 1500 3264 τοῖς
1538 3200 1812 3268 τοιούτοις
1863 3224 2024 3267 πνευ-

369 3286 635 3365 ματικῶς,
667 3290 758 3346 καὶ
791 3287 1066 3367 ἐλέγχειν,
1098 3290 1190 3345 καὶ
1222 3290 1498 3364 ἐπιτιμᾷν.

436 3379 573 3470 ρξε’ἶ
611 3381 700 3470 ,Ἢ
759 3377 991 3470 τίςέἃνΔ
1041 3373 1399 3456 παρεπηκῶς
1466 3375 1644 3470 θρόνῳ
1701 3378 2028 3470 αἲσθήσεως,

358 3470 456 3526 καὶ
524 3468 745 3546 βλὲπων
797 3468 927 3534 τοὺς
975 3467 1026 3525 ἐν
1077 3472 1213 3544 ἡμῖν
1260 3467 1551 3547 φορτικοὺς
1617 3467 2028 3544 πρωτοπείρους

355 3562 454 3613 τοῦ
518 3556 795 3632 μονάζειν,
846 3557 936 3613 καὶ
987 3555 1174 3620 ἄλλως
1225 3559 1702 3634 μικροσχήμονας,
1745 3554 2030 3628 δυνήσεται

363 3648 548 3723 ψυχὴν
611 3641 953 3724 ἀθορύϐητον
1011 3645 1303 3722 ἔχειν,καὶ
1362 3648 1438 3720 μὴ
1484 3646 2032 3725 προσεπιμὲμφεσθαι

363 3736 456 3791 καὶ
514 3737 607 3791 τὸν
669 3735 722 3792 ἐν
777 3735 962 3799 αὐτοῖς
1024 3737 1274 3791 ὁπωσοῦν
1310 3735 1504 3812 μεγαν,
1537 3735 1596 3801 ὃς
1631 3735 1846 3810 βλέπων
1905 3735 2034 3802 τοὺς

367 3823 578 3887 ἀτελῶς
629 3825 950 3901 ἀρτιμαθεῖς
1007 3821 1396 3898 ἰξοκέλλοντας
1441 3822 1520 3887 εἲς
1561 3823 1862 3893 ἀπώλειαν,
1911 3821 2037 3888 οὔτε

369 3912 708 3989 ἀναχαιτίζει
764 3913 1266 3992 φριμασσομὲνους,
1326 3911 1472 3969 ἀλλὰ
1518 3913 1608 3967 καὶ
1664 3914 2035 3989 προσερεθίζει

363 4002 688 4078 κεντρίζων,
738 4002 827 4057 καὶ
879 4000 1255 4080 φιλοτιμεῖται
1302 4003 1365 4058 τὸ
1421 4003 1539 4056 κατ’
1589 3999 1827 4064 ἐκείνους
1885 3999 2038 4061 ἕστο-

375 4112 481 4163 μον
521 4090 614 4146 καὶ
660 4088 942 4163 δυσήνιον,
975 4089 1430 4166 ἐναγλαϊζόμενος
1473 4090 1633 4151 αὐτὸς
1664 4093 1732 4164 τῇ
1789 4090 1907 4145 κατ’
1937 4090 2036 4146 αύ-

364 4181 495 4240 τοὺς
539 4179 753 4256 γενναίᾳ
802 4179 1120 4254 θρασύτητι⁶
1172 4183 1246 4241 ὡς
1295 4175 1422 4233 οὐδὲ
1471 4179 1774 4254 στρατηγὸς
1823 4175 2036 4253 ἐλλάμ-

368 4271 524 4343 ψεται
585 4274 867 4346 μαχηταῖς
939 4267 1216 4344 ἀνδρικοῖς
1293 4268 1382 4324 ὑπ’
1455 4269 1606 4341 αὐτῷ
1660 4267 2034 4344 τεταγμένοις.

367 4358 459 4414 καὶ
514 4360 802 4432 τιθέμενος
857 4358 909 4414 ἐν
971 4355 1183 4423 σπουδῆ
1258 4356 1729 4433 περιουσιάζεσθαι
1799 4357 2041 4414 τοιοῖσδε

369 4453 664 4522 μαθηταῖς,
711 4447 834 4504 ὅθεν
885 4447 974 4503 καὶ
1020 4449 1119 4518 τὴν
1182 4447 1363 4524 ἀρχὴν
1424 4446 1706 4521 μανθάνων
1768 4445 2037 4525 φαυλεπι-

365 4535 614 4616 φαύλους
673 4538 809 4593 εἶναι
887 4535 1036 4611 τοὺς,
1097 4538 1170 4602 ὡς
1247 4536 1440 4608 εἷ’πεῖν,
1493 4535 1885 4613 προσηλύτους
1951 4536 2039 4594 ἐπὶ

2131 627 2326 682 dictus
2356 633 2468 694 est,
2499 635 2670 701 atque
2709 630 2884 686 istam
2927 629 3107 687 divini
3152 630 3406 687 nominis
3438 631 3784 704 dignitatem

2133 716 2410 772 obtinuit.

2206 807 2326 861 163.
2360 807 2516 864 Talis
2555 811 2646 863 est
2704 809 2964 864 secunda
2994 812 3200 864 nostra
3256 809 3658 881 interpretatio
3717 810 3790 866 de

2135 895 2550 967 monacho,qui
2585 913 2716 952 cum
2751 898 2999 969 reliquis
3031 915 3146 954 non
3181 902 3376 970 potest
3434 886 3787 970 comparari,

2135 1001 2250 1039 non
2287 985 2558 1056 iudicari,
2617 1003 2732 1042 non
2785 987 3104 1059 conjungi:
3164 987 3384 1059 quique
3437 988 3567 1044 ideo
3625 987 3790 1044 solus

2133 1078 2222 1128 est
2248 1074 2573 1130 secundum
2607 1074 3012 1130 excellentiam
3046 1075 3302 1143 virtutis,
3362 1091 3478 1132 non
3523 1076 3788 1147 tyranni-

2135 1161 2248 1226 dis,
2279 1163 2360 1216 ita
2387 1161 2735 1218 utvideatur
2785 1163 2946 1220 solus
3007 1164 3108 1235 qui
3165 1169 3412 1220 tonsura
3469 1165 3790 1237 insignitus

2133 1256 2224 1306 est
2281 1250 2546 1308 habitare
2597 1252 2758 1309 solus
2816 1253 2876 1308 in
2927 1254 3124 1325 terris,
3187 1255 3432 1309 minime
3464 1258 3660 1308 autem
3721 1271 3790 1309 ea

2133 1339 2408 1412 opprimi,
2455 1341 2752 1413 siquidem
2812 1342 2871 1397 in
2929 1359 2996 1398 ea
3054 1360 3166 1398 non
3231 1342 3516 1399 ambulat.
3597 1342 3791 1398 Tertia

2133 1429 2585 1501 signiﬁcationis
2634 1433 2973 1502 conjectura
3031 1449 3208 1504 quam
3287 1433 3497 1488 damus
3573 1431 3788 1487 asserit

2133 1517 2379 1575 solitarii
2438 1520 2661 1576 nomini
2723 1520 2983 1576 dolorem
3052 1520 3188 1576 addi
3246 1518 3650 1595 (μόνος-ἄχος),
3707 1521 3780 1575 ad

2133 1608 2561 1663 ostendendum
2595 1625 2730 1664 eum
2763 1607 2954 1665 solum
2996 1625 3146 1676 esse,
3201 1615 3590 1681 moestamque
3623 1610 3783 1664 futu-

2132 1713 2264 1752 rum
2316 1713 2446 1753 esse
2504 1698 2577 1752 ob
2636 1698 3050 1754 mortiﬁcatam
3085 1698 3374 1754 tonsurati
3424 1698 3627 1766 vitam,
3660 1698 3784 1754 haec

2132 1785 2366 1855 quidem
2421 1786 2773 1842 monachum
2835 1787 2907 1842 ad
2970 1785 3365 1842 humilitatem
3427 1786 3625 1855 ﬂectit,
3685 1787 3787 1843 sed

2049 1873 2512 1972 Bjudicabitur,
2564 1879 2623 1932 et
2652 1881 2938 1948 arguatur
2995 1876 3346 1933 temeritatis
3395 1875 3551 1948 apud
3609 1875 3790 1948 hujus

2138 1963 2216 2020 rei
2251 1965 2491 2037 peritos.

2211 2054 2328 2108 164.
2367 2055 2451 2109 Ad
2486 2054 2644 2110 hunc
2673 2071 3002 2111 sermonem
3037 2071 3170 2111 cum
3210 2055 3490 2122 venerim,
3523 2071 3556 2110 ο
3589 2055 3792 2127 frater,

2138 2158 2333 2214 quaero
2361 2160 2394 2198 a
2424 2149 2478 2198 te
2502 2149 2700 2199 utrum
2721 2145 2832 2199 ista
2846 2144 2994 2199 bene
3020 2145 3452 2203 deﬁnierim.Et
3473 2148 3788 2216 postquam

2136 2231 2338 2287 audire
2369 2233 2687 2288 arbitratus
2719 2250 2851 2288 sum
2893 2233 3049 2288 dicta
3071 2233 3179 2288 tibi
3220 2233 3553 2305 approbari,
3580 2249 3790 2288 rursus

2139 2324 2193 2375 te
2225 2322 2521 2394 interrogo
2549 2327 2801 2393 quantas
2827 2323 3287 2394 vituperationes
3332 2323 3684 2378 incursurus
3713 2322 3794 2378 sit

2136 2408 2313 2464 homo
2344 2425 2655 2465 occurrens
2688 2411 2976 2466 monacho
3009 2411 3250 2479 novitio,
3298 2411 3399 2481 qui
3464 2410 3599 2467 talis
3659 2427 3792 2466 esse

2135 2498 2401 2566 debebat,
2432 2503 2488 2553 et
2527 2501 2766 2555 omnino
2797 2498 2949 2555 alius
2971 2501 3174 2556 evasit.
3213 2505 3277 2554 Et
3304 2499 3412 2555 hoc
3435 2515 3787 2572 responsum

2134 2586 2543 2658 accipiendum
2576 2605 2724 2656 reor,
2755 2587 3118 2643 laudandum
3151 2605 3280 2643 esse
3310 2604 3441 2643 eum
3476 2589 3576 2659 qui
3612 2588 3790 2644 talem

2137 2675 2492 2731 monachum
2525 2676 3001 2748 irriserit,sicque
3033 2693 3066 2732 a
3097 2676 3353 2732 vanitate
3381 2676 3794 2748 prosequenda

2137 2764 2447 2833 averterit;
2473 2764 2776 2836 multoque
2811 2765 3000 2836 magis
3059 2765 3160 2832 qui
3220 2772 3523 2820 assuetum
3553 2781 3586 2818 a
3615 2764 3788 2835 longo

2137 2857 2420 2925 tempore.
2452 2853 2534 2908 De
2566 2853 2655 2909 his
2689 2853 2969 2908 conﬁteor
2998 2870 3091 2908 me
3118 2855 3322 2908 eadem
3384 2853 3623 2922 sentire,
3685 2852 3790 2925 qui

2134 2943 2357 3014 optime
2388 2941 2516 2996 novi
2549 2941 2868 2997 dissimiles
2900 2941 3162 3012 vestigiis
3186 2942 3383 3014 magni
3412 2940 3788 2996 monachiin-

2136 3033 2338 3087 sistere
2366 3031 2597 3101 debere,
2631 3031 2848 3103 quippe
2873 3030 2971 3103 qui
3004 3032 3249 3086 edoctus
3281 3048 3412 3085 sum
3441 3031 3588 3087 istos
3620 3029 3790 3102 spiri-

2134 3119 2373 3176 tualiter
2393 3142 2420 3168 ‹‹
2442 3121 2766 3189 obsecrare,
2801 3136 3064 3194 arguere,
3088 3125 3144 3176 et
3163 3121 3467 3193 increpare
3485 3120 3552 3176 3‘.
3586 3141 3615 3170 »

2215 3389 2333 3443 165.
2359 3387 2520 3454 Quis,
2555 3403 2777 3458 quasso,
2830 3386 3039 3442 throno
3100 3403 3381 3443 sensuum
3427 3387 3672 3460 potitus,
3702 3385 3788 3442 vl-

2141 3479 2407 3549 densque
2433 3481 2659 3532 contem
2670 3481 2801 3547 ptos
2816 3478 3016 3532 nostro
3041 3492 3158 3531 aevo
3178 3475 3497 3532 monachos
3519 3475 3792 3546 novitios,

2142 3573 2243 3622 aut
2271 3566 2439 3621 aliter
2470 3565 2749 3631 minores,
2787 3565 2996 3636 poterit
3030 3563 3245 3636 spiritu
3278 3581 3396 3619 non
3427 3563 3674 3630 turbari,
3734 3565 3794 3620 et

2144 3672 2260 3710 non
2291 3655 2684 3709 condemnare
2714 3651 3013 3708 hominem
3044 3651 3200 3708 inter
3238 3669 3338 3707 eos
3371 3651 3570 3723 aliquo
3619 3653 3794 3708 modo

2146 3760 2451 3816 magnum,
2477 3741 2576 3815 qui
2614 3756 2748 3796 cum
2779 3739 2990 3796 viderit
3037 3741 3361 3814 discipulos
3420 3740 3794 3814 imperfectos

2143 3833 2203 3889 in
2237 3833 2540 3888 interitum
2573 3831 2732 3897 ferri,
2765 3829 3083 3885 indomitos
3113 3847 3224 3886 non
3259 3830 3640 3898 refrenat,sed
3676 3847 3798 3885 ma-

2145 3923 2237 3996 gis
2293 3922 2494 3978 aculeo
2552 3920 2784 3987 excitat,
2838 3919 3041 3975 laudat
3097 3937 3162 3976 os
3219 3937 3425 3975 eorum
3475 3921 3689 3975 durum
3740 3923 3800 3974 et

2148 4027 2446 4083 asperum,
2501 4014 2558 4065 et
2617 4008 2744 4081 ipse
2795 4008 2918 4063 fera
2964 4024 3166 4064 eorum
3226 4007 3566 4064 fortitudine
3616 4006 3799 4062 extol-

2147 4099 2308 4156 litur.
2343 4099 2542 4170 Neque
2591 4097 2748 4152 enim
2782 4097 2899 4150 dux
2929 4097 3219 4152 exercitus
3268 4113 3298 4151 e
3354 4095 3646 4150 militibus
3704 4096 3797 4150 in-

2147 4187 2385 4244 domitis
2417 4187 2528 4242 sub
2561 4202 2623 4241 se
2673 4184 2959 4240 ordinatis
3014 4183 3259 4257 gloriam
3314 4183 3680 4256 adipiscitur.
3732 4184 3802 4239 Et

2147 4283 2351 4350 captus
2382 4273 2672 4331 desiderio
2696 4272 2904 4328 talium
2935 4272 3362 4345 discipulorum
3398 4271 3798 4344 multiplican-

2149 4367 2383 4434 dorum,
2417 4363 2648 4420 etiamsi
2681 4362 2842 4417 omni
2874 4366 3136 4432 tempore
3195 4360 3448 4416 audierit
3491 4359 3804 4416 fallacissi-

2152 4471 2283 4510 mos
2315 4469 2444 4509 esse
2468 4457 2532 4507 ut
2565 4452 2647 4507 ita
2674 4450 2888 4521 dicam,
2919 4449 3245 4523 proselytos
3293 4450 3347 4503 in
3382 4454 3629 4506 tonsura
3648 4449 3806 4505 salu-

2152 4544 2343 4614 tifera,
2369 4558 2561 4598 mores
2593 4557 2795 4596 eorum
2837 4544 3035 4594 tamen
3085 4556 3202 4594 non
3256 4538 3574 4611 dijudicat:
3610 4555 3804 4612 neque

369 4626 626 4701 σωτηρίῳ
680 4631 873 4702 κουρᾷ,
936 4623 1064 4682 οὔτε
1137 4625 1460 4705 φυλοκρινεῖ
1530 4627 1599 4682 τὰ
1662 4627 1777 4681 κατ’
1837 4625 2028 4690 αὐτοὺς

2151 4631 2416 4704 disponit
2463 4631 2534 4686 ad
2593 4629 2899 4684 certiorem
2952 4627 3280 4683 faciendam
3340 4627 3802 4693 conversionem,

365 4711 509 4785 ἤθη,
555 4712 678 4771 οὔτε
738 4717 1078 4792 καταρτίζων
1133 4715 1486 4791 ἀσφαλίζεται
1546 4715 1622 4780 εἷς
1680 4714 2036 4795 ἐπιστροφὴν,

365 4801 496 4859 ἀλλ’
526 4805 659 4861 αὐτὸ
700 4811 863 4861 τοῦτο
900 4803 1348 4882 στρατηλατικῶς
1399 4806 1641 4860 ὑπειπὼν
1690 4805 1720 4859 ὁ
1779 4807 2037 4881 ψυχικὸς,

369 4893 398 4948 ὁ
429 4899 529 4962 τῆς
573 4892 822 4970 εἷ’ρήνης,
858 4895 886 4950 ὁ
915 4901 1015 4964 τῆς
1062 4893 1293 4968 ἀγάπης,
1326 4894 1354 4948 ὁ
1383 4897 1481 4948 τοῦ
1527 4897 1682 4963 Θεοῦ,
1711 4893 1786 4955 ὡς
1823 4895 1858 4962 ἡ
1896 4895 2036 4966 μονὴ

365 4982 458 5036 καὶ
505 4983 770 5039 τοιούτων
827 4981 1164 5053 διακονητῶν
1218 4979 1415 5051 δέεται,
1448 4983 1576 5036 ὡσεὶ
1608 4981 1698 5036 καὶ
1753 4981 2036 5056 τύραννος,

369 5071 546 5145 οἶμαι,
603 5070 845 5144 δημίων,
901 5073 1180 5148 προσίεται
1232 5069 1360 5133 τοὺς
1420 5069 1641 5144 ἐξώλεις
1691 5070 1767 5135 ὡς
1819 5067 2036 5140 δηλαδὴ

366 5159 675 5229 τοιούτους,
721 5161 811 5217 καὶ
858 5166 1140 5234 σωμασκεῖ
1207 5159 1508 5234 ἐπιμελῶς,
1560 5159 1653 5224 οὓς
1728 5159 1895 5236 ἐχρῆν
1949 5157 2038 5215 διὰ

371 5247 496 5325 βίου
557 5249 592 5320 ἢ
657 5252 1016 5327 ἀκειρεκόμας
1077 5247 1276 5322 μένειν,
1329 5248 1379 5305 εἲ
1436 5250 1523 5305 καὶ
1595 5245 1877 5318 ἐϐιάζοντο
1933 5251 2036 5318 τήν

365 5339 587 5412 κουρὰν,
645 5340 682 5410 ἢ
742 5338 889 5396 ἀλλὰ
945 5338 1081 5394 κατὰ
1161 5337 1500 5414 κακούργους
1575 5339 1884 5413 κείρεσθαιο
1945 5352 2036 5406 καὶ

371 5428 479 5504 πρὸ
536 5430 839 5505 προσώπου
896 5429 1124 5498 τίθεται,
1179 5427 1269 5482 καὶ
1311 5427 1555 5507 ἰκτρὲφει
1615 5427 1900 5499 ἀναλόγως
1952 5429 2035 5492 οἷς

365 5517 712 5588 ἠθικεύονται
739 5540 753 5554 ο
799 5518 888 5574 καὶ
931 5515 1410 5598 σωματοφύλακας
1460 5517 1650 5598 ἐφιστᾷ
1715 5518 1915 5591 ἐαυτῷ,
1960 5515 2038 5584 εἰς

371 5603 593 5683 ἀνδρίαν
623 5605 883 5681 ἰξασκῶν.

445 5731 493 5769 ιδ
518 5731 570 5804 n_
602 5733 872 5809 νείφῃ,
905 5735 1000 5795 20.

2150 4723 2251 4778 sed
2285 4727 2348 4776 ut
2379 4723 2496 4776 dux
2527 4717 2809 4786 militum,
2841 4719 2927 4772 vir
2970 4716 3322 4789 spiritualis,
3384 4717 3686 4787 paciﬁcus,
3718 4718 3805 4771 vir

2150 4810 2475 4878 charitatis,
2507 4811 2595 4864 vir
2624 4807 2723 4863 Dei
2757 4808 2837 4862 ita
2867 4806 3176 4878 respondet
3210 4823 3222 4860 :
3256 4804 3475 4860 talibus
3512 4805 3803 4861 ministris

2151 4898 2574 4964 monasterium
2651 4896 2934 4967 indigere,
3019 4895 3519 4966 quemadmodum
3607 4903 3803 4966 tyran-

2148 4987 2644 5056 numlictoribus,
2678 4984 2948 5054 arbitror,
2999 4987 3056 5042 et
3114 4983 3371 5055 perditos
3414 4983 3684 5038 homines
3740 4986 3806 5038 ut

2147 5077 2295 5134 tales
2328 5075 2616 5142 admittit,
2638 5073 2901 5128 studiose
2931 5076 3179 5137 exercet,
3213 5088 3362 5143 quos
3410 5087 3649 5127 necesse
3680 5075 3806 5130 erat

2148 5183 2252 5238 per
2279 5171 2460 5220 totam
2488 5164 2664 5217 vitam
2708 5162 2974 5217 intonsos
3022 5176 3342 5230 remanere,
3403 5160 3635 5216 etiamsi
3667 5164 3802 5215 ton-

2148 5269 2350 5310 suram
2389 5249 2779 5322 postularent,
2839 5250 2941 5302 aut
2997 5246 3174 5301 etiam
3221 5249 3287 5301 ut
3335 5245 3613 5302 scelestos
3670 5249 3801 5302 ton-

2145 5343 2290 5398 deri.
2316 5345 2434 5396 Hos
2465 5339 2524 5394 in
2561 5339 2747 5394 fronte
2781 5335 2963 5408 ponit,
2997 5334 3272 5390 similiter
3331 5334 3536 5404 nutrit,
3595 5338 3660 5392 ut
3707 5351 3804 5392 as-

2147 5432 2298 5486 sueti
2361 5432 2550 5493 erant,
2613 5441 2833 5496 eosque
2897 5424 2968 5480 ad
3028 5423 3299 5479 ardorem
3348 5424 3632 5496 majorem
3706 5441 3801 5481 ac-

2151 5517 2362 5575 condit.
