4060 6378
275 439 394 498 867

259 928 471 984 luntur
501 926 668 997 quasi
702 920 962 988 inutiles,
992 937 1062 974 ne
1092 919 1252 973 velut
1292 918 1462 972 otiosi
1514 917 1828 972 crabrones
1855 916 1912 969 in

262 1013 635 1071 monasteriis
667 1010 1056 1067 enutriantur.
1107 1006 1304 1062 Talem
1358 1007 1675 1062 exercitum
1738 1003 1914 1074 primi

260 1104 527 1160 monachi
564 1116 697 1156 cum
740 1097 1222 1168 conscripserint,
1252 1102 1430 1167 atque
1461 1095 1642 1149 aciem
1677 1093 1914 1149 ordina-

257 1200 376 1249 tam
407 1186 1393 1253 instruxerint,hancemittuntnon
1432 1185 1604 1238 modo
1632 1183 1914 1238 adversus

258 1281 591 1343 viciniores,
620 1278 718 1332 sed
755 1275 934 1330 etiam
966 1280 1171 1328 contra
1201 1273 1547 1327 remotiores
1604 1275 1780 1341 atque
1813 1285 1913 1340 per

255 1371 433 1425 istam
460 1365 912 1431 ordinationem,
947 1363 1183 1418 insidiis
1216 1361 1386 1417 facile
1419 1360 1660 1432 paratis,
1683 1358 1910 1414 domini

253 1463 579 1532 praeeuntes
612 1455 915 1510 victoriam
951 1455 1271 1522 reportant.
1306 1449 1387 1504 Re
1417 1449 1573 1504 enim
1607 1464 1744 1502 vera
1773 1463 1909 1502 cum

249 1554 482 1621 gratum
541 1551 632 1602 est
681 1548 1007 1615 peccatum,
1061 1547 1124 1595 ut
1195 1540 1438 1611 quidam
1499 1539 1666 1600 dixit,
1727 1537 1912 1590 densa

249 1643 307 1694 et
366 1637 628 1692 conferta
695 1633 850 1686 acies
913 1631 1193 1685 adversus
1262 1628 1538 1682 virtutem
1589 1625 1907 1696 colligitur.

251 1728 413 1793 Quod
447 1725 603 1796 apud
628 1738 733 1776 nos
763 1721 1043 1775 facientes
1063 1716 1393 1788 exemplum
1417 1733 1576 1770 vana:
1599 1713 1908 1770 discordiae

251 1815 383 1871 aliis
416 1809 723 1868 monachis
755 1807 1036 1880 proximis
1061 1807 1222 1871 dant,
1265 1804 1394 1860 aliis
1430 1805 1499 1858 ad
1533 1803 1679 1858 alios
1711 1803 1908 1857 imita-

253 1903 473 1959 tionem
504 1898 899 1960 tradentibus,
933 1913 1036 1968 per
1065 1911 1264 1966 quam,
1319 1894 1488 1964 quasi
1549 1909 1650 1964 per
1705 1893 1905 1946 incen-

251 1992 414 2046 dium
447 1989 646 2044 omnia
678 1986 1072 2055 circumsepta
1092 1986 1650 2052 devorans,serpens
1680 1978 1906 2034 malitia

248 2085 504 2135 extrema
546 2077 702 2131 mala
733 2077 1046 2146 perpetrat.
1087 2072 1381 2126 Suscitata
1417 2071 1574 2125 enim
1607 2068 1905 2125 discordia

245 2169 400 2224 inter
428 2165 720 2238 praalatos,
750 2178 1001 2234 quorum
1027 2160 1294 2215 nonnulli
1321 2176 1597 2230 magnum
1633 2158 1899 2213 habitum

242 2274 357 2330 prae
391 2273 453 2312 se
473 2252 833 2322 ferunt,l'acis
855 2251 1064 2316 instar,
1089 2248 1347 2305 ostendit
1378 2247 1902 2303 circumstantibus

243 2345 565 2403 monachos
587 2345 876 2398 certantes
901 2340 970 2393 de
1001 2339 1254 2410 quodam
1281 2337 1404 2392 loco
1426 2340 1628 2390 contra
1655 2335 1899 2399 vicinos,

243 2434 334 2490 vel
377 2433 543 2490 aliter
590 2432 917 2496 distinctos,
970 2444 1119 2498 quos
1176 2427 1489 2481 observant
1539 2423 1782 2495 praelati,
1845 2429 1902 2477 et

251 2524 535 2578 adversus
566 2535 664 2575 eos
697 2516 870 2573 veluti
904 2516 976 2571 ab
1017 2531 1148 2570 arce
1179 2513 1398 2568 bellum
1433 2518 1683 2567 movent.

319 2806 439 2862 167.
469 2805 696 2860 Interea
728 2817 794 2856 ex
855 2800 965 2855 hoc
1025 2799 1158 2871 igne
1218 2799 1330 2853 ista
1385 2798 1659 2870 cogitatio
1715 2799 1897 2853 menti

246 2913 398 2968 saepe
431 2891 720 2950 occurrit:
755 2891 813 2946 Si
848 2888 1168 2945 monachos
1199 2893 1318 2942 tam
1370 2892 1642 2943 strenuos
1675 2888 1899 2943 enutrit

245 2981 685 3050 Thessalonica,
720 2981 819 3051 qui
845 2983 1048 3034 contra
1079 2993 1334 3032 canones
1373 2981 1430 3031 et
1478 2975 1634 3048 leges
1690 2980 1893 3048 agunt,

248 3072 585 3146 pontiﬁcem
617 3071 1023 3129 contemnunt,
1056 3082 1246 3136 neque
1278 3065 1363 3120 eis
1396 3064 1554 3120 ullus
1603 3065 1895 3120 contradi-

246 3165 345 3226 cit,
377 3178 482 3215 cur
511 3176 617 3214 nos
647 3157 815 3213 otiosi
852 3171 1226 3210 remanemus
1259 3153 1428 3224 quasi
1463 3153 1744 3209 membris
1766 3170 1894 3225 per-

247 3250 416 3319 culsi,
441 3264 628 3320 neque
656 3246 949 3313 manibus,
988 3259 1177 3314 neque
1209 3259 1306 3297 ore
1349 3247 1579 3297 utentes
1609 3242 1636 3296 ?
1666 3243 1733 3296 Et
1764 3259 1896 3298 mox

991 444 996 452 ’
1058 429 1485 495 EUSTATHII
1524 425 2294 489 THESSALONICENSIS
2339 427 2923 490 METBOPOLITE

351 571 472 627 166.
535 572 675 625 Cum
736 565 1070 622 istiusmodi
1130 563 1397 621 homines
1447 563 1517 617 ad
1567 560 1924 633 magistrum
1956 560 2008 628 Α

269 662 602 718 animarum
657 655 1031 726 accesserint,
1086 654 1471 725 recipiuntur,
1534 656 1593 706 et
1643 650 1924 705 dicuntur

268 753 596 822 operantes,
632 745 905 809 studiosi,
940 759 1122 808 acres,
1156 741 1348 812 periti,
1381 744 1436 795 et
1489 745 1552 795 ut
1582 739 1696 809 ipsi
1729 739 1918 804 aiunt,

264 839 462 894 vividi.
514 837 792 891 Homines
851 838 1043 886 autem
1095 831 1311 884 indolis
1362 829 1666 884 contrarias
1725 826 1918 898 expel-

3596 431 3746 495 868

2113 559 2238 634 ρξς’.
2275 559 2370 616 Καὶ
2403 563 2641 614 τοιοῦτοι
2678 559 2774 632 μὲν
2823 557 3262 636 προσερχόμενοι
3313 566 3395 636 τῷ
3440 567 3562 619 τῶν
3614 566 3736 640 ψυ-

2031 652 2148 723 χῶν
2187 652 2474 724 καθηγητῇ
2524 646 2945 724 παραδέχονται,
2981 649 3385 724 ὀνομαζόμενοι
3441 653 3726 728 ένεργεῖς,

2029 738 2118 792 καὶ
2195 735 2502 807 σπουδαῖοι,
2581 738 2671 794 καὶ
2747 737 3042 814 ἐντρεχεῖς,
3119 741 3210 794 καὶ
3295 745 3723 817 πραγματικοῖ,

2027 826 2138 898 καὶ,
2185 827 2260 888 ὡς
2304 826 2455 882 αύτοί
2517 849 2666 904 φασι,
2715 832 2932 896 ζῶντες.
2977 827 3045 883 Εἴ
3098 826 3156 882 δὲ
3201 829 3469 886 ἀνάπαλιν
3534 831 3724 903 ἤθους

2025 915 2278 970 τοιούτου
2335 915 2574 990 ἔχουσιν,
2636 914 2986 972 ἆκδιώκονται
3049 918 3126 979 ὡς
3180 917 3425 995 ἀχρεῖον
3473 918 3576 976 τίνα
3631 925 3714 996 μὴ

2024 1012 2260 1082 κηφῆνες
2318 1006 2472 1060 αὐτοὶ
2532 1007 2718 1082 ἀεργοὶ
2791 1012 3256 1081 μοναστηριακοῖς
3329 1007 3712 1087 ἐντρέφωνται

2024 1089 2302 1166 σίμϐλοις.
2353 1094 2450 1150 Καὶ
2497 1093 2563 1165 δὴ
2615 1095 3147 1172 στρατολογήσαντες
3192 1101 3446 1152 τοιοῦτον
3509 1106 3713 1179 στῖφος

2024 1183 2073 1236 οἱ
2121 1185 2575 1259 πρωτομόναχοι,
2621 1183 2711 1238 καὶ
2775 1183 2923 1254 τάξιν
2985 1182 3216 1239 ἄτακτον
3267 1188 3697 1263 φατριάσαντες,

2022 1270 2409 1346 ένακμάζουσιν
2455 1272 2517 1327 οὐ
2572 1272 2734 1345 μόνον
2784 1272 2920 1326 κατὰ
2949 1277 3057 1326 τῶν
3086 1275 3369 1348 γειτόνων,
3402 1275 3560 1330 ἀλλὰ
3603 1281 3690 1334 καὶ

2017 1365 2148 1427 τῶν,
2183 1363 2304 1416 ὅσοι
2345 1360 2710 1437 πορρώτερον·
2743 1361 2834 1416 καὶ
2881 1366 3074 1416 νικῶσι
3132 1359 3222 1416 διὰ
3268 1370 3368 1433 τῆς
3429 1366 3689 1437 τοιαύτης

2021 1448 2279 1520 ἒκτάξεως
2337 1451 2389 1504 οἱ
2441 1449 2622 1526 κύριοι
2699 1450 3128 1524 καθηγούμενοι,
3189 1450 3317 1527 ῥᾷον
3379 1453 3696 1529 ἀπηρτικό-

2016 1560 2102 1600 τες
2159 1540 2256 1607 τήν
2306 1538 2672 1595 ἐπισύστασιν.
2704 1543 2794 1610 Τῷ
2844 1534 2960 1593 ὄντι
3006 1539 3134 1614 γὰρ,
3163 1539 3244 1594 ὅτ’
3274 1538 3334 1594 ἂν
3381 1541 3700 1619 εὐλογητὸς

2018 1630 2052 1696 ἡ
2110 1627 2346 1701 ἁμαρτία
2395 1625 2502 1697 εἷή,
2538 1629 2675 1682 καθά
2720 1649 2805 1690 τις
2852 1624 2980 1705 ἔφη,
3034 1627 3228 1698 πολλὴ
3279 1631 3370 1685 καὶ
3431 1629 3610 1708 λογᾶς
3660 1638 3702 1705 ἡ

2017 1714 2383 1791 στρατολογία
2436 1719 2572 1772 κατὰ
2627 1723 2729 1787 τῆς
2781 1717 2976 1792 ἀρετῆς
3041 1716 3473 1774 έπισυνίσταται*
3525 1723 3557 1776 ὃ
3622 1721 3700 1794 δὴ

2017 1805 2105 1859 καὶ
2151 1807 2203 1860 οἱ
2250 1807 2377 1879 παρ’
2423 1808 2558 1878 ἡμῖν
2613 1810 2918 1871 ποιοῦντες,
2965 1805 3279 1881 ἀρχέτυπον
3333 1809 3422 1864 καὶ
3488 1808 3704 1875 ἄλλοις

2013 1898 2122 1948 τῶν
2207 1895 2618 1968 παρακειμένων
2707 1899 2964 1970 μοναχῶν
3068 1895 3388 1971 πρόκεινται
3492 1902 3697 1957 κανόνι

2016 1982 2230 2060 φαύλης
2291 1981 2492 2057 ἔριδος,
2545 1981 2731 2038 ἄλλων
2776 1982 2970 2046 ἄλλοις
3043 1981 3510 2059 διαπεμπομένων
3581 1991 3695 2059 τὴν

2017 2071 2284 2144 μίμησινο
2340 2069 2407 2125 δι’
2453 2074 2519 2141 ἧς
2571 2070 2902 2144 ἐμπρησμοῦ
2953 2068 3111 2143 δίκην
3163 2072 3566 2147 ἐπινεμομένου
3619 2078 3698 2133 τὰ

2012 2159 2219 2233 κύκλῳ,
2270 2163 2304 2230 ἡ
2364 2161 2530 2215 κακία
2600 2163 2867 2235 προϊοῦσα
2937 2157 3085 2215 δεινᾶ
3140 2168 3311 2220 ποιεῖ.
3369 2165 3525 2239 Ἔρις
3576 2166 3690 2242 γὰρ

2012 2247 2346 2321 ἐξαπτομένη
2384 2247 2435 2303 έν
2464 2254 2581 2311 τοῖς
2631 2250 3031 2325 προάρχουσιν,
3060 2250 3132 2303 ὧν
3183 2248 3318 2306 ἔνιοι
3369 2254 3459 2307 καὶ
3515 2275 3694 2330 μεγα-

2014 2335 2384 2414 λοσχήμονες,
2427 2341 2635 2409 πυρσοῦ
2685 2334 2842 2408 δίκην
2892 2337 3228 2410 καταμηνύει
3285 2345 3403 2404 τοῖς
3450 2341 3688 2398 ἑκαστα-

2011 2431 2115 2501 χοῦ
2169 2427 2297 2490 τοὺς
2339 2426 2462 2501 περὶ
2512 2423 2606 2480 ἕνα
2645 2425 2768 2480 τινὰ
2814 2425 2979 2480 τόπον
3034 2423 3457 2502 ἀνδριζομένους
3514 2453 3688 2503 μονα-

2010 2515 2146 2588 χοὺς
2201 2516 2338 2570 κατὰ
2391 2519 2498 2570 τῶν
2557 2514 2590 2583 ἢ
2648 2515 3034 2590 γειτνιώντων,
3094 2515 3130 2583 ἢ
3190 2515 3378 2578 ἄλλως
3428 2521 3526 2590 μὲν
3577 2521 3689 2600 ἀφ-

2009 2605 2278 2673 εστώτων,
2311 2599 2794 2679 περιϐλεπομένων
2837 2601 2895 2658 δὲ
2941 2609 3056 2666 τοῖς
3106 2603 3358 2678 ὑψηλοῖς,
3392 2609 3684 2684 καθηγου-

2014 2693 2197 2766 μένοις
2229 2693 2302 2755 ὡς
2334 2693 2439 2747 ἀπὸ
2471 2697 2718 2756 σκοπιᾶς.

2241 2799 2343 2857 Καὶ
2377 2799 2570 2874 συχνὸν
2602 2798 2653 2853 ἐν
2703 2804 2820 2861 τοῖς
2869 2799 3143 2862 τοιούτοις
3197 2800 3257 2855 ἐκ
3300 2805 3398 2856 τοῦ
3435 2823 3682 2876 πυρσευ-

2010 2909 2176 2962 ματος
2205 2890 2390 2961 νόημα
2418 2891 2453 2958 ἡ
2483 2889 2637 2964 ψυχὴ
2671 2893 2997 2965 φωταγωγεῖ
3023 2883 3106 2943 τό·
3142 2913 3171 2940 ‹‹
3203 2888 3268 2946 Ei
3300 2886 3360 2944 δὲ
3399 2891 3678 2949 Θεσσαλοο

2004 2979 2128 3048 νίκη
2163 2977 2335 3041 οὕτως
2361 2975 2641 3054 ἀνδρείους
2675 2976 2913 3053 ἐκτρέφει
2963 2976 3266 3053 μοναχοὺς,
3299 2979 3353 3034 οἳ
3403 2981 3492 3035 καὶ
3539 2982 3678 3040 κατὰ

2003 3068 2242 3122 κανόνων
2271 3066 2359 3122 καὶ
2389 3066 2574 3139 νόμων
2609 3064 2972 3141 ἀνδρίζονται,
3005 3066 3098 3122 καὶ
3135 3067 3228 3122 τὸν
3277 3068 3542 3144 ἀρχιερέα
3579 3093 3667 3126 πε-

2006 3161 2345 3232 ριφρονοῦσι,
2375 3156 2464 3210 καὶ
2497 3153 2676 3219 οὐδεὶς
2707 3152 2835 3210 οὐδέ
2885 3155 3047 3232 λόγον
3099 3155 3339 3232 ἀνταίρει
3390 3159 3525 3231 πρὸς
3564 3158 3655 3213 αὖ·

2003 3243 2152 3308 τούςι
2185 3245 2237 3300 τί
2269 3242 2334 3316 δή
2367 3266 2498 3299 ποτε
2527 3246 2690 3317 ἡμεῖς
2725 3243 2862 3299 ένεοὶ
2893 3246 3198 3318 καθήμεθα,
3225 3245 3302 3308 ὡς
3345 3249 3438 3302 οἷα
3470 3248 3556 3302 καὶ
3582 3244 3662 3302 έκ-

245 3339 512 3407 excitata,
546 3336 593 3393 si
628 3337 771 3391 forte
803 3333 995 3404 sopita
1039 3336 1183 3399 erat,
1236 3336 1429 3386 mente
1475 3331 1776 3402 irascibili,
1831 3335 1895 3386 ut

2010 3311 2370 3410 πεπληγότες,
2385 3333 2474 3388 καὶ
2503 3311 2645 3406 μηδὲ
2667 3333 2825 3409 χερσὶ
2843 3334 2932 3387 καὶ
2960 3311 3192 3406 στόμασι
3212 3331 3667 3410 διοικούμενοι;››

246 3428 417 3484 miles
451 3425 824 3491 metuendus,
858 3422 1299 3493 autimperator
1350 3420 1545 3491 (prout
1584 3420 1892 3475 ratiocina-

239 3521 337 3572 tus
369 3521 461 3571 est
483 3515 770 3586 quidam),
802 3511 1078 3565 instructi
1111 3510 1386 3564 omnibus
1416 3509 1595 3563 armis
1623 3527 1748 3580 quae
1779 3508 1893 3580 ipsi

240 3619 447 3678 parare
480 3601 632 3657 male
647 3598 1294 3670 norunt,exsnrguntad
1321 3596 1528 3652 bellum
1547 3596 1781 3669 aliquod
1798 3614 1890 3652 sa-

243 3709 432 3749 crum.
469 3691 528 3748 Si
571 3690 669 3761 qui
699 3687 1152 3760 deincepsinter
1192 3703 1291 3742 eos
1349 3685 1547 3757 magni
1598 3685 1891 3756 monachi,

241 3787 298 3839 et
324 3781 442 3853 apti
463 3781 531 3835 ad
552 3777 821 3850 praeeund
834 3796 863 3830 u
876 3793 1059 3842 m,eos
1077 3776 1134 3830 in
1149 3775 1384 3830 insidiis
1405 3774 1596 3830 locant
1613 3776 1893 3830 adversus

243 3870 516 3926 homines
535 3867 778 3923 minime
799 3867 1072 3935 injustos,
1107 3869 1164 3919 et
1194 3865 1632 3935 aggressionem
1665 3881 1893 3935 exspec-

247 3963 443 4014 tantes
469 3976 481 4023 ;
510 3955 768 4027 reliquos
797 3954 853 4009 in
873 3957 1058 4009 fronte
1089 3956 1291 4024 aperta
1320 3953 1613 4008 ordinant.
1648 3953 1753 4017 Qui
1785 3951 1893 4008 ali-

238 4048 372 4104 cubi
405 4047 638 4117 detecti,
672 4045 840 4117 quasi
873 4046 932 4098 in
990 4043 1224 4098 insidiis
1282 4041 1528 4098 latentes
1566 4046 1893 4114 exsurgunt

231 4137 664 4208 ipsi,etstantes
683 4132 1216 4203 contra,aciemque
1235 4131 1889 4198 ordinantes,minorem

232 4225 583 4299 phalangem
619 4224 981 4290 immittunt;
1024 4226 1198 4292 atque
1230 4237 1332 4291 per
1354 4237 1479 4275 eam
1505 4219 1554 4273 si
1589 4238 1704 4275 non
1734 4238 1890 4292 quaa-

233 4331 487 4386 cumque
517 4313 844 4369 voluissent
874 4315 1112 4384 propter
1135 4309 1420 4365 auxilium
1457 4326 1489 4364 a
1518 4309 1633 4365 Deo
1665 4315 1719 4365 et
1757 4325 1891 4380 rege

235 4409 439 4460 sancto
472 4403 723 4468 illatum,
757 4399 967 4456 saltem
1019 4415 1385 4471 quacunque
1436 4398 1729 4468 potuerint
1759 4399 1888 4455 effi—

237 4492 551 4547 ciunt.Non
575 4490 732 4546 enim
766 4489 1046 4544 recedunt
1065 4487 1213 4542 tales
1235 4488 1623 4552 animaa,mori
1650 4494 1884 4560 parata}.

231 4581 446 4636 Nostra
479 4580 732 4651 perdidit
753 4579 862 4632 iste
891 4577 1049 4632 zelus
1080 4577 1399 4646 malus,qui
1427 4593 1598 4631 orsus
1628 4594 1661 4632 a
1691 4578 1883 4645 nobis,

2001 3423 2102 3478 Καὶ
2132 3423 2320 3478 αὐτίκα
2348 3424 2410 3477 τὸ
2435 3429 2536 3492 τῆς
2565 3426 2752 3498 ψυχῆς
2781 3421 3125 3495 θυμούμενον
3161 3421 3216 3477 εἷ’
3248 3445 3357 3480 που
3387 3424 3480 3479 καὶ
3523 3424 3668 3480 ἐκοι-

2006 3518 2165 3585 μᾶτο,
2215 3512 2628 3590 ἀφυπνίσαντες,
2661 3510 2750 3565 καὶ
2782 3508 2880 3564 ὅσα
2911 3508 3084 3565 δεινὸν
3133 3509 3370 3583 ὁπλίτην
3418 3512 3455 3582 ἢ
3505 3534 3671 3589 στρα-

1999 3601 2166 3676 τηγὸν
2200 3599 2355 3674 (καθά
2383 3621 2467 3663 τις
2514 3598 2906 3676 ἆφιλοσόφησε)
2935 3601 3368 3678 καταφράξαντες
3419 3601 3670 3679 χορηγίᾳ

2000 3690 2354 3766 παντευχίας,
2414 3687 2605 3743 ὁποίαν
2669 3689 2822 3743 αὐτοὶ
2885 3688 3192 3762 μεθοδεύειν
3248 3693 3669 3767 κακομηχάνως

2002 3775 2229 3847 οἷίδασιν,
2289 3777 2742 3842 ἀποκαθίστανται
2802 3777 2879 3839 εἷς
2964 3778 3113 3854 ἱεροῦ
3193 3800 3340 3841 τινος
3410 3780 3666 3854 πολέμου

1999 3868 2275 3942 στρατιάν.
2336 3866 2438 3922 Καὶ
2493 3867 2615 3921 ὅσον
2672 3865 2765 3939 μὲν
2820 3863 2871 3919 ἐν
2951 3867 3141 3928 αὐτοῖς
3217 3865 3663 3944 μεγαλόσχημον

1998 3957 2089 4011 καὶ
2139 3955 2526 4031 ἠγουμενικὸν,
2570 3952 2849 4028 ἐλλοχῶσι
2899 3953 3036 4009 κατὰ
3075 3959 3184 4009 τῶν
3215 3953 3368 4010 οὐδὲν
3433 3957 3527 4030 μὲν
3587 3959 3671 4012 αἶ·-

1998 4045 2150 4114 τίων,
2205 4041 2679 4121 προσδοκωμένων
2742 4041 2798 4098 δὲ
2855 4038 3260 4114 ἀντιθήσεσθαι,
3295 4044 3370 4108 εἷς
3429 4045 3672 4124 ἐμφανὲς

1998 4135 2442 4210 προστησάμενοι
2494 4131 2620 4194 τοὺς
2669 4131 2922 4196 λοιπούς.
2965 4133 3030 4189 Ei
3080 4131 3138 4188 δέ
3189 4155 3295 4188 που
3343 4137 3429 4190 καὶ
3465 4157 3661 4212 φωρα-

2001 4225 2156 4289 θῶσι,
2223 4221 2401 4296 λόχου
2470 4219 2622 4287 δίκην
2706 4223 3138 4294 ὑποκαθήμενοι,
3222 4221 3502 4293 έκπηδῶσι
3568 4226 3666 4280 καὶ

2000 4311 2172 4366 αὐτοί·
2206 4312 2295 4366 καὶ
2345 4310 2701 4372 καταστάντες
2747 4310 2822 4373 εἷς
2875 4311 3147 4384 μέτωπον,
3198 4311 3287 4366 καὶ
3334 4315 3434 4383 τήν
3508 4313 3661 4386 τάξιν

1996 4403 2392 4473 κοσμήσαντες,
2427 4399 2681 4476 ἐπαφιᾶσι
2742 4401 2841 4468 τήν
2893 4402 3321 4476 μικροσχήμονα
3379 4401 3663 4479 φάλαγγα,

1996 4489 2086 4544 καὶ
2146 4487 2366 4543 ἀνύουσι
2422 4486 2489 4542 δι’
2537 4487 2806 4558 αὖτῶν,εἷ
2857 4488 2950 4542 καὶ
3007 4490 3082 4561 μή
3141 4488 3208 4543 τὸ.
3247 4489 3452 4558 θελητά
3509 4491 3664 4569 σφίσι

1998 4576 2087 4633 διὰ
2141 4579 2242 4646 τήν
2302 4577 2360 4631 ἐκ
2413 4581 2546 4632 Θεοῦ
2603 4577 2691 4630 καὶ
2775 4575 3046 4653 βασιλέως
3102 4578 3258 4653 ἁγίου
3317 4576 3664 4654 ἐπικουρίαν,

235 4675 292 4724 et
326 4669 635 4724 traduxtus
667 4683 854 4738 usque
911 4667 981 4721 ad
1032 4669 1319 4738 Myrtoum
1356 4681 1536 4733 mare,
1592 4671 1647 4720 et
1678 4667 1888 4728 deinde

2010 4666 2100 4721 iam
2155 4669 2282 4740 γοῦν
2341 4663 2611 4722 δύνανται.
2667 4665 2744 4723 Οὐ
2797 4667 2872 4739 μή
2955 4666 3057 4741 γὰρ
3135 4666 3423 4744 φείσωνται
3485 4669 3670 4744 ψυχαὶ

233 4774 424 4829 usque
454 4758 527 4812 ad
558 4757 890 4823 Maliacum,
927 4759 982 4811 et
1014 4772 1184 4826 porro
1214 4755 1285 4808 ad
1319 4754 1672 4825 Jonium,sic
1693 4761 1888 4828 partes

231 4845 621 4902 occidentales
647 4843 1190 4910 circumcinxit;vel
1227 4845 1420 4898 forsan
1454 4844 1662 4899 exinde
1693 4847 1763 4900 ad
1781 4862 1887 4900 nos

231 4935 514 5007 pervenit,
540 4939 606 4990 ut
635 4934 858 4990 malum
883 4934 1178 5003 quoddam
1213 4932 1696 5005 pestilens,quale
1725 4934 1883 5006 apud

232 5028 457 5080 veteres
485 5028 759 5079 narratur
786 5022 1198 5094 Ethiopicum.

1997 4759 2267 4825 τοιαῦται,
2304 4751 2352 4808 εἴ
2403 4755 2478 4826 μὴ
2529 4755 2617 4808 καὶ
2665 4753 3082 4818 θανατώσουσιν.
3118 4756 3290 4816 Οὗτος
3348 4756 3374 4810 ὁ
3435 4755 3609 4826 ζῆλος
3640 4759 3669 4814 ὁ

1998 4843 2074 4906 εἷς
2125 4842 2287 4898 κακὸν
2345 4839 2573 4912 έξώλεσε
2627 4843 2695 4897 τὰ
2751 4841 2802 4896 έν
2856 4844 3012 4915 ἡμῖν,
3047 4841 3153 4898 εἷίτε
3214 4843 3451 4908 ἐντεῦθεν
3505 4845 3670 4919 ἀρξά-

2000 4953 2182 5006 μενος,
2242 4931 2332 4986 καὶ
2391 4929 2661 4992 διαδοθεὶς
2711 4927 2815 4993 ἕως
2885 4931 2975 4986 καὶ
3035 4929 3112 4994 εἷς
3170 4937 3436 5008 Μυρτῷον
3497 4935 3667 4990 αὐτὸν

1994 5019 2226 5090 κόλπον,
2283 5020 2373 5074 καὶ
2429 5020 2523 5075 τὸν
2578 5020 2821 5075 ἐπέκεινα
2867 5019 3203 5094 Μαλειακὸν,
3261 5023 3349 5076 καὶ
3427 5021 3519 5075 τὸν
3582 5018 3664 5078 ἔτι

234 5110 569 5188 πορρωτέρω
621 5109 834 5178 Ἰόνιον,
867 5108 956 5163 καὶ
1015 5109 1162 5164 οὕτω
1219 5107 1284 5162 τὰ
1335 5109 1556 5183 ἑσπέρια
1611 5110 1936 5186 περιζώσας·
2039 5110 2210 5185 τυχὸν
2269 5107 2467 5174 ἐκεῖθεν
2530 5105 2719 5172 διαϐὰς
2777 5108 2865 5164 ἐπὶ
2921 5109 2989 5164 τὰ
3035 5111 3154 5174 καθ’
3185 5112 3354 5184 ἡμᾶς,
3387 5109 3519 5166 ὡσεὶ
3571 5113 3666 5168 καὶ

231 5219 285 5253 τι
315 5197 591 5272 λοιμῶδες
620 5199 808 5264 κακὸν,
841 5199 1033 5252 ὁποῖον
1067 5198 1156 5252 καὶ
1183 5198 1245 5252 τὸ
1275 5195 1445 5251 πάλαι
1476 5199 1609 5253 ποτε
1641 5199 2121 5273 συγγεγραμμένον
2155 5194 2491 5255 Αἷθιοπικὸν.

303 5311 426 5366 168.
459 5310 503 5366 Ο
526 5310 708 5365 aciem
743 5311 1167 5365 monachorum
1203 5308 1369 5380 nigro
1423 5307 1596 5380 pallio
1655 5309 1887 5364 induto-

227 5400 398 5455 rum!
439 5417 470 5455 ο
502 5399 860 5472 phalangum
895 5399 1114 5456 variam
1146 5396 1595 5469 dispositionem
1627 5397 1880 5453 [Omitto

225 5489 383 5543 enim
416 5488 624 5543 leviter
655 5494 912 5544 armatos
945 5488 1188 5560 pedites.
1219 5491 1257 5538 Ο
1278 5486 1599 5541 monachos
1629 5487 1879 5558 equites,

226 5579 648 5628 Centaurorum
711 5575 826 5629 fere
885 5574 1132 5642 similes,
1183 5573 1338 5644 apud
1383 5589 1532 5642 quos
1581 5575 1636 5628 id
1697 5591 1884 5628 unum

231 5659 500 5714 mirabile
517 5663 668 5730 quod
696 5662 796 5732 qui
829 5681 1008 5735 super
1027 5663 1261 5717 asinum
1287 5677 1588 5732 nunquam
1607 5664 1883 5719 ascende-

157 5823 164 5834 ι
233 5750 374 5800 runt
405 5749 536 5816 post
565 5751 870 5805 tonsuram
889 5749 1409 5822 equosindomitos
1442 5751 1885 5810 dexteremode-

2074 5307 2208 5381 ρξη’.
2240 5313 2302 5361 Ὠ
2330 5311 2425 5361 τοῦ
2473 5311 2581 5362 τῶν
2635 5306 3056 5384 μελαγχλαίνων
3115 5305 3273 5362 τοῦδε
3331 5308 3658 5386 φωσσάτουί

1992 5395 2058 5449 Ὠ
2105 5403 2203 5466 τῆς
2248 5401 2355 5452 τῶν
2405 5396 2646 5470 κεράτων
2697 5395 2962 5467 ποικίλης
3014 5393 3331 5467 διασκευῆςί
3367 5398 3476 5454 Ἐὦ
3533 5396 3666 5460 τοὺς

1995 5484 2193 5557 ψιλοὺς
2268 5485 2360 5541 καὶ
2435 5485 2806 5559 πεζεταίρους.
2868 5483 3020 5542 Ἀλλ’
3070 5485 3114 5540 ὣ
3185 5491 3293 5542 τῶν
3348 5487 3666 5542 ἱππικωτά-

1993 5594 2102 5628 των
2157 5577 2454 5650 μοναχῶνί
2515 5578 2617 5628 τῶν
2682 5574 2743 5629 ού
2818 5572 3112 5650 παραπολὺ
3189 5576 3525 5650 Κενταύρων,
3590 5574 3669 5631 ὧν

1997 5664 2170 5721 έκεῖνο
2216 5667 2303 5722 καὶ
2359 5666 2522 5740 μόνον
2580 5667 2873 5738 θαυμάζειν
2937 5662 3104 5738 ἄξιον,
3139 5667 3213 5730 ὡς
3271 5669 3322 5722 οἱ
3380 5664 3670 5740 μηδέποτε

1997 5754 2073 5818 εἰς
2130 5751 2250 5810 ὄνον
2306 5758 2433 5832 γοῦν
2493 5749 2952 5832 ἀναϐεϐλημένοι,
3011 5752 3178 5830 δεξιοὶ
3253 5757 3347 5820 τὰς
3423 5755 3665 5820 ἱππικὰς
