4060 6368
319 404 444 466 869

1351 399 1456 459 DE
1497 397 1990 459 EMENDANDA
2033 398 2221 458 VITA
2266 397 2743 462 MONACHICA.

3631 411 3756 472 870

315 535 572 608 ἐξελίξεις
624 535 758 607 μετά
802 533 902 602 τὴν
946 531 1144 608 κουρὰν
1201 525 1653 602 ἀπεκόεϐήκασιν,
1711 527 1976 617 δαιμονο-

2094 537 2317 602 rantur,
2351 551 2384 589 a
2415 534 2646 590 diabolo
2667 536 2837 592 istam
2861 539 3286 610 equitationem
3311 544 3744 617 edocti,quibus

315 625 554 702 φόρητον
607 621 866 678 ἱππασίαν
933 620 1135 691 ταύτην
1183 618 1581 695 δεδιδαγμένου
1636 621 1724 683 οἷς
1770 619 1854 674 ἀεὶ
1908 616 1978 674 δι’

316 715 545 794 ἐφέσεως
598 715 633 782 ἡ
685 713 1026 783 πνευματική
1085 709 1178 782 μὲν
1239 706 1438 764 οὔκουν
1489 704 1768 778 ἀνάϐασις,
1829 712 1864 778 ἡ
1921 706 1978 764 δὲ

319 805 448 880 παρ’
496 804 666 873 αὐτήν
700 843 712 856 .
761 799 904 876 Πρὸς
951 800 1057 875 γὰρ
1109 804 1228 862 τοῖς
1273 796 1470 860 ἄλλοις
1529 797 1655 853 οὐδὲ
1713 799 1976 871 ἡμιόνοις

325 892 573 950 ἒθέλουσι
621 895 855 966 χρᾶσθαι
884 935 899 961 ,
950 887 1095 944 ἀλλᾶ
1144 886 1214 943 δι’
1250 886 1438 943 ’ίππων
1501 888 1732 964 εὐγενῶν
1781 907 1976 961 κατορ-

324 984 537 1060 χεῖσθαι
594 978 1088 1056 πραγματεύονται,
1142 977 1233 1033 καὶ
1293 977 1468 1032 αὐτῶν
1529 974 1828 1031 ὠκυπόδων
1887 973 1980 1030 καί

327 1069 664 1147 δρομάδων,
729 1067 951 1129 ὁποίους
1022 1067 1355 1146 νικηφόρους
1413 1069 1447 1137 ἠ
1509 1066 1977 1142 ἀντιπαρεξετασις

326 1160 658 1234 ἐπιλέγεται·
717 1158 791 1220 ὡς
840 1156 1229 1228 ἐξανεμοῦσθαι
1278 1155 1356 1218 εἷς
1385 1154 1580 1230 τάχος,
1636 1152 1688 1210 εἴ
1708 1176 1814 1210 που
1846 1153 1978 1209 διώ-

321 1271 433 1306 κειν
465 1250 502 1318 ἢ
552 1247 766 1326 φεύγειν
823 1243 1024 1316 δεήσει.
1077 1244 1381 1320 Βαρύνουσι
1433 1242 1490 1300 δὲ
1536 1244 1626 1300 καὶ
1661 1247 1757 1314 τὴν
1803 1241 1976 1314 δεξιὰν

318 1337 596 1415 κορύναις,
653 1337 844 1409 μήπου
892 1335 983 1389 καὶ
1034 1331 1414 1411 ἀνδραχθέσιν,
1467 1334 1518 1388 οἳ
1575 1333 1974 1409 βριαρόχειρες·

321 1429 412 1485 καὶ
470 1427 523 1483 εἷ’
572 1447 656 1490 τις
707 1424 890 1487 αὐτοῖς
947 1421 1244 1497 ἐμπελάσει
1316 1423 1643 1497 μισούμενος
1677 1469 1693 1496 ,
1749 1420 1979 1499 καταφέ-

322 1539 506 1594 ρουσιν
549 1515 882 1593 ἀφορήτους·
943 1513 1032 1568 καὶ
1091 1508 1465 1586 συντρίϐοντες
1527 1512 1618 1567 τὸν
1677 1511 1976 1585 πληγέντα,

325 1609 438 1662 εἶτα
479 1608 819 1680 καυχῶνται,
866 1602 942 1656 ὡς
984 1606 1223 1676 γενναῖοι
1251 1601 1340 1657 καὶ
1391 1602 1734 1673 παλαμναῖοι
1763 1598 1979 1654 πεπλα-

327 1694 538 1770 σμὲνοι,
595 1694 746 1748 αὐτοὶ
802 1692 1020 1752 πάντως
1075 1695 1375 1759 τηνικαῦτα
1430 1691 1532 1745 ὑπὸ
1578 1695 1675 1745 τοῦ
1705 1687 1980 1762 πολεμίου

327 1783 702 1858 πληττόμενοι
735 1779 1014 1854 δαίμονος·
1045 1779 1104 1842 ’ὃς
1131 1777 1429 1854 ἀνδρίζεται
1462 1782 1576 1834 κατ’
1601 1779 1798 1834 αὐτῶν.

401 1874 527 1950 ρξθ’.
565 1869 774 1929 Πολλοῖ
829 1867 888 1924 δὶ
937 1868 1043 1924 τῶν
1101 1868 1366 1924 τοιούτων
1424 1868 1516 1924 καὶ
1574 1864 1929 1946 τοξοφοροῦσι
1963 1911 1978 1938 ,

324 1963 416 2019 καὶ
477 1964 663 2040 ἀφιᾶσι
723 1958 887 2036 βέλη·
941 1957 1030 2013 καὶ
1089 1957 1442 2034 ἐπιτυχόντες
1504 1957 1937 2032 ἀνακαγχάζουσι
1969 1996 1981 2009 .

323 2051 602 2110 Γελῶνται
635 2049 692 2106 δὶ
721 2047 824 2125 ἄρα
877 2051 1002 2103 τότε
1061 2047 1213 2103 αὐτοὶ
1253 2047 1358 2102 ὑπὸ
1391 2051 1488 2102 τοῦ
1519 2045 1569 2117 ἐξ
1600 2046 1816 2124 ἀφανῶν
1851 2042 1984 2120 βάλ-

323 2143 518 2202 λοντος
565 2138 745 2195 δεινοῦ
796 2137 1041 2208 τοξότου,
1094 2134 1203 2207 ἤδη
1255 2133 1311 2190 δὲ
1353 2135 1444 2190 καὶ
1497 2133 1747 2202 δυνατοῦ,
1800 2133 1844 2188 εἰ
1894 2132 1984 2187 καὶ

323 2229 508 2292 ἄλλως
561 2229 752 2297 ἀσθενῆ
806 2227 971 2282 αὐτοῦ
1019 2225 1087 2280 τὰ
1125 2226 1254 2298 τόξα
1306 2223 1392 2279 ἐπί
1441 2230 1558 2286 τοῖς
1612 2221 1861 2285 δυνατοῖς
1889 2226 1985 2278 τοῦ

325 2322 504 2376 Θεοῖὦ.¹
540 2316 606 2374 Ei
654 2315 712 2372 δὲ
752 2321 869 2377 τοῖς
927 2312 1414 2391 ἐπαγγειλαμένοις
1476 2313 1727 2387 μονάζειν
1785 2309 1983 2384 ἔπεισι,

321 2407 413 2464 καὶ
460 2403 689 2468 λαϊκοὺς
736 2403 1086 2478 ὁπλοφόρους
1154 2399 1302 2479 ἔχειν
1359 2402 1695 2464 ὑπασπιστὰς
1733 2447 1746 2474 ,
1807 2395 1988 2476 ἔχοιεν

323 2496 384 2553 ἂν
417 2493 552 2557 ἴσως
582 2494 712 2550 αὐτὸ
761 2492 1034 2570 ἀπόλογον
1079 2492 1171 2547 τὸν
1220 2492 1294 2554 ὡς
1327 2490 1414 2546 ἐπὶ
1464 2489 1730 2570 ἀσφαλείᾳ
1764 2492 1834 2565 τῇ
1864 2500 1965 2554 καθ

321 2582 469 2642 ὁδόν.
527 2581 942 2640 Καθυλακτοῦσι
999 2578 1058 2638 δὲ
1113 2587 1212 2650 τῆς
1264 2578 1525 2650 τοιαύτης
1574 2577 1874 2656 ἀπολογίας
1918 2577 1973 2634 οἷ’

327 2669 526 2729 ὀπαδοὶ
582 2669 738 2733 κύνες
773 2713 788 2737 ,
838 2669 931 2732 οὓς
992 2668 1336 2745 ἐπισύρονται
1389 2667 1710 2744 ἀγρεύοντες
1743 2689 1757 2702 ο
1815 2687 1978 2722 κατα-

323 2762 587 2832 κλάζουσι
621 2757 678 2814 δὲ
725 2759 815 2814 καὶ
863 2758 914 2813 οἱ
957 2758 1243 2834 θηρατικοὶ
1292 2755 1490 2830 ὄρνεις,
1533 2755 1626 2820 οὓς
1657 2756 1744 2812 ἰπὶ
1774 2760 1978 2832 χειρῶν

329 2848 592 2927 αἴρουσιν,
634 2847 729 2903 τίνα
777 2841 1358 2920 συνεπιλαμϐάνωνται
1407 2853 1508 2916 τῆς
1560 2847 1728 2921 θήρας
1771 2846 1976 2908 αὐτοῖς.

329 2941 458 2997 ’Ὀτε
510 2937 598 2993 καὶ
661 2935 873 2998 πλατὺς
946 2935 1122 2990 αὐτῶν
1187 2935 1509 3010 καταχὲεται
1587 2939 1780 3008 μῶμος
1839 2935 1978 3010 πρὸς

325 3032 431 3084 τῶν
491 3026 743 3101 ὁρώντων
801 3024 998 3087 αὐτοὺς
1058 3021 1202 3078 οὕτω
1260 3021 1680 3097 παροδεύοντας
1741 3020 1888 3097 εἷ’περ
1948 3024 1976 3077 ὁ

329 3115 422 3192 μὲν
471 3137 554 3178 τις
605 3113 824 3170 ἐκείνων
871 3111 999 3168 ὁδοῦ
1057 3109 1352 3174 σπουδαίας
1399 3114 1626 3187 γίνεται,
1679 3113 1706 3166 ὁ
1759 3109 1815 3166 δὲ
1854 3111 1978 3184 ἀρό-

319 3227 437 3283 τρῳ
496 3205 704 3281 σχίζων
780 3203 880 3271 τὴν
953 3208 1056 3278 γῆν
1133 3202 1520 3270 καταστάζεται
1567 3199 1804 3276 ἱδρῶτι·
1841 3201 1868 3255 6
1918 3198 1976 3255 δὲ

323 3277 570 3371 σπέρμα-
601 3292 836 3368 μερίζων
896 3277 1140 3346 πονεῖται
1175 3336 1188 3362 ,
1247 3290 1282 3360 ἢ
1335 3291 1584 3345 σκάπτων
1640 3288 1828 3352 ἄλλως
1887 3277 2048 3344 huic

321 3383 530 3462 φυτείᾳ,
588 3382 678 3437 καί
733 3400 816 3435 τις
875 3377 1156 3455 λαχαίνων
1213 3380 1372 3456 φυτὰ,
1424 3378 1513 3433 καὶ
1567 3376 1858 3455 δρυτομῶν
1890 3378 1984 3433 ἄλ-

322 3472 443 3543 λος,
500 3470 590 3527 καὶ
647 3469 836 3526 λοιποὶ
888 3472 1134 3523 τοιοῦτοι
1186 3467 1478 3540 πενόμενοι
1509 3465 1836 3536 πολυειδῶς,
1892 3466 1983 3522 καὶ

327 3561 470 3618 οὕτω
511 3561 613 3630 τὴν
663 3557 833 3635 σάρκα
881 3559 1138 3627 τήκοντες
1195 3555 1272 3612 εἷς
1327 3554 1466 3628 δέον,
1517 3556 1605 3612 καὶ
1655 3557 1728 3618 ὠς
1779 3557 1878 3611 οὐκ
1923 3555 1984 3611 ἂν

329 3648 452 3706 οὔτε
481 3646 769 3725 ἄνθρωπος
797 3647 977 3723 ψέγοι,
1022 3643 1146 3700 οὔτε
1194 3645 1324 3707 Θεὸς
1375 3645 1675 3720 ὀργίζοιτο·
1709 3646 1760 3700 οἱ
1820 3644 1878 3701 δὶ
1905 3650 1984 3720 τῷ

329 3739 485 3812 κόπῳ
539 3736 969 3812 ἐστοιχημὲνοι,
1028 3735 1118 3789 καὶ
1165 3740 1283 3797 τοῖς
1335 3734 1466 3810 ὑπὲρ
1515 3735 1707 3809 ἀρετῆς
1757 3733 1982 3811 ἱδρῶσιν

327 3822 884 3899 ἀποκεκληρωμένοι,
936 3821 1012 3887 ὠς
1057 3823 1147 3878 καὶ
1203 3819 1447 3901 ἀφείλειν
1503 3824 1780 3893 θνήσκειν,
1840 3823 1982 3878 οὕτω

325 3919 602 3993 περιιᾶσιν
664 3909 1008 3984 ὡπλισμένοι
1068 3909 1205 3966 κατά
1254 3931 1313 3965 τε
1358 3910 1684 3986 ἀνθρώπων,
1737 3913 1873 3966 κατά
1925 3933 1984 3968 τε

326 4007 535 4081 θηρῶν,
565 4006 671 4059 τῶν
709 4023 769 4057 τε
815 4001 938 4076 περὶ
982 4006 1107 4077 γῆν,
1145 4000 1236 4054 καὶ
1287 3998 1406 4053 ὅσοι
1461 3997 1518 4054 δὲ
1565 3999 1739 4076 ἀὲριοι
1793 4001 1981 4078 φὲρον-

323 4115 435 4151 ται.
468 4089 762 4169 Ἠρακλὲες
793 4089 949 4145 αὐτοὶ
993 4085 1180 4159 ἄλλοι,
1225 4089 1356 4161 μήτι
1408 4085 1466 4142 δὲ
1516 4087 1606 4142 καὶ
1661 4088 1794 4164 ὑπὲρ
1843 4086 1983 4144 ἐκεῖ·

325 4204 418 4238 νον
474 4183 566 4238 τὸν
616 4179 875 4236 παλαιόν.
935 4177 1034 4232 Καὶ
1092 4181 1254 4232 τοῦτο
1312 4174 1609 4252 ἐπιψόγως.
1653 4178 1710 4231 Ὀ
1758 4176 1853 4249 μὲν
1883 4178 1982 4254 γὰρ

328 4272 571 4353 φαύλους
646 4271 1006 4347 ἀνθρώπους,
1061 4267 1149 4324 καὶ
1230 4266 1549 4330 ἀδικοῦντας
1622 4271 1836 4344 θῆρας,
1893 4260 1984 4324 καὶ

324 4363 508 4432 πτηνά
540 4359 851 4434 βλάπτοντα
871 4357 933 4413 ἐκ
957 4357 1122 4431 μὲσου
1151 4358 1331 4432 ἀπῆγε
1362 4356 1560 4432 μόχθῳ
1591 4358 1732 4411 πάνυ
1760 4355 1984 4442 πολλῷ,

318 4451 415 4508 καὶ
475 4449 610 4505 αὐτὰ
663 4448 724 4503 ού
779 4445 836 4503 δὲ
883 4447 1045 4518 ἑκὼν,
1109 4444 1257 4502 ἀλλά
1313 4445 1679 4519 ἀεκαζόμενος
1739 4447 1851 4520 μὲν,
1907 4449 1982 4522 μή

321 4537 470 4614 ἔχων
519 4534 576 4592 δὲ
625 4529 948 4591 ἀντιϐαίνειν
997 4538 1078 4606 τῷ
1126 4533 1492 4589 ἰπιτάσσοντυ
1547 4532 1702 4589 αὐτοὶ
1757 4530 1814 4589 δὲ
1858 4555 1986 4610 τρυ-

2090 637 2324 694 semper
2381 623 2438 678 in
2496 625 2649 680 votis
2717 628 2983 683 ascensio
3062 647 3171 685 non
3230 633 3577 703 spiritualis,
3638 639 3740 692 sed

2089 712 2401 766 contraria.
2436 713 2611 768 Mulis
2674 716 2831 770 enim
2865 716 2962 771 alii
3017 719 3256 789 quidem
3314 722 3398 776 uti
3449 731 3744 797 recusant,

2089 799 2191 853 sed
2226 799 2522 856 nobilibus
2553 803 2746 874 equis,
2779 806 3029 876 pedibus
3079 807 3300 878 rapidis
3349 815 3405 865 et
3434 812 3746 887 celeribus,

2088 887 2511 960 victoriamque
2557 890 2615 945 in
2665 908 2952 949 concursu
3006 898 3445 968 reportantibus
3495 902 3744 958 circum-

2088 978 2182 1049 agi
2214 977 2480 1049 cupiunt,
2527 984 2583 1036 et
2631 982 2823 1036 ventis
2874 985 3266 1055 promptiores
3327 988 3612 1056 feruntur,
3647 993 3744 1047 ubi

2090 1066 2291 1136 fugere
2321 1071 2423 1121 aut
2455 1070 2727 1140 persequi
2771 1076 3018 1143 Oportet.
3052 1073 3362 1131 Dexteram
3413 1079 3586 1134 etiam
3623 1083 3745 1136 cla-

2087 1156 2197 1222 vis,
2232 1173 2302 1210 ne
2332 1155 2673 1214 hominibus
2723 1161 2962 1231 quidem
3013 1164 3424 1235 portabilibus,
3475 1169 3744 1227 homines

2090 1261 2268 1300 manu
2316 1245 2510 1302 valida
2555 1253 2822 1319 onerant,
2876 1267 3095 1323 easque
3147 1271 3260 1310 non
3305 1257 3576 1314 ferendas
3609 1260 3743 1332 inji—

2089 1332 2271 1400 ciunt,
2305 1336 2540 1405 quando
2572 1337 2816 1393 odiosus
2866 1339 3080 1411 aliquis
3112 1342 3319 1399 obvius
3366 1351 3473 1401 est.
3508 1348 3576 1402 Et
3608 1366 3741 1406 cum

2088 1426 2463 1481 vulneratum
2494 1428 2896 1501 contriverint,
2930 1431 3257 1503 gloriantur
3300 1438 3468 1508 quasi
3503 1457 3562 1495 re
3593 1441 3740 1496 bene

2089 1519 2274 1586 gesta,
2306 1519 2366 1570 et
2423 1515 2560 1571 facti
2618 1533 2796 1572 manu
2830 1521 3119 1575 cruentati
3165 1521 3317 1594 (l8);
3381 1524 3491 1597 ipsi
3545 1533 3742 1586 autem

2089 1606 2293 1662 eodem
2324 1611 2589 1680 tempore
2620 1626 2653 1664 a
2697 1609 2930 1666 diabolo
2977 1612 3211 1669 inimico
3270 1615 3608 1692 vincuntur,
3639 1623 3746 1693 qui

2090 1699 2318 1767 pugnat
2350 1697 2630 1753 adversus
2661 1714 2781 1754 eos.

2165 1873 2288 1928 169.
2323 1874 2480 1931 Inter
2517 1891 2616 1930 eos
2683 1875 2855 1931 multi
2888 1893 3058 1932 arcus
3127 1878 3344 1951 ferunt,
3381 1885 3438 1938 et
3495 1883 3612 1940 tela
3644 1885 3746 1952 ja-

2095 1961 2294 2030 ciunt;
2330 1981 2464 2018 cum
2513 1980 2757 2036 scopum
2817 1966 3135 2038 attingunt,
3196 1970 3570 2027 cachinnant.
3623 1973 3745 2046 Ipsi

2095 2055 2290 2106 autem
2323 2052 2664 2108 deridentur
2693 2071 2726 2108 a
2757 2056 3068 2110 metuendo
3099 2057 3404 2127 sagittario
3446 2077 3511 2115 ex
3544 2063 3744 2118 occul-

2093 2139 2170 2195 tis
2204 2141 2442 2206 ferente,
2475 2147 2532 2197 et
2584 2143 2942 2212 dominante,
2991 2143 3126 2199 licet
3157 2145 3270 2200 tela
3318 2148 3445 2218 ejus
3478 2149 3744 2208 imbellia

2097 2229 2370 2285 decidant
2425 2229 2705 2286 adversus
2766 2236 3028 2302 potentes
3084 2234 3205 2308 Dei.
3267 2235 3326 2290 Si
3358 2245 3746 2308 sequerentur

2097 2319 2370 2375 homines
2400 2320 2498 2390 qui
2535 2321 2931 2391 promiserunt
2960 2322 3339 2379 solitudinem
3374 2341 3437 2380 se
3479 2335 3744 2384 servatu-

2097 2427 2212 2478 ros,
2245 2414 2300 2464 et
2332 2409 2510 2464 laicos
2543 2413 2802 2464 armatos
2833 2409 3114 2466 satellites
3159 2411 3373 2469 habere
3413 2418 3746 2488 speponde-

2094 2505 2253 2571 runt,
2317 2500 2468 2556 hanc
2525 2500 2959 2555 excusationem
2995 2502 3066 2556 ds
3115 2503 3208 2558 via
3268 2505 3516 2561 tutanda
3566 2507 3747 2565 habe-

2093 2596 2240 2649 rent.
2276 2585 2413 2646 Eam
2460 2596 2656 2647 autem
2715 2591 3044 2664 apologiam
3101 2593 3416 2652 latratibus
3466 2599 3746 2656 refellunt

2092 2697 2267 2736 canes
2297 2684 2630 2751 sequentes,
2666 2696 2815 2752 quos
2865 2685 3167 2738 venatores
3215 2683 3493 2754 excitant,
3526 2692 3584 2743 et
3615 2705 3741 2744 ma-

2091 2769 2286 2837 nibus,
2321 2773 2386 2823 ut
2416 2768 2488 2822 de
2533 2767 2860 2824 venationis
2903 2786 3104 2825 earum
3155 2772 3274 2826 sint
3305 2774 3640 2846 participes.
3679 2777 3745 2832 Et

2087 2857 2218 2913 ideo
2248 2856 2500 2929 graviter
2555 2856 2874 2912 irridentur
2903 2859 2974 2913 ab
3008 2859 3078 2914 iis
3121 2860 3221 2930 qui
3254 2877 3351 2916 eos
3383 2863 3469 2918 sic
3500 2863 3611 2920 iter
3649 2865 3742 2921 fa-

2088 2946 2308 3002 cientes
2338 2945 2652 3018 aspiciunt,
2688 2946 2737 3001 si
2795 2947 2927 3018 quis
2985 2947 3148 3003 citati
3206 2949 3432 3007 itineris
3480 2953 3742 3010 sumitur

2087 3034 2302 3102 socius,
2335 3040 2393 3091 et
2423 3033 2570 3090 alter
2601 3041 2813 3090 terram
2844 3041 3039 3092 aratro
3071 3054 3280 3094 secans
3303 3041 3620 3098 sudoribus
3651 3059 3740 3098 re-

2086 3124 2329 3180 solvitur
2357 3140 2370 3178 :
2395 3123 2548 3179 alius
2571 3124 2853 3196 fatigatur
2883 3125 3488 3199 seminajaciens,aut
3515 3130 3743 3187 fodiens

2084 3213 2236 3269 alius
2266 3212 2336 3267 ad
2398 3211 2809 3284 plantandum,
2861 3218 2918 3267 et
2974 3213 3070 3269 ille
3127 3215 3325 3270 colens
3373 3234 3614 3274 nemora
3643 3222 3746 3276 aut

2093 3319 2352 3375 purgans
2411 3301 2526 3356 alio
2558 3302 2752 3370 modo,
2809 3308 2866 3358 et
2894 3305 3082 3358 caeteri
3139 3305 3362 3360 similes
3421 3307 3521 3378 qui
3553 3307 3746 3363 omni-

2095 3392 2207 3447 bus
2257 3391 2449 3445 modis
2509 3391 2852 3462 fatigantur,
2911 3392 3133 3462 sicque,
3198 3400 3260 3448 ut
3316 3399 3562 3465 oportet,
3614 3413 3746 3452 car-

2093 3495 2228 3536 nem
2263 3484 2582 3546 macerant,
2616 3480 2686 3534 de
2737 3480 2955 3551 quibus
3003 3499 3108 3536 nec
3157 3483 3332 3538 homo
3383 3492 3743 3556 quereretur,

2093 3585 2199 3623 nec
2257 3567 2408 3622 Deus
2465 3566 2837 3622 irasceretur.
2901 3569 3007 3632 Qui
3063 3569 3248 3626 labori
3309 3571 3525 3627 addicti
3583 3578 3746 3644 sunt,

2093 3658 2195 3730 qui
2249 3658 2320 3714 ad
2379 3657 2623 3713 sudores
2680 3659 2917 3715 virtutis
2972 3661 3158 3716 vocati
3216 3667 3378 3732 sunt,
3438 3679 3622 3733 usque
3671 3665 3744 3718 ad

2095 3751 2369 3817 mortem,
2401 3763 2533 3802 ecce
2564 3747 3062 3804 circumferuntur
3092 3751 3302 3807 armati
3335 3753 3616 3808 adversus
3647 3752 3750 3808 h0-

2094 3839 2282 3892 mines
2331 3841 2388 3892 et
2436 3837 2590 3892 feras
2649 3854 2776 3908 quae
2835 3845 2976 3893 sunt
3028 3857 3206 3910 super
3255 3847 3494 3910 terram,
3553 3842 3745 3897 autin

2094 3943 2225 3982 aere
2256 3925 2526 3981 volitant.
2561 3926 2677 3997 Ipsi
2711 3925 2810 3980 alii
2865 3928 3157 3995 Hercules,
3192 3929 3310 3984 imo
3344 3931 3587 4001 antiquo
3617 3947 3747 3986 ma-

2088 4018 2269 4088 jores.
2304 4016 2373 4070 Et
2401 4013 2511 4070 hoc
2542 4032 2655 4070 non
2685 4015 2995 4073 immerito.
3033 4017 3134 4073 Ille
3157 4019 3308 4073 enim
3345 4019 3531 4075 malos
3561 4020 3750 4076 homi-

2094 4121 2199 4159 nes
2231 4102 2498 4159 crudeles
2552 4103 2723 4170 l‘eras,
2777 4108 2833 4159 et
2892 4104 3156 4162 volucres
3191 4107 3392 4163 noxias
3451 4110 3521 4163 de
3552 4110 3748 4165 medio

2095 4191 2351 4247 multum
2374 4207 2504 4246 cum
2531 4190 2730 4247 labore
2751 4192 3032 4260 sustulit;
3067 4198 3124 4248 et
3147 4194 3258 4249 ista
3282 4212 3396 4250 non
3423 4195 3748 4263 1ibens,sed

2095 4279 2313 4335 invitus
2335 4278 2688 4350 jubentique
2737 4297 2852 4335 non
2907 4280 3108 4336 valens
3140 4283 3430 4337 resistere.
3492 4283 3594 4338 Isti
3645 4300 3748 4338 au-

2094 4375 2213 4425 tem
2246 4370 2318 4424 ob
2351 4368 2589 4425 delicias
2633 4369 2960 4439 indecoras,
3017 4371 3269 4427 libenter
3325 4373 3751 4444 aggrediuntur

2095 4459 2461 4529 innocentes,
2495 4458 2591 4529 qui
2625 4477 2656 4515 a
2705 4459 2992 4532 principio
3040 4461 3287 4516 consilio
3319 4462 3612 4534 spirituali
3644 4480 3747 4519 su-

2099 4565 2194 4620 per
2256 4551 2544 4603 mundum
2602 4546 2809 4604 elevati
2872 4549 3130 4616 fuerunt,
3211 4551 3530 4623 (quomodo
3589 4551 3749 4608 enim

321 4632 431 4694 φῆς
482 4623 707 4699 ἀκαίρου
759 4623 921 4698 χάριν
978 4621 1217 4677 ἑκούσιοι
1267 4622 1335 4676 τὰ
1391 4618 1560 4695 μηδὲν
1620 4619 1766 4676 αἶ’τια
1819 4642 1979 4678 κατα-

2094 4637 2376 4693 mundani
2441 4644 2664 4706 essent,
2751 4641 2854 4711 qui
2920 4645 3163 4696 tonsura
3245 4642 3362 4697 Deo
3429 4644 3751 4698 consecrati

319 4708 644 4781 ϐάλλουσιν,
677 4711 728 4765 oi
763 4711 1146 4783 ὑπερκόσμιοι,
1195 4709 1286 4764 καὶ
1334 4709 1488 4764 αὐτοὶ
1540 4712 1609 4782 τῇ
1655 4710 1772 4764 κατ’
1798 4710 1976 4785 ἀρχὴν

316 4803 663 4874 πνευματικῇ
694 4797 967 4873 προθέσει,
1019 4797 1298 4872 (κοσμικοὶ
1349 4797 1455 4871 γὰρ
1509 4795 1628 4858 πῶς
1679 4796 1739 4851 ἂν
1789 4798 1888 4852 εἶεν
1927 4799 1980 4852 oi.

321 4890 417 4948 διὰ
463 4894 664 4966 κουρᾶς
717 4888 858 4943 ὅσιοι
915 4892 996 4960 τῷ
1051 4892 1170 4960 Θεῷ
1228 4891 1268 4957 ;)
1327 4886 1378 4940 οἱ
1437 4881 1976 4964 ὶκλεκτοί(ὅφελον)

315 4983 400 5052 τῷ
430 4976 635 5053 Κυρίῳ,
669 4977 715 5033 εἰ
760 4977 852 5032 καὶ
882 4975 1035 5032 αὐτοὶ
1086 4973 1335 5031 ὶθὲλουσι
1368 4979 1484 5037 τοῖς
1536 4973 1758 5052 φαύλως
1807 4976 1979 5052 ἡγου-

325 5070 516 5146 μένοις
546 5066 748 5124 αὐτῶν.

395 5158 493 5234 ρο’.
525 5157 593 5214 'H
625 5156 724 5212 οὐκ
772 5153 945 5224 οἶδας,
997 5151 1043 5209 ὣ
1089 5153 1417 5229 εἷσαγωγικὶ
1469 5154 1702 5228 μοναχὲ,
1754 5151 1836 5209 ὅτι
1887 5153 1976 5209 καὶ

320 5246 389 5302 σὺ
440 5244 575 5320 μετά
619 5246 718 5314 τὴν
774 5242 1048 5316 ἐπίσημον
1103 5242 1224 5316 μὶν,
1272 5240 1499 5310 λειπτήν
1551 5237 1608 5296 δὶ
1652 5242 1743 5296 καὶ
1789 5241 1978 5318 ἀπερι-

319 5333 570 5405 λάλητον
615 5330 814 5409 κουρὰν
874 5329 1063 5386 αὐτίκα
1117 5335 1200 5402 τῷ
1256 5333 1374 5402 Θεῷ
1420 5330 1828 5401 καθωσιώθηςς
1885 5335 1980 5387 Διὸ

319 5422 413 5480 καὶ
465 5425 759 5500 προσφυῶς
804 5417 1041 5494 ψάλλοις
1092 5417 1152 5473 ἂν
1199 5416 1262 5472 τό
1295 5436 1309 5452 ⁸
1365 5441 1394 5470 ‹‹
1443 5415 1603 5488 Μηδὲ
1647 5415 1839 5482 δώσεις
1885 5419 1978 5474 τὸν

2091 4734 2230 4784 sunt
2251 4729 2300 4800 ?)
2332 4729 2445 4801 ipsi
2477 4729 2644 4785 electi
2676 4729 2792 4785 Deo
2815 4730 2870 4802 (ο
2901 4731 3124 4787 utinam
3160 4731 3197 4803 l)
3231 4733 3368 4788 licet
3399 4748 3538 4787 suos
3569 4731 3747 4788 duces

2091 4816 2280 4873 malos
2310 4822 2694 4890 anteponant.

2159 5156 2282 5212 170.
2351 5156 2557 5212 Nonne
2623 5154 2970 5228 cognovisti,
3042 5172 3074 5210 ο
3142 5155 3430 5212 monache
3483 5155 3616 5223 tiro,
3684 5160 3742 5212 te

2087 5249 2218 5317 post
2251 5251 2578 5311 tonsuram,
2611 5250 2928 5317 augustam
2953 5245 3214 5317 quidem,
3241 5246 3340 5301 sed
3375 5245 3661 5301 humilem
3686 5250 3744 5303 et

2089 5350 2206 5389 non
2240 5334 2663 5406 perimendam,
2715 5333 2915 5388 statim
2968 5333 3082 5387 Deo
3127 5337 3530 5388 consecratum
3563 5333 3741 5390 esse?

2088 5423 2225 5479 Ideo
2256 5431 2387 5496 apte
2417 5423 2584 5480 canis
2609 5439 2622 5479 :
2649 5444 2677 5473 «
2710 5427 2826 5476 Non
2860 5421 3029 5477 dabis
3059 5426 3330 5477 sanctum
3362 5427 3533 5478 tuum
3553 5423 3741 5479 videri

398 5637 513 5722 (18)
547 5632 900 5722 Παλαμναῖος
957 5636 1160 5709 (manu
1222 5635 1574 5708 cruentatus)
1611 5639 1735 5692 erat
1798 5637 1960 5694 Jovis
2016 5653 2367 5713 cognomen,
2428 5639 2568 5712 quia
2633 5654 2838 5695 cruore
2897 5637 3276 5694 inimicorum
3311 5640 3582 5712 proprias
3613 5658 3737 5698 ma-

323 5725 442 5768 nus
472 5714 746 5766 tinxerat.
