4060 6402
331 402 446 462 871

329 530 767 603 corruptionem
791 529 858 584 ³⁸.
891 551 919 580 ››
953 529 1103 600 Ergo
1135 528 1193 583 in
1242 528 1579 584 servitutem
1611 524 1822 592 libens,
1857 542 1972 582 non
2004 529 2054 597 Α

328 624 567 678 coactus
600 621 869 692 redactus
901 636 982 675 es.
1034 617 1300 674 Prolatus
1343 622 1432 674 est
1457 616 1772 673 cruciﬁxus
1821 614 1982 671 omni

325 710 547 766 honore
606 711 843 782 dignus,
902 725 1077 782 quem
1135 708 1432 763 adorando
1465 708 1521 762 in
1583 723 1681 764 ore
1712 707 1840 777 ejus
1888 722 1980 762 os-

328 800 560 856 culatus
605 817 689 855 es.
752 799 946 869 Neque
981 799 1220 854 deerant
1269 800 1448 853 testes
1499 801 1609 851 tuae
1657 794 1982 860 servitutis,

327 905 577 960 quorum
637 887 869 961 signum
930 887 1222 958 praeterire
1283 903 1396 942 non
1456 885 1612 942 licet.
1662 883 1870 958 Angeli
1924 884 1982 938 in

331 977 605 1033 manibus
652 977 916 1033 chartam
968 981 1078 1032 tuae
1129 975 1514 1047 subjectionis
1593 976 1806 1044 ferunt,
1865 972 1982 1028 noli

327 1067 484 1123 enim
518 1067 800 1122 arbitrare
830 1071 1033 1122 sancta
1064 1065 1150 1121 tui
1191 1065 1496 1136 ingressus
1548 1063 1828 1137 mysteria
1868 1080 1984 1118 non

328 1171 457 1211 esse
481 1155 594 1210 Deo
613 1161 668 1210 et
688 1155 926 1228 Angelis
950 1156 1078 1226 ejus
1101 1153 1488 1226 vestigabilia.
1504 1155 1692 1217 Quare
1708 1168 1844 1224 ergo
1866 1150 1986 1223 pla-

327 1244 452 1299 citae
483 1244 746 1300 servituti
807 1262 922 1299 non
983 1245 1194 1312 instas,
1258 1242 1421 1298 solus
1462 1243 1616 1314 apud
1667 1240 1982 1297 Dominum

330 1349 598 1399 manens,
630 1334 732 1389 sed
781 1333 1015 1388 frenum
1072 1331 1373 1388 conteris?
1430 1348 1536 1386 cur
1565 1330 1734 1402 quasi
1768 1329 1984 1386 oblilus

326 1427 441 1478 tuae
473 1424 795 1489 servitutis,
827 1422 1253 1494 circumvagari
1301 1426 1358 1477 et
1386 1437 1581 1482 errare
1629 1420 1811 1476 audes
1831 1419 1858 1474 ?
1888 1419 1984 1474 Di-

326 1513 498 1569 vitias
523 1529 624 1586 pro
653 1513 970 1569 solitudine
995 1512 1281 1584 reliquisti
1306 1530 1324 1566 :
1348 1513 1447 1567 sed
1472 1513 1678 1583 gaude,
1704 1511 1984 1582 quoniam

331 1603 502 1660 Iolito
533 1603 805 1659 ditiorem
867 1604 1179 1658 dominum
1241 1602 1538 1671 invenisti,
1591 1602 1690 1674 qui
1748 1605 1805 1656 te
1835 1600 1986 1655 inter

330 1708 470 1749 suos
501 1708 901 1747 annumerans
933 1709 1049 1747 non
1082 1690 1138 1746 in
1183 1691 1464 1764 pristinas
1513 1690 1772 1757 divitias,
1805 1694 1986 1746 terre-

331 1797 440 1836 nas
457 1780 762 1848 scilicet,te
787 1780 970 1835 redire
998 1781 1277 1852 patietur,
1297 1781 1394 1837 sed
1423 1781 1490 1835 ad
1513 1797 1757 1852 regnum
1783 1784 1837 1835 te
1861 1796 1984 1834 ma-

333 1886 413 1924 nu
445 1869 656 1936 trahet,
686 1885 788 1923 nec
819 1869 888 1924 ad
923 1867 1353 1942 qualecunque,
1388 1869 1486 1923 sed
1523 1868 1592 1924 ad
1627 1866 1823 1922 simile
1867 1866 1983 1921 sui.
2015 1900 2062 1966 Β

333 1958 415 2013 Ex
445 1957 800 2030 pauperibus
846 1975 1119 2028 egressus
1168 1974 1270 2014 es:
1333 1959 1524 2027 gaude
1581 1957 1834 2029 pariter:
1869 1972 1986 2010 non
2015 1957 2032 1972 "

332 2047 489 2102 enim
522 2052 577 2102 te
610 2063 922 2118 pauperem
970 2063 1100 2102 esse
1144 2045 1297 2102 sinet
1329 2046 1447 2101 Rex
1495 2062 1724 2118 regum,
1756 2045 1857 2099 sed
1893 2061 1985 2098 re-

329 2134 457 2207 gias
490 2134 720 2189 divitias
751 2134 1025 2207 colligere
1069 2134 1262 2199 faciet,
1312 2134 1360 2188 si
1394 2135 1568 2190 modo
1617 2133 1985 2189 mansionem

328 2225 482 2296 apud
515 2241 648 2280 eum
685 2223 910 2279 feceris.
967 2223 1206 2294 Ignotus
1256 2222 1580 2278 advenisti!
1634 2228 1688 2277 te
1718 2221 1982 2276 illustra-

328 2312 431 2369 bit.
466 2312 756 2367 Illustris:
821 2311 1196 2367 illustriorem
1253 2312 1474 2366 reddet.
1535 2312 1756 2382 Magna:
1790 2315 1985 2380 partes

326 2405 465 2468 tuae,
497 2418 529 2457 o
591 2401 899 2470 monache,
934 2417 1066 2456 ecce
1122 2400 1274 2456 enim
1327 2400 1386 2454 in
1447 2401 1711 2454 ordinem
1755 2399 1984 2470 regium

329 2492 592 2548 adscitus
621 2507 703 2546 es.
737 2489 832 2544 νω
860 2494 1055 2545 autem
1091 2489 1172 2544 illi
1207 2489 1304 2560 qui
1340 2494 1396 2544 te
1445 2489 1582 2544 inde
1613 2487 1902 2560 deprimet
1930 2491 1987 2542 et

332 2579 534 2650 rapiet.
569 2578 708 2644 Quis
741 2579 847 2633 erit
899 2578 1032 2643 iste,
1084 2578 1195 2633 nisi
1256 2579 1529 2650 princeps
1585 2577 1982 2643 tenebrarum,

331 2670 603 2734 Satanas,
633 2669 679 2732 si
715 2669 830 2724 Deo
864 2669 1106 2724 ﬁrmiter
1136 2685 1250 2723 non
1282 2668 1543 2724 adhaeres
1564 2666 1591 2721 ‘2

1106 399 1523 464 EUSTATHII
1565 395 2329 460 THESSALONICENSIS
2372 395 2962 458 METROPOLITE

3653 397 3799 460 872

2088 521 2235 578 ὅσιόν
2295 542 2390 580 σου
2449 519 2581 577 ἰδεῖν
2639 520 2962 601 διαφθοράν.
3024 546 3054 574 ››
3093 518 3487 595 Ἐνδουλώθης
3515 521 3638 596 ἤδη
3722 526 3798 582 οὗ

2093 614 2230 685 πρὸς
2266 611 2403 688 βίαν,
2437 609 2582 667 ἀλλὰ
2628 613 2788 669 ἑκών.
2821 611 3190 682 Προτὲτακται
3223 613 3251 666 6
3281 611 3558 686 πάντιμος
3619 635 3799 670 σταυ-

2094 701 2206 774 ρδς,
2239 702 2296 756 ὃν
2333 707 2723 776 προσκυνητῶς
2773 702 2856 757 ἐπ’
2907 702 3072 758 αὑτοῦ
3121 703 3420 778 προσώπου
3463 704 3792 780 ἑχάραξας.

2094 793 2212 849 Οὐκ
2243 788 2684 864 ἀπελιμπάνοντο
2721 788 2847 846 οὐδὲ
2900 791 3005 847 ἀπὸ
3057 796 3152 846 σοῦ
3186 793 3239 846 oi.
3287 791 3338 846 ἐν
3368 795 3438 866 τῇ
3483 790 3788 852 δουλώσει

2098 882 2364 957 μάρτυρες
2409 924 2422 950 ,
2479 881 2552 935 ὧν
2635 879 2734 936 οὐκ
2809 878 2920 936 ἔστι
2994 881 3308 946 καθικέσθαι
3361 887 3784 958 παραγραφήν.

2094 968 2359 1045 ’Ἀγγελοι
2388 970 2494 1046 πρὸ
2525 973 2750 1046 χειρῶν,
2782 969 2872 1024 καὶ
2902 970 2964 1025 τὸ
2997 970 3090 1025 σὸν
3139 970 3360 1048 φέρουσι
3419 967 3785 1028 δουλόσυνον

2094 1055 2376 1138 ἔγγραφον.
2411 1060 2500 1128 Μὴ
2550 1058 2651 1134 γὰρ
2701 1057 2892 1131 νόμιζε
2941 1055 3083 1133 μηδὲ
3131 1059 3200 1114 τὰ
3247 1059 3383 1116 κατᾶ
3413 1061 3473 1115 σὶ
3530 1061 3780 1138 εἰσαγω-

2093 1151 2222 1226 γικὰ
2277 1150 2389 1214 θεῖα
2449 1150 2717 1223 μυστήρια
2770 1148 2905 1204 εἶναι
2965 1149 3083 1207 Θεῶ
3136 1149 3226 1206 καὶ
3275 1155 3390 1211 τοῖς
3443 1148 3622 1204 αὐτοῦ
3677 1152 3773 1228 ἆγ-

2092 1237 2277 1317 γὲλοις
2333 1240 2766 1310 ἀνεπισκόπητα.
2822 1237 2888 1294 Τί
2944 1243 3070 1313 γοῦν
3134 1237 3198 1294 οὐ
3249 1239 3641 1313 προστέτηκας
3696 1246 3764 1316 τῇ

2095 1329 2496 1404 εὑηρεστημὲνῃ
2547 1347 2631 1383 σοι
2693 1325 2944 1400 δουλείᾳ,
2999 1326 3090 1383 καὶ
3149 1327 3481 1403 προσμένεις
3544 1333 3621 1402 τῷ
3665 1327 3750 1386 δε-

2094 1417 2265 1492 σπότῃ
2325 1419 2574 1490 μονάζων
2613 1461 2626 1486 ,
2687 1415 2832 1473 ἄλλα
2887 1415 3208 1492 ἀφηνιάζεις
3268 1436 3283 1488 ;
3345 1417 3446 1474 Καὶ
3511 1418 3590 1477 ὡς
3651 1421 3764 1475 οἷον

2095 1506 2464 1580 ἐκλαθόμενος
2523 1504 2722 1570 δοῦλος
2774 1506 2909 1563 εἶναι
2951 1549 2964 1573 ,
3024 1504 3238 1578 τολμᾷς
3313 1502 3618 1582 ῥέμϐεσθαι
3680 1509 3774 1562 καὶ

2093 1595 2424 1667 πλάξεσθαι;
2456 1598 2552 1653 Ἐκ
2597 1594 2841 1651 πλούτου
2895 1594 3048 1665 ¹ἥκεις
3103 1593 3190 1650 ἰπὶ
3250 1595 3353 1666 τήν
3415 1597 3622 1668 μονήν·
3678 1598 3776 1652 καὶ

2094 1691 2277 1762 χαῖρε,
2329 1684 2414 1740 ὅτι
2461 1681 2727 1755 δεσπότην
2779 1685 2927 1759 εὗρες
2993 1683 3396 1757 ὑπέρπλουτον,
3449 1686 3507 1746 ὃς
3540 1685 3594 1742 ἐν
3648 1692 3781 1751 τοῖς

2095 1773 2260 1828 αὐτοῦ
2310 1773 2759 1843 ἀποκαταστήσας
2810 1771 2901 1828 καὶ
2952 1773 3029 1845 σὲ,
3065 1774 3168 1830 οὐκ
3220 1772 3298 1835 εἷς
3328 1774 3392 1828 τὸ
3432 1776 3633 1848 πρώην
3668 1797 3782 1832 κα-

2093 1861 2365 1932 ταδὲξεται
2413 1860 2651 1918 πλοῦτον
2705 1860 3058 1938 ἐπαναγαγεῖν
3123 1883 3181 1917 σε
3235 1863 3328 1917 τὸν
3388 1863 3718 1937 περιπέζιον
3756 1913 3774 1940 ,

2095 1949 2222 2006 ἀλλ’
2294 1949 2371 2010 είς
2449 1947 2675 2026 βασιλέα
2747 1949 3157 2026 προχειρίζεταί
3222 1971 3326 2006 σε·
3387 1953 3478 2007 καὶ
3540 1953 3606 2009 οὗ
3668 1956 3774 2010 τὸν

2095 2040 2308 2108 ἁπλῶς,
2367 2036 2514 2094 ἀλλὰ
2569 2041 2661 2094 τὸν
2714 2041 2831 2094 κατ’
2888 2039 3048 2094 αὑτόν
3080 2079 3096 2098 .
3162 2037 3317 2096 Ἀλλ’
3395 2040 3455 2096 ἐκ
3505 2045 3772 2114 πενήτων

2092 2125 2426 2204 προσῆλθες·
2485 2129 2573 2182 καὶ
2630 2132 2794 2204 χαῖρε
2848 2127 2938 2182 καὶ
2994 2127 3204 2190 οὕτως.
3259 2128 3337 2186 Οὐ
3397 2130 3496 2206 γὰρ
3554 2130 3768 2203 ἀφήσει

2092 2217 2315 2294 πτωχόν
2369 2238 2425 2272 σε
2473 2217 2609 2272 εἶναι
2639 2218 2667 2271 6
2699 2212 3098 2290 παμϐασιλεὺς,
3144 2216 3294 2276 ἀλλά
3341 2219 3432 2274 καὶ
3488 2216 3772 2296 προσϐιά-

2095 2328 2241 2361 σεται
2296 2305 2596 2382 βασιλικῶς
2649 2305 3002 2376 πλουτῆσαι,
3053 2306 3098 2362 εἷ
3152 2312 3331 2370 ποιεῖς
3394 2310 3568 2381 μονὴν
3628 2313 3769 2384 παρ’

2093 2396 2258 2466 αὐτῷ.
2310 2394 2626 2469 Προσῆλθες
2673 2391 2880 2464 ἅδοξοςπ
2932 2395 3022 2449 καὶ
3077 2391 3288 2465 δοξάσει
3350 2417 3426 2452 σε.
3461 2396 3621 2454 Ἀλλ’
3669 2397 3773 2454 ἔν-

2095 2481 2266 2554 δοξος
2313 2484 2402 2538 καὶ
2453 2480 2801 2558 ὑπερδοξάσει
2851 2504 2929 2541 σε.
2964 2484 3117 2559 Μέγα
3159 2484 3249 2538 καὶ
3279 2485 3342 2538 τὸ
3387 2486 3477 2540 σὸν
3509 2486 3773 2561 ἀξίωμα,

2095 2574 2139 2628 ὦ
2197 2572 2536 2649 εἷσαγωγικὲ.
2598 2570 2741 2642 Ἤδη
2800 2571 2900 2649 γὰρ
2959 2572 3038 2635 εἷς
3094 2571 3379 2648 βασιλικὴν
3441 2573 3769 2652 ἐνεγράφης

2095 2663 2408 2737 ὑποταγήν.
2471 2661 2568 2718 Καὶ
2622 2663 2804 2718 τοίνυν
2863 2661 2986 2718 οὑαὶ
3040 2665 3120 2734 τῷ
3177 2661 3372 2726 ἰκεῖθεν
3433 2662 3774 2721 ἀποσπασθ-

338 2755 484 2830 μὲνῳ
514 2757 602 2811 καὶ
637 2755 893 2826 ἀπάξοντί
926 2777 1002 2813 σε.
1028 2755 1127 2818 Τίς
1162 2753 1218 2810 δὲ
1246 2759 1495 2817 τοιοῦτος
1527 2749 1695 2823 ἔσται,
1730 2754 1810 2809 ὅτι
1847 2755 1923 2826 μὴ
1961 2751 2126 2825 μόνος
2159 2754 2186 2808 6
2215 2756 2313 2807 τοῦ
2339 2748 2563 2813 σκότους
2586 2749 2797 2827 ἅρχων,
2831 2752 2859 2806 ὁ
2893 2756 3155 2816 Σατανᾶς,
3184 2751 3230 2806 εί
3265 2751 3341 2824 μὴ
3371 2750 3654 2828 ἐγκρατῶς
3685 2760 3777 2829 τῷ

333 2850 450 2918 Θεῷ
480 2846 851 2922 προστέτηκας
888 2865 901 2915 ;

409 2937 528 2994 171.
563 2935 636 2992 Ut
675 2953 994 3008 cognoscas
1045 2943 1240 2991 autem
1291 2937 1656 2992 mundanum
1710 2935 1832 2990 fieri
1857 2935 1984 3004 jam
2015 2937 2061 3003 C

334 3042 452 3081 non
489 3040 660 3097 posse
692 3024 990 3080 hominem
1041 3024 1125 3079 tui
1185 3025 1461 3094 similem,
1520 3030 1788 3080 sanctum
1820 3028 1988 3078 tuum

338 3113 584 3187 pallium
618 3119 780 3169 tenta
813 3115 1122 3186 deponere,
1155 3115 1550 3186 operibusque
1582 3115 1773 3170 disces
1804 3112 1992 3168 millia

333 3206 427 3257 ten
439 3205 657 3257 tantem
677 3207 732 3258 te
752 3219 864 3258 non
881 3217 1054 3274 posse
1066 3203 1284 3258 secund
1297 3219 1392 3257 um
1413 3202 1570 3274 leges
1588 3201 1807 3257 mundo
1827 3200 1991 3256 resti-

334 3291 443 3347 tui.
477 3291 601 3347 Non
635 3296 720 3348 est
778 3293 934 3348 enim
993 3290 1292 3364 possibile,
1347 3295 1411 3346 ut
1457 3292 1506 3348 is
1568 3291 1668 3363 qui
1719 3291 1874 3348 sicut
1900 3294 1988 3358 tu,

333 3379 453 3435 Deo
488 3381 722 3435 deditus
755 3384 864 3446 est,
898 3385 1228 3451 apostatare
1261 3379 1492 3445 audeat,
1543 3379 1659 3435 nisi
1688 3396 1822 3434 cum
1855 3395 1993 3434 ana-

328 3467 612 3524 themate.
638 3468 984 3540 Magistrum
1007 3485 1140 3539 ergo
1164 3468 1449 3539 relinque,
1481 3469 1718 3540 quando
1753 3472 1994 3540 peccata

331 3555 392 3612 in
423 3555 749 3611 ludibrium
799 3557 992 3612 vertit.
1043 3557 1168 3612 Non
1220 3556 1376 3612 enim
1431 3557 1801 3629 conscriptus
1832 3574 1895 3612 es
1927 3559 1994 3612 ut

333 3662 548 3702 servus
580 3644 764 3716 illius,
798 3646 898 3702 sed
935 3647 1112 3701 frater
1141 3651 1197 3701 et
1228 3663 1566 3713 conservus,
1600 3647 1787 3718 magis
1813 3647 1989 3703 etiam

333 3733 681 3808 discipulus.
736 3739 802 3790 Et
862 3735 1061 3790 nullus
1123 3735 1474 3806 discipulus,
1535 3737 1634 3807 qui
1692 3737 1989 3792 Christum

337 3824 500 3878 novit
530 3822 815 3895 magistro
849 3825 1146 3880 contraria
1177 3823 1450 3879 sentienti
1473 3825 1690 3880 obedit.
1725 3825 1838 3881 Nec
1869 3843 1990 3882 ser-

332 3928 442 3966 vus
473 3911 672 3983 optimi
706 3913 952 3979 domini,
984 3911 1110 3984 ipse
1159 3928 1274 3967 non
1315 3929 1633 3983 .perversus
1663 3915 1818 3970 cedit
1849 3931 1990 3970 con-

335 4016 502 4056 servo
533 4017 642 4055 suo
676 4001 950 4056 suadenti
985 4017 1053 4056 ea
1083 4000 1296 4072 quibus
1323 4003 1501 4058 herus
1532 4001 1775 4058 tristitia
1805 4004 1993 4060 afﬁce-

336 4094 514 4145 retur.
549 4091 618 4144 Et
673 4090 850 4146 frater
907 4090 1144 4162 sapiens
1196 4090 1439 4146 minime
1477 4091 1838 4163 judicandus
1883 4094 1995 4151 erit

336 4179 435 4252 qui
472 4179 709 4235 fratrem
734 4180 1011 4236 insanum
1035 4185 1235 4236 contra
1257 4185 1480 4252 patrem
1504 4197 1878 4238 communem
1904 4201 1994 4239 ex-

333 4267 612 4324 citantem
642 4285 758 4324 non
807 4267 1242 4324 auscultaverit.
1295 4268 1389 4324 Sic
1425 4273 1482 4325 et
1533 4273 1598 4324 tu
1633 4271 1907 4338 novitius,
1941 4273 1991 4328 si

334 4360 568 4418 Patrem
601 4361 866 4413 nostrum
899 4359 1001 4430 qui
1033 4361 1124 4413 est
1159 4356 1218 4412 in
1271 4357 1429 4414 caelis
1461 4375 1646 4430 amas,
1697 4361 1747 4416 si
1769 4363 1994 4433 jucun-

335 4445 472 4502 dam
504 4447 847 4502 servitutem
899 4464 1015 4502 non
1071 4447 1358 4516 mentiris,
1413 4451 1665 4504 maxime
1705 4451 1754 4506 si
1806 4452 1990 4522 magi-

336 4536 458 4589 stro
491 4539 746 4589 mentem
772 4535 1044 4606 apponis,
1069 4534 1206 4590 audi
1228 4534 1576 4606 magistrum
1611 4540 1994 4611 rectajaben-

336 4624 458 4678 tem
491 4623 647 4678 sicut
683 4639 885 4679 servus
918 4625 1132 4690 bonus,
1166 4623 1319 4680 sicut
1347 4625 1611 4694 ejusdem
1657 4628 1881 4684 domini
1914 4631 1996 4687 fa-

341 4710 562 4779 mulus,
597 4713 752 4769 sicut
782 4713 981 4770 mitem
1017 4720 1243 4786 patrem
1277 4712 1548 4785 diligens.
1584 4717 1745 4782 Quod
1798 4719 1846 4773 si
1881 4724 1936 4774 te
1967 4736 2000 4776 a

339 4799 540 4856 dextra
571 4803 828 4872 deducit,
862 4809 918 4858 et
949 4803 1190 4858 adducit
1219 4802 1290 4856 ad
1327 4801 1630 4858 sinistram
1655 4804 1713 4859 in
1737 4805 1999 4879 viemju-

339 4890 448 4946 stis
478 4889 1029 4962 ignotamsubsiste
1055 4908 1068 4959 ;
1095 4896 1302 4946 etcum
1336 4892 1660 4948 reverentia
1682 4899 1736 4949 et
1767 4895 2002 4954 liberta-

336 4981 396 5037 te
425 4978 808 5052 loquere,ista
838 4980 1126 5051 libertate,
1145 4980 1591 5051 inquam,quam
1622 5000 1790 5040 nemo
1813 4986 2001 5057 repel-

337 5067 426 5123 lit.
461 5067 734 5136 Obsecra,
757 5074 812 5124 et
843 5087 1083 5126 causam
1109 5069 1358 5125 defende
1387 5069 1790 5140 spiritualiter.
1815 5075 2000 5132 Tuam

339 5156 836 5229 libertatem,tuas
858 5157 1599 5227 obsecrationes,justuum
1625 5164 1999 5238 reverebitur.

341 5245 402 5303 Si
433 5246 642 5302 dixerit
671 5252 728 5303 te
776 5247 935 5320 loqui
988 5247 1166 5303 libere
1216 5261 1346 5301 esse
1391 5245 1876 5318 inopportunum,
1913 5268 2001 5308 re-

341 5338 566 5408 sponde
585 5337 761 5394 aliam
784 5355 912 5394 esse
932 5337 1260 5392 libertatem
1287 5334 1381 5389 cui
1405 5350 1658 5406 magnus
1678 5340 2003 5399 monachus

339 5432 717 5484 consecratus
750 5427 1126 5493 renuntiavil,
1164 5429 1226 5480 ut
1258 5429 1429 5478 antea
1469 5428 1558 5479 est
1584 5431 1910 5497 ostensum,
1945 5436 2005 5488 et

342 5513 520 5570 aliam
552 5521 713 5572 tuam
745 5533 882 5588 ergo
930 5531 1086 5572 eum.
1140 5514 1244 5568 illa
1276 5513 1430 5567 enim
1467 5514 1724 5570 audacias
1771 5517 2002 5575 irratio-

341 5601 494 5658 nalis
523 5603 811 5660 indicium
843 5607 953 5676 est,
1006 5603 1130 5659 hac
1175 5605 1373 5658 autem
1404 5601 1475 5655 ad
1532 5602 1756 5659 malum
1788 5622 2003 5679 praeca-

418 5707 462 5744 ³⁵
491 5708 773 5783 Ρεοίξιν,
803 5711 892 5769 40.
982 5786 992 5794 ι

2172 2938 2303 3005 ροα’.
2359 2933 2473 2986 Ἵνα
2531 2927 2586 2984 δὲ
2641 2933 2804 3006 γνῷς,
2865 2928 2943 2990 ὠς
3001 2927 3179 2984 οὐκέτι
3223 2925 3336 2986 ἔστι
3392 2933 3488 2985 τοῦ
3547 2929 3767 3005 κόσμου

2099 3016 2383 3095 ἄνθρωπον
2437 3018 2569 3074 εἶναι
2620 3015 2745 3074 οὐδὲ
2790 3017 2881 3074 τὸν
2931 3017 3070 3073 κατὰ
3121 3017 3202 3084 ob,
3249 3017 3540 3092 πειράθητι
3591 3020 3760 3076 ἀπεκ-

2100 3105 2356 3172 δύσασθαι
2405 3108 2467 3162 τὸ
2517 3108 2662 3181 ἱερὸν
2713 3107 2763 3163 ἐν
2823 3107 2909 3164 σοὶ
2963 3104 3194 3185 ἅμφιον·
3252 3107 3344 3162 καὶ
3399 3107 3571 3182 μάθῃς
3607 3107 3750 3178 ivli

2100 3195 2275 3251 αὐτῶν
2329 3192 2524 3274 ἔργων,
2573 3194 2655 3252 δτι
2715 3193 2839 3252 οὐδὲ
2899 3195 3064 3269 μυρία
3101 3191 3425 3265 σπουδάζων
3477 3192 3735 3264 ἀποδοθῆ-

2099 3307 2184 3340 ναι
2231 3289 2311 3357 τῷ
2356 3285 2551 3359 κόσμῳ
2607 3287 2744 3340 κατὰ
2797 3285 3000 3340 κανόνα
3047 3282 3291 3340 δύνασαι.
3327 3283 3408 3343 Οὐ
3460 3284 3560 3361 γὰρ
3587 3280 3754 3356 ἴστιν,

2100 3373 2200 3429 οὐκ
2228 3370 2338 3430 ἔστι
2370 3375 2460 3430 τὸν
2513 3373 2918 3448 ἀνατεθειμένον
2965 3377 3046 3446 τῷ
3098 3377 3215 3444 Θεῷ
3258 3372 3395 3427 κατὰ
3437 3373 3497 3428 at
3529 3373 3766 3430 ἀποστα-

2101 3462 2214 3518 σίαν
2275 3461 2602 3536 τολμῆσαι,
2663 3462 2745 3519 ὅτι
2823 3463 2902 3536 μὴ
2963 3463 3099 3535 μετὰ
3150 3461 3483 3534 ἆναθὲματος
3520 3504 3534 3518 .
3595 3467 3769 3539 ’Ἄφες

2097 3550 2274 3606 τοίνυν
2332 3551 2425 3607 τὸν
2485 3551 2815 3628 ἡγούμενον,
2879 3550 2968 3608 ὅτε
3027 3572 3110 3604 σοι
3170 3551 3236 3604 τὰ
3290 3551 3431 3626 πρὸς
3489 3549 3768 3623 ἁμαρτίαν

2098 3640 2337 3711 κοσμικὰ
2369 3636 2710 3694 ἰπιτὲλλεται
2762 3637 2951 3695 λαλεῖν
3000 3636 3210 3700 ἁπλῶς.
3247 3637 3324 3696 Οὑ
3370 3637 3471 3712 γὰρ
3516 3636 3769 3713 ἐτάχθης

2101 3727 2176 3789 εἷς
2208 3727 2538 3804 αὐτόχρημα
2581 3725 2781 3784 δοῦλον
2834 3727 3062 3796 ἑκείνου,
3114 3725 3241 3782 ἀλλ’
3273 3727 3350 3790 εἰς
3398 3723 3636 3802 ἀδελφὸν
3668 3727 3767 3782 καὶ

2101 3813 2421 3886 σὺνδουλον,
2471 3815 2684 3891 μᾶλλον
2739 3819 2834 3890 μὶν
2894 3815 2986 3871 οὖν
3049 3815 3125 3878 εἷς
3162 3818 3431 3889 μαθητήν.
3486 3817 3769 3885 Μαθητής

2101 3902 2159 3960 δὶ
2190 3903 2392 3976 οὐδεὶς,
2440 3908 2668 3982 Χριστὸν
2719 3904 2904 3975 εἰδὼς,
2959 3903 3390 3980 ἀλλοτριόφρονι
3445 3901 3774 3978 διδασκάλῳ

2100 3995 2362 4059 πείθεται.
2398 3992 2539 4052 Οὐδὶ
2589 3997 2698 4068 μὴν
2747 3997 2950 4070 ἀγαθοῦ
2999 3992 3262 4049 δεσπότου
3314 3991 3511 4054 δοῦλος
3548 3995 3624 4067 μὴ
3660 4015 3778 4049 πο-

2099 4085 2266 4160 νηρὸς
2326 4082 2627 4157 ὁμοδούλῳ
2687 4083 2894 4142 ὑπείκει
2953 4083 3296 4139 ἐπιτάσσοντι
3355 4083 3624 4157 πράξεις,
3690 4080 3768 4137 δι’

2103 4175 2175 4228 ὧν
2218 4175 2246 4229 6
2291 4171 2558 4246 δεσπότης
2602 4173 2904 4244 λυπήσεται
2940 4217 2953 4230 .
3006 4172 3102 4227 Καὶ
3149 4171 3383 4250 ἀδελφὸς
3435 4169 3493 4226 δὲ
3544 4172 3774 4234 συνετὸς

2103 4260 2186 4333 ιῖίη
2237 4261 2295 4318 ἂν
2374 4263 2582 4340 μακρὰν
2659 4262 2923 4338 κρίματος
2960 4308 2976 4333 ,
3040 4263 3114 4336 μὴ
3195 4259 3485 4316 ὑπακούων
3539 4257 3774 4336 ἀδελφὼ

2106 4348 2300 4427 ἄφρονι
2358 4350 2652 4427 ἐρεθίζοντι
2709 4352 2844 4407 κατὰ
2890 4355 2988 4406 τοῦ
3046 4355 3232 4405 κοινοῦ
3286 4348 3514 4424 πατρός.
3554 4347 3780 4406 Οὐκοῦν

2105 4439 2196 4496 καί
2227 4441 2290 4497 σύ
2335 4442 2362 4495 6
2411 4448 2510 4510 τῆς
2560 4441 2896 4516 εἰσαγωγῆς,
2948 4439 2994 4494 εί
3040 4440 3132 4495 τὸν
3182 4436 3235 4494 ἐν
3297 4437 3554 4511 οὐρανοῖς
3606 4438 3778 4511 ἡμῶν

2107 4530 2318 4605 Πατέρα
2350 4529 2551 4606 φιλεῖς,
2584 4530 2628 4584 εἰ
2683 4531 2759 4604 μὴ
2809 4527 2982 4604 ψεύδῃ
3031 4530 3130 4598 τήν
3178 4527 3455 4601 ἀπόνηρον
3491 4523 3776 4599 δουλείαν,

2109 4617 2157 4672 εἴ
2186 4617 2324 4694 πρὸς
2353 4622 2432 4690 τῷ
2488 4619 2726 4694 μεγίστῳ
2776 4615 3090 4691 διδασκάλῳ
3137 4617 3229 4672 τὸν
3283 4619 3407 4671 νοῦν
3458 4609 3633 4690 ἔχεις,
3675 4636 3779 4670 κα-

2107 4706 2367 4775 νονίζοντι
2418 4708 2512 4781 μὲν
2563 4707 2736 4784 ὀρθῶς
2786 4713 2866 4781 τῷ
2915 4707 3322 4782 προηγουμένῳ
3369 4703 3570 4783 ἐφέπου
3606 4749 3620 4774 ,
3674 4704 3780 4762 ὅσα

2108 4795 2198 4850 καὶ
2231 4792 2428 4858 δοῦλος
2482 4797 2699 4871 ἀγαθὸς,
2750 4798 2864 4870 ἅμα
2901 4800 2990 4851 καί
3043 4797 3118 4858 ὡς
3174 4793 3277 4852 ὑπὸ
3329 4792 3564 4867 δεσπότῃ
3627 4793 3779 4868 αὐτῷ

2108 4885 2441 4958 ταττόμενος
2473 4930 2488 4956 ,
2545 4887 2636 4942 καὶ
2693 4886 2770 4949 ὡς
2845 4886 3051 4962 πατέρα
3125 4882 3291 4954 ἤπιον
3359 4884 3725 4959 ὑπεραγαπῶν
3758 4926 3778 4945 .

2111 4976 2235 5038 Εἶίεε
2287 4976 2344 5033 δὶ
2382 4985 2483 5048 τῆς
2535 4975 2709 5048 δεξιᾶς
2758 4974 2888 5033 ὁδοῦ
2937 4973 3294 5048 ἀποπλανῶν,
3327 4967 3690 5050 προσϐιϐάζοι
3721 4993 3780 5032 σε

2111 5067 2188 5130 εἰς
2239 5065 2612 5143 ἐπαρίστερον,
2665 5067 2755 5121 καὶ
2802 5073 2920 5128 τοῖς
2967 5065 3104 5140 ὀρθᾶ
3151 5066 3440 5143 φρονοῦσιν
3486 5057 3776 5138 ἅτριπτοωι,

2113 5157 2406 5226 κατάστηθι
2464 5203 2477 5226 ,
2554 5155 2924 5232 παῤῥησίασαι
3008 5155 3122 5228 μετ’
3203 5147 3487 5213 εὐλαϐείας
3524 5169 3538 5184 °
3630 5147 3768 5205 ἀλλᾶ

2111 5247 2315 5316 ταύτην
2372 5245 2680 5322 παῤῥησίαν
2711 5292 2725 5318 ,
2777 5249 2838 5317 ἣν
2899 5243 3081 5308 οὐδεὶς
3138 5244 3452 5317 ἀπαρνεῖται
3478 5282 3493 5297 .
3550 5240 3762 5298 Ἰκὲτευ-

2113 5360 2228 5406 σον,
2262 5336 2716 5414 δικαιολογήθητι
2776 5340 3179 5412 πνευματικῶς.
3233 5330 3520 5390 Αἱδὲσεταί
3579 5352 3672 5385 σου
3726 5328 3766 5400 ἢ

2112 5427 2174 5484 τὸ
2203 5427 2690 5504 παρρησιαστικὸν,
2731 5427 2767 5497 ἢ
2799 5430 2861 5483 τὸ
2914 5427 3139 5495 ἷκὲσιον,
3170 5423 3206 5493 ἢ
3238 5424 3300 5478 τὸ
3334 5419 3772 5496 δικαιολόγημα.

2115 5517 2237 5574 Ἐὰν
2298 5513 2355 5570 δὲ
2411 5512 2540 5590 εἷ’πῃ
2601 5518 2678 5589 μὴ
2738 5524 2945 5593 χρῆναι
2998 5510 3458 5592 παῤῥησιάζεσθαί
3513 5529 3594 5576 σε,
3651 5509 3777 5564 ἀνα-

2115 5604 2326 5679 δίδαξον
2375 5605 2603 5678 ἐκεῖνον,
2657 5607 2731 5670 ὡς
2779 5605 2926 5678 ἄλλη
2982 5607 3076 5682 μὲν
3127 5608 3163 5676 ἡ
3214 5598 3508 5679 παρῥησία,
3555 5599 3624 5668 ἣν
3675 5598 3781 5655 αὑ-
