4060 6356
293 413 417 475 8'13

1309 409 1417 471 DE
1458 408 1951 470 EMENDANDA
1991 408 2182 471 νιΤΑ
2223 407 2720 472 MONACHIOA.

3600 405 3723 468 8⁵η

287 547 385 613 τὸς
430 541 884 621 μεγαλοσχήμων
963 544 1096 599 εἶναι
1178 540 1370 618 λαχὼν
1442 539 1733 612 ἀπείπατο,
1811 539 1950 606 καθὰ

2079 544 2309 600 rendum
2341 543 2630 600 hortatur.
2662 543 2720 599 Si
2751 542 2851 598 ille
2890 545 2949 598 te
2976 543 3157 598 terret
3183 540 3398 598 iterum
3457 541 3659 599 dicens
3695 558 3714 600 :

287 631 730 712 προδεδήλωται·
793 630 940 702 ἄλλη
999 628 1058 686 δὲ
1085 633 1120 700 ἡ
1153 633 1244 685 νῦν
1277 630 1384 686 ἀπὸ
1412 634 1508 685 σοῦ
1551 631 1688 706 πρὸς
1722 629 1949 687 ἐκεῖνον.

290 722 503 789 Ἐκείνη
579 721 674 795 μὶν
741 720 842 795 γὰρ
915 718 1126 792 τόλμαν
1196 719 1296 775 ούκ
1365 717 1601 794 ἔλΛογον
1659 718 1950 797 ἐξὲφαινεν,

292 812 428 883 αὕτη
489 808 547 866 δὲ
599 810 674 872 είς
739 806 984 864 ἔκκλισιν
1039 808 1287 864 ἀπονεύει
1344 811 1534 866 κακοῦ.
1589 808 1710 864 Ἐὰν
1771 806 1828 862 δὶ
1885 805 1952 862 αῦ

297 901 462 957 πάλιν
495 894 703 978 έκφοϐῇ
762 897 990 965 ἐκεῖνος,
1047 897 1330 972 έπαγαγὼν
1385 897 1468 951 τό·
1532 920 1560 948 ι(
1613 895 1740 960 Υῖὸς
1787 898 1953 970 πατρὶ

303 989 486 1046 δίκαια
516 987 687 1064 λέγων
718 985 978 1055 τεθνάτω,
1024 1009 1052 1038 ››
1086 985 1288 1050 ἐθέλων
1347 983 1684 1060 πατραλοίαν
1743 985 1952 1040 ἀποκα-

305 1082 484 1149 θιστᾷν
538 1077 630 1132 τὸν
678 1074 851 1137 οὕτως
905 1074 1052 1147 αὐτῷ
1107 1073 1510 1146 ἀντιτείνοντα,
1567 1067 1720 1129 ἔασον
1779 1094 1956 1150 παρα-

304 1165 494 1224 λαλεῐν
553 1167 627 1228 ὡς
680 1163 876 1238 μηκέτι
908 1164 1174 1241 φρενήρη,
1213 1161 1360 1218 ἀλλὰ
1408 1164 1798 1238 παρανοοῦντα,
1843 1163 1873 1218 ’ὀ
1901 1161 1955 1217 τί

305 1255 439 1311 ποτέ
495 1253 657 1324 έστιν,
712 1253 742 1307 ὃ
800 1251 966 1326 λέγει.
1026 1248 1162 1306 Οῦτε
1214 1253 1314 1326 γὰρ
1371 1255 1620 1316 τοιοῦτος
1649 1253 1828 1327 πατὴρ
1855 1252 1957 1307 αὐ-

303 1345 415 1412 τὸς,
450 1343 495 1416 ᾦ
552 1342 629 1416 μὴ
689 1339 884 1412 ἔξεστιν
918 1340 1066 1403 ὅλως
1121 1340 1238 1395 υἱὸν
1268 1338 1586 1416 ἀντιλέγειν·
1621 1339 1745 1396 οὔτε
1788 1342 1840 1396 οἱ
1871 1339 1956 1396 σοί

305 1431 461 1510 λόγοι
490 1431 629 1487 κατὰ
656 1431 755 1493 τὰς
783 1429 922 1506 πρὸς
957 1430 1163 1504 πατέρα
1213 1427 1416 1485 έκεῖνον
1469 1426 1782 1506 ἀντιλογίας
1830 1429 1954 1486 εἶσί.

307 1523 404 1578 Καὶ
460 1519 588 1577 οὐδὲ
647 1521 675 1576 ὁ
737 1520 990 1596 μέγιστος
1046 1519 1233 1594 Πατὴρ
1294 1517 1442 1574 ὀκνεῖ
1498 1517 1794 1574 ἐπιτάσσων
1854 1539 1958 1574 πα-

307 1610 553 1688 ραίτησιν
608 1608 843 1677 ἀκούειν,
900 1606 1026 1663 οὐδὲ
1081 1611 1324 1676 θανατοῖ,
1384 1605 1512 1663 οὐδὲ
1561 1609 1669 1681 μὴν
1729 1609 1962 1673 ἀπωθεῖ-

305 1719 414 1755 ναι·
469 1696 615 1755 ἀλλὰ
661 1697 832 1762 πείθει
881 1697 1018 1772 πρὸς
1069 1697 1312 1766 ὑπακοὴν
1356 1698 1448 1752 τὸν
1501 1697 1957 1772 παραιτούμενον·

307 1790 396 1845 καὶ
453 1791 640 1857 ταῦτα,
703 1783 844 1861 μηδὲ
899 1785 1112 1842 ἀκούων
1146 1786 1198 1856 ἐξ
1228 1784 1433 1842 ἐκείνου
1487 1783 1686 1843 δίκαια.
1729 1787 1822 1856 Μὴ
1855 1786 1966 1842 τοί-

2062 653 2091 682 ‹‹
2125 632 2306 688 Filius
2342 633 2443 704 qui
2493 649 2626 688 cum
2677 636 2841 705 patre
2897 631 3198 688 contendit
3254 630 3536 687 moriatur
3587 631 3633 667 ³⁸
3689 653 3720 684 »

2058 721 2258 776 volens
2290 726 2354 777 ut
2387 722 2736 793 parricidam
2770 721 3075 777 traducere
3117 736 3252 775 eum
3279 720 3378 790 qui
3422 719 3535 775 sibi
3566 719 3712 776 resi-

2061 811 2422 878 stit,dimitte
2445 812 2780 882 loquentem
2808 811 3156 866 insanorum
3179 824 3474 879 more,nec
3499 808 3720 865 intelli-

2061 903 2294 971 gentem
2326 900 2461 969 quid
2494 903 2582 956 est
2603 901 2758 972 quod
2790 899 2948 954 dicit.
2979 900 3104 954 Non
3129 898 3286 954 enim
3315 898 3429 954 iste
3458 901 3722 970 paterest

2062 989 2156 1043 cui
2179 988 2574 1044 contradicere
2589 987 2773 1043 ﬁlium
2790 1006 2901 1044 non
2925 988 3278 1058 licet,neque
3302 1002 3606 1042 sermones
3627 985 3718 1042 tui

2062 1077 2466 1133 contentiones
2487 1081 2628 1133 sunt
2648 1078 2926 1134 adversus
2957 1077 3115 1132 hunc
3145 1080 3392 1149 patrem.
3443 1076 3556 1132 Sed
3615 1091 3724 1132 nec

2068 1167 2232 1222 Pater
2253 1165 2544 1221 maximus
2576 1183 2709 1222 cum
2737 1165 3016 1238 praecipit,
3052 1165 3247 1221 renuit
3276 1165 3480 1220 audire
3510 1165 3717 1236 depre-

2065 1257 2342 1323 cationes,
2365 1272 2468 1311 nec
2498 1261 2683 1312 morte
2712 1258 3100 1324 damnat,non
3132 1255 3490 1328 repellit,sed
3513 1257 3722 1327 depre-

2065 1349 2295 1401 cantem
2310 1345 2580 1400 hortatur
2591 1346 2663 1400 ad
2676 1344 3278 1414 obodieudum,idque
3291 1345 3469 1400 etiam
3484 1345 3719 1416 quando

2065 1434 2288 1504 injuste
2311 1432 2556 1488 audivit.
2607 1433 2732 1489 Noli
2781 1449 2918 1506 ergo
2973 1433 3232 1500 obedire,
3283 1448 3390 1488 nec
3435 1433 3725 1490 violenter

2065 1522 2266 1578 induci
2299 1523 2370 1578 ad
2403 1538 2816 1595 prava'opcra;
2853 1522 3033 1578 libere
3063 1526 3262 1578 autem
3293 1525 3350 1578 et
3389 1537 3524 1578 vere
3578 1520 3730 1578 indi-

2069 1612 2330 1684 gnare.Si
2364 1615 2529 1682 pater
2558 1629 2762 1668 rursus
2802 1609 3298 1674 institerit.exibis
3331 1612 3402 1666 ab
3429 1627 3520 1681 eo,
3573 1610 3728 1667 sicut

2071 1701 2144 1756 ab
2172 1700 2327 1772 igne,
2352 1705 2410 1756 et
2463 1702 2809 1772 ejectionem
2865 1700 3101 1755 vitabis.
3157 1700 3227 1755 Et
3274 1715 3406 1754 cum
3440 1698 3545 1756 tali
3573 1698 3728 1771 patri

2072 1790 2379 1858 restiteris,
2405 1793 2464 1845 et
2499 1795 2555 1846 te
2584 1790 2656 1844 ab
2680 1805 2746 1845 eo
2777 1787 3144 1861 elongaveris
3178 1788 3423 1844 insaniae
3455 1803 3573 1855 reo,
3648 1787 3733 1846 sis

308 1899 400 1932 vov
463 1875 716 1944 ὑπάκουε,
768 1874 997 1952 φαύλοις
1051 1869 1486 1948 ἐμϐιϐαζόμενοο
1532 1870 1712 1951 ἔργοις
1747 1918 1762 1943 ,
1816 1874 1966 1932 ἀλλὰ

2079 1878 2230 1934 ﬁlius
2261 1878 2434 1950 primi
2465 1883 2522 1934 et
2552 1878 2737 1935 solius
2767 1883 2900 1934 ante
2947 1885 3182 1934 caeteros
3233 1877 3504 1946 Patris,et
3559 1893 3735 1950 spera

310 1926 1178 2041 satis;nasi—guis
1195 1926 1467 2035 ἶὶᾇξόὲέξ.
1512 1926 1584 2021 si
1607 1926 1965 2021 ’ὲζιέσιζζᾝ

2079 1968 2132 2022 in
2156 1926 2314 2024 eum.
2347 1969 2417 2023 Et
2440 1969 2567 2040 ipse
2595 1968 2896 2038 adjuvabit
2923 1970 3001 2035 te,
3037 1966 3130 2022 cui
3164 1970 3218 2022 te
3246 1967 3319 2022 ab
3350 1926 3518 2022 initio
3551 1926 3730 2022 obtu-

309 2054 492 2128 πατὴρ
552 2049 806 2128 ἔγκειται,
890 2049 1253 2123 ἀποπήδησον
1333 2052 1383 2124 ἐξ
1459 2051 1666 2108 ἐκείνου
1726 2053 1800 2115 ὡς
1859 2051 1965 2108 ἀπὸ

309 2143 504 2219 πυρὸς,
557 2143 758 2220 φθάσας
803 2142 905 2212 τὴν
953 2141 1309 2217 ἀποκήρυξιν,
1360 2141 1465 2197 Καὶ
1520 2141 1816 2205 ἐπαναστὰς
1862 2163 1967 2198 πα-

310 2233 396 2308 τρὶ
443 2231 698 2304 τοιούτῳ,
749 2230 840 2286 καὶ
892 2231 1260 2304 ἀπειπάμενος
1291 2229 1472 2300 αὐτὸν,
1523 2231 1598 2294 ὡς
1630 2231 1677 2287 εί
1726 2231 1816 2286 καὶ
1867 2253 1969 2287 πα-

313 2319 528 2396 ρανοίας
561 2319 735 2393 ἑάλω,
775 2323 934 2395 γενοῦ
981 2324 1078 2374 τοῦ
1126 2319 1330 2394 πρώτω
1366 2319 1454 2374 καὶ
1511 2320 1680 2393 μόνου
1727 2319 1818 2375 καὶ
1863 2321 1971 2396 πρὸ

311 2411 527 2464 πάντων
585 2408 818 2484 Πατρὸς,
871 2409 960 2463 καὶ
1012 2404 1236 2464 ἔλπισον
1294 2406 1378 2462 ἐπ’
1435 2407 1618 2464 αὐτόν.
1649 2409 1752 2466 Καὶ
1811 2409 1971 2472 αὐτὸς

310 2499 568 2569 ποιήσει·
629 2497 675 2570 ᾧ
731 2496 823 2552 καὶ
871 2497 972 2565 τὴν
1027 2495 1208 2572 ἀρχὴν
1267 2499 1650 2573 προσήνεγκας
1710 2498 1971 2570 σεαυτὸν,

308 2587 405 2650 τὰς
430 2587 569 2642 κατὰ
595 2585 804 2660 κόσμον
855 2583 1146 2659 ἐπιθυμίας
1193 2584 1508 2642 ἀπολιπών·
1571 2587 1636 2641 οὗ
1690 2581 1971 2660 σύμϐολον

309 2675 408 2731 καὶ
465 2677 494 2746 ἢ
545 2679 652 2730 τῶν
697 2678 907 2752 τριχῶν
954 2673 1235 2746 ἀπόθεσις,
1285 2677 1576 2750 χρήματος
1636 2672 1822 2738 ἄλλως
1878 2676 1972 2748 μὶν

313 2763 478 2841 ὀλίγα
537 2761 950 2836 συντελοῦντος,
991 2762 1333 2836 έπιθυμητοῦ
1379 2761 1436 2819 δὲ
1494 2762 1616 2820 λίαν
1676 2763 1815 2821 πάνυ
1855 2769 1977 2828 τοῖς

2073 2056 2192 2112 listi
2221 2056 2438 2112 relictis
2471 2056 2788 2112 mundanis
2809 2056 3138 2123 desideriis,
3183 2057 3351 2126 cujus
3381 2055 3462 2110 rei
3492 2054 3731 2127 signum

2078 2149 2203 2201 erat
2225 2145 2575 2217 capillorum
2599 2145 3051 2217 depositio,boni
3068 2146 3305 2216 quidem
3327 2146 3397 2199 ad
3413 2161 3600 2216 pauca
3623 2145 3734 2200 uti-

2079 2234 2280 2302 1is,sed
2305 2251 2484 2305 quam
2505 2235 2759 2290 maxime
2771 2233 3086 2290 desiderati
3101 2233 3172 2288 iis
3193 2233 3292 2304 qui
3312 2233 3371 2287 in
3395 2233 3614 2288 mundo
3631 2233 3734 2288 de-

2079 2311 2599 2395 liciantur,quique
2619 2338 2717 2379 eos
2734 2338 2764 2378 e
2795 2322 2984 2395 capite
3005 2322 3346 2377 decidentes
3372 2320 3621 2376 moleste
3636 2337 3734 2393 pa-

2079 2412 2408 2467 tiuntur.Et
2426 2411 2476 2467 si
2497 2427 2596 2467 eos
2623 2411 2883 2483 recipere
2909 2410 3238 2481 contigerit,
3263 2409 3540 2466 laetantur
3559 2408 3734 2482 quasi

2079 2500 2425 2557 thesaurum
2458 2501 2775 2572 quemdam
2801 2500 3195 2556 omnihonore
3216 2499 3465 2571 dignum
3487 2499 3728 2555 invene-

2084 2589 2218 2645 rint.
2249 2589 2437 2645 Verus
2492 2595 2688 2646 autem
2735 2589 3061 2645 monachus
3120 2588 3223 2660 qui
3282 2605 3382 2644 eos
3415 2588 3493 2643 ita
3515 2603 3579 2644 se
3635 2588 3735 2644 ha-

2084 2678 2287 2734 bentes
2342 2679 2628 2746 intuetur,
2706 2679 2777 2735 de
2853 2694 3003 2734 vana
3059 2692 3264 2734 eorum
3352 2676 3556 2734 latitia
3634 2677 3740 2734 ινι-

2085 2771 2295 2823 statur.

319 2853 370 2908 έν
437 2855 544 2928 βίῳ
571 2857 838 2931 τρυφῶσι·
874 2850 958 2908 διὸ
987 2853 1077 2908 καὶ
1109 2850 1486 2916 ἀπολιπούσας
1516 2854 1614 2922 τήν
1667 2855 1911 2932 κεφαλὴν
1943 2852 2148 2916 ἐκείνας
2181 2853 2523 2912 ἐπιποθοῦσι.
2552 2853 2656 2911 Καὶ
2696 2852 2747 2910 εἴ
2795 2875 2880 2919 τις
2908 2851 3058 2916 αὖθις
3088 2852 3252 2918 αύτὰς
3280 2853 3572 2930 εύτυχήσει
3604 2854 3740 2909 ἀνα-

323 2938 604 3015 λαϐέσθαι,
635 2942 797 3004 αὐτὸς
827 2943 922 3016 μὲν
950 2941 1156 3017 χαίρει,
1188 2942 1264 3006 ὡς
1293 2940 1344 3012 εἰ,
1369 2941 1460 2996 καὶ
1488 2942 1700 3018 ὲρμαίῳ
1730 2942 2099 3018 πολυτιμήτῳ
2127 2943 2438 3020 περιτύχοι·
2499 2943 2742 3020 μοναχὸς
2789 2941 2848 2999 δέ
2894 2944 2922 2998 ὁ
2973 2943 3175 3020 κυρίως
3217 2940 3365 3018 εἷ’περ
3397 2942 3558 2999 αὐτὸν
3593 2941 3738 3000 οὕτω

324 3028 695 3105 διατιθέμενον
729 3029 902 3106 εὕροι,
965 3030 1234 3108 μέμφεται
1267 3037 1370 3099 τῆς
1404 3029 1480 3092 είς
1516 3032 1690 3104 μάτην
1725 3037 1920 3107 χαρᾶς.

391 3115 525 3196 ροὸ’·
560 3119 624 3174 El
684 3120 780 3193 μὶν
845 3116 962 3187 οὖν,
1024 3119 1069 3174 ὧ
1122 3121 1222 3188 τῆς
1269 3118 1452 3194 ἀρχῆς
1485 3120 1696 3195 μοναχὲ
1742 3122 1830 3176 καὶ
1861 3125 1968 3177 τῶν

2153 3125 2280 3180 172.
2317 3123 2376 3178 Si
2398 3123 2597 3196 igitur,
2632 3139 2665 3178 ο
2710 3123 3018 3190 monacho,
3054 3123 3156 3195 qui
3206 3121 3419 3195 incipis
3481 3126 3540 3178 et
3587 3138 3741 3178 non-

316 3207 672 3286 προτελείων,
705 3209 822 3264 κατ’
873 3207 999 3284 ἴχνη
1059 3206 1260 3284 βαίνειν
1303 3206 1510 3270 ἐθέλεις
1561 3211 1669 3263 τῶν
1717 3209 1794 3272 είς
1842 3211 1971 3265 Θεὸν

318 3297 523 3355 ὁδεύειν
583 3297 957 3374 προθεμένων,
1024 3295 1210 3360 καλῶς
1287 3297 1489 3352 ἀπέθου
1540 3299 1641 3366 τὴν
1700 3299 1970 3372 κοσμικὴν

311 3387 482 3465 τρίχα
539 3386 618 3442 ἐπ’
674 3387 858 3462 ἀγαθῷ
888 3380 1176 3459 συμϐόλῳ·
1230 3384 1276 3441 εἰ
1323 3383 1380 3440 δὲ
1408 3386 1501 3440 ἀπ’
1540 3385 1706 3457 αὐτῆς
1737 3383 1971 3458 εἶ’σόδου,

317 3477 394 3540 ὡς
452 3477 538 3532 οἶα
580 3475 728 3550 παρὰ
779 3475 940 3551 θύραν
990 3473 1141 3544 ἥκων
1188 3471 1544 3550 έπλαγίασας,
1577 3475 1842 3552 ἀφέμενος
1871 3483 1973 3546 τῆς

318 3565 550 3633 εὐθείας,
588 3565 763 3638 μάτην
797 3561 1080 3637 έψιλώθης
1119 3567 1228 3617 τῶν
1277 3567 1512 3639 τριχῶν.
1564 3569 1818 3640 Κρεῖττον
1871 3564 1974 3641 γάρ

323 3675 380 3709 σε
429 3655 708 3731 βαρεῖσθαι
738 3651 958 3715 ταύταις
1007 3651 1096 3708 καὶ
1131 3652 1263 3728 ὑπὲρ
1300 3651 1428 3715 τοὺς
1459 3655 1784 3730 χαιτήεντας
1814 3655 1976 3710 ὁποι-

326 3739 529 3813 δήποτε
558 3748 664 3817 γῆς
708 3742 793 3796 καὶ
845 3738 1236 3816 καλλίτριχας,
1292 3740 1382 3796 καὶ
1428 3741 1575 3797 οὕτω
1622 3743 1973 3820 παραφαίνειν

322 3853 375 3886 τι
407 3831 627 3906 σεμνὸν,
680 3827 820 3905 ἤπερ
863 3833 933 3904 τῇ
965 3828 1217 3901 πολιτείᾳ
1269 3830 1363 3903 μὲν
1421 3830 1697 3906 αἰσχύνειν
1725 3834 1826 3902 τὴν
1872 3836 1978 3907 qm.

325 3923 457 3998 χὴν,
514 3923 584 3994 τῇ
617 3917 676 3974 δὲ
704 3922 813 3973 τῶν
864 3938 1072 3995 τριχων
1125 3918 1374 3975 ἀποθέσει
1422 3921 1520 3989 τὴν
1569 3920 1836 3999 κεφαλήν.
1880 3921 1979 3976 Καὶ

325 4013 436 4085 μὴν
510 4011 562 4063 οἱ
627 4008 855 4071 πλείους
920 4013 1286 4084 παρανομεῖτε
1347 4008 1635 4078 κάνταῦθα,
1693 4011 1979 4088 τρέφοντες

325 4098 508 4172 κόμην
540 4097 629 4153 καὶ
688 4097 820 4172 ὑπὲρ
868 4097 963 4159 τὰς
1013 4095 1301 4170 κοσμικάς·
1351 4099 1454 4166 τήν
1485 4097 1664 4174 ἀρχὴν
1701 4099 1794 4171 μὶν
1845 4106 1982 4154 Κου-

330 4187 489 4265 ρῆτές
533 4209 674 4249 τινες
725 4185 1062 4266 φαινόμενοι,
1121 4185 1314 4260 μικρὸν
1377 4184 1434 4241 δὶ
1485 4188 1608 4242 ὅσον
1669 4189 1981 4265 Ἀκαρνᾶνες

329 4272 752 4338 ἀπεκϐαίνοντες
812 4277 864 4330 οἱ
921 4275 1038 4330 καθ’
1091 4273 1362 4349 ἱστορίαν·
1423 4275 1513 4330 καὶ
1572 4274 1700 4331 αὐτὸ
1755 4277 1863 4353 ούχ
1910 4279 1986 4343 ὡς

334 4363 502 4441 μέχρι
546 4361 732 4420 ποδῶν
791 4363 1003 4443 ἀφεῖναι
1050 4362 1378 4438 καθερπύσαι
1422 4363 1517 4426 τὰς
1562 4364 1778 4441 τρίχας.
1833 4366 1862 4421 ὃ
1915 4363 1984 4436 δὴ

329 4453 676 4528 πνευματική
751 4451 1142 4530 περιφρόνησις
1222 4450 1402 4526 κόμης
1475 4452 1764 4510 ἀπετέλεσε
1841 4455 1989 4533 παρᾶ

327 4549 449 4606 τοῖς
507 4541 678 4598 πάλαι
737 4540 931 4618 ἁγίοις·
993 4539 1046 4596 ο’ί
1104 4539 1460 4615 λασιούμενοι
1519 4547 1639 4606 ταῖς
1686 4543 1879 4621 θριξὶν,
1913 4544 1989 4609 εἷς

331 4631 541 4702 σκέπην
603 4632 714 4686 οἶον
773 4629 937 4692 αύτάς
991 4625 1420 4707 περιεϐέϐληντο
1478 4633 1774 4706 σώματος,
1834 4632 1990 4689 αύτο-

335 4723 451 4797 φυῆ
477 4741 600 4776 τινα
623 4719 838 4796 χιτὼνα
888 4720 1290 4795 τεχνασάμενοι
1335 4724 1552 4790 τοῦτον,
1606 4721 1666 4778 έκ
1721 4726 1830 4778 τῶν
1860 4721 1993 4792 ἄνω,

2083 3215 2226 3270 dum
2256 3217 2630 3270 consecratus
2667 3227 2751 3280 es,
2802 3212 3067 3285 vestigiis
3115 3211 3621 3284 progredientium
3669 3211 3743 3268 ad

2085 3303 2268 3358 Deum
2300 3303 2573 3358 insistere
2601 3306 2790 3374 optas,
2824 3307 2978 3358 recte
2997 3301 3170 3374 egisti
3193 3302 3462 3373 deposita
3487 3302 3748 3357 munda-

2086 3409 2162 3448 na
2193 3392 2428 3447 caesarie
2449 3391 2507 3446 in
2529 3392 2750 3446 bonum
2775 3390 3104 3463 signum.8i
3121 3396 3314 3446 autem
3335 3392 3409 3446 ab
3443 3390 3738 3462 ingressu,

2082 3481 2185 3536 viae
2213 3480 2421 3535 limina
2442 3479 3327 3552 praetergressus,deelinasti,et
3374 3478 3740 3535 alacritatem

2086 3569 2386 3641 remisisti,
2419 3569 2476 3624 in
2507 3586 2724 3624 vanum
2755 3567 2986 3641 capillis
3020 3569 3279 3624 nudatus
3309 3567 3608 3624 es.Me1ius
3630 3567 3744 3624 tibi

2085 3663 2209 3715 erat
2228 3657 2301 3714 iis
2330 3658 3077 3730 onerari,superquasdam
3109 3663 3315 3730 gentes
3346 3656 3579 3730 capillis
3599 3656 3731 3712 lon-

2088 3749 2178 3820 gis
2207 3752 2263 3802 et
2289 3748 2924 3818 formosisconspicuas
2945 3752 3001 3802 et
3034 3747 3116 3802 sic
3139 3745 3361 3818 aliquid
3413 3746 3743 3801 verendum

2089 3835 2553 3908 praeferre,quam
2567 3853 2631 3890 ru
2643 3837 2840 3891 borem
2855 3835 3064 3890 animae
3079 3835 3286 3908 agendi
3299 3835 3524 3890 ratione
3538 3833 3744 3905 injice-

2089 3941 2150 3980 re
2165 3924 2408 3994 eloapiti
2428 3923 2776 3995 capillorum
2803 3923 3190 3996 depositione.
3228 3923 3444 3979 Exinde
3476 3922 3745 3996 plerique

2091 4027 2320 4068 comam
2376 4011 2531 4067 male
2589 4012 2917 4068 nutrientes
2966 4010 3100 4084 plus
3143 4027 3320 4083 quam
3348 4010 3658 4077 mundani,
3714 4026 3750 4067 a

2092 4099 2378 4172 principio
2409 4100 2629 4156 Curetas
2659 4100 2766 4155 visi
2797 4105 3022 4168 sunt,et
3048 4117 3180 4155 mox
3213 4107 3550 4155 Acarnanes
3572 4099 3748 4155 effec-

2091 4191 2158 4256 ti,
2182 4193 2247 4245 ut
2277 4194 2476 4244 narrat
2506 4189 2754 4244 historia
2778 4206 2791 4256 ;
2818 4205 2932 4244 non
2953 4189 3037 4244 ita
3057 4194 3254 4244 tamen
3290 4193 3354 4244 ut
3382 4187 3626 4260 capillos
3644 4204 3753 4243 us-

2093 4295 2206 4352 que
2235 4279 2307 4334 ad
2339 4279 2516 4349 pedes
2547 4277 2913 4349 promittant,
2943 4278 3100 4350 quod
3133 4278 3327 4334 fuerat
3390 4277 3546 4349 apud
3603 4279 3758 4333 vete-

2097 4383 2190 4424 res
2223 4367 2428 4423 mundi
2459 4371 2853 4440 contemptus,
2887 4384 3025 4424 cum
3057 4366 3229 4423 velati
3263 4365 3497 4438 capillis
3529 4382 3629 4422 eos
3687 4369 3755 4423 ut

2099 4460 2510 4528 tegumentum
2551 4456 2812 4529 corporis
2871 4455 3388 4523 circumferebant,
3422 4453 3757 4512 naturalem

2101 4546 2360 4602 tunicam
2395 4547 2702 4617 parabant,
2734 4562 2765 4602 e
2796 4550 2960 4618 parte
2989 4544 3280 4617 superiori
3317 4560 3502 4615 usque
3532 4544 3604 4600 ad
3660 4559 3760 4616 pe-

2105 4635 2208 4692 des
2266 4635 2653 4703 decidentem,
2720 4636 2769 4692 si
2819 4652 2934 4691 non
2989 4639 3320 4691 consutam.
3378 4638 3502 4689 Non
3563 4636 3762 4690 autem

2107 4724 2259 4780 sicut
2290 4724 2348 4778 hi
2381 4724 2516 4796 agni
2571 4724 2688 4791 Dei,
2724 4725 2909 4782 nostri
2972 4724 3264 4792 monachi,
3329 4739 3510 4779 comis
3561 4721 3764 4790 amici,

336 4807 388 4866 εἰ
438 4811 526 4865 καὶ
587 4811 661 4883 μὴ
724 4808 952 4886 ὑφαντὸν
990 4852 1004 4878 ,
1060 4806 1205 4863 ἄλλά
1259 4812 1454 4872 καινῶς
1513 4811 1733 4865 κάθετον
1793 4811 1869 4873 ὡς
1923 4811 1968 4866 εἰ

2107 4813 2319 4870 vellere
2352 4818 2471 4870 tam
2505 4815 2669 4886 gravi
2695 4815 3146 4879 onerantur,sed
3180 4818 3246 4869 ut
3279 4811 3507 4884 nigram
3557 4810 3768 4882 capitis

335 4895 586 4973 ποδήρη.
645 4897 718 4953 Οὐ
747 4897 926 4952 τοίνυν
973 4897 1109 4952 κατὰ
1152 4896 1280 4958 τοὺς
1335 4897 1618 4960 τοιούτους
1653 4897 1858 4971 ὰμνοὺς
1904 4920 1967 4955 το

2115 4902 2440 4974 marginem
2474 4903 2769 4974 comptius
2798 4901 3274 4959 exornent.Multi
3314 4899 3561 4972 capillos
3610 4897 3767 4954 cala-

339 4991 480 5045 Θεοῦ
529 4988 618 5042 καὶ
679 4987 732 5042 οἳ
787 4987 908 5050 καθ’
969 4987 1118 5057 ἡμᾶς
1195 4992 1436 5058 κομῆται
1520 4989 1758 5062 μοναχοὶ
1815 4993 1968 5042 πυκνὲ

2115 4991 2418 5047 mistralos
2448 4996 2570 5048 arte
2601 4993 2915 5065 diponunt,
2959 4992 3332 5065 providentes
3382 5005 3455 5044 ne
3513 4987 3776 5045 crassior

342 5073 492 5132 οὕτω
552 5076 832 5151 βρίθοντειι
889 5077 970 5146 τῷ
1006 5071 1228 5147 μαλλῷ,
1288 5071 1415 5128 ἀλλ’
1473 5069 1612 5130 ὥστε
1648 5076 1711 5131 τὸ
1749 5076 1881 5152 ὑπὲρ
1911 5098 1968 5133 κε

2117 5095 2285 5135 coma
2316 5085 2595 5152 appareat
2615 5086 2674 5139 et
2698 5081 2884 5138 risum
2909 5081 3269 5137 intuentium
3294 5077 3774 5135 moveat.Idcirco

341 5162 530 5242 φαλῆς
575 5162 743 5238 μέλαν
782 5163 1050 5240 περίθεμα
1094 5159 1382 5218 καλλύνειν
1433 5164 1800 5240 ὡρικώτερον.
1858 5165 1968 5222 Πολ

2110 5170 2248 5240 jure
2309 5169 2536 5226 dicetur
2622 5171 2978 5226 monachum
3064 5169 3258 5225 nimias
3317 5167 3574 5224 cassariei
3659 5183 3778 5222 non

343 5253 442 5312 λοῖ
474 5258 605 5329 γοῦν
635 5252 686 5309 ἐν
738 5257 856 5314 τοῖς
899 5250 1172 5312 τοιούτοις
1220 5253 1312 5306 καὶ
1350 5252 1413 5306 τὸ
1462 5251 1872 5327 στρεψίμαλλον
1923 5252 1968 5310 δε

2119 5258 2582 5327 renuntiantem,
2607 5276 2796 5330 neque
2827 5259 2986 5316 aliud
3021 5259 3161 5331 quid
3192 5257 3472 5314 saaculare
3504 5272 3633 5313 esse
3681 5257 3782 5313 de-

343 5348 478 5419 ξιῶς
518 5341 1010 5420 πραγματεύονται,
1062 5339 1420 5417 σοφιζόμενος
1468 5341 1642 5405 οὕτως
1685 5344 1773 5397 καὶ
1818 5343 1880 5399 τὸ
1927 5345 2004 5417 μὴ
2124 5347 2482 5418 positurum.

359 5435 577 5510 βαθεῖαν
609 5433 708 5500 τὴν
740 5431 923 5503 κόμην
954 5429 1364 5506 προφαίνεσθαι,
1391 5431 1482 5486 καὶ
1512 5429 1910 5507 καταγελᾶσθαι
1940 5436 2058 5495 τοῖς
2101 5431 2418 5509 βλέπουσιν.
2453 5436 2613 5491 Ἔνθα
2635 5456 2718 5498 τις
2751 5434 2872 5511 ἔχοι
2899 5433 2960 5490 ἂν
3018 5435 3194 5513 ὀρθῶς
3239 5433 3643 5513 ἀποφήνασθαι,
3699 5433 3786 5490 δτι

361 5522 608 5597 μοναχὸς
641 5521 717 5594 μὴ
748 5519 811 5575 τὸ
843 5516 1095 5594 περιττὸν
1123 5515 1400 5581 ἀποτιθεὶς
1429 5525 1528 5591 τῆς
1560 5521 1778 5596 τριχὸς,
1819 5519 2005 5597 σχολῇ
2025 5526 2073 5596 γ’
2109 5519 2170 5579 ἂν
2201 5520 2340 5579 ἄλλο
2369 5545 2422 5580 τι
2457 5524 2712 5600 βιωτικὸν
2744 5525 3104 5597 ἀποθήσεται.

429 5738 476 5777 ³⁸
505 5737 686 5798 Exod.
715 5753 834 5810 xxi,
869 5736 959 5794 17.

691 5868 962 5931 Panos.
1007 5863 1120 5928 Gn.
1164 5859 1462 5932 CXXXV.
3391 5869 3470 5931 28
