4060 6364
267 449 388 510 877

1287 439 1395 502 DE
1433 435 1924 500 EMENDANDA
1967 435 2152 497 VITA
2196 433 2688 497 MONACHIGA.

3579 437 3703 501 818

269 587 514 652 θρωποις
543 571 819 647 οἰόμενοςο
849 568 1211 649 διεκφαίνεται
1263 567 1322 624 δὶ
1376 567 1511 624 κατά
1557 587 1680 624 τινα
1733 585 1925 652 παροι-

2054 565 2290 623 celebris
2321 565 2628 638 Eginetici
2678 566 2804 638 (aut
2851 566 3105 623 maxime
3154 567 3335 642 Egei)
3387 585 3576 640 neque
3619 587 3710 627 se-

273 649 468 740 μιακὸν
529 663 832 737 Αἰγινήτην
891 658 1159 733 (μάλιστα
1221 657 1315 731 μὶν
1396 655 1486 711 οὗν
1543 653 1755 729 Αἰγιέα)
1813 649 1936 708 οὔτε

275 751 550 828 δεύτερος,
580 751 670 806 καὶ
705 747 835 804 οὐδὲ
881 747 1085 822 τρίτος,
1119 747 1155 816 ἢ
1208 745 1382 810 ἄλλος
1424 743 1755 808 πολλοστός.
1789 741 1932 796 Ψεύ-

275 842 422 900 δεται
459 842 554 916 μὲν
583 841 686 915 γὰρ
719 837 973 916 ἐμφανῶς
1003 837 1095 890 τὸν
1138 833 1611 910 μεγαλοσχήμονα
1662 833 1764 886 οὐκ
1816 828 1938 885 οἰδα

273 932 430 1003 πότε,
456 932 572 986 κατ’
603 929 804 984 ἐκεῖνον
854 926 960 980 ἀπὸ
1002 923 1446 1000 κατηχουμένου,
1472 923 1500 977 ὃ
1533 920 1600 990 δὴ
1659 921 1747 976 καὶ
1806 920 1935 974 αὐτὸ

273 1023 554 1100 γράφεται,
617 1017 695 1081 εἰς
748 1016 1112 1094 νεοφώτιστον
1184 1011 1498 1088 σχολαστὴν
1557 1010 1935 1079 ἀποκαταστη-

277 1093 530 1186 σόμενος,
589 1107 678 1162 καὶ
735 1109 804 1179 τῇ
858 1093 914 1160 ἐν
974 1104 1109 1158 ἐπτά
1162 1103 1398 1178 ἡμέραις
1455 1099 1516 1155 ἐκ
1569 1104 1677 1154 τῶν
1758 1093 1934 1172 ἔργων

276 1199 462 1275 σχολῇ
514 1193 967 1264 ἀποτελευτήσων
1028 1191 1105 1253 εἰς
1150 1192 1242 1246 τὸν
1289 1187 1570 1250 παντελῶς
1626 1187 1936 1264 ἀναμάρτη-

274 1309 366 1344 τον
418 1283 705 1363 ἅνθρωπον
734 1301 746 1316 ·
809 1283 884 1346 ὡς
942 1278 1302 1352 ἐκδυσόμενος
1363 1279 1458 1351 μὶν
1517 1277 1639 1332 τότε
1692 1277 1783 1331 τὸν
1839 1295 1937 1330 πα-

276 1374 459 1445 λαιὸν,
492 1373 844 1445 ἐνδυσάμενος
905 1367 962 1425 δὲ
1015 1369 1106 1424 τὸν
1160 1369 1451 1436 νεώτατον,
1510 1366 1601 1422 καὶ
1659 1365 1938 1421 ἀναπλασ-

274 1462 581 1537 θησόμενος
642 1461 720 1524 εἷς
769 1461 833 1516 τὸ
885 1459 1004 1515 κατ’
1033 1457 1215 1514 εἰκόνα
1263 1454 1418 1514 Θεοῦ.
1451 1457 1680 1528 Μήποτε
1728 1452 1785 1510 δὲ
1814 1457 1849 1525 ἠ
1883 1453 1934 1508 έν

277 1553 427 1626 αὐτῷ
489 1550 771 1628 μοχθηρία
828 1545 1124 1634 οὐδέποτε.
1161 1548 1359 1622 ἀφήσει
1435 1545 1593 1600 αὐτὸν
1667 1544 1936 1618 ἀνανῆψαι

275 1646 375 1699 τοῦ
432 1637 651 1697 πολλοῦ
708 1638 898 1714 κάρου,
935 1638 1025 1692 καὶ
1082 1641 1178 1705 τοῦ
1226 1634 1489 1712 παροίνου
1521 1634 1660 1709 βίου,
1692 1634 1782 1688 καὶ
1835 1639 1936 1702 τῆς

279 1731 480 1795 ἐκεῖθεν
541 1727 732 1803 μέθης⁹
789 1728 880 1782 καὶ
939 1729 1334 1804 ἁναφρονῆσαι,
1393 1723 1531 1778 ὥστε
1580 1729 1819 1792 σωθῆναι
1867 1726 1936 1796 τῇ

285 1818 593 1895 μεταλήψει
643 1817 733 1873 καὶ
793 1816 1070 1894 μορφώσει
1117 1818 1214 1870 τοῦ
1249 1812 1489 1890 μεγάλου
1521 1813 1826 1887 σχήματος·
1861 1811 1939 1873 εἰς

281 1909 311 1964 8
349 1907 442 1962 καῖ
488 1905 674 1980 μόνον,
709 1906 782 1967 ὡς
842 1898 1038 1971 ἔοικεν,
1071 1905 1407 1977 ἀναρτῶντες
1460 1900 1683 1963 ἑαυτοὺς
1742 1902 1795 1956 οἱ
1848 1922 1938 1973 μι·

748 1958 919 2070 δρῶσι
989 1958 1057 2047 τὸ
1112 1958 1404 2068 χείριστα,
1441 1958 1695 2066 καχεξίαν
1755 1958 2017 2065 ἀῳροίοΒ

282 2091 464 2156 ζοντες
497 2083 951 2156 κενωθησομένην
983 2081 1034 2136 έν
1079 2085 1158 2153 τῷ
1213 2082 1312 2149 τὴς
1376 2077 1944 2154 μεγαλοσχημοσύνης

279 2177 475 2251 καιρῷ·
509 2169 595 2227 ἵνα
650 2173 677 2226 ὁ
739 2177 839 2241 τῆς
893 2173 1136 2246 ψυχικῆς
1186 2169 1393 2240 ἐκείνης
1424 2167 1659 2242 ἰατρείας
1717 2166 1940 2238 ἐπιστη-

287 2260 572 2337 μονάρχης
633 2261 764 2322 Θεὸς
820 2260 1052 2335 χάριτας
1107 2255 1326 2336 ὀφλήσῃ
1380 2261 1460 2329 τῷ
1514 2253 1657 2312 οὕτω
1699 2257 1939 2332 καχέκτῃ

287 2351 620 2426 ἐξαμαρτὼν,
682 2349 758 2411 ὡς
839 2346 1365 2421 τεθαυμαστωμένος
1447 2343 1516 2400 δι’
1601 2345 1786 2402 αὐτοῦ.
1845 2345 1942 2400 Καί

285 2461 402 2502 πως
459 2440 512 2494 οἱ
565 2442 806 2493 τοιοῦτοι
863 2438 1112 2512 στέρησιν
1175 2437 1381 2512 ἀγαθοῦ
1411 2434 1611 2497 παντὸς
1647 2455 1942 2510 περιποιη-

285 2529 534 2601 σάμενοι,
591 2525 1064 2602 πραγματεύονται
1151 2526 1254 2594 την
1334 2523 1602 2579 εἰσέπειτα
1686 2520 1793 2595 ἕξιν
1856 2521 1945 2578 διὰ

279 2623 384 2687 τῆς
447 2614 698 2691 μεγάλης
753 2619 973 2689 κουρᾶς,
1033 2613 1345 2692 ἀφιλόσοφα
1402 2610 1798 2686 μεθοδεύοντες,
1854 2613 1944 2668 καὶ

286 2699 807 2781 μεταλαμϐάνοντες
891 2703 952 2758 οὐ
1032 2702 1217 2766 καλῶς
1287 2702 1369 2757 τό·
1427 2725 1456 2754 ‹‹
1509 2701 1777 2778 Φάγωμεν
1853 2703 1940 2757 καὶ

282 2795 523 2867 πίωμεν’
577 2789 765 2868 αὔριον
819 2790 920 2869 γὰρ
979 2791 1419 2864 ἀποθνήσκομεν.
1455 2814 1484 2842 ››
1531 2791 1703 2866 ’Όπερ
1761 2790 1939 2846 ἐστίν’

2046 656 2278 710 cundus
2307 671 2458 723 esse,
2493 671 2599 710 nec
2629 655 2842 712 tertius
2889 672 2995 712 nec
3033 656 3226 729 quivis
3284 657 3460 714 alius.
3494 660 3706 732 Aperte

2046 746 2202 800 enim
2236 745 2519 800 mentitur
2566 761 2845 816 magnum
2891 745 3245 802 monachum
3281 763 3344 802 se
3395 763 3526 804 esse
3557 748 3706 819 (ubi,

2047 833 2293 898 nescio),
2327 835 2482 889 sicut
2512 834 2630 904 ille,
2665 850 2694 889 e
2740 835 3183 905 catechumeno,
3235 836 3390 891 sicut
3419 837 3707 908 scriptum

2047 927 2156 987 est,
2214 922 2274 976 in
2335 923 2696 995 neopbytum
2755 923 3082 980 scholarem
3129 924 3595 993 transferendus,
3649 929 3708 982 et

2047 1011 2402 1082 quiescendo
2428 1014 2498 1067 ab
2522 1013 2798 1082 operibus
2821 1013 2976 1068 intra
2993 1019 3218 1084 septem
3237 1013 3364 1070 dies
3383 1015 3704 1071 mutandus

2045 1100 2104 1156 in
2141 1101 2435 1156 hominem
2471 1100 2709 1156 omnino
2738 1092 3205 1172 impeccabilem,
3227 1102 3396 1175 quasi
3427 1106 3570 1158 tunc
3601 1105 3698 1160 de-

2046 1189 2317 1260 posueris
2365 1193 2616 1243 veterem
2679 1189 2979 1245 hominem
3042 1196 3100 1246 et
3146 1207 3360 1246 novum
3418 1191 3699 1262 induerit,

2047 1286 2222 1348 atque
2280 1279 2690 1334 reformandus
2750 1280 2822 1333 ad
2856 1279 3174 1352 imaginem
3235 1281 3353 1336 Dei.
3386 1281 3702 1353 Nunquam

2046 1371 2242 1422 autem
2276 1365 2501 1422 malitia
2530 1384 2663 1422 eum
2699 1367 2853 1422 sinet
2881 1384 2915 1423 a
2945 1383 3151 1424 somno
3183 1368 3343 1440 gravi
3374 1369 3638 1442 excitari,
3671 1387 3702 1426 θ

2044 1455 2168 1511 vita
2197 1456 2422 1524 vinosa,
2457 1460 2632 1527 atque
2662 1471 2730 1511 ex
2759 1457 3040 1512 ebrietate
3079 1457 3216 1512 inde
3267 1462 3698 1530 consequente;

2047 1561 2112 1600 ac
2143 1545 2226 1600 ita
2254 1544 2575 1617 recogitare
2627 1548 2694 1599 ut
2737 1543 2994 1600 salvetur
3023 1562 3127 1618 per
3175 1547 3615 1603 conversionem
3647 1551 3705 1604 et

2047 1634 2242 1707 magni
2271 1633 2512 1690 habitus
2543 1633 3045 1690 informationem.
3085 1635 3169 1690 Ad
3203 1637 3354 1706 quod
3389 1635 3578 1692 solum
3610 1654 3703 1693 ac-

2048 1725 2320 1779 cedentes
2351 1725 2608 1779 minores
2653 1723 2947 1790 monachi,
3005 1723 3318 1794 perﬁciunt
3363 1725 3621 1797 pessima
3650 1727 3707 1779 et

2049 1814 2336 1870 malitiam
2369 1819 2697 1886 congerunt
2748 1813 3148 1870 evacuandam
3199 1817 3461 1886 tempore
3505 1813 3706 1885 magni

2049 1903 2312 1970 habitus,
2336 1906 2401 1957 ut
2422 1903 2602 1973 hujus
2624 1901 2950 1974 spiritualis
2976 1903 3298 1958 curationis
3329 1907 3533 1959 auctor
3557 1905 3706 1959 Deus

2052 1992 2149 2048 isti
2183 1991 2430 2048 scelesto
2461 1993 2532 2047 de
2559 1991 2718 2047 vitiis
2743 1995 2898 2063 agat
2922 1991 3109 2061 gratia
3151 2007 3217 2047 eo
3248 1993 3402 2063 quod
3439 2009 3539 2061 per
3569 2007 3704 2048 eum

2051 2081 2240 2152 magis
2270 2081 2650 2136 admirandus
2682 2080 2961 2136 fuerit.Et
2991 2083 3306 2152 postquam
3339 2080 3499 2136 omni
3531 2096 3707 2152 opere

2051 2171 2205 2226 bono
2237 2185 2431 2225 carere
2481 2171 2860 2236 studuerunt,
2913 2185 2982 2224 ea
3030 2168 3242 2224 deinde
3291 2185 3394 2240 per
3423 2185 3702 2241 magnam

2051 2264 2358 2315 tonsuram
2391 2259 2604 2314 habere
2630 2258 3412 2329 satagunt,irrationabiliter
3442 2262 3704 2331 agentes,

2053 2354 2110 2405 et
2140 2365 2254 2404 non
2285 2348 2684 2420 intelligentes
2710 2346 2871 2402 istud
2899 2363 2912 2402 :
2947 2369 2976 2397 ‹‹
3009 2347 3430 2403 Manducemus
3462 2352 3519 2403 et
3548 2347 3710 2404 biba-

2054 2455 2209 2506 mus,
2243 2454 2374 2494 cras
2431 2438 2587 2494 enim
2621 2437 3024 2493 moriemur".
3075 2437 3194 2493 Hoc
3249 2441 3339 2493 est
3396 2437 3709 2493 Peccemus

2054 2528 2303 2595 fortiter,
2337 2543 2466 2582 cras
2496 2526 2653 2582 enim
2682 2529 2958 2598 suscepto
2989 2525 3196 2582 habitu
3229 2531 3452 2596 sancto,
3487 2527 3707 2582 mortui

2057 2615 2267 2672 szeculo
2299 2621 2357 2672 et
2413 2617 2634 2672 mundo
2683 2619 2956 2688 corrupto
3008 2619 3067 2671 et
3126 2615 3545 2688 corrumpenti,
3591 2616 3708 2672 Deo

2055 2707 2448 2775 adstabimus,
2508 2709 2840 2779 peccatores
2896 2705 3153 2778 amplius
3201 2722 3322 2763 non
3368 2705 3572 2775 futuri,
3605 2706 3708 2762 sed

2056 2794 2286 2851 similes
2317 2794 2562 2867 angelis.

299 2883 645 2958 Αμάρτωμεν
695 2879 1106 2942 ἀνυποστόλως·
1140 2875 1326 2956 αὔριον
1368 2880 1474 2955 γὰρ
1533 2876 1622 2934 διὰ
1668 2883 1766 2934 τοῦ
1799 2879 2066 2955 ἀγχθιέου
2099 2884 2388 2957 σχήματος
2420 2881 2664 2944 θανόντες
2690 2885 2771 2954 τῷ
2801 2881 2890 2936 καὶ
2921 2885 3142 2960 φθαρτῷ
3165 2882 3255 2937 καὶ
3285 2885 3566 2958 φθαρτικῷ
3601 2882 3707 2959 βίῳ

287 2971 378 3027 καὶ
407 2971 622 3046 κόσμῳ,
655 2970 1117 3045 παραστησόμεθα
1143 2972 1222 3041 τῷ
1247 2972 1385 3041 Θεῷ,
1419 2967 1598 3024 οὐκέτι
1631 2967 1976 3044 ἁμαρτωλοὶ,
2009 2968 2155 3026 ἀλλὰ
2189 2971 2450 3047 ἀγγέλοις
2480 2969 2688 3045 ὅμοιοι.
3685 2971 3696 2978 ’

361 3105 492 3178 ρος’.
528 3104 622 3158 Καὶ
684 3101 898 3178 γένοιτο
960 3104 1056 3175 μὶν
1110 3106 1298 3176 τυχεῖν
1356 3100 1482 3163 τοὺς
1537 3100 1822 3163 τοιούτους
1878 3101 1941 3157 οὗ

289 3193 533 3269 λέγουσι.
561 3191 660 3254 Τίς
711 3188 768 3247 δὲ
812 3188 924 3246 οἶδε
963 3189 1054 3245 τὸν
1098 3195 1201 3259 τῆς
1249 3187 1508 3260 ἐπιούσης
1557 3190 1740 3261 τόκον,
1771 3191 1816 3246 εἰ
1865 3192 1942 3263 μὴ

285 3277 810 3355 ἐξαμϐλωθήσεται;
855 3279 1004 3342 Τέως
1056 3299 1119 3355 γε
1178 3279 1285 3352 μὴν
1345 3277 1756 3354 ἐπαγγέλλεται,
1811 3277 1944 3353 ὅπερ

2127 3106 2248 3162 176.
2283 3107 2352 3162 Et
2398 3106 2627 3162 utinam
2661 3107 2811 3179 quod
2835 3107 3042 3163 dicunt
3091 3106 3396 3163 obtineant
3443 3106 3565 3164 isti.
3597 3106 3708 3164 Ve-

2055 3212 2185 3250 rum
2218 3196 2352 3268 quis
2384 3196 2547 3252 novit
2586 3201 2786 3252 utrum
2834 3201 3040 3267 partus
3070 3196 3186 3252 diei
3238 3195 3513 3267 proximas
3541 3195 3710 3251 abor-

2054 3288 2181 3339 tum
2215 3301 2330 3339 non
2362 3286 2440 3340 sit
2462 3301 2748 3356 passurus
2767 3284 2795 3339 ?
2819 3286 3111 3341 Hactenus
3133 3285 3372 3355 quidem
3404 3300 3710 3356 magnum,

281 3370 508 3448 ἔφαμεν,
542 3370 634 3425 τὸν
665 3371 786 3424 οἷον
826 3366 1300 3444 μεγαλοσχήμονα
1331 3368 1358 3421 ὁ
1407 3367 1483 3440 μή
1545 3367 1704 3424 εἰσέτι
1760 3372 1940 3422 τοιοῦ-

2058 3377 2123 3428 ut
2156 3373 2434 3440 diximus,
2469 3374 2825 3429 monachum
2850 3374 3228 3429 commendat
3247 3374 3348 3446 qui
3376 3374 3503 3446 ipse
3533 3373 3585 3430 ei
3606 3390 3715 3446 par

274 3480 369 3522 τος
425 3458 757 3535 ἡγούμενος.
801 3454 1065 3512 Ψεύδεται
1126 3454 1203 3528 δε,
1262 3455 1554 3529 σεμνότητι
1615 3457 1708 3529 μὲν
1769 3477 1939 3532 προσ-

274 3548 451 3620 ώπου,
501 3548 592 3602 καὶ
653 3545 869 3622 ὀφρύων
929 3543 1192 3616 συνδέσει,
1239 3545 1329 3599 καὶ
1384 3545 1612 3623 νεφώσει
1670 3549 1766 3600 τοῦ
1822 3559 1941 3600 κατ’

273 3632 402 3709 ὄψιν
429 3635 618 3706 ἡλίου,
650 3635 740 3690 καὶ
787 3633 1106 3711 βλέμματος
1168 3632 1528 3707 ὑπουλότητι,
1558 3633 1648 3688 καὶ
1704 3633 1937 3689 κατακύ-

273 3729 368 3799 ψει
397 3729 466 3800 τῇ
499 3725 576 3790 εἰς
605 3731 730 3799 ᾖν,
752 3725 839 3779 καὶ
880 3723 1076 3787 λαλιᾶς
1124 3721 1411 3796 ἐμμελτίᾳ,
1445 3723 1536 3777 καὶ
1581 3725 1940 3799 προσχήματι

277 3815 685 3881 ταπεινώσεως,
713 3813 799 3867 καὶ
852 3817 935 3884 τῷ
985 3816 1174 3888 συχνῷ
1227 3815 1326 3866 τοῦ
1363 3834 1390 3867 ε
1429 3811 1756 3888 εὐλόγησον,
1790 3835 1819 3864 ››
1850 3811 1940 3866 καὶ

281 3904 440 3980 βαθεῖ
488 3903 928 3976 προσκυνήματι,
976 3902 1067 3956 καὶ
1113 3903 1488 3973 καταστήματι
1540 3895 1761 3956 εὐλαϐεῖ
1809 3902 1942 3976 ἄχρι

277 3991 372 4046 καὶ
455 3991 621 4046 αὐτοῦ
707 3987 1044 4066 βαδίσματος
1127 3989 1218 4043 τὸν
1297 3989 1603 4064 πρώτιστον
1663 3988 1714 4043 ἐν
1777 4009 1943 4061 μονα-

282 4085 413 4156 χοῖς
445 4078 815 4158 ὑπεμφαίνωνο
845 4078 915 4134 τὰ
942 4076 1130 4134 πολλά
1160 4073 1218 4132 δὲ
1272 4076 1362 4133 καὶ
1413 4072 1751 4150 ὑπερϐαίνειν
1814 4077 1947 4132 ἐκεῖ·

280 4189 396 4241 νον,
437 4171 672 4242 πέμπων
731 4165 976 4238 δόκησιν·
1038 4164 1225 4227 ἄλλως
1282 4163 1340 4219 δὲ
1397 4165 1628 4242 ὑπέρφευ
1686 4165 1761 4226 εἰς
1817 4167 1941 4220 ὅσον

284 4251 586 4313 ὑποϐαίνων
646 4257 735 4311 καὶ
785 4253 1198 4328 ἐλαττούμενος.
1231 4253 1292 4308 Τί
1339 4250 1396 4307 δέ
1445 4274 1588 4332 φημι
1623 4278 1650 4305 ‹‹
1683 4252 1945 4308 ἐλαττού-

282 4366 445 4420 μενος
472 4346 713 4415 ἐκείνους
750 4367 779 4398 ››
815 4342 934 4399 δέον
983 4342 1154 4399 εἰπεῖν
1202 4342 1342 4418 πρὸτ
1385 4339 1665 4414 ἀλήθειαν,
1691 4341 1773 4397 ὅτι
1819 4340 1945 4398 οὐδὲ

275 4435 418 4509 πρὸς
471 4436 562 4491 τὸν
617 4441 717 4505 τῆς
778 4435 1085 4510 εἰσαγωγῆς
1148 4432 1387 4509 μοναχὸν
1446 4429 1822 4505 ἁμιλλήσαιτο
1880 4430 1940 4486 ἂν

278 4526 312 4580 ὁ
367 4523 619 4587 τοιοῦτος
652 4543 665 4557 ’
724 4523 814 4578 ὅτε
869 4544 954 4586 τις
1012 4521 1238 4598 πρώτην
1305 4522 1503 4598 ἀράξας
1563 4517 1798 4597 βαλϐίδα
1847 4525 1944 4576 τοῦ

278 4615 419 4672 κατὰ
475 4617 604 4671 Θεὸν
663 4611 908 4682 σταδίου,
969 4613 1130 4690 ὀρθὸν
1192 4613 1425 4684 ἐξανύειν
1475 4613 1764 4690 ἀπάρξεται
1825 4611 1946 4689 δρό-

2049 3479 2166 3518 non
2198 3468 2308 3518 est.
2342 3463 2648 3528 Mentitur,
2681 3463 2779 3533 qui
2802 3462 3029 3534 primus
3053 3477 3185 3518 esse
3205 3462 3360 3517 inter
3388 3461 3712 3518 monachos

2047 3551 2305 3617 videtur,
2336 3556 2394 3608 et
2423 3551 2586 3607 vultu
2616 3553 2894 3622 verendo,
2925 3557 2982 3607 et
3003 3550 3230 3623 junctis
3263 3551 3618 3623 superciliis,
3651 3554 3715 3606 et

2049 3643 2240 3699 velata
2267 3642 2422 3698 nube
2443 3642 2751 3699 oculorum
2776 3641 2918 3708 acie,
2943 3647 3000 3698 et
3026 3641 3245 3697 intuitu
3276 3640 3498 3712 perﬁdo
3520 3640 3578 3696 in
3599 3645 3713 3695 ter-

2051 3748 2174 3787 ram
2209 3732 2416 3801 delixo,
2449 3737 2505 3786 et
2534 3746 2802 3786 sermone
2833 3734 3155 3801 compto,et
3184 3729 3520 3785 humilitate
3548 3729 3707 3800 ﬁcta,

2053 3830 2106 3876 el
2137 3821 2290 3876 dicto
2323 3819 2539 3892 saepius
2567 3835 2580 3873 ε
2632 3819 2984 3889 Benedicite,
3017 3824 3074 3874 et
3113 3835 3330 3891 magna
3360 3817 3706 3886 reverentia,

2051 3915 2109 3965 et
2137 3909 2412 3980 religiosa
2440 3909 2500 3963 in
2528 3909 2762 3964 incessu
2795 3909 2971 3963 etiam
2995 3907 3440 3978 tranquillitate,
3469 3925 3532 3964 se
3575 3924 3705 3963 ma-

2046 3999 2238 4068 jorem
2271 4013 2400 4052 esse
2431 3995 2608 4051 etiam
2642 3995 2985 4067 plerumque
3006 3996 3343 4066 opinionem
3365 3996 3557 4066 injicit
3583 3996 3706 4063 ;sed

2055 4086 2245 4155 aliter,
2279 4085 2425 4155 proh
2457 4084 2654 4140 dolori
2688 4083 2903 4138 mirum
2935 4089 3220 4152 quantum
3255 4085 3448 4140 minor
3477 4089 3533 4140 et
3561 4085 3710 4138 infe-

2053 4174 2173 4229 rior
2193 4178 2300 4229 est.
2321 4173 2618 4228 Veraciter
2640 4173 2954 4228 dicendum
2980 4177 3070 4228 est
3096 4173 3273 4228 istum
3299 4189 3369 4228 ne
3391 4190 3526 4229 cum
3558 4172 3716 4228 novi-

2051 4263 2133 4318 tio
2165 4261 2405 4333 quidem
2438 4261 2727 4317 monacho
2759 4261 3182 4317 conferendum
3215 4277 3366 4332 esse,
3389 4262 3489 4334 qui
3519 4259 3708 4333 primo

2053 4349 2358 4407 obstaculo
2417 4349 2596 4404 divini
2649 4349 2827 4404 stadii
2888 4349 3112 4419 avulso,
3159 4355 3318 4406 recta
3373 4366 3606 4406 currere
3636 4349 3711 4405 ad

2052 4440 2237 4496 Deum
2270 4439 2508 4512 incepit.
2563 4438 2752 4510 Opera
2801 4438 2958 4493 enim
3019 4439 3445 4495 monachorum
3488 4439 3549 4494 in
3578 4443 3716 4494 tan-

2053 4532 2178 4584 tum
2209 4529 2498 4601 attingere
2527 4533 3081 4601 recusat,quantum
3113 4529 3286 4585 homo
3311 4530 3586 4586 manibus
3616 4546 3715 4585 ca-

2053 4633 2211 4672 rens.
2243 4616 2531 4672 Continuo
2563 4618 2788 4674 otiosus
2820 4617 3056 4688 residet,
3091 4624 3148 4674 et
3178 4618 3308 4674 ideo
3355 4617 3720 4690 concupiscit

289 4724 393 4778 μον
451 4701 539 4759 ἐπὶ
592 4703 662 4758 τὰ
717 4705 854 4758 θεῖα.
892 4701 1260 4805 Ἐργρχείρων
1323 4705 1417 4776 μὲν
1467 4702 1566 4779 γὰρ
1628 4707 1940 4780 μοναχικῶν

2056 4722 2123 4761 ac
2153 4705 2421 4777 loquitur
2451 4706 2908 4778 qualiacunque,
2945 4712 3007 4762 ut
3036 4724 3141 4779 par
3169 4712 3283 4774 est,
3316 4724 3570 4779 quorum
3603 4708 3722 4780 ple-

281 4793 546 4857 ἅπτεσθαι
599 4797 860 4848 τοσοῦτον
911 4787 1151 4860 ἀποδέει,
1215 4789 1330 4846 ἴσον
1361 4791 1450 4846 καὶ
1501 4797 1706 4867 χειρῶν
1762 4789 1940 4860 ἐνδεὴς

2058 4811 2240 4865 raque
2271 4795 2340 4850 ad
2376 4795 2682 4866 passiones
2713 4800 2770 4850 et
2800 4812 2898 4850 eas
2929 4813 3044 4850 non
3089 4795 3417 4851 laudabiles
3445 4799 3721 4867 vergunt.

279 4880 593 4957 ἄνθρωπος.
626 4882 872 4952 Κάθηται
903 4880 1002 4955 γὰρ
1038 4877 1230 4935 διόλου
1261 4881 1468 4955 ἁεργός·
1503 4880 1592 4934 καὶ
1625 4878 1694 4934 δι’
1728 4879 1859 4935 αὐτὸ
1891 4880 2196 4953 ἐνθυμεῖται
2227 4883 2314 4936 καὶ
2349 4879 2738 4955 διαλογίζεται,
2770 4882 2843 4944 ὡς
2870 4882 3036 4951 εἰκὸς,
3059 4888 3309 4954 παντοῖα,
3343 4883 3414 4938 ὧν
3441 4903 3508 4938 τα
3535 4879 3715 4937 πλείω

279 4971 379 5029 καὶ
409 4967 486 5033 εἴς
514 4992 664 5034 τινας
694 4969 985 5043 ἐπιθυμίας
1019 4967 1243 5041 ἐκνεύει,
1274 4968 1362 5022 καὶ
1397 4969 1564 5031 αὐτᾶς
1596 4967 1728 5030 ἴσως
1762 4967 1861 5023 ούκ
1891 4964 2308 5033 ἀποϐλεπούσας
2331 4967 2409 5032 εἴς
2435 4991 2487 5024 τι
2521 4970 2740 5045 ἀγαθόν.

367 5106 501 5182 ρος.
545 5111 738 5174 Διττῆς
794 5103 898 5180 γὰρ
956 5099 1121 5174 οὔσης
1171 5108 1272 5172 τῆς
1328 5101 1639 5176 ἐπιθυμίας,
1692 5108 1794 5172 τῆς
1853 5103 1947 5176 μὲν

275 5195 710 5269 ἰπαινουμένης,
768 5193 888 5248 καθ’
943 5193 1012 5262 ἣν
1066 5190 1368 5264 ἐπιθυμιῶν
1428 5192 1562 5267 ἀνὴρ
1622 5191 1649 5245 ὸ
1709 5188 1948 5266 διορατιο

276 5283 530 5347 κώτατος
580 5282 791 5359 εἷ’ρηται
848 5277 1078 5350 Δανιήλο
1111 5286 1212 5350 τῆς
1271 5277 1329 5334 δὲ
1381 5279 1646 5357 ἐπιψόγου
1701 5279 1945 5353 (τοιαύτη

284 5371 352 5427 δὲ
400 5375 435 5443 ἡ
493 5374 601 5428 τῶν
660 5370 968 5447 ἀργούντων
1030 5370 1166 5424 κατᾶ
1210 5368 1303 5423 τὸν
1355 5370 1529 5445 ὀρθῶς
1563 5368 1804 5438 εἰπόντα,
1842 5395 1863 5422 ιι
1893 5370 1946 5425 έν

290 5460 608 5534 ἐπιθυμίαις
668 5461 800 5516 εἶναι
856 5459 948 5513 τὸν
1007 5457 1224 5533 ἀεργόν·
1276 5459 1327 5530 ››)
1382 5457 1480 5513 οὐκ
1535 5457 1757 5519 ἀπεικὸς
1809 5457 1948 5536 φαύ-

289 5549 411 5610 λων
466 5548 769 5623 ἐπιθυμιῶν
823 5545 1114 5617 κλύζεσθαι
1171 5544 1374 5620 κύμασι
1437 5547 1530 5602 τὸν
1600 5545 1948 5623 καθηγούμε-

371 5747 416 5784 ³⁷
448 5747 562 5804 Isa.
592 5761 734 5816 xm,
768 5745 856 5801 13.
933 5744 978 5781 ³⁸
1008 5743 1178 5802 Prov.
1212 5761 1330 5818 xxI,
1360 5745 1452 5802 25.

2134 5106 2256 5160 177.
2329 5105 2590 5178 Duplicis
2669 5106 2901 5179 generis
2987 5122 3120 5162 cum
3203 5106 3324 5162 sint
3385 5105 3717 5179 passiones,

2059 5193 2186 5250 aliis
2219 5195 2460 5265 quidem
2514 5195 2868 5263 laudabiles,
2919 5196 3134 5266 quibus
3183 5195 3386 5252 Daniel
3427 5195 3719 5268 peritissi-

2059 5300 2192 5339 mus
2223 5284 2416 5340 dictus
2451 5289 2542 5340 est
2581 5285 2673 5340 vir
2719 5285 3185 5353 desideriorum;
3228 5290 3284 5340 et
3333 5284 3459 5340 alia:
3489 5284 3715 5356 vitupe-

2057 5373 2254 5428 randae
2287 5376 2366 5444 (et
2395 5374 2543 5429 tales
2575 5378 2716 5430 sunt
2755 5373 3096 5441 otiosorum,
3136 5374 3305 5444 juxta
3334 5379 3487 5429 recte
3514 5373 3718 5429 dicen-

2056 5464 2217 5516 tem:
2255 5462 2313 5516 [n
2348 5461 2658 5518 desideriis
2709 5478 2838 5518 esse
2887 5462 3120 5535 pigrum
3148 5463 3236 5534 ³⁸),
3294 5460 3600 5518 virisimile
3630 5465 3722 5518 est

2057 5567 2371 5623 pravarum
2402 5551 2746 5624 passionum
2780 5553 3056 5610 fluctibus
3104 5552 3312 5626 agitari
3350 5553 3714 5627 praefectum,
