4060 6396
337 448 458 505 879

1106 442 1528 506 EUSTATHII
1571 438 2335 503 THESSALONICENSIS
2383 439 2976 502 METROPOLITE

3641 435 3787 498 880

333 595 468 634 cum
498 578 767 636 inclusus
794 579 854 635 in
887 578 1183 643 cellula,et
1203 578 1477 634 universa
1497 575 1730 650 negotia
1750 579 1988 631 externa

2103 593 2211 642 νον,
2247 571 2335 630 ὅτε
2395 573 2618 645 συνάξας
2668 573 2854 628 ἑαυτὸν
2913 566 3018 626 ἔσω
3075 573 3174 626 τοῦ
3230 566 3478 643 κελλίου,
3507 569 3602 625 καὶ
3655 590 3781 625 των

333 668 698 740 relinquens,
735 669 792 724 in
825 669 942 726 otio
976 672 1254 724 remanet.
1290 670 1412 734 Quo
1457 672 1718 738 tempore
1750 666 1820 720 ad
1854 681 1988 720 eum

339 758 746 827 ascendentes,
825 774 1077 829 eumque
1135 759 1542 828 oppugnantes
1605 754 1989 827 cogitationes

337 863 473 902 eum
505 847 746 917 dignum
807 847 1017 901 facient
1066 846 1484 901 lamentatione
1531 845 1811 900 adversus
1841 843 1990 898 tales

341 933 486 990 nihil
546 938 783 1006 agentes
843 934 1045 990 illata:
1102 958 1131 985 «
1192 935 1287 988 Vua
1349 934 1478 1003 soli,
1535 934 1730 1004 inquit
1789 954 1818 981 «
1853 931 1992 1003 quia

340 1040 473 1078 eum
505 1024 778 1079 ceciderit
808 1041 922 1079 non
973 1024 1599 1090 habetlsublevantem
1661 1039 1723 1077 se
1743 1023 1807 1075 ⁸⁸.
1862 1042 1889 1070 ››
1923 1021 1991 1075 Et

339 1111 638 1167 solitarius
695 1117 783 1168 est
840 1113 1097 1184 profecto
1157 1112 1452 1183 praelatus,
1509 1111 1608 1184 qui
1665 1111 1881 1180 degens
1929 1109 1989 1163 in

338 1200 474 1266 otio,
508 1216 696 1270 neque
746 1200 876 1256 aliis
928 1199 1212 1256 fratribus
1256 1200 1603 1256 cadentibus
1635 1198 1848 1254 auxilio
1879 1202 1987 1266 est,

337 1305 443 1344 nec
472 1304 570 1344 eos
630 1289 918 1359 sublevat,
965 1306 1158 1362 neque
1190 1289 1300 1344 sibi
1352 1290 1507 1361 quod
1541 1289 1773 1360 expedit
1823 1287 1988 1342 adin-

334 1378 514 1443 venit,
547 1381 603 1433 et
633 1395 748 1450 quo
779 1378 984 1450 lapsus
1017 1383 1302 1450 resurgat,
1337 1383 1395 1434 et
1424 1395 1492 1434 ex
1529 1378 1690 1432 fovea
1719 1377 1776 1431 in
1811 1392 1989 1449 quam

336 1466 627 1522 inciderat
657 1471 936 1539 emergat.

409 1555 532 1610 178.
568 1556 684 1610 Isto
719 1556 891 1611 modo
921 1556 1099 1611 vitam
1137 1555 1543 1612 monachicam
1576 1554 1697 1626 agit
1726 1559 1891 1626 pater
1928 1553 1988 1607 in

337 1644 477 1699 otio.
508 1645 617 1699 Sed
650 1661 783 1700 eum
817 1646 1024 1700 fratres
1048 1646 1422 1711 conveniunt,
1455 1649 1596 1699 tunc
1625 1644 1850 1698 videres
1880 1643 1989 1697 ho-

339 1733 560 1787 minem
593 1731 1090 1804 qualemcunque,
1122 1739 1180 1788 et
1210 1737 1275 1787 ut
1303 1733 1412 1787 fert
1443 1731 1989 1803 proverbium,nihil

338 1825 651 1888 sanetum;
686 1821 825 1890 sive,
889 1825 951 1876 ut
982 1822 1152 1877 aliter
1199 1822 1412 1890 dicam,
1476 1821 1786 1893 pulchrum
1818 1827 1993 1891 caput

339 1913 537 1964 mento
569 1908 759 1964 valido
803 1910 1172 1982 impositum,
1225 1911 1427 1983 quales
1476 1909 1850 1966 monasteriis
1881 1925 1988 1964 sae-

342 1997 474 2070 pius
533 1997 931 2068 praaliciuntur
960 2016 992 2053 a
1049 2000 1218 2055 nobis
1265 1999 1620 2067 errantibus,
1682 2003 1757 2069 et,
1804 1999 1875 2052 ad
1909 1997 1992 2053 sic

339 2087 677 2154 dicendum,
700 2088 1315 2155 conjicientibus.ldeo
1345 2088 1445 2159 qui
1466 2087 1768 2142 victimam
1801 2086 1994 2141 riden-

340 2176 475 2231 dam
511 2176 660 2231 nihil
717 2176 875 2232 aliud
922 2194 1052 2232 esse
1110 2184 1286 2248 atque
1330 2194 1548 2232 cornua
1606 2181 1709 2232 aut
1748 2176 1992 2230 barbam

340 2271 623 2330 cerneret,
659 2270 858 2336 posset
904 2265 1258 2320 concinnare
1306 2281 1441 2320 cum
1491 2264 1730 2336 parodia
1760 2264 1993 2319 haedum

337 2354 491 2408 inter
519 2370 617 2409 eos
643 2359 1001 2424 praeeuntem
1032 2369 1160 2409 esse
1191 2353 1562 2409 solummodo
1610 2353 1993 2424 supercilium

336 2448 392 2497 et
425 2443 690 2498 barbam.
739 2443 984 2499 Talibus
1023 2449 1221 2498 tamen
1275 2443 1540 2514 personis
1597 2443 1993 2498 subscribitur

337 2525 536 2603 magni
570 2531 845 2586 monachi
893 2547 1130 2587 nomen.
1191 2531 1258 2586 Et
1306 2531 1460 2602 quod
1521 2531 1853 2586 mirabilius
1881 2536 1989 2597 est,

334 2635 468 2674 cum
503 2619 730 2686 habitu,
767 2637 880 2674 non
916 2637 977 2674 re
1004 2637 1286 2692 magnum
1336 2620 1603 2676 habitum
1653 2621 1987 2691 praeferunt,

332 2708 433 2780 qui
465 2708 704 2764 habitus
736 2726 983 2778 magnus
1028 2710 1239 2764 virtute
1285 2708 1518 2777 dicitur,
1571 2725 1846 2780 magnam
1881 2708 1991 2780 hy-

330 2797 636 2868 pocrisim,
669 2798 824 2853 dicet
855 2797 1088 2869 aliquis,
1115 2799 1449 2869 praeferunt.
1472 2800 1711 2864 Quando
1743 2814 1901 2869 ergo,
1928 2801 1993 2851 ut

329 2886 550 2940 dictum
586 2891 693 2954 est,
726 2888 792 2941 fit
843 2887 1089 2942 fratrum
1131 2891 1475 2956 conventus,
1531 2892 1673 2943 tunc
1715 2885 1991 2957 praelatus

328 2978 548 3042 noster,
582 2975 1009 3046 qualiscunque
1052 2976 1130 3031 sit
1173 2979 1252 3039 (et
1301 2991 1501 3031 revera
1532 2992 1647 3030 non
1702 2981 1791 3030 est
1821 2992 1990 3043 mag-

331 3066 490 3132 nus),
510 3079 684 3135 opere
707 3080 991 3118 manuum
1012 3081 1126 3119 non
1152 3064 1531 3119 incumbente
1547 3079 1615 3118 ex
1642 3064 1990 3119 necessitate

332 3153 647 3223 (quomodo
665 3153 820 3208 enim
844 3151 1070 3224 operari
1096 3151 1154 3206 in
1182 3156 1497 3225 conspectu
1522 3152 1846 3208 multorum
1872 3170 1988 3207 non

328 3246 646 3309 vereretur,
683 3241 782 3313 qui
815 3242 978 3297 solus
1031 3243 1087 3296 id
1148 3243 1272 3297 odit
1290 3242 1339 3313 ?)
1396 3242 1776 3298 sermocinari
1807 3242 1986 3313 eligit.

329 3331 464 3394 Quae
498 3330 778 3385 dicuntur
799 3335 1140 3397 autem,non
1169 3331 1520 3402 quaestiones
1551 3333 1622 3386 de
1642 3331 1983 3403 Scripturis,
2018 3313 2061 3381 C

331 3433 448 3471 non
525 3421 865 3472 sanctarum
942 3417 1370 3471 obscuritatum
1444 3415 1806 3484 solutiones,
1866 3433 1985 3472 non

330 3504 443 3560 loci
475 3510 818 3560 sanctorum
876 3504 1141 3568 Patrum,
1195 3521 1313 3558 non
1367 3504 1777 3576 interpretatio
1837 3507 1986 3560 divi-

335 3609 547 3648 norum
580 3593 914 3664 verborum,
948 3610 1063 3648 non
1095 3593 1301 3648 relatio
1351 3597 1690 3650 sanctarum
1723 3591 1985 3666 discipli-

332 3698 566 3748 narum,
602 3699 718 3736 non
775 3681 1101 3737 exhortatio
1157 3682 1228 3736 de
1281 3681 1376 3737 his
1420 3698 1546 3752 quae
1580 3699 1746 3744 agere
1779 3684 1986 3740 fratres

332 3775 580 3842 oportet,
613 3775 679 3824 ut
708 3769 828 3826 sint
855 3769 1189 3842 spirituales
1221 3771 1493 3842 operarii,
1527 3776 1584 3826 et
1633 3772 1704 3826 de
1735 3771 1827 3827 his
1857 3789 1988 3844 quae

333 3860 714 3930 praecavenda
760 3862 918 3923 sunt,
955 3875 1069 3912 non
1117 3857 1317 3929 aliqua
1347 3858 1493 3913 ratio
1533 3857 1782 3928 eligendi
1812 3859 1986 3932 bona,

333 3953 392 4003 et
445 3948 664 4002 vitandi
727 3947 976 4014 malum,
1036 3946 1236 4002 nullus
1296 3947 1625 4015 discursus,
1679 3948 1842 4005 nulla
1885 3949 1988 4004 de-

337 4036 577 4109 scriptio
611 4036 828 4108 quibus
861 4035 960 4091 alii
987 4036 1111 4107 jam
1135 4036 1290 4092 docti
1321 4036 1611 4092 doctiores
1663 4038 1806 4093 ﬁant
1837 4038 1989 4095 circa

339 4125 628 4198 principia
660 4125 824 4202 prius
869 4125 1104 4191 tradita,
1140 4130 1198 4180 et
1244 4124 1341 4179 alii
1373 4124 1562 4196 ignari
1620 4126 1906 4198 incipiant
1935 4132 1993 4183 et

337 4215 645 4286 perﬁciant
695 4214 953 4268 divinam
1014 4213 1343 4268 scientiam.
1405 4213 1528 4269 Non
1583 4229 1719 4286 ergo
1782 4215 1989 4288 hujus-

337 4304 496 4359 modi
528 4309 669 4359 sunt
703 4303 924 4374 praelati
956 4303 1501 4371 sermocinationes,
1540 4320 1680 4360 sane
1709 4322 1842 4362 vero
1869 4324 1991 4364 ser-

337 4409 543 4450 mones
573 4393 802 4448 confusi
834 4393 905 4447 de
937 4409 998 4447 re
1028 4408 1402 4464 quacunque.
1437 4393 1692 4450 Exorsus
1723 4412 1757 4450 a
1784 4395 1991 4467 vineis,

338 4499 372 4538 a
402 4481 697 4537 messibus
729 4485 785 4536 et
815 4480 1055 4537 tributis
1109 4481 1410 4551 exigendis
1440 4485 1498 4535 et
1541 4481 1671 4537 aliis
1703 4484 1878 4540 rebus
1908 4489 1993 4541 sio

339 4569 639 4641 proficuis,
689 4570 831 4640 quia
880 4570 938 4623 in
997 4569 1296 4624 reddenda
1343 4569 1566 4624 ratione
1605 4571 1678 4624 de
1724 4573 1992 4643 personis

2099 656 2200 732 ἔξω
2275 664 2490 719 πάντων
2570 663 2856 740 ἀφέμενος,
2911 661 2963 716 ἐν
3031 660 3194 738 ἀργίᾳ
3271 659 3437 733 μένει.
3488 661 3618 714 Ὅτε
3681 661 3783 715 καὶ

2101 746 2470 814 ἀναϐαίνοντες
2503 752 2578 814 είς
2623 750 2784 805 αὐτὸν
2845 748 3200 825 διαλογισμοὶ
3259 748 3346 804 καὶ
3400 745 3788 824 πολιορκοῦν-

2097 861 2204 908 τες,
2246 839 2654 917 ἀποκληροῦσιν
2696 839 2856 894 αὐτὸν
2913 844 2994 912 τῷ
3044 840 3232 916 θρήνῳ
3271 842 3352 911 τῷ
3381 836 3468 892 ἐπὶ
3499 842 3622 900 τοῖς
3680 838 3783 893 οὕ-

2098 950 2206 991 τως
2246 929 2637 1005 ἡσυχάζουσιν.
2669 954 2696 981 ‹‹
2729 928 2865 986 Οὐαὶ
2909 927 3035 1003 γὰρ,
3083 927 3241 1006 φησὶ,
3274 931 3354 999 τῷ
3404 925 3502 997 ἐνὶ,
3537 925 3650 998 ὅτι,
3687 926 3784 980 ἐὰν

2099 1019 2254 1093 πέσῃ,
2289 1020 2391 1073 οὐκ
2447 1017 2563 1095 ἔχει
2621 1019 2712 1072 τὸν
2777 1016 3120 1094 ἐξεγεροῦντα
3176 1039 3204 1068 ››
3255 1019 3518 1077 Τοιοῦτος
3578 1012 3638 1070 δὲ
3697 1018 3782 1079 εἷς

2099 1109 2187 1163 καὶ
2219 1109 2247 1162 6
2277 1107 2712 1183 καθηγούμενος,
2747 1108 2804 1169 ’ὀς
2862 1104 2913 1160 ἐν
2960 1105 3146 1181 ἀεργίᾳ
3204 1102 3433 1179 διάγων,
3468 1103 3594 1159 οὕτε
3651 1112 3778 1169 τοῖς

2097 1201 2203 1251 τῶν
2240 1195 2426 1252 ἄλλων
2455 1193 2704 1274 ἀδελφῶν
2736 1197 2993 1268 πτώμασι
3042 1195 3254 1269 βοηθεῖ,
3287 1193 3576 1264 ἐξανιστῶν
3631 1194 3773 1249 ἐκεί-

2097 1304 2244 1348 νους·
2283 1285 2394 1340 ’καὶ
2456 1283 2581 1340 οὐδὲ
2641 1285 2814 1356 ἐαυτῷ
2875 1283 3131 1358 μηχανὰς
3186 1281 3501 1359 ἐξευρίσκει,
3567 1280 3638 1336 δι’
3695 1282 3768 1337 ὧν

2099 1376 2274 1430 πεσὼν
2325 1375 2702 1445 ἀναστήσεται,
2758 1373 3138 1449 μετεωρισθεὶς
3193 1371 3253 1427 ἐκ
3305 1371 3400 1426 τοῦ
3457 1372 3756 1448 βοθρεύμα-

2099 1486 2213 1531 τος,
2247 1465 2292 1536 ᾧ
2323 1467 2725 1540 περιπέπτωκε.

2171 1556 2310 1629 ροη’.
2345 1555 2448 1609 Καὶ
2480 1552 2622 1608 οὕτω
2656 1553 2752 1626 μὶν
2790 1553 3007 1626 μονάζει
3039 1553 3066 1606 6
3096 1551 3278 1626 πατὴρ
3321 1550 3375 1606 ἐν
3427 1554 3508 1621 τῷ
3557 1549 3775 1625 ἀργεῖν.

2098 1646 2230 1701 "Ora
2287 1641 2344 1697 δὲ
2400 1647 2490 1697 καί
2550 1640 2852 1718 ὁμηγερέες
2904 1641 2956 1695 οἳ
3015 1637 3242 1718 ἀδελφοὶ
3297 1639 3587 1716 γένωνται,
3645 1639 3781 1695 τότε

2097 1730 2160 1787 ἂν
2212 1730 2317 1787 Υδοι
2362 1753 2444 1795 τις
2501 1731 2726 1803 ἐκεῖνον,
2761 1727 3043 1803 ἄνθρωπον
3101 1724 3230 1784 ὄντα
3258 1728 3351 1783 τὸν
3378 1728 3647 1803 τυχόντα,
3681 1729 3783 1783 καὶ

2097 1822 2233 1876 κατά
2261 1823 2361 1890 τὴν
2390 1819 2685 1896 παροιμίαν
2716 1817 2869 1874 υῦδέν
2901 1819 3070 1893 ἱερὸν,
3103 1819 3193 1873 καὶ
3230 1817 3420 1879 ἄλλως
3470 1814 3527 1870 δὲ
3578 1819 3778 1895 φάναι,

2099 1911 2393 1983 πρόσωπον
2454 1909 2827 1985 σεμνοπρεπὶς
2883 1905 3050 1984 ἀδροῦ
3109 1906 3319 1984 γενείου
3381 1907 3781 1979 ὑπερκαθήμε-

2101 2020 2214 2069 νον,
2251 1998 2473 2060 ὁποίους
2531 1999 2596 2052 τὰ
2653 1997 2833 2053 πλείω
2881 1997 3070 2075 ἐφιστᾷ
3124 2001 3244 2058 τοῖς
3319 1995 3780 2074 φροντιστηρίοις

2102 2091 2136 2158 ἡ
2187 2089 2304 2152 καθ’
2341 2087 2640 2162 ὑπόληψιν,
2675 2089 2749 2151 ὡς
2805 2085 2976 2148 οὕτως
3039 2086 3230 2151 εἰπεῖν,
3262 2085 3314 2139 ἐν
3362 2087 3498 2158 ἡμῖν
3557 2083 3778 2156 ἀπάτη.

2102 2179 2219 2254 Ἐφ’
2249 2178 2323 2231 ὧν
2353 2178 2381 2230 6
2429 2175 2860 2248 ἐντεθυμημένος
2917 2175 2980 2229 τὸ
3035 2175 3483 2246 κωμικευόμενον
3541 2174 3776 2250 ἱερεῖον,

2105 2264 2258 2321 οὐδὶν
2313 2265 2372 2319 ’ὸν
2432 2263 2622 2333 ἀλλ’ἢ
2660 2263 2856 2339 κέρατα
2912 2265 3001 2318 καὶ
3056 2264 3285 2338 γένειον,
3317 2259 3644 2337 παρῳδήσοε
3712 2260 3777 2316 ἂν

2100 2355 2193 2409 τὸν
2245 2351 2584 2414 κατάὗτοὺς
2638 2353 2824 2408 κτίλον
2876 2351 3285 2426 καθηγούμενον
3346 2351 3548 2424 σεμνὴν
3597 2349 3774 2424 ὀφρὸν

2102 2445 2236 2499 εἶναι
2287 2443 2376 2498 καὶ
2432 2444 2769 2517 γένειον.Ἐν
2831 2439 2888 2496 δέ
2916 2447 3035 2504 τοῖς
3088 2439 3360 2502 τοιούτοις
3412 2440 3778 2514 καθυπογρά-

2103 2553 2256 2609 φεται
2314 2532 2407 2605 μὶν
2468 2533 2556 2587 καὶ
2626 2531 2686 2585 τὸ
2768 2527 3223 2605 μεγαλόσχημον.
3275 2528 3598 2603 Καινότερον
3661 2525 3726 2583 δέ
3762 2544 3779 2562 ·

2102 2623 2167 2676 οὗ
2226 2622 2502 2697 πράγματι
2561 2621 2687 2696 γὰρ,
2749 2618 2895 2675 ἀλλά
2970 2621 3219 2694 σχήματι
3271 2618 3330 2670 τὸ
3384 2617 3502 2670 κατ’
3557 2617 3777 2692 ἀρετὴν

2107 2709 2395 2785 μεγαλεῖον
2459 2709 2844 2787 προφαίνοντες
2909 2708 3050 2781 μέγα
3107 2712 3319 2782 σχῆμα,
3365 2702 3780 2779 προΐσχονται,

2102 2801 2176 2862 ὡς
2236 2797 2290 2854 εἷ’
2339 2820 2421 2860 τις
2477 2798 2647 2870 εἷ’ποι,
2698 2797 2942 2873 μεγάλην
3018 2795 3326 2870 ὑπόκρισιν.
3384 2795 3520 2849 "Ore
3576 2793 3775 2849 τοίνυν

2103 2889 2394 2964 ὁμήγυρις,
2435 2888 2510 2951 ὡς
2561 2885 2775 2963 ἐρῤἑθη,
2828 2883 3096 2963 ἀδελφικὴ
3149 2882 3395 2959 γένηται,
3438 2882 3567 2937 τότε
3621 2879 3691 2954 δή
3745 2885 3774 2938 6

2098 2978 2217 3040 καθ’
2273 2980 2421 3049 ἡμᾶς
2468 2975 2793 3051 ᾐγούμενος,
2853 2975 3046 3035 ὁποῖος
3106 2972 3166 3026 ἂν
3221 2971 3313 3027 καὶ
3373 2968 3459 3041 εἴη
3515 2967 3656 3044 (ἔστι
3715 2969 3772 3026 δὲ

2100 3065 2325 3136 ἀληθῶς
2379 3065 2442 3120 οὐ
2496 3064 2704 3140 μέγας),
2755 3057 2914 3140 ἔργου
2978 3061 3030 3132 ἐξ
3087 3059 3326 3135 ἀνάγκης
3381 3059 3491 3136 οὐχ
3544 3060 3766 3114 ὑποκει-

2105 3156 2288 3228 μένου,
2321 3156 2462 3228 (πῶς
2487 3153 2586 3230 γὰρ
2620 3152 2670 3208 ἐν
2700 3151 2926 3207 πολλῶν
2962 3146 3146 3224 ὄψεσιν
3191 3149 3291 3204 οὐκ
3340 3147 3598 3204 αἲδέσεται
3650 3147 3747 3213 τὴν

2101 3243 2348 3319 ἐργασίαν
2404 3243 2432 3297 6
2475 3243 2787 3315 καταμόνας
2846 3242 3018 3310 αὐτὴν
3083 3238 3493 3314 μυσαττόμενος
3517 3239 3552 3309 3)
3601 3232 3748 3310 γίνε-

2097 3353 2185 3387 ται
2214 3336 2311 3387 τοῦ
2342 3330 2551 3386 λαλεῖν·
2585 3331 2674 3386 καὶ
2704 3334 2739 3400 ἠ
2775 3329 2944 3386 λαλιὰ
2975 3329 3038 3385 οὐ
3077 3324 3299 3404 προϐλή
3313 3348 3457 3401 ματα
3497 3324 3754 3400 γραφικά-

2098 3420 2159 3476 οὐ
2212 3419 2398 3482 λύσεις
2455 3421 2614 3494 ἱερῶν
2665 3419 3046 3494 αἰνιγμάτων·
3099 3417 3162 3473 ού
3215 3414 3542 3492 διηγήματα
3593 3414 3768 3469 [lati-

2099 3530 2205 3586 ρων
2244 3509 2432 3585 ἁγίωνο
2467 3508 2566 3564 οὐκ
2595 3508 2881 3578 ἀνάπτυξις
2921 3507 3076 3572 θείων
3130 3506 3359 3582 λογίων·
3398 3504 3498 3560 οὐκ
3540 3503 3770 3582 ἀφήγη-

2098 3620 2180 3654 σις
2214 3597 2506 3653 πολιτειῶν
2537 3596 2857 3673 θεαρέστων·
2891 3597 2952 3652 οὐ
2985 3596 3296 3671 παραίνεσις
3326 3596 3421 3669 (ὧν
3479 3614 3539 3649 τε
3586 3593 3773 3669 πράτ-

2097 3709 2204 3743 τειν
2255 3688 2366 3764 ’χρὴ
2426 3688 2526 3756 τὴν
2584 3684 2948 3764 ἀδελφότητα,
2981 3686 3056 3750 ὡς
3101 3685 3232 3742 εἶναι
3291 3683 3459 3752 αὐτὴν
3522 3681 3773 3738 ἐντεῦθεν

2096 3778 2401 3852 πρακτικὴν
2452 3780 2858 3848 πνευματικῶς,
2891 3775 2981 3830 καὶ
3035 3773 3110 3830 ὧν
3157 3775 3272 3850 χρὴ
3321 3771 3668 3846 ἀπέχεσθαι)’
3704 3770 3777 3825 οὐ

2103 3862 2332 3939 μέθοδος
2354 3867 2575 3935 ἡτισοῦν
2609 3863 2868 3940 (ἐκλογῆς
2905 3865 2998 3938 μὶν
3029 3871 3130 3934 τῆς
3158 3867 3266 3918 τῶν
3319 3862 3560 3937 ἀγαθῶν,
3596 3860 3776 3915 ἀπεκ-

2100 3953 2275 4030 λογῆς
2309 3950 2365 4009 δὲ
2409 3957 2510 4018 τῆς
2560 3957 2667 4008 τῶν
2715 3951 2982 4028 φαύλων)·
3015 3951 3075 4008 οὗ
3133 3951 3474 4026 περιίλευσις
3531 3945 3786 4020 οὐδεμία

2100 4043 2364 4121 γραφικὴ,
2382 4039 2527 4112 δι’ἧς
2549 4043 2577 4097 6
2605 4044 2698 4116 μὲν
2725 4040 2832 4113 ἤδη
2863 4042 3197 4115 μεμαθηκὼς
3217 4040 3304 4095 ἐπὶ
3327 4040 3553 4116 ἀφορμῇ
3571 4035 3785 4111 προδε-

2103 4129 2304 4206 δομένῃ
2337 4134 2646 4209 σοφώτερος
2676 4132 2906 4206 γίνεται,
2933 4133 2961 4185 6
2995 4130 3051 4185 δὲ
3084 4133 3254 4202 μήπω
3304 4128 3488 4201 μαθὼν
3538 4126 3780 4202 ἐνάρχε-

2100 4240 2189 4274 ται
2217 4217 2306 4273 καί
2338 4218 2642 4274 τελειοῦται
2673 4220 2740 4273 τὰ
2773 4218 2848 4280 εἷς
2881 4219 3025 4283 θείαν
3071 4217 3378 4292 ἐπίγνωσιν.
3411 4211 3624 4272 Οὔκουν
3659 4235 3787 4268 τοι-

2102 4309 2237 4362 αῦτά
2283 4328 2406 4362 τινα
2458 4307 2525 4361 τὰ
2580 4304 2876 4380 λαλήματα
2925 4309 3021 4362 τοῦ
3061 4307 3397 4382 καθηγητοῦ,
3431 4301 3579 4358 ἀλλὰ
3612 4300 3785 4377 λόγοι

2103 4390 2752 4470 παντοῖοιτυρϐαστικοί,
2783 4395 3109 4471 Ἀρξόμενος
3163 4394 3256 4467 μὲν
3311 4391 3418 4447 ἀπὸ
3479 4389 3785 4464 ἀμπέλων,

2102 4485 2194 4539 καὶ
2252 4482 2452 4554 λη’ίων,
2510 4483 2600 4539 καὶ
2656 4483 2978 4561 εἷσπράξεων
3041 4485 3447 4561 φορολογικῶν,
3505 4480 3600 4535 καὶ
3660 4479 3787 4535 ἒ,τέ-

2107 4593 2214 4648 ρων
2268 4572 2531 4628 τοιούτων
2591 4571 2934 4649 ἁδρομερῶν,
2983 4571 3073 4627 ὅτε
3137 4571 3212 4645 μὴ
3273 4569 3645 4645 ἐνευγαιροῦσι
3679 4569 3756 4624 λο

337 4674 456 4712 non
487 4662 670 4729 agunt
701 4657 947 4714 feliciter
978 4657 1262 4724 seniores,
1299 4662 1355 4712 et
1387 4657 1668 4714 decidunt
1699 4659 1756 4713 in
1790 4661 1991 4730 olivas,

2103 4662 2427 4738 γοπραγίαις
2483 4667 2864 4737 προσωπικαῖς
2919 4663 2971 4716 οἳ
3024 4662 3295 4737 γέροντες,
3357 4655 3781 4731 καταλήγοντες

339 4751 398 4802 et
427 4746 596 4812 ﬁcus,
631 4751 687 4801 et
713 4747 936 4802 fructus
955 4747 1214 4816 reliquos
1241 4771 1254 4812 ;
1279 4745 1664 4802 ratiocinatur
1685 4765 1812 4819 quae
1835 4751 2000 4810 vinea

338 4835 557 4891 bonum
590 4835 794 4891 vinum
824 4836 1029 4890 afferat
1059 4852 1071 4902 ;
1106 4851 1378 4906 quasnam
1404 4841 1560 4890 terra
1586 4837 1794 4892 melior
1819 4840 1897 4894 sit
1926 4842 1998 4896 ad

342 4924 514 4995 plura
571 4925 988 4995 producenda;
1049 4924 1346 4979 undenam
1408 4925 1693 4995 majorem
1742 4929 1998 4987 reditum

341 5015 554 5068 fratres
610 5013 881 5084 capiant;
942 5013 1076 5083 quis
1136 5012 1317 5067 idiota
1364 5012 1519 5067 inter
1575 5014 1880 5074 ministros
1925 5020 1998 5076 ad

344 5101 758 5173 abripiendum
790 5101 869 5157 sit
920 5101 1188 5167 idoneus,
1217 5105 1275 5156 et
1330 5101 1471 5172 quid
1518 5103 1821 5160 monachis
1852 5124 1998 5177 prae-

342 5190 620 5246 euntibus
653 5206 896 5245 manum
923 5190 1196 5257 claudat;
1231 5189 1492 5260 seipsum
1520 5190 1677 5247 enim
1701 5193 2000 5251 evidenter

339 5279 595 5336 inserere
626 5279 882 5334 sermoni
919 5283 1170 5334 veretur.
1205 5278 1286 5334 De
1333 5277 1484 5334 oliva
1515 5279 1686 5336 docet
1734 5299 1850 5337 non
1885 5284 1995 5338 hu-

340 5385 566 5424 morem
597 5368 669 5423 ab
699 5384 763 5423 ea
793 5383 1135 5436 expressum
1168 5367 1240 5422 ad
1271 5367 1610 5423 unctionem
1653 5369 1905 5440 regalem
1940 5376 1998 5428 et

337 5455 772 5513 illuminantem
807 5456 1178 5525 consecrari;
1229 5471 1365 5522 non,
1415 5457 1813 5526 praetermissa
1859 5478 1996 5517 san-

339 5545 559 5613 ctitate,
591 5545 906 5603 sanitatem
939 5544 1330 5617 multiplicem
1371 5544 1677 5602 utentibus
1715 5549 1992 5621 praebere,

410 5729 456 5766 ³ο
487 5728 672 5785 Eccle.
698 5745 776 5798 xv,
811 5734 898 5802 1ο.

2111 4749 2168 4806 δὲ
2200 4749 2277 4812 εἷς
2309 4749 2492 4806 ἐλαίαν
2524 4753 2611 4806 καὶ
2645 4748 2846 4826 ἰσχάδα
2875 4750 2964 4806 καὶ
2991 4751 3193 4819 λοιπὴν
3217 4744 3790 4824 ὀπώραν,φιλοσοφεῖ

2106 4845 2257 4916 γοῦν,
2291 4840 2422 4895 ποία
2481 4838 2579 4914 μὶδ
2641 4839 2890 4913 ἄμπελος
2946 4839 3091 4895 οἶνον
3144 4839 3343 4915 ἀγαθὸν
3394 4835 3610 4891 δίδωσι’
3645 4837 3789 4892 ποία

2110 4927 2166 4985 δὲ
2214 4937 2285 5005 γῆ
2340 4929 2584 5003 ἐνάρετός
2634 4929 2774 4984 ἐστιν
2826 4929 2903 4992 εἷς
2934 4927 3358 4985 πολλαπλάσιον
3386 4922 3782 5002 καρποδοτεῖν·

2107 5019 2267 5074 πόθεν
2303 5015 2360 5072 δὲ
2388 5024 2506 5081 τοῖς
2564 5016 2821 5096 ἀδελφοῖς
2847 5022 2881 5088 ἡ
2914 5017 3120 5074 πλείων
3183 5014 3512 5094 φορολογία·
3547 5014 3644 5069 καὶ
3699 5014 3784 5076 τίς

2111 5110 2206 5181 μὲν
2233 5112 2338 5162 τῶν
2373 5105 2708 5178 διακονητῶν
2734 5107 2941 5170 ἁπλοῦς
2969 5109 3070 5176 τὴν
3104 5105 3275 5182 δράκα
3313 5105 3548 5182 πέφυκεν
3610 5106 3770 5170 εἶναι,

2105 5197 2156 5250 τί
2187 5193 2245 5251 δὲ
2271 5202 2388 5259 τοῖς
2415 5197 2733 5273 προκρίτοις
2759 5201 2868 5251 τῶν
2907 5200 3165 5271 μοναχῶν
3191 5195 3400 5273 σφίγγει
3431 5195 3533 5262 τὴν
3586 5199 3761 5268 χεξοασ

2108 5286 2294 5340 ἐαυτὸν
2353 5286 2456 5361 γὰρ
2515 5284 2762 5354 ἀηδεῖται
2815 5283 3116 5362 διαρρήδην
3162 5280 3628 5360 παρεισκυκλῆσαι
3681 5281 3764 5351 τῷ

2107 5373 2281 5450 λόγῳ.
2346 5373 2590 5431 Διδάσκει
2643 5373 2700 5431 δέ
2748 5375 2838 5430 καὶ
2921 5374 3046 5450 περὶ
3123 5373 3309 5435 ἐλαίας
3396 5373 3491 5445 μὶν
3578 5369 3776 5446 τυχὸν,

2105 5464 2210 5540 οὐχ
2240 5466 2323 5519 ὅτι
2353 5465 2414 5520 τὸ
2446 5465 2613 5534 αὐτῆς
2643 5459 3074 5538 ἀπολειϐόμενον
3131 5463 3291 5540 ὑγρὸν
3353 5458 3630 5538 βασιλικῷ
3682 5458 3782 5514 καὶ

2105 5559 2417 5628 φωτιστικῷ
2464 5555 2735 5630 θειότερον
2805 5554 3101 5633 ἀφιέρωται
3158 5550 3447 5630 χρίσματι,
3509 5546 3629 5605 οὐδ’
3691 5548 3787 5604 ὅτι
