4060 6402
303 438 412 498 881

1320 432 1423 490 DE
1465 429 1963 492 EMENDANDA
2003 428 2188 492 VITA
2235 431 2718 496 MONAGHICA.

3601 436 3719 498 882

299 565 436 642 πρὸς
465 567 546 637 τῷ
575 561 814 637 ἀγιάζειν
863 560 955 614 καὶ
1009 557 1206 636 ὑγίειαν
1259 556 1525 630 πολυειδῆ
1577 563 1811 637 χορηγεῖ
1837 563 1958 622 τοῖς

2084 581 2186 619 non
2213 580 2338 619 eam
2372 563 2558 620 solam
2575 563 2766 621 oleum
2787 567 2914 622 sine
2933 566 3185 624 mixtura
3205 572 3262 624 et
3280 569 3408 624 sine
3435 568 3723 641 composi-

301 655 629 731 χρῄζουσιν,
691 647 806 706 οὐδ’
879 651 961 704 ὅτι
1036 649 1172 718 αὖτή
1253 648 1392 722 μόνη
1462 651 1523 704 τὸ
1583 647 1961 713 ἀσυνδυάστως

301 745 391 800 καὶ
453 740 758 805 ἀσυνθέτως
813 737 998 794 ἔλαιον
1047 733 1332 802 άποθλίὸει
1387 735 1552 812 (ἄλλο
1595 739 1694 813 γὰρ
1736 760 1789 793 τι
1821 735 1958 792 ἅπαν

305 830 493 888 ἔλαιον
581 830 871 907 προσθήκῃ
945 825 1052 882 τινὶ
1117 824 1462 896 συνδυάζεται
1498 848 1510 861 ο
1589 825 1958 904 ἀμυγδάλινον

302 923 406 1001 γάρ
439 945 488 978 τι
521 917 737 991 ἔλαιον,
785 919 877 974 καὶ
921 917 1176 995 καρύϊνόν
1231 939 1432 994 φαμεν,
1459 919 1555 974 xii
1587 917 1912 992 σησάμινον)
1945 937 1958 952 ο

307 1013 368 1070 οὗ
431 1015 537 1088 μὴν
607 1009 659 1066 ἐν
723 1005 994 1079 ἁπλότητι
1063 1002 1270 1081 ἔλαιον,
1349 1005 1476 1062 ἀλλ’
1549 1006 1630 1062 ὅτι
1690 1006 1820 1061 αὐτὸ
1872 1005 1962 1060 καὶ

311 1101 478 1176 μόνον
509 1097 614 1170 ἡδὺ
660 1097 932 1171 λίπασμα,
987 1095 1077 1151 καὶ
1127 1097 1408 1164 πιότατον,
1441 1096 1530 1150 καὶ
1573 1095 1685 1150 οἷον
1720 1095 1961 1171 χρηστὸν

308 1193 438 1246 εἶναι
469 1189 760 1266 τραπέζαις
797 1191 1147 1262 μοναχικαῖς.
1182 1185 1310 1259 Περὶ
1343 1183 1401 1239 δὲ
1433 1182 1659 1261 ἰσχάδος
1709 1183 1965 1260 ἷσχνολο-

304 1286 412 1355 γεῖ,
449 1279 558 1354 οὐχ
602 1279 685 1332 ὅτι
735 1275 960 1353 χλωρόν
1009 1295 1070 1330 τε
1114 1274 1170 1330 ’ὃν
1222 1275 1284 1329 τὸ
1330 1278 1490 1329 σῦκον
1545 1272 1766 1348 μέλιτός
1822 1271 1996 1328 ἐστιν-

307 1367 674 1444 ὑποκόρισμα,
752 1366 842 1420 καὶ
919 1364 1177 1440 ξηρανθὶν
1257 1360 1314 1417 δὲ
1388 1362 1486 1417 οὐκ
1542 1363 1808 1433 ἐξίσταται
1866 1363 1964 1431 τῆς

301 1456 651 1534 γλυκύτητος
686 1474 698 1486 ·
753 1452 838 1510 διὸ
883 1453 974 1508 καὶ
1033 1477 1058 1509 υ
1087 1451 1356 1529 γλυκερὰν
1389 1473 1416 1504 υ
1461 1453 1558 1522 τὴν
1592 1458 1758 1522 συκῆν
1792 1452 1843 1506 oi
1876 1472 1966 1506 σο-

307 1547 399 1626 φοὶ
430 1549 547 1602 κατ’
578 1544 844 1620 ἐξαίρετόν
881 1542 932 1597 τί
983 1563 1138 1618 φασιν
1177 1561 1189 1573 ·
1243 1538 1371 1596 οὐδὶ
1420 1539 1503 1595 ὅτι
1549 1539 1639 1596 καὶ
1677 1545 1794 1603 τοῖς
1829 1538 1969 1615 φύλ-

307 1635 428 1699 λοις
481 1631 642 1690 τοῦδε
686 1631 785 1689 τοῦ
832 1629 1056 1707 δὲνδρου
1116 1632 1346 1707 χάριτας
1395 1629 1640 1704 ὄφλομεν
1703 1627 1793 1684 διὰ
1845 1627 1972 1692 τοὺς

307 1727 602 1804 γενάρχας,
637 1722 730 1786 οὓς
785 1722 923 1777 αὐτὰ
970 1721 1270 1776 ἐσκέπασαν
1302 1740 1315 1754 ’
1369 1717 1484 1774 οὔδ’
1515 1717 1656 1775 amo
1689 1741 1742 1775 τι
1776 1717 1971 1792 σεμνὸν

306 1815 398 1872 καὶ
450 1813 730 1889 ἐπαγωγὸν
783 1812 919 1887 πρὸς
973 1811 1138 1887 χάριν
1174 1831 1186 1844 ο
1239 1808 1329 1864 καὶ
1381 1809 1492 1882 μὴν
1544 1807 1658 1864 οὐδ’
1710 1807 1793 1864 ὅτι
1823 1809 1974 1886 φθεῖ-

309 1925 406 1981 ρας
466 1904 765 1976 ἀπογεννᾷν
829 1896 945 1955 οίδι
999 1899 1061 1954 τὸ
1119 1897 1281 1973 ξηρὸν
1342 1901 1502 1952 σῦκον
1562 1901 1631 1971 τῇ
1695 1893 1785 1951 διὰ
1847 1894 1972 1971 βίου

311 1994 689 2067 παραχρήσει,
723 1991 751 2046 ’ὀ
783 1986 850 2059 δὴ
901 1989 1039 2062 πρὸς
1091 1985 1328 2063 ἱστορίαν
1364 1984 1558 2062 λεχθὲν
1589 1984 1962 2059 πολυμάθειαν

317 2084 571 2160 ἐνέφηνεν
623 2083 682 2138 ἂν
733 2085 830 2137 τοῦ
876 2083 1193 2156 καθηγητοῦ
1227 2097 1240 2110 ⁸
1276 2077 1401 2134 ἀλλ’
1453 2077 1534 2133 ὅτι
1582 2079 1718 2154 πρὸς
1762 2075 1968 2147 ἡδονῆς

319 2175 586 2253 ἐμφαγεῖν
624 2173 812 2241 σύκου,
847 2169 1027 2241 ὥσπερ
1076 2168 1326 2244 χλωροῦ,
1377 2163 1521 2222 οὕτω
1558 2165 1646 2222 καὶ
1681 2167 1971 2242 ἀπισχναν·

323 2251 507 2326 θέντος
540 2286 553 2295 ν
610 2261 703 2316 καὶ
759 2259 843 2315 ὅτι
899 2258 1069 2314 καλόν
1129 2257 1238 2311 ἐστι
1299 2255 1389 2312 καὶ
1455 2255 1586 2311 αὐτὸ
1645 2255 1721 2318 εἷς
1777 2251 1970 2329 κερδα-

325 2349 454 2407 λέαν
499 2359 690 2422 κτῆσιν
721 2369 733 2381 ·
784 2350 875 2405 καὶ
925 2349 998 2411 ὡς
1049 2347 1250 2423 ἀγαθόν
1303 2367 1356 2401 τι
1411 2345 1618 2424 πέφηνε
1664 2345 1755 2400 καὶ
1796 2347 1832 2414 ἠ
1874 2365 1972 2398 συ-

321 2440 578 2516 κομαγὶς,
627 2441 680 2495 ἐν
728 2441 784 2511 ᾗ,
838 2435 1065 2494 πολλῶν
1117 2437 1259 2509 ὁμου
1316 2433 1806 2511 συμπεφυρμένων,
1876 2433 1975 2488 οὐκ

324 2527 437 2587 ἔστι
493 2533 556 2586 τὸ
616 2532 710 2605 μὲν
763 2529 1100 2604 ἐκλέγεσθαι,
1153 2528 1216 2583 τὸ
1287 2525 1332 2582 δ’
1403 2526 1790 2604 ἀπεκλέγεσϐαι
1851 2522 1975 2580 ἀλλ’

325 2621 468 2695 ὁμοῦ
524 2622 696 2675 πάντα
743 2617 1173 2693 συμμεμιγμένα
1211 2617 1627 2680 καταθοινᾶσθαι
1678 2614 1754 2678 εἰς
1786 2610 1977 2688 κέρδος

320 2714 402 2782 τῷ
456 2709 806 2782 κτησαμένῳ.
864 2708 985 2765 Ἓτι
1059 2702 1430 2780 παραδίδωσιν
1515 2704 1543 2758 ὁ
1620 2704 1979 2776 προκαθήμε-

324 2819 416 2861 νος
471 2803 592 2862 τοῖς
661 2796 959 2871 ὁμιληταῖς
1021 2796 1114 2850 καὶ
1189 2794 1264 2857 ὡς
1342 2792 1566 2872 φυλάξει
1621 2814 1706 2855 τις
1762 2792 1975 2859 ἀπίους,

330 2887 366 2959 ἤ
424 2889 606 2963 μίλιτι
664 2883 984 2963 ἐμϐυθίσας,
1038 2883 1075 2956 ἤ
1135 2886 1394 2949 λακκίσας
1439 2883 1650 2940 εὔθετον
1703 2891 1828 2959 γῆν,
1887 2883 1978 2938 καὶ

335 2980 690 3054 ἁπαιωρήσας
744 2977 958 3048 αὐτοὺς,
1009 2974 1209 3051 λέγων,
1261 2976 1334 3036 ὡς
1365 2975 1669 3051 μετεώρους
1701 2974 1856 3046 εἶναι,
1887 2971 1979 3028 καὶ

332 3073 469 3145 χοῦν
515 3067 886 3148 ἐπιφρορήσας
946 3066 1033 3123 ἐπὶ
1090 3072 1408 3141 παραμονῆ.
1470 3063 1732 3138 Σεμνύνει
1781 3061 1839 3119 δὲ
1889 3063 1980 3118 καὶ

327 3157 457 3220 τοὺς
505 3158 724 3235 ἀγρίους
767 3155 982 3225 ἀπίους,
1028 3157 1101 3218 ὡς
1149 3155 1432 3232 γνώμονας
1476 3154 1697 3230 ἀγαθοῦ,
1747 3157 1978 3214 Λατῖνος

329 3246 390 3303 ἂν
447 3247 596 3321 αὐτῷ
648 3247 808 3322 ἀνὴρ,
863 3245 1120 3320 μούστου.
1200 3241 1660 3311 Ἐπιπολάζοντες
1723 3241 1816 3316 μὲν
1874 3241 1978 3316 γὰρ

331 3335 382 3392 ἐν
435 3301 604 3408 αὐτῷ,
661 3301 873 3411 ἀμιγὲςι
919 3332 1072 3389 ὕδατι
1129 3333 1192 3388 τὸ
1242 3334 1471 3410 γλεῦκος
1522 3332 1653 3386 εἶναι
1704 3328 1978 3402 δηλοῦσι·
2012 3301 2058 3370 G

337 3427 679 3505 βυθισθὲντες
739 3423 796 3480 δὶ
864 3427 1230 3501 κατηγοροῦσι
1309 3421 1662 3494 καπήλευμα,
1725 3418 1853 3484 Εἴθε
1929 3417 1987 3474 δὲ

332 3519 399 3589 ἦν
429 3522 509 3589 τῷ
539 3517 754 3593 γέροντι
801 3512 1001 3586 τούτῳ,
1052 3514 1152 3582 τήν
1198 3532 1256 3567 τε
1319 3510 1492 3566 αἰτίαν
1547 3507 1840 3565 συνειδέναι
1888 3511 1986 3562 τοῦ

336 3604 684 3682 πράγματος,
738 3601 827 3657 καὶ
894 3600 1434 3674 προσεπινοήσασθαι
1505 3597 1814 3670 ὁμοιότητά
1866 3617 1988 3650 τινα

336 3693 559 3758 ἐνταῦθα
604 3692 743 3768 πρὸς
800 3692 892 3746 τὸν
945 3685 1343 3764 περιᾳδόμενον
1392 3689 1606 3757 Ῥῆνον,
1654 3687 1746 3742 τὸν
1796 3683 1987 3740 Κελτι-

338 3785 434 3840 κὸν
462 3781 732 3856 ποταμόν.
763 3782 942 3838 Νόθον
991 3780 1094 3855 γάρ
1142 3799 1193 3832 τι
1242 3779 1512 3842 κάνταῦθα
1561 3775 1990 3853 διακρίνεταιτῷ

338 3870 709 3944 ἐπιπολασμῷ
755 3869 846 3925 καὶ
895 3873 973 3940 τῷ
1031 3867 1304 3944 βυθισμῷ,
1359 3865 1408 3921 εἴ
1435 3867 1522 3921 καὶ
1555 3866 1758 3941 τρόπον
1790 3863 1984 3921 ἄλλον.

340 3965 489 4020 Ἐκεῖ
540 3961 632 4035 μὲν
689 3961 792 4035 γὰρ
855 3959 1002 4034 ὁγρῷ
1075 3955 1444 4033 διακρίνονται
1513 3955 1578 4010 τὰ
1635 3957 1834 4030 γνήσια
1894 3955 1987 4027 μὶν

336 4055 448 4107 τῶν
500 4050 740 4124 βρεφῶν,
796 4042 1195 4114 ἐπιπολάζοντα
1227 4063 1240 4076 ο
1305 4042 1634 4120 βυθιζόμενα
1697 4041 1774 4111 δὲ,
1821 4041 1889 4096 τὰ
1913 4042 1990 4113 μὴ

341 4142 448 4198 ἀπὸ
475 4143 680 4219 γάμου,
733 4140 994 4201 Ἐνταῦθα
1043 4133 1100 4192 δὲ
1139 4135 1301 4211 ὑγρὸν
1350 4136 1568 4210 γνήσιον
1625 4134 1716 4189 καὶ
1771 4134 1846 4208 μὴ
1876 4153 1991 4187 τοι·

2070 652 2228 708 tione
2249 653 2573 726 exprimere
2590 656 3007 728 (quodcunque
3024 658 3177 711 enim
3203 657 3362 713 aliud
3377 657 3570 714 oleum
3586 674 3718 713 cum

2074 740 2270 813 aliquo
2294 745 2980 818 additamentojungitur
3003 747 3225 803 :oleum
3245 748 3497 803 dicimus
3514 764 3718 820 amyg-

2073 831 2332 901 daleum,
2392 850 2664 902 nuceum,
2721 841 2778 891 et
2847 837 3234 907 sesaminum,
3322 854 3438 893 non
3521 842 3719 893 autem

2075 921 2425 992 simpliciter
2449 923 2669 992 oleum)
2699 942 2713 992 ;
2747 941 2888 980 sane
2918 925 3227 982 veroistud
3260 924 3453 982 solum
3486 927 3720 998 adipem

2073 1011 2213 1066 dare
2264 1013 2614 1082 jucundam,
2666 1018 2722 1069 et
2777 1013 3027 1084 lautum,
3087 1019 3146 1072 et
3200 1015 3446 1088 dignum
3501 1014 3722 1072 mensis

2073 1100 2436 1156 monachicis
2468 1103 2704 1174 apponi.
2753 1109 2828 1159 De
2863 1105 2974 1161 ﬁcu
3011 1105 3197 1161 multa
3225 1107 3402 1162 etiam
3434 1105 3674 1162 disserit
3704 1121 3718 1160 :

2074 1207 2192 1246 non
2225 1189 2468 1244 viridem
2505 1193 2675 1247 ficum
2701 1192 2922 1264 aliquid
2956 1194 3230 1251 melleum
3260 1211 3410 1263 esse,
3442 1195 3724 1251 siccatam

2075 1279 2386 1335 dulcedine
2413 1298 2527 1336 non
2563 1282 2796 1351 privari,
2829 1288 2886 1338 et
2932 1283 3062 1339 ideo
3119 1284 3352 1340 dulcem
3393 1285 3569 1339 ﬁcum
3616 1299 3722 1355 pro

2075 1385 2138 1425 re
2168 1369 2347 1425 electa
2380 1370 2513 1440 poni
2549 1372 2997 1443 asapientibus;
3033 1391 3224 1446 neque
3253 1374 3409 1430 foliis
3439 1373 3620 1445 hujus
3642 1389 3728 1428 ar-

2075 1458 2235 1514 boris
2265 1459 2487 1531 gratias
2538 1477 2643 1516 nos
2694 1461 2926 1532 debere,
2985 1479 3052 1519 eo
3083 1464 3242 1535 quod
3283 1467 3726 1536 protoparentes

2077 1547 2356 1615 texerint;
2416 1565 2606 1620 neque
2646 1551 2860 1605 mirum
2921 1551 3077 1607 aliud
3142 1559 3320 1624 atque
3377 1554 3450 1610 ad
3507 1552 3726 1623 gratias

2081 1637 2340 1707 agendas
2355 1638 2652 1693 adducens
2676 1655 2896 1712 ;neque
2923 1641 3094 1696 etiam
3117 1657 3400 1713 grossose
3419 1641 3722 1706 ﬁcusicoa,

2080 1740 2150 1780 ex
2177 1727 2294 1780 vita
2323 1725 2507 1781 nimia
2547 1728 2788 1798 produci
2845 1730 3000 1800 quod
3059 1728 3116 1784 in
3177 1730 3416 1785 modum
3471 1728 3727 1784 historias

2083 1828 2388 1870 narratum
2435 1817 2683 1872 multam
2744 1817 2969 1888 praelati
3016 1817 3322 1874 scientiam
3381 1817 3730 1874 manifesta-

2083 1904 2296 1971 visset;
2330 1905 2430 1960 sed
2466 1905 2655 1978 magis
2685 1907 2908 1964 omissa
2935 1907 3231 1980 voluptate
3252 1909 3310 1963 in
3337 1907 3581 1964 edendis
3603 1906 3729 1962 ficis

2077 1997 2201 2049 tam
2236 1994 2518 2051 viridibus
2549 2012 2725 2066 quam
2762 1997 3089 2069 exsiccatis,
3145 1997 3390 2070 insuper
3437 1998 3589 2053 hanc
3629 2013 3728 2052 ac—

2078 2082 2455 2154 quisitionem
2489 2088 2884 2155 quaestuosam
2915 2103 3064 2156 esse,
3107 2086 3300 2142 afferri
3355 2085 3665 2142 utilitatem
3695 2103 3727 2144 ο

2077 2170 2347 2243 placenta
2371 2189 2402 2228 e
2432 2171 2561 2228 ﬁcis
2595 2174 2962 2246 ,composita,
3012 2177 3070 2230 in
3129 2193 3247 2248 qua
3303 2176 3506 2232 multis
3545 2175 3726 2232 simul

2079 2262 2281 2317 mixtis
2311 2262 2467 2318 istud
2498 2261 2710 2334 eligere
2768 2269 2825 2320 et
2880 2265 2990 2321 hoc
3043 2282 3317 2337 respuere
3365 2267 3729 2338 impossibile

2083 2358 2192 2418 est,
2225 2353 2326 2409 sed
2379 2352 2578 2408 omnia
2633 2353 2832 2419 simul,
2880 2371 3014 2410 cum
3070 2354 3233 2411 lucro
3283 2355 3507 2412 domini
3555 2357 3729 2412 devo-

2085 2446 2310 2496 rantur.
2341 2441 2542 2497 Socios
2573 2441 2851 2513 prmlatus
2880 2443 3044 2500 docet
3074 2443 3318 2515 insuper
3348 2461 3466 2516 qua
3504 2445 3731 2500 ratione

2084 2531 2213 2601 pira
2259 2530 2688 2595 custodiantur,
2747 2530 2833 2586 vel
2895 2531 3066 2588 melle
3119 2531 3392 2601 intincta,
3449 2531 3537 2588 vel
3598 2549 3736 2589 sus-

2087 2636 2270 2691 pensa
2295 2619 2352 2674 in
2383 2624 2539 2675 terra
2561 2620 2770 2676 idonea
2799 2625 2856 2676 et
2883 2620 3116 2688 effossa,
3167 2622 3340 2693 quasi
3384 2621 3647 2689 meliora,
3681 2624 3740 2678 et

2087 2725 2264 2764 arena
2292 2713 2566 2779 cooperta
2597 2713 2662 2764 ut
2690 2714 3014 2764 serventur.
3071 2711 3297 2766 Laudat
3323 2716 3381 2765 et
3408 2711 3537 2782 pira
3567 2726 3739 2782 agre-

2089 2798 2204 2854 stia
2232 2815 2298 2854 eo
2329 2799 2485 2869 quod
2519 2799 2734 2854 bonum
2769 2802 3053 2862 mustum,
3086 2800 3242 2855 dicet
3271 2799 3488 2870 aliquis
3516 2800 3734 2867 Latine,

2088 2888 2520 2944 indicent.Cum
2545 2888 2702 2943 enim
2733 2893 3142 2958 supernatant,
3161 2905 3315 2960 aqua
3345 2905 3462 2944 non
3485 2890 3736 2944 mixtum

2087 2977 2290 3032 vinum
2343 2977 2745 3042 manifestaut,
2775 2993 2911 3032 cum
2958 2977 3416 3050 immerguntur,
3473 2979 3736 3034 fraudem

2090 3063 2470 3135 patefaciunt.
2522 3065 2592 3119 Et
2647 3062 2878 3120 utinam
2936 3080 3174 3120 causam
3218 3066 3398 3137 hujus
3429 3065 3512 3121 rei
3541 3067 3740 3122 senior

2090 3151 2402 3224 intelligat,
2437 3157 2612 3224 atque
2640 3151 2721 3206 ibi
2754 3153 3069 3224 quamdam
3104 3169 3240 3209 cum
3262 3153 3501 3211 laudato
3534 3153 3738 3212 Rheno

2095 3241 2389 3296 Celtarum
2461 3241 2705 3296 ﬂumine
2758 3241 3212 3299 similitudinem
3286 3245 3571 3300 attendat.
3653 3243 3740 3299 Ibi

2094 3331 2251 3387 enim
2273 3331 2692 3387 discernuntur
2749 3332 2952 3399 notha,
3010 3349 3139 3404 qua:
3197 3337 3587 3406 supernatant
3641 3336 3744 3388 aut

2093 3420 2552 3493 immerguntur,
2583 3422 2684 3476 sed
2718 3423 2891 3478 modo
2924 3421 3173 3477 diverso.
3203 3422 3327 3478 lllic
3383 3422 3541 3478 enim
3587 3439 3743 3494 aqua

2096 3513 2516 3567 discernuntur
2570 3521 2772 3583 partus
2831 3511 3079 3585 legitimi
3148 3529 3283 3568 cum
3364 3514 3744 3585 superferun-

2095 3605 2213 3670 tur,
2261 3605 2320 3655 et
2363 3601 2550 3665 nothi,
2585 3601 2819 3672 quando
2875 3602 3330 3675 immerguntur.
3386 3602 3488 3658 Hic
3547 3606 3742 3658 autem

2097 3689 2426 3762 legitimum
2462 3694 2564 3745 aut
2602 3689 2891 3746 dissimile
2941 3689 3084 3762 piris
3140 3691 3436 3748 immersis
3484 3696 3588 3749 aut
3641 3708 3746 3747 na-

2097 3781 2361 3835 tantibus
2401 3797 2554 3851 aqua
2607 3779 2849 3836 indicat.
2907 3779 3194 3852 Explanat
3245 3783 3423 3837 etiam
3482 3781 3749 3838 eruditus

2099 3869 2377 3940 praelatus
2429 3885 2542 3940 quo
2591 3869 2717 3924 loco
2774 3874 3098 3941 temperato
3157 3870 3276 3925 sint
3330 3869 3749 3943 suspendenda

2101 3975 2277 4030 poma
2333 3957 2449 4013 alia
2491 3961 2546 4013 et
2625 3958 2893 4030 cydonia,
2955 3963 3022 4014 ut
3094 3963 3419 4025 serventur,
3481 3960 3541 4014 in
3600 3975 3746 4031 quo-

2103 4065 2236 4102 nam
2273 4064 2402 4102 aere
2430 4051 2677 4120 grauata
2707 4047 2827 4102 sint
2866 4046 3156 4116 libranda,
3207 4053 3272 4103 ut
3319 4049 3749 4118 custodiantur,

2104 4153 2218 4208 qua
2241 4136 2419 4191 etiam
2460 4135 2687 4192 ratione
2733 4153 2801 4192 ea
2853 4137 3137 4193 duratura
3185 4136 3354 4208 palea
3427 4145 3747 4194 conservet.

343 4241 498 4291 οῦτον
551 4238 622 4308 τῇ
686 4238 795 4287 τῶν
875 4228 1049 4286 ἀπίων
1121 4227 1410 4284 καταδύσει
1486 4227 1577 4282 καὶ
1633 4232 1713 4300 τῷ
1769 4225 1975 4299 ἀνάπλιι

2101 4224 2173 4278 Et
2205 4241 2339 4278 mox
2377 4225 2648 4280 ardenter
2696 4223 3082 4303 ratiocinatur
3130 4233 3398 4280 naturam
3449 4226 3630 4295 palam
3679 4226 3752 4280 ad

341 4322 770 4398 καταμηνόεται.
833 4327 956 4378 ’Έτι
1032 4315 1309 4393 μεθοδεόει
1379 4317 1406 4372 ὁ
1465 4315 1607 4372 οὕτω
1665 4314 1975 4389 πολυμαθὴ

2104 4311 2381 4368 universa
2401 4313 2691 4368 servanda
2704 4318 2898 4385 aptam
2919 4327 3079 4382 esse;
3110 4313 3284 4368 calidi
3301 4314 3459 4369 enim
3489 4314 3752 4386 corporis

339 4411 754 4488 καθηγούμενος
811 4409 901 4466 καὶ
961 4407 1088 4465 ὅποι
1141 4406 1314 4464 τόπου
1363 4404 1626 4479 εὐκράτου
1687 4403 1840 4479 μῆλα
1901 4424 1975 4476 μει

2104 4401 2164 4456 in
2197 4418 2264 4457 ea
2293 4399 2539 4457 involuti
2572 4406 2790 4457 statum
2821 4405 3004 4471 tenet,
3037 4407 3092 4459 ot
3124 4401 3402 4475 frigidum
3433 4402 3756 4477 aliquid,ut

337 4502 688 4578 τεωριστέον,
751 4499 969 4576 ἐτεροῖά
1023 4518 1082 4553 τε
1147 4495 1238 4552 καὶ
1293 4491 1555 4564 κυδώνια,
1613 4493 1689 4556 εἷς
1744 4493 1975 4567 παράμοη

2107 4489 2226 4558 nix,
2298 4490 2356 4544 in
2415 4494 2628 4546 natura
2675 4490 2912 4563 propria
2969 4491 3190 4548 firmari
3257 4493 3560 4564 permittit.
3631 4496 3758 4550 Mox

339 4613 465 4651 vov.
502 4595 606 4646 Ποῖ
655 4587 713 4644 δὲ
768 4588 926 4664 ἀέρος
974 4586 1114 4664 ῥοιαὶ
1147 4586 1529 4662 ζκρεμήσονται
1581 4581 1946 4663 φυλαξόμεναι

2105 4579 2284 4636 veluti
2342 4579 2402 4634 in
2462 4580 2941 4652 consequentiam
2989 4579 3318 4638 alteriorem
3370 4583 3758 4656 descendens,

342 4680 436 4736 καὶ
493 4680 565 4741 ὡς
623 4675 736 4733 οἶδε
807 4680 1088 4753 συντηρεῖν
1166 4672 1331 4736 αὐτὰς
1395 4671 1744 4748 παραμόνους
1788 4671 1879 4726 καὶ
1933 4670 1975 4724 τὲ

2105 4668 2454 4724 sententiam
2491 4669 2785 4741 propriam
2838 4667 2963 4741 ipse
2997 4669 3239 4736 invenit,
3273 4669 3500 4727 scilicet
3529 4670 3758 4744 paleam

345 4769 572 4847 ἄχυρον.
633 4767 840 4827 Αὐτίκα
897 4765 955 4822 δὲ
1012 4764 1479 4842 φιλοτιμούμενος
1537 4762 1973 4841 προσεπιφιλοσο

2106 4758 2346 4814 inventu
2400 4756 2633 4813 facilem
2682 4773 2834 4826 esse,
2910 4757 3330 4830 hominemque
3404 4759 3758 4819 initiationis

287 4873 300 4882 ’
347 4846 439 4938 φεῖ
476 4859 565 4916 καὶ
599 4860 675 4922 ὡς
726 4855 1060 4937 φυλαλτικόν
1111 4877 1163 4912 τι
1214 4858 1412 4930 χρῆμα
1459 4851 1511 4916 ἐς
1560 4855 1622 4908 τὸ
1664 4857 1766 4908 πᾶν
1816 4855 1851 4923 ἡ
1899 4855 1975 4907 τοῑ

2108 4865 2381 4920 capacem
2415 4847 2754 4918 faciliorem,
2787 4846 3097 4916 siquidem,
3149 4847 3249 4918 ait,
3310 4848 3478 4921 palea
3523 4851 3757 4923 deposi-

347 4936 567 5025 ἆχύρου
625 4936 806 5024 φύσις.
858 4949 1074 5021 Θερμοῦ
1129 4965 1187 4999 τε
1232 4943 1335 5020 γὰρ
1376 4941 1579 5013 ἐξανύει
1610 4942 1876 5018 κατοχὴν,
1907 4941 1975 5015 ἐμ

2110 4942 2237 4993 tum
2283 4937 2578 5008 integrum
2639 4936 2901 4992 studiose
2959 4944 3280 4992 conservat.
3353 4937 3433 4992 De
3489 4937 3758 5010 grauatis

348 5032 650 5108 ϐληθέντος
699 5034 778 5100 εἲς
827 5034 995 5090 αὐτό·
1047 5031 1137 5089 καὶ
1191 5031 1402 5108 ψυχρὸν
1456 5027 1512 5086 δὲ
1570 5029 1973 5106 ἐμπεπιστευμὲ

2111 5025 2444 5083 considerat
2492 5025 2706 5092 adhuc,
2767 5042 2881 5080 non
2941 5031 3146 5082 sancta
3192 5025 3292 5082 illa
3362 5025 3765 5097 malogranata

347 5147 467 5192 νον,
527 5124 591 5180 οῦ
653 5125 818 5200 μέρος
868 5124 957 5178 καὶ
1017 5125 1054 5194 ἡ
1103 5121 1267 5198 χιὼν,
1318 5119 1636 5194 ἐνακμάζειν
1698 5116 1885 5174 δίδωσι
1932 5123 1975 5173 τῆ

2114 5133 2239 5189 quae
2270 5116 2340 5171 ad
2391 5113 2690 5187 exemplar
2744 5131 2949 5170 eorum
3009 5114 3292 5170 fabricata
3349 5120 3526 5184 sunt;
3572 5132 3763 5188 neque

352 5213 530 5286 οἷ’κειᾳ
559 5212 736 5290 φύσει.
773 5209 944 5274 Εὐθὺς
979 5206 1035 5264 δὲ
1079 5209 1168 5264 καὶ
1219 5207 1293 5270 εἰς
1334 5207 1445 5262 οἷόν
1490 5229 1540 5262 τι
1590 5205 1836 5282 πόρισμα
1864 5205 1975 5283 γλα

2115 5206 2456 5276 Megabyzos
2489 5203 2600 5276 (19)
2625 5203 2947 5270 mirabiles,
2981 5220 3129 5275 quos
3161 5220 3261 5260 rex
3293 5204 3601 5260 Persarum
3649 5205 3767 5262 sibi

354 5305 668 5381 φυρώτερον
724 5297 1049 5375 ἐμϐαθόνας,
1121 5296 1420 5373 παροιμίαν
1500 5295 1787 5371 ἐξευρίσκει
1845 5297 1975 5351 αὐτὸ

2118 5293 2470 5351 circumdari
2530 5293 2767 5364 optabat
2817 5293 2994 5362 juxta
3080 5309 3393 5348 numerum
3467 5293 3768 5352 seminum

355 5388 527 5461 ἱδίαν,
559 5390 691 5446 αὐτὸ
747 5389 842 5462 μὲν
891 5387 953 5441 τὸ
999 5387 1204 5461 ἄχυρον
1253 5381 1633 5455 εὕυπόληπτον
1697 5381 1975 5458 ὀνομάζων

2120 5383 2256 5440 mali
2278 5381 2510 5456 granati
2541 5382 2692 5454 quod
2726 5382 2931 5438 eodem
2963 5385 3223 5454 tempore
3270 5399 3448 5438 manu
3498 5383 3719 5440 ferebat
3751 5409 3768 5456 ς

427 5568 540 5645 (19)
573 5569 923 5645 Megabyzus
971 5567 1090 5645 dux
1128 5568 1276 5645 erat.
1308 5563 1596 5645 exercitus
1653 5563 1807 5645 D_arii
1849 5565 2005 5645 regis
2115 5562 2440 5645 taban_,dux
2469 5561 2676 5630 alius,|
2694 5561 3301 5645 regequtere‘retquid
3333 5561 3506 5619 vellet
3532 5566 3766 5645 tantum

351 5632 710 5715 Persarum“;
743 5632 1120 5715 ipsemultos
1150 5637 1350 5715 hostes
1380 5636 1744 5715 profligavit,
1790 5632 2009 5715 multas
2120 5632 2407 5715 quantum
2423 5650 2616 5715 grana
2645 5632 2881 5706 granati'
2895 5632 3298 5715 multiplicari,
3323 5636 3625 5715 respondit
3655 5641 3770 5694 Da-

355 5706 706 5788 provincias:
743 5706 950 5788 patriis
980 5710 1202 5768 ﬁnibus
1218 5706 1440 5788 junxit.
1473 5706 1608 5788 Ideo
1632 5707 2010 5788 cum‘Darius
2119 5706 2245 5764 rius
2274 5710 2362 5764 tot
2388 5706 2731 5780 Megabyzos
2761 5721 2892 5764 esse
2918 5706 3032 5764 sibi
3054 5720 3187 5764 esse
3207 5708 3623 5780 exoptandum.

355 5783 618 5861 quadam
647 5783 998 5844 die'malum
1027 5785 1340 5858 granatum
1362 5797 1543 5841 manu
1570 5783 1880 5854 teneret,et
1907 5783 2014 5838 Ar-
