4060 6360
293 439 423 500 885

1318 435 1422 496 DE
1465 433 1960 497 EMENDANDA
2003 435 2194 500 νΙΤΑ
2236 436 2726 501 MONACHICA.

3614 435 3734 496 886

287 571 371 639 τῷ
430 564 588 640 λόγῳ
645 563 846 636 τούτῳ,
887 564 963 626 εἰς
1016 563 1086 619 τὰ
1143 563 1275 638 ὑπέρ
1336 563 1548 619 δαυτοῖν
1595 565 1670 627 ὡς
1705 563 1945 628 θανόντος

2075 568 2161 622 Ad
2194 568 2334 639 quid
2366 570 2746 640 proferuntur
2776 569 2919 624 ista?
2936 567 3022 623 Ad
3041 566 3536 623 manifestandam
3559 582 3731 622 suam

285 655 497 710 ἐκείνου
555 653 647 708 καὶ
712 652 1084 725 ἀποκαλύψεις
1138 650 1266 724 ἴδοι,
1324 653 1414 707 καὶ
1469 653 1714 726 θαύματα
1748 651 1794 708 δ’
1826 654 1962 710 ἐκεί-

286 766 381 800 νου
437 744 664 813 ποιήσοι
727 742 912 804 αὐτός’
977 740 1055 804 εἷς
1113 740 1166 796 τί
1219 742 1308 796 καὶ
1364 747 1532 797 ταῦτα
1576 741 1953 818 παραλαλῶν;

284 832 384 895 Εἰς
431 829 655 902 ἔνδειξιν
687 837 788 900 τῆς
836 831 952 886 κατ’
1001 829 1161 886 αὐτὸν
1197 837 1540 906 θεωρητικῆς
1566 852 1626 886 τε
1668 830 1759 885 καὶ
1815 851 1954 906 πρα-

286 927 504 991 κτικῆς,
561 921 612 988 6,
672 916 726 974 εἷ’
779 940 832 973 τι
889 919 1003 994 χρὴ
1063 917 1238 980 οὕτως
1301 918 1586 993 ὀνομάσαι,
1647 916 1954 992 οὐδέτερος,

289 1011 379 1066 οἶα
435 1011 524 1065 καὶ
583 1007 752 1084 λόγου
781 1008 980 1070 παντὸς
1009 1007 1098 1062 καὶ
1159 1006 1323 1084 ἔργου
1383 1005 1682 1064 σπουδαίου
1731 1009 1957 1082 ἀπείρα-

288 1119 406 1160 τος.
464 1099 595 1154 Εἶτα
650 1097 911 1175 προφέρει
967 1097 996 1151 6
1053 1096 1325 1170 πάντιμος
1373 1097 1465 1152 καὶ
1522 1094 1816 1172 προεδρίας
1862 1095 1954 1152 καὶ

2071 656 2346 712 virtutem
2380 659 2760 714 theoreticam
2783 674 2848 713 ac
2880 656 3227 728 practicam,
3252 655 3353 727 qui
3385 659 3594 710 neuter
3621 657 3731 722 est,

2071 745 2120 801 si
2156 746 2268 802 isto
2303 748 2543 803 nomine
2576 749 2861 804 utendum
2892 751 3001 815 est,
3035 749 3235 816 utpote
3275 743 3497 800 nullius
3548 743 3732 800 scien-

2067 835 2162 889 tias
2185 841 2242 890 et
2273 837 2466 907 operis
2488 854 2670 908 capax
2688 840 2796 892 est.
2835 835 3095 906 Denique
3118 833 3336 905 profert
3393 831 3492 888 ille
3545 831 3729 887 maxi-

2069 940 2163 978 me
2187 925 2567 980 honorandus
2585 927 2923 998 dignitates,
2959 928 3016 979 et
3037 923 3291 979 honores
3314 922 3386 978 ad
3419 938 3481 977 se
3511 939 3545 976 a
3576 920 3727 992 regi-

2065 1013 2201 1083 bus,
2236 1014 2590 1085 patriarchis
2619 1020 2676 1068 et
2705 1015 2959 1070 ducibus
2999 1011 3352 1081 cumulatos,
3416 1014 3481 1067 ut
3537 1011 3608 1066 de
3654 1008 3728 1065 iis

2064 1099 2341 1157 laudetur
2373 1108 2429 1158 et
2459 1104 2757 1159 timeatur.

298 1188 464 1260 τιμάς
521 1186 598 1251 εἷς
658 1187 844 1242 ἑαυτὸν
883 1185 1191 1262 βασιλικὰς,
1223 1187 1648 1262 πατριαρχικάς,
1678 1186 2032 1261 ἀρχοντικάς,
2091 1186 2478 1262 φιλενδεικτῶν
2509 1191 2621 1264 ἅμα
2651 1189 2704 1245 ἐν
2733 1189 2954 1252 τούτοις
2981 1189 3072 1244 καὶ
3105 1183 3374 1267 ἐκφοϐῶν.

361 1278 468 1353 ρπ“.
502 1278 630 1332 Ὅτε
661 1273 719 1331 δὶ
747 1281 915 1331 ταῦτα
946 1275 1057 1351 ἐρεῖ
1106 1275 1245 1351 πρὸς
1303 1271 1600 1351 ἁϐρότητα,
1645 1275 1734 1331 καὶ
1793 1275 1953 1348 νομί-

287 1386 365 1427 ςει
426 1363 663 1441 ἐφολκὸς
724 1365 858 1420 εἶναι
911 1369 991 1438 τῷ
1051 1365 1405 1440 ἀκροωμένῳ,
1463 1365 1550 1419 καὶ
1587 1363 1954 1441 ὑπαγαγέσθαι

283 1450 397 1524 ἤδη
464 1453 650 1522 αὐτὸν,
727 1453 970 1524 ἐτίθησιν
1050 1455 1085 1525 ἢ
1140 1452 1417 1530 πτωχείαν
1467 1457 1567 1522 τῇς
1633 1460 1807 1527 μονῆς
1863 1452 1952 1508 ἐπὶ

284 1547 655 1618 χρηματιστῷ
704 1541 1053 1605 ἐπαιτοῦντος
1125 1541 1282 1614 δίκην
1320 1586 1334 1611 ,
1387 1542 1422 1612 ἢ
1471 1542 1800 1619 κατηγορίαν
1862 1539 1950 1597 ἐπί

283 1651 416 1700 τινι,
475 1631 551 1696 ὡς
608 1629 812 1688 ἀδικεῖν
874 1629 1144 1690 δοκοῦντι.
1209 1631 1306 1689 Καὶ
1357 1633 1386 1686 6
1431 1629 1631 1686 ἀδικῶν
1677 1630 1878 1693 ἐκεῖνος
1911 1629 1947 1699 ἢ

287 1719 579 1796 ἀρχιερεύς
664 1719 852 1794 ἐστιν,
942 1719 1206 1794 ἀσώματα
1300 1718 1806 1798 βλασφημούμενος
1883 1719 1952 1774 τὰ

289 1807 490 1877 πλείω,
544 1807 580 1878 ἢ
641 1807 988 1880 πλησιαστής
1056 1810 1366 1884 ἐνσώματον
1430 1811 1635 1884 μέμψιν
1698 1807 1945 1884 πάσχων·

2139 1280 2262 1334 180.
2311 1280 2445 1344 Quae
2503 1297 2637 1338 cum
2691 1281 2904 1338 dixerit
2947 1281 3018 1336 ad
3075 1278 3561 1352 superbiendum,
3625 1275 3727 1334 ubi

2065 1373 2267 1424 censet
2295 1370 2626 1426 auditorem
2681 1369 3027 1435 demulceri,
3079 1372 3136 1425 et
3184 1366 3437 1424 docilem
3498 1367 3721 1422 factum

2061 1474 2210 1527 esse,
2248 1464 2389 1515 tunc
2419 1459 2724 1515 miseriam
2775 1457 3120 1514 monasterii
3177 1455 3433 1528 exponit,
3496 1455 3721 1510 bonum

2061 1549 2359 1617 quoddam
2384 1549 2538 1620 apud
2564 1549 2799 1619 judices
2843 1545 3184 1618 repetentis,
3244 1549 3348 1600 aut
3400 1542 3719 1616 quemdam

2059 1637 2292 1709 injuria:
2323 1656 2488 1694 reum
2521 1638 2876 1694 accusantis.
2903 1635 3318 1706 Quiinjustus,
3371 1637 3472 1688 aut
3519 1629 3719 1704 ponti-

2060 1727 2150 1782 fex
2179 1732 2271 1783 est
2299 1727 2607 1799 impetitus
2639 1726 2989 1799 plerumque
3012 1730 3178 1780 extra
3209 1737 3443 1794 corpus,
3503 1723 3606 1774 aut
3634 1717 3720 1773 vi-

2059 1816 2228 1871 cinus
2275 1815 2608 1888 corporales
2661 1813 2932 1886 querelas
3000 1812 3270 1885 pariens.
3329 1807 3432 1864 Ille
3479 1807 3718 1879 quidem

287 1898 494 1961 ἐκεῖνος
553 1899 672 1972 μὲν,
729 1899 811 1953 ὅτι
846 1897 1190 1976 δύσχρηςτός
1240 1899 1380 1954 ἐστιν
1439 1899 1610 1972 αὐτῷ,
1651 1899 1742 1954 καὶ
1773 1897 1945 1953 πολυ-

2061 1919 2123 1959 eo
2150 1905 2305 1975 quod
2329 1905 2514 1960 durus
2545 1903 2622 1960 sit
2653 1903 2789 1974 ipsi,
2833 1903 2892 1956 in
2921 1901 3208 1973 exigendo
3241 1898 3486 1964 nimius,
3519 1895 3715 1952 curio-

282 1985 572 2062 πράγμων,
632 1984 723 2041 καί
778 1986 1133 2060 ἐξεταστικὸς,
1180 1987 1270 2042 καὶ
1315 1985 1517 2052 ἐθέλων
1565 1985 1796 2042 ἐκδικεῖν
1853 1987 1940 2042 ἐπὶ

282 2074 459 2130 πάντα
499 2075 568 2130 τὰ
625 2073 1035 2150 ἐπέτηδεύματα
1091 2075 1276 2145 αὐτοῦ,
1329 2075 1418 2131 καί
1465 2076 1704 2132 κανόνων
1755 2075 1942 2150 ψηλα-

290 2164 493 2241 φητὴς,
547 2162 660 2234 καὶ,
701 2165 763 2219 τὸ
793 2169 894 2219 πᾶν
929 2165 1120 2234 εἰπεῖν,
1168 2165 1267 2220 οὐκ
1312 2165 1487 2241 ἀφιεὶς
1546 2165 1704 2221 αὐτὸν
1763 2171 1938 2220 ποιεῖν

289 2251 680 2327 ἀπραγμόνως,
715 2252 890 2308 ὁπόσα
921 2252 1198 2328 βούλεται.
1229 2254 1329 2309 Καὶ
1363 2251 1452 2309 διὰ
1474 2259 1642 2310 ταῦτα
1673 2255 1770 2328 μὲν
1805 2253 1940 2330 βλα-

290 2345 586 2417 σφημεῖται
619 2342 646 2396 6
680 2341 986 2418 ἀρχιερεύς.
1018 2349 1077 2401 ‘0
1125 2341 1183 2398 δὶ
1229 2340 1574 2415 πλησιάζων,
1626 2343 1710 2399 ὅτι
1756 2345 1944 2417 κτήμα

291 2423 437 2505 ἔχων
469 2433 866 2505 παρακείμενον
896 2437 1016 2496 τοῖς
1047 2437 1508 2508 μοναστηριακοῖς
1540 2431 1723 2504 (λήϊόν
1754 2453 1805 2488 τι
1856 2434 1939 2487 θε-

285 2517 408 2571 τέον
444 2518 638 2588 εἰπεῖν,
670 2518 705 2588 ἢ
739 2518 868 2574 ὅλον
902 2518 1145 2596 ἀγρίδιον
1174 2521 1208 2590 ἢ
1242 2519 1544 2597 παραρρέον
1585 2519 1755 2598 ὕδωρ,
1785 2519 1831 2576 δ’
1880 2522 1942 2576 οὗ

287 2603 381 2659 καί
419 2605 678 2678 κηπεῦσει
724 2629 831 2676 τις,
879 2609 972 2663 καὶ
1010 2609 1202 2664 ἀλετὸν
1252 2607 1578 2686 ἀπαρτίσει),
1615 2610 1781 2685 βαρύς
1831 2609 1942 2664 ἐστι

286 2693 357 2770 τῇ
391 2694 532 2770 μονῇ
588 2695 880 2772 πενομένῃ·
931 2698 1020 2752 καὶ
1071 2695 1194 2753 οὔτε
1233 2697 1529 2778 ἀποδόσθαι
1561 2697 1689 2753 αὐτὸ
1748 2697 1940 2768 ἐθέλει,

289 2788 369 2856 τῷ
415 2785 577 2841 παντὶ
642 2783 700 2841 δὲ
747 2785 914 2843 πλέον
969 2785 1094 2842 οὐδὲ
1146 2788 1618 2864 ἀποχαρίσασθαι.
1668 2788 1768 2842 Καὶ
1825 2793 1941 2851 τοῖς

293 2869 550 2948 ἀδελφοῖς
581 2871 638 2929 δὲ
664 2876 920 2953 φορτικὸς
976 2873 1210 2952 ἔγκειται
1261 2876 1310 2932 εἲ
1365 2899 1418 2933 τι
1469 2876 1775 2948 λαλήσουσι
1807 2877 1942 2953 πρὸς

293 2961 480 3019 αὐτόν.
538 2964 634 3018 Καὶ
683 2968 853 3019 ταῦτα
900 2965 1087 3036 εἰπὼν,
1136 2966 1226 3020 καί
1273 2987 1381 3020 που
1439 2967 1612 3039 εὑρὼν
1668 2964 1942 3035 ἀπλοϊκήν

296 3049 591 3128 θεοφιλίαν,
628 3051 856 3129 βλάπτει
885 3054 1192 3128 ἑκατέρους,
1223 3053 1314 3110 τόν
1357 3075 1416 3110 τε
1467 3054 1700 3112 ἐλεεινὸν
1749 3055 1945 3132 ἀρχιε-

295 3137 409 3214 ρέα,
441 3139 529 3195 καὶ
559 3140 650 3195 τὸν
682 3142 931 3197 ταπεινὸν
962 3141 1358 3220 ἀγχιτέρμονα.

363 3235 503 3304 ρπα¹.
538 3229 638 3285 Καὶ
693 3234 882 3285 τοῦτον
941 3232 1037 3304 μὶν
1097 3229 1246 3294 ὅπως
1297 3229 1613 3302 διατίθεται,
1672 3231 1946 3307 περιττὸν,

287 3317 378 3371 καὶ
434 3315 614 3393 λέγειν
675 3317 990 3391 διεξοδικῶς
1027 3342 1039 3356 ·
1101 3320 1269 3376 ἐκεῖνο
1329 3319 1388 3376 δὶ
1440 3324 1528 3376 καὶ
1607 3322 1772 3396 μόνον
1827 3318 1946 3396 ἄρτι

288 3404 592 3481 λογιστέον,
653 3409 736 3463 ὅτι
795 3406 910 3464 οὐδ’
966 3409 1027 3466 ἂν
1085 3411 1264 3481 ἐθνικὴ
1321 3408 1644 3487 καταδρομὴ
1699 3415 1798 3465 τοῦ
1835 3431 1952 3485 γει-

284 3499 543 3558 τνιῶντος
626 3501 864 3553 τοσαῦτα
932 3499 1363 3574 καταπράξηται,
1445 3500 1621 3556 ὁπόσα
1690 3500 1743 3554 οἱ
1813 3498 1951 3575 ἱεροὶ

291 3583 544 3661 Πατέρες.
577 3586 639 3643 Ὁ
671 3583 728 3640 δὶ
753 3587 1044 3663 ἀρχιερεὺς
1076 3621 1147 3632 —-
1175 3588 1320 3645 ἀλλά
1348 3595 1508 3644 ποῖον
1545 3589 1640 3663 μὲν
1694 3588 1858 3654 αὐτὸς
1887 3588 1949 3644 οὗ

299 3671 487 3747 βλέπει
552 3674 716 3750 βέλος
775 3678 1135 3751 ἡγουμενικὸν
1212 3677 1507 3751 πετόμενον
1577 3684 1692 3733 κατ’
1745 3677 1949 3748 αὖτοῦ;

290 3766 447 3816 ποῖον
483 3759 540 3817 δὲ
569 3761 742 3818 ὅπλον
795 3763 1111 3842 ἐγχέμαχον
1165 3765 1274 3842 οὐχ
1331 3766 1588 3841 ὑπομένει
1645 3766 1950 3844 καταφερό-

285 3870 484 3924 μενον,
517 3851 679 3927 βέλος
707 3855 826 3926 (τήν
863 3850 1176 3929 διαϐολὴν),
1212 3857 1486 3932 φαρμάκῳ
1521 3853 1681 3928 δεινῷ
1723 3875 1946 3932 κεχρισ-

289 3940 474 4014 μένον,
503 3945 572 4016 τῇ
623 3942 966 4016 πιθανότητι·
1014 3945 1186 4001 ὅπλον
1237 3946 1482 4016 πλῆττον
1530 3943 1590 4000 ἐκ
1617 3950 1724 4000 τῶν
1784 3945 1946 4020 ἐγγυ-

286 4039 396 4100 θεν,
423 4031 522 4100 τὴν
553 4032 691 4085 κατὰ
719 4032 1012 4104 πρόσωπον
1045 4030 1340 4103 ἀναίδειαν,
1373 4034 1494 4088 καθ’
1524 4034 1558 4102 ἢ
1590 4033 1618 4087 6
1671 4033 1772 4102 τὴν
1820 4032 1943 4108 ἐχε-

293 4117 485 4191 μυθίαν
513 4116 912 4194 πλαττόμενος,
962 4122 990 4176 6
1038 4123 1380 4197 ἡσυχαστὴς,
1424 4122 1452 4175 6
1505 4120 1883 4196 πυθαγορίζων
1915 4122 1943 4176 6

291 4205 541 4282 σιγηλὸς,
573 4209 869 4286 πρόσωπον
901 4212 1014 4284 ἅμα
1040 4210 1129 4266 καὶ
1161 4212 1345 4288 φωνην
1379 4211 1588 4285 πόρνης
1630 4205 1942 4275 ἀναλαϐὼν,

289 4293 380 4350 καὶ
412 4297 484 4358 ὡς
517 4297 629 4351 οἷον
654 4297 822 4360 αὐλὸς
853 4296 1068 4372 δαίμονι
1101 4297 1478 4373 ἐμπνευσθεὶς,
1510 4297 1848 4372 καταψάλλει
1879 4297 1944 4352 τὰ

289 4386 367 4459 μὴ
399 4389 764 4461 προσήκοντα,
795 4389 887 4445 καὶ
914 4390 1052 4445 αὐτὰ
1077 4389 1139 4444 οὗ
1173 4389 1369 4446 λαϊκοῦ
1409 4411 1559 4453 τινος
1586 4389 1942 4445 ἐπισκοπικοῦ

281 4475 319 4544 ἢ
351 4480 450 4530 τοῦ
478 4476 744 4552 τυχόντος
789 4479 938 4555 ἱεροῦ
989 4477 1202 4556 ἀνδρὸς,
1264 4477 1389 4535 ἀλλ’
1429 4479 1593 4535 αὐτοῦ
1642 4483 1738 4534 τοῦ
1796 4478 1944 4534 ἐπ.σ-

282 4561 482 4635 κόπου,
537 4565 1007 4644 φιλοτιμούμενος
1070 4565 1293 4623 ένταῦθα
1348 4567 1436 4624 καί
1492 4569 1556 4624 τὸ
1610 4567 1939 4646 εὖρύφωνον.

2054 2009 2178 2061 sus,
2211 1993 2564 2049 contendere
2594 1991 2796 2048 volens
2828 1992 2900 2046 de
2931 1989 3210 2045 omnibus
3257 1986 3492 2053 ofﬁciis,
3542 2001 3714 2040 cano-

2053 2098 2196 2136 num
2221 2086 2534 2152 scrutator,
2565 2080 2702 2150 et,si
2735 2079 3077 2135 universum
3109 2076 3427 2132 dicendum
3459 2077 3572 2144 est,
3597 2089 3716 2128 non

2051 2171 2255 2226 sinens
2285 2186 2420 2225 eum
2453 2185 2819 2242 quascunque
2848 2166 3101 2223 voluerit
3150 2164 3332 2220 libere
3375 2164 3586 2218 facere.
3633 2161 3714 2217 De

2050 2259 2143 2316 his
2175 2260 2436 2332 pontifex
2464 2256 3127 2315 insimulatur.Vicinus
3158 2258 3356 2310 autem
3405 2268 3472 2308 eo
3526 2251 3708 2322 quod,

2049 2349 2205 2404 bono
2236 2349 2493 2420 quodam
2530 2348 2702 2418 juxta
2762 2345 3190 2401 monasterium
3251 2357 3523 2414 possessa
3576 2339 3702 2411 (aut

2049 2436 2434 2492 frumentario
2464 2451 2624 2507 agro,
2659 2439 2762 2490 aut
2792 2433 3233 2506 qualicumque,
3267 2433 3370 2486 aut
3397 2445 3550 2500 aqua
3600 2428 3698 2482 de-

2051 2530 2344 2590 currente,
2375 2525 2448 2580 ad
2479 2524 2847 2597 irrigandum
2903 2522 2994 2577 vel
3044 2521 3386 2576 molendum
3445 2516 3701 2587 idonea),

2051 2614 2341 2686 indigenti
2373 2615 2725 2669 monasterio
2758 2611 3042 2668 molestus
3073 2610 3170 2679 sit,
3205 2624 3397 2680 neque
3450 2607 3509 2661 id
3565 2621 3702 2662 ven-

2054 2704 2209 2772 dere,
2247 2707 2367 2771 aut,
2400 2702 2557 2774 qnod
2590 2703 2757 2773 pejus
2787 2706 2896 2768 est,
2931 2701 3149 2755 donare
3177 2696 3337 2753 velit.
3396 2693 3702 2750 Fratribus

2053 2794 2298 2864 insuper
2317 2791 2548 2861 gravior
2567 2795 2678 2861 est,
2711 2789 2924 2860 siquid
2941 2787 2991 2844 ei
3026 2785 3336 2858 objiciunt.
3371 2785 3505 2850 Quas
3564 2798 3701 2836 cum

2056 2879 2287 2946 dixerit,
2310 2884 2368 2936 et
2387 2884 2500 2935 Deo
2531 2883 2736 2947 gratus
2768 2876 3116 2948 simpliciter
3147 2875 3226 2930 sit
3256 2872 3516 2942 habitus,
3547 2870 3711 2925 laedit

2055 2974 2362 3040 utrosque,
2388 2973 2446 3024 et
2467 2967 2806 3040 pontificem
2832 2965 3264 3031 miserandum,
3293 2971 3350 3018 et
3381 2975 3708 3032 pauperem

2051 3075 2247 3116 VlOlnu
2266 3073 2347 3113 :n.

2133 3233 2364 3292 181.Hic
2395 3233 2689 3307 quomodo
2718 3249 2781 3289 se
2803 3232 3036 3300 habeat,
3062 3229 3266 3287 ordine
3295 3243 3584 3301 exponere
3613 3225 3726 3282 hu-

2056 3326 2158 3396 jus
2190 3323 2299 3380 lcci
2323 3341 2437 3380 non
2458 3329 2565 3380 est.
2602 3323 2768 3378 Istud
2790 3338 2975 3376 unum
2999 3325 3090 3376 est
3111 3316 3724 3385 animadvertendum,

2061 3420 2232 3470 tanta
2264 3430 2580 3486 passurum
2616 3429 2731 3468 non
2753 3427 2884 3468 esse
2907 3411 3241 3484 proximum
3265 3426 3299 3464 a
3325 3408 3721 3464 barbarorum

2060 3504 2424 3569 incursione,
2458 3508 2682 3575 quanta
2732 3519 2766 3557 a
2813 3500 3037 3556 sanctis
3094 3498 3392 3554 Patribus.
3454 3495 3724 3552 Pontifex

2061 3596 2362 3665 quodnam
2391 3591 2572 3647 telum
2606 3609 2640 3646 a
2664 3589 2901 3663 praelato
2933 3590 3003 3644 ad
3049 3606 3112 3645 se
3141 3586 3345 3644 volans
3372 3602 3488 3640 non
3520 3582 3720 3639 videt?

2061 3685 2246 3749 Quem
2278 3681 2545 3754 gladium
2577 3680 2814 3737 eminus
2847 3679 3154 3736 ferientem
3187 3694 3303 3732 non
3336 3673 3552 3730 metuit
3581 3688 3718 3744 per-

2059 3787 2377 3827 cussorum
2401 3770 2428 3824 ?
2456 3769 2663 3825 Telum
2695 3772 2823 3837 (seu
2856 3767 3174 3838 calumnia)
3207 3763 3440 3820 mortali
3492 3777 3716 3819 veneno

2057 3861 2373 3918 intinctum
2416 3865 2526 3927 est,
2576 3857 2802 3915 scilicet
2860 3854 3421 3923 verisimilitudine;
3479 3849 3716 3923 gladius

2055 3950 2292 4006 eminus
2326 3947 2541 4003 feriens
2590 3951 2679 4002 est
2729 3944 3105 4001 irreverentia
3157 3947 3293 3999 ante
3338 3939 3563 4008 oculos,
3594 3955 3712 4010 qua

2055 4039 2234 4094 homo
2266 4038 2338 4093 ad
2369 4035 2673 4092 silentium
2708 4035 3084 4104 informatus,
3110 4028 3716 4103 tranquillus,Pytba-

2055 4143 2208 4198 gora
2239 4123 2592 4196 discipulus,
2618 4127 2844 4192 mutus,
2885 4140 2950 4178 os
3008 4127 3066 4177 et
3120 4136 3321 4176 vocem
3381 4116 3712 4174 meretricis

2055 4215 2324 4287 suscipit,
2353 4219 2410 4269 et
2439 4212 2610 4284 quasi
2641 4211 2786 4268 tibia
2815 4228 2850 4266 a
2878 4210 3112 4266 diabolo
3143 4207 3366 4277 inflata,
3395 4204 3711 4277 opprobria

2050 4303 2274 4376 profert
2302 4303 2580 4357 adversus
2613 4317 2727 4356 non
2749 4300 2967 4355 laicum
2994 4298 3256 4370 aliquem
3281 4291 3706 4368 episcopalem,

2051 4410 2168 4448 non
2199 4391 2692 4464 qualemcumque
2722 4388 3025 4444 hominem
3049 4403 3309 4452 sacrum,
3341 4385 3442 4441 sed
3498 4382 3704 4438 adver-

2051 4499 2154 4538 sus
2185 4483 2378 4553 ipsum
2399 4478 3097 4552 episcopum,ecdemque
3126 4480 3391 4548 tempore
3420 4488 3556 4529 voce
3581 4487 3705 4528 ma-

2051 4587 2169 4644 gna
2199 4569 2487 4642 superbit.
2520 4569 2582 4624 In
2615 4567 2862 4623 ecclesia
2890 4567 3253 4623 subraucum
3287 4567 3514 4637 guttur,
3562 4565 3706 4617 tunc

285 4650 391 4710 Καὶ
451 4654 479 4707 6
539 4653 622 4709 ἐπ’
677 4653 971 4722 ἐκκλησιας
1027 4657 1309 4733 βραγχιᾶΝ
1383 4657 1587 4733 λάρυγξ
1645 4661 1943 4729 τηνικαῦτα

2061 4658 2427 4716 acutissimos
2461 4656 2746 4712 clamores
2764 4655 3060 4712 buccinat.
3093 4659 3158 4708 Et
3187 4669 3323 4710 cum
3372 4652 3528 4709 sicco
3584 4649 3706 4721 spi-

281 4737 537 4812 σαλπίζει
594 4743 688 4816 μὶν
734 4744 830 4806 τὰς
879 4744 1057 4821 ἀρχὰς
1087 4745 1400 4822 ὀξυφωνῶν,
1431 4749 1561 4803 ’Ὀτε
1591 4742 1648 4801 δὲ
1674 4747 1737 4801 τὸ
1771 4746 1932 4822 ὑγρὸν

283 4831 680 4907 ἐπιπροσθήσει
739 4837 818 4905 τῷ
865 4835 1087 4910 καθαρῷ
1125 4837 1225 4889 τοῦ
1269 4833 1608 4907 πνεύματος,
1673 4833 1748 4896 είς
1802 4855 1940 4907 τυμ-

285 4919 460 4976 πάνου
516 4922 841 4993 μεταπίπτει
899 4923 1054 4999 βοὴν,
1119 4921 1232 4978 εἶτα
1289 4917 1606 4986 ὁποϐάσεως
1658 4921 1807 4998 λόγῳ
1853 4921 1942 4977 καὶ

285 5008 364 5070 εἷς
401 5008 668 5084 βαῦσμὸν,
726 5012 818 5066 καὶ
869 5009 968 5066 οὐκ
1013 5009 1252 5082 ἀνίησιν,
1301 5006 1408 5076 ἕως
1443 5011 1505 5067 οὗ
1535 5013 1570 5082 ἡ
1600 5017 1699 5082 τῆς
1750 5009 1944 5073 λαλιᾶς

288 5095 474 5161 δίοδος
508 5099 820 5178 ἀποφραγῇ.

363 5188 509 5264 ρπβ’·
562 5188 661 5244 Καὶ
720 5193 970 5252 τοιοῦτος
1029 5190 1122 5264 μὲν
1187 5189 1216 5244 6
1267 5191 1621 5264 τιμιώτατος,
1679 5190 1770 5246 ὅτε
1810 5187 1947 5244 κατά

285 5272 482 5350 ἀνδρὸς
547 5278 760 5351 μέμηνε
821 5277 1218 5354 μελαγχολῶν
1249 5277 1296 5333 εἲ
1328 5275 1386 5334 δέ
1415 5300 1548 5334 ποτε
1592 5279 1682 5334 καὶ
1729 5278 1946 5355 γυναικὶ

285 5364 423 5438 πρὸς
456 5365 737 5444 λοιδορίαν
773 5366 1021 5444 ἐγχάνοι,
1055 5367 1358 5441 ἀλεξίκακε,
1395 5375 1497 5438 τῆς
1537 5367 1945 5441 κακοστομίαςῐ

286 5451 578 5528 ἀνεξίκακε,
630 5463 730 5527 τῆς
765 5461 872 5512 τῶν
916 5455 1261 5531 κακολογιῶν
1296 5455 1625 5533 ἐπιχύσεως,
1681 5460 1779 5511 τοῦ
1834 5460 1949 5510 τῶν

373 5618 502 5693 (20),
547 5581 878 5693 Ἃλεξίκακε,
933 5617 1215 5693 Depulsor
1279 5618 1935 5693 malorumhpestium.

291 5691 724 5767 calamitatum,
758 5711 874 5767 quo
906 5691 1143 5767 nomine
1172 5693 1244 5748 ab
1268 5693 1530 5765 antiquis
1553 5691 1642 5767 dii
1662 5691 1824 5767 boni.
1843 5707 1944 5767 vp-

288 5764 582 5823 cabantur
602 5782 622 5823 .'
656 5757 742 5824 sic
770 5757 1020 5823 'Athenis
1052 5767 1176 5822 erat
1204 5757 1728 5837 statua-Apollonis
1771 5757 1947 5832 ἀλεξι-

2051 4747 2191 4804 ritui
2213 4746 2526 4803 humidum
2551 4744 2956 4811 addit,decidit
2985 4743 3045 4799 in
3076 4747 3423 4816 tympanum
3455 4738 3703 4796 surdum

2051 4841 2154 4893 aut
2183 4835 2433 4891 inferius
2463 4835 2536 4890 ad
2568 4833 2850 4890 latratum
2878 4849 2891 4889 :
2925 4849 3032 4888 nec
3055 4835 3266 4900 cessat,
3289 4832 3470 4886 donec
3499 4842 3703 4899 garru-

2048 4925 2233 4982 litatis
2263 4924 2472 4982 semita
2501 4922 2890 4980 rescindatur.

2127 5193 2249 5247 182.
2283 5189 2440 5246 Talis
2472 5192 2562 5245 est
2584 5190 2784 5244 noster
2811 5185 3291 5255 laudatissimus,
3325 5199 3458 5241 cum
3502 5182 3710 5239 adver-

2057 5298 2160 5338 sus
2191 5280 2492 5336 hominem
2541 5278 2850 5334 atrabilem
2908 5277 3167 5332 furorem
3226 5275 3364 5330 edit.
3405 5271 3712 5328 Mulierem

2054 5384 2192 5425 vero
2223 5369 2272 5425 si
2304 5368 2539 5441 quando
2573 5366 2810 5438 injurtis
2838 5363 3094 5436 impetit,
3135 5381 3167 5420 ο
3200 5361 3479 5434 depulsor
3523 5359 3706 5416 malo-

2057 5474 2190 5514 rum
2223 5458 2428 5530 (20),os
2459 5457 2786 5529 pessimum
2811 5453 2825 5508 ί
2851 5471 2882 5510 o
2904 5453 3507 5527 patientia,diluvium
3530 5449 3712 5506 malo-

2055 5617 2248 5674 κάκου,
2282 5615 2609 5688 Ἀνεξίκακε,
2639 5614 2920 5688 tolerans,
2976 5613 3203 5688 patiens
3239 5609 3704 5688 malorum.Non

2055 5691 2188 5746 novi
2221 5689 2331 5746 hoc
2361 5682 2859 5746 nomine'vocatus
2883 5682 3022 5742 deos
3035 5687 3215 5755 alios;
3236 5682 3588 5745 Eustathius
3609 5697 3710 5738 au-

2054 5764 2175 5818 tem
2206 5765 2367 5819 amat
2395 5777 2494 5819 eas
2524 5776 2695 5820 voces
2724 5757 2903 5817 simul
2929 5757 3200 5832 jungere.
