2030 3180
123 223 183 253 887

510 221 724 253 EUSTATBH
745 218 1131 253 THESSALONICENSIS
1155 218 1448 250 METROPOLITJE

1773 217 1844 248 888

125 297 192 317 rum
207 289 593 324 verborum,ahundantiam
604 288 855 325 blasphemiarum
868 287 874 315 l
891 295 949 315 non
964 287 974 320 Α

1031 285 1193 323 λασφημιῶν
1227 281 1370 314 πλοῦτουέ
1407 285 1510 322 πόρνης
1539 282 1641 320 εἶήιᾶν
1670 284 1715 312 καὶ
1747 283 1844 320 μόνης

127 333 186 361 nisi
198 333 361 361 meretricis
373 333 551 361 obscoenitas
565 333 689 361 dicenda
700 335 756 366 est,
785 340 843 368 qua
870 340 951 359 exer-

1006 329 1168 366 ἒξονομάσαι
1183 331 1232 365 τήν
1251 329 1542 368 αἱσχροῤῥημοσύνην,
1572 330 1603 363 ἣν
1619 328 1810 364 ἐξησκημένος
1827 328 1844 355 ὁ

127 377 235 405 citatus
250 378 337 405 homo
352 378 520 405 causidicus
545 385 603 405 non
633 377 694 405 vult
719 376 862 413 superari.
891 378 952 403 Non

1031 378 1056 409 ῆς
1070 375 1250 411 καθηγήσεως
1276 375 1325 401 οὐκ
1354 373 1440 402 ἐθέλει
1454 374 1486 401 τὸ
1501 372 1615 401 ἔλαττον
1632 372 1821 409 ἀποφέρεσθαι
1835 389 1844 395 -

128 423 172 451 sic
187 422 321 451 luscinias
336 423 399 451 aliis
415 423 481 451 aliis
496 423 747 459 respondent,non
763 423 805 450 sic
819 420 954 449 hirundi-

1031 418 1072 446 Βδὶ
1100 417 1214 454 ἀηδόνες
1241 418 1270 446 ἂν
1301 418 1339 450 εἴς
1369 418 1465 455 ὅμοιον
1482 417 1623 453 ἀλλήλαις
1639 415 1792 452 ἀντᾴδοιενθ
1811 417 1847 445 οὔ

128 475 182 495 nes
197 467 360 495 clamitant.
378 468 446 500 Quae
462 467 607 495 clamores
621 467 800 495 clamoribus
816 473 954 494 ranarum

132 511 265 540 conferre
279 520 337 540 non
344 520 396 548 par
411 514 596 548 est,quarum
612 520 712 540 vocem
724 519 863 547 magnam
878 510 958 538 unda

134 555 178 583 ori
193 556 371 584 circumfusa
392 557 570 593 comprimit.
600 557 662 585 Non
692 555 883 585 confunditur
908 554 960 590 qui

134 600 260 628 formam
276 601 423 637 egregiam
440 601 570 629 hominis
585 609 602 629 a
615 604 672 629 Deo
688 600 959 636 accepit,-divinam

135 644 305 681 imaginem,
318 654 423 682 nempe
439 654 480 680 os,
493 645 523 674 in
540 654 571 674 se
590 645 695 674 inutile
723 646 828 679 facere,
853 646 883 672 et
909 652 960 680 pa-

135 689 269 717 radisum
284 690 440 718 arboribus
455 690 604 718 consitum
621 690 650 718 in
664 690 814 726 spinetum
843 696 962 716 conver-

141 736 213 761 tere.
226 735 376 763 Assentire
392 735 467 763 nolit
490 734 598 763 dicenti
627 734 794 762 Salomoni:
822 732 962 761 «Sanitas

138 776 247 813 linguas
263 778 375 814 lignum
392 779 456 806 vitae
469 779 491 796 ‘9
504 792 511 812 ς
522 790 535 803 ››
547 779 594 806 ubi
610 778 818 814 inquirendum
828 780 856 804 et
869 776 963 812 explo-

139 823 266 850 randum
283 826 327 851 est
342 824 396 851 hoc
411 824 573 851 verbum:«
595 824 710 850 Sanitas
736 823 852 858 linguae.
868 833 880 846 ››
891 821 964 848 Vere

141 866 218 893 enim
228 868 376 902 pessimus
394 869 514 895 morbus
531 867 641 895 malum
660 867 774 902 linguae.
791 866 845 894 Ubi
867 868 964 893 autem

143 914 276 944 sanatur,
294 921 398 940 rursus
414 913 514 947 lingua
530 913 562 939 lit
590 913 676 939 arbor
707 913 779 945 vitae,
808 920 859 939 seu
888 910 966 946 quod

1009 462 1151 502 χελιδόνες
1178 463 1264 494 οὕτως
1294 462 1324 491 ἂν
1357 462 1555 500 βατταρίζοιεν.
1584 461 1740 500 Βατράχοις
1757 460 1788 488 δέ
1815 470 1852 498 γε

1011 508 1117 536 εἲκάσαι
1141 509 1192 543 τὴν
1207 507 1337 543 τοιαύτην
1365 508 1433 545 βοὴν
1458 507 1623 545 ἀπροσφνὶς,
1639 505 1687 537 οὕς
1710 505 1743 533 τὸ
1768 504 1851 542 ὕδωρ

1013 552 1187 589 ἔπιστομίζον
1213 552 1358 579 ἀνακόπτει
1384 554 1435 587 τῆς
1452 553 1557 589 μακρᾶς
1583 554 1687 590 φωνῆς.
1713 549 1768 578 Καὶ
1797 549 1854 577 aint

1013 596 1169 635 αἰσχύνεται
1185 597 1199 624 ὁ
1223 597 1269 624 τὸν
1296 596 1380 624 καλὸν
1411 595 1602 634 ὑπισχημὲνος
1632 594 1775 632 ἄνθρωπον
1809 596 1853 630 τῷ

1015 644 1084 677 Θεῷ,
1114 642 1233 679 ἀχρειῶν
1257 642 1288 669 τὸ
1313 641 1339 669 ἐν
1356 641 1431 677 αὖτῷ
1453 642 1527 669 θεῖον
1555 640 1682 679 ὄργανον,
1696 639 1728 667 τὸ
1745 639 1848 676 στόμα,

1015 686 1060 714 καὶ
1097 686 1154 713 ἀντὶ
1191 684 1354 722 παραδείσου
1393 684 1567 721 δενδρήεντος
1609 683 1649 716 εἵς
1688 684 1851 711 ἀκανθεῶνα

1019 732 1184 767 μεταποιῶν·
1212 731 1256 758 οἷα
1273 730 1310 767 μὴ
1327 728 1427 757 ἆθιλων
1445 729 1552 757 ἀκούειν
1566 727 1754 766 Σολομῶντος
1771 727 1854 755 εἰπό-

1017 784 1093 805 ντος¹
1110 788 1123 800 ‹‹
1150 776 1233 811 ’Ίαμα
1261 775 1391 812 γλώσσης
1408 773 1517 812 δένδρον
1533 775 1617 808 ζωῆς.
1631 783 1645 800 ιο
1677 774 1763 805 Ἔνθα
1778 773 1854 800 θεω-

1020 820 1115 856 ρητέον
1133 819 1158 847 ὲν
1185 819 1362 855 ἐπισημάνσει
1380 819 1411 846 τὸ
1441 831 1455 845 (ι
1473 818 1541 855 ἷ¹αμα
1564 817 1702 856 γλώσσης.
1726 829 1741 844 ››
1766 816 1857 852 Ἀλη-

1022 867 1073 896 οῶς
1102 865 1153 902 γὰρ
1184 863 1323 899 δεινοτάτη
1354 864 1432 894 νόσος
1461 863 1506 891 καὶ
1531 864 1548 897 ἡ
1564 861 1757 900 γλωσσαλγία.
1774 860 1808 889 El
1825 859 1858 889 δὲ

1022 919 1074 935 που
1105 909 1249 944 ἷατρῑυθῇ,
1280 908 1374 946 ἀφίησι
1403 909 1453 942 τὴν
1483 907 1610 945 γλῶσσαν
1643 905 1754 945 δάνδρον
1784 905 1859 934 εἶναι

145 955 224 983 idem
251 959 305 989 est,
335 957 394 990 Dei,
426 957 473 992 qui
500 957 589 984 dixit:
616 969 629 981 ‹‹
644 960 699 992 Ego
730 965 797 984 sum
821 956 930 988 vita“;
954 966 967 979 »

1031 956 1107 988 ζωῆς,
1136 954 1232 980 ταυτὸν
1256 952 1277 980 δ’
1304 953 1399 987 εἰπεῖν,
1426 954 1503 987 Θεοῦ,
1518 954 1568 979 τοῦ
1593 952 1728 983 εἰπόντος*
1747 962 1763 977 ιι
1778 950 1856 988 Ἐγὼ

1043 998 1049 1003 .
1121 999 1126 1003 .
1150 1000 1163 1003 λ.
1201 999 1205 1003 .
1310 998 1315 1003 .
1386 996 1406 1003 κ.
1437 996 1443 1003 .
1468 997 1488 1003 ,κ
1730 995 1735 1003 ,
1773 994 1781 1003 ι

149 1000 198 1035 qui
216 1001 351 1036 prohibet
366 1001 453 1029 etiam
482 1010 517 1029 ne
547 1001 651 1029 inutile
678 1002 799 1028 verbum
827 1001 969 1035 intempe-

150 1046 224 1073 stive
240 1046 414 1081 proferatur,
431 1046 466 1073 de
487 1054 544 1081 quo
569 1046 605 1073 ad
631 1045 808 1073 maledicum
837 1047 882 1072 est
910 1052 969 1071 ser-

150 1090 369 1118 mocinandum.

185 1135 247 1162 183.
260 1134 389 1166 Qualiter
404 1135 491 1162 arbor
506 1135 657 1170 pomifera,
680 1137 708 1162 et
723 1135 813 1171 piras,
844 1136 872 1161 et
896 1140 972 1160 mes-

151 1179 229 1213 pilus
246 1183 274 1207 et
284 1181 402 1212 caeteras,
419 1179 517 1206 taliter
527 1182 555 1207 et
571 1179 672 1215 lingua
692 1188 774 1213 sana,
805 1187 868 1214 quae
897 1178 973 1204 bona

149 1224 291 1259 loquitur,
303 1224 358 1251 erit
372 1224 459 1251 arbor
473 1224 536 1250 vitae
550 1233 555 1251 :
570 1225 655 1259 cujus
666 1224 778 1251 radices
792 1224 820 1250 in
834 1223 974 1254 animn,et

151 1268 252 1305 lingua
267 1271 391 1296 truncus
407 1270 470 1304 ejus
486 1271 648 1304 reputatur.
665 1269 759 1304 Hujus
777 1269 889 1295 fructus
905 1268 975 1294 sunt

149 1314 233 1340 vitae:
251 1313 312 1341 sive
327 1314 489 1340 secundum
502 1313 689 1348 theologiam,
721 1314 780 1340 sive
810 1312 973 1340 secundum

151 1357 291 1384 moralem
310 1357 473 1390 scientiam,
491 1360 519 1384 et
534 1366 716 1393 qumcunque
732 1358 813 1390 aliae;
840 1365 896 1384 non
920 1365 974 1383 au-

150 1404 210 1429 tem
223 1401 301 1428 mala
317 1401 403 1428 verba
419 1410 480 1436 quae
498 1402 566 1429 inde
582 1401 716 1435 efﬂuunt,
734 1401 809 1428 inter
837 1409 900 1436 quae
931 1401 975 1427 est

151 1446 336 1474 abundantia
347 1446 554 1482 naziraica(21)
566 1447 642 1482 apud
656 1455 709 1474 nos
722 1445 975 1482 plurimiczstima-

152 1494 192 1518 ta.
209 1491 267 1518 lsta
282 1499 349 1518 cum
371 1491 413 1518 sic
443 1491 616 1524 celebretur,
646 1491 670 1518 si
701 1491 768 1526 quis
793 1490 975 1517 adstantium

151 1535 264 1568 irridet,
281 1536 379 1571 gravia
395 1536 479 1563 aliter
495 1536 629 1571 patietur,
645 1538 831 1570 ascetamque
842 1535 877 1561 ad
893 1534 975 1561 inde-

153 1580 250 1608 centia
264 1580 395 1607 convicia
410 1581 557 1615 provocat.
575 1580 603 1607 Si
623 1582 720 1607 autem
738 1579 878 1615 pontifex,
892 1578 976 1605 testis

152 1625 286 1654 oculatus
309 1626 368 1653 sive
397 1625 580 1653 auriculatue
604 1626 747 1660 queritur,
779 1628 848 1652 tunc
870 1624 977 1652 sentiet

151 1679 208 1705 quo
223 1670 310 1698 modo
325 1678 356 1697 se
372 1670 535 1697 monachus
551 1670 688 1697 defendat
717 1672 745 1697 et
769 1669 976 1696 debacchetur.

152 1714 303 1750 Extemplo
329 1715 408 1742 enim
429 1714 464 1741 ad
485 1714 610 1749 injurias
634 1723 665 1741 se
690 1715 858 1750 accingeris,
889 1714 976 1749 rugit,

152 1758 294 1790 infremit,
310 1759 414 1794 mugit,
427 1758 579 1793 tripudiat,
597 1759 748 1792 mussitat,
765 1759 801 1786 de
816 1758 883 1785 imis
909 1766 979 1793 prte-

153 1803 262 1830 cordiis
277 1803 477 1838 dstgemitus,
490 1803 672 1838 frequentem
694 1802 822 1830 halitum
854 1811 868 1829 e
899 1802 978 1829 nari-

153 1848 211 1874 bus
225 1847 342 1877 emittit.
360 1847 444 1882 quasi
472 1847 577 1882 igneus
607 1847 669 1874 vult
696 1847 799 1881 videri,
823 1847 980 1883 supercilia

155 1893 293 1924 coarctat,
310 1893 339 1918 et
354 1890 462 1917 nebula
479 1891 611 1926 obtegit;
629 1899 695 1918 mox
711 1891 740 1918 in
761 1891 900 1926 pallorem
932 1891 981 1918 de-

155 1935 268 1971 lapsus,
285 1943 353 1962 mox
366 1937 398 1962 ut
422 1935 542 1961 ﬂamma
557 1943 709 1969 accensus,
737 1935 821 1970 quasi
846 1936 981 1963 cinereus

158 1979 254 2007 colore
277 1980 368 2007 tantis
396 1979 613 2007 mutationibus
642 1980 752 2007 indicat
774 1983 802 2007 et
837 1980 983 2008 fervefacit

156 2024 230 2052 iram
241 2026 269 2053 et
277 2024 436 2060 loquelam.
447 2026 518 2052 Cum
530 2024 559 2052 in
577 2025 710 2052 cellulam
727 2033 758 2052 se
773 2025 906 2059 retrahit,
919 2033 982 2060 quae

156 2069 288 2105 loquitur
304 2070 390 2097 corde
406 2070 481 2097 irato
497 2069 526 2096 in
539 2078 569 2097 se
585 2069 694 2102 solum,
706 2074 733 2098 el
749 2070 779 2097 in
796 2070 908 2097 similes
937 2069 983 2097 sui

156 2117 328 2149 vertuntur;
345 2123 408 2150 quas
421 2117 520 2142 autem
537 2115 664 2150 cogitata
680 2117 708 2142 et
720 2115 859 2143 meditata
874 2115 984 2151 profert

156 2159 187 2187 in
202 2159 298 2188 lucem
314 2159 367 2188 tali
384 2160 470 2187 modo
486 2159 724 2188 manifestantur.

195 2293 257 2322 184,
272 2294 295 2321 Α
311 2293 512 2328 corporalibus
528 2293 691 2329 spiritualis
708 2294 794 2321 homo
813 2294 935 2322 orditur.
954 2294 983 2321 In

1026 998 1085 1034 οἱμι
1115 999 1132 1032 ἡ
1150 999 1217 1033 ζωή·
1243 1008 1256 1024 ι
1275 998 1317 1024 καὶ
1345 996 1413 1033 μηδὲ
1434 996 1586 1031 ἐθὲλοντος,
1615 994 1796 1034 παρακαίριόν
1826 1004 1857 1022 τι

1026 1043 1166 1071 λαλεῖσθαι
1191 1042 1391 1080 ἀργολογικῶς·
1420 1042 1485 1079 ὑπὶρ
1511 1040 1541 1068 οὗ
1566 1040 1649 1080 λόγος
1674 1038 1788 1080 ὅφλεται
1811 1041 1858 1076 τῷ

1026 1086 1234 1124 κακολογοῦντι.

1063 1133 1132 1170 ρπγ’.
1149 1133 1250 1168 Ὥσπερ
1267 1130 1295 1159 ’δά
1320 1131 1374 1158 ἔστι
1400 1131 1528 1170 φοινίκων
1553 1128 1675 1169 δένδρον,
1690 1129 1736 1157 καὶ
1754 1127 1859 1164 ἀπίων,

1027 1178 1072 1205 καὶ
1091 1176 1241 1213 μεσπίλων,
1267 1176 1311 1202 καὶ
1337 1175 1454 1208 λοιπῶν,
1472 1176 1543 1203 οὕτω
1560 1175 1605 1202 καὶ
1628 1174 1743 1213 γλῶσσα
1767 1172 1861 1211 ὑγιαί-

1028 1233 1108 1249 νουσα
1124 1221 1149 1248 ἐν
1164 1224 1202 1256 τῷ
1224 1220 1399 1258 ἀγαθολογεῖν
1427 1219 1536 1257 δένδρον
1564 1216 1637 1247 ἔσται
1663 1220 1746 1253 ζωῆς·
1773 1217 1862 1256 οὗπερ

1030 1267 1054 1293 ἓν
1067 1268 1144 1303 ψυχῇ
1171 1266 1217 1302 μὲν
1244 1266 1270 1292 αἱ
1295 1266 1377 1303 ῥίζαι,
1404 1267 1422 1299 ἡ
1450 1264 1478 1292 δὲ
1503 1264 1617 1302 γλῶσσα
1631 1263 1697 1291 ὡσεί
1711 1273 1737 1290 τι
1765 1263 1863 1300 πριμ-

1028 1322 1083 1338 νιον
1114 1310 1260 1347 λογίζεται,
1287 1310 1392 1347 Καρποὶ
1423 1308 1452 1337 δὶ
1480 1309 1562 1336 αὐτοῦ
1587 1309 1615 1336 αἱ
1636 1307 1712 1343 ζωαί·
1739 1307 1758 1342 ἡ
1787 1306 1865 1335 κατὰ

1030 1356 1184 1393 Θιολογίαν,
1215 1357 1232 1389 ἡ
1258 1355 1325 1382 κατὰ
1360 1353 1536 1381 διδασκαλίαν
1561 1353 1684 1388 ἠθικήν·
1717 1351 1763 1379 καὶ
1793 1350 1864 1379 ὅσαι.

1030 1399 1122 1428 ἄλλαι·
1141 1400 1171 1427 οὐ
1199 1400 1251 1436 μὴν
1275 1399 1302 1426 αἱ
1319 1398 1462 1437 ἐπίῤῥητοι
1485 1397 1657 1435 κακολογίαι,
1673 1396 1711 1424 ὢν
1736 1395 1787 1433 μία
1810 1395 1861 1423 καὶ

1030 1448 1047 1480 ὴ
1064 1446 1089 1473 ἰν
1105 1448 1164 1477 τοῖς
1188 1446 1246 1471 καθ’
1268 1445 1341 1480 ἡμᾶς
1367 1442 1517 1481 φιλότιμος
1545 1441 1700 1480 Ναζιραϊκή
1725 1439 1861 1479 φλυαρία·

1030 1491 1064 1524 ἧς
1090 1490 1161 1517 οὕτω
1184 1487 1453 1526 πανηγυριζομὲνης,
1481 1487 1566 1518 ἄλλος
1585 1487 1632 1524 μὲν
1647 1496 1688 1517 τις
1703 1487 1758 1513 τῶν
1778 1495 1860 1523 περι-

1030 1534 1222 1571 τετυχηκότων
1252 1532 1427 1569 ἐπισκώψεις,
1455 1530 1549 1562 ἄλλως
1583 1531 1685 1568 πάσχει
1710 1529 1747 1557 τὰ
1776 1528 1859 1568 βαρύς

1031 1589 1121 1613 νοντα,
1162 1578 1199 1609 εἷς
1236 1578 1368 1613 ἆσὶμνους
1405 1575 1620 1615 ἀλληλοφωνίας
1649 1574 1785 1613 ὶκτρὶπων
1806 1572 1852 1601 τὸν

1032 1624 1163 1659 ἀσκητήν·
1187 1623 1210 1649 εἰ
1238 1621 1266 1649 δὲ
1291 1621 1434 1659 ἀρχιερεὺς
1450 1621 1467 1655 ἢ
1495 1620 1590 1658 παρὼν
1605 1619 1707 1657 ἢάκοῇ
1736 1615 1854 1656 παραλα-

1034 1666 1088 1695 ϐὼν
1119 1668 1263 1704 μέμψεται,
1292 1666 1353 1693 τότε
1367 1666 1395 1693 ἂν
1411 1666 1564 1702 καταμάθοι
1580 1675 1622 1697 τις
1635 1664 1686 1699 τὴν
1707 1662 1860 1701 μοναχιιὴν

1032 1713 1181 1749 ἀμυντικὴν
1207 1711 1252 1738 καὶ
1274 1711 1305 1738 τὸ
1329 1711 1387 1738 κατ’
1410 1709 1492 1744 αὐτὴν
1520 1708 1664 1747 ἀργαλέον.
1689 1706 1779 1739 Εΰθὺς
1811 1706 1861 1744 μὶν

1032 1758 1082 1795 γὰρ
1107 1757 1144 1787 εἰς
1168 1753 1323 1793 ἐμϐρίθειαλι
1355 1754 1447 1781 ἑαυτὸν
1477 1753 1587 1788 συνάξεις
1620 1753 1767 1791 βρυχᾶται,
1799 1751 1863 1789 βρι-

1036 1804 1127 1839 μᾶται,
1160 1801 1247 1837 μύζει,
1277 1799 1380 1838 σφόζει,
1410 1798 1547 1836 γογγύζει,
1567 1797 1660 1835 βύθιον
1675 1795 1866 1831 ὑποστενάζει,

1034 1847 1190 1884 προπέμπει
1206 1848 1258 1872 τῶν
1278 1845 1423 1881 μυκτήρων
1454 1843 1544 1880 ἆσθμα
1571 1842 1680 1879 συχνὸν,
1697 1839 1800 1874 ἐθέλων
1816 1839 1868 1868 καὶ

1035 1891 1173 1929 πυρπνόος
1204 1890 1288 1917 εἶναι·
1317 1888 1423 1926 συνάγει
1453 1887 1500 1918 τὰς
1530 1887 1631 1926 ὀφρῦς⁸
1662 1886 1804 1925 νεφοποιιῖ
1830 1885 1867 1912 τὸ

1036 1936 1195 1973 πρόσωπον,
1224 1936 1267 1961 νῦν
1294 1933 1332 1964 εἷς
1360 1933 1451 1971 ὠχρὸν
1484 1931 1668 1970 βαπτόμενος,
1697 1929 1776 1962 αὖθις
1789 1928 1868 1969 φλυ-

1036 1981 1115 2018 γερὸν
1146 1978 1329 2017 ἐρευθόμενος,
1354 1978 1469 2015 πάσχων
1498 1976 1543 2004 καί
1563 1987 1591 2003 τι
1605 1975 1704 2015 τεφρὸν
1719 1974 1757 2005 εἲς
1785 1975 1868 2012 χρῶ-

1037 2036 1090 2059 σιν,
1112 2025 1157 2051 καί
1181 2034 1237 2054 πως
1258 2022 1329 2050 οὕτω
1358 2021 1515 2059 πρωτεΐζων
1544 2023 1603 2052 ταῖς
1616 2019 1754 2051 τοιαύταις
1782 2028 1871 2056 μετα-

1039 2067 1144 2103 ϐολαῖς,
1173 2068 1217 2095 καὶ
1249 2067 1317 2098 τὲως
1351 2066 1454 2103 πνίγων
1489 2066 1534 2093 τὸν
1559 2067 1687 2103 προφανῆ
1708 2063 1754 2092 καὶ
1779 2062 1873 2100 θυμὸν

1039 2114 1082 2142 καὶ
1110 2113 1200 2151 λόγον.
1228 2112 1377 2148 Γενόμενος
1393 2111 1421 2138 δὲ
1448 2112 1497 2138 τοῦ
1512 2108 1637 2144 κελλιου,
1669 2108 1685 2136 Β
1715 2107 1762 2145 μὶν
1791 2106 1873 2145 λέγει

1040 2162 1233 2196 Θυμομαχῶν,
1262 2158 1321 2185 κατ’
1353 2156 1435 2184 αὐτοῦ
1460 2155 1505 2183 καὶ
1530 2154 1616 2192 μόνου
1643 2154 1790 2192 τράποιντο
1819 2151 1870 2180 καὶ

1038 2195 1092 2232 τῶν
1109 2195 1211 2240 ὁμοίων
1228 2202 1309 2238 αὐτῷ·
1328 2201 1344 2229 ἃ
1368 2200 1396 2228 δὲ
1423 2198 1646 2238 βυσσοδομεύσας
1669 2197 1716 2226 καὶ
1746 2195 1875 2234 μελετή-

1041 2260 1087 2280 σας
1102 2249 1139 2279 εἷς
1156 2250 1212 2283 φῶς
1226 2247 1352 2285 προάγει,
1367 2244 1393 2273 ἓν
1409 2256 1464 2273 τισι
1480 2246 1646 2282 θεωροῦνται
1657 2240 1788 2270 τοιοῖσδε.

1077 2292 1147 2331 ρπδ’.
1175 2293 1306 2329 Ἃρχεται
1334 2290 1386 2317 ἀπὸ
1409 2291 1463 2317 τῶν
1489 2287 1725 2326 σωματικωτίρων
1748 2286 1876 2331 ὀῌπνεο-

160 2338 260 2366 vineas
268 2337 395 2366 ecclesias
407 2337 547 2365 animalia
556 2337 668 2365 inducit
679 2347 741 2373 qua:
754 2338 899 2366 matresin
910 2339 971 2366 fruc

1044 2328 1167 2375 ματικός.
1194 2328 1247 2363 Kal
1272 2334 1408 2372 ἀμπᾶλοις
1430 2334 1477 2371 μὶν
1504 2332 1744 2369 ἐκκλησιαστικαῖς
1772 2329 1874 2370 Em?!-

161 2382 242 2410 tibus
257 2383 413 2410 devorent:
426 2382 456 2410 in
467 2383 586 2410 arbores
594 2382 723 2410 excultas
737 2392 806 2410 suos
819 2383 985 2411 adulatores

162 2427 263 2461 mittit,
280 2429 312 2454 ut
327 2435 441 2461 corvos,
459 2427 508 2462 qui
520 2435 570 2455 eos
591 2427 736 2455 fructibus
764 2428 923 2456 denudent.
954 2429 985 2455 In

162 2472 338 2500 arundineta
346 2472 408 2499 etin
422 2471 535 2507 reliqua
545 2473 664 2500 dumeta
677 2473 824 2500 ﬂammam
837 2476 985 2500 voranlem

162 2516 261 2544 infert.
278 2516 404 2544 Semitas
420 2519 562 2552 agrestes,
578 2520 607 2545 et
627 2517 753 2552 reliquas
766 2517 827 2544 vias
843 2517 919 2553 sepit
933 2517 984 2544 ho-

161 2561 293 2588 minibus
305 2560 434 2588 ecclesia:
446 2561 544 2595 ;aliam
561 2562 639 2589 viam
656 2570 760 2589 novam
773 2562 857 2596 jubet
874 2562 987 2597 aperire

160 2605 249 2634 homo
265 2606 427 2633 novitatum
440 2609 556 2634 amator
566 2609 594 2634 et
608 2607 784 2634 auotor.Eos
795 2615 811 2633 a
824 2605 988 2634 moletrinis

161 2652 241 2678 arcet
254 2658 322 2677 vere
351 2658 506 2685 perversus
529 2650 620 2678 visus.
651 2651 682 2678 In
712 2659 803 2686 aquas
831 2650 932 2683 etiam,
963 2650 988 2678 si

159 2703 249 2731 quam
262 2694 419 2722 utilitatem
435 2694 619 2730 spiritualem
629 2695 763 2723 homines
778 2695 909 2731 episcopi
920 2694 988 2723 inde

197 2775 220 2794 ιο
235 2775 317 2804 Prov.
332 2783 380 2811 xv,
395 2775 423 2802 4.
459 2775 481 2792 ⁴¹
497 2774 582 2803 Joan.
599 2783 659 2809 xxv,
672 2775 701 2803 6.

1040 2393 1086 2418 ησι
1113 2384 1168 2416 ζῶα
1197 2381 1407 2418 κατατρώγοντα
1437 2379 1485 2410 τὰς
1526 2376 1646 2415 μητέρας
1681 2375 1776 2407 αὐτοῖς
1802 2384 1874 2413 καρ-

1041 2429 1113 2457 ποῖς·
1132 2423 1252 2461 δένδροις
1269 2422 1297 2450 δὶ
1321 2422 1436 2460 ἡμέροις
1466 2421 1615 2458 ἐπιπέμπει
1638 2419 1703 2451 τοὺς
1730 2418 1797 2457 παρ’
1821 2418 1873 2447 αὖ·

1040 2474 1079 2507 τῷ
1105 2468 1326 2508 φαυλοκόλακας,
1346 2467 1390 2494 οἶα
1417 2465 1462 2493 καί
1473 2476 1549 2497 τινας
1572 2466 1702 2503 κόρακας,
1731 2462 1758 2491 οἵ
1780 2462 1874 2508 ψιλώτ

1041 2506 1131 2543 σουσιν
1162 2513 1229 2541 αὐτὰ
1255 2514 1303 2539 τοῦ
1329 2512 1454 2547 καρποῦ·
1491 2510 1569 2541 ὕλαις
1598 2508 1627 2537 δὲ
1656 2508 1801 2548 φρυγάνων
1825 2506 1874 2536 καὶ

1042 2560 1147 2587 λοιπῶν
1189 2558 1298 2594 θάμνων
1338 2553 1538 2583 ἐπαποστὲλλει
1582 2553 1672 2593 φλόγα
1711 2552 1874 2591 παμφάγον.

1041 2602 1223 2642 Ἀποιρράττει
1251 2602 1298 2631 τὰς
1327 2599 1474 2638 ἆγροτικᾶς
1505 2597 1653 2636 ἁμαξιτοὺς
1680 2597 1726 2625 καὶ
1756 2594 1871 2626 λοιποὺς

1043 2648 1201 2687 λεωφόρους
1229 2649 1288 2678 τοῖς
1310 2648 1361 2679 τῆς
1388 2643 1545 2678 ἐκκλησίας,
1577 2642 1666 2678 ἄλλην
1691 2642 1802 2687 τὲμνξιν
1813 2648 1871 2687 tam:

1042 2694 1090 2728 νήν
1107 2683 1170 2720 όδὸν
1199 2688 1413 2726 ἐπιτελλόμενος
1442 2688 1456 2715 ὁ
1472 2687 1665 2726 καινότροπος,
1694 2686 1740 2714 καὶ
1756 2684 1795 2713 δι’
1807 2683 1876 2713 αὖτὺ

199 2847 258 2889 (2i)
268 2848 296 2889 _A
309 2848 469 2884 Ναζιραῖος,
477 2847 562 2889 quod
575 2847 720 2889 lienrious
729 2848 897 2889 Stephanus
911 2849 1069 2885 Nazirzw,
1079 2849 1131 2878 aut
1143 2845 1294 2877 monachus
1303 2843 1401 2881 vertit,
1416 2851 1450 2873 eo
1467 2843 1546 2879 quod
1561 2841 1763 2873 Nazircsorum
1774 2837 1874 2870 vitam

166 2883 358 2912 auctet-iorem
371 2883 508 2912 monachi
523 2883 632 2913 fuerint
642 2884 778 2921 amplexi.

1858 2905 2030 3179 Δ
