4060 6356
287 431 409 494 889

1304 432 1409 493 DE
1449 432 1946 495 EMENDANDA
1990 431 2176 519 VITA
2218 433 2702 498 MONAGHICA.

3589 434 3732 496 890'

288 562 638 634 καινοτόμος.
673 559 942 617 Ἐκκλείει
971 561 1166 626 αὐτοὺς
1192 564 1409 618 καὶτοῦ
1455 563 1652 618 ἀλετοῧ
1700 564 1730 618 6
1775 583 1946 639 προσ-

2069 565 2312 636 capiant,
2344 565 2630 622 malitiam
2661 582 2832 622 suam
2864 569 3111 632 exercet,
3147 565 3362 636 quibus
3415 581 3566 636 opus
3594 564 3707 619 erit

290 656 439 728 φυῶς
498 652 660 729 φάναι
720 649 1032 726 ἀλιτήριος.
1066 657 1368 728 Κακουργεῖ
1422 652 1513 706 καὶ
1559 651 1637 714 εἰς
1695 649 1863 727 ὕδωρ,
1898 647 1954 705 εἶ’

289 763 374 803 τις
427 740 479 811 ἐξ
528 739 697 793 αὐτοῦ
744 740 1069 816 ψυχαγωγία
1113 745 1230 802 τοῖς
1278 739 1678 807 ἐπισκοπικοῖς,
1711 741 1772 796 οὗ
1821 737 1946 810 δεή-

294 851 459 886 σεται·
499 828 838 906 φλεγόμενός
881 851 1014 884 ποτε
1060 829 1452 886 ἀκατάκαυστα.
1512 827 1836 907 Ὀρογλυφεῖ
1893 829 1945 884 ἐν

290 925 408 982 τοῖς
454 913 556 990 ἔξω
605 918 632 973 6
680 919 779 988 τὴν
831 917 1069 989 ἐξουσίαν
1097 917 1328 990 πλατὺς,
1359 919 1451 975 καὶ
1482 915 1948 994 δυσπεριόριστος,

291 1008 381 1064 καὶ
414 1006 476 1062 οὐ
504 1006 631 1083 ῥᾷον
662 1005 1056 1082 περίγραπτος.

362 1115 453 1170 Ἐν
553 1116 622 1187 τῇ
725 1112 974 1186 συνοικίᾳ
1089 1115 1496 1191 περιεργάζεται
1625 1111 1948 1176 κατοπτείας

290 1203 318 1258 6
348 1197 714 1279 περίϐλεπτος
747 1203 842 1276 μὶν
868 1203 936 1258 τὰ
967 1201 1020 1266 ἐς
1074 1202 1410 1279 μοχθηρίαν,
1444 1203 1631 1266 ἄλλως
1689 1200 1747 1259 δὶ
1805 1203 1949 1276 ἀμυ-

289 1289 419 1367 δρᾶς
479 1289 604 1354 θέας
663 1287 828 1361 ἄξιος.
882 1293 1195 1367 Ἐπιτρὲπει
1251 1290 1482 1365 κλοπὰς,
1529 1291 1589 1348 έκ
1640 1296 1737 1348 τοῦ
1795 1293 1954 1365 ἀξιω-

293 1385 539 1454 ματικῶς
592 1378 785 1455 λογίου
815 1381 1020 1456 Ἑρμοῦ
1076 1382 1153 1444 εὶς
1210 1381 1302 1436 τὸν
1361 1387 1519 1459 φῶρα
1575 1381 1940 1457 κατενεχθείς.

291 1466 579 1524 Ἐνδίδωσι
610 1468 700 1524 καὶ
723 1469 792 1524 τὰ
821 1468 874 1532 ἐς
906 1465 1060 1546 ὕϐριν
1086 1470 1175 1526 καὶ
1207 1469 1262 1532 ές
1291 1468 1510 1546 πληγὰς
1540 1471 1567 1524 6
1593 1470 1682 1525 καὶ
1729 1470 1950 1544 ἐμπλή·

287 1556 422 1636 γδην
486 1562 594 1627 ζῶν
651 1559 743 1612 καὶ
799 1553 1147 1634 ἐφύϐριστος,
1180 1560 1356 1614 πάντα
1411 1564 1584 1614 ποιῶν
1640 1559 1730 1614 καὶ
1780 1559 1949 1633 ἁμιλ-

2058 656 2293 726 quando
2326 657 2596 711 ﬂammas
2625 654 3104 727 inextinguibiles
3130 655 3399 725 patietur.
3435 655 3495 708 In
3529 654 3705 708 rebus

2057 744 2309 798 externis
2323 743 2540 799 limites
2554 745 2944 816 assignat,qni
2965 743 3298 798 facultatem
3312 742 3490 798 latam
3509 741 3706 806 habet,

2058 835 2116 884 et
2145 831 2266 901 qui,
2299 831 2643 888 indeﬁnitus
2671 848 2806 887 cum
2839 832 2936 899 sit,
2969 848 3084 887 non
3135 831 3305 886 facile
3337 829 3706 886 circumscri-

2059 917 2238 974 bitur.

2130 1114 2193 1170 In
2224 1114 2448 1171 aedibus
2477 1115 2653 1172 homo
2709 1115 2972 1172 famosus
3031 1118 3090 1171 et
3126 1113 3226 1187 qui
3283 1131 3376 1171 res
3424 1113 3710 1171 obscuras

2059 1204 2253 1260 videre
2284 1209 2561 1272 meretur,
2593 1205 2863 1278 speculas
2913 1204 3227 1270 construit,
3269 1204 3425 1259 furta
3480 1202 3711 1272 tolerat,

2059 1310 2129 1349 ex
2156 1293 2639 1364 eloquentissimo
2684 1294 2968 1351 Mercurio
3018 1294 3077 1348 in
3127 1295 3314 1349 furem
3367 1310 3709 1349 conversus.

2058 1383 2170 1439 Sed
2205 1385 2454 1454 injurias
2486 1401 2719 1456 quoque
2751 1390 2808 1440 et
2837 1386 3076 1440 verbera
3121 1385 3411 1456 permittit
3438 1384 3490 1439 is
3521 1383 3621 1454 qui
3650 1384 3712 1439 in

2059 1476 2300 1544 stupore
2314 1489 2380 1527 ac
2393 1477 2729 1544 contemptu
2749 1473 3216 1541 vivit,etomnem
3234 1473 3484 1545 lapidem
3502 1476 3710 1539 movet,

2060 1565 2127 1616 ut
2147 1567 2280 1633 post
2297 1561 2594 1619 victoriam
2617 1561 3024 1618 formidandus
3047 1566 3106 1618 et
3125 1561 3463 1618 inaccessus
3484 1561 3712 1616 evadat.

300 1648 573 1721 λώμενος,
605 1644 676 1702 δι’
706 1648 780 1702 ὧν
815 1648 1182 1724 ὑπερτερήσας
1230 1647 1376 1704 ἔσται
1427 1643 1658 1726 φοϐερὸς
1707 1648 1796 1703 καὶ
1845 1646 2160 1722 ἀπρόσιτος.

364 1759 496 1830 ρπε’.
557 1754 658 1810 Καὶ
724 1758 890 1810 ταῦτα
951 1755 1046 1828 μὶν
1107 1755 1556 1831 σωματικώτερα.
1614 1755 1682 1810 Αἱ
1751 1752 1808 1810 δὲ
1855 1775 1957 1810 κα-

287 1843 356 1898 τὰ
410 1845 624 1916 πνεῦμα
680 1842 970 1920 τερθρεὶαι,
1020 1843 1110 1900 καὶ
1169 1865 1483 1920 σκευωριαι,
1532 1843 1622 1899 καὶ
1681 1845 1949 1921 μηχαναὶ,

289 1928 433 1986 ἄλλο
490 1930 656 1986 κακὸν
706 1930 929 2002 ἐκεῖναι,
991 1932 1174 1988 οὐκέτι
1243 1935 1381 1988 κατά
1461 1934 1753 2006 σωμάτων,
1807 1930 1954 1988 ἀλλὰ

2135 1757 2257 1812 185.
2291 1758 2397 1812 Sed
2433 1757 2554 1813 haec
2586 1759 2654 1813 ad
2711 1774 2924 1830 corpus
2976 1757 3172 1830 potius
3215 1759 3499 1828 spectant.
3533 1755 3716 1827 Spiri-

2060 1845 2245 1901 tualia
2275 1850 2471 1902 autem
2495 1846 2810 1919 prmstigia,
2840 1846 2956 1902 doli
2984 1852 3041 1902 et
3071 1845 3537 1902 machinationes
3559 1843 3718 1899 aliud

2064 1933 2204 1989 mali
2237 1951 2424 2007 genus
2456 1952 2571 1991 non
2596 1937 2723 2006 jam
2746 1940 2951 1990 contra
2975 1952 3214 2007 corpus,
3237 1935 3336 1990 sed
3375 1938 3577 1989 contra
3597 1932 3722 2005 Spi-

285 2021 404 2075 κατ’
459 2018 626 2076 αὐτοῦ
681 2024 779 2074 τοῦ
837 2021 1106 2098 παναγίου
1163 2021 1501 2095 Πνεόματος.
1553 2024 1808 2079 Ὀκνοῢσι
1864 2021 1955 2076 καὶ

2069 2024 2243 2078 ritum
2280 2029 2552 2079 sanetum
2613 2029 2796 2096 agunt
2851 2027 2909 2079 et
2950 2025 3053 2095 jus
3104 2024 3469 2096 pontificium
3515 2038 3720 2094 aggre-

297 2109 465 2180 αὐτὴν
514 2109 616 2177 τὴν
696 2110 1088 2186 ἀρχιερατικὴν
1161 2109 1452 2187 ἀναφοράν.
1511 2111 1610 2164 Καὶ
1687 2107 1952 2165 ἐκλαλου-

295 2199 462 2271 μένου
525 2201 624 2253 τοῦ
678 2198 976 2254 ἐπισκόπου
1027 2197 1078 2254 ἂν
1105 2203 1224 2261 τοῖς
1255 2197 1630 2274 εὖαγεστάτοις
1691 2199 1956 2274 μυστηρί-

301 2306 407 2356 οις,
467 2285 722 2340 ἀκούουσι
799 2287 914 2360 μὲν,
969 2288 1108 2360 (πῶς
1169 2288 1272 2364 γὰρ
1331 2286 1390 2342 ἂν
1445 2284 1560 2358 οὕς)
1613 2291 1720 2342 τῶν
1780 2292 1957 2363 θυρῶν

302 2373 660 2449 ἀνεῳγμένων
711 2377 782 2448 τῇ
833 2374 995 2448 ἀκοῇ,
1053 2374 1143 2430 καὶ
1212 2373 1613 2450 εἰσδεχομένων
1671 2375 1956 2451 αὐτοφυῶς

302 2464 367 2518 τὸ
401 2460 764 2536 λαλούμενον,
799 2462 888 2518 ὅτε
915 2483 1000 2526 τις
1035 2465 1112 2538 μὴ
1143 2464 1398 2542 κωφεύειο
1435 2466 1584 2527 ὅπως
1618 2463 1677 2520 δὲ
1717 2464 1955 2520 διάκειν-

300 2573 389 2607 ται
448 2552 574 2624 περὶ
629 2553 720 2607 τὸν
778 2553 1104 2628 ἀναφορικὸν
1149 2552 1335 2630 λόγον,
1371 2554 1398 2609 6
1428 2553 1760 2630 παρατυχὼν
1821 2550 1958 2609 εἷ’σε-

297 2662 408 2698 ται.
466 2640 535 2698 Τί
585 2637 644 2696 δὶ
696 2640 930 2712 εἷ’σεταις
990 2643 1340 2716 Ἀνθρώπους
1417 2640 1541 2698 οὔτε
1590 2647 1671 2715 τῷ
1727 2643 1956 2716 στόματι

297 2730 475 2785 αὐτῶν
517 2727 931 2804 ἐνδιακειμένως
981 2730 1358 2806 εὖλογοῦντας,
1391 2732 1481 2786 καὶ
1537 2734 1607 2806 τῇ
1656 2729 1853 2808 καρδίᾳ
1901 2729 1960 2786 δὲ

296 2810 743 2893 καταρωμένους,
786 2819 861 2880 ὡς
919 2817 1113 2876 ἔοικεν.
1166 2821 1235 2876 Οἱ
1285 2817 1332 2875 δ’
1388 2819 1542 2875 αὐτοὶ
1595 2820 1960 2896 ἀπαρνοῦνται

301 2906 393 2962 καὶ
418 2907 518 2976 τὴν
553 2904 644 2961 διὰ
670 2904 767 2962 τοῦ
826 2905 1032 2962 οἷ’κείου
1087 2908 1388 2963 έπισκόπου
1439 2909 1806 2986 χειροτονίαν.
1842 2909 1961 2963 Διό-

303 3015 403 3070 περ
435 2995 463 3050 6
512 2994 700 3072 μέγας,
733 2998 769 3066 ἠ
801 2995 1036 3074 κεφαλὴ,
1067 2998 1096 3053 6
1145 2996 1298 3064 Θεὸς,
1332 2994 1526 3068 δεῆσαν
1580 2992 1959 3074 προϐιϐασθῆ-

303 3103 390 3138 ναι
443 3083 603 3140 αὐτὸν
660 3084 736 3147 εἷς
795 3085 930 3160 ὕψος
992 3086 1199 3162 ἱερέως,
1261 3087 1536 3150 ὑποθεῖναι
1601 3087 1695 3160 μὶν
1728 3088 1830 3156 τὴν
1877 3107 1962 3141 κε-

305 3170 485 3250 φαλὴν
544 3179 624 3247 τῷ
679 3173 918 3250 ἰθαγενεῖ
979 3175 1228 3252 ἀρχιερεῖ
1282 3173 1553 3251 ἐξάγιστον
1621 3173 1812 3246 οἷέται,
1873 3177 1960 3230 ἀν-

304 3263 510 3338 θρώπῳ
561 3262 651 3318 καὶ
703 3268 869 3320 ταῦτα
923 3259 1062 3338 ὄντι,
1098 3265 1440 3339 μεμαθηκότι
1477 3265 1575 3334 τὴν
1633 3269 1731 3321 τοῦ
1791 3265 1962 3322 Ilvati-

305 3373 474 3459 ματρς
531 3348 761 3459 δωρεῗν,
785 3352 873 3408 καὶ
934 3358 1290 3459 κατορθοῦντι
1335 3353 1420 3410 τό’
1468 3377 1491 3409 ε
1526 3353 1738 3430 Δωρεὰν
1769 3349 1960 3411 ἐλάϐε-
1990 3391 2033 3459 C

297 3460 376 3507 τε,
409 3439 614 3512 δωρεὰν
678 3438 820 3497 δότε·
853 3442 1001 3498 »καὶ
1061 3444 1122 3498 τὸ
1183 3444 1500 3516 σιμωνίζειν
1559 3444 1638 3506 εἰς
1693 3445 1955 3520 τάρταρον

296 3531 533 3585 καθιέντι
591 3527 660 3584 δι’
709 3531 1060 3604 ἀναθέματοςο
1096 3532 1264 3607 ἑτέρῳ
1313 3529 1371 3587 δὲ
1418 3532 1609 3604 ξενικῷ
1656 3533 1724 3588 τά
1770 3553 1834 3609 γε
1879 3532 1957 3594 εἷς

300 3615 508 3692 ἐνορίαν
584 3613 855 3696 πρόσεισι,
912 3620 1005 3674 καὶ
1079 3618 1226 3692 αὐτῷ
1300 3620 1682 3698 ἀπλουστέρῳ,
1734 3621 1825 3676 καὶ
1884 3621 1962 3685 εἰς

302 3705 557 3786 ἀφέλειαν
586 3705 956 3782 πεπλασμένῳ
983 3708 1074 3765 καὶ
1107 3707 1211 3782 ο⁹ίῳ
1245 3711 1322 3783 μὴ
1372 3705 1658 3767 ἐκϐάλλειν
1708 3704 1810 3782 ἔξω
1863 3711 1956 3766 τὸν

298 3797 550 3852 ὁπωσοῦν
581 3796 729 3870 αὐτῷ
758 3800 1226 3874 προσερχόμενον’
1261 3800 1505 3856 ὀκνοῦντι
1555 3798 1613 3855 δὶ
1659 3805 1750 3856 καί
1780 3799 1959 3856 πολυ-

294 3893 684 3962 πραγμονῆσαι
732 3887 827 3942 τὸν
871 3885 1047 3943 πολὺν
1111 3889 1376 3964 μοναχὸν,
1407 3889 1488 3951 τίς
1541 3888 1638 3958 ὣν,
1694 3889 1786 3944 καὶ
1840 3892 1958 3952 οἷος

297 3976 390 4030 καὶ
424 3974 607 4045 πόθεν,
635 3975 726 4030 καὶ
757 3972 903 4031 διατί
932 3977 1070 4052 πρὸς
1110 3977 1274 4032 αὐτὸν
1331 3975 1551 4052 ἔρχεται
1582 3996 1595 4048 ;
1631 3977 1729 4035 Καὶ
1787 3997 1958 4048 προσ-

299 4061 472 4119 ελθὼν
529 4068 608 4136 τῷ
655 4063 891 4137 τοιούτῳ
943 4063 1225 4138 ἐπισκόπῳ
1281 4070 1517 4142 παριστᾷ
1593 4065 1683 4121 καὶ
1753 4086 1956 4141 μαρτυ-

301 4151 485 4226 ρικοὺς
542 4150 760 4229 ἄνδρας,
791 4153 960 4229 τυχὸν
1024 4153 1118 4228 μὲν
1177 4153 1268 4209 καὶ
1307 4153 1505 4210 ἐκεῖθεν
1539 4155 1786 4230 ἀγνῶτας
1843 4153 1958 4209 ἐπι-

302 4241 615 4306 σκοπικούς·
649 4241 750 4297 οὐκ
805 4240 1018 4305 εἷδότας
1081 4244 1200 4316 μὶν,
1231 4241 1674 4322 ἒγγραφομένους
1733 4241 1793 4298 δὲ
1845 4241 1960 4298 δώ·-

301 4349 410 4406 ρων
466 4330 535 4386 τὰ
593 4331 726 4407 ὑπὶρ
764 4336 863 4386 τοῦ
927 4331 1411 4407 μαρτυρουμένουθ
1446 4329 1580 4395 ἴσως
1639 4329 1698 4388 δὶ
1754 4331 1844 4387 καὶ
1899 4332 1960 4388 ἐκ

293 4424 399 4489 τῆς
431 4427 625 4493 μονῆς,
657 4419 840 4494 (ποίας
873 4428 1042 4494 μονῆς
1071 4423 1109 4496 ;)
1143 4421 1219 4484 εἰς
1248 4423 1310 4492 ἣν
1367 4419 1600 4486 ἄλλοθεν
1653 4422 1757 4477 ἀπὸ
1806 4421 1959 4493 ξένης

292 4507 448 4579 ἥκων
490 4514 691 4586 κουρᾶς
739 4511 768 4565 ὁ
815 4511 1142 4585 ἡγούμενος,
1173 4512 1264 4568 καὶ
1317 4510 1523 4588 βραχύν
1575 4532 1699 4567 τινα
1753 4511 1958 4587 χρόνον

297 4595 566 4673 ἐπισχὼν,
597 4597 688 4654 καὶ
749 4598 1068 4664 ἀκολούθως
1123 4599 1472 4676 βραχυτάτην
1529 4605 1720 4676 πεῖραν
1768 4601 1960 4656 ἑαυτοῦ

299 4681 557 4750 δεδωκὼς
599 4691 717 4750 τοῖς
747 4687 1029 4758 ἀδελφοῖς,
1063 4694 1413 4766 μαρτυρεῖται
1458 4691 1606 4765 παρὰ
1658 4693 1737 4762 τῷ
1783 4686 1958 4745 ἀλλο-

302 4770 462 4848 δαπῷ
519 4775 802 4849 έπισκόπῳ
859 4776 993 4850 ὑπὲρ
1045 4781 1144 4832 τοῦ
1298 4764 1684 4852 γενεῆςγὸλου
1719 4776 1862 4854 βίου·
1899 4775 1962 4832 οὐ
1993 4764 2040 4829 Ῑ)

301 4861 466 4940 μόνον
500 4865 689 4922 ἑαυτὸν
731 4863 943 4940 ψεύδων
996 4867 1024 4920 6
1073 4863 1399 4945 ἀδιάφορος,
1423 4866 1513 4921 καὶ
1559 4868 1654 4923 τὸν
1707 4885 1963 4943 χειροτο-

294 4954 557 5025 νήσαντα,
588 4955 679 5011 καὶ
725 4955 817 5010 τὸν
866 4955 1002 5034 ἀμφ’
1048 4954 1195 5027 αὐτῷ
1237 4953 1470 5032 κλῆρον,
1502 4953 1649 5012 ἀλλὰ
1695 4955 1786 5010 καὶ
1834 4955 1964 5018 τοὺς

301 5041 581 5120 μάρτυρας
607 5042 886 5120 μοναχοὺς
918 5038 1252 5101 ὁποϐάλλων
1281 5048 1362 5117 τῷ
1410 5042 1470 5099 ἐκ
1524 5048 1658 5099 Θεοῦ
1713 5042 1960 5120 κρίματι.

295 5131 400 5186 Καὶ
461 5131 606 5189 οὕτω
657 5132 1078 5208 τεχνασάμενος,
1131 5132 1221 5189 καὶ
1277 5135 1378 5203 τὴν
1439 5131 1703 5210 ἱερατείαν
1753 5132 1964 5208 κλέψας

296 5219 414 5294 ἅμα
469 5222 561 5277 καὶ
613 5223 970 5297 τυραννήσας,
1031 5217 1512 5298 προσλαμϐάνεται
1581 5222 1672 5277 καὶ
1731 5220 1960 5293 ἄλλους,

296 5305 357 5364 εἶ’
378 5331 480 5384 περ
531 5309 728 5380 ιθέλει,
765 5311 1038 5386 μετόχους
1085 5311 1283 5386 ὁμοίας
1324 5311 1591 5386 πράξεως,
1637 5311 1726 5366 καὶ
1775 5309 1962 5366 ἰπισυ-

2067 2111 2332 2168 diuntur.
2382 2113 2474 2180 Hi,
2533 2115 2674 2168 dum
2734 2112 3029 2184 pontificis
3084 2129 3295 2168 nomen
3352 2112 3507 2166 inter
3552 2126 3722 2166 sacra

2066 2201 2345 2270 mysteria
2374 2201 2605 2270 citatur,
2636 2201 2889 2257 audiunt
2933 2201 3194 2274 quidem,
3243 2201 3422 2271 idque
3449 2215 3722 2254 necessa-

2065 2291 2189 2358 rio;
2234 2290 2429 2361 januzs
2466 2291 2622 2346 enim
2681 2297 2894 2362 apertae
2953 2289 3329 2345 audientibus
3387 2288 3610 2343 faciunt
3657 2290 3722 2342 ut

2066 2378 2341 2450 quisquis
2373 2397 2486 2435 non
2522 2380 2696 2451 plane
2726 2380 2945 2434 surdus
2977 2384 3085 2444 est,
3120 2379 3278 2433 dicta
3317 2377 3536 2432 audiat.
3570 2374 3715 2441 Quid

2065 2472 2261 2523 autem
2295 2469 2366 2522 de
2389 2483 2658 2524 sermone
2681 2467 2920 2523 relativo
2942 2466 3523 2534 sentiant,neminem
3547 2465 3719 2536 fugit.

2066 2555 2213 2620 Quid
2244 2555 2440 2612 illud?
2488 2557 2762 2612 Homines
2811 2557 2941 2612 sine
2985 2557 3165 2612 dubio
3224 2555 3444 2610 videbit
3483 2553 3584 2624 qui
3617 2569 3722 2608 nec

2068 2661 2166 2702 ore
2198 2646 2425 2701 sincero
2457 2663 2561 2702 nec
2582 2647 2754 2702 corde
2777 2647 2922 2702 bene
2953 2647 3024 2701 de
3047 2645 3120 2700 iis
3141 2641 3582 2716 loquuntur.llli
3605 2641 3721 2713 ipsi

2067 2739 2264 2791 autem
2299 2751 2539 2790 manum
2598 2736 2745 2807 ipsis
2795 2752 2829 2791 a
2887 2735 3118 2807 proprio
3169 2735 3443 2805 episcopo
3497 2728 3721 2801 imponi

2068 2821 2295 2878 nolunt.
2332 2823 2491 2878 Hanc
2522 2827 2596 2878 ob
2627 2839 2866 2878 causam
2915 2823 3172 2893 pontifex
3217 2835 3490 2893 magnus,
3524 2823 3717 2888 caput,

2069 2917 2243 2981 Deus,
2277 2911 2377 2967 ubi
2410 2912 2480 2967 ad
2542 2911 2962 2968 sacerdotalem
2997 2911 3342 2982 dignitatem
3383 2907 3720 2964 evehendus

2071 3006 2241 3069 esset,
2274 3005 2452 3072 caput
2512 3000 2770 3074 pontifici
2832 2999 3092 3071 legitimo
3152 2998 3500 3054 submittere
3556 2995 3721 3050 nefas

2069 3090 2344 3158 habebat,
2391 3090 2489 3161 qui
2541 3091 2649 3145 hac
2705 3093 2762 3145 in
2796 3105 2856 3145 re
2917 3090 3091 3144 homo
3134 3092 3277 3155 erat,
3329 3087 3430 3158 qui
3462 3085 3720 3158 Spiritus

2069 3179 2259 3235 sancti
2306 3180 2526 3234 donum
2551 3179 2852 3247 didicerat,
2879 3178 2978 3249 qui
2997 3177 3531 3248 comprehendebat
3552 3174 3722 3230 illud.

2071 3288 2100 3319 «
2116 3267 2308 3324 Gratis
2321 3267 2838 3340 accepistis,gratis
2852 3267 2984 3322 date
2996 3268 3094 3333 “;n
3107 3266 3208 3338 qui
3222 3265 3485 3321 simoniae
3499 3263 3719 3318 crimen

2071 3355 2575 3412 anathematizans
2607 3360 2824 3411 tartaro
2873 3354 3156 3424 tradidit;
3189 3355 3290 3426 qui
3330 3351 3552 3409 externi
3599 3350 3721 3423 epi-

2070 3445 2232 3516 BGOpi
2254 3445 2554 3500 dioecesim
2578 3445 2700 3499 adit
2719 3443 3008 3516 simplicis
3030 3449 3087 3499 et
3107 3443 3340 3499 candidi
3363 3446 3420 3498 et
3440 3441 3540 3514 qui
3563 3442 3722 3511 ejus-

2068 3534 2228 3590 modi
2259 3535 2512 3590 advenas
2546 3551 2660 3588 non
2684 3533 3138 3604 tergiversatur;
3173 3531 3273 3603 qui
3305 3547 3421 3586 non
3451 3528 3575 3584 vult
3599 3545 3721 3584 mo-

2069 3623 2324 3678 nachum
2358 3622 2535 3677 nimis
2563 3622 2860 3678 curiosum
2893 3621 3189 3693 inquirere
3221 3619 3354 3692 quis
3385 3617 3600 3689 aliquis
3623 3617 3720 3686 sit,

2067 3714 2252 3784 cujus,
2285 3717 2342 3768 et
2369 3729 2548 3785 quam
2579 3713 2652 3767 ob
2685 3728 2806 3767 rem
2839 3711 3036 3783 ipsum
3085 3709 3341 3765 adierit?
3371 3708 3589 3764 Adiens
3619 3723 3722 3762 au-

2068 3805 2186 3858 tem
2219 3801 2302 3856 illi
2335 3801 2609 3873 episcopo
2641 3805 2820 3857 testes
2875 3801 3157 3871 producet
3185 3799 3492 3870 episcopos
3523 3795 3624 3867 qui
3656 3811 3722 3850 eo

2067 3891 2128 3946 in
2159 3891 2285 3946 loco
2312 3890 2557 3946 forsitan
2592 3890 2776 3962 ignoti
2829 3894 2971 3944 sunt
3015 3890 3116 3944 sed
3175 3887 3564 3943 nihilominus
3598 3901 3722 3939 mu-

2068 3996 2211 4036 nera
2241 3995 2344 4050 pro
2399 3978 2738 4034 testimonio
2797 3977 3134 4049 accipiunt;
3166 3981 3266 4032 aut
3324 3977 3469 4031 forte
3499 3991 3566 4030 ex
3597 3989 3724 4028 mo-

2068 4068 2326 4124 nasterio
2358 4067 2554 4139 aliquo
2605 4067 2678 4122 ab
2737 4067 2928 4122 allena
2984 4070 3231 4122 tonsura
3287 4064 3527 4120 advenit
3570 4079 3722 4135 prae-

2066 4156 2271 4224 fectus,
2306 4155 2406 4228 qui
2456 4160 2588 4228 post
2638 4155 3007 4227 aliquantum
3063 4153 3345 4225 temporis
3385 4156 3721 4224 promptum

2067 4247 2159 4302 sui
2195 4245 2588 4318 cognoscendi
2642 4244 2922 4300 fratribus
2973 4244 3269 4315 specimen
3319 4241 3571 4308 exhibet,
3603 4245 3720 4295 tes-

2065 4335 2242 4391 tando
2269 4336 2419 4406 apud
2452 4338 2798 4389 extraneum
2820 4333 3164 4405 episcopum
3187 4332 3259 4387 de
3287 4336 3412 4386 tota
3435 4347 3543 4385 sua
3571 4328 3721 4397 vita,

2068 4423 2274 4480 fallens
2307 4439 2409 4495 per
2437 4422 2821 4479 indolentiam
2851 4426 2907 4478 et
2947 4439 3010 4478 se
3058 4425 3116 4478 et
3161 4421 3472 4477 electorem
3504 4421 3561 4474 et
3589 4433 3720 4474 om-

2067 4528 2200 4569 nem
2233 4511 2478 4578 clerum,
2512 4512 2614 4567 sed
2665 4511 2985 4567 monachos
3037 4514 3218 4566 testes
3258 4509 3486 4581 judicio
3525 4506 3722 4563 divino

2067 4602 2328 4674 subjicit.
2362 4602 2430 4656 Et
2460 4600 2545 4657 sic
2575 4601 2812 4673 quidem
2838 4601 3164 4657 sacerdotio
3185 4599 3395 4656 callide
3418 4603 3721 4668 usurpato,

2070 4690 2214 4748 alios
2275 4706 2510 4762 quoque
2563 4691 2635 4745 ad
2695 4690 2929 4746 libitum
2989 4688 3255 4745 criminis
3312 4686 3581 4744 conscios
3627 4702 3725 4741 as-

2073 4780 2278 4846 sumit,
2309 4778 2602 4852 extemplo
2649 4779 2969 4836 monachos
2998 4796 3030 4834 a
3077 4793 3253 4851 grege
3295 4793 3403 4832 suo
3435 4775 3545 4831 sibi
3586 4789 3725 4830 con-

2074 4869 2263 4926 sociat
2289 4873 2346 4923 et
2376 4867 2485 4923 hoc
2517 4867 2689 4923 modo
2710 4873 2929 4923 temere
2960 4867 3161 4934 afﬁcit,
3186 4871 3250 4921 ut
3271 4865 3519 4921 fratrum
3551 4862 3725 4920 colle-

2073 4957 2167 5031 gio
2199 4974 2314 5012 non
2350 4956 2496 5011 alios
2529 4955 2758 5011 labores
2787 4972 2853 5010 ac
2886 4960 3166 5026 sumptus
3217 4958 3514 5010 causatur.
3547 4950 3728 5018 Quale

2073 5045 2318 5117 accepit,
2350 5044 2465 5100 tale
2498 5044 2691 5099 reddit
2737 5045 3144 5100 testimonium
3192 5044 3411 5115 quibus
3440 5041 3726 5110 voluerit;

2074 5135 2337 5190 debitum
2373 5133 2772 5190 adulterinum
2799 5131 2990 5189 reddit
3009 5137 3067 5189 et
3096 5136 3368 5188 mutuum
3400 5130 3633 5187 virtutis
3651 5128 3728 5185 si-

2073 5223 2405 5280 mulacrum
2458 5223 2711 5279 exhibet.
2743 5222 2802 5278 Si
2856 5223 3064 5279 fratres
3115 5240 3213 5295 per
3271 5222 3488 5278 falsum
3519 5219 3727 5276 ludum

2072 5313 2220 5369 alios
2252 5317 2385 5384 post
2414 5311 2562 5367 alios
2587 5311 2860 5383 episcopo
2892 5313 2964 5367 ob
2995 5311 3198 5367 oculos
3228 5312 3550 5367 adducunt.

303 5401 539 5477 ράμενος
595 5399 787 5457 αὐτίκα
843 5399 920 5465 εἷς
977 5402 1306 5476 παράστασιν
1372 5399 1655 5478 μοναχοὺς
1715 5399 1775 5457 ἒκ
1843 5406 1947 5472 τῆς
2001 5401 2120 5457 κατ’
2181 5400 2340 5456 αὐτὸν
2396 5397 2658 5472 ποίμνης,
2716 5397 2806 5454 καὶ
2863 5403 2961 5472 μιᾷ
3013 5397 3184 5472 ταύτῃ
3244 5397 3357 5470 6δῷ
3413 5395 3589 5452 πλείω
3644 5395 3726 5470 ἐξ·

302 5489 502 5554 ανόσας
560 5489 707 5565 αὖτῷ
761 5489 1058 5569 ἀρέσκοντα
1107 5489 1264 5570 ἔργα,
1312 5487 1405 5547 ’ίνα
1464 5490 1541 5567 μὴ
1599 5489 1691 5548 καὶ
1748 5488 1953 5555 κόπους
2006 5487 2214 5554 ἄλλους
2264 5488 2354 5545 καὶ
2400 5487 2637 5552 δαπάνας
2694 5485 2983 5564 προξενοίη
3040 5490 3110 5562 τῇ
3163 5483 3518 5567 ἀδελφότητι.
3569 5489 3728 5566 Μαρ-

379 5757 454 5800 ⁴¹⁶
482 5759 694 5822 Matth.
721 5775 786 5835 ι,
810 5762 869 5820 8.
