4060 6356
308 407 418 470 891

1080 414 1503 476 EUSTATHII
1547 413 2316 477 THESSALONIGENSIS
2363 410 2949 476 METROPOLITE

3611 419 3756 482 892

303 538 558 612 τυρηθεὶς
589 538 750 604 αὐτὸς
780 542 1186 618 ἀντιμαρτυρεῖ,
1222 543 1313 607 οὖς
1341 543 1401 598 ἂν
1435 546 1666 618 αἱροῖτο’
1701 541 1941 605 ἀποδοὺς
1969 543 2033 597 τὸ
2063 541 2273 597 ἀνόσιον
2309 537 2558 615 ὄφλημα,
2589 541 2680 596 καὶ
2704 543 2807 612 τὴν
2835 543 2940 600 οὐκ
2969 541 3364 617 ἆπαινουμένην
3411 542 3745 619 διάλληλον

302 629 401 690 τῆς
433 628 631 701 ἀρετῆς
667 626 828 700 δεῖξιν
864 630 1087 694 ἐνταῦθα
1120 631 1468 704 μεθοδεύσας.
1505 633 1758 704 Ἀληθῶς
1789 633 1890 709 γὰρ
1923 630 1994 686 δι’
2023 630 2287 702 ἀλλήλων
2317 630 2451 686 κατά
2479 652 2598 686 τινα
2637 630 2868 710 ἔμφασιν
2919 635 3018 701 τῆς
3078 631 3482 707 περιᾳδομᾶνης
3531 635 3746 711 κύκλῳ

306 709 409 734 ου..
558 714 722 734 οηη
899 717 1065 734 ...ις
1162 722 1334 734 .-.
1492 724 1501 734 .
1729 725 1737 734 .
3023 725 3031 734 .

303 709 517 786 δείξεως
546 714 832 788 ἀλλήλους
867 720 918 773 οἱ
952 717 1176 798 ἀδελφοὶ
1207 727 1286 794 τῷ
1317 722 1597 796 ἰπισκόπῳ
1625 725 1974 793 συνέστησαν.

373 824 495 877 186.
524 826 590 880 Et
613 827 697 881 sic
721 828 956 898 quidem
982 846 1264 885 manuum
1285 832 1720 902 impositionem
1743 848 1947 903 caupo-

2138 829 2276 900 ρπς’.
2309 827 2406 881 Καὶ
2449 827 2592 882 οὕτω
2641 827 2984 904 χειροτονίαν
3035 827 3532 904 ἑμπορευσάμενοι,
3585 831 3741 887 ἀπο-

306 913 424 966 nati
458 917 875 970 monasterium
909 924 1199 989 occupant
1260 920 1524 976 homines
1584 938 1697 976 non
1743 937 1950 976 conse-

303 1002 471 1070 crati,
507 1019 578 1056 ne
608 1005 798 1059 dicam
825 1007 1049 1076 profani
1077 1033 1089 1071 ;
1123 1010 1308 1064 sancti
1331 1009 1492 1080 prius
1525 1011 1952 1081 profani,antea

301 1090 360 1144 in
393 1089 698 1148 ecclesiam
758 1094 1024 1164 admissi,
1057 1113 1213 1152 nunc
1261 1103 1424 1153 extra
1472 1114 1705 1154 omnem
1751 1097 1949 1154 Eccle-

300 1178 473 1234 siam.
510 1185 780 1236 Attamen
811 1188 1008 1253 pastor
1037 1185 1165 1241 sine
1193 1186 1458 1258 imperio,
1487 1188 1613 1242 sine
1643 1186 1790 1258 lege,
1823 1186 1950 1243 sine

299 1268 556 1338 pascuis,
591 1270 688 1340 qui
723 1271 984 1342 sigillum
1036 1273 1266 1346 regium
1324 1275 1616 1344 contrivit,
1649 1293 1805 1330 nunc
1834 1281 1950 1330 tre-

301 1357 535 1412 mendis
571 1362 868 1431 mysteriis
901 1367 1108 1432 praeest
1155 1369 1212 1418 et
1260 1370 1632 1420 sacrosancto
1664 1365 1948 1421 sacriﬁcio

300 1447 584 1517 iungitur.
621 1452 729 1504 Pro
760 1466 826 1504 eo
858 1455 914 1505 et
961 1468 1095 1508 cum
1151 1469 1217 1507 eo
1247 1453 1437 1508 cmteri
1496 1451 1695 1526 preces
1729 1455 1950 1509 faciunt

299 1552 650 1606 persuasum
675 1538 958 1595 habentes
984 1543 1162 1596 Deum
1184 1541 1343 1613 ipsos
1364 1544 1776 1599 exauditurum
1796 1561 1946 1600 esse.

297 1623 481 1679 Aliter
522 1631 720 1680 autem
760 1644 854 1681 res
897 1645 959 1683 se
998 1630 1174 1683 habet
1217 1631 1265 1684 si
1292 1631 1434 1686 ﬁdes
1461 1632 1730 1687 habenda
1768 1634 1946 1704 scrip-

297 1713 447 1767 turis
479 1715 685 1780 sacris,
736 1720 792 1770 et
840 1718 1081 1772 omnino
1139 1723 1229 1772 est
1273 1719 1561 1776 habenda.
1616 1721 1761 1777 Nam
1804 1723 1949 1777 ﬁdu-

298 1800 524 1856 cialiter
539 1819 607 1858 ea
629 1803 754 1858 loca
778 1805 1014 1861 nomino
1039 1823 1162 1877 qua:
1193 1809 1452 1878 pontifex
1479 1810 1804 1866 naturalis:
1832 1828 1944 1866 non

298 1888 556 1960 inspicit,
608 1908 781 1962 quem
830 1894 1101 1965 equidem
1150 1895 1500 1969 legitimum,
1535 1901 1946 1971 apostolicum,

296 1980 620 2049 genuinum
665 1985 990 2038 secundum
1023 1985 1327 2056 antiquam
1376 1988 1750 2044 traditionem
1782 1989 1946 2045 dixe-

295 2066 430 2134 rim,
465 2084 599 2122 cum
632 2085 750 2140 qua
808 2073 1130 2142 prooemiun
1189 2077 1464 2147 congruit
1522 2083 1578 2133 et
1634 2095 1811 2150 quam
1841 2095 1946 2134 nec

292 2154 580 2212 Dominus
611 2158 737 2230 ipse
768 2160 1024 2233 inspicit.

367 2331 490 2386 187.
527 2332 946 2392 Monachorum
977 2339 1185 2396 deinde
1223 2343 1501 2398 acerbum
1531 2344 1587 2398 in
1618 2344 1941 2400 antistitem

293 2419 494 2475 odium
519 2422 655 2477 inde
685 2425 841 2478 venit
871 2428 1027 2496 quod
1059 2428 1258 2484 vident
1288 2432 1573 2486 rationem
1618 2433 1733 2504 ipsi
1763 2433 1942 2490 facto-

292 2525 424 2562 rum
459 2526 574 2564 non
599 2511 977 2585 reddendam,
1002 2517 1155 2587 quod
1186 2519 1401 2574 mirum
1433 2521 1492 2575 in
1512 2522 1751 2577 modum
1769 2523 1941 2579 affec-

289 2600 418 2652 tant
448 2600 760 2669 monachi;
795 2603 1048 2672 quietem
1090 2606 1199 2677 ipsi
1249 2608 1514 2665 invident
1562 2629 1678 2682 qua
1723 2611 1835 2683 ipsi
1870 2613 1936 2667 li-

289 2686 496 2742 benter
525 2687 847 2759 luerentur,
880 2693 1028 2748 adde
1061 2695 1209 2750 altos
1233 2697 1477 2768 spiritus
1503 2703 1560 2753 et
1589 2699 1938 2757 diabolicam

291 2777 709 2847 arrogantiam.
745 2779 873 2836 Haec
903 2781 1056 2837 enim
1099 2787 1254 2856 apud
1288 2803 1350 2841 se
1384 2793 1658 2858 reputant
1687 2791 1865 2860 quod,
1889 2791 1939 2846 si

293 2865 602 2935 pontiﬁces
634 2883 748 2923 non
781 2877 998 2940 essent,
1030 2872 1142 2944 ipsi
1193 2877 1481 2931 mundum
1537 2879 1793 2948 potentia
1832 2897 1941 2935 sua

292 2952 607 3024 replerent,
660 2961 717 3011 et
745 2959 900 3028 quod
951 2961 1112 3017 nulla
1158 2963 1402 3020 ecclesia
1433 2965 1565 3022 aliis
1625 2967 1738 3023 nisi
1772 2969 1940 3040 nigra

291 3043 524 3098 cuculla
561 3044 785 3102 indutis
815 3048 1100 3106 obediret.
1139 3051 1304 3108 Tales
1335 3055 1516 3125 igitur
1545 3072 1678 3111 cum
1711 3056 1850 3123 sint,
1883 3062 1940 3114 et

291 3145 425 3217 cum
482 3136 644 3187 tanto
685 3137 1008 3217 praesulem
1065 3141 1198 3195 odio
1256 3150 1704 3214 persequantur,
1753 3161 1938 3217 eoque

291 3209 427 3265 odio
458 3227 573 3266 non
605 3213 852 3286 vulgari,
876 3218 977 3272 sed
1000 3209 1514 3291 quod,secundu—m
1539 3209 1937 3296 Psalmistam,

289 3297 633 3356 inimicitias
662 3309 838 3375 creat,
868 3309 1080 3362 etcum
1112 3307 1326 3364 idcirco
1361 3312 1605 3369 miseros
1634 3315 1938 3387 episcopos

292 3388 733 3464 pertimescunt,
766 3393 906 3450 mali
939 3396 1205 3453 homines
1253 3415 1352 3455 eos
1385 3417 1618 3475 quoque
1665 3403 1940 3475 maligni-

289 3476 427 3532 tatis
456 3485 754 3536 accusant.

361 3583 484 3638 188.
513 3585 558 3641 Ο
587 3593 784 3642 sancte
841 3591 1147 3661 monache,
1179 3593 1228 3649 si
1284 3596 1594 3668 episcopus
1643 3601 1753 3654 sub
1809 3617 1938 3671 per-
1970 3559 2012 3625 Ο

290 3673 593 3729 secutione
626 3680 684 3730 et
712 3675 772 3732 in
823 3678 962 3750 fuga
1010 3680 1236 3751 injurias
1267 3683 1439 3739 illata:
1491 3703 1715 3742 memor
1743 3693 1851 3756 est,
1885 3693 1943 3745 et

292 3763 381 3830 tu,
416 3761 516 3831 qui
547 3779 683 3818 eum
734 3765 862 3822 sine
919 3784 1098 3824 causa
1145 3775 1533 3844 persequeris,
1591 3781 1670 3846 et,
1705 3781 1769 3832 ut
1806 3795 1941 3834 cum

294 3848 596 3920 Scrpitura
623 3851 848 3924 loquar,
875 3860 938 3911 ut
965 3859 1219 3914 tenebrae
1239 3865 1297 3915 et
1327 3868 1520 3918 metus
1551 3864 1610 3919 in
1642 3881 1777 3920 eum
1797 3866 1941 3938 ruis,

293 3953 410 4008 quo
440 3941 678 3997 tandem
710 3959 948 4002 nomme
977 3949 1275 4004 vocaberis
1297 3949 1324 4004 ?
1371 3951 1590 4008 Memor
1626 3953 1944 4011 beneficio-

292 4042 451 4098 rum,
481 4028 531 4084 si
564 4032 795 4103 quidem
822 4050 1034 4092 nomen
1064 4036 1389 4095 indendum
1421 4046 1531 4097 est.
1563 4043 1630 4098 Et
1661 4043 1760 4099 ubi
1783 4044 1942 4101 aliud

294 4116 515 4173 bonum
544 4137 721 4192 penes
749 4126 804 4178 te
834 4125 1086 4194 erit,nisi
1108 4129 1264 4198 quod
1292 4129 1394 4184 tibi
1415 4130 1692 4202 inprimis
1711 4133 1945 4206 placet?

292 4210 477 4263 Deum
511 4208 708 4281 ipsum
738 4215 946 4269 testem
980 4232 1149 4272 sumo
1182 4219 1337 4288 quod
1370 4219 1441 4288 si,
1473 4236 1596 4291 quas
1632 4239 1733 4292 per
1755 4227 1945 4279 totum

295 4311 517 4352 annum
550 4299 706 4355 mala
736 4308 932 4358 mente
963 4308 1163 4360 contra
1209 4306 1549 4378 episcopum
1582 4315 1751 4366 tuum
1784 4312 1946 4382 cogi-

294 4386 457 4456 tasti,
491 4404 648 4444 nunc
679 4406 748 4444 ex
779 4390 932 4447 bona
982 4398 1176 4449 mente
1207 4411 1309 4466 pro
1358 4397 1568 4453 anima:
1614 4403 1726 4454 tuas
1757 4400 1948 4456 salute

299 4489 403 4545 per
423 4491 608 4531 unum
637 4479 923 4535 duntaxat
951 4481 1106 4536 diem
1138 4483 1448 4555 cogitares,
1471 4485 1571 4542 Dei
1603 4488 1947 4545 simillimus

301 4563 490 4618 ﬁeres.
523 4564 690 4621 Nunc
719 4572 913 4624 autem
946 4587 1050 4642 pro
1083 4571 1428 4639 unico,bene
1458 4574 1614 4630 enim
1646 4577 1834 4644 video,
1866 4579 1949 4634 vi-

299 4657 374 4708 tae
403 4657 514 4708 tuae
545 4671 719 4726 scopo
750 4656 933 4714 habes
977 4659 1268 4732 episcOpis
1300 4663 1572 4720 resistere
1599 4682 1613 4732 ;
1666 4668 1821 4722 unde
1851 4668 1952 4723 fiet

301 4746 369 4798 ut
393 4757 462 4797 ex
492 4742 728 4801 inimico
760 4747 1018 4820 episcopi
1051 4748 1454 4820 episcopatum
1491 4752 1684 4823 ipsum
1716 4756 1951 4814 aboleas

297 4831 481 4904 Perge
511 4834 683 4890 modo
711 4840 779 4890 ut
810 4837 970 4907 facis,
1002 4841 1061 4892 et
1091 4854 1396 4909 persevera
1433 4857 1624 4914 usque
1668 4846 1740 4900 ad
1771 4847 1946 4902 ﬁnem

2059 915 2405 970 καθίστανται
2459 921 2528 989 τῇ
2585 921 2727 990 μονῇ
2773 917 2824 972 οἱ
2874 913 3105 994 ἔναγχος
3142 919 3219 990 μὴ
3252 917 3568 991 ἱερωμένοι,
3630 918 3742 974 ἄλ-

2063 1011 2158 1059 λον
2187 1005 2391 1078 τρόπον
2429 1005 2656 1079 ἀνίερον
2703 1005 2756 1060 o't
2785 1007 2853 1059 τὰ
2879 1005 2988 1080 πρὸ
3045 1006 3243 1060 τούτου
3297 1005 3439 1061 ὅσιοι
3498 1006 3746 1078 ἀληθῶς

2058 1091 2262 1147 ἀνὲσιοι
2299 1114 2313 1126 υ
2365 1093 2484 1148 ἀντὶ
2541 1092 3011 1163 ἐκκλησιαζόντων
3075 1088 3177 1166 ἔξω
3229 1091 3529 1165 ἐκκλησίας
3593 1098 3743 1151 ἁπά-

2059 1201 2181 1250 σης.
2216 1183 2314 1236 Καὶ
2347 1181 2500 1255 ὅμως
2531 1183 2558 1236 6
2595 1183 2688 1256 μὲν
2732 1181 2974 1259 ἄναρχος
3002 1181 3340 1260 ἀγελάρχης,
3374 1184 3403 1238 6
3434 1181 3736 1259 ἀγελαῖος,

2058 1270 2087 1324 6
2117 1268 2324 1340 ἄνετος,
2378 1272 2406 1326 6
2458 1271 2817 1345 ἀποίμαντος,
2879 1272 2907 1326 6
2943 1272 3039 1340 τὴν
3105 1271 3392 1346 βασιλικὴν
3455 1273 3733 1352 σφραγῖδα

2056 1359 2468 1434 παραχαράξας,
2525 1359 2847 1431 προΐσταται
2917 1365 3026 1416 τῶν
3087 1361 3459 1438 φρικτοτάτων
3523 1363 3725 1438 elixi“,

2056 1448 2142 1502 καὶ
2176 1455 2276 1512 τῆς
2305 1447 2389 1502 ἐπ’
2421 1449 2610 1511 αὐταῖς
2670 1450 2984 1524 ἁγιωτάτης
3041 1450 3258 1513 θυσίας·
3302 1451 3352 1504 οἳ
3413 1447 3473 1505 δὲ
3536 1447 3737 1506 λοιποὶ

2057 1534 2408 1611 ἰπεύχονται,
2454 1537 2544 1592 καὶ
2596 1537 2972 1614 συνεύχονται,
3023 1538 3114 1593 καὶ
3166 1535 3387 1593 δοκοῦσι
3431 1539 3575 1616 πρὸς
3639 1540 3742 1595 αὖ·

2054 1631 2170 1687 τοῖς
2212 1627 2344 1680 εἶναι
2409 1627 2506 1691 τὰς
2558 1627 2722 1690 ἀκοὰς
2779 1632 2877 1682 τοῦ
2920 1632 3077 1684 Θεοῦ.
3109 1629 3184 1684 Τὸ
3233 1625 3278 1682 δ’
3327 1624 3467 1683 ἔστιν
3531 1625 3743 1693 ἄλλως

2056 1709 2208 1790 ἔχον,
2241 1710 2296 1769 εἷ’
2339 1737 2391 1770 τι
2445 1714 2768 1788 προσεκτέον
2824 1721 2944 1780 ταῖς
3001 1716 3175 1790 ἱεραῖς
3234 1721 3493 1791 Γραφαῖς·
3549 1737 3738 1793 προσ-

2057 1805 2235 1861 εκτέον
2288 1804 2346 1862 δὲ
2402 1807 2633 1870 πάντως.
2669 1807 2823 1883 Λὲγω
2878 1809 2981 1885 γὰρ
3035 1807 3403 1884 θαρρούντως,
3451 1807 3536 1863 ὅτι
3593 1810 3739 1875 τοὺς

2053 1896 2279 1968 τόπους,
2313 1895 2403 1959 οὓς
2451 1897 2554 1952 οὐκ
2595 1895 2880 1952 ἐπισκοπεῖ
2924 1899 2953 1952 6
3005 1896 3246 1975 ἔμφυτος
3295 1897 3610 1974 ἀρχιερεὺς,
3667 1901 3733 1956 ’ὃν

2055 1981 2196 2039 ἔστιν
2258 1985 2425 2040 εἰπεῖν
2484 1985 2572 2040 καὶ
2631 1986 2941 2060 ἐγκάθετον,
2974 1986 3066 2043 καὶ
3115 1985 3502 2049 ἀποστολικῶς
3564 1987 3740 2044 αὖτο-

2056 2082 2189 2153 φυῆ,
2245 2078 2338 2130 καὶ
2404 2081 2626 2152 γνήσιον
2685 2078 2825 2132 κατὰ
2895 2077 2994 2146 τὴν
3071 2079 3322 2142 ἀνέκαθεν
3399 2078 3738 2154 παράδοσυ,

1974 2166 2092 2264 Βῇ
2148 2165 2237 2218 καὶ
2293 2167 2356 2220 τὸ
2412 2166 2707 2240 προοίμιον
2767 2168 3195 2243 συνεισέρχεται,
3254 2164 3386 2222 οὐδὲ
3435 2167 3463 2222 6
3517 2168 3738 2242 Κύριος

2054 2255 2365 2314 ἐπισκοπεῖ.

2123 2347 2262 2420 ρπζ’.
2293 2345 2476 2402 Αἴτιον
2509 2345 2566 2402 δὲ
2608 2352 2705 2401 τοῦ
2749 2348 2886 2402 κατὰ
2926 2352 3032 2402 τῶν
3098 2347 3401 2423 ἀρχιερέων
3459 2347 3728 2404 τοιούτου

2052 2441 2362 2510 μοναχικοῦ
2417 2436 2608 2510 μίσους
2675 2437 2739 2492 τὸ
2806 2434 3218 2513 ἀνεκλόγιστον,
3270 2437 3332 2492 οὗ
3388 2439 3607 2511 θερμῶς
3660 2440 3722 2492 οἱ

2054 2524 2291 2599 μοναχοὶ
2358 2523 2626 2602 ἐφίενται’
2685 2526 2748 2581 τὸ
2805 2523 3398 2602 ἀπολυπραγμόνητον,
3451 2522 3512 2579 οὗ
3571 2544 3720 2596 κρα-

2047 2615 2212 2675 ταιῶς
2264 2614 2604 2690 ἀντέχονται·
2639 2617 2730 2670 καὶ
2803 2618 2910 2689 μὴν
2971 2615 3062 2670 καὶ
3121 2616 3185 2670 τὸ
3238 2613 3579 2684 ἀλαζονικὸν,
3611 2615 3721 2670 καὶ

2049 2703 2084 2771 ἡ
2145 2698 2437 2773 διαϐολική
2498 2703 2744 2781 ἔπαρσις,
2780 2705 3103 2780 Δογίζονται
3152 2704 3252 2780 γὰρ
3319 2700 3618 2774 δήπουθεν,
3669 2703 3724 2759 εἰ

2054 2793 2129 2864 μὴ
2189 2791 2465 2868 ἀρχιερεῖς
2518 2815 2658 2857 τινες
2705 2793 2864 2863 ἦσαν,
2899 2792 3053 2847 αὐτοὶ
3097 2793 3162 2847 τὸ
3191 2797 3295 2847 πᾶν
3324 2790 3375 2846 ἰν
3402 2796 3482 2862 τῷ
3512 2791 3724 2865 κόσμῳ

2050 2881 2180 2935 εἶναι
2215 2894 2229 2911 ⁵
2288 2881 2378 2936 καὶ
2441 2880 2710 2956 μηδεμίαν
2791 2880 3079 2948 ἐκκλησίαν
3143 2879 3340 2943 ἄλλοις
3396 2879 3725 2934 ὑποκεῖσθαί

2046 2990 2208 3038 τισιν,
2231 2969 2314 3025 ὅτι
2351 2973 2426 3044 μὴ
2451 2976 2569 3034 τοῖς
2601 2967 2672 3024 δι’
2704 2968 2840 3025 ὅλου
2869 2975 2971 3025 τοῦ
3012 2969 3266 3043 σώματος
3301 2968 3722 3048 μελαμφόροις.

2047 3057 2180 3115 Εἶτα
2207 3059 2450 3112 τοιοῦτοι
2511 3054 2684 3126 ὄντες,
2714 3058 2805 3113 καὶ
2857 3057 3002 3113 οὕτω
3054 3062 3339 3130 μισοῦντες
3394 3058 3459 3113 τὸ
3526 3057 3720 3132 ἀρχιε-

2049 3146 2262 3218 ρατικὸν
2294 3146 2484 3224 φῦλον,
2516 3146 2606 3202 καὶ
2643 3151 2799 3221 μῖσος
2832 3147 2895 3201 οὐ
2924 3147 2985 3201 τὸ
3033 3147 3227 3221 τυχὸν,
3260 3143 3412 3202 ἀλλὰ
3463 3147 3528 3201 τὸ
3578 3144 3708 3198 κατὰ

2052 3237 2216 3310 μὲγαν
2277 3233 2596 3309 Ψαλμῳδὸν
2653 3235 2887 3307 τέλειον,
2945 3237 3036 3290 καὶ
3097 3234 3456 3310 ἐχθροποιὸν,
3495 3233 3578 3288 καὶ
3631 3229 3700 3286 δι’

2047 3323 2177 3380 αὐτὸ
2234 3323 2609 3398 ἐκκλινόμενοι
2663 3319 2820 3403 φόϐῳ
2899 3324 3004 3379 ὑπὸ
3077 3328 3186 3378 τῶν
3263 3322 3519 3379 ἐλεεινῶν
3594 3321 3712 3377 ἔπι-

2049 3412 2289 3482 σκόπων,
2353 3412 2713 3486 μνησικακίας
2793 3412 2988 3475 αὐτοὺς
3060 3414 3359 3491 γράφονται
3437 3413 3493 3468 οἱ
3562 3410 3724 3466 αὐτό-

2049 3523 2228 3557 κακοι.

2125 3616 2273 3684 ρπη’.
2314 3614 2378 3662 Ὠ
2427 3610 2548 3684 ἅγιε
2597 3609 2828 3684 μοναχὲ,
2862 3607 2909 3663 εἴ
2935 3607 2993 3664 δὲ
3024 3609 3052 3663 6
3085 3607 3380 3671 ἰπίσκοπος
3439 3604 3725 3680 διωκόμε-

2051 3715 2144 3759 νος
2197 3696 2286 3752 καὶ
2347 3696 2554 3774 φεύγων
2633 3701 2975 3772 μνησικακεῖ,
3031 3696 3093 3752 σὺ
3153 3698 3182 3752 6
3241 3696 3497 3760 ἀναιτίως
3554 3694 3724 3751 αὐτὸν

2053 3783 2288 3854 διώκων,
2321 3785 2412 3840 καὶ
2445 3788 2746 3864 (γραφικῶς
2787 3785 2980 3859 εἶπεῖν)
3011 3781 3179 3862 φόϐος
3229 3786 3398 3860 μέγας
3446 3785 3538 3838 καὶ
3590 3803 3728 3837 σκο-

2050 3875 2224 3935 τεινὸς
2281 3872 2586 3929 ἐπιπίπτων
2646 3874 2818 3948 αὐτῷ,
2864 3874 2918 3930 τί
2989 3895 3123 3929 ποτε
3178 3873 3268 3929 καὶ
3322 3873 3726 3946 ὀνομασθήσῃις

2055 3961 2451 4034 Μνησίκαλος;
2513 3960 2569 4017 εἷ’
2611 3985 2665 4019 τι
2724 3965 2836 4040 χρὴ
2918 3964 3009 4018 καὶ
3060 3963 3550 4037 ὀνοματοτεθῆσαι.
3619 3959 3730 4014 Καὶ

2052 4056 2160 4108 ποῦ
2217 4073 2350 4107 ποτε
2395 4049 2564 4106 καλὸν
2618 4053 2767 4126 παρὰ
2817 4052 2901 4107 σοὶ
2957 4049 3138 4125 ἓτερδν
3169 4050 3204 4121 ἢ
3241 4050 3492 4124 μόνον-τὸ
3556 4047 3728 4104 αὖτο-

2053 4141 2241 4214 νόμως
2298 4141 2525 4213 ἀρέσκον
2577 4161 2697 4210 σοι;
2753 4141 3113 4217 Μαρτύρομαι
3168 4141 3257 4196 τὸν
3321 4140 3450 4196 Θεὸν
3511 4138 3727 4192 αὐτόν’

2056 4227 2228 4305 εἷ’περ,
2271 4229 2445 4285 ὁπόσα
2497 4229 2573 4291 εἰς
2631 4230 2872 4286 ἐνιαυτὸν
2933 4229 3062 4285 ὅλον
3109 4229 3451 4304 περιενοήσω
3505 4230 3731 4282 κοπιῶν

2054 4320 2191 4373 κατά
2244 4323 2341 4373 τοῦ
2397 4317 2697 4374 ἐπισκόπου
2755 4339 2873 4390 σου,
2906 4313 3166 4395 ἔστρεψας
3227 4317 3304 4379 εἷς
3359 4316 3565 4393 ἀγαθὴν
3602 4313 3730 4370 ἐπί-

2056 4427 2206 4461 νοιαν
2265 4408 2364 4475 τήν
2417 4407 2548 4482 ὑπὲρ
2605 4409 2703 4476 τῆς
2757 4409 2854 4475 σῆς
2913 4409 3099 4482 ψυχῆς
3129 4406 3259 4478 μίαν
3287 4409 3416 4481 γοῦν
3476 4405 3728 4479 ἡμέραν,

2057 4494 2340 4570 ἔγγυτατω
2385 4494 2445 4549 ἂν
2499 4495 2676 4570 ἐγένου
2729 4500 2884 4554 Θεοῦ.
2916 4498 3029 4553 Νῦν
3084 4491 3142 4549 δὲ
3198 4489 3377 4556 ἔοικας
3428 4492 3560 4548 αὐτὸ
3630 4493 3728 4548 καὶ

2061 4583 2227 4657 μόνον
2288 4580 2376 4638 διὰ
2436 4583 2555 4660 βίον
2615 4583 2796 4648 θέσθαι
2866 4584 3067 4640 σκοπὸν
3125 4583 3188 4638 τὸ
3245 4581 3729 4646 ἀντικαθίστασθαι

2057 4677 2176 4734 τοῖς
2222 4671 2564 4742 ἐπισκόποις,
2606 4672 2696 4728 καὶ
2751 4674 2922 4746 μὲνειν
2979 4673 3465 4742 ἀντεπισκόπητος,
3525 4669 3731 4726 αὐτίκα

2061 4758 2119 4816 δὲ
2145 4762 2234 4816 καὶ
2277 4761 2732 4834 ἀνεπισκόπητος.
2765 4764 2866 4819 Καὶ
2932 4760 3054 4836 μὲνε
3097 4765 3366 4834 τοιοῦτος,
3397 4759 3444 4815 εἷ
3503 4757 3725 4836 βούλει,

2059 4850 2150 4905 καὶ
2207 4848 2547 4928 διαχειρίζου
2601 4851 2826 4906 τοιαῦτα
2882 4847 3216 4919 διὰτίλους,
3247 4849 3338 4906 καὶ
3368 4853 3574 4924 πρᾶττε
3631 4847 3732 4904 οὕ-

299 4925 366 4974 ut
395 4923 631 4992 quando
670 4939 914 4995 operum
971 4931 1210 4982 tuorum
1270 4928 1497 4985 fructus
1554 4932 1947 5004 absorbueris,

2059 4958 2189 5003 τως’
2217 4921 2404 4994 τινάιᾴ
2451 4944 2628 5013 καιρῷ
2684 4939 2894 5018 φαγὼν,
2925 4938 3054 5004 τοὺς
3100 4942 3211 4994 τῶν
3265 4921 3441 5004 οὕτως
3503 4935 3730 5013 ἐργατι-

300 5009 457 5065 mala
486 5015 589 5068 tua
619 5015 962 5070 manduces.
997 5019 1258 5088 Loquere
1292 5034 1390 5087 pro
1422 5035 1583 5076 more
1605 5025 1704 5078 tuo
1736 5028 1794 5080 et
1815 5041 1956 5081 con‘

302 5105 396 5154 tra
425 5117 601 5172 quem
633 5101 829 5168 voles;
877 5103 1217 5174 hujusmodi
1262 5123 1518 5180 namque
1548 5113 1821 5169 exercitio
1854 5116 1950 5171 de-

301 5187 587 5245 clamator
641 5192 871 5247 evades.
926 5192 1306 5249 Pontiﬁcibus
1355 5196 1682 5256 benedicite
1729 5218 1950 5267 coram,

300 5284 367 5334 ut
395 5283 454 5334 et
477 5279 584 5335 tibi
609 5280 937 5338 benedictio
959 5281 1242 5355 obtingat.
1266 5284 1798 5345 Sanctiﬁcationem
1821 5307 1951 5362 quas

295 5367 435 5423 inde
465 5369 644 5438 venit,
678 5369 848 5443 longe
897 5371 1111 5443 repelle
1162 5373 1448 5430 dicendo:
1502 5377 1618 5448 Ego
1651 5379 1952 5436 sanctifico

303 5457 639 5528 meipsum;
693 5464 751 5514 et
801 5460 885 5515 sic
917 5461 1243 5516 abundabit
1300 5465 1690 5522 sanctiﬁcatio
1736 5472 1840 5523 tua
1896 5473 1954 5526 et

304 5544 364 5598 in
397 5550 635 5602 caeteros
667 5564 897 5619 quoque
926 5550 1281 5606 redundabit
1311 5552 1412 5624 qui
1434 5570 1560 5609 eam
1595 5556 1950 5614 desiderant.

305 5631 573 5700 Praepara
602 5634 879 5692 balneum
919 5637 1250 5707 jucundum
1299 5643 1356 5694 et
1402 5655 1652 5700 convoca
1701 5645 1953 5720 reliquos

309 5717 530 5775 amicos
581 5726 640 5776 et
697 5725 1178 5794 praetereuntium
1227 5742 1522 5802 quemque
1579 5736 1644 5790 ut
1687 5733 1746 5790 in
1788 5717 1955 5796 tanta

2069 5032 2181 5086 κῶν
2237 5033 2458 5106 καρπῶν
2517 5050 2614 5084 σου
2667 5028 2888 5101 πόνους,
2923 5028 3088 5102 μόνος
3137 5025 3416 5102 ἀντλήσῃς
3458 5026 3526 5081 τὰ
3585 5025 3732 5082 κακά

2064 5137 2181 5173 σου.
2217 5116 2412 5189 Λάλει,
2446 5115 2546 5173 ὅσα
2573 5117 2663 5173 καὶ
2713 5121 2804 5174 οἷα
2853 5116 3065 5185 λαλεῖς,
3096 5115 3186 5172 καὶ
3233 5117 3352 5172 καθ’
3378 5117 3454 5170 ὦν
3505 5114 3568 5170 ἂν
3624 5112 3729 5170 λα-

2065 5203 2328 5278 λῇςσ⁹ίνα
2376 5205 2690 5280 ἑμμελετῶν
2743 5212 2863 5270 τοῖς
2906 5204 3180 5268 τοιούτοις
3229 5203 3544 5282 ῥητορεύειν
3607 5222 3720 5258 συν-

2066 5297 2303 5368 ιθισθῇς.
2339 5293 2568 5371 Εὐλόγει
2617 5291 2952 5356 διαϐολικῶς
2997 5292 3125 5355 τοὺς
3176 5293 3455 5368 ἀρχιερεῖς
3493 5291 3588 5347 καὶ
3644 5288 3721 5352 εἲς

2063 5383 2380 5457 πρόσωπον,
2417 5382 2518 5440 τίνα.
2557 5383 2673 5452 εἷίῃς
2712 5383 3108 5461 εὐλογημένος.
3138 5379 3584 5454 Ἃποδιοπόμπει
3629 5380 3728 5434 τὸν

2066 5469 2262 5526 ἐκεῖθεν
2305 5473 2588 5548 ἁγιασμὸν,
2621 5473 2710 5528 καὶ
2757 5471 2904 5548 λέγε,
2929 5471 3079 5535 ὅπως
3108 5471 3254 5546 Ἐγὼ
3302 5470 3508 5546 ἁγιάζω
3555 5468 3730 5542 ἐμαυ-

2061 5559 2192 5614 τόν·
2225 5562 2313 5616 καὶ
2372 5561 2514 5617 οὕτω
2561 5560 2899 5638 περισσεύσει
2959 5561 2987 5615 6
3040 5559 3093 5615 ἰν
3152 5558 3237 5614 σοὶ
3295 5558 3584 5633 ἁγιασμὸς,
3645 5555 3732 5621 ὠς

2062 5648 2153 5704 καὶ
2210 5649 2288 5713 εἷς
2341 5648 2548 5714 ἄλλους
2603 5646 2920 5724 διαϐαίνειν,
2952 5649 3005 5704 οἳ
3059 5649 3316 5704 τοιούτου
3362 5645 3728 5720 ἐπιθυμοῦσιν

2066 5739 2359 5816 ἁγιασμοῦ.
2413 5740 2646 5813 ’Ἑξαπτε
2719 5739 2811 5796 τὸν
2881 5737 3171 5816 ιπαγωγὸν
3245 5734 3551 5814 λουτρῶνα,
3629 5734 3730 5791 καὶ
