4060 6356
301 433 420 496 893

1324 434 1427 496 DE
1472 432 1967 496 EMENDANDA
2009 432 2197 495 VlTA
2243 429 2723 494 MONAGHICA.

3603 429 3724 490 894

306 560 580 637 συγκαλοῦ
642 561 716 622 εἷς
774 559 957 634 λουμα
1011 563 1102 616 καὶ
1154 558 1388 638 ἀλοιφὴν
1423 560 1552 623 τούς
1607 583 1667 618 τε
1723 559 1952 623 λοιποὺς

2071 561 2450 616 multitudine
2482 559 2732 629 injurias
2773 557 3035 629 pontiﬁci
3067 557 3260 613 illatas
3317 557 3534 629 expies.
3589 557 3721 612 Haec

304 649 526 726 φίλους,
559 649 650 703 καὶ
681 648 809 711 τοὺς
839 647 1262 724 παροδεύοντας,
1288 648 1382 704 ’ίνα
1411 649 1495 704 ἐπὶ
1557 649 1785 706 πολλῶν
1843 671 1960 704 τοι-

304 739 478 794 ούτων
529 737 838 812 καταλούῃς
890 738 982 792 τὸν
1015 737 1273 814 ἀρχιερέα
1319 734 1524 814 ὕϐρεσι.
1559 739 1665 795 Καὶ
1697 736 1840 795 ἔσται
1874 760 1959 794 σοι

303 827 435 883 αὐτὸ
494 827 785 904 καθάρσιον
859 830 1045 902 ψυχῆς
1102 849 1160 882 τε
1214 829 1300 882 καῖ
1363 830 1618 902 σώματος
1671 829 1959 902 λουομένῳ

305 916 504 992 συχνὰ,
555 913 648 970 ’ἶνα
704 913 884 991 γένοιο
935 916 1188 993 καθαρός.
1251 916 1500 994 Ἐξάρτυε
1544 917 1800 993 λαμπρὰς
1830 937 1958 992 τρα-

304 1005 496 1077 πέζας,
555 1003 1024 1081 πολυανθρώπους
1055 1025 1068 1040 ’
1129 1006 1217 1061 καὶ
1292 1011 1409 1069 τοῖς
1470 1004 1626 1081 ὄψοις
1680 1027 1957 1083 παραμιγ-

303 1093 447 1149 νύων
501 1094 748 1157 κατέσθιε
803 1093 893 1148 καὶ
933 1094 1022 1148 τὸν
1073 1093 1352 1170 ἀρχιερέα.
1417 1095 1514 1150 Καὶ
1574 1093 1716 1169 μηδὲ
1770 1097 1958 1169 κορέν-

304 1181 576 1252 νυσο,’ίνα
604 1181 681 1245 εἷς
711 1180 1068 1255 πολυήμερον
1117 1182 1275 1238 αὐτὸν
1323 1183 1558 1258 ταμιεύῃ
1618 1186 1823 1260 τροφὴν
1867 1184 1959 1239 καὶ

301 1273 532 1350 τρυφήν.
595 1270 940 1346 Πανηγύριζε
995 1269 1246 1328 δαπανῶν
1295 1275 1410 1328 κατ’
1459 1272 1648 1329 αὐτοῦ.
1701 1274 1802 1338 Τίς
1856 1274 1957 1348 γάρ

302 1382 388 1416 σοι
416 1365 525 1416 τῶν
550 1365 647 1415 τοῦ
679 1357 813 1416 Θεοῦ
843 1357 1037 1436 φειδὼ,
1096 1360 1176 1438 ἐφ’
1237 1362 1314 1423 οἷς
1382 1359 1641 1434 δαιμονᾷς
1667 1381 1681 1431 ;
1715 1364 1959 1436 Κήρυσσε

301 1450 462 1505 αὐτὸν
511 1453 796 1524 πανταχοῦ
853 1456 960 1523 γῆς
1021 1449 1239 1523 μιαρὸν,
1296 1450 1386 1505 καὶ
1433 1450 1753 1526 παμμίαρον
1785 1455 1962 1524 κῶμι-

300 1543 413 1601 κῶς
486 1537 577 1593 καὶ
644 1539 1010 1613 μιαρώτατον·
1086 1538 1176 1593 ἳνα
1245 1538 1420 1601 οὕτως
1480 1538 1742 1613 ἀμίαντος
1796 1540 1958 1602 αὐτὸς

302 1627 622 1705 φυλάττοισ.
684 1627 955 1700 Ψωμίζου
1012 1629 1080 1682 τὰ
1135 1629 1252 1682 κατ’
1312 1629 1498 1700 αὐτοῦ,
1558 1628 1727 1684 πίνων
1789 1630 1954 1686 οἶνον.

302 1715 500 1773 Ψάλλε
555 1716 632 1780 εἷς
682 1716 864 1773 αὐτόν.
927 1717 1207 1772 Κατάπτυε
1261 1716 1390 1780 τοὺς
1438 1715 1708 1794 ἐλαφροὺς
1732 1718 1958 1780 κανόνας

304 1805 469 1861 αὐτοῦ
499 1802 588 1860 διὰ
617 1806 708 1861 τὸν
742 1806 833 1860 σὸν
870 1805 1036 1882 βαρὺν
1067 1806 1286 1862 κανόνα.
1345 1808 1663 1883 Περιφρόνει
1718 1808 1814 1869 τὰς
1865 1808 1956 1863 αύ-

300 1895 397 1950 τοῦ
443 1891 814 1963 διδασκαλίας,
870 1895 943 1949 ὧν
999 1893 1128 1950 οὐδὲ
1174 1893 1378 1950 ἐπαΐειν
1429 1892 1643 1951 δέδοταί
1675 1917 1780 1965 σοι,
1843 1894 1958 1950 οὐδ’

302 1980 361 2037 ἂν
402 1979 610 2054 δοθείη.
672 1983 928 2052 Εύθέτιζε
982 1983 1075 2038 τὸν
1142 1983 1303 2058 βαθὺν
1362 1985 1606 2059 πώγωνα
1661 1983 1738 2046 εἷς
1769 1981 1958 2061 εὐπρέ-

300 2093 482 2141 πειαν,
543 2071 606 2127 οὗ
661 2073 750 2128 καὶ
813 2073 984 2146 μόνου
1016 2073 1348 2148 ἀπηώρηται
1375 2074 1439 2128 τὸ
1483 2075 1620 2128 κατὰ
1649 2073 1707 2128 σὲ
1737 2075 1954 2147 σεμνόν.

301 2155 609 2234 Ἐμϐάθυνε
663 2165 742 2232 τῷ
802 2167 905 2231 τῆς
961 2162 1206 2240 κεφαλῆς
1260 2161 1604 2234 καλύμματι,
1655 2162 1958 2235 καθιεμένῳ

308 2249 475 2325 μέχρι
537 2254 742 2326 μικροῦ
785 2250 875 2304 καὶ
907 2249 983 2311 είς
1015 2249 1302 2326 ῥώθωνας·
1347 2250 1534 2305 καὶσὺ
1588 2251 1682 2325 μὶν
1743 2252 1956 2328 παρέμ-

2067 649 2275 705 iterata
2304 649 2442 704 lotio
2479 647 2656 702 menti
2692 652 2749 702 et
2781 645 3006 717 corpori
3038 646 3507 717 purificationem
3531 646 3716 700 dabit.

2070 739 2303 794 Mensas
2333 738 2524 793 lautas
2574 736 3016 806 multorumque
3073 734 3446 790 convivarum
3477 751 3720 806 capaces

2070 843 2297 898 appone
2329 834 2386 881 et
2417 827 2563 882 cibis
2591 825 2920 880 immistum
2960 815 3300 895 pontificem~
3342 823 3603 892 comede,
3663 829 3722 878 et

2069 915 2187 971 noli
2219 916 2420 972 satiari
2455 919 2517 970 ut
2551 931 2653 987 per
2682 914 2902 970 multos
2933 913 3059 969 dies
3118 929 3188 968 ex
3247 929 3313 968 eo
3371 912 3718 968 alimentum

2069 1013 2125 1062 et
2154 1007 2394 1061 delicias
2425 1006 2662 1062 habeas.
2696 1003 3043 1060 Encomium
3085 1003 3144 1058 in
3199 1019 3335 1059 eum
3370 1001 3718 1074 multiplica.

2067 1095 2204 1159 Quae
2225 1095 2382 1150 enim
2414 1095 2827 1151 misericordiae
2871 1094 2978 1150 tibi
3010 1094 3069 1148 in
3101 1109 3299 1148 servos
3329 1091 3452 1159 Dei,
3483 1092 3543 1146 in
3571 1108 3720 1163 quos

2068 1185 2424 1241 daemoniace
2455 1183 2748 1240 inveheris
2766 1183 3032 1255 ?Ubique
3051 1187 3340 1239 terrarum
3362 1181 3716 1254 prmdicaip-

2067 1291 2201 1330 sum
2234 1273 2744 1343 scelestum,valde
2775 1272 3181 1340 scelestum,ut
3210 1288 3343 1327 cum
3376 1271 3599 1327 comico
3631 1269 3718 1325 lo-

2069 1363 2508 1434 quar,omnium
2541 1362 3126 1432 scelestissimum,ut
3156 1369 3213 1416 tu
3243 1378 3425 1432 purus
3451 1377 3715 1416 maneas.

2069 1452 2129 1508 In
2157 1453 2344 1507 frusta
2375 1468 2504 1506 eum
2537 1452 2798 1523 discerpe
2821 1457 2878 1506 et
2907 1452 3106 1505 vinum
3132 1450 3359 1505 bibe.In
3381 1465 3512 1505 eum
3535 1449 3716 1504 dicito

2068 1541 2408 1597 cantilenas.
2446 1541 2682 1611 Propter
2711 1555 2882 1611 grave
2913 1543 3080 1593 tuum
3134 1540 3344 1610 jugum
3404 1538 3526 1592 leve
3584 1537 3714 1609 ejus

2058 1631 2274 1701 jugum
2306 1629 2669 1685 floccifacito.
2702 1628 3036 1684 Doctrinam
3064 1627 3193 1696 ejus
3225 1643 3500 1698 conspue,
3537 1642 3717 1697 quam

2068 1736 2372 1790 nunquam
2405 1718 2902 1788 comprehendere
2932 1717 3168 1787 poteris.
3205 1720 3276 1770 Ut
3327 1725 3378 1770 te
3407 1720 3721 1770 vereantur

2066 1808 2311 1864 barbam
2344 1808 2636 1878 promitte,
2673 1807 2829 1862 unde
2886 1805 3144 1878 dignitas
3178 1811 3280 1860 tua
3327 1805 3566 1875 pendet.
3601 1803 3718 1858 Im-

2069 1913 2332 1970 mergere
2356 1899 2416 1951 in
2448 1897 2656 1968 capitis
2685 1901 3024 1968 tegumento
3058 1895 3125 1949 ad
3163 1910 3334 1950 nares
3369 1909 3557 1963 usque
3578 1893 3716 1947 des-

2068 1987 2437 2053 cendente,et
2455 1986 2538 2041 sic
2563 1987 2805 2042 ostende
2835 1989 2997 2041 tuam
3031 2000 3165 2040 cum
3217 1988 3326 2038 Deo
3374 1981 3716 2038 similitudi-

2068 2093 2224 2146 nem,
2261 2076 2463 2132 dicens
2493 2075 2545 2131 ei
2576 2075 2678 2146 qui
2700 2075 3169 2146 appropinquat:
3231 2071 3461 2128 Faciem
3521 2085 3714 2126 meam

2067 2164 2327 2230 videbis;
2364 2186 2385 2213 ι
2423 2165 2492 2219 ad
2529 2164 2683 2234 quod
2715 2163 2814 2218 ille
2844 2163 2949 2218 tibi
2981 2179 3096 2217 non
3119 2161 3372 2217 absurde
3403 2160 3718 2230 responde-

2068 2254 2188 2309 bit:
2225 2275 2254 2304 «
2284 2253 2410 2309 Non
2430 2253 2652 2308 videbit
2680 2252 2856 2308 homo
2887 2251 3097 2307 faciem
3127 2256 3316 2317 tuam,
3349 2255 3407 2304 et
3424 2249 3580 2304 vivet
3609 2248 3714 2298 ‘3.»

303 2359 458 2416 φαινε
487 2343 565 2411 τῷ
595 2338 786 2416 τρόπῳ
814 2337 992 2412 τούτῳ
1019 2340 1119 2409 τὴν
1151 2339 1291 2415 πρὸς
1321 2341 1451 2396 Θεὸν
1484 2341 1809 2413 ὁμοιότητα,
1843 2341 2018 2416 λέγων
2049 2345 2129 2414 τῷ
2160 2339 2518 2415 ἐντρανίζοντι
2549 2341 2685 2415 πρὸς
2717 2340 2796 2408 σὶ,
2825 2340 2910 2394 ὅτι
2941 2362 2968 2391 ‹‹
2999 2339 3068 2393 Τὸ
3109 2336 3402 2414 πρόσωπόν
3461 2356 3567 2409 μου
3618 2333 3714 2409 όφ-

303 2427 526 2497 θήσεταί
557 2447 660 2482 σοι’

303 2536 471 2574 σεται.
509 2538 538 2567 )>

372 2606 510 2681 ρπθ’.
540 2605 766 2678 Ἐρωτῶ
815 2627 873 2661 σε
915 2604 1165 2680 τολμῶν,
1217 2609 1262 2662 ὦ
1306 2608 1441 2664 κατᾶ
1490 2608 1800 2664 ἐπισκόπων
1865 2609 1953 2681 μὲ-

295 2715 467 2769 γιστε,
499 2693 590 2770 καὶ
639 2694 692 2748 ὲν
740 2698 858 2758 τοῖς
906 2697 1026 2760 καθ’
1071 2698 1221 2769 ἡμᾶς
1272 2692 1635 2776 φοϐερώτατε,
1696 2697 1741 2752 εἰ
1795 2697 1952 2774 εὐρε-

301 2783 564 2853 θήσονται
622 2782 675 2837 ἐν
723 2789 840 2846 τοῖς
873 2784 976 2839 ὑπὸ
1008 2786 1065 2839 σὶ
1109 2785 1199 2840 καὶ
1246 2785 1382 2841 κατά
1429 2788 1487 2841 σε
1516 2784 1776 2865 ἀδελφοῖς
1833 2791 1953 2848 τοῖς

304 2871 589 2934 τοσούτοις
618 2872 811 2949 ἀγαθοὶ
870 2870 1016 2942 δέκα,
1071 2874 1135 2929 τὸ
1187 2869 1544 2950 Ἀϐραμιαῖον
1599 2877 1948 2948 πυθμενικόν·

303 2959 391 3014 ἐὰν
451 2957 507 3016 δὲ
558 2962 740 3031 πέντε⁹
772 2961 859 3016 ἐὰν
894 2959 951 3018 δὲ
1000 2967 1147 3038 τρεῖς
1206 2965 1318 3037 ἅμα
1367 2965 1458 3020 καὶ
1514 2963 1616 3022 σοί.
1679 2963 1853 3021 Ἀλλὰ
1899 2961 1950 3017 τί

305 3047 479 3111 οὕτως
535 3051 634 3105 οὑκ
686 3049 953 3126 ἀποκρίνῃ
994 3051 1076 3125 τῷ
1127 3053 1411 3129 ἀρχιερεῖ;
1467 3055 1666 3129 Ἕγωγ³
1704 3051 1794 3108 οῦν
1828 3051 1952 3109 οὐδὲ

298 3137 392 3193 ἓνα
429 3143 677 3195 τοιοῦτον
725 3141 956 3217 ἀριθμὸν
1003 3141 1376 3217 πληρέστατον
1401 3145 1536 3198 εἶναι
1585 3141 1705 3199 οῖδα
1730 3142 1781 3198 έν
1837 3148 1954 3208 τοῖς

294 3227 610 3325 ἡμετέροις,
667 3226 1034 3325 τοῖς-τῷῄὅντι
1058 3231 1420 3325 έξωτερικοῖς.
1482 3233 1796 3325 Ἀγαπητὸς
1845 3233 1950 3308 γὰρ
1981 3257 2025 3325 C

294 3315 601 3393 εὑρημένος
647 3318 738 3373 καὶ
788 3319 816 3373 ὁ
861 3319 954 3392 εἷς,
985 3321 1074 3375 καὶ
1107 3320 1253 3375 οὕτω
1288 3321 1474 3396 μόνος,
1505 3322 1594 3376 καὶ
1630 3319 1948 3396 μοναδικὸς,

290 3405 382 3461 καὶ
445 3407 713 3483 μοναχὸς,
744 3408 835 3463 καὶ
894 3410 1160 3482 μονάζων,
1192 3411 1282 3466 καὶ
1316 3412 1590 3485 μοναστῆς
1620 3411 1710 3466 καὶ
1743 3409 1948 3466 ἐπώνυ-

293 3515 399 3567 μος
427 3499 495 3570 τῇ
531 3499 697 3570 μονῇ,
730 3496 806 3558 ὡς
848 3497 988 3572 αὐτῇ
1040 3499 1450 3574 παραμύνιμος,
1504 3499 1552 3556 si
1595 3500 1685 3556 xui
1729 3499 1784 3556 ἐν
1831 3505 1948 3562 τοῖς

290 3582 772 3658 Μέγαλοπολίταις
846 3585 1111 3642 ἀνάπαλίν
1182 3587 1293 3644 ἐστι
1368 3589 1460 3644 καὶ
1532 3589 1801 3666 ἐρωτῆσαι
1857 3588 1949 3644 xui

291 3670 544 3748 ἐξευρεῖν
602 3674 731 3748 παρ’
788 3673 870 3739 οἷς
923 3673 1235 3732 πολλοστόν
1290 3699 1342 3733 τι
1392 3677 1554 3753 μέρος
1599 3680 1662 3734 τὸ
1724 3681 1801 3752 μὴ
1862 3675 1950 3733 ἔκ-

288 3781 476 3836 κριτον
537 3761 589 3818 ἦν
643 3763 895 3837 πολιτείᾳ
952 3771 1246 3842 μοναχινῇο
1309 3770 1524 3842 μήποτε
1573 3767 1631 3824 δὲ
1689 3765 1814 3824 οὐδέ
1867 3780 1952 3832 τις

291 3849 367 3913 εἷς
400 3849 599 3906 ἐκεῖθεν
637 3855 702 3926 ζῇ
760 3850 1255 3929 παρεξηυλημένην
1310 3857 1501 3931 βιοτὴν
1557 3859 1631 3920 ὡς
1679 3855 1949 3920 ἐπωλείας

290 3937 428 4000 υἱός·
457 3937 551 3994 τίνα
586 3941 678 3995 καὶ
709 3939 793 3996 ἐπ’
821 3941 998 3997 αὐτῶν
1031 3943 1305 4020 ἀληθεύσῃ
1331 3946 1416 4001 τό⁸
1449 3969 1478 3998 ‹‹
1520 3944 1714 4010 Οὐδεὶς
1762 3945 1812 4020 ἐξ
1861 3945 1952 4001 αὗ-

288 4031 402 4083 τῶν
429 4027 706 4086 ἀπώλετο.
741 4051 770 4086 ι

370 4116 472 4194 ριί.
515 4115 696 4174 Ἀλλᾶ
745 4119 847 4196 γὰρ
909 4118 1009 4194 ὀψέ
1064 4140 1216 4194 ποτε,
1277 4123 1322 4176 ὧ
1368 4120 1505 4179 καλέ
1553 4143 1658 4197 μου
1716 4120 1949 4178 δέσποτα

305 4204 530 4281 (πατέρα
579 4207 682 4282 γὰρ
731 4213 1046 4284 προσειπεῖν
1099 4209 1264 4281 ὀκνῶ,
1310 4207 1415 4275 ἕως
1460 4209 1520 4267 ἃν
1568 4213 1831 4289 θεωρήσω
1891 4233 1950 4267 σε

291 4293 721 4365 καταληπτικῶς
764 4296 1022 4368 τοιαύτης
1049 4300 1488 4376 προσφωνήσεως
1539 4299 1745 4376 ἄξιον),
1800 4299 1949 4376 διορ-

295 4382 526 4454 θώθητι.
561 4384 664 4440 Καὶ
708 4388 898 4460 πρῶτα
961 4386 1055 4459 μὲν
1113 4383 1560 4462 προσλαϐόμενος
1605 4390 1668 4445 τὸ
1731 4391 1834 4445 ὑπὸ
1891 4391 1950 4444 σὲ

292 4469 647 4547 εἶσαγωγικὸν
700 4472 916 4552 φῦλον,
967 4474 1057 4530 καὶ
1105 4473 1378 4541 συνελθὼν
1437 4478 1513 4541 εἷς
1571 4478 1827 4554 ἀκρόασιν
1878 4478 1947 4554 (εἰ

297 4562 374 4633 μή
436 4581 542 4616 που
598 4563 698 4632 τὴν
757 4563 1029 4640 ἡμετέραν
1083 4565 1334 4637 ἀπαξιοῖς
1391 4566 1633 4644 λαλιὰν),
1690 4566 1944 4639 ἄκουσον,

699 2453 720 2480 ιι
757 2427 918 2490 αὐτὸς
948 2424 1007 2483 δὲ
1031 2427 1274 2485 ἀντείποι
1305 2427 1393 2498 ἂν,
1425 2429 1706 2504 εύστόχως
1767 2431 1946 2503 οἶμαι,
1994 2429 2076 2486 τό·
2131 2453 2160 2482 α
2204 2429 2278 2484 Οὐ
2332 2431 2406 2502 μὴ
2459 2426 2546 2504 ἴδῃ
2594 2427 2880 2503 ἄνθρωπος
2925 2428 2988 2483 τὸ
3019 2426 3310 2502 πρόσωπόν
3345 2445 3462 2495 σου,
3493 2421 3584 2479 xui
3615 2424 3712 2493 ζή-

2135 2609 2236 2665 Dic
2269 2609 2435 2678 mihi,
2465 2625 2683 2680 quaeso,
2735 2623 2947 2680 magne
3007 2605 3416 2679 episcoporum
3477 2602 3714 2659 inimice

2063 2703 2116 2754 et
2149 2700 2402 2754 maxime
2430 2697 2710 2753 terribilis
2730 2697 2884 2752 inter
2912 2713 3042 2761 nos,
3074 2699 3274 2750 utrum
3307 2694 3458 2749 inter
3476 2697 3564 2747 tot
3587 2709 3711 2747 mo-

2064 2787 2285 2844 nachos
2315 2787 2425 2843 sub
2450 2793 2506 2843 te
2537 2805 2602 2842 ac
2628 2793 2821 2842 tecum
2859 2787 3138 2858 degentes
3171 2785 3372 2839 decem
3401 2782 3711 2837 invenian-

2060 2879 2159 2931 tur
2178 2876 2511 2946 justi,sicut
2538 2876 2851 2931 Abrahami
2887 2881 3168 2944 tempore,
3191 2876 3390 2927 utrum
3417 2870 3703 2942 quinque,

2063 2969 2263 3019 utrum
2291 2970 2404 3020 tres
2425 2964 2528 3020 tibi
2555 2963 2817 3021 similes?
2866 2963 2980 3018 Cur
3016 2978 3154 3034 ergo
3211 2977 3326 3016 non
3387 2959 3707 3030 respondes

2062 3054 2371 3126 pontifici?
2387 3054 2669 3125 Equidem
2683 3054 2860 3109 istum
2895 3068 3206 3108 numerum
3221 3050 3377 3122 apud
3392 3047 3710 3103 monachos

2061 3148 2296 3198 nostros
2327 3143 2566 3214 plenum
2600 3142 2847 3198 inveniri
2879 3158 3042 3214 nego.
3082 3139 3375 3196 Gaudium
3408 3138 3563 3193 enim
3597 3143 3705 3208 est,

2063 3232 2111 3286 si
2143 3231 2417 3287 inventus
2448 3237 2536 3287 est
2567 3249 2721 3286 unus
2752 3236 2809 3286 et
2837 3231 2979 3286 adeo
3018 3229 3203 3298 solus,
3232 3228 3466 3294 unicus,
3503 3226 3708 3282 solita-

2063 3319 2208 3392 rius,
2259 3325 2607 3389 monachus,
2668 3320 2802 3386 alia,
2854 3337 2887 3374 a
2939 3318 3296 3374 monasterio
3351 3316 3451 3371 ubi
3510 3318 3710 3370 manet

2063 3410 2620 3478 adnominatus,etsi
2651 3409 2805 3482 apud
2828 3405 3266 3480 Megalopolitae
3285 3422 3492 3462 rursus
3523 3403 3707 3476 quaeri

2061 3499 2266 3570 possit,
2300 3501 2453 3571 apud
2496 3516 2644 3571 quos
2702 3500 2948 3554 minima
3004 3514 3141 3568 pars
3197 3496 3327 3551 vitae
3375 3492 3709 3550 monasticae

2061 3589 2318 3660 ascripta
2354 3604 2444 3644 εει
2500 3593 2557 3645 et
2615 3587 2814 3644 nullus
2861 3591 3055 3643 tamen
3111 3585 3292 3640 vitam
3350 3582 3707 3655 decrepitam

2058 3677 2202 3733 vivit
2231 3684 2297 3733 ut
2335 3677 2494 3733 ﬁlius
2545 3679 2847 3750 prodigus,
2908 3677 2991 3732 ita
3046 3681 3114 3731 ut
3169 3675 3240 3729 de
3299 3672 3417 3728 illis
3476 3688 3711 3744 quoque

2058 3765 2375 3838 impleatur
2404 3768 2561 3839 quod
2576 3766 2799 3822 dictum
2821 3770 2939 3823 est:
2969 3764 3203 3821 «Nemo
3233 3779 3304 3819 ex
3325 3762 3398 3818 iis
3420 3761 3707 3834 periit‘a.»

2132 4123 2252 4179 190.
2289 4122 2450 4177 Licet
2477 4137 2630 4190 sero,
2663 4119 2900 4175 domine
2929 4119 3181 4191 (Patrem
3213 4117 3370 4173 enim
3413 4121 3470 4172 te
3506 4115 3709 4188 appel-

2063 4212 2181 4268 lare
2210 4212 2382 4267 taedet
2403 4211 2737 4281 usquedum
2770 4213 2825 4263 te
2861 4208 2971 4264 hoc
2997 4207 3232 4263 nomine
3263 4206 3507 4277 dignum
3546 4205 3710 4276 judi-

2060 4300 2540 4372 cavero),aterige
2555 4298 2908 4370 te.Etprimo
2931 4298 3172 4368 quidem
3198 4295 3394 4366 accipe
3424 4293 3710 4367 populum

2058 4391 2164 4447 abs
2195 4394 2251 4446 te
2280 4390 2694 4461 gubernatum,
2727 4391 2784 4442 et
2814 4392 3023 4458 praesto
3049 4387 3121 4440 ad
3154 4383 3512 4440 audiendum
3573 4398 3710 4437 cum

2059 4481 2142 4536 sis
2174 4479 2514 4550 (dummodo
2546 4493 2743 4532 vocem
2777 4491 2966 4530 meam
3000 4473 3204 4529 audire
3243 4489 3360 4528 non
3395 4470 3708 4540 fastidias),

2060 4569 2199 4626 audi
2225 4585 2352 4640 quae
2383 4567 2530 4622 forte
2562 4583 2674 4621 non
2707 4565 3068 4628 docebimus,
3104 4563 3206 4618 sed
3239 4563 3298 4617 in
3357 4561 3707 4617 memoriam

292 4648 384 4703 οἶα
413 4649 474 4704 ού
505 4634 812 4726 διδάξομεν
842 4634 979 4727 ὑμάς
1028 4652 1179 4725 ἴσως,
1207 4634 1370 4712 *ἀλλὰ
1417 4634 1824 4734 ἀναμνησομεν,
1875 4634 1949 4722 ὡς

2067 4659 2136 4714 iis
2168 4655 2576 4713 revocabimus
2605 4654 2708 4725 qui
2739 4668 2936 4709 rerum
2959 4651 3126 4724 gnari
3149 4655 3312 4707 sunt.

292 4735 528 4813 εἷ’δότας,
555 4736 683 4796 ὅντα
714 4740 768 4797 έν
795 4741 1038 4807 τούτοις.

368 4827 504 4907 ρῑιοί.
559 4827 724 4886 Οὐδέν
781 4851 833 4886 τι
876 4830 1101 4902 κωλύει,
1160 4831 1206 4889 ὦ
1258 4831 1510 4914 ἀδελφοὶ,
1555 4837 1645 4891 καὶ
1686 4836 1813 4900 τοὺς
1870 4834 1946 4892 ἔτι

297 4917 376 4991 μὴ
452 4917 683 4982 ἐντελῶς
780 4919 1290 4997 ἑσχηματισμένους
1371 4923 1750 4999 ἐξομοιοῦσθαι
1831 4931 1952 4988 ταῖς

291 5006 510 5082 ἀρεταῖς
541 5009 678 5084 πρὸς
709 5008 838 5072 τοὺς
886 5009 1409 5088 μεγαλοσχήμοναςο
1454 5013 1643 5070 καθότι
1690 5016 1780 5071 καὶ
1830 5014 1949 5071 ὅσοι

291 5095 510 5172 ἀστέρες
547 5097 653 5153 ὑπὸ
702 5099 800 5167 τὴν
847 5097 1084 5170 ἀπλανῆ,
1128 5101 1268 5176 πρὸς
1311 5103 1377 5172 ἣν
1428 5103 1519 5158 xui
1573 5103 1703 5159 αὐτὸ
1754 5103 1946 5181 ἐῤῥέθη

288 5184 353 5239 τὸ
391 5186 532 5262 μέγα
560 5193 755 5262 σχῆμα
788 5188 1183 5262 ὀνομασθῆναι,
1214 5190 1352 5268 πρὸς
1382 5189 1595 5264 ἐκείνην
1632 5193 1950 5274 στρέφονται

295 5275 540 5353 στροφὴν
573 5274 849 5352 ἑκατέραν,
897 5277 973 5340 ὡς
1022 5276 1419 5355 ἐπετάχθησαν.
1454 5283 1715 5338 Δύνανται
1769 5285 1950 5357 μιμή-

295 5382 431 5428 σεως
458 5363 606 5442 λόγῳ
635 5365 723 5420 καὶ
755 5365 807 5419 οἱ
843 5369 1314 5442 μικροσχήμονες,
1338 5371 1366 5425 ὁ
1401 5371 1494 5444 μέν
1521 5393 1604 5434 τις
1637 5371 1784 5446 ἡλίῳ
1813 5394 1950 5449 παρ-

295 5454 550 5524 εοικέναι,
586 5456 614 5510 ὁ
641 5451 700 5509 δὲ
748 5453 952 5530 σελήνῃ
998 5454 1416 5534 ἀφωμοιῶσθαι.
1469 5462 1573 5518 Καὶ
1606 5459 1850 5524 συνόλως
1880 5461 1952 5518 εῖ-

291 5547 413 5598 πεῖν
444 5544 582 5620 πρὸς
609 5541 814 5600 ἐπταδα
847 5544 988 5599 θείαν
1021 5542 1240 5621 ἔχουσιν
1296 5549 1670 5622 εἷ’κοτίζεσθαι,
1720 5552 1950 5608 ἀντικει-

298 5628 462 5706 μένην
495 5635 564 5703 τῇ
596 5631 1055 5704 νοητῶ,ἀπλανεῖ’
1089 5632 1196 5712 οὐχ
1226 5635 1365 5693 ὥστε
1397 5639 1654 5716 μαχίμω,
1679 5640 1952 5721 ἀντιφέρε-

368 5758 416 5794 ⁴²
439 5759 620 5818 Exod.
651 5777 852 5833 xum,
881 5761 974 5822 26.
1005 5763 1051 5799 “
1078 5762 1249 5824 Joan.
1273 5768 1508 5842 xvn,12
1534 5808 1555 5830 .

2132 4837 2254 4892 191.
2287 4834 2444 4890 Nihil
2472 4832 2738 4906 impedit,
2771 4829 3158 4902 fratres,quin
3190 4828 3228 4883 ii
3262 4827 3362 4900 qui
3388 4827 3707 4900 perfectam

2061 4928 2310 4984 formam
2344 4925 2605 4980 nondum
2648 4920 2846 4994 adepti
2874 4924 3034 4988 sunt,
3095 4934 3339 4989 magnos
3388 4915 3711 4972 monachos

2058 5017 2378 5072 virtutibus
2399 5016 2649 5084 aequent,
2685 5010 2839 5067 sicut
2868 5014 3026 5066 astra
3075 5023 3309 5080 quoque
3356 5005 3492 5074 ﬁxa,
3554 5005 3709 5060 unde

2058 5106 2134 5163 iis
2190 5106 2368 5162 etiam
2452 5119 2664 5159 nomen
2713 5100 2892 5169 venit,
2961 5098 3259 5171 duplicem
3319 5095 3709 5154 evolutionem

2060 5195 2396 5270 perficiunt,
2429 5209 2552 5264 quas
2583 5191 2732 5264 ipsis
2789 5189 3130 5262 praescripta
3178 5191 3286 5243 est.
3348 5183 3708 5241 lmitationis

2060 5303 2198 5358 ergo
2230 5285 2488 5341 minores
2528 5279 2821 5350 monachi,
2881 5295 3036 5334 unus
3084 5277 3318 5347 quidem
3380 5273 3512 5340 soli,
3563 5272 3714 5328 alter

2059 5375 2214 5432 lunae
2247 5371 2565 5430 assimilari
2598 5373 2866 5442 possunt.
2900 5368 3045 5430 Quid
3084 5366 3256 5438 plura
3283 5365 3309 5420 ?
3341 5364 3486 5419 Cum
3518 5367 3710 5433 septe-

2060 5463 2224 5522 nario
2255 5460 2471 5518 ccelesti
2498 5457 2824 5530 comparari
2856 5454 3218 5528 possuntqui
3241 5451 3384 5508 coelo
3414 5449 3710 5523 spirituali

2060 5554 2366 5627 oppositus
2397 5555 2505 5618 est,
2538 5565 2654 5604 non
2686 5551 2752 5602 ut
2781 5545 3049 5618 praelium
3080 5542 3409 5612 ineant,sed
3444 5545 3508 5596 ut
3537 5556 3709 5612 gene-

2059 5647 2191 5704 rent
2219 5643 2526 5700 terrestres
2557 5641 2856 5695 creaturas
2884 5633 3102 5708 quibus
3125 5632 3199 5690 ad
3230 5631 3480 5689 salutem
3513 5647 3547 5687 a
3575 5629 3711 5702 Spi-
