4060 6364
340 429 463 494 897

1361 426 1468 488 DE
1507 425 2001 487 EMENDANDA
2040 426 2226 490 VlTA
2277 427 2757 490 MONACHICA.

3644 428 3766 492 898

336 567 438 631 τῆς
492 557 768 630 κλήσεως,
811 557 850 628 ἥ
898 558 1142 630 Τοξότην
1192 556 1726 633 φαυλωνυμούμενον
1773 557 1866 612 Διὸ
1904 576 1996 631 μι-

2111 560 2407 631 omnibus,
2439 565 2578 618 sunt
2609 565 2802 617 autem
2836 561 3326 626 multa,astralem
3359 564 3628 618 naturam
3652 578 3764 618 au-

338 654 492 706 σοῦσι
527 649 622 722 μὲν
653 648 743 704 καὶ
796 647 928 703 αὐτὰ
975 652 1080 701 τῶν
1135 646 1444 720 ὀνομάτων.
1495 647 1610 704 Οὐκ
1656 646 1908 722 ἀγαπῶσι
1939 644 1998 702 δὶ

341 736 468 794 οὐδὲ
495 739 590 792 τὸν
643 736 946 812 Αἷγόκερων
997 733 1085 791 διὰ
1128 735 1190 790 τὸ
1238 735 1600 810 ἀγριώνυμον.
1634 734 1741 791 Καί
1789 756 1908 790 τινα
1940 731 1998 788 δὲ

340 827 512 884 λοιπὰ
557 829 781 880 τοιαῦτα
833 823 1035 895 (πολλὰ
1087 822 1146 880 δὶ
1192 825 1386 892 ἐκεῖνα)
1435 823 1996 898 προσενθυμοόμενοι,

345 928 882 1000 ἆποπροσποιοῦνται
939 924 1003 978 τὸ
1059 921 1410 996 ἀστεροειδές.
1471 925 1559 993 Μὴ
1618 923 1798 977 τοίνυν
1868 919 1997 996 μηδ’

346 1017 496 1071 αὐτοὶ
553 1014 776 1070 ἐνταῦθα
825 1008 1224 1088 φοϐείσθωσαν,
1257 1013 1318 1066 οὗ
1369 1007 1539 1090 φόϐος
1577 1009 1772 1076 οὐδείς.
1807 1013 1866 1069 Ὁ
1895 1013 1995 1087 γὰρ

348 1103 736 1175 διανονόμενος
784 1101 956 1163 οὕτως
1028 1097 1165 1155 ἵστω
1221 1099 1510 1171 πλανήτης
1565 1099 1766 1176 τρόπον
1828 1099 1998 1155 ἄλλον

345 1193 506 1255 αὐτὸς
553 1193 713 1260 εἶναι,
763 1189 824 1246 οὐ
887 1192 995 1264 μὴν
1049 1189 1376 1260 ἀποπλανὴς
1420 1188 1556 1244 κατά
1610 1211 1671 1267 γε
1724 1189 1790 1244 τὰ
1843 1187 1998 1252 ῗδίως

345 1280 517 1356 ἄστρα
575 1275 864 1356 λεγόμενα.
926 1285 1200 1335 Πλανᾶται
1261 1281 1366 1355 γὰρ
1423 1279 1671 1351 ἀληθῶς,
1728 1279 1818 1334 καὶ
1873 1275 2000 1333 οὐδὲ

341 1372 479 1446 πρὸς
524 1365 765 1439 ἔπαινον,
799 1368 845 1422 εί
891 1369 953 1422 τὸ
998 1369 1376 1444 πραγματικὸν
1421 1367 1632 1443 καίριον
1683 1367 1848 1445 ἀφιεὶ,
1907 1388 1999 1439 μι-

349 1465 590 1534 μεῖσθαι,
648 1459 710 1513 τὸ
768 1457 820 1513 έν
876 1461 992 1519 τοῖς
1066 1454 1311 1532 ἄστροις,
1376 1456 1786 1533 περιεργάζεται
1858 1455 1998 1530 ψιλὰ

343 1549 604 1621 ὀνόματα.
639 1543 782 1604 Οὐδὲ
825 1547 939 1619 ιμία
977 1546 1080 1622 γὰρ
1140 1545 1321 1620 φαύλη
1375 1545 1574 1615 κλῆσις
1619 1540 1825 1618 ἔϐλαψέ
1867 1564 1999 1600 ποτε

340 1637 432 1693 τὸν
469 1637 550 1692 ἐπ’
596 1635 822 1711 ἀγαθοῖς
875 1635 1122 1708 μιμητὴν
1166 1632 1353 1710 ἄνδρα,
1407 1634 1586 1710 ὥσπερ
1637 1632 1763 1689 οὐδὲ
1817 1633 1996 1707 ἀγαθὴ

345 1724 594 1801 ὠφέλησε
622 1726 740 1793 τὸν,
782 1724 862 1800 ἐφ’
913 1725 994 1785 οἷς
1044 1723 1106 1778 οὗ
1154 1725 1290 1800 χρὴ,
1348 1723 1602 1794 ζηλωτήν
1631 1741 1643 1754 °
1693 1723 1746 1777 αἱ
1780 1720 1837 1777 δὲ
1864 1721 2000 1776 κατὰ

345 1818 569 1889 πρᾶγμα
622 1814 885 1886 μιμήσεις
921 1808 957 1880 ἤ
1008 1808 1270 1886 ἔϐλαψαν,
1303 1810 1392 1867 ὅτε
1438 1833 1522 1874 τις
1568 1813 1630 1867 τὸ
1657 1811 1863 1891 φαῦλον
1901 1816 1998 1881 ζη-

2111 651 2322 707 ferunt.
2351 653 2514 707 Absit
2546 653 2726 725 igitur
2757 652 2937 707 metui
2969 651 3154 721 locus,
3189 653 3290 707 ubi
3312 652 3460 707 nihil
3495 659 3761 708 metuen-

2109 741 2249 794 dum
2283 742 2559 798 cst.Talia
2579 741 2737 796 enim
2761 746 2956 796 mcnte
2979 742 3244 812 cogitans
3268 743 3416 797 sciat
3446 743 3600 814 quod
3633 742 3762 813 ipse

2109 845 2362 900 qucque,
2395 832 2494 885 sed
2528 831 2643 886 alia
2671 829 2894 885 ratione
2925 830 3158 902 planeta
3191 830 3289 894 sit,
3351 846 3468 884 non
3515 831 3765 886 erratica

2110 929 2530 999 autem,qualia
2559 931 2719 982 astra
2751 927 2918 1000 vulgo
2941 928 3418 984 dicuntur.Errat
3447 927 3605 982 enim
3639 945 3763 983 rea-

2111 1033 2233 1087 pse,
2267 1017 2365 1072 sed
2398 1017 2558 1071 nullo
2580 1017 2863 1084 decore,si
2896 1023 3242 1071 caeterorum
3278 1021 3571 1070 astrorum
3605 1015 3764 1088 leges

2110 1104 2603 1176 negligens,vanis
2627 1106 2966 1161 nominibus
2991 1104 3579 1176 inhaeret.Nunquam
3605 1105 3763 1160 enim

2106 1195 2313 1268 iniqua
2343 1195 2744 1250 denominatio
2761 1195 2880 1249 viro
2899 1195 3132 1249 virtutis
3163 1197 3437 1266 spectatas
3470 1193 3763 1262 nocuit,ut

2109 1299 2216 1338 nec
2245 1284 2503 1355 gratiosa
2534 1284 2752 1354 profuit
2781 1283 2901 1337 viro
2935 1284 3360 1353 peccaminoso.
3396 1282 3762 1338 lmitationes

2110 1376 2347 1427 econtra
2378 1371 2546 1427 factis
2594 1385 2884 1441 expressa
2945 1369 3285 1440 perniciosae
3333 1370 3494 1424 fuere
3551 1369 3605 1424 ei
3659 1371 3763 1442 qui

2111 1460 2262 1516 male
2292 1459 2431 1532 agit,
2465 1463 2566 1515 aut
2597 1459 2868 1532 proflcuaa
2905 1459 3142 1515 fuerunt
3171 1459 3292 1514 vice
3317 1475 3503 1514 versa.
3543 1458 3602 1512 Si
3652 1459 3762 1530 igi-

2109 1555 2207 1606 tur
2241 1550 2496 1604 novitius
2528 1548 2738 1602 metuit
2769 1551 3092 1619 nepropter
3111 1547 3390 1602 Draconis
3413 1547 3649 1618 signum
3681 1547 3762 1604 si-

2111 1641 2348 1695 dereum
2380 1638 2506 1708 ipse
2537 1652 2773 1708 quoque
2801 1652 2973 1690 vorax
3005 1636 3124 1703 fiat,
3158 1641 3261 1690 aut
3291 1644 3526 1707 propter
3582 1636 3762 1692 Ursos

2109 1728 2376 1800 gulosus,
2409 1731 2511 1782 aut
2559 1730 2796 1796 propter
2851 1725 3137 1796 Pegasum
3170 1724 3498 1794 impedicus
3549 1725 3760 1793 factus,

2109 1817 2304 1872 subito
2336 1815 2610 1871 sublimis
2641 1815 2880 1881 feratur,
2913 1818 3016 1868 aut
3045 1813 3240 1868 cancri
3287 1829 3447 1868 more
3507 1812 3761 1882 obliquis

348 1901 461 1972 λοῖ,
494 1898 531 1971 ἤ
563 1900 878 1976 ὠφέλησαν,
897 1897 1084 1964 ἄλλως
1106 1901 1406 1976 γινόμεναι.
1428 1901 1526 1956 Καὶ
1561 1903 1668 1974 μὴν
1702 1901 1747 1955 εἰ
1775 1901 1999 1955 τοιαῦτά

2110 1905 2384 1978 passibus
2413 1905 2668 1974 incedat,
2701 1920 2834 1958 cum
2866 1901 3176 1958 hominum
3211 1918 3326 1958 non
3377 1901 3604 1972 possit;
3663 1905 3766 1958 aut

345 2011 467 2046 τινα
499 1987 672 2045 δέδιεν
733 1990 760 2043 6
811 1987 1195 2064 εἷσαγωγικὸς,
1249 1992 1463 2063 μήποτε
1512 1988 1600 2044 διὰ
1638 1990 1730 2044 τὸν
1779 1989 1830 2044 έν
1877 1993 1998 2050 τοῖς

350 2080 788 2155 ἀστροθετήμασι
841 2080 1116 2154 Δράκοντα
1173 2080 1334 2154 βορὸς
1383 2077 1544 2142 αὐτὸς
1589 2073 1850 2148 ἀποϐαίη,
1908 2076 1998 2132 καί

348 2166 439 2223 διὰ
485 2168 581 2229 τὰς
641 2173 912 2242 ’Ἃρκτους
958 2169 1283 2245 παμφαγής,
1327 2168 1415 2222 καὶ
1467 2165 1556 2222 διὰ
1605 2167 1698 2221 τὸν
1747 2169 1996 2242 Πήγασον

347 2255 483 2330 πρὸς
535 2252 784 2330 λαγνείαν
837 2253 1233 2332 τρέφηται,καὶ
1281 2277 1379 2326 την
1413 2253 1600 2317 άλλως
1663 2255 1994 2330 μετεωρίζη-

347 2364 456 2410 ται,
487 2343 577 2397 καὶ
619 2340 754 2412 λοξὰ
805 2343 959 2416 βαίνῃ
1005 2343 1264 2418 καρκίνου
1314 2341 1490 2416 δίκην,
1543 2344 1642 2398 οὐκ
1687 2342 1831 2420 ἔχων
1866 2344 2000 2419 ὀρθὰ

355 2428 614 2508 βαδίζειν,
666 2431 740 2492 ὡς
797 2430 1072 2507 ἀνθρώπῳ
1117 2431 1333 2506 πρέπει,
1383 2432 1749 2509 ἀναγκάζηται
1803 2431 1862 2487 δὲ
1908 2431 1998 2488 καὶ

350 2519 655 2594 λῃστρικῶς
707 2519 859 2595 βιοῦν
919 2519 969 2573 ἐν
1026 2524 1108 2593 τῷ
1165 2522 1541 2592 κατατοξεύειν
1599 2519 1687 2576 διὰ
1740 2522 1834 2577 τὸν
1887 2519 1998 2576 ἄνω

345 2609 606 2679 Τοξότην,
655 2609 746 2662 καὶ
810 2607 1186 2684 ἐξαγριοὺσθαι
1243 2611 1317 2673 ὡς
1396 2609 1472 2673 εἷς
1522 2612 1703 2684 κέρας,
1761 2610 1791 2666 6'
1845 2632 1995 2690 φασι,

344 2695 436 2751 διὰ
462 2697 552 2752 τὸν
585 2695 920 2773 Αῒγόκερων,
961 2695 1194 2772 δαιμονᾷ
1238 2699 1266 2753 6
1310 2703 1560 2764 τοιοῦτος
1606 2704 1702 2754 τοῦ
1734 2694 1928 2776 φόϐου,
1960 2698 1998 2769 ἤ

348 2784 494 2841 ἀλλὰ
549 2784 627 2850 εἷς
666 2784 1033 2861 ὑποχόνδριον
1091 2793 1429 2862 κακοπραγεῖ
1467 2806 1480 2820 ⁸
1541 2788 1590 2843 εἴ
1649 2791 1724 2861 μή
1785 2809 1838 2843 τι
1897 2785 1998 2857 ἄρα

350 2874 556 2944 παίζειν
587 2872 775 2936 ἄλλως
805 2873 978 2939 ἐθέλει
1029 2875 1084 2929 έν
1131 2875 1193 2930 οὗ
1233 2882 1505 2938 παικτοῖς.
1540 2878 1718 2931 Ἔστω
1751 2875 1809 2932 δὲ
1840 2878 1995 2950 ὅμως

352 2963 442 3017 καὶ
499 2961 649 3036 αὐτῷ
699 2961 777 3026 εἷς
825 2963 1105 3038 θεραπείαν
1152 2964 1409 3038 ἀστρῲων
1461 2963 1655 3042 ἐτέρων
1699 2965 1999 3042 χρηστοτέ-

355 3072 461 3127 ρων
490 3051 780 3126 ὀνομάτων
812 3051 880 3125 (εἷ
917 3050 1199 3128 βούλοιτο)
1229 3059 1422 3130 πρῶτα
1471 3056 1565 3127 μὲν
1601 3055 1662 3110 τὸ
1704 3057 1960 3129 θυτήριον
1981 3075 1995 3090 ο

351 3149 420 3206 δι’
453 3149 515 3206 οὗ
545 3149 793 3227 έναχθεὶς
845 3151 986 3216 θύειν
1046 3153 1230 3208 ἑαυτὸν
1279 3153 1359 3227 τῷ
1390 3159 1505 3226 Θεῷ
1558 3155 1585 3208 ὁ
1611 3160 1859 3218 τοιοῦτος
1897 3177 1996 3230 μο-

2109 2012 2182 2049 ne
2202 1995 2500 2050 latronum
2533 1993 2720 2048 instar
2749 1990 2920 2054 vivat,
2946 1995 3048 2045 aut
3077 1989 3193 2045 tela
3221 1989 3499 2060 conjiciat
3545 1994 3611 2044 ut
3657 2007 3765 2046 su-

2109 2100 2326 2156 pernus
2354 2081 2724 2154 Sagittarius,
2758 2085 2859 2135 aut
2883 2085 3208 2150 cornupeta
3241 2079 3334 2149 sit,
3359 2078 3515 2134 sicut
3562 2078 3766 2150 Capri-

2108 2187 2346 2236 cornus,
2381 2170 2477 2224 hic
2507 2187 2540 2224 a
2565 2170 2829 2224 daemone
2852 2173 3044 2223 metus
3103 2167 3438 2238 possidetur
3485 2169 3586 2221 aut
3637 2169 3764 2222 atra

2108 2259 2225 2314 bile
2253 2259 2496 2324 laborat,
2526 2257 2637 2312 nisi
2674 2257 2819 2311 forte
2852 2255 3060 2326 nugari
3093 2254 3247 2321 velit,
3283 2255 3379 2309 ubi
3414 2255 3760 2326 nugandum

2110 2365 2224 2404 non
2255 2346 2784 2413 est.Meminerit,si
2809 2345 3173 2416 jucundiora
3195 2348 3487 2398 astrorum
3520 2343 3765 2400 nomina

2109 2437 2302 2509 magis
2329 2439 2649 2502 amat,ante
2680 2434 2878 2490 omnia
2907 2435 3054 2500 Arae,
3082 2449 3258 2503 super
3288 2449 3402 2501 qua
3434 2431 3764 2487 monachus

2109 2528 2371 2597 seipsum
2395 2525 2510 2580 Deo
2542 2524 2874 2579 sacriﬁcare
2902 2522 3031 2578 etin
3062 2521 3359 2576 victimam
3375 2526 3604 2592 gratam
3626 2537 3765 2576 con-

2108 2632 2334 2681 versus,
2365 2631 2399 2670 a
2430 2612 2746 2668 virtutibus
2778 2627 2986 2666 nomen
3018 2627 3134 2665 non
3170 2627 3438 2681 pravum,
3470 2610 3572 2664 sed
3629 2623 3764 2664 vere

2109 2704 2402 2760 sidereum
2434 2704 2755 2757 mutuetur.
2790 2699 2889 2754 Dei
2923 2700 3039 2754 Ara
3069 2703 3467 2769 nuncupatus,
3503 2713 3605 2753 seu
3659 2712 3761 2768 po-

2106 2795 2227 2848 tius
2258 2791 2496 2846 victima
2546 2795 2655 2844 Deo
2703 2791 3062 2844 consecrata.
3095 2787 3430 2841 Secundum
3459 2787 3633 2841 Aram
3665 2800 3763 2856 ge-

2109 2881 2314 2938 mellos
2346 2883 2552 2935 fratres
2584 2877 2720 2933 boni
2751 2876 2970 2932 ominis
3005 2876 3242 2930 nomine
3264 2875 3416 2929 inter
3444 2879 3604 2929 astra
3633 2873 3758 2928 col-

2108 2975 2328 3036 ocatos,
2357 2967 2840 3040 antiquissimum
2866 2966 2916 3021 fr
2930 2964 3118 3021 aterni
3142 2965 3361 3020 amoris
3421 2962 3757 3034 exemplum

2109 3079 2142 3117 a
2171 3059 2560 3131 scriptoribus
2583 3060 2975 3111 memoratum
3007 3054 3208 3120 habes,
3233 3070 3350 3125 quo
3383 3051 3500 3108 divi
3549 3052 3762 3108 fratres

2108 3152 2286 3205 vitam
2318 3145 2688 3203 sacriﬁcandi
2722 3149 2928 3199 mutuo
2961 3143 3258 3198 desiderio
3309 3142 3759 3198 incedebantur.

346 3241 536 3316 ναχὸς,
597 3241 682 3294 καὶ
747 3238 824 3303 εἷς
881 3240 1064 3306 θυσίαν
1119 3241 1465 3298 ἀποτελεῐθαι
1523 3241 1739 3314 δεκτήν,
1793 3243 1996 3322 κληρο-

2110 3245 2368 3319 Virginis
2395 3243 2606 3298 deinde
2620 3257 2830 3296 nomen
2856 3240 3323 3312 pulcherrimum
3339 3243 3515 3310 atque
3535 3238 3760 3308 angelis

347 3331 587 3403 νομήσοι
635 3327 695 3383 ἂν
748 3327 837 3384 διὰ
881 3337 982 3401 τῆς
1047 3333 1164 3387 κατ’
1221 3332 1381 3388 αὐτὸν
1433 3340 1738 3409 πρακτικῆς
1797 3335 1992 3405 ἀρετῆς

353 3417 532 3474 οὐκέτι
561 3417 791 3493 φαῦλον,
825 3418 970 3474 ἀλλὰ
1017 3422 1232 3483 πάντως
1281 3421 1474 3498 ἀγαθὸν
1526 3422 1766 3498 ἀστρῷον
1801 3419 1994 3497 ὄνομα,

355 3507 614 3582 θυτήριον
672 3507 814 3563 θεῖον
873 3507 1260 3582 καλούμενος·
1327 3510 1636 3586 κοινότερον
1691 3509 1748 3566 δὲ
1806 3512 1996 3584 εἰπεῖν,

351 3605 733 3681 θυμιατήριον,
785 3605 1100 3680 ὠσιωμένον
1157 3611 1292 3680 Θεῷ.
1349 3609 1482 3665 Εἶτα
1527 3610 1663 3686 πρὸς
1708 3615 1788 3682 τῷ
1835 3612 1999 3682 θυτη-

351 3693 453 3768 ρίῳ
483 3692 658 3770 έχέτω
702 3693 778 3756 εἷς
825 3693 1202 3771 ἀγαθωνυμίας
1235 3698 1468 3770 μίμησιν
1517 3698 1606 3753 καὶ
1644 3698 1770 3762 τοὺς
1799 3701 1998 3776 ἠστρο-

354 3783 684 3855 θετημένους
732 3780 1026 3856 Διδύμους,
1079 3786 1141 3840 τὸ
1187 3789 1285 3856 τῆς
1316 3789 1433 3842 καθ’
1462 3788 1702 3863 ἱστορίαν
1743 3786 2005 3866 φιλαδελ-

353 3871 481 3949 φὶας
513 3869 847 3927 παλαίτατον
906 3873 1231 3947 ὗπόμνημα,
1288 3877 1406 3930 καθ’
1447 3873 1515 3946 ἤν
1560 3877 1650 3931 καὶ
1698 3877 1862 3932 αὐτοῦ
1904 3883 2001 3933 τοῦ

352 3962 452 4032 ζῇν
486 3957 765 4029 ἀλλήλοις
798 3961 1171 4032 ὑπεξίστανται
1213 3965 1264 4018 οἳ
1316 3963 1586 4042 φιλόθεοι.
1618 3965 1759 4039 Πρὸς
1789 3966 2004 4030 τούτοις

349 4047 440 4104 καὶ
487 4049 588 4118 τὴν
640 4049 936 4124 Παρθένον,
995 4052 1058 4106 τὸ
1112 4052 1200 4107 ιιαί
1243 4050 1541 4108 κάλλιστον
1594 4054 1684 4108 καὶ
1743 4054 2002 4131 ἀγγέλοις

350 4133 510 4210 φίλον
543 4134 721 4210 ὄνομα
753 4157 766 4172 ο
801 4138 864 4192 οὗ
885 4139 1022 4214 πρὸς
1077 4139 1308 4214 μίμησιν
1356 4142 1383 4195 6
1411 4142 1626 4217 τρέχων
1657 4162 2003 4217 πραγματευ-

347 4228 513 4286 τικῶς
555 4223 702 4297 αὐτῷ
747 4231 866 4298 Θεῷ
915 4225 1130 4304 ἐγγίζει,
1189 4229 1280 4284 καὶ
1337 4234 1420 4302 τῷ
1479 4231 1826 4306 ἠγαπημένῳ
1882 4233 2002 4286 θεο-

357 4309 510 4388 λόγῳ
599 4313 1032 4391 σύγπαραστατεῖ
1063 4336 1076 4348 ⁸
1148 4317 1318 4394 ταύτῃ
1391 4319 1480 4373 καὶ
1552 4319 1646 4374 τὸν
1703 4318 2005 4397 Ὑδρηχόον

343 4401 853 4476 προσεννοούμενός
909 4426 1011 4473 τις,
1043 4406 1133 4461 καὶ
1187 4412 1267 4479 τῷ
1312 4407 1540 4482 ὀνόματι
1585 4408 1765 4482 τούτῷ
1793 4409 1871 4473 εἰς
1915 4409 2006 4485 ἐγ-

345 4490 604 4566 κράτειαν
660 4491 1076 4567 έξασκούμενος,
1135 4496 1224 4552 καὶ
1297 4499 1397 4568 τὴν
1478 4497 1537 4553 ἐκ
1597 4499 1768 4571 μέθης
1821 4496 1858 4568 ἥ
1915 4499 2005 4554 καὶ

2107 3340 2340 3409 gratum
2364 3333 2554 3400 venit;
2589 3330 2759 3404 cujus
2789 3327 3121 3401 exemplum
3157 3329 3255 3400 qui
3309 3328 3534 3384 sincere
3591 3326 3762 3382 factis

2107 3426 2395 3489 imitatur,
2429 3424 2500 3477 ad
2525 3427 2703 3476 Deum
2735 3421 2929 3491 ipsum
2963 3418 3400 3490 appropinquat
3436 3421 3495 3472 et
3549 3414 3766 3472 Joanni

2107 3514 2377 3585 theologo
2409 3512 2480 3567 ab
2503 3511 2776 3566 omnibus
2797 3508 3006 3564 dilecto
3028 3505 3544 3562 associatur.Adde
3562 3507 3763 3576 Aqua-

2109 3603 2286 3671 rium,
2319 3602 2488 3672 cujus
2517 3601 2646 3673 ipsa
2675 3597 2987 3671 appellatio
3010 3597 3078 3652 ad
3103 3595 3552 3667 temperantiam
3577 3593 3766 3649 horta-

2109 3697 2225 3763 tur,
2258 3692 2339 3747 ita
2371 3695 2434 3746 ut
2453 3689 2742 3746 malitiam
2773 3704 2842 3743 ex
2863 3686 3139 3742 ebrietate
3171 3688 3225 3741 et
3256 3684 3388 3740 vino
3419 3687 3606 3739 ortam
3665 3683 3765 3738 de-

2109 3781 2270 3848 vitet,
2321 3785 2380 3836 et
2427 3780 2499 3835 ad
2558 3778 2737 3834 vitam
2769 3777 3027 3833 sobriam
3087 3774 3456 3830 assuefactus
3488 3787 3557 3827 ex
3579 3775 3764 3828 astro-

2111 3887 2242 3928 rum
2275 3868 2614 3925 nominibus
2635 3865 2941 3921 commoda
2964 3863 3269 3935 percipiat,
3327 3867 3384 3916 et
3430 3862 3500 3916 ad
3561 3878 3628 3916 ea
3682 3861 3769 3916 fa-

2113 3960 2320 4016 cienda
2350 3961 2610 4029 paratus,
2647 3955 2920 4010 timorem
2953 3953 3108 4007 intra
3141 3968 3203 4007 se
3234 3951 3516 4022 reprimet
3555 3949 3770 4004 Draco-

2112 4049 2226 4117 nis,
2254 4047 2565 4116 utriusque
2612 4043 2794 4112 Ursaa,
2855 4041 3086 4113 Pegasi,
3145 4040 3375 4106 Cancri,
3436 4037 3761 4110 Sagittarii,

2109 4143 2468 4215 Capricorni,
2491 4141 2758 4196 omnium
2789 4141 3224 4202 casterorum,et
3256 4135 3512 4208 profecto
3535 4141 3763 4190 astrum

2113 4231 2651 4299 cosleste,manebit,
2678 4229 2848 4285 bonis
2865 4227 3207 4283 nominibus
3221 4230 3276 4281 et
3310 4224 3478 4280 factis
3503 4223 3770 4295 resplen-

2114 4325 2280 4380 dens.
2329 4322 2510 4378 Homo
2557 4318 2716 4375 enim
2770 4317 2870 4388 qui
2932 4321 3044 4371 Deo
3093 4317 3473 4369 consecratur
3529 4311 3771 4368 victima

2116 4430 2218 4486 per
2239 4411 2607 4475 cbaritatem,
2658 4405 2895 4478 qualem
2957 4408 3229 4461 sanctum
3288 4399 3668 4474 Evangelium
3711 4404 3770 4456 et

2115 4502 2296 4558 Vetus
2323 4501 2764 4554 Testamentum
2789 4493 3161 4564 tradunt,qui
3186 4491 3516 4548 castitatem
3547 4489 3770 4562 virgine

352 4577 541 4672 ἄλλως
597 4579 962 4672 οἰνοφλυγίας
1009 4587 1200 4641 κακίαν
1250 4585 1447 4642 ἑαυτοῦ
1495 4587 1743 4665 ἀπάγων,
1789 4588 1878 4644 καὶ
1916 4611 1999 4661 νη·

2117 4593 2354 4662 dignam
2378 4592 2604 4643 exercet
2634 4590 2690 4641 et
2721 4583 3022 4640 sobrietati
3069 4582 3291 4652 studet,
3326 4580 3477 4635 nihil
3536 4596 3570 4634 a
3626 4579 3770 4634 Dra-

349 4665 545 4744 φάλιον
595 4671 745 4739 ζωὴν
795 4670 1212 4748 παιδευόμενος,
1257 4677 1347 4732 καὶ
1399 4675 1598 4741 λοιπάς
1649 4675 1707 4732 δὲ
1751 4677 1999 4742 τοιαύτας

2118 4696 2261 4738 conc
2292 4684 2392 4734 aut
2413 4677 2557 4734 Urso
2586 4676 2645 4730 in
2669 4690 2731 4730 se
2763 4674 2959 4729 habet.
2995 4672 3296 4738 Quomodo
3327 4669 3485 4723 enim
3535 4667 3771 4724 invidias

345 4755 407 4811 ἐκ
455 4761 565 4812 τῶν
613 4755 825 4836 ἄστρων
871 4759 1100 4832 κλήσεις
1153 4764 1556 4841 ὲρανιζόμενος,
1584 4765 1674 4820 καί
1721 4769 1859 4842 πρὸς
1908 4767 2003 4822 αὖ-

338 4845 436 4909 τὰς
494 4843 866 4920 διατιθέμενος
939 4847 1269 4928 ἔμπρακτος,
1333 4853 1707 4928 ἐκθεραπεύσει
1762 4857 1889 4918 τοὺς
1948 4857 2000 4913 έν

341 4933 492 5006 αὐτῷ
522 4931 727 5010 φόϐους
778 4937 1016 5002 ἐκείνους
1049 4961 1061 4975 ·
1115 4943 1206 4997 τὸν
1255 4947 1355 4998 τοῦ
1397 4943 1717 5019 Δράκοντος,
1751 4945 1842 4999 τὸν
1875 4946 2001 4999 ἑκα-

341 5021 500 5096 τέρας
561 5025 820 5100 Ἀρκτου,
876 5029 968 5084 τὸν
1023 5028 1084 5085 ἐκ
1109 5034 1207 5086 τοῦ
1249 5031 1525 5107 Πηγάσου,
1568 5031 1659 5086 τὸν
1709 5037 1805 5086 τοῦ
1857 5039 2003 5109 Καρ.

340 5110 516 5180 κίνου,
575 5114 668 5169 τὸν
719 5119 818 5169 τοῦ
872 5117 1137 5190 Τοξότου,
1189 5120 1280 5175 τὸν
1336 5125 1435 5176 τοῦ
1512 5119 1817 5195 Αἱγόκερω,
1877 5124 2004 5186 τοὺς

343 5198 576 5265 λοιποὺς
633 5203 868 5266 ἅπαντας
901 5225 914 5238 ·
969 5207 1060 5262 καὶ
1126 5213 1275 5282 μενεῖ
1327 5205 1518 5264 διόλου
1578 5205 1774 5285 ἄστρον
1835 5213 2001 5281 θεῖον,

342 5289 564 5362 ἀγαθοῖς
623 5287 1052 5368 έλλαμπόμενος
1111 5296 1341 5370 ὀνόμασί
1399 5317 1459 5352 τε
1525 5297 1616 5352 καὶ
1669 5298 2001 5374 πράγμασιν.

339 5386 670 5462 ’Ἄνθρωπος
718 5389 820 5465 γὰρ
870 5391 1280 5468 ἀνατεθειμένος
1330 5399 1446 5467 Θεῷ
1497 5391 1586 5448 διά
1631 5416 1689 5449 τε
1717 5400 1814 5451 τοῦ
1847 5397 2005 5460 θυσία

345 5474 536 5548 ἐκείνῳ
609 5477 875 5554 γενέσθαι,
958 5481 1047 5538 διά
1111 5506 1172 5540 τε
1235 5483 1619 5564 φιλαδελφίας,
1671 5485 1864 5542 ὁποίαν
1939 5490 2004 5544 τὸ

340 5565 488 5640 ἱερὸν
549 5567 917 5644 παραδίδωσιν
983 5574 1312 5652 Εὐανγέλιον
1363 5575 1454 5632 καὶ
1519 5577 1554 5647 ἠ
1605 5575 1815 5632 παλαιὰ
1867 5589 2005 5643 θειο-

2113 4785 2426 4826 venemum
2473 4769 2699 4821 eructet
2747 4767 2849 4819 aut
2879 4761 3228 4833 blaspheme
3291 4774 3390 4813 ore
3436 4757 3770 4829 proximum

2111 4859 2339 4916 vorabit
2368 4858 2543 4911 homo
2571 4856 2812 4908 fratrum
2837 4867 3044 4906 amans
3087 4867 3151 4906 ac
3185 4847 3374 4904 malas
3413 4846 3769 4919 cupiditates

2114 4950 2362 5005 domans
2385 4945 2412 4999 ‘?
2444 4945 2547 5000 Hic
2580 4959 2720 4997 sane
2751 4941 3052 4995 hinnitum
3085 4953 3390 5008 nunquam
3423 4936 3556 4991 edet
3614 4934 3770 4989 fero-

2115 5052 2376 5108 cem,nec
2392 5035 2512 5090 vias
2536 5031 2767 5087 Domini
2794 5023 3623 5102 prmtergrediensincurvabit
3644 5020 3770 5077 sine

2114 5125 2479 5191 necessitate,
2514 5137 2775 5178 amorem
2839 5119 3161 5174 fraternum
3211 5113 3567 5170 simulando.
3610 5115 3774 5167 Hanc

2113 5226 2296 5296 igitur
2325 5223 2398 5278 ob
2427 5235 2664 5275 causam
2699 5232 2890 5286 neque
2942 5212 3217 5286 Sagitarii
3263 5211 3512 5267 formam
3567 5207 3775 5264 induet

2115 5316 2184 5370 ad
2219 5311 2374 5384 quod
2407 5305 2837 5379 designandum
2890 5303 3192 5359 Chimaerae
3265 5299 3517 5356 monstri
3558 5311 3774 5352 nomen

2115 5404 2420 5459 inventum
2451 5401 2560 5467 est,
2591 5394 2662 5450 ad
2696 5409 2871 5466 quam
2910 5408 3014 5447 nec
3047 5406 3290 5462 serpens
3322 5404 3462 5444 corn
3476 5391 3612 5442 utus
3645 5401 3778 5440 con-

2115 5491 2252 5548 ferri
2289 5487 2521 5562 poterit.

339 5654 499 5746 ta'z'm_
540 5660 750 5746 Γραφὴ,
807 5663 897 5719 καὶ
963 5666 1308 5743 καθαρότητα
1379 5662 1437 5721 δὲ
1519 5665 1946 5746 παρθενοπφεπῆ
2029 5669 2306 5742 ζηλώσας,
2363 5661 2453 5718 καὶ
2525 5656 2806 5746 ἐγκρατείᾳ
2874 5653 3371 5746 έγγυμναζόμενος,
3451 5651 3577 5708 οὕτε
3634 5651 3773 5746 Apat-

341 5743 532 5809 κοντός
581 5765 634 5802 τι
691 5745 818 5826 ἔχοι
875 5751 957 5828 ἂν,
1020 5741 1144 5813 οὔτε
1189 5757 1454 5833 υΔεξικτου.
1514 5741 1638 5820 Πῶς
1661 5754 1761 5834 γὰρ
1807 5741 1866 5814 ἀν
1923 5757 2007 5817 ἰὸν
2060 5741 2404 5834 ένέρεύξηται
2458 5748 2686 5831 φθόνου,
2757 5744 2794 5816 ἥ
2857 5744 3200 5824 βλασφήμως
3274 5741 3771 5820 ἀνθρωποφαγήσῃ,
