4060 6374
269 414 386 477 901

1288 407 1394 468 DE
1432 404 1926 469 EMENDANDA
1969 403 2158 468 VITA
2201 403 2686 468 MONAGHICA.

3577 409 3698 470 902

268 542 349 608 sic
399 540 529 604 τοὺς
593 541 810 615 μέσους·
872 538 1040 595 εἶπεῖν
1090 534 1148 592 δὲ
1203 535 1613 610 συνηθέστερον,
1665 534 1743 596 εἷς
1796 531 1925 594 τοὺς

2067 535 2248 606 nenti,
2278 535 2336 591 in
2370 535 2616 593 minoris
2645 537 2998 604 indumenti,
3024 539 3126 611 qui
3156 539 3361 595 novitii
3393 543 3558 610 sunt,
3599 541 3701 596 de-

275 630 798 706 μεγαλοσχήμονας,
830 627 921 682 καὶ
952 627 1028 688 εἷς
1069 627 1198 686 τοὺς
1247 628 1344 680 τοῦ
1397 627 1596 700 μικροῦ
1646 624 1936 698 σχήματος

2067 625 2222 695 iique
2251 631 2308 680 et
2336 627 2394 680 in
2421 626 2642 682 medios
2665 627 3065 683 mantellatos.
3098 629 3165 682 Et
3187 629 3689 700 quemadmodum

275 719 364 777 διὰ
391 722 491 790 τὴν
524 718 851 794 εἰσαγωγὴν,
885 715 974 770 καὶ
1017 714 1094 776 εἷς
1150 713 1283 778 τοὺς
1342 713 1534 786 μέσους
1596 709 1934 786 μανδυώτας.

2047 715 2266 784 nuptiae
2300 714 2463 769 laicis
2492 721 2550 771 et
2580 716 2846 786 patribus
2875 732 3220 772 communes
3262 723 3420 783 sunt,
3455 718 3537 773 sic
3571 735 3700 773 mo-

273 811 376 864 Καὶ
423 806 590 874 ἔστιν,
623 805 805 878 ὥσπερ
866 805 894 858 6
950 803 1126 879 γάμος
1181 802 1435 857 κοινωνία
1495 801 1690 856 λαϊκοῦ
1740 796 1936 874 ἀνδρὸς

2067 803 2300 857 machum
2351 809 2408 858 et
2466 811 2690 875 patrem
2737 806 2938 876 jungit
2993 804 3229 878 nigrum
3279 807 3695 862 indumentum

273 898 367 954 καὶ
422 900 595 964 παπᾶ,
630 893 774 950 οὕτω
832 891 1112 966 συνδρομὴ
1151 895 1398 966 μοναχοῦ
1451 891 1590 966 πρὸς
1645 893 1826 943 παπᾶν
1875 886 1938 941 τὸ

2067 896 2375 962 :xternum,
2407 893 2466 947 in
2517 893 2712 964 aliquo
2761 894 3080 960 diversum,
3113 895 3532 950 indumentum
3581 913 3697 952 non

273 992 372 1042 τοῦ
434 983 764 1056 ἰξεπιπολῆς
821 983 1150 1060 φορήματος
1241 978 1410 1052 μέλαν
1470 978 1558 1033 καὶ
1644 977 1782 1051 πρός
1821 995 1940 1029 τινα

275 1075 561 1154 διαφορὰν,
612 1071 702 1128 καὶ
781 1071 845 1126 τὸ
927 1069 1270 1145 (ὁλοσχερῶς
1335 1067 1529 1140 εἷ’πεῖν)
1581 1066 1650 1120 οὐ
1724 1064 1936 1131 λαϊκὸν,

271 1165 420 1222 ἀλλά
447 1185 566 1226 πως
596 1156 904 1217 Λεὸιτικόν.

343 1270 480 1349 ριίς.
515 1271 614 1325 Ἐκ
669 1266 876 1324 τούτων
939 1262 996 1322 δὶ
1055 1263 1251 1335 δῆλον,
1310 1263 1387 1326 ὡς
1453 1259 1774 1336 θεραπευταὶ
1837 1258 1934 1333 μὲν

269 1365 405 1416 Θεοῦ
461 1360 658 1420 πάντες
714 1360 914 1418 κοινῶς
979 1355 1030 1408 οἱ
1084 1352 1421 1430 Χριστιανοὶ,
1481 1349 1937 1424 ἀποτεταγμένως

269 1447 328 1505 δὶ
353 1450 406 1503 οἱ
435 1443 683 1508 παπάδες
708 1445 799 1500 καὶ
831 1445 882 1499 οἱ
917 1440 1174 1518 μοναχοίο
1205 1440 1411 1496 τούτων
1440 1437 1497 1495 δὲ
1543 1442 1619 1502 εἱς
1672 1439 1839 1494 πλέον
1888 1439 1940 1492 oi

273 1536 535 1613 μοναχοὶ,
567 1536 641 1597 ὡς
671 1535 846 1590 πάντα
891 1533 985 1606 μὶν
1018 1531 1134 1608 βίον
1165 1528 1688 1602 κατανωτισάμενοι,
1722 1528 1816 1583 τόν
1885 1547 1944 1585 τε

273 1625 490 1695 λαϊκὸν,
539 1623 628 1679 καὶ
683 1622 844 1678 αὐτὸν
902 1621 992 1676 τὸν
1070 1617 1375 1674 παπαδικόν
1403 1638 1416 1652 ’
1479 1616 1826 1691 ἰκλεξάμενοι
1889 1614 1947 1671 δὲ

278 1714 420 1771 ἄλλο
443 1735 496 1769 τι
525 1712 790 1778 ἐπέκεινα,
822 1708 911 1766 καὶ
946 1708 1007 1764 ού
1044 1708 1208 1782 μόνον
1256 1707 1622 1780 ἐκλεξάμενοι,
1649 1705 1791 1762 ἀλλὰ
1853 1698 1944 1760 καὶ

280 1799 636 1862 ἐπιϐαλόντες
693 1803 774 1872 τῷ
834 1796 1245 1872 ἐπιλελεγμένῳ
1303 1799 1514 1872 ἀγαθῶ,
1562 1795 1652 1850 καὶ
1708 1795 1944 1870 ἀνάγκην

2051 979 2332 1036 laicorum
2365 985 2454 1050 (ut
2483 981 2628 1036 nihil
2661 998 2774 1037 non
2807 982 3057 1055 dicatur)
3089 984 3190 1038 sed
3223 983 3556 1040 levitarum.

2125 1267 2246 1322 196.
2281 1267 2496 1323 Exinde
2524 1267 2708 1339 liquet
2763 1268 3016 1324 famulos
3062 1269 3160 1325 Dei
3216 1285 3348 1325 esse
3380 1269 3710 1327 universos

2053 1355 2417 1411 Christianos
2445 1357 2793 1428 generatim,
2826 1357 3161 1429 specialiter
3199 1362 3393 1413 autem
3426 1362 3618 1429 patres
3646 1364 3709 1414 et

2054 1445 2505 1516 monachos,sed
2539 1446 2856 1502 monachos
2888 1447 3076 1519 magis
3098 1464 3272 1518 quam
3305 1448 3709 1521 priores,quia

2053 1535 2232 1588 vitam
2266 1537 2575 1605 utramque
2627 1536 3080 1606 conjunxerunt,
3133 1541 3190 1591 et
3244 1535 3455 1592 laicam
3513 1542 3571 1592 et
3602 1555 3704 1609 pa-

2051 1627 2366 1688 ternam,et
2387 1623 2543 1678 aliud
2567 1623 2814 1696 insuper
2839 1625 3136 1696 quoddam
3161 1626 3352 1681 adhuc
3381 1620 3703 1698 elegerunt,

2057 1715 2116 1766 et
2145 1728 2259 1766 non
2296 1713 2468 1767 modo
2500 1711 2824 1782 elegerunt,
2858 1715 2959 1768 sed
3001 1713 3272 1782 praedicto
3321 1716 3473 1769 bono
3504 1732 3708 1785 super-

2053 1799 2484 1871 imposuerunt,
2537 1804 2677 1872 quia
2735 1801 3135 1856 necessarium
3169 1801 3252 1857 eis
3311 1807 3402 1858 est
3431 1803 3709 1858 continuo

282 1888 504 1969 ἕχοντες
551 1890 632 1945 ἀεὶ
682 1882 985 1943 ἀναϐαίνειν
1032 1886 1169 1941 κατᾶ
1213 1887 1313 1956 τήν
1371 1885 1651 1961 πρόθεσιν,
1701 1905 1770 1955 ης
1824 1883 1941 1959 ἐγέ-

2067 1890 2328 1961 progredi
2385 1890 2711 1944 secundum
2789 1889 3121 1946 institutum
3195 1895 3593 1963 assumptum,
3655 1897 3712 1948 et

281 2002 462 2052 νοντο,
521 1978 612 2033 καὶ
691 1973 1012 2032 ἀποδιδόναι
1079 1978 1159 2046 τῶ
1211 1979 1350 2046 Θεῷ,
1419 1970 1797 2048 ἅπεριεῧξαντο
1855 1973 1943 2027 ἐπὶ

281 2067 549 2144 σωτηρίᾳ.
582 2067 674 2122 Διὸ
707 2065 758 2121 si
800 2065 894 2139 μὶν
939 2063 1324 2137 εὐθυποροῦσι,
1355 2066 1661 2132 ποιοῦντες,
1692 2062 1766 2124 ὡς
1824 2059 1945 2116 ἐτά-

281 2160 457 2230 ξαντο,
487 2156 578 2211 καὶ
625 2159 724 2210 τοῦ
775 2151 1116 2228 παγκρατίου
1153 2150 1460 2228 γενόμενοι,
1510 2150 1806 2226 ἀγωνιῶσι,
1865 2150 1940 2222 μὴ

283 2245 524 2321 δεύτεροι
581 2243 823 2299 έκπεσεῖν
882 2245 980 2296 τοῦ
1053 2240 1334 2316 χειρίστου
1401 2238 1718 2308 ἀντιπάλου,
1775 2238 1944 2314 ὀρθὴν

280 2335 500 2390 ἀνύουσι
557 2333 658 2403 τὴν
715 2328 1141 2408 προτεθειμένην
1202 2327 1350 2386 ὁδόν.
1409 2335 1515 2384 Καί
1574 2322 1721 2390 ὄντες
1771 2326 1946 2389 οὕτως

283 2424 505 2494 ἀληθῶς
541 2421 780 2496 μοναχοὶ
841 2417 928 2474 διὰ
986 2419 1048 2474 τὸ
1105 2419 1553 2493 ἀποκεχῶρίσθαι
1588 2421 1696 2472 τῶν
1757 2414 1946 2471 ἄλλων

281 2513 498 2569 πάντων
556 2511 876 2585 ἀνθρώπων,
935 2507 1094 2582 ὅμως
1152 2507 1358 2583 τρόπον
1434 2505 1609 2561 ἄλλον
1677 2503 1775 2560 οὐκ
1846 2497 1952 2560 εἷ’σὶ

279 2601 546 2677 μοναχοί.
580 2600 950 2655 Ἐπισπῶνται
1004 2596 1106 2673 γὰρ
1156 2597 1220 2651 τὸ
1273 2596 1528 2671 βιωτικὸν
1583 2595 1719 2649 ἅπαν
1778 2592 1948 2671 φῦλον

281 2695 352 2767 τῇ
402 2688 693 2764 ὁμοιότητι
744 2687 883 2761 πρὸς
939 2684 1152 2749 αὐτούς.
1185 2685 1284 2739 Καὶ
1345 2683 1488 2739 οὕτω
1534 2683 1774 2759 γίνονται
1817 2682 1953 2744 πάν,

284 2784 466 2854 τεςτῇ
503 2780 734 2852 μιμήσει
765 2775 960 2848 καὶτῷ
1009 2774 1305 2850 ἂμπράκτῳ
1355 2773 1511 2846 ζήλῳ
1559 2768 1636 2828 ἕν·
1680 2773 1756 2834 ὡς
1817 2773 1947 2826 εἶναι

287 2869 430 2924 οὕτω
457 2867 548 2923 καὶ
577 2865 704 2928 τοὺς
759 2863 1038 2940 μοναχοὺς
1093 2862 1300 2924 λαϊκῶς
1331 2862 1696 2934 ἀμωμήτους,
1742 2862 1831 2915 καὶ
1885 2861 1952 2915 αὗ

283 2956 448 3013 πάλιν
499 2954 628 3017 τοὺς
677 2958 776 3010 τοῦ
833 2953 971 3009 λαοῦ
1018 2947 1360 3007 ἀπεκϐαίνειν
1421 2952 1772 3024 μονάζοντας·
1808 2949 1952 3005 οὕτω

287 3043 346 3100 δὲ
374 3046 462 3100 καὶ
490 3043 618 3108 τοὺς
645 3040 897 3106 παπάδας
928 3040 1151 3113 ἑκάτερα
1189 3039 1345 3107 εἶναι,
1378 3039 1468 3094 καὶ
1518 3038 1664 3100 ὅλως
1723 3041 1792 3103 τῆ
1840 3042 1951 3092 τῶν

287 3135 548 3210 έναρέτων
581 3133 712 3207 βίων
743 3131 821 3194 εἷς
879 3127 1165 3200 ἂλλήλους
1226 3129 1738 3203 ἀντιμεταχωρήσει
1777 3129 1955 3182 πάντα

288 3225 431 3297 ὁμοῦ
459 3223 727 3297 χρήματα
759 3221 914 3290 εἶναι,
946 3220 1015 3274 οὐ
1055 3217 1195 3281 καθὰ
1241 3217 1414 3273 πάλαι
1470 3217 1604 3272 ποτὶ
1644 3216 1924 3290 ᾐρέτισται

288 3310 435 3368 ἀλλὰ
461 3310 756 3386 θειότερον.

537 3415 599 3473 Εἰ
661 3416 757 3490 μὶν
817 3413 935 3487 οὖν,
979 3414 1024 3468 ὧ
1076 3412 1304 3487 μοναχὶ,
1362 3412 1510 3474 ὅστις
1569 3413 1690 3467 ποτ’
1747 3409 1809 3466 ἃν
1865 3411 1957 3466 καὶ

292 3505 409 3578 ε’ίης
438 3509 520 3579 τῷ
552 3506 685 3581 ἱερῷ
728 3505 1000 3579 σχήματι,
1033 3500 1176 3557 οὕτω
1216 3498 1506 3573 διάκεισαι,
1537 3500 1612 3563 ὡς
1672 3501 1956 3555 ὑπετυπω-

293 3597 522 3669 σάμεθα,
558 3593 649 3649 καὶ
708 3591 771 3647 σὺ
827 3592 1004 3668 ὀρθῶς
1059 3585 1308 3661 ἕστηκας,
1364 3589 1454 3644 καὶ
1514 3588 1723 3652 ἄλλους
1780 3589 1960 3660 ἐξανα-

296 3687 515 3756 στήσεις
563 3681 906 3745 πίπτονταςο
959 3680 1005 3734 εἷ
1063 3677 1121 3735 δὶ
1158 3678 1553 3756 ἀποττγχάνεις
1607 3687 1705 3750 τῆς
1765 3681 1960 3757 προθέ-

295 3795 452 3843 σεως,
487 3773 588 3828 οὐκ
643 3773 746 3848 ἄρα
798 3771 873 3833 εἷς
932 3765 1116 3846 ὄρθιον
1158 3769 1377 3824 σεαυτὸν
1431 3766 1824 3844 ἀγαλματίζεις
1880 3774 1959 3842 τῷ

291 3863 431 3937 Θεῷ,
471 3861 618 3918 ἀλλὰ
648 3859 970 3937 πλαγιάζεις
999 3859 1074 3923 ὡς
1099 3859 1174 3920 εἰς
1215 3861 1420 3931 πτῶμα
1458 3853 1747 3934 συντριϐὴν
1800 3860 1960 3914 ἀπει-

292 3952 450 4009 λοῦν.
509 3949 719 4008 Οὐκοῦν
797 3948 1092 4026 ὀρθώθητι,
1143 3947 1236 4003 καὶ
1288 3948 1347 4002 τὸ
1405 3947 1541 4001 κατὰ
1597 3948 1726 4002 Θεὸν
1788 3948 1961 4013 οὕτως

287 4041 504 4104 ἀσθενὲς
564 4040 871 4116 ἀγάπησον.
929 4038 1096 4115 ”Αφες
1143 4037 1206 4091 τὸ
1273 4035 1580 4112 ἀγέρωχον·
1634 4036 1958 4109 σκοράκισον

289 4131 354 4184 τὸ
385 4126 785 4206 φίλαρχον,καὶ
815 4123 886 4180 δι’
916 4125 1046 4180 αὐτὸ
1079 4125 1339 4200 ἄναρχον·
1367 4121 1574 4186 ἀπόθου
1615 4123 1716 4191 τὴν
1754 4120 1959 4198 οἷἠσιν.

297 4242 328 4272 ‹‹
359 4215 551 4288 Οῗησιν
584 4241 612 4268 ››
647 4213 704 4272 δὲ
731 4215 880 4291 λέγω
913 4213 975 4268 οὐ
1009 4215 1132 4283 τήν,
1166 4213 1248 4267 ὡσ
1275 4210 1336 4267 ἂν
1389 4207 1534 4266 εἷ’ποι
1584 4233 1687 4277 τις,
1719 4209 1960 4287 ἐπιγνω-

295 4309 508 4378 πικήν,
555 4307 676 4370 καθ’
725 4306 793 4374 ἢν
844 4301 1126 4378 γινώσκων
1175 4322 1258 4364 τις
1307 4300 1734 4376 ἀγαθοπραγεῖν,
1788 4297 1962 4371 οἷέται

292 4396 494 4472 ἀγαθὸς
527 4396 662 4450 εἶναι
695 4391 894 4468 (δῆλον
923 4391 1050 4469 γὰρ,
1091 4391 1164 4454 ὡς
1211 4391 1238 4445 6
1285 4391 1421 4466 πρὸς
1471 4385 1744 4462 ἀκρίϐειαν
1803 4388 1962 4454 εἰδὼς

289 4483 496 4556 πολλῷ
585 4502 850 4558 προτερον
935 4480 1152 4553 οἷέται),
1206 4477 1357 4534 ἀλλὰ
1429 4479 1527 4548 τὴν
1610 4475 1958 4552 δαιμονικήν.

287 4577 448 4632 ’Ἐστι
498 4571 557 4628 δὲ
602 4571 854 4642 τοιαύτη,
886 4573 1004 4634 καθ’
1043 4571 1104 4639 ἣν
1154 4569 1181 4624 6
1221 4569 1286 4624 1:6
1333 4565 1504 4642 μηδὲν
1537 4566 1611 4622 ὣν
1644 4566 1812 4622 οἷέται
1881 4567 1962 4623 εἷ’-

289 4628 380 4718 ναι
429 4664 492 4718 τὸ
542 4667 670 4717 πᾶν.
701 4628 1020 4722 Τοιόίῖτοςρ
1050 4628 1150 4728 τῆς
1181 4628 1426 4735 ἱστορίας
1462 4658 1674 4733 βάττος,
1716 4657 1803 4713 ἐὰν
1861 4680 1959 4713 τυ-
1990 4628 2038 4693 D

291 4752 396 4829 χὸν
444 4751 701 4830 Ὁρφικὸς
744 4747 884 4824 ᾤετο
934 4749 1090 4805 εἶναι.
1142 4749 1408 4809 Τοιοῦτος
1457 4747 1484 4800 ὁ
1533 4747 1814 4822 Θερσίτης,
1871 4747 1960 4803 ὅτε

287 4839 373 4913 τῷ
441 4840 597 4913 καλῷ
627 4837 886 4915 Ἀχιλλεῖ
955 4837 1146 4913 ἐρίζειν
1230 4837 1355 4911 περὶ
1423 4834 1668 4898 κάλλους
1757 4835 1956 4895 ἐθέλοι.

289 4930 528 5000 Τοιαύτη
580 4949 664 4991 τις
718 4929 899 4999 οἱησις
946 4925 1036 4981 καὶ
1086 4926 1178 4980 τὸν
1209 4923 1710 4998 παροιμιαζόμενον
1771 4924 1959 4997 Θάμυ-

293 5038 404 5097 ριν,
448 5016 556 5073 εἷ¹τε
601 5020 862 5092 ”Αμυριν,
923 5014 1224 5089 ὑπεξήγαγε
1280 5017 1377 5068 τοῦ
1438 5012 1680 5088 βλέπειν.
1741 5013 1809 5070 Τί
1878 5015 1954 5087 μὴ

293 5108 448 5184 λέγω
499 5106 562 5163 τι)
619 5108 838 5163 πάντων
903 5106 1169 5182 ὑπερθεν;
1229 5103 1328 5158 Διά
1372 5104 1571 5174 ταύτην
1640 5101 1872 5169 καταδὺς
1927 5107 1954 5160 6

296 5197 598 5275 ἑωσφόρος,
658 5200 738 5269 τῷ
813 5193 991 5268 σκότῳ
1052 5189 1422 5267 κεκλήρωται.
1500 5194 1617 5262 Τὴν
1696 5191 1952 5263 τοιαύτην

296 5284 507 5350 ἀπόθου
539 5281 746 5356 οἷήσιν,
779 5283 824 5337 ὧ
853 5279 1076 5356 ἀδελφέ.
1101 5282 1246 5336 Πάνυ
1277 5280 1382 5356 γὰρ
1413 5280 1713 5352 έξήσκησας
1746 5279 1953 5354 οἶημα-

372 5471 486 5544 (22)
514 5471 742 5544 Battus,
775 5468 846 5544 de
880 5483 996 5544 quo
1028 5466 1290 5544 Ovidius,
1319 5470 1489 5544 poeta
1517 5467 1648 5534 fuit,
1701 5467 1800 5522 sed
1835 5483 1956 5523 me-

299 5539 542 5610 diocris,
593 5543 695 5614 qui
729 5539 1019 5612 singulos
1075 5539 1274 5614 adibat
1331 5540 1776 5614 recitans_suos
1831 5556 1957 5614 ver-

301 5615 544 5672 siculos.
569 5611 713 5670 Cum
739 5611 940 5668 eadem
965 5611 1180 5682 saepius
1210 5611 1449 5681 diceret,
1480 5628 1550 5667 ex
1573 5611 1700 5681 ejus
1723 5612 1961 5666 nomine

302 5693 430 5744 orta
463 5691 553 5744 est
581 5704 692 5742 vox
721 5681 1200 5757 Battologia’sive
1249 5683 1529 5757 frequens!
1555 5681 1636 5738 rei
1670 5683 1959 5757 repetitio.

303 5789 374 5804 ——
391 5758 706 5832 Thamyris
723 5773 755 5815 ε
789 5755 1037 5818 Thracia
1054 5755 1342 5816 oriundus
1354 5755 1652 5815 eratcum
1669 5755 1960 5815 musicam

1935 3261 1950 3289 ’
1981 3263 2026 3330 C

2057 1978 2173 2034 Deo
2204 1994 2332 2048 quas
2387 1983 2673 2032 voverunt
2733 1995 2836 2049 pro
2889 1995 3000 2034 sua
3053 1978 3243 2034 salute
3299 1981 3563 2035 reddere.
3615 1981 3708 2035 ld-

2057 2066 2210 2122 circo
2241 2067 2291 2120 si
2327 2066 2552 2121 felicem
2612 2067 3045 2138 navigationem
3095 2067 3411 2140 complent,
3469 2074 3709 2140 agentes

2058 2161 2126 2210 ut
2182 2154 2600 2226 promiserunt,
2660 2159 2718 2210 et
2773 2172 2983 2227 pugnae
3044 2156 3318 2226 immixti,
3370 2157 3712 2229 praeliantur

2060 2259 2131 2298 ne
2181 2244 2439 2315 pessimo
2499 2244 2834 2298 adversario
2891 2244 3198 2300 inferiores
3253 2246 3582 2314 videantur,
3616 2248 3708 2302 in-

2060 2337 2286 2405 ceptam
2341 2331 2494 2387 viam
2555 2336 2711 2388 recte
2775 2338 3137 2404 percurrunt.
3202 2334 3318 2390 Isto
3377 2336 3551 2392 modo
3580 2353 3713 2393 vere

2061 2421 2310 2478 solitarii
2363 2425 2523 2492 sunt,
2581 2422 2718 2492 quia
2770 2438 2804 2476 a
2859 2422 3086 2478 cunctis
3153 2423 3399 2495 reliquis
3457 2425 3713 2482 homini-

2060 2511 2174 2566 bus
2239 2510 2492 2581 separati
2561 2514 2756 2578 sunt;
2826 2510 2938 2565 alio
3001 2527 3138 2566 vero
3217 2514 3388 2568 modo
3464 2514 3713 2570 solitarii

2062 2615 2178 2653 non
2197 2615 2264 2654 su
2274 2602 2505 2652 nt.Nam
2524 2598 2864 2654 universum
2879 2600 3192 2655 saeculares
3205 2617 3313 2673 gen
3325 2619 3394 2657 us
3407 2604 3599 2658 attrah
3611 2610 3714 2658 unt

2063 2687 2132 2741 ad
2167 2701 2229 2740 se
2283 2685 2621 2741 imitandos.
2677 2686 2771 2741 Sic
2826 2686 3002 2756 igitur
3060 2705 3238 2744 unum
3303 2691 3450 2744 fiunt
3507 2707 3713 2748 omnes

2064 2779 2189 2830 tum
2250 2774 2594 2840 imitatione,
2650 2779 2776 2829 tum
2828 2776 3016 2830 activa
3074 2776 3466 2846 aemulatione,
3494 2779 3572 2834 ita
3625 2786 3712 2850 ut,

2064 2863 2337 2919 monachi
2367 2863 2488 2917 sint
2540 2864 2656 2918 vita
2713 2863 2861 2919 laica
2916 2865 3481 2937 irreprehensibiles,
3528 2873 3584 2924 et
3613 2869 3717 2924 ali-

2063 2953 2218 3007 unde
2245 2951 2378 3006 laici
2438 2951 2581 3005 ﬁant
2639 2953 2933 3020 monachi,
2967 2959 3022 3008 et
3079 2954 3162 3009 sic
3216 2961 3409 3027 patres
3468 2962 3714 3030 utroque

2062 3041 2363 3112 colligant,
2395 3044 2454 3094 et
2483 3040 2621 3095 vitis
2662 3057 2790 3112 quae
2838 3042 3115 3097 virtutem
3161 3049 3464 3099 sectantur
3493 3047 3715 3118 optime

2063 3130 2136 3185 ad
2169 3129 2416 3184 invicem
2447 3131 2862 3185 transmutatis
2910 3131 3107 3186 omnia
3138 3133 3287 3187 bona
3317 3133 3438 3188 sint
3466 3135 3521 3189 in
3554 3151 3712 3190 com-

2065 3219 2252 3283 muni,
2285 3235 2401 3272 non
2452 3219 2605 3273 sicut
2661 3219 2922 3290 antiquis
2980 3220 3296 3291 placuerat,
3357 3224 3456 3277 sed
3514 3224 3712 3280 divino

2065 3307 2235 3379 quasi
2271 3307 2462 3362 modo.

2137 3416 2258 3470 197.
2319 3414 2375 3468 Si
2435 3429 2592 3487 ergo,
2652 3430 2683 3469 o
2717 3414 3020 3486 monache,
3078 3415 3179 3486 qui
3227 3434 3394 3474 sacra
3440 3423 3598 3475 veste
3650 3438 3712 3476 es

2065 3504 2329 3570 indutus,
2362 3503 2447 3558 ita
2474 3507 2531 3558 te
2579 3503 2780 3571 habes,
2825 3508 2890 3558 ut
2943 3504 3390 3576 descripsimus,
3423 3510 3488 3563 tu
3519 3513 3712 3564 rectus

2066 3592 2304 3657 stetisti,
2335 3596 2393 3648 et
2421 3591 2568 3648 alios
2600 3593 2876 3648 cadentes
2907 3593 3123 3664 poteris
3159 3594 3483 3652 sublevare.
3518 3597 3576 3652 Si
3609 3614 3711 3653 au-

2065 3686 2183 3738 tem
2216 3699 2250 3736 a
2307 3680 2604 3752 proposito
2661 3681 2950 3746 excidisti,
2984 3699 3099 3737 non
3148 3685 3204 3738 te
3253 3682 3408 3739 velut
3461 3689 3716 3742 statuam

2066 3771 2184 3827 Deo
2215 3770 2413 3842 erigis,
2433 3771 2534 3824 sed
2562 3769 2618 3825 in
2653 3787 2925 3826 occasum
2957 3787 3092 3826 cum
3125 3773 3306 3827 ruinas
3337 3775 3592 3845 periculo
3625 3776 3716 3830 in-

2067 3859 2324 3914 clinaris.
2386 3858 2488 3912 Sta
2544 3857 2743 3929 igitur,
2803 3867 2858 3914 et
2915 3861 3065 3930 quod
3113 3865 3232 3915 tam
3295 3863 3598 3918 inﬁrmum
3629 3869 3720 3919 est

2068 3953 2201 4004 ante
2235 3951 2413 4003 Deum
2446 3946 2644 4018 dilige.
2673 3947 2958 4018 Relinque
2987 3949 3285 4017 ﬁduciam,
3322 3967 3578 4006 amorem
3613 3969 3718 4024 po-

2067 4036 2318 4106 testatis,
2374 4036 2572 4106 sicque
2633 4035 2968 4091 anarchiam
3033 4039 3249 4108 projice
3310 4039 3414 4094 abs
3472 4045 3544 4096 te.
3620 4041 3721 4095 Di-

2070 4125 2237 4180 mitte
2294 4123 2777 4180 exitimationem.
2835 4125 3339 4181 Existimationem
3399 4128 3548 4195 dico,
3603 4144 3719 4184 non

2070 4230 2199 4270 eam
2229 4229 2356 4283 quae
2377 4217 2464 4267 est
2485 4229 2553 4267 ex
2582 4212 2920 4280 scientia,ut
2949 4214 3162 4268 dixerit
3185 4215 3422 4285 aliquis,
3451 4232 3566 4287 qua
3589 4217 3720 4288 qui-

2071 4303 2205 4358 dam
2239 4300 2430 4356 sciens
2478 4317 2540 4355 se
2593 4302 2746 4356 bona
2799 4318 2986 4372 agere,
3037 4302 3329 4359 existimat
3373 4305 3561 4359 bonus
3592 4320 3722 4361 esse

2072 4391 2476 4463 (manifestum
2535 4395 2626 4445 est
2681 4390 2837 4444 enim
2895 4408 3024 4446 eum
3061 4392 3159 4463 qui
3218 4393 3416 4448 omnia
3467 4395 3722 4466 perfecte

2073 4481 2262 4545 scivit,
2298 4479 2483 4534 multo
2515 4478 2678 4550 prius
2708 4478 3174 4552 existimavisse),
3208 4483 3310 4537 sed
3342 4482 3718 4539 diabolicam.

2071 4570 2152 4624 Ea
2182 4572 2271 4624 est
2301 4584 2417 4640 qua
2443 4567 2737 4639 quis,cum
2773 4568 2916 4622 nihil
2939 4569 3341 4639 sit,existimat
3363 4588 3422 4627 se
3444 4589 3574 4628 esse
3596 4589 3722 4628 om-

2070 4659 2188 4714 nia.
2212 4657 2368 4713 Talis
2393 4661 2517 4712 erat
2539 4655 2797 4711 famosus
2819 4656 2913 4712 ille
2935 4658 3138 4714 Battus
3161 4659 3272 4730 (22)
3296 4661 3394 4730 qui
3420 4660 3717 4733 Orpheum

2069 4765 2132 4803 se
2163 4763 2290 4802 esse
2319 4745 2708 4801 existimabat.
2745 4745 2904 4801 Talis
2951 4751 3076 4802 erat
3120 4747 3442 4816 Thersites,
3484 4750 3720 4820 quando

2069 4854 2199 4892 cum
2261 4834 2501 4906 pulchro
2560 4834 2782 4890 Achille
2858 4835 2930 4888 de
2992 4835 3178 4891 forma
3250 4843 3410 4893 certa
3471 4837 3722 4894 volebat.

2068 4926 2230 4982 Talis
2259 4923 2613 4980 existimatio
2674 4924 2967 4978 famosum
3025 4925 3361 4997 Thamyrim
3412 4933 3518 4981 aut
3545 4929 3723 4999 Amy-

2067 5015 2181 5071 rim
2211 5015 2342 5070 visu
2373 5012 2622 5081 orbavit,
2655 5014 2724 5068 Et
2757 5029 2935 5084 quam
2986 5013 3059 5069 ob
3091 5031 3332 5070 causam
3399 5015 3725 5071 maximum

2067 5104 2334 5162 omnium
2367 5119 2479 5159 non
2509 5101 2736 5173 profero
2759 5102 2786 5156 ?
2808 5102 2892 5157 0b
2914 5102 3087 5158 istam
3119 5105 3398 5160 detrusus
3416 5103 3641 5160 Lucifer
3665 5105 3724 5161 in

2066 5195 2337 5251 tenebras
2371 5193 2666 5263 projectus
2697 5195 2808 5246 est.
2842 5190 3042 5247 Talem
3095 5193 3590 5250 existimationem
3623 5195 3721 5250 de-

2065 5301 2239 5358 pone,
2267 5282 2345 5337 mi
2369 5282 2566 5336 frater.
2601 5280 2868 5335 Didicisti
2893 5281 3047 5337 enim
3073 5299 3446 5354 prmsumere,
3472 5284 3722 5340 formam

2070 5468 2392 5532 didicisset,
2425 5482 2493 5521 ea
2525 5465 2666 5521 adeo
2690 5464 2982 5532 excelluit,
3007 5470 3072 5521 ut
3103 5467 3309 5524 tertius
3341 5468 3644 5526 victoriam
3665 5470 3724 5525 in

2071 5541 2327 5598 Pvthicis
2358 5539 2511 5593 ludis
2541 5537 2879 5593 obtinuerit.
2933 5539 3141 5595 Dicunt
3189 5545 3386 5596 autem
3422 5559 3554 5598 eum
3588 5558 3723 5597 cum

2132 5613 2256 5668 usis
2334 5609 2742 5683 decertavisse,
2798 5610 3137 5683 victumque
3207 5613 3416 5682 oculis,
3475 5629 3616 5670 voce
3669 5619 3726 5670 et

2071 5691 2266 5744 mente
2297 5684 2593 5757 privatum
2625 5682 2828 5738 fuisse.
