2030 3175
187 192 247 223 903

573 186 788 220 EUSTATHH
806 184 1192 218 THESSALOMGINSIS
1212 184 1507 217 METROPOLITE

186 266 276 294 quam
304 266 321 285 a
350 257 457 285 natura
484 263 543 284 non
570 254 708 291 accepisti
743 254 865 290 jactare.
891 252 1006 288 Depone

1065 249 1125 278 τίας
1163 260 1244 286 ιιναι,
1289 248 1506 288 μορφαζόμενος,
1543 248 1610 288 ὅπερ
1657 248 1721 278 οὐόὶ
1765 249 1914 289 aliqum.

185 304 275 332 etiam
291 302 414 330 nimium
431 300 549 328 honoris
574 307 714 334 amorem,
729 301 781 326 aut
809 297 914 325 saltem
931 304 1018 324 amo~

185 356 247 375 rem
264 346 372 382 glorias,
394 346 452 373 fere
481 345 607 372 dicerem
631 351 737 371 vanam
763 342 896 378 gloriam.
921 340 1013 368 Aliter

185 391 264 420 enim
280 399 364 418 amor
380 389 499 417 honoris
525 388 652 424 speciem
676 387 794 414 virtutis
822 385 920 413 habet.
936 384 1011 416 Quid

184 437 229 464 vis
245 435 334 463 videri
352 434 418 470 plus
434 441 521 469 quam
543 432 681 468 oportet?
697 433 751 457 Per
773 432 927 458 tonsuram
943 429 1010 456 ubs-

183 480 320 508 conditus
333 487 376 512 es,
393 478 450 506 noli
468 485 537 513 ergo
561 484 714 513 apparere,
729 483 797 503 nam
824 473 912 502 simul
925 472 1012 509 jungi

184 526 333 560 nequeunt
362 529 502 558 apparere
532 523 562 549 et
585 520 737 548 abscondi.
767 521 908 554 Asperum
934 517 1011 545 viam

183 568 307 605 elegisti,
323 576 375 595 cur
390 575 459 602 ergo
474 574 525 601 per
547 565 662 593 facilem
687 564 792 599 curris,
810 562 860 590 ubi
888 571 942 590 sua
960 562 1010 589 ha-

184 614 233 642 bet
248 612 379 649 pericula
402 611 449 638 via
473 611 564 638 trita?
586 608 770 645 Jampridem
799 607 890 635 vitam
905 606 1010 634 durum

183 658 321 693 elegeras,
338 656 497 684 facilimam
515 654 600 690 sequi
617 662 676 681 non
691 653 791 681 debes.

220 702 282 730 198.
294 700 548 735 Quemadmodum
559 699 590 726 in
599 701 695 732 nocte,
704 697 734 725 in
745 696 857 725 mundo
866 695 1011 723 obscurus

184 756 225 781 es,
243 755 302 774 non
317 748 416 773 autem
432 744 463 772 in
478 745 594 772 noctem
609 745 638 771 tu
656 743 789 770 mutatus
805 749 846 769 es.
862 739 927 768 Noli
942 747 1010 775 ergo

183 792 358 819 tenebrosus
374 798 450 821 esse,
467 797 502 815 ne
520 796 575 815 nox
590 788 653 820 ﬁas,
670 787 699 814 in
722 795 778 821 qua
794 785 923 821 proxime
939 792 1009 819 prm-

183 835 399 871 tergredientur
414 833 492 861 silvze
510 832 616 866 bestiw,
630 834 658 859 et
672 831 799 858 leunculi
816 830 964 864 rugientes
974 828 1009 854 ad

176 880 372 915 rapiendum,
390 878 509 904 forsitan
527 877 663 910 alios,serl
677 878 702 903 te
716 882 804 910 quam
822 873 1009 901 maxime.llm

183 926 253 952 sunt
268 923 334 950 ferae
364 920 617 956 concupiscentia),
641 921 669 947 in
699 922 725 947 to
753 919 878 954 agitutm,
905 919 933 943 et
959 925 1009 949 per

182 971 210 996 te
226 968 450 995 debacchantes.
468 966 496 993 Si
520 968 617 992 autem
642 964 803 1000 oportuerit
832 965 859 990 te
875 963 909 989 de
925 963 1007 988 nocte

181 1021 245 1040 esse
262 1013 297 1039 ob
315 1012 423 1038 bonum
440 1011 556 1043 domus,
581 1019 636 1037 nox
662 1009 836 1036 terminatur
852 1008 880 1034 in
897 1006 973 1033 diem
991 1014 1007 1032 ο

181 1058 239 1085 Deo
254 1064 435 1088 concessam,
449 1056 477 1082 in
491 1064 548 1091 qua
564 1055 725 1083 bestiarum
738 1054 890 1088 passiones
906 1051 1006 1086 sopita:

183 1104 264 1137 sunt,
280 1109 333 1128 nec
347 1102 471 1136 possunt
487 1100 574 1127 libere
590 1108 685 1134 agere,
702 1101 789 1133 atque
801 1097 887 1124 homo
904 1095 1007 1122 verita-

183 1147 220 1173 tis
237 1146 295 1173 exit
311 1145 344 1172 ad
362 1153 436 1180 opus
453 1152 551 1171 suum.
577 1144 681 1170 Noctes
701 1142 778 1169 enim
808 1140 962 1168 continuas
978 1138 1006 1165 in

182 1190 269 1218 terris
284 1189 448 1217 Cimmeriis
470 1188 581 1223 antiqui
612 1190 746 1214 auctores
771 1186 1006 1221 ussiguaverunt.

183 1234 287 1262 Melius
303 1236 365 1261 erat
382 1234 435 1260 hoc
451 1233 569 1259 verbum
586 1240 717 1259 servare:
735 1242 748 1255 «
767 1229 955 1258 absconditor
966 1228 1007 1255 vi-

182 1287 263 1311 vens,
281 1289 294 1302 ›ι
312 1280 343 1304 ut
360 1276 498 1311 accepisti
514 1285 530 1303 a
543 1276 630 1303 veteri
656 1279 684 1303 et
710 1274 835 1310 sapienti
851 1272 1005 1301 sententia.

184 1323 368 1350 Abscondere
385 1330 440 1348 non
459 1320 553 1348 solum
571 1321 605 1347 ab
629 1320 693 1347 aliis
719 1319 849 1346 obvelata
871 1318 934 1344 vitea
951 1319 1006 1343 tua:

181 1367 299 1399 virtute,
314 1367 365 1393 sed
381 1366 470 1393 etiam
486 1374 502 1392 ο.
518 1366 611 1399 teipso
628 1373 677 1400 per
691 1365 834 1391 defectum
853 1361 1005 1398 superbiae,

182 1414 210 1439 et
225 1420 275 1447 per
291 1411 497 1443 humilitatem,
516 1410 622 1445 quibus
645 1410 732 1436 homo
756 1408 896 1444 praeditus
912 1407 1007 1433 vivere

182 1465 239 1484 non
258 1457 420 1492 reputatur.
438 1455 512 1481 [llud
527 1457 571 1481 est
588 1463 652 1481 nox.
670 1465 683 1477 ‹‹
702 1454 809 1480 Luceat
826 1452 875 1479 lux
890 1454 940 1478 tua
957 1458 1006 1477 co-

182 1509 243 1529 ram
260 1500 431 1527 hominibus
444 1499 475 1527 ιδ,
492 1510 505 1524 ››
526 1500 589 1526 11ωο
603 1507 669 1525 vero
692 1501 736 1525 est
752 1497 814 1524 dies
830 1497 859 1523 in
877 1504 934 1531 qua
950 1503 1006 1523 nox

184 1545 368 1578 terminatur,
385 1552 448 1579 quis
465 1544 534 1570 sinit
548 1542 822 1570 monachumlibere
838 1549 933 1577 agere,
947 1549 1004 1567 non

182 1589 365 1625 simpliciter,
383 1588 501 1615 fortuito
517 1589 584 1615 etin
600 1595 719 1620 vanum,
731 1587 759 1613 in
774 1586 868 1613 medio
884 1585 1005 1617 mundo,

1069 297 1152 333 ’Ἄφες
1166 294 1211 322 καὶ
1231 296 1262 322 τὸ
1276 294 1342 331 ἄγαν
1364 294 1526 334 φιλότιμον,
1544 296 1642 331 μενοῦν
1670 304 1702 332 γε
1723 295 1755 322 τὸ
1784 294 1915 334 φιλόδο-

1067 339 1122 374 ξον·
1139 338 1218 377 ἐγγὺς
1242 337 1271 367 Si
1300 339 1398 374 εἰπεῖν,
1413 338 1458 366 καὶ
1481 338 1634 374 κενόδοξον.
1655 338 1771 370 ’Ἄλλως
1800 340 1857 378 γὰρ
1893 341 1913 375 ἡ

1067 382 1212 423 φιλοτιμία
1232 382 1304 414 εἶδός
1328 383 1398 411 ἐστιν
1424 383 1533 419 ἀρετῆς.
1549 383 1579 410 Τί
1603 382 1801 422 φιλενδεικτεῖς
1834 385 1911 422 ὑπὲρ

1065 427 1096 455 τὸ
1117 426 1195 462 δέονς
1214 426 1350 465 Ἑκρύϐης
1376 427 1420 456 διὰ
1443 431 1493 463 τῆς
1517 431 1629 466 κουρᾶς·
1648 428 1685 465 μὴ
1709 428 1806 456 τοίνυν
1834 439 1910 467 προ-

1066 471 1172 511 φαίνου.
1197 472 1380 511 Ἀσύντροχον
1412 473 1464 511 γὰρ
1499 474 1534 509 τῇ
1572 473 1670 510 κρύψιι
1693 473 1726 500 τὸ
1753 476 1907 512 φανητιᾷν.

1065 518 1117 553 Τὴν
1131 521 1259 557 τραχεῖαν
1276 517 1338 546 ὁδόν
1356 517 1443 546 ε’ίλου·
1459 518 1486 546 τί
1501 520 1566 556 γοῦν
1582 518 1737 557 ἐπιτρέχεις
1764 521 1802 556 τῇ
1832 519 1905 557 λείᾳ,

1066 562 1127 590 Κνθα
1141 562 1309 598 κινδυνώδης
1323 563 1368 591 καὶ
1393 564 1411 598 ἠ
1439 562 1632 601 ἆγχώμαλος;
1648 564 1818 601 Προέκρινας
1848 563 1902 601 ἤδη

1064 608 1096 635 τὸ
1110 609 1160 635 τοῦ
1177 607 1236 645 βίου
1257 607 1388 645 σκληρόν·
1404 606 1501 636 οὔκουν
1524 606 1645 647 ὀφείλεις
1667 610 1717 636 τοῦ
1736 608 1900 637 παναπάλου

1065 653 1198 690 γίνεσθαι.

1101 698 1173 736 ριιηἌ
1190 697 1235 728 Ὠς
1263 696 1308 733 νὺξ
1336 697 1399 735 περὶ
1428 697 1457 724 ce
1492 696 1606 735 κιχυται
1633 696 1666 725 τὸ
1689 696 1760 726 κατὰ
1798 697 1895 734 κόσμον

1064 741 1177 781 ἀφανές·
1195 742 1226 769 οὗ
1253 742 1306 778 μὴν
1331 741 1412 773 αὐτὸς
1436 741 1474 773 εἷς
1500 741 1583 770 νύκτα
1609 741 1834 778 μεταπὲπλασαι.
1858 745 1902 780 Μὴ

1063 787 1153 814 τοίνυν
1179 786 1239 813 θέλε
1261 786 1352 818 θέσθαι
1376 787 1482 821 σκότος,
1505 785 1542 818 ὡς
1566 786 1689 823 γενέσθαι
1708 786 1804 814 νύκτα·
1834 788 1863 816 ἂν
1886 789 1906 825 ᾖ

1066 830 1249 858 διελιύαονται
1277 831 1350 867 παρᾶ
1380 831 1421 857 σοὶ
1450 830 1533 867 Θηρία
1557 829 1675 867 δρυμοῠ,
1704 831 1750 858 καὶ
1781 832 1907 869 σκύμνοι

1066 876 1216 912 ὠρυόμενοι
1238 878 1285 902 τοῦ
1310 875 1449 911 ἁρπάζειν,
1466 874 1511 901 καὶ
1539 874 1642 906 ἄλλους
1672 875 1719 912 μὶν
1746 874 1834 912 ῗσως,
1851 878 1907 914 μά-

1024 940 1047 972 Β
1066 920 1144 947 λιστα
1174 919 1202 946 δὲ
1231 918 1351 947 σεαυτόν.
1382 919 1530 957 Ἐνέργειαι
1569 921 1653 947 ταῦτα
1682 919 1844 958 θηριώδεις,
1876 922 1908 950 ἓν

1063 965 1104 1010 σοὶ
1148 965 1343 1000 πορευόμεναι,
1374 963 1419 990 καὶ
1463 963 1716 1002 παρρησιαζόμεναι
1761 964 1807 993 διὰ
1838 969 1906 997 σοῦ.

1070 1007 1140 1036 Αλλ⁷
1170 1008 1191 1035 εί
1221 1008 1277 1046 χρή
1307 1009 1351 1035 καὶ
1390 1007 1513 1044 νύκτερον
1548 1008 1615 1035 εἶναί
1641 1018 1672 1036 σε
1696 1008 1906 1047 οἶκονομικῶς,

1062 1052 1133 1080 ἀλλὰ
1147 1053 1217 1089 ταχὺ
1235 1052 1402 1087 ἀποτελευτᾷ
1417 1053 1465 1086 τὴν
1491 1052 1574 1079 νύκτα
1600 1052 1701 1088 ταύτην
1724 1054 1762 1085 εἰς
1790 1055 1907 1093 ἡμέραν

1063 1096 1272 1133 θεοπαράδοτον,
1291 1096 1315 1123 ἦν
1392 1097 1425 1124 τὰ
1452 1097 1499 1133 μὶν
1526 1096 1635 1134 ἐμπαθῇ
1650 1098 1733 1135 Θηρία
1756 1100 1904 1134 κοιτάζον.

1062 1152 1117 1175 ται,
1136 1142 1173 1178 μὴ
1191 1141 1291 1178 ἔχοντα
1319 1141 1562 1179 παρρησιάζεσθαι·
1580 1141 1594 1168 ὁ
1615 1140 1645 1169 δὲ
1667 1142 1736 1180 πρὸς
1763 1142 1905 1179 ἀλήθειαν

1063 1186 1204 1223 ἅνθρωπος
1234 1185 1277 1213 ἰπὶ
1307 1186 1355 1219 τήν
1396 1185 1522 1223 ἐργασίαν
1560 1185 1642 1213 αὖτοῦ
1680 1185 1832 1225 ἐξέρχεται.
1863 1189 1904 1217 Τὸ

1062 1231 1113 1268 γὰρ
1140 1231 1205 1268 ὑπὲρ
1232 1234 1283 1267 γῆς
1310 1230 1349 1257 ἀεὶ
1381 1230 1507 1267 νύκτερον
1537 1230 1702 1268 Κιμμερίοις
1733 1231 1748 1259 ὀ
1775 1232 1905 1266 παλαιὸς

1064 1275 1143 1312 λόγος
1159 1276 1289 1313 ἀφώρισε,
1308 1275 1475 1313 Σαφᾶστερον
1493 1273 1522 1302 δὲ
1546 1273 1684 1307 διαθὶσθαι
1712 1276 1758 1303 τὸν
1788 1277 1904 1316 λόγον·

1062 1332 1075 1346 ι(
1095 1321 1164 1351 Acie;
1195 1319 1280 1357 βιοὺς,
1298 1331 1311 1344 ››
1329 1319 1367 1346 ὡτ
1396 1316 1548 1357 παρέλαϐες
1574 1319 1605 1346 ἐκ
1632 1318 1749 1347 παλαιοῦ
1770 1321 1818 1348 καὶ
1849 1333 1902 1350 σο-

1062 1366 1112 1403 φοῦ
1130 1365 1347 1402 ἀποφθίγματος.
1365 1364 1416 1391 Καὶ
1437 1362 1503 1395 λάθε
1529 1364 1567 1399 μὴ
1596 1364 1676 1400 μόνον
1695 1364 1759 1396 τοὺς
1786 1364 1898 1399 ἄλλους

1060 1410 1094 1445 τῇ
1120 1407 1261 1445 ἐπικρύψει
1280 1409 1330 1441 τῆς
1356 1408 1480 1445 ἐναρέτου
1513 1408 1619 1445 βιοτῆς,
1650 1406 1724 1436 ἀλλὰ
1751 1409 1799 1437 καὶ
1828 1421 1897 1439 σαυ-

1060 1454 1105 1480 τὸν
1130 1453 1163 1489 τῇ
1194 1452 1292 1489 ἀτυφίᾳ
1320 1452 1364 1479 καὶ
1394 1451 1432 1488 τῷ
1458 1452 1656 1488 ταπεινώματι·
1674 1452 1743 1491 ἅπερ
1773 1454 1789 1482 ὁ
1818 1453 1895 1494 ἔχων

1061 1496 1123 1524 οὐδὲ
1149 1499 1196 1534 ζῇν
1227 1496 1376 1533 λογίζεται.
1401 1498 1485 1523 Τοῦτο
1513 1498 1530 1531 ὴ
1561 1496 1618 1532 νύξ.
1649 1508 1664 1523 ι(
1694 1497 1839 1535 Δαμψάτω
1861 1499 1894 1529 τὸ

1060 1545 1117 1580 φῶς
1132 1553 1179 1569 σου
1195 1541 1344 1579 ἔμπροσθεν
1370 1543 1423 1568 τῶν
1450 1541 1608 1578 ἀνθρώπων.
1624 1554 1639 1568 ››
1654 1543 1741 1570 To'u'co
1756 1543 1774 1578 ἡ

1061 1587 1097 1617 εἰς
1127 1588 1156 1621 ἦν
1186 1588 1203 1621 ἡ
1233 1586 1345 1620 τοιαύτη
1375 1585 1421 1620 κὺξ
1461 1585 1639 1621 ἀποτελευτᾷ,
1667 1586 1884 1625 «apiime

180 1636 212 1661 ut
241 1634 426 1660 introductus
455 1632 484 1659 in
514 1632 617 1658 domos
651 1631 814 1663 hominum,
845 1631 923 1656 intra
950 1637 1004 1656 cu-

1062 1632 1105 1658 τὺν
1124 1631 1257 1668 μοναχὸν,
1275 1630 1327 1667 οὐχ
1350 1630 1435 1660 οὕτως
1461 1630 1567 1666 ἁπλῶς,
1585 1630 1645 1665 εῒκῆ
1671 1623 1731 1659 καλ
1749 1631 1830 1668 μάτην
1855 1631 1884 1660 ιν

177 1678 263 1712 linas,
280 1686 369 1713 super
383 1686 512 1709 mensas,
529 1677 556 1703 in
574 1676 723 1708 conviviis,
739 1674 1003 1710 compotationibus

178 1725 206 1750 et
221 1722 325 1758 epulis,
352 1723 384 1749 ut
408 1722 523 1757 lampas
552 1720 680 1756 fulgeat;
707 1721 756 1747 sed
780 1720 873 1754 magis
895 1719 1002 1746 illumi-

179 1769 267 1794 natus
283 1775 299 1794 a
315 1766 399 1794 Patre
422 1765 568 1792 luminum
594 1768 622 1792 et
636 1765 704 1792 inde
729 1765 758 1791 in
786 1764 936 1791 flammam
953 1772 1002 1790 ac-

178 1818 285 1838 census
300 1811 408 1843 luceat,
431 1810 575 1841 videatur,
602 1812 724 1842 uratur;
741 1811 769 1836 et
798 1808 848 1836 lux
870 1808 959 1841 illius,
978 1807 1001 1835 si

180 1854 278 1882 minus
294 1862 345 1890 per
361 1862 476 1881 omnem
489 1856 607 1887 terram,
622 1855 654 1880 ut
670 1853 879 1889 apostolorum,
898 1852 1001 1880 saltem

179 1899 272 1927 multa
288 1907 338 1934 per
353 1898 417 1925 loca
429 1898 620 1925 diffundatur.
638 1898 719 1930 Quod
741 1898 770 1924 in
786 1898 916 1925 accensis
933 1896 1001 1924 faci-

177 1945 233 1971 bus
247 1943 320 1971 solet
329 1943 513 1978 lieri,quibus
525 1952 558 1969 ex
569 1943 626 1970 alto
638 1942 815 1976 lucentibus,
826 1942 1003 1977 deteguntur

177 1988 291 2016 insidiw
307 1988 447 2022 hostium,
460 1987 513 2014 tuti
526 1990 628 2022 portus
639 1987 817 2019 indicantur,
832 1989 860 2014 et
872 1987 944 2013 vada
956 1995 1003 2021 pe-

176 2032 313 2066 riculosa,
331 2030 442 2066 scopuli
467 2033 496 2058 et
519 2039 606 2066 rupes
635 2030 800 2058 devitantur
828 2031 940 2066 aliaque
957 2031 1002 2058 via

177 2076 269 2105 tutior
284 2076 387 2103 initur.

214 2251 274 2278 199.
291 2252 393 2279 Nonne
410 2252 515 2279 audisti
545 2260 683 2288 magnum
708 2251 879 2287 Magistrum
904 2252 1002 2280 dicen-

1057 1679 1095 1712 τῷ
1120 1676 1228 1711 κόσμοι,
1250 1674 1297 1702 ἳνα
1322 1674 1390 1706 καθὰ
1419 1674 1463 1702 καὶ
1491 1674 1649 1713 λυχνοῦχος
1674 1673 1893 1714 παραϐεϐλημ-

1056 1731 1101 1751 νος
1126 1720 1210 1750 ο“ίκοις
1237 1720 1388 1757 ἀνθρώπων
1413 1718 1510 1757 λάμπῃ
1534 1719 1559 1747 ἐν
1583 1719 1752 1756 ὀπτανείοις,
1767 1720 1795 1749 ἕν
1824 1732 1893 1760 τρα-

1056 1766 1161 1799 πέζαις,
1175 1764 1199 1792 ἐν
1227 1764 1386 1798 συσσιτίοις,
1403 1763 1428 1791 iv
1455 1763 1618 1800 εἰλαπίναις,
1640 1764 1667 1791 ἔν
1689 1764 1810 1802 ἐράνοιςο
1827 1765 1895 1795 ἀλλ’

1054 1809 1099 1836 ’ίνα
1127 1808 1329 1846 ἐμπυρσεύηται
1360 1808 1412 1835 aut
1439 1810 1489 1836 τοῦ
1518 1810 1572 1836 τῶν
1599 1808 1697 1848 φώτων
1714 1810 1831 1848 πατρὸς,
1845 1811 1894 1839 καὶ

1057 1853 1155 1885 ἐκεῖθεν
1180 1853 1217 1885 εἷς
1241 1855 1298 1891 φὼς
1325 1852 1540 1889 ἰξαναπτόμενος
1563 1852 1706 1892 ἐκλάμπῃ,
1721 1854 1768 1882 καὶ
1797 1855 1894 1894 φαίνῃ,

1056 1898 1100 1925 καὶ
1125 1897 1244 1935 πυρσεύῃ
1260 1907 1265 1913 ·
1284 1898 1319 1928 ὡς
1340 1896 1454 1932 διήκειν,
1472 1897 1494 1924 ιί
1518 1897 1563 1925 καὶ
1590 1898 1628 1934 μὴ
1653 1901 1797 1938 πανταχοῦ
1822 1899 1894 1928 ἀπο-

1058 1942 1201 1976 στολικῶς,
1213 1941 1275 1969 ἀλλ’
1292 1941 1335 1969 οὖν
1352 1940 1500 1979 πολλαχοῦ
1514 1945 1564 1976 τῆς
1579 1942 1671 1979 γῆςτὸ
1686 1941 1712 1970 ἐν
1729 1943 1805 1980 αύτῷ
1817 1945 1893 1983 φῶς.

1056 1989 1088 2016 Ὃ
1111 1986 1143 2022 δὴ
1169 1987 1213 2014 καὶ
1241 1987 1265 2014 ἐν
1289 1989 1347 2017 τοῖς
1379 1986 1591 2023 πυρσευομὲνοις
1619 1990 1715 2026 φανοῖς
1738 1986 1819 2016 ε’ῐωθε
1845 1988 1894 2027 γί-

1056 2033 1158 2066 νεσθαι,
1176 2032 1211 2058 ὧν
1229 2031 1425 2067 ἐκλαμπόντων
1442 2029 1543 2063 ἄνωθέν
1561 2037 1641 2063 ποθεν
1665 2030 1760 2069 ἔφοδοι
1783 2043 1815 2061 τε
1836 2043 1895 2062 πο-

1057 2076 1159 2113 λεμίων
1183 2075 1413 2112 καταμηνύονται,
1430 2076 1475 2102 καὶ
1499 2074 1608 2112 λιμένες
1636 2075 1781 2115 εὐάγκαλοι
1813 2075 1894 2116 διερ-

1059 2121 1232 2158 μηνεύονται,
1249 2119 1293 2148 καὶ
1324 2120 1429 2158 βράχια
1457 2118 1610 2156 κινδυνώδη
1639 2120 1685 2149 καὶ
1718 2120 1814 2159 ῥαχίαι
1843 2123 1897 2151 καὶ

1058 2164 1186 2197 σπιλάδες
1226 2164 1395 2192 ἐκκλίνονται
1413 2187 1421 2198 ,
1461 2164 1506 2192 καὶ
1557 2164 1665 2203 ἑτεροῖα
1720 2165 1896 2204 σωτηριώδη

1056 2210 1166 2248 γίνεται.

1094 2255 1160 2293 ρῑιθἏ
1178 2253 1232 2281 Ούκ
1258 2252 1377 2288 ἤκουσας
1407 2252 1437 2280 ἐκ
1465 2255 1513 2281 τοῦ
1542 2253 1672 2292 μεγίστου
1710 2253 1898 2284 διδασκάλου·

179 2297 236 2323 tem
251 2304 256 2323 :
275 2307 288 2321 ι(
306 2296 415 2324 Luceas
432 2305 530 2324 coram
546 2296 740 2323 hominibus?
757 2307 770 2321 »
787 2296 835 2332 qui
851 2296 962 2324 scilicet
972 2297 1002 2324 in

1062 2310 1074 2324 ιι
1090 2298 1203 2335 Αάμψον
1219 2297 1369 2335 ἔμπροσθεν
1385 2299 1438 2325 τῶν
1455 2297 1625 2336 ἀνθρώπωνς
1642 2310 1656 2325 ››
1673 2298 1754 2331 αὐτὸς
1778 2298 1898 2336 δηλαδὴ

178 2341 403 2376 angiportubus,
419 2344 447 2368 et
463 2341 491 2368 in
508 2341 562 2368 viis
585 2341 722 2375 versaris,
752 2341 800 2375 qui
816 2342 845 2368 in
868 2341 1004 2377 procellis

175 2386 260 2421 juxta
275 2387 382 2413 terram
400 2386 555 2413 commotis
567 2385 698 2420 agitaris,
716 2385 764 2412 ubi
782 2385 942 2413 timendum
961 2388 1005 2414 est

177 2438 213 2457 ne
227 2430 461 2458 vehementiores
478 2430 556 2457 venti
572 2430 721 2457 codensati
745 2430 840 2458 lucem
857 2433 937 2459 tuam
955 2439 1002 2458 ex-

178 2475 349 2511 stinguant;
366 2476 417 2503 sed
435 2475 589 2503 Iuceetlux
600 2478 650 2502 tua
665 2484 698 2502 ex
710 2476 768 2503 alto
781 2476 881 2503 oculos
897 2477 1004 2504 feriens

178 2519 241 2547 sine
257 2520 345 2553 nube,
363 2521 425 2547 sine
438 2519 577 2548 tenebris.
599 2520 644 2547 Sic
660 2520 731 2548 solis
755 2520 883 2548 circulus
899 2530 956 2549 non
974 2529 1004 2549 se

178 2572 212 2591 ex
227 2563 286 2591 alto
303 2564 429 2599 proiicit,
446 2565 495 2591 sed
512 2564 540 2591 in
567 2564 688 2591 excelsis
712 2564 811 2598 Fertur,
829 2567 857 2591 et
876 2564 1004 2593 viviﬁeos

176 2607 274 2635 radios
291 2607 404 2642 emittit,
423 2617 479 2635 non
505 2608 599 2636 solum
630 2617 728 2636 coram
753 2609 935 2643 hominibus,
952 2610 1003 2637 sed

176 2652 296 2688 ubique,
313 2652 389 2679 sicut
399 2653 502 2687 jussus
515 2656 569 2687 est,
582 2661 649 2680 cum
662 2654 816 2688 majestate
825 2654 1002 2689 resplendet,

175 2698 204 2724 et
219 2697 296 2724 acies
312 2697 463 2725 oculorum
481 2697 657 2725 intuentium
682 2706 800 2725 sursum
816 2697 932 2732 attollit,
950 2707 1003 2726 un-

175 2740 262 2776 dique
277 2740 522 2778 circumspicitur.
539 2741 587 2769 Sic
597 2741 674 2770 lucet
684 2744 714 2770 et
726 2742 797 2770 luna
811 2742 903 2770 solem
915 2751 1004 2771 samu-

211 2837 234 2855 ⁸³
247 2838 350 2866 Matth.
367 2847 395 2874 ν,
409 2841 453 2869 16.

1060 2343 1086 2370 ὶν
1115 2345 1261 2373 στενωποῖς
1299 2342 1343 2369 καὶ
1383 2341 1536 2380 λιωφόροις
1575 2342 1819 2382 ἀναστρεφόμενος,
1845 2345 1900 2374 καὶ

1058 2390 1116 2418 ταῖς
1158 2388 1219 2424 περὶ
1261 2390 1311 2425 γῆς
1342 2386 1468 2419 θυέλλαις
1495 2386 1693 2425 ἐνειλούμενος,
1718 2387 1781 2416 ἔνθα
1793 2387 1899 2428 φόϐος,

1062 2433 1168 2469 μήποτε
1197 2430 1422 2466 διαυλωνίζοντες
1448 2430 1620 2469 ἀσύμμετροι
1644 2431 1742 2468 ἄνεμοι
1771 2431 1897 2463 ἀποσϐέ-

1059 2487 1125 2503 σωσι
1141 2477 1172 2504 τὸ
1188 2476 1212 2503 ἐν
1229 2476 1270 2503 σοὶ
1288 2478 1355 2515 φῶς⁴
1373 2474 1446 2503 ἀλλὰ
1459 2475 1597 2513 λαμψάτω
1612 2476 1643 2504 τὸ
1669 2479 1728 2516 φῶς
1744 2487 1806 2512 σου,
1823 2477 1898 2507 ἅνω-

1060 2526 1102 2552 θιν
1124 2517 1402 2556 ἀκτινοϐολούμινον,
1432 2519 1562 2559 ἀνέφελον
1591 2521 1638 2548 καὶ
1662 2520 1894 2559 ἀνεπισκότητον.

1059 2564 1135 2591 Οὕτω
1150 2565 1194 2591 καὶ
1211 2563 1294 2599 ἡλίου
1309 2563 1399 2596 δίσκος
1424 2564 1454 2591 ού
1479 2564 1668 2603 καταρῤίπτων
1697 2565 1793 2595 ἑαυτὸν
1820 2568 1895 2596 ἂνω-

1059 2610 1112 2644 Οεν,
1136 2608 1199 2636 ἀλλ’
1228 2610 1294 2646 ὑψοῦ
1324 2608 1468 2647 διφρεύων,
1499 2609 1608 2642 ἀκτῖνας
1636 2609 1794 2640 ἀποπάλλει
1827 2614 1893 2648 ζωο-

1059 2653 1226 2691 γόνους·οὖ
1259 2654 1341 2690 μόνον
1371 2652 1521 2691 ἔμπροσθεν
1551 2654 1713 2692 ἀνθρώπων,
1744 2655 1820 2684 ἀλλὰ
1846 2658 1897 2686 καὶ

1058 2699 1196 2735 πανταχῇ,
1227 2697 1288 2726 ἔνθα
1329 2697 1512 2733 κεκέλευσται,
1539 2698 1732 2736 ἀξιωματικῶς
1765 2701 1898 2740 παμφαί-

1058 2754 1123 2778 νων,
1139 2742 1184 2770 καὶ
1199 2743 1246 2775 τὰς
1260 2745 1314 2770 τῶν
1333 2742 1489 2781 βλεπόντων
1504 2741 1579 2781 ὄψεις
1596 2743 1678 2777 αὐτὸς
1701 2743 1792 2774 ἕλκων
1823 2744 1898 2784 ἄνω,

1836 3116 1918 3139 1-}.-

1814 3159 1830 3171 9
