4060 6418
293 436 412 500 905

1313 429 1418 493 DE
1460 423 1952 494 EMENDANDA
1998 424 2186 489 VI'I‘A
2232 427 2710 491 MONACHIOA.

3596 434 3715 496 906

282 565 372 621 καὶ
426 561 654 628 αὐτόθεν
714 556 1077 639 τερίϐλεπτος
1136 561 1589 637 προφαινόμενος.
1651 557 1811 617 Οὕτω
1862 555 1953 611 καὶ

2083 563 2209 622 ata,
2236 559 2448 615 dixerit
2489 559 2744 631 aliquis;
2777 565 2835 617 et
2892 562 3091 617 omnia
3121 561 3236 619 alia
3292 564 3487 620 sidera
3536 564 3717 637 digna

286 652 494 725 σελήνη
527 651 849 729 προλάμπει
883 650 1062 724 ζήλῳ,
1118 649 1260 706 εἷ’ποι
1312 649 1372 705 ἃν
1401 672 1509 720 τις,
1542 654 1622 722 τῷ
1669 648 1805 703 κατὰ
1858 646 1951 700 τὸν

285 743 470 813 ἥλίον·
531 740 623 798 καὶ
683 738 801 796 ὅσοι
835 738 893 796 δὲ
921 744 1029 795 τῶν
1058 738 1246 796 ἄλλων
1306 737 1544 815 ἀστέρων
1601 739 1722 799 θέας
1785 734 1950 805 ἄξιοι.

289 831 442 889 Ποίει
473 834 605 907 γοῦν
639 828 783 885 οὕτω
814 829 905 885 καὶ
938 829 1022 884 σύο
1055 830 1150 885 καὶ
1183 828 1419 902 λάμπων
1468 826 1707 905 φύλαττε
1754 825 1951 899 ὁμοίαν

295 920 625 996 σεμνότητα,
677 917 788 975 ἅνω
834 940 895 975 τε
944 919 1145 993 μένων,
1194 919 1287 974 καὶ
1333 918 1484 973 κάτω
1535 915 1767 990 λάμπων
1799 914 1852 969 έν
1881 916 1952 988 τῇ

297 1010 450 1066 νυκτὶ
512 1012 609 1065 τοῦ
676 1009 792 1063 καθ’
838 1009 987 1081 ἡμᾶς
1042 1008 1190 1084 βίου,
1261 1006 1350 1061 καὶ
1402 1007 1530 1068 τοὺς
1586 1002 1952 1081 ἐγρηγορότας

301 1099 571 1178 φωτίζων,
602 1098 689 1153 καὶ
750 1097 946 1173 ἀρετῆς
972 1095 1277 1173 προκλήσει
1329 1096 1569 1171 βοώσης·
1637 1117 1657 1144 ι
1710 1090 1950 1171 Προσέλ-

299 1200 436 1259 θετε,
488 1188 580 1243 καὶ
634 1184 961 1265 φωτίσθητε·
1010 1208 1041 1239 ››
1091 1180 1414 1242 ἀναϐλέπειν
1475 1182 1712 1245 ἐκείνους
1772 1182 1847 1244 εἰς
1895 1181 1954 1236 σὲ

297 1281 494 1348 ποιῶν,
526 1276 616 1330 καὶ
656 1275 972 1351 ἐργάζεσθαι
1002 1275 1073 1331 τὰ
1102 1275 1368 1347 σωτήριαδ
1419 1273 1487 1328 τὰ
1515 1272 1610 1346 μὲν
1639 1271 1730 1326 καὶ
1763 1267 1950 1333 ἄλλως

296 1363 686 1443 πολυτρόπως,
718 1365 794 1428 ὡς
824 1361 1032 1420 οἷ’δασιν
1064 1362 1217 1419 αὐτοὶ
1256 1362 1510 1437 μαθόνεες
1539 1359 1601 1416 ἐκ
1622 1359 1856 1439 φύσεως,
1886 1358 1955 1412 τὰ

297 1453 357 1511 δὲ
384 1454 475 1510 καὶ
508 1454 612 1510 ὑπὸ
640 1458 722 1528 τῷ
751 1454 893 1509 κατὰ
918 1453 975 1509 σὶ
1003 1453 1165 1532 φωτί.

367 1565 434 1617 σ’.
470 1562 593 1617 Ἐάν
628 1558 686 1614 δέ
715 1572 850 1614 ποτε
881 1557 1051 1634 δεήσῃ
1080 1559 1145 1613 τὸ
1176 1558 1227 1612 έν
1259 1559 1343 1612 σοὶ
1392 1561 1508 1635 φῶς
1549 1557 1612 1611 τὸ
1660 1554 1951 1627 θεωμίμη-

295 1672 387 1706 τον
419 1651 510 1705 καί
548 1670 696 1711 τινος
729 1648 847 1710 ἑνὸς
901 1647 1072 1702 τόπου
1111 1648 1380 1722 γενέσθαι,
1413 1648 1531 1700 οἷον
1567 1641 1742 1711 oi'xou,
1773 1646 1809 1711 ἢ
1842 1643 1952 1696 κώ-

304 1762 434 1814 μης,
465 1737 501 1808 ἢ
533 1737 754 1813 ἀγορᾶς,
786 1737 823 1807 ἢ
856 1738 1075 1812 ἑορτῆς,
1108 1738 1143 1806 ἢ
1176 1735 1356 1807 ἄλλης
1405 1735 1551 1795 τινὸς
1608 1731 1952 1803 διοικήσεως,

303 1828 490 1903 λάμπε
544 1831 818 1901 κυριακῶς
872 1825 962 1882 καὶ
1022 1825 1163 1893 ἐκεῖ,
1214 1825 1302 1880 ἐπὶ
1359 1820 1776 1901 ἀναψηλαφήσει
1827 1820 1950 1893 μέν·

2069 665 2195 718 quas
2227 650 2609 721 aspiciantur.
2630 650 2727 705 Sic
2760 666 2867 723 age
2897 656 2953 705 et
2986 657 3042 705 tu
3069 653 3245 719 ;dum
3280 653 3463 720 luces,
3525 657 3714 710 conti-

2066 754 2249 791 nuum
2284 738 2654 809 splendorem
2686 742 2894 808 retine,
2919 756 3160 796 manens
3187 742 3245 796 in
3278 742 3398 797 alto
3435 742 3717 800 inferiora

2063 824 2424 893 illumina,id
2457 834 2546 883 est
2576 833 2809 883 noctem
2844 829 3029 886 nostri
3062 830 3411 898 saaculi;eos
3432 833 3532 901 qui
3553 832 3713 886 exci-

2062 914 2168 969 tati
2201 921 2342 969 sunt
2378 915 2611 970 illustre
2638 934 2651 984 ;
2686 923 2864 989 atque
2889 919 3154 990 exemplo
3185 920 3421 975 virtutis
3451 921 3711 975 claman-

2061 1005 2137 1057 tis
2164 1021 2176 1058 :
2211 1026 2239 1053 (ι
2263 1003 2468 1059 Venite
2500 1013 2556 1060 et
2586 1004 3030 1076 illuminamini,
3053 1028 3081 1056 ι)
3111 1009 3197 1062 fac
3218 1024 3316 1063 eos
3339 1009 3409 1064 ad
3445 1012 3499 1063 te
3521 1009 3712 1080 suspi-

2062 1107 2189 1147 cere
2219 1096 2276 1147 et
2304 1091 2588 1148 salutaria
2618 1094 2841 1164 cperari
2870 1096 3159 1167 ;qua»dam
3183 1096 3390 1152 multis
3419 1096 3552 1153 aliis
3584 1114 3709 1153 mo-

2061 1179 2174 1249 dis,
2206 1180 2360 1236 sicut
2390 1181 2600 1249 scient,
2632 1181 2762 1254 ipsa
2790 1188 3002 1239 natura
3034 1185 3572 1257 docente,quaedam
3604 1203 3710 1259 per

2061 1267 2254 1325 lucem
2296 1274 2485 1326 tuam.

2131 1557 2257 1611 200.
2284 1556 2342 1611 Si
2377 1557 2612 1628 quando
2639 1573 2876 1613 necesse
2916 1564 3005 1613 est
3044 1559 3233 1615 lucem
3282 1565 3441 1615 tuam
3500 1559 3707 1615 divinae

2062 1644 2316 1701 similem
2351 1647 2408 1700 in
2436 1647 2632 1718 aliquo
2666 1646 2791 1703 loco
2822 1648 3027 1718 videri,
3072 1649 3320 1721 exempli
3378 1649 3589 1722 gratia,
3645 1648 3708 1704 in

2062 1734 2257 1801 domo,
2290 1735 2349 1788 in
2386 1752 2556 1807 pago,
2590 1736 2647 1791 in
2684 1737 2827 1807 foro,
2862 1737 2920 1792 in
2951 1738 3288 1809 festivitate,
3342 1744 3443 1794 aut
3486 1738 3546 1794 in
3595 1737 3711 1794 alia

2063 1823 2611 1891 occasione,ibidem
2644 1825 2845 1881 lueeas
2876 1826 3121 1882 fidenter
3150 1828 3220 1883 ad
3257 1827 3635 1899 quaerendam
3652 1830 3710 1884 et

300 1937 387 1973 τοι
427 1916 516 1972 καὶ
565 1916 773 1992 εὑρέσει
831 1913 1088 1990 δραχμῆς
1152 1911 1509 1975 ἀπολωλυίας
1567 1907 1951 1986 εὐαγγελικῆςο

2089 1913 2471 1969 nveniendam
2507 1915 2847 1970 drachmam
2873 1915 3168 1988 Evangelii
3218 1916 3530 1988 perditam,
3588 1933 3707 1973 non

301 2006 369 2061 ού
451 2006 560 2079 μὴν
624 2003 698 2066 ὡς
766 2001 1047 2078 ἐμπλῆσαι
1113 2004 1406 2077 καμψάκην
1467 2001 1950 2077 πραγματευτικῶς

300 2091 435 2169 δίχα
516 2091 878 2168 προκλήσεως
906 2136 919 2150 .
1007 2094 1390 2153 Ἐπαιτοῦντος
1473 2092 1575 2164 γὰρ
1661 2086 1952 2163 ἀνθρώπου

295 2182 459 2239 τοῦτό
516 2202 601 2257 γε,
650 2181 742 2237 καὶ
788 2179 1122 2255 πανδημίου,
1153 2182 1227 2243 ὡς
1254 2178 1426 2241 οὕτως
1455 2177 1649 2247 εἰπεῖν,
1697 2178 1950 2251 πτωχοῦ,

300 2272 361 2335 ὅς
405 2270 610 2327 δύναιτ’
656 2270 717 2326 ἃν
768 2271 857 2326 καὶ
904 2268 1040 2345 δίχα
1088 2273 1382 2346 σχήματος
1428 2267 1721 2343 ἀγγελικοῦ
1771 2265 1952 2341 ῥωγα-

304 2360 402 2417 λέα
450 2357 820 2435 περιδύθῆναι,
875 2360 966 2414 καὶ
1016 2361 1195 2433 πήραν
1228 2358 1542 2431 ἐνάψασθαι,
1601 2356 1690 2410 καὶ
1744 2355 1952 2423 κνυζώ-

303 2469 390 2505 σαι
446 2448 571 2510 τοὺς
631 2446 949 2526 ὀφθαλμοὺς
977 2490 992 2518 ,
1051 2447 1140 2503 καὶ
1200 2445 1638 2522 σχηματίσασθαι
1677 2444 1952 2504 παντοίως

302 2539 394 2594 τὸν
456 2538 663 2608 ἱκέτην,
722 2538 813 2592 καὶ
864 2535 1037 2602 οὕτως
1083 2533 1356 2615 ἕμφορτος
1398 2533 1659 2611 γενέσθαι,
1696 2534 1770 2588 ὧν
1797 2530 1955 2593 αὐτὸς

304 2610 476 2693 θέλει.

377 2723 476 2772 σα’.
537 2709 838 2791 Φιλοσόφει
890 2714 1116 2779 ἐνταῦθα
1162 2715 1248 2770 καὶ
1302 2715 1392 2769 τὸν
1450 2719 1552 2782 τῆς
1608 2708 1955 2780 δικαιοσύνης

303 2803 492 2875 ἥλιον,
523 2804 618 2859 τὸν
667 2804 774 2878 πρὸ
825 2801 1011 2874 ἡλίου,
1059 2803 1154 2858 τὸν
1181 2802 1286 2879 πρὸ
1316 2802 1553 2868 αἰώνων,
1582 2800 1673 2855 τὸν
1732 2800 1812 2854 ἀεὶ
1866 2797 1957 2853 καὶ

310 2890 441 2949 ὄντα
468 2894 558 2948 καὶ
590 2892 901 2965 λάμποντα,
951 2890 1188 2964 τοιούτῳ
1221 2889 1376 2966 λόγῳ
1402 2886 1826 2958 καταληλυθότα
1883 2887 1958 2950 εἷς

307 2990 430 3059 γῆν,
458 2982 547 3037 καὶ
580 2981 869 3055 λάμψαντα
927 2980 980 3036 έν
1040 2983 1198 3054 ἡμῖν,
1251 2980 1340 3035 καὶ
1373 2980 1777 3055 ψηλαφήσαντα
1832 2974 1960 3039 τοὺς

307 3070 756 3139 ἀπολωλεκότας,
806 3070 893 3125 καὶ
930 3070 1221 3145 εὑρηκότα,
1261 3069 1353 3125 καὶ
1410 3062 1835 3139 ἀναλαϐόμενον,
1867 3066 1959 3118 καὶ

309 3160 780 3236 περισωσάμενον,
835 3158 926 3213 καὶ
984 3156 1346 3234 ἀναγαγόντα,
1406 3151 1529 3221 ἔνθα
1565 3156 1653 3211 καὶ
1688 3153 1847 3216 αὐτὸς
1890 3153 1956 3222 ἦν

2062 2021 2196 2060 vero
2225 2003 2297 2058 ad
2327 2002 2686 2075 implendam
2742 2020 3078 2061 mensuram
3136 2005 3308 2062 bonis
3360 2006 3708 2075 confertam,

2062 2094 2286 2165 absque
2314 2091 2680 2150 invitatione.
2703 2096 2823 2149 Hoc
2851 2094 3009 2150 enim
3039 2098 3197 2150 esset
3224 2093 3481 2151 hominis
3538 2112 3708 2152 men-

2063 2181 2200 2248 dici,
2233 2186 2308 2251 et,
2332 2185 2397 2236 ut
2426 2180 2510 2236 ita
2538 2181 2754 2251 dicam,
2786 2183 2918 2238 vilis
2941 2183 3235 2256 pauperis,
3260 2183 3360 2256 qui
3391 2200 3495 2256 pro
3527 2200 3708 2257 ange-

2065 2270 2177 2327 lica
2204 2276 2361 2327 veste
2384 2275 2581 2344 posset
2609 2271 2919 2327 laceratam
2948 2272 3062 2328 sibi
3086 2273 3476 2341 circumdare,
3507 2290 3711 2345 peram

2066 2376 2390 2444 assumere,
2422 2359 2623 2416 oculos
2655 2364 2867 2432 tegere,
2898 2366 2953 2416 et
2986 2361 3322 2417 mendicum
3356 2362 3598 2418 omnino
3630 2363 3712 2418 si-

2066 2451 2313 2519 mulare,
2348 2449 2549 2522 sicque
2579 2451 2857 2507 omnibus
2890 2450 3205 2508 molestum
3235 2469 3384 2509 esse.

2135 2719 2262 2773 201.
2295 2716 2613 2773 Considera
2644 2717 2823 2773 etiam
2856 2717 3038 2773 solem
3063 2717 3313 2789 justitiae
3349 2722 3484 2775 ante
3511 2718 3717 2786 solem,

2069 2810 2202 2863 ante
2222 2805 2436 2862 saecula
2455 2822 2684 2876 semper
2713 2806 3085 2862 exsistentem
3109 2813 3167 2863 et
3188 2808 3715 2877 lucentem,eodem

2070 2899 2237 2952 modo
2268 2895 2326 2950 in
2358 2899 2545 2951 terras
2576 2896 2977 2967 descendisse,
3011 2898 3167 2969 apud
3229 2915 3335 2954 nos
3392 2899 3716 2968 refulsisse,

2072 2989 2335 3040 mortuos
2354 2983 2537 3055 digito
2557 2982 3717 3059 tetigisse,atqueinvenisse,suscepisse,

2071 3072 2406 3140 salvavisse,
2431 3076 2486 3127 et
2516 3071 2838 3139 reduxisse,
2872 3073 2970 3127 ubi
3005 3077 3129 3129 erat
3178 3074 3303 3146 ipse
3360 3075 3431 3130 ab
3479 3082 3717 3134 aeterno.

2072 3163 2198 3232 ipse
2224 3161 2272 3215 si
2303 3163 2505 3216 eodem
2529 3161 2700 3216 modo
2732 3162 2817 3216 vis
2849 3162 3223 3233 descendere,
3275 3165 3356 3221 ita
3386 3170 3451 3220 ut
3505 3166 3721 3224 habea-

310 3249 562 3304 πάντοτε.
593 3247 658 3306 Εἰ
689 3246 832 3303 οὕτω
885 3243 1226 3303 καταϐαίνειν
1266 3246 1355 3302 καὶ
1387 3247 1546 3307 αὐτὸς
1604 3242 1827 3312 ἐθέλεις,
1883 3243 1959 3305 ὡς

2083 3251 2157 3306 ris
2188 3254 2446 3317 utDens,
2483 3247 2627 3304 alios
2650 3249 2755 3305 tibi
2805 3249 3031 3305 similes
3074 3252 3198 3308 zelo
3247 3258 3557 3326 accendas,
3616 3258 3721 3312 de-

307 3339 394 3394 καὶ
449 3337 609 3399 αὐτὸς
656 3337 787 3399 Θεὸς
847 3337 981 3393 εἶναι
1030 3336 1205 3409 θετὸς,
1255 3334 1507 3398 καὶτοὺς
1535 3331 1739 3394 ἄλλους
1770 3329 1827 3386 δὲ
1852 3329 1963 3405 ἐξο-

309 3432 502 3500 μοιοῦν
566 3427 656 3481 σοὶ
711 3426 859 3498 αὐτῷ
911 3425 1047 3481 κατὰ
1104 3424 1420 3498 ένθεασμὸν,
1478 3417 1765 3479 κατάϐαινε
1797 3465 1811 3489 ,
1871 3420 1962 3476 καὶ

298 3514 732 3593 συναναπρέφου
790 3518 928 3589 ἡμῖν
983 3519 1102 3578 τοῖς
1157 3515 1483 3591 ἀνθρὼποις’
1546 3510 1733 3573 ἄλλως
1793 3507 1851 3564 δέ
1903 3528 1963 3584 γε

292 3602 454 3682 ἷξρῥε,
508 3604 794 3682 ἐλέγχιστε
827 3604 1091 3674 ζωόντων·
1132 3605 1347 3677 μήποτε
1378 3604 1405 3658 ὁ
1456 3602 1638 3666 κοινὸς
1695 3598 1961 3669 δεσπότης

304 3691 711 3770 δραπετεύοντά
759 3713 818 3748 σε
866 3695 1249 3764 ἀναζητήσας,
1300 3692 1545 3763 ἐπιθήσει
1598 3690 1796 3763 ζημίαν
1846 3693 1965 3750 τοῖς

310 3781 740 3861 ἁναδεχομένοις
773 3803 848 3841 σε.
881 3783 1223 3853 Ἐννοήθητι,
1260 3777 1343 3838 ὅτι
1376 3781 1604 3859 ἅγγελος
1661 3779 1840 3858 φωτὸς
1898 3777 1963 3846 εἴ,

296 3871 411 3929 κᾶν
444 3871 837 3951 μιλαμφορῇς,
867 3867 949 3926 ὅτι
981 3872 1119 3949 φωτὶ
1152 3877 1231 3945 τῷ
1271 3867 1439 3934 ὅντως
1471 3873 1825 3946 παραστατεῖν
1876 3865 1964 3922 τέ·-

296 3962 487 4034 -ταξαν
521 3958 606 4018 ὅτι
633 3965 730 4016 τοῦ
761 3960 986 4033 οἷκείου,
1018 3961 1048 4016 ὃ
1080 3982 1229 4039 φασι,
1264 3959 1432 4038 λόγου
1474 3958 1766 4036 τυγχάνεις
1820 3957 1967 4034 παρᾶ

297 4055 392 4126 ’τῷ
422 4055 557 4125 Θεῷ’
593 4046 676 4106 ὅτι
707 4050 899 4126 ἀρετὰς
930 4049 1248 4125 έπηγγείλω
1279 4048 1562 4111 παντοίας.

391 4153 492 4214 σε’.
548 4161 853 4233 Χρεωστεῖς
898 4155 991 4211 καὶ
1041 4155 1280 4230 μάλιστα
1308 4154 1393 4226 σὺ,
1453 4154 1498 4210 ὦ
1555 4150 1964 4229 μεγαλοπρεπέ-

320 4267 500 4304 στατε.
548 4249 641 4317 Μὴ
690 4245 870 4301 τοίνυν
923 4240 1238 4301 ἀναϐάλλου
1287 4246 1388 4315 τήν
1435 4251 1536 4315 τῆς
1574 4242 1802 4321 όφειλῆς
1833 4236 1971 4297 ἔκτι-

319 4357 428 4393 σιν.
481 4333 662 4407 Ηῦξω,
711 4334 802 4390 καὶ
868 4331 1092 4396 ἀπόδος.
1147 4335 1337 4402 Εῖπας,
1386 4332 1476 4388 καὶ
1522 4332 1773 4402 ποίησον.
1820 4330 1971 4385 Ὑπέ-

318 4445 486 4502 σχου,
529 4425 621 4480 καὶ
650 4421 1102 4501 πληροφόρησον.
1135 4426 1375 4478 Σπεῦσον
1439 4423 1514 4496 μή
1546 4421 1839 4496 ψεύσασθαι
1895 4424 1976 4493 τῷ

321 4514 549 4586 Θεῷ,’ὀν
599 4512 700 4568 οὐκ
737 4511 847 4567 ἐστι
899 4509 1197 4575 διαλαθεῖν.
1251 4512 1421 4587 Ζυγὸς
1478 4509 1700 4581 ἐπετέθη
1738 4528 1843 4565 σοι·
1899 4509 1975 4583 μὴ

323 4604 420 4660 οῦν
452 4602 610 4677 γίνου
637 4597 1165 4677 πληροτράχηλος.
1200 4599 1372 4677 Βαρὺς
1406 4601 1501 4674 μὶν
1528 4600 1631 4678 γὰρ
1677 4597 1776 4668 ὢν,
1824 4619 1981 4654 κατα-

322 4690 507 4768 τρίψει
542 4711 600 4746 σε
629 4691 706 4754 είς
739 4690 953 4765 βαθεῖαν
996 4687 1244 4764 πληγήν*
1302 4689 1535 4768 ἐλαφρὸς
1595 4687 1651 4744 δὲ
1709 4687 1981 4761 ἐπικείμε-

325 4801 443 4852 νος,
492 4780 583 4835 καὶ
616 4778 759 4834 οὕτω
799 4778 1045 4854 χρηστὸς
1100 4776 1373 4852 έπελέγξει
1416 4779 1479 4832 τὸ
1527 4778 1579 4832 έν
1631 4778 1714 4832 σοὶ
1764 4774 1980 4850 ἀδάμα-

330 4890 459 4925 στον
493 4910 507 4926 ο

331 4959 648 5020 κακώσεως.
701 4955 886 5028 Φύλαξ
940 4953 1194 5028 ἀμπέλου
1226 4953 1464 5030 ἐτάχθης
1498 4951 1877 5029 εὑλογτιμένης
1934 4952 1985 5006 έν

332 5046 416 5120 τῷ
449 5050 622 5121 καιρῷ
653 5052 753 5116 τῆς
797 5048 1018 5120 κουρᾶς·
1068 5045 1345 5119 παράμενε
1394 5041 1508 5112 οὖν,
1558 5038 1842 5119 φυλάττων
1895 5041 1988 5095 τὸν

337 5135 680 5210 ἀμπελῶνα,
734 5135 822 5188 καὶ
867 5134 968 5202 τὴν
1020 5132 1286 5207 ἀνάλογον
1350 5128 1773 5206 μισθαποδοσίαν
1822 5131 1990 5185 ἁπεκ-

342 5223 668 5300 δεχόμενος.
724 5219 975 5278 Μάλιστα
1034 5220 1127 5294 μὶν
1189 5219 1279 5276 οὗν
1340 5218 1417 5281 εἷς
1467 5216 1714 5292 ὄίμπελον
1758 5216 1993 5292 έμυστη-

347 5313 575 5390 ριάσθης
609 5355 623 5382 ,
683 5311 1088 5390 πεφυτευμένην
1148 5309 1251 5363 ὑπὸ
1307 5314 1409 5378 τῆς
1465 5305 1637 5380 δεξιᾶς
1694 5311 1791 5361 τοῦ
1847 5308 1996 5381 Ὑψί-

348 5423 499 5459 στουο
558 5402 627 5471 ἦς
682 5401 773 5455 καὶ
829 5399 885 5452 αἱ
945 5392 1331 5470 ἀναδενδράδες
1368 5396 1459 5451 καὶ
1492 5395 1679 5465 ἠσκιὰ
1735 5393 1786 5450 έν
1847 5393 2000 5472 λόγῳ

348 5488 510 5564 καλῷ
537 5496 744 5546 κεῖνται
798 5486 946 5563 παρὰ
991 5490 1072 5558 τῷ
1128 5482 1457 5558 Ψαλμῳδῴ.
1499 5483 1638 5541 Μένε
1664 5482 1869 5553 τοίνυν,
1924 5484 2001 5547 ὡς

346 5578 379 5632 ὁ
419 5579 683 5658 φυτεύσας
742 5576 938 5648 ἐθέλει,
986 5573 1077 5630 καὶ
1128 5571 1317 5643 θάλλε,
1366 5572 1455 5629 καὶ
1501 5574 1863 5652 καρποφόρει,
1922 5570 2004 5627 δε-

349 5663 485 5732 διὼς
513 5668 577 5724 τὸ
606 5671 739 5744 πῦρ,
787 5665 865 5728 είς
917 5665 947 5720 ὃ
1004 5660 1365 5739 εὑαγγελικῶς
1430 5660 1729 5739 βάλλονται
1780 5664 1848 5717 τὰ
1906 5668 2005 5733 τῆς

349 5755 501 5821 θείας
558 5755 777 5837 φυτείας
826 5749 1071 5827 ἔκϐλητα
1124 5752 1432 5826 κλήματα.
1489 5752 1775 5818 Μισθωτὸς
1838 5751 2006 5832 έτάξω

675 5887 942 5957 Peraea.
988 5886 1099 5952 Gn.
1144 5881 1438 5953 CXXXV.

2077 3339 2290 3395 scende
2311 3344 2367 3394 et
2396 3354 2744 3393 conversare
2773 3340 2929 3410 apud
2963 3356 3071 3395 nos
3102 3341 3502 3398 homines.Sin
3533 3344 3724 3415 aliter,

2069 3427 2237 3494 vade,
2264 3444 2296 3482 o
2320 3426 2573 3499 pessime
2605 3426 2969 3494 mortalium,
3004 3446 3075 3484 ne
3095 3429 3240 3485 forte
3272 3431 3558 3488 Dominus
3599 3452 3725 3490 om-

2074 3516 2235 3572 nium
2265 3515 2588 3588 fugientem
2620 3523 2677 3571 te
2708 3524 3077 3587 persecutus,
3138 3537 3303 3591 paena
3351 3521 3569 3579 alliciat
3619 3542 3720 3581 eos

2073 3605 2171 3677 qui
2203 3609 2258 3661 te
2281 3605 2738 3660 absconderant.
2772 3607 2972 3678 Cogita
3004 3613 3058 3662 te
3091 3624 3218 3664 esse
3240 3609 3515 3682 angelum
3550 3612 3725 3685 lueis,

2077 3695 2207 3750 licet
2227 3695 2395 3767 nigra
2421 3699 2584 3749 veste
2615 3694 2881 3762 indutus,
2917 3699 2971 3751 te
3023 3696 3365 3754 adfuturum
3425 3699 3541 3756 luci
3581 3719 3727 3757 vorm

2073 3784 2480 3856 spopondisse,
2514 3787 2572 3838 te
2593 3783 2745 3854 apud
2780 3787 2959 3839 Deum
2993 3802 3091 3840 oro
3121 3790 3221 3843 tuo
3243 3788 3731 3859 judicandum,ut

2074 3873 2258 3939 aiunt,
2288 3873 2387 3944 qui
2410 3870 2655 3927 virtutes
2685 3871 2880 3928 omnis
2909 3874 3144 3945 generis
3174 3876 3520 3947 promisisti.

2144 4157 2270 4213 202.
2298 4157 2385 4212 Tu
2419 4156 2475 4210 in
2510 4155 2717 4228 primis
2748 4156 2977 4213 debitor
3007 4174 3310 4232 es,magne
3344 4166 3728 4239 monache,ne

2077 4247 2312 4302 differas
2343 4246 2524 4318 igitur
2558 4244 2739 4299 debiti
2769 4248 3141 4303 solutionem.
3167 4251 3516 4322 Promisisti,
3548 4257 3726 4315 solve.

2084 4334 2310 4403 Dixisti,
2345 4350 2472 4407 age.
2506 4334 2908 4406 Spopondisti,
2957 4336 3237 4409 adimple.
3299 4343 3445 4397 Cave
3485 4361 3558 4400 ne
3619 4347 3730 4403 Deo

2085 4424 2410 4490 mentiaris,
2445 4439 2617 4495 quem
2646 4423 2901 4494 effugere
2930 4422 3302 4497 impossibile
3344 4435 3458 4490 est.
3513 4431 3733 4506 Jugum

2085 4514 2190 4572 tibi
2222 4511 2568 4584 impositum
2601 4515 2711 4578 est,
2741 4511 2860 4567 noli
2895 4511 3048 4568 ultra
3071 4514 3394 4575 ealcitrare.
3434 4522 3563 4593 ipso
3602 4541 3738 4597 gra-

2085 4605 2235 4662 viter
2263 4602 2402 4669 Isto,
2438 4602 2795 4673 profundum
2822 4602 3037 4659 vulnns
3070 4605 3360 4678 accipies;
3395 4609 3599 4668 leviter
3638 4631 3739 4670 au-

2095 4701 2235 4762 tem,
2268 4695 2326 4746 et
2350 4691 2635 4761 jucunde,
2669 4690 2726 4744 in
2759 4696 2961 4762 aperto
2992 4692 3103 4747 erit
3122 4698 3178 4750 te
3207 4694 3563 4757 indomitum
3622 4719 3740 4759 non

2095 4798 2245 4839 esse.
2270 4780 2354 4836 Ob
2388 4779 2442 4834 id
2479 4796 2628 4851 opus
2657 4778 3015 4847 eritaeuleo,
3050 4786 3107 4836 et
3137 4781 3250 4837 alia
3302 4802 3491 4857 poma.
3529 4791 3742 4849 Custos

575 4865 649 4922 Οῦ
697 4865 847 4922 ἑνεκα
900 4867 992 4921 καὶ
1039 4866 1266 4939 κέντρου
1325 4863 1568 4939 δεηθήσῃ
1609 4864 1698 4919 καὶ
1749 4862 1966 4940 ἑτεροίαι

2095 4873 2273 4926 vinem
2303 4867 2618 4924 benedictae
2642 4884 2703 4922 es
2735 4869 3167 4925 constitutusin
3192 4876 3294 4928 tua
3324 4879 3564 4933 tonsura
3588 4895 3601 4932 :
3624 4896 3751 4950 per-

2099 4975 2300 5015 severa
2331 4973 2467 5028 ergo
2496 4956 2753 5011 vinetum
2788 4956 3152 5025 custodiens,
3180 4964 3238 5015 et
3266 4960 3504 5034 dignam
3538 4981 3754 5023 merce-

2100 5049 2233 5103 dem
2267 5045 2546 5101 invenies.
2584 5044 2651 5099 Et
2682 5045 3003 5115 praesertim
3040 5056 3418 5106 consecratus
3449 5069 3512 5107 es
3554 5054 3614 5109 in
3668 5056 3754 5111 vi-

2106 5152 2276 5192 neam
2312 5135 2551 5189 dextera
2580 5133 2799 5188 Excelsi
2835 5133 3098 5205 insitam,
3133 5139 3301 5208 cujus
3334 5142 3480 5195 rami
3514 5148 3572 5198 et
3617 5161 3754 5199 um-

2104 5226 2209 5280 bra
2241 5240 2274 5277 a
2297 5221 2615 5277 Psalmisla
2647 5219 3326 5293 plurimumlaudantur.
3351 5231 3609 5286 Remane
3638 5230 3756 5304 igi-

2105 5322 2206 5371 tur
2235 5310 2737 5384 quemadmodum
2772 5309 2896 5366 vult
2917 5312 3014 5383 qui
3048 5318 3103 5366 te
3125 5312 3449 5384 plantavit;
3481 5319 3556 5374 da
3588 5319 3759 5376 ﬂores

2109 5408 2167 5458 et
2201 5404 2456 5465 lruetus;
2482 5397 2673 5471 ignem
2706 5400 2850 5454 time
2873 5399 2929 5453 in
2945 5416 3115 5470 quem
3148 5401 3387 5460 inutiles
3418 5407 3763 5464 ramivineas

2116 5489 2447 5554 Dominicae,
2498 5487 2823 5542 secundum
2888 5487 3289 5559 Evangelium,
3346 5495 3759 5565 projiciuntur.

2115 5579 2438 5635 Mercedem
2472 5593 2504 5630 a
2526 5591 2737 5647 magno
2770 5575 3199 5634 Patrefamillas
3223 5583 3479 5654 recipere
3499 5586 3763 5659 voluisti,

2114 5668 2297 5742 igitur
2321 5664 2525 5722 labora
2556 5679 2809 5736 semper.
2842 5665 3170 5722 Produeere
3189 5670 3506 5740 prandium
3541 5692 3656 5731 non
3688 5676 3764 5731 li-

2118 5761 2306 5831 cet,ne
2335 5753 2561 5811 otiosus
2581 5757 2844 5829 tempore
2876 5752 3175 5815 servitutis
3196 5763 3768 5823 remaneas.Cmnare

3368 5889 3448 5960 39
