4060 6420
327 439 443 498 907

1095 431 1521 496 EUSTATHII
1564 427 2334 494 THESSALONICENSIS
2380 430 2966 496 METROPOLITJE

3627 435 3773 500 eos

324 575 486 629 cxtra
519 547 781 642 modum,
815 570 886 625 ad
921 569 1278 642 gravandum
1313 585 1525 641 corpus
1547 584 1661 623 non
1686 566 1964 633 debes,ne

2089 564 2217 618 εἶναι
2279 563 2525 641 μεγάλου
2581 565 3025 624 Οἶκοδεσπότου⁸
3089 566 3323 646 ἐργάζου
3376 568 3557 626 τοίνυν
3617 570 3762 630 ἀεί.

322 663 578 718 crassior
607 677 755 734 opus
788 659 1070 732 negligas.
1114 659 1308 730 Neque
1366 675 1467 731 per
1503 661 1685 713 totam
1742 660 1970 711 noctem

327 752 582 807 dormire
606 752 691 807 fas
721 755 1074 822 est,propter
1103 764 1476 804 communem
1506 747 1813 802 inimicum
1847 761 1971 799 me-

329 841 648 911 ridianum,
681 842 778 911 qui
818 856 1004 911 neque
1024 844 1189 894 nocte
1224 837 1384 893 novit
1431 837 1720 892 inducias.
1771 836 1972 890 Abun-

331 932 430 986 dat
461 931 615 986 enim
649 929 881 1001 sagittis
907 928 1242 982 volantibus
1264 927 1324 980 in
1356 927 1469 992 die,
1505 930 1560 981 et
1583 923 1832 996 negotiis
1878 939 1974 994 pe-

329 1019 806 1076 rambulantibus
829 1019 885 1072 in
910 1016 1300 1072 tenebris.llle
1323 1015 1546 1070 malum
1575 1030 1810 1086 semper
1839 1029 1977 1084 ope-

328 1113 511 1176 ratur,
534 1112 590 1164 te
620 1125 738 1164 sem
749 1124 850 1180 per
867 1123 994 1163 esse
1026 1105 1288 1161 sobrium
1322 1120 1559 1160 necesse
1589 1107 1697 1158 est.

393 1461 519 1518 203.
552 1461 684 1517 Scio
715 1460 1013 1532 equidem,
1047 1475 1181 1514 cum
1214 1458 1329 1514 ista
1359 1474 1392 1512 a
1424 1471 1516 1510 me
1549 1453 1739 1525 audis,
1773 1457 1827 1508 te
1857 1452 1976 1525 pati

328 1552 591 1625 pessima
635 1549 932 1618 arbitrari,
963 1552 1021 1604 et
1065 1546 1392 1620 ignominia
1433 1543 1609 1608 afﬁci,
1661 1543 1782 1616 qui,
1815 1542 1977 1598 visus

329 1641 610 1714 magister
638 1655 790 1705 esse.
826 1639 898 1694 ab
931 1637 1064 1694 aliis
1106 1653 1232 1708 quae
1285 1634 1510 1706 agenda
1569 1631 1684 1688 sint
1727 1632 1973 1687 deceris.

329 1737 447 1803 Ego
479 1732 676 1786 autem
711 1742 1014 1798 nunquam
1040 1730 1315 1790 tacerem,
1349 1723 1480 1778 licet
1504 1722 1696 1778 furore
1721 1721 1976 1792 percitus

331 1820 726 1894 rumpereris;
760 1835 875 1873 non
909 1817 1081 1872 modo
1107 1816 1164 1869 in
1224 1814 1474 1886 gratiam
1538 1813 1645 1877 tui,
1687 1812 1864 1868 unius
1921 1818 1979 1868 et

331 1910 590 1983 superbi,
623 1908 993 1964 autduorum
1028 1904 1275 1962 aliorum
1321 1903 1630 1972 similium,
1663 1918 1811 1974 quos
1845 1918 1975 1974 per-
2007 1934 2055 1999 Β

330 2003 535 2057 euntes
592 1995 860 2063 dimitto;
918 1995 1017 2050 sed
1071 2009 1250 2049 causa
1303 1990 1662 2063 reliquorum
1729 1991 1976 2046 fratrum

329 2105 478 2164 quos
509 2089 649 2144 dum
681 2085 950 2158 decipere
980 2083 1088 2153 vis,
1123 2099 1368 2155 regnum
1402 2081 1503 2137 Dei
1537 2080 1866 2153 perturbas.

396 2288 522 2344 204.
555 2286 722 2341 Nunc
752 2288 976 2348 tamen,
1009 2282 1118 2336 hoc
1152 2297 1268 2336 uno
1309 2280 1508 2335 addito
1533 2280 1796 2351 exemplo
1846 2278 1976 2335 laeto

327 2381 621 2436 etidoneo
648 2379 719 2432 ad
779 2376 1134 2441 docendum,
1194 2373 1431 2428 tinietur
1479 2373 1688 2427 oratio.
1747 2371 1976 2443 Scythae

329 2468 469 2524 olim
502 2467 714 2522 Graecis
756 2463 954 2519 infesti
1004 2463 1215 2517 acriter
1270 2461 1328 2515 in
1389 2478 1484 2515 eos
1525 2461 1974 2530 impressionem

331 2556 621 2611 faciebant
667 2571 793 2624 quae
888 2568 1036 2623 mgre
1114 2551 1535 2606 sustinebatur.
1618 2550 1802 2621 igitur
1874 2551 1975 2620 qui

331 2645 714 2709 laadebantur,
750 2646 876 2696 tum
933 2644 997 2695 ut
1057 2638 1382 2710 periculum
1441 2643 1793 2703 amoverent,
1849 2642 1974 2693 tum

330 2742 392 2789 ut
468 2731 686 2788 auxilia
761 2734 1055 2801 pararent,
1119 2728 1392 2783 inducias
1441 2729 1826 2799 paciscuntur
1873 2727 1975 2782 ali-

330 2825 550 2894 quanto
628 2823 913 2890 tempore,
1005 2817 1212 2872 diebus
1269 2833 1417 2888 quas
1470 2816 1779 2887 utriusque
1837 2833 1973 2888 par-

326 2912 405 2967 tis
450 2907 882 2980 beneplacitum
976 2905 1298 2977 assignavit
1383 2905 1722 2960 servandas.
1792 2905 1973 2960 Caste-

325 3013 458 3053 rum
515 2995 697 3050 Graeci
758 2993 1059 3050 securitati
1113 3010 1174 3048 se
1235 2993 1544 3058 dederunt,
1588 2993 1867 3048 ﬁduciam
1912 2993 1971 3048 in

324 3085 447 3142 solo
481 3083 1114 3154 fmderisjurejurando
1145 3081 1529 3150 collocarunt,
1563 3099 1749 3153 neque
1795 3099 1973 3137 excu-

323 3174 452 3230 bias
501 3175 770 3244 egerunt,
831 3188 1022 3243 neque
1079 3169 1335 3225 militum
1407 3187 1564 3227 more
1630 3169 1968 3241 vigilarunt.

318 3262 546 3335 Scythae
569 3265 768 3317 autem
801 3261 872 3316 ad
916 3259 1113 3315 dolum
1179 3259 1543 3328 confugiunt.
1610 3260 1969 3331 Intempesta

322 3368 460 3422 ergo
489 3351 632 3406 hora
662 3349 872 3415 noctis,
909 3365 1023 3403 non
1057 3365 1190 3403 cum
1217 3347 1390 3403 solito
1443 3347 1723 3415 clamore,
1772 3347 1968 3403 subito

321 3439 770 3510 irruentes,illcs
801 3455 1005 3494 secure
1037 3437 1395 3493 dormientes
1418 3437 1835 3492 interfecerunt
1857 3455 1972 3493 non

325 3544 563 3600 paucos.
586 3527 796 3598 Sicque
829 3526 1142 3597 periissent
1172 3525 1282 3581 soli
1307 3526 1646 3596 juramento
1670 3525 1973 3582 confiden-

329 3623 441 3687 tes,
473 3616 586 3672 nisi
616 3616 831 3672 Graecis
862 3617 1100 3671 animus
1126 3615 1432 3670 adfuisset.
1468 3615 1632 3670 Brevi
1663 3616 1820 3670 enim
1843 3633 1971 3687 pro-

333 3704 597 3760 silientes
629 3721 910 3773 armaque
941 3705 1275 3770 induentes,
1309 3704 1403 3757 vix
1433 3703 1672 3772 quidem
1705 3705 1969 3774 superio-

319 3810 412 3850 res
444 3797 773 3849 evaserunt.
806 3793 1014 3848 Postea
1040 3809 1173 3847 cum
1200 3793 1442 3864 perjurii
1476 3792 1704 3864 Scytha:
1763 3809 1969 3864 argue-

315 3886 541 3953 rentur,
583 3882 641 3936 in
689 3898 931 3937 causam
989 3881 1293 3935 adducunt
1350 3883 1759 3936 tantummodo
1816 3881 1965 3948 dies,

312 3969 475 4026 nullo
508 3972 680 4026 modo
696 3976 894 4026 noctes
924 3969 1285 4025 intellexisse
1316 3970 1749 4038 dicentes,cum
1777 3971 1966 4025 f'uedus

310 4060 673 4132 pepigerant.
716 4067 919 4132 Itaque
968 4061 1177 4115 diebus
1229 4060 1418 4116 solum
1477 4060 1694 4129 allatis,
1745 4060 1964 4130 injuste

307 4150 549 4222 perjurii
579 4151 844 4206 damnati
868 4149 1336 4220 fuissent,noctis
1356 4155 1616 4221 tempore
1649 4150 1960 4206 irruentes.

374 4434 502 4490 205.
538 4434 682 4491 Huic
714 4437 968 4493 sermoni
993 4437 1167 4492 finem
1200 4435 1958 4509 impone,eminentissime;

308 4524 527 4594 quique
587 4526 790 4581 rudem
846 4527 995 4581 hanc
1041 4526 1351 4582 historiam
1411 4541 1690 4598 generose
1748 4541 1961 4596 provo-

2083 651 2197 709 Ούκ
2226 651 2335 708 ἔστι
2391 677 2473 711 σοι
2522 653 2754 712 δειπνεῖν
2801 655 2886 712 ἐπὶ
2944 658 3175 734 μακρὸν,
3220 655 3312 714 ἵνα
3356 659 3432 733 μὴ
3465 664 3762 736 καταργῇς

2081 740 2172 794 τὸν
2204 749 2301 811 τῆς
2329 739 2577 807 δουλείας
2607 745 2817 822 καιρόν.
2851 745 2968 804 Ούκ
3001 745 3244 824 ὀφείλεις
3295 747 3515 824 ἀριστᾷν
3579 749 3762 824 ὑπερ-

2088 850 2258 906 μετρα
2285 832 2375 886 καὶ
2427 834 2564 907 πρὸς
2620 835 2808 911 βάρος,
2853 832 2948 890 ἵνα
3000 836 3074 910 μή
3107 832 3384 914 ἓμφορτος
3413 835 3487 891 ὢν
3520 835 3762 914 ἆμελῇς

2082 923 2180 973 τοῦ
2206 917 2386 996 ἔργου.
2421 923 2536 980 Οὐκ
2588 919 2730 980 ἔστιν
2770 922 2897 980 οὐδὲ
2953 924 3274 980 ὁλονύκτιον
3330 925 3760 984 ἀναπαύσασθαί

2084 1028 2142 1062 σε
2172 1005 2261 1063 διὰ
2289 1010 2377 1066 τὸν
2413 1008 2771 1089 μεσεμϐρινὸν
2815 1015 3000 1069 κοινὸν
3029 1013 3248 1092 ἐχθρὸν,
3280 1015 3340 1078 ὃς
3369 1013 3500 1071 ούδὶ
3526 1015 3760 1094 νύκτωρ

2086 1095 2356 1157 σπέδεται.
2391 1100 2626 1158 Πλουτεῖ
2654 1102 2777 1180 γὰρ,
2811 1103 2991 1180 ὥσπερ
3029 1103 3209 1180 βέλεσι
3240 1104 3572 1179 πετομένοις
3598 1109 3758 1181 ἡμέ-

2088 1207 2206 1261 ρας,
2239 1187 2381 1244 οὕτω
2411 1190 2499 1245 καὶ
2531 1193 2844 1272 πράγμασιν
2889 1192 2941 1249 έν
2997 1194 3175 1250 σκότει
3229 1191 3750 1270 διαπορευομένοις.

2087 1275 2201 1364 {Aci
2233 1278 2333 1346 τήν
2363 1281 2629 1354 πονηρίαν
2661 1279 2865 1344 ἐκεῖνος
2897 1281 3194 1358 ἐργάζεται⁹
3227 1282 3310 1338 ἀεὶ
3339 1283 3429 1338 καὶ
3463 1285 3525 1340 σὲ
3547 1286 3745 1364 νήφειν

2085 1362 2288 1439 ἀνάγκη
2301 1408 2312 1422 .

2159 1459 2254 1530 σγ⁹.
2302 1455 2407 1510 Καὶ
2459 1455 2580 1512 οἶδα
2635 1457 2771 1532 μὶν,
2831 1457 2915 1515 ὅτι
2966 1464 3136 1517 ταῦτα
3193 1459 3246 1532 ἐξ
3299 1464 3460 1536 ἡμῶν
3525 1463 3741 1520 ἀκούων

2089 1538 2232 1598 δεινὰ
2261 1541 2442 1608 δοκεῖς
2479 1547 2734 1622 πάσχειν,
2788 1548 2864 1611 ὡς
2919 1547 3300 1624 ἐτιμούμενοςυ
3362 1550 3414 1607 εἶ
3461 1573 3529 1628 γε
3585 1550 3749 1609 διδά-

2089 1631 2292 1695 σκαλος
2351 1635 2483 1689 εἶναι
2541 1633 2756 1707 δοκῶν,
2813 1636 2928 1692 εἶτα
2983 1639 3111 1715 παρ’
3165 1639 3361 1716 ἑτέρων
3407 1641 3660 1712 ἀκούεις,
3719 1642 3758 1698 ἃ

2086 1721 2363 1793 ποιητέον.
2397 1725 2541 1800 Ἐγὼ
2573 1722 2631 1780 δὲ
2661 1725 2759 1782 ούκ
2798 1725 2858 1781 ἂν
2890 1747 3024 1783 ποτε
3071 1730 3464 1803 σιωπήσωμαι,
3537 1730 3592 1786 εἶ’
3653 1733 3756 1788 καὶ

2087 1809 2434 1888 διαρραγείης
2489 1814 2855 1889 θυμούμενοςο
2911 1818 3000 1872 καὶ
3063 1817 3124 1873 ού
3172 1822 3432 1874 τοσοῦτον
3492 1817 3585 1875 διὰ
3641 1823 3704 1878 σὶ
3737 1864 3758 1893 ,

2087 1899 2176 1955 τὸν
2207 1897 2320 1972 ἕνα,
2377 1903 2470 1958 τὸν
2523 1902 2760 1978 ὑψηλὸν,
2821 1906 2856 1976 ἢ
2907 1902 2998 1960 διὰ
3037 1906 3165 1970 τοὺς
3212 1908 3442 1981 ὁμοίους
3472 1907 3592 1980 δύο,
3651 1911 3758 1975 οὕς

2087 1989 2356 2067 φθινύθειν
2406 1991 2629 2070 ἀφίημι,
2685 1992 2831 2050 ἀλλά
2882 1991 2973 2050 διὰ
2997 1993 3125 2059 τοὺς
3183 1994 3414 2060 λοιποὺς
3445 1994 3757 2076 ἀδελφοὺς,

2088 2078 2180 2142 οὕς
2209 2081 2508 2156 φενακίζειν
2542 2079 2766 2152 ἐθέλων,
2796 2083 2859 2139 τὸ
2887 2087 2988 2139 τοῦ
3017 2088 3151 2140 Θεοῢ
3192 2083 3562 2163 διαταράττεις
3593 2087 3756 2145 οὕτω

2085 2166 2414 2242 πολίτευμα.

2160 2274 2255 2333 σθ’.
2287 2281 2374 2350 Τῷ
2431 2279 2550 2343 τὲος
2609 2281 2813 2353 μέντοι,
2873 2279 3046 2335 έκεῖνο
3085 2282 3175 2336 καὶ
3225 2282 3390 2356 μόνον
3431 2282 3751 2360 ἐπενεγκὼν

2087 2366 2160 2429 είς
2193 2367 2464 2445 ἀφήγησιν
2511 2366 2868 2432 παιδευτικῶς
2911 2369 3124 2446 ἱλαρὰν,
3181 2370 3552 2445 πεπαύσομαι.
3607 2375 3756 2431 Σκύο

2087 2465 2173 2518 θαι
2207 2452 2376 2508 πάλαι
2407 2456 2538 2510 ποτε
2587 2452 2840 2532 ἀνδράσιν
2901 2455 3168 2528 Ἕλλησιν
3225 2457 3553 2533 ἐπιθέμενοι,
3617 2457 3753 2516 ἐϐά-

2085 2564 2245 2618 ρυναν
2277 2544 2368 2598 τὸν
2399 2545 2482 2599 ἐπ’
2513 2545 2694 2608 αὐτοῖς
2724 2545 2993 2619 πόλεμον,
3015 2546 3107 2602 καὶ
3136 2550 3270 2617 ἦσαν
3306 2548 3367 2604 ού
3401 2549 3527 2626 ῥᾷον
3563 2572 3754 2627 φορη-

2083 2632 2189 2687 τοί.
2252 2633 2460 2691 Οὐκοῦν
2521 2636 2573 2689 οἱ
2636 2634 3009 2710 βλαπτόμενοι
3066 2637 3129 2691 τὸ
3177 2639 3382 2710 μέντοι
3435 2638 3750 2716 ἀνακωχήν

2084 2717 2392 2794 τοῦζδεινοῦ
2436 2723 2973 2798 πραγματευόμενοι,
3020 2725 3083 2780 τὸ
3125 2723 3181 2780 Si
3210 2727 3298 2781 καὶ
3325 2730 3584 2796 ωσκευήν
3618 2728 3751 2785 ἐπι-

2084 2809 2308 2886 κουρίας
2352 2811 2712 2886 τεχνώμενοι,
2765 2810 3078 2868 σπένδονται
3123 2819 3387 2891 καιρικῶς
3446 2815 3532 2871 ἐπὶ
3597 2820 3751 2891 ἠμέ-

2085 2919 2202 2974 ραις
2264 2900 2390 2962 ὅσας
2447 2905 2511 2954 τὸ
2567 2899 2618 2955 έν
2677 2901 2949 2976 ἑκατέροις
3005 2903 3228 2978 ἀρέσκον
3287 2902 3528 2982 ἐκύρωσε
3563 2951 3576 2964 .
3642 2909 3747 2964 Καὶ

2079 2991 2176 3042 τοῦ
2221 2987 2420 3044 λοιποῦ
2467 2987 2728 3060 ἐκάθηντο
2780 2991 2841 3046 τὸ
2888 2989 3213 3063 Ἑλληνικὸν
3271 2993 3619 3070 ἀφρόντιδες,
3650 3018 3747 3053 πι-

2081 3076 2392 3141 στεύσαντες
2421 3077 2641 3141 ἑαυτοὺς
2675 3074 2864 3152 μόνοις
2903 3085 3020 3143 τοῖς
3053 3077 3261 3156 ὅρκοις,
3325 3081 3450 3139 οὕτε
3493 3087 3743 3164 φύλακας

2079 3169 2524 3242 προσιστάμενοι,
2578 3166 2703 3223 ούδὶ
2762 3171 2871 3242 μὴν
2930 3175 3305 3246 στρατηγικῶς
3353 3171 3726 3251 ἐγρηγορότες.

2081 3253 2233 3312 Οίδὲ
2301 3256 2498 3311 Σκύθαι
2556 3289 2626 3300 -——
2683 3256 2808 3313 ἀλλ’
2867 3258 3064 3322 αὐτοὺς
3120 3259 3417 3336 ὑπέρχεται
3480 3261 3720 3334 ἐπιθυμία

2086 3341 2274 3398 δόλου·
2329 3344 2426 3400 Καὶ
2472 3345 2611 3422 ἀωρὶ
2660 3345 2850 3409 νυκτὸς
2880 3345 3096 3426 ανφνης,
3153 3348 3243 3404 καὶ
3304 3347 3435 3406 οὐδὲ
3487 3351 3572 3422 ξὺν
3624 3351 3730 3428 βοῇ

2080 3436 2150 3506 τῇ
2211 3435 2446 3504 συνήθει,
2495 3431 2905 3497 ἐπεισπτσόντες
2936 3479 2949 3505 ,
2992 3433 3109 3491 ἐπεὶ
3181 3436 3491 3513 ἐκοιμῶντο
3538 3439 3735 3497 ἐκεῖνοι

2085 3521 2408 3599 ἀφύλακτοι,
2441 3521 2740 3598 κατέκοψαν
2771 3524 2871 3580 οὐκ
2917 3522 3167 3602 ὀλίγους·
3197 3527 3290 3582 καὶ
3349 3528 3410 3584 ἃν
3444 3529 3742 3586 ἀπώλοντο

2083 3611 2135 3665 οἱ
2167 3610 2319 3685 μόνῳ
2347 3611 2740 3689 τεθαρρηκότες
2768 3617 2849 3686 τῷ
2879 3608 3050 3690 ὅρκῳ,
3085 3614 3129 3670 εἷ
3165 3617 3240 3690 μὴ
3287 3617 3351 3673 τὸ
3407 3617 3742 3688 Ἑλληνικὸν

2082 3697 2334 3775 ἁνδρικὸν
2381 3699 2672 3777 ἀντέπραξε
2716 3707 2797 3775 τῷ
2846 3705 3079 3777 θανάτῳ,
3129 3703 3282 3782 Ταχὺ
3314 3707 3419 3783 γὰρ
3460 3705 3746 3782 έκθορῶν-

2077 3809 2194 3858 τες,
2242 3788 2332 3844 καὶ
2385 3789 2813 3863 στεγανώσαντες
2863 3791 3086 3856 ἑαυτοὺς
3132 3793 3465 3859 πανοπλίαις
3493 3842 3507 3867 ,
3570 3797 3743 3873 μόγις

2083 3879 2178 3952 μὲν
2209 3912 2276 3920 --
2306 3879 2677 3956 περιεγένοντο
2710 3877 2756 3935 δ’
2815 3881 2927 3939 οὗν.
2986 3883 3076 3946 Ὡς
3125 3880 3182 3938 δὶ
3217 3885 3332 3958 μεθ’
3361 3885 3572 3960 ἡμέραν
3605 3886 3745 3956 ἡλί-

2078 3988 2269 4022 σκοντο
2309 3966 2592 4045 ἐπιορκίας
2625 3970 2676 4024 οἱ
2727 3969 2950 4044 Σκύθαι,
2992 3967 3402 4048 προϐάλλονται
3438 3973 3516 4036 εἰς
3569 3997 3743 4048 συνη-

2074 4056 2259 4130 γορίαν
2309 4059 2409 4127 τήν
2456 4059 2766 4132 καταμόνας
2816 4061 3046 4135 ἡμέραν,
3099 4063 3176 4135 μὴ
3223 4061 3353 4139 οὐχὶ
3402 4063 3492 4119 καὶ
3541 4063 3748 4129 νύκτας

2075 4145 2306 4221 φάμενοι
2339 4145 2740 4218 συνθέσθαι,ὅτε
2767 4149 2862 4210 τὰς
2887 4148 3124 4214 σπονδὰς
3151 4149 3410 4206 ἐτίθεντοο
3444 4148 3529 4206 διὸ
3562 4153 3746 4225 μόνας

2072 4237 2284 4310 ἡμέρας
2329 4236 2795 4312 ἐκπεφωνηκότες,
2848 4239 2948 4294 οὐκ
2974 4237 3036 4294 ἂν
3070 4237 3299 4307 δικαίως
3327 4239 3748 4318 παρασπονδεῖν

2072 4324 2344 4400 κρίνοιντο
2374 4327 2567 4389 νυκτὸς
2592 4325 2914 4401 ἐαιθέμενοι.

2144 4433 2234 4490 σε’.
2264 4432 2476 4509 Κάτεχε
2521 4434 2612 4489 καὶ
2667 4435 2761 4490 τὸν
2810 4431 2973 4510 λόγον
3021 4439 3236 4508 τοῦτον,
3289 4435 3334 4492 ὦ
3384 4435 3583 4512 ὖψηλέ·
3635 4439 3742 4494 καὶ

2069 4521 2167 4589 τήν
2222 4519 2457 4597 ἀγριάδα
2487 4521 2726 4596 ἱστορίαν
2787 4524 3022 4598 εὐγενῶς
3076 4522 3440 4601 ἐγκεντρίσας,
3494 4524 3743 4599 κάρπω-

306 4612 476 4676 casti,
537 4627 605 4667 ex
663 4613 765 4669 illa
817 4614 1072 4669 fructum
1129 4614 1382 4685 percipe,
1453 4631 1587 4668 cum
1646 4619 1703 4668 et
1761 4619 1824 4668 tu
1905 4619 1962 4669 et

2082 4629 2156 4663 mu.
2207 4609 2296 4664 καὶ
2354 4607 2423 4664 δι’
2481 4610 2670 4681 αὐτῆς,
2731 4611 2805 4674 ὡς
2854 4612 2998 4668 οὕτω
3045 4612 3136 4668 καὶ
3184 4611 3247 4668 σὺ
3293 4613 3384 4668 καὶ
3433 4615 3467 4683 ἡ
3501 4614 3641 4669 κατὰ
3673 4617 3744 4672 ei

303 4701 663 4772 fraternitas,
698 4720 825 4774 quas
858 4705 1012 4776 apud
1050 4709 1106 4759 te
1136 4709 1244 4772 est,
1278 4703 1513 4759 dolosos
1560 4704 1757 4760 hostes
1816 4721 1958 4774 quo-

303 4790 449 4845 tidie
467 4791 1103 4848 obsidenteshabeatis.
1144 4793 1304 4848 Licet
1335 4810 1434 4848 vos
1481 4793 1542 4847 in
1573 4793 1666 4847 die
1725 4793 1954 4849 sobrios

305 4895 420 4934 non
478 4883 832 4950 percutiant,
895 4881 1119 4938 scilicet
1151 4881 1482 4946 visibiliter,
1539 4881 1709 4953 quasi
1764 4882 1954 4938 foedus

305 4971 679 5042 mentientes,
705 4974 804 5028 sed
841 4973 954 5028 alio
988 4973 1160 5028 modo
1191 4973 1762 5044 invisibiliter,quasi
1787 4977 1955 5027 nocte

302 5057 596 5114 irruentes
627 5059 975 5115 mortalibus
998 5061 1214 5131 jaculis
1240 5061 1525 5133 affligunt.
1557 5062 1640 5115 lta
1673 5066 1734 5116 ut
1788 5061 1952 5116 vobis

304 5165 535 5221 semper
556 5149 633 5204 sit
661 5149 1314 5219 vigilandum,maxime
1333 5149 1792 5204 formidantibus
1822 5149 1950 5204 ani-

247 5268 254 5277 -
301 5255 535 5296 marum
578 5238 886 5305 latronem,
947 5239 1346 5294 nescientibus
1404 5255 1524 5309 qua
1582 5244 1723 5293 hora
1781 5239 1949 5294 dolo-

301 5347 404 5386 sus
426 5337 710 5384 venturus
757 5328 854 5382 sit.
913 5331 1032 5382 Hoc
1093 5331 1290 5381 autem
1340 5327 1585 5392 facietis,
1638 5328 1792 5398 apud
1850 5343 1951 5382 vos

300 5417 546 5491 alligati,
574 5417 694 5472 imo
721 5420 778 5470 et
809 5416 1058 5488 religati,
1085 5417 1286 5486 sicque
1318 5433 1424 5470 nec
1458 5415 1797 5486 religionem
1846 5431 1950 5470 nec

299 5507 704 5575 religiosorum
738 5521 948 5559 nomen
1010 5504 1382 5560 mentientes.
1443 5509 1726 5559 Caeterum
1782 5506 1950 5560 vobis

304 5595 647 5668 praeparatis
673 5600 738 5650 ut
769 5595 1078 5667 prmparati
1111 5594 1278 5662 estis,
1324 5594 1631 5665 vigilantia
1685 5611 1800 5649 non
1860 5601 1952 5650 est

305 5683 650 5738 revocanda.
680 5683 838 5738 Unde
869 5683 1137 5753 quamvis
1169 5699 1272 5753 per
1297 5680 1452 5735 diem
1476 5686 1534 5736 et
1564 5685 1792 5736 noctem
1815 5683 1946 5738 dor-

303 5770 553 5828 mientes
583 5785 685 5825 vos
732 5770 1063 5841 percutiant
1112 5769 1406 5825 terribiles
1455 5769 1769 5842 sagittarii,
1831 5787 1948 5829 non

1991 4659 2038 4723 D

2073 4695 2380 4776 ἀδελφότης
2430 4696 2657 4762 δολίους
2687 4699 2994 4774 πολεμίους
3029 4699 3222 4775 κύκλῳ
3251 4702 3745 4778 περικαθημένους

2066 4785 2240 4862 ἔχετε·
2273 4785 2327 4841 o'i
2356 4785 2452 4842 κᾶν
2483 4787 2534 4843 έν
2566 4790 2748 4865 ἡμέρᾳ
2777 4791 3051 4868 νήφοντας
3101 4789 3242 4864 ὑμᾶς
3294 4790 3356 4847 οὖ
3413 4789 3736 4868 βάλλωσιν,

2066 4876 2118 4948 ἐξ
2149 4875 2416 4955 ἐμφανοῦς
2464 4874 2702 4950 δηλαδὴ,
2766 4878 2840 4940 ὡς
2897 4880 2990 4934 οἶα
3041 4879 3388 4958 σοφιζόμενοι
3419 4880 3522 4950 τήν
3556 4901 3735 4939 σπον-

2066 4964 2187 5038 δὴν,
2221 4964 2366 5022 ἀλλὰ
2423 4967 2627 5042 τρόπον
2669 4963 2839 5023 ἄλλον
2875 4967 3118 5046 ἀφανῶς,
3171 4968 3264 5024 καὶ
3323 4967 3398 5032 ὡς
3457 4968 3511 5024 ἐν
3571 4973 3736 5028 νυκτῖ

2064 5054 2420 5127 ἐπιθέμενοι,
2479 5055 2716 5131 καιρίαις
2772 5055 3063 5134 ἀλγυνοῦσι
3127 5055 3320 5132 βολαῖς
3351 5098 3362 5112 .
3423 5059 3586 5113 Ὥστε
3645 5060 3732 5115 ἀεὶ

2062 5143 2415 5219 ἐγρηγορέναι
2470 5146 2608 5218 ὑμᾶς
2660 5146 2796 5222 χρὴ,
2867 5145 2950 5200 δτι
2987 5144 3225 5219 μάλιστα
3276 5141 3730 5220 εὐλαϐουμένους

2059 5233 2150 5287 τὸν
2185 5232 2578 5308 ψυχοκλέπτην
2633 5233 2994 5310 ἀγνοούμενον
3035 5232 3167 5306 ποίᾳ
3196 5230 3312 5311 ὥρᾳ
3343 5231 3531 5298 δόλιος
3595 5235 3719 5292 ἐπο-

2062 5318 2330 5379 λεύσεται.
2401 5324 2664 5392 Ποιήσατε
2711 5319 2770 5378 δὲ
2817 5321 2968 5397 αὐτὸ,
3029 5323 3166 5398 πρὸς
3212 5317 3338 5397 ὑμῖν
3391 5324 3582 5387 αὐτοῖς
3630 5327 3729 5400 μέ-

2058 5431 2261 5479 νοντες,
2298 5410 2373 5466 ἔτι
2433 5409 2491 5467 δὲ
2536 5412 2626 5466 καὶ
2681 5411 3067 5486 ὑπομένοντές,
3116 5410 3206 5468 καὶ
3236 5411 3386 5467 οὕτω
3423 5413 3562 5486 μήτε
3619 5415 3726 5486 τήν

2065 5503 2259 5575 μονὴν,
2297 5505 2437 5576 μήτε
2468 5502 2530 5557 τὸ
2567 5505 2867 5578 μοναχικὸν
2901 5498 3076 5575 ὄνομα
3107 5498 3453 5577 ψευδόμενοι.
3487 5502 3725 5568 Ἄλλως

2061 5589 2117 5645 δέ
2145 5611 2206 5666 γε
2236 5587 2622 5664 διακειμένοις,
2683 5592 2756 5655 ὡς
2787 5596 2878 5647 νῦν
2907 5588 3196 5665 διάκεισθε,
3229 5590 3329 5647 ούκ
3384 5588 3530 5648 ἐστιν
3585 5591 3728 5667 ὑμῖν

2060 5677 2248 5734 ἐνιδεῖν
2277 5677 2624 5757 ἐγρήγορσιν.
2676 5681 2837 5745 ’Όθεν
2880 5680 2955 5743 ὡς
2993 5680 3112 5754 μεθ’
3140 5679 3350 5756 ἡμέραν
3403 5680 3494 5736 καὶ
3547 5680 3724 5738 νύκτα

2057 5773 2228 5826 πᾶσαν
2274 5771 2648 5850 ἀφυπνοῦντας
2675 5770 2816 5846 ὑμᾶς
2865 5765 3165 5848 βάΛλοντες
3224 5769 3276 5827 οἱ
3335 5767 3503 5827 δεινοὶ
3553 5768 3720 5846 τοξό-
