4060 6384
322 414 434 473 911

312 634 607 703 Purpureo
639 631 836 682 autem
888 622 1081 678 colore
1141 619 1231 674 hic
1281 617 1654 690 perfunditur
1711 620 1767 669 et
1801 611 1962 668 exhi-

311 721 536 777 laretur
565 715 761 774 vultus
785 717 956 786 juxta
1001 708 1349 765 benevolum
1406 706 1618 761 mentis
1668 705 1963 760 affectum.

313 810 419 865 Sed
491 809 644 863 bono
712 804 907 860 animo
973 800 1074 868 sis,
1144 797 1435 869 siquidem
1505 812 1661 850 nunc
1719 793 1963 848 interro-

316 897 472 972 gasti
498 893 844 967 simpliciter
872 895 928 947 et
954 888 1360 944 determinate.

388 1015 443 1068 3.
483 1010 842 1079 Theophilus.
904 1005 1050 1072 Quid
1094 1003 1275 1074 igitur
1329 1001 1475 1057 dicis
1505 1001 1576 1056 ad
1628 1001 1777 1055 hanc
1824 999 1966 1054 sim-

318 1103 530 1176 plicem
560 1098 939 1170 quaestionem
961 1095 988 1149 ‘2

390 1243 679 1300 Hierocles.
713 1239 858 1307 Quid
893 1237 1051 1294 aliud
1085 1235 1197 1291 nisi
1230 1251 1322 1290 me
1353 1249 1564 1306 negare
1584 1232 1612 1287 ?
1641 1232 1779 1287 Dico
1811 1231 1966 1287 enim

320 1334 467 1390 nihil
499 1335 600 1388 aut
657 1343 1002 1403 prosperum
1053 1331 1156 1382 aut
1213 1324 1534 1379 infaustum
1592 1322 1786 1377 inesse
1815 1321 1966 1376 voci-

319 1425 450 1479 bus.
509 1420 683 1476 Nulla
757 1419 914 1472 enim
992 1433 1096 1470 vox
1154 1412 1624 1468 substantialiter
1695 1409 1968 1478 exsistit;

315 1512 562 1568 felicitas
595 1513 791 1566 autem
826 1511 928 1562 aut
957 1504 1271 1560 infelicitas
1324 1501 1675 1556 substantiis
1721 1501 1966 1570 quibus-

313 1602 450 1657 dam
481 1598 846 1656 attribuitur.

383 1715 723 1787 TheOphilus.
757 1714 943 1776 Quam
969 1714 1124 1764 recte
1154 1707 1378 1770 dixisti,
1415 1723 1446 1761 ο
1479 1707 1774 1761 Hierocles
1801 1706 1813 1760 ι

381 1831 667 1887 Hierocles.
702 1828 843 1892 Quis
896 1841 1088 1898 porro,
1135 1841 1167 1878 ο
1218 1823 1556 1894 'l‘heophile,
1620 1823 1721 1876 tibi
1755 1839 1968 1893 scopus

1093 391 1517 461 EUSTATHII
1561 391 2325 454 THESSALONICENSIS
2368 393 2950 460 METROPOLITE

382 541 675 600 Hierocles.
729 539 854 594 Non
914 534 1132 598 irrisio,
1182 549 1212 586 ο
1267 525 1585 594 Philothee,
1647 525 1801 579 risus
1832 525 1959 580 iste.
1997 539 2049 604 Α

3612 405 3753 465 912

2167 522 2451 598 Ιεροκλῆς.
2498 525 2571 581 Οὐ
2617 527 2957 605 κατάγελως,
3008 531 3053 586 ὥ
3108 530 3350 608 φιλόθεε,
3393 537 3561 589 τοῦτο
3613 553 3750 606 μει-

2076 610 2286 687 δίαμα·
2349 615 2614 692 πορφύρει
2671 616 2728 673 δὲ
2785 618 2973 695 ἱλαρὸν
3033 623 3068 691 ἡ
3131 617 3254 695 ὄψις
3313 621 3542 678 ἐνταῦθα
3599 622 3757 678 κατὰ

2075 705 2259 779 ψυχῆς
2293 702 2474 781 φίλιον
2526 709 2867 782 κατάστημα.
2902 709 3097 786 Θάρῥει
3131 707 3208 780 δέ,
3244 711 3319 774 ὡς
3349 711 3651 786 ἠρώτησας
3679 712 3754 766 τὸ

2077 790 2324 868 δεύτερον
2361 801 2621 871 μοναχῶς
2651 819 2710 852 τε
2741 798 2830 853 καὶ
2863 798 3143 874 ἀσφαλῶς.

2145 999 2212 1071 γ’.
2265 998 2553 1076 Θεόφιλος.
2610 1001 2707 1056 Καὶ
2758 1001 2812 1057 τί
2866 999 2933 1072 δὴ
2995 1003 3171 1080 λέγεις
3218 1005 3356 1079 πρὸς
3403 1003 3466 1058 τὸ
3512 1003 3756 1081 ἀσχιδὶς

2075 1089 2236 1140 τοῦτο
2266 1087 2454 1160 πύσμα
2487 1108 2500 1158 ;

2149 1228 2458 1302 Ἱεροκλῆς.
2517 1231 2576 1284 Τί
2632 1252 2765 1287 ποτε
2821 1230 2984 1302 ἄλλο,
3043 1233 3079 1303 ἢ
3139 1233 3439 1310 ἀποφάσκω
3498 1254 3514 1306 ;
3578 1236 3746 1309 Φημῖ

2078 1317 2226 1392 γὰρ,
2306 1321 2444 1390 μήτε
2502 1319 2800 1397 εὐτυχίαν,
2862 1325 3002 1394 μήτε
3058 1320 3351 1399 δυστυχίαν
3387 1367 3402 1392 ,
3463 1323 3734 1396 ἐπαληθί-

2081 1409 2256 1475 ζεσΟαι
2312 1415 2426 1469 ταῖς
2501 1417 2725 1484 φωναῖς.
2807 1415 2971 1482 Φωνή
3037 1414 3135 1485 μὲν
3193 1414 3293 1489 γὰρ
3356 1411 3590 1487 οὐδεμία
3658 1415 3745 1469 οὗ·

2380 1498 2622 1575 εὐτυχεῖν
2687 1499 2744 1556 δὲ
2807 1503 2898 1556 καὶ
2971 1501 3257 1580 δυστυχεῖν
3330 1504 3543 1567 οὐσίαις
3596 1506 3747 1560 τισὶν

2077 1583 2404 1662 ἐπιλέγεται.

2079 1496 2270 1551 σίωται
2305 1541 2320 1566 ,

2150 1702 2436 1778 Θεόφιλος.
2469 1706 2558 1769 Ὡς
2587 1704 2642 1760 εὖ
2671 1727 2734 1780 γε
2759 1707 2932 1775 εἴπας,
2964 1706 3008 1762 ὦ
3036 1707 3348 1786 Ἱερόκλεις.

2148 1817 2446 1892 Ἱεροκλῆς.
2470 1820 2558 1882 Τίς
2588 1819 2675 1890 δὴ.
2703 1823 2746 1875 ὦ
2774 1821 3024 1900 Θεόφιλε,
3051 1826 3079 1878 ὁ
3112 1825 3313 1887 σκοπός
3338 1846 3425 1881 σοι
3454 1830 3554 1881 τοῦ
3585 1824 3753 1883 οὕτω

314 1925 406 1976 est
435 1920 575 1974 talia
606 1917 970 1990 problemata
1019 1913 1362 1985 proponenti
1397 1915 1420 1967 Ρ
1467 1911 1590 1966 Non
1639 1912 1793 1965 enim
1827 1927 1968 1966 sane

2094 1903 2630 1982 τροϐληματίσασθαι
2663 1928 2675 1968 :
2710 1910 2788 1967 Οὐ
2838 1913 2940 1988 γὰρ
3000 1911 3178 1984 δήπου
3235 1913 3533 1985 τηνάλλως
3591 1917 3754 1973 οὕτω

310 2008 532 2063 frustra
562 2007 670 2062 hoc
702 2003 1082 2077 proposuisti.

389 2131 729 2203 Theophilus.
781 2129 1062 2200 Detcgam
1122 2126 1220 2181 libi
1286 2124 1794 2197 reprehensionem
1854 2140 1971 2195 qua

321 2222 610 2296 quosdam
665 2220 867 2274 incuso
926 2218 995 2273 de
1055 2215 1437 2272 admittendis
1497 2214 1584 2268 vel
1642 2214 1972 2284 rejiciendis

325 2310 686 2368 nominibus.

395 2425 694 2482 Hierocles.
727 2425 808 2480 De
838 2423 1193 2494 quibusnam
1213 2419 1242 2474 ?

395 2545 447 2598 4.
512 2541 854 2613 Theophilus.
914 2539 1082 2594 Circa
1151 2537 1322 2609 plura
1380 2535 1494 2591 alia
1553 2535 1809 2599 nomina,
1872 2536 1973 2591 sed

323 2630 647 2703 praesertim
717 2630 871 2685 circa
930 2643 1156 2684 voces:
1226 2641 1377 2680 sacer
1442 2631 1497 2680 et
1576 2625 1682 2680 Deo
1747 2624 1976 2678 dilectus

320 2721 512 2794 (ἱεροῦ,
557 2714 902 2794 Θεοφιλοῦς).
958 2715 1140 2769 Valde
1189 2715 1340 2769 enim
1395 2713 1616 2784 placuit
1675 2713 1973 2767 nonnullis

317 2809 612 2880 episcopis
667 2813 725 2862 et
755 2806 888 2860 aliis
943 2821 1142 2859 vocem
1204 2801 1344 2876 ἱερόν
1404 2809 1461 2856 et
1509 2804 1638 2871 ejus
1688 2801 1971 2856 excellen-

315 2898 460 2952 tiam
496 2897 708 2951 mirum
769 2896 828 2948 in
877 2895 1118 2948 modum
1169 2892 1466 2959 extollere,
1525 2907 1723 2946 vocem
1774 2897 1970 2945 autem

317 2983 576 3060 Θεοφιλὶς
609 2991 667 3039 et
695 2985 824 3054 ejus
873 2983 1274 3037 extensioncm
1327 2980 1566 3033 omnino
1622 2979 1969 3051 deprimere.

318 3075 624 3128 Enimvero
657 3075 704 3128 si
756 3073 888 3143 quis
919 3088 980 3126 se
1037 3072 1420 3125 sacerrimum
1472 3069 1583 3123 dici
1646 3069 1862 3132 audiat,
1911 3069 1969 3122 in

319 3163 528 3217 coelum
563 3163 695 3217 ferri
755 3163 865 3216 sibi
927 3162 1178 3223 videtur,
1233 3159 1278 3212 si
1338 3175 1470 3211 vero
1525 3157 1740 3211 dicitur
1778 3163 1968 3232 Θεοφι-

320 3249 433 3312 λὲς.
472 3253 581 3306 Deo
622 3249 891 3318 dilectus,
947 3249 1069 3303 sive
1125 3243 1574 3320 Θεοφιλέστατος,
1634 3251 1747 3299 Deo
1787 3247 1966 3300 dilec-

315 3341 607 3405 tissimus,
654 3356 769 3394 non
822 3339 1026 3392 dubito
1087 3338 1227 3408 quin
1293 3337 1512 3405 pudore
1570 3334 1965 3400 suffundatur,

313 3429 484 3501 quasi
532 3429 746 3498 insigni
805 3433 1044 3497 accepta
1103 3423 1481 3479 contumelia.
1548 3425 1796 3494 Ideoque
1843 3424 1968 3496 ipse

307 3533 507 3573 vocem
541 3513 805 3591 Θεοφιλός
844 3514 1131 3585 expellere
1185 3513 1406 3576 volens,
1457 3511 1587 3580 ejus
1615 3511 1740 3566 loco
1772 3529 1967 3567 vocem

307 3605 452 3679 ἱερὸν
485 3606 716 3660 civitate
776 3605 929 3659 dono
987 3608 1044 3657 et
1102 3603 1250 3656 bene
1299 3616 1469 3671 agere
1527 3607 1708 3671 puto;
1760 3599 1969 3671 etipse

310 3694 547 3765 quidem
574 3694 880 3756 erubesco,
915 3695 960 3748 si
995 3690 1324 3762 The0phili,
1368 3706 1480 3743 non
1540 3694 1732 3743 autem
1770 3692 1969 3744 Hiero-

307 3783 452 3852 thei,
485 3781 606 3837 sive
654 3781 756 3836 tali
818 3781 930 3834 alio
983 3779 1217 3834 nomine
1270 3777 1532 3849 appeller
1580 3779 1733 3849 quod
1776 3795 1808 3833 a
1839 3777 1966 3848 plu-

312 3872 476 3926 ribus
507 3869 862 3936 admittitur,
909 3868 1132 3939 tibique
1181 3867 1410 3922 invideo
1459 3872 1691 3937 propter
1721 3865 1965 3937 gloriam

314 3960 571 4016 nominis
629 3958 779 4030 ἱεροῦ
837 3958 991 4027 quod
1053 3957 1229 4027 geris,
1290 3961 1348 4010 et
1389 3955 1522 4010 illos
1577 3955 1778 4009 beatos
1825 3973 1969 4026 prae-

314 4049 444 4103 dico
468 4047 566 4119 qui
591 4053 644 4102 te
665 4046 1309 4119 genuerunt,quoniam
1335 4044 1436 4099 tali
1460 4051 1514 4098 te
1535 4043 1972 4099 celebraverunt

315 4136 726 4210 appellatione.
761 4141 939 4190 Porro
991 4151 1188 4205 quaero
1238 4140 1378 4199 ate,
1428 4136 1528 4204 qui
1579 4139 1806 4188 tantum
1840 4150 1970 4188 sor-

315 4228 461 4282 titus
491 4241 553 4281 es
583 4241 820 4293 nomen,
872 4224 1015 4295 quid
1047 4224 1284 4278 tandem
1316 4239 1422 4294 ego
1480 4223 1696 4277 sentire
1725 4223 1968 4278 debeam

315 4317 386 4371 de
417 4314 756 4370 nominibus
817 4313 956 4368 illis.
992 4317 1156 4368 Forte
1213 4312 1369 4366 enim
1423 4328 1540 4366 una
1585 4327 1653 4366 ex
1713 4311 1967 4382 appella-

313 4404 596 4472 tionibus,
628 4402 850 4458 scilicet
899 4418 966 4457 ea
1014 4418 1142 4473 qua:
1186 4417 1413 4456 sacrum
1462 4405 1652 4469 sonat,
1714 4401 1849 4454 felix
1878 4404 1969 4455 est

312 4495 739 4564 proptereaque
797 4494 1052 4560 amatur,
1101 4496 1156 4544 et
1213 4489 1752 4561 concupiscentiam
1787 4491 1968 4560 majo-

311 4597 435 4637 rem
467 4578 693 4647 allicit;
745 4578 929 4634 altera
987 4582 1205 4644 autem,
1266 4578 1400 4634 licet
1454 4577 1760 4648 splendide
1808 4593 1966 4632 com-

2077 1993 2419 2072 προῦτεινας.

2151 2121 2464 2196 Θεόφιλος.
2527 2121 2888 2199 Ἀνακαλύψω
2967 2147 3052 2181 σοι
3126 2128 3334 2202 μέμψιν
3411 2129 3550 2203 ἐμήν
3597 2176 3610 2202 ,
3681 2133 3751 2200 ἣν

2084 2209 2374 2286 μέμφομαί
2447 2232 2595 2273 τινας
2664 2211 2752 2267 ἒπί
2829 2214 3112 2289 ὀνομάτων
3191 2213 3394 2294 ἐκλογῇ
3461 2219 3553 2273 καὶ
3636 2221 3750 2275 ἀπ-

2083 2297 2308 2373 εκλογῇ.

2153 2413 2456 2490 Ἱεροκλῆς.
2490 2417 2631 2490 Ποίᾳ
2661 2416 2837 2494 ἐκείνῃ
2869 2439 2884 2489 ;

2154 2529 2215 2587 δ’.
2250 2531 2535 2610 Θεόφιλος.
2586 2532 2830 2590 Πολλαῖς
2885 2537 2980 2608 μὶν
3031 2537 3122 2592 καὶ
3165 2536 3386 2612 ἄλλαις,
3419 2537 3474 2595 ἐν
3527 2537 3588 2596 δὲ
3615 2549 3748 2607 ταῖς

2082 2621 2168 2675 καὶ
2214 2624 2280 2694 τῇ
2333 2626 2429 2676 τοῦ
2490 2623 2637 2695 ἱεροῦ
2687 2624 2775 2678 καὶ
2833 2629 2931 2679 τοῦ
2990 2626 3299 2704 θεοφιλοῦς.
3358 2628 3754 2706 Εῦηρέστηται

2081 2710 2183 2783 γὰρ
2243 2707 2524 2786 διαφόροις
2600 2711 2920 2778 ἐπισκόποις
2970 2735 3028 2769 τε
3085 2715 3174 2770 καὶ
3243 2715 3466 2780 λοιποῖς
3522 2721 3588 2775 τό
3644 2723 3750 2794 μὶν

2081 2799 2225 2870 ἱερὸν
2286 2795 2459 2872 ὄνομα
2505 2801 2595 2854 καὶ
2640 2803 2737 2869 τὴν
2799 2802 2963 2858 αὐτοῦ
3042 2805 3321 2878 ὑπέρθεσιν
3385 2807 3523 2881 ὑψοῦ
3583 2811 3749 2865 καθί-

2083 2893 2210 2957 ζειν,
2269 2889 2331 2943 τὸ
2392 2887 2447 2943 δὲ
2500 2889 2751 2960 Θεοφιλὶς
2809 2891 2898 2946 καὶ
2955 2893 3055 2962 τήν
3106 2893 3269 2949 αὐτοῦ
3319 2893 3562 2951 ἒπίτασιν
3603 2899 3748 2954 ὑπο-

2081 2972 2312 3050 ϐάθμιον
2358 2979 2498 3032 πάνυ
2536 2999 2589 3032 τι
2636 2982 2913 3052 καθιστᾷν,
2969 2982 3189 3054 ’Δμέλει
3235 3005 3325 3038 τοι
3375 2986 3464 3040 καὶ
3512 2987 3750 3063 ἱερώτα-

2077 3085 2170 3126 τος
2235 3066 2329 3136 μέν
2387 3087 2471 3128 τις
2545 3067 2796 3136 ἀκούσας,
2858 3069 3106 3143 οὐράνιος
3165 3072 3298 3127 εἶναι
3363 3074 3738 3151 φαντάζεται·

2081 3153 2340 3230 θεοφιλὴς
2402 3152 2480 3226 δὲ,
2541 3154 2647 3210 εἴτε
2707 3157 3162 3234 θεοφιλέστατος,
3225 3159 3354 3217 ἀλλ’
3415 3163 3576 3226 αὐτὸς
3631 3165 3724 3218 οὔκ

2081 3242 2231 3313 οἶμαι
2293 3243 2365 3304 ὡς
2416 3243 2545 3319 οὐχὶ
2575 3247 2664 3299 καὶ
2717 3245 3131 3322 ἐγκαλύπτεται,
3183 3253 3275 3304 οἷα
3305 3249 3721 3327 περιυϐριζόμε-

2080 3353 2203 3392 νος.
2266 3334 2359 3385 Διὸ
2417 3335 2502 3387 καὶ
2565 3334 2726 3396 αὐτὸς
2789 3335 2900 3410 ἐγὼ
2959 3335 3355 3412 ἐξοστρακίυειν
3415 3341 3616 3405 ἐθέλων
3669 3343 3733 3397 τὸ

2081 3417 2352 3497 θεοφιλὲς,
2393 3428 2779 3496 ποΛιτογρασῶ
2827 3425 2939 3480 ἀντ’
2988 3425 3151 3482 αὐτοῦ
3201 3428 3266 3482 τὸ
3315 3430 3482 3505 ἱερὸν,
3514 3433 3604 3486 καὶ
3641 3430 3738 3487 λο-

2077 3509 2298 3584 γίζομαι
2361 3510 2554 3586 ἀγαθόν
2629 3533 2682 3565 τι
2738 3519 2912 3567 ποιεῖν
2948 3533 2960 3546 ’
3014 3515 3104 3569 καί
3179 3538 3285 3572 που
3355 3519 3446 3573 καὶ
3501 3519 3742 3592 ἐμαυτὸν

2079 3596 2435 3672 αῗσχύνομαι,
2471 3598 2520 3653 εἷ’
2547 3601 2828 3674 καλοίμην
2879 3603 3157 3680 θεόφιλος,
3200 3605 3263 3660 οὗ
3317 3609 3426 3680 μὴν
3474 3610 3745 3684 ἱερόθεος,

2079 3685 2198 3754 ἤτι
2246 3691 2492 3742 τοιοῦτον
2554 3686 2692 3744 ἄλλο
2751 3690 3120 3768 ἐξειλεγμένον
3177 3701 3295 3758 τοῖς
3346 3695 3592 3752 πλείοσιο
3646 3701 3746 3756 καὶ

2082 3777 2139 3829 σε
2179 3773 2236 3829 δὲ
2270 3775 2423 3845 ζηλῶ
2452 3782 2548 3831 τοῦ
2591 3779 2740 3852 ἱεροῦ
2783 3777 3002 3851 κλέους,
3045 3783 3073 3836 ὃ
3103 3784 3471 3864 προγράφεταί
3503 3807 3616 3855 σοι,
3646 3789 3748 3844 καί

2084 3864 2368 3954 μακαρίζω
2421 3865 2548 3928 τοὺς
2597 3867 2970 3942 γειναμένους,
3030 3871 3113 3926 ὅτι
3167 3893 3225 3928 σε
3260 3875 3484 3950 τοιαύτῃ
3541 3897 3746 3954 παρω-

2079 3954 2249 4025 νυμίᾳ
2294 3951 2562 4010 ἐκλέϊσαν.
2617 3956 2960 4031 Πυνθάνομαι
3012 3957 3078 4031 δή
3114 3982 3231 4035 σου,
3273 3963 3319 4016 ὧ
3369 3951 3746 4040 κληρονομή-

2079 4062 2171 4103 σας
2227 4041 2496 4114 ὀνόματος
2537 4041 2854 4118 τηλικοῦδε,
2911 4047 2964 4100 τί
3009 4069 3142 4104 ποτε
3192 4051 3531 4126 καταρτίσεις
3596 4076 3744 4132 φρο-

2078 4135 2187 4222 νεῖν
2242 4152 2308 4203 με
2365 4132 2489 4222 περὶ
2545 4133 2753 4222 τούτων
2805 4139 2914 4190 τῶν
2975 4137 3261 4210 ὀνομάτων
3298 4143 3576 4212 ;Μήποτε
3630 4147 3746 4222 γὰρ

2079 4218 2297 4294 εὐτυχεῖ
2331 4221 2424 4292 μὲν
2480 4219 2674 4294 θατέρα
2724 4221 2867 4294 λέξις
2915 4227 2950 4294 ἡ
2996 4227 3134 4281 κατὰ
3178 4230 3274 4284 τὸν
3322 4230 3489 4306 ἱερὸν,
3522 4218 3753 4290 καὶ

2076 4313 2238 4362 τοῦτο
2295 4307 2477 4384 ἐρᾶται
2535 4311 2622 4365 καὶ
2675 4310 2964 4386 ἐπιθυμίαν
3017 4315 3301 4393 ἐφέλκεται
3357 4317 3592 4376 πλείονα
3623 4340 3638 4355 ·
3705 4326 3744 4394 ἠ

2080 4394 2137 4451 δὲ
2169 4396 2362 4466 λοιπή,
2421 4399 2508 4452 καὶ
2565 4404 2737 4454 ταῦτα
2786 4400 3058 4478 λαμπρῶς
3093 4404 3424 4481 ἐσταλμένη,
3456 4409 3549 4464 καὶ
3602 4417 3752 4468 Θεοῦ

2079 4486 2261 4573 φιλίαν
2290 4486 2650 4562 ἀγγέλλουσα,
2684 4491 2787 4545 οὐκ
2817 4489 3123 4568 ἐπισύρεται
3157 4494 3375 4573 φίλους,
3427 4496 3577 4554 ἀλλᾶ
3628 4521 3754 4557 πα-

2082 4570 2405 4647 ραϐλέπεται
2439 4577 2514 4640 ὡς
2570 4580 2661 4632 οἷα
2716 4580 2805 4634 καί
2851 4601 2936 4644 τις
2983 4570 3415 4659 δυσπρόσοπτος.
3449 4588 3591 4664 Ἐγὼ
3639 4591 3750 4663 μὲν

311 4674 524 4742 posita,
558 4673 612 4722 et
643 4667 742 4724 Dei
776 4667 1099 4723 amicitiam
1157 4667 1540 4736 annuntians,
1575 4683 1688 4721 non
1740 4671 1871 4736 post
1904 4682 1965 4721 se

2094 4665 2238 4736 οἶμαι
2283 4665 2417 4719 πάνυ
2466 4666 2612 4722 πολὺ
2663 4669 2987 4744 σεμνότερον
3044 4675 3179 4728 εἶναι
3238 4675 3330 4729 καὶ
3382 4675 3616 4748 κόσμιον
3677 4684 3752 4736 τὸ

308 4759 492 4814 trahit
521 4757 763 4823 amicos,
797 4757 898 4813 sed
931 4756 1349 4824 contemnitur,
1374 4759 1656 4825 tanquam
1691 4754 1970 4811 deformis

311 4849 547 4921 aliquis.
583 4849 700 4920 Ego
759 4865 890 4903 vero
923 4863 1129 4903 censeo
1191 4847 1374 4901 multo
1433 4847 1624 4916 magis
1682 4863 1969 4902 veneran-

310 4941 451 4994 dum
473 4943 531 4994 et
552 4938 830 4993 decorum
856 4953 986 4992 esse
1015 4937 1114 4991 Dei
1150 4937 1319 4990 amici
1351 4953 1563 4992 nomen
1595 4952 1770 5006 quam
1796 4937 1968 5003 sacri,

2080 4751 2330 4844 Qsotptlec
2358 4754 2424 4808 τά
2479 4776 2539 4831 γε
2595 4757 2672 4819 εἰς
2729 4763 2984 4834 προφανῆ
3031 4762 3225 4837 φράσιν
3279 4763 3420 4838 ¹ἥπερ
3451 4767 3516 4821 τὸ
3563 4768 3748 4844 ἱερὸν·

2081 4841 2251 4897 ἐθέλω
2281 4840 2338 4898 δὲ
2366 4844 2454 4897 καὶ
2503 4845 2604 4914 τήν
2638 4849 2737 4914 σὴν
2783 4851 2964 4928 ψῆφον
3015 4861 3492 4925 προσεπιτεθῆναι,
3536 4855 3594 4910 εἶ’
3618 4840 3749 4921 πως

2083 4932 2223 4986 οὕτω
2250 4933 2499 5008 κωρώσω
2521 4934 2717 5007 κράτος
2747 4939 2829 4998 οἷς
2861 4936 3180 5013 λογίζομαι.

312 5027 522 5084 saltem
583 5026 775 5097 quoad
836 5030 1099 5096 apertam
1148 5025 1520 5080 locutionem.
1573 5025 1716 5080 Volo
1766 5029 1961 5080 autem
2019 5028 2076 5078 et
2129 5030 2297 5079 tuum
2358 5026 2677 5096 superaddi
2736 5027 3106 5100 suffragium,
3149 5036 3215 5086 ut
3267 5031 3351 5088 ita
3407 5049 3754 5108 consequar

310 5117 491 5172 robur
522 5131 662 5170 meae
695 5114 1020 5169 sententias.

379 5233 434 5287 5.
527 5230 825 5288 Hierocles.
913 5229 1156 5285 Penetro
1240 5229 1297 5283 in
1386 5229 1740 5299 profundum
1809 5228 1960 5284 sacri

305 5320 523 5394 (ἱεροῦ),
556 5323 614 5375 et
642 5318 931 5392 perspicio
979 5318 1263 5389 quiddam
1296 5318 1450 5388 quod
1503 5334 1618 5372 non
1666 5318 1724 5371 in
1758 5333 1962 5388 super-

303 5409 431 5464 ﬁcie
460 5407 733 5480 volvitur,
796 5408 896 5464 sed
953 5407 1107 5478 quod
1170 5422 1417 5462 acumen
1479 5411 1749 5478 aspectus
1785 5422 1962 5478 expo-

302 5497 508 5553 stulat.

377 5601 735 5674 Theophilus,
762 5602 1053 5667 Quidnam
1088 5601 1244 5656 istud
1268 5600 1297 5656 ‘I

377 5717 679 5773 Hierocles.
714 5718 849 5790 Hoc,
875 5733 907 5771 ο
938 5716 1280 5789 Theophila.
1321 5715 1591 5790 Nomina,
1625 5735 1726 5775 seu
1755 5719 1963 5776 dictio-

2145 5228 2200 5284 ε’.
2236 5227 2540 5302 Ἱεροκλῆς.
2573 5231 2695 5286 ’Ότι
2743 5232 3071 5288 κατακύπτω
3117 5233 3194 5296 είς
3223 5235 3286 5289 τὸ
3323 5236 3492 5310 βάθος
3529 5243 3636 5295 τοῦ
3669 5242 3746 5296 ιε-

2075 5319 2191 5390 ροῦ,
2223 5317 2313 5370 καὶ
2363 5314 2638 5393 διορῶμαί
2667 5340 2718 5374 τι
2751 5319 2850 5375 οὐκ
2895 5319 3170 5394 ἐπιπολῆς
3223 5324 3544 5403 φερόμενον,
3607 5327 3749 5385 ἀλλ’

2073 5407 2186 5460 οἷον
2223 5403 2422 5460 ἐθέλειν
2457 5406 2690 5478 ὀξύτητα
2716 5407 3059 5484 βλέμματος.

2143 5598 2430 5676 Θεόφιλος.
2466 5600 2630 5657 Ποίαν
2661 5599 2728 5674 δή
2758 5623 2879 5660 τινα
2913 5625 2926 5676 ;

2146 5720 2248 5794 Ἱερ
2286 5718 2444 5790 κλῆς.
2503 5720 2798 5793 Τοιαύτην,
2858 5722 2903 5778 ὧ
2964 5723 3216 5807 Θεόφιλε.
3278 5725 3579 5805 Ὀνόματα,
3639 5725 3796 5790 εὖθ’
