  <div class='ocr_page' id='page_1' title='image "/cluster/home/n/w/nwhite01/storage/ocr_20150623/135:no.2/coo.31924054870401/462.png"; bbox 0 0 4060 6356; ppageno 0'>
   <div class='ocr_carea' id='block_1_1' title="bbox 345 466 463 528">
    <p class='ocr_par' dir='ltr' id='par_1_1' title="bbox 345 466 463 528">
     <span class='ocr_line' id='line_1_1' title="bbox 345 466 463 528; baseline 0.008 -2"><span class='ocrx_word' id='word_1_1' title='bbox 345 466 463 528; x_wconf 80' lang='grc'>913</span> 
     </span>
    </p>
   </div>
   <div class='ocr_carea' id='block_1_2' title="bbox 1277 465 2860 531">
    <p class='ocr_par' dir='ltr' id='par_1_2' title="bbox 1277 465 2860 531">
     <span class='ocr_line' id='line_1_2' title="bbox 1277 465 2860 531; baseline -0.002 -3"><span class='ocrx_word' id='word_1_2' title='bbox 1277 465 1666 528; x_wconf 82' lang='lat' dir='ltr'>DIALOGUS</span> <span class='ocrx_word' id='word_1_3' title='bbox 1711 465 2211 530; x_wconf 81' lang='lat' dir='ltr'>THEOPHILUS</span> <span class='ocrx_word' id='word_1_4' title='bbox 2257 469 2356 529; x_wconf 89' lang='lat' dir='ltr'><strong>ET</strong></span> <span class='ocrx_word' id='word_1_5' title='bbox 2402 468 2860 531; x_wconf 83' lang='lat' dir='ltr'>HIEROCLES.</span> 
     </span>
    </p>
   </div>
   <div class='ocr_carea' id='block_1_3' title="bbox 3655 477 3774 538">
    <p class='ocr_par' dir='ltr' id='par_1_3' title="bbox 3655 477 3774 538">
     <span class='ocr_line' id='line_1_3' title="bbox 3655 477 3774 538; baseline -0.025 -1"><span class='ocrx_word' id='word_1_6' title='bbox 3655 477 3774 538; x_wconf 74' lang='grc'>914</span> 
     </span>
    </p>
   </div>
   <div class='ocr_carea' id='block_1_4' title="bbox 347 592 1992 678">
    <p class='ocr_par' dir='ltr' id='par_1_4' title="bbox 347 592 1992 673">
     <span class='ocr_line' id='line_1_4' title="bbox 347 592 1992 673; baseline -0.001 -22"><span class='ocrx_word' id='word_1_7' title='bbox 347 593 439 651; x_wconf 77' lang='grc' dir='ltr'>οὖν</span> <span class='ocrx_word' id='word_1_8' title='bbox 497 592 668 664; x_wconf 69' lang='grc' dir='ltr'>λέξεις</span> <span class='ocrx_word' id='word_1_9' title='bbox 740 593 911 667; x_wconf 80' lang='grc' dir='ltr'>τινὰς,</span> <span class='ocrx_word' id='word_1_10' title='bbox 971 594 1244 673; x_wconf 78' lang='grc' dir='ltr'>ἆφωσίουν</span> <span class='ocrx_word' id='word_1_11' title='bbox 1317 594 1799 672; x_wconf 81' lang='grc' dir='ltr'>ἀποπληρωτικῶς</span> <span class='ocrx_word' id='word_1_12' title='bbox 1877 600 1992 659; x_wconf 86' lang='grc' dir='ltr'>τοῖς</span> 
     </span>
    </p>
   </div>
   <div class='ocr_carea' id='block_1_5' title="bbox 2092 592 3770 678">
    <p class='ocr_par' dir='ltr' id='par_1_5' title="bbox 2109 601 3770 678">
     <span class='ocr_line' id='line_1_5' title="bbox 2109 601 3770 678; baseline 0.004 -19"><span class='ocrx_word' id='word_1_13' title='bbox 2109 618 2213 659; x_wconf 86' lang='lat' dir='ltr'>nes</span> <span class='ocrx_word' id='word_1_14' title='bbox 2244 605 2525 672; x_wconf 79' lang='lat' dir='ltr'>quaedam</span> <span class='ocrx_word' id='word_1_15' title='bbox 2557 601 2846 659; x_wconf 87' lang='lat' dir='ltr'>exclusive</span> <span class='ocrx_word' id='word_1_16' title='bbox 2903 603 3116 662; x_wconf 80' lang='lat' dir='ltr'>divinis</span> <span class='ocrx_word' id='word_1_17' title='bbox 3166 604 3340 660; x_wconf 90' lang='lat' dir='ltr'>rebus</span> <span class='ocrx_word' id='word_1_18' title='bbox 3390 605 3620 678; x_wconf 82' lang='lat' dir='ltr'>antiqui</span> <span class='ocrx_word' id='word_1_19' title='bbox 3677 610 3770 666; x_wconf 87' lang='lat' dir='ltr'>de-</span> 
     </span>
    </p>
   </div>
   <div class='ocr_carea' id='block_1_6' title="bbox 348 683 1211 759">
    <p class='ocr_par' dir='ltr' id='par_1_6' title="bbox 348 683 1211 759">
     <span class='ocr_line' id='line_1_6' title="bbox 348 683 1211 759; baseline 0.005 -21"><span class='ocrx_word' id='word_1_20' title='bbox 348 683 514 749; x_wconf 85' lang='grc' dir='ltr'>θείοις</span> <span class='ocrx_word' id='word_1_21' title='bbox 538 684 850 759; x_wconf 83' lang='grc' dir='ltr'>πράγμασιν</span> <span class='ocrx_word' id='word_1_22' title='bbox 879 686 931 738; x_wconf 84' lang='grc' dir='ltr'>οἱ</span> <span class='ocrx_word' id='word_1_23' title='bbox 961 683 1211 742; x_wconf 86' lang='grc' dir='ltr'>παλαιοί.</span> 
     </span>
    </p>
   </div>
   <div class='ocr_carea' id='block_1_7' title="bbox 425 770 1550 851">
    <p class='ocr_par' dir='ltr' id='par_1_7' title="bbox 425 770 1550 851">
     <span class='ocr_line' id='line_1_7' title="bbox 425 770 1550 851; baseline -0.001 -23"><span class='ocrx_word' id='word_1_24' title='bbox 425 770 715 851; x_wconf 88' lang='grc' dir='ltr'>Θεόφιλος.</span> <span class='ocrx_word' id='word_1_25' title='bbox 750 777 889 828; x_wconf 90' lang='grc' dir='ltr'>Ποῖα</span> <span class='ocrx_word' id='word_1_26' title='bbox 919 772 1116 844; x_wconf 74' lang='grc' dir='ltr'>ἰκεῖνα,</span> <span class='ocrx_word' id='word_1_27' title='bbox 1151 773 1194 828; x_wconf 85' lang='grc' dir='ltr'><strong>ὦ</strong></span> <span class='ocrx_word' id='word_1_28' title='bbox 1222 770 1550 851; x_wconf 83' lang='grc' dir='ltr'>Ἰερὸκλεις;</span> 
     </span>
    </p>
   </div>
   <div class='ocr_carea' id='block_1_8' title="bbox 419 861 1998 940">
    <p class='ocr_par' dir='ltr' id='par_1_8' title="bbox 419 861 1998 940">
     <span class='ocr_line' id='line_1_8' title="bbox 419 861 1998 940; baseline 0.003 -24"><span class='ocrx_word' id='word_1_29' title='bbox 419 863 484 926; x_wconf 86' lang='grc' dir='ltr'>ς’.</span> <span class='ocrx_word' id='word_1_30' title='bbox 563 861 866 938; x_wconf 81' lang='grc' dir='ltr'>Ἱεροκλῆς.</span> <span class='ocrx_word' id='word_1_31' title='bbox 942 863 1031 924; x_wconf 85' lang='grc' dir='ltr'>Ὦς</span> <span class='ocrx_word' id='word_1_32' title='bbox 1111 862 1259 932; x_wconf 86' lang='grc' dir='ltr'>μάλα</span> <span class='ocrx_word' id='word_1_33' title='bbox 1341 865 1543 939; x_wconf 88' lang='grc' dir='ltr'>μυρία·</span> <span class='ocrx_word' id='word_1_34' title='bbox 1602 866 1736 940; x_wconf 80' lang='grc' dir='ltr'>πρὸς</span> <span class='ocrx_word' id='word_1_35' title='bbox 1816 863 1873 920; x_wconf 76' lang='grc' dir='ltr'>δὲ</span> <span class='ocrx_word' id='word_1_36' title='bbox 1937 866 1998 920; x_wconf 75' lang='grc' dir='ltr'>τὸ</span> 
     </span>
    </p>
   </div>
   <div class='ocr_carea' id='block_1_9' title="bbox 343 949 1999 1029">
    <p class='ocr_par' dir='ltr' id='par_1_9' title="bbox 343 949 1999 1029">
     <span class='ocr_line' id='line_1_9' title="bbox 343 949 1999 1029; baseline 0.001 -23"><span class='ocrx_word' id='word_1_37' title='bbox 343 951 569 1013; x_wconf 69' lang='grc' dir='ltr'>ἐνεστὼς</span> <span class='ocrx_word' id='word_1_38' title='bbox 616 950 667 1024; x_wconf 81' lang='grc' dir='ltr'>ἐξ</span> <span class='ocrx_word' id='word_1_39' title='bbox 724 949 1012 1026; x_wconf 80' lang='grc' dir='ltr'>ὅλιγίστων</span> <span class='ocrx_word' id='word_1_40' title='bbox 1061 951 1334 1029; x_wconf 84' lang='grc' dir='ltr'>ἐναγαγεῖν</span> <span class='ocrx_word' id='word_1_41' title='bbox 1376 975 1432 1008; x_wconf 89' lang='grc' dir='ltr'>σε</span> <span class='ocrx_word' id='word_1_42' title='bbox 1477 953 1749 1028; x_wconf 86' lang='grc' dir='ltr'>βούλομαι</span> <span class='ocrx_word' id='word_1_43' title='bbox 1809 954 1884 1017; x_wconf 83' lang='grc' dir='ltr'>εἷς</span> <span class='ocrx_word' id='word_1_44' title='bbox 1932 955 1999 1010; x_wconf 79' lang='grc' dir='ltr'>τὰ</span> 
     </span>
    </p>
   </div>
   <div class='ocr_carea' id='block_1_10' title="bbox 340 1037 1994 1112">
    <p class='ocr_par' dir='ltr' id='par_1_10' title="bbox 340 1037 1994 1112">
     <span class='ocr_line' id='line_1_10' title="bbox 340 1037 1994 1112; baseline 0.002 -17"><span class='ocrx_word' id='word_1_45' title='bbox 340 1039 668 1098; x_wconf 74' lang='grc' dir='ltr'>8λα.Μυεῖν</span> <span class='ocrx_word' id='word_1_46' title='bbox 730 1039 926 1095; x_wconf 77' lang='grc' dir='ltr'>ἐκεῖνοι</span> <span class='ocrx_word' id='word_1_47' title='bbox 989 1037 1172 1105; x_wconf 77' lang='grc' dir='ltr'><strong>ἔθεσαν</strong></span> <span class='ocrx_word' id='word_1_48' title='bbox 1223 1041 1284 1096; x_wconf 83' lang='grc' dir='ltr'>οὐ</span> <span class='ocrx_word' id='word_1_49' title='bbox 1341 1044 1404 1097; x_wconf 88' lang='grc' dir='ltr'>τὸ</span> <span class='ocrx_word' id='word_1_50' title='bbox 1454 1041 1640 1106; x_wconf 58' lang='grc' dir='ltr'>ἅπλῶς</span> <span class='ocrx_word' id='word_1_51' title='bbox 1702 1041 1994 1112; x_wconf 82' lang='grc' dir='ltr'>διδάσκειν,</span> 
     </span>
    </p>
   </div>
   <div class='ocr_carea' id='block_1_11' title="bbox 347 1127 1997 1206">
    <p class='ocr_par' dir='ltr' id='par_1_11' title="bbox 347 1127 1997 1206">
     <span class='ocr_line' id='line_1_11' title="bbox 347 1127 1997 1206; baseline 0.002 -23"><span class='ocrx_word' id='word_1_52' title='bbox 347 1127 493 1184; x_wconf 78' lang='grc' dir='ltr'>ἀλλὰ</span> <span class='ocrx_word' id='word_1_53' title='bbox 547 1128 610 1182; x_wconf 88' lang='grc' dir='ltr'>τὸ</span> <span class='ocrx_word' id='word_1_54' title='bbox 676 1128 728 1182; x_wconf 84' lang='grc' dir='ltr'>ἐν</span> <span class='ocrx_word' id='word_1_55' title='bbox 783 1127 1082 1206; x_wconf 79' lang='grc' dir='ltr'>ἀποῤῥήτῳ</span> <span class='ocrx_word' id='word_1_56' title='bbox 1138 1128 1519 1204; x_wconf 80' lang='grc' dir='ltr'>παραδιδόναι,</span> <span class='ocrx_word' id='word_1_57' title='bbox 1560 1131 1592 1186; x_wconf 77' lang='grc' dir='ltr'>ἃ</span> <span class='ocrx_word' id='word_1_58' title='bbox 1649 1138 1767 1205; x_wconf 81' lang='grc' dir='ltr'>Θεῷ</span> <span class='ocrx_word' id='word_1_59' title='bbox 1824 1132 1997 1187; x_wconf 74' lang='grc' dir='ltr'>οἰκεῖα</span> 
     </span>
    </p>
   </div>
   <div class='ocr_carea' id='block_1_12' title="bbox 343 1217 1994 1293">
    <p class='ocr_par' dir='ltr' id='par_1_12' title="bbox 343 1217 1994 1293">
     <span class='ocr_line' id='line_1_12' title="bbox 343 1217 1994 1293; baseline 0.002 -21"><span class='ocrx_word' id='word_1_60' title='bbox 343 1217 432 1272; x_wconf 86' lang='grc' dir='ltr'>καὶ</span> <span class='ocrx_word' id='word_1_61' title='bbox 491 1221 610 1278; x_wconf 89' lang='grc' dir='ltr'>τοῖς</span> <span class='ocrx_word' id='word_1_62' title='bbox 664 1217 783 1272; x_wconf 84' lang='grc' dir='ltr'>κατ’</span> <span class='ocrx_word' id='word_1_63' title='bbox 839 1217 997 1273; x_wconf 78' lang='grc' dir='ltr'>αὐτὸν</span> <span class='ocrx_word' id='word_1_64' title='bbox 1058 1218 1404 1289; x_wconf 77' lang='grc' dir='ltr'>ἐνθεάζουσι·</span> <span class='ocrx_word' id='word_1_65' title='bbox 1450 1221 1540 1275; x_wconf 81' lang='grc' dir='ltr'>καὶ</span> <span class='ocrx_word' id='word_1_66' title='bbox 1602 1221 1802 1293; x_wconf 79' lang='grc' dir='ltr'>μύστας</span> <span class='ocrx_word' id='word_1_67' title='bbox 1857 1221 1994 1275; x_wconf 84' lang='grc' dir='ltr'>ὠνό-</span> 
     </span>
    </p>
   </div>
   <div class='ocr_carea' id='block_1_13' title="bbox 344 1304 1992 1382">
    <p class='ocr_par' dir='ltr' id='par_1_13' title="bbox 344 1304 1992 1382">
     <span class='ocr_line' id='line_1_13' title="bbox 344 1304 1992 1382; baseline 0.003 -22"><span class='ocrx_word' id='word_1_68' title='bbox 344 1311 539 1379; x_wconf 84' lang='grc' dir='ltr'>μαζον,</span> <span class='ocrx_word' id='word_1_69' title='bbox 591 1304 742 1368; x_wconf 73' lang='grc' dir='ltr'>ὅσοις</span> <span class='ocrx_word' id='word_1_70' title='bbox 810 1305 1076 1381; x_wconf 71' lang='grc' dir='ltr'>ἐξεγένετο</span> <span class='ocrx_word' id='word_1_71' title='bbox 1151 1313 1377 1364; x_wconf 79' lang='grc' dir='ltr'>τοιαῦτα</span> <span class='ocrx_word' id='word_1_72' title='bbox 1463 1316 1652 1382; x_wconf 79' lang='grc' dir='ltr'>μαθεῖν</span> <span class='ocrx_word' id='word_1_73' title='bbox 1741 1307 1992 1365; x_wconf 82' lang='grc' dir='ltr'>διδασκά-</span> 
     </span>
    </p>
   </div>
   <div class='ocr_carea' id='block_1_14' title="bbox 337 1392 1990 1473">
    <p class='ocr_par' dir='ltr' id='par_1_14' title="bbox 337 1392 1990 1473">
     <span class='ocr_line' id='line_1_14' title="bbox 337 1392 1990 1473; baseline 0.003 -24"><span class='ocrx_word' id='word_1_74' title='bbox 337 1392 453 1466; x_wconf 90' lang='grc' dir='ltr'>λια,</span> <span class='ocrx_word' id='word_1_75' title='bbox 496 1395 572 1450; x_wconf 83' lang='grc' dir='ltr'>ὧν</span> <span class='ocrx_word' id='word_1_76' title='bbox 624 1396 713 1450; x_wconf 82' lang='grc' dir='ltr'>καὶ</span> <span class='ocrx_word' id='word_1_77' title='bbox 769 1393 1154 1472; x_wconf 72' lang='grc' dir='ltr'>ἐκφερομένων</span> <span class='ocrx_word' id='word_1_78' title='bbox 1219 1397 1296 1461; x_wconf 83' lang='grc' dir='ltr'>εἷς</span> <span class='ocrx_word' id='word_1_79' title='bbox 1353 1398 1517 1462; x_wconf 75' lang='grc' dir='ltr'>ἀκοὰς</span> <span class='ocrx_word' id='word_1_80' title='bbox 1571 1394 1866 1473; x_wconf 76' lang='grc' dir='ltr'>βεϐήλους,</span> <span class='ocrx_word' id='word_1_81' title='bbox 1899 1401 1990 1462; x_wconf 79' lang='grc' dir='ltr'>θά-</span> 
     </span>
    </p>
   </div>
   <div class='ocr_carea' id='block_1_15' title="bbox 332 1483 1993 1562">
    <p class='ocr_par' dir='ltr' id='par_1_15' title="bbox 332 1483 1993 1562">
     <span class='ocr_line' id='line_1_15' title="bbox 332 1483 1993 1562; baseline 0.002 -24"><span class='ocrx_word' id='word_1_82' title='bbox 332 1504 494 1545; x_wconf 91' lang='grc' dir='ltr'>νατος</span> <span class='ocrx_word' id='word_1_83' title='bbox 543 1483 883 1562; x_wconf 73' lang='grc' dir='ltr'>ἐπεψήφιστο</span> <span class='ocrx_word' id='word_1_84' title='bbox 924 1491 1044 1549; x_wconf 87' lang='grc' dir='ltr'>τοῖς</span> <span class='ocrx_word' id='word_1_85' title='bbox 1091 1485 1449 1556; x_wconf 77' lang='grc' dir='ltr'>ἐκλαλήσασι.</span> <span class='ocrx_word' id='word_1_86' title='bbox 1496 1488 1573 1544; x_wconf 88' lang='grc' dir='ltr'>Τό</span> <span class='ocrx_word' id='word_1_87' title='bbox 1612 1510 1671 1543; x_wconf 90' lang='grc' dir='ltr'>τε</span> <span class='ocrx_word' id='word_1_88' title='bbox 1720 1487 1786 1557; x_wconf 79' lang='grc' dir='ltr'>δὴ</span> <span class='ocrx_word' id='word_1_89' title='bbox 1843 1494 1993 1561; x_wconf 86' lang='grc' dir='ltr'>μυεῖν</span> 
     </span>
    </p>
   </div>
   <div class='ocr_carea' id='block_1_16' title="bbox 336 1572 1990 1648">
    <p class='ocr_par' dir='ltr' id='par_1_16' title="bbox 336 1572 1990 1648">
     <span class='ocr_line' id='line_1_16' title="bbox 336 1572 1990 1648; baseline 0.004 -22"><span class='ocrx_word' id='word_1_90' title='bbox 336 1572 523 1648; x_wconf 75' lang='grc' dir='ltr'>εὐαγὲς</span> <span class='ocrx_word' id='word_1_91' title='bbox 579 1572 671 1642; x_wconf 76' lang='grc' dir='ltr'>ἦν,</span> <span class='ocrx_word' id='word_1_92' title='bbox 702 1573 792 1628; x_wconf 78' lang='grc' dir='ltr'>καὶ</span> <span class='ocrx_word' id='word_1_93' title='bbox 850 1573 914 1628; x_wconf 87' lang='grc' dir='ltr'>τὸ</span> <span class='ocrx_word' id='word_1_94' title='bbox 969 1574 1170 1643; x_wconf 80' lang='grc' dir='ltr'>τελεῖν,</span> <span class='ocrx_word' id='word_1_95' title='bbox 1203 1575 1289 1629; x_wconf 76' lang='grc' dir='ltr'>καὶ</span> <span class='ocrx_word' id='word_1_96' title='bbox 1345 1579 1379 1644; x_wconf 78' lang='grc' dir='ltr'>ἡ</span> <span class='ocrx_word' id='word_1_97' title='bbox 1432 1580 1549 1630; x_wconf 88' lang='grc' dir='ltr'>κατ’</span> <span class='ocrx_word' id='word_1_98' title='bbox 1593 1577 1722 1632; x_wconf 78' lang='grc' dir='ltr'>αὐτὸ</span> <span class='ocrx_word' id='word_1_99' title='bbox 1773 1578 1990 1648; x_wconf 82' lang='grc' dir='ltr'>τελετὴ,</span> 
     </span>
    </p>
   </div>
   <div class='ocr_carea' id='block_1_17' title="bbox 327 1661 1992 1742">
    <p class='ocr_par' dir='ltr' id='par_1_17' title="bbox 327 1661 1992 1742">
     <span class='ocr_line' id='line_1_17' title="bbox 327 1661 1992 1742; baseline 0.004 -27"><span class='ocrx_word' id='word_1_100' title='bbox 327 1662 420 1716; x_wconf 86' lang='grc' dir='ltr'>καὶ</span> <span class='ocrx_word' id='word_1_101' title='bbox 478 1664 543 1717; x_wconf 90' lang='grc' dir='ltr'>τὸ</span> <span class='ocrx_word' id='word_1_102' title='bbox 602 1661 910 1735; x_wconf 79' lang='grc' dir='ltr'>εύάζειν,ᾦ</span> <span class='ocrx_word' id='word_1_103' title='bbox 970 1670 1300 1741; x_wconf 88' lang='grc' dir='ltr'>συνομαρτεῖ</span> <span class='ocrx_word' id='word_1_104' title='bbox 1357 1667 1446 1720; x_wconf 87' lang='grc' dir='ltr'>καὶ</span> <span class='ocrx_word' id='word_1_105' title='bbox 1503 1667 1530 1720; x_wconf 98' lang='lat'>6</span> <span class='ocrx_word' id='word_1_106' title='bbox 1578 1666 1758 1730; x_wconf 79' lang='grc' dir='ltr'>Εὕϊος·</span> <span class='ocrx_word' id='word_1_107' title='bbox 1797 1666 1992 1742; x_wconf 80' lang='grc' dir='ltr'>εὐάγη-</span> 
     </span>
    </p>
   </div>
   <div class='ocr_carea' id='block_1_18' title="bbox 327 1748 1989 1823">
    <p class='ocr_par' dir='ltr' id='par_1_18' title="bbox 327 1748 1989 1823">
     <span class='ocr_line' id='line_1_18' title="bbox 327 1748 1989 1823; baseline 0.004 -19"><span class='ocrx_word' id='word_1_108' title='bbox 327 1769 424 1805; x_wconf 92' lang='grc' dir='ltr'>τον</span> <span class='ocrx_word' id='word_1_109' title='bbox 480 1748 542 1805; x_wconf 77' lang='grc' dir='ltr'>δὲ</span> <span class='ocrx_word' id='word_1_110' title='bbox 593 1751 687 1806; x_wconf 82' lang='grc' dir='ltr'>καὶ</span> <span class='ocrx_word' id='word_1_111' title='bbox 742 1751 806 1806; x_wconf 88' lang='grc' dir='ltr'>τὸ</span> <span class='ocrx_word' id='word_1_112' title='bbox 850 1751 1303 1822; x_wconf 70' lang='grc' dir='ltr'>ἑποπτεύειν,καὶ</span> <span class='ocrx_word' id='word_1_113' title='bbox 1331 1754 1394 1808; x_wconf 89' lang='grc' dir='ltr'>τὸ</span> <span class='ocrx_word' id='word_1_114' title='bbox 1445 1755 1610 1823; x_wconf 87' lang='grc' dir='ltr'>θύειν,</span> <span class='ocrx_word' id='word_1_115' title='bbox 1643 1756 1734 1810; x_wconf 87' lang='grc' dir='ltr'>καὶ</span> <span class='ocrx_word' id='word_1_116' title='bbox 1783 1756 1846 1810; x_wconf 87' lang='grc' dir='ltr'>τὸ</span> <span class='ocrx_word' id='word_1_117' title='bbox 1903 1753 1989 1810; x_wconf 70' lang='grc' dir='ltr'>εὕ-</span> 
     </span>
    </p>
   </div>
   <div class='ocr_carea' id='block_1_19' title="bbox 333 1839 1987 1920">
    <p class='ocr_par' dir='ltr' id='par_1_19' title="bbox 333 1839 1987 1920">
     <span class='ocr_line' id='line_1_19' title="bbox 333 1839 1987 1920; baseline 0.003 -27"><span class='ocrx_word' id='word_1_118' title='bbox 333 1841 550 1915; x_wconf 88' lang='grc' dir='ltr'>χεσθαι,</span> <span class='ocrx_word' id='word_1_119' title='bbox 589 1839 680 1894; x_wconf 78' lang='grc' dir='ltr'>καὶ</span> <span class='ocrx_word' id='word_1_120' title='bbox 742 1841 770 1895; x_wconf 90' lang='lat'>6</span> <span class='ocrx_word' id='word_1_121' title='bbox 801 1840 1040 1916; x_wconf 74' lang='grc' dir='ltr'>ἀρητὴρ,</span> <span class='ocrx_word' id='word_1_122' title='bbox 1069 1842 1160 1896; x_wconf 84' lang='grc' dir='ltr'>καὶ</span> <span class='ocrx_word' id='word_1_123' title='bbox 1215 1845 1250 1912; x_wconf 77' lang='grc' dir='ltr'><strong>ὴ</strong></span> <span class='ocrx_word' id='word_1_124' title='bbox 1302 1842 1478 1920; x_wconf 72' lang='grc' dir='ltr'>ὀμφὴ,</span> <span class='ocrx_word' id='word_1_125' title='bbox 1509 1842 1599 1898; x_wconf 87' lang='grc' dir='ltr'>καὶ</span> <span class='ocrx_word' id='word_1_126' title='bbox 1649 1846 1684 1913; x_wconf 82' lang='grc' dir='ltr'><strong>ἡ</strong></span> <span class='ocrx_word' id='word_1_127' title='bbox 1742 1841 1987 1918; x_wconf 80' lang='grc' dir='ltr'>κλῃδὼν,</span> 
     </span>
    </p>
   </div>
   <div class='ocr_carea' id='block_1_20' title="bbox 2111 695 2418 749">
    <p class='ocr_par' dir='ltr' id='par_1_20' title="bbox 2111 695 2418 749">
     <span class='ocr_line' id='line_1_20' title="bbox 2111 695 2418 749; baseline 0 -2"><span class='ocrx_word' id='word_1_128' title='bbox 2111 695 2418 749; x_wconf 80' lang='lat' dir='ltr'>vovebant.</span> 
     </span>
    </p>
   </div>
   <div class='ocr_carea' id='block_1_21' title="bbox 2183 784 3620 854">
    <p class='ocr_par' dir='ltr' id='par_1_21' title="bbox 2183 784 3620 854">
     <span class='ocr_line' id='line_1_21' title="bbox 2183 784 3620 854; baseline 0.003 -17"><span class='ocrx_word' id='word_1_129' title='bbox 2183 784 2523 854; x_wconf 80' lang='lat' dir='ltr'>TheOphilus.</span> <span class='ocrx_word' id='word_1_130' title='bbox 2566 788 2842 850; x_wconf 68' lang='lat' dir='ltr'>Quaenam</span> <span class='ocrx_word' id='word_1_131' title='bbox 2869 788 3010 840; x_wconf 88' lang='lat' dir='ltr'>sunt</span> <span class='ocrx_word' id='word_1_132' title='bbox 3039 785 3187 854; x_wconf 84' lang='lat' dir='ltr'>istae,</span> <span class='ocrx_word' id='word_1_133' title='bbox 3222 802 3253 840; x_wconf 92' lang='grc' dir='ltr'>ο</span> <span class='ocrx_word' id='word_1_134' title='bbox 3276 785 3570 842; x_wconf 80' lang='lat' dir='ltr'>Hierocles</span> <span class='ocrx_word' id='word_1_135' title='bbox 3591 787 3620 842; x_wconf 74' lang='lat' dir='ltr'>‘I</span> 
     </span>
    </p>
   </div>
   <div class='ocr_carea' id='block_1_22' title="bbox 2178 873 3760 944">
    <p class='ocr_par' dir='ltr' id='par_1_22' title="bbox 2178 873 3760 944">
     <span class='ocr_line' id='line_1_22' title="bbox 2178 873 3760 944; baseline 0.004 -19"><span class='ocrx_word' id='word_1_136' title='bbox 2178 873 2232 925; x_wconf 87' lang='lat'>6.</span> <span class='ocrx_word' id='word_1_137' title='bbox 2266 873 2560 928; x_wconf 81' lang='lat' dir='ltr'>Hierocles.</span> <span class='ocrx_word' id='word_1_138' title='bbox 2617 877 2801 944; x_wconf 82' lang='lat' dir='ltr'>Prope</span> <span class='ocrx_word' id='word_1_139' title='bbox 2851 873 3116 928; x_wconf 67' lang='lat' dir='ltr'>infinitae.</span> <span class='ocrx_word' id='word_1_140' title='bbox 3174 875 3340 930; x_wconf 90' lang='lat' dir='ltr'>Nunc</span> <span class='ocrx_word' id='word_1_141' title='bbox 3417 880 3611 931; x_wconf 90' lang='lat' dir='ltr'>autem</span> <span class='ocrx_word' id='word_1_142' title='bbox 3691 893 3760 931; x_wconf 85' lang='lat' dir='ltr'>ex</span> 
     </span>
    </p>
   </div>
   <div class='ocr_carea' id='block_1_23' title="bbox 2109 961 3759 1031">
    <p class='ocr_par' dir='ltr' id='par_1_23' title="bbox 2109 961 3759 1031">
     <span class='ocr_line' id='line_1_23' title="bbox 2109 961 3759 1031; baseline 0.003 -17"><span class='ocrx_word' id='word_1_143' title='bbox 2109 961 2486 1031; x_wconf 79' lang='lat' dir='ltr'>paucissimis</span> <span class='ocrx_word' id='word_1_144' title='bbox 2519 963 2587 1016; x_wconf 88' lang='lat' dir='ltr'>ad</span> <span class='ocrx_word' id='word_1_145' title='bbox 2629 963 2828 1017; x_wconf 88' lang='lat' dir='ltr'>omnia</span> <span class='ocrx_word' id='word_1_146' title='bbox 2885 963 3174 1019; x_wconf 83' lang='lat' dir='ltr'>adducere</span> <span class='ocrx_word' id='word_1_147' title='bbox 3235 968 3290 1020; x_wconf 89' lang='lat' dir='ltr'>te</span> <span class='ocrx_word' id='word_1_148' title='bbox 3342 963 3490 1020; x_wconf 87' lang='lat' dir='ltr'>volo.</span> <span class='ocrx_word' id='word_1_149' title='bbox 3549 965 3759 1019; x_wconf 88' lang='lat' dir='ltr'>Conni-</span> 
     </span>
    </p>
   </div>
   <div class='ocr_carea' id='block_1_24' title="bbox 2107 1051 3759 1123">
    <p class='ocr_par' dir='ltr' id='par_1_24' title="bbox 2107 1051 3759 1123">
     <span class='ocr_line' id='line_1_24' title="bbox 2107 1051 3759 1123; baseline 0.004 -21"><span class='ocrx_word' id='word_1_150' title='bbox 2107 1066 2238 1105; x_wconf 91' lang='lat' dir='ltr'>vere</span> <span class='ocrx_word' id='word_1_151' title='bbox 2267 1051 2676 1123; x_wconf 66' lang='lat' dir='ltr'>oculis(pus‘:v)</span> <span class='ocrx_word' id='word_1_152' title='bbox 2727 1052 2808 1105; x_wconf 85' lang='lat' dir='ltr'><strong>illi</strong></span> <span class='ocrx_word' id='word_1_153' title='bbox 2869 1052 3141 1106; x_wconf 87' lang='lat' dir='ltr'>dixerunt</span> <span class='ocrx_word' id='word_1_154' title='bbox 3182 1070 3294 1108; x_wconf 90' lang='lat' dir='ltr'>non</span> <span class='ocrx_word' id='word_1_155' title='bbox 3356 1055 3561 1110; x_wconf 83' lang='lat' dir='ltr'>docere</span> <span class='ocrx_word' id='word_1_156' title='bbox 3613 1054 3759 1108; x_wconf 90' lang='lat' dir='ltr'>sim-</span> 
     </span>
    </p>
   </div>
   <div class='ocr_carea' id='block_1_25' title="bbox 2106 1139 3761 1213">
    <p class='ocr_par' dir='ltr' id='par_1_25' title="bbox 2106 1139 3761 1213">
     <span class='ocr_line' id='line_1_25' title="bbox 2106 1139 3761 1213; baseline 0.004 -21"><span class='ocrx_word' id='word_1_157' title='bbox 2106 1139 2353 1211; x_wconf 77' lang='lat' dir='ltr'>pliciter,</span> <span class='ocrx_word' id='word_1_158' title='bbox 2401 1143 2499 1196; x_wconf 85' lang='lat' dir='ltr'>seri</span> <span class='ocrx_word' id='word_1_159' title='bbox 2561 1141 2618 1195; x_wconf 91' lang='lat' dir='ltr'>in</span> <span class='ocrx_word' id='word_1_160' title='bbox 2653 1146 2878 1196; x_wconf 89' lang='lat' dir='ltr'>secreto</span> <span class='ocrx_word' id='word_1_161' title='bbox 2923 1143 3174 1209; x_wconf 79' lang='lat' dir='ltr'>tradere,</span> <span class='ocrx_word' id='word_1_162' title='bbox 3234 1159 3364 1213; x_wconf 69' lang='lat' dir='ltr'>quae</span> <span class='ocrx_word' id='word_1_163' title='bbox 3421 1143 3537 1198; x_wconf 90' lang='lat' dir='ltr'>Deo</span> <span class='ocrx_word' id='word_1_164' title='bbox 3621 1148 3761 1199; x_wconf 87' lang='lat' dir='ltr'>sunt</span> 
     </span>
    </p>
   </div>
   <div class='ocr_carea' id='block_1_26' title="bbox 2108 1229 3755 1303">
    <p class='ocr_par' dir='ltr' id='par_1_26' title="bbox 2108 1229 3755 1303">
     <span class='ocr_line' id='line_1_26' title="bbox 2108 1229 3755 1303; baseline 0.002 -20"><span class='ocrx_word' id='word_1_165' title='bbox 2108 1229 2348 1302; x_wconf 87' lang='lat' dir='ltr'>propria</span> <span class='ocrx_word' id='word_1_166' title='bbox 2373 1235 2429 1284; x_wconf 92' lang='lat' dir='ltr'>et</span> <span class='ocrx_word' id='word_1_167' title='bbox 2453 1230 2525 1284; x_wconf 89' lang='lat' dir='ltr'>iis</span> <span class='ocrx_word' id='word_1_168' title='bbox 2551 1230 2646 1300; x_wconf 86' lang='lat' dir='ltr'>qui</span> <span class='ocrx_word' id='word_1_169' title='bbox 2682 1231 2753 1285; x_wconf 92' lang='lat' dir='ltr'>ab</span> <span class='ocrx_word' id='word_1_170' title='bbox 2786 1229 2885 1285; x_wconf 92' lang='lat' dir='ltr'>illo</span> <span class='ocrx_word' id='word_1_171' title='bbox 2917 1231 3193 1285; x_wconf 75' lang='lat' dir='ltr'>altlantur</span> <span class='ocrx_word' id='word_1_172' title='bbox 3228 1249 3240 1299; x_wconf 91' lang='lat'>;</span> <span class='ocrx_word' id='word_1_173' title='bbox 3276 1237 3332 1286; x_wconf 89' lang='lat' dir='ltr'>et</span> <span class='ocrx_word' id='word_1_174' title='bbox 3376 1236 3600 1303; x_wconf 86' lang='lat' dir='ltr'>mystas</span> <span class='ocrx_word' id='word_1_175' title='bbox 3657 1249 3755 1287; x_wconf 90' lang='lat' dir='ltr'>vo-</span> 
     </span>
    </p>
   </div>
   <div class='ocr_carea' id='block_1_27' title="bbox 2105 1319 3761 1391">
    <p class='ocr_par' dir='ltr' id='par_1_27' title="bbox 2105 1319 3761 1391">
     <span class='ocr_line' id='line_1_27' title="bbox 2105 1319 3761 1391; baseline 0.004 -20"><span class='ocrx_word' id='word_1_176' title='bbox 2105 1320 2316 1374; x_wconf 86' lang='lat' dir='ltr'>cabant</span> <span class='ocrx_word' id='word_1_177' title='bbox 2345 1319 2798 1390; x_wconf 88' lang='lat' dir='ltr'>quibuscunque</span> <span class='ocrx_word' id='word_1_178' title='bbox 2839 1321 3163 1391; x_wconf 72' lang='lat' dir='ltr'>contigerat</span> <span class='ocrx_word' id='word_1_179' title='bbox 3210 1320 3350 1375; x_wconf 88' lang='lat' dir='ltr'>talia</span> <span class='ocrx_word' id='word_1_180' title='bbox 3379 1322 3606 1377; x_wconf 86' lang='lat' dir='ltr'>discere</span> <span class='ocrx_word' id='word_1_181' title='bbox 3663 1322 3761 1377; x_wconf 89' lang='lat' dir='ltr'>d0-</span> 
     </span>
    </p>
   </div>
   <div class='ocr_carea' id='block_1_28' title="bbox 2104 1409 3754 1482">
    <p class='ocr_par' dir='ltr' id='par_1_28' title="bbox 2104 1409 3754 1482">
     <span class='ocr_line' id='line_1_28' title="bbox 2104 1409 3754 1482; baseline 0.002 -20"><span class='ocrx_word' id='word_1_182' title='bbox 2104 1415 2378 1463; x_wconf 90' lang='lat' dir='ltr'>cumenta</span> <span class='ocrx_word' id='word_1_183' title='bbox 2402 1427 2413 1474; x_wconf 89' lang='lat'><strong>;</strong></span> <span class='ocrx_word' id='word_1_184' title='bbox 2441 1425 2566 1480; x_wconf 71' lang='lat' dir='ltr'>quas</span> <span class='ocrx_word' id='word_1_185' title='bbox 2594 1409 2642 1462; x_wconf 88' lang='lat' dir='ltr'>si</span> <span class='ocrx_word' id='word_1_186' title='bbox 2673 1409 2741 1462; x_wconf 89' lang='lat' dir='ltr'>ad</span> <span class='ocrx_word' id='word_1_187' title='bbox 2776 1411 3049 1480; x_wconf 86' lang='lat' dir='ltr'>profanas</span> <span class='ocrx_word' id='word_1_188' title='bbox 3082 1426 3251 1464; x_wconf 86' lang='lat' dir='ltr'>aures</span> <span class='ocrx_word' id='word_1_189' title='bbox 3283 1409 3479 1465; x_wconf 87' lang='lat' dir='ltr'>delata</span> <span class='ocrx_word' id='word_1_190' title='bbox 3535 1415 3754 1482; x_wconf 89' lang='lat' dir='ltr'>essent,</span> 
     </span>
    </p>
   </div>
   <div class='ocr_carea' id='block_1_29' title="bbox 2105 1498 3747 1569">
    <p class='ocr_par' dir='ltr' id='par_1_29' title="bbox 2105 1498 3747 1569">
     <span class='ocr_line' id='line_1_29' title="bbox 2105 1498 3747 1569; baseline 0.002 -18"><span class='ocrx_word' id='word_1_191' title='bbox 2105 1515 2215 1553; x_wconf 83' lang='lat' dir='ltr'>nox</span> <span class='ocrx_word' id='word_1_192' title='bbox 2259 1499 2681 1553; x_wconf 77' lang='lat' dir='ltr'>decernebatur</span> <span class='ocrx_word' id='word_1_193' title='bbox 2729 1498 3010 1552; x_wconf 87' lang='lat' dir='ltr'>adversus</span> <span class='ocrx_word' id='word_1_194' title='bbox 3063 1515 3162 1553; x_wconf 84' lang='lat' dir='ltr'>eos</span> <span class='ocrx_word' id='word_1_195' title='bbox 3215 1499 3314 1569; x_wconf 89' lang='lat' dir='ltr'>qui</span> <span class='ocrx_word' id='word_1_196' title='bbox 3371 1499 3747 1555; x_wconf 88' lang='lat' dir='ltr'>revelassent.</span> 
     </span>
    </p>
   </div>
   <div class='ocr_carea' id='block_1_30' title="bbox 2101 1586 3750 1657">
    <p class='ocr_par' dir='ltr' id='par_1_30' title="bbox 2101 1586 3750 1657">
     <span class='ocr_line' id='line_1_30' title="bbox 2101 1586 3750 1657; baseline 0.001 -16"><span class='ocrx_word' id='word_1_197' title='bbox 2101 1587 2417 1642; x_wconf 84' lang='lat' dir='ltr'>Connivere</span> <span class='ocrx_word' id='word_1_198' title='bbox 2448 1586 2635 1642; x_wconf 87' lang='lat' dir='ltr'>oculis</span> <span class='ocrx_word' id='word_1_199' title='bbox 2663 1587 2864 1657; x_wconf 86' lang='grc' dir='ltr'>(μυεῖν)</span> <span class='ocrx_word' id='word_1_200' title='bbox 2899 1603 3130 1641; x_wconf 88' lang='lat' dir='ltr'>sacrum</span> <span class='ocrx_word' id='word_1_201' title='bbox 3163 1587 3274 1640; x_wconf 83' lang='lat' dir='ltr'>fuit</span> <span class='ocrx_word' id='word_1_202' title='bbox 3302 1587 3455 1642; x_wconf 82' lang='lat' dir='ltr'>sicut</span> <span class='ocrx_word' id='word_1_203' title='bbox 3484 1593 3540 1642; x_wconf 90' lang='lat' dir='ltr'>et</span> <span class='ocrx_word' id='word_1_204' title='bbox 3587 1587 3750 1642; x_wconf 88' lang='lat' dir='ltr'>initi-</span> 
     </span>
    </p>
   </div>
   <div class='ocr_carea' id='block_1_31' title="bbox 2103 1673 3743 1731">
    <p class='ocr_par' dir='ltr' id='par_1_31' title="bbox 2103 1673 3743 1731">
     <span class='ocr_line' id='line_1_31' title="bbox 2103 1673 3743 1731; baseline 0.001 -3"><span class='ocrx_word' id='word_1_205' title='bbox 2103 1690 2199 1729; x_wconf 92' lang='lat' dir='ltr'>are</span> <span class='ocrx_word' id='word_1_206' title='bbox 2247 1680 2306 1729; x_wconf 90' lang='lat' dir='ltr'>et</span> <span class='ocrx_word' id='word_1_207' title='bbox 2361 1674 2632 1731; x_wconf 73' lang='lat' dir='ltr'>initiatio.</span> <span class='ocrx_word' id='word_1_208' title='bbox 2685 1680 2742 1728; x_wconf 89' lang='lat' dir='ltr'>et</span> <span class='ocrx_word' id='word_1_209' title='bbox 2815 1673 3068 1728; x_wconf 89' lang='lat' dir='ltr'>clamare</span> <span class='ocrx_word' id='word_1_210' title='bbox 3126 1674 3280 1728; x_wconf 89' lang='lat' dir='ltr'>Evan</span> <span class='ocrx_word' id='word_1_211' title='bbox 3337 1675 3398 1729; x_wconf 91' lang='lat' dir='ltr'>in</span> <span class='ocrx_word' id='word_1_212' title='bbox 3461 1677 3743 1730; x_wconf 86' lang='lat' dir='ltr'>honorem</span> 
     </span>
    </p>
   </div>
   <div class='ocr_carea' id='block_1_32' title="bbox 2101 1763 3745 1834">
    <p class='ocr_par' dir='ltr' id='par_1_32' title="bbox 2101 1763 3745 1834">
     <span class='ocr_line' id='line_1_32' title="bbox 2101 1763 3745 1834; baseline 0 -16"><span class='ocrx_word' id='word_1_213' title='bbox 2101 1763 2330 1833; x_wconf 88' lang='lat' dir='ltr'>Bacchi,</span> <span class='ocrx_word' id='word_1_214' title='bbox 2365 1764 2520 1818; x_wconf 88' lang='lat' dir='ltr'>unde</span> <span class='ocrx_word' id='word_1_215' title='bbox 2545 1767 2602 1816; x_wconf 86' lang='lat' dir='ltr'>et</span> <span class='ocrx_word' id='word_1_216' title='bbox 2623 1763 2819 1817; x_wconf 90' lang='lat' dir='ltr'>Evius.</span> <span class='ocrx_word' id='word_1_217' title='bbox 2853 1763 3095 1817; x_wconf 86' lang='lat' dir='ltr'>Sacrum</span> <span class='ocrx_word' id='word_1_218' title='bbox 3129 1779 3364 1833; x_wconf 89' lang='lat' dir='ltr'>quoque</span> <span class='ocrx_word' id='word_1_219' title='bbox 3395 1763 3507 1818; x_wconf 85' lang='lat' dir='ltr'>fuit</span> <span class='ocrx_word' id='word_1_220' title='bbox 3559 1765 3745 1834; x_wconf 91' lang='lat' dir='ltr'>inspi-</span> 
     </span>
    </p>
   </div>
   <div class='ocr_carea' id='block_1_33' title="bbox 2099 1852 3748 1924">
    <p class='ocr_par' dir='ltr' id='par_1_33' title="bbox 2099 1852 3748 1924">
     <span class='ocr_line' id='line_1_33' title="bbox 2099 1852 3748 1924; baseline -0.002 -14"><span class='ocrx_word' id='word_1_221' title='bbox 2099 1869 2225 1910; x_wconf 91' lang='lat' dir='ltr'>cere</span> <span class='ocrx_word' id='word_1_222' title='bbox 2256 1853 2349 1924; x_wconf 87' lang='lat' dir='ltr'>(ad</span> <span class='ocrx_word' id='word_1_223' title='bbox 2375 1869 2570 1907; x_wconf 83' lang='lat' dir='ltr'>sacras</span> <span class='ocrx_word' id='word_1_224' title='bbox 2627 1853 2983 1924; x_wconf 87' lang='lat' dir='ltr'>spectandas</span> <span class='ocrx_word' id='word_1_225' title='bbox 3041 1852 3269 1906; x_wconf 79' lang='lat' dir='ltr'>admitti</span> <span class='ocrx_word' id='word_1_226' title='bbox 3324 1852 3748 1923; x_wconf 77' lang='lat' dir='ltr'>caeremonias),</span> 
     </span>
    </p>
   </div>
   <div class='ocr_carea' id='block_1_34' title="bbox 326 1927 1992 2026">
    <p class='ocr_par' dir='ltr' id='par_1_34' title="bbox 326 1927 1988 2005">
     <span class='ocr_line' id='line_1_34' title="bbox 326 1927 1988 2005; baseline 0.002 -21"><span class='ocrx_word' id='word_1_227' title='bbox 326 1929 418 1984; x_wconf 86' lang='grc' dir='ltr'>καὶ</span> <span class='ocrx_word' id='word_1_228' title='bbox 449 1931 484 1997; x_wconf 82' lang='grc' dir='ltr'>ὴ</span> <span class='ocrx_word' id='word_1_229' title='bbox 540 1929 692 2000; x_wconf 81' lang='grc' dir='ltr'>ὅσσα,</span> <span class='ocrx_word' id='word_1_230' title='bbox 723 1928 759 1998; x_wconf 79' lang='grc' dir='ltr'><strong>ἢ</strong></span> <span class='ocrx_word' id='word_1_231' title='bbox 798 1927 856 1984; x_wconf 78' lang='grc' dir='ltr'>δὲ</span> <span class='ocrx_word' id='word_1_232' title='bbox 901 1951 1035 1985; x_wconf 89' lang='grc' dir='ltr'>ποτε</span> <span class='ocrx_word' id='word_1_233' title='bbox 1080 1935 1178 2002; x_wconf 86' lang='lat' dir='ltr'>[an</span> <span class='ocrx_word' id='word_1_234' title='bbox 1220 1929 1328 2000; x_wconf 79' lang='grc' dir='ltr'>ἤδη</span> <span class='ocrx_word' id='word_1_235' title='bbox 1373 1931 1570 2005; x_wconf 53' lang='lat' dir='ltr'>ante?)</span> <span class='ocrx_word' id='word_1_236' title='bbox 1609 1934 1699 1986; x_wconf 83' lang='grc' dir='ltr'>καὶ</span> <span class='ocrx_word' id='word_1_237' title='bbox 1745 1933 1808 1986; x_wconf 86' lang='grc' dir='ltr'>τὸ</span> <span class='ocrx_word' id='word_1_238' title='bbox 1866 1931 1988 1987; x_wconf 88' lang='grc' dir='ltr'>ὀλο-</span> 
     </span>
    </p>
   </div>
   <div class='ocr_carea' id='block_1_35' title="bbox 2092 1927 3744 2026">
    <p class='ocr_par' dir='ltr' id='par_1_35' title="bbox 2097 1941 3744 2012">
     <span class='ocr_line' id='line_1_35' title="bbox 2097 1941 3744 2012; baseline -0.001 -16"><span class='ocrx_word' id='word_1_239' title='bbox 2097 1949 2156 1996; x_wconf 92' lang='lat' dir='ltr'>et</span> <span class='ocrx_word' id='word_1_240' title='bbox 2186 1943 2536 2010; x_wconf 78' lang='lat' dir='ltr'>sacrificare,</span> <span class='ocrx_word' id='word_1_241' title='bbox 2568 1946 2625 1996; x_wconf 90' lang='lat' dir='ltr'>et</span> <span class='ocrx_word' id='word_1_242' title='bbox 2655 1941 2900 2012; x_wconf 87' lang='lat' dir='ltr'>precari,</span> <span class='ocrx_word' id='word_1_243' title='bbox 2932 1945 2989 1995; x_wconf 88' lang='lat' dir='ltr'>et</span> <span class='ocrx_word' id='word_1_244' title='bbox 3018 1941 3314 2009; x_wconf 82' lang='lat' dir='ltr'>sacerdos,</span> <span class='ocrx_word' id='word_1_245' title='bbox 3349 1947 3407 1995; x_wconf 90' lang='lat' dir='ltr'>et</span> <span class='ocrx_word' id='word_1_246' title='bbox 3439 1941 3744 1996; x_wconf 82' lang='lat' dir='ltr'>oraculum</span> 
     </span>
    </p>
   </div>
   <div class='ocr_carea' id='block_1_36' title="bbox 329 2015 1984 2096">
    <p class='ocr_par' dir='ltr' id='par_1_36' title="bbox 329 2015 1984 2096">
     <span class='ocr_line' id='line_1_36' title="bbox 329 2015 1984 2096; baseline 0.003 -24"><span class='ocrx_word' id='word_1_247' title='bbox 329 2015 535 2086; x_wconf 84' lang='grc' dir='ltr'>λύζειν.</span> <span class='ocrx_word' id='word_1_248' title='bbox 598 2019 659 2072; x_wconf 88' lang='grc' dir='ltr'>Τί</span> <span class='ocrx_word' id='word_1_249' title='bbox 736 2016 848 2087; x_wconf 80' lang='grc' dir='ltr'>οὗν,</span> <span class='ocrx_word' id='word_1_250' title='bbox 909 2017 954 2073; x_wconf 85' lang='grc' dir='ltr'><strong><em>ὦ</em></strong></span> <span class='ocrx_word' id='word_1_251' title='bbox 1022 2019 1288 2096; x_wconf 84' lang='grc' dir='ltr'>Θεόφιλε;</span> <span class='ocrx_word' id='word_1_252' title='bbox 1350 2023 1599 2092; x_wconf 77' lang='grc' dir='ltr'>ζητήσεις</span> <span class='ocrx_word' id='word_1_253' title='bbox 1673 2021 1763 2076; x_wconf 89' lang='grc' dir='ltr'>καὶ</span> <span class='ocrx_word' id='word_1_254' title='bbox 1840 2021 1984 2077; x_wconf 81' lang='grc' dir='ltr'>ἄλλα</span> 
     </span>
    </p>
   </div>
   <div class='ocr_carea' id='block_1_37' title="bbox 324 2107 1978 2186">
    <p class='ocr_par' dir='ltr' id='par_1_37' title="bbox 324 2107 1978 2186">
     <span class='ocr_line' id='line_1_37' title="bbox 324 2107 1978 2186; baseline 0.002 -24"><span class='ocrx_word' id='word_1_255' title='bbox 324 2110 554 2162; x_wconf 78' lang='grc' dir='ltr'>τοιαῦτα</span> <span class='ocrx_word' id='word_1_256' title='bbox 583 2110 974 2182; x_wconf 83' lang='grc' dir='ltr'>παρατεθῆναι,</span> <span class='ocrx_word' id='word_1_257' title='bbox 1009 2107 1046 2178; x_wconf 75' lang='grc' dir='ltr'><strong>ἢ</strong></span> <span class='ocrx_word' id='word_1_258' title='bbox 1077 2109 1380 2185; x_wconf 80' lang='grc' dir='ltr'>ἀρκούντως</span> <span class='ocrx_word' id='word_1_259' title='bbox 1423 2107 1647 2186; x_wconf 84' lang='grc' dir='ltr'>ἐνήγαγὲ</span> <span class='ocrx_word' id='word_1_260' title='bbox 1687 2131 1744 2165; x_wconf 91' lang='grc' dir='ltr'>σε</span> <span class='ocrx_word' id='word_1_261' title='bbox 1794 2115 1978 2182; x_wconf 77' lang='grc' dir='ltr'>ταῦτα,</span> 
     </span>
    </p>
   </div>
   <div class='ocr_carea' id='block_1_38' title="bbox 331 2193 818 2272">
    <p class='ocr_par' dir='ltr' id='par_1_38' title="bbox 331 2193 818 2272">
     <span class='ocr_line' id='line_1_38' title="bbox 331 2193 818 2272; baseline -0.004 -20"><span class='ocrx_word' id='word_1_262' title='bbox 331 2195 407 2257; x_wconf 76' lang='grc' dir='ltr'>εἰς</span> <span class='ocrx_word' id='word_1_263' title='bbox 437 2193 570 2272; x_wconf 75' lang='grc' dir='ltr'>ὅπερ</span> <span class='ocrx_word' id='word_1_264' title='bbox 601 2196 773 2272; x_wconf 80' lang='grc' dir='ltr'>ἐχρῆν</span> <span class='ocrx_word' id='word_1_265' title='bbox 804 2216 818 2267; x_wconf 87' lang='grc'><strong>;</strong></span> 
     </span>
    </p>
   </div>
   <div class='ocr_carea' id='block_1_39' title="bbox 401 2371 1977 2457">
    <p class='ocr_par' dir='ltr' id='par_1_39' title="bbox 401 2371 1977 2457">
     <span class='ocr_line' id='line_1_39' title="bbox 401 2371 1977 2457; baseline 0.004 -28"><span class='ocrx_word' id='word_1_266' title='bbox 401 2375 461 2443; x_wconf 82' lang='grc' dir='ltr'>ζ’.</span> <span class='ocrx_word' id='word_1_267' title='bbox 495 2373 784 2453; x_wconf 78' lang='grc' dir='ltr'>Θεόφιλος.</span> <span class='ocrx_word' id='word_1_268' title='bbox 818 2371 1037 2450; x_wconf 78' lang='grc' dir='ltr'>Ἕὸαψα</span> <span class='ocrx_word' id='word_1_269' title='bbox 1088 2376 1164 2440; x_wconf 86' lang='grc' dir='ltr'>εὶς</span> <span class='ocrx_word' id='word_1_270' title='bbox 1203 2399 1268 2432; x_wconf 91' lang='grc' dir='ltr'>το</span> <span class='ocrx_word' id='word_1_271' title='bbox 1313 2379 1516 2451; x_wconf 89' lang='grc' dir='ltr'>νόημα,</span> <span class='ocrx_word' id='word_1_272' title='bbox 1548 2378 1628 2457; x_wconf 83' lang='grc' dir='ltr'>ἐφ’</span> <span class='ocrx_word' id='word_1_273' title='bbox 1672 2379 1798 2434; x_wconf 80' lang='grc' dir='ltr'>ὅσον</span> <span class='ocrx_word' id='word_1_274' title='bbox 1848 2378 1977 2448; x_wconf 79' lang='grc' dir='ltr'>ἔδει,</span> 
     </span>
    </p>
   </div>
   <div class='ocr_carea' id='block_1_40' title="bbox 324 2462 1978 2542">
    <p class='ocr_par' dir='ltr' id='par_1_40' title="bbox 324 2462 1978 2542">
     <span class='ocr_line' id='line_1_40' title="bbox 324 2462 1978 2542; baseline 0.004 -24"><span class='ocrx_word' id='word_1_275' title='bbox 324 2462 415 2518; x_wconf 79' lang='grc' dir='ltr'>καὶ</span> <span class='ocrx_word' id='word_1_276' title='bbox 444 2463 544 2518; x_wconf 82' lang='grc' dir='ltr'>οὐκ</span> <span class='ocrx_word' id='word_1_277' title='bbox 593 2464 764 2529; x_wconf 71' lang='grc' dir='ltr'>ἐθέλω</span> <span class='ocrx_word' id='word_1_278' title='bbox 808 2463 986 2520; x_wconf 89' lang='grc' dir='ltr'>πλείω</span> <span class='ocrx_word' id='word_1_279' title='bbox 1035 2471 1260 2522; x_wconf 81' lang='grc' dir='ltr'>τοιαῦτα</span> <span class='ocrx_word' id='word_1_280' title='bbox 1308 2468 1662 2542; x_wconf 79' lang='grc' dir='ltr'>συνείρεσθαι.</span> <span class='ocrx_word' id='word_1_281' title='bbox 1697 2468 1873 2525; x_wconf 73' lang='grc' dir='ltr'>Ἀλλά</span> <span class='ocrx_word' id='word_1_282' title='bbox 1926 2470 1978 2525; x_wconf 90' lang='grc' dir='ltr'>τί</span> 
     </span>
    </p>
   </div>
   <div class='ocr_carea' id='block_1_41' title="bbox 324 2552 1979 2630">
    <p class='ocr_par' dir='ltr' id='par_1_41' title="bbox 324 2552 1979 2630">
     <span class='ocr_line' id='line_1_41' title="bbox 324 2552 1979 2630; baseline 0.005 -24"><span class='ocrx_word' id='word_1_283' title='bbox 324 2573 419 2624; x_wconf 89' lang='grc' dir='ltr'>μοι</span> <span class='ocrx_word' id='word_1_284' title='bbox 466 2552 601 2608; x_wconf 74' lang='grc' dir='ltr'>αὐτὰ</span> <span class='ocrx_word' id='word_1_285' title='bbox 647 2555 784 2627; x_wconf 86' lang='grc' dir='ltr'>πρὸς</span> <span class='ocrx_word' id='word_1_286' title='bbox 831 2556 932 2623; x_wconf 84' lang='grc' dir='ltr'>τὴν</span> <span class='ocrx_word' id='word_1_287' title='bbox 983 2560 1082 2610; x_wconf 78' lang='grc' dir='ltr'>τοῦ</span> <span class='ocrx_word' id='word_1_288' title='bbox 1132 2557 1283 2630; x_wconf 77' lang='grc' dir='ltr'>ἱεροῦ</span> <span class='ocrx_word' id='word_1_289' title='bbox 1325 2553 1530 2612; x_wconf 77' lang='grc' dir='ltr'>ἔννοιαν</span> <span class='ocrx_word' id='word_1_290' title='bbox 1562 2557 1652 2612; x_wconf 89' lang='grc' dir='ltr'>καὶ</span> <span class='ocrx_word' id='word_1_291' title='bbox 1700 2559 1798 2628; x_wconf 79' lang='grc' dir='ltr'>τήν</span> <span class='ocrx_word' id='word_1_292' title='bbox 1861 2560 1979 2614; x_wconf 84' lang='grc' dir='ltr'>κατ’</span> 
     </span>
    </p>
   </div>
   <div class='ocr_carea' id='block_1_42' title="bbox 319 2643 1013 2718">
    <p class='ocr_par' dir='ltr' id='par_1_42' title="bbox 319 2643 1013 2718">
     <span class='ocr_line' id='line_1_42' title="bbox 319 2643 1013 2718; baseline 0.003 -19"><span class='ocrx_word' id='word_1_293' title='bbox 319 2643 454 2699; x_wconf 73' lang='grc' dir='ltr'>αὐτὸ</span> <span class='ocrx_word' id='word_1_294' title='bbox 486 2645 632 2708; x_wconf 73' lang='grc' dir='ltr'>θείαν</span> <span class='ocrx_word' id='word_1_295' title='bbox 667 2645 974 2718; x_wconf 87' lang='grc' dir='ltr'>σεμνότητα</span> <span class='ocrx_word' id='word_1_296' title='bbox 1000 2667 1013 2718; x_wconf 88' lang='grc'><strong>;</strong></span> 
     </span>
    </p>
   </div>
   <div class='ocr_carea' id='block_1_43' title="bbox 390 2749 1972 2834">
    <p class='ocr_par' dir='ltr' id='par_1_43' title="bbox 390 2749 1972 2834">
     <span class='ocr_line' id='line_1_43' title="bbox 390 2749 1972 2834; baseline 0.005 -29"><span class='ocrx_word' id='word_1_297' title='bbox 390 2749 693 2825; x_wconf 81' lang='grc' dir='ltr'>Ἱεροκλῆς.</span> <span class='ocrx_word' id='word_1_298' title='bbox 754 2751 897 2809; x_wconf 84' lang='grc' dir='ltr'>Αύτό</span> <span class='ocrx_word' id='word_1_299' title='bbox 952 2775 1036 2808; x_wconf 94' lang='grc' dir='ltr'>σοι</span> <span class='ocrx_word' id='word_1_300' title='bbox 1086 2758 1270 2821; x_wconf 75' lang='grc' dir='ltr'>τοῦτο,</span> <span class='ocrx_word' id='word_1_301' title='bbox 1322 2757 1366 2809; x_wconf 84' lang='grc' dir='ltr'>ὦ</span> <span class='ocrx_word' id='word_1_302' title='bbox 1423 2754 1673 2834; x_wconf 85' lang='grc' dir='ltr'>Θεόφιλε,</span> <span class='ocrx_word' id='word_1_303' title='bbox 1734 2759 1762 2812; x_wconf 97' lang='lat'>6</span> <span class='ocrx_word' id='word_1_304' title='bbox 1812 2756 1972 2833; x_wconf 86' lang='grc' dir='ltr'>λόγος</span> 
     </span>
    </p>
   </div>
   <div class='ocr_carea' id='block_1_44' title="bbox 321 2837 1973 2923">
    <p class='ocr_par' dir='ltr' id='par_1_44' title="bbox 321 2837 1973 2923">
     <span class='ocr_line' id='line_1_44' title="bbox 321 2837 1973 2923; baseline 0.006 -30"><span class='ocrx_word' id='word_1_305' title='bbox 321 2839 441 2908; x_wconf 78' lang='grc' dir='ltr'>ἥκει</span> <span class='ocrx_word' id='word_1_306' title='bbox 465 2837 758 2912; x_wconf 83' lang='grc' dir='ltr'>δηλώσων,</span> <span class='ocrx_word' id='word_1_307' title='bbox 791 2840 873 2897; x_wconf 75' lang='grc' dir='ltr'>ὅτι</span> <span class='ocrx_word' id='word_1_308' title='bbox 905 2845 1046 2898; x_wconf 87' lang='grc' dir='ltr'>θεῖον</span> <span class='ocrx_word' id='word_1_309' title='bbox 1079 2839 1253 2917; x_wconf 77' lang='grc' dir='ltr'>ὄνομα</span> <span class='ocrx_word' id='word_1_310' title='bbox 1284 2845 1371 2899; x_wconf 83' lang='grc' dir='ltr'>καὶ</span> <span class='ocrx_word' id='word_1_311' title='bbox 1424 2847 1678 2918; x_wconf 77' lang='grc' dir='ltr'>μυστικὸν</span> <span class='ocrx_word' id='word_1_312' title='bbox 1721 2848 1828 2923; x_wconf 84' lang='grc' dir='ltr'>οὐχ</span> <span class='ocrx_word' id='word_1_313' title='bbox 1870 2851 1973 2916; x_wconf 77' lang='grc' dir='ltr'>ἧτ-</span> 
     </span>
    </p>
   </div>
   <div class='ocr_carea' id='block_1_45' title="bbox 321 2929 1966 3010">
    <p class='ocr_par' dir='ltr' id='par_1_45' title="bbox 321 2929 1966 3010">
     <span class='ocr_line' id='line_1_45' title="bbox 321 2929 1966 3010; baseline 0.005 -26"><span class='ocrx_word' id='word_1_314' title='bbox 321 2929 413 2984; x_wconf 87' lang='grc' dir='ltr'>τόν</span> <span class='ocrx_word' id='word_1_315' title='bbox 440 2950 492 2984; x_wconf 92' lang='grc' dir='ltr'>τι</span> <span class='ocrx_word' id='word_1_316' title='bbox 520 2935 626 2986; x_wconf 81' lang='grc' dir='ltr'>τῶν</span> <span class='ocrx_word' id='word_1_317' title='bbox 661 2929 847 2987; x_wconf 80' lang='grc' dir='ltr'>ἄλλων</span> <span class='ocrx_word' id='word_1_318' title='bbox 875 2933 961 2986; x_wconf 87' lang='grc' dir='ltr'>καὶ</span> <span class='ocrx_word' id='word_1_319' title='bbox 999 2934 1026 2988; x_wconf 91' lang='lat'>6</span> <span class='ocrx_word' id='word_1_320' title='bbox 1054 2933 1198 3010; x_wconf 85' lang='grc' dir='ltr'>ἱερὸς</span> <span class='ocrx_word' id='word_1_321' title='bbox 1235 2935 1324 2988; x_wconf 80' lang='grc' dir='ltr'>καὶ</span> <span class='ocrx_word' id='word_1_322' title='bbox 1359 2935 1456 2988; x_wconf 80' lang='grc' dir='ltr'>ὅσα</span> <span class='ocrx_word' id='word_1_323' title='bbox 1511 2934 1694 3009; x_wconf 85' lang='grc' dir='ltr'>τούτῳ</span> <span class='ocrx_word' id='word_1_324' title='bbox 1755 2937 1966 2992; x_wconf 86' lang='grc' dir='ltr'>σύστοι-</span> 
     </span>
    </p>
   </div>
   <div class='ocr_carea' id='block_1_46' title="bbox 324 3019 1974 3101">
    <p class='ocr_par' dir='ltr' id='par_1_46' title="bbox 324 3019 1974 3101">
     <span class='ocr_line' id='line_1_46' title="bbox 324 3019 1974 3101; baseline 0.006 -29"><span class='ocrx_word' id='word_1_325' title='bbox 324 3038 419 3094; x_wconf 89' lang='grc' dir='ltr'>χα,</span> <span class='ocrx_word' id='word_1_326' title='bbox 467 3019 530 3074; x_wconf 89' lang='grc' dir='ltr'>τὸ</span> <span class='ocrx_word' id='word_1_327' title='bbox 590 3019 852 3094; x_wconf 77' lang='grc' dir='ltr'>ἱερᾶσθαι,</span> <span class='ocrx_word' id='word_1_328' title='bbox 902 3021 967 3076; x_wconf 84' lang='grc' dir='ltr'>τὸ</span> <span class='ocrx_word' id='word_1_329' title='bbox 1015 3023 1326 3098; x_wconf 74' lang='grc' dir='ltr'>ἱερατεύειν,</span> <span class='ocrx_word' id='word_1_330' title='bbox 1383 3024 1447 3079; x_wconf 87' lang='grc' dir='ltr'>τὸ</span> <span class='ocrx_word' id='word_1_331' title='bbox 1505 3026 1724 3101; x_wconf 87' lang='grc' dir='ltr'>ἱερεῖον,</span> <span class='ocrx_word' id='word_1_332' title='bbox 1770 3026 1859 3082; x_wconf 82' lang='grc' dir='ltr'>καὶ</span> <span class='ocrx_word' id='word_1_333' title='bbox 1919 3026 1974 3082; x_wconf 71' lang='grc' dir='ltr'>εἷ’</span> 
     </span>
    </p>
   </div>
   <div class='ocr_carea' id='block_1_47' title="bbox 319 3106 1119 3188">
    <p class='ocr_par' dir='ltr' id='par_1_47' title="bbox 319 3106 1119 3188">
     <span class='ocr_line' id='line_1_47' title="bbox 319 3106 1119 3188; baseline 0.006 -26"><span class='ocrx_word' id='word_1_334' title='bbox 319 3129 371 3162; x_wconf 88' lang='grc' dir='ltr'>τι</span> <span class='ocrx_word' id='word_1_335' title='bbox 404 3106 544 3164; x_wconf 80' lang='grc' dir='ltr'>ἄλλο</span> <span class='ocrx_word' id='word_1_336' title='bbox 577 3115 858 3188; x_wconf 86' lang='grc' dir='ltr'>συμφωνεῖ</span> <span class='ocrx_word' id='word_1_337' title='bbox 886 3109 1119 3174; x_wconf 86' lang='grc' dir='ltr'>τούτοις.</span> 
     </span>
    </p>
   </div>
   <div class='ocr_carea' id='block_1_48' title="bbox 391 3215 1962 3299">
    <p class='ocr_par' dir='ltr' id='par_1_48' title="bbox 391 3215 1962 3299">
     <span class='ocr_line' id='line_1_48' title="bbox 391 3215 1962 3299; baseline 0.006 -27"><span class='ocrx_word' id='word_1_338' title='bbox 391 3215 680 3295; x_wconf 87' lang='grc' dir='ltr'>Θεόφιλος.</span> <span class='ocrx_word' id='word_1_339' title='bbox 712 3216 860 3295; x_wconf 77' lang='grc' dir='ltr'>Ταχὺ</span> <span class='ocrx_word' id='word_1_340' title='bbox 885 3217 1056 3288; x_wconf 80' lang='grc' dir='ltr'>οὗν,ὧ</span> <span class='ocrx_word' id='word_1_341' title='bbox 1081 3218 1394 3296; x_wconf 86' lang='grc' dir='ltr'>Ἱερόκλεις,</span> <span class='ocrx_word' id='word_1_342' title='bbox 1414 3220 1711 3293; x_wconf 82' lang='grc' dir='ltr'>ἀναπτύξας</span> <span class='ocrx_word' id='word_1_343' title='bbox 1744 3226 1962 3299; x_wconf 80' lang='grc' dir='ltr'>πὲραινε</span> 
     </span>
    </p>
   </div>
   <div class='ocr_carea' id='block_1_49' title="bbox 2097 2024 3746 2108">
    <p class='ocr_par' dir='ltr' id='par_1_49' title="bbox 2097 2024 3746 2108">
     <span class='ocr_line' id='line_1_49' title="bbox 2097 2024 3746 2108; baseline -0.001 -25"><span class='ocrx_word' id='word_1_344' title='bbox 2097 2031 2293 2108; x_wconf 75' lang='grc' dir='ltr'>(ὀμφή)</span> <span class='ocrx_word' id='word_1_345' title='bbox 2326 2037 2383 2086; x_wconf 88' lang='lat' dir='ltr'>et</span> <span class='ocrx_word' id='word_1_346' title='bbox 2421 2031 2734 2101; x_wconf 83' lang='lat' dir='ltr'>augurium</span> <span class='ocrx_word' id='word_1_347' title='bbox 2789 2024 3053 2100; x_wconf 81' lang='grc' dir='ltr'>(κλῃδών)</span> <span class='ocrx_word' id='word_1_348' title='bbox 3112 2033 3169 2083; x_wconf 88' lang='lat' dir='ltr'>et</span> <span class='ocrx_word' id='word_1_349' title='bbox 3216 2029 3568 2100; x_wconf 62' lang='lat' dir='ltr'>praesagium</span> <span class='ocrx_word' id='word_1_350' title='bbox 3632 2027 3746 2102; x_wconf 79' lang='grc' dir='ltr'>(δσ-</span> 
     </span>
    </p>
   </div>
   <div class='ocr_carea' id='block_1_50' title="bbox 2092 2118 3745 2192">
    <p class='ocr_par' dir='ltr' id='par_1_50' title="bbox 2092 2118 3745 2192">
     <span class='ocr_line' id='line_1_50' title="bbox 2092 2118 3745 2192; baseline -0.001 -18"><span class='ocrx_word' id='word_1_351' title='bbox 2092 2122 2179 2192; x_wconf 90' lang='grc' dir='ltr'>σα)</span> <span class='ocrx_word' id='word_1_352' title='bbox 2209 2125 2269 2175; x_wconf 87' lang='lat' dir='ltr'>at</span> <span class='ocrx_word' id='word_1_353' title='bbox 2299 2120 2617 2191; x_wconf 87' lang='lat' dir='ltr'>aliquando</span> <span class='ocrx_word' id='word_1_354' title='bbox 2646 2119 2970 2174; x_wconf 83' lang='lat' dir='ltr'>vociferari.</span> <span class='ocrx_word' id='word_1_355' title='bbox 3006 2119 3153 2183; x_wconf 87' lang='lat' dir='ltr'>Quid</span> <span class='ocrx_word' id='word_1_356' title='bbox 3204 2118 3409 2190; x_wconf 83' lang='lat' dir='ltr'>igitur,</span> <span class='ocrx_word' id='word_1_357' title='bbox 3468 2135 3500 2173; x_wconf 92' lang='grc' dir='ltr'>ο</span> <span class='ocrx_word' id='word_1_358' title='bbox 3557 2122 3745 2174; x_wconf 87' lang='lat' dir='ltr'>Theo-</span> 
     </span>
    </p>
   </div>
   <div class='ocr_carea' id='block_1_51' title="bbox 2091 2206 3743 2282">
    <p class='ocr_par' dir='ltr' id='par_1_51' title="bbox 2091 2206 3743 2282">
     <span class='ocr_line' id='line_1_51' title="bbox 2091 2206 3743 2282; baseline -0.002 -18"><span class='ocrx_word' id='word_1_359' title='bbox 2091 2210 2292 2282; x_wconf 87' lang='lat' dir='ltr'>phile?</span> <span class='ocrx_word' id='word_1_360' title='bbox 2325 2212 2636 2274; x_wconf 78' lang='lat' dir='ltr'>Quaeresne</span> <span class='ocrx_word' id='word_1_361' title='bbox 2666 2212 2733 2262; x_wconf 89' lang='lat' dir='ltr'>ut</span> <span class='ocrx_word' id='word_1_362' title='bbox 2760 2207 2875 2260; x_wconf 85' lang='lat' dir='ltr'>alia</span> <span class='ocrx_word' id='word_1_363' title='bbox 2905 2206 3123 2261; x_wconf 86' lang='lat' dir='ltr'>similia</span> <span class='ocrx_word' id='word_1_364' title='bbox 3145 2207 3253 2260; x_wconf 89' lang='lat' dir='ltr'>tibi</span> <span class='ocrx_word' id='word_1_365' title='bbox 3316 2211 3743 2278; x_wconf 80' lang='lat' dir='ltr'>proponantur,</span> 
     </span>
    </p>
   </div>
   <div class='ocr_carea' id='block_1_52' title="bbox 2089 2295 3748 2367">
    <p class='ocr_par' dir='ltr' id='par_1_52' title="bbox 2089 2295 3748 2367">
     <span class='ocr_line' id='line_1_52' title="bbox 2089 2295 3748 2367; baseline -0.002 -13"><span class='ocrx_word' id='word_1_366' title='bbox 2089 2316 2163 2354; x_wconf 89' lang='lat' dir='ltr'>an</span> <span class='ocrx_word' id='word_1_367' title='bbox 2185 2299 2548 2355; x_wconf 82' lang='lat' dir='ltr'>sufﬁcienter</span> <span class='ocrx_word' id='word_1_368' title='bbox 2567 2298 2926 2352; x_wconf 80' lang='lat' dir='ltr'>induxerunt</span> <span class='ocrx_word' id='word_1_369' title='bbox 2953 2301 3009 2350; x_wconf 88' lang='lat' dir='ltr'>te</span> <span class='ocrx_word' id='word_1_370' title='bbox 3040 2295 3161 2350; x_wconf 59' lang='lat' dir='ltr'>haec</span> <span class='ocrx_word' id='word_1_371' title='bbox 3213 2312 3327 2366; x_wconf 93' lang='lat' dir='ltr'>quo</span> <span class='ocrx_word' id='word_1_372' title='bbox 3385 2297 3690 2367; x_wconf 90' lang='lat' dir='ltr'>oportebat</span> <span class='ocrx_word' id='word_1_373' title='bbox 3719 2296 3748 2351; x_wconf 66' lang='grc' dir='ltr'><em>Ἰ</em></span> 
     </span>
    </p>
   </div>
   <div class='ocr_carea' id='block_1_53' title="bbox 2155 2385 3744 2456">
    <p class='ocr_par' dir='ltr' id='par_1_53' title="bbox 2155 2385 3744 2456">
     <span class='ocr_line' id='line_1_53' title="bbox 2155 2385 3744 2456; baseline -0.003 -14"><span class='ocrx_word' id='word_1_374' title='bbox 2155 2392 2208 2443; x_wconf 89' lang='grc'>7.</span> <span class='ocrx_word' id='word_1_375' title='bbox 2246 2388 2587 2456; x_wconf 75' lang='lat' dir='ltr'>Theophilus.</span> <span class='ocrx_word' id='word_1_376' title='bbox 2621 2385 2865 2456; x_wconf 83' lang='lat' dir='ltr'>Perpexi</span> <span class='ocrx_word' id='word_1_377' title='bbox 2889 2401 3035 2453; x_wconf 91' lang='lat' dir='ltr'>rem,</span> <span class='ocrx_word' id='word_1_378' title='bbox 3084 2389 3373 2454; x_wconf 90' lang='lat' dir='ltr'>quantum</span> <span class='ocrx_word' id='word_1_379' title='bbox 3427 2401 3578 2456; x_wconf 90' lang='lat' dir='ltr'>opus</span> <span class='ocrx_word' id='word_1_380' title='bbox 3635 2389 3744 2454; x_wconf 90' lang='lat' dir='ltr'>est,</span> 
     </span>
    </p>
   </div>
   <div class='ocr_carea' id='block_1_54' title="bbox 2087 2472 3751 2549">
    <p class='ocr_par' dir='ltr' id='par_1_54' title="bbox 2087 2472 3751 2549">
     <span class='ocr_line' id='line_1_54' title="bbox 2087 2472 3751 2549; baseline -0.004 -14"><span class='ocrx_word' id='word_1_381' title='bbox 2087 2495 2192 2534; x_wconf 88' lang='lat' dir='ltr'>nec</span> <span class='ocrx_word' id='word_1_382' title='bbox 2216 2480 2340 2549; x_wconf 90' lang='lat' dir='ltr'>jam</span> <span class='ocrx_word' id='word_1_383' title='bbox 2374 2475 2592 2532; x_wconf 83' lang='lat' dir='ltr'>similia</span> <span class='ocrx_word' id='word_1_384' title='bbox 2622 2474 2953 2530; x_wconf 87' lang='lat' dir='ltr'>continuari</span> <span class='ocrx_word' id='word_1_385' title='bbox 2983 2472 3133 2529; x_wconf 82' lang='lat' dir='ltr'>volo.</span> <span class='ocrx_word' id='word_1_386' title='bbox 3167 2473 3254 2528; x_wconf 91' lang='lat' dir='ltr'>Ad</span> <span class='ocrx_word' id='word_1_387' title='bbox 3281 2473 3420 2543; x_wconf 90' lang='lat' dir='ltr'>quid</span> <span class='ocrx_word' id='word_1_388' title='bbox 3453 2473 3601 2528; x_wconf 89' lang='lat' dir='ltr'>mihi</span> <span class='ocrx_word' id='word_1_389' title='bbox 3647 2473 3751 2528; x_wconf 86' lang='lat' dir='ltr'>illa</span> 
     </span>
    </p>
   </div>
   <div class='ocr_carea' id='block_1_55' title="bbox 2087 2561 3748 2635">
    <p class='ocr_par' dir='ltr' id='par_1_55' title="bbox 2087 2561 3748 2635">
     <span class='ocr_line' id='line_1_55' title="bbox 2087 2561 3748 2635; baseline -0.004 -13"><span class='ocrx_word' id='word_1_390' title='bbox 2087 2569 2155 2622; x_wconf 91' lang='lat' dir='ltr'>ad</span> <span class='ocrx_word' id='word_1_391' title='bbox 2183 2569 2336 2622; x_wconf 81' lang='lat' dir='ltr'>sacri</span> <span class='ocrx_word' id='word_1_392' title='bbox 2357 2563 2808 2635; x_wconf 86' lang='lat' dir='ltr'>intelligentiam</span> <span class='ocrx_word' id='word_1_393' title='bbox 2840 2568 2897 2618; x_wconf 91' lang='lat' dir='ltr'>et</span> <span class='ocrx_word' id='word_1_394' title='bbox 2917 2561 3101 2633; x_wconf 57' lang='lat' dir='ltr'>tiliam</span> <span class='ocrx_word' id='word_1_395' title='bbox 3133 2577 3312 2632; x_wconf 89' lang='lat' dir='ltr'>quam</span> <span class='ocrx_word' id='word_1_396' title='bbox 3373 2579 3488 2633; x_wconf 57' lang='lat' dir='ltr'>prae</span> <span class='ocrx_word' id='word_1_397' title='bbox 3515 2577 3579 2616; x_wconf 89' lang='lat' dir='ltr'>se</span> <span class='ocrx_word' id='word_1_398' title='bbox 3636 2563 3748 2617; x_wconf 84' lang='lat' dir='ltr'>fert</span> 
     </span>
    </p>
   </div>
   <div class='ocr_carea' id='block_1_56' title="bbox 2085 2653 2773 2727">
    <p class='ocr_par' dir='ltr' id='par_1_56' title="bbox 2085 2653 2773 2727">
     <span class='ocr_line' id='line_1_56' title="bbox 2085 2653 2773 2727; baseline -0.01 -13"><span class='ocrx_word' id='word_1_399' title='bbox 2085 2657 2356 2714; x_wconf 86' lang='lat' dir='ltr'>eximiam</span> <span class='ocrx_word' id='word_1_400' title='bbox 2391 2653 2773 2727; x_wconf 84' lang='lat' dir='ltr'>gravitatem?</span> 
     </span>
    </p>
   </div>
   <div class='ocr_carea' id='block_1_57' title="bbox 2155 2757 3739 2834">
    <p class='ocr_par' dir='ltr' id='par_1_57' title="bbox 2155 2757 3739 2834">
     <span class='ocr_line' id='line_1_57' title="bbox 2155 2757 3739 2834; baseline -0.006 -13"><span class='ocrx_word' id='word_1_401' title='bbox 2155 2765 2440 2821; x_wconf 79' lang='lat' dir='ltr'>Hierocles.</span> <span class='ocrx_word' id='word_1_402' title='bbox 2476 2763 2536 2818; x_wconf 88' lang='lat' dir='ltr'>Id</span> <span class='ocrx_word' id='word_1_403' title='bbox 2563 2762 2780 2834; x_wconf 90' lang='lat' dir='ltr'>ipsum,</span> <span class='ocrx_word' id='word_1_404' title='bbox 2815 2777 2846 2815; x_wconf 90' lang='grc' dir='ltr'>ο</span> <span class='ocrx_word' id='word_1_405' title='bbox 2879 2757 3220 2830; x_wconf 80' lang='lat' dir='ltr'>TheOphile,</span> <span class='ocrx_word' id='word_1_406' title='bbox 3255 2773 3447 2813; x_wconf 85' lang='lat' dir='ltr'>sermo</span> <span class='ocrx_word' id='word_1_407' title='bbox 3500 2758 3739 2813; x_wconf 88' lang='lat' dir='ltr'>demon-</span> 
     </span>
    </p>
   </div>
   <div class='ocr_carea' id='block_1_58' title="bbox 2081 2845 3731 2927">
    <p class='ocr_par' dir='ltr' id='par_1_58' title="bbox 2081 2845 3731 2927">
     <span class='ocr_line' id='line_1_58' title="bbox 2081 2845 3731 2927; baseline -0.006 -15"><span class='ocrx_word' id='word_1_408' title='bbox 2081 2861 2267 2913; x_wconf 87' lang='lat' dir='ltr'>strare</span> <span class='ocrx_word' id='word_1_409' title='bbox 2300 2852 2623 2927; x_wconf 67' lang='lat' dir='ltr'>praesumit,</span> <span class='ocrx_word' id='word_1_410' title='bbox 2652 2867 2765 2906; x_wconf 91' lang='lat' dir='ltr'>non</span> <span class='ocrx_word' id='word_1_411' title='bbox 2795 2849 2993 2903; x_wconf 88' lang='lat' dir='ltr'>minus</span> <span class='ocrx_word' id='word_1_412' title='bbox 3052 2863 3230 2919; x_wconf 89' lang='lat' dir='ltr'>quam</span> <span class='ocrx_word' id='word_1_413' title='bbox 3293 2845 3408 2901; x_wconf 89' lang='lat' dir='ltr'>alia</span> <span class='ocrx_word' id='word_1_414' title='bbox 3465 2845 3731 2902; x_wconf 89' lang='lat' dir='ltr'>divinum</span> 
     </span>
    </p>
   </div>
   <div class='ocr_carea' id='block_1_59' title="bbox 2077 2939 3732 3017">
    <p class='ocr_par' dir='ltr' id='par_1_59' title="bbox 2077 2939 3732 3017">
     <span class='ocr_line' id='line_1_59' title="bbox 2077 2939 3732 3017; baseline -0.007 -16"><span class='ocrx_word' id='word_1_415' title='bbox 2077 2951 2134 3002; x_wconf 92' lang='lat' dir='ltr'>et</span> <span class='ocrx_word' id='word_1_416' title='bbox 2175 2944 2502 3017; x_wconf 81' lang='lat' dir='ltr'>mysticum</span> <span class='ocrx_word' id='word_1_417' title='bbox 2553 2956 2683 2995; x_wconf 87' lang='lat' dir='ltr'>esse</span> <span class='ocrx_word' id='word_1_418' title='bbox 2743 2954 2955 2993; x_wconf 90' lang='lat' dir='ltr'>nomen</span> <span class='ocrx_word' id='word_1_419' title='bbox 3013 2951 3169 2991; x_wconf 84' lang='lat' dir='ltr'>sacer</span> <span class='ocrx_word' id='word_1_420' title='bbox 3235 2939 3294 2990; x_wconf 90' lang='lat' dir='ltr'>et</span> <span class='ocrx_word' id='word_1_421' title='bbox 3365 2950 3732 3006; x_wconf 66' lang='lat' dir='ltr'>quaecunque</span> 
     </span>
    </p>
   </div>
   <div class='ocr_carea' id='block_1_60' title="bbox 2080 3023 3729 3098">
    <p class='ocr_par' dir='ltr' id='par_1_60' title="bbox 2080 3023 3729 3098">
     <span class='ocr_line' id='line_1_60' title="bbox 2080 3023 3729 3098; baseline -0.008 -6"><span class='ocrx_word' id='word_1_422' title='bbox 2080 3035 2212 3092; x_wconf 85' lang='lat' dir='ltr'>huic</span> <span class='ocrx_word' id='word_1_423' title='bbox 2244 3032 2444 3089; x_wconf 76' lang='lat' dir='ltr'>affinis</span> <span class='ocrx_word' id='word_1_424' title='bbox 2474 3035 2633 3098; x_wconf 88' lang='lat' dir='ltr'>sunt,</span> <span class='ocrx_word' id='word_1_425' title='bbox 2679 3027 2922 3092; x_wconf 84' lang='lat' dir='ltr'>sacrari,</span> <span class='ocrx_word' id='word_1_426' title='bbox 2955 3025 3271 3082; x_wconf 84' lang='lat' dir='ltr'>sacerdotio</span> <span class='ocrx_word' id='word_1_427' title='bbox 3323 3023 3513 3096; x_wconf 88' lang='lat' dir='ltr'>fungi,</span> <span class='ocrx_word' id='word_1_428' title='bbox 3571 3027 3630 3079; x_wconf 91' lang='lat' dir='ltr'>et</span> <span class='ocrx_word' id='word_1_429' title='bbox 3676 3024 3729 3080; x_wconf 88' lang='lat' dir='ltr'>si</span> 
     </span>
    </p>
   </div>
   <div class='ocr_carea' id='block_1_61' title="bbox 2073 3123 2731 3198">
    <p class='ocr_par' dir='ltr' id='par_1_61' title="bbox 2073 3123 2731 3198">
     <span class='ocr_line' id='line_1_61' title="bbox 2073 3123 2731 3198; baseline -0.015 -16"><span class='ocrx_word' id='word_1_430' title='bbox 2073 3126 2211 3198; x_wconf 90' lang='lat' dir='ltr'>quid</span> <span class='ocrx_word' id='word_1_431' title='bbox 2245 3124 2402 3180; x_wconf 88' lang='lat' dir='ltr'>aliud</span> <span class='ocrx_word' id='word_1_432' title='bbox 2428 3123 2731 3178; x_wconf 88' lang='lat' dir='ltr'>consonat.</span> 
     </span>
    </p>
   </div>
   <div class='ocr_carea' id='block_1_62' title="bbox 2148 3219 3732 3304">
    <p class='ocr_par' dir='ltr' id='par_1_62' title="bbox 2148 3219 3732 3304">
     <span class='ocr_line' id='line_1_62' title="bbox 2148 3219 3732 3304; baseline -0.009 -15"><span class='ocrx_word' id='word_1_433' title='bbox 2148 3231 2490 3304; x_wconf 78' lang='lat' dir='ltr'>Theophilus.</span> <span class='ocrx_word' id='word_1_434' title='bbox 2527 3223 2889 3283; x_wconf 88' lang='lat' dir='ltr'>Sententiam</span> <span class='ocrx_word' id='word_1_435' title='bbox 2923 3222 3034 3277; x_wconf 88' lang='lat' dir='ltr'>cito</span> <span class='ocrx_word' id='word_1_436' title='bbox 3065 3219 3386 3293; x_wconf 83' lang='lat' dir='ltr'>explicans,</span> <span class='ocrx_word' id='word_1_437' title='bbox 3439 3237 3471 3275; x_wconf 94' lang='grc' dir='ltr'>ο</span> <span class='ocrx_word' id='word_1_438' title='bbox 3529 3219 3732 3276; x_wconf 88' lang='lat' dir='ltr'>Hiero-</span> 
     </span>
    </p>
   </div>
   <div class='ocr_carea' id='block_1_63' title="bbox 315 3305 1992 3395">
    <p class='ocr_par' dir='ltr' id='par_1_63' title="bbox 315 3305 1966 3395">
     <span class='ocr_line' id='line_1_63' title="bbox 315 3305 1966 3395; baseline 0.005 -34"><span class='ocrx_word' id='word_1_439' title='bbox 315 3305 409 3395; x_wconf 88' lang='grc' dir='ltr'>τὸν</span> <span class='ocrx_word' id='word_1_440' title='bbox 439 3311 537 3362; x_wconf 80' lang='grc' dir='ltr'>τοῦ</span> <span class='ocrx_word' id='word_1_441' title='bbox 569 3305 741 3383; x_wconf 86' lang='grc' dir='ltr'>λόγου</span> <span class='ocrx_word' id='word_1_442' title='bbox 772 3309 994 3366; x_wconf 90' lang='grc' dir='ltr'>σκοπόν.</span> <span class='ocrx_word' id='word_1_443' title='bbox 1017 3308 1161 3386; x_wconf 87' lang='grc' dir='ltr'>Ἐγὼ</span> <span class='ocrx_word' id='word_1_444' title='bbox 1192 3310 1296 3386; x_wconf 81' lang='grc' dir='ltr'>γὰρ</span> <span class='ocrx_word' id='word_1_445' title='bbox 1329 3308 1580 3388; x_wconf 82' lang='grc' dir='ltr'>σφαδάζω</span> <span class='ocrx_word' id='word_1_446' title='bbox 1611 3312 1966 3390; x_wconf 74' lang='grc' dir='ltr'>ἀμφαγνοῶν,</span> 
     </span>
    </p>
   </div>
   <div class='ocr_carea' id='block_1_64' title="bbox 2092 3305 3728 3395">
    <p class='ocr_par' dir='ltr' id='par_1_64' title="bbox 2092 3309 3728 3393">
     <span class='ocr_line' id='line_1_64' title="bbox 2092 3309 3728 3393; baseline -0.009 -15"><span class='ocrx_word' id='word_1_447' title='bbox 2092 3318 2560 3393; x_wconf 75' lang='lat' dir='ltr'>31es,t‘estinaad</span> <span class='ocrx_word' id='word_1_448' title='bbox 2593 3330 2836 3387; x_wconf 89' lang='lat' dir='ltr'>scopum</span> <span class='ocrx_word' id='word_1_449' title='bbox 2895 3311 3204 3367; x_wconf 88' lang='lat' dir='ltr'>sermonis.</span> <span class='ocrx_word' id='word_1_450' title='bbox 3256 3311 3374 3382; x_wconf 87' lang='lat' dir='ltr'>Ego</span> <span class='ocrx_word' id='word_1_451' title='bbox 3432 3309 3588 3365; x_wconf 91' lang='lat' dir='ltr'>enim</span> <span class='ocrx_word' id='word_1_452' title='bbox 3639 3309 3728 3364; x_wconf 87' lang='lat' dir='ltr'>in-</span> 
     </span>
    </p>
   </div>
   <div class='ocr_carea' id='block_1_65' title="bbox 317 3394 1968 3480">
    <p class='ocr_par' dir='ltr' id='par_1_65' title="bbox 317 3394 1968 3480">
     <span class='ocr_line' id='line_1_65' title="bbox 317 3394 1968 3480; baseline 0.005 -30"><span class='ocrx_word' id='word_1_453' title='bbox 317 3394 466 3458; x_wconf 79' lang='grc' dir='ltr'>ὅπως</span> <span class='ocrx_word' id='word_1_454' title='bbox 553 3395 613 3452; x_wconf 78' lang='grc' dir='ltr'>ἂν</span> <span class='ocrx_word' id='word_1_455' title='bbox 692 3399 1058 3474; x_wconf 75' lang='grc' dir='ltr'>καταστήσῃς,</span> <span class='ocrx_word' id='word_1_456' title='bbox 1109 3399 1138 3453; x_wconf 79' lang='grc' dir='ltr'>ὃ</span> <span class='ocrx_word' id='word_1_457' title='bbox 1213 3399 1467 3475; x_wconf 77' lang='grc' dir='ltr'>προὲθου,</span> <span class='ocrx_word' id='word_1_458' title='bbox 1521 3401 1610 3456; x_wconf 80' lang='grc' dir='ltr'>καὶ</span> <span class='ocrx_word' id='word_1_459' title='bbox 1680 3401 1778 3458; x_wconf 83' lang='grc' dir='ltr'>οὐκ</span> <span class='ocrx_word' id='word_1_460' title='bbox 1853 3402 1968 3480; x_wconf 79' lang='grc' dir='ltr'>ἔχω</span> 
     </span>
    </p>
   </div>
   <div class='ocr_carea' id='block_1_66' title="bbox 320 3480 1237 3562">
    <p class='ocr_par' dir='ltr' id='par_1_66' title="bbox 320 3480 1237 3562">
     <span class='ocr_line' id='line_1_66' title="bbox 320 3480 1237 3562; baseline 0.008 -22"><span class='ocrx_word' id='word_1_461' title='bbox 320 3480 610 3561; x_wconf 70' lang='grc' dir='ltr'>διαϐλέψαι</span> <span class='ocrx_word' id='word_1_462' title='bbox 641 3487 840 3562; x_wconf 75' lang='grc' dir='ltr'>τρανὲς-</span> <span class='ocrx_word' id='word_1_463' title='bbox 865 3486 940 3552; x_wconf 73' lang='grc' dir='ltr'>εἷς</span> <span class='ocrx_word' id='word_1_464' title='bbox 969 3489 1030 3544; x_wconf 87' lang='grc' dir='ltr'>τὸ</span> <span class='ocrx_word' id='word_1_465' title='bbox 1054 3486 1237 3552; x_wconf 70' lang='grc' dir='ltr'>τέλος.</span> 
     </span>
    </p>
   </div>
   <div class='ocr_carea' id='block_1_67' title="bbox 387 3663 1963 3747">
    <p class='ocr_par' dir='ltr' id='par_1_67' title="bbox 387 3663 1963 3747">
     <span class='ocr_line' id='line_1_67' title="bbox 387 3663 1963 3747; baseline 0.003 -25"><span class='ocrx_word' id='word_1_466' title='bbox 387 3665 456 3735; x_wconf 85' lang='grc' dir='ltr'>η’.</span> <span class='ocrx_word' id='word_1_467' title='bbox 490 3663 790 3741; x_wconf 85' lang='grc' dir='ltr'>Ἱεροκλῆς.</span> <span class='ocrx_word' id='word_1_468' title='bbox 850 3665 1066 3735; x_wconf 65' lang='grc' dir='ltr'>¹Ἄκουε,</span> <span class='ocrx_word' id='word_1_469' title='bbox 1125 3664 1169 3721; x_wconf 86' lang='grc' dir='ltr'>ὦ</span> <span class='ocrx_word' id='word_1_470' title='bbox 1227 3665 1476 3747; x_wconf 87' lang='grc' dir='ltr'>Θεόφιλε.</span> <span class='ocrx_word' id='word_1_471' title='bbox 1535 3668 1638 3723; x_wconf 83' lang='grc' dir='ltr'>Δύο</span> <span class='ocrx_word' id='word_1_472' title='bbox 1694 3674 1861 3726; x_wconf 78' lang='grc' dir='ltr'>ταῦτα</span> <span class='ocrx_word' id='word_1_473' title='bbox 1911 3671 1963 3727; x_wconf 81' lang='grc' dir='ltr'>ἐν</span> 
     </span>
    </p>
   </div>
   <div class='ocr_carea' id='block_1_68' title="bbox 311 3752 1966 3836">
    <p class='ocr_par' dir='ltr' id='par_1_68' title="bbox 311 3752 1966 3836">
     <span class='ocr_line' id='line_1_68' title="bbox 311 3752 1966 3836; baseline 0.004 -27"><span class='ocrx_word' id='word_1_474' title='bbox 311 3759 433 3816; x_wconf 84' lang='grc' dir='ltr'>τοῖς</span> <span class='ocrx_word' id='word_1_475' title='bbox 490 3752 661 3809; x_wconf 84' lang='grc' dir='ltr'>πάλαι</span> <span class='ocrx_word' id='word_1_476' title='bbox 719 3755 850 3809; x_wconf 72' lang='grc' dir='ltr'>ποτὶ</span> <span class='ocrx_word' id='word_1_477' title='bbox 907 3755 1079 3829; x_wconf 81' lang='grc' dir='ltr'>σεμνὰ</span> <span class='ocrx_word' id='word_1_478' title='bbox 1134 3754 1508 3836; x_wconf 82' lang='grc' dir='ltr'>ἐπιφθέγματα</span> <span class='ocrx_word' id='word_1_479' title='bbox 1581 3757 1966 3834; x_wconf 68' lang='grc' dir='ltr'>παραδέδοται,</span> 
     </span>
    </p>
   </div>
   <div class='ocr_carea' id='block_1_69' title="bbox 312 3843 1963 3922">
    <p class='ocr_par' dir='ltr' id='par_1_69' title="bbox 312 3843 1963 3922">
     <span class='ocr_line' id='line_1_69' title="bbox 312 3843 1963 3922; baseline 0.005 -26"><span class='ocrx_word' id='word_1_480' title='bbox 312 3843 488 3920; x_wconf 75' lang='grc' dir='ltr'>γοργά</span> <span class='ocrx_word' id='word_1_481' title='bbox 536 3864 596 3897; x_wconf 80' lang='grc' dir='ltr'>τε</span> <span class='ocrx_word' id='word_1_482' title='bbox 647 3843 736 3897; x_wconf 82' lang='grc' dir='ltr'>καὶ</span> <span class='ocrx_word' id='word_1_483' title='bbox 793 3845 1006 3909; x_wconf 80' lang='grc' dir='ltr'>καθαθά</span> <span class='ocrx_word' id='word_1_484' title='bbox 1061 3847 1160 3916; x_wconf 79' lang='grc' dir='ltr'>τὴν</span> <span class='ocrx_word' id='word_1_485' title='bbox 1193 3846 1500 3922; x_wconf 87' lang='grc' dir='ltr'>ἀπήχησιν,</span> <span class='ocrx_word' id='word_1_486' title='bbox 1532 3847 1698 3903; x_wconf 82' lang='grc' dir='ltr'>εἶκαὶ</span> <span class='ocrx_word' id='word_1_487' title='bbox 1756 3847 1963 3920; x_wconf 76' lang='grc' dir='ltr'>ἄλλως,</span> 
     </span>
    </p>
   </div>
   <div class='ocr_carea' id='block_1_70' title="bbox 314 3931 1966 4013">
    <p class='ocr_par' dir='ltr' id='par_1_70' title="bbox 314 3931 1966 4013">
     <span class='ocr_line' id='line_1_70' title="bbox 314 3931 1966 4013; baseline 0.003 -25"><span class='ocrx_word' id='word_1_488' title='bbox 314 3931 381 3988; x_wconf 76' lang='grc' dir='ltr'>οὗ</span> <span class='ocrx_word' id='word_1_489' title='bbox 440 3931 728 4006; x_wconf 83' lang='grc' dir='ltr'>λάμποντα</span> <span class='ocrx_word' id='word_1_490' title='bbox 784 3935 921 4010; x_wconf 91' lang='grc' dir='ltr'>πρὸς</span> <span class='ocrx_word' id='word_1_491' title='bbox 975 3937 1290 4013; x_wconf 81' lang='grc' dir='ltr'>σαφήνειαν,</span> <span class='ocrx_word' id='word_1_492' title='bbox 1322 3937 1384 3990; x_wconf 86' lang='grc' dir='ltr'>τὸ</span> <span class='ocrx_word' id='word_1_493' title='bbox 1420 3937 1473 3990; x_wconf 66' lang='lat' dir='ltr'>is</span> <span class='ocrx_word' id='word_1_494' title='bbox 1529 3938 1618 3991; x_wconf 83' lang='grc' dir='ltr'>καὶ</span> <span class='ocrx_word' id='word_1_495' title='bbox 1649 3939 1710 3992; x_wconf 86' lang='grc' dir='ltr'>τὸ</span> <span class='ocrx_word' id='word_1_496' title='bbox 1751 3937 1829 4009; x_wconf 82' lang='grc' dir='ltr'>ἰή.</span> <span class='ocrx_word' id='word_1_497' title='bbox 1866 3939 1966 3997; x_wconf 85' lang='grc' dir='ltr'>Καὶ</span> 
     </span>
    </p>
   </div>
   <div class='ocr_carea' id='block_1_71' title="bbox 311 4019 1967 4101">
    <p class='ocr_par' dir='ltr' id='par_1_71' title="bbox 311 4019 1967 4101">
     <span class='ocr_line' id='line_1_71' title="bbox 311 4019 1967 4101; baseline 0.003 -23"><span class='ocrx_word' id='word_1_498' title='bbox 311 4022 379 4078; x_wconf 88' lang='grc' dir='ltr'>τὸ</span> <span class='ocrx_word' id='word_1_499' title='bbox 438 4022 533 4096; x_wconf 77' lang='grc' dir='ltr'>μὲν</span> <span class='ocrx_word' id='word_1_500' title='bbox 575 4019 629 4077; x_wconf 71' lang='grc' dir='ltr'>ἵε</span> <span class='ocrx_word' id='word_1_501' title='bbox 678 4019 829 4077; x_wconf 86' lang='grc' dir='ltr'>δοκεῖ</span> <span class='ocrx_word' id='word_1_502' title='bbox 897 4024 1382 4101; x_wconf 83' lang='grc' dir='ltr'>παρακεκεύεσθαι,</span> <span class='ocrx_word' id='word_1_503' title='bbox 1431 4025 1568 4080; x_wconf 85' lang='grc' dir='ltr'>καθά</span> <span class='ocrx_word' id='word_1_504' title='bbox 1614 4047 1720 4082; x_wconf 89' lang='grc' dir='ltr'>που</span> <span class='ocrx_word' id='word_1_505' title='bbox 1767 4027 1855 4082; x_wconf 82' lang='grc' dir='ltr'>καὶ</span> <span class='ocrx_word' id='word_1_506' title='bbox 1907 4029 1967 4083; x_wconf 88' lang='grc' dir='ltr'>τὸ</span> 
     </span>
    </p>
   </div>
   <div class='ocr_carea' id='block_1_72' title="bbox 310 4109 1966 4190">
    <p class='ocr_par' dir='ltr' id='par_1_72' title="bbox 310 4109 1966 4190">
     <span class='ocr_line' id='line_1_72' title="bbox 310 4109 1966 4190; baseline 0.003 -24"><span class='ocrx_word' id='word_1_507' title='bbox 310 4109 488 4188; x_wconf 66' lang='grc' dir='ltr'>ἄγρει,</span> <span class='ocrx_word' id='word_1_508' title='bbox 520 4113 609 4167; x_wconf 83' lang='grc' dir='ltr'>καὶ</span> <span class='ocrx_word' id='word_1_509' title='bbox 657 4113 719 4167; x_wconf 85' lang='grc' dir='ltr'>τὸ</span> <span class='ocrx_word' id='word_1_510' title='bbox 770 4114 918 4188; x_wconf 69' lang='grc' dir='ltr'>φερε,</span> <span class='ocrx_word' id='word_1_511' title='bbox 949 4114 1040 4168; x_wconf 88' lang='grc' dir='ltr'>καὶ</span> <span class='ocrx_word' id='word_1_512' title='bbox 1078 4113 1141 4169; x_wconf 87' lang='grc' dir='ltr'>τὸ</span> <span class='ocrx_word' id='word_1_513' title='bbox 1193 4111 1304 4190; x_wconf 73' lang='grc' dir='ltr'>ἅγεο</span> <span class='ocrx_word' id='word_1_514' title='bbox 1339 4115 1426 4169; x_wconf 85' lang='grc' dir='ltr'>καὶ</span> <span class='ocrx_word' id='word_1_515' title='bbox 1466 4109 1606 4169; x_wconf 78' lang='grc' dir='ltr'>ἔστιν</span> <span class='ocrx_word' id='word_1_516' title='bbox 1657 4114 1820 4171; x_wconf 78' lang='grc' dir='ltr'>αὐτοῦ</span> <span class='ocrx_word' id='word_1_517' title='bbox 1869 4139 1966 4188; x_wconf 84' lang='grc' dir='ltr'>ση-</span> 
     </span>
    </p>
   </div>
   <div class='ocr_carea' id='block_1_73' title="bbox 315 4200 1970 4280">
    <p class='ocr_par' dir='ltr' id='par_1_73' title="bbox 315 4200 1970 4280">
     <span class='ocr_line' id='line_1_73' title="bbox 315 4200 1970 4280; baseline 0.004 -26"><span class='ocrx_word' id='word_1_518' title='bbox 315 4200 484 4273; x_wconf 84' lang='grc' dir='ltr'>μασία</span> <span class='ocrx_word' id='word_1_519' title='bbox 506 4202 568 4256; x_wconf 89' lang='grc' dir='ltr'>τὸ</span> <span class='ocrx_word' id='word_1_520' title='bbox 600 4202 804 4275; x_wconf 70' lang='grc' dir='ltr'>πέμπε.</span> <span class='ocrx_word' id='word_1_521' title='bbox 830 4204 922 4257; x_wconf 87' lang='grc' dir='ltr'>Διὸ</span> <span class='ocrx_word' id='word_1_522' title='bbox 977 4203 1065 4258; x_wconf 87' lang='grc' dir='ltr'>καὶ</span> <span class='ocrx_word' id='word_1_523' title='bbox 1124 4201 1328 4265; x_wconf 74' lang='grc' dir='ltr'>δασέως</span> <span class='ocrx_word' id='word_1_524' title='bbox 1374 4209 1730 4280; x_wconf 85' lang='grc' dir='ltr'>προσπνεῖται</span> <span class='ocrx_word' id='word_1_525' title='bbox 1779 4208 1814 4274; x_wconf 79' lang='grc' dir='ltr'>ἡ</span> <span class='ocrx_word' id='word_1_526' title='bbox 1871 4212 1970 4276; x_wconf 85' lang='grc' dir='ltr'>τῆς</span> 
     </span>
    </p>
   </div>
   <div class='ocr_carea' id='block_1_74' title="bbox 316 4288 1968 4367">
    <p class='ocr_par' dir='ltr' id='par_1_74' title="bbox 316 4288 1968 4367">
     <span class='ocr_line' id='line_1_74' title="bbox 316 4288 1968 4367; baseline 0.003 -23"><span class='ocrx_word' id='word_1_527' title='bbox 316 4288 515 4360; x_wconf 66' lang='grc' dir='ltr'>λέξεως</span> <span class='ocrx_word' id='word_1_528' title='bbox 567 4291 836 4367; x_wconf 76' lang='grc' dir='ltr'>ἄρχουσα.</span> <span class='ocrx_word' id='word_1_529' title='bbox 867 4291 936 4346; x_wconf 86' lang='grc' dir='ltr'>Τὸ</span> <span class='ocrx_word' id='word_1_530' title='bbox 988 4289 1045 4347; x_wconf 69' lang='grc' dir='ltr'>δὲ</span> <span class='ocrx_word' id='word_1_531' title='bbox 1095 4291 1150 4362; x_wconf 81' lang='grc' dir='ltr'><strong>ἱή</strong></span> <span class='ocrx_word' id='word_1_532' title='bbox 1203 4293 1266 4347; x_wconf 84' lang='grc' dir='ltr'>οὐ</span> <span class='ocrx_word' id='word_1_533' title='bbox 1313 4292 1560 4348; x_wconf 80' lang='grc' dir='ltr'>τοιοῦτόν</span> <span class='ocrx_word' id='word_1_534' title='bbox 1595 4291 1704 4349; x_wconf 76' lang='grc' dir='ltr'>ἔστι</span> <span class='ocrx_word' id='word_1_535' title='bbox 1731 4297 1844 4349; x_wconf 84' lang='grc' dir='ltr'>κατ’</span> <span class='ocrx_word' id='word_1_536' title='bbox 1878 4295 1968 4349; x_wconf 83' lang='grc' dir='ltr'>ού-</span> 
     </span>
    </p>
   </div>
   <div class='ocr_carea' id='block_1_75' title="bbox 311 4375 1969 4460">
    <p class='ocr_par' dir='ltr' id='par_1_75' title="bbox 311 4375 1969 4460">
     <span class='ocr_line' id='line_1_75' title="bbox 311 4375 1969 4460; baseline 0.003 -26"><span class='ocrx_word' id='word_1_537' title='bbox 311 4375 425 4434; x_wconf 74' lang='grc' dir='ltr'>δένο</span> <span class='ocrx_word' id='word_1_538' title='bbox 460 4377 584 4435; x_wconf 75' lang='grc' dir='ltr'>οὕτε</span> <span class='ocrx_word' id='word_1_539' title='bbox 628 4381 730 4458; x_wconf 82' lang='grc' dir='ltr'>γὰρ</span> <span class='ocrx_word' id='word_1_540' title='bbox 781 4379 1055 4456; x_wconf 74' lang='grc' dir='ltr'>κέλευσμά</span> <span class='ocrx_word' id='word_1_541' title='bbox 1098 4403 1147 4437; x_wconf 92' lang='grc' dir='ltr'>τι</span> <span class='ocrx_word' id='word_1_542' title='bbox 1199 4381 1472 4460; x_wconf 77' lang='grc' dir='ltr'>ἐμφαίνει,</span> <span class='ocrx_word' id='word_1_543' title='bbox 1501 4379 1629 4439; x_wconf 73' lang='grc' dir='ltr'>οὐδὲ</span> <span class='ocrx_word' id='word_1_544' title='bbox 1681 4383 1787 4456; x_wconf 78' lang='grc' dir='ltr'>μὴν</span> <span class='ocrx_word' id='word_1_545' title='bbox 1840 4381 1969 4439; x_wconf 79' lang='grc' dir='ltr'>δασὺ</span> 
     </span>
    </p>
   </div>
   <div class='ocr_carea' id='block_1_76' title="bbox 307 4464 1970 4546">
    <p class='ocr_par' dir='ltr' id='par_1_76' title="bbox 307 4464 1970 4546">
     <span class='ocr_line' id='line_1_76' title="bbox 307 4464 1970 4546; baseline 0.002 -21"><span class='ocrx_word' id='word_1_546' title='bbox 307 4474 526 4543; x_wconf 80' lang='grc' dir='ltr'>πνεῦμα</span> <span class='ocrx_word' id='word_1_547' title='bbox 592 4464 730 4546; x_wconf 82' lang='grc' dir='ltr'>ἔχει.</span> <span class='ocrx_word' id='word_1_548' title='bbox 787 4471 1166 4530; x_wconf 87' lang='grc' dir='ltr'>Ἐπιλαλεῖται</span> <span class='ocrx_word' id='word_1_549' title='bbox 1231 4474 1345 4527; x_wconf 88' lang='grc' dir='ltr'>κατ’</span> <span class='ocrx_word' id='word_1_550' title='bbox 1420 4471 1828 4546; x_wconf 81' lang='grc' dir='ltr'>ἐνθουσιασμόν.</span> <span class='ocrx_word' id='word_1_551' title='bbox 1871 4475 1970 4529; x_wconf 88' lang='grc' dir='ltr'>Καὶ</span> 
     </span>
    </p>
   </div>
   <div class='ocr_carea' id='block_1_77' title="bbox 309 4560 1970 4640">
    <p class='ocr_par' dir='ltr' id='par_1_77' title="bbox 309 4560 1970 4640">
     <span class='ocr_line' id='line_1_77' title="bbox 309 4560 1970 4640; baseline 0.003 -26"><span class='ocrx_word' id='word_1_552' title='bbox 309 4564 408 4614; x_wconf 81' lang='grc' dir='ltr'>τοῦ</span> <span class='ocrx_word' id='word_1_553' title='bbox 471 4561 564 4633; x_wconf 71' lang='grc' dir='ltr'>μὲν</span> <span class='ocrx_word' id='word_1_554' title='bbox 627 4561 848 4637; x_wconf 87' lang='grc' dir='ltr'>πρώτου</span> <span class='ocrx_word' id='word_1_555' title='bbox 905 4560 1175 4633; x_wconf 81' lang='grc' dir='ltr'>ὑπόδειξις</span> <span class='ocrx_word' id='word_1_556' title='bbox 1228 4561 1280 4618; x_wconf 82' lang='grc' dir='ltr'>ἐν</span> <span class='ocrx_word' id='word_1_557' title='bbox 1323 4568 1403 4636; x_wconf 75' lang='grc' dir='ltr'>τῷ</span> <span class='ocrx_word' id='word_1_558' title='bbox 1439 4561 1513 4632; x_wconf 65' lang='grc' dir='ltr'>ἵε,</span> <span class='ocrx_word' id='word_1_559' title='bbox 1545 4569 1663 4630; x_wconf 83' lang='grc' dir='ltr'>παῖ,</span> <span class='ocrx_word' id='word_1_560' title='bbox 1696 4561 1827 4640; x_wconf 81' lang='grc' dir='ltr'>ὅπερ</span> <span class='ocrx_word' id='word_1_561' title='bbox 1859 4563 1970 4619; x_wconf 74' lang='grc' dir='ltr'>ἐστὶ</span> 
     </span>
    </p>
   </div>
   <div class='ocr_carea' id='block_1_78' title="bbox 312 4648 1970 4729">
    <p class='ocr_par' dir='ltr' id='par_1_78' title="bbox 312 4648 1970 4729">
     <span class='ocr_line' id='line_1_78' title="bbox 312 4648 1970 4729; baseline 0.003 -27"><span class='ocrx_word' id='word_1_562' title='bbox 312 4649 518 4722; x_wconf 72' lang='grc' dir='ltr'>πέμπε,</span> <span class='ocrx_word' id='word_1_563' title='bbox 547 4649 582 4719; x_wconf 71' lang='grc' dir='ltr'><strong>ἢ</strong></span> <span class='ocrx_word' id='word_1_564' title='bbox 619 4649 781 4726; x_wconf 71' lang='grc' dir='ltr'>βέλος</span> <span class='ocrx_word' id='word_1_565' title='bbox 813 4648 1071 4722; x_wconf 84' lang='grc' dir='ltr'>δηλονότι</span> <span class='ocrx_word' id='word_1_566' title='bbox 1118 4649 1423 4728; x_wconf 79' lang='grc' dir='ltr'>ἐπίκουρον,</span> <span class='ocrx_word' id='word_1_567' title='bbox 1455 4653 1492 4722; x_wconf 76' lang='grc' dir='ltr'><strong>ἢ</strong></span> <span class='ocrx_word' id='word_1_568' title='bbox 1542 4650 1682 4708; x_wconf 67' lang='grc' dir='ltr'>ἄλλο</span> <span class='ocrx_word' id='word_1_569' title='bbox 1730 4675 1783 4707; x_wconf 91' lang='grc' dir='ltr'>τι</span> <span class='ocrx_word' id='word_1_570' title='bbox 1841 4655 1970 4729; x_wconf 90' lang='grc' dir='ltr'>βοη-</span> 
     </span>
    </p>
   </div>
   <div class='ocr_carea' id='block_1_79' title="bbox 2080 3399 3733 3484">
    <p class='ocr_par' dir='ltr' id='par_1_79' title="bbox 2080 3399 3733 3484">
     <span class='ocr_line' id='line_1_79' title="bbox 2080 3399 3733 3484; baseline -0.009 -16"><span class='ocrx_word' id='word_1_571' title='bbox 2080 3413 2317 3484; x_wconf 83' lang='lat' dir='ltr'>quietus</span> <span class='ocrx_word' id='word_1_572' title='bbox 2377 3413 2430 3465; x_wconf 85' lang='lat' dir='ltr'>et</span> <span class='ocrx_word' id='word_1_573' title='bbox 2488 3405 2696 3463; x_wconf 88' lang='lat' dir='ltr'>anxius</span> <span class='ocrx_word' id='word_1_574' title='bbox 2753 3419 2909 3468; x_wconf 90' lang='lat' dir='ltr'>sum,</span> <span class='ocrx_word' id='word_1_575' title='bbox 2968 3401 3151 3456; x_wconf 88' lang='lat' dir='ltr'>donec</span> <span class='ocrx_word' id='word_1_576' title='bbox 3183 3399 3412 3454; x_wconf 85' lang='lat' dir='ltr'>videam</span> <span class='ocrx_word' id='word_1_577' title='bbox 3437 3399 3733 3470; x_wconf 89' lang='lat' dir='ltr'>quomodo</span> 
     </span>
    </p>
   </div>
   <div class='ocr_carea' id='block_1_80' title="bbox 2077 3487 3730 3567">
    <p class='ocr_par' dir='ltr' id='par_1_80' title="bbox 2077 3487 3730 3567">
     <span class='ocr_line' id='line_1_80' title="bbox 2077 3487 3730 3567; baseline -0.008 -10"><span class='ocrx_word' id='word_1_578' title='bbox 2077 3498 2456 3557; x_wconf 85' lang='lat' dir='ltr'>constitueris</span> <span class='ocrx_word' id='word_1_579' title='bbox 2487 3497 2543 3551; x_wconf 90' lang='lat' dir='ltr'>id</span> <span class='ocrx_word' id='word_1_580' title='bbox 2580 3494 2733 3567; x_wconf 90' lang='lat' dir='ltr'>quod</span> <span class='ocrx_word' id='word_1_581' title='bbox 2757 3489 3138 3565; x_wconf 86' lang='lat' dir='ltr'>proposuisti,</span> <span class='ocrx_word' id='word_1_582' title='bbox 3173 3505 3363 3560; x_wconf 88' lang='lat' dir='ltr'>neque</span> <span class='ocrx_word' id='word_1_583' title='bbox 3419 3487 3582 3545; x_wconf 89' lang='lat' dir='ltr'>valeo</span> <span class='ocrx_word' id='word_1_584' title='bbox 3624 3505 3730 3544; x_wconf 88' lang='lat' dir='ltr'>us-</span> 
     </span>
    </p>
   </div>
   <div class='ocr_carea' id='block_1_81' title="bbox 2079 3580 3506 3664">
    <p class='ocr_par' dir='ltr' id='par_1_81' title="bbox 2079 3580 3506 3664">
     <span class='ocr_line' id='line_1_81' title="bbox 2079 3580 3506 3664; baseline -0.012 -17"><span class='ocrx_word' id='word_1_585' title='bbox 2079 3608 2191 3655; x_wconf 89' lang='lat' dir='ltr'>que</span> <span class='ocrx_word' id='word_1_586' title='bbox 2225 3589 2293 3644; x_wconf 85' lang='lat' dir='ltr'>ad</span> <span class='ocrx_word' id='word_1_587' title='bbox 2333 3589 2506 3642; x_wconf 78' lang='lat' dir='ltr'>linem</span> <span class='ocrx_word' id='word_1_588' title='bbox 2541 3584 2696 3641; x_wconf 88' lang='lat' dir='ltr'>clare</span> <span class='ocrx_word' id='word_1_589' title='bbox 2728 3580 3058 3654; x_wconf 77' lang='lat' dir='ltr'>perspicere</span> <span class='ocrx_word' id='word_1_590' title='bbox 3504 3662 3506 3664; x_wconf 15' lang='grc' dir='ltr'><strong>Ι</strong></span> 
     </span>
    </p>
   </div>
   <div class='ocr_carea' id='block_1_82' title="bbox 2147 3665 3727 3741">
    <p class='ocr_par' dir='ltr' id='par_1_82' title="bbox 2147 3665 3727 3741">
     <span class='ocr_line' id='line_1_82' title="bbox 2147 3665 3727 3741; baseline -0.01 -7"><span class='ocrx_word' id='word_1_591' title='bbox 2147 3681 2200 3734; x_wconf 90' lang='grc'>8.</span> <span class='ocrx_word' id='word_1_592' title='bbox 2235 3677 2524 3734; x_wconf 75' lang='lat' dir='ltr'>Hierocles.</span> <span class='ocrx_word' id='word_1_593' title='bbox 2553 3672 2727 3739; x_wconf 81' lang='lat' dir='ltr'>Audi,</span> <span class='ocrx_word' id='word_1_594' title='bbox 2760 3687 2792 3726; x_wconf 93' lang='grc' dir='ltr'>ο</span> <span class='ocrx_word' id='word_1_595' title='bbox 2821 3667 3158 3741; x_wconf 87' lang='lat' dir='ltr'>Theophile.</span> <span class='ocrx_word' id='word_1_596' title='bbox 3195 3668 3328 3722; x_wconf 75' lang='lat' dir='ltr'>Duae</span> <span class='ocrx_word' id='word_1_597' title='bbox 3379 3665 3531 3720; x_wconf 89' lang='lat' dir='ltr'>inter</span> <span class='ocrx_word' id='word_1_598' title='bbox 3571 3668 3727 3719; x_wconf 88' lang='lat' dir='ltr'>vete-</span> 
     </span>
    </p>
   </div>
   <div class='ocr_carea' id='block_1_83' title="bbox 2077 3753 3738 3824">
    <p class='ocr_par' dir='ltr' id='par_1_83' title="bbox 2077 3753 3738 3824">
     <span class='ocr_line' id='line_1_83' title="bbox 2077 3753 3738 3824; baseline -0.008 -1"><span class='ocrx_word' id='word_1_599' title='bbox 2077 3785 2170 3824; x_wconf 83' lang='lat' dir='ltr'>res</span> <span class='ocrx_word' id='word_1_600' title='bbox 2201 3765 2540 3824; x_wconf 63' lang='lat' dir='ltr'>venerandae</span> <span class='ocrx_word' id='word_1_601' title='bbox 2574 3779 2744 3818; x_wconf 83' lang='lat' dir='ltr'>voces</span> <span class='ocrx_word' id='word_1_602' title='bbox 2774 3759 3002 3814; x_wconf 66' lang='lat' dir='ltr'>traditae</span> <span class='ocrx_word' id='word_1_603' title='bbox 3036 3762 3199 3823; x_wconf 89' lang='lat' dir='ltr'>sunt,</span> <span class='ocrx_word' id='word_1_604' title='bbox 3223 3761 3428 3812; x_wconf 87' lang='lat' dir='ltr'>tenues</span> <span class='ocrx_word' id='word_1_605' title='bbox 3460 3759 3516 3810; x_wconf 88' lang='lat' dir='ltr'>et</span> <span class='ocrx_word' id='word_1_606' title='bbox 3569 3753 3738 3810; x_wconf 70' lang='lat' dir='ltr'>clare:</span> 
     </span>
    </p>
   </div>
   <div class='ocr_carea' id='block_1_84' title="bbox 2077 3843 3734 3930">
    <p class='ocr_par' dir='ltr' id='par_1_84' title="bbox 2077 3843 3734 3930">
     <span class='ocr_line' id='line_1_84' title="bbox 2077 3843 3734 3930; baseline -0.01 -16"><span class='ocrx_word' id='word_1_607' title='bbox 2077 3857 2269 3930; x_wconf 90' lang='lat' dir='ltr'>quoad</span> <span class='ocrx_word' id='word_1_608' title='bbox 2304 3872 2533 3920; x_wconf 86' lang='lat' dir='ltr'>sonum,</span> <span class='ocrx_word' id='word_1_609' title='bbox 2571 3851 2706 3907; x_wconf 87' lang='lat' dir='ltr'>licet</span> <span class='ocrx_word' id='word_1_610' title='bbox 2731 3847 3080 3919; x_wconf 81' lang='lat' dir='ltr'>caeteroquin</span> <span class='ocrx_word' id='word_1_611' title='bbox 3130 3863 3244 3901; x_wconf 91' lang='lat' dir='ltr'>non</span> <span class='ocrx_word' id='word_1_612' title='bbox 3304 3845 3449 3900; x_wconf 89' lang='lat' dir='ltr'>satis</span> <span class='ocrx_word' id='word_1_613' title='bbox 3502 3843 3734 3915; x_wconf 89' lang='lat' dir='ltr'>perspi-</span> 
     </span>
    </p>
   </div>
   <div class='ocr_carea' id='block_1_85' title="bbox 2077 3932 3734 4010">
    <p class='ocr_par' dir='ltr' id='par_1_85' title="bbox 2077 3932 3734 4010">
     <span class='ocr_line' id='line_1_85' title="bbox 2077 3932 3734 4010; baseline -0.01 -8"><span class='ocrx_word' id='word_1_614' title='bbox 2077 3964 2220 4008; x_wconf 79' lang='lat' dir='ltr'>cuae.</span> <span class='ocrx_word' id='word_1_615' title='bbox 2274 3944 2369 4000; x_wconf 89' lang='lat' dir='ltr'>hic</span> <span class='ocrx_word' id='word_1_616' title='bbox 2429 3948 2486 3997; x_wconf 92' lang='lat' dir='ltr'>et</span> <span class='ocrx_word' id='word_1_617' title='bbox 2516 3941 2568 3996; x_wconf 85' lang='lat' dir='ltr'>ié</span> <span class='ocrx_word' id='word_1_618' title='bbox 2621 3935 2710 4010; x_wconf 68' lang='lat' dir='ltr'>(is,</span> <span class='ocrx_word' id='word_1_619' title='bbox 2771 3937 2874 4006; x_wconf 81' lang='grc' dir='ltr'>ἰή).</span> <span class='ocrx_word' id='word_1_620' title='bbox 2936 3937 3098 3991; x_wconf 89' lang='lat' dir='ltr'>Prior</span> <span class='ocrx_word' id='word_1_621' title='bbox 3154 3933 3452 3989; x_wconf 86' lang='lat' dir='ltr'>adhortari</span> <span class='ocrx_word' id='word_1_622' title='bbox 3484 3932 3734 4002; x_wconf 90' lang='lat' dir='ltr'>videtur,</span> 
     </span>
    </p>
   </div>
   <div class='ocr_carea' id='block_1_86' title="bbox 2076 4020 3728 4103">
    <p class='ocr_par' dir='ltr' id='par_1_86' title="bbox 2076 4020 3728 4103">
     <span class='ocr_line' id='line_1_86' title="bbox 2076 4020 3728 4103; baseline -0.008 -13"><span class='ocrx_word' id='word_1_623' title='bbox 2076 4031 2580 4103; x_wconf 88' lang='lat' dir='ltr'>quemadmodum</span> <span class='ocrx_word' id='word_1_624' title='bbox 2614 4044 2740 4100; x_wconf 86' lang='lat' dir='ltr'>age,</span> <span class='ocrx_word' id='word_1_625' title='bbox 2767 4027 3040 4099; x_wconf 87' lang='lat' dir='ltr'>agedum,</span> <span class='ocrx_word' id='word_1_626' title='bbox 3071 4029 3128 4079; x_wconf 87' lang='lat' dir='ltr'>et</span> <span class='ocrx_word' id='word_1_627' title='bbox 3158 4022 3318 4078; x_wconf 90' lang='lat' dir='ltr'>illius</span> <span class='ocrx_word' id='word_1_628' title='bbox 3377 4020 3728 4094; x_wconf 82' lang='lat' dir='ltr'>signiﬁcatio</span> 
     </span>
    </p>
   </div>
   <div class='ocr_carea' id='block_1_87' title="bbox 2077 4110 3745 4188">
    <p class='ocr_par' dir='ltr' id='par_1_87' title="bbox 2077 4110 3745 4188">
     <span class='ocr_line' id='line_1_87' title="bbox 2077 4110 3745 4188; baseline -0.01 -8"><span class='ocrx_word' id='word_1_629' title='bbox 2077 4128 2166 4180; x_wconf 88' lang='lat' dir='ltr'>est</span> <span class='ocrx_word' id='word_1_630' title='bbox 2194 4123 2366 4176; x_wconf 81' lang='lat' dir='ltr'>mille.</span> <span class='ocrx_word' id='word_1_631' title='bbox 2453 4119 2706 4188; x_wconf 82' lang='lat' dir='ltr'>Ideoque</span> <span class='ocrx_word' id='word_1_632' title='bbox 2745 4131 2950 4186; x_wconf 89' lang='lat' dir='ltr'>aspero</span> <span class='ocrx_word' id='word_1_633' title='bbox 2995 4116 3235 4168; x_wconf 87' lang='lat' dir='ltr'>notatur</span> <span class='ocrx_word' id='word_1_634' title='bbox 3287 4111 3496 4182; x_wconf 86' lang='lat' dir='ltr'>spiritu</span> <span class='ocrx_word' id='word_1_635' title='bbox 3551 4110 3745 4181; x_wconf 89' lang='lat' dir='ltr'>prima</span> 
     </span>
    </p>
   </div>
   <div class='ocr_carea' id='block_1_88' title="bbox 2075 4197 3733 4272">
    <p class='ocr_par' dir='ltr' id='par_1_88' title="bbox 2075 4197 3733 4272">
     <span class='ocr_line' id='line_1_88' title="bbox 2075 4197 3733 4272; baseline -0.009 -5"><span class='ocrx_word' id='word_1_636' title='bbox 2075 4210 2234 4267; x_wconf 92' lang='lat' dir='ltr'>vocis</span> <span class='ocrx_word' id='word_1_637' title='bbox 2265 4210 2480 4264; x_wconf 90' lang='lat' dir='ltr'>littera.</span> <span class='ocrx_word' id='word_1_638' title='bbox 2511 4206 2632 4260; x_wconf 91' lang='lat' dir='ltr'>Vox</span> <span class='ocrx_word' id='word_1_639' title='bbox 2664 4210 2860 4260; x_wconf 90' lang='lat' dir='ltr'>autem</span> <span class='ocrx_word' id='word_1_640' title='bbox 2923 4200 2978 4270; x_wconf 80' lang='grc' dir='ltr'>ἰή</span> <span class='ocrx_word' id='word_1_641' title='bbox 3036 4217 3279 4272; x_wconf 89' lang='lat' dir='ltr'>prorsus</span> <span class='ocrx_word' id='word_1_642' title='bbox 3337 4197 3550 4253; x_wconf 74' lang='lat' dir='ltr'>differt.</span> <span class='ocrx_word' id='word_1_643' title='bbox 3605 4197 3733 4252; x_wconf 88' lang='lat' dir='ltr'>Non</span> 
     </span>
    </p>
   </div>
   <div class='ocr_carea' id='block_1_89' title="bbox 2078 4288 3733 4363">
    <p class='ocr_par' dir='ltr' id='par_1_89' title="bbox 2078 4288 3733 4363">
     <span class='ocr_line' id='line_1_89' title="bbox 2078 4288 3733 4363; baseline -0.01 -7"><span class='ocrx_word' id='word_1_644' title='bbox 2078 4301 2234 4356; x_wconf 90' lang='lat' dir='ltr'>enim</span> <span class='ocrx_word' id='word_1_645' title='bbox 2282 4296 2752 4354; x_wconf 88' lang='lat' dir='ltr'>adhortationem</span> <span class='ocrx_word' id='word_1_646' title='bbox 2818 4291 3112 4363; x_wconf 83' lang='lat' dir='ltr'>significat</span> <span class='ocrx_word' id='word_1_647' title='bbox 3159 4288 3248 4344; x_wconf 91' lang='lat' dir='ltr'>vel</span> <span class='ocrx_word' id='word_1_648' title='bbox 3302 4289 3565 4359; x_wconf 87' lang='lat' dir='ltr'>jussum,</span> <span class='ocrx_word' id='word_1_649' title='bbox 3627 4303 3733 4341; x_wconf 77' lang='lat' dir='ltr'>nec</span> 
     </span>
    </p>
   </div>
   <div class='ocr_carea' id='block_1_90' title="bbox 2081 4376 3742 4461">
    <p class='ocr_par' dir='ltr' id='par_1_90' title="bbox 2081 4376 3742 4461">
     <span class='ocr_line' id='line_1_90' title="bbox 2081 4376 3742 4461; baseline -0.009 -16"><span class='ocrx_word' id='word_1_650' title='bbox 2081 4405 2351 4461; x_wconf 90' lang='lat' dir='ltr'>asperum</span> <span class='ocrx_word' id='word_1_651' title='bbox 2384 4386 2560 4441; x_wconf 87' lang='lat' dir='ltr'>habet</span> <span class='ocrx_word' id='word_1_652' title='bbox 2590 4383 2868 4454; x_wconf 88' lang='lat' dir='ltr'>spiritum</span> <span class='ocrx_word' id='word_1_653' title='bbox 2901 4383 2997 4437; x_wconf 83' lang='lat' dir='ltr'>:et</span> <span class='ocrx_word' id='word_1_654' title='bbox 3025 4378 3224 4432; x_wconf 90' lang='lat' dir='ltr'>divino</span> <span class='ocrx_word' id='word_1_655' title='bbox 3258 4376 3540 4432; x_wconf 88' lang='lat' dir='ltr'>instinctu</span> <span class='ocrx_word' id='word_1_656' title='bbox 3604 4391 3742 4448; x_wconf 86' lang='lat' dir='ltr'>pro-</span> 
     </span>
    </p>
   </div>
   <div class='ocr_carea' id='block_1_91' title="bbox 2079 4464 3738 4548">
    <p class='ocr_par' dir='ltr' id='par_1_91' title="bbox 2079 4464 3738 4548">
     <span class='ocr_line' id='line_1_91' title="bbox 2079 4464 3738 4548; baseline -0.008 -14"><span class='ocrx_word' id='word_1_657' title='bbox 2079 4480 2284 4535; x_wconf 83' lang='lat' dir='ltr'>fertur.</span> <span class='ocrx_word' id='word_1_658' title='bbox 2315 4478 2385 4531; x_wconf 87' lang='lat' dir='ltr'>Et</span> <span class='ocrx_word' id='word_1_659' title='bbox 2416 4475 2572 4548; x_wconf 89' lang='lat' dir='ltr'>prior</span> <span class='ocrx_word' id='word_1_660' title='bbox 2595 4471 2831 4545; x_wconf 89' lang='lat' dir='ltr'>quidem</span> <span class='ocrx_word' id='word_1_661' title='bbox 2865 4471 3105 4542; x_wconf 86' lang='lat' dir='ltr'>apparet</span> <span class='ocrx_word' id='word_1_662' title='bbox 3156 4467 3214 4521; x_wconf 88' lang='lat' dir='ltr'>in</span> <span class='ocrx_word' id='word_1_663' title='bbox 3277 4466 3383 4522; x_wconf 86' lang='lat' dir='ltr'>hac</span> <span class='ocrx_word' id='word_1_664' title='bbox 3425 4464 3680 4520; x_wconf 86' lang='lat' dir='ltr'>dictione</span> <span class='ocrx_word' id='word_1_665' title='bbox 3724 4482 3738 4521; x_wconf 89' lang='lat'><strong>:</strong></span> 
     </span>
    </p>
   </div>
   <div class='ocr_carea' id='block_1_92' title="bbox 2075 4554 3726 4636">
    <p class='ocr_par' dir='ltr' id='par_1_92' title="bbox 2075 4554 3726 4636">
     <span class='ocr_line' id='line_1_92' title="bbox 2075 4554 3726 4636; baseline -0.007 -15"><span class='ocrx_word' id='word_1_666' title='bbox 2075 4565 2302 4636; x_wconf 69' lang='grc' dir='ltr'>’ίε,παῖ,</span> <span class='ocrx_word' id='word_1_667' title='bbox 2366 4566 2474 4620; x_wconf 90' lang='lat' dir='ltr'>hoc</span> <span class='ocrx_word' id='word_1_668' title='bbox 2533 4569 2642 4630; x_wconf 87' lang='lat' dir='ltr'>est,</span> <span class='ocrx_word' id='word_1_669' title='bbox 2703 4561 2866 4616; x_wconf 80' lang='lat' dir='ltr'>mitte</span> <span class='ocrx_word' id='word_1_670' title='bbox 2935 4575 3038 4614; x_wconf 89' lang='lat' dir='ltr'>seu</span> <span class='ocrx_word' id='word_1_671' title='bbox 3120 4557 3369 4628; x_wconf 87' lang='lat' dir='ltr'>porrige,</span> <span class='ocrx_word' id='word_1_672' title='bbox 3442 4554 3726 4609; x_wconf 86' lang='lat' dir='ltr'>nimirum</span> 
     </span>
    </p>
   </div>
   <div class='ocr_carea' id='block_1_93' title="bbox 2082 4643 3730 4719">
    <p class='ocr_par' dir='ltr' id='par_1_93' title="bbox 2082 4643 3730 4719">
     <span class='ocr_line' id='line_1_93' title="bbox 2082 4643 3730 4719; baseline -0.008 -7"><span class='ocrx_word' id='word_1_673' title='bbox 2082 4657 2264 4712; x_wconf 89' lang='lat' dir='ltr'>telum</span> <span class='ocrx_word' id='word_1_674' title='bbox 2293 4653 2572 4710; x_wconf 79' lang='lat' dir='ltr'>auxiliare</span> <span class='ocrx_word' id='word_1_675' title='bbox 2605 4657 2708 4706; x_wconf 88' lang='lat' dir='ltr'>aut</span> <span class='ocrx_word' id='word_1_676' title='bbox 2738 4649 2895 4705; x_wconf 87' lang='lat' dir='ltr'>aliud</span> <span class='ocrx_word' id='word_1_677' title='bbox 2927 4647 3068 4719; x_wconf 89' lang='lat' dir='ltr'>quid</span> <span class='ocrx_word' id='word_1_678' title='bbox 3102 4643 3730 4712; x_wconf 87' lang='lat' dir='ltr'>subsidiarium,unde</span> 
     </span>
    </p>
   </div>
   <div class='ocr_carea' id='block_1_94' title="bbox 318 4703 1992 4816">
    <p class='ocr_par' dir='ltr' id='par_1_94' title="bbox 318 4703 1962 4816">
     <span class='ocr_line' id='line_1_94' title="bbox 318 4703 1962 4816; baseline 0.004 -24"><span class='ocrx_word' id='word_1_679' title='bbox 318 4739 563 4808; x_wconf 85' lang='grc' dir='ltr'>θητικόν’</span> <span class='ocrx_word' id='word_1_680' title='bbox 598 4703 689 4816; x_wconf 48' lang='grc' dir='ltr'>ἐφ’</span> <span class='ocrx_word' id='word_1_681' title='bbox 719 4737 884 4813; x_wconf 74' lang='grc' dir='ltr'>οὗπερ</span> <span class='ocrx_word' id='word_1_682' title='bbox 930 4741 994 4797; x_wconf 82' lang='grc' dir='ltr'>οὐ</span> <span class='ocrx_word' id='word_1_683' title='bbox 1047 4742 1212 4815; x_wconf 92' lang='grc' dir='ltr'>μόνον</span> <span class='ocrx_word' id='word_1_684' title='bbox 1240 4703 1395 4804; x_wconf 42' lang='grc' dir='ltr'>’Ήίίος</span> <span class='ocrx_word' id='word_1_685' title='bbox 1433 4743 1460 4797; x_wconf 91' lang='lat'>6</span> <span class='ocrx_word' id='word_1_686' title='bbox 1511 4743 1681 4804; x_wconf 80' lang='grc' dir='ltr'>οὕτως</span> <span class='ocrx_word' id='word_1_687' title='bbox 1739 4703 1868 4811; x_wconf 50' lang='grc' dir='ltr'>ἱεὶςῗ</span> <span class='ocrx_word' id='word_1_688' title='bbox 1893 4743 1962 4798; x_wconf 80' lang='grc' dir='ltr'>εἰ·</span> 
     </span>
    </p>
   </div>
   <div class='ocr_carea' id='block_1_95' title="bbox 2092 4703 3745 4816">
    <p class='ocr_par' dir='ltr' id='par_1_95' title="bbox 2092 4731 3745 4806">
     <span class='ocr_line' id='line_1_95' title="bbox 2092 4731 3745 4806; baseline -0.01 -5"><span class='ocrx_word' id='word_1_689' title='bbox 2092 4747 2374 4802; x_wconf 84' lang='lat' dir='ltr'>lerivatur</span> <span class='ocrx_word' id='word_1_690' title='bbox 2406 4759 2518 4797; x_wconf 92' lang='lat' dir='ltr'>non</span> <span class='ocrx_word' id='word_1_691' title='bbox 2552 4741 2740 4797; x_wconf 89' lang='lat' dir='ltr'>solum</span> <span class='ocrx_word' id='word_1_692' title='bbox 2774 4736 2921 4806; x_wconf 74' lang='grc' dir='ltr'>ἤϊος,</span> <span class='ocrx_word' id='word_1_693' title='bbox 2958 4738 3012 4791; x_wconf 88' lang='lat' dir='ltr'>id</span> <span class='ocrx_word' id='word_1_694' title='bbox 3047 4740 3137 4792; x_wconf 86' lang='lat' dir='ltr'>est</span> <span class='ocrx_word' id='word_1_695' title='bbox 3186 4734 3287 4806; x_wconf 87' lang='lat' dir='ltr'>qui</span> <span class='ocrx_word' id='word_1_696' title='bbox 3343 4733 3428 4788; x_wconf 91' lang='lat' dir='ltr'>sic</span> <span class='ocrx_word' id='word_1_697' title='bbox 3489 4731 3745 4804; x_wconf 88' lang='lat' dir='ltr'>porrigit</span> 
     </span>
    </p>
   </div>
   <div class='ocr_carea' id='block_1_96' title="bbox 314 4825 1964 4908">
    <p class='ocr_par' dir='ltr' id='par_1_96' title="bbox 314 4825 1964 4908">
     <span class='ocr_line' id='line_1_96' title="bbox 314 4825 1964 4908; baseline 0.002 -25"><span class='ocrx_word' id='word_1_698' title='bbox 314 4833 436 4883; x_wconf 86' lang='grc' dir='ltr'>πεῖν</span> <span class='ocrx_word' id='word_1_699' title='bbox 492 4825 550 4884; x_wconf 66' lang='grc' dir='ltr'>δὲ</span> <span class='ocrx_word' id='word_1_700' title='bbox 595 4830 809 4899; x_wconf 86' lang='grc' dir='ltr'>ταυτὸν,</span> <span class='ocrx_word' id='word_1_701' title='bbox 840 4829 1015 4908; x_wconf 74' lang='grc' dir='ltr'>ἀφιεὶς</span> <span class='ocrx_word' id='word_1_702' title='bbox 1065 4831 1200 4907; x_wconf 88' lang='grc' dir='ltr'>πρὸς</span> <span class='ocrx_word' id='word_1_703' title='bbox 1245 4832 1521 4905; x_wconf 88' lang='grc' dir='ltr'>βοήθειαν,</span> <span class='ocrx_word' id='word_1_704' title='bbox 1557 4833 1630 4893; x_wconf 86' lang='grc' dir='ltr'>ὡς</span> <span class='ocrx_word' id='word_1_705' title='bbox 1689 4829 1840 4907; x_wconf 78' lang='grc' dir='ltr'>εἷ’περ</span> <span class='ocrx_word' id='word_1_706' title='bbox 1899 4832 1964 4900; x_wconf 76' lang='grc' dir='ltr'>ἦν</span> 
     </span>
    </p>
   </div>
   <div class='ocr_carea' id='block_1_97' title="bbox 313 4915 1968 4995">
    <p class='ocr_par' dir='ltr' id='par_1_97' title="bbox 313 4915 1968 4995">
     <span class='ocr_line' id='line_1_97' title="bbox 313 4915 1968 4995; baseline 0.001 -22"><span class='ocrx_word' id='word_1_707' title='bbox 313 4919 487 4989; x_wconf 80' lang='grc' dir='ltr'>Ἱήϊος</span> <span class='ocrx_word' id='word_1_708' title='bbox 515 4917 568 4974; x_wconf 76' lang='grc' dir='ltr'>ἐν</span> <span class='ocrx_word' id='word_1_709' title='bbox 628 4916 847 4995; x_wconf 84' lang='grc' dir='ltr'>τετράδι</span> <span class='ocrx_word' id='word_1_710' title='bbox 902 4915 1217 4975; x_wconf 72' lang='grc' dir='ltr'>συΛλαϐῶψ</span> <span class='ocrx_word' id='word_1_711' title='bbox 1255 4919 1402 4975; x_wconf 76' lang='grc' dir='ltr'>ἀλλὰ</span> <span class='ocrx_word' id='word_1_712' title='bbox 1457 4921 1546 4975; x_wconf 83' lang='grc' dir='ltr'>καὶ</span> <span class='ocrx_word' id='word_1_713' title='bbox 1590 4919 1775 4991; x_wconf 69' lang='grc' dir='ltr'>’ίλαος,</span> <span class='ocrx_word' id='word_1_714' title='bbox 1807 4923 1835 4976; x_wconf 87' lang='lat'>6</span> <span class='ocrx_word' id='word_1_715' title='bbox 1866 4921 1968 4984; x_wconf 79' lang='grc' dir='ltr'>ἱεὶς</span> 
     </span>
    </p>
   </div>
   <div class='ocr_carea' id='block_1_98' title="bbox 315 5005 1969 5086">
    <p class='ocr_par' dir='ltr' id='par_1_98' title="bbox 315 5005 1969 5086">
     <span class='ocr_line' id='line_1_98' title="bbox 315 5005 1969 5086; baseline 0.001 -23"><span class='ocrx_word' id='word_1_716' title='bbox 315 5005 533 5079; x_wconf 85' lang='grc' dir='ltr'>δηλαδή</span> <span class='ocrx_word' id='word_1_717' title='bbox 571 5007 797 5084; x_wconf 74' lang='grc' dir='ltr'>βλέμμα</span> <span class='ocrx_word' id='word_1_718' title='bbox 828 5009 1120 5086; x_wconf 88' lang='grc' dir='ltr'>θειότερον.</span> <span class='ocrx_word' id='word_1_719' title='bbox 1154 5012 1265 5066; x_wconf 79' lang='grc' dir='ltr'>Τοῦ</span> <span class='ocrx_word' id='word_1_720' title='bbox 1298 5011 1424 5085; x_wconf 80' lang='grc' dir='ltr'>ὁρᾷν</span> <span class='ocrx_word' id='word_1_721' title='bbox 1454 5010 1557 5085; x_wconf 82' lang='grc' dir='ltr'>γὰρ</span> <span class='ocrx_word' id='word_1_722' title='bbox 1591 5009 1666 5072; x_wconf 83' lang='grc' dir='ltr'>εἰς</span> <span class='ocrx_word' id='word_1_723' title='bbox 1718 5011 1774 5065; x_wconf 84' lang='grc' dir='ltr'>τὸ</span> <span class='ocrx_word' id='word_1_724' title='bbox 1822 5008 1969 5065; x_wconf 88' lang='grc' dir='ltr'>λάειν</span> 
     </span>
    </p>
   </div>
   <div class='ocr_carea' id='block_1_99' title="bbox 315 5095 1966 5176">
    <p class='ocr_par' dir='ltr' id='par_1_99' title="bbox 315 5095 1966 5176">
     <span class='ocr_line' id='line_1_99' title="bbox 315 5095 1966 5176; baseline 0.002 -24"><span class='ocrx_word' id='word_1_725' title='bbox 315 5095 786 5172; x_wconf 78' lang='grc' dir='ltr'>μετειλημμὲνου,</span> <span class='ocrx_word' id='word_1_726' title='bbox 839 5096 924 5170; x_wconf 81' lang='grc' dir='ltr'>εἶή</span> <span class='ocrx_word' id='word_1_727' title='bbox 973 5098 1032 5154; x_wconf 80' lang='grc' dir='ltr'>ἂν</span> <span class='ocrx_word' id='word_1_728' title='bbox 1072 5096 1258 5172; x_wconf 63' lang='grc' dir='ltr'>ἵλαος,</span> <span class='ocrx_word' id='word_1_729' title='bbox 1308 5099 1588 5176; x_wconf 85' lang='grc' dir='ltr'>πρώτιστα</span> <span class='ocrx_word' id='word_1_730' title='bbox 1633 5099 1726 5174; x_wconf 74' lang='grc' dir='ltr'>μὲν</span> <span class='ocrx_word' id='word_1_731' title='bbox 1759 5099 1910 5174; x_wconf 84' lang='grc' dir='ltr'>Θεὸς,</span> <span class='ocrx_word' id='word_1_732' title='bbox 1939 5101 1966 5155; x_wconf 86' lang='lat'>6</span> 
     </span>
    </p>
   </div>
   <div class='ocr_carea' id='block_1_100' title="bbox 309 5185 1965 5263">
    <p class='ocr_par' dir='ltr' id='par_1_100' title="bbox 309 5185 1965 5263">
     <span class='ocr_line' id='line_1_100' title="bbox 309 5185 1965 5263; baseline 0.001 -21"><span class='ocrx_word' id='word_1_733' title='bbox 309 5188 672 5263; x_wconf 71' lang='grc' dir='ltr'>παντίφορος,</span> <span class='ocrx_word' id='word_1_734' title='bbox 706 5188 766 5250; x_wconf 79' lang='grc' dir='ltr'>ὃς</span> <span class='ocrx_word' id='word_1_735' title='bbox 821 5188 912 5244; x_wconf 86' lang='grc' dir='ltr'>καὶ</span> <span class='ocrx_word' id='word_1_736' title='bbox 968 5185 1157 5260; x_wconf 80' lang='grc' dir='ltr'>ἱλήκοι</span> <span class='ocrx_word' id='word_1_737' title='bbox 1187 5194 1303 5252; x_wconf 87' lang='grc' dir='ltr'>τοῖς</span> <span class='ocrx_word' id='word_1_738' title='bbox 1355 5210 1413 5244; x_wconf 88' lang='grc' dir='ltr'>τε</span> <span class='ocrx_word' id='word_1_739' title='bbox 1455 5188 1625 5261; x_wconf 77' lang='grc' dir='ltr'>ἀξίοις</span> <span class='ocrx_word' id='word_1_740' title='bbox 1673 5189 1762 5244; x_wconf 87' lang='grc' dir='ltr'>καὶ</span> <span class='ocrx_word' id='word_1_741' title='bbox 1810 5192 1965 5262; x_wconf 73' lang='grc' dir='ltr'>ἡμῖν,</span> 
     </span>
    </p>
   </div>
   <div class='ocr_carea' id='block_1_101' title="bbox 312 5275 1966 5353">
    <p class='ocr_par' dir='ltr' id='par_1_101' title="bbox 312 5275 1966 5353">
     <span class='ocr_line' id='line_1_101' title="bbox 312 5275 1966 5353; baseline 0.001 -22"><span class='ocrx_word' id='word_1_742' title='bbox 312 5276 426 5331; x_wconf 79' lang='grc' dir='ltr'>εἶτα</span> <span class='ocrx_word' id='word_1_743' title='bbox 455 5277 546 5332; x_wconf 87' lang='grc' dir='ltr'>καὶ</span> <span class='ocrx_word' id='word_1_744' title='bbox 593 5277 621 5331; x_wconf 93' lang='lat'>6</span> <span class='ocrx_word' id='word_1_745' title='bbox 673 5277 808 5351; x_wconf 85' lang='grc' dir='ltr'>πρὸς</span> <span class='ocrx_word' id='word_1_746' title='bbox 862 5279 990 5332; x_wconf 89' lang='grc' dir='ltr'>Θεὸν</span> <span class='ocrx_word' id='word_1_747' title='bbox 1044 5275 1369 5353; x_wconf 83' lang='grc' dir='ltr'>διορατικῶς</span> <span class='ocrx_word' id='word_1_748' title='bbox 1411 5276 1832 5352; x_wconf 85' lang='grc' dir='ltr'>ἐκτυπούμενος.</span> <span class='ocrx_word' id='word_1_749' title='bbox 1863 5279 1966 5334; x_wconf 87' lang='grc' dir='ltr'>Καὶ</span> 
     </span>
    </p>
   </div>
   <div class='ocr_carea' id='block_1_102' title="bbox 313 5362 1964 5442">
    <p class='ocr_par' dir='ltr' id='par_1_102' title="bbox 313 5362 1964 5442">
     <span class='ocr_line' id='line_1_102' title="bbox 313 5362 1964 5442; baseline 0.001 -22"><span class='ocrx_word' id='word_1_750' title='bbox 313 5365 457 5420; x_wconf 76' lang='grc' dir='ltr'>οὕτω</span> <span class='ocrx_word' id='word_1_751' title='bbox 510 5367 606 5439; x_wconf 75' lang='grc' dir='ltr'>μὲν</span> <span class='ocrx_word' id='word_1_752' title='bbox 639 5365 695 5421; x_wconf 80' lang='grc' dir='ltr'>ἐν</span> <span class='ocrx_word' id='word_1_753' title='bbox 748 5362 953 5440; x_wconf 68' lang='grc' dir='ltr'>ἰδαφίω</span> <span class='ocrx_word' id='word_1_754' title='bbox 984 5367 1202 5442; x_wconf 84' lang='grc' dir='ltr'>ἀρχαίῳ</span> <span class='ocrx_word' id='word_1_755' title='bbox 1230 5367 1290 5422; x_wconf 86' lang='grc' dir='ltr'>τὸ</span> <span class='ocrx_word' id='word_1_756' title='bbox 1334 5365 1388 5421; x_wconf 69' lang='grc' dir='ltr'>’ίε</span> <span class='ocrx_word' id='word_1_757' title='bbox 1435 5368 1678 5442; x_wconf 81' lang='grc' dir='ltr'>κείμενον</span> <span class='ocrx_word' id='word_1_758' title='bbox 1733 5365 1964 5439; x_wconf 82' lang='grc' dir='ltr'>παροιδὲ-</span> 
     </span>
    </p>
   </div>
   <div class='ocr_carea' id='block_1_103' title="bbox 314 5451 1963 5532">
    <p class='ocr_par' dir='ltr' id='par_1_103' title="bbox 314 5451 1963 5532">
     <span class='ocr_line' id='line_1_103' title="bbox 314 5451 1963 5532; baseline 0.001 -23"><span class='ocrx_word' id='word_1_759' title='bbox 314 5452 540 5512; x_wconf 82' lang='grc' dir='ltr'>δεικται.</span> <span class='ocrx_word' id='word_1_760' title='bbox 582 5459 686 5510; x_wconf 73' lang='grc' dir='ltr'>Τοῦ</span> <span class='ocrx_word' id='word_1_761' title='bbox 741 5451 799 5508; x_wconf 73' lang='grc' dir='ltr'>δὲ</span> <span class='ocrx_word' id='word_1_762' title='bbox 848 5453 903 5524; x_wconf 81' lang='grc' dir='ltr'>ίὴ</span> <span class='ocrx_word' id='word_1_763' title='bbox 963 5453 1299 5532; x_wconf 73' lang='grc' dir='ltr'>πλατυτέρας</span> <span class='ocrx_word' id='word_1_764' title='bbox 1353 5453 1520 5526; x_wconf 68' lang='grc' dir='ltr'>οὔσης</span> <span class='ocrx_word' id='word_1_765' title='bbox 1573 5457 1624 5511; x_wconf 83' lang='grc' dir='ltr'>ἐν</span> <span class='ocrx_word' id='word_1_766' title='bbox 1683 5461 1806 5518; x_wconf 86' lang='grc' dir='ltr'>τοῖς</span> <span class='ocrx_word' id='word_1_767' title='bbox 1863 5477 1963 5510; x_wconf 84' lang='grc' dir='ltr'>πα-</span> 
     </span>
    </p>
   </div>
   <div class='ocr_carea' id='block_1_104' title="bbox 315 5543 1962 5623">
    <p class='ocr_par' dir='ltr' id='par_1_104' title="bbox 315 5543 1962 5623">
     <span class='ocr_line' id='line_1_104' title="bbox 315 5543 1962 5623; baseline -0.001 -24"><span class='ocrx_word' id='word_1_768' title='bbox 315 5543 494 5606; x_wconf 87' lang='grc' dir='ltr'>λαιοῖς</span> <span class='ocrx_word' id='word_1_769' title='bbox 546 5549 849 5623; x_wconf 81' lang='grc' dir='ltr'>προφορᾶς,</span> <span class='ocrx_word' id='word_1_770' title='bbox 892 5545 1190 5621; x_wconf 85' lang='grc' dir='ltr'>πρόχειρος</span> <span class='ocrx_word' id='word_1_771' title='bbox 1236 5549 1269 5616; x_wconf 77' lang='grc' dir='ltr'>ἡ</span> <span class='ocrx_word' id='word_1_772' title='bbox 1323 5545 1373 5600; x_wconf 83' lang='grc' dir='ltr'>ἐν</span> <span class='ocrx_word' id='word_1_773' title='bbox 1418 5552 1496 5619; x_wconf 80' lang='grc' dir='ltr'>τῷ</span> <span class='ocrx_word' id='word_1_774' title='bbox 1535 5546 1614 5618; x_wconf 79' lang='grc' dir='ltr'>ἰὴ,</span> <span class='ocrx_word' id='word_1_775' title='bbox 1667 5546 1860 5615; x_wconf 85' lang='grc' dir='ltr'>παιὼν,</span> <span class='ocrx_word' id='word_1_776' title='bbox 1903 5545 1962 5601; x_wconf 80' lang='grc' dir='ltr'>οὖ</span> 
     </span>
    </p>
   </div>
   <div class='ocr_carea' id='block_1_105' title="bbox 317 5629 1960 5712">
    <p class='ocr_par' dir='ltr' id='par_1_105' title="bbox 317 5629 1960 5712">
     <span class='ocr_line' id='line_1_105' title="bbox 317 5629 1960 5712; baseline 0.002 -26"><span class='ocrx_word' id='word_1_777' title='bbox 317 5629 560 5704; x_wconf 85' lang='grc' dir='ltr'>δήλωσις</span> <span class='ocrx_word' id='word_1_778' title='bbox 612 5633 993 5707; x_wconf 82' lang='grc' dir='ltr'>μεταληπτική</span> <span class='ocrx_word' id='word_1_779' title='bbox 1035 5635 1096 5690; x_wconf 87' lang='grc' dir='ltr'>τὸ</span> <span class='ocrx_word' id='word_1_780' title='bbox 1136 5637 1180 5689; x_wconf 84' lang='grc' dir='ltr'>ὦ</span> <span class='ocrx_word' id='word_1_781' title='bbox 1219 5637 1537 5712; x_wconf 77' lang='grc' dir='ltr'>θεραπευτὰ,</span> <span class='ocrx_word' id='word_1_782' title='bbox 1582 5632 1636 5690; x_wconf 80' lang='grc' dir='ltr'>εἷ’</span> <span class='ocrx_word' id='word_1_783' title='bbox 1676 5657 1758 5699; x_wconf 88' lang='grc' dir='ltr'>τις</span> <span class='ocrx_word' id='word_1_784' title='bbox 1811 5635 1960 5699; x_wconf 80' lang='grc' dir='ltr'>ἐνθυ-</span> 
     </span>
    </p>
   </div>
   <div class='ocr_carea' id='block_1_106' title="bbox 321 5722 1959 5801">
    <p class='ocr_par' dir='ltr' id='par_1_106' title="bbox 321 5722 1959 5801">
     <span class='ocr_line' id='line_1_106' title="bbox 321 5722 1959 5801; baseline 0.002 -26"><span class='ocrx_word' id='word_1_785' title='bbox 321 5727 502 5794; x_wconf 85' lang='grc' dir='ltr'>μοῖτο,</span> <span class='ocrx_word' id='word_1_786' title='bbox 549 5727 759 5778; x_wconf 82' lang='grc' dir='ltr'>παιῶνα</span> <span class='ocrx_word' id='word_1_787' title='bbox 803 5728 992 5779; x_wconf 76' lang='grc' dir='ltr'>τοῦτον</span> <span class='ocrx_word' id='word_1_788' title='bbox 1035 5722 1279 5800; x_wconf 70' lang='grc' dir='ltr'>λέγεσθαι</span> <span class='ocrx_word' id='word_1_789' title='bbox 1329 5727 1422 5780; x_wconf 86' lang='grc' dir='ltr'>τὸν</span> <span class='ocrx_word' id='word_1_790' title='bbox 1489 5726 1745 5801; x_wconf 77' lang='grc' dir='ltr'>ἰατρικῶς</span> <span class='ocrx_word' id='word_1_791' title='bbox 1805 5727 1959 5800; x_wconf 79' lang='grc' dir='ltr'>θερα-</span> 
     </span>
    </p>
   </div>
   <div class='ocr_carea' id='block_1_107' title="bbox 319 5810 1958 5893">
    <p class='ocr_par' dir='ltr' id='par_1_107' title="bbox 319 5810 1958 5893">
     <span class='ocr_line' id='line_1_107' title="bbox 319 5810 1958 5893; baseline 0.002 -28"><span class='ocrx_word' id='word_1_792' title='bbox 319 5810 548 5868; x_wconf 87' lang='grc' dir='ltr'>πεύοντα</span> <span class='ocrx_word' id='word_1_793' title='bbox 581 5829 592 5843; x_wconf 89' lang='grc'><strong>·</strong></span> <span class='ocrx_word' id='word_1_794' title='bbox 653 5812 742 5868; x_wconf 87' lang='grc' dir='ltr'>καὶ</span> <span class='ocrx_word' id='word_1_795' title='bbox 799 5810 971 5870; x_wconf 71' lang='grc' dir='ltr'>ἔοικεν</span> <span class='ocrx_word' id='word_1_796' title='bbox 1032 5813 1172 5871; x_wconf 67' lang='grc' dir='ltr'>ΐοισιν</span> <span class='ocrx_word' id='word_1_797' title='bbox 1247 5815 1610 5891; x_wconf 84' lang='grc' dir='ltr'>ὑπεσχῆσθαι,</span> <span class='ocrx_word' id='word_1_798' title='bbox 1661 5815 1696 5887; x_wconf 68' lang='grc' dir='ltr'><strong>ἢ</strong></span> <span class='ocrx_word' id='word_1_799' title='bbox 1753 5817 1958 5893; x_wconf 82' lang='grc' dir='ltr'>προκὰ-</span> 
     </span>
    </p>
   </div>
   <div class='ocr_carea' id='block_1_108' title="bbox 2079 4821 3728 4892">
    <p class='ocr_par' dir='ltr' id='par_1_108' title="bbox 2079 4821 3728 4892">
     <span class='ocr_line' id='line_1_108' title="bbox 2079 4821 3728 4892; baseline -0.008 -1"><span class='ocrx_word' id='word_1_800' title='bbox 2079 4852 2180 4891; x_wconf 90' lang='lat' dir='ltr'>seu</span> <span class='ocrx_word' id='word_1_801' title='bbox 2216 4833 2400 4889; x_wconf 86' lang='lat' dir='ltr'>mittit</span> <span class='ocrx_word' id='word_1_802' title='bbox 2430 4832 2501 4886; x_wconf 90' lang='lat' dir='ltr'>ad</span> <span class='ocrx_word' id='word_1_803' title='bbox 2535 4828 2843 4892; x_wconf 84' lang='lat' dir='ltr'>auxilium,</span> <span class='ocrx_word' id='word_1_804' title='bbox 2877 4825 3035 4881; x_wconf 87' lang='lat' dir='ltr'>velut</span> <span class='ocrx_word' id='word_1_805' title='bbox 3090 4825 3140 4880; x_wconf 87' lang='lat' dir='ltr'>si</span> <span class='ocrx_word' id='word_1_806' title='bbox 3203 4828 3362 4879; x_wconf 85' lang='lat' dir='ltr'>esset</span> <span class='ocrx_word' id='word_1_807' title='bbox 3416 4821 3563 4891; x_wconf 84' lang='grc' dir='ltr'>ἱήϊος</span> <span class='ocrx_word' id='word_1_808' title='bbox 3616 4839 3728 4877; x_wconf 85' lang='lat' dir='ltr'>vox</span> 
     </span>
    </p>
   </div>
   <div class='ocr_carea' id='block_1_109' title="bbox 2079 4911 3730 4996">
    <p class='ocr_par' dir='ltr' id='par_1_109' title="bbox 2079 4911 3730 4996">
     <span class='ocr_line' id='line_1_109' title="bbox 2079 4911 3730 4996; baseline -0.008 -17"><span class='ocrx_word' id='word_1_809' title='bbox 2079 4920 2537 4996; x_wconf 81' lang='lat' dir='ltr'>quadrisyllaba,</span> <span class='ocrx_word' id='word_1_810' title='bbox 2573 4919 2673 4974; x_wconf 89' lang='lat' dir='ltr'>sed</span> <span class='ocrx_word' id='word_1_811' title='bbox 2707 4917 2877 4972; x_wconf 79' lang='lat' dir='ltr'>etiam</span> <span class='ocrx_word' id='word_1_812' title='bbox 2904 4911 3089 4983; x_wconf 65' lang='grc' dir='ltr'>ἵλαος,</span> <span class='ocrx_word' id='word_1_813' title='bbox 3121 4913 3233 4967; x_wconf 88' lang='lat' dir='ltr'>hoc</span> <span class='ocrx_word' id='word_1_814' title='bbox 3270 4915 3361 4966; x_wconf 87' lang='lat' dir='ltr'>est</span> <span class='ocrx_word' id='word_1_815' title='bbox 3408 4928 3507 4981; x_wconf 82' lang='lat' dir='ltr'>qui</span> <span class='ocrx_word' id='word_1_816' title='bbox 3564 4911 3730 4965; x_wconf 88' lang='lat' dir='ltr'>vultu</span> 
     </span>
    </p>
   </div>
   <div class='ocr_carea' id='block_1_110' title="bbox 2078 4999 3736 5084">
    <p class='ocr_par' dir='ltr' id='par_1_110' title="bbox 2078 4999 3736 5084">
     <span class='ocr_line' id='line_1_110' title="bbox 2078 4999 3736 5084; baseline -0.008 -16"><span class='ocrx_word' id='word_1_817' title='bbox 2078 5008 2513 5084; x_wconf 85' lang='lat' dir='ltr'>supernaturali</span> <span class='ocrx_word' id='word_1_818' title='bbox 2545 5007 2778 5079; x_wconf 86' lang='lat' dir='ltr'>aspicit.</span> <span class='ocrx_word' id='word_1_819' title='bbox 2814 5007 2959 5060; x_wconf 90' lang='lat' dir='ltr'>Cum</span> <span class='ocrx_word' id='word_1_820' title='bbox 2993 5003 3150 5059; x_wconf 86' lang='lat' dir='ltr'>enim</span> <span class='ocrx_word' id='word_1_821' title='bbox 3181 5001 3310 5072; x_wconf 85' lang='grc' dir='ltr'>ὁρᾷν</span> <span class='ocrx_word' id='word_1_822' title='bbox 3371 5000 3610 5084; x_wconf 85' lang='lat' dir='ltr'>(videre)</span> <span class='ocrx_word' id='word_1_823' title='bbox 3673 4999 3736 5054; x_wconf 90' lang='lat' dir='ltr'>in</span> 
     </span>
    </p>
   </div>
   <div class='ocr_carea' id='block_1_111' title="bbox 2077 5083 3737 5172">
    <p class='ocr_par' dir='ltr' id='par_1_111' title="bbox 2077 5083 3737 5172">
     <span class='ocr_line' id='line_1_111' title="bbox 2077 5083 3737 5172; baseline -0.007 -18"><span class='ocrx_word' id='word_1_824' title='bbox 2077 5083 2226 5154; x_wconf 77' lang='grc' dir='ltr'>λάειν</span> <span class='ocrx_word' id='word_1_825' title='bbox 2261 5097 2565 5172; x_wconf 86' lang='lat' dir='ltr'>(aspicere)</span> <span class='ocrx_word' id='word_1_826' title='bbox 2600 5098 2989 5163; x_wconf 87' lang='lat' dir='ltr'>transmutas,</span> <span class='ocrx_word' id='word_1_827' title='bbox 3045 5096 3168 5146; x_wconf 87' lang='lat' dir='ltr'>tum</span> <span class='ocrx_word' id='word_1_828' title='bbox 3223 5087 3335 5145; x_wconf 86' lang='lat' dir='ltr'>erit</span> <span class='ocrx_word' id='word_1_829' title='bbox 3384 5083 3548 5148; x_wconf 67' lang='grc' dir='ltr'>’ίλαος</span> <span class='ocrx_word' id='word_1_830' title='bbox 3599 5087 3737 5160; x_wconf 88' lang='lat' dir='ltr'>(cle-</span> 
     </span>
    </p>
   </div>
   <div class='ocr_carea' id='block_1_112' title="bbox 2077 5176 3738 5262">
    <p class='ocr_par' dir='ltr' id='par_1_112' title="bbox 2077 5176 3738 5262">
     <span class='ocr_line' id='line_1_112' title="bbox 2077 5176 3738 5262; baseline -0.008 -17"><span class='ocrx_word' id='word_1_831' title='bbox 2077 5189 2268 5262; x_wconf 89' lang='lat' dir='ltr'>mens)</span> <span class='ocrx_word' id='word_1_832' title='bbox 2299 5189 2553 5262; x_wconf 89' lang='lat' dir='ltr'>primum</span> <span class='ocrx_word' id='word_1_833' title='bbox 2586 5186 2762 5254; x_wconf 90' lang='lat' dir='ltr'>Deus,</span> <span class='ocrx_word' id='word_1_834' title='bbox 2797 5182 2996 5239; x_wconf 88' lang='lat' dir='ltr'>omnia</span> <span class='ocrx_word' id='word_1_835' title='bbox 3026 5178 3376 5252; x_wconf 88' lang='lat' dir='ltr'>inspiciens,</span> <span class='ocrx_word' id='word_1_836' title='bbox 3409 5176 3508 5250; x_wconf 92' lang='lat' dir='ltr'>qui</span> <span class='ocrx_word' id='word_1_837' title='bbox 3541 5181 3599 5232; x_wconf 87' lang='lat' dir='ltr'>et</span> <span class='ocrx_word' id='word_1_838' title='bbox 3644 5177 3703 5232; x_wconf 92' lang='lat' dir='ltr'>di</span> <span class='ocrx_word' id='word_1_839' title='bbox 3734 5207 3738 5211; x_wconf 91' lang='lat'><strong>-</strong></span> 
     </span>
    </p>
   </div>
   <div class='ocr_carea' id='block_1_113' title="bbox 2076 5265 3735 5351">
    <p class='ocr_par' dir='ltr' id='par_1_113' title="bbox 2076 5265 3735 5351">
     <span class='ocr_line' id='line_1_113' title="bbox 2076 5265 3735 5351; baseline -0.008 -16"><span class='ocrx_word' id='word_1_840' title='bbox 2076 5278 2210 5351; x_wconf 79' lang='lat' dir='ltr'>griis</span> <span class='ocrx_word' id='word_1_841' title='bbox 2239 5284 2295 5334; x_wconf 86' lang='lat' dir='ltr'>et</span> <span class='ocrx_word' id='word_1_842' title='bbox 2328 5277 2496 5332; x_wconf 90' lang='lat' dir='ltr'>nobis</span> <span class='ocrx_word' id='word_1_843' title='bbox 2527 5272 2716 5343; x_wconf 86' lang='grc' dir='ltr'>ἱλήκοι</span> <span class='ocrx_word' id='word_1_844' title='bbox 2749 5271 3062 5344; x_wconf 87' lang='lat' dir='ltr'>(propitius</span> <span class='ocrx_word' id='word_1_845' title='bbox 3113 5269 3232 5338; x_wconf 87' lang='lat' dir='ltr'>sit),</span> <span class='ocrx_word' id='word_1_846' title='bbox 3294 5265 3506 5322; x_wconf 85' lang='lat' dir='ltr'>deinde</span> <span class='ocrx_word' id='word_1_847' title='bbox 3555 5266 3735 5322; x_wconf 85' lang='lat' dir='ltr'>etiam</span> 
     </span>
    </p>
   </div>
   <div class='ocr_carea' id='block_1_114' title="bbox 2076 5355 3743 5441">
    <p class='ocr_par' dir='ltr' id='par_1_114' title="bbox 2076 5355 3743 5441">
     <span class='ocr_line' id='line_1_114' title="bbox 2076 5355 3743 5441; baseline -0.009 -17"><span class='ocrx_word' id='word_1_848' title='bbox 2076 5371 2175 5441; x_wconf 91' lang='lat' dir='ltr'>qui</span> <span class='ocrx_word' id='word_1_849' title='bbox 2211 5366 2427 5423; x_wconf 86' lang='lat' dir='ltr'>mentis</span> <span class='ocrx_word' id='word_1_850' title='bbox 2460 5364 2584 5421; x_wconf 88' lang='lat' dir='ltr'>acie</span> <span class='ocrx_word' id='word_1_851' title='bbox 2615 5364 2730 5418; x_wconf 89' lang='lat' dir='ltr'>Deo</span> <span class='ocrx_word' id='word_1_852' title='bbox 2764 5360 2975 5417; x_wconf 82' lang='lat' dir='ltr'>similis</span> <span class='ocrx_word' id='word_1_853' title='bbox 3010 5361 3199 5414; x_wconf 77' lang='lat' dir='ltr'>factus</span> <span class='ocrx_word' id='word_1_854' title='bbox 3231 5361 3340 5412; x_wconf 90' lang='lat' dir='ltr'>est.</span> <span class='ocrx_word' id='word_1_855' title='bbox 3365 5356 3438 5410; x_wconf 88' lang='lat' dir='ltr'>Et</span> <span class='ocrx_word' id='word_1_856' title='bbox 3470 5355 3555 5410; x_wconf 89' lang='lat' dir='ltr'>sic</span> <span class='ocrx_word' id='word_1_857' title='bbox 3606 5355 3743 5426; x_wconf 89' lang='lat' dir='ltr'>qui-</span> 
     </span>
    </p>
   </div>
   <div class='ocr_carea' id='block_1_115' title="bbox 2075 5447 3734 5522">
    <p class='ocr_par' dir='ltr' id='par_1_115' title="bbox 2075 5447 3734 5522">
     <span class='ocr_line' id='line_1_115' title="bbox 2075 5447 3734 5522; baseline -0.008 -9"><span class='ocrx_word' id='word_1_858' title='bbox 2075 5459 2204 5513; x_wconf 80' lang='lat' dir='ltr'>dem</span> <span class='ocrx_word' id='word_1_859' title='bbox 2241 5471 2433 5512; x_wconf 87' lang='lat' dir='ltr'>vocem</span> <span class='ocrx_word' id='word_1_860' title='bbox 2456 5450 2509 5506; x_wconf 75' lang='lat' dir='ltr'>&#39;ls</span> <span class='ocrx_word' id='word_1_861' title='bbox 2535 5454 2591 5508; x_wconf 90' lang='lat' dir='ltr'>in</span> <span class='ocrx_word' id='word_1_862' title='bbox 2626 5451 2868 5522; x_wconf 89' lang='lat' dir='ltr'>antiquo</span> <span class='ocrx_word' id='word_1_863' title='bbox 2908 5449 3058 5504; x_wconf 91' lang='lat' dir='ltr'>libro</span> <span class='ocrx_word' id='word_1_864' title='bbox 3090 5447 3342 5520; x_wconf 87' lang='lat' dir='ltr'>quodam</span> <span class='ocrx_word' id='word_1_865' title='bbox 3389 5447 3734 5515; x_wconf 88' lang='lat' dir='ltr'>usurpatam</span> 
     </span>
    </p>
   </div>
   <div class='ocr_carea' id='block_1_116' title="bbox 2077 5533 3733 5606">
    <p class='ocr_par' dir='ltr' id='par_1_116' title="bbox 2077 5533 3733 5606">
     <span class='ocr_line' id='line_1_116' title="bbox 2077 5533 3733 5606; baseline -0.008 -3"><span class='ocrx_word' id='word_1_866' title='bbox 2077 5547 2428 5602; x_wconf 84' lang='lat' dir='ltr'>invenimus.</span> <span class='ocrx_word' id='word_1_867' title='bbox 2491 5543 2655 5598; x_wconf 86' lang='lat' dir='ltr'>Vocis</span> <span class='ocrx_word' id='word_1_868' title='bbox 2706 5546 2898 5596; x_wconf 84' lang='lat' dir='ltr'>autem</span> <span class='ocrx_word' id='word_1_869' title='bbox 2961 5537 3017 5606; x_wconf 79' lang='grc' dir='ltr'>ἰὴ</span> <span class='ocrx_word' id='word_1_870' title='bbox 3080 5553 3290 5591; x_wconf 88' lang='lat' dir='ltr'>sensus</span> <span class='ocrx_word' id='word_1_871' title='bbox 3323 5533 3527 5599; x_wconf 39' lang='lat' dir='ltr'>flatius</span> <span class='ocrx_word' id='word_1_872' title='bbox 3572 5537 3733 5606; x_wconf 85' lang='lat' dir='ltr'>patet</span> 
     </span>
    </p>
   </div>
   <div class='ocr_carea' id='block_1_117' title="bbox 2074 5621 3730 5708">
    <p class='ocr_par' dir='ltr' id='par_1_117' title="bbox 2074 5621 3730 5708">
     <span class='ocr_line' id='line_1_117' title="bbox 2074 5621 3730 5708; baseline -0.009 -16"><span class='ocrx_word' id='word_1_873' title='bbox 2074 5637 2226 5708; x_wconf 88' lang='lat' dir='ltr'>apud</span> <span class='ocrx_word' id='word_1_874' title='bbox 2270 5639 2514 5700; x_wconf 85' lang='lat' dir='ltr'>veteres,</span> <span class='ocrx_word' id='word_1_875' title='bbox 2558 5638 2614 5688; x_wconf 85' lang='lat' dir='ltr'>et</span> <span class='ocrx_word' id='word_1_876' title='bbox 2671 5635 2912 5702; x_wconf 79' lang='lat' dir='ltr'>apparet</span> <span class='ocrx_word' id='word_1_877' title='bbox 2972 5628 3032 5682; x_wconf 87' lang='lat' dir='ltr'>in</span> <span class='ocrx_word' id='word_1_878' title='bbox 3075 5625 3174 5680; x_wconf 91' lang='lat' dir='ltr'>illo</span> <span class='ocrx_word' id='word_1_879' title='bbox 3211 5643 3222 5680; x_wconf 93' lang='lat'>:</span> <span class='ocrx_word' id='word_1_880' title='bbox 3276 5623 3356 5692; x_wconf 77' lang='grc' dir='ltr'>ἱή,</span> <span class='ocrx_word' id='word_1_881' title='bbox 3390 5621 3586 5689; x_wconf 83' lang='grc' dir='ltr'>παιών,</span> <span class='ocrx_word' id='word_1_882' title='bbox 3619 5623 3730 5679; x_wconf 90' lang='lat' dir='ltr'>hoc</span> 
     </span>
    </p>
   </div>
   <div class='ocr_carea' id='block_1_118' title="bbox 2071 5713 3723 5795">
    <p class='ocr_par' dir='ltr' id='par_1_118' title="bbox 2071 5713 3723 5795">
     <span class='ocr_line' id='line_1_118' title="bbox 2071 5713 3723 5795; baseline -0.012 -13"><span class='ocrx_word' id='word_1_883' title='bbox 2071 5731 2236 5793; x_wconf 85' lang='lat' dir='ltr'>est,o</span> <span class='ocrx_word' id='word_1_884' title='bbox 2301 5730 2359 5780; x_wconf 87' lang='lat' dir='ltr'>tu</span> <span class='ocrx_word' id='word_1_885' title='bbox 2418 5724 2514 5795; x_wconf 90' lang='lat' dir='ltr'>qui</span> <span class='ocrx_word' id='word_1_886' title='bbox 2572 5737 2764 5786; x_wconf 88' lang='lat' dir='ltr'>curas,</span> <span class='ocrx_word' id='word_1_887' title='bbox 2828 5719 2874 5774; x_wconf 91' lang='lat' dir='ltr'>si</span> <span class='ocrx_word' id='word_1_888' title='bbox 2935 5717 3068 5790; x_wconf 88' lang='lat' dir='ltr'>quis</span> <span class='ocrx_word' id='word_1_889' title='bbox 3123 5716 3263 5770; x_wconf 87' lang='lat' dir='ltr'>velit</span> <span class='ocrx_word' id='word_1_890' title='bbox 3321 5713 3489 5768; x_wconf 89' lang='lat' dir='ltr'>illum</span> <span class='ocrx_word' id='word_1_891' title='bbox 3513 5715 3723 5766; x_wconf 80' lang='grc' dir='ltr'>παιῶνα</span> 
     </span>
    </p>
   </div>
   <div class='ocr_carea' id='block_1_119' title="bbox 2071 5801 3720 5888">
    <p class='ocr_par' dir='ltr' id='par_1_119' title="bbox 2071 5801 3720 5888">
     <span class='ocr_line' id='line_1_119' title="bbox 2071 5801 3720 5888; baseline -0.01 -17"><span class='ocrx_word' id='word_1_892' title='bbox 2071 5813 2446 5888; x_wconf 82' lang='lat' dir='ltr'>(curatorem)</span> <span class='ocrx_word' id='word_1_893' title='bbox 2479 5811 2594 5868; x_wconf 89' lang='lat' dir='ltr'>dici</span> <span class='ocrx_word' id='word_1_894' title='bbox 2628 5810 2725 5883; x_wconf 90' lang='lat' dir='ltr'>qui</span> <span class='ocrx_word' id='word_1_895' title='bbox 2757 5807 2963 5866; x_wconf 90' lang='lat' dir='ltr'>medici</span> <span class='ocrx_word' id='word_1_896' title='bbox 3000 5822 3160 5864; x_wconf 85' lang='lat' dir='ltr'>more</span> <span class='ocrx_word' id='word_1_897' title='bbox 3192 5803 3462 5875; x_wconf 88' lang='lat' dir='ltr'>inservit,</span> <span class='ocrx_word' id='word_1_898' title='bbox 3532 5806 3590 5856; x_wconf 87' lang='lat' dir='ltr'>et</span> <span class='ocrx_word' id='word_1_899' title='bbox 3635 5801 3720 5856; x_wconf 88' lang='lat' dir='ltr'>vi-</span> 
     </span>
    </p>
   </div>
  </div>
