4060 6398
273 436 393 500 915

1046 438 1471 503 ΕΗΒΤΑἸἪΙΙ
1520 439 1624 502 ΤΗ
1635 438 1817 503 ESSA
1831 439 1954 501 LO!

2073 439 2287 503 ENSIS
2335 438 2921 505 METROPOLITE

3575 440 3724 506 916

274 573 449 630 detur
476 572 587 631 hoc
617 573 966 630 vocabulum
1017 573 1386 630 sanationem
1464 574 1753 631 cmlestem
1806 592 1933 647 pro-

2073 579 2256 638 ,εῖσθαι
2290 574 2470 640 θεόθεν
2510 571 2773 648 τοῦνομα.
2813 574 3103 634 Τοιούτοιν
3149 569 3323 632 ὄντοιν
3370 579 3471 632 τοῦ
3510 573 3568 630 ’ίε
3616 574 3726 630 καὶ

277 667 509 720 mittere
540 668 641 719 aut
666 662 953 719 invocare.
988 666 1131 718 Cum
1163 663 1343 736 igitur
1381 664 1503 719 haec
1552 665 1679 719 duae
1738 680 1928 732 voces,

280 750 330 808 ιι
358 756 417 807 et
439 750 521 820 ίὴ,
548 751 633 810 ita
660 768 723 809 se
748 751 1006 808 habeant
1063 752 1220 825 (nam
1254 751 1396 809 velle
1429 757 1483 809 te
1542 753 1712 825 plura
1741 770 1776 808 a
1826 768 1930 808 uo-

280 841 376 897 bis
407 841 633 908 audire,
668 842 760 897 vix
789 841 1155 908 crediderim,
1197 858 1229 896 o
1284 841 1652 914 Theophila),
1701 842 1774 897 ab
1830 840 1933 897 illa

285 926 346 985 ’ίε
381 931 595 1002 (neque
616 930 883 988 Patribus
915 930 1059 1004 ipsis
1112 929 1245 987 talis
1276 930 1600 987 enucleatio
1641 930 1932 1002 displicet)

285 1021 566 1094 originem:
604 1038 836 1078 sumere
867 1027 1108 1094 apparet
1149 1039 1258 1078 vox
1314 1021 1457 1095 ἱερὸν
1501 1023 1819 1094 (sanctum)
1876 1028 1936 1079 et

286 1111 485 1167 omnia
516 1110 736 1168 similia
766 1111 1066 1167 vocabula.
1130 1110 1335 1167 Utrum
1395 1116 1570 1183 putas
1621 1129 1727 1168 nos
1786 1118 1935 1167 recte

282 1199 445 1272 loqui
467 1206 569 1255 aut
601 1200 683 1257 vis
714 1218 822 1257 nos
852 1200 945 1257 hic
968 1200 1317 1269 subsistere,
1352 1217 1423 1257 ne
1484 1200 1627 1256 risui
1685 1218 1792 1257 nos
1840 1217 1935 1257 ex-

282 1305 572 1362 ponamus
590 1289 618 1345 ?

353 1380 409 1435 9.
441 1378 776 1450 Theophilus.
810 1378 1045 1451 Optime
1072 1375 1218 1432 mihi
1256 1377 1598 1448 persuades,
1648 1394 1681 1433 o
1737 1377 1938 1433 Hiero-

285 1467 404 1525 cles
433 1485 448 1536 ;
481 1466 853 1525 solummodo
877 1466 1231 1539 profundius
1266 1466 1327 1520 in
1359 1481 1602 1522 sensum
1635 1465 1941 1538 inquirens

287 1562 346 1615 et
372 1556 648 1614 subtilius
681 1555 971 1628 explicare
1004 1555 1250 1611 studens
1273 1554 1571 1625 adiiciam,
1602 1553 1745 1627 ἱερὸν
1778 1559 1941 1624 (san-

291 1650 473 1717 ctum)
490 1662 621 1703 esse
651 1662 687 1702 a
715 1661 830 1716 quo
864 1643 1118 1701 mittitur
1148 1643 1301 1700 bona
1328 1642 1619 1699 valetudo.

366 1752 652 1809 Hierocles.
680 1751 817 1806 Rem
849 1755 983 1806 actu
1015 1749 1283 1821 tetigisti,
1315 1766 1347 1806 ο
1376 1750 1716 1822 Theophila,
1768 1759 1825 1807 et
1871 1752 1944 1807 ab

293 1841 467 1898 initio
499 1841 573 1897 ad
604 1841 785 1895 ﬁnem
829 1844 987 1895 recte
1014 1839 1353 1910 pervenisti,
1383 1838 1469 1894 uti
1531 1840 1803 1911 poverbio
1856 1841 1945 1896 di-

2037 667 2134 717 τοῦ
2180 663 2235 733 ίὴ
2286 661 2755 741 (πολυῤῥημονεῖν
2804 665 2908 741 γὰρ
2949 663 3029 728 εἷς
3060 662 3229 723 πλέον
3258 662 3446 721 οὐκᾶν
3502 663 3725 739 ἐθέλῃς

2039 753 2207 824 ἡμᾶς,
2236 751 2281 807 ὦ
2333 751 2610 832 Θεόφιλε),
2637 757 2736 810 τοῦ
2775 751 2830 809 ’ίε
2876 753 3120 831 φαίνεται
3175 755 3283 825 (καὶ
3330 750 3461 810 οὖᾶὶ
3504 752 3728 829 ἀπαρι-

2043 861 2157 896 σκει
2223 846 2340 905 τοῖς
2420 842 2658 917 ΙΙατράσι
2730 847 2839 898 τῶν
2907 842 3172 899 τοιούτων
3235 840 3508 917 μεθόδων)
3572 862 3725 917 παρ-

2042 927 2319 985 ειλκύσθαι
2371 933 2435 986 τὸ
2494 933 2635 987 ἰιθὸν
2695 932 2786 987 καὶ
2838 932 2941 1001 τὴν
3014 932 3132 987 κατ’
3187 930 3317 987 αὖτό
3384 930 3726 1006 συστοιχίαν

2044 1019 2274 1077 ἅπασαν.
2310 1025 2466 1084 Νοεῖς
2524 1024 2672 1094 ἡμᾶς
2724 1018 2916 1077 λαλεῖν
2961 1043 3013 1077 τι
3063 1020 3258 1092 καλὸν,
3304 1019 3341 1090 ἢ
3392 1019 3725 1093 στησόμεθα

2043 1112 2141 1164 τοῦ
2171 1111 2475 1185 περαιτέρω
2507 1109 2710 1186 λέγειν,
2745 1111 2824 1183 μὴ
2853 1111 2946 1166 καὶ
2976 1107 3306 1184 γελώμεθα;

2120 1381 2183 1443 θ’.
2232 1378 2521 1457 Θεόφιλος.
2577 1381 2651 1435 EE
2708 1400 2781 1454 με
2837 1373 3253 1452 προσϐιϐάζεις,
3303 1377 3350 1432 ὦ
3388 1375 3705 1453 Ἱερόκλεις·

2048 1468 2137 1523 καί
2168 1490 2286 1531 πως
2318 1466 2424 1540 ἤδη
2462 1468 2866 1542 λεπτονάμενος
2895 1467 2973 1530 εἷς
3031 1471 3156 1522 νοῦν
3214 1467 3308 1521 καὶ
3362 1463 3723 1542 ἱσχνολογεῖν

2050 1558 2440 1629 ἐπιπνευσθεὶς,
2500 1553 2810 1627 ἐπιϐάλλω,
2863 1557 3006 1633 ἱερὸν
3092 1555 3253 1627 εἶναι,
3309 1552 3395 1633 ἀφ’
3456 1554 3522 1609 οὗ
3571 1551 3724 1608 ἵεται

2054 1646 2240 1723 ῥῶσις.
3462 1657 3471 1663 ’

2123 1753 2421 1829 Ἱεροκλῆς.
2472 1753 2856 1829 Εὖστόχησας,
2911 1751 2958 1807 ὦ
3031 1750 3288 1827 Θεόφιλε,
3344 1750 3436 1806 καὶ
3515 1747 3731 1825 λαχὼν

2055 1844 2236 1920 ἀρχὴν
2293 1841 2460 1917 πέρας
2508 1840 2690 1917 ἶσχες,
2721 1843 2751 1897 ὃ
2798 1839 2865 1911 δὴ
2916 1840 3358 1915 παροιμιάζεται.
3390 1837 3729 1915 Βαῤῥησιά-

295 1929 469 1987 citur.
492 1931 562 1985 Et
593 1935 659 1984 ut
688 1929 943 2000 ingenue
972 1930 1276 1984 veritatem
1310 1929 1625 1999 fateamur,
1654 1933 1718 1984 tu
1768 1929 1945 1985 altius

2073 1943 2244 1997 πασθαι
2329 1929 2387 1987 δὲ
2448 1932 2511 1987 τὸ
2580 1930 2899 2009 ἀφθόνητον,
2942 1929 3033 1985 καί
3085 1950 3138 1985 τι
3192 1929 3493 2005 βαθύτερον
3546 1929 3731 2001 ἡμῶν

293 2035 472 2093 quam
504 2035 613 2075 nos
673 2016 942 2074 vocabuli
1000 2033 1245 2073 sensum
1300 2018 1706 2089 pervestighsti
1757 2059 1771 2073 .
1827 2017 1944 2074 Nos

295 2110 454 2167 enim
479 2108 857 2180 putabamus,
884 2123 919 2162 a
948 2122 1084 2163 voce
1108 2101 1163 2160 ’ίε
1184 2107 1544 2163 descendere
1576 2106 1740 2163 illam
1771 2106 1943 2181 ἱερος,

294 2197 798 2272 quemadmodum
832 2191 1010 2268 διερὸς
1039 2195 1285 2267 (vigens)
1316 2201 1375 2251 et
1400 2195 1659 2270 κρατερὸς
1694 2199 1946 2269 (potens)

297 2293 360 2346 et
391 2287 611 2343 similia
643 2306 663 2353 ;
692 2291 756 2341 tu
788 2290 1009 2351 autem,
1041 2285 1440 2341 valetudinem
1469 2285 1752 2343 vocabulo
1801 2285 1944 2360 ἱερὸν

300 2377 607 2447 adjiciens,
642 2375 901 2447 penitiue
931 2390 1171 2430 sensum
1225 2374 1569 2446 penetrasti.
1622 2375 1754 2432 Jam
1814 2392 1947 2432 vero

300 2466 387 2523 sic
416 2482 511 2521 res
542 2482 605 2521 se
635 2463 865 2529 habeat,
898 2467 956 2518 et
987 2478 1194 2533 pergas
1225 2462 1396 2517 velim
1425 2463 1525 2518 tali
1555 2464 1728 2519 modo
1761 2463 1948 2534 philo-

303 2553 566 2626 sophari,
599 2552 877 2624 quamvis
904 2551 976 2607 de
1036 2552 1143 2606 hac
1166 2568 1226 2607 re
1274 2552 1669 2619 oil'endantur,
1728 2553 1947 2608 austeri

303 2644 531 2702 scilicet
550 2649 608 2699 et
657 2640 875 2696 morosi
932 2644 991 2695 et
1035 2657 1229 2695 rerum
1288 2640 1723 2713 verborumque
1769 2646 1949 2697 terre-

305 2734 518 2792 strium
542 2748 609 2787 ac
637 2729 954 2786 humilium
988 2733 1449 2801 contemptores,
1481 2729 1583 2802 qui
1610 2747 1681 2786 ne
1702 2730 1761 2787 in
1795 2747 1952 2786 sum-

306 2824 423 2880 mis
471 2821 709 2893 quidem
769 2818 970 2874 aristis
1027 2817 1254 2890 ingredi
1316 2817 1548 2884 volunt,
1598 2820 1697 2874 sed
1774 2821 1953 2877 veluti

310 2911 516 2983 Pegasi
546 2907 813 2965 volatiles
843 2907 904 2963 in
936 2923 1067 2963 aere
1117 2909 1409 2975 feruntur,
1469 2907 1616 2963 nihil
1672 2908 1953 2964 facientes

305 2998 753 3076 grammaticam
782 3013 911 3067 quae
944 2996 1243 3052 vocabulis
1289 2996 1670 3053 enucleandis
1716 3013 1952 3069 Operam

305 3087 674 3145 navat.Plato
704 3100 939 3156 quoque
969 3085 1386 3142 celeberrimus
1409 3085 1669 3142 illeinter
1692 3085 1953 3158 philoso-

304 3174 783 3252 phos,adjuvabit
812 3178 868 3229 te
891 3174 948 3229 in
981 3174 1090 3229 hoc
1102 3174 1428 3246 studio,qui
1451 3180 1507 3230 et
1532 3174 1654 3247 ipse
1668 3174 1956 3247 explican-

304 3266 397 3323 dis
425 3265 617 3321 verbis
633 3263 1035 3319 delectabatur
1054 3262 1110 3317 in
1127 3263 1318 3335 iisque
1330 3279 1523 3319 veram
1539 3263 1951 3336 etymologiam

307 3351 636 3411 naturalem
670 3351 1099 3407 considerabat.
1134 3351 1327 3407 Habes
1376 3352 1575 3424 igitur,
1638 3353 1779 3407 dum
1839 3351 1954 3407 alia

309 3443 550 3515 quidem
579 3439 865 3503 didicisti,
889 3438 1008 3494 alia
1037 3445 1234 3494 autem
1256 3439 1379 3509 ipse
1409 3439 1708 3505 invenisti,
1754 3456 1951 3495 vocem

309 3530 455 3604 ἰερὸς
488 3528 698 3584 divinae
755 3532 980 3583 naturae
1040 3528 1504 3594 convenientem,
1564 3534 1621 3584 et
1651 3529 1777 3599 iure
1833 3545 1954 3585 me-

313 3621 544 3689 ritoque
602 3617 736 3688 quis
784 3617 1017 3684 dixerit,
1075 3633 1272 3673 vorem
1335 3616 1621 3690 ιερὸςεμιω
1681 3634 1815 3673 cum
1877 3635 1959 3675 re-

312 3710 429 3765 bus
450 3706 667 3761 divinis
689 3709 747 3760 et
775 3722 909 3759 cum
937 3706 1051 3760 Deo
1080 3704 1208 3775 ipso
1238 3706 1491 3761 cohaeret
1530 3708 1703 3778 quasi
1756 3707 1961 3763 innata

313 3806 367 3854 et
398 3793 638 3852 omnino
671 3793 926 3865 propria,
959 3794 1031 3849 ab
1066 3793 1183 3849 illis
1215 3794 1486 3862 derivari,
1522 3794 1775 3868 hincque
1824 3812 1961 3851 san-

312 3888 572 3943 ctitatem
608 3883 851 3939 transire
882 3885 953 3938 ad
988 3883 1437 3949 sacerdotem,.et
1458 3884 1530 3939 ad
1561 3885 1689 3955 ejus
1720 3902 1960 3950 munus,

310 3978 368 4033 et
400 3973 770 4046 potissimum
805 3973 874 4027 ad
908 3988 1041 4027 eum
1073 3972 1174 4043 qui
1196 3972 1349 4027 inter
1401 3973 1531 4029 illos
1560 3974 1818 4045 primum
1879 3974 1961 4030 lo-

312 4080 448 4120 cum
472 4062 719 4118 obtinet.
756 4061 823 4116 Et
854 4063 1006 4117 nosti
1043 4077 1238 4116 revera
1267 4060 1517 4133 primum
1568 4068 1625 4118 et
1681 4079 1961 4135 magnum

313 4159 373 4211 et
400 4151 670 4209 omnium
718 4150 987 4205 altissum
1049 4152 1436 4223 sacerdotem,
1487 4152 1589 4222 qui
1643 4156 1801 4207 totus
1852 4152 1965 4207 cle-

317 4262 506 4309 mens,
529 4248 688 4298 totus
718 4242 882 4299 salus
914 4247 1026 4309 est,
1059 4243 1157 4314 qui
1193 4259 1301 4298 nos
1332 4249 1570 4301 sanctos
1601 4244 1713 4299 sibi
1760 4261 1967 4301 conse-

316 4337 460 4397 crat,
494 4337 552 4388 ct
604 4331 739 4387 talis
791 4329 1062 4385 beneficii
1124 4331 1445 4402 participes
1504 4351 1610 4390 nos
1669 4336 1858 4391 reddit
1915 4339 1972 4389 et

313 4421 619 4478 vocatione
650 4425 707 4473 et
728 4419 976 4474 actione.
1017 4423 1394 4490 Perspectum
1444 4423 1646 4489 habes,
1698 4442 1731 4480 o
1787 4429 1971 4478 Theo-

316 4507 715 4584 phile,qualis
767 4509 1042 4563 sacerdos
1072 4507 1168 4577 sit,
1202 4508 1395 4580 qualis
1455 4513 1728 4584 princeps
1787 4531 1975 4570 sacer-

319 4598 447 4656 dos.
476 4600 534 4650 et
562 4613 691 4667 quas
725 4601 935 4651 caetera
964 4596 1259 4666 ejusmodi
1296 4603 1437 4652 sunt
1465 4601 1661 4658 verba.

2056 2021 2376 2098 διεώρακας.
2410 2022 2609 2094 Ἡμεῖς
2659 2021 2757 2094 μὲν
2796 2021 2899 2095 γὰρ
2947 2019 3292 2093 ἐνενοοῦμεν,
3328 2018 3404 2082 ὡς
3453 2017 3609 2094 παρὰ
3660 2018 3735 2073 τὸ

2049 2109 2104 2167 ’ίε
2133 2113 2163 2167 ὁ
2215 2112 2361 2186 ἱερὸς
2415 2111 2554 2186 πρὸς
2609 2109 2917 2182 ὁμοιότητα
2967 2112 3071 2165 τοῦ
3117 2105 3318 2184 διερὸς,
3377 2106 3472 2162 καὶ
3520 2126 3734 2182 κρατι-

2058 2202 2174 2279 ρὸς,
2233 2200 2324 2256 καὶ
2380 2205 2488 2256 τῶν
2548 2198 2648 2256 ὅσα
2700 2188 2930 2255 τοιαῦτα
2960 2217 2972 2231 ·
3029 2197 3092 2253 σὺ
3160 2195 3227 2253 δὶ
3287 2195 3732 2275 γλαφυρώτερον

2056 2291 2417 2366 περιενοήσω,
2477 2288 2641 2366 ρὦιν
2709 2286 3190 2365 ὲμφαντασάμενος
3265 2290 3344 2357 τῷ
3410 2288 3508 2339 τοῦ
3563 2283 3731 2361 ῖεροῦ

2057 2379 2303 2452 ὀνόματι.
2336 2378 2444 2434 Καὶ
2474 2376 2651 2453 ὶχίτω
2690 2376 2889 2444 οὕτως,
2918 2374 3008 2431 καὶ
3064 2373 3281 2450 γίνοιτό
3337 2394 3423 2429 σοι
3481 2372 3694 2429 φιλοσο
3716 2409 3730 2417 -

2059 2474 2177 2548 φεῖν
2236 2467 2324 2523 καὶ
2371 2466 2464 2522 τὸν
2513 2465 2718 2542 τρόπον
2768 2465 2986 2531 τοῦτον,
3032 2463 3079 2519 εἰ
3142 2462 3235 2519 καί
3284 2482 3431 2524 τινες
3490 2459 3728 2537 Empe-

2060 2562 2328 2624 στοῦνται,
2361 2554 2618 2633 στρυφνοί
2673 2575 2737 2628 γε
2786 2553 2940 2609 αὐτοὶ
3000 2549 3155 2616 ὄντες
3197 2551 3293 2608 καὶ
3343 2548 3727 2607 δυσέντευκτοι

2058 2646 2148 2703 καὶ
2204 2647 2408 2720 ἀθιγιῖς
2462 2648 2572 2699 τῶν
2632 2643 2780 2699 κάτω
2837 2643 2927 2698 καὶ
2984 2644 3290 2718 χαμερπῶν
3343 2638 3613 2717 ῥημάτων
3665 2660 3731 2697 τι

2060 2736 2153 2791 καὶ
2203 2734 2565 2811 πραγμάτων*
2599 2733 2651 2788 οἳ
2712 2731 2775 2787 οὐ
2838 2731 3003 2806 μόνον
3058 2731 3237 2802 ἄκρων
3291 2727 3377 2785 ἱπ³
3423 2727 3728 2802 ἀνθερίκων

2061 2824 2441 2897 ἰξανεμοῦνται
2490 2823 2650 2891 θέειν,
2683 2820 2831 2878 ἀλλὰ
2879 2820 2971 2877 καὶ
3018 2822 3268 2895 Πήγασοι
3325 2818 3732 2895 ἀερσιπότητοι

2063 2913 2339 2991 φέρονται,
2390 2915 2845 2989 περιφρονοῦντες
2896 2911 2999 2981 τήν
3068 2905 3402 2985 φυσιολόγον
3459 2926 3730 2983 γραμμα-

2060 3005 2243 3074 τικήν.
2279 2999 2637 3076 Συλλήψεταί
2662 3021 2747 3055 σοι
2775 2998 2869 3055 καί
2908 2997 3139 3056 Πλάτων
3183 2995 3348 3060 αὐτὸς
3386 3000 3486 3053 τοῦ
3544 2998 3726 3068 πονή-

2066 3112 2258 3166 ματος,
2311 3091 2340 3145 ὁ
2391 3090 2492 3159 τὴν
2552 3088 2877 3167 φιλοσοφίαν
2933 3086 3262 3163 μετάρσιοςθ
3317 3085 3410 3142 καὶ
3469 3086 3577 3163 γάρ
3628 3105 3714 3141 τοι

2063 3179 2154 3235 καὶ
2184 3178 2343 3241 αὐτὸς
2390 3173 2607 3254 ἔχαιρεν
2659 3175 3008 3233 ἀναπτύσσων
3055 3175 3321 3248 ὀνόματα,
3366 3174 3459 3229 καὶ
3507 3175 3602 3240 τήν
3653 3171 3707 3226 ἐν

2066 3267 2250 3331 αὐτοῖς
2332 3267 2605 3340 θεώμενος
2688 3263 2973 3341 ἐγκύκλιον
3070 3264 3305 3343 φυσικὴν
3391 3260 3705 3335 ἐτυμότητα.

2067 3358 2258 3432 Ἔχεις
2294 3353 2360 3425 δὴ
2390 3354 2505 3424 οὖν,
2544 3354 2612 3410 τὰ
2654 3354 2748 3428 μὲν
2806 3354 3013 3428 μαθὼν,
3037 3354 3111 3408 τὰ
3163 3348 3210 3408 δ’
3257 3350 3420 3414 αὖτὸς
3474 3349 3722 3427 ἐξευρὼν,

2068 3444 2185 3517 θείᾳ
2227 3443 2381 3523 φύσει
2433 3442 2833 3520 ἐπιπριποιισαν
2880 3442 2984 3511 τὴν
3041 3442 3140 3496 τοῦ
3194 3441 3347 3516 ἱεροῦ
3377 3436 3603 3510 κλῆσιν·
3634 3437 3729 3493 καὶ

2069 3532 2215 3590 εἷ’ποι
2289 3553 2372 3595 τις
2454 3531 2515 3587 ἂν
2593 3530 2956 3609 θαρρούντως,
3014 3531 3078 3586 τὸ
3160 3530 3255 3603 μὶν
3329 3526 3476 3604 ἱερὸς
3546 3527 3731 3582 αὑτῶν

2070 3623 2318 3699 ἑξῆφθαι,
2367 3626 2476 3677 τῶν
2536 3622 2695 3685 θείων
2750 3620 2841 3676 καὶ
2894 3623 3028 3676 Θεοῦ
3095 3617 3259 3675 αὐτοῦ
3333 3614 3730 3690 κολλώμενον,

2072 3712 2212 3777 οἷον,
2269 3710 2305 3780 ἢ
2366 3708 2729 3786 ἐμφυόμενον,
2790 3709 2887 3764 καὶ
2937 3707 3081 3764 οὕτω
3146 3728 3265 3771 πως
3321 3704 3734 3778 οίκειοόμενον·

2074 3800 2275 3857 ἐκεῖθεν
2326 3797 2385 3856 δὶ
2443 3797 2924 3876 μεταῤῥοΐσκεσθαι
2978 3798 3041 3853 τὸ
3098 3796 3294 3872 σεμνόν
3353 3795 3445 3850 καὶ
3494 3793 3586 3849 ἐπὶ
3643 3794 3745 3849 τὸν

2075 3892 2243 3965 ἱερέα,
2274 3890 2362 3945 καὶ
2415 3888 2505 3944 ἰπὶ
2555 3888 2622 3944 τὰ
2667 3888 2785 3944 κατ’
2839 3884 3022 3956 αὺτὸν,
3055 3885 3145 3941 καὶ
3200 3882 3438 3959 μάλιστα
3490 3881 3579 3937 ἐπὶ
3644 3883 3751 3937 τὸν

2078 3979 2129 4035 ἐν
2161 3983 2278 4042 τοῖς
2300 3977 2584 4042 τοιούτοις
2613 3978 2988 4054 προάρχοντα.
3022 3975 3123 4030 Καῖ
3166 3970 3315 4036 οἶδας
3372 3971 3591 4034 πάντως
3649 3972 3754 4027 τὸν

2079 4068 2170 4123 καὶ
2227 4067 2444 4141 πρῶτον
2492 4065 2585 4121 καὶ
2630 4065 2798 4142 μέγαν
2846 4065 2939 4121 καῖ
2992 4060 3165 4127 ὅντως
3195 4061 3420 4138 ὕψιστον
3453 4060 3754 4136 ἀρχιερέα,

2077 4158 2171 4213 τὸν
2217 4156 2345 4213 ὅλον
2397 4152 2586 4223 ἵλαον,
2619 4156 2709 4210 τὸν
2751 4153 2881 4211 ὅλον
2916 4152 3213 4228 σωτηρίαν,
3245 4152 3307 4212 ὃς
3363 4152 3512 4222 ἡμᾶς
3558 4148 3760 4212 ὁσίους

2082 4247 2228 4319 αἰτῷ
2255 4247 2520 4321 καθιεροῖ,
2552 4244 2641 4301 καὶ
2693 4248 2791 4299 τοῦ
2841 4242 3094 4299 τοιούτου
3146 4242 3349 4316 ἀγαθοῦ
3406 4233 3759 4312 μεταδίδωσι

2081 4336 2172 4391 καὶ
2220 4334 2417 4404 κλήσει
2469 4333 2559 4389 καὶ
2618 4332 2922 4409 πράγματι.
2962 4330 3229 4406 Κατὲχεις
3276 4325 3387 4399 ἤδη
3445 4324 3628 4402 γνοὺς,
3666 4329 3760 4383 οἶ-

2089 4446 2205 4497 μαι,
2240 4424 2313 4477 ὧν
2346 4420 2600 4499 Θεόφιλε,
2644 4422 2760 4486 οἷός
2787 4441 2871 4482 τις
2903 4421 2930 4475 ὁ
2959 4418 3157 4496 ἱερεὺς,
3190 4414 3434 4488 πηλίκος
3462 4410 3520 4469 δὲ
3550 4415 3579 4469 ὁ
3609 4413 3761 4491 ἀρχ-

2090 4515 2283 4588 ιερεὺς,
2312 4513 2476 4569 ὁποῖα
2528 4509 2586 4567 Si
2627 4513 2716 4566 καί
2767 4512 2834 4566 τὰ
2871 4507 3043 4565 λοιπά
3069 4511 3168 4563 τοῦ
3207 4504 3461 4561 τοιούτου
3491 4504 3757 4581 στοίχου.

391 4652 853 4756 ΤΙιὲορΙιίιιιε.
914 4652 1129 4741 subtili
1187 4704 1253 4741 ac
1285 4652 1801 4747 sublimiiratione
1853 4693 1954 4748 haec

2158 4691 2208 4747 ι’.
2251 4688 2536 4767 Θεόφιλος.
2593 4686 2737 4744 Πάνυ
2796 4687 2916 4743 λίαν
2969 4688 3036 4741 τὰ
3088 4689 3317 4741 τοιαῦτα
3378 4682 3762 4757 μετεώρισας,

316 4774 659 4848 exposuisti,
694 4775 1011 4829 Hierocles.
1052 4774 1259 4830 Vocem
1316 4779 1555 4848 quidem
1605 4779 1749 4852 ἱερὸν
1812 4786 1976 4851 (san-

321 4865 506 4935 ctum)
543 4865 653 4918 Deo
683 4863 1004 4919 attribuisti
1040 4864 1207 4935 eique
1237 4864 1345 4919 soli
1377 4870 1717 4925 concessisti
1759 4876 1816 4926 et
1840 4888 1975 4943 pro-

321 4953 509 5027 prium
544 4968 672 5007 esse
699 4953 957 5018 voluisti,
982 4968 1178 5008 vocem
1205 4959 1399 5010 autem
1425 4955 1816 5034 θεοφιλὲς(1)οο
1838 4960 1975 5015 cha-

321 5039 480 5111 rum)
511 5038 671 5093 velut
698 5039 1112 5108 scaturiginem
1137 5040 1300 5096 illinc
1331 5047 1710 5113 proﬂuentem
1744 5044 1801 5101 in
1831 5045 1977 5101 ami-

323 5144 421 5185 cos
452 5129 583 5196 ejus
606 5126 861 5183 defluere
885 5126 1101 5184 videris
1131 5130 1368 5185 dixisse.

397 5236 685 5291 Hierocles.
722 5238 807 5289 ita
838 5239 947 5301 est,
998 5252 1029 5289 ο
1070 5236 1410 5308 Thcophile.
1462 5240 1645 5312 Igitur
1703 5245 1977 5301 sacerdos

322 5324 420 5382 ille
451 5324 511 5379 in
543 5322 759 5380 saecula
786 5329 840 5379 et
871 5340 1142 5381 summus
1168 5329 1443 5383 sacerdos
1468 5328 1732 5401 piissime
1763 5331 1977 5403 glorifi-

324 5418 527 5470 catur:
589 5428 698 5469 vox
752 5417 946 5468 autem
1006 5410 1255 5490 θεοφιλὲς
1300 5433 1456 5473 nunc
1485 5417 1719 5489 quidem
1782 5422 1977 5478 nescio

328 5517 585 5571 quanam
616 5501 842 5557 ratione
872 5502 987 5557 Deo
1019 5509 1332 5574 competat.
1365 5505 1652 5561 Videntur
1680 5509 1839 5565 enim
1890 5515 1977 5567 ta-

332 5586 412 5641 lia
434 5587 666 5661 proprio
698 5607 872 5645 sensu
905 5591 953 5646 ei
984 5592 1246 5664 attribui,
1281 5593 1621 5652 hominibus
1668 5601 1863 5653 autem
1924 5600 1974 5655 ei

334 5673 525 5730 charis
554 5673 616 5728 τὸ
630 5675 897 5751 θεοφιλὲς·

2084 4774 2398 4853 Ἱερόκλεις.
2442 4778 2539 4833 Καὶ
2598 4779 2661 4834 τὸ
2717 4779 2811 4851 μὶν
2872 4776 3016 4853 ἱερὸν
3071 4772 3419 4849 παρέστησας
3477 4775 3559 4843 τῷ
3609 4774 3765 4843 Θεῷ,

2083 4869 2171 4923 καὶ
2232 4869 2356 4943 παρ’
2411 4868 2561 4939 αὐτῷ
2615 4866 2827 4945 ἀφῆκας
2883 4866 3085 4939 μένειν,
3147 4862 3241 4918 καὶ
3320 4859 3601 4934 ᾠκείωσας
3676 4858 3763 4922 εἰς

2087 4957 2399 5034 ἐγγύτητα*
2452 4957 2515 5011 τὸ
2575 4953 2634 5011 ὁὶ
2704 4953 2957 5034 θεοφιλὲς
3030 4951 3336 5028 ἀπόρροιαν
3408 4949 3660 5034 ἀφῆκας,
3700 4946 3761 5019 ἐξ

2082 5028 2311 5118 ἒκείνου,
2369 5045 2544 5119 οἶμαι,
2604 5045 2680 5107 εἰς
2762 5028 2890 5105 τοὺς
2964 5042 3111 5115 αὐτῷ
3195 5038 3392 5119 φίλους
3451 5033 3759 5092 ἐπιπαλάο

2087 5135 2287 5206 ξασθαε

2157 5239 2457 5313 Ἱεροκλῆς.
2508 5238 2697 5303 Οὕτως
2738 5238 2878 5316 ἔχει,
2924 5260 2971 5294 ω
3018 5234 3270 5313 Θεόφιλε.
3322 5232 3529 5288 Οὐκοῦν
3574 5232 3755 5308 ἱερεὺς

2091 5328 2185 5405 μὶν
2245 5329 2444 5393 ἐκεῖνος
2505 5329 2581 5394 εἷς
2618 5329 2710 5385 τὸν
2774 5328 2962 5398 αἰῶνα,
2998 5325 3090 5383 καὶ
3149 5323 3440 5403 ἀρχιερεὺς
3501 5320 3563 5376 δὲ
3619 5342 3761 5396 σεμ-

2083 5417 2280 5474 νότατα
2354 5415 2676 5492 δοξάζεται·
2735 5414 2798 5472 τὸ
2860 5413 2918 5472 δὲ
2976 5412 3251 5493 θεοφιλὶς,
3310 5411 3412 5469 οὐκ
3486 5407 3609 5465 οἶδα
3667 5414 3755 5484 τῷ

2085 5506 2239 5582 τὲως,
2289 5507 2455 5580 ὁποίᾳ
2528 5506 2697 5583 λόγου
2769 5504 3006 5562 διαθέσει
3090 5502 3365 5582 προσφυὲς
3460 5502 3541 5573 τῷ
3630 5504 3759 5573 Θεῷ

2086 5598 2255 5657 ἔσται.
2316 5604 2473 5655 Δοκεῖ
2541 5599 2641 5676 γὰρ
2710 5600 2779 5654 τὰ
2845 5602 3071 5653 τοιαῦτα
3141 5597 3236 5671 μὲν
3304 5590 3521 5653 οἷ’κείως
3597 5588 3754 5661 αὐτῷ

2085 5685 2450 5764 ἆπιλίγεσθαι,
2511 5685 2820 5765 ἀνθρώποις
2878 5686 2937 5743 δὲ
2986 5682 3176 5766 φίλοις
3231 5682 3377 5756 αότῷ
3431 5681 3494 5735 τὸ
3553 5689 3748 5760 θεοφι-

2090 5774 2202 5841 λὲς.
