4060 6390
317 475 433 537 917

1245 450 1636 516 DIALOGUS
1677 447 2180 511 THEOPHILUS
2221 444 2322 504 ET
2369 434 2832 502 HIEROCLES.

3621 413 3741 481 918

394 597 684 679 Θεόφιλος.
759 590 1106 679 Μηκέτι,
1179 583 1493 679 Ἱερόκλεις,
1540 578 1720 636 πλείω
1793 580 2016 645 πονεῖ-η

2165 575 2510 648 Theophilus.
2543 568 2671 625 Noli
2714 565 2905 640 plura,
2938 579 2970 618 o
3020 554 3336 621 Hierocles,
3386 553 3457 608 de
3513 550 3622 605 hac
3676 563 3739 602 re

2134 669 2145 679 ·
2429 667 2444 679 -
2593 657 2733 679 -γ-εέ-
2771 654 2912 679 nt:-
2947 648 3171 679 ...ι-..ης
3218 659 3414 679 ..σηοω
3452 640 3629 679 mm.“-
3681 640 3739 679 At

325 696 445 749 σθαι
510 667 737 763 μελέτα.
795 679 937 752 Ἤδη
997 677 1100 755 γὰρ
1156 669 1541 747 κατελαϐόμην
1609 672 1826 738 ἱκανῶς,
1887 667 1979 723 16v

324 781 493 859 ἱερὸν,
551 775 643 833 καὶ
697 770 776 829 ἔτι
831 770 999 828 πλέον
1058 768 1150 822 τὸν
1215 765 1534 842 ἱερώτατον,
1592 759 1780 835 εὐαγὲς
1848 758 1978 812 εἶναι

330 846 484 950 ῥῆμα
551 865 643 923 καὶ
710 857 1005 935 σεϐάσμιον
1070 855 1160 912 καὶ
1239 855 1388 931 ἅγιον
1455 851 1543 907 καὶ
1609 852 1838 924 μονῆρες
1905 846 1982 909 εἷς

327 938 563 1028 ἔννοιαν,
594 957 670 1019 ὡς
702 954 780 1028 μή
810 949 871 1007 ἂν
905 948 1117 1005 ὑπεῖναί
1167 968 1220 1001 τι
1263 943 1498 1011 διπλόης
1553 940 1608 1005 ἔς
1662 960 1723 1014 γε
1779 939 1841 993 τὸ
1904 938 1979 1010 μὴ

330 1057 498 1122 θεῖον,
527 1024 619 1106 καὶ
682 1024 788 1117 6εῷ
847 1039 1005 1120 φίλον
1062 1033 1242 1111 ὄνομα
1295 1034 1383 1090 καὶ
1445 1031 1577 1088 αὐτὸ
1637 1030 1793 1101 εἶναι,
1842 1024 1984 1102 μηδὲ

335 1144 441 1217 μὴν
485 1117 780 1216 ’σχίζεσθαῖ
831 1117 921 1187 καὶ
973 1128 1052 1191 εἷς
1108 1148 1161 1183 τι
1211 1122 1396 1200 ἕτερον
1460 1124 1534 1196 μὴ
1575 1123 1846 1176 τοιοῦτον.
1887 1117 1982 1174 Καὶ

327 1209 627 1304 καλῶς’γε
677 1221 780 1300 ἄρα
827 1219 1080 1302 φιλοῦσιν
1134 1213 1411 1291 ἄνθρωποι
1469 1210 1560 1267 διὰ
1607 1214 1774 1266 ταῦτα
1822 1209 1983 1280 ἱερω-

327 1319 635 1396 νυμεῖσθαι.

405 1387 488 1467 ια’.
549 1402 874 1484 Ἱεροκλῆς-
913 1397 1116 1484 Βλέπε,
1177 1396 1242 1484 ὦ,
1291 1391 1543 1484 Θεόφιλε,
1596 1390 1693 1460 τὴν
1746 1387 1985 1459 ἀνεξέτα-

327 1524 452 1560 στον
501 1478 704 1574 κρίσιν,
739 1495 814 1556 ὡς
865 1489 929 1547 ού
982 1483 1173 1564 βέϐαια
1229 1478 1517 1540 ἐπιϐάλλει
1575 1478 1982 1557 ἀποφαίνεσθαι.

330 1593 425 1650 Διὸ
471 1566 660 1650 καλῶς
721 1579 1120 1660 ἀποπέφανται,
1153 1576 1228 1636 ὡς
1283 1574 1335 1628 οἱ
1384 1575 1574 1646 ταχεῖς
1608 1571 1824 1645 φρονεῖν
1884 1566 1987 1621 οὐκ

331 1679 590 1760 ἀσφαλεῖς
639 1654 1050 1731 ἀποϐαίνουσιν.
1113 1663 1267 1720 Οὕτω
1322 1665 1452 1739 γοῦν
1499 1661 1587 1715 καὶ
1649 1657 1808 1720 αὐτὸς
1863 1654 1986 1711 έπι-

335 1749 486 1850 Ἶιόν
546 1788 613 1842 με
667 1766 767 1822 τοῦ
818 1759 1122 1838 περαιτέρω
1177 1751 1421 1824 λαλῆσαι
1494 1750 1585 1806 καὶ
1652 1749 1984 1822 σκεψάμενον

335 1855 746 1940 ἀκριϐώσασθαι
811 1852 874 1908 τὸ
957 1847 1339 1926 προκείμενον,
1395 1839 1486 1898 καὶ
1570 1837 1712 1916 ταχὺ
1784 1839 1986 1908 νοήσας

335 1925 520 2018 αὐτὸς,
577 1945 646 2004 τὰ
705 1945 798 2020 μὲν
858 1925 1011 1998 ἄλλα
1060 1936 1244 1997 καλῶς
1303 1926 1693 2003 έπιϐέϐληκας·
1725 1927 1780 1984 ’ὲν
1821 1925 1880 1983 δέ
1934 1948 1986 1983 τι

336 2047 441 2103 οὐκ
470 2040 530 2099 ἂν
562 2035 716 2116 ἔχοις
752 2034 947 2107 εἷπεῖν,
975 2032 1050 2096 ὡς
1098 2029 1380 2107 προσίεται
1435 2027 1524 2082 καὶ
1581 2023 1712 2080 αὐτὸ
1768 2025 1803 2094 ἡ
1855 2022 1986 2079 λεκ-

331 2135 462 2204 τικῆ
512 2113 770 2209 ὀρθότης,
803 2121 1061 2200 ’Δσχιδὶς
1110 2120 1213 2198 γὰρ
1244 2119 1379 2175 εἶναι
1433 2117 1497 2172 τὸ
1557 2115 1723 2191 ἱερὸν,
1765 2113 1856 2169 καὶ
1912 2113 1988 2177 ὡς

337 2225 401 2280 σὺ
444 2202 574 2303 φῂς,
610 2224 847 2294 μονῆρες
895 2212 1032 2271 κατᾶ
1073 2215 1198 2266 νοῦν
1239 2211 1401 2281 θεῖον,
1436 2205 1544 2283 οὐχ
1601 2202 1985 2280 ὡμολόγηται,

336 2314 426 2371 καί
484 2331 602 2374 πως
641 2307 789 2383 τύχῃ
846 2305 976 2373 τινὶ,
1009 2301 1109 2358 ούκ
1152 2298 1214 2355 ἃν
1273 2295 1508 2371 εἷ’ποιμι,
1542 2292 1713 2366 aio-la.
1762 2296 1876 2366 Τήν
1930 2314 1989 2348 τε

337 2404 516 2480 ἀρχὴν
571 2398 622 2472 ἒξ
675 2398 845 2467 αὐτῆς
899 2387 1165 2471 βαλϐίδος
1194 2387 1363 2465 λόγου
1393 2383 1745 2457 ἀπεπλάνησέ
1781 2406 1838 2440 σε
1887 2390 1989 2454 τῆς

341 2475 511 2571 ὀρθ-ἧς
551 2493 586 2560 ἠ
639 2483 935 2561 ὁμωνυμία
981 2481 1184 2554 ἐκείνη,
1231 2485 1334 2550 τῆς
1395 2477 1445 2571 έν
1503 2475 1653 2552 λόγῳ
1702 2476 1988 2546 συνθήκης·

337 2562 429 2640 καὶ
458 2584 552 2637 νῦν
583 2577 641 2635 δὲ
670 2576 746 2639 εἷς
773 2576 874 2645 τήν
904 2577 1003 2630 τοῦ
1031 2572 1181 2650 ἱεροῦ
1213 2566 1484 2644 σημασίαν
1532 2563 1713 2641 ὁμοίῳ
1767 2562 1833 2637 δή
1883 2585 1991 2620 τινι

338 2672 491 2750 λόγῳ
520 2668 886 2745 προσέκοψας.

415 2773 703 2857 Θεόφιλος.
725 2777 851 2836 Πῶς
873 2791 1029 2839 ποτε,
1062 2771 1108 2824 ὦ
1136 2765 1426 2842 Ἱερόκλεις
1453 2785 1468 2836 ;

416 2866 716 2946 Ἱεροκλῆς.
776 2864 899 2921 ’Ότι
956 2858 1049 2915 καὶ
1116 2858 1180 2913 τὸ
1245 2855 1390 2931 ἱερὸν
1465 2852 1579 2910 οὐδ’
1627 2854 1757 2910 αὐτὸ
1813 2875 1995 2908 στενο-

357 2962 618 3036 χωρεῖται
679 2955 756 3016 εἷς
809 2956 940 3007 νοῦν
998 2947 1110 3021 ἕνα,
1159 2945 1487 3003 πλατύνεται
1536 2942 1614 3016 δὲ,
1665 2941 1765 2999 ὅσα
1809 2944 1898 2998 καί
1944 2964 1996 2998 τι

354 3032 663 3126 ῥευμάτιον,
699 3041 776 3106 εἰς
802 3039 1102 3114 ἀναλόγους
1131 3035 1368 3108 κλῶνας,
1401 3035 1477 3097 ὡς
1509 3034 1562 3088 οἱ
1607 3032 1998 3106 ὀνοματοθέται

356 3156 607 3194 κυοουσιν
618 3179 631 3192 ο

461 3157 631 3192 ουσιν.

426 3157 517 3300 ῗβκ
551 3221 841 3300 Θεόφιλος.
875 3219 1090 3277 Ούκοῦν
1150 3211 1363 3284 ἰπειδή,
1394 3235 1439 3268 ω
1497 3209 1810 3281 διδάσκαλε,
1857 3209 2000 3268 οὕτω

343 3297 617 3391 τεχνικῶς
670 3297 1002 3377 διοπτεύεις,
1039 3305 1276 3396 ,έφίῗοῖς
1333 3302 1460 3376 ἐμοὶ
1529 3304 1631 3358 ούκ
1693 3297 1835 3357 ἔστιν
1895 3300 1996 3372 έξι-
2035 3329 2078 3396 C

347 3389 588 3461 κνεῖσθαι
635 3401 736 3469 τὴν
782 3400 994 3474 ὅρασιν,
1039 3389 1224 3452 λαϐὼν
1274 3393 1606 3470 χειραγώγει
1659 3413 1726 3465 με
1771 3392 1859 3448 καὶ
1913 3389 2003 3447 διὰ

348 3501 449 3565 τῆς
480 3490 742 3561 τοιαύτης
770 3484 921 3544 ὁδοῦ.

419 3578 1024 3659 Ἱεροκλῆς.Μετρήσω
1079 3595 1189 3642 σοι,
1239 3569 1284 3626 ὦ
1343 3569 1526 3659 φίλος,
1587 3572 1662 3636 ὡς
1712 3570 1764 3627 ἐν
1825 3592 2006 3626 συναι-

349 3658 515 3750 ρέσει,
541 3670 595 3733 ές
628 3669 727 3725 ὅσα
759 3667 822 3724 τὸ
849 3666 994 3742 ἱερὸν
1029 3663 1254 3732 ἐκνεύει,
1285 3663 1375 3718 καὶ
1409 3658 1560 3726 ὅσοις
1587 3659 2003 3731 έπαναπαύεται,

349 3763 424 3825 ὡς
454 3759 598 3817 οὕτω
628 3759 813 3838 φάναι.
844 3753 1250 3829 καταλύμασιν.

421 3847 710 3929 Θεόφιλος.
771 3847 906 3922 Λέγε
967 3843 1035 3914 δὴ
1101 3842 1338 3907 σπεύσας
1391 3841 1591 3898 έκεῖνα·
1627 3841 1688 3898 ού
1746 3841 1850 3919 γάρ
1915 3863 2008 3916 μοι

353 3939 562 4018 σχολὴ,
597 3938 673 3994 ὠς
707 3937 1032 4012 ένευκαιρεῖν
1065 3932 1155 3990 καὶ
1188 3932 1348 3988 εἰσέτι
1381 3931 1518 4006 ἀκοῇ
1559 3931 1792 3988 πλείονι.

421 4115 723 4190 Ἱεροκλῆς.
789 4111 966 4181 Ἀλλ’,
1021 4108 1066 4166 ὦ
1115 4109 1306 4185 ἀγαθὲ,
1371 4110 1445 4182 μή
1508 4129 1575 4180 με
1632 4107 1808 4183 πνίγε,
1865 4107 2013 4164 ἀλλὰ

355 4207 504 4286 ἄφες,
565 4205 741 4277 ἀνέτῳ
819 4200 1086 4274 πνεύματι
1167 4195 1424 4271 διίξεσθαι
1480 4198 1542 4252 τὸ
1594 4196 1731 4252 κατᾶ
1784 4195 2008 4253 σκοπόν.

357 4279 420 4355 Ei
453 4295 513 4352 δὲ
540 4293 681 4351 πάνυ
715 4290 962 4357 ἀνθέλκει
993 4310 1052 4344 σε
1078 4285 1424 4362 πραγματεία
1463 4307 1546 4348 τις
1592 4279 1764 4360 ἑτέρα,
1798 4306 2008 4361 χαιρων

356 4388 638 4461 ἀπότρεχε
649 4425 662 4444 .

429 4489 720 4570 Θεόφιλος.
784 4488 898 4547 Ούκ
955 4483 1398 4570 ἀποδραμοῦμαι
1459 4482 1600 4538 οὕτω
1667 4481 1833 4558 ταχὺ,
1889 4481 2014 4537 ἀλλ’

359 4569 613 4655 ἀναμενῶ
644 4579 696 4651 ἐξ
731 4579 989 4654 ἀνάγκης,
1014 4573 1103 4630 τίνα
1138 4575 1215 4648 μὴ
1245 4573 1345 4642 τήν
1375 4569 1480 4637 ἕως
1536 4570 1655 4647 ἄρτι
1717 4571 1857 4648 ὥραν
1891 4571 2009 4642 εἰκῆ

359 4671 673 4742 δαπανήσας
712 4667 1004 4743 μεταμέλω
1013 4687 1130 4740 μαι.

437 4783 520 4855 ιγ’.
552 4771 857 4853 Ἱεροκλῆς.
892 4774 1096 4829 ’Δκουε
1125 4769 1192 4841 δὴ
1223 4770 1369 4846 παρὰ
1395 4773 1490 4824 τοῦ
1521 4771 1691 4846 ἱεροῦ,
1724 4767 1808 4824 ὅτι
1865 4768 2014 4840 πλη-

359 4867 574 4924 θύνεται
631 4869 710 4939 τῷ
766 4869 867 4934 τῆς
925 4859 1249 4936 ὁμωνυμίας
1327 4858 1500 4935 λόγῳ,
1557 4859 1647 4913 καὶ
1730 4859 1829 4928 τὴν

367 4956 502 5014 αὐτὸ
561 4955 688 5028 μίαν
745 4950 988 5028 κεφαλὴν
1045 4951 1147 5018 τὴν
1215 4945 1385 5010 ὅντως
1428 4947 1748 5024 παραφαίνει
1805 4947 1895 5002 καὶ
1944 4947 2018 5009 εἲς

1902 4860 2018 4914 κατ’

2091 669 2394 724 disserere.
2419 667 2548 719 Jam
2583 657 2738 715 enim
2771 654 2914 710 satis
2947 648 3416 724 percepi,vocem
3448 640 3648 706 sancti,
3681 640 3740 692 et

2091 753 2442 820 sanctissimi,
2465 765 2594 806 esse
2622 742 2973 802 vocabulum
3023 739 3342 810 augustum
3374 734 3431 786 et
3457 743 3739 784 veneran-

2092 848 2230 901 dum
2264 848 2321 900 et
2346 857 2577 899 sacrum
2611 841 2666 893 et
2697 834 2937 890 unicum
2980 827 3172 902 quoad
3204 837 3466 887 sensum,
3529 818 3610 871 ita
3679 817 3741 870 ut

2093 934 2311 1004 ambigi
2347 934 2616 1002 nequeat,
2651 923 2918 981 eamdem
2948 933 3149 976 vocem
3201 911 3376 969 etiam
3413 910 3482 964 de
3545 910 3654 960 Deo
3686 908 3743 959 et

2093 1024 2208 1081 Deo
2249 1021 2442 1076 charis
2499 1016 2637 1085 dici,
2696 1029 2885 1083 neque
2941 1009 3002 1064 in
3047 1005 3228 1061 alium
3278 1013 3541 1064 unquam
3603 992 3743 1048 ﬁndi

2094 1128 2357 1169 sensum.
2393 1109 2702 1178 Propterea
2730 1099 3002 1156 homines
3047 1112 3079 1151 a
3138 1093 3342 1148 sancto
3376 1081 3742 1142 denominari

2094 1199 2554 1276 (ίερωνυμεῖσθαι)
2577 1194 2841 1266 cupiunt.

2167 1386 2252 1440 11.
2283 1379 2575 1438 Hierocles.
2598 1375 2764 1442 Vide,
2798 1389 2830 1426 o
2855 1364 3197 1439 Theophile,
3219 1357 3742 1434 imperscrutatum

2087 1473 2404 1547 judicium,
2439 1468 2798 1541 quantopere
2834 1457 3109 1514 ﬁrmitate
3161 1453 3374 1508 careat.
3408 1449 3598 1512 Quare
3643 1460 3743 1500 eos

2096 1541 2197 1638 qui
2229 1563 2445 1620 celeres
2477 1561 2615 1614 sunt
2645 1555 2714 1610 ad
2739 1542 3315 1626 judicandum,haud
3347 1541 3514 1595 ﬁrmo
3537 1552 3740 1610 gressu

2095 1628 2363 1716 incedere
2395 1655 2570 1727 patet.
2601 1649 2693 1704 Sic
2743 1650 2802 1702 tu
2846 1655 3104 1717 quoque,
3151 1651 3286 1692 cum
3347 1649 3441 1688 me
3498 1628 3743 1685 ulterius

2095 1763 2366 1824 perorare
2396 1747 2450 1800 et
2473 1737 2824 1815 profundius
2883 1747 3005 1788 rem
3065 1721 3421 1801 perscrutari
3479 1717 3746 1787 noluisti,

2097 1807 2268 1900 celeri
2291 1807 2516 1910 judicio
2544 1845 2710 1897 usus,
2744 1824 2972 1896 reliqua
3003 1818 3242 1893 quidem
3285 1812 3504 1886 optime
3536 1807 3746 1879 adjeci-

2021 1958 2071 2024 B
2101 1931 2197 1998 sti,
2231 1942 2413 1984 unum
2447 1926 2642 1980 autem
2675 1917 2769 1973 vix
2803 1915 2996 1970 dicere
3025 1905 3265 1982 poteris,
3325 1898 3619 1975 quomodo
3649 1913 3745 1952 vo-

2169 2021 2182 2024 -
2253 2018 2290 2024 -.
2359 2017 2369 2024 .
2462 2014 2515 2024 υ.
2599 2011 2633 2024 .-
2757 2008 2773 2024 ι
2822 2006 2976 2024 ,311_1.
3045 1999 3321 2024 o-_-s..m
3357 1989 3546 2024 ΙῖρηλιΛ
3587 1987 3741 2024 οηςηη

2101 1987 2293 2078 cabuli
2324 2011 2674 2089 signiﬁcatio
2705 2006 2998 2065 admittat.
3045 1999 3325 2057 Sanctum
3357 1989 3546 2067 (ἱερὸν)
3587 1987 3744 2044 enim

2097 2128 2213 2167 non
2246 2105 2388 2164 ﬁndi
2419 2118 2590 2176 posse
2621 2104 2698 2169 et,
2732 2095 2814 2153 uti
2848 2092 3015 2159 dicis,
3051 2088 3292 2144 unicum
3323 2098 3454 2138 esse
3485 2080 3557 2135 ad
3608 2093 3741 2134 sen-

2097 2215 2230 2256 sum
2262 2195 2666 2262 divinum,non
2695 2186 2848 2242 inter
2875 2194 3081 2238 omnes
3111 2176 3340 2232 constat
3364 2189 3377 2239 ;
3397 2187 3502 2225 cur
3522 2169 3741 2234 autem,

2098 2288 2254 2346 haud
2279 2284 2447 2342 facile
2474 2278 2742 2336 dixerim.
2778 2274 2862 2328 Ab
2885 2269 3050 2326 initio
3083 2266 3264 2333 enim,
3304 2277 3437 2318 cum
3471 2255 3742 2329 coepisse-

2101 2395 2235 2434 mus
2266 2368 2617 2440 conversari,
2649 2363 2853 2423 fefellit
2884 2365 2939 2418 te
2958 2352 3339 2427 homonymia
3365 2349 3466 2404 illa
3493 2347 3553 2401 in
3587 2360 3748 2400 com-

2103 2430 2315 2541 posito,
2349 2465 2406 2518 et
2437 2430 2825 2528 nunc'quoad
2884 2446 3278 2520 acceptionem
3339 2437 3522 2495 sancti
3559 2430 3749 2508 (ἱερὸν)

2103 2554 2378 2616 similiter
2407 2547 2637 2608 errasti.

2179 2750 2525 2823 TheOphilus.
2558 2747 2824 2810 Quanam
2851 2735 3094 2803 ratione,
3119 2748 3150 2788 ο
3183 2723 3518 2786 Hierocles?

2178 2840 2485 2899 Hierocles.
2519 2833 2666 2900 Quia
2709 2828 2883 2886 etiam
2937 2841 3048 2882 vox
3101 2819 3280 2877 sancti
3334 2817 3464 2889 ipsa
3510 2826 3625 2868 non
3675 2809 3759 2864 ita

2108 2933 2440 2989 coarctatur
2472 2925 2530 2980 iu
2562 2936 2741 2978 unam
2775 2910 3288 2987 signiﬁcationem,
3321 2905 3424 2961 sed
3457 2899 3631 2958 rivuli
3672 2899 3759 2952 io-

2109 3031 2231 3083 star
2259 3023 2319 3078 in
2351 3020 2548 3093 plures
2581 3028 2777 3070 ramos
2827 3006 3190 3073 extenditur,
3248 2998 3335 3056 uti
3387 2989 3760 3070 grammatici

2109 3116 2302 3171 dicere
2333 3108 2541 3167 solent.

2184 3206 2270 3260 12.
2308 3197 2653 3270 Theophilus.
2692 3195 2836 3246 Cum
2883 3185 3085 3259 igitur,
3147 3199 3180 3237 ο
3237 3177 3579 3252 praeceptor,
3637 3174 3761 3226 tam

2113 3296 2262 3352 bene
2284 3261 2607 3364 perspicias
2647 3299 2713 3338 ea
2744 3278 2963 3350 quibus
3011 3267 3436 3346 perspiciendis
3495 3261 3761 3333 equidem

2115 3393 2309 3460 impar
2329 3404 2488 3451 sum,
2511 3381 2801 3456 prehensa
2821 3390 2998 3430 manu
3033 3387 3164 3427 mea
3191 3367 3344 3424 viam
3395 3360 3644 3419 ulterius
3672 3357 3762 3414 in-

2113 3479 2368 3539 eundam
2400 3474 2545 3530 mihi
2575 3467 2837 3527 ostende.

2189 3566 2477 3625 Hierocles.
2531 3558 2785 3616 Breviter
2840 3552 2970 3622 tibi,
3024 3567 3056 3605 o
3142 3545 3350 3613 amice,
3403 3538 3763 3607 monstrabo,

2116 3665 2404 3733 quatenus
2436 3670 2542 3708 vox
2579 3648 2755 3705 sancti
2784 3642 2868 3716 (τό
2916 3639 3086 3714 ἱερὸν)
3140 3637 3322 3692 voluti
3377 3629 3763 3702 exspatiatur,

2117 3757 2175 3808 et
2204 3747 2420 3820 quibus
2450 3735 2811 3800 diversoriis,
2840 3736 2908 3788 ut
2932 3731 3015 3785 ita
3034 3728 3249 3791 dicam,
3282 3719 3623 3794 requiescit.

2191 3810 2530 3907 Theophilus.
2593 3825 2826 3898 Explica
2873 3823 2992 3876 haec
3051 3816 3228 3888 paulo
3283 3810 3515 3876 citius;
3574 3821 3766 3878 neque

2119 3894 2275 3988 enim
2309 3894 2547 3994 tempus
2578 3894 2723 3972 mihi
2779 3909 2999 3969 sufﬁcit
3055 3910 3120 3962 ut
3169 3900 3466 3976 prolixiori
3515 3894 3766 3954 orationi

2119 4021 2406 4076 interesse
2436 4007 2654 4082 possim
2667 4047 2680 4060 .

2191 4104 2482 4162 Hierocles.
2515 4095 2669 4161 Noli,
2711 4110 2744 4148 o
2803 4086 3188 4150 amicissime,
3245 4096 3338 4136 me
3387 4092 3614 4149 urgere,
3665 4075 3769 4131 sed

2119 4195 2392 4268 permitte
2422 4193 2488 4244 ut
2514 4179 2834 4255 tranquillo
2862 4177 3059 4232 animo
3107 4188 3234 4244 quas
3267 4165 3599 4224 necessaria
3628 4169 3772 4219 sunt

2121 4297 2429 4355 exponam.
2461 4277 2516 4332 Si
2545 4291 2679 4330 vero
2727 4269 2886 4326 aliud
2949 4263 3247 4335 negotium
3302 4264 3359 4314 te
3399 4258 3621 4321 avocat,
3655 4269 3772 4308 non

2121 4378 2212 4429 est
2239 4368 2391 4441 quod
2415 4371 2472 4421 te
2497 4362 2804 4418 retineam.

2195 4476 2536 4547 Theophilus.
2569 4469 2734 4524 Haud
2794 4463 3090 4520 discedam
3123 4463 3244 4514 tam
3303 4453 3542 4521 cilo,sed
3577 4465 3776 4506 neces-

2123 4569 2296 4626 sitate
2326 4559 2672 4633 compulsus
2700 4552 3034 4616 remanebo,
3070 4564 3140 4603 ne
3156 4542 3441 4616 temporis
3474 4542 3778 4610 hucusque

2045 4691 2092 4756 Β
2127 4658 2344 4712 frustra
2363 4646 2694 4718 consumpti
2727 4660 2818 4698 me
2840 4639 3134 4714 poeniteat.

2203 4763 2287 4818 13.
2324 4756 2621 4814 Hierocles.
2658 4749 2807 4805 Audi
2836 4747 3017 4820 igitur
3073 4744 3143 4799 de
3183 4755 3321 4797 voce
3359 4737 3536 4794 sancti
3585 4734 3777 4809 (ἱεροῦ)

2129 4851 2281 4924 quod
2310 4843 2736 4917 multiplicatur
2752 4832 3179 4904 homonymice,
3212 4833 3269 4885 et
3299 4825 3643 4901 primarium
3677 4839 3778 4878 ca-

2130 4945 2235 5014 put
2264 4940 2320 4994 in
2354 4916 2514 4992 varia
2543 4929 2820 4996 extendit,
2855 4924 3073 4981 similia
3103 4921 3363 4993 quidem,
3397 4916 3498 4971 sed
3541 4917 3778 4970 caetero-

364 5008 631 5122 έτεροίάς,
691 5008 1136 5120 προάπεφῦκυίας
1196 5039 1314 5113 μέν,
1372 5008 1819 5115 παράυγαζούσας
1866 5008 2016 5092 δέτι

2132 5008 2272 5104 quin
2303 5026 2477 5083 etiam
2510 5020 2813 5096 proprium
2846 5015 2986 5088 quid
3011 5008 3355 5068 indicantia.

367 5132 559 5198 ἄλλως
587 5134 677 5190 καὶ
708 5130 870 5188 ἴδιον.

443 5221 731 5303 Θεόφιλος.
793 5221 928 5297 Λέγε
983 5217 1340 5294 διευκρινων·
1402 5214 1506 5294 ἐγὼ
1577 5214 1680 5293 γὰρ
1739 5213 1846 5288 ἤδη
1906 5237 2022 5292 συγ.

367 5316 609 5390 κέχυμαι
641 5313 732 5367 τὸν
763 5313 906 5381 νοῦν,
942 5312 1027 5371 οἷς
1056 5305 1390 5384 παραδίδως.

439 5403 742 5476 Ἱεροκλῆς.
822 5399 1088 5471 Ἀκούεις,
1158 5397 1202 5452 ὦ
1278 5395 1528 5474 Θεόφιλε,
1588 5395 1731 5470 ἱερὸν

371 5495 404 5550 ὃ
440 5493 678 5568 μάλιστα
710 5487 1148 5563 σπουδαζόμενον
1171 5487 1240 5556 ἦν
1271 5486 1324 5542 έν
1354 5489 1471 5549 τοῖς
1501 5483 1808 5560 θυομένοις·

447 5598 733 5678 Θεόφιλος.
769 5597 896 5669 Ναί,
936 5591 1247 5673 περιᾴδεται
1279 5594 1402 5671 γάρ.

450 5705 748 5781 Ἱεροκλῆς.
779 5705 841 5761 Τί
893 5702 950 5762 δέ
990 5703 1128 5760 ἔστιν
1161 5699 1326 5774 αύτό;
1361 5701 1508 5773 Μήτι
1561 5697 1696 5756 κατὰ
1740 5699 1832 5755 τὸν
1886 5697 2030 5774 ἱερὸν

360 5797 664 5874 ,ἄνθρωπον
689 5813 705 5870 ;

1811 5395 1997 5450 ὀστοῦν
2009 5440 2021 5464 ,

2205 5208 2548 5280 Theophilus.
2587 5199 2909 5260 Dilucidius
2948 5197 3186 5266 loquere
3215 5207 3229 5259 ;
3255 5191 3381 5262 jam
3439 5185 3596 5244 enim
3655 5201 3783 5256 qua:

2135 5303 2303 5368 dicis,
2336 5299 2597 5354 animum
2633 5308 2830 5348 meum
2859 5285 3252 5342 confundunt.

2206 5391 2497 5446 Hierocles.
2558 5383 2702 5447 Scis,
2779 5397 2811 5434 ο
2868 5371 3208 5445 Theophile,
3269 5369 3380 5424 dioi
3441 5382 3500 5422 os
3569 5379 3790 5420 sacrum

2136 5480 2292 5553 quod
2325 5478 2381 5532 in
2418 5470 2726 5531 sacriﬁciis
2759 5465 2954 5539 magni
2990 5460 3215 5519 ﬁebat?

2208 5585 2557 5656 Theophilus.
2591 5577 2718 5635 Scio
2746 5575 2968 5644 utique,
3001 5567 3378 5625 notissimum
3409 5563 3566 5620 enim
3593 5565 3702 5619 est.

2209 5692 2511 5751 Hierocles.
2544 5686 2691 5756 Quid
2725 5688 2918 5740 autem
2951 5682 3041 5735 est
3068 5675 3259 5732 illud?
3283 5673 3436 5731 Num
3469 5672 3671 5730 eodem
3703 5669 3789 5725 di-

2142 5783 2302 5843 citur
2330 5798 2506 5840 sensu
2539 5794 2655 5852 quo
2685 5776 2904 5833 sanctus
2934 5770 3092 5828 homo
3117 5764 3139 5822 ἶ
