4060 6368
300 455 415 516 921

1237 450 1623 514 DIALOGUS
1672 450 2106 513 HIEROGLES
2149 451 2249 511 E'l‘
2292 444 2814 510 THEOPHILUS.

3589 437 3710 499 922

304 585 468 648 αὒτὸς
525 585 597 658 τῇ
622 589 817 661 κυνικῇ
850 584 1124 661 ἐπιστήμῃ
1174 584 1303 644 τοὺς
1360 586 1454 659 μὲν
1511 589 1619 640 τῶν
1649 583 1948 659 ἀνθρώπων

2075 582 2312 639 scientia
2341 582 2545 655 cynica
2563 580 2925 650 demulceus,
2963 578 3096 634 aliis
3151 578 3434 643 irascens,
3492 591 3704 632 canum

306 676 503 730 σαίνων
553 675 816 748 εὐμενῶς,
861 681 979 738 τοῖς
1030 673 1087 731 δὲ
1137 673 1526 750 δυσμεναίνων,
1578 673 1679 730 ὅσα
1721 674 1813 729 καὶ
1855 671 1956 729 κύ·-

305 786 449 833 νεος,
509 763 588 828 εἷς
634 763 803 820 πλέον
853 766 1121 835 ᾠκείωται
1171 769 1240 839 τῇ
1286 770 1384 821 τοῦ
1438 765 1596 828 κυνὸς
1632 763 1827 836 κλήσει
1894 764 1956 820 Ὁ

313 854 407 928 μὲν
456 854 560 929 γὰρ
621 852 892 930 μετέωρος
958 853 1160 917 ἐκεῖνος
1208 852 1260 917 ἐς
1312 854 1473 910 τόσον
1519 855 1806 932 ἀφίσταται
1860 857 1957 907 τοῦ

309 944 445 998 κατὰ
503 943 699 1019 χέρσον
762 943 827 998 τὰ
874 943 951 1006 είς
999 945 1098 1012 τὴν
1160 941 1287 1020 ἄγαν
1349 942 1654 1016 ὁμοιότητα
1710 942 1787 1005 εἷς
1832 940 1955 997 ὅσον

314 1031 539 1108 οὐρανός
597 1030 704 1087 ἐστ’
761 1032 868 1087 ἀπὸ
914 1032 1096 1109 γαίης·
1154 1034 1181 1087 ὁ
1240 1030 1298 1088 δὲ
1354 1032 1569 1095 ἐνάλιος
1628 1030 1742 1088 οὐδ’
1793 1033 1957 1094 αὐτὸς

314 1120 736 1197 παρρησιάζεται
763 1121 901 1177 πάνυ
931 1122 1028 1191 τὴν
1062 1121 1354 1198 ἐγγύτητα.
1402 1123 1472 1179 "0
1502 1143 1565 1197 γε
1599 1123 1704 1196 μὴν
1739 1119 1961 1189 φιλόσο-

316 1232 413 1289 φος
442 1210 764 1286 παρίσταταί
792 1232 907 1273 πως
930 1216 1010 1285 τῷ
1039 1213 1386 1287 πρωτοτύπῳ
1415 1212 1556 1282 κυνὶ,
1587 1211 1676 1267 καὶ
1708 1210 1962 1291 νοσφίζε-

310 1320 398 1355 ται
428 1320 481 1353 τι
511 1297 679 1355 πλέον
713 1299 1029 1375 έγγύτητος.

386 1389 468 1457 ιζ’.
519 1388 821 1462 Ἱεροκλῆς.
894 1389 968 1443 Εὖ
1013 1388 1076 1466 γέ
1133 1411 1219 1445 σοι
1261 1390 1350 1447 καὶ
1405 1394 1610 1460 ταῦτα,
1670 1392 1761 1446 καὶ
1820 1389 1959 1446 ἰτέον

312 1477 480 1549 ὁμοίᾳ
527 1473 707 1552 ἐφόδῳ
734 1475 824 1530 καὶ
883 1476 971 1532 ἰπὶ
1000 1478 1091 1532 τὸν
1151 1478 1297 1554 ἱερὸν
1356 1475 1545 1554 ἄνδρα,
1603 1476 1769 1555 οὗπερ
1797 1477 1960 1555 ἐξώρ-

315 1587 483 1640 μηται
544 1566 573 1621 ὁ
622 1566 916 1641 ἱερώτατος
968 1567 1061 1621 καὶ
1120 1569 1149 1623 6
1228 1567 1507 1623 ἐπιτείνων
1567 1567 1726 1623 αὐτόν
1781 1588 1963 1625 πανιε-

315 1653 582 1729 ρώτατος,
671 1655 761 1710 καὶ
839 1653 1258 1728 διασκοπητέον,
1333 1655 1463 1728 ὅσα,
1529 1657 1670 1713 καθὰ
1747 1655 1962 1733 ἐρῥέθη,

314 1744 793 1819 περιστοιχίσαντα
847 1749 1037 1800 τοῦτον
1065 1789 1078 1814 ,
1129 1747 1192 1801 τὸ
1257 1747 1351 1819 μὲν
1409 1747 1526 1801 κατ’
1592 1746 1751 1801 αὐτὸν
1801 1747 1965 1802 οἱονεὶ

317 1836 479 1904 σῶμα
507 1829 750 1905 τοῦνομα
804 1833 1162 1910 κληροῦνται,
1210 1842 1313 1905 τῆς
1378 1833 1437 1891 δὲ
1490 1838 1628 1891 κατά
1660 1835 1827 1911 λόγον
1859 1839 1958 1910 ψυ-

318 1924 428 1996 χῆς
457 1921 520 1976 ού
566 1923 938 1979 καθικνοῶιται
983 1923 1061 1986 εἷς
1105 1924 1169 1979 τὸ
1198 1928 1321 1994 πᾶν,
1382 1922 1510 1979 ἀλλ’
1541 1923 1619 1987 εἷς
1647 1923 1774 1980 ὅσον
1826 1925 1964 1999 ἀμυ-

318 2007 449 2084 δρὰν
525 2011 880 2088 παραφαίνειν
957 2007 1205 2091 ἔμφασιν.
1285 2013 1385 2068 Καὶ
1457 2012 1618 2089 τείχη
1696 2015 1788 2087 μὲν
1848 2015 1966 2089 ἰερᾶ

319 2098 494 2173 λέγειν
547 2099 763 2162 οἰκείως
818 2097 933 2177 ἕχει
987 2102 1124 2177 πρὸς
1176 2102 1240 2157 τὸ
1293 2107 1508 2176 πρῶτον
1559 2100 1737 2159 διὰτὸ
1768 2124 1966 2160 σωοτι-

319 2189 414 2244 κὸν
490 2192 595 2244 τῶν
667 2186 1019 2245 ἐνοικούντων
1087 2189 1176 2245 καὶ
1257 2189 1586 2266 φυλακτικὸν
1612 2234 1627 2261 ,
1704 2194 1846 2248 Θεῖον
1906 2193 1964 2248 ’ὀν

321 2283 521 2353 χρῆμα
584 2277 675 2333 καὶ
749 2278 905 2346 αὐτὸ,
941 2278 1131 2343 καθότι
1178 2281 1270 2335 καὶ
1322 2285 1437 2342 τοῖς
1488 2281 1659 2356 ἱεροῖς
1707 2286 1859 2346 ναοῖς
1903 2282 1967 2337 τὸ

318 2370 564 2422 τοιοῦτον
625 2364 826 2422 ἄσυλον
889 2366 1309 2443 ἀπονενέμηται·
1379 2368 1470 2424 καὶ
1511 2370 1574 2425 τὸ
1620 2375 1722 2440 τῆς
1768 2376 1968 2443 Περιη-

313 2457 532 2532 γήσεως
584 2453 641 2511 δὲ
691 2456 835 2532 ἱερὸν
890 2456 979 2513 καὶ
1048 2459 1084 2527 ἡ
1135 2456 1255 2529 ἱερὰ
1300 2458 1416 2513 κατ’
1467 2457 1633 2529 αὐτὴν
1689 2455 1827 2535 ἄκρα
1877 2460 1969 2515 καὶ

314 2545 371 2599 αἱ
429 2544 758 2620 Ἰεραπόλεις
804 2545 895 2600 καὶ
951 2543 1129 2601 τᾶλλα
1182 2546 1441 2617 τοιαύτης
1473 2545 1683 2611 ἐννοίας
1721 2543 1966 2624 ἔχονται.

314 2635 539 2691 Ὀστοῦν
614 2631 672 2689 δὲ
739 2634 883 2710 ἱερὸν
936 2633 1087 2690 οὐδέν
1145 2657 1198 2690 τι
1256 2637 1505 2691 τοιοῦτον
1562 2633 1679 2712 ἔχει
1737 2658 1969 2715 περιφα-

315 2727 445 2785 νῶς
507 2721 635 2779 ἀλλ’
665 2724 716 2778 οἱ
754 2725 849 2797 μὲν
897 2728 1086 2797 θυτικῇ
1136 2722 1314 2796 ἐννοίᾳ
1358 2722 1765 2800 αἲτιολογοῦσιν
1814 2725 1965 2796 αὐτὸ,

315 2808 494 2885 ’έτεροι
558 2808 617 2867 δὲ
666 2810 756 2867 διὰ
819 2814 881 2868 τὸ
943 2811 1233 2887 μεγαλεῖον
1282 2817 1383 2879 τῆς
1434 2815 1746 2876 ὁστεώσεως
1792 2810 1970 2889 ὄνομα

321 2906 473 2974 σχεῖν
529 2901 671 2957 οὕτω
722 2903 915 2974 σεμνὸν
998 2900 1275 2974 δεξάζουσι
1309 2946 1324 2971 ,
1367 2904 1505 2968 καθὰ
1550 2903 1639 2959 καὶ
1681 2904 1773 2960 τὸν
1822 2905 1966 2978 ἱερὸν

324 2989 506 3065 ἰχθύν·
579 2991 656 3054 εἷς
726 2991 857 3066 ὅπερ
931 2992 1135 3058 ἐννοίας
1209 2987 1410 3067 ἔδαψας
1473 2991 1582 3063 ἤδη
1637 2994 1725 3048 xui
1783 2994 1966 3056 αὐτός.

322 3080 481 3156 Ὄφις
532 3077 589 3134 δὲ
647 3081 674 3135 6
732 3082 877 3157 ἱερὸς
945 3079 1208 3158 εὐφήμως
1280 3082 1655 3160 ἀντιφράζεται
1722 3085 1869 3159 παρά
1908 3104 1970 3160 γε

319 3176 438 3233 τοῖς
492 3170 854 3247 βουλομένοις
904 3172 1182 3239 ἐκούεσθαι
1225 3175 1325 3243 τὴν
1374 3173 1464 3229 ἀπ’
1512 3172 1676 3230 αύτιοῢ
1729 3170 1965 3251 βλάϐηνο

321 3261 466 3317 οὓτω
529 3260 586 3316 δὲ
655 3262 745 3317 καὶ
820 3258 979 3327 νόσος
1026 3265 1060 3333 ἡ
1122 3262 1242 3339 ἱερά
1290 3262 1730 3338 σεμνολογεῖται,
1790 3265 1864 3327 ὡς
1921 3264 1966 3320 εἰ

2067 671 2273 742 instar,
2308 671 2497 745 magis
2527 671 2706 727 etiam
2738 671 2904 726 canis
2965 667 3439 725 denominatione
3496 667 3714 738 dignus

2066 767 2175 818 est.
2215 761 2312 816 [lle
2342 762 2498 817 enim
2530 776 2857 832 suspensus
2882 760 2942 814 in
2964 775 3114 826 aere,
3151 758 3341 829 quoad
3374 755 3717 812 similitudi-

2068 868 2200 906 nem
2219 854 2447 904 tantum
2463 849 2639 905 distat
2663 865 2696 903 a
2711 847 3235 919 tellure,quantum
3255 844 3461 901 ccelum
3483 861 3517 901 a
3534 849 3716 900 terra:

2068 941 2337 997 marinus
2368 947 2563 995 autem
2588 957 2693 995 nec
2715 940 2839 1010 ipse
2873 938 3036 993 valde
3067 936 3437 1008 propinquus
3467 935 3720 990 dicatur.

2069 1030 2466 1101 Philosophus
2488 1035 2684 1084 autem
2713 1045 2890 1100 prope
2921 1028 3090 1083 adest
3143 1026 3443 1099 primitivo
3491 1024 3621 1080 cani
3669 1028 3727 1080 et

2069 1121 2312 1196 propius
2344 1120 2586 1175 accedit.

2147 1394 2235 1448 17.
2268 1391 2557 1448 Hierocles.
2592 1390 2821 1463 Optime
2854 1389 2972 1445 haec
3022 1388 3356 1461 percepisti,
3398 1388 3721 1459 eademque

2070 1483 2162 1538 via
2194 1481 2582 1554 procedamus
2611 1480 2702 1549 Qad
2737 1479 2927 1533 virum
2978 1481 3247 1549 sanctum,
3282 1494 3316 1533 a
3373 1493 3485 1549 quo
3533 1477 3725 1532 oritur

2074 1572 2462 1629 sanctissimus
2494 1574 2551 1624 et
2582 1586 2681 1641 per
2709 1568 3113 1641 gradationem
3146 1568 3391 1623 omnium
3435 1566 3724 1622 sanctissi-

2074 1680 2216 1731 mus,
2250 1667 2308 1718 et
2335 1661 2663 1729 videamus,
2693 1659 3009 1732 quomodo,
3040 1658 3130 1714 uti
3169 1658 3394 1713 dictum
3460 1660 3568 1725 est,
3611 1655 3729 1711 cir-

2075 1750 2418 1808 cumdantia
2448 1766 2606 1820 cum,
2638 1748 2813 1805 veluti
2848 1765 3061 1819 corpus
3091 1748 3241 1817 ejus,
3266 1762 3480 1802 nomen
3537 1744 3726 1816 adipi-

2076 1840 2419 1909 scantur,ad
2458 1838 2715 1895 animam
2737 1843 2933 1893 autem
2967 1839 3207 1892 omnino
3231 1835 3725 1905 nonjreferantur,

2075 1931 2179 1987 sed
2212 1934 2442 1985 tantum
2474 1929 2781 1984 obscuram
2842 1926 3163 1998 imaginem
3205 1924 3478 1980 innuant.
3510 1922 3724 1979 Maenia

2076 2020 2259 2092 igitur
2276 2028 2474 2074 sancta
2503 2017 2803 2084 dicuntur,
2818 2015 2977 2089 quia,
3011 2016 3167 2087 quod
3203 2030 3400 2071 revera
3457 2012 3722 2069 divinum

2077 2109 2218 2182 quid
2258 2113 2372 2172 est,
2425 2105 2823 2162 inhabitantes
2872 2108 3190 2178 protegunt
3239 2108 3298 2160 et
3353 2105 3722 2168 conservant,

2078 2197 2578 2271 quemadmodum
2606 2195 2784 2252 etiam
2806 2198 2993 2251 sancta
3010 2193 3232 2265 templa
3258 2198 3541 2264 tanquam
3565 2188 3729 2263 asyla

2078 2287 2351 2343 houoran
2374 2291 2489 2357 tur,
2524 2291 2582 2342 et
2612 2285 2987 2357 Periegeseos
3018 2293 3275 2339 sanctum
3310 2287 3368 2338 et
3404 2288 3602 2339 sancta
3626 2298 3729 2338 arx

2079 2381 2135 2432 et
2153 2373 3053 2448 Hierapoles.(eanetaaﬁrbesﬂet
3082 2377 3283 2429 caetera
3308 2371 3512 2428 eodem
3545 2386 3726 2427 sensu

2078 2466 2356 2538 gaudent.
2381 2465 2451 2521 οε
2476 2467 2675 2520 autem
2707 2479 2938 2521 sacrum
2968 2461 3113 2517 nihil
3134 2460 3429 2532 ejusmodi
3495 2459 3727 2531 signifi-

2080 2571 2211 2610 care
2241 2554 2627 2626 apparet,'sed
2658 2551 2993 2622 nonnulliﬂ'fa
3019 2551 3330 2607 sacriﬁciis
3360 2549 3725 2605 sicvocatum

2080 2649 2374 2709 asserunt,
2426 2642 2524 2699 alii
2554 2644 2614 2713 ia
2671 2641 2955 2712 mirabili!
2995 2640 3221 2698 ossium
3266 2642 3565 2695 structura
3615 2638 3724 2693 hoc

2076 2732 2411 2789 venerabile
2441 2749 2654 2788 nomen
2685 2731 3073 2787 derivandum
3101 2728 3721 2801 dicunt,quemadmo-

2078 2824 2221 2878 dum
2250 2823 2434 2878 sancti
2466 2821 2646 2892 piscis
2675 2819 3195 2892 appellatio,quem
3230 2820 3565 2881 sensum'_tu
3591 2816 3719 2887 jam

2079 2912 2244 2984 prius
2267 2909 2635 2982 perspexisti.
2659 2911 2912 2981 Serpens
2962 2910 3181 2977 autem,~
3210 2925 3314 2978 per
3367 2905 3725 2978 euphoniam

2078 3008 2318 3055 vocatur
2348 3007 2591 3055 sanctus
2620 3000 2693 3054 ab
2725 2999 2797 3055 iis
2828 2998 2950 3070 qui,
2984 3015 3057 3053 ne
3086 2996 3422 3054 detrimenti
3454 2995 3596 3068 quid
3639 3011 3729 3050 ca-

2079 3090 2265 3162 piant,
2300 3089 2385 3145 sic
2414 3107 2545 3145 eum
2577 3089 2890 3145 conciliare
2919 3090 3248 3155 conanturg;
3280 3086 3483 3142 eodem
3551 3084 3727 3140 modo

2079 3178 2259 3234 etiam
2290 3179 2532 3234 morbus
2564 3177 2778 3232 dicitur
2803 3180 3067 3242 sanctus,
3092 3180 3148 3230 et
3176 3172 3355 3230 veluti
3386 3171 3509 3228 fera
3541 3170 3731 3227 bestia

2080 3266 2450 3324 demulcetur
2478 3266 2763 3323 etblande
2813 3270 3121 3331 tractatur,
3173 3280 3245 3319 ne
3294 3265 3438 3318 forte
3498 3260 3725 3332 impetu

316 3351 407 3405 xui
439 3352 624 3425 θηρίον
680 3350 842 3427 βορὸν
875 3354 1177 3426 multum
1205 3352 1297 3406 xui
1337 3350 1701 3422 ποππύζεται,
1756 3350 1811 3408 εἷ’
1848 3374 1965 3418 πως

2077 3358 2453 3430 aggrediatur
2481 3357 2777 3412 hominem
2792 3360 2849 3410 et
2880 3355 3132 3427 pessime
3162 3353 3400 3409 afﬁciet.
3432 3349 3726 3423 Cepistine

322 3441 399 3513 μὴ
431 3438 754 3514 ἐμπηδῆσαν
787 3440 970 3518 ἐμφυῇ
1010 3440 1099 3496 καὶ
1156 3438 1341 3517 βλάψῃ
1372 3442 1440 3494 τὰ
1469 3441 1739 3518 χείριστα.
1773 3445 1969 3520 "Exom-

317 3529 432 3598 οὖν,
488 3527 740 3608 Θεόφιλε,
802 3527 1109 3605 κατάληψιν
1170 3527 1386 3600 ἐντελῆ,
1437 3531 1467 3586 ’ὀ
1512 3535 1566 3586 τί
1597 3532 1729 3587 ποτέ
1763 3530 1905 3589 ἐστιν
1938 3537 1966 3587 ὁ

316 3620 462 3696 ἱερὸς
494 3619 631 3694 ἀνὴρ
661 3621 753 3675 xui
785 3621 812 3675 6
842 3621 958 3675 κατ’
990 3619 1148 3675 αὐτὸν
1181 3619 1503 3695 ίερώτατος;
1531 3623 1598 3679 Ἠ
1630 3617 1965 3697 προσεπιϐα-

316 3710 519 3781 λοῢμεν
552 3709 642 3765 καὶ
673 3709 875 3785 ἑτέροις
904 3711 1173 3783 νοήμασιν
1203 3729 1216 3781 ;

391 3818 482 3887 ιη’.
511 3816 793 3892 Θεόφιλος.
827 3812 1223 3889 Κατελαϐόμην
1262 3816 1339 3879 είς
1368 3813 1667 3894 ἀκριϐειαν,
1700 3819 1789 3874 καὶ
1820 3820 1968 3896 φιλῶ

311 3908 444 3972 τοὺς
471 3906 778 3977 τοιούτους,
823 3908 913 3963 xui
965 3908 1295 3984 ὑπερτίθημι
1324 3911 1434 3964 τῶν
1464 3928 1524 3963 τε
1552 3906 1825 3983 θεοφίλων
1876 3909 1967 3964 καὶ

310 4002 422 4053 τῶν
455 3996 844 4075 θεοφιλτάτων.
908 4002 911 4005 ¹

392 4101 689 4181 Ιεροκλῆς.
769 4102 911 4160 Ούδὶ
983 4103 1147 4158 πάλιν
1220 4104 1391 4177 κρίνω
1464 4096 1832 4178 ἠκριϐωκέναι
1908 4124 1967 4159 σε

310 4195 412 4264 τὴν
446 4193 659 4272 φράσιν,
710 4194 755 4248 ὧ
800 4191 1050 4268 Θεόφιλε.
1096 4195 1295 4267 Πρῶτοι
1336 4192 1428 4264 μὲν
1476 4191 1578 4268 γὰρ
1636 4188 1742 4246 ἔδει
1794 4212 1963 4267 προσ-

316 4287 485 4346 θεῖναι
539 4284 699 4359 ἱερῶν
756 4280 986 4358 ἀνδρῶν,
1028 4282 1117 4337 καὶ
1162 4280 1426 4337 τοιούτων
1506 4277 1564 4336 δὲ
1629 4281 1958 4355 ἱερωτάτων,

314 4369 400 4425 ἵνα
433 4372 509 4445 μή
552 4371 842 4445 συμπήσῃς
885 4369 975 4425 καὶ
1030 4367 1372 4444 ὁμωνυμίαις
1416 4366 1788 4448 ἐτεροφύλοιςσ
1847 4371 1961 4426 εἶτα

307 4461 481 4537 ἐχρῆν
530 4460 996 4535 πθοσλογίσασθαί
1038 4481 1097 4514 σε
1160 4458 1246 4514 xui
1317 4460 1402 4514 ὁτι
1455 4459 1482 4514 6
1535 4456 1800 4536 θεοφιλὴς
1861 4459 1961 4516 οὐκ

305 4549 369 4606 ἃν
425 4548 623 4623 ἀπᾴδοι
671 4555 770 4606 τοῦ
827 4539 947 4625 xui:
973 4551 1119 4627 ἱερὸς
1173 4546 1390 4621 ᾅδεσθαι
1428 4593 1439 4605 .
1493 4550 1590 4606 Ὃν
1658 4550 1762 4625 γὰρ
1823 4549 1955 4613 Θεὸς

308 4638 503 4718 φιλεῖ,
561 4644 680 4704 πῶς
739 4638 942 4705 ἐκεῖνος
988 4640 1091 4696 οὐκ
1145 4640 1205 4695 ἂν
1259 4636 1345 4710 εἴη
1399 4640 1551 4712 αὐτῷ
1608 4640 1954 4715 ἱερωμένος,

2068 3449 2220 3519 jam,
2251 3464 2284 3503 ο
2321 3445 2659 3519 TheOphile,
2693 3461 2935 3502 sensum
2967 3444 3265 3517 integrum
3299 3457 3413 3513 quo
3448 3440 3555 3497 "vir
3598 3456 3728 3495 san-

2074 3546 2194 3594 ctus
2218 3543 2275 3593 et
2303 3538 2684 3594 sanctissimus
2715 3540 3111 3607 nuncupatur,
3130 3550 3204 3589 an
3227 3531 3520 3603 oportebit
3547 3530 3725 3586 etiam

2077 3626 2211 3683 aliis
2236 3625 2520 3699 exemplis
2550 3642 2672 3681 rem
2705 3623 3012 3681 enucleare
3031 3623 3059 3678 ?

2150 3828 2234 3882 18.
2280 3825 2625 3894 Theophilus.
2659 3823 2890 3893 Optime
2930 3817 3369 3893 comprehendi,
3430 3822 3487 3872 et
3542 3813 3723 3886 diligo

2076 3915 2368 3987 ejusmodi
2394 3913 2664 3969 homines
2694 3917 2753 3968 et
2809 3910 3050 3984 praefero
3081 3910 3186 3965 Deo
3243 3907 3461 3963 dilectis
3520 3900 3720 3979 (θεοφί-

2077 4003 2223 4076 λοις)
2253 4008 2311 4060 et
2340 4004 2457 4059 Deo
2482 4001 2888 4059 dilectissimis
2918 3995 3363 4074 (θεοφιλτάτοις).

2147 4110 2446 4166 Hierocles.
2486 4112 2698 4166 lterum
2744 4108 2899 4163 vocis
2956 4121 3193 4161 sensum
3255 4103 3414 4157 haud
3474 4100 3726 4172 perfecte

2074 4201 2407 4273 percepisse
2437 4199 2580 4254 mihi
2614 4198 2853 4261 videris,
2884 4212 2917 4251 ο
2948 4192 3284 4264 Theophila.
3337 4195 3481 4246 Ante
3524 4189 3726 4247 omnia

2071 4289 2262 4345 dicere
2292 4289 2600 4345 debuisses
2631 4291 2868 4342 sanctos
2906 4287 3061 4340 viros
3092 4288 3150 4338 et
3180 4279 3606 4344 sanctissimos,
3658 4285 3723 4334 ut

2070 4395 2143 4435 ne
2167 4395 2492 4452 synonyma
2518 4378 2745 4432 diversa
2776 4374 3188 4441 confunderes;
3209 4371 3419 4427 deinde
3452 4370 3719 4426 animad-

2067 4469 2409 4525 vertendum
2441 4469 2668 4537 fuisset,
2708 4465 2896 4521 virum
2949 4464 3064 4520 Deo
3119 4461 3393 4517 dilectum
3439 4457 3713 4536 (θεοφιλῆ)

2068 4545 2321 4631 perbene
2397 4558 2571 4612 etiam
2631 4559 2812 4611 sancti
2866 4554 3060 4627 (ἱεροῦ)
3121 4552 3357 4608 nomine
3414 4550 3709 4623 insigniri.

2064 4648 2246 4712 Quem
2279 4647 2435 4704 enim
2467 4647 2623 4703 Deus
2649 4645 2863 4717 diligit,
2887 4645 3183 4715 quomodo
3215 4660 3331 4698 non
3390 4640 3501 4697 erit
3555 4640 3711 4713 apud

309 4726 407 4785 εἶ’τ’
464 4727 555 4784 οὖν
615 4728 801 4801 ὅσιος,
853 4730 988 4785 κατὰ
1038 4731 1127 4784 τὸν
1187 4727 1550 4801 αἲτησάμενοθ
1606 4727 1956 4806 φυλαχθῆναι

2075 4754 2201 4793 cum
2257 4738 2634 4807 sancti/leuius
2717 4732 3115 4811 (ἱερωμένος>Ξ
3133 4733 3256 4789 sive
3312 4736 3714 4795 consecratus,

308 4819 414 4875 ὑπὸ
466 4819 688 4894 Κυρίου,
748 4818 829 4875 ὅτι
882 4819 1032 4881 ὅσιος
1085 4817 1232 4891 αὐτῷ
1287 4818 1436 4887 ἐστι,
1510 4818 1601 4873 καὶ
1677 4815 1815 4887 δῆτα
1868 4819 1959 4874 καὶ

307 4910 463 4986 ἅγιος
518 4908 569 4964 ἐν
624 4913 692 4985 τῇ
751 4912 821 4985 γῇ
880 4911 975 4964 τοῦ
1023 4912 1178 4979 Θεοῦ,
1221 4909 1269 4980 ᾧ
1326 4911 1629 4980 θαυμαστοῖ
1679 4908 1708 4962 ὁ
1760 4906 1956 4976 Κύριος

304 4999 372 5054 τὰ
421 4998 595 5054 οἰκεῖα
642 4996 966 5073 θελήματας
1018 4998 1104 5052 Ἐν
1152 5002 1270 5059 τοῖς
1317 4995 1588 5058 τοιούτοις
1636 5000 1767 5072 γοῦν
1822 4998 1956 5052 πάν-

302 5108 413 5151 τως
463 5088 553 5143 καὶ
606 5087 794 5162 μόνοις
851 5088 879 5143 ὁ
928 5083 1190 5165 θεοφιλὴς
1227 5085 1317 5141 xui
1358 5084 1654 5162 ἅγιόςξέστι
1685 5085 1774 5141 καὶ
1806 5084 1958 5150 ὅσιος

299 5176 389 5233 καὶ
445 5177 626 5254 ἱερός.
683 5175 908 5239 ’Ἄλλως
970 5173 1027 5232 δὲ
1080 5177 1142 5231 τὸ
1200 5181 1425 5253 πρᾶγμα
1483 5174 1958 5254 συγκεφαλαιώσα-

299 5279 445 5337 σθαι,
509 5269 626 5323 κατ’
676 5266 940 5343 ἐξαίρετον
976 5266 1070 5338 μὲν
1118 5266 1209 5320 xui
1262 5263 1417 5328 ῗδίως
1471 5264 1562 5320 καὶ
1617 5265 1951 5339 καταμόνας,

297 5359 362 5413 ού
431 5357 566 5412 κοιτά
618 5378 670 5411 τι
745 5351 1127 5410 ἀναπόδεικτον
1195 5352 1426 5429 αἴτημα,
1483 5353 1573 5409 καὶ
1631 5350 1837 5409 ἔννοιαν
1897 5353 1955 5410 δὲ

294 5446 511 5517 κοινὴν,
586 5444 733 5521 ἱερὸς
813 5443 909 5519 μὲν
982 5442 1073 5498 xui
1121 5443 1416 5519 ἱερώτατος
1480 5441 1569 5498 xui
1630 5441 1804 5519 ἱερεὺς
1861 5444 1954 5499 καὶ

301 5534 590 5612 ἀρχιερεὺς
675 5531 790 5606 ῗὸίᾳ
875 5536 983 5588 τῶν
1065 5535 1164 5588 τοῦ
1236 5532 1448 5605 κόσμου
1523 5533 1950 5609 ἀποτεταγμένοι

300 5621 424 5693 εἶσὶ,
488 5625 576 5678 xui
639 5621 823 5684 αὐτοῖς
881 5620 1297 5700 ἐπιτετράφαται
1353 5621 1421 5676 τὰ
1480 5626 1752 5695 μυστικῶς
1810 5622 1952 5679 Θειό-

258 5712 261 5715 “
298 5731 448 5788 τερα,
482 5711 574 5768 καὶ
605 5710 985 5768 συνανατέλλει
1038 5716 1119 5784 τῷ
1169 5711 1405 5784 τοιούτῳ
1444 5712 1601 5785 καλῷ
1644 5711 1950 5789 ἀναγκαίως

300 5799 364 5856 τὸ
412 5802 499 5857 καὶ
564 5798 839 5879 θεοφιλεῖς
903 5800 993 5859 xui
1051 5797 1337 5885 θεοφίλους
1399 5801 1531 5858 εἶναι
1577 5800 1703 5869 τοὺς
1761 5801 1949 5861 τοιού-

2069 4827 2569 4898 quemadmodum
2602 4824 2698 4880 ille
2728 4825 2827 4894 qui
2860 4829 3132 4896 precatur
3158 4827 3221 4877 ut
3249 4840 3281 4877 a
3317 4822 3558 4877 Domino
3611 4835 3712 4875 eu-

2068 4916 2376 4980 stodiatur,
2408 4915 2546 4987 quia
2591 4913 2716 4984 ipse
2771 4917 3148 4968 consecratus
3205 4915 3315 4981 est,
3375 4917 3432 4965 et
3473 4909 3714 4981 proinde

2066 5005 2242 5061 etiam
2270 5005 2330 5059 in
2364 5010 2520 5059 terra
2547 5003 2643 5059 Dei
2672 5007 2934 5067 sanctus,
2982 5002 3076 5056 cui
3120 5000 3401 5054 Dominus
3443 4998 3714 5052 volunta-

2066 5099 2182 5150 tem
2219 5110 2388 5149 suam
2421 5092 2832 5148 admirandam
2868 5091 3060 5147 reddit
3089 5089 3203 5157 Plin
3235 5088 3708 5159 hisigiturpror-

2064 5200 2169 5241 sus
2200 5189 2258 5238 et
2290 5182 2461 5238 unice
2487 5184 2594 5237 Deo
2625 5182 2858 5237 dilectus
2889 5174 3193 5256 (θεοφιλὴς)
3225 5183 3282 5234 et
3312 5194 3477 5234 sacer
3504 5180 3595 5232 est
3650 5180 3709 5231 et

2063 5278 2444 5329 consecratus
2475 5276 2531 5327 et
2559 5275 2784 5326 sanctus
2811 5264 3025 5344 (ἱερός).
3063 5268 3133 5324 Ut
3158 5274 3352 5324 autem
3386 5265 3557 5322 aliter
3583 5282 3705 5321 rem

2064 5362 2438 5433 complectar,
2471 5377 2651 5415 sensu
2684 5360 2965 5414 nimirum
3000 5356 3325 5430 praegnanti
3356 5361 3413 5411 et
3469 5355 3705 5428 proprio

2061 5455 2120 5508 et
2149 5452 2343 5517 unico,
2368 5467 2485 5506 non
2507 5449 2835 5505 secundum
2859 5448 3144 5505 rationem
3169 5447 3322 5502 haud
3356 5445 3706 5516 comproba-

2061 5546 2204 5611 tam,
2238 5541 2339 5596 sed
2372 5539 2700 5596 secundum
2732 5556 2972 5595 sensum
3008 5553 3381 5593 communem
3409 5553 3425 5589 :
3458 5533 3545 5589 vir
3573 5550 3706 5589 san-

2061 5637 2190 5686 ctus
2222 5635 2279 5685 et
2310 5628 2723 5684 sanctissimus
2755 5634 2813 5682 et
2842 5627 3116 5683 sacerdos
3165 5631 3222 5681 et
3267 5624 3707 5680 arohisaeerdos

2061 5718 2390 5792 specialiter
2419 5718 2596 5774 rebus
2626 5717 3002 5773 terrestribus
3046 5713 3297 5786 exempti
3337 5717 3480 5769 sunt
3525 5716 3585 5767 et
3614 5726 3708 5766 res

2060 5808 2290 5866 divinas
2321 5806 2566 5881 mystice
2623 5804 3116 5877 contemplantur,
3154 5802 3238 5863 ita
3263 5805 3348 5873 ut,
3408 5817 3543 5860 cum
3601 5797 3705 5857 tali
