4060 6366
388 412 506 478 923
1158 417 1574 482 EUSTATHll
1620 417 2258 482 THESSALUNICEN
2269 417 2384 481 SIS
2430 414 3017 481 METltOPOLITE
3693 415 3832 478 926

383 549 600 606 virtute
631 550 982 621 prmoellant,
1018 555 1348 610 necessario
1378 559 1436 609 et
1495 558 1672 610 Deum
1727 554 1986 623 diligente

2222 571 2302 614 ις.
2350 552 2472 608 Τῶν
2523 547 2582 606 δὶ
2629 553 2842 605 Αοιπῶν
2899 545 2952 604 εἴ
2989 569 3070 612 τις
3137 545 3424 624 θεοφιλὴς,
3483 543 3640 604 ἔσται
3715 549 3825 620 μὶν

385 635 715 714 (θεοφιλεῖς)
771 648 827 694 et
885 641 990 696 Deo
1035 641 1224 697 dilecti
1283 639 1573 714 (Θεόφιλοι)
1658 642 1930 699 existant.

2219 645 2300 696 ito
2348 639 2509 712 ἀξίως
2553 637 2983 716 ἐπιλεγόμενος,
3035 635 3190 693 οὐδὲν
3242 636 3298 694 δέ
3342 659 3394 693 τι
3451 637 3822 712 ἱερωνυμού-

391 728 620 782 caeteris
653 736 849 784 autem
881 730 930 784 si
963 729 1096 800 quis
1128 732 1302 786 fuerit
1331 733 1502 786 Deum
1531 732 1769 800 diligens
1825 733 1994 807 (θεοφι

2218 751 2298 785 νον
2373 728 2450 792 εἴς
2525 728 2724 798 κλῆσιν
2787 727 3284 806 προσεφελκῦσεται
3319 748 3330 760 ·
3410 725 3563 783 ἀλλᾶ
3639 726 3821 783 τοῦτο

389 812 538 887 λής),
572 817 818 873 benesic
865 818 1280 889 appellabitur,
1334 819 1410 874 nil
1472 826 1666 876 autem
1725 821 1911 876 sancti
1972 821 1986 873 i

2217 819 2229 872 l
2290 817 2454 891 μόνον
2511 813 2693 872 λαϐὼν
2742 817 2834 873 καὶ
2895 816 3109 894 λαχὼν,
3167 817 3226 872 ἐκ
3279 822 3385 873 τῶν
3446 817 3567 890 Θεῷ
3622 817 3820 895 φίλων

386 905 513 974 ejus
547 923 760 961 nomen
792 907 1162 976 reduudabit,
1190 908 1302 963 nisi
1333 909 1518 964 sancti
1544 927 1752 965 nomen
1783 910 1989 980 accipis

2216 911 2322 962 ιῶν³
2411 906 2501 962 καὶ
2571 907 2757 983 ἰερέων
2836 907 2926 962 καὶ
2999 906 3316 982 έρχιερέων,
3395 905 3653 983 ἀφέξεται
3716 911 3819 962 τοῦ

386 998 445 1048 et
477 995 851 1050 nanciscatur
880 1013 912 1049 a
943 997 1160 1051 sanctis
1182 997 1281 1052 Dei
1311 998 1518 1054 amicis
1546 1004 1604 1054 et
1627 1000 1989 1054 sacerdotibu

2209 997 2257 1051 τ’
2336 995 2570 1059 ἐκείνους
2647 997 2797 1070 ἱεροῦ
2867 997 3161 1068 ὀνόματος,
3236 993 3331 1050 κᾶν
3417 997 3684 1070 μέγιστον
3762 998 3811 1051 ἐν

387 1085 446 1136 et
475 1082 1065 1154 urchisarerdotibus,
1124 1093 1503 1156 quantumvis
1560 1087 1712 1142 inter
1761 1088 1990 1144 homine

2207 1085 2446 1160 θρώποις
2496 1085 2880 1164 προφαίνοιντο
2915 1128 2929 1142 .
2992 1083 3320 1140 Ἐνατένισον
3376 1089 3506 1161 γοῦν
3577 1083 3664 1146 εἷς
3724 1087 3808 1140 τὸν

387 1169 648 1226 excellat.
682 1173 996 1228 Considera
1029 1174 1168 1228 mihi
1204 1178 1598 1231 venerandum
1658 1177 1824 1232 illum
1881 1177 1990 1232 inte

2263 1174 2662 1248 οἰκουμενικοῖς
2737 1173 3018 1250 βασιλεῦσι
3094 1172 3345 1229 κόδιστον
3424 1171 3799 1228 ἱσαπόστολον

386 1260 773 1331 imperatores
806 1268 863 1316 et
893 1263 1191 1334 Apostolis
1219 1265 1526 1335 aquialem,
1551 1283 1830 1337 magnum
1880 1266 1989 1321 Con

2188 1267 2231 1318 iv
2295 1261 2461 1338 μέγαν
2520 1268 2958 1331 Κωνσταντῖνον,
3019 1262 3078 1326 ὃς
3137 1261 3496 1340 οεοφίλτατος
3553 1283 3791 1337 προ-(ρας

392 1348 742 1414 stantiuum,
777 1353 874 1422 qui
908 1351 966 1405 in
999 1351 1212 1408 litteris
1243 1356 1314 1408 ad
1351 1371 1485 1409 eum
1517 1355 1671 1410 datis
1729 1357 1840 1410 Deo
1887 1355 1995 1410 dile

2195 1351 2377 1425 ίμενος
2433 1351 2485 1407 ἐν
2540 1358 2659 1416 ταῖς
2715 1349 2948 1416 ἄλλοθεν
2999 1350 3343 1420 ἐπιστολαῖς,
3404 1352 3578 1414 αὐτὸς
3640 1349 3700 1406 δέ
3749 1371 3798 1426 γε

386 1437 691 1493 ctissimus
733 1440 1166 1510 appellabatur,
1221 1443 1347 1513 ipse
1407 1449 1625 1512 autem,
1677 1445 1912 1516 quando
1959 1463 1989 1500 a

2209 1442 2413 1517 ιότερον
2483 1437 2737 1498 σεϐαστὸν
2815 1442 3003 1497 ἑαυτὸν
3085 1440 3438 1514 ἐπονομάζων
3469 1484 3484 1509 ,
3561 1441 3805 1510 ὁπηνίκα

386 1525 534 1582 alios
566 1527 886 1595 scribebat,
918 1546 982 1584 se
1014 1533 1397 1586 reverendum
1430 1539 1747 1604 augustum
1782 1534 1986 1590 diceba

2203 1530 2347 1606 έροις
2431 1530 2770 1604 ἐπιστέλλοι,
2857 1533 3010 1604 ὅμως
3096 1529 3342 1604 οὐδαμοῦ
3417 1530 3805 1605 ὶερωνύμησεν

384 1632 491 1671 nec
520 1621 716 1672 tamen
742 1635 1004 1690 unquam
1023 1621 1207 1691 sancti
1230 1637 1442 1677 nomen
1470 1623 1582 1677 sibi
1607 1624 1916 1693 arrogabat
1932 1639 1987 1678 ne

2203 1621 2326 1692 ιτὸν,
2384 1618 2526 1676 οὐδὲ.
2569 1621 2676 1693 μὴν
2728 1621 2974 1676 τοιοῦτόν
3032 1619 3086 1676 τί
3113 1622 3275 1676 ποθεν
3307 1617 3565 1689 ἤκουσεν.
3602 1620 3806 1692 Οἶμαι,

383 1704 458 1760 ab
488 1705 619 1760 aliis
654 1722 914 1778 unquam
938 1708 1234 1764 audiebat.
1257 1710 1502 1779 Satis,ut
1529 1711 1757 1778 opinor,
1789 1730 1821 1768 ο
1841 1713 1986 1768 Thec

2212 1709 2456 1774 κούντως
2510 1711 2555 1764 ὠ
2609 1709 2858 1788 Θεόφιλε,
2915 1707 3334 1782 διελευκάναμεν
3377 1709 3442 1764 τὸ
3471 1707 3659 1782 μέλαν
3713 1715 3811 1778 τῆς

384 1791 753 1863 phile,dubia
782 1811 906 1864 qum
938 1800 1194 1851 mentem
1218 1802 1380 1852 tuam
1411 1800 1801 1870 oﬂ'uscabant,
1820 1800 1982 1856 disso

2255 1800 2337 1854 σοὶ
2392 1799 2661 1875 ἀπορίας,
2720 1800 2794 1862 ὡς
2850 1798 3042 1873 μηκέτι
3103 1797 3309 1854 δέεσθαι
3366 1793 3564 1872 τριϐῆς
3637 1796 3812 1872 λόγου

386 1880 598 1948 vimus,
632 1882 713 1936 ita
747 1889 809 1937 ut
838 1884 921 1939 eis
954 1884 1175 1941 diutius
1196 1887 1479 1943 inhaerere
1511 1890 1600 1943 vix
1631 1906 1779 1961 Opus
1809 1890 1906 1945 sit.
2062 1927 2110 1992 Β
2142 1886 2418 1951 πλείονος.

457 1988 547 2043 49.
610 1989 949 2058 Theophilus.
991 1991 1242 2064 Optime,
1301 2009 1334 2048 ο
1389 1994 1697 2063 Hierocles,
1757 1998 1839 2052 rei
1899 2013 2033 2052 sen-

2219 1997 2304 2059 ιθ’.
2355 1994 2643 2073 Θεόφιλος.
2688 1990 3138 2071 Ἦκριϐωσάμην,
3199 1997 3244 2051 ὧ
3306 1993 3596 2070 Ἱερόκλεις
3633 2037 3654 2063 ,
3714 1995 3813 2061 τὴν

386 2093 521 2133 sum
551 2081 800 2150 percepi.
825 2085 966 2136 Ecce
997 2082 1154 2138 enim
1185 2083 1243 2137 in
1279 2083 1488 2139 animaa
1547 2087 1876 2143 recessibus
1925 2088 1989 2143 hc

2215 2090 2364 2140 ὦσιν.
2426 2083 2565 2141 Ἰδοὺ
2614 2085 2716 2160 γὰρ
2767 2084 3141 2160 ἐξεγραψάμην
3191 2084 3244 2140 έν
3291 2089 3362 2159 τῇ
3419 2084 3555 2140 κατὰ
3611 2085 3811 2159 ψυχήν

387 2165 699 2239 insculpsi,
734 2170 965 2224 beatum
1001 2187 1131 2226 esse
1179 2172 1479 2228 hominem
1525 2191 1642 2229 non
1691 2175 1880 2232 solum
1933 2193 1990 2248 qi

2210 2172 2320 2247 λτῳ
2353 2173 2616 2248 μακάριον
2645 2174 2780 2230 εἶναι
2809 2175 3094 2248 ἄνθρωπον
3146 2175 3223 2248 μὴ
3277 2173 3440 2247 μόνον
3486 2173 3580 2229 τὸν
3631 2174 3813 2244 ἠξιω-

385 2273 520 2314 vere
545 2263 787 2314 sanctus
812 2265 870 2315 et
889 2262 1304 2318 sanctissimus
1335 2265 1697 2329 nominatur,
1723 2269 1823 2322 sed
1855 2267 1988 2322 etiai

2206 2263 2308 2318 ινον
2357 2263 2500 2335 ἱερὸν
2549 2263 2639 2317 καὶ
2701 2263 2993 2337 ἱερώτατον
3045 2261 3403 2335 ὀνομάζεσθαι
3451 2261 3590 2337 πρὸς
3663 2260 3809 2331 ἀλή-

389 2351 506 2402 Deo
534 2347 814 2404 dilectum
843 2355 902 2404 et
933 2349 1047 2405 Deo
1069 2351 1518 2420 amicissimum,
1552 2354 1784 2411 etiamsi
1823 2357 1992 2427 paulu

2211 2373 2293 2406 ιαν
2321 2397 2336 2420 ,
2393 2349 2539 2407 ἀλλὰ
2587 2352 2674 2406 καὶ
2721 2353 2816 2407 τὸν
2866 2353 2985 2408 κατ’
3032 2351 3192 2408 αὐτὸν
3243 2351 3472 2429 θεοφιλῆ
3523 2351 3622 2406 καὶ
3689 2362 3811 2415 θεο-

389 2434 515 2491 lum
548 2436 909 2494 discriminis
952 2440 1142 2494 adhuc
1173 2439 1561 2512 relinquatur.
1588 2444 1894 2502 Ridiculus
1924 2446 1992 2518 igi

2209 2437 2425 2508 λτατον,
2460 2441 2504 2495 εἰ
2553 2440 2643 2495 καί
2672 2461 2723 2495 τι
2757 2438 3018 2519 διαφορᾶς
3057 2437 3166 2511 ἤδη
3213 2437 3704 2516 μελεπτολόγηται
3759 2437 3812 2494 έν

389 2527 490 2579 tur
509 2529 597 2580 est
618 2525 1086 2596 archisacerdos;
1107 2531 1344 2600 gravius
1375 2532 1530 2586 enim
1554 2549 1686 2588 eum
1721 2539 1921 2590 notare
1942 2535 1992 2589 vi

2208 2534 2347 2590 τοῖς.
2405 2527 2628 2592 Γελοῖος
2681 2531 2776 2585 οῦν
2835 2530 3122 2606 ἀρχιερεὺς
3164 2524 3531 2602 (εὐλαϐοῦμαι
3590 2528 3702 2604 γάρ
3760 2549 3811 2582 τι

391 2613 606 2684 ausim)
640 2615 735 2684 qui
779 2631 992 2671 nomen
1016 2619 1343 2675 contemnit
1366 2635 1483 2691 quo
1512 2621 1644 2692 quis
1674 2621 1858 2679 Deum
1907 2623 1994 2680 dil:

2208 2624 2333 2694 ιῖρον
2367 2622 2604 2693 σκῶψαι,
2636 2620 2697 2682 ’ὸς
2746 2619 2967 2690 ἀπαξιοῖ
3005 2621 3105 2690 τήν
3137 2620 3358 2689 κλῆσιν,
3403 2615 3474 2674 δι’
3518 2617 3590 2687 ἦς
3622 2617 3811 2696 φιλεῖν

391 2717 528 2774 gere
559 2703 1110 2761 edocetur-Videtur
1126 2708 1281 2763 enim
1295 2709 1432 2766 talis
1444 2710 1606 2767 nullo
1627 2713 1814 2768 sancti
1838 2731 1994 2771 amor

2203 2729 2262 2764 να
2293 2709 2322 2763 ὁ
2347 2708 2475 2770 Θεὸς
2521 2706 2900 2784 παραδίδοται.
2948 2713 3103 2764 Δοκῶ
3133 2729 3226 2782 μοι
3257 2708 3363 2784 γὰρ
3390 2707 3486 2763 τὸν
3543 2712 3806 2762 τοιοῦτον

388 2791 654 2866 teneri,si
673 2808 742 2851 ea
756 2800 958 2854 sancta
977 2794 1154 2854 habet
1174 2813 1302 2872 quea
1329 2799 1446 2855 Deo
1465 2817 1580 2857 non
1614 2809 1852 2876 accepta
1875 2821 1986 2861 sun

2203 2803 2224 2871 ii
2253 2798 2414 2854 παντὶ
2441 2797 2608 2854 πλέον
2648 2796 2789 2871 μηδὲ
2815 2803 2895 2871 τῷ
2925 2799 3058 2876 ἱερῷ
3085 2798 3319 2876 χαίρειν,
3369 2796 3418 2854 εἴ
3476 2797 3806 2876 φαντάσεται

2142 2886 2211 2943 τὰ
2238 2887 2376 2961 ἱερὰ,
2407 2889 2506 2943 ὅσα
2539 2888 2616 2961 μὴ
2647 2886 2782 2966 φίλα
2811 2892 2947 2961 Θεῷ.

467 2995 760 3050 Hierocles.
797 2995 1071 3053 Gratulor
1098 2997 1229 3066 tibi,
1261 3015 1294 3054 ο
1322 2999 1662 3074 Theophila,
1707 3005 1858 3076 quod
1911 3023 2033 3062 rem

2216 2992 2529 3069 Ἱεροκλῆς.
2587 2995 2880 3071 Μακαρίζω
2933 3016 2992 3050 σε
3043 2998 3142 3050 τοῦ
3199 2992 3453 3058 ἐντελοῦς
3508 2996 3796 3073 φρονήμα-

394 3083 544 3139 bene
573 3085 1109 3156 comprehenderis.
1141 3087 1272 3144 Jam
1303 3106 1457 3160 vero,
1491 3095 1558 3147 ut
1589 3093 1646 3148 in
1705 3095 1856 3152 votis
1913 3097 1997 3153 fle]

2181 3105 2258 3153 ος,
2316 3085 2362 3139 ὦ
2417 3083 2667 3157 Θεόφιλε,
2723 3084 2812 3140 καὶ
2874 3083 2963 3140 ἐπὶ
3019 3090 3136 3147 τοῖς
3192 3085 3508 3161 εἰρημένοις
3543 3081 3784 3155 κολοφὼν

393 3172 564 3242 solet,
595 3172 977 3246 colophonem
1009 3177 1381 3245 addamus,et
1408 3181 1714 3240 videamus
1743 3187 1995 3257 quomod

2176 3175 2261 3230 Iov
2310 3178 2430 3237 ταῖς
2480 3175 2688 3253 ψήφοις
2729 3176 2891 3248 ἡμῶν
2945 3169 3353 3245 έπιϐεϐλήσθω,
3406 3175 3500 3229 καὶ
3543 3174 3612 3236 ὡς
3639 3171 3779 3226 δοκεῖ

393 3266 664 3319 sanctum
701 3268 934 3336 praestet
961 3265 1229 3322 etlatiori
1262 3285 1438 3325 sensu
1483 3273 1806 3344 accipiatur
1861 3291 1996 3347 qua!

2171 3263 2495 3320 πλεονεκτεῖν
2539 3265 2604 3319 τὸ
2650 3263 2834 3339 ἱερὸν,
2877 3263 2969 3320 καὶ
3023 3263 3100 3326 εἷς
3153 3262 3498 3367 πλατύτερυον
3543 3258 3774 3367 Bingi-

389 3350 506 3408 Deo
529 3351 809 3408 dilectum
840 3354 1092 3424 (utinam
1125 3357 1202 3412 sit
1231 3361 1342 3413 Deo
1373 3359 1700 3433 dilectum),
1743 3363 1992 3435 siquidel

2188 3365 2273 3418 θαι
2314 3357 2412 3408 τοῦ
2456 3351 2782 3432 θεοφιλοῦς,
2848 3351 2957 3408 εἷ’θε
3005 3350 3336 3432 θεοφιλοῦς·
3392 3351 3501 3428 εἴγε
3554 3347 3791 3430 θεοφιλές

392 3441 449 3497 id
475 3443 628 3514 quod
650 3442 766 3498 Deo
796 3443 1076 3500 dilectum
1092 3450 1183 3501 est
1203 3446 1376 3502 etiam
1411 3455 1675 3507 sanctum
1702 3453 1835 3522 jure
1867 3470 1995 3510 mer:

2193 3443 2249 3498 ὶν
2281 3443 2419 3497 ἅπαν
2449 3441 2539 3498 καὶ
2567 3443 2710 3518 ἱερὸν
2739 3442 2870 3498 εἶναι
2923 3441 3134 3520 θαῤῥῶν
3186 3439 3250 3497 ἄν
3295 3463 3380 3504 τις
3435 3441 3796 3520 ἆποφήναιτο,

392 3535 570 3602 toque
603 3531 838 3598 dixeris,
890 3550 1003 3589 non
1054 3540 1248 3591 autem
1310 3553 1482 3594 omne
1532 3544 1800 3598 sanctum
1863 3543 1995 3599 etim

2192 3530 2250 3586 5x
2294 3529 2404 3602 ⁴ἤδη
2455 3529 2512 3587 δὲ
2557 3532 2646 3588 καὶ
2680 3531 2816 3588 ἅπαν
2849 3531 2993 3607 ἱερὸν
3025 3530 3300 3610 θεοφιλὶς,
3357 3533 3440 3588 ὅτι
3500 3532 3578 3605 μή
3635 3529 3795 3604 μόνον

395 3624 508 3675 Deo
533 3619 835 3691 dilectum,
879 3623 990 3678 nisi
1049 3624 1421 3683 solummodo
1479 3632 1710 3696 natura,
1756 3634 1998 3702 quemad

2203 3643 2210 3674 ι
2241 3619 2418 3699 φύσει,
2465 3620 2601 3676 καθὰ
2630 3619 2903 3695 ἐθεώρησε
2931 3621 3038 3697 πρὸ
3067 3622 3229 3693 ἡμῶν
3273 3619 3362 3676 καὶ
3407 3621 3435 3674 6
3465 3621 3679 3699 φράσας
3719 3619 3806 3689 τὸ,

395 3709 636 3764 modum
671 3714 803 3766 ante
834 3727 940 3766 nos
961 3712 1201 3784 quidam
1235 3716 1458 3788 accepit
1478 3718 1677 3774 dicens
1702 3720 1835 3776 :Hic
1865 3721 1998 3776 hom

2204 3721 2472 3784 ινθρωπος
2541 3709 2698 3772 οὗτος
2769 3709 2914 3787 ἱερὸς
2987 3708 3163 3788 φύσει,
3237 3709 3432 3765 ταυτὸν
3500 3707 3546 3764 δ’
3609 3710 3807 3781 εἰπεῖν,

396 3803 639 3855 sanctus
666 3804 894 3868 natura,
955 3801 1062 3858 hoc
1105 3808 1195 3858 est
1248 3821 1465 3864 revera.
1495 3807 1626 3863 Jam
1661 3809 1706 3864 si
1741 3825 1832 3866 res
1865 3811 1950 3866 sic
1979 3829 1999 3868 ε

2204 3797 2428 3870 κληθῶς.
2475 3797 2543 3854 Εἴ
2587 3803 2717 3873 γοῦν
2765 3803 3015 3854 τοιοῦτον
3060 3799 3123 3854 τὸ
3171 3803 3403 3874 πρᾶγμα
3456 3797 3807 3866 καθέσταται,

395 3888 574 3943 habet
602 3893 659 3943 et
687 3893 929 3947 sanctus
958 3893 1288 3948 necessario
1315 3895 1726 3952 consideratur
1754 3902 1998 3971 tanquai

2208 3887 2237 3940 ιὶ
2287 3888 2316 3942 6
2367 3888 2513 3962 ἱερὸς
2564 3887 2864 3965 ἀναγκαίως
2915 3886 3130 3951 πάντως
3181 3886 3444 3967 θεοφιλὴς
3496 3894 3811 3964 θεωρεῖται,

398 3980 512 4035 Deo
535 3976 807 4046 dilectus,
834 3980 956 4035 vice
987 3997 1154 4037 versa
1175 3982 1442 4051 dixerim,
1478 3987 1636 4057 quod
1693 3987 1886 4044 omnis
1929 3990 2001 4044 De

2210 3997 2361 4050 ποιμι
2413 3974 2461 4031 δ’
2511 3975 2570 4032 ἂν
2603 3977 2938 4051 ἀνακάμψαι,
2971 3977 3044 4040 ὡς
3097 3977 3187 4032 καὶ
3237 3978 3266 4032 6
3316 3975 3582 4055 θεοφιλὴς
3636 3979 3813 4053 ἱερός.

395 4068 648 4126 dilectus
678 4068 850 4124 etiam
885 4075 1124 4127 sanctus
1155 4076 1262 4129 est.
1295 4073 1535 4130 Frustra
1563 4075 1746 4148 igitur
1775 4077 1912 4132 vivit
1940 4094 1998 4149 qi

2211 4065 2448 4138 ινάλλως
2476 4067 2592 4143 βιοῖ
2633 4068 2660 4121 6
2697 4068 2772 4140 μὴ
2816 4067 2906 4122 καὶ
2939 4065 3278 4144 ἀμφοτάροις
3309 4065 3610 4142 έμπρέπειν
3645 4068 3814 4144 εὐχό-

395 4176 510 4216 non
535 4162 785 4230 utroque
816 4159 1074 4217 eminere
1103 4165 1160 4216 et
1181 4163 1468 4219 ambobus
1500 4166 1842 4221 nominibus
1892 4167 1998 4222 insi

2212 4177 2310 4220 ινος
2346 4157 2433 4211 καὶ
2494 4154 2660 4234 ἄμφω
2717 4157 3022 4213 καλεῖσθαι.
3056 4159 3182 4214 Τῶν
3213 4157 3316 4232 γὰρ
3351 4155 3478 4212 ἴσων
3514 4155 3726 4228 έπίσης
3781 4157 3815 4226 ἢ

404 4248 557 4322 gniri
590 4247 774 4319 cupit.
810 4247 1056 4305 Paribus
1085 4250 1243 4306 enim
1277 4252 1495 4324 pariter
1525 4254 1923 4312 insistendum
1955 4272 2007 4313 es

2214 4245 2460 4315 ιθεκτέον,
2494 4246 2530 4316 ἢ
2561 4246 2840 4321 ἀφεκτέον.
2875 4245 3137 4322 Εόχέσθω
3176 4245 3356 4300 τοίνυν
3407 4246 3567 4316 ἅπας,
3625 4247 3656 4302 6
3712 4247 3817 4302 λα-

398 4342 503 4394 aut
526 4336 962 4394 abstinendum.
980 4339 1180 4404 Quivis
1199 4358 1336 4416 ergo
1369 4360 1515 4400 sana
1546 4350 1741 4402 mente
1760 4347 2001 4418 prceditu

2214 4336 2267 4390 ὒν
2325 4339 2541 4413 φρονεῖν
2588 4335 2850 4408 ἠξιῶσθαι
2897 4335 2986 4391 καὶ
3029 4335 3270 4413 ἀμφοῖν.
3315 4336 3376 4393 Ὁ
3425 4336 3527 4410 γάρ
3574 4356 3673 4390 τοι
3741 4337 3817 4410 μή

395 4432 460 4483 ut
483 4432 731 4498 utroque
764 4428 862 4483 ﬁat
890 4428 1100 4495 dignus
1132 4436 1419 4502 precetur.
1455 4435 1562 4500 Qui
1594 4435 1752 4491 enim
1785 4453 1899 4492 non
1951 4454 1998 4492 et

2218 4424 2410 4500 οφιλὴς
2443 4421 2559 4480 οὐδ’
2587 4422 2647 4479 ἂν
2680 4425 2826 4498 ἱερὸς
2865 4421 2947 4495 εἰῇ
2995 4425 3171 4500 φύσει,
3233 4421 3360 4480 οὐδὲ
3406 4429 3503 4479 τοῦ
3547 4425 3821 4481 τοιούτου

401 4516 514 4570 Deo
571 4513 848 4582 dilectus,
901 4534 1088 4588 neque
1135 4524 1374 4576 sanctus
1424 4538 1621 4578 revera
1691 4524 1799 4580 erit
1855 4539 2004 4596 nequ

2216 4535 2321 4578 μους
2377 4514 2628 4585 ἐπάξιος·
2697 4513 2845 4569 ἀλλὰ
2902 4519 3141 4570 πεσεῖται
3201 4513 3294 4568 ἀπ’
3349 4513 3515 4568 αὐτοῦ
3587 4517 3692 4569 οἷα
3743 4516 3819 4588 μὴ

398 4607 562 4660 tanta
592 4603 902 4660 altitudine
931 4606 1166 4677 dignus,
1201 4609 1298 4665 sed
1333 4610 1470 4666 inde
1508 4612 1732 4667 excidet
1786 4611 1871 4667 uti
1927 4613 2001 4669 De

2216 4602 2435 4681 οφιλὴς,
2485 4603 2612 4658 ὡσεὶ
2661 4602 2752 4657 καὶ
2800 4603 3078 4680 ἑωσφόρος
3123 4603 3214 4659 ἀπ’
3247 4602 3483 4679 οὐρανοῦ
3534 4601 3617 4665 εἱς
3667 4605 3819 4678 ἱερὸν

402 4673 1333 4765 nondilectus,qucniadmodum
1391 4701 1619 4756 Lucifer
1684 4719 1914 4774 quoque
1973 4704 2004 4756 d

2220 4673 2498 4770 ταρῥιφεὶς
2547 4691 2911 4766 ἀπευκταῖον,
2962 4694 3128 4748 ὁποῖά
3173 4713 3294 4746 τινα
3344 4689 3453 4764 ἤδη
3510 4690 3823 4766 παραδέδο-

401 4783 544 4839 οωιο
570 4782 629 4838 in
665 4789 936 4840 sanctum
970 4787 1230 4858 dejectus
1262 4793 1353 4845 est
1384 4790 1728 4857 nefandum,
1788 4791 1873 4846 uti
1918 4792 2004 4862 jar

2215 4805 2236 4837 t
2263 4827 2277 4840 .
2328 4785 2397 4838 "li
2439 4785 2544 4858 γὰρ
2595 4778 2717 4858 ὄφις
2767 4777 2916 4857 ἔρψει
2965 4781 3000 4851 ἢ
3032 4781 3250 4854 δνέξεται
3293 4781 3430 4837 κατὰ
3473 4778 3818 4858 ἱερολογού-

393 4888 574 4942 supra
605 4873 1336 4949 memoravimus.Serpens
1368 4878 1518 4932 enim
1555 4884 1714 4951 repet
1745 4885 1841 4934 aut
1875 4886 1996 4936 nati

2217 4893 2314 4927 :vov
2365 4871 2547 4948 ἰχθὺν,
2594 4871 2630 4941 ἢ
2681 4872 2770 4926 καὶ
2818 4868 3006 4935 ἄλλως
3052 4872 3484 4946 ὶερωνυμήσεται
3535 4872 3686 4926 κατὰ
3736 4872 3820 4926 νό-

393 4959 478 5017 bit
507 4964 785 5033 tanquam
816 4979 978 5018 sacer
1009 4963 1105 5020 ille
1125 4964 1324 5035 piscis,
1356 4968 1655 5023 autetiam
1683 4968 1852 5025 aliter
1876 4988 1996 5027 sacr

2217 4985 2242 5018 v
2289 4962 2494 5033 ἐκείνην
2547 4959 2865 5040 φρικαλέαν.
2911 4960 2984 5016 Οὐ
3031 4961 3132 5038 γὰρ
3183 4955 3324 5016 ἔστιν
3379 4960 3712 5037 ὑποκορίσαι
3763 4961 3820 5016 τὸ

393 5052 630 5110 nomine
662 5055 1120 5127 nuncupabitur,
1155 5057 1312 5114 velut
1338 5059 1620 5116 terribilis
1654 5060 1760 5118 iste
1781 5063 1996 5120 morbu:

2213 5073 2296 5107 ιτω
2341 5051 2520 5128 τραχὺ
2564 5056 2825 5127 σκῶμμα,
2877 5052 3139 5127 φάμενον,
3166 5051 3239 5112 ὡς
3276 5048 3450 5124 μάτην
3480 5050 3508 5104 6
3541 5049 3816 5130 θεοφιλὴς

392 5141 558 5198 Haud
593 5142 751 5198 enim
783 5143 841 5198 in
875 5149 1070 5201 ratam
1115 5147 1275 5218 gravi
1300 5148 1485 5219 jocari
1515 5148 1648 5205 licet
1696 5156 1798 5206 aut
1850 5153 1995 5209 dicer

2213 5139 2517 5216 αγλαίσεται
2582 5144 2652 5215 τῇ
2724 5140 3048 5216 ἱερωνυμίᾳ,
3106 5138 3244 5204 καθά
3291 5160 3399 5194 που
3448 5140 3537 5194 καὶ
3589 5139 3624 5194 ὁ
3675 5139 3816 5215 ἱέραξ

392 5230 546 5302 quod
585 5232 799 5286 frustra
828 5233 876 5286 ei
913 5233 1009 5303 qui
1047 5234 1159 5290 Deo
1193 5235 1440 5291 dilectus
1471 5243 1578 5305 est,
1613 5240 1802 5294 sancti
1828 5257 1995 5296 nome

2206 5229 2240 5284 ιί
2290 5231 2318 5285 6
2347 5232 2486 5306 πρὸς
2515 5235 2584 5305 τῇ
2634 5227 2853 5306 Ἀράδῳ
2893 5230 3040 5306 ἱερὸς
3085 5225 3315 5298 κὸλπος,
3363 5227 3452 5284 καὶ
3503 5226 3638 5282 εἴτι
3678 5227 3809 5284 ἄλλο

393 5318 769 5388 attribuatur,
804 5321 979 5377 veluti
1025 5323 1285 5396 accipitri
1339 5325 1557 5400 (ἱέρακι)
1605 5332 1662 5382 et
1713 5334 1915 5386 sancto
1968 5351 1996 5385 ιι

2210 5324 2256 5372 )v
2304 5319 2592 5387 τοιούτων,
2621 5319 2700 5396 ἐφ’
2732 5320 2804 5373 ὧν
2857 5319 2918 5373 οὐ
2970 5317 3232 5390 ζηλοῦται
3278 5319 3342 5372 τὸ
3385 5317 3553 5394 ἱερὸν.
3587 5319 3668 5374 Ἥ
3714 5318 3813 5392 γὰρ

395 5408 653 5464 Aradum
683 5409 837 5465 sinui
889 5414 945 5465 et
977 5412 1021 5467 si
1055 5429 1182 5484 quas
1241 5412 1354 5470 alia
1411 5421 1551 5471 sunt
1607 5417 1735 5488 ejus
1783 5419 1998 5489 generi:

2215 5406 2331 5479 ἱτην
2363 5409 2390 5464 6
2420 5413 2528 5464 τῶν
2560 5407 2846 5475 θειοτάτων
2899 5409 3060 5484 ἰερῶν
3112 5406 3605 5483 έπιστημονάρχης
3659 5407 3818 5483 βασι-

393 5511 520 5566 (ιυεε
564 5513 695 5552 cum
721 5499 1030 5556 sanctitate
1062 5500 1143 5556 nil
1175 5519 1487 5559 commune
1511 5505 1747 5561 habent.
1773 5507 1996 5579 Namqu

2217 5495 2274 5561 ὺς
2323 5499 2413 5554 καὶ
2463 5499 2634 5562 οὕτως
2685 5500 2840 5575 ἅγιος
2887 5499 3031 5569 ἀξιοῖ
3081 5496 3435 5576 θεοφίλτατος
3484 5495 3738 5566 ἀκούειν,
3770 5492 3815 5548 εἰ

395 5581 713 5653 imperator
735 5589 832 5658 qui
849 5605 1146 5644 sacrorum
1173 5591 1502 5647 divinorum
1522 5596 1998 5663 peritissimuses'

2218 5599 2228 5658 ᾗ
2281 5593 2372 5645 καὶ
2418 5594 2515 5646 τοῦ
2566 5588 2814 5660 ζηλωτὸν
2862 5589 2953 5644 καὶ
2999 5587 3368 5665 περιφόρητον
3417 5585 3561 5662 ἱερὸν
3612 5584 3821 5672 αὐτίκα

395 5669 642 5742 ideoque
663 5682 974 5747 augustus,
1009 5681 1225 5736 frustra
1255 5681 1369 5737 Deo
1399 5683 1815 5742 dilectissimus
1872 5688 1998 5744 audi

2258 5681 2450 5752 κλήσει
2495 5679 2666 5756 ταύτῃ
2719 5677 3149 5751 συνεξηκούετο.
3204 5680 3406 5757 Ἔγωγ⁹
3454 5676 3572 5751 οῦν,
3619 5674 3672 5732 εἰ
3725 5669 3824 5733 καί

396 5759 772 5829 ret,nisihuic
795 5766 1018 5822 nomini
1042 5767 1828 5833 simulsanctitatisillustris
1855 5793 1993 5835 omn

2210 5792 2290 5829 σιν
2351 5769 2638 5849 φυλάττειν
2694 5767 3126 5846 αἰτιαθήσομαι,
3189 5768 3290 5827 οῦκ
3335 5766 3396 5826 ἂν
3452 5766 3813 5846 συγκαταθεί-
