4060 6354
278 446 400 508 925

1487 437 1998 502 SUPPLlCATlU
2043 441 2197 502 PRO
2241 441 2489 503 GPOLI.

3580 435 3699 500 926

280 595 390 648 μην
434 580 557 636 τοῖς
604 571 800 644 ἐτέρως
849 569 1174 642 δοξάζουσι.
1225 567 1510 644 Προσίεταί
1560 589 1620 623 σε
1657 572 1844 625 ταῦτα.
1893 568 1926 623 ii

2056 588 2167 645 que
2197 573 2394 629 studio
2425 572 2714 630 sectandae
2742 572 2900 628 notio
2915 571 3252 628 adhaareret.
3279 569 3558 641 Equidem
3588 567 3696 638 igi-

278 663 534 741 Θεόφιλε,
566 662 601 732 ἢ
634 661 698 718 οὗ
737 681 752 731 ;

352 935 419 990 κ’.
455 929 744 1007 Θεόφιλος.
797 930 894 986 Καὶ
954 930 1195 994 πάντως·
1250 929 1339 984 καὶ
1385 926 1495 998 ἤδη
1549 925 1932 1002 τετελεσμένος

283 1021 457 1085 οὕτως
487 1022 795 1099 ἀναφρονῶ,
823 1020 911 1074 καὶ
967 1017 1114 1097 φιλῶ
1168 1017 1424 1090 ἐμαυτὸν,
1456 1017 1534 1080 οἷς
1582 1017 1652 1092 τῇ
1690 1021 1788 1074 τοῦ
1820 1028 1936 1082 θεο-

283 1109 450 1190 φίλου
497 1108 692 1180 κλήσει
741 1110 1052 1184 ἀγχιθυρῶ,
1103 1109 1285 1184 ἀγαθῷ
1337 1107 1564 1184 γείτονι,
1616 1111 1697 1179 τῷ
1750 1108 1932 1185 θεοφι-

281 1199 390 1256 λεῖ·
452 1199 632 1276 χαίρω
664 1196 723 1253 δὲ
753 1195 911 1254 οὐδὲν
965 1196 1211 1267 ἔλαττον,
1243 1197 1332 1252 καὶ
1383 1198 1466 1251 ὅτι
1496 1197 1632 1271 πρὸς
1658 1200 1728 1271 τῇ
1759 1196 1930 1252 πάλαι

279 1287 440 1367 φιλίᾳ
484 1293 554 1362 τῇ
606 1287 744 1342 κατὰ
791 1287 905 1362 βίον
955 1291 1204 1341 κοινωνῶ
1236 1306 1320 1340 σοι
1349 1285 1438 1340 καὶ
1467 1292 1569 1354 τῆς
1595 1282 1846 1355 κλήσεως
1874 1280 1934 1340 ἔκ

273 1399 420 1440 τινος
468 1373 730 1451 περιόδου
785 1377 874 1432 καί
937 1374 1320 1448 μεταλήψεως.
1376 1376 1625 1432 Τὲθειται
1679 1375 1778 1451 γὰρ
1819 1371 1927 1444 ἤδη

274 1468 364 1522 καὶ
415 1464 699 1536 εἷ’ληπται,
741 1461 851 1535 ἤδη
898 1461 955 1518 δέ
1003 1464 1093 1518 καὶ
1139 1461 1375 1531 δέδοται,
1409 1463 1487 1525 εἰς
1535 1463 1726 1518 ταυτὸν
1775 1463 1928 1532 ἥκειν

273 1557 339 1612 τό
395 1577 455 1612 τε
513 1555 656 1630 ἱερὸν
714 1554 777 1609 τό
833 1575 893 1609 τε
949 1551 1220 1631 Θεοφιλὲς,
1281 1552 1561 1625 ἑπομένως
1619 1550 1677 1607 δὲ
1731 1553 1824 1608 καὶ
1869 1553 1931 1606 τὸ

276 1645 572 1720 ἱερώτατον
626 1645 716 1699 καὶ
769 1646 832 1698 τὸ
891 1641 1334 1720 θεοφιλέστατον
1391 1643 1466 1697 ὧν
1521 1643 1582 1696 τὸ
1644 1643 1736 1715 μὲν
1799 1641 1928 1715 ἐμὸν

279 1733 566 1808 σέμνωμα,
607 1733 672 1787 τὸ
723 1728 782 1787 δὶ
840 1733 922 1788 σοὶ
977 1730 1278 1804 ἐπιλάμπει
1337 1732 1627 1808 φανότατα.
1687 1731 1789 1787 Καὶ
1842 1730 1930 1786 ἐπὶ

277 1825 495 1886 τούτοις
526 1821 755 1898 χάριτας
787 1820 1078 1898 ὁμολογῶν
1129 1841 1214 1875 σοι
1260 1817 1454 1893 ἄπειμι
1486 1819 1540 1883 ἐς
1570 1821 1638 1875 τά
1665 1821 1928 1896 πάρεργα,

276 1913 378 1982 τήν
431 1913 530 1982 σήν
591 1910 792 1979 ταύτην
838 1909 1091 1986 ἐντυχίαν
1149 1910 1258 1984 πρὸ
1305 1909 1504 1972 παντὸς
1563 1905 1722 1983 ἔργου
1771 1909 1930 1983 θέμε-
1965 1943 2010 2008 Β

275 2022 390 2064 νος.

347 2270 648 2344 Ἱεροκλῆς.
699 2269 920 2334 ”Απιθι,
965 2269 1013 2322 ὦ
1045 2265 1294 2343 βέλτιστε
1341 2269 1520 2342 ἑταῖρε
1547 2312 1562 2336 ,
1607 2268 1694 2322 καὶ
1745 2272 1929 2342 χαῖρε,

276 2358 366 2412 καὶ
415 2357 792 2430 μεμνημένος,
822 2358 894 2410 ὧν
948 2354 1369 2433 ἐσχεδιάσαμεν,
1416 2355 1745 2432 συγγνώμην
1792 2357 1927 2428 ἡμῖν

276 2443 448 2517 δίδου,
484 2443 536 2500 εἷ’
557 2446 609 2501 τί
641 2467 749 2500 που
781 2447 858 2519 μὴ
891 2443 1124 2508 ἐντελῶς
1154 2446 1552 2524 ἀποπέφανται.

2046 665 2145 716 tur
2176 662 2259 717 uti
2292 670 2704 735 argumentum
2737 662 3101 734 pr0positum
3134 661 3463 723 defendam,
3485 659 3564 713 ita
3593 657 3696 712 ali-

2044 754 2132 807 ter
2162 753 2552 808 sentientibus
2583 768 2888 823 nunquam
2928 751 3296 806 assentabor.
3345 748 3697 804 Admittisne

2044 838 2186 906 haec,
2222 859 2254 896 ο
2278 841 2618 912 'l‘heophile,
2657 840 2883 896 necne?

2113 931 2203 984 20.
2238 932 2582 1001 TheOphz'lus.
2629 931 2907 995 Admitte,
2942 934 2999 984 et
3051 929 3138 984 sic
3170 928 3498 982 instructus
3551 925 3694 980 adeo

2042 1019 2204 1075 laetor
2223 1026 2277 1076 et
2299 1021 2591 1091 meipsum
2607 1018 3105 1091 diligo,siquidem
3127 1014 3436 1087 Theophili
3460 1014 3697 1070 nomine

2041 1107 2115 1163 ad
2147 1108 2360 1162 bonam
2396 1107 2494 1161 Dei
2554 1105 2749 1161 dilecti
2800 1105 3074 1160 viciniam
3135 1104 3384 1169 accedo;
3422 1107 3699 1173 praeterea

2041 1213 2396 1268 magnopere
2425 1198 2647 1266 gaudeo
2677 1196 2829 1266 quod
2859 1201 3064 1265 praeter
3083 1192 3403 1248 amicitiam
3433 1197 3690 1246 nostram

2042 1286 2227 1341 multo
2259 1286 2475 1341 abhinc
2496 1292 2758 1357 tempore
2788 1283 3007 1339 cultam
3053 1283 3230 1338 etiam
3283 1281 3540 1336 nominis
3573 1280 3698 1335 afti-

2042 1375 2245 1444 nitate,
2276 1391 2344 1429 ex
2379 1380 2539 1445 parte
2588 1373 2794 1428 saltem
2823 1377 2880 1427 et
2909 1371 3244 1444 acceptione
3271 1370 3552 1442 quadam,
3583 1368 3692 1424 tibi

2041 1469 2328 1536 cognatus
2359 1481 2516 1518 sum.
2549 1463 2672 1518 Non
2705 1461 2898 1517 solum
2931 1462 3086 1516 enim
3123 1460 3442 1516 statuimus
3475 1464 3531 1513 et
3559 1477 3691 1530 sup-

2040 1555 2372 1627 posuimus,
2397 1554 2498 1608 sed
2531 1555 2706 1608 etiam
2730 1551 3112 1607 convenimus
3143 1550 3214 1604 de
3241 1549 3491 1618 eo,quod
3524 1565 3691 1604 voces

2039 1653 2295 1700 sanctum
2325 1647 2382 1698 et
2431 1645 2536 1698 Deo
2588 1643 2868 1709 diiectum,
2905 1643 2963 1696 et
3018 1642 3443 1709 consequenter
3467 1641 3693 1694 sanctis-

2038 1735 2244 1790 simum
2268 1738 2326 1788 et
2351 1737 2464 1788 Deo
2512 1732 2932 1788 diicctissimum
2965 1729 3035 1783 ad
3090 1743 3272 1782 unum
3303 1727 3692 1796 eamdemque

2041 1839 2284 1881 sensum
2330 1822 2608 1888 redeant;
2656 1821 2875 1892 quibus
2923 1835 3028 1890 ego
3086 1817 3324 1888 quidem
3355 1815 3594 1888 glorior,
3628 1819 3689 1870 tu

2043 1918 2239 1968 autem
2271 1927 2644 1982 summopere
2696 1907 2951 1964 excellis.
2987 1907 3066 1962 De
3124 1905 3216 1960 his
3266 1905 3446 1976 igitur
3473 1904 3693 1976 gratias

2041 2002 2146 2058 tibi
2179 2001 2404 2056 habens
2423 2001 2494 2056 ad
2519 1999 2634 2056 alia
2653 2015 2830 2070 opera
2852 1996 3048 2054 minus
3069 1994 3411 2067 graviajam
3434 1994 3692 2062 discedo,

2039 2091 2194 2148 hanc
2223 2095 2387 2146 tuam
2413 2087 2911 2145 conversationem
2933 2084 3212 2141 omnibus
3231 2082 3363 2138 aliis
3385 2083 3694 2155 praeferen-

2041 2181 2175 2237 dam
2209 2179 2549 2236 arbitratus.

2113 2271 2404 2326 Hierocles.
2457 2268 2586 2335 Abi,
2649 2285 2684 2322 ο
2734 2267 2920 2322 amice
2979 2267 3222 2339 Optime,
3281 2270 3338 2319 et
3391 2263 3538 2319 vale.
3585 2261 3692 2318 Ubi

2039 2365 2235 2413 autem
2269 2373 2469 2412 eorum
2503 2372 2629 2426 quas
2665 2372 2770 2410 nos
2803 2355 3005 2425 rapide
3038 2353 3434 2416 tractavimus,
3468 2367 3690 2406 memo-

2039 2445 2186 2501 riam
2222 2449 2470 2516 repetes,
2503 2444 2757 2509 veniam,
2808 2459 3028 2513 quzeso,
3083 2442 3366 2496 concedes
3417 2439 3608 2506 nobis,
3639 2438 3688 2494 si

2039 2551 2170 2609 quae
2201 2533 2398 2589 minus
2428 2532 2686 2588 dilucide
2715 2531 2979 2602 exposita
3010 2529 3246 2586 fuerint.

3268 2762 3686 2775 ..ε-*-

1628 2941 2359 3076 EIUSDEM

870 3207 1388 3268 SUPPLICAT‘iO
1433 3205 1786 3268 MANUELI
1830 3204 2209 3266 COMNENO
2252 3201 2738 3262 IMPERATORI
2784 3199 3090 3259 NUMlNE

477 3312 865 3374 ClVl'l‘ATIS
911 3315 1773 3376 CONSTANTINUPOLEOS
1819 3312 2156 3385 OBLATA,
2206 3311 2370 3372 CUM
2415 3309 2822 3370 SIGGI'I‘A'I‘E
2869 3307 3342 3368 LABOHARET

275 3664 387 3714 Τοῦ
461 3659 1353 3749 μαὶιαριωτάτσυδρθεσςαλονίκης
1381 3705 1410 3749 ,_
1459 3663 1548 3749 δτι
1604 3662 1658 3717 ἐν
1718 3660 1876 3749 διακό
1907 3693 1932 3704 -
1967 3664 2010 3732 C

353 3730 469 3810 νοις
516 3730 618 3810 ἦν’
652 3733 744 3810 καὶ
818 3730 1149 3810 διδάσκαλος
1221 3730 1328 3789 τῶν
1387 3733 1636 3810 ρητόρων
1672 3778 1685 3802 ,
1721 3731 1931 3810 Ῠδὲπσις

353 3802 426 3864 sic
505 3804 596 3858 τὸν
683 3803 916 3930 Easdem
967 3805 1156 3880 κόριον
1210 3802 1474 3876 Μανουήλ
1527 3802 1626 3861 τὸν
1697 3809 1878 3878 Κομνη
1912 3840 1934 3850 -

353 3875 441 3928 νὸν
477 3921 492 3930 .
549 3876 624 3930 ὡς
703 3877 791 3930 ’πὸ
843 3883 946 3930 τῆς
1002 3877 1219 3930 πόλεως
1251 3920 1265 3930 .
1327 3878 1418 3930 ὅτε
1487 3879 1657 3930 αὐτῆν
1711 3879 1932 3930 αὗγιιὸς

350 3875 441 3928 νὸν
477 3921 492 3945 ,
549 3876 624 3938 ὡς

351 3945 578 4016 ἐπίεζεν,

348 4055 412 4110 α’.
464 4055 767 4130 Τολμηρὸν
820 4057 955 4128 ἡμῖν
1003 4057 1039 4124 ἡ
1085 4053 1294 4126 δέησις,
1352 4057 1443 4110 καὶ
1500 4055 1627 4130 πιρῗ
1679 4055 1932 4132 μεγίστου

269 4147 354 4214 τῷ
385 4137 496 4197 ὅντι
528 4143 869 4220 πράγματος.
918 4144 1021 4198 Καὶ
1070 4143 1124 4198 τί
1153 4146 1258 4218 γὰρ
1296 4145 1354 4198 ἂν
1387 4145 1598 4219 πάσχοι
1629 4166 1733 4214 τις,
1766 4143 1928 4198 πόλιν

273 4229 414 4300 ὅλην
466 4229 619 4299 ἲδὼν,
677 4233 777 4300 τὴν
831 4233 1051 4288 ἁπασῶν
1108 4233 1394 4307 μεγίστην,
1444 4232 1754 4309 ἱκετηρίους
1804 4233 1929 4287 ἀνα-

274 4325 426 4395 σχεῖν
464 4327 656 4397 χεῖρας
815 4320 1068 4397 βασιλείᾳ
1112 4343 1206 4376 σου
1243 4342 1257 4391 ;
1306 4323 1664 4398 Συγγνωστία
1711 4324 1928 4385 πάντως

268 4411 308 4478 ἡ
339 4408 543 4483 τόλμα,
594 4411 683 4464 καὶ
741 4411 846 4478 πρὸ
901 4413 1060 4482 ἡμῶν
1113 4411 1208 4473 τὰς
1258 4413 1474 4489 ψήφους
1520 4417 1781 4481 ποιεῖται,
1826 4413 1926 4480 τὴν

263 4497 511 4573 ἀνάγκην
556 4499 896 4575 ὑπερήγορον
939 4498 1160 4575 ἔχουσα.
1221 4500 1286 4556 Ei
1349 4501 1442 4574 μὲν
1489 4503 1592 4578 γὰρ
1637 4500 1843 4574 ἐκείνῳ,
1890 4503 1925 4572 ἢ

258 4585 469 4660 τούτῳ,
502 4589 537 4658 ἢ
573 4587 754 4660 ἄλλῳ,
789 4591 841 4643 οἱ
871 4587 1078 4646 πολλοὶ
1112 4591 1201 4645 καὶ
1235 4589 1569 4666 πραγμάτων
1616 4590 1924 4663 ἐναντιότη-

262 4696 351 4730 σιν
411 4676 754 4742 ἀνθίστασθαι
810 4678 1021 4746 ἱκανοὶ,
1071 4680 1133 4733 τὸ
1191 4680 1282 4734 σὸν
1341 4677 1538 4755 λάχος,
1597 4681 1746 4754 ἡμᾶς
1799 4683 1926 4743 τοὺς

259 4762 519 4834 πολίτας,
567 4766 831 4835 ἷθόνουσι,
892 4768 1264 4843 περιγενέσθαι
1323 4767 1389 4836 ἧν
1457 4773 1554 4823 τοῦ
1609 4768 1662 4823 ἐν
1717 4768 1921 4838 ἐλπίσι,

266 4852 486 4928 μᾶλλον
539 4852 596 4910 δὲ
643 4854 751 4926 ἤδη
803 4856 855 4910 ἐν
905 4855 1223 4931 προοιμίοις
1255 4854 1445 4925 κακοῦ,
1479 4855 1648 4911 εἰπεῖν
1683 4855 1740 4912 δὲ
1770 4859 1924 4932 ἀκρι-

261 4937 542 5019 ϐἑπερον,
593 4945 681 4999 καὶ
738 4949 1032 5017 μεσοῦντος
1092 4942 1202 5015 ἤδη
1261 4946 1352 5000 καὶ
1399 4944 1705 5022 ἐναγωνίως
1746 4945 1921 5018 ἀκμά-

719 3877 791 3932 πὸ
843 3883 946 3946 τῆς
1002 3877 1219 3940 πόλεως
1251 3920 1265 3947 ,
1327 3878 1418 3934 ὅτε
1487 3879 1657 3947 αὐτὴν
1711 3877 1932 3954 αὐχμὸς

2045 3662 2362 3720 Beatissimi
2421 3661 2802 3734 metropolin
2868 3661 3294 3734 Thessalonicm,
3355 3659 3576 3734 quando
3633 3661 3694 3734 in

2117 3735 2367 3790 diaconis
2425 3738 2545 3789 erat
2601 3733 2662 3789 et
2699 3735 2964 3804 magister
3002 3733 3305 3796 rhetorum,
3346 3733 3697 3802 supplicatio

2119 3807 2375 3862 Manueli
2441 3806 2714 3860 Comneno
2781 3806 3103 3876 imperatori
3160 3806 3385 3860 nomine
3448 3805 3698 3862 civitatis

2117 3879 2324 3945 oblata,
2353 3893 2479 3932 cum
2508 3879 2750 3932 siccitate
2779 3877 3079 3935 laboraret.

2117 4058 2167 4112 1.
2198 4057 2562 4114 Audebimus
2595 4063 2650 4112 te
2684 4058 2982 4129 supplices
3013 4075 3250 4114 exorare
3281 4076 3348 4113 ea
3378 4059 3448 4114 de
3481 4075 3540 4114 re
3570 4075 3697 4130 que

2043 4148 2325 4201 momenti
2359 4164 2534 4217 quam
2571 4146 2810 4202 maximi
2844 4148 3100 4212 est.Quis
3127 4147 3282 4202 enim
3319 4165 3428 4201 non
3463 4165 3700 4218 compa-

2041 4234 2226 4289 tiatnr
2257 4241 2437 4290 totam
2477 4235 2769 4290 civitatem
2821 4235 3024 4291 videns
3073 4237 3340 4291 omnium
3376 4238 3692 4292 maximam

2041 4323 2338 4396 supplices
2369 4327 2440 4378 ad
2474 4331 2638 4379 tuam
2692 4325 3059 4396 majestatem
3095 4325 3308 4396 regiam
3346 4342 3555 4380 manus
3588 4326 3694 4380 eri-

2039 4414 2766 4484 gentem?Condonabi|is
2810 4413 3049 4470 omnino
3107 4415 3355 4470 audacia
3414 4419 3470 4469 et
3525 4415 3694 4470 nobis

2039 4503 2318 4574 suffragia
2347 4503 2667 4559 concilians
2700 4522 2826 4576 quae
2863 4505 3267 4559 necessitatem
3304 4505 3479 4560 habet
3508 4510 3693 4574 patro-

2038 4590 2352 4647 cinantem.
2387 4593 2531 4648 Nam
2565 4595 2612 4648 si
2663 4594 2734 4649 ab
2790 4593 2990 4666 aliquo
3023 4611 3245 4658 eorum,
3281 4595 3401 4650 sive
3438 4593 3538 4649 illo
3572 4595 3692 4650 sive

2036 4681 2166 4751 hoc,
2199 4681 2296 4752 qui
2330 4681 2656 4738 haereditati
2706 4689 2840 4752 tuae,
2883 4684 3052 4738 nobis
3099 4683 3346 4752 scilicet,
3407 4687 3686 4755 praesunt,

2035 4785 2286 4841 quorum
2323 4788 2538 4826 munus
2568 4777 2658 4828 est
2695 4772 2755 4826 in
2816 4773 2991 4827 rebus
3044 4772 3302 4827 adversis
3360 4773 3685 4841 consulere,

2033 4859 2296 4929 superari
2334 4867 2533 4932 posset
2563 4861 2881 4916 imminens
2911 4879 3011 4916 seu
3059 4862 3253 4933 potius
3289 4863 3410 4932 jam
3445 4861 3689 4916 saeviens

2034 4947 2280 5016 malum,
2316 4949 2401 5004 vel
2433 4950 2634 5016 etiam,
2671 4956 2732 5004 ut
2765 4950 2957 5006 verius
2988 4949 3216 5022 loquar,
3241 4967 3540 5005 summam
3572 4951 3689 5007 fere

265 5037 482 5101 ζοντος,
513 5035 639 5108 τάχ’
685 5031 747 5088 ἄν
800 5054 852 5088 τι
909 5032 1159 5109 περιττόν
1214 5054 1266 5088 τι
1325 5031 1490 5096 πόλις
1546 5031 1741 5104 ἐποίει,
1801 5039 1920 5098 ταῖς

2048 5038 2410 5108 Lspcritatem
2437 5040 2564 5110 jam
2597 5045 2954 5106 assecutum,
2980 5057 3120 5094 sane
3150 5039 3515 5112 superﬂuum
3545 5041 3685 5110 quid

262 5118 469 5184 ἄλλαις
503 5121 817 5198 ἀναρίθμοις
869 5123 1114 5197 φροντίσι
1162 5143 1220 5178 τε
1256 5123 1345 5177 καὶ
1381 5122 1704 5199 ὀχλήσεσιν,
1733 5123 1789 5178 αἳ
1818 5126 1916 5194 τὴν

262 5210 428 5284 ἁγίαν
491 5210 768 5286 βασιλείαν
816 5233 911 5266 σου
970 5211 1090 5266 ὅσαι
1151 5210 1288 5286 ὧραι
1341 5211 1623 5285 κυκλοῦσι,
1665 5234 1921 5289 προσεπι-

261 5305 478 5363 τιθεῐσα
525 5300 614 5355 καὶ
669 5301 834 5368 αὑτὴ,
882 5299 971 5354 καὶ
1003 5302 1066 5354 τὸ
1096 5299 1418 5377 πολύοχλον
1451 5303 1915 5379 προσεπαόξουσα.

340 5480 416 5551 (1)
450 5481 792 5557 Eustathius
815 5480 965 5538 hanc
989 5481 1314 5557 orationem
1348 5483 1578 5554 habuit,
1603 5489 1919 5557 antequam

269 5549 569 5622 Myrorum
619 5553 932 5637 episcopus
990 5561 1146 5637 esset
1198 5549 1921 5637 designatusjnincertum

318 5639 593 5700 uo_anne.
629 5627 754 5700 Qua
782 5626 940 5682 enim
990 5625 1182 5700 hieme
1225 5625 1516 5700 aquarum
1546 5627 1649 5684 illa
1679 5631 1925 5700 penuria

319 5694 846 5770 politaniscivibus
885 5697 1177 5770 acciderit,
1212 5694 1328 5758 no'n
1358 5704 1605 5758 constat.
1638 5694 1773 5758 Fuit
1801 5701 1922 5758 for-

270 5781 381 5824 san
412 5766 718 5828 calamitas
766 5770 1018 5864 reliqum,
1060 5766 1300 5848 Europe:
1356 5774 1722 5836 communis:
1767 5774 1923 5834 unde

2033 5125 2246 5182 faceret
2277 5129 2497 5194 civitas,
2530 5128 2858 5184 innumeris
2882 5128 3015 5184 aliis
3044 5129 3210 5184 tricis
3237 5129 3451 5200 quibus
3476 5127 3686 5198 regalis

2029 5219 2134 5271 tua
2161 5233 2328 5272 sacra
2354 5217 2613 5288 dignitas
2627 5217 2874 5289 singulis
2891 5217 3050 5272 horis
3073 5216 3473 5273 circumdatur
3491 5217 3682 5289 ipsam

2031 5306 2522 5378 supperaddendo
2566 5313 2621 5362 et
2663 5307 3028 5379 negotiorum
3077 5308 3376 5378 adaugens
3418 5307 3683 5362 multitu-

2036 5488 2212 5542 medii
2246 5487 2347 5542 aevi
2379 5487 2657 5544 chronica
2693 5487 2893 5543 latina
2942 5491 3050 5543 etc.
3115 5487 3331 5557 aliquid
3369 5487 3563 5544 forsan
3595 5487 3683 5545 lu-

2033 5559 2118 5616 cis
2150 5560 2411 5616 afferent.
2449 5561 2554 5615 Pro
2585 5559 2744 5632 Cpoli
2778 5559 3129 5632 supplicavit
3167 5559 3532 5626 Eustathius,
3567 5578 3682 5617 non

2034 5649 2138 5705 pro
2167 5632 2604 5700 Thessalonica,
2632 5631 2703 5688 ut
2736 5631 2884 5688 male
2908 5631 3082 5688 habet
3110 5631 3410 5688 Fabricius
3447 5633 3505 5688 in
3535 5635 3678 5690 Bibl.

2035 5705 2222 5762 Graeca
2250 5706 2497 5778 (supra).
