4060 6364
384 442 501 502 927

1164 447 1585 511 EUSTATHII
1634 450 2403 514 THESSALONIGENSIS
2448 450 3035 517 METROPOLI'LE

3715 458 3841 521 928

383 572 600 630 dinem.
636 576 748 631 Sed
788 577 925 646 jure
977 577 1150 634 talem
1199 585 1357 637 arcet
1401 582 1861 653 accusationem,
1900 600 2033 641 cum

2160 579 2283 638 ίπου
2339 604 2401 659 γε
2455 585 2543 639 καὶ
2606 582 2785 648 οὕτως
2843 583 3120 664 ἐκφεύγειν
3169 586 3288 662 εἶχε
3336 584 3569 651 δικαίως
3626 588 3705 644 τὰ
3733 597 3837 660 τῆς

383 662 579 718 omnis
602 664 1072 735 voluntas,omne
1094 670 1357 725 studium
1383 688 1595 744 arsque
1618 672 1811 728 omnis
1831 673 2043 731 excelsi

384 754 445 806 et
472 751 770 823 magniﬁci
803 755 1001 826 palatii
1037 760 1341 827 potestatis
1390 766 1506 815 tum
1555 761 1833 818 deorsum
1857 764 2040 834 jacet,

389 857 495 897 nec
525 844 819 912 quomodo
847 843 1121 899 ceciderit
1169 846 1281 901 dici
1332 852 1541 918 potest.
1577 854 1718 904 Cum
1754 868 1889 922 ergo
1927 869 2044 908 non

387 930 560 985 liceat
607 930 781 986 aliam
834 936 1161 1004 excogitare
1216 935 1355 991 mali
1409 937 1761 994 solutionem
1797 940 1910 995 nisi
1946 959 2046 1011 per

390 1020 647 1074 divinam
679 1025 735 1075 et
765 1020 1187 1078 validissimam
1221 1024 1518 1081 dexteram
1544 1028 1767 1100 jugiter
1798 1044 2046 1101 regnan-

387 1109 465 1165 tis
494 1125 674 1180 super
715 1110 914 1165 omnia
947 1112 1067 1179 Dei,
1108 1112 1180 1166 ad
1213 1118 1371 1169 tuam
1406 1117 1880 1187 potentissimum
1915 1136 2045 1175 ma-

389 1214 553 1267 num,
585 1198 685 1271 qui
717 1215 850 1255 cum
884 1199 984 1256 illo
1018 1217 1229 1273 regnas
1250 1205 1547 1261 terrestris
1578 1205 1753 1276 Deus,
1777 1208 2042 1280 confugi-

389 1303 520 1342 mus
552 1304 687 1343 cum
724 1304 868 1360 pura
903 1295 1094 1345 mente
1135 1295 1191 1346 et
1240 1292 1557 1364 cujuslibet
1595 1296 2045 1368 vituperationis

388 1376 706 1443 immunes,
740 1393 874 1432 eum
926 1381 1029 1449 qui
1066 1380 1231 1436 solus
1280 1389 1409 1452 post
1458 1383 1641 1439 Deum
1676 1401 1782 1441 nos
1815 1386 2043 1443 salvare

390 1470 599 1540 potest,
634 1466 936 1522 humiliter
968 1467 1370 1539 implorantes.
1393 1470 1522 1527 Jam
1549 1478 1689 1529 sunt
1718 1474 1888 1531 nobis
1915 1476 2042 1548 spei

388 1554 654 1627 pignora,
688 1559 744 1610 et
794 1572 1141 1626 persuasum
1192 1557 1482 1615 habemus
1531 1562 1811 1631 quoniam
1863 1563 2042 1633 Deus,

390 1644 458 1699 ad
495 1659 672 1715 quem
703 1643 1015 1700 continuas
1062 1662 1167 1716 pro
1219 1651 1319 1702 tuo
1373 1648 1618 1720 imperio
1666 1667 1864 1722 preces
1908 1654 2043 1709 fun-

388 1730 587 1787 dimus
619 1749 765 1803 quas
796 1732 868 1787 ab
916 1732 1044 1805 ipso
1095 1735 1330 1791 auditas
1361 1738 1735 1805 conﬁdimus,
1771 1739 2044 1812 loquetur

389 1820 567 1876 etiam
600 1837 756 1875 nunc
786 1838 888 1892 pro
939 1822 1107 1879 nobis
1139 1824 1291 1880 bona
1322 1825 1380 1880 in
1413 1827 1585 1882 corde
1617 1844 1796 1884 sacra;
1823 1832 2039 1901 majes-

389 1907 531 1964 tatis
563 1913 696 1978 tuae,
729 1911 976 1981 ejusque
1023 1914 1312 1984 expandet
1353 1914 1572 1971 viscera
1616 1917 1745 1989 jam
1802 1918 2039 1976 aliunde

391 2002 687 2053 commota
734 1999 791 2053 in
839 2000 1413 2059 commiserationem
1472 2006 1804 2062 communis
1843 2008 2040 2078 exitii;

391 2087 491 2159 qui
522 2087 695 2144 etiam
731 2089 790 2144 in
824 2090 1167 2162 depellendo
1199 2094 1354 2150 malo
1400 2095 1503 2151 toti
1536 2113 1746 2153 sumus
1779 2102 1836 2153 et
1864 2116 2044 2171 aeger-

390 2176 538 2232 rime
571 2178 859 2235 ferremus
909 2180 959 2235 si
1010 2181 1361 2254 supplicatio
1394 2190 1595 2240 nostra
1641 2187 1848 2243 eii‘ectu
1881 2205 2045 2245 care-

389 2272 479 2321 ret
507 2271 820 2340 postquam
856 2268 1042 2325 multa
1098 2272 1168 2326 ad
1224 2273 1402 2329 fidem
1460 2273 1794 2333 faciendum
1836 2277 2047 2336 idonea

392 2354 520 2411 sine
544 2356 675 2411 fuco
706 2357 1081 2428 protulimus.

465 2569 519 2622 2.
550 2567 656 2623 llla
686 2586 824 2641 ergo
856 2571 1080 2640 civitas,
1116 2590 1348 2647 semper
1377 2577 1857 2647 quidem,verum
1891 2599 2048 2637 nunc

397 2658 720 2730 praesertim
750 2665 988 2731 propter
1045 2662 1429 2720 fortissimam
1492 2672 1840 2738 potestatem
1883 2676 2046 2727 tuam

399 2747 541 2803 urbs
562 2764 692 2803 vere
716 2764 930 2820 magna
949 2750 1166 2807 clamat
1184 2769 1284 2823 per
1298 2754 1853 2827 nos,imperatorum
1873 2761 2050 2816 maxi-

402 2852 494 2890 me
515 2841 571 2890 et
599 2836 987 2893 divinissime.
1021 2839 1236 2897 Omnes
1267 2843 1502 2913 quidem
1538 2846 1711 2902 urbes
1747 2847 1875 2903 aliae
1905 2865 2047 2920 qua-

398 2940 529 2979 rum
554 2940 866 2980 numerum
891 2932 1214 3001 supputare
1235 2932 1624 3005 nequicquam
1644 2936 1963 3011 facils,quaz
1977 2939 2049 2994 ab

400 3013 815 3085 antiquissimo
860 3019 1124 3089 tempore
1192 3019 1464 3078 Romanae
1515 3027 1818 3096 potestatis
1867 3028 2051 3085 circu-

403 3101 526 3157 lum
583 3108 884 3175 exornant,
942 3110 999 3161 et
1056 3123 1203 3179 quas
1272 3111 1543 3182 (quarum
1603 3113 2050 3174 multitudinem

400 3207 677 3247 mensura
705 3210 818 3249 non
850 3195 1108 3269 attingit)
1141 3198 1338 3255 divina
1367 3202 1553 3259 virtus
1584 3206 1684 3260 tua
1732 3205 1878 3263 alias
1909 3206 2048 3264 olim

398 3297 628 3337 eversas
678 3283 889 3340 iterum
937 3288 1265 3353 suscitavit,
1319 3289 1466 3348 alias
1517 3298 1713 3351 autem
1765 3296 1888 3353 solo
1940 3314 2048 3354 no-

399 3368 558 3424 mine
614 3371 905 3443 cognitas,
966 3376 1037 3431 de
1096 3382 1300 3435 caetero
1375 3397 1510 3438 vero
1569 3382 1629 3439 in
1688 3385 2046 3456 profundum

398 3463 568 3514 terrae
617 3460 917 3517 demersas
972 3463 1030 3519 in
1090 3465 1281 3522 lucem
1340 3469 1541 3540 edidit,
1576 3475 1634 3527 et
1673 3473 1743 3528 ad
1794 3473 2047 3546 priorem

401 3547 771 3620 splendorem
797 3551 1074 3622 restituit,
1100 3554 1311 3611 alter-as
1334 3557 1508 3613 etiam
1525 3559 1650 3629 jam
1685 3561 1845 3617 nullo
1875 3564 2049 3619 modo

404 3653 527 3693 suae
556 3639 738 3693 ruina;
771 3642 1122 3712 superstites
1153 3644 1503 3704 mirabiliter
1523 3664 1730 3706 rursus
1752 3652 2047 3724 produxit,

403 3741 629 3796 omnes,
664 3727 927 3800 inquam,
960 3732 1137 3787 urbes
1168 3732 1280 3788 illa
1311 3735 1459 3791 bene
1516 3736 1754 3808 habent,
1787 3744 1844 3796 et
1873 3742 1930 3796 in
1965 3741 2049 3796 fa-

401 3831 537 3871 vore
568 3816 812 3872 fortuna:
869 3826 1232 3891 permanent,
1268 3828 1325 3880 et
1381 3829 1659 3900 gaudent,
1707 3827 1863 3885 ultra
1919 3830 2049 3887 vita:

404 3908 758 3975 necessaria,
792 3912 878 3963 tot
926 3914 982 3963 et
1040 3912 1245 3980 tantis,
1280 3918 1345 3970 ut
1403 3932 1607 3972 eorum
1665 3918 1764 3991 qui
1827 3920 1898 3976 ab
1932 3919 2049 3978 illis

404 3992 757 4064 migrarunt,
790 3995 947 4053 ullus
979 4016 1051 4055 ne
1090 4003 1277 4072 possit
1321 4004 1559 4077 quidem
1607 4024 1674 4063 ea
1719 4011 2048 4067 enuntiare.

405 4083 530 4139 Tua
561 4089 796 4141 econtra
818 4086 1021 4144 civitas
1047 4106 1174 4161 quae
1196 4091 1323 4165 ipsa
1364 4112 1597 4168 quoque
1627 4096 1789 4155 nullo
1821 4098 2051 4156 labora-

403 4173 505 4229 bat
532 4172 1038 4244 incommodo,sed
1061 4179 1122 4236 in
1145 4183 1417 4253 paradiso
1435 4186 1753 4260 voluptatis
1775 4189 2052 4246 omnibus

404 4263 646 4319 omnino
678 4265 983 4323 fruebatur
1014 4269 1360 4341 bonis,inter
1389 4273 1579 4346 ipsam
1612 4293 1779 4333 suam
1810 4293 2052 4350 prospe-

405 4351 636 4408 ritatem
670 4372 703 4410 a
736 4355 893 4411 brevi
943 4362 1202 4431 tempore
1258 4362 1559 4435 afﬂigitur.
1591 4365 1858 4423 Siccitate
1895 4367 2052 4423 enim

402 4439 631 4497 laborat
662 4442 718 4497 in
751 4443 882 4516 ipsa
910 4440 1123 4503 hiemis
1174 4453 1541 4524 tempestate.
1574 4454 1658 4509 En
1715 4454 1930 4513 hiemis
1960 4474 2052 4513 as-

403 4529 643 4601 peritas,
678 4537 734 4587 et
762 4538 977 4591 terram
1012 4538 1143 4608 quis
1177 4539 1384 4596 dixerit
1411 4542 1627 4597 aestivis
1677 4545 1880 4602 ardere
1911 4545 2049 4603 soli-

406 4619 519 4676 bus
569 4620 668 4693 qui
716 4623 1097 4699 Troglodytas
1130 4634 1329 4687 urunt.
1362 4630 1504 4687 Cum
1539 4637 1711 4689 antea
1750 4633 1905 4690 inter
1934 4651 2053 4690 me-

2154 669 2466 743 αἷτιάσεως,
2518 671 2569 728 εἷ’
2622 693 2683 749 γε
2728 679 2876 730 πᾶσα
2931 674 3021 730 καὶ
3084 673 3263 751 βουλή
3308 676 3395 732 καὶ
3451 675 3681 747 σπουδὴ
3742 680 3832 735 καὶ

2153 760 2322 837 τέχνη
2380 765 2481 828 τῆς
2544 763 2767 837 ὑψηλῆς
2848 763 3139 840 βασιλικῆς
3193 764 3662 841 ἀρχιτεκτονικῆς
3732 775 3828 824 τοῦ

2156 851 2301 916 θείου
2357 851 2590 926 κράτους
2647 871 2746 907 σου
2801 852 2952 907 κάτω
3006 873 3112 908 που
3166 858 3361 922 κεῖται,
3407 854 3501 909 καὶ
3544 853 3658 910 οὐκ
3687 852 3830 912 ἔστιν

2154 940 2280 993 ὅσον
2329 938 2497 994 είπεῖν
2547 939 2955 998 ὑποπέπτωκεν.
2998 942 3149 997 Ἐπεὶ
3196 939 3254 997 δὲ
3303 941 3402 998 ούκ
3448 939 3598 999 ἔστιν
3655 942 3823 1002 ἄλλο·

2155 1037 2243 1091 θεν
2294 1024 2409 1081 οὐδ’
2456 1027 2842 1099 ἐπινοήσασθαι
2908 1028 3063 1085 λύσιν
3112 1031 3235 1085 τινὰ
3276 1034 3374 1087 τοῦ
3421 1037 3625 1101 κακοῦ,
3671 1033 3719 1088 εί
3749 1037 3817 1107 μή

2158 1116 2293 1189 μετᾶ
2348 1117 2446 1186 τήν
2498 1117 2639 1173 θείαν
2679 1117 2771 1173 καὶ
2836 1116 3084 1185 παναλκῆ
3141 1125 3305 1196 χεῖρα
3359 1124 3458 1175 τοῦ
3519 1120 3613 1177 ἀεὶ
3676 1123 3815 1198 βασι.

2155 1202 2407 1267 λεύοντος
2466 1206 2555 1261 καὶ
2611 1204 2701 1261 ἐπὶ
2757 1204 2973 1262 πάντων
3047 1211 3184 1262 Θεοῦ
3239 1206 3299 1263 ἐκ
3357 1215 3461 1278 τῆς
3520 1210 3807 1285 κρατίστης

2154 1293 2342 1369 χειρός
2371 1314 2489 1364 σου,
2520 1299 2617 1350 τοῦ
2647 1293 2838 1369 ἐκείνῳ
2882 1290 3381 1369 συμϐασιλεύοντος
3427 1296 3521 1353 καὶ
3581 1297 3797 1375 ἐπιγείου

2155 1386 2310 1451 Θεοῦ,
2371 1380 2613 1460 εὐλόγως
2666 1381 2727 1439 ἂν
2788 1378 2890 1454 ἔξω
2947 1384 3127 1454 πάσης
3189 1385 3449 1460 μέμψεως
3496 1386 3805 1460 πίπτοιμεν,

2151 1472 2231 1544 τῷ
2282 1472 2434 1544 μόνῳ
2480 1468 2693 1544 δυνατῷ
2740 1476 2912 1527 σῶσαι
2967 1474 3102 1546 μετᾶ
3149 1474 3278 1529 Θεὸν
3326 1473 3587 1538 ἷκετικῶς
3640 1474 3813 1552 ἐντυγ-

2152 1561 2433 1635 χάνοντες.
2468 1561 2710 1636 Ἔχομεν
2759 1558 2818 1616 δὲ
2862 1558 2973 1632 ἤδη
3024 1562 3210 1617 καὶτὰ
3256 1569 3358 1633 τῆς
3390 1560 3631 1627 ἐλπίδος
3661 1566 3815 1620 αύτό-

2152 1650 2238 1703 θεν
2298 1648 2561 1725 ἐχέγγυα,
2621 1650 2710 1705 καὶ
2767 1650 3121 1723 πεποίθαμεν,
3192 1651 3266 1714 ὡς
3320 1653 3348 1707 ὁ
3404 1654 3559 1721 Θεὸς,
3622 1652 3674 1726 ᾧ
3727 1656 3817 1718 τὰς

2151 1734 2455 1813 ἐνδελεχεῖς
2516 1738 2646 1813 ὑπὲρ
2703 1746 2805 1809 τῆς
2860 1737 3137 1815 βασιλείας
3196 1761 3292 1795 σου
3351 1740 3518 1818 εὐχὰς
3566 1744 3818 1816 ἀναπέμι

2150 1846 2345 1888 ποντες
2401 1823 2633 1889 ἐντελεῖς
2687 1827 2856 1889 αὐτὰς
2913 1827 3256 1904 εύρίσκομεν,
3303 1827 3545 1900 λαλῆσαι
3600 1832 3701 1887 καὶ
3731 1837 3819 1887 νῦν

2072 1957 2119 2022 Β
2154 1914 2286 1991 ὑπὲρ
2329 1918 2489 1988 ἡμῶν
2524 1916 2693 1992 ἀγαθὰ
2743 1916 2820 1980 εἷς
2877 1917 2977 1987 τὴν
3034 1914 3258 2022 καρδίαν
3312 1925 3415 2022 τῆς
3460 1921 3627 1996 ἁγίας
3670 1922 3820 2022 βασι-

2154 2003 2302 2066 λείας
2333 2024 2452 2073 σου,
2499 2004 2818 2061 ἆναπετάσει
2865 2006 2932 2061 τὰ
2970 2006 3267 2084 σπλάγχνα
3310 2007 3537 2081 ταύτης,
3589 2009 3694 2066 καὶ
3736 2010 3825 2065 ἄλ-

2154 2091 2267 2156 λως
2314 2094 2739 2168 πεπλατυσμένα
2786 2091 2934 2164 ὄντα,
2984 2094 3063 2159 εἷς
3111 2095 3203 2151 τὸν
3247 2101 3345 2152 τοῦ
3386 2101 3578 2153 κοινοῦ
3644 2093 3820 2155 ἔλεον·

2155 2183 2208 2237 οἳ
2238 2182 2328 2237 καὶ
2362 2180 2589 2253 ζηλοῦσι
2637 2184 2841 2258 τρόπον
2889 2184 3013 2240 τινὰ
3060 2184 3152 2240 καὶ
3201 2185 3304 2241 οὐκ
3348 2186 3567 2242 ἀνεκτὸν
3606 2190 3821 2265 ἡγοῦν-

2151 2292 2239 2327 ται
2272 2272 2349 2345 μὴ
2381 2270 2511 2346 ούχὶ
2556 2271 2698 2348 πρὸς
2744 2273 2912 2349 πέρας
2956 2273 3171 2349 ἀγαγεῖν
3217 2274 3308 2329 καὶ
3351 2275 3419 2330 τὰ
3460 2282 3564 2346 τῆς
3616 2277 3823 2351 παρού-

2155 2382 2258 2433 σης
2282 2361 2569 2432 αἶ’τήσεως,
2627 2359 2817 2417 πολλὰ
2862 2362 2954 2418 καὶ
3010 2369 3231 2438 γενναῖα
3274 2363 3365 2419 καὶ
3413 2365 3631 2421 πείθειν
3665 2368 3824 2423 ἱκανὰ

2154 2450 2573 2526 προϊσχόμενοι.

2233 2577 2299 2644 β’.
2331 2580 2544 2630 Ἐκεῖνα
2599 2572 2645 2630 δ’
2702 2577 2737 2645 ἡ
2788 2573 2975 2645 πόλις,
3025 2578 3059 2647 ἡ
3112 2574 3302 2641 ἄλλως
3354 2579 3474 2651 μὶν,
3525 2576 3685 2635 ἀλλὰ
3732 2584 3823 2635 νῦν

2162 2664 2397 2740 μάλιστα
2429 2662 2521 2720 διὰ
2541 2665 2644 2734 τήν
2692 2665 2792 2736 σὴν
2832 2667 3130 2742 κρατίστην
3180 2665 3341 2743 ῒσχὺν
3387 2665 3619 2740 ἀληθῶς
3652 2691 3818 2745 μεγα-

2159 2751 2418 2824 λόπολις,
2452 2753 2559 2830 βοᾷ
2589 2750 2659 2808 δι’
2699 2753 2884 2826 ἡμῶν,
2934 2752 3203 2830 βασιλέων
3258 2756 3478 2831 μέγιστε
3524 2759 3621 2812 καὶ
3670 2754 3814 2822 θειό-

2156 2864 2323 2901 τατε.
2382 2848 2553 2898 Πᾶσαι
2615 2842 2707 2917 μὶν
2780 2840 2948 2899 ἄλλαι
3005 2843 3218 2917 πόλεις,
3279 2844 3343 2908 ’ὰς
3401 2844 3533 2902 οὐδὲ
3590 2848 3813 2923 εὐχερὲς

2157 2927 2558 2998 καθυποϐαλεῖν
2611 2932 2852 3009 ἀριθμῷ,
2906 2929 3025 2988 ὅσαι
3079 2953 3138 2989 τε
3187 2931 3428 2997 παλαιὸς
3467 2935 3561 3011 ἀφ’
3592 2935 3655 2991 οὗ
3684 2935 3808 3013 χρό-

2157 3042 2249 3085 νος
2309 3022 2403 3077 τὸν
2452 3027 2556 3091 τῆς
2619 3022 2937 3094 Ῥωμαϊκῆς
2990 3022 3171 3099 ἀρχῆς
3221 3022 3431 3080 κύκλον
3482 3030 3795 3099 κοσμοῦσιν,

2158 3112 2249 3169 καὶ
2280 3109 2405 3174 ὅσας
2439 3108 2667 3183 (πολλαὶ
2700 3107 2758 3166 δὲ
2794 3111 2887 3167 καὶ
2936 3111 3091 3167 αὗται
3130 3112 3220 3168 καὶ
3272 3114 3338 3169 ού
3385 3111 3591 3191 ῥᾳδίως
3624 3113 3787 3187 μέτρῳ

2159 3199 2390 3275 ληπταὶ)
2434 3201 2498 3257 τὸ
2548 3200 2640 3255 σὸν
2683 3198 2861 3256 ἔνθεον
2909 3202 3107 3272 κράτος
3156 3202 3253 3266 τὰς
3305 3203 3406 3276 μὲν
3469 3201 3624 3259 πάλαι
3664 3222 3779 3256 κατ-

2160 3288 2463 3367 ενεχθείσας
2508 3288 2587 3352 εἷς
2624 3289 2751 3368 γόνυ
2800 3291 3069 3368 ἀνήγειρε,
3107 3290 3203 3354 τὰς
3253 3289 3332 3361 δὲ,
3386 3292 3613 3368 ὀνόματι
3648 3292 3791 3365 μόνῳ

2158 3378 2588 3457 γνωριζομένοις,
2633 3383 2711 3451 τῷ
2768 3377 2826 3435 δὲ
2881 3379 3066 3455 λοιπῷ
3122 3381 3283 3437 παντὶ
3338 3382 3478 3439 κατὰ
3525 3390 3626 3460 γῆς
3662 3378 3804 3438 δεδυο

2157 3467 2331 3540 κυίας,
2374 3467 2449 3531 εἲς
2496 3473 2611 3547 φῶς
2659 3466 2856 3546 ἤγαγε,
2904 3469 2992 3525 καὶ
3042 3468 3133 3525 τὸν
3186 3468 3380 3548 πρώην
3430 3467 3638 3546 κὸσμον
3685 3471 3810 3527 ἀπέ-

2161 3556 2323 3627 δωκε,
2370 3558 2465 3621 τὰς
2515 3555 2572 3613 δέ
2616 3557 2707 3613 καὶ
2758 3555 2990 3633 μηδαμῆ
3045 3560 3209 3623 οὔσας
3241 3560 3577 3638 εὐμηχάνως
3609 3561 3674 3618 ἐκ
3700 3582 3813 3618 και·

2157 3654 2255 3718 νῆς
2286 3648 2590 3724 παρήγαγε·
2623 3651 2788 3702 πᾶσαι
2841 3643 2907 3717 δὴ
2956 3647 3048 3703 οὗν
3098 3646 3256 3705 αὗται
3284 3648 3477 3713 πόλεις
3508 3649 3569 3706 εὗ
3597 3646 3816 3728 ἔχουσι,

2159 3735 2250 3793 καὶ
2298 3735 2350 3791 ἐν
2407 3734 2565 3809 καλῷ
2609 3735 2789 3812 τύχης
2833 3737 3088 3811 μένουσι,
3139 3737 3230 3793 καὶ
3281 3739 3694 3817 ὑπεντρυφῶσι,
3746 3740 3824 3815 μὴ

2161 3825 2243 3881 ὅτι
2269 3846 2328 3902 γε
2373 3830 2492 3890 τοῖς
2539 3825 2847 3901 ἀναγκαίοις
2896 3826 2984 3882 καὶ
3038 3825 3249 3900 μόνοις,
3293 3824 3441 3884 ἀλλὰ
3486 3829 3581 3883 καὶ
3636 3830 3716 3885 ὧν
3766 3828 3828 3884 οὗ

2158 3917 2296 3971 πάνυ
2342 3936 2426 3977 τις
2479 3914 2727 3971 ἀπόντων
2782 3916 3043 3989 μνήσεται
3093 3918 3230 3972 κατὰ
3276 3914 3479 3995 ἔφεσιν,
3526 3919 3593 3976 Ἡ
3646 3915 3711 3974 δὲ
3762 3920 3829 3987 σὴ

2159 4001 2348 4079 πόλις,
2378 4004 2469 4060 καὶ
2499 4003 2634 4074 αύτὴ
2674 4002 2845 4080 μηδὲν
2872 4003 2955 4061 ὅτι
3004 4002 3209 4083 ἔχουσα
3256 4003 3664 4084 δυσχεραίνειν,
3701 4008 3834 4066 ἀλλ’

2160 4099 2235 4160 ὡς
2282 4095 2334 4151 ἐν
2383 4091 2694 4170 παραδείσῳ
2740 4101 2952 4175 τρυφῆς
2999 4095 3398 4174 περιρῥεομὲνη
3448 4101 3571 4160 τοῖς
3608 4099 3832 4155 πάντα.

2162 4196 2246 4249 θεν
2278 4184 2522 4262 ἀγαθοῖς,
2573 4184 2698 4260 περὶ
2746 4182 2875 4240 αὐτὸ
2917 4184 2981 4240 τὸ
3030 4185 3241 4262 καίριον
3288 4185 3435 4259 παρὰ
3467 4185 3657 4263 βραχὺ
3694 4185 3832 4244 δυσ·

2157 4281 2339 4351 τυχεῖ.
2389 4273 2615 4350 Αύχμὸς
2660 4272 2761 4350 γὰρ
2805 4274 2975 4345 αὐτὴν
3014 4271 3068 4329 ἐν
3122 4274 3272 4349 μέσῳ
3313 4277 3486 4346 πιέζει
3535 4279 3833 4353 χειμερίῳ

2160 4367 2353 4440 καιρῷ.
2385 4363 2563 4436 Ἀκμή
2615 4365 2894 4438 χειμῶνος
2940 4359 3086 4434 ΐδοὺ,
3125 4364 3215 4419 καὶ
3247 4366 3281 4434 ἡ
3308 4371 3377 4439 γῆ
3411 4398 3478 4406 -
3507 4362 3641 4420 ἀλλ’
3683 4363 3836 4422 εἷ’ποι

2161 4474 2244 4516 τις
2277 4453 2337 4507 ἂν
2370 4451 2538 4521 αὐτὴν
2590 4456 2826 4525 θερινοῖς
2876 4451 3064 4522 ἡλίοις
3118 4451 3441 4528 βάλλεσθαι,
3473 4454 3672 4509 ὁποῖοι
3704 4454 3841 4519 τοὺς

2161 4537 2553 4616 Τρωγλοδύτας
2610 4539 2868 4595 ἰθύνουσι.
2922 4540 3025 4596 Καὶ
3073 4538 3155 4595 ὅτι
3201 4542 3325 4617 περὶ
3377 4539 3541 4615 μέσας
3589 4541 3703 4604 τὰς
3735 4550 3840 4611 τῆς

2164 4627 2381 4692 πόλεως
2436 4627 2622 4703 ἀγυιὰς
2670 4633 2967 4701 πομπικῶς
3011 4628 3073 4684 τὸ
3103 4625 3250 4706 ὕδωρ
3299 4629 3374 4692 ὡς
3416 4627 3469 4700 ἐξ
3500 4626 3841 4705 ἀποδημίας

408 4708 537 4764 dias
569 4710 822 4769 civitatis
854 4714 976 4770 vias
1032 4716 1339 4788 splendide
1371 4737 1525 4793 aqua
1557 4723 1726 4795 quasi
1757 4740 1825 4779 ex
1850 4724 2048 4780 itinere

2164 4716 2532 4795 ἐπιχωριάζον
2588 4714 2898 4789 ἐστέλλετο,
2953 4716 3043 4772 καὶ
3121 4703 3250 4782 τοὺς
3314 4716 3623 4791 θεωμένους
3711 4703 3842 4776 Ed-

407 4815 638 4856 reversa
666 4802 1069 4872 emittebatur,
1102 4823 1306 4864 omnes
1337 4808 1591 4867 novitate
1630 4812 1712 4867 rei
1741 4812 2060 4885 stupebant

401 4886 882 4954 intuentes,nunc
912 4892 1091 4949 etiam
1123 4894 1234 4967 ipsi
1270 4897 1628 4955 urbanarum
1664 4900 2055 4957 cisternarum

402 4977 635 5033 canales
668 4981 999 5052 mugientes
1031 4986 1408 5043 nutritorium
1441 4987 1753 5045 humorem
1780 4991 1852 5045 ad
1909 4989 2055 5046 hau-

404 5065 624 5123 rientes
656 5069 945 5134 adducere
994 5090 1109 5129 non
1160 5080 1429 5146 possunt.
1485 5082 1552 5133 Et
1605 5079 1845 5150 quinam
1879 5096 2057 5137 cana-

401 5153 509 5225 les,
536 5158 637 5230 qui
673 5160 867 5216 media
908 5167 1107 5219 aestate
1156 5166 1462 5239 copiosum
1514 5173 1712 5241 potum
1763 5170 2058 5241 proﬂuen-

362 5320 365 5321 ν
400 5248 519 5301 tem
553 5248 832 5305 emittunt
862 5251 1232 5325 irrigantium
1290 5256 1656 5312 multitudini
1689 5258 2057 5330 superabun-

402 5334 640 5391 danlem
668 5341 690 5393 Ρ
719 5337 857 5393 Tale
889 5339 1330 5400 incommodum
1348 5344 1758 5417 patituretiam
1785 5347 1841 5401 in
1866 5346 2059 5404 hieme

400 5425 725 5499 Egyptns;
759 5431 859 5484 sed
893 5431 1021 5501 eius
1054 5432 1262 5490 incolis
1313 5439 1586 5506 speratur
1624 5437 1860 5493 aestivus
1889 5436 2060 5493 Nilus

403 5518 461 5570 et
503 5517 804 5573 nonnullis
834 5524 996 5593 terris
1026 5522 1260 5579 roribus
1309 5526 1660 5597 semetipsos
1710 5526 2058 5593 reﬁcientee,

408 5602 642 5673 quando
675 5598 919 5677 fulgebit
967 5614 1437 5686 testasglpelagus
1483 5616 1856 5687 conspiciunt
1885 5616 2059 5671 tellu-

408 5705 531 5746 rem
565 5698 835 5750 suam.At
855 5699 1025 5754 nobis
1048 5700 1181 5755 talis
1205 5717 1341 5773 spes
1371 5718 1484 5758 non
1520 5701 1714 5759 illuxit
1742 5704 1839 5775 qui
1864 5704 2056 5759 tabes-

410 5781 609 5835 centes
659 5780 905 5847 malum,
928 5788 1150 5858 experti
1199 5806 1429 5847 sumus.
1461 5790 1606 5848 Nam
1651 5792 1863 5849 defecit
1891 5796 2056 5849 tuam

2167 4810 2361 4884 στρεψε
2405 4811 2484 4880 τῷ
2530 4806 2813 4879 θαυμασίῳ
2842 4810 2939 4862 τοῦ
2990 4806 3331 4883 πράγματος,
3376 4811 3697 4877 τηνικαῦτα
3747 4810 3841 4866 καὶ

2168 4896 2326 4953 αὐταὶ
2355 4900 2462 4952 τῶν
2513 4895 2651 4951 κατὰ
2695 4894 2858 4951 πόλιν
2910 4895 3154 4974 φρεάτων
3209 4896 3265 4950 αἱ
3295 4890 3492 4975 φλέϐες
3522 4917 3841 4972 συμμεμυ-

2165 4992 2313 5043 κυῖαι
2342 4986 2406 5042 τὸ
2430 4984 2699 5064 τρόφιμον
2742 4985 2905 5061 ὑγρὸν
2956 4990 3071 5047 τοῖς
3114 4983 3441 5061 ἀρυομένοις
3472 4982 3838 5063 ἐποχετεύειν

2168 5076 2267 5132 ούκ
2311 5071 2520 5153 ἔχουσι.
2581 5073 2680 5130 Καὶ
2729 5071 2896 5129 ταῦτα
2944 5079 3098 5129 ποῖαι
3152 5067 3375 5152 φλέϐες,
3406 5074 3463 5128 αἳ
3511 5075 3609 5130 καὶ
3660 5077 3837 5151 μέσου

2167 5165 2354 5241 θέρους
2401 5162 2546 5221 πολὺ
2594 5162 2658 5221 τὸ
2704 5164 2872 5220 ποτὸν
2940 5157 3348 5220 ἁναϐάλλουσαι
3402 5161 3492 5218 καὶ
3555 5161 3840 5241 ὑπερϐλύο

2168 5260 2350 5326 ζουσαι
2386 5300 2400 5328 ,
2454 5260 2554 5325 τῆς
2633 5257 2739 5308 τῶν
2818 5249 3191 5329 ἀρδευομένων
3255 5249 3627 5328 πολυχειρίας
3693 5255 3833 5325 ἦσαν

2171 5343 2455 5420 ὑπέρτεραι
2490 5361 2504 5412 ;
2538 5343 2745 5418 Πάσχει
2798 5341 2953 5397 τουτὶ
2999 5342 3063 5397 τὸ
3092 5341 3266 5404 πάθος
3293 5338 3440 5416 τάχα
3469 5360 3580 5396 που
3608 5347 3838 5418 χειμῶ-

2165 5453 2257 5494 νος
2287 5430 2377 5487 καὶ
2408 5429 2707 5506 Αἴγυπτοςο
2764 5428 2891 5486 ἀλλ’
2939 5429 2995 5485 ἐν
3044 5427 3228 5485 ἐλπίσι
3276 5433 3396 5491 τοῖς
3448 5428 3562 5484 ἐκεῖ
3601 5432 3630 5485 ὁ
3687 5443 3843 5506 θερι-

2166 5522 2257 5584 νὸς
2286 5518 2510 5592 Νεῖλος,
2541 5520 2629 5576 καὶ
2662 5518 2871 5595 ὀλίγοις
2918 5517 3114 5593 ἱδρῶσι
3143 5525 3245 5594 γῆς
3293 5516 3672 5594 ἀναψύχοντες
3705 5520 3842 5576 ἐαυ-

2164 5610 2312 5681 τοὺς,
2361 5608 2451 5666 ὅτε
2500 5609 2653 5685 θέρος
2705 5608 3034 5683 ἀναλάμψει,
3087 5605 3330 5683 πέλαγος
3375 5608 3545 5681 ὁρῶσι
3577 5609 3683 5676 τὴν
3718 5611 3843 5665 ἑαυ-

2164 5706 2296 5756 τῶν.
2324 5701 2486 5771 Ἡμῖν
2519 5696 2578 5754 δὲ
2617 5701 2684 5754 τὰ
2728 5706 2831 5769 τῆς
2877 5698 3135 5771 τοιαύτης
3185 5694 3411 5759 ἐλπίδος
3446 5692 3691 5769 ἀπέσϐη,
3751 5701 3838 5763 οἷς

2167 5789 2462 5866 φθάσαντες
2513 5786 2867 5868 ἐπειράσαμεν
2919 5790 3020 5844 τοῦ
3052 5786 3260 5846 κακοῦ.
3311 5782 3677 5844 Ἐπιλέλοιπε
3729 5787 3839 5865 γὰρ

3385 5736 3409 5759 ι,
3446 5736 3691 5769 υιιηςυνιι,
3751 5736 3837 5763 νει,

3382 5782 3677 5843 πιλέλοιπε
3729 5787 3839 5865 γὰρ

3578 5940 3587 5945 ί
3656 5952 3661 5955 »
3710 5946 3757 5975 τ-

3460 6223 3706 6260 ³“ςαηϊ’
3953 6253 3960 6258 .
