4060 6414
246 420 365 483 929

1459 408 1977 475 SUPPLICATIO
2019 412 2176 473 PRO
2220 410 2470 478 CPOLI.

3557 428 3676 490 930

248 555 348 624 τὴν
409 553 510 621 σὴν
564 547 729 604 πόλιν
763 544 1024 617 όταύτης
1081 542 1367 621 χειμέριος
1424 541 1622 606 ἐκεῖνος
1675 539 1900 607 Νεῖλοςο
1934 582 1946 612 λ

2059 545 2308 603 ivitatem
2344 548 2613 605 hiemalis
2643 550 2772 623 ejus
2803 551 2994 620 Nilus,
3017 557 3072 609 et
3103 555 3308 612 exinde
3339 560 3509 613 aestas
3537 576 3671 615 vcn-

250 643 341 699 καὶ
374 639 521 698 ἔσται
586 638 778 695 λοιπὸν
839 633 927 691 ἐπὶ
982 635 1050 689 τὰ
1098 633 1219 703 ἑξῆς
1265 632 1329 687 τὸ
1379 629 1533 707 θέρος
1587 632 1725 697 αὐτῇ
1754 631 1907 708 θέρος

2059 652 2151 691 ira
2177 652 2308 692 vere
2365 640 2477 693 erit
2533 644 2729 707 aestus,
2781 641 2901 697 sive
2959 642 3232 699 horrenda
3274 652 3672 718 concrematio,

251 730 499 803 ἀληθῶς,
560 723 735 784 εἴτουν
792 722 1017 800 φλέγμα
1074 722 1262 790 κακὸν,
1322 719 1458 776 κατὰ
1510 721 1610 789 τήν
1664 719 1911 792 ποίησιν,

252 820 344 878 καὶ
371 817 646 893 θερμότης
691 813 988 890 πυρόεσσα.
1040 811 1116 869 Τὸ
1165 812 1266 887 γὰρ
1316 809 1596 886 ἀναψῦχον
1650 808 1820 884 ὕδωρ,
1850 808 1914 864 τό

260 907 560 985 ζωογόνον,
615 906 679 962 τὸ
732 904 1053 979 παρήγορον
1114 898 1437 956 ἐπιλέλοιπε
1470 943 1483 957 .
1539 899 1602 954 Ἣ
1661 896 1916 976 εὔκρατος

262 999 338 1063 εἰς
395 994 820 1069 διακεκαυμένην
880 988 1179 1047 κινδυνεύει
1239 986 1530 1048 διαπεσεῖν.
1587 990 1744 1066 Πηγὴ
1803 988 1920 1043 ἀνί-

264 1083 436 1158 ϐαινε,
485 1087 767 1163 γραφικῶς
810 1082 1003 1151 εἰπεῖν,
1060 1084 1156 1135 καῖ
1220 1077 1437 1135 ἔπότισε
1488 1082 1591 1134 πᾶν
1634 1079 1697 1133 τὸ
1744 1077 1919 1152 πρόσ-

266 1200 417 1236 ωπον
442 1180 544 1252 γῆς
571 1182 671 1247 τῆς
708 1175 827 1249 μὲν,
878 1169 1073 1228 οὔκουν
1115 1169 1355 1242 ἀπάσης,
1404 1175 1505 1240 τῆς
1545 1166 1604 1225 δὲ
1647 1170 1786 1225 κατὰ
1813 1175 1918 1244 γῆν

266 1271 476 1325 ἅπασαν
527 1263 844 1341 πρωτίστης
893 1260 1099 1329 ταύτης
1130 1264 1239 1315 τῶν
1287 1255 1526 1315 πόλεων.
1560 1263 1667 1314 Νῦν
1706 1256 1765 1314 δὲ
1792 1254 1924 1314 ἀλλ’

267 1359 370 1413 οὐκ
419 1353 646 1428 οἴδαμεν
691 1352 759 1408 τὰ
804 1357 907 1420 τῆς
955 1347 1217 1420 τοιαύτης
1268 1354 1475 1423 πηγῆς,
1525 1346 1651 1403 ὅποι
1694 1354 1799 1424 γῆς
1833 1345 1924 1403 ἔδυ

265 1448 353 1503 καὶ
387 1441 569 1521 ᾤχετο
617 1443 809 1517 μικρὸν
862 1441 1014 1509 ὅσον,
1064 1439 1153 1493 καὶ
1211 1438 1348 1492 κατᾶ
1374 1437 1503 1499 τοὺς
1534 1437 1587 1492 ἐν
1616 1441 1684 1512 τῇ
1710 1435 1925 1514 ἀνύδρῳ

269 1536 468 1591 έσεῖται
515 1532 696 1592 κυπρὰ
741 1529 832 1585 καὶ
881 1529 1018 1599 αὐτὴ
1062 1527 1154 1582 καὶ
1205 1524 1441 1601 διψῶσα,
1471 1527 1559 1581 καί
1611 1548 1739 1599 που,
1789 1527 1926 1582 εἰτὸ

269 1625 434 1682 κακὸν
479 1622 569 1678 ἐπὶ
632 1626 818 1695 μεῖζον
865 1616 1079 1696 ἀρθείη,
1127 1616 1220 1673 καὶ
1263 1611 1494 1690 ἔρημος·
1545 1617 1637 1671 καὶ
1688 1616 1814 1680 τοὺς
1873 1616 1924 1671 ἐν

271 1714 410 1789 αὐτῇ
440 1712 541 1768 οὐκ
569 1711 631 1766 ἂν
661 1710 887 1781 όκνήσοι
934 1728 1018 1770 τις
1073 1707 1150 1781 μὴ
1189 1704 1282 1761 καὶ
1323 1705 1521 1768 αὐτοὺς
1552 1702 1641 1761 διὰ
1666 1706 1730 1762 τὸ
1760 1704 1931 1762 ἐκλεί-

274 1825 393 1860 πειν
445 1800 624 1878 λέγειν
667 1793 987 1861 ἀλίϐαντας.
1038 1792 1181 1867 Ἤδη
1239 1794 1347 1872 πρὸ
1407 1794 1706 1873 ὀφθαλμῶν
1758 1801 1929 1851 κεῖται

2020 726 2345 781 secundum
2382 728 2626 799 possim,
2680 734 2735 784 et
2785 729 2944 786 calor
2990 731 3223 804 igneus.
3262 735 3475 791 Defecit
3519 739 3674 793 enim

2024 830 2180 885 aqua
2198 814 2461 883 reﬁciens
2476 816 2774 888 spiritum,
2792 819 2972 874 vitam
2990 835 3277 892 generans
3296 825 3681 899 animumque

2027 901 2399 972 refoeillans;
2431 910 2488 960 et
2535 905 2638 962 illa
2680 908 2826 963 bene
2875 912 3203 982 temperata
3260 913 3319 967 in
3353 913 3561 971 ultimo
3592 922 3686 973 est

2027 991 2369 1048 discrimine
2399 1010 2471 1050 ne
2505 993 2673 1066 plane
2699 1001 2900 1051 exusta
2915 997 3126 1067 jaceat.
3166 1005 3309 1056 Fons
3337 1004 3679 1074 ascendebat,

2028 1083 2095 1136 ut
2118 1079 2328 1153 loquar
2357 1084 2680 1139 secundum
2728 1084 3116 1158 Scripturam,
3158 1099 3209 1145 et
3254 1092 3527 1164 irrigabat
3552 1097 3682 1151 uni-

2028 1186 2247 1225 versam
2275 1173 2475 1241 facz'em
2496 1176 2805 1239 terramari
2835 1176 3076 1231 omnino
3110 1178 3349 1250 quidem
3373 1182 3685 1253 universas,

2032 1259 2133 1315 sed
2170 1259 2500 1317 universam
2535 1262 2742 1318 faciem
2790 1263 2970 1335 hujus
3014 1267 3267 1325 civitatis
3299 1286 3425 1343 quae
3459 1274 3685 1330 caeteris

2035 1347 2314 1404 omnibus
2343 1350 2658 1405 antecellit.
2693 1351 2859 1408 Nunc
2888 1369 3021 1409 vero
3066 1358 3364 1415 nescimus
3394 1365 3685 1433 quomodo

2037 1436 2167 1491 fons
2198 1437 2309 1491 iste
2339 1443 2550 1492 terram
2599 1440 2804 1506 subiit,
2848 1443 2927 1496 ita
2981 1450 3046 1496 ut
3074 1462 3219 1500 vena
3264 1450 3422 1505 tenui
3458 1456 3684 1510 tantum

2036 1530 2290 1590 emanet,
2322 1530 2380 1580 et
2409 1527 2610 1582 civitas
2641 1529 2710 1583 ad
2737 1531 2921 1584 instar
2940 1549 3140 1587 eorum
3174 1538 3272 1607 qui
3309 1537 3364 1592 in
3400 1539 3685 1613 inaquoso

2037 1614 2259 1685 degunt
2288 1614 2476 1670 tristis
2503 1615 2578 1669 sit
2602 1621 2659 1671 et
2689 1617 3013 1685 sitibunda,
3037 1626 3095 1676 et
3125 1622 3462 1696 aliquando,
3486 1630 3532 1684 si
3568 1647 3688 1687 ma-

2040 1700 2163 1757 lum
2196 1704 2254 1757 in
2289 1703 2481 1773 majus
2512 1705 2776 1775 creverit,
2808 1722 3009 1762 verum
3043 1710 3152 1765 erit
3181 1714 3504 1788 desertum,
3535 1719 3692 1790 ejus-

2040 1807 2153 1863 que
2182 1791 2404 1847 incolas
2456 1797 2655 1865 utpote
2699 1796 2832 1851 tabe
2890 1806 3271 1872 consumplos
3321 1805 3573 1877 quisque
3603 1808 3693 1865 in-

274 1895 343 1949 τὰ
400 1888 546 1948 δεινὰ
577 1931 593 1959 ,
648 1887 742 1945 καὶ
798 1883 914 1942 οἵαν
966 1888 1002 1955 ἡ
1061 1880 1226 1946 πόλις
1280 1882 1637 1960 καταράσεται
1691 1884 1930 1940 κάκωσιν

2059 1881 2377 1936 lubitanter
2390 1888 2653 1939 mortuos
2675 1884 3147 1956 appellabitJam
3160 1895 3294 1946 ante
3310 1895 3510 1951 oculos
3526 1897 3694 1955 triste

273 1986 384 2037 τῶν
409 1977 679 2046 πολιτῶν,
707 1978 824 2032 ὅσοι
869 1975 963 2049 μὶν
1015 1973 1072 2029 εὗ
1125 1971 1317 2048 ἔχουσι
1359 1973 1422 2028 τὸ
1474 1972 1550 2035 εἷς
1595 1977 1774 2046 σῶμα,
1826 1974 1929 2029 οὐκ

2059 1969 2327 2024 iabemus
2356 1971 2782 2042 spectaculum,
2818 1974 3077 2047 urbsque
3111 1978 3323 2036 civium
3365 2000 3690 2043 aerumnam

277 2065 386 2126 ἔσθ’
443 2068 595 2132 ὅπως
654 2063 915 2142 ὑγιαίνειν
976 2061 1452 2138 συγχωρουμένων
1509 2065 1577 2135 τῇ
1637 2061 1930 2137 αὐχμηρό-

277 2178 423 2231 τητι’
482 2161 590 2211 τῶν
650 2153 709 2210 δὲ
765 2154 901 2209 κατὰ
955 2154 1114 2207 νόσον
1166 2148 1354 2214 ἄλλως
1395 2148 1772 2224 διακειμένων,
1826 2152 1929 2221 τήν

282 2246 636 2325 ψυχαγωγίαν
669 2242 1130 2311 ἀπολωλεκότων,
1180 2240 1269 2295 καὶ
1323 2237 1496 2303 οὕτως
1544 2239 1785 2316 ἐχόντων
1832 2241 1932 2310 τὴν

287 2337 491 2415 ὑγίειαν
517 2330 950 2403 δυσανάκλητον.

355 2566 420 2644 γ’.
455 2563 554 2621 Διὰ
596 2563 765 2618 ταῦτα
811 2556 1075 2634 ἐκχέομεν
1123 2557 1160 2627 ἡ
1192 2559 1356 2644 πᾶσαν
1383 2552 1549 2618 πόλις
1589 2553 1686 2644 τὰς
1715 2552 1936 2632 καρδίας

284 2642 444 2730 ἡμων
527 2652 759 2709 ἐνώπιον
844 2654 946 2718 τῆς
1027 2643 1467 2723 βασιλικωτάτης
1530 2642 1938 2722 φιλανθρωπίας

288 2766 405 2815 σου,
435 2744 527 2800 καὶ
567 2742 669 2812 τὴν
719 2742 818 2794 τοῦ
866 2740 961 2793 σοῦ
1008 2736 1091 2811 ἐφ’
1137 2737 1285 2809 ἡμᾶς
1335 2731 1490 2790 ἐλέου
1538 2733 1697 2809 χύσιν
1754 2732 1938 2790 αἰτοῦ-

299 2844 453 2907 μεθα,
512 2829 881 2902 ποτνιώμενοι
935 2825 1027 2881 καὶ
1101 2825 1274 2900 θερμά
1328 2823 1657 2899 προχέαντες
1712 2819 1938 2898 δάκρυα.

301 2931 572 2980 Ἔκτεινον
621 2920 722 2988 τὴν
779 2916 920 2982 θείαν
972 2915 1136 2991 χεῖρά
1187 2933 1305 2986 σου,
1360 2911 1451 2967 καὶ
1494 2910 1636 2966 οὕτω
1682 2910 1941 2974 κελεύσας

298 3011 741 3078 ἀποκατάστησον
771 3006 835 3061 τὸ
865 3001 1011 3078 ὕδωρ
1060 3001 1148 3058 ἐπὶ
1187 3002 1398 3078 χώραν,
1451 2999 1512 3056 οὐ
1541 3002 1677 3078 πρὸς
1706 3002 1940 3078 ἡμέραν,

295 3103 374 3163 ὡς
405 3100 471 3155 τὰ
518 3105 618 3168 τῆς
666 3101 910 3171 Γραφῆς,
961 3089 1091 3147 ἀλλ’
1135 3091 1212 3153 εἷς
1260 3090 1431 3145 αἰῶνα
1476 3087 1628 3161 ὅλον,
1672 3090 1719 3157 ᾧ
1750 3111 1942 3146 συνεπ-

295 3187 543 3258 εκταθείη
575 3185 666 3241 καὶ
694 3186 758 3239 τὸ
788 3183 985 3258 κράτος
1035 3187 1136 3250 τῆς
1178 3177 1457 3255 βασιλείας
1505 3199 1621 3236 σου.
1654 3179 1774 3236 Οὐοι
1806 3177 1946 3234 ἔστιν

2040 2059 2348 2116 maledicet
2393 2077 2644 2142 quorum
2679 2061 2775 2116 alii
2824 2079 3064 2135 corpore
3116 2066 3262 2125 bene
3292 2070 3555 2131 valentes
3588 2091 3694 2132 ne-

2038 2165 2335 2222 quaquam
2369 2150 2682 2204 sanitatem
2717 2168 2948 2206 servare
2970 2161 3246 2225 poterunt
3274 2167 3514 2234 propter
3541 2164 3694 2221 diffi-

2040 2239 2316 2294 cultatem
2348 2243 2703 2311 temporum,
2740 2240 2835 2294 alii
2883 2248 3076 2298 autem
3118 2245 3457 2306 laborantes
3490 2256 3695 2313 morbo

2041 2332 2099 2384 et
2130 2326 2289 2384 omni
2320 2327 2763 2400 refrigeratione
2793 2336 3056 2388 carentes
3081 2350 3197 2391 non
3222 2337 3333 2394 nisi
3356 2356 3507 2413 mgre
3538 2344 3698 2399 sani-

2041 2421 2222 2474 tatem
2253 2416 2705 2488 recuperabunt.

2112 2553 2169 2609 3.
2199 2552 2511 2624 PrOpterea
2557 2550 2917 2610 effundimus
2969 2556 3242 2616 universa
3286 2561 3491 2621 civitas
3520 2566 3699 2624 corda

2046 2647 2247 2698 nostra
2276 2642 2333 2695 in
2365 2645 2677 2711 conspectu
2721 2642 3100 2714 regalissima
3150 2633 3529 2723 benignitatis
3562 2660 3695 2725 tuae,

2046 2741 2100 2789 et
2120 2737 2232 2787 tuae
2252 2746 2393 2802 erga
2415 2747 2521 2784 nos
2538 2729 2859 2787 clementiae
2880 2733 3223 2792 eﬂ‘usionem
3247 2740 3547 2811 poscimus
3561 2760 3696 2800 cum

2049 2821 2189 2877 ﬂetu
2221 2820 2623 2891 deprecantes,
2673 2824 2731 2875 et
2775 2821 2995 2879 calidas
3044 2826 3464 2895 profundentes
3512 2832 3698 2906 laery-

2051 2927 2201 2966 mas.
2235 2908 2503 2964 Divinam
2537 2910 2783 2964 extende
2807 2927 3047 2966 manum
3082 2920 3264 2981 tuam,
3291 2923 3504 2989 tuoque
3525 2922 3701 2989 jussu

2051 3000 2198 3056 educ
2226 3014 2441 3069 aquam
2471 2996 2533 3052 in
2581 3003 2821 3066 terram,
2873 3017 2987 3056 non
3029 3003 3268 3072 quidem
3303 3008 3374 3062 ad
3433 3010 3609 3079 diem,
3643 3016 3708 3066 ut

2053 3088 2538 3158 dieitSeriptura,
2572 3087 2677 3141 sed
2724 3086 2783 3140 in
2834 3092 3022 3144 totum
3071 3093 3376 3165 saeculum,
3417 3114 3521 3168 per
3549 3101 3706 3170 quod

2057 3180 2399 3250 permaneat
2445 3174 2677 3246 imperii
2728 3175 2810 3230 tui
2864 3179 3164 3236 fortitudo.
3216 3204 3245 3233 ι(
3277 3184 3401 3240 Non
3440 3192 3532 3242 est
3557 3205 3709 3259 aqua

296 3276 445 3355 ὕδωρ
506 3279 587 3348 τῷ
644 3272 763 3345 λαῷ
807 3276 971 3360 πιεῖψ
1034 3267 1125 3331 δὸς
1180 3272 1316 3341 ἡμῖν
1367 3264 1536 3342 ὕδωρ,
1580 3265 1673 3323 ἵνα
1702 3266 1940 3341 πίωμεν.

2059 3265 2268 3339 populo
2293 3265 2364 3320 ad
2388 3263 2738 3332 bibendum;
2762 3266 2837 3320 da
2856 3268 3023 3322 nobis
3038 3285 3249 3340 aquam
3271 3280 3332 3328 ut
3351 3274 3648 3332 bibamus.
3677 3299 3707 3327 »

292 3366 455 3423 Ἀλλ’
485 3365 658 3421 ὗκεῖνο
692 3363 786 3436 μὶν
837 3354 995 3436 ἔλεγε
1042 3359 1180 3436 πρὸς
1214 3358 1306 3413 τὸν
1355 3361 1453 3412 τοῦ
1483 3360 1616 3412 Θεοῦ
1646 3358 1947 3432 θεράποντα

293 3460 536 3525 Μωϋσῆν
583 3452 890 3528 γογγυστὴς
949 3447 1101 3519 λαός,
1153 3444 1679 3523 σκληροτράχηλος,
1731 3446 1822 3502 καὶ
1852 3449 1953 3513 τῆς

297 3546 557 3622 βρώσεως
594 3541 670 3598 ἔτι
721 3537 886 3611 οὔσης
933 3532 1038 3594 ἔσω
1086 3536 1356 3610 στόματος
1397 3539 1495 3591 τοῦ
1542 3535 1823 3612 εὐεργέτου
1852 3557 1953 3593 κα-

292 3633 574 3691 ταλαλῶν.
612 3631 710 3685 Καὶ
742 3628 916 3691 οὕτως
948 3625 1093 3703 ἔχων
1126 3659 1194 3669 -
1219 3623 1347 3680 ἀλλ’
1387 3624 1727 3697 είσηκούετο.
1760 3626 1953 3699 Ἡμεῖς

299 3722 380 3792 δὲ,
412 3721 544 3784 λαὸς
590 3719 908 3796 εὐγνώμων,
960 3713 1150 3771 δοῦλοι
1199 3711 1256 3769 εὗ
1292 3714 1439 3788 μάλα
1476 3715 1783 3787 ἠσκημένοι
1813 3715 1952 3791 πρὸς

299 3813 502 3880 πίστιν,
559 3809 691 3871 λαὸς
742 3808 974 3882 μνήμων
1028 3804 1367 3881 εὐεργεσιῶν,
1417 3802 1761 3880 εὐχάριστος,
1795 3801 1956 3868 εἰδὼς

305 3897 569 3979 ἀκριϐῶς,
601 3897 683 3961 τίς
731 3898 759 3952 ὁ
809 3893 1097 3966 δεσπότης,
1128 3893 1212 3956 τίς
1239 3893 1266 3948 ὁ
1304 3894 1516 3966 σώζων,
1548 3892 1628 3955 τίς
1660 3894 1689 3948 ὅ
1717 3893 1952 3971 τρέφων,

297 3991 442 4056 τίςό
476 3993 570 4063 ζῇν
622 3989 798 4043 ποιῶν
848 3980 1110 4063 ἀσφαλῶς
1268 3982 1373 4059 γὰρ
1406 3980 1468 4036 ἂν
1518 3979 1707 4055 εἷήμεν
1736 3979 1952 4059 ἀλογώ-

297 4100 450 4156 τεροι
481 4079 570 4133 καὶ
614 4081 722 4132 τῶν
768 4074 916 4150 παρὰ
959 4077 1040 4145 τῷ
1086 4072 1345 4147 προφήτῃ
1394 4071 1571 4139 ζώων,
1623 4069 1658 4124 ἃ
1703 4069 1829 4156 τοὺς
1860 4090 1954 4124 κυ-

306 4169 455 4245 ρίους
528 4164 642 4222 οἶδε
698 4163 788 4220 καὶ
863 4162 992 4225 τοὺς
1064 4157 1436 4233 κτησαμένους
1492 4157 1646 4232 αὐτά)
1681 4179 1694 4191 ·
1754 4155 1953 4214 δίκαιοι

300 4256 481 4313 τοίνυν
536 4258 700 4331 ἡμεῖς
761 4253 838 4328 μὴ
894 4248 1192 4307 διεκπεσεῖν
1224 4290 1239 4317 ,
1296 4247 1359 4303 οὗ
1414 4248 1704 4310 ποθοῦντες
1776 4245 1957 4302 αἰτοῦ-

357 4347 467 4404 εθα.

357 4368 467 4404 ενα.

312 4368 442 4520 μδ.
474 4432 903 4534 ’Ᾰντεπεξήγαγέ
953 4474 1087 4510 ποτε
1139 4452 1365 4530 βριαρὰς
1423 4456 1616 4528 γεῖρας
1662 4452 1697 4522 ἡ
1730 4452 1962 4526 κραταιᾶ

304 4550 562 4626 βασιλεία
607 4570 704 4604 σου
748 4552 829 4621 ἰᾦ
878 4543 1206 4618 παλαμναίῳ
1248 4541 1436 4616 ἐκείνῳ
1478 4539 1708 4615 σεισμῷ,
1738 4546 1832 4596 καῖ
1861 4539 1960 4596 ὅσα

2061 3356 2173 3413 Sed
2204 3355 2360 3410 istud
2393 3355 2629 3425 quidem
2674 3354 2822 3409 dixnt
2862 3356 2932 3411 ad
2979 3358 3267 3416 famulum
3319 3364 3415 3418 υθί
3448 3365 3707 3438 Moysem

2064 3443 2406 3501 mussitator
2435 3441 2710 3514 populus,
2745 3444 3008 3516 duraque
3056 3450 3302 3517 cervice,
3330 3458 3388 3507 et.
3437 3454 3579 3509 dum
3610 3457 3713 3512 ad-

2062 3534 2179 3589 huc
2210 3550 2342 3589 esca
2369 3538 2525 3588 esset
2579 3532 2638 3587 in
2696 3549 2796 3588 ore
2852 3535 3130 3592 nutritori
3185 3540 3556 3601 maledicens.
3605 3544 3716 3611 Qui

2062 3624 2198 3679 licet
2227 3620 2361 3678 talis
2391 3625 2565 3691 esset,
2613 3638 2727 3677 non
2768 3627 2964 3679 tamen
3018 3626 3216 3683 minus
3267 3632 3713 3690 exaudiebatur.

2066 3712 2182 3769 Nos
2210 3717 2431 3781 autem,
2457 3709 2664 3766 docilis
2697 3711 2968 3782 populus,
3002 3716 3150 3770 servi
3184 3719 3255 3772 ad
3288 3720 3463 3776 ﬁdem
3496 3725 3716 3794 optime

2062 3800 2319 3867 exerciti,
2354 3801 2605 3871 populus
2647 3801 3060 3857 beneﬁciorum
3094 3821 3339 3877 memor,
3365 3815 3424 3864 et
3452 3812 3754 3882 gratissi-°

2065 3909 2219 3963 mus,
2253 3890 2486 3962 penitus
2517 3890 2908 3961 intelligentes
2936 3897 3070 3966 quis
3102 3897 3401 3967 dominus,
3435 3902 3566 3972 quis
3598 3901 3714 3959 sal-

2063 3986 2249 4049 vator,
2282 3981 2416 4052 quis
2462 3980 2716 4035 nutritor
2769 3985 2964 4049 (secus
3013 3984 3168 4040 enim
3228 4004 3495 4047 essemus
3527 3993 3719 4062 stupi-

2064 4070 2258 4124 diores
2301 4085 2475 4139 quam
2523 4071 2678 4138 apud
2733 4071 3080 4141 praphetam
3125 4075 3405 4131 animalia
3443 4094 3573 4150 quae
3612 4082 3718 4136 do-

2065 4157 2259 4212 minos
2291 4162 2572 4213 noverunt
2615 4162 2670 4211 et
2718 4164 3138 4233 possessores),
3186 4164 3345 4236 digni
3398 4166 3582 4238 igitur
3613 4186 3721 4226 nos

2068 4250 2133 4302 ut
2161 4263 2275 4301 non
2310 4245 2646 4315 rejiciamur
2677 4247 2932 4304 maxime
2979 4249 3367 4321 imploramus
3398 4256 3713 4316 desiderio.

2140 4454 2193 4506 li.
2243 4452 2513 4505 Extendit
2561 4451 2698 4506 olim
2758 4453 2982 4510 validas
3044 4473 3253 4513 manus
3311 4461 3725 4531 potentissima

2072 4543 2351 4611 majestas
2379 4545 2480 4596 tua
2515 4542 2571 4596 in
2606 4543 2838 4599 funesto
2869 4543 2969 4598 illo
3003 4549 3168 4602 terra:
3203 4554 3387 4618 motu,
3421 4555 3479 4607 et
3507 4556 3729 4624 quanta

301 4639 719 4700 καταπαλαίσας
775 4634 961 4712 βαλεῖν
1019 4634 1094 4696 είς
1151 4639 1254 4710 γῆν
1314 4632 1480 4694 αὐτὸς
1527 4629 1946 4724 ἰφιλονείκησεν

2071 4631 2168 4686 hic
2199 4635 2493 4686 commota
2541 4637 2697 4687 terra
2736 4633 2968 4705 dejecit,
3019 4640 3182 4691 tanta
3239 4640 3425 4708 pietas
3453 4644 3559 4697 tua
3603 4658 3727 4698 ma-

307 4730 450 4798 αὐτή
520 4728 832 4806 φιλοτιμως
884 4725 1143 4793 ἀνέστησε
1177 4767 1192 4791 ,
1245 4721 1339 4776 καὶ
1410 4718 1779 4797 καταρῥυέντα
1831 4739 1924 4773 συν
1949 4750 1967 4762 ο

304 4818 476 4889 ἑπηξε
526 4815 788 4876 δαπάναις
847 4812 1065 4889 μυρίαις
1115 4810 1265 4872 ὅσαις
1312 4807 1404 4864 καὶ
1458 4812 1673 4884 χρυσοῦ
1720 4809 1970 4879 κενώσει,

303 4908 374 4970 ὃς
425 4906 517 4962 καὶ
569 4904 764 4980 μέτρον
803 4908 909 4958 πᾶν
952 4899 1343 4975 ὑπερπέπαικε.
1402 4897 1503 4955 Καὶ
1553 4894 1795 4952 ἵστανται
1838 4916 1970 4966 στη-

302 4990 440 5065 Mt,
477 4995 576 5065 τὴν
616 4991 878 5063 τοιαύτην
923 4986 1244 5068 φιλοτιμίαν
1301 4986 1644 5062 ἀνάγραπτον
1689 4983 1969 5063 φέρουσαι,

299 5085 382 5141 τὰ
409 5087 694 5161 πανταχοῦ
718 5089 826 5158 γῆς
878 5081 997 5135 θεῖα
1046 5076 1268 5151 τεμένη,
1319 5076 1523 5150 ὅσαπερ
1555 5076 1590 5144 ἡ
1621 5078 1721 5129 τοῦ
1769 5074 1974 5151 φρικώ-

307 5172 443 5235 δους
499 5170 707 5229 ἐκείνου
762 5172 932 5226 κακοῦ
990 5164 1367 5241 ἀνεμόχλευσε
1423 5162 1780 5220 κατασείσασα
1855 5163 1975 5238 τρί-

305 5284 460 5321 αινα.

393 5407 450 5465 ε’.
481 5407 647 5461 Γενοῦ
703 5399 909 5469 τοίνυν,
961 5395 1413 5474 εὐεργετικώτατε
1473 5391 1741 5471 βασιλέων
1769 5436 1782 5463 ,
1842 5395 1976 5470 ὅπερ

312 5493 548 5556 ἐκείνοις
580 5487 880 5552 Πακτωλός
920 5509 1004 5552 τις
1054 5484 1401 5563 χρυσορῥόας
1445 5481 1618 5540 πολὺν
1649 5483 1741 5539 τὸν
1775 5484 1978 5561 χρυσὸν

316 5584 404 5648 είς
455 5579 699 5651 δαπάνην
756 5576 1066 5656 προῤῥὲων,
1120 5573 1262 5630 οὕτω
1321 5570 1388 5642 δὴ
1446 5570 1538 5627 καὶ
1589 5573 1726 5645 ἡμῖν
1785 5570 1980 5635 Νεῖλος

321 5669 539 5749 θερινοῦ
586 5670 906 5746 παρήγορος
954 5663 1256 5726 καύσωνος·
1320 5658 1534 5749 μᾶλλον
1597 5661 1694 5749 μὲν
1752 5662 1846 5717 οῦν
1888 5661 1980 5717 καὶ

320 5747 517 5845 ἄμφω,
567 5757 772 5837 χρυσὸν
825 5751 1154 5837 προϐλύζων
1211 5752 1299 5809 καὶ
1359 5747 1505 5828 ὕδωρ
1564 5748 1741 5815 οὕτως
1789 5749 1984 5828 ἐποχε-

2078 4720 2289 4790 gniﬁce
2331 4719 2513 4774 erexit
2569 4724 2627 4774 et
2682 4724 2913 4777 ruentia
2968 4727 3337 4782 confirmavit
3391 4730 3731 4802 sumptibus

2078 4808 2409 4863 innumeris
2439 4811 2497 4863 et
2525 4808 2713 4864 multa
2743 4811 2868 4865 auri
2904 4813 3260 4883 profusione,
3295 4818 3446 4887 quod
3493 4834 3732 4874 omnem

2080 4898 2391 4968 superabat
2423 4914 2788 4953 mensuram.
2830 4902 2957 4955 [ἀι-ο
2986 4908 3148 4957 stant
3183 4905 3470 4960 columnae
3506 4912 3730 4964 tantam

2083 4986 2547 5041 munificentiam
2578 4986 2921 5058 inscriptam
2955 4993 3357 5060 praedicantes,
3388 4999 3443 5050 et
3473 5012 3542 5050 ex
3571 4997 3734 5051 omni

2082 5080 2248 5131 terra:
2280 5080 2443 5145 parte
2473 5063 2922 5146 templa‘divina
2967 5096 3098 5150 qum
3142 5084 3388 5137 funestae
3422 5082 3608 5139 cladis
3635 5085 3737 5140 tri-

2084 5165 2231 5219 dens
2256 5180 2545 5219 concussa
2576 5165 2911 5236 prostravit.

2156 5397 2213 5452 5.
2259 5396 2354 5451 Sic
2402 5413 2538 5469 ergo
2601 5397 2790 5465 hodie,
2852 5399 3273 5471 imperatorum
3331 5405 3742 5466 beneﬁcentis-

2088 5484 2258 5556 sime,
2292 5485 2446 5541 sicut
2479 5485 2593 5541 illis
2626 5487 2787 5542 fuisti
2839 5487 3107 5547 Pactolus
3155 5494 3397 5564 quidam
3428 5498 3742 5570 auriﬂuus,

2090 5591 2233 5630 auro
2266 5575 2452 5631 multo
2483 5575 2541 5629 in
2567 5580 2840 5647 sumptus
2864 5579 3180 5650 proﬂuens,
3204 5583 3284 5638 ita
3306 5590 3363 5639 et
3384 5587 3556 5642 nobis
3576 5587 3744 5644 Nilus

2091 5662 2193 5736 qui
2225 5663 2488 5718 aestivum
2523 5665 2759 5735 mitigat
2786 5671 3019 5737 aestum,
3052 5686 3153 5724 seu
3189 5668 3387 5743 potius
3417 5681 3739 5750 utrumque

2092 5751 2201 5809 ﬁas
2235 5751 2424 5823 nobis,
2455 5752 2675 5810 civitati
2705 5758 2819 5811 tua:
2848 5772 3059 5814 aurum
3100 5760 3464 5834 profundens
3510 5769 3567 5825 et
3604 5765 3745 5824 vivi-
