4060 6442
383 433 492 496 931

1157 425 1583 496 EUSTATHI]
1629 427 2400 495 THESSALONICENSIS
2446 423 3035 496 METBOPOLITE

3709 430 3835 498 932

382 568 549 622 ticam
583 568 838 622 educens
871 582 1104 637 aquam.
1137 565 1295 638 ignis
1343 570 1546 635 guttur
1577 581 1749 620 vorax
1779 582 1812 619 a
1851 563 2007 618 brevi

2145 561 2314 619 τεόων
2369 564 2641 640 ζωογόνον
2689 567 2759 638 τῇ
2809 562 2968 620 πόλει
3020 585 3138 620 σου.
3189 565 3366 640 Πυρὸς
3406 566 3604 641 γνάθος
3669 567 3839 623 ἀναι-

377 661 641 728 tempore
674 657 731 710 in
765 655 927 710 illam
962 660 1078 710 toto
1109 671 1205 709 ore
1239 655 1426 723 irruit,
1461 662 1514 709 et
1555 655 1673 709 fere
1704 652 2032 725 deglutivit,

378 751 434 801 et
456 745 676 816 ubique
697 748 1002 816 grassatus
1023 745 1148 814 ejus
1174 743 1491 798 devastavit
1511 741 2032 814 pulchritudinem.

375 833 573 906 Nuper
603 833 796 888 adhuc
826 849 999 888 suum
1035 833 1284 887 habebat
1314 832 1795 886 decoramentum
1829 847 2034 886 suum-

379 937 494 993 que
524 921 749 976 varium
782 925 838 975 et
868 920 1244 992 magniﬁcum
1289 924 1586 990 ornatum,
1621 936 1736 992 quo
1787 919 1840 973 vi
1875 919 2030 991 ignis

377 1025 586 1066 rursus
609 1008 820 1079 ablato,
845 1013 946 1064 tua
966 1009 1354 1065 concinnante
1375 1009 1633 1075 dextera,
1656 1007 1869 1064 vestita
1897 1023 2034 1080 gau-

377 1099 536 1156 deat.

441 1189 496 1244 6.
528 1188 695 1244 Nunc
726 1189 959 1260 quidem
995 1207 1150 1262 aqua
1187 1189 1434 1258 laborat,
1471 1206 1586 1245 non
1643 1192 1838 1244 autem
1889 1187 2030 1261 quia

370 1276 610 1334 tumidis
642 1278 878 1350 proﬂuit
908 1279 1207 1347 ﬂuctibus,
1243 1294 1348 1334 nec
1371 1278 1511 1350 quia
1541 1294 1821 1333 mensura
1851 1293 2028 1332 exun-

369 1367 488 1422 dat.
537 1367 620 1422 Ne
671 1369 771 1422 ﬁat
811 1367 994 1434 istud,
1055 1383 1246 1440 neque
1307 1369 1519 1423 iterum
1578 1366 1745 1437 illud,
1807 1366 2027 1422 christe

370 1471 599 1528 regum,
627 1456 784 1528 (quis
832 1456 989 1511 enim
1049 1473 1178 1511 eam
1239 1456 1360 1512 sive
1387 1471 1490 1527 per
1545 1455 1736 1525 ignem
1771 1454 1891 1510 sive
1925 1471 2027 1527 per

370 1560 585 1616 aquam
599 1545 791 1618 perire
807 1544 1006 1616 cupiat
1027 1545 1076 1616 ?)
1094 1545 1192 1600 sed
1218 1561 1286 1599 ex
1301 1561 1448 1615 aqua
1461 1545 1766 1599 deﬁciente
1787 1545 2024 1600 tandem

368 1651 524 1689 nunc
555 1634 778 1703 adesto,
811 1634 1132 1706 imperator
1161 1650 1193 1688 a
1226 1633 1342 1689 Deo
1386 1637 1678 1700 coronato,
1715 1632 2027 1689 solertissi-

369 1739 502 1778 mus
534 1724 790 1794 adjutor,
819 1727 877 1777 et
912 1739 1046 1777 eum
1080 1739 1213 1777 cum
1247 1738 1362 1793 quo
1389 1738 1599 1794 regnas
1632 1722 1812 1778 Deum
1846 1721 2021 1778 etiam

368 1827 524 1867 nunc
555 1811 845 1881 imitatus,
869 1813 1014 1866 educ
1044 1829 1157 1867 non
1180 1817 1384 1866 ventos
1408 1811 1778 1883 t'rigidos,sed
1803 1826 2019 1882 aquam

365 1916 495 1972 qua:
556 1901 758 1956 urbem
817 1904 998 1955 totam
1077 1899 1326 1955 vivificet
1390 1916 1458 1955 ex
1517 1899 1810 1955 thesauris
1873 1899 2015 1955 tuis.

364 1989 616 2045 Gedeoni
647 1988 886 2061 quidem
914 1989 1140 2045 dixerat
1174 1990 1360 2045 Deus:
1397 2009 1420 2040 ‹‹
1456 1988 1578 2044 Duc
1627 1988 1917 2060 quosdam
1948 2005 2018 2044 ex

364 2077 742 2150 peritioribus
775 2077 930 2145 belli,
965 2082 1020 2132 et
1063 2077 1143 2132 ibi
1195 2077 1452 2149 probabo
1483 2093 1583 2132 eos
1630 2077 1737 2133 tibi
1762 2079 1802 2131 ί.
1838 2099 1866 2128 ››
1899 2077 2015 2134 Nos

362 2173 556 2223 autem
581 2169 705 2238 jam
739 2166 1004 2238 probavit
1035 2169 1183 2222 Deus
1214 2166 1272 2221 in
1327 2171 1644 2238 conspectu
1689 2167 2016 2236 majestatis

359 2264 492 2324 tuae,
527 2261 583 2311 et
611 2272 815 2311 omnes
838 2272 1048 2311 sumus
1075 2256 1353 2310 manibus
1387 2257 1560 2310 fortes
1583 2272 1731 2327 quas
1762 2254 2013 2328 singulis

359 2345 567 2400 diebus
600 2361 701 2416 pro
735 2351 787 2400 te
818 2344 888 2399 ad
946 2345 1122 2399 Deum
1177 2343 1479 2415 erigimus,
1535 2348 1591 2398 et
1623 2344 1706 2398 sic
1757 2343 2012 2400 inimicis

359 2440 642 2504 quantum
683 2451 1023 2505 pessumus,
1057 2433 1447 2487 obluctamur.
1471 2432 1701 2487 Utinam
1728 2435 2014 2488 ducamur

359 2539 466 2578 nos
498 2524 566 2578 ad
601 2539 838 2594 aquam,
872 2539 984 2576 non
1021 2522 1380 2593 probationis
1414 2523 1647 2592 quidem
1678 2538 1873 2587 causa,
1907 2523 2008 2578 sed

359 2611 852 2684 refrigeriiﬂuam
879 2611 1192 2665 dolendum
1221 2610 1467 2664 estalias
1488 2611 1722 2681 quidem
1745 2611 2009 2666 civitates

350 2701 598 2772 jugibus
630 2703 801 2772 aquis
862 2699 1067 2770 repleri
1122 2707 1180 2755 et
1209 2717 1277 2753 ex
1335 2699 1435 2753 illa
1492 2700 1776 2755 ditescere
1823 2699 2011 2770 gloria

356 2789 575 2861 Cydno,
606 2787 886 2857 Thymbri
922 2789 1020 2859 qui
1057 2789 1229 2843 urbes
1264 2789 1540 2859 utrinque
1569 2789 2006 2858 circumﬂuunt,

357 2877 621 2950 aliosque
645 2877 852 2932 ﬂuvios
871 2877 1172 2932 civitatum
1200 2878 1442 2943 amicos,
1461 2883 1620 2932 tuam
1647 2893 1778 2932 vero
1801 2879 2007 2934 urbem

357 2983 629 3038 magnam
661 2982 829 3038 aquas
855 2965 1101 3037 penuria
1130 2965 1428 3022 tabescere
1459 2965 1470 3020 l

424 3240 477 3294 7.
513 3239 680 3294 Adsit
709 3254 844 3311 ergo
906 3237 1074 3294 nobis
1128 3236 1226 3291 illa
1257 3236 1468 3309 regalis
1523 3253 1676 3309 aqua
1737 3238 1791 3292 in
1852 3239 2002 3294 duas

2146 649 2265 721 δὴς,
2299 653 2360 707 οὗ
2413 654 2618 729 μακρὸς
2676 654 2834 715 οὗτος
2890 653 3115 728 χρόνος,
3170 653 3261 708 καὶ
3321 653 3556 730 ἐπέχανε
3615 658 3830 732 ταύτῃ,

2142 740 2231 794 καὶ
2285 745 2483 815 μικροῦ
2530 741 2848 814 κατέσπασε,
2901 741 2992 796 καὶ
3044 738 3434 816 διανεμηθεῖσα
3488 745 3554 799 τὸ
3605 742 3836 809 κάλλος

2143 828 2280 904 αὐτῇ
2312 830 2715 905 ἀπηχρείιοσεν.
2763 829 2922 887 Ἀλλ’
2973 829 3090 906 ἔχει
3143 831 3233 886 καὶ
3281 831 3447 887 πάλιν
3496 835 3564 887 τὸ
3617 837 3831 909 πρώην

2142 917 2335 990 καλὸν,
2364 921 2452 975 καὶ
2484 920 2576 975 τὸν
2623 919 2877 975 ποικίλον
2924 919 3015 975 καὶ
3047 919 3430 995 πολυτίμητον
3476 924 3736 996 κόσμον,
3771 926 3828 980 ὃν

2140 1009 2176 1076 ἡ
2209 1006 2355 1083 ῥύμη
2386 1012 2484 1064 τοῦ
2535 1008 2707 1084 πυρὸς
2750 1009 3050 1084 ἀπήγαγεν,
3100 1008 3274 1077 αὖθις,
3323 1017 3425 1080 τῆς
3477 1019 3585 1082 σῆς
3644 1011 3826 1085 δεξιᾶς

2138 1095 2644 1176 νυμφοστολούσ-ης,
2680 1098 2974 1176 ἀμφέθετο.

2211 1193 2272 1250 ς’.
2315 1190 2607 1263 Δυστυχῶς
2658 1184 2775 1262 ἔχει
2825 1187 2914 1241 καὶ
2963 1190 3054 1240 νῦν
3097 1185 3150 1257 ἐξ
3199 1183 3396 1250 ὕδατος
3446 1189 3557 1244 οὐκ
3608 1189 3809 1247 ἐπιποο

2138 1273 2401 1338 λάσαντος
2451 1271 2865 1351 αὐθαδέστερον,
2918 1273 3034 1330 οὐδ’
3083 1273 3534 1354 ὓπεκδραμόντος
3590 1281 3660 1335 τὸ
3712 1281 3793 1353 μέ-

2135 1386 2306 1440 τριον.
2337 1366 2428 1434 Μή
2461 1366 2676 1440 γένοιτο
2710 1367 2850 1438 μήτε
2877 1368 3064 1438 τοῦτο,
3116 1367 3256 1438 μήτε
3307 1365 3554 1431 εἰσαῦθις
3610 1367 3798 1436 ἐκεῖνο,

2133 1455 2326 1532 γριστὶ
2349 1451 2639 1530 βασιλέωψ
2675 1455 2778 1527 (τίς
2823 1455 2928 1529 γὰρ
2983 1451 3044 1508 ἃν
3077 1451 3220 1509 οῧτω
3249 1454 3452 1525 ταύτην
3489 1453 3590 1511 διὰ
3637 1462 3808 1528 πυρὸς

2133 1541 2309 1599 ὶλθεῖν
2365 1543 2455 1599 καὶ
2513 1541 2705 1606 ὕδατος
2755 1539 2963 1614 εὔξαιτο
2998 1549 3038 1612 ;)
3063 1543 3192 1599 ἀλλ’
3249 1541 3300 1614 ἐξ
3359 1541 3561 1608 ὕδατος
3619 1546 3808 1602 ἐπιλι-

2130 1633 2325 1695 πόντος
2367 1631 2552 1689 τέλεον
2602 1633 2802 1711 φάνηθι
2849 1629 2916 1702 δὴ
2961 1632 3252 1702 κάνταῦθα,
3299 1635 3597 1712 θεοστεφὲς
3651 1638 3808 1712 βασι.

2133 1721 2248 1795 λεῦ,
2310 1722 2628 1797 εὐμήχανος
2689 1721 2914 1796 βοηθὸς,
2972 1721 3062 1776 καὶ
3122 1722 3216 1777 τὸν
3271 1722 3316 1795 ᾧ
3368 1719 3808 1798 συμϐασιλεύεις

2130 1811 2256 1866 Θεὸν
2315 1811 2582 1866 κᾶνταῦοα
2643 1807 2981 1883 μιμούμενος
3014 1853 3028 1880 ,
3097 1808 3314 1888 ἐξάγαγε
3387 1811 3488 1868 οὔκ
3558 1814 3807 1888 ἀνέμους

2129 1900 2531 1976 ἀναψύχοντας,
2581 1897 2708 1954 ἀλλ’
2765 1895 2910 1973 ὕδωρ
2969 1898 3132 1954 πόλιν
3192 1899 3328 1972 ὅλην
3385 1905 3718 1970 ζωογονοῦν
3754 1905 3808 1962 ἐκ

2123 1992 2232 2042 τῶν
2288 1993 2394 2043 σῶν
2446 1991 2751 2059 θησαυρῶν.
2803 1984 2892 2059 Τῷ
2944 1987 3038 2060 μὲν
3073 1984 3164 2042 οὖν
3199 1984 3402 2042 Γεδεὼν
3455 1987 3805 2062 ξλὰλησενὸ

2125 2076 2278 2139 θεός.
2350 2075 2628 2152 Κατάγαγε
2699 2072 2896 2130 τούσδε
2967 2075 3116 2140 τινὰς
3169 2079 3280 2131 τῶν
3349 2095 3752 2152 στρατιωτικω
3783 2114 3806 2127 -

2122 2165 2289 2240 τέρων
2346 2165 2420 2228 εἷς
2469 2165 2532 2219 τὸ
2592 2161 2760 2240 ὕδωρ,
2819 2163 2908 2218 καὶ
2967 2160 3184 2237 δοκιμῷ
3246 2165 3442 2228 αὐτούς
3503 2187 3595 2222 σοι
3656 2168 3803 2230 ἐκεῖ.

2119 2256 2294 2328 Ἦμᾶς
2345 2251 2402 2309 δὲ
2456 2252 2564 2324 ἤδη
2631 2251 2982 2326 δεδοκίμακεν
3040 2251 3273 2308 ἐνώπιον
3332 2261 3433 2324 τῆς
3495 2256 3800 2331 βασιλείας

2123 2365 2217 2398 σου
2276 2346 2303 2399 ὁ
2335 2345 2485 2413 Θεὸς,
2517 2344 2605 2397 καί
2645 2342 2802 2415 ἐσμὲν
2853 2342 3045 2404 πάντες
3095 2343 3271 2398 ἱκανοὶ
3303 2344 3486 2419 χερσὶ,
3520 2345 3590 2407 ἃς
3658 2348 3798 2422 ὑπὲρ

2120 2434 2290 2503 αὐτῆς
2345 2432 2612 2506 ὁσημέραι
2660 2437 2738 2502 τῷ
2786 2437 2903 2503 Θεῷ
2949 2430 3278 2505 ἐκτείνομεν,
3320 2433 3408 2487 καὶ
3456 2434 3609 2490 οὕτω
3669 2443 3795 2501 τοῖς

2117 2521 2412 2595 πολεμίοις
2443 2523 2517 2585 ὡς
2551 2522 2666 2576 οἷόν
2696 2541 2754 2576 τε
2799 2521 3184 2594 ἀνθιστάμεθα.
3232 2521 3488 2577 Λείπεται
3532 2521 3606 2592 δὴ
3655 2527 3793 2600 ἀγα-

2118 2618 2232 2686 γεῖν
2265 2614 2413 2684 ἡμᾶς
2441 2610 2515 2673 είς
2546 2611 2607 2664 τὸ
2662 2607 2829 2684 ὕδωρ,
2873 2609 2937 2664 οὐ
2987 2607 3224 2682 δοκιμῆς
3264 2612 3452 2686 χάριν,
3485 2611 3624 2667 ἀλλ’
3660 2615 3792 2670 ἀνα-

2117 2701 2346 2776 ψύξεως.
2378 2701 2465 2762 Ὠς
2497 2697 2605 2754 ἔστι
2637 2697 2831 2769 δεινὸν,
2866 2697 3040 2760 ἄλλοις
3087 2699 3185 2771 μὲν
3216 2704 3325 2755 τῶν
3381 2700 3606 2758 πόλεων
3658 2704 3792 2759 ὕδα-

2119 2812 2198 2845 σιν
2257 2789 2499 2852 ἀεννάοις
2550 2786 2980 2863 πλημμύρεσῦαι
3026 2788 3118 2843 καὶ
3165 2788 3424 2844 πλουτεῖν
3477 2791 3544 2845 τὸ
3600 2792 3788 2849 ἐντεῦ-

2117 2882 2203 2935 Θεν
2235 2878 2420 2949 κῦδος,
2451 2879 2542 2935 τὸν
2594 2876 2820 2948 Κύδνον,
2850 2877 2941 2931 τὸν
2970 2873 3238 2952 Θύμϐριν,
3267 2877 3396 2943 τοὺς
3441 2881 3544 2949 τήν
3599 2883 3776 2954 μέσην

2114 2975 2222 3025 τῶν
2255 2973 2521 3042 ποταμῶν
2577 2971 2891 3036 ποιοῦντας,
2923 2965 3011 3021 καὶ
3062 2967 3278 3041 ἑτέρους
3311 2965 3368 3022 δὲ
3399 2967 3781 3044 φιλοπόλιδας

2115 3057 2395 3132 ποταμούς
2430 3075 2443 3089 ⁶
2499 3057 2600 3126 τὴν
2656 3053 2714 3112 δὲ
2770 3056 2868 3126 σὴν
2920 3052 3308 3129 Μεγαλόπολιν
3364 3053 3562 3120 ὕδατος
3618 3060 3773 3134 πενίᾳ

2112 3145 2657 3224 κατασμικρύνεσθαι.

2188 3239 2248 3306 ζ’.
2281 3237 2521 3300 Γενέσθω
2553 3233 2643 3289 καὶ
2691 3235 2817 3310 παρ’
2864 3235 3000 3306 ἡμῖν
3049 3229 3196 3309 ὕδωρ
3245 3238 3410 3289 τοῦτο
3459 3234 3752 3310 βασιλικὸν,

349 3331 548 3402 partes
577 3331 836 3384 nostram
868 3327 1136 3382 dividens
1157 3325 1475 3394 civitatem,
1499 3332 1608 3380 ate
1634 3343 1845 3398 magno
1869 3342 2001 3399 rege

2122 3323 2368 3400 διάνδιχα
2388 3326 2599 3398 τέμνων
2641 3324 2738 3392 τὴν
2790 3326 2908 3388 καθ’
2960 3325 3128 3395 ἡμᾶς,
3178 3322 3268 3377 καί
3299 3344 3384 3377 σοι
3429 3328 3510 3395 τῷ
3541 3323 3762 3398 μεγάλῳ

350 3418 553 3488 majori
578 3419 712 3488 jure
765 3416 1180 3488 cognominata
1229 3431 1408 3486 quam
1466 3415 1760 3485 Choaspes
1804 3433 1838 3470 a
1869 3432 1999 3487 rege

348 3507 678 3570 Persarum,
711 3521 885 3576 quem
911 3510 1112 3572 potum
1138 3510 1195 3558 et
1217 3520 1432 3575 aquam
1464 3504 1689 3574 regales
1722 3509 1886 3560 vetus
1915 3505 1999 3560 di-

346 3599 506 3650 ctum
542 3610 671 3651 vere
726 3592 1061 3664 appellavit.
1118 3592 1234 3647 Hoc
1292 3593 1444 3647 enim
1490 3597 1549 3646 tu
1611 3595 1896 3648 concedes
1941 3597 1999 3650 et

347 3683 582 3755 pietatis
638 3689 749 3736 tuae
803 3682 1080 3753 abyssum
1144 3681 1429 3752 profluere
1489 3683 1664 3737 facies
1725 3682 1784 3736 iu
1843 3699 1996 3738 sem-

291 3792 300 3804 ·
347 3774 663 3844 piternum.
707 3775 990 3827 Castorum
1045 3773 1141 3827 ille
1175 3771 1410 3839 ﬂuvius,
1443 3790 1474 3827 o
1524 3773 1862 3843 imperator,
1901 3789 1996 3828 no-

342 3879 472 3919 men
504 3863 729 3934 accepit
751 3863 905 3934 quod
932 3862 1062 3931 ejus
1084 3877 1295 3932 aquam
1328 3862 1533 3916 bibens
1556 3864 1853 3932 gaudebat
1876 3879 1992 3929 rex,

338 3952 466 4023 ipse
496 3958 692 4008 autem
753 3950 895 4006 nihil
961 3952 1030 4005 de
1079 3968 1251 4006 amne
1305 3951 1546 4006 curavit.
1588 3953 1726 4006 Ecce
1783 3952 1997 4008 clama-

338 4041 527 4098 bimus
558 4047 614 4096 et
647 4058 750 4096 nos
782 4057 914 4095 cum
948 4039 1070 4094 Elia
1113 4040 1180 4094 ad
1236 4041 1601 4111 mujestatcm
1652 4046 1813 4095 tuam
1848 4058 1992 4112 pau-

336 4130 525 4186 lulum
557 4130 974 4185 immutantes:
1044 4153 1062 4177 -
1133 4129 1284 4183 Vivit
1335 4129 1620 4184 Dominus
1652 4129 1701 4184 si
1761 4131 1868 4185 erit
1903 4130 1992 4186 his

334 4221 505 4276 annis
536 4237 701 4291 aqua;
751 4217 1006 4291 guttula,
1043 4217 1155 4274 nisi
1201 4220 1372 4287 juxta
1402 4219 1576 4272 verba
1624 4218 1744 4272 oris
1779 4220 1858 4273 tui
1885 4220 1905 4253 ²
1961 4240 1990 4270 ››

331 4311 517 4381 Aquo
567 4311 807 4363 verbum
866 4308 1090 4376 emitte,
1153 4311 1227 4375 et,
1265 4312 1437 4378 prout
1499 4309 1718 4362 diceret
1769 4308 1988 4364 David:

332 4419 352 4445 α
393 4397 600 4453 Fluent
630 4414 796 4468 aquas
821 4399 864 4451 ³.
905 4418 931 4445 »

2115 3413 2330 3491 βασιλεῖ
2377 3413 2856 3487 ἐπονομαζόμενον
2910 3410 3237 3486 οῗκειότερον
3271 3411 3414 3487 ἥπερ
3445 3414 3474 3467 ὁ
3506 3413 3768 3484 Χοίσπης

2105 3509 2186 3576 τῷ
2213 3509 2319 3559 τῶν
2367 3507 2608 3578 Περσῶν,
2641 3503 2669 3556 ὃ
2720 3499 2786 3570 δὴ
2843 3499 3125 3578 βασιλικὸν
3153 3500 3244 3556 καὶ
3292 3503 3460 3557 ποτὸν
3493 3503 3582 3557 καὶ
3621 3501 3772 3582 ὕδωρ

2109 3593 2136 3647 ὁ
2167 3592 2402 3654 παλαιὸς
2441 3591 2606 3666 λόγος
2662 3589 2844 3660 ἀληθῆ
2895 3589 3066 3666 λέγων
3123 3589 3390 3662 ὠνόμαζε.
3441 3596 3620 3646 Τοῦτο
3675 3593 3773 3666 μὶν

2105 3682 2205 3758 γὰρ
2267 3681 2328 3735 σὺ
2367 3683 2616 3750 ποιήσεις
2649 3722 2662 3746 ,
2721 3680 2812 3734 καὶ
2867 3681 2900 3749 ἠ
2961 3680 3057 3733 τοῦ
3115 3677 3304 3741 ἐλέους
3359 3674 3597 3743 ἄϐυσσος
3657 3682 3783 3736 ἀνα-

2108 3771 2382 3844 στομώσει
2432 3769 2714 3846 προῤῥέειν
2763 3768 2893 3824 αὐτὸ
2941 3768 3020 3833 εἷς
3068 3769 3131 3822 τὸ
3169 3765 3432 3838 διηνεκές.
3464 3773 3687 3826 Ἐκεῖνο
3722 3769 3782 3826 δὲ

2107 3856 2316 3929 ἄλλως,
2348 3857 2392 3912 ὦ
2449 3857 2700 3932 βασιλεῦ,
2758 3856 3091 3934 ἐπεγράφετο
3153 3860 3236 3920 οἷς
3287 3855 3504 3933 ἔχαιρεν
3559 3858 3780 3922 ἐκεῖνος

2103 3948 2359 4003 τοιούτου
2418 3947 2583 4002 πίνων
2639 3944 2837 4008 ὕδατος
2871 3989 2884 4015 ,
2949 3943 3120 4019 μηδὲν
3181 3945 3341 4008 αὐτὸς
3397 3951 3474 4018 τῷ
3536 3946 3778 4021 ῥεύματι

2101 4033 2601 4111 ξυμϐαλλόμενος.
2664 4036 2961 4112 Κράξομεν,
3023 4033 3164 4106 ἰδοὺ,
3229 4035 3365 4107 μετὰ
3420 4033 3616 4090 Ἠλίου
3680 4038 3778 4093 καὶ

2103 4130 2268 4199 ἡμεῖς
2321 4130 2389 4201 τῇ
2450 4123 2702 4199 βασιλείᾳ
2760 4145 2877 4191 σου,
2941 4124 3135 4200 μικρὸν
3198 4123 3628 4196 ὑπαλλάξαντες’
3696 4132 3779 4202 Ζῇ

2101 4216 2340 4292 Κύριος,
2401 4215 2448 4270 εἶ
2505 4209 2651 4269 ἔσται
2708 4213 2775 4268 τὰ
2849 4211 2942 4283 ἔτη
3010 4216 3180 4268 ταῦτα
3238 4210 3434 4275 ὕδατος
3492 4214 3718 4290 σταγὼν
3759 4259 3777 4286 ,

2102 4305 2150 4360 εἴ
2207 4307 2282 4379 μὴ
2345 4301 2433 4359 διὰ
2491 4303 2661 4379 λόγου
2697 4302 2966 4376 στόματός
3026 4323 3143 4357 σου.
3191 4303 3288 4359 Ἐκ
3337 4301 3538 4357 τούτου
3592 4301 3773 4380 λόγον

2097 4393 2503 4469 ἐξαπόστειλον,
2549 4392 2637 4448 καὶ
2685 4387 2874 4467 (Δαϐὶδ
2926 4390 2986 4446 ἃν
3037 4387 3206 4464 εἴποι)
3259 4390 3516 4468 ρυήσεται
3567 4390 3778 4465 ὕδατα,

401 4612 417 4646 ³
448 4609 666 4681 Judic.,
698 4627 794 4678 vu,
827 4611 880 4666 4.
959 4611 979 4644 ²
1012 4611 1086 4665 ΙΙΙ
1121 4611 1258 4682 Reg.
1291 4627 1429 4677 xvn,
1465 4613 1513 4665 1.
1591 4613 1612 4645 3
1649 4611 1800 4668 Psal.
1833 4628 2036 4680 chvn,
2070 4613 2156 4668 18.
