4060 6430
314 429 432 490 937

1224 419 1669 482 ALLOCUTIO
1715 420 1820 478 AD
1871 418 2314 481 MANUELEM
2359 421 2829 483 COMNENUM.

3610 423 3730 484 938

314 555 632 631 στωμυλίαν
703 555 780 615 εἰς
856 552 1044 627 εὐγενῆ
1135 548 1404 624 λαμυρίαν
1485 548 1802 621 μετέθηκας,
1881 550 1968 603 καὶ
2003 562 2043 624 Α

2141 569 2189 608 νο
2222 554 2436 608 forensi
2460 553 2734 609 facundia
2763 555 2976 625 aptasti
3013 554 3155 608 mihi
3186 555 3475 610 sermonis
3506 555 3734 628 elegan-

317 647 485 721 γῆθεν
529 638 807 698 λαλοῦντά
834 654 908 713 με
950 639 1086 714 πρὸς
1137 636 1405 711 μετέωρον
1468 636 1724 711 ὕψωσας·
1774 637 1865 691 καὶ
1919 636 1984 690 τὸ

314 732 366 788 ἐν
411 731 541 807 ἐμοὶ
585 731 808 806 χθόνιον
856 732 955 783 τοῦ
983 728 1193 804 Ἑρμοῦ
1241 727 1522 802 πτερώσας
1557 729 1672 781 οἷον
1736 724 1982 800 οὐράνω-

318 843 435 893 σας,
467 819 558 875 καὶ
589 817 842 894 γλῶσσάν
882 838 976 890 μοι
1034 814 1381 892 μογγιλάλον
1442 811 1808 890 διήρθρωσας,
1849 811 1986 886 μᾶλ-

319 910 415 967 λον
453 909 549 983 μὲν
578 905 670 963 οὗν
723 903 1005 967 παντελῶς
1060 908 1293 980 σιγῶσαν
1344 902 1666 978 ἐτριιὶνωσας⁸
1717 903 1808 958 καὶ
1867 901 1984 957 ἀντὶ

322 998 614 1072 ὀνόματος,
649 996 711 1051 οὗ
746 993 994 1070 μετέχειν
1023 993 1298 1064 ἀξιοῦνται
1338 993 1429 1046 καὶ
1464 991 1658 1068 μικρόν
1701 1013 1753 1046 τι
1805 1012 1982 1068 γραμ-

325 1088 508 1163 μάτων
551 1085 844 1161 γευόμενοι
898 1081 1200 1158 ἆνθρωποι,
1261 1077 1433 1154 ὄνομα
1495 1079 1691 1136 έκτίσω
1777 1101 1870 1153 μοι
1921 1079 1984 1133 τὸ

321 1182 439 1242 τοῖς
462 1176 577 1232 κατ’
607 1174 704 1248 ἐμὲ
736 1173 868 1248 ὑπὲρ
902 1172 1043 1227 ἅπαν
1079 1169 1407 1247 κρινόμενον
1431 1165 1628 1243 ὄνομα.

396 1373 466 1448 γ’.
501 1369 601 1426 Καὶ
635 1367 782 1423 οὕτω
825 1366 920 1440 μέν
971 1365 1202 1438 ἐμαυτὸν
1250 1361 1545 1420 ἐδικαίωσα
1596 1365 1671 1436 μὴ
1733 1363 1986 1418 ἄπενιαω

324 1461 489 1530 τίζειν
539 1459 639 1522 τὰς
697 1455 916 1524 λαλιὰς,
963 1453 1109 1511 ἀλλὰ
1157 1453 1484 1530 συχνότεραν
1527 1454 1869 1531 φθέγγεσθαι,
1897 1450 1987 1506 καὶ

328 1551 425 1612 τὰς
509 1545 796 1624 βασιλικὰς
874 1544 1148 1619 ἀριστείας
1232 1547 1596 1618 περικροτεῖν.
1654 1541 1725 1596 Τὸ
1805 1537 1864 1595 δέ
1931 1560 1990 1614 γε

333 1637 638 1712 παρεστὼς,
669 1635 724 1690 τί
765 1633 823 1688 ἂν
883 1630 1006 1709 ἔχοι
1061 1631 1247 1709 ῥήτωρ
1287 1633 1384 1700 τήν
1444 1627 1683 1707 γραφίδα
1738 1629 1831 1702 μὲν
1892 1629 1991 1682 ὅσα

334 1726 426 1782 καὶ
463 1723 648 1802 βέλος,
681 1722 772 1778 καὶ
804 1722 1086 1801 φαρμάξας
1132 1719 1347 1794 μέλανι,
1378 1718 1469 1774 καὶ
1523 1723 1644 1780 τοῖς
1699 1713 1992 1794 βαρϐάροις

341 1815 619 1892 ἐπαφιέναι
667 1808 1008 1887 καραδοκῶν,
1052 1809 1142 1864 καὶ
1203 1807 1424 1884 βάπτειν
1479 1806 1555 1869 εἷς
1606 1804 1830 1881 α’ίματα,
1881 1806 1994 1861 εἶτα

341 1901 399 1959 δὲ
433 1901 652 1977 βλέπων
704 1898 936 1962 έκείνους
979 1897 1163 1974 ἡρέμα
1203 1898 1562 1966 πτήσσοντας,
1593 1894 1684 1950 καὶ
1734 1895 1796 1950 οὐ
1850 1915 1990 1971 προ-

339 1991 715 2064 καλουμένους
774 1988 838 2043 τὸ
897 1984 1233 2062 βάλλεσθαι;
1283 1987 1351 2042 Ἥ
1413 1983 1628 2047 πάντως
1688 1983 1880 2060 ἀγάγοι
1929 1981 1989 2037 ἂν

346 2080 437 2136 διὰ
467 2079 742 2152 θαύματος
769 2078 868 2146 τήν
915 2075 1206 2151 βασιλικήν
1258 2070 1562 2150 εὐανδρίαν,
1595 2070 1664 2128 δι’
1710 2075 1776 2142 ἧς
1824 2076 1993 2128 ταῦτα

350 2169 581 2246 ἐγένετο·
626 2165 696 2222 δι’
743 2167 804 2236 ἣν
852 2165 1032 2233 σκάζει
1083 2164 1178 2236 μὲν
1227 2168 1344 2224 τοῖς
1413 2160 1704 2236 πολεμίοις
1765 2161 1990 2236 μηχανὴ

396 2265 421 2274 ”
554 2257 577 2278 ”
643 2252 668 2274 ”
1011 2252 1024 2272 ’
1143 2248 1243 2306 λλ¹
1285 2247 1342 2306 δὲ
1443 2252 1452 2267 ’
1668 2247 1741 2305 ’6‘
1831 2250 1859 2304 6

352 2279 498 2314 πασα
527 2277 604 2319 εις
639 2275 936 2331 απρακτον,
969 2273 1031 2308 ου
1065 2273 1135 2307 πο
1222 2272 1254 2306 α
1391 2271 1584 2324 καμνει
1629 2272 1689 2306 ου
1729 2271 1753 2305 ε
1798 2271 1826 2304 τ
1899 2251 1994 2326 βα-

348 2346 560 2403 σιλικὸν
611 2343 840 2405 ἐκείνοις
916 2339 1442 2413 ἀντιπαλαμώμενον
1522 2341 1848 2415 στράτευμα,
1905 2339 1996 2393 καὶ

344 2437 409 2492 τὸ
457 2434 747 2512 ῥητορικὸν
790 2429 850 2486 δὲ
897 2427 989 2486 διὰ
1036 2433 1204 2484 ταῦτα
1233 2433 1513 2507 γραφεῖον,
1541 2427 1605 2483 τό
1635 2449 1696 2505 γε
1739 2428 1813 2490 εἱς
1867 2427 1998 2483 ἐκεί-

340 2545 465 2586 νους
495 2525 652 2593 ἧκον,
688 2524 906 2596 ναρκοῖ.

2023 1946 2068 2010 Β

429 2629 492 2689 δ’.
525 2632 592 2684 Ὢ
625 2625 917 2704 βασιλικῆς
966 2625 1386 2700 κραταιότητος,
1420 2621 1489 2679 δι’
1518 2625 1584 2695 ἧς
1632 2625 1769 2696 ἡμῖν
1808 2622 2005 2699 ἀγαθὸν

353 2719 819 2794 καταπέπρακται.
880 2716 946 2770 Ὠ
1003 2711 1354 2790 παγγάληνον
1432 2710 1526 2788 ἔαρ
1605 2710 1904 2788 βασιλείας,
1952 2709 2004 2767 ἐν

360 2811 407 2882 ᾧ
437 2812 540 2864 πᾶν
573 2805 773 2882 ἀγαθὸν
806 2803 1095 2875 ἐξήνθησεν
1141 2803 1416 2877 κάρπιμον
1468 2801 1548 2875 (τὸ
1606 2801 1657 2871 ἐξ
1706 2800 1880 2876 ἀέρων
1903 2819 1915 2832 ⁸
1947 2799 2009 2855 τὸ

363 2898 422 2954 ὲκ
478 2895 799 2965 θαλάσσης⁶
849 2893 918 2947 τὰ
972 2891 1031 2946 ἐκ
1076 2897 1213 2965 γῆς·
1273 2890 1365 2946 καὶ
1419 2891 1482 2945 τὸ
1539 2887 1668 2945 ὅλον
1725 2889 1895 2944 εἰπεῖν
1944 2888 2014 2944 τὰ

367 2985 674 3058 πάντοθεν),
732 2981 824 3037 καὶ
878 2981 906 3035 6
982 2973 1362 3052 παμϐασιλεὺς
1417 2979 1629 3048 Ἰησοῦς
1706 2979 1843 3032 κατὰ
1916 2981 2014 3032 τοῦ

367 3072 720 3148 παλαμναίου
767 3069 992 3126 αἰωνίου
1041 3069 1268 3134 θανάτου
1314 3067 1376 3122 τὸ
1435 3068 1704 3142 πάμμεγα
1753 3066 2015 3143 τρόπαιον

370 3165 578 3235 ἔστησε.
616 3162 686 3217 Σὲ
717 3158 795 3230 δὲ,
830 3161 875 3215 ὧ
915 3163 1085 3232 σῶτερ
1143 3157 1389 3234 βασιλεῦ,
1425 3155 1770 3232 θαρρούντως
1820 3155 1878 3210 ἃν
1937 3153 2017 3210 εἷ’-

367 3274 534 3328 ποιμι
583 3249 909 3314 ὁπλίσασθαι
959 3247 1096 3303 κατὰ
1164 3250 1262 3301 τοῦ
1323 3243 1687 3322 βροτολοιγοῦ
1741 3243 2014 3318 πολέμου,

2092 642 2256 710 tiam,
2299 647 2355 696 et
2386 659 2476 698 me
2503 642 2810 698 humiliter
2860 642 3197 714 loquentem
3260 643 3316 698 in
3351 643 3536 699 altum
3569 649 3732 700 extu-

2093 728 2215 785 listi
2265 749 2279 800 ;
2339 733 2494 803 quod
2554 732 2612 786 in
2660 749 2752 786 me
2809 736 3111 788 terrenum
3165 736 3310 798 erat,
3368 749 3548 803 super
3611 732 3736 790 alas

2091 821 2359 874 Mercurii
2393 821 2675 888 exultans,
2719 820 2954 876 caeleste
2983 821 3198 888 fecisti,
3231 825 3288 876 et
3320 821 3584 892 linguam
3617 827 3737 878 tar-

2095 908 2231 962 dam
2263 908 2536 980 depolisti
2559 913 2616 964 et
2643 925 2776 965 vero
2815 909 3024 965 infanti
3055 909 3334 980 loquendi
3391 913 3738 980 potestatem

2095 996 2332 1064 dedisti,
2365 1007 2419 1052 et
2451 1016 2550 1070 pro
2586 999 2824 1054 nomine
2881 999 2953 1054 de
3011 1014 3126 1068 quo
3168 1014 3372 1053 curare
3427 998 3743 1070 dignantur

2094 1084 2533 1156 aliquantulum
2561 1086 2671 1142 viri
2703 1086 2914 1142 litteris
2966 1087 3298 1152 studentes,
3345 1102 3560 1142 nomen
3594 1086 3743 1142 mihi

2093 1173 2390 1246 protulisti
2421 1192 2599 1247 super
2626 1192 2799 1231 omne
2813 1192 3021 1232 nomen
3043 1177 3114 1232 ab
3129 1175 3212 1232 eis
3230 1175 3332 1247 qui
3362 1191 3457 1231 me
3485 1175 3744 1232 circum-

2095 1264 2239 1318 dant
2261 1263 2620 1334 judicatum.

2166 1370 2219 1425 3.
2255 1370 2340 1425 Ita
2371 1375 2590 1426 memet
2611 1369 2874 1441 judicavi
2913 1372 3126 1427 debere
3163 1387 3276 1426 non
3304 1370 3412 1426 hoc
3469 1388 3623 1428 anno
3654 1374 3748 1426 ta-

2097 1473 2250 1528 cere,
2284 1459 2382 1512 sed
2415 1459 2711 1529 copiosius
2740 1458 2958 1529 alloqui
2991 1459 3581 1531 regiaquedivulgare
3605 1459 3747 1514 faci-

2099 1563 2261 1602 nora.
2297 1547 2359 1602 In
2390 1547 2862 1618 praesentiarum,
2883 1548 3022 1618 quid
3059 1549 3273 1603 faceret
3302 1553 3499 1604 orator
3528 1547 3748 1617 stylum

2101 1653 2278 1691 manu
2311 1636 2483 1707 quasi
2505 1635 2775 1708 jaculum
2796 1641 3375 1704 tenens,atramento
3401 1654 3504 1708 pro
3525 1651 3748 1692 veneno

2099 1724 2405 1791 infectum,
2442 1730 2684 1797 paratus
2715 1726 2786 1780 ad
2820 1725 3207 1795 injiciendum
3263 1725 3522 1782 inimicis
3583 1733 3636 1780 et
3690 1725 3748 1778 in

2103 1830 2303 1870 eorum
2330 1830 2535 1870 cruore
2562 1813 3039 1885 immergendum
3069 1831 3081 1880 ;
3116 1814 3212 1882 qui
3263 1815 3438 1869 modo
3480 1813 3614 1869 illos
3644 1813 3748 1868 ob-

2102 1906 2407 1974 stupentes
2436 1907 2721 1966 cerneret,
2753 1905 2810 1957 et
2830 1919 2944 1956 non
2960 1905 3304 1972 provocatos
3332 1903 3527 1972 fugam
3547 1916 3751 1972 capes-

2099 2009 2227 2048 sere
2245 1993 2272 2046 ?
2303 1991 2556 2048 Omnino
2575 1997 2668 2047 stu
2679 1992 2929 2062 pendam
2951 1991 3504 2046 redderetvirtutem
3529 1990 3751 2062 regiam

2102 2097 2204 2152 per
2234 2097 2412 2153 quam
2443 2080 2564 2135 haec
2593 2080 2748 2135 facta
2777 2084 2939 2150 sunt,
2967 2096 3070 2151 per
3101 2097 3276 2151 quam
3296 2080 3590 2135 claudicat
3621 2078 3752 2134 irri-

2102 2175 2282 2241 taque
2311 2169 2504 2224 evadit
2524 2169 2719 2224 omnis
2741 2167 3006 2224 hostium
3043 2168 3302 2237 solertia,
3349 2168 3561 2240 regalis
3617 2183 3753 2223 vero

2105 2258 2394 2314 exercitus
2425 2257 2544 2314 illis
2577 2258 2887 2313 obluctans
2945 2257 3106 2312 nullo
3161 2259 3334 2313 modo
3395 2257 3644 2325 laborat,
3694 2258 3754 2310 et

2109 2364 2243 2404 mox
2273 2352 2580 2420 prOpterea
2608 2347 2735 2419 ipse
2763 2347 3012 2402 oratoris
3062 2346 3272 2418 stylus,
3315 2346 3526 2403 saltem
3581 2348 3756 2418 prout

2109 2440 2316 2493 contra
2345 2435 2714 2492 adversarios
2744 2434 3030 2504 vibratur,
3053 2439 3270 2507 torpet.

2191 2633 2242 2688 4.
2277 2631 2558 2705 Oregalis
2583 2633 2794 2698 virtus,
2827 2648 2931 2703 per
2986 2647 3162 2702 quam
3225 2629 3398 2686 nobis
3456 2630 3615 2685 bona
3661 2645 3766 2700 pa-

2121 2726 2274 2777 trata
2314 2725 2454 2776 sunt
2488 2720 2500 2774 l
2535 2721 2578 2776 Ο
2627 2720 3071 2776 serenissimum
3129 2735 3228 2775 ver
3285 2718 3452 2788 regiae
3511 2723 3772 2790 potesta-

2120 2811 2218 2877 tis,
2281 2810 2341 2864 in
2392 2826 2506 2880 quo
2566 2809 2767 2864 floruit
2823 2810 2978 2864 bona
3036 2807 3228 2864 omnis
3269 2808 3444 2863 arbor
3472 2806 3775 2862 fructifera

2125 2899 2271 2969 (sive
2299 2915 2369 2954 ex
2415 2914 2570 2964 aere,
2626 2897 2746 2954 sive
2803 2914 2873 2953 ex
2929 2895 3097 2966 mari,
3154 2897 3273 2952 sive
3320 2912 3389 2950 ex
3447 2901 3622 2962 terra,
3675 2910 3781 2950 seu

2132 3004 2249 3044 uno
2280 2987 2454 3042 verbo
2486 3003 2554 3042 ex
2585 3002 2941 3057 quacunque
2988 2985 3194 3057 parte),
3249 2989 3308 3040 et
3364 3001 3463 3040 rex
3509 2983 3779 3039 omnium

2130 3080 2304 3132 Jesus
2335 3077 2618 3132 adversus
2675 3074 3060 3146 sanguineam
3094 3079 3490 3146 aeternamque
3531 3077 3781 3128 mortem

2133 3165 2505 3237 splendidum
2539 3171 2823 3236 tropieum
2854 3163 3070 3219 erexit!
3102 3164 3183 3218 Te
3213 3179 3368 3232 vero,
3420 3179 3452 3217 ο
3515 3161 3785 3217 salutifer

2137 3255 2474 3326 imperator,
2506 3255 2784 3309 audacter
2807 3253 3062 3307 dicerem
3112 3256 3315 3306 contra
3362 3249 3510 3305 illud
3569 3249 3788 3305 bellum

377 3306 435 3310 ⁷⁷-
452 3306 529 3328 ’τῃ
623 3306 630 3308 ’
829 3306 848 3314 "
1323 3306 1332 3322 Ι
1360 3306 1370 3320 Ι
1602 3306 1614 3321 ο
1889 3306 1900 3318 ι
2000 3306 2013 3315 ι

369 3343 460 3399 καὶ
515 3341 578 3397 τὸ
637 3339 937 3412 θανάσιμον
984 3341 1147 3392 τοῦτο
1207 3335 1370 3390 κακὸν
1446 3333 1594 3389 κάτω
1674 3333 1880 3408 βαλεῖν.
1928 3332 2026 3388 Καὶ

2857 3306 3188 3395 dimicasse
3233 3339 3647 3409 letiferumque
3680 3339 3793 3394 hoc

382 3437 472 3488 v5v
505 3431 567 3487 τὸ
616 3430 856 3499 ὑπήκοον
911 3427 1048 3482 ἅπαν
1107 3424 1319 3495 εὐζωεῖ,
1350 3424 1442 3479 καὶ
1502 3424 1878 3498 κατακροαίνει
1935 3419 2032 3476 τοῦ

381 3519 654 3594 πολέμου,
688 3517 771 3573 ὅτι
802 3516 893 3572 καὶ
922 3521 1031 3571 τῶν
1084 3512 1392 3588 πολεμίων,
1423 3513 1512 3568 καὶ
1562 3512 1835 3588 εἷθρηναῖον
1886 3533 2038 3587 σκιρ-

386 3615 474 3682 τᾷ.
509 3609 608 3664 Καὶ
639 3611 674 3677 ἡ
712 3607 804 3680 μέν
855 3605 1012 3684 φύσις
1063 3605 1188 3680 ἄτερ
1237 3598 1417 3678 ὄχλου
1461 3599 1577 3678 ἄγει
1632 3603 1720 3657 καὶ
1781 3600 2038 3679 τελεσφο-

387 3704 492 3771 ρεῖ,
523 3697 615 3752 καὶ
667 3695 730 3751 τὸ
777 3695 880 3749 πὰν
920 3691 1194 3762 αὐξάνεται
1241 3691 1332 3746 καὶ
1363 3690 1724 3760 πληθύνεταιο
1755 3691 1783 3745 ὁ
1842 3687 1901 3746 δὲ
1945 3694 2042 3746 τοῦ

395 3789 489 3860 ζῇν
545 3781 920 3858 παρατρώγων
975 3779 1225 3853 πόλεμος
1281 3779 1385 3833 οὐκ
1438 3775 1589 3843 ἐντὸς
1645 3778 1812 3854 ὀργῆς
1876 3779 2044 3851 μένει,

395 3871 523 3930 ἀλλ’
576 3871 630 3926 εἶ’
673 3891 778 3926 που
840 3869 928 3924 καὶ
1007 3867 1148 3924 ἔστιν
1209 3867 1404 3936 εἰπεῖν,
1464 3865 1889 3938 έξωκεανίζεται,
1930 3872 2048 3929 ταῖς

399 3962 683 4040 Ἀρπνίαις
725 3958 924 4031 δοθεὶς,
974 3957 1062 4012 καὶ
1109 3956 1210 4012 οὐκ
1255 3950 1332 4010 ἔτι
1380 3957 1472 4012 τὸν
1508 3963 1608 4026 τῆς
1664 3957 1872 4034 φύσεως
1922 3957 2050 4032 ῥοῦν

404 4053 726 4108 ἀνακόπτειν
782 4047 1179 4123 παρεμπίπτων
1241 4045 1406 4102 ὁποῖά
1475 4066 1560 4108 τις
1634 4043 1789 4110 λίθος
1842 4045 2052 4120 τραχὺς

401 4141 492 4197 καὶ
540 4139 841 4198 ἆτίνακτος’
877 4134 1023 4191 ἀλλά
1067 4134 1487 4209 παραράσσεται,
1538 4131 1750 4206 μᾶλλον
1812 4133 1905 4206 μὲν
1962 4131 2052 4188 οὖν

408 4230 469 4286 έκ
515 4228 682 4304 μέσου
738 4225 1008 4302 πελάγους
1063 4221 1448 4299 παρασύρεται.
1500 4221 1686 4299 Ἀργεῖ
1738 4223 1802 4277 τὸ
1860 4229 2057 4287 Σκυθι-

407 4320 500 4374 κὸν
532 4319 712 4389 τόξον,
762 4315 852 4371 καὶ
911 4316 946 4383 ἠ
976 4313 1140 4389 νευρὰ
1188 4311 1264 4374 εἷς
1296 4311 1448 4366 κενὸν
1498 4313 1785 4384 τεινομένη
1845 4316 2057 4381 κτυπεῖ,

409 4410 497 4464 καὶ
531 4407 668 4484 πρὸς
707 4405 880 4479 μόνην
929 4402 1228 4476 ἀπόπειραν
1271 4399 1638 4476 ρυθμιζομένη
1686 4403 1944 4473 (ποιητὴς
1999 4399 2060 4456 ἃν

412 4494 583 4571 εἷ’ποι)
639 4490 894 4572 χελιδόνι
955 4489 1136 4547 ἴκελον
1191 4489 1491 4567 φθέγγεται.
1551 4489 1645 4551 Εἷς
1705 4489 1924 4566 ἄγαλμα
1974 4489 2064 4545 καὶ

420 4585 582 4660 μόνον
629 4588 748 4645 τοῖς
800 4581 1033 4643 Ἰταλοῖς
1073 4577 1245 4641 τίππος
1294 4579 1676 4657 φριμάσσεται,
1723 4579 1860 4653 πρὸς
1919 4601 2068 4655 γυμ-

2147 3431 2369 3486 malum
2404 3431 2474 3485 ad
2511 3430 2630 3484 ima
2658 3429 2962 3499 dejecisse.
2986 3429 3052 3482 Et
3086 3444 3241 3482 nunc
3297 3425 3502 3481 docilis
3532 3425 3794 3481 mundus

2147 3520 2392 3576 feliciter
2413 3519 2572 3586 vivit,
2630 3523 2688 3573 et
2741 3518 3024 3574 adversus
3056 3517 3282 3572 beIlum
3316 3514 3599 3583 clamitat,
3633 3515 3795 3586 ipso-

2151 3625 2403 3680 rumque
2449 3606 2801 3664 bellatorum
2861 3607 3123 3662 studium
3184 3621 3386 3679 pacem
3447 3604 3690 3676 appetit.
3737 3608 3806 3659 Et

2154 3699 2392 3770 quidem
2428 3702 2638 3752 natura
2670 3697 2795 3752 sine
2847 3694 3105 3752 tumultu
3157 3695 3277 3766 agit
3333 3698 3390 3750 et
3439 3693 3686 3765 perﬁcit,
3751 3697 3810 3748 et

2158 3804 2332 3844 omne
2381 3792 2630 3859 augetur
2668 3802 2892 3842 necnon
2945 3783 3295 3857 completur.
3333 3783 3553 3838 Bellum
3610 3787 3809 3837 autem

2157 3877 2339 3932 vitam
2371 3877 2582 3932 rodens
2613 3892 2730 3930 non
2755 3875 2913 3930 intra
2939 3874 3086 3930 iram
3110 3877 3376 3928 moratur
3401 3889 3415 3940 ;
3439 3872 3564 3937 sed,
3622 3871 3673 3927 si
3731 3871 3814 3926 ita

2161 3967 2296 4022 licet
2329 3966 2514 4037 loqui,
2538 3971 2700 4020 extra
2747 3980 3032 4020 oceanum
3091 3960 3817 4033 transmittitur,l;larpyiis

2164 4056 2472 4123 traditum,
2506 4070 2610 4108 nec
2637 4054 2762 4123 jam
2819 4050 3111 4106 incumbit
3150 4054 3373 4106 natura:
3425 4065 3667 4104 cursum
3730 4050 3817 4104 in-

2166 4145 2557 4209 terscindens,
2583 4158 2743 4197 more
2774 4141 2990 4213 lapidis
3022 4141 3216 4210 gravis
3276 4144 3332 4194 et
3362 4138 3681 4205 immanis;
3717 4137 3815 4192 sed

2168 4234 2458 4306 frangitur
2516 4248 2620 4288 seu
2682 4231 2876 4302 potius
2932 4247 2962 4285 e
3015 4229 3210 4285 medio
3264 4243 3495 4299 aequore
3549 4226 3814 4298 eripitur.

2171 4321 2430 4388 Quiescit
2461 4337 2634 4376 arcus
2684 4318 3013 4392 Scythicus,
3071 4321 3130 4373 et
3181 4333 3393 4372 nervus
3452 4315 3511 4370 in
3564 4331 3815 4371 vacuum

2173 4419 2381 4470 tensus
2433 4410 2664 4476 stridet,
2733 4413 2791 4464 et
2861 4407 3096 4464 nonnisi
3149 4405 3546 4478 experimento
3632 4404 3819 4460 inser-

2175 4502 2340 4558 viens
2368 4498 2608 4570 (diceret
2655 4497 2867 4569 poeta),
2929 4497 3002 4552 ad
3061 4495 3251 4550 instar
3304 4493 3640 4549 hirundinis
3698 4509 3825 4563 per—

2179 4593 2367 4647 sonat.
2403 4593 2464 4642 ln
2507 4585 3005 4643 oblectamentum
3039 4583 3231 4639 solum
3284 4581 3444 4638 Italis
3503 4598 3691 4654 equus
3722 4581 3824 4637 ad-

415 4675 596 4730 νασίοιν
659 4671 1083 4750 φανταζόμενος.
1139 4668 1202 4726 Et
1269 4665 1327 4723 δὲ
1382 4669 1497 4724 κατ’
1554 4667 1819 4740 ἀλλήλων
1877 4669 2043 4727 έκεῖνο

2141 4673 2153 4724 ³
2186 4679 2382 4736 hinnit
2410 4678 2481 4732 ad
2513 4675 2856 4733 exercitium
2888 4674 3204 4730 exhibitas.
3259 4672 3472 4728 Verum
3523 4672 3574 4728 si
3633 4670 3716 4725 illi
3760 4671 3833 4724 de

422 4764 559 4841 πρὸς
615 4759 763 4817 ὅπλα
823 4759 1144 4834 μαίνονται,
1193 4757 1638 4826 ὁπλιζέσθωσαν’
1693 4758 2076 4833 ἀντιπαλαμά-

424 4865 661 4924 σθωσαν,
694 4850 740 4905 εί
795 4847 1110 4924 βούλοιντο,
1150 4847 1237 4902 καὶ
1287 4846 1658 4913 πεπτὼκεσαν,
1699 4847 1772 4909 ὠς
1830 4850 1967 4920 ἡμῖν
2016 4870 2078 4923 γε

432 4941 598 5016 μέλον
630 4944 739 4995 τῶν
769 4938 1035 4992 τοιούτων
1065 4933 1240 4990 οὐδέν.
1273 4936 1345 4992 Ἦ
1403 4935 1510 5010 πρὸ
1540 4932 1722 4989 ποδῶν
1777 4933 1884 5007 ἤδη
1921 4938 2076 5012 βασι-

427 5030 598 5086 λικῶν
661 5029 729 5082 τὰ
777 5025 924 5082 ὅπλα
965 5020 1206 5102 ἔρῥιψαν,
1238 5023 1329 5078 καὶ
1379 5024 1474 5086 τὰς
1532 5023 1712 5098 ψυχὰς
1761 5023 1975 5101 ἐξέχεαν
2027 5026 2078 5081 οὶ

428 5123 529 5189 τῆς
563 5121 767 5194 Ἀγαρ.
825 5113 1005 5171 Ἀλλὰ
1047 5114 1136 5168 καὶ
1183 5112 1397 5174 τούτοις
1446 5115 1480 5182 ἡ
1533 5109 1803 5188 θηριωδία
1871 5113 2081 5179 έτιθασ-

434 5209 620 5280 σεύθη·
654 5206 745 5262 καὶ
793 5203 910 5259 ἆντὶ
951 5203 1108 5274 τόξου
1143 5202 1236 5275 μὲν
1279 5197 1507 5276 ἄροτρον
1561 5200 1743 5264 αὐτοῖς
1790 5205 1925 5275 μετὰ
1969 5210 2087 5279 χεῖ-

437 5319 551 5374 ρας,
580 5297 668 5352 καὶ
702 5297 737 5365 ἡ
771 5301 838 5370 γῆ
871 5293 1008 5366 πρὸς
1039 5290 1278 5352 αὔλακας
1326 5289 1598 5365 σχίζεται·
1631 5291 1743 5346 ἀντὶ
1805 5289 1863 5346 δὲ
1901 5292 2084 5370 ξίφους

440 5383 728 5464 δρέπανον,
757 5382 847 5438 καὶ
889 5381 952 5436 τὸ
1002 5381 1160 5450 λήϊον
1208 5379 1462 5452 τέμνεται
1487 5398 1500 5412 '
1533 5378 1651 5434 ἀντὶ
1693 5377 1868 5436 ’ίππου
1917 5381 2089 5439 πολε-

444 5475 738 5551 μιστηρίου
789 5471 1062 5541 ζεύξαντες
1136 5468 1289 5544 βοῦν,
1335 5465 1612 5544 τρίϐουσιν
1679 5470 1958 5543 ἁμαξιτὸν,
2001 5471 2092 5529 καὶ

445 5566 656 5628 ἅλωνος
727 5559 1174 5628 καθιππάζονται.
1234 5557 1331 5612 Καὶ
1414 5557 1590 5634 ἀφῆκε
1676 5558 1769 5632 μὲν
1843 5560 2091 5636 κατέχειν

2183 4767 2361 4825 armis
2392 4771 2596 4822 contra
2626 4781 2689 4820 se
2721 4763 2967 4819 invicem
3018 4762 3273 4818 ferendis
3334 4761 3657 4828 insaniunt,
3719 4758 3836 4814 bel-

2187 4858 2376 4913 lantor
2404 4873 2418 4923 ;
2443 4855 2667 4926 perﬁda
2685 4858 2890 4908 mutuo
2913 4851 3234 4907 moliantur
3257 4847 3522 4916 consilia,
3556 4847 3606 4903 si
3639 4846 3834 4902 volue-

2190 4947 2330 5014 rint,
2365 4949 2422 5000 et
2447 4944 2805 5015 dispereant,
2839 4941 3159 4996 dummodo
3193 4938 3358 4995 nulla
3390 4937 3468 4994 sit
3506 4937 3676 4993 nobis
3702 4953 3840 5008 pars

2190 5035 2250 5089 in
2283 5033 2458 5089 rebus
2490 5031 2639 5087 istis.
2674 5029 3062 5102 Insuperjam
3095 5045 3290 5084 coram
3351 5025 3528 5098 regiis
3586 5025 3838 5098 pedibus

2192 5138 2357 5178 arma
2413 5120 2776 5191 abjecerunt,
2861 5117 3090 5174 animas
3166 5117 3449 5172 fuderunt
3500 5113 3606 5170 ﬁlii
3663 5117 3837 5186 Agar.

2193 5211 2306 5268 Sed
2335 5215 2614 5266 eteorum
2645 5208 2843 5264 feritas
2875 5205 3277 5263 mansuefacta
3301 5205 3434 5276 fuit,
3467 5207 3524 5260 et
3551 5219 3656 5275 pro
3701 5219 3841 5258 arcu

2196 5304 2456 5356 aratrum
2491 5299 2636 5370 ipsis
2665 5298 2818 5353 inter
2850 5314 3083 5367 manus,
3126 5299 3400 5366 terraque
3451 5293 3630 5349 sulcis
3688 5293 3844 5347 scin-

2197 5390 2396 5456 ditur;
2429 5405 2533 5460 pro
2567 5403 2707 5442 ense
2766 5386 2904 5453 falx,
2965 5403 3082 5458 qua
3139 5387 3503 5440 frumentum
3563 5386 3843 5451 secatur;

2199 5495 2303 5552 pro
2334 5493 2482 5548 equo
2507 5475 2713 5532 bellico
2746 5475 2876 5530 bovi
2920 5475 3136 5546 jugum
3196 5473 3531 5545 imponunt,
3580 5471 3705 5527 vias
3764 5476 3847 5527 te-

2203 5572 2362 5637 runt,
2393 5573 2451 5623 et
2471 5584 2664 5623 aream
2697 5581 2986 5637 equorum
3046 5564 3299 5636 pedibus
3358 5563 3730 5619 conculcant.
3783 5561 3854 5617 Et

443 5653 630 5716 αὐτοῖς
680 5653 708 5707 ὁ
757 5655 933 5722 ’Ἄρης
979 5647 1042 5703 τὸ
1095 5645 1426 5720 μαινόμενον
1480 5647 1665 5719 κακὸν,
1692 5644 1981 5705 τελοῦνται
2041 5680 2043 5694 ι

2206 5655 2455 5714 cessavit
2484 5657 2638 5728 apud
2689 5655 2821 5710 illos
2879 5653 3228 5710 commorari
3261 5653 3439 5723 Mars,
3497 5654 3700 5709 furens
3756 5650 3859 5706 illa

453 5742 751 5821 σωφρόνως
781 5742 850 5814 τῇ
881 5739 1163 5814 Δήμητρι.
1197 5733 1300 5793 Καὶ
1339 5736 1391 5790 οἱ
1422 5734 1594 5792 πάλαι
1619 5735 1741 5792 τότε
1802 5737 1968 5819 μέχρι
2011 5763 2043 5798 κ

2209 5746 2419 5822 pestis,
2453 5746 2554 5804 sed
2587 5744 2885 5820 sapienter
2914 5743 2975 5800 in
3006 5741 3287 5808 honorem
3345 5741 3568 5800 Cereris
3619 5741 3855 5800 cedunt.

765 5871 1038 5934 PATBOL.
1083 5865 1195 5932 Gn.
1240 5864 1530 5932 CXXXV.
3463 5868 3542 5957 3Q
