2030 3180
155 202 214 234 939

543 199 755 233 EUSTATHII
777 200 1159 233 THESSALONIGENSIS
1182 196 1476 231 METitOPOLITJE

1800 196 1872 230 940

157 269 191 297 Et
214 268 266 305 qui
294 267 365 296 olim
394 267 517 303 herique
543 269 630 295 etiam
656 276 707 303 per
729 276 809 296 mare
834 268 966 297 Asianun

1033 266 1076 294 ἐπὶ
1105 265 1222 298 θάλασαν
1246 271 1297 300 τήν
1325 265 1452 299 ’Δσιανήν
1484 264 1698 303 πλατυνόμενοι,
1722 265 1766 292 καὶ
1799 266 1876 302 κρά-

158 314 217 342 late
246 313 394 349 patebant,
428 314 515 348 atque
543 312 724 340 maritimum
751 313 903 348 jactabant
930 313 982 340 im-

158 357 284 394 perium,
305 365 384 384 nunc
405 365 462 384 non
485 358 600 384 tantum
617 365 648 384 se
673 365 689 383 a
713 356 861 385 vicinitate
891 357 980 385 maris

159 404 338 435 amoverant,
349 401 398 428 sed
415 400 502 428 etiam
523 400 653 436 plerique
665 401 812 433 nesciunt,
828 402 884 429 nisi
912 409 980 430 voce

158 446 232 480 sola,
248 454 374 482 isquora,
391 444 527 480 proximis
542 444 605 472 loco
628 445 819 474 habitationis
839 446 869 474 in
882 454 979 474 remo-

158 493 204 518 tas
219 488 396 518 continentis
410 490 502 516 terras
518 489 587 524 fuga
601 489 789 524 emigrantes,
801 499 868 518 cum
883 491 979 526 primo

156 535 276 563 Alexius
291 534 366 561 inter
381 533 572 568 imperatores
586 533 809 562 illustrissimus
824 543 875 563 eos
890 543 978 571 repu-

154 579 248 613 lisset,
264 578 340 606 malo
355 577 455 614 procul
471 578 616 613 ablegato,
631 578 737 606 deinde
764 579 894 608 Joannes
919 583 977 608 tro-

153 625 224 661 pais
238 631 353 651 mersus
367 630 455 658 quem
467 623 584 657 justum
612 625 657 650 est
680 623 758 651 inter
787 624 977 660 imperatores

152 668 292 697 eximium
314 667 427 700 audire,
455 674 505 694 eos
533 666 651 703 longius
685 668 853 704 compulsos
873 669 908 697 de
934 669 975 697 vi-

151 713 226 741 cinis
241 711 397 746 dejecisset
421 710 678 746 possessionibus;
701 712 786 740 tertio
812 721 880 741 cum
912 716 977 749 post

152 758 218 785 illos
232 755 455 792 potentissimus
472 754 639 790 imperator,
663 756 712 790 qui
743 759 850 784 terram
869 766 975 786 oceano

152 802 317 830 facinorum
355 799 455 831 cinxit,
484 799 547 834 ipse
588 799 712 827 validius
759 801 902 829 excitatus
944 803 974 830 in

152 854 202 873 eos
217 844 363 877 irruisset,
381 843 421 870 ita
450 845 481 870 ut
498 851 578 870 mare
604 844 639 870 ab
669 845 742 879 ipsis
755 846 817 880 jam
847 847 974 881 conspici

152 898 212 917 non
241 888 343 924 possit.
368 888 399 914 Et
427 896 461 914 ex
499 887 592 914 tribus
632 888 693 915 istis
724 890 806 924 quasi
839 891 974 919 ﬂuctibus

151 933 227 961 alius
243 932 361 968 quidem
378 931 481 958 avertit
497 940 513 957 ιι
529 931 602 958 mari
626 932 777 960 confusam
796 937 869 966 Agar
884 935 973 962 collu-

148 978 282 1011 vionem;
299 976 374 1004 alius
389 984 455 1003 vero
485 975 555 1002 illud
587 977 681 1011 magis
702 977 869 1013 ablegavit;
901 980 973 1007 alter

147 1024 246 1050 autem
262 1021 361 1057 procul
375 1021 462 1048 avisu
480 1020 628 1055 repulit,ct
639 1022 728 1049 muris
744 1022 878 1050 dominos
890 1024 918 1050 in
931 1024 973 1051 in-

146 1067 225 1094 colas
240 1064 419 1093 continentis
435 1065 627 1099 transposuit,
656 1065 695 1092 ita
724 1068 755 1093 ut
777 1067 902 1094 arduum
933 1069 972 1095 sit

146 1110 254 1138 nostris
271 1109 474 1145 navigantibus
492 1109 593 1136 faciem
612 1110 764 1137 lsmuelitm
779 1112 972 1145 noscore,illis

145 1164 212 1183 vero
227 1163 330 1183 rursus
347 1155 533 1182 rarissimum
550 1162 614 1181 esse
646 1156 736 1182 maris
760 1157 970 1191 spectaculum,

146 1201 203 1228 nisi
220 1200 262 1227 eis
277 1200 327 1235 qui
345 1200 381 1226 ad
397 1198 606 1226 commercium
625 1200 850 1234 peregrinantur
867 1204 894 1228 et
923 1202 969 1237 qui

147 1253 163 1272 a
178 1244 393 1280 campestribus
408 1245 510 1270 emunt
531 1251 649 1278 pascua,
669 1253 718 1278 pro
749 1245 851 1272 bestiis
876 1246 970 1281 pacis-

147 1292 255 1317 centes.
272 1289 307 1316 Et
323 1288 429 1316 multos
448 1288 532 1315 modo
557 1296 706 1315 sermones
723 1289 889 1317 exhauriret
917 1300 970 1318 au-

147 1334 388 1368 ribusjucundos
403 1333 447 1359 vir
462 1332 620 1366 lsmaelita,
633 1334 681 1367 qui
700 1342 778 1360 mare
791 1334 853 1368 jnm
867 1336 968 1363 nescit.

145 1379 188 1406 Tu
217 1378 337 1414 quidem
366 1377 407 1404 sic
430 1376 489 1404 illis
516 1377 660 1404 ﬂuentum
689 1378 849 1405 insolentia:
879 1380 968 1407 inter-

145 1423 261 1458 rupisti,
278 1425 306 1450 et
321 1431 453 1453 sursum,
466 1430 528 1452 seu,
559 1424 590 1448 ut
619 1422 732 1455 dicunt,
764 1424 884 1451 adverso
914 1424 969 1451 ﬂu-

143 1466 223 1495 mine
238 1468 393 1494 ascendere
407 1465 527 1501 coegisti
545 1479 551 1499 ;
565 1465 629 1493 illos
648 1475 712 1493 vero
739 1467 886 1495 demulcet
901 1476 968 1503 spes

143 1511 288 1545 currendi,
315 1514 346 1537 ut
373 1510 465 1542 aiunt,
510 1511 630 1537 adverso
661 1511 793 1544 ﬂumine,
833 1515 861 1539 et
892 1513 967 1540 desi-

143 1556 243 1583 derato
272 1555 413 1591 potiendi.
439 1557 498 1581 Non
525 1555 565 1582 ita
594 1564 674 1588 sane,
701 1556 750 1582 sed
790 1557 896 1591 saepius
926 1557 967 1584 al-

142 1608 210 1628 veos
222 1600 281 1627 illis
293 1599 496 1632 concludis,et
509 1608 609 1626 versus
630 1600 709 1635 ipsos
741 1601 834 1628 fontes
862 1602 888 1628 vi
921 1610 966 1629 re-

1034 321 1081 342 τος
1096 311 1245 348 αὐχοῦντες
1261 308 1409 347 ἀγχίαλον,
1424 311 1469 336 νῦν
1493 309 1547 347 οὐχ
1572 308 1646 340 ὅπως
1668 312 1719 344 τῆς
1743 308 1874 347 αἰγιαλί-

1034 354 1110 386 τιδος
1127 355 1210 391 μόνον
1227 355 1376 392 ἀνήνεγκαν
1393 353 1515 388 ἑαυτοὺς,
1531 353 1595 382 ἀλλ’
1619 352 1681 381 οὐδὲ
1706 352 1813 382 οἷ’δασιν
1839 355 1872 381 οἳ

1035 399 1150 435 πολλοὶ,
1162 399 1203 427 ὅτι
1221 400 1258 435 μὴ
1274 398 1349 436 λόγῳ
1366 399 1453 435 μόνῳ,
1469 399 1519 432 τήν
1539 397 1687 432 θάλασσαν,
1701 402 1752 433 τῆς
1770 407 1869 436 παρα-

1035 443 1097 472 λίου
1112 443 1252 475 κατοικίας
1279 443 1387 481 βαθεῖαν
1410 442 1523 480 ἤπειρον
1548 442 1578 470 ἐκ
1597 446 1685 482 φυγῆς
1703 442 1871 480 ἀλλαξάμε-

1033 499 1086 522 νοι,
1102 489 1136 515 τὰ
1163 490 1258 526 πρῶτα
1272 486 1398 523 Ἀλεξίου
1409 489 1458 515 τοῦ
1486 488 1555 515 πάνυ
1585 487 1611 515 ἐν
1639 486 1795 525 βασιλεῦσιν
1817 487 1871 515 ἐκ-

1032 533 1214 569 κυμανθὲντος
1240 532 1342 567 αὐτοῖς,
1369 532 1413 559 καὶ
1448 533 1479 559 τὸ
1511 533 1594 559 κακὸν
1633 533 1868 571 παρασόραντος·

1034 577 1090 604 εἶτα
1118 579 1166 605 τοῦ
1194 576 1385 614 πελαγίζοντος
1409 579 1468 609 τοῖς
1494 577 1637 615 τροπαίοις
1664 577 1806 614 Ἰωάννου,
1837 578 1870 605 ὃν

1033 623 1111 658 θέμις
1144 621 1171 649 ἐν
1205 621 1361 659 βασιλεῦσιν
1393 621 1502 649 ἀκούειν
1537 620 1683 656 κάλλιστα,
1710 622 1865 659 βαρύτερον

1033 666 1126 694 ἑαυτὸν
1151 665 1370 703 ἐπεξαγαγόντος.
1397 665 1442 693 καὶ
1466 667 1498 693 τὸ
1521 666 1579 693 κατ’
1604 665 1690 694 ἐκεῖνο
1715 666 1760 693 ἐπὶ
1788 665 1868 704 μᾶλ-

1032 710 1080 738 λον
1100 710 1339 741 ἀνασκευάσαντος⁸
1354 709 1448 747 τρίτου
1464 709 1493 737 δὲ
1515 709 1557 737 ἐπ’
1580 709 1691 741 ἰκιίνοις
1713 713 1763 738 τοῦ
1793 721 1865 749 κρα-

1030 755 1122 782 τίστου
1147 754 1290 792 βασιλέως,
1316 755 1345 785 ὃς
1375 757 1409 791 τῇ
1437 754 1585 792 einecne-.9
1617 755 1734 782 ὠκεανὸν
1759 766 1866 794 κατορ-

1032 801 1166 835 θωμάτων
1201 799 1332 837 ἐγύρωσε,
1359 799 1550 836 κραταιότερον
1577 799 1763 835 ὲντινάξαντος
1797 800 1865 828 ἰαυ-

1030 845 1075 871 τὸν
1091 844 1135 871 καὶ
1153 844 1349 881 ἀπαγαγόντος,
1367 845 1403 874 ὡς
1436 843 1532 880 μηκέτι
1556 844 1649 874 αὐτοῖς
1669 844 1784 881 ἐπόψιον
1809 846 1865 881 τήν

1030 888 1163 916 Θάλασσαν
1180 888 1368 925 γίνεσθαι.Καὶ
1398 888 1526 925 κυμάτων
1556 889 1614 915 οἷον
1639 888 1743 916 τούτων
1771 891 1866 926 τριῶν

1029 934 1060 961 τὸ
1091 934 1137 969 μὲν
1170 932 1291 968 διέστησε
1317 935 1368 964 τῆς
1396 932 1533 967 Θαλάσσης
1559 933 1605 960 τὸν
1633 932 1663 960 ἐκ
1695 935 1745 966 τῆς
1770 935 1864 972 ’Ἅγαρ

1029 977 1223 1015 ἀκριτόφυρτον
1255 977 1400 1015 συρφετόν·
1429 977 1460 1004 τὸ
1491 976 1519 1004 δὲ
1546 976 1584 1008 εἷς
1614 976 1699 1005 πλέον
1723 978 1864 1017 ἀφώρισε.

1027 1023 1058 1049 τὸ
1075 1021 1103 1049 δὲ
1118 1022 1161 1048 καὶ
1179 1022 1331 1060 ’ἠράντωο-ε,
1352 1023 1395 1049 καὶ
1413 1022 1470 1048 ἀντὶ
1498 1022 1644 1049 Θαλαττίου
1672 1021 1711 1053 εἷς
1731 1023 1864 1060 ἠπειρώ-

1026 1077 1072 1097 τας
1104 1067 1276 1101 κατέστησεν,
1294 1067 1329 1096 ὡς
1359 1064 1434 1103 ἔργον
1463 1067 1529 1093 εἶναι
1555 1069 1612 1097 τοῖς
1628 1067 1688 1094 καθ’
1702 1068 1776 1103 ἡμᾶς
1809 1068 1862 1095 θα-

1028 1110 1200 1138 λαττεύουσι-ιν
1238 1110 1334 1137 εἰδέναι
1363 1108 1422 1147 ὄψιν
1452 1109 1653 1147 Ἰσμαηλίτιδα,
1683 1110 1797 1143 ἐκείνοις
1829 1111 1863 1140 δι

1028 1155 1102 1186 αὖθις
1131 1155 1313 1182 σπανιώτατον
1344 1155 1409 1182 εἶναι
1440 1155 1581 1192 Θεαμάτων
1619 1156 1669 1191 τὴν
1705 1155 1861 1193 θάλασσαν,

1026 1199 1099 1234 πλὴν
1127 1199 1184 1226 ὅσοι
1210 1200 1268 1226 κατ’
1288 1199 1420 1236 ἐμπορίαν
1446 1210 1498 1226 που
1525 1199 1696 1235 στέλλονται,
1718 1201 1763 1228 καὶ
1794 1201 1859 1230 ὅσοι

1025 1244 1071 1273 τὰς
1103 1242 1132 1270 ὲκ
1154 1245 1208 1269 τῶν
1233 1241 1367 1269 πεδιάδων
1404 1242 1535 1269 ὠνοῦνται
1560 1243 1660 1278 νομὰς,
1684 1246 1742 1274 τοῖς
1773 1244 1860 1278 ζώοις

1027 1286 1203 1314 ὑπόσπονδοι.
1222 1288 1271 1315 Καὶ
1299 1286 1423 1317 πολλοὺς
1453 1286 1482 1313 ἂν
1507 1286 1567 1325 ἄρτι
1597 1286 1697 1325 λόγους
1723 1287 1858 1326 ἀναλώσῃ

1024 1332 1092 1367 πρὸς
1121 1332 1225 1369 τρυφὴν
1255 1331 1338 1365 ἀκοῆς
1376 1331 1441 1367 ἀνὴρ
1479 1330 1668 1368 Ἰσμαηλίτης,
1698 1332 1859 1370 ἀρτιμαθὴς

1025 1375 1160 1410 θαλάσσης
1176 1376 1332 1412 γενόμενος.
1350 1375 1387 1402 Σὺ
1401 1375 1428 1403 δὲ
1449 1375 1519 1402 οὕτω
1537 1375 1584 1411 μὶν
1601 1375 1694 1407 αὐτοῖς
1709 1375 1740 1403 τὸ
1766 1376 1858 1414 ῥεῦμα

1022 1422 1072 1447 τοῦ
1095 1421 1208 1457 θράσους
1243 1419 1385 1456 ἀνέκοψας,
1415 1420 1459 1446 καὶ
1495 1419 1532 1450 εἷς
1564 1419 1696 1458 ἀνάῥρουν
1727 1419 1858 1458 ἔτρεψας,

1023 1464 1067 1491 καὶ
1083 1465 1107 1501 (ὃ
1124 1464 1156 1498 δή
1171 1464 1288 1501 λέγεται)
1311 1464 1366 1491 ἄνω
1383 1466 1525 1500 ποταμῶν·
1546 1463 1698 1491 ὑποθάλπιι
1728 1463 1759 1492 δὲ
1786 1465 1858 1493 τού-

1023 1520 1085 1539 τους
1115 1509 1193 1539 ἐλπὶς
1220 1507 1342 1546 δραμεῖν,
1359 1509 1373 1535 ὃ
1390 1519 1463 1546 caci,
1480 1509 1546 1535 κατὰ
1571 1508 1653 1546 ῥοῶν,
1670 1509 1715 1536 καὶ
1744 1509 1856 1547 συμμί-

1023 1554 1062 1588 ξαι
1081 1553 1119 1583 εἷς
1138 1554 1169 1580 τὸ
1198 1553 1377 1589 ποΟοΒμενον.
1406 1551 1556 1589 Οὕμενουν·
1573 1552 1647 1580 ἀλλὰ
1674 1554 1762 1591 συχνᾶ
1788 1554 1854 1586 τοὺς

1024 1598 1138 1635 ὀχετοὺς
1153 1598 1314 1635 ἐμφράττεις
1339 1597 1442 1632 αὐτοῖς,
1459 1598 1501 1624 καὶ
1536 1597 1615 1635 βιάζῃ
1631 1598 1676 1625 καὶ
1703 1597 1742 1630 εἷς
1769 1598 1847 1629 αὖρά(

142 1644 241 1679 pellis.
258 1644 335 1672 Nihil
363 1644 516 1679 impediret
544 1644 614 1679 quin
641 1644 698 1671 haec
728 1644 784 1671 cito
810 1645 880 1672 ﬂant
910 1646 966 1673 nisi

1023 1642 1068 1673 τὰς
1094 1642 1191 1679 πηγάς,
1220 1641 1339 1669 Ἐκώλυε
1366 1640 1393 1669 δὲ
1423 1640 1499 1668 οὐδὲν
1528 1642 1572 1668 καὶ
1602 1642 1673 1679 ταχὺ
1700 1645 1781 1670 τοῦτο
1805 1653 1847 1680 τι·

145 1691 181 1718 ab
198 1690 320 1726 antiquo
335 1692 466 1725 tempore
483 1690 596 1716 fervens
612 1689 724 1716 malum
741 1690 776 1717 ub
806 1690 873 1718 altis
902 1700 967 1719 ενι]-

145 1735 237 1770 pisset
252 1733 378 1770 abyssis,
394 1736 422 1761 et
437 1733 544 1761 ﬂuctus
569 1733 625 1761 late
649 1733 775 1761 dillusus
801 1737 890 1761 totam
921 1744 967 1762 oc-

144 1781 281 1814 cupasset
295 1781 414 1813 terram,
438 1786 527 1813 quam
544 1787 560 1806 a
584 1778 654 1805 solis
677 1778 789 1805 ortibus
818 1779 968 1815 cognomi-

146 1831 264 1854 ιιιωιιε.

180 1886 207 1913 5.
224 1886 330 1913 Verum
358 1885 414 1912 hoc
442 1885 497 1913 erit
526 1884 644 1920 quando
669 1884 863 1912 insufﬂaverit
894 1888 967 1914 Deus

145 1931 195 1967 qui
211 1930 302 1966 replet
317 1938 418 1957 omnes
434 1929 589 1965 petitiones
618 1929 714 1956 cordis
744 1929 797 1961 tui,
817 1938 966 1965 manuque

142 1974 239 2002 valida
256 1974 380 2009 arripuit
405 1974 501 2001 fontes
526 1974 614 2008 hujus
640 1973 771 2000 ﬂuminis
797 1982 870 2009 quos
902 1975 963 2008 jam

142 2019 297 2047 refundere
312 2017 435 2054 ccepisti,
452 2021 480 2046 et
491 2018 624 2045 recedere
639 2018 769 2053 coegisti.
794 2020 858 2045 Jam
887 2027 965 2046 nunc

140 2062 213 2090 illud
231 2062 364 2089 contines
380 2062 535 2095 ﬂuentum,
552 2064 580 2088 et
595 2061 717 2088 reﬂuere
746 2062 852 2096 adigis,
868 2064 963 2089 terrae-

140 2115 198 2143 que
213 2109 326 2135 secreta
339 2106 449 2139 subire,
466 2106 612 2133 moenibus
635 2106 733 2133 hostes
763 2115 875 2139 arcens,
902 2108 963 2135 vias

139 2151 242 2180 solidis
253 2152 375 2179 ﬁrmans
397 2151 626 2181 munitionibus,
654 2153 683 2177 et
708 2153 773 2177 tuos
799 2151 857 2178 illis
885 2151 963 2179 insu~

137 2196 260 2232 parabili
276 2194 389 2224 vallans
404 2202 519 2230 aggere.
536 2195 622 2222 Juvat
637 2203 756 2222 cernere
775 2196 851 2229 vias,
881 2197 962 2231 prius

136 2239 311 2268 Christianis
326 2239 492 2275 impervias,
509 2247 587 2266 nunc
618 2238 719 2266 multis
743 2239 838 2274 tritas,
865 2243 893 2267 et
924 2242 959 2268 ad

136 2292 287 2312 accessum
302 2286 435 2318 patentes
451 2291 509 2310 non
527 2285 643 2310 tantum
673 2283 754 2316 viris,
784 2283 877 2319 iisque
914 2294 958 2312 ar-

1024 1686 1123 1720 νέσθαι,
1140 1685 1160 1712 εἴ
1185 1686 1222 1721 μή
1251 1685 1352 1722 μακρὸς
1378 1686 1479 1723 ἀφότου
1496 1686 1596 1722 χρόνος
1613 1685 1715 1717 ἰκεῖνος
1744 1686 1776 1714 ἐκ
1802 1686 1852 1725 βα-

1025 1730 1090 1756 Οὲων
1120 1731 1201 1756 ποθὲν
1225 1730 1256 1756 τὸ
1285 1731 1365 1756 κακὸν
1396 1729 1537 1767 ἐξερράγη,
1558 1731 1602 1757 καὶ
1626 1729 1775 1766 ἐσκεδάσθη
1803 1741 1855 1759 πε-

1025 1774 1128 1811 λάγιον,
1145 1774 1189 1801 καὶ
1204 1776 1253 1808 τὴν
1267 1776 1317 1811 γῆν
1332 1778 1415 1801 πᾶσαν
1434 1774 1558 1812 ἐπέσχεν,
1575 1775 1607 1810 ἣν
1623 1778 1683 1806 ταῖς
1703 1777 1751 1803 τοῦ
1767 1775 1854 1811 ἡλίου

1024 1818 1205 1855 ἐπικαλοῦμεν
1224 1818 1380 1849 ἀνατολαῖς.

1059 1882 1086 1909 ε’.
1100 1880 1190 1909 Ἀλλὰ
1216 1883 1296 1907 τοῦτο
1328 1882 1374 1917 μὲν
1406 1881 1515 1915 ἐπεῖται,
1534 1881 1579 1909 ὅτε
1594 1882 1658 1913 Θεὸς
1675 1881 1855 1919 ἐπινεύσειεν,

1022 1926 1035 1952 ὁ
1052 1925 1166 1962 πληρῶν
1188 1925 1275 1952 πάντα
1297 1926 1330 1952 τὰ
1355 1926 1492 1962 αἰτήματα
1511 1930 1561 1961 τῆς
1585 1926 1696 1963 καρδίας
1727 1937 1787 1963 σου,
1803 1928 1853 1956 καὶ

1021 1970 1094 2007 χειρὶ
1124 1972 1239 2006 κραταιιᾷ
1268 1969 1433 2006 δραξάμενος
1462 1973 1515 1997 τῶν
1551 1973 1646 2008 πηγῶν
1675 1971 1777 1998 τούτου
1799 1974 1855 2000 τοῦ

1021 2014 1166 2051 ῥεύματος,
1193 2014 1224 2044 ἃς
1246 2015 1290 2041 καί
1329 2013 1529 2051 ἀναμοχλεύειν
1558 2013 1612 2050 ἤδη
1647 2015 1771 2052 ἀπήρξω,
1798 2016 1855 2044 οὐκ

1020 2059 1124 2096 ἀφήσεις
1155 2058 1218 2085 οὐδὲ
1248 2058 1416 2094 ἐξάλλεσθαι·
1440 2059 1473 2085 τὰ
1496 2061 1539 2085 νῦν
1562 2057 1590 2086 δὲ
1615 2059 1707 2090 ἄλλως
1738 2059 1855 2098 ἐπέχεις

1019 2103 1121 2137 ἐκείνην
1152 2104 1200 2137 τήν
1232 2103 1370 2140 adplicitum
1396 2103 1441 2129 καὶ
1471 2102 1642 2131 παλινοστεῖν
1673 2105 1852 2142 ἀναγκάζεις,

1018 2147 1062 2174 καὶ
1090 2147 1115 2174 ἐν
1139 2148 1234 2186 ἀφανεῖ
1260 2148 1495 2184 καταχώννυσθαι,
1513 2147 1685 2186 διατειχίζων
1707 2148 1771 2180 τοὺς
1795 2160 1852 2177 πο-

1018 2192 1142 2227 λεμίους,
1159 2192 1203 2218 καὶ
1228 2192 1275 2222 τὰς
1303 2191 1416 2229 ἐφόδους
1446 2191 1572 2230 διείργων
1598 2193 1768 2231 στερεμνίοις
1789 2194 1853 2222 ἐπι-

1015 2237 1187 2273 τειχίσμασι,
1203 2237 1247 2263 καὶ
1275 2236 1455 2273 ἀνατειχίζων
1480 2237 1567 2268 οὕτως
1591 2238 1685 2268 αὐτοῖς
1701 2239 1732 2265 τὸ
1748 2238 1852 2271 ἀκάθε-

1016 2291 1088 2307 κτον.
1104 2281 1151 2308 Καὶ
1174 2280 1243 2307 ἔστιν
1264 2280 1330 2307 ἰδεῖν
1351 2280 1442 2314 ὁδοὺς,
1459 2279 1574 2313 ἀϐάτους
1597 2283 1630 2309 τὰ
1653 2283 1749 2320 πρώην
1775 2283 1852 2321 Χρι-

136 2328 236 2360 matis,
253 2328 302 2355 sed
319 2330 348 2355 et
363 2327 464 2355 leviter
484 2327 519 2355 ad
545 2327 600 2354 iter
628 2327 781 2361 expeditis,
812 2330 839 2354 et
867 2328 958 2356 viato-

1023 2328 1141 2358 ῖτιανοῖς,
1172 2324 1231 2361 ἄρτι
1269 2325 1427 2363 λεωφόρους
1459 2326 1504 2352 καὶ
1541 2326 1765 2363 ἀναπεπταμένας
1805 2327 1850 2360 εἷς

133 2373 211 2401 rium
227 2373 336 2400 ferrum
350 2372 397 2400 vix
411 2375 440 2400 et
450 2372 567 2399 nonnisi
585 2371 698 2399 decoris
719 2372 813 2407 gratia
842 2373 957 2401 succin-

132 2418 221 2454 gitur.
250 2419 316 2445 Jam
345 2416 483 2444 mulieres
512 2416 583 2451 ipsae
608 2415 674 2443 illas
709 2416 818 2443 audent
847 2420 957 2445 tentare

131 2463 204 2497 vias,
221 2462 293 2498 ipsas
308 2462 396 2489 etiam
413 2470 476 2496 quis
507 2460 709 2488 delectationis
725 2469 812 2489 causa
828 2463 955 2499 peregri-

131 2509 252 2540 nantur,
263 2506 308 2534 vel
319 2514 393 2542 quas
421 2513 456 2533 ex
483 2505 597 2533 civitate
624 2505 757 2532 divinum
782 2507 888 2534 ardens
913 2507 955 2535 lo—

128 2559 230 2579 corum
244 2554 412 2579 sanctorum
443 2550 621 2577 desiderium
648 2549 706 2577 illic
723 2550 856 2578 viutrices
874 2552 952 2580 l‘acit.

127 2596 154 2623 Si
168 2603 236 2631 ergo
249 2597 332 2623 vetus
348 2594 468 2630 quidam
485 2603 532 2621 rex
549 2594 669 2621 ﬂuvium
687 2594 860 2622 insolentem
872 2597 954 2631 etju-

126 2641 226 2668 menta
234 2639 264 2667 in
279 2639 458 2675 profundum
467 2638 775 2674 trahentem,virisque
790 2640 952 2668 terribilem

126 2683 243 2712 mulieri
250 2684 393 2711 vadosum
405 2683 608 2717 fecerat,illum
619 2683 782 2711 innumeris
791 2684 951 2712 minuendo

125 2728 331 2762 incisionibus,
348 2727 398 2754 alii
414 2735 480 2755 vero
496 2727 549 2755 hoc
565 2727 676 2761 regium
694 2727 808 2755 facinus
823 2728 951 2756 venerati

128 2772 339 2805 laudaverunt;
355 2779 407 2807 ego
423 2771 541 2807 quidem
558 2772 594 2798 de
604 2771 671 2798 istis
691 2771 803 2805 dubito,
833 2776 862 2800 et
877 2772 950 2801 illud

129 2816 257 2844 incisum
272 2815 383 2844 ﬂumen
404 2824 507 2844 censeo
529 2816 665 2843 devotum
691 2816 781 2843 fuisse
803 2817 898 2850 furiis,
923 2820 951 2845 et

130 2867 211 2888 mare
224 2858 414 2895 ﬂagellatam,
430 2860 507 2895 quod
536 2859 606 2887 olim
635 2867 742 2895 passus
766 2862 811 2888 est
838 2860 949 2890 Helles-

1015 2370 1145 2407 βάσιμονο
1173 2369 1217 2396 καὶ
1239 2369 1269 2396 οὐ
1297 2370 1379 2406 μόνον
1405 2369 1527 2407 ἀυδράσι,
1553 2370 1597 2397 καὶ
1624 2371 1732 2401 τούτοις
1755 2371 1849 2400 ὁπλο-

1012 2416 1152 2453 (populis-iv,
1169 2413 1241 2441 ἀλλὰ
1264 2414 1309 2440 καὶ
1334 2414 1374 2444 οἷς
1395 2415 1428 2441 τὰ
1451 2418 1502 2449 τῆς
1527 2415 1638 2452 πορείας
1666 2414 1779 2450 εὔζωνα·
1797 2417 1848 2444 καὶ

1012 2458 1143 2489 ὁένόδιος
1168 2458 1279 2495 σίδηρος
1307 2457 1389 2494 μόλις
1414 2469 1467 2485 που
1492 2459 1536 2486 καὶ
1565 2459 1604 2490 εἷς
1624 2460 1848 2497 παρηρτημένην

1009 2504 1172 2540 πεπόρισται
1203 2504 1351 2540 μάχαιραν.
1383 2502 1455 2538 Ἤδη
1481 2503 1525 2530 καὶ
1558 2507 1683 2542 γυναῖκες
1712 2503 1846 2542 τολμῶσι

1008 2548 1056 2579 τὶς
1081 2546 1161 2577 ὁδοὺς
1185 2547 1297 2579 ἐκείνας,
1326 2548 1371 2574 καὶ
1402 2547 1478 2574 αὗται
1516 2550 1570 2576 τῶν
1598 2550 1847 2587 τρυφεριυομένων

1008 2592 1120 2619 καὶτῶν
1141 2590 1166 2625 ἐξ
1192 2589 1295 2624 ἄστεος,
1311 2590 1374 2622 ὅσας
1390 2592 1403 2618 ὁ
1424 2592 1496 2622 θεῖος
1521 2592 1606 2623 πόθος
1631 2593 1843 2630 ἀναθερμαίνων

1006 2638 1100 2667 τόποις
1118 2636 1202 2672 ἁγίοις
1235 2635 1303 2663 ὅπου
1321 2635 1424 2669 δήποτε
1447 2640 1497 2671 τῆς
1522 2637 1577 2665 ἐκεῖ
1604 2641 1655 2676 γῆς
1684 2636 1845 2675 imme

1007 2684 1089 2709 ποιεῖ.
1107 2680 1137 2707 El
1170 2680 1216 2716 μὲν
1246 2680 1291 2707 οὗν
1320 2681 1436 2712 παλαιός
1465 2692 1506 2712 τις
1548 2681 1676 2720 βασιλεὺς
1710 2683 1841 2719 ποταμὸν

1006 2724 1227 2761 ἀναιὸεοσάμενον
1243 2748 1250 2759 ,
1293 2725 1337 2752 καὶ
1377 2726 1509 2764 ὑποζύγια
1554 2726 1741 2763 κατασύραντα
1753 2749 1760 2762 ,
1789 2728 1841 2756 καὶ

1006 2769 1068 2798 οὐδὲ
1098 2768 1202 2806 ἀνδρῶν
1233 2769 1405 2808 φεισάμενον,
1437 2771 1518 2807 βατὸν
1552 2771 1685 2807 πεποίηκε
1717 2771 1838 2810 γυναιξὶ,

1004 2818 1116 2845 πυκναῖς
1136 2814 1236 2841 ἐκεῖνον
1262 2813 1467 2852 λεπτουργήσας
1487 2818 1667 2853 κατατομαῖς,
1692 2813 1776 2844 ἄλλοι
1799 2816 1839 2845 τὰ

1003 2864 1052 2896 τῆς
1078 2859 1223 2897 βασιλικῆς
1256 2857 1361 2894 Ξκείνης
1395 2856 1599 2896 σεμνυνῖτωσαν
1627 2859 1772 2900 πράξεως·
1793 2860 1837 2896 ὡς

1839 2873 2023 3180 ,J
