4060 6352
289 483 404 546 941

1209 480 1647 549 ALLOCU'NO
1690 479 1793 545 AD
1841 480 2279 546 MANUELEM
2324 482 2793 554 COMNENUM.

3584 498 3704 559 952

293 612 399 689 ἐγὼ
429 617 593 669 τοῦτο
640 614 736 688 μὲν
793 611 956 687 ὀκνῶ,
1003 616 1096 670 καὶ
1140 614 1216 677 είς
1265 618 1458 672 ταυτὸν
1507 615 1640 691 ἄγω,
1694 615 1942 689 ποταμόν

2060 622 2297 688 pontus.
2332 620 2478 676 Vere
2510 628 2706 678 autem
2765 620 3079 695 pulchrum
3123 623 3327 693 judico
3373 630 3431 681 et
3476 644 3703 700 magna:

289 724 349 758 τε
426 702 880 775 ποινηλατεῖσθαι
960 702 1293 777 τεμνόμενον
1329 748 1343 773 ,
1427 705 1517 759 καὶ
1600 705 1944 778 μαστίζεσθαι

293 789 589 860 θάλασσαν,
639 794 772 868 ὅπερ
811 790 1220 863 Ἑλλήσποντος
1271 795 1435 848 πάθοι
1472 793 1630 849 ’ποτὲο
1678 793 1844 850 καλὸν
1887 791 1944 849 δὲ

290 879 459 943 ὅντως
497 880 666 958 κρίνω
708 881 797 937 καὶ
851 881 1142 957 βασιλικῆς
1195 882 1439 960 μεγάλης
1484 883 1676 959 ἰσχύος
1702 882 1940 957 ἐπάξιον,

290 976 393 1046 γῆν
444 967 593 1044 μάλα
640 970 736 1045 μὶν
766 969 1010 1042 πολλὴν,
1048 969 1197 1045 μάλα
1228 970 1286 1027 δὲ
1343 972 1393 1027 ἐν
1442 975 1788 1049 καιριωτάτῳ
1828 992 1941 1027 κει-

294 1059 483 1133 μένην,
517 1057 704 1121 ἄλλως
734 1056 791 1114 δὲ
818 1065 936 1122 τοῖς
973 1056 1323 1136 προσϐαίνειν
1375 1060 1619 1116 ἐθέλουσι
1671 1056 1940 1134 δυσέμϐα-

286 1170 379 1204 τον
429 1148 518 1203 καὶ
550 1143 866 1219 ἆνὲκϐατον,
900 1147 961 1203 οὒ
994 1147 1064 1204 δι’
1095 1148 1349 1225 ἐρημίαν,
1383 1150 1444 1205 ού
1477 1147 1616 1205 διότι
1646 1151 1938 1226 θηριοτρό-

288 1257 408 1314 φος,
436 1237 472 1305 ἦ
524 1236 606 1292 ὅτι
651 1232 928 1314 προϐολαὶ
983 1243 1194 1314 πετρῶν
1253 1239 1424 1309 αὐτὴν
1475 1238 1848 1317 ἐξετράχυνον,
1902 1240 1938 1309 ἢ

282 1326 373 1381 καὶ
431 1325 539 1396 ὕλη
574 1325 902 1405 ἀμφιλαφὴς
927 1327 1055 1390 τοὺς
1105 1325 1432 1402 ὁδοιπόρους
1481 1327 1764 1400 ἐξέκλειεν·
1816 1326 1944 1386 ἀλλ’

283 1423 365 1479 ὅτι
399 1421 675 1480 σκάνδαλα
711 1418 915 1500 τρίϐων
959 1426 1074 1501 εἶχε
1122 1430 1286 1495 πᾶσα,
1327 1426 1417 1481 καὶ
1469 1426 1666 1491 ὅπλοις
1718 1428 1941 1501 Ἰσμαη-

283 1512 519 1577 λιτικοῖς
550 1510 716 1583 ληίου
747 1511 900 1584 δίκην
946 1512 1181 1592 ἔφριττε,
1239 1515 1330 1570 καὶ
1382 1515 1480 1589 (ὥς
1535 1513 1595 1570 ἂν
1651 1536 1734 1580 τις
1768 1514 1938 1592 εἷ’ποι)

284 1599 523 1676 σιδηρὲῳ
576 1601 748 1678 τείχει
815 1598 1006 1658 διόλου
1062 1603 1359 1681 πέφρακτο,
1418 1604 1509 1658 καὶ
1548 1606 1695 1677 ἡμᾶς
1725 1603 1937 1659 ἀπετεί-

287 1696 434 1767 χιζε,
482 1691 717 1765 βάσιμον
766 1697 992 1762 ποιῆσαι
1041 1697 1158 1755 τοῖς
1199 1689 1461 1748 διοδεύειν
1519 1692 1791 1763 ἐθέλουσι,
1846 1693 1938 1748 καὶ

286 1779 494 1849 αὐτοῖς,
528 1778 643 1834 ὅσοι
677 1777 852 1835 δειλοὶ
883 1780 1019 1855 πρὸς
1075 1779 1247 1850 ἀλκὴν
1302 1781 1393 1836 καὶ
1425 1778 1647 1855 σίδηρον
1698 1780 1931 1856 εῗσορᾷν.

284 1869 360 1926 Τὸ
408 1866 464 1924 δὶ
493 1868 615 1922 καθ’
654 1870 804 1942 ἡμᾶς
855 1866 1081 1933 ἐνταῦθα
1109 1874 1216 1925 ποῦ
1246 1891 1379 1925 ποτε
1432 1872 1584 1941 θήσει
1613 1891 1696 1932 τις
1727 1870 1937 1944 θαύμα-

278 1979 395 2030 τος,
442 1956 713 2032 βασιλέων
746 1955 1152 2033 ἀνδρικώτατες
1201 1956 1268 2016 Οἵ
1313 1958 1401 2014 καὶ
1459 1960 1620 2014 αύτοῖ
1674 1965 1775 2028 τῆς
1828 1966 1936 2034 γῆς
1971 1986 2016 2051 Β

280 2046 482 2118 ταύτης
528 2044 637 2117 ⁴ἤδη
682 2047 1147 2123 καταθαρῥοῦμεν,
1197 2045 1475 2125 ἅνθρωποι
1536 2045 1766 2122 σιδήρου
1826 2070 1933 2122 μη-

282 2132 366 2190 δὲν
421 2135 855 2211 παραπτόμενοι,
914 2134 1062 2206 πλήν
1130 2136 1182 2191 εἷ·
1236 2157 1342 2190 που
1404 2133 1733 2212 μαχαιρῖδος
1787 2136 1934 2198 τινὸς

284 2223 623 2300 ἐνοχλούσης
653 2223 890 2298 καλάμῳ
940 2224 1031 2279 καὶ
1060 2224 1475 2301 παραποιούσης
1527 2226 1617 2280 καὶ
1676 2224 1934 2298 ἀποξεού-

287 2335 385 2382 σης
458 2312 532 2377 εἲς
607 2316 936 2391 γράμματα.
1011 2312 1351 2389 Πεποίθαμεν
1400 2316 1439 2384 ἦ
1497 2314 1648 2388 μήν,
1715 2312 1802 2369 ἐὰν
1846 2313 1937 2369 καὶ

290 2404 483 2473 θεατὴς
553 2402 904 2479 παριππεύσῃ
979 2400 1306 2473 ἀλλόκοτος,
1385 2402 1802 2477 ἀποπέμψεσθαι
1873 2403 1937 2458 τὸ

286 2493 473 2563 κακὸν,
502 2487 937 2567 ἀναϐοησάμενον
972 2494 1034 2548 τὸ
1066 2492 1156 2548 σὸν
1203 2493 1294 2548 καὶ
1328 2492 1491 2567 μόνον
1525 2488 1720 2567 ὄνομα.
1770 2490 1940 2551 Οὐδὲν

286 2593 423 2664 ἡμῖν
456 2591 709 2647 ἀπαίσιον
743 2592 1147 2662 συναντήσεται,
1202 2591 1268 2647 οὗ
1312 2585 1485 2667 φόϐος
1514 2591 1842 2667 νυκειερινὸς,
1874 2589 1938 2645 ού

288 2679 451 2757 βέλος
479 2679 689 2758 ὴμᾶρας
721 2679 1040 2752 πετόμενον·
1074 2678 1379 2735 αἶδὲσονται
1404 2681 1495 2735 τὸν
1525 2682 1739 2757 κήρυκα
1769 2681 1821 2735 οἱ
1844 2681 1935 2735 τὸν

282 2769 691 2846 κήρυσσόμενον
723 2769 1054 2848 φρίσσοντες.
1088 2771 1278 2826 Ἔσται
1320 2771 1456 2842 ἡμῖν
1508 2768 1627 2824 ἀντὶ
1674 2768 1937 2845 κηρυκίου

284 2858 346 2913 τὸ
398 2858 680 2935 βασιλικὸν
732 2852 925 2929 ὄνομα.
960 2851 1343 2931 Διαϐησόμεθα
1394 2857 1466 2918 ὡς
1515 2855 1604 2912 ἰπὶ
1635 2858 1934 2932 πανήγυριν

287 2944 518 3005 ἅσυλοι.
605 2948 1036 3020 Ἀναπετάσομεν
1122 2944 1443 3024 ὀφθαλμοὺς
1521 2946 1613 3001 καὶ
1698 2944 1935 3020 ἀροῦμεν

284 3036 495 3111 κύκλῳ,
545 3037 909 3110 θαυμάζοντές
957 3057 1053 3090 σου
1099 3036 1166 3089 τὰ
1217 3031 1378 3111 ἔργα.
1435 3035 1935 3113 Τοπογραφήσομέν

286 3148 383 3182 σου
412 3126 505 3189 τὰς
555 3124 845 3201 ἀριστείας.
894 3121 1326 3200 Περιοδεύσομεν
1379 3124 1604 3193 τόπους,
1655 3121 1707 3178 ἐν
1753 3124 1834 3185 οἷς
1884 3124 1937 3179 οἱ

283 3216 369 3271 σοὶ
419 3216 614 3288 ὡραῖοι
663 3212 829 3276 πόδες
869 3214 1163 3285 ὖπάτησαν,
1219 3214 1351 3288 ὑπὲρ
1416 3214 1575 3286 ἡμῶν
1628 3216 1935 3284 πονοῦντες,

2055 707 2209 778 regis
2238 708 2472 766 virtutis
2516 711 2763 783 dignum
2814 726 3090 783 magnam
3124 712 3360 783 quidem
3408 715 3707 787 regionem

2054 797 2152 850 sed
2188 796 2246 851 in
2281 802 2466 855 morte
2487 800 2782 870 jacentem
2814 798 3052 856 aliunde
3081 800 3167 856 eis
3207 804 3308 873 qui
3344 819 3578 875 pergere
3605 823 3704 862 vo-

2052 881 2255 940 lebant
2282 885 2627 958 impcrviam
2674 892 2731 943 et
2758 887 3249 960 inaccessibilem,
3282 907 3398 946 non
3440 893 3580 963 quia
3605 893 3705 950 de-

2052 978 2227 1041 serta,
2275 980 2375 1030 aut
2431 976 2567 1032 feris
2615 976 2913 1049 frequens,
2962 982 3065 1032 aut
3112 995 3387 1035 saxorum
3438 981 3705 1039 eminen-

2051 1062 2209 1117 tibus
2240 1079 2466 1135 aspera.
2503 1066 2719 1119 nedum
2755 1065 2893 1137 quia
2923 1083 3135 1121 nemus
3163 1083 3231 1122 ex
3262 1072 3508 1139 utraque
3537 1075 3704 1142 parte

2052 1157 2362 1222 patescens
2411 1155 2662 1211 viatores
2721 1155 3128 1225 concludebat,
3181 1157 3280 1212 sed
3341 1160 3480 1228 quia
3528 1176 3705 1215 scan-

2053 1239 2189 1297 dala
2215 1245 2447 1297 terrena
2495 1242 2750 1299 habebat
2799 1242 3018 1314 omnia,
3052 1249 3106 1299 et
3137 1246 3305 1316 quasi
3340 1246 3705 1305 frumentum

2054 1329 2425 1387 Ismaeliticis
2456 1332 2638 1389 armis
2676 1331 3035 1389 horribiliter
3076 1335 3409 1402 secabatur,
3436 1340 3513 1405 et,
3546 1336 3706 1393 dixe-

2051 1428 2127 1483 rit
2156 1424 2474 1500 Quispiam,
2499 1428 2700 1485 ferreis
2724 1430 3018 1486 moenibus
3047 1430 3307 1502 undique
3336 1432 3706 1505 cingebatur,

2048 1516 2308 1592 perviam
2364 1518 2571 1574 fecisse
2612 1518 2693 1573 ibi
2742 1518 3003 1574 itinerari
3063 1519 3435 1591 cupientibus
3474 1526 3531 1576 et
3559 1522 3705 1594 ipsis

2050 1604 2224 1661 etiam
2286 1606 2387 1678 qui
2447 1611 2769 1662 trementes
2826 1622 3086 1679 pugnam
3148 1609 3487 1679 ferrumque
3543 1610 3703 1665 intu-

2049 1698 2239 1751 entur.
2271 1695 2382 1751 Sed
2438 1696 2571 1766 quis
2628 1712 2888 1768 unquam
2949 1694 3104 1767 apud
3154 1712 3261 1751 nos
3299 1701 3535 1753 tantum
3568 1715 3704 1770 pro-

2051 1784 2193 1839 feret
2243 1782 2621 1848 miraculum,
2654 1800 2686 1840 o
2738 1785 3159 1855 imperatorum
3209 1785 3707 1856 generosissime?

2049 1873 2167 1928 Nos
2198 1872 2310 1944 ipsi
2344 1871 2444 1944 qui
2468 1872 2643 1927 istam
2670 1874 2964 1943 regionem
2980 1873 3108 1943 jam
3131 1873 3420 1929 audemus
3442 1875 3704 1947 aggredi,

2048 1960 2319 2016 homines
2349 1959 2511 2015 nullo
2544 1961 2827 2015 succincti
2862 1961 3011 2016 ferro
3040 1960 3152 2016 nisi
3185 1961 3414 2033 scalpro
3446 1979 3563 2034 quo
3587 1964 3707 2019 cir-

2049 2050 2420 2105 cumcidatur
2451 2049 2737 2113 calamus,
2770 2066 2887 2122 quo
2936 2055 3228 2121 expuncta
3272 2051 3514 2106 radatur
3559 2053 3704 2108 scri-

2047 2142 2241 2211 ptura.
2277 2139 2362 2194 Ita
2413 2153 2555 2193 sane
2604 2154 2958 2211 persuasum
3010 2138 3319 2209 habemus,
3353 2140 3401 2195 si
3444 2141 3580 2211 quis
3610 2157 3703 2197 ex-

2046 2232 2288 2283 traneus
2320 2231 2613 2299 spectator
2640 2226 2757 2282 illis
2808 2226 2870 2282 in
2920 2226 3111 2298 plagis
3141 2228 3510 2299 equitaverit,
3542 2229 3702 2285 hunc

2049 2317 2272 2372 malum
2303 2316 3037 2388 expulsurum,dummodo
3069 2316 3262 2372 solum
3295 2333 3505 2374 nomen
3528 2324 3699 2375 tuum

2047 2402 2590 2459 invocaverit.Nihil
2621 2402 2860 2457 noxium
2887 2403 3056 2458 nobis
3079 2410 3362 2471 occurret,
3388 2421 3494 2461 nec
3521 2406 3704 2462 timor

2048 2497 2396 2558 nocturnus,
2427 2507 2532 2547 nec
2563 2492 2778 2563 sagitta
2808 2491 3010 2547 volans
3058 2492 3118 2547 in
3166 2493 3279 2549 die.
3332 2493 3705 2551 Verebuntur

2047 2605 2376 2661 praeconem
2445 2588 2548 2660 qui
2615 2588 2994 2660 praedicatum
3081 2588 3341 2647 horrent.
3408 2591 3534 2647 Erit
3598 2608 3700 2648 no-

2049 2678 2139 2733 bis
2207 2694 2309 2750 pro
2368 2676 2681 2749 prmdicato
2746 2676 3122 2748 imperatoris
3187 2695 3422 2735 nomen.
3485 2679 3702 2737 Trans-

2047 2766 2269 2822 ibimus
2337 2765 2541 2822 intacti
2603 2770 2883 2836 tanquam
2945 2766 3017 2821 ad
3060 2769 3421 2839 panegyrim.
3462 2768 3701 2839 Aperie-

2048 2872 2183 2911 mus
2238 2854 2441 2910 oculos
2475 2859 2530 2909 et
2559 2853 3092 2926 circumspiciendo
3124 2860 3227 2910 tua
3252 2844 3540 2913 miramur
3568 2871 3703 2929 ope-

2048 2961 2131 2999 ra.
2191 2943 2588 2999 Circuibimus
2641 2941 2769 2998 loca
2836 2943 2898 2998 in
2958 2943 3174 3015 quibus
3233 2945 3485 3017 speciosi
3524 2945 3703 3017 pedes

2046 3034 2131 3089 tui
2167 3036 2454 3088 steterunt
2485 3048 2587 3104 pro
2620 3031 2788 3087 nobis
2809 3030 3144 3088 laborantes
3166 3049 3272 3088 nec
3294 3034 3421 3089 sine
3442 3032 3703 3106 periculo

2047 3126 2367 3177 currentes.
2402 3121 2472 3177 Et
2500 3120 2611 3178 erit
2639 3119 2811 3175 nobis
2861 3124 3016 3175 terra
3063 3119 3179 3176 ista
3222 3122 3415 3195 magis
3462 3137 3702 3178 venera-

2045 3211 2206 3266 tione
2236 3210 2416 3282 digna
2446 3224 2623 3280 quam
2654 3209 2909 3265 Thraces
2939 3209 2998 3263 in
3037 3209 3268 3281 Europa
3299 3215 3513 3266 terram
3543 3210 3700 3268 illam

281 3306 374 3361 καὶ
434 3302 560 3360 ούδὶ
626 3300 882 3359 ἀκίνδυνα
948 3302 1255 3379 τρέχοντες.
1318 3302 1415 3356 Καὶ
1482 3295 1631 3356 ἔσται
1703 3303 1840 3375 ἡμῖν
1895 3302 1931 3371 ἡ

2049 3299 2105 3354 in
2140 3299 2358 3354 honore
2385 3297 2681 3353 habebant
2711 3312 2814 3369 per
2858 3313 3034 3369 quam
3084 3296 3408 3352 ambulavit
3436 3313 3536 3353 rex
3565 3301 3697 3353 Per-

281 3393 508 3466 τοιαύτη
560 3400 633 3469 γῆ
684 3391 736 3447 ἐν
776 3386 1072 3464 σεϐάσματι
1122 3388 1478 3465 δικαιότερον,
1523 3387 1664 3464 ἤπερ
1711 3391 1764 3445 οἱ
1793 3395 1934 3467 Θρᾷ-

281 3505 373 3548 κες
406 3484 459 3538 ἒν
507 3481 745 3558 Εὐρώπῃ
788 3487 891 3557 γῆν
942 3479 1149 3551 ἐκείνην
1182 3480 1333 3555 εἶχον
1382 3477 1472 3535 διὰ
1497 3486 1691 3553 τιμῆς,
1717 3480 1778 3549 ἣν
1812 3478 1938 3534 tmt—

279 3595 415 3646 τησε
490 3575 708 3648 Περσῶν
777 3566 1057 3647 βασιλεὺς,
1133 3569 1250 3624 καθ’
1302 3566 1571 3630 Ἑλλάδος
1622 3567 1935 3643 ἐκστρατευ-

281 3660 538 3737 σάμενος.
573 3659 731 3718 Οὕτω
760 3659 1027 3714 κάνταῦθα
1056 3660 1218 3731 ⁴ἡμῶν
1261 3658 1325 3712 τὸ
1374 3652 1563 3721 θλίϐον
1597 3660 1757 3730 ἡμῶν
1791 3657 1937 3729 ἀπή-

282 3751 473 3813 λασας.
550 3749 709 3809 Οὕτω
784 3744 959 3827 φόϐου
1024 3748 1226 3810 παντὸς
1289 3750 1438 3821 ἡμᾶς
1493 3746 1787 3818 ἀπέλυσας,
1846 3747 1936 3801 καὶ

278 3854 382 3923 τὴν
429 3848 618 3912 ἄλλως
670 3848 1011 3926 θηροτρόφον
1066 3843 1156 3902 διὰ
1206 3845 1334 3911 τοὺς
1379 3847 1547 3921 θῆρας
1596 3844 1723 3907 τοὺς
1752 3845 1803 3916 ἐξ
1836 3846 1937 3902 Ἰσ-

284 3940 441 4017 μαὴλ
472 3940 773 4016 ἀνθρώπων
826 3935 1091 4008 ἔπλησας.
1144 3936 1305 3993 Εἶπεν
1339 3934 1400 3990 ἂν
1444 3956 1526 3997 τις
1575 3932 1774 3997 λύκους
1803 3932 1933 3989 ἐκείο

280 4052 426 4099 νους,
495 4028 666 4084 πάλαι
728 4026 861 4082 ποτὲ
920 4025 1057 4081 κατά
1113 4045 1221 4080 τινι
1282 4024 1492 4097 ποίμνῃ
1536 4027 1604 4096 τῇ
1653 4026 1934 4097 Ῥωμαϊκῇ

284 4115 728 4189 ἐπεισπηδῶντας
776 4113 1164 4191 κληρονομίᾳ,
1215 4111 1305 4168 καὶ
1356 4116 1476 4175 τοῖς
1526 4116 1635 4166 τῶν
1681 4114 1936 4188 Χριστια-

283 4210 392 4262 νῶν
437 4204 625 4280 α’ίμασι
689 4203 1005 4280 χαίροντας,
1053 4201 1145 4257 καὶ
1195 4201 1293 4256 οὒκ
1358 4199 1434 4262 εἷς
1489 4201 1664 4272 μάτην
1718 4200 1938 4276 χαίνονο

281 4316 402 4365 τας,
451 4293 579 4352 ἀλλ’
636 4293 974 4369 ἁρπάζοντας
1021 4290 1112 4346 καὶ
1170 4288 1560 4368 λαφύσσοντας.
1613 4293 1718 4343 Νῦν
1767 4286 1824 4344 δὲ
1871 4288 1934 4346 οὐ

288 4384 453 4459 μόνον
498 4380 1012 4460 ἀπεσφενδόνηνται,
1070 4377 1214 4435 ἀλλὰ
1260 4377 1435 4433 καὶοὶ
1488 4378 1581 4452 μὶν
1630 4374 1756 4432 ούδὲ
1802 4377 1935 4434 εἰσιν

279 4471 383 4544 ἔτι,
419 4474 472 4528 οἱ
521 4471 579 4529 δὶ
624 4475 720 4527 τοῦ
766 4471 902 4527 εἶναι
950 4467 1111 4525 λύκοι
1160 4464 1498 4540 ἰξελάθοντο.
1551 4465 1807 4525 Μάλιστα
1840 4467 1934 4542 μὲν

280 4562 377 4619 οὖν
446 4561 507 4618 ἐκ
558 4558 743 4617 λύκων
812 4558 1013 4622 αὐτοὺς
1080 4555 1158 4621 εἷς
1214 4556 1533 4635 ἀνθρώπους
1586 4555 1932 4630 μετέστησας·

278 4660 375 4716 καὶ
457 4661 587 4735 ὅπερ
653 4662 681 4714 ὁ
756 4665 891 4751 τῆς-
923 4657 1133 4751 Κίρκης
1206 4655 1412 4751 κυκεὼν
1499 4654 1932 4751 λογογραφεῖται
1970 4686 2016 4751 D

275 4755 485 4818 ποιεῖν,
514 4753 682 4805 τοῦτο
714 4747 797 4803 ἐπ’
838 4743 1101 4818 ἀληθείας
1159 4739 1329 4820 φόϐος
1380 4742 1664 4820 βασιλικὸς
1711 4743 1761 4815 ἐξ
1792 4745 1937 4800 ἀντι-

279 4838 522 4916 στρόφου
550 4842 644 4893 νῦν
694 4835 1083 4912 κατεπράξατο,
1132 4834 1223 4889 καὶ
1274 4833 1374 4889 οὐκ
1421 4832 1472 4904 ἐξ
1516 4832 1814 4910 ἀνθρώπων
1862 4832 1938 4896 εἷς

280 4931 482 5004 θῆρας,
542 4924 672 4983 ἀλλ’
746 4925 798 4999 ἐξ
863 4924 1084 4980 ἐκείνων
1144 4922 1236 5005 ἱείς
1282 4923 1513 4984 τούτους
1574 4916 1941 4995 μεταϐιϐάσας

279 5017 556 5076 θειότατα.
617 5016 714 5071 Καί
768 5036 853 5077 τις
906 5013 1004 5086 μία
1053 5012 1143 5067 καὶ
1186 5010 1318 5082 αὕτη
1370 5011 1579 5084 ποίμνη
1635 5010 1737 5065 ὑπὸ
1783 5009 1942 5084 καλῷ

280 5106 508 5179 ποιμένι
554 5110 635 5178 τῷ
681 5103 844 5177 ἐνθὲῳ
912 5102 1193 5176 συνάγεται
1247 5099 1494 5177 βασιλεῖ,
1565 5104 1674 5154 τῶν
1736 5098 1939 5175 θηρίων

278 5193 386 5250 οὐκ
432 5193 681 5251 ἐνόντων.
735 5191 850 5251 Οὐκ
896 5189 987 5246 οὖν
1050 5186 1264 5265 μερίδες
1310 5190 1366 5243 αἱ
1419 5189 1516 5262 μὶν
1564 5190 1724 5261 ἡμῖν,
1776 5187 1830 5241 αἱ
1885 5183 1944 5241 δὶ

272 5288 403 5346 τοῖς
451 5282 644 5338 ἔθνεσι·
699 5278 827 5336 ἀλλ’
882 5274 1023 5334 ἔστιν
1067 5280 1226 5351 ἡμῶν
1275 5278 1346 5333 τὰ
1388 5279 1581 5334 πάντα.
1635 5276 1729 5331 Καὶ
1760 5276 1824 5330 σὺ
1856 5273 1946 5329 διὰ

273 5375 453 5427 ταῦτα
505 5368 761 5446 βασιλεὺς
808 5366 896 5422 ἐπὶ
956 5366 1161 5429 πάντας
1215 5364 1488 5437 ἀήττητος
1517 5387 1530 5400 ·
1591 5365 1697 5420 καὶ·
1734 5361 1946 5419 δέδεται

277 5464 378 5517 νῦν
411 5462 439 5515 ὁ
493 5459 741 5532 πόλεμος
799 5453 889 5512 διὰ
942 5458 1061 5525 σοῦ,
1116 5454 1178 5509 ού
1235 5453 1461 5530 χαλκέῳ
1506 5455 1753 5531 κεράμῳ,
1809 5451 1947 5507 κατὰ

275 5547 377 5604 τὸν
406 5553 504 5603 τοῦ
559 5546 803 5604 παλαιοῦ
863 5543 1031 5620 λόγου
1060 5544 1251 5619 νΑρεα,
1283 5542 1335 5615 ἕξ
1370 5544 1433 5598 ού
1466 5541 1681 5614 λυθείη,
1713 5540 1775 5595 ἂν
1808 5539 1946 5595 ἐκεῖ-

279 5652 378 5700 νος
408 5635 962 5712 τρισκαιδεκάμηνος,
995 5630 1144 5689 ἀλλὰ
1173 5626 1359 5706 δεσμῷ
1403 5631 1650 5709 ἅρῥητῳ,
1700 5629 1947 5709 ἀφύκτῳ,

264 5723 493 5800 ,ἀλύτῳε
568 5725 651 5801 ἐφ’
727 5724 851 5780 ὅσον
902 5723 963 5778 ’ὰν
1018 5720 1081 5778 ού
1136 5720 1299 5796 μόνον
1368 5726 1485 5786 τοῖς
1537 5722 1952 5798 στρατιωτικοῖς

264 5812 513 5886 δπλοις,
567 5815 631 5871 τὸ
684 5821 785 5885 τῆς
840 5811 1159 5888 παροιμίας,
1217 5810 1769 5889 ἐνιστουργηθήσεται
1825 5805 1954 5886 ἀρά-

2046 3404 2247 3446 sarum
2278 3387 2559 3443 adversus
2590 3385 2865 3442 Graeciam
2899 3385 3310 3442 dimicaturus.
3334 3386 3430 3442 Sic
3461 3405 3494 3443 a
3524 3386 3699 3443 nobis

2046 3476 2341 3550 ﬂagellum
2374 3480 2636 3531 nostram
2669 3474 2958 3530 amovisti.
2989 3473 3082 3529 Sic
3111 3475 3183 3530 ab
3214 3475 3379 3530 omni
3400 3478 3556 3531 metu
3590 3490 3698 3532 nos

2046 3566 2297 3636 solvisti,
2320 3569 2378 3622 et
2405 3565 2635 3637 plagam
2658 3569 2831 3620 antea
2863 3564 2999 3620 feris
3030 3564 3088 3618 id
3120 3567 3212 3619 est
3240 3562 3557 3620 Ismaelitis
3584 3564 3696 3620 fre-

2047 3661 2324 3729 quentem
2360 3653 2698 3709 hominibus
2742 3652 3057 3725 replevisti.
3093 3652 3319 3708 Dixeris
3353 3667 3495 3709 sane
3525 3651 3700 3723 lupos

2045 3745 2179 3801 illos
2210 3743 2347 3800 olim
2382 3742 2441 3797 in
2489 3757 2747 3812 gregem.
2783 3739 3107 3796 Romanam
3140 3739 3364 3795 scilicet
3393 3734 3699 3797 haeredita-

2044 3839 2162 3890 tem
2174 3833 2482 3904 ,irruentes
2499 3836 2556 3886 et
2567 3829 3031 3885 Christianorum
3050 3828 3337 3900 sanguine
3354 3830 3700 3901 gaudentes,

2045 3937 2234 3989 etnon
2257 3930 2554 3985 inhiantes
2578 3932 3040 3995 tantum,verum
3060 3926 3409 3998 arripientes
3430 3932 3487 3983 et
3502 3926 3705 4000 deglu-

2044 4021 2274 4077 ticntcs.
2300 4019 2467 4073 Nunc
2487 4033 2620 4072 vero
2651 4015 2749 4071 alii
2781 4015 2963 4070 armis
2988 4014 3213 4085 expulsi
3246 4018 3406 4082 sunt,
3441 4014 3538 4071 alii
3571 4029 3701 4072 esse

2044 4105 2475 4173 desierunt,alii
2507 4104 2865 4159 ferocitatem
2895 4119 3063 4159 suam
3095 4103 3514 4174 deposuerunt.
3548 4103 3699 4161 Pra-

2046 4195 2245 4252 sertim
2279 4199 2475 4249 autem
2503 4209 2572 4248 ex
2594 4190 2751 4263 lupis
2781 4207 2880 4246 eos
2909 4191 2967 4245 in
3001 4189 3268 4246 homines
3290 4190 3617 4260 mutavisti;
3639 4194 3699 4248 et

2046 4285 2202 4357 quod
2233 4282 2406 4339 Circa:
2429 4281 2586 4352 potio
2609 4280 2817 4335 fecisse
2837 4278 3313 4350 perhibetur,boc
3343 4279 3557 4351 reipsa,
3591 4280 3695 4337 sed

2045 4391 2076 4430 e
2098 4368 2789 4442 contrario,imperatoris
2812 4368 2988 4424 timor
3009 4362 3181 4423 modo
3204 4368 3697 4441 perpetravit,non

2047 4463 2285 4536 quidem
2316 4459 2586 4516 homines
2631 4457 2691 4513 in
2726 4459 2898 4524 feras,
2933 4457 3034 4513 sed
3082 4457 3227 4513 istas
3277 4458 3336 4513 in
3384 4456 3519 4515 illos
3549 4458 3699 4515 divi-

2047 4553 2212 4608 nitus
2242 4548 2651 4606 convertendo.
2685 4548 2755 4602 Et
2797 4562 2954 4601 unus
2999 4544 3239 4615 quidam
3270 4562 3408 4615 grex
3437 4548 3550 4603 sub
3581 4563 3700 4605 uno

2046 4650 2258 4708 eximio
2292 4652 2543 4721 pastore,
2577 4646 2710 4700 divo
2770 4641 2994 4699 scilicet
3040 4643 3416 4714 imperatore,
3457 4660 3702 4717 congrg-

2052 4744 2242 4811 gatur,
2278 4736 2416 4792 feris
2446 4750 2819 4807 nequaquam
2854 4732 3558 4806 concurrentibus.lgitur
3586 4749 3704 4791 non

2051 4832 2191 4884 sunt
2222 4830 2416 4899 partes
2447 4824 2573 4880 alia:
2623 4822 2859 4895 quidem
2912 4821 3106 4886 nobis,
3161 4820 3286 4876 alite
3330 4824 3526 4877 autem
3558 4837 3703 4893 gen-

2049 4919 2231 4983 tibus,
2266 4916 2363 4971 sed
2400 4919 2601 4969 nostra
2631 4915 2774 4967 sunt
2803 4910 3025 4965 omnia.
3059 4912 3125 4965 Et
3153 4914 3216 4964 tu
3252 4913 3559 4981 propterea
3588 4911 3706 4965 im-

2053 5009 2286 5079 perator
2336 5019 2514 5073 super
2562 5016 2767 5057 omnes
2815 4996 3209 5065 invincibilis;
3242 5003 3300 5052 et
3328 5012 3486 5052 nunc
3521 5014 3624 5069 per
3650 5001 3710 5054 te

2053 5092 2478 5163 constringitur
2524 5088 2771 5157 bellum,
2823 5102 2936 5141 non
2990 5085 3174 5140 ferreo
3221 5099 3472 5156 carcere,
3499 5100 3710 5141 secun-

2052 5184 2193 5238 dum
2225 5186 2394 5235 vetus
2423 5181 2495 5234 de
2536 5178 2722 5233 Marte
2752 5175 3001 5239 dictum,
3035 5189 3104 5230 ex
3134 5190 3248 5246 quo
3279 5190 3397 5230 non
3428 5174 3545 5229 nisi
3575 5177 3711 5246 post

2054 5270 2331 5327 tredecim
2354 5283 2588 5324 menses
2618 5264 2961 5321 solvendum
2988 5261 3275 5329 esset,sed
3301 5260 3533 5318 vinculo
3558 5262 3713 5319 indi-

2055 5358 2235 5426 cibili,
2267 5354 2657 5423 ineluctabili,
2687 5349 3207 5419 indissolubili,ita
3238 5354 3304 5405 ut
3333 5366 3453 5406 non
3479 5354 3716 5407 tantum

2056 5447 2283 5506 bellicis
2295 5447 2570 5511 armis,ut
2583 5443 2727 5499 dicit
2744 5439 3020 5511 adagium
3032 5439 3227 5507 ,telam
3240 5439 3507 5495 ordiatur
3519 5439 3723 5497 arach-

2059 5555 2185 5604 nea,
2220 5537 2321 5594 sed
2354 5536 2551 5607 ipsum
2604 5530 2738 5588 belli
2789 5543 3001 5584 nomen
3053 5527 3381 5584 aboleatur.
3425 5528 3723 5592 Quidnam

2057 5626 2241 5684 Graeci
2263 5621 2611 5696 jactahundi
2666 5619 2928 5675 dicerent
2980 5620 3082 5687 qui
3132 5621 3370 5672 tantum
3399 5616 3722 5676 Antalcidm

2057 5714 2367 5771 victoriam
2425 5716 2484 5767 et
2542 5713 2809 5766 secutam
2861 5720 3065 5777 pacem
3118 5704 3486 5773 attollebant,
3518 5706 3564 5761 si
3615 5721 3727 5761 no-
3775 5781 3778 5785 φ

2063 5812 2250 5861 stram
2281 5798 2627 5859 novissent?
2673 5795 2924 5854 Ubinam
2973 5798 3144 5851 tanta
3191 5794 3443 5852 victoria
3474 5795 3636 5851 bona
3663 5795 3731 5850 ut
