4060 6376
403 441 520 504 943

1171 441 1595 506 EUS’I‘ATHII
1638 443 2410 507 THESSALONICENSIS
2459 441 3044 506 METROPOLITE

3708 446 3827 505 944

405 573 744 647 ubicunque
809 580 1099 631 terrarum
1165 591 1363 647 pacem
1431 576 1645 634 habeat
1705 593 2054 634 concurren-

2170 595 2351 652 χνειον
2409 572 2650 649 ὕφασμα,
2702 571 2849 629 ἀλλὰ
2903 574 2991 628 καὶ
3052 568 3233 645 ὄνομα
3281 572 3535 646 πολέμου
3572 616 3588 644 ,
3648 575 3829 648 οἶμαι,

404 663 797 720 tem?Juvat
861 664 1102 736 quidem
1169 681 1330 720 mare
1395 666 1651 723 hiemem
1718 667 1951 740 fugiens
2005 670 2062 722 et

405 752 479 808 ad
517 769 759 809 vernam
817 751 1313 825 tranquillitatem
1374 773 1699 827 expansum
1741 756 2062 828 placidam-

407 857 522 913 que
552 842 923 914 superﬁciem
979 843 1049 897 ad
1083 841 1273 898 lucem
1317 843 1637 915 explicans,
1668 844 1827 901 istud
1861 850 2059 900 autem

406 946 507 986 ver
556 938 744 999 tuum,
778 934 835 986 et
897 929 1169 986 hiemalis
1227 948 1438 1003 pugnae
1498 932 1832 1004 dissolutio,
1867 932 2061 1005 pacis-

405 1036 521 1091 que
552 1018 1011 1086 serenitas,nihil
1043 1020 1543 1091 estjucunditatis
1567 1023 1722 1093 quod
1751 1022 1922 1077 nobis
1943 1038 2060 1077 non

404 1110 675 1182 praebeat.
724 1107 767 1164 Ο
826 1107 977 1164 bella
1024 1113 1081 1163 et
1111 1110 1430 1165 certamina
1460 1110 1519 1164 in
1581 1110 1799 1181 quibus
1831 1110 2059 1168 hostem

402 1205 743 1262 universum
776 1204 835 1259 in
870 1206 1071 1277 fugam
1123 1206 1561 1263 irrevocabilem
1603 1207 1979 1264 convertisti!
2016 1206 2060 1263 Ο

399 1294 683 1368 procellas
715 1311 862 1366 quas
924 1295 1095 1351 nobis
1145 1295 1204 1350 in
1266 1312 1545 1352 serenum
1607 1295 1981 1353 convertistil
2015 1295 2059 1351 Ο

399 1383 828 1440 commotiones
891 1383 1135 1440 bellicas
1194 1401 1321 1456 quae
1391 1385 1778 1441 fundamenta
1844 1386 2061 1441 Roma-

399 1490 611 1531 narum
643 1472 882 1528 urbium
916 1490 1203 1529 concussa
1253 1474 1626 1530 everterunt!
1659 1481 1822 1530 Nunc
1861 1479 2058 1530 autem

400 1561 573 1619 nobis
605 1562 783 1618 urbes
812 1561 873 1617 in
904 1561 1078 1618 ﬁrma
1097 1567 1263 1635 petra
1282 1563 1649 1619 conduntur:
1675 1581 1803 1636 quae
1833 1564 2061 1620 excide‘

399 1656 808 1720 runt,rursum
842 1651 970 1723 pari
1001 1667 1248 1707 numero
1280 1652 1589 1724 eriguntur
1615 1670 1628 1722 ;
1658 1669 1785 1725 quae
1816 1671 1951 1709 vero
1984 1654 2057 1708 ti-

400 1740 638 1797 mebant
691 1756 764 1795 ne
821 1739 1116 1806 caderent,
1178 1739 1426 1796 ﬁrmiter
1486 1741 1725 1797 munitae
1786 1741 2057 1798 corrobo-

398 1832 645 1887 rantur:
677 1831 965 1884 sexcentis
1012 1844 1172 1897 vero,
1222 1845 1324 1901 pro
1375 1832 1740 1899 necessitate,
1790 1831 2057 1888 turribus

2172 661 2638 738 ἀπαλλαγήσεται,
2690 663 2836 725 Τίνες
2879 660 2939 716 ἃν
2991 661 3126 730 ἦσαν
3180 660 3231 715 οἱ
3279 659 3667 739 μεγαλόφωνοι
3698 663 3830 719 Ἔλ-

2172 749 2354 823 ληνες,
2405 754 2504 822 τήν
2554 751 2641 806 ἐπὶ
2700 748 3062 808 Ἀνταλκίδου
3114 749 3269 822 νίκην
3328 751 3417 806 καὶ
3476 751 3578 821 τὴν
3634 750 3832 817 ἐκεῖθεν

2172 840 2393 915 εἰρήνην
2430 841 2861 919 ὑψηγοροῦντες,
2896 840 3059 909 είτὴν
3110 840 3228 894 καθ’
3275 842 3424 913 ἡμᾶς
3474 840 3827 916 ὲωράκεισαν·

2171 930 2312 985 ὅπου
2341 935 2565 986 τοιαῦτα
2606 931 2673 985 τά
2728 935 2829 1000 τῆς
2878 929 3056 1001 νίκης,
3107 929 3181 992 ὡς
3231 935 3404 984 πᾶσαν
3450 935 3555 1004 γῆν
3609 927 3827 1006 περιελο

2170 1022 2301 1092 θεῖν,
2333 1019 2426 1075 καὶ
2468 1021 2567 1089 τὴν
2624 1018 2843 1095 εἰρήνην
2893 1014 3039 1095 ἔχειν
3074 1018 3412 1095 σύντροχον;
3458 1015 3588 1074 Ἡδὺ
3622 1020 3721 1091 μὲν
3747 1021 3832 1075 καὶ

2172 1108 2415 1173 θάλασσα
2446 1112 2691 1186 φυγοῦσα
2720 1112 2990 1184 χειμῶνα,
3043 1105 3132 1162 καὶ
3186 1107 3325 1182 πρὸς
3356 1107 3576 1185 ἐαρινὴν
3626 1106 3828 1163 ἄπλου-

2174 1209 2306 1280 μένη
2343 1206 2616 1282 γαλήνην,
2667 1206 2757 1261 καὶ
2799 1207 2898 1276 τὴν
2944 1203 3217 1275 ἐπιπολὴν
3260 1204 3570 1279 ἀκύμαντον
3629 1226 3826 1281 παραυ-

2167 1296 2423 1373 γάζουσα⁶
2457 1298 2517 1351 τὸ
2564 1297 2654 1351 σὸν
2701 1292 2758 1350 δὲ
2805 1297 2940 1368 ἡμῖν
2984 1293 3074 1370 ἔαρ
3120 1298 3306 1364 τοῦτο,
3353 1293 3506 1364 καὶὴ
3556 1299 3671 1363 τῆς
3717 1314 3823 1371 χειο

2173 1386 2365 1462 μερίου
2417 1384 2604 1461 μάχης
2652 1383 2937 1457 ἀπόλυσις,
2986 1382 3074 1438 καί
3111 1384 3176 1438 τὸ
3220 1386 3322 1453 τῆς
3373 1382 3604 1457 εἰρήνης
3660 1384 3823 1458 γαλη-

2168 1481 2313 1530 ναῖον
2370 1475 2469 1530 οὐκ
2512 1470 2651 1529 ἔστιν
2698 1475 2728 1529 ’ὁ
2777 1495 2828 1529 τι
2893 1473 3056 1550 μέρος
3100 1470 3310 1544 ἡδονῆς
3362 1471 3424 1527 οὐ
3488 1471 3823 1548 παρήλασεν.

2165 1572 2234 1619 νΩ
2257 1562 2518 1637 πολέμων
2582 1562 2825 1633 ἐκείνων,
2884 1561 2937 1616 ἰν
3000 1564 3085 1625 οἷς
3141 1562 3280 1617 ἅπαν
3308 1558 3588 1635 πολέμιον
3629 1560 3714 1623 οἷς
3743 1582 3824 1638 φυ-

2168 1654 2272 1729 γήν
2360 1653 2799 1728 ἀμετάστρεπτον
2850 1647 3096 1727 ἔτρεψας.
3188 1651 3253 1706 Ὠ
3330 1647 3701 1726 καταιγίδων,
3776 1651 3828 1713 ἇς

2166 1744 2302 1816 ἡμῖν
2362 1741 2438 1803 εἷς
2496 1741 2705 1818 αἶ’θρίαν
2762 1736 3057 1818 ἔστρεψας.
3108 1741 3175 1794 Ὤ
3232 1737 3555 1812 πολεμικῶν
3618 1736 3822 1795 ἐκείνων

2167 1835 2428 1904 σεισμῶν,
2490 1827 2542 1884 o'i
2596 1828 2725 1893 τοὺς
2801 1827 3095 1902 θεμελίους
3158 1833 3267 1884 τῶν
3344 1829 3683 1901 Ῥωμαϊκῶν
3738 1827 3826 1882 πό-

398 1917 799 1974 instruuntur.
860 1915 1132 1989 Praeripis
1190 1918 1343 1973 enim
1407 1918 1465 1973 in
1518 1919 1649 1975 istis
1702 1936 1793 1975 res
1824 1921 2056 1976 futuras

2170 1918 2310 1975 λεων
2358 1919 2425 1988 ἧν
2499 1918 2589 1974 ὅτε
2652 1918 3117 1993 ὐπονομεύσαντες
3149 1915 3577 2019 ’ἀνερρήγνυοω
3663 1913 3829 2019 Ἀλλᾶ

396 2005 564 2063 οουΙο
594 2006 937 2078 perspicaci.
970 2006 1060 2062 Sic
1092 2006 1364 2063 hostibus
1395 2024 1635 2080 gressus
1665 2009 2013 2081 supplantas
2040 2036 2085 2087 ς,

397 2104 483 2162 sic
513 2103 661 2177 ipsis
693 2108 913 2160 terram
973 2103 1200 2160 metiris
1254 2112 1608 2177 angustam;
1646 2107 1730 2163 sic
1780 2104 1897 2163 illis
1936 2124 2070 2163 con.

394 2193 585 2250 trahis
641 2193 1056 2250 habitationes.
1113 2194 1385 2251 Stimulis
1438 2196 1679 2267 quidem
1725 2197 1930 2253 ferreis
1960 2196 2063 2252 ho-

402 2282 588 2338 stium
617 2298 861 2353 campos
889 2282 1192 2352 stravisse,
1224 2288 1292 2339 ut
1322 2282 1440 2339 illis
1488 2285 1666 2356 pedes
1697 2284 1868 2344 defixi
1899 2283 2060 2340 falle-

402 2377 633 2440 rentur,
659 2375 717 2427 et
748 2370 869 2427 sale
900 2372 1231 2428 consevisse
1281 2388 1455 2444 agros
1487 2374 1717 2441 uberes,
1752 2377 1815 2428 ut
1856 2373 2065 2430 sterili-

401 2464 586 2516 tatem
616 2458 764 2532 ipsis
795 2460 1050 2532 prol'erat
1081 2469 1232 2517 terra
1264 2461 1429 2533 prius
1476 2462 1743 2528 fecunda,
1780 2467 1837 2517 et
1868 2464 2060 2519 foveas

411 2546 726 2604 sutfcdisse
755 2549 814 2603 in
847 2549 1082 2620 pedicas
1111 2555 1232 2605 tam
1256 2567 1542 2622 equorum
1567 2568 1745 2622 quam
1777 2552 2057 2617 virorum.

405 2641 463 2693 et
493 2653 679 2709 aquas
706 2653 931 2693 veneno
990 2640 1344 2710 corrupisse,
1394 2657 1744 2712 generosum
1792 2641 1939 2696 nihil
1970 2646 2060 2699 est

399 2724 461 2781 in
491 2725 625 2782 istis
656 2725 976 2799 (quomodo
1025 2728 1183 2783 enim
1235 2745 1585 2802 generosum
1620 2734 1773 2801 quod
1810 2733 2055 2786 fraudu-

391 2813 628 2871 lentum
648 2814 677 2870 ‘I
703 2816 1000 2887 quomodo
1030 2815 1199 2872 virile
1243 2818 1401 2889 quod
1450 2817 1718 2874 dolosum
1762 2824 1852 2874 est
1871 2819 1919 2891 γ)
1952 2836 2057 2876 nec

395 2902 671 2961 victimas
729 2903 939 2977 laqueo
998 2904 1316 2975 interimi;
1377 2913 1612 2979 tempus
1674 2908 1832 2964 enim
1891 2909 2058 2965 breve

397 2992 516 3049 ista
554 2993 625 3048 ad
666 2993 844 3049 ﬁnem
886 2995 1167 3063 adduxit;
1226 2996 1328 3052 sed
1387 2996 1650 3053 Romana
1687 2997 1963 3069 praesidia
2000 3003 2059 3054 et

403 3082 580 3139 urbes
646 3083 955 3157 armigeris
1020 3085 1161 3142 viris
1228 3086 1479 3158 repletas
1547 3104 1648 3158 per
1713 3093 1894 3144 totam
1955 3090 2055 3144 ad-

396 3172 796 3229 versariorum
893 3178 1108 3230 terram
1202 3176 1647 3248 dissemiuasse,
1723 3178 1833 3234 hoc
1916 3194 2058 3234 sane

400 3274 550 3332 opus
580 3265 708 3318 erat
734 3266 859 3318 arte
887 3261 1097 3319 bellica
1140 3264 1409 3336 dignum.
1445 3265 1609 3321 Istud
1657 3265 1816 3322 haud
1858 3267 2055 3323 minus

2175 2012 2264 2064 νῦν
2315 2011 2450 2082 ἡμῖν
2510 2007 2594 2063 ἐπ’
2659 2006 2934 2086 ἀσφαλοῦς
2985 2007 3039 2061 αἱ
3091 2004 3285 2068 πόλεις
3360 2000 3640 2078 ἵδρυνται,
3720 2005 3828 2059 ὅσαι

2178 2107 2273 2180 μὲν
2352 2106 2666 2180 κατέπεσον,
2741 2106 3032 2160 ἀναστᾶσαι
3095 2103 3171 2166 εἰς
3247 2102 3498 2178 ἀριθμόν·
3568 2100 3699 2157 ὅσαι
3772 2098 3823 2156 δὶ

2175 2190 2345 2274 φόϐον
2402 2196 2553 2272 εἶχον
2609 2197 2707 2251 τοῦ
2753 2199 2958 2268 πεσεῖν,
3004 2193 3327 2271 ὲρεισθεῖσαι
3356 2191 3449 2246 καὶ
3495 2197 3820 2246 καταστᾶσαι

2173 2270 2251 2350 εἷς
2290 2270 2547 2362 ἀσφαλες·
2603 2283 2789 2359 μυρίαι
2834 2281 2893 2338 δὲ
2945 2270 3039 2338 καὶ
3083 2281 3143 2337 ὲκ
3188 2287 3379 2351 καινῆς
3431 2281 3820 2357 πυργωθεῖσαι,

2171 2374 2331 2473 ὅπου,
2376 2373 2606 2473 καίριον.
2665 2373 3041 2473 Προαρπάζειις
3097 2370 3198 2446 γὰρ
3244 2369 3515 2473 κάντριῦθα
3571 2367 3822 2473 coniti)“

2172 2463 2267 2519 λον
2302 2458 2511 2536 ὄμματι
2544 2459 2858 2537 διοράσεως.
2920 2459 3079 2518 Οὕτω
3122 2464 3241 2522 τοῖς
3295 2457 3519 2534 ἐχθροῖς
3564 2453 3824 2533 σφάλλει(

2166 2553 2261 2614 τὰς
2313 2552 2514 2628 βάσεις’
2574 2550 2717 2606 οὕτω
2769 2552 2870 2619 τήν
2897 2557 3003 2626 γῆν
3035 2550 3222 2611 αὐτοῖς
3259 2552 3475 2625 μετρεῖς
3508 2545 3585 2609 εἷς
3627 2545 3820 2623 βραχύ·

2170 2641 2312 2696 οὕτω
2376 2646 2731 2716 στενοχωρεῖς
2784 2640 3009 2701 ἐκείνοις
3063 2639 3164 2707 τὴν
3206 2636 3422 2707 οἴκησιν
3457 2681 3470 2693 ,
3528 2631 3823 2709 Τριϐόλοις

2171 2731 2265 2804 μὲν
2327 2731 2418 2784 οὗν
2476 2727 2725 2805 σιδηροῖς
2753 2730 2852 2798 τὴν
2884 2732 2991 2783 τῶν
3025 2725 3315 2801 πολεμίων
3365 2726 3678 2780 καταπάσαι
3734 2744 3820 2778 πε-

2168 2818 2347 2890 διάδα,
2395 2820 2469 2881 ὡς
2521 2818 2581 2873 ἆν
2643 2817 2726 2889 εἴη
2775 2817 3000 2880 ἐκείνοις
3059 2814 3411 2893 ἐμπείρεσθαι
3442 2813 3534 2869 καὶ
3586 2814 3683 2877 τὰς
3731 2810 3817 2889 βά-

2167 2931 2277 2966 σεις
2334 2907 2691 2988 σφάλλεσθαιο
2749 2908 2839 2963 καὶ
2890 2904 3052 2962 ἅλατι
3114 2910 3467 2980 κατασπεῖραι
3515 2905 3621 2974 τὴν
3683 2901 3813 2977 ἀρώ-

2168 3020 2353 3072 σιμον,
2408 2998 2482 3061 ὡς
2534 2995 2592 3053 ἄν
2640 2995 2908 3073 ἀκαρπίαν
2952 2997 2987 3067 ἠ
3041 2992 3299 3069 ζείδωρος
3358 2991 3547 3069 ἐνέγκῃ
3617 2992 3807 3053 αὐτοῖς’

2165 3088 2254 3142 καὶ
2309 3086 2571 3161 βοθύνους
2622 3084 2898 3161 ὑπωρύξαι
2943 3084 3022 3147 εἷς
3068 3080 3352 3158 ποδάγρας
3392 3079 3585 3136 ’ίππων
3632 3102 3688 3136 τε
3729 3077 3805 3133 καὶ

2166 3173 2396 3253 ἀνδρῶν’
2447 3174 2538 3230 καὶ
2582 3172 2749 3230 ὕδατα
2796 3173 3067 3251 φαρμάκῳ
3097 3168 3467 3243 δηλήσασθαι,
3528 3166 3647 3224 οῦνε
3690 3187 3791 3240 γεν-

2166 3270 2316 3321 ναῖον
2369 3262 2525 3320 οὐδὲν
2577 3286 2628 3319 τι
2685 3263 2915 3335 τούτων,
2962 3266 3093 3334 (ποῦ
3139 3260 3240 3338 γὰρ
3293 3264 3549 3336 γενναῖον
3572 3258 3624 3314 τὸ
3646 3254 3791 3310 ὅπου·

401 3367 467 3409 ac
500 3352 756 3410 murices
795 3353 1056 3411 inimicis
1105 3355 1282 3412 urbes
1339 3356 1601 3414 munitas
1659 3358 1886 3415 evertit.
1928 3357 2055 3414 Fal-

2170 3354 2288 3423 λον,
2318 3358 2424 3408 ποῦ
2455 3350 2511 3408 δὲ
2544 3350 2787 3428 ἀνδρεῖον
2820 3351 2883 3406 τὸ
2911 3348 3096 3406 δόλιον
3127 3351 3168 3424 ;)
3214 3348 3304 3405 καί
3355 3345 3485 3404 οὐδὲ
3523 3350 3658 3403 πάνυ
3681 3342 3800 3418 πρὸς

402 3438 472 3496 lit
526 3441 687 3498 enim
747 3441 833 3499 eis
899 3444 970 3499 ad
1037 3444 1418 3501 insolentiam
1475 3463 1734 3519 gressus,
1773 3452 2055 3520 quemad-

402 3529 651 3587 modum
707 3529 914 3587 salinm
972 3532 1033 3588 in
1102 3538 1262 3590 terra
1316 3534 1711 3592 Barbarorum
1787 3553 2056 3593 exercen—

402 3620 522 3685 tur,
581 3617 666 3674 ita
731 3622 797 3674 ut
863 3636 982 3676 non
1072 3620 1328 3678 habeant
1397 3621 1484 3678 illi
1551 3624 1758 3681 solitas
1826 3624 2057 3682 telluris

398 3704 601 3777 fruges
666 3708 991 3780 percipere,
1059 3714 1117 3765 et
1217 3709 1573 3768 altissimam
1658 3714 1899 3769 suffodit
1972 3714 2058 3770 fo-

400 3809 570 3851 veam
628 3811 748 3867 qua
810 3798 868 3850 iu
936 3798 1237 3854 interitum
1300 3800 1710 3873 detrahuntur,
1773 3788 2055 3874 tanquam

401 3882 624 3940 lethale
680 3901 971 3941 venenum
1041 3886 1337 3960 impingit,
1398 3890 1577 3945 vitam
1642 3906 1846 3946 eorum
1914 3891 2062 3962 peri-

405 3970 558 4029 culis
589 3971 1033 4043 circumdando,
1066 3980 1125 4032 et
1179 3976 1384 4033 breves
1429 3977 1548 4034 illis
1579 3978 1704 4034 dies
1745 3979 2060 4036 metiendo.

404 4069 660 4129 Tantum
685 4074 743 4128 te
771 4072 991 4145 experti
1022 4076 1163 4130 sunt
1205 4074 1569 4144 bellatorem,
1622 4092 1857 4150 semper
1882 4078 2063 4135 victo-

407 4176 560 4231 rem,
591 4160 1072 4230 solertissimum,
1104 4163 1292 4221 multa
1321 4169 1445 4222 arte
1473 4165 2062 4238 praeditum,urbium

407 4248 803 4322 obsessorem,
837 4267 1065 4308 necnon
1095 4250 1490 4324 defensorem,
1523 4254 1622 4326 qui
1671 4256 1869 4312 omnia
1897 4262 2063 4328 potes

409 4339 774 4398 confortante
804 4343 861 4397 te
888 4340 1165 4399 Deo.Ideo
1195 4343 1529 4415 superbiam
1566 4345 1984 4417 deposuerunt,
2007 4351 2066 4402 et

402 4430 471 4489 in
500 4430 841 4488 servitutem
868 4431 976 4488 tibi
1008 4432 1228 4490 redacti
1255 4434 1628 4491 sunt.Sciunt
1654 4435 1933 4509 praeclara
1961 4441 2064 4493 tua

409 4520 691 4591 facinora,
726 4538 943 4595 magna
971 4523 1165 4580 sciunt
1195 4541 1527 4597 opera,quaa
1559 4526 1672 4596 ipsi
1703 4534 1835 4583 ante
1859 4543 2064 4584 omnes

408 4611 633 4683 experti
666 4615 809 4668 sunt
829 4628 944 4669 non
966 4611 1243 4686 ignorant
1263 4619 1563 4686 gestorum
1585 4615 1903 4687 egregia,et
1918 4621 2068 4672 vete-

2166 3443 2411 3518 ἀγχόνην
2459 3444 2675 3521 σφίγγει
2726 3440 2821 3497 τὸν
2894 3435 3412 3513 ἐπιϐουλευόμενον·
3466 3437 3667 3515 χρόνος
3717 3434 3811 3521 γὰρ

2163 3536 2332 3587 ταῦτα
2398 3519 2608 3606 βραχὺς
2655 3529 2940 3606 ἀπήγαγε.
2995 3527 3242 3603 Φρούρια
3292 3524 3351 3581 δὶ
3401 3523 3688 3599 Ῥωμαίκὰ
3732 3519 3815 3576 καὶ

2165 3620 2358 3683 πόλεις
2388 3614 2716 3697 ὁπλοφόρων
2773 3614 2982 3695 ἀνδρῶν
3041 3614 3133 3672 διὰ
3190 3617 3371 3686 πάσης
3399 3622 3503 3685 τῆς
3532 3618 3645 3669 τῶν
3710 3612 3823 3667 ὑπε-

2164 3706 2392 3765 ναντίων
2451 3714 2553 3784 γῆς
2612 3705 2954 3780 διασπεῖραι,
3015 3704 3163 3763 ἀλλὰ
3210 3708 3374 3760 τοῦτο
3434 3703 3643 3773 θετέον,
3705 3701 3823 3755 ὅποι

2165 3818 2249 3860 τις
2301 3795 2558 3874 βούλεται
2623 3799 2984 3873 στρατηγικοῦ
3037 3794 3465 3869 μηχανήματος.
3517 3795 3694 3846 Τοῦτο
3741 3787 3824 3843 καὶ

2168 3888 2304 3942 κατά
2361 3881 2655 3961 τριϐόλους
2724 3887 2822 3947 τὰς
2888 3882 3367 3960 ἐπιτειχιζομένας
3436 3881 3636 3943 πόλεις
3683 3876 3828 3934 κατέ-

2170 3996 2378 4053 στρωσε
2422 3981 2538 4038 τοῖς
2583 3974 2844 4052 ἐχθροῖς.
2897 3970 3146 4050 Σφάλλει
3187 3972 3289 4048 γὰρ
3340 3969 3571 4031 ἐκείνοις
3627 3969 3700 4023 τὰ
3755 3965 3829 4030 εἷς

2170 4072 2353 4130 ἄνετον
2409 4069 2763 4146 διαϐήματα,
2808 4072 2898 4127 καὶ
2968 4072 3042 4133 ὡς
3091 4071 3203 4126 οἷον
3255 4068 3535 4143 ἁλοπήγια
3592 4073 3665 4137 τῆ
3726 4069 3830 4120 τῶν

2175 4158 2461 4240 βαρϐάρων
2537 4164 2810 4237 πήγνυται
2883 4164 2978 4236 γῇ,
3040 4159 3123 4221 οἷς
3190 4159 3293 4213 οὐκ
3348 4152 3573 4233 ἔχουσιν
3637 4154 3833 4210 ἐκεῖνοι

2167 4253 2235 4308 τὰ
2299 4254 2509 4322 σηνήθη
2577 4258 2742 4327 γῆθεν
2793 4249 3189 4325 καρπίζεσθαι.
3258 4247 3569 4322 Ἀνοίγεται
3628 4242 3692 4300 δὲ
3748 4243 3836 4298 καὶ

2174 4341 2352 4416 ὥσπερ
2384 4340 2458 4403 εἷς
2493 4342 2792 4416 βαθυτατον
2848 4339 3093 4414 βόθυνον,
3142 4336 3225 4392 ὅτι
3273 4335 3364 4391 καὶ
3407 4338 3664 4405 κατασπᾷ
3703 4333 3836 4410 πρὸς

2174 4428 2418 4507 ὄλεθρον.
2462 4427 2841 4505 Φαρμάττεται
2880 4425 2938 4483 δὲ
2983 4426 3074 4483 καὶ
3125 4427 3197 4489 ὡς
3247 4424 3322 4488 εἷς
3382 4420 3739 4499 δηλητήριον
3774 4419 3841 4476 δι’

2174 4522 2247 4575 ὧν
2280 4523 2531 4595 περιιστᾷ
2583 4520 2673 4572 τὸν
2707 4515 2954 4572 κίνδυνον
2988 4516 3065 4579 εἷς
3118 4516 3182 4571 τὸ
3237 4518 3358 4589 ζῇν,
3408 4512 3501 4568 καὶ
3534 4511 3615 4574 εἷς
3657 4509 3840 4589 βραχὺ

2177 4614 2363 4685 μετρεῖ
2407 4607 2498 4663 τὸν
2549 4606 2665 4682 βίον
2718 4606 2926 4668 αὐτοῖς.
2987 4605 3260 4662 Τοιούτου
3319 4601 3685 4677 πεπείρανταί
3745 4622 3838 4656 σου

406 4716 542 4756 rum
569 4715 731 4756 more
754 4717 959 4775 regum
982 4701 1214 4773 illus,ut
1241 4703 1325 4758 ita
1347 4701 1538 4758 dicam
1572 4703 2061 4773 mutilantium,tu

2181 4701 2457 4773 μαχητοῦ,
2509 4697 2773 4758 νικῶντος
2828 4694 2945 4764 ἀεὶ,
3004 4693 3372 4768 εὑμηχάνου,
3423 4688 3840 4766 πολυμηχάνου

415 4788 613 4845 media
641 4788 761 4846 illis
791 4792 969 4848 corda
1016 4790 1380 4865 percussisti.
1416 4792 1648 4864 Experti
1681 4798 1821 4849 sunt
1851 4810 2064 4850 manus

410 4882 548 4934 tuas
575 4877 989 4950 invincibiles;
1021 4884 1081 4936 te
1110 4880 1444 4937 didicerunt
1485 4886 1542 4936 et
1578 4880 1637 4936 in
1670 4880 1931 4938 consiliis
1959 4884 2066 4939 ad-

414 4965 748 5024 mirabilem
779 4985 959 5043 super
986 4969 1141 5026 ﬁlios
1169 4969 1567 5038 hominum,et
1591 4970 1649 5025 in
1673 4969 1840 5028 bellis
1863 4976 2065 5045 poten-

416 5059 536 5113 tem
589 5073 815 5114 necnon
864 5058 1349 5132 insuperabilem,
1398 5058 1596 5116 anima
1628 5059 2063 5131 fulminantem,

415 5154 657 5212 dextera
683 5159 1007 5225 tonantem,
1058 5163 1393 5229 promptum
1446 5157 1504 5214 in
1554 5158 1937 5230 consiliando,
1969 5176 2067 5214 ve-

410 5242 601 5302 locem
660 5243 721 5302 in
780 5246 1101 5317 equitando
1154 5263 1438 5319 armaque
1495 5248 1817 5317 educendo,
1868 5250 1951 5305 ita
2003 5251 2071 5302 ut

414 5349 590 5392 nemo
621 5332 729 5391 tibi
760 5335 1087 5393 antecellat.
1124 5336 1192 5393 Et
1222 5336 1330 5392 hoc
1376 5341 1503 5394 erat
1544 5338 1684 5393 ordo
1723 5336 1983 5409 optimus
2012 5340 2070 5392 et

410 5423 656 5495 sequela
686 5429 931 5482 naturae.
962 5424 1108 5483 Nam
1138 5442 1313 5498 quem
1345 5425 1460 5497 ipsi
1483 5425 1763 5482 eximium
1792 5426 2070 5482 videbant

413 5510 475 5567 in
506 5512 784 5583 primitiis
817 5514 947 5582 viri,
981 5531 1115 5571 cum
1147 5516 1411 5572 nondum
1456 5515 1646 5587 gratia
1677 5515 1906 5588 physici
1934 5531 2067 5588 gra-

413 5599 597 5657 minis
629 5608 803 5660 enata
834 5603 1182 5675 floresceret,
1211 5620 1318 5660 nec
1338 5603 1539 5660 vultus
1569 5610 1803 5676 pratum
1836 5621 2069 5677 percur-

417 5691 590 5754 reret,
620 5691 856 5759 qualem
888 5709 1024 5749 eum
1073 5698 1243 5749 erant
1285 5693 1599 5763 experturi,
1642 5694 1876 5764 quando
1916 5698 2066 5748 Deus

419 5769 594 5831 illum
622 5774 684 5832 in
715 5779 1129 5849 perfectionem
1177 5780 1286 5837 viri
1318 5780 1621 5853 provexit?
1647 5786 1796 5838 Sane
1827 5781 2067 5838 omnino

2175 4784 2572 4862 πολιορκητοῦ,
2640 4782 2980 4860 πολιούχου,
3059 4783 3234 4837 πάντα
3303 4778 3599 4855 ἷ’σχύοντος
3655 4779 3713 4834 ὲν
3767 4782 3843 4850 τῷ

2175 4872 2563 4950 ἐνδυναμοῦντί
2633 4895 2689 4930 σε
2746 4877 2863 4944 Θεῷ
2898 4916 2911 4931 .
2990 4869 3217 4945 Ἀμέλει
3295 4868 3389 4925 καὶ
3445 4869 3841 4944 καθαιροῦνται

2173 4973 2272 5035 τῆς
2328 4964 2513 5040 ὀφύος,
2546 4965 2633 5018 καὶ
2694 4962 2770 5025 εἷς
2828 4958 3078 5016 δουλείαν
3137 4980 3222 5015 σοι
3276 4957 3721 5031 καθυπάγονται.
3755 4953 3840 5011 Οἵο

2176 5054 2295 5109 δασι
2360 5055 2452 5121 μὲν
2500 5051 2590 5107 οῦν
2638 5050 2793 5107 αὐτοὶ
2835 5051 2904 5105 τὰ
2947 5053 3173 5105 τοιαῦτα
3201 5050 3611 5124 πρωτοπαθῶς·
3666 5044 3840 5102 οἴδασι

2174 5151 2269 5213 τὰς
2326 5151 2418 5213 σὰς
2476 5148 2771 5221 ἀριστείας,
2832 5148 2914 5210 οἷς
2973 5145 3126 5202 αὐτοὶ
3185 5140 3427 5204 ἔπαθον.
3490 5140 3701 5202 Οἴδασι
3760 5142 3846 5202 τὰς

2181 5238 2578 5315 μεγαλουργίας
2610 5258 2622 5272 ·
2707 5237 2805 5292 οὐκ
2857 5235 3107 5312 ἀγνοοῦσι
3160 5234 3228 5289 τὰ
3280 5237 3389 5288 τῶν
3450 5226 3631 5308 ἔργων
3688 5229 3840 5308 τερά⁸

2178 5350 2350 5396 στεια,
2397 5330 2487 5383 καὶ
2539 5328 2636 5398 ὡς,
2692 5330 2799 5383 τῶν
2831 5323 3004 5381 πάλαι
3059 5320 3327 5400 βασιλέων
3390 5320 3841 5397 ἀκρωτηριαζόν-

2173 5440 2281 5474 των
2317 5416 2429 5473 οἷον
2464 5415 2677 5485 αὐτοὺς,
2725 5414 2788 5470 σὺ
2839 5413 3003 5489 μισας
3056 5412 3246 5475 αὐτοῖς
3275 5410 3372 5473 τὰς
3430 5406 3667 5485 καρδίας
3717 5406 3840 5464 ἐπάο

2173 5508 2334 5579 ταξας
2369 5550 2382 5565 .
2443 5503 2838 5582 Ἐπειράθησάν
2897 5524 2992 5558 σου
3061 5505 3171 5557 τῶν
3217 5499 3508 5571 ἀηττήτων
3576 5501 3793 5573 χειρῶν
3828 5539 3841 5553 .

2176 5596 2416 5670 Ἐμαθόν
2450 5615 2526 5668 σε,
2585 5594 2675 5650 καὶ
2723 5593 2775 5649 ἐν
2832 5589 3060 5671 βουλαῖς
3119 5589 3433 5663 θαυμαστὸυ
3495 5586 3631 5662 ὑπὲρ
3691 5584 3842 5645 υἱοὺς

2175 5686 2501 5761 ἀνθρώπων,
2551 5684 2643 5739 καὶ
2690 5682 2743 5740 ἐν
2790 5680 3060 5756 πολέμοις
3098 5678 3354 5757 κραταιὸν
3406 5677 3497 5733 καὶ
3551 5676 3841 5750 ἀπρόσμα-

2176 5796 2302 5855 χον’
2371 5775 2711 5850 πρηστήρων
2793 5773 2888 5838 τὰς
2967 5769 3163 5851 φρένας
3246 5761 3654 5847 κεραυνοϐόλον
3744 5762 3838 5829 τὰς
