4060 6352
305 439 423 500 945
1220 438 1662 500 ALLOCUTIO
1707 440 1810 500 AD
1858 440 2299 502 MANUELEM
2343 440 2810 504 COMNENUM.
3613 441 3730 501 946

299 577 494 648 χεῖρας
528 590 541 603 ·
603 571 723 642 ὀξὺν
810 569 1206 646 βουλεύσασθαι
1243 590 1257 604 ’
1345 569 1516 646 ταχὺν
1600 570 1932 638 ἱππάσασθαι

2069 575 2248 632 talem
2280 578 2382 648 qui
2414 577 2680 634 cladibus
2713 594 2949 634 omnem
2981 594 3182 634 eorum
3227 576 3534 650 castigavit
3562 577 3726 632 inso-

298 659 448 716 ὅπλα
506 658 565 715 δὲ
622 661 869 736 ἄρασθαι,
930 662 1044 714 οἷον
1103 657 1282 722 οὐδεὶς
1340 661 1721 732 ὑποστησεται.
1751 662 1856 718 Καὶ
1895 662 1938 730 ἧι

2072 664 2335 720 lentiam.
2370 667 2535 720 Talia
2568 667 2748 738 igitur
2770 667 2967 722 sciunt
2999 667 3079 721 illi
3131 671 3400 739 terraque
3430 665 3723 722 universa.

295 754 459 804 τοῦτο
518 749 668 820 τάξις
726 749 917 825 ἀρίστη
977 749 1066 803 καὶ
1126 747 1425 803 ἀκολουθία
1483 749 1719 826 φύσεως.
1784 757 1875 805 Ὃν
1933 752 2033 825 γὰρ
2091 750 2241 805 αὐτοὶ
2272 751 2489 826 ἀριστέα
2522 751 2662 807 εἶδον
2721 753 2770 807 ἐν
2830 752 3148 829 προοιμίοις
3178 752 3390 829 ἀνδρὸς,
3425 751 3514 808 ὅτε
3550 755 3722 826 μήπω

299 837 442 912 μηδὲ
494 838 658 915 χάρις
713 837 892 914 χλόης
954 842 1186 916 φυσικῆς
1245 837 1615 893 ἀνατέλλουσα
1671 837 1847 908 ἤνθει,
1902 841 1988 894 καὶ
2051 840 2140 894 τὸν
2198 844 2293 894 τοῦ
2350 843 2647 915 προσώπου
2709 847 2954 915 Λειμῶνα
3005 843 3342 920 περιέτρεχε,
3385 841 3502 896 ο“ίου
3559 837 3724 915 ἔμελ-

296 927 397 983 λον
451 927 649 982 τούτου
721 927 1116 1002 πειράσασθαι,
1178 925 1266 982 ὅτε
1324 925 1454 989 Θεὸς
1513 928 1674 982 αὐτὸν
1757 927 1844 981 καὶ
1923 927 1998 990 εἰς
2065 925 2258 1004 ἀνδρὸς
2334 928 2596 984 ἐντέλειαν
2673 928 2938 1001 Eat-qam;
2998 937 3065 986 Ἢ
3140 932 3358 993 πάντως
3429 931 3723 990 τοιούτου.

295 1013 414 1071 ο⁹ίου
469 1017 568 1085 τὴν
631 1015 844 1070 ἐκείνων
923 1016 1129 1071 ἅπασαν
1211 1015 1542 1094 σωφρονίσαι
1621 1016 1812 1089 μανίαν
1890 1015 2211 1091 τραύμασιν.
2272 1016 2463 1074 ΟἹδασι
2549 1024 2740 1092 μενοῦν
2795 1019 2991 1076 ἐκεῖνοι
3056 1024 3242 1090 ταῦτα,
3301 1020 3390 1075 καὶ
3447 1026 3518 1096 γῆ
3576 1017 3632 1074 δὲ
3687 1023 3722 1090 ὴ

296 1105 358 1158 σύ
367 1126 570 1179 μπασα.

397 1213 408 1229 ’
461 1213 475 1234 ι
575 1211 587 1226 ‘
840 1210 855 1234 κ
953 1210 967 1230 ‘
1055 1218 1088 1242 .~
1230 1213 1242 1232 ν
1314 1213 1324 1231 ν
1545 1212 1558 1230 ν
1637 1216 1660 1231 ν-
1727 1212 1740 1230 ς
1821 1207 1851 1234 ρ

365 1231 429 1274 ς.
479 1217 606 1286 Εγω
657 1209 715 1266 δὲ
766 1232 856 1266 και
910 1233 976 1266 τα
1022 1232 1122 1280 της
1173 1215 1450 1286 Ευρωπης
1501 1234 1686 1274 αυτοις
1717 1214 1954 1282 αναοοή-

293 1321 482 1372 σομαι,
534 1300 642 1376 οὐχ
691 1301 774 1355 ὅτι
822 1302 896 1373 μὴ
941 1299 1030 1355 καὶ
1079 1305 1250 1356 ταῦτα
1299 1298 1498 1357 οἴδασι.
1549 1307 1674 1364 Πῶς
1731 1303 1834 1377 γὰρ
1886 1302 1954 1370 ἧν

289 1388 380 1444 καὶ
434 1387 641 1457 λαθεῖν,
694 1383 819 1452 ἔνθα
868 1391 902 1458 ἡ
953 1391 1112 1466 φήμη
1165 1389 1272 1444 τῶν
1321 1390 1599 1464 τροπαίων
1653 1390 1729 1453 εἷς
1780 1395 1950 1446 πᾶσαν

290 1485 394 1554 γῆν
447 1481 813 1554 περιήχηται,
871 1478 960 1533 καὶ
1019 1480 1102 1550 (τὸ
1161 1479 1524 1554 ὑμνούμενον)
1584 1482 1716 1549 ὧζεν
1774 1483 1809 1550 ἠ
1871 1481 1950 1534 οἱ-

289 1568 534 1641 κουμένη
578 1572 682 1622 τῶν
713 1567 764 1623 ἐν
819 1568 1062 1644 Εὐρώπῃ
1113 1566 1401 1642 πολεμίων
1450 1574 1679 1645 νεκρῶν,
1707 1570 1798 1624 καὶ
1844 1574 1952 1624 τῶν

295 1651 645 1733 βαρϐαρικῶν
705 1656 922 1712 ἐκείνων
996 1659 1308 1730 πτωμάτων
1373 1659 1400 1713 ὁ
1460 1658 1628 1720 τύπος
1686 1659 1953 1734 περιῆλθε

289 1746 417 1809 τοὺς
476 1747 792 1822 ἁπανταχοῦ
848 1747 975 1824 γῆς,
1035 1748 1400 1822 περιηχηθεῖς
1458 1746 1534 1811 εἷς
1587 1738 1947 1817 ἐξάκουστον;

290 1837 359 1893 ⁸Ὀ
392 1833 457 1906 δή
509 1857 660 1898 τινος
717 1835 804 1891 ἐπὶ
866 1839 1091 1909 σεισμοῦ
1149 1835 1534 1914 ἐφαντάσαντο,
1598 1839 1948 1899 ὑπονοοῦντες

293 1923 479 2002 λόφων
567 1925 835 1998 ὑψώματα
914 1925 1306 2000 κατενεχθέντα
1362 1932 1463 1994 τῆς
1541 1925 1799 1994 στάσεως,
1858 1925 1946 1979 καὶ

290 2011 626 2086 κατάρξαντα
696 2014 965 2068 τινάσσειν
1025 2014 1119 2087 μὲν
1183 2014 1282 2082 τὴν
1341 2021 1588 2090 προσεχῆ
1646 2017 1745 2089 γῆν
1781 2058 1795 2082 ,
1851 2035 1944 2068 κα-

285 2101 604 2157 τασαλεύειν
663 2099 720 2157 δὲ
774 2103 862 2157 καὶ
932 2100 1030 2156 ὅσα
1087 2101 1356 2177 ἐχόμενα.
1413 2101 1567 2157 Οὕτω
1623 2101 1892 2158 κάνταῦθα
1924 2149 1940 2174 ,

289 2189 434 2260 πλὴν
490 2190 565 2254 εἷς
619 2189 917 2263 ἀλήθειαν,
979 2187 1196 2246 ἔπιπτεν
1256 2191 1673 2266 κατασειόμενον
1725 2191 1881 2264 Εὐρω
1914 2225 1940 2237 -

289 2285 449 2335 παῖον
511 2280 737 2358 ὀφρυόεν
794 2280 1002 2344 ἐθνικὸν
1075 2281 1430 2355 ἐπανάστημα
1463 2325 1478 2352 ,
1534 2281 1625 2335 καὶ
1685 2281 1713 2335 ὁ
1772 2275 1940 2358 φόϐος

289 2369 364 2432 εἷς
397 2369 579 2426 Ἀσίαν
634 2366 888 2440 διέϐαινε,
939 2369 1029 2424 καὶ
1078 2371 1321 2425 κατέσειε
1362 2370 1424 2425 τὸ
1473 2369 1810 2446 ἀλλόφυλον,
1851 2369 1940 2423 καὶ

283 2459 346 2514 τὸ
399 2462 496 2513 τοῦ
567 2457 838 2534 βασιλέως
898 2457 979 2513 ἐπ’
1042 2458 1351 2537 ἀμφοτέρας
1417 2458 1642 2534 βλέμμα
1697 2459 1795 2512 ὅσα
1849 2459 1937 2513 καὶ

284 2551 418 2604 Θεοῦ
475 2547 566 2603 καὶ
619 2548 824 2618 ταύτην
883 2547 1136 2618 κάκείνην
1195 2547 1412 2622 τρέμειν
1468 2546 1669 2604 ἐποίει.
1731 2544 1940 2604 Οὐκοῦν

284 2634 408 2692 οὐδὲ
454 2636 549 2699 τὰς
611 2634 879 2710 δυσμικὰς
938 2637 1225 2709 ἀγνοοῦσιν
1278 2635 1657 2714 ἂριστουργίας
1718 2637 1770 2690 oi
1819 2635 1940 2711 περὶ

282 2733 387 2800 γῆν
453 2725 686 2797 ἐκείνην,
739 2727 804 2797 ἣν
857 2725 1025 2801 ἐφορᾷ
1071 2723 1235 2795 ἥλιος
1284 2728 1620 2804 πρωτοφαής
1677 2725 1940 2780 ἀναπετά-

287 2836 380 2877 σας
411 2815 472 2869 τὸ
531 2813 826 2893 βλέφαρον.
880 2815 985 2871 Καὶ
1028 2815 1094 2884 ἦν
1145 2815 1240 2887 μὲν
1288 2814 1350 2868 οὐ
1400 2815 1536 2888 πρὸς
1591 2813 1822 2890 ἀνάγκης
1875 2814 1942 2868 τὰ

284 2908 505 2958 τοιαῦτα
577 2909 696 2967 τοῖς
786 2904 1130 2978 μεμαθηκόσι
1216 2903 1428 2960 λαλεῖνι
1499 2905 1598 2973 τὴν
1676 2900 1733 2958 δὲ
1800 2904 1938 2976 ἐμὴν

284 2991 533 3067 γλῶσσαν
565 2996 600 3063 ἡ
657 3000 756 3064 τῆς
819 2992 1109 3070 βασιλικῆς
1171 2993 1440 3066 θερμότης
1496 2992 1724 3054 πίστεως
1793 2991 1939 3067 χαλ-

284 3087 430 3137 κεῖον
485 3081 753 3158 ἐχώνευσε
802 3081 973 3138 λάλον
1023 3082 1113 3138 καὶ
1173 3087 1380 3153 σιωπᾷν
1433 3081 1532 3137 οὐκ
1575 3079 1735 3149 εἷδὸς,
1796 3078 1941 3136 ἀλλὰ

281 3170 374 3227 καὶ
423 3176 540 3234 τοῖς
599 3170 767 3228 εἰδόσι
826 3171 1211 3251 φθεγγόμενον,
1243 3172 1332 3226 καὶ
1379 3171 1440 3226 οὐ
1501 3168 1569 3225 δι’
1619 3166 1796 3246 ὄχλου
1851 3191 1939 3245 γι-

280 3259 532 3335 νόμενον.
591 3260 700 3317 Καὶ
729 3260 814 3324 τίς
856 3259 960 3337 γὰρ
1007 3260 1106 3316 οὐκ
1153 3258 1214 3315 ἂν
1249 3258 1338 3316 διὰ
1371 3260 1492 3337 βίου
1523 3256 1937 3314 ἀνακυκλεῖσθαι

275 3351 346 3406 τὰ
375 3347 600 3405 τοιαῦτα
633 3347 894 3426 βούλοιτο
931 3367 945 3419 ;

353 3462 412 3526 ζ’.
449 3451 862 3532 ’Λναϐοήσομαι
919 3454 1098 3511 τοίνυν
1155 3454 1222 3510 τά
1258 3476 1317 3511 τε
1347 3452 1492 3512 ἄλλα
1548 3459 1674 3524 τῶν,
1715 3452 1932 3531 βασιλι-
1965 3430 2008 3497 CI

279 3550 390 3603 κῶν
446 3545 790 3623 Εὐρωπαίων
847 3546 1253 3621 ἀριστευμάτων
1290 3589 1304 3610 ,
1367 3545 1468 3599 ὅσα
1523 3543 1574 3615 ἐξ
1651 3544 1936 3617 ἀμετήτων

276 3635 570 3709 ἀποτεμὼν
607 3636 634 3691 6
683 3635 872 3710 καιρὸς
899 3634 990 3690 καὶ
1041 3635 1154 3689 οἷον
1205 3633 1578 3709 ὑπαγορεύσας
1627 3630 1786 3688 δώσει
1840 3654 1934 3707 μοι

274 3726 682 3804 ἀφηγήσασθαι·
739 3727 824 3779 ναὶ
889 3725 995 3798 μὴν
1057 3724 1146 3779 καὶ
1203 3723 1271 3779 τὰ
1327 3724 1434 3778 τῶν
1491 3721 1817 3796 Δαλματῶν,
1851 3725 1934 3778 ὅτι

274 3818 376 3880 τῆς
435 3812 777 3885 παλαιτάτης
850 3812 1157 3886 αὐτονόμου
1227 3812 1318 3869 καὶ
1367 3812 1522 3868 αὐτοὶ
1601 3813 1934 3886 θρασύτητος

276 3901 688 3977 ἐκλαθόμενοι,
759 3904 850 3958 τὸν
915 3900 1180 3973 δεσπότην
1258 3901 1492 3978 ἐπέγνων
1529 3945 1544 3972 ,
1607 3902 1695 3956 καὶ
1756 3902 1934 3957 οὐκέτι

279 3991 562 4068 ἐλεύθερον
603 3990 888 4066 βλέπουσι.
925 3989 1180 4049 Μάλιστα
1215 3993 1307 4064 μὲν
1364 3988 1454 4045 οῦν
1497 3989 1775 4064 ἐλεύθερον
1811 3991 1932 4045 ἀνα-

278 4080 630 4136 πεταννύουσι
698 4079 988 4158 βλέφαρον,
1050 4081 1139 4133 καὶ
1192 4084 1299 4134 τῶν
1361 4074 1544 4152 φόϐων
1599 4078 1783 4140 αὐτοῖς
1835 4075 1930 4131 λυ-

280 4170 475 4226 θέντων
532 4169 753 4243 (ἱλαροῦ
810 4169 914 4244 γὰρ
972 4166 1235 4223 δεσπότου
1298 4164 1565 4243 βασιλέως
1621 4165 1878 4243 πεπείραν
1910 4199 1931 4208 -

276 4261 410 4333 ται),
507 4256 842 4314 συνδέδενται
934 4258 1028 4330 μὲν
1127 4252 1386 4328 εὐλαϐείᾳ
1469 4255 1691 4319 δούλοις
1778 4276 1931 4331 πρε-

225 4339 235 4347 ’
274 4348 471 4423 πούσῃ·
532 4345 767 4403 ἀνίενται
824 4344 881 4402 δὲ
937 4338 1145 4417 ἄλλως,
1193 4346 1284 4400 καὶ
1324 4341 1513 4420 ἔχουσι
1568 4343 1630 4400 τὸ
1671 4344 1720 4400 ἐν
1754 4345 1930 4420 Εὐαγ-

273 4436 484 4514 γελίοις
535 4434 591 4491 εὖ
639 4433 727 4490 διὰ
781 4436 844 4491 τὸ
884 4443 984 4506 τῆς
1035 4432 1288 4496 δουλείας
1337 4433 1534 4510 ἀγαθὸν
1584 4435 1674 4490 καὶ
1720 4434 1930 4501 πιστὸν,

273 4525 368 4582 καὶ
417 4532 518 4596 τῆς
590 4525 924 4602 εὐχρηστίας
982 4519 1443 4598 ἀντιλαμϐάνουσι
1501 4525 1563 4579 τὸ
1619 4521 1928 4600 φιλάνθρω-

278 4636 400 4672 πον.

353 4705 423 4775 η’.
455 4699 870 4778 Ἀναϐοήσομαι
924 4704 1059 4780 πρὸς
1114 4701 1330 4767 τούτοις
1382 4704 1470 4758 καὶ
1515 4704 1583 4758 τὰ
1629 4707 1737 4759 τῶν
1770 4702 1932 4758 Παιό-

2135 1217 2190 1270 6.
2216 1217 2334 1287 Ego
2365 1233 2498 1270 vero
2525 1216 2583 1271 in
2614 1221 2737 1272 tota
2781 1222 3011 1290 Europa
3045 1219 3174 1290 ejus
3212 1221 3378 1290 gesta
3407 1217 3556 1290 ipSIS
3577 1233 3718 1290 pro-

2067 1305 2373 1372 nuntiabo,
2408 1323 2520 1360 non
2554 1306 2721 1378 quasi
2756 1306 2857 1361 illa
2913 1307 3197 1363 nesciant.
3229 1307 3377 1362 Nam
3422 1308 3717 1378 quomodo

2063 1391 2146 1446 ita
2167 1409 2266 1448 eos
2297 1393 2546 1449 laterent
2576 1411 2710 1450 cum
2745 1396 2898 1451 fama
2932 1401 3280 1468 tropaeorum
3339 1412 3442 1467 per
3479 1411 3716 1452 omnem

2063 1485 2278 1536 terram
2313 1483 2527 1539 diffusa
2558 1483 2633 1539 sit
2664 1488 2720 1538 et
2751 1484 2988 1556 hymnis
3031 1486 3387 1541 resonaverit
3441 1483 3618 1541 tellus
3648 1501 3717 1541 ex

2061 1570 2333 1627 hostibus
2366 1572 2424 1627 in
2459 1577 2687 1644 Europa
2719 1573 2989 1644 mortuis,
3049 1578 3105 1630 et
3161 1573 3397 1629 illarum
3429 1574 3714 1629 Barbaro-

2060 1676 2192 1714 rum
2225 1659 2482 1716 cladium
2515 1678 2718 1717 rumor
2776 1663 3040 1718 circuivit
3107 1662 3254 1718 ﬁnes
3286 1662 3609 1731 universos,
3652 1662 3713 1718 in

2062 1749 2326 1804 omnium
2351 1750 2597 1806 auribus
2631 1750 2961 1807 celebratus
2986 1752 3013 1806 ?
3044 1752 3172 1807 Non
3231 1768 3400 1807 secus
3454 1767 3521 1807 ac
3581 1755 3714 1822 post

2057 1841 2224 1892 terrae
2276 1843 2522 1907 motum,
2604 1839 2717 1896 sibi
2785 1840 3072 1912 suspicati
3133 1841 3364 1912 ﬁngunt
3420 1840 3710 1896 montium

2056 1926 2299 1982 vertices
2332 1929 2402 1982 ab
2434 1927 2746 1983 altitudine
2780 1929 3072 1984 demissos
3122 1930 3182 1984 in
3243 1934 3461 1985 terram
3520 1928 3712 2001 proxi-

2058 2031 2217 2070 mam
2275 2015 2566 2072 exsultare
2626 2017 2915 2088 incepisse
2973 2023 3030 2074 et
3085 2017 3286 2090 aliquo
3345 2018 3518 2074 modo
3550 2017 3703 2074 exsi-

2051 2103 2255 2171 luisse,
2287 2104 2392 2169 ita,
2426 2111 2633 2176 praeter
2661 2108 2819 2178 quod
2868 2111 2994 2163 erat
3047 2124 3273 2175 verum,
3307 2107 3515 2164 cecidit
3570 2123 3704 2164 con-

2051 2209 2256 2249 cussos
2286 2195 2552 2250 omnium
2583 2200 2824 2268 Europae
2847 2196 3155 2268 gentilium
3187 2197 3426 2252 inﬂatus
3482 2200 3700 2268 tumor,

2051 2287 2107 2339 et
2136 2284 2317 2338 timor
2345 2303 2448 2356 per
2477 2284 2675 2340 Asiam
2707 2285 3051 2352 ambulavit,
3101 2291 3158 2340 et
3193 2285 3414 2340 alienas
3447 2302 3702 2340 commo-

2050 2372 2131 2427 vit
2209 2373 2497 2445 regiones,
2558 2378 2615 2429 et
2669 2374 3044 2445 imperatoris
3126 2375 3280 2430 sicut
3335 2374 3438 2429 Dei
3496 2373 3702 2430 oculus
3780 2375 3784 2379 ’

2051 2461 2330 2532 utrinque
2361 2466 2753 2518 attentustam
2775 2464 2953 2519 istam
2975 2463 3327 2535 quamillam
3360 2462 3702 2518 tremefecit.

2053 2551 2240 2622 Igitur
2269 2567 2375 2606 nec
2397 2552 2673 2624 praeclara
2702 2552 2760 2606 in
2784 2551 3085 2607 occidente
3143 2551 3401 2607 facinora
3432 2552 3706 2623 ignorant

2052 2640 2152 2711 qui
2186 2639 2350 2696 illam
2381 2641 2651 2696 habitant
2682 2644 2900 2695 terram
2931 2657 3106 2712 quam
3143 2639 3428 2710 conspicit
3467 2638 3552 2696 sol
3584 2639 3703 2712 pri-

2053 2745 2147 2784 mo
2196 2734 2346 2798 ortu,
2381 2729 2700 2786 sublevatis
2730 2729 2937 2785 oculis.
2993 2729 3149 2784 Nihil
3207 2729 3450 2800 quidem
3510 2744 3705 2785 neces-

2050 2818 2240 2874 sitatis
2272 2823 2396 2874 erat
2425 2819 2730 2888 taliajam,
2765 2819 2986 2874 edoctis
3018 2818 3415 2890 praecipiendi,
3436 2821 3699 2875 nostram

2051 2912 2248 2962 autem
2274 2907 2538 2979 linguam
2573 2907 2742 2979 regiae
2785 2909 2961 2962 ardor
2991 2906 3290 2963 ﬁdelitatis
3320 2923 3529 2964 aeream
3560 2924 3698 2963 con-

2050 2995 2213 3050 ﬂavit
2239 2995 2676 3066 loquacitatem,
2711 3000 2768 3052 et
2814 2997 2941 3067 jam
2995 2996 3167 3052 silere
3227 2998 3437 3067 nescit,
3487 2998 3590 3052 sed
3639 3001 3697 3052 et

2049 3085 2251 3140 doctos
2283 3084 2620 3155 alloquitur,
2653 3101 2760 3140 nec
2789 3102 3052 3158 unquam
3102 3085 3211 3142 sibi
3244 3085 3532 3142 satisfacit
3560 3086 3693 3159 ipsi.

2051 3174 2190 3239 Quis
2220 3175 2374 3228 enim
2411 3191 2510 3246 per
2538 3173 2717 3230 vitam
2743 3178 2905 3230 tanta
2928 3191 3129 3231 secum
3159 3174 3452 3234 revolvere
3479 3175 3700 3233 nollet?

2116 3442 2170 3496 7.
2206 3441 2538 3496 Przedicabo
2570 3443 2763 3496 tamen
2799 3444 3009 3497 caetera
3038 3441 3411 3515 imperatoris
3467 3445 3525 3502 in
3583 3447 3697 3503 Eu-

2045 3547 2187 3602 ropa
2217 3535 2379 3602 gesta
2435 3531 2712 3598 illustria,
2745 3547 2871 3603 quae
2932 3548 3000 3587 ex
3047 3531 3376 3591 innumeris
3425 3551 3702 3607 promens

2043 3625 2278 3691 tempus
2309 3619 2468 3675 velut
2500 3621 2784 3691 inspirato
2818 3620 2962 3676 mihi
2985 3621 3149 3676 dabit
3177 3623 3484 3679 enuntiare
3519 3643 3532 3694 ;
3559 3642 3701 3684 sane

2044 3709 2372 3780 praadicabo
2392 3709 2568 3763 etiam
2599 3710 2728 3779 ejus
2744 3714 2948 3765 contra
2977 3709 3278 3767 Dalmatas
3313 3712 3701 3786 facinora,qui

2044 3797 2472 3869 antiquissimae
2507 3798 3034 3854 libertatisnecnon
3068 3800 3564 3858 ferocitatisobliti
3595 3806 3697 3861 do-

2045 3887 2273 3942 minum
2304 3892 2830 3959 cognoverunt,nec
2854 3889 2980 3958 jam
3012 3888 3346 3946 libertatem
3372 3892 3693 3964 aspiciunt.

2041 3977 2309 4031 Attamen
2343 3974 2556 4030 liberos
2587 3977 2861 4047 aperiunt
2891 3977 3111 4044 oculos,
3159 3983 3216 4033 et
3247 3980 3457 4036 solutis
3488 3999 3694 4040 eorum

2041 4065 2414 4120 cautionibus
2443 4064 2713 4135 (hilarem
2747 4066 2903 4120 enim
2934 4067 3244 4122 dominum
3277 4068 3693 4142 imperatorem

2040 4153 2262 4223 experti
2304 4153 2466 4223 sunt)
2514 4152 2617 4208 illa
2646 4153 2986 4208 vinciuntur
3030 4155 3240 4226 pietate
3300 4174 3429 4230 quas
3493 4177 3692 4218 servos

2041 4241 2229 4308 decet,
2260 4258 2431 4297 secus
2480 4258 2614 4296 vero
2673 4248 2812 4297 sunt
2862 4243 3054 4314 liberi,
3087 4248 3143 4299 et
3198 4245 3418 4302 habent
3478 4265 3692 4307 merce-

2041 4330 2172 4384 dem
2208 4329 2266 4383 in
2296 4328 2608 4400 Evangelio
2633 4329 2784 4385 bono
2816 4329 3092 4402 fidelique
3123 4348 3288 4388 servo
3320 4335 3694 4408 promissam,

2040 4422 2098 4475 et
2128 4435 2231 4490 pro
2264 4419 2474 4475 ofﬁciis
2522 4418 2883 4490 benignitate
2914 4437 2941 4472 η
2978 4420 3300 4494 accipiunt.

2109 4707 2163 4761 8.
2195 4707 2442 4779 Insuper
2473 4709 2800 4780 praedicabo
2829 4710 3229 4783 triumphatos
3259 4712 3519 4784 Pisones,
3548 4730 3694 4788 gen-

279 4813 411 4862 νων,
469 4793 652 4855 ἔθνους
707 4792 904 4848 νούτου
966 4791 1241 4866 μεγίστου,
1297 4791 1388 4848 καὶ
1446 4793 1543 4862 τήν
1600 4791 1767 4848 πάλαι
1826 4795 1930 4869 φή-

2053 4812 2156 4851 ;em
2192 4797 2449 4851 maxima
2478 4803 2534 4852 et
2565 4799 2807 4870 antiqua
2837 4800 2994 4855 fama
3051 4800 3292 4856 ultimos
3349 4802 3497 4858 ﬁnes
3544 4821 3690 4876 prae-

284 4903 392 4958 μην
422 4881 513 4938 καὶ
561 4883 689 4944 τοὺς
745 4881 1008 4957 ἀρχαίους
1065 4879 1227 4954 ὅρους
1285 4878 1732 4958 ὑπερελάσαντος.
1770 4885 1928 4938 Ἀνα-

278 4971 546 5046 κράξομαι
583 5013 597 5040 ,
653 4971 729 5034 ὡς
795 4968 996 5032 πάντας
1074 4968 1132 5024 ἂν
1207 4967 1400 5031 αὐτοὺς
1477 4970 1610 5024 εἷναί
1667 4990 1750 5032 τις
1810 4967 1928 5046 ἄρτι

279 5061 616 5136 στοχάσηται
681 5057 894 5134 μᾶλλον
952 5054 1092 5134 ἥπερ
1150 5059 1400 5134 τεχνίτας
1456 5059 1653 5129 τάξεῳς
1684 5059 1774 5113 καὶ
1830 5059 1929 5114 πό-

281 5153 451 5222 λεμον
485 5147 696 5211 εἰδότας
743 5147 834 5203 καὶ
867 5145 1013 5202 ὅπλα
1063 5147 1303 5222 μάχιμα.
1338 5145 1496 5204 Οὕτω
1541 5146 1626 5202 τοὶ
1668 5146 1820 5202 αὐτοὶ
1850 5154 1931 5221 τῷ

277 5238 568 5314 Ῥωμαίων
627 5241 846 5313 βασιλεῖ
893 5235 1155 5312 ἀνταίρειν
1218 5235 1405 5292 ὅπλων
1465 5235 1785 5311 ἀπέμαδον,
1839 5240 1929 5293 καὶ

281 5333 334 5387 οἱ
384 5331 509 5408 πρὶν
559 5325 806 5386 ἀϐέϐαιοι
852 5333 970 5390 τοῖς
1035 5327 1370 5402 βουλεύμασι
1430 5329 1518 5383 καὶ
1579 5329 1928 5392 ἀστατοῦντες

281 5420 390 5476 οὐι(
419 5420 611 5490 ἦττον,
669 5417 704 5488 ἢ
767 5419 794 5473 6
852 5415 1172 5493 παραρρέων
1229 5415 1424 5481 αὐτοὺς
1480 5423 1715 5491 Ἴστρος,
1765 5418 1824 5474 ὃν
1856 5419 1932 5480 εἰς

281 5507 576 5585 ἀσφάλειαν
637 5501 1073 5582 προεϐάλλοντο,
1105 5509 1193 5560 νῦν
1254 5507 1532 5581 πεπήγασι
1575 5507 1663 5560 καὶ
1715 5505 1928 5579 τῷδέει

286 5596 380 5672 μὶν
427 5597 717 5674 βασιλικῷ,
776 5594 921 5652 ἀλλὰ
969 5594 1058 5650 καὶ
1110 5593 1187 5658 εἰς
1245 5595 1369 5668 μίαν
1433 5592 1638 5670 βουλὴν
1700 5593 1932 5674 εὔφρονα

283 5685 566 5759 στάσιμον.
619 5687 680 5743 Ἡ
740 5683 797 5741 δέ
853 5682 963 5739 ἐστι
1018 5683 1082 5738 τὸ
1138 5682 1329 5757 μηκέτι
1388 5682 1654 5746 κινδύνοις
1709 5685 1928 5749 ἑαυτοὺς

283 5771 682 5852 παραϐάλλειν,
711 5773 857 5831 ἀλλὰ
883 5778 961 5849 τῷ
995 5771 1211 5851 βασιλεῖ
1238 5779 1419 5830 πεσεῖν
1456 5775 1558 5831 ὑπὸ
1589 5772 1760 5838 πόδας
1791 5819 1810 5846 ,
1839 5777 1928 5832 καὶ

2040 4889 2417 4958 tergressam.
2451 4887 2576 4943 Non
2609 4892 2806 4943 autem
2857 4904 2955 4944 eos
3004 4888 3279 4945 similiter
3310 4891 3502 4947 dicam
3535 4909 3692 4951 nunc

2041 4990 2170 5031 esse
2201 4974 2424 5030 ordinis
2455 4977 2693 5048 opifices
2727 4977 3096 5050 scientesque
3143 4978 3366 5034 bellum
3413 4984 3470 5036 et
3527 4997 3694 5039 arma

2041 5062 2455 5120 certaminum.
2487 5066 2574 5120 Ita
2604 5069 3004 5122 Romanorum
3036 5067 3288 5140 principi
3329 5070 3510 5126 armis
3542 5073 3693 5128 resi-

2041 5156 2194 5208 stere
2217 5152 2645 5219 dedidicerant,
2680 5158 2736 5209 et
2793 5153 2893 5225 qui
2951 5155 3114 5226 prius
3167 5155 3430 5214 consiliis
3487 5159 3693 5217 incerti

2039 5258 2146 5296 nec
2207 5243 2396 5313 magis
2454 5241 2695 5298 stabiles
2753 5243 2985 5298 fuerant
3055 5261 3230 5316 quam
3280 5246 3694 5306 circumfluens

2042 5330 2186 5385 Ister
2215 5347 2390 5401 quem
2416 5335 2479 5385 ut
2503 5330 2725 5386 vallum
2755 5333 2827 5387 ad
2847 5333 3221 5390 securitatem
3237 5337 3693 5413 praamittebant,

2041 5437 2196 5475 nunc
2228 5425 2390 5476 stant
2420 5421 2788 5492 imperatoris
2821 5427 2977 5478 metu
3013 5425 3249 5492 conﬁxi,
3310 5431 3366 5482 et
3411 5427 3470 5482 in
3512 5446 3692 5488 unam

2040 5511 2389 5581 prudentem
2419 5510 2812 5583 stabilemque
2841 5513 3202 5570 voluntatem
3237 5518 3552 5589 quaajubet
3577 5538 3694 5578 non

2041 5603 2106 5654 ut
2126 5615 2253 5656 sese
2283 5599 2558 5672 periculis
2589 5601 3002 5672 objiciant,sed
3026 5604 3096 5659 ad
3113 5604 3482 5676 imperatoris
3515 5611 3692 5684 pedes

2040 5687 2462 5760 procidant,'et
2494 5695 2625 5763 post
2681 5693 3064 5764 temporalem
3115 5695 3516 5754 confusionem
3561 5717 3689 5756 rur-

2042 5795 2147 5835 sus
2176 5779 2571 5852 erigantur,et
2600 5782 2846 5854 propriae
2878 5787 3046 5843 terra
3077 5783 3231 5844 bona
3257 5786 3454 5847 edant.
3484 5788 3690 5848 Adhuc
