4060 6364
315 415 432 476 947

1084 407 1507 470 EUS’l‘ATHll
1551 403 2324 468 THESSALONICENSIS
2370 401 2955 462 METROPOLITE

3620 399 3769 461 948

305 544 418 617 ipsi
442 545 636 600 clavas
685 543 834 598 ferro
867 541 1124 613 fulgidae
1155 539 1213 595 in
1244 539 1432 610 capite
1470 542 1694 594 erectas
1755 537 1958 592 vident

2090 531 2202 595 τέως
2238 533 2332 605 μὶν
2383 531 2459 596 εἷς
2508 530 2845 602 δυσώπησιν,
2883 529 2994 584 εἶτα
3043 530 3135 584 καὶ
3185 529 3501 599 ἀναστῆναι,
3547 528 3765 584 καὶτὰ

306 632 526 702 singuli
559 648 660 703 per
691 649 841 702 quas
873 632 1112 686 fuerunt
1163 628 1423 694 contriti,
1481 627 1676 682 adhuc
1733 643 1802 682 ex
1851 624 1968 680 illis

305 721 548 777 vulnera
576 721 721 792 ipsis
755 721 1048 791 impressa
1080 722 1338 773 manent.
1366 717 1500 772 Ideo
1534 715 1816 772 terribilis
1849 714 1967 770 illis

309 809 473 866 clava
503 810 627 866 solo
658 809 836 865 etiam
895 812 1156 879 aspectu,
1219 805 1340 861 solo
1373 806 1550 862 etiam
1589 805 1848 861 nomine.
1900 805 1968 858 Et

311 899 430 970 (res
459 897 629 952 valde
655 896 804 953 mira
829 897 866 968 Ι)
898 896 1146 951 aliorum
1178 894 1416 966 quidem
1441 910 1740 949 armorum
1775 892 1966 947 visum

308 986 670 1042 sustinentes
699 985 944 1057 ipsaque
975 984 1274 1038 intuentes
1307 982 1366 1037 in
1424 983 1550 1038 loco
1594 985 1833 1036 manent
1865 996 1968 1035 nec

311 1075 454 1146 quid
483 1073 787 1129 insolitum
820 1089 887 1127 ex
919 1077 1156 1144 aspectu
1195 1071 1500 1142 patiuntur
1529 1089 1542 1139 ;
1602 1070 1826 1126 clavam
1862 1087 1967 1124 au-

310 1166 430 1219 tem
445 1162 872 1234 conspicientes
885 1162 1274 1217 contremich
1287 1167 1367 1215 nt.
1380 1160 1503 1215 litsi
1520 1159 1655 1232 quis
1668 1164 1969 1214 Romanus

311 1251 402 1307 vir
436 1250 839 1323 peregrinetur
861 1250 1015 1321 apud
1034 1250 1268 1304 Paeones
1283 1265 1480 1304 ensem
1515 1248 1754 1319 quidem
1779 1247 1970 1302 ferens

313 1340 521 1397 amicis
553 1339 910 1394 clamoribus
941 1338 1311 1409 excipitur,et
1340 1336 1536 1408 gladio
1561 1336 1855 1391 accinctus
1888 1335 1966 1389 vi-

315 1429 487 1484 detur
515 1429 898 1500 gratiosus,et
918 1427 1140 1481 invenit
1163 1425 1813 1498 hospitiumgneminem
1834 1440 1970 1480 vero

310 1515 411 1572 ille
441 1520 641 1581 terret,
674 1515 724 1571 si
757 1514 1023 1570 lanceam
1057 1520 1270 1585 portet,
1305 1515 1406 1570 sed
1441 1513 1501 1568 in
1563 1513 1770 1569 faciem
1834 1529 1970 1586 pro-

316 1605 586 1681 spicitur.
620 1604 680 1659 Si
714 1609 914 1659 autem
947 1601 1170 1658 clavam
1227 1603 1482 1672 proferat
1513 1602 1663 1657 ferro
1715 1602 1968 1657 instruc-

313 1699 459 1762 tam,
493 1691 581 1748 vel
611 1691 868 1747 hominis
912 1690 1152 1745 solertia
1210 1691 1268 1744 in
1333 1707 1678 1745 mucronum
1740 1690 1974 1747 aculeos

316 1783 744 1849 ardescentem,
804 1778 973 1834 illum
1029 1779 1272 1834 horrent
1324 1777 1677 1850 clavigerum
1739 1779 1972 1836 Paeones

2076 626 2174 687 τῆς
2204 621 2403 684 οἰκείας
2452 627 2553 698 γῆς
2605 625 2789 698 φαγεῖν
2851 619 3042 694 ἀγαθά.
3100 620 3218 676 Ἔτι
3261 619 3356 680 τάς
3400 615 3760 694 σιδηροκρο-

2074 713 2274 781 τήτους
2326 709 2477 765 αὐτοὶ
2534 709 2765 783 κορύνας
2821 707 3114 784 αἰρομένας
3165 704 3388 769 ἕκαστος
3448 711 3760 782 προορῶν-

2074 819 2165 852 ται
2222 798 2353 853 κατά
2411 797 2673 876 κεφαλῆς,
2726 794 2795 852 δι’
2846 798 2918 851 ὧν
2961 792 3370 873 συνετρίϐησαν·
3425 790 3502 851 ἔτι
3562 797 3632 850 τὰ
3696 795 3759 866 ἕξ

2079 885 2293 942 ἐκείνων
2354 886 2730 962 συντρίμματα
2784 887 3001 946 τούτοις
3058 884 3436 960 ἐγγέγλυπται.
3498 886 3596 940 Διὸ
3649 884 3757 939 καὶ

2078 976 2448 1050 ἀποτρόπαιον
2502 974 2686 1036 αὐτοῖς
2734 976 2769 1044 ἡ
2803 973 3006 1049 κορύνη
3063 973 3228 1050 μέχρι
3262 975 3350 1029 καὶ
3383 975 3528 1044 θέας,
3568 974 3757 1049 μέχρι

2076 1064 2166 1120 καὶ
2207 1062 2374 1119 αὐτοῦ
2427 1064 2716 1136 ὀνόματος.
2773 1063 2872 1117 Καὶ
2915 1063 2998 1137 (τὸ
3049 1063 3345 1138 τεράστιον)
3391 1061 3584 1117 ὃπλων
3642 1064 3758 1135 μὶν

2079 1154 2273 1229 ἑτέρων
2335 1150 2458 1227 ὄψιν
2511 1153 2794 1226 ἀνέχοντες
2839 1151 2930 1206 καὶ
2976 1151 3212 1226 ὁρῶντες
3269 1151 3425 1220 αὐτὰ,
3479 1150 3572 1205 ἐπὶ
3617 1151 3758 1227 χώ-

2079 1263 2174 1318 ρας
2235 1241 2503 1316 μένουσι,
2557 1243 2645 1296 καὶ
2703 1238 2854 1296 οὐδέν
2913 1261 2964 1296 τι
3026 1241 3162 1315 πρὸς
3240 1240 3359 1305 θέαν
3416 1235 3758 1312 καινότερον

2079 1331 2378 1405 πάσχουτιο
2431 1329 2662 1406 κορύνην
2717 1327 2774 1386 δὲ
2817 1330 2907 1384 καὶ
2959 1327 3168 1392 ἰδόντες
3214 1329 3756 1406 ἁποτροπιάζονται.

2082 1420 2183 1474 Κᾶν
2241 1441 2325 1483 τις
2381 1419 2686 1491 Ῥωμαϊκὸς
2741 1419 2876 1492 ἀνὴρ
2935 1415 3257 1494 ἐπιδημήσῃ
3314 1424 3430 1480 τοῖς
3489 1420 3700 1474 Παίοσι
3740 1468 3756 1490 ,

2081 1507 2230 1586 ξίφος
2283 1509 2377 1581 μὲν
2421 1507 2597 1586 φέρων
2649 1513 3075 1587 προσφωνεῖται,
3126 1508 3216 1562 καὶ
3253 1507 3532 1584 μάχαιραν
3564 1510 3757 1586 ἠρτη-

2085 1598 2242 1670 μένος
2296 1597 2562 1659 ἀσπαστὸς
2641 1595 2834 1669 δοκεῖ,
2892 1597 2981 1652 καὶ
3039 1596 3294 1654 καταλύει
3347 1597 3706 1672 ξενιζόμενος
3738 1617 3753 1631 ·

2083 1685 2182 1740 οὐκ
2211 1684 2502 1756 ἐκπλήττει
2536 1683 2593 1741 δέ
2619 1708 2742 1741 τινα
2780 1684 2909 1741 οὐδὲ
2944 1684 3073 1763 δόρυ
3119 1685 3296 1764 φέρων
3331 1683 3564 1757 ἐκεῖνος,
3596 1685 3760 1742 ἀλλὰ

2081 1769 2484 1851 προσϐλέπεται
2529 1776 2604 1836 εἷς
2648 1771 2828 1850 ὀρθόν.
2881 1774 2948 1832 Ei
2977 1771 3035 1829 δὲ
3081 1775 3318 1849 κορύνην
3349 1769 3756 1850 προϐαλεῖται,

315 1885 423 1928 nec
453 1870 512 1924 in
536 1869 829 1940 hospitem
865 1867 1160 1939 excipiunt
1187 1886 1200 1935 ;
1236 1871 1292 1923 et
1324 1867 1502 1923 torvis
1554 1872 1803 1924 cernunt
1831 1885 1969 1924 ocu-

2090 1864 2143 1932 ἣν
2176 1861 2400 1962 Ξίδηρος
2456 1863 2548 1935 μὶν
2605 1862 2970 1938 ἐχορήγησεν,
3017 1860 3208 1936 ἀνδρὸς
3259 1860 3318 1916 δὲ
3366 1860 3620 1934 δεξιότης
3669 1863 3759 1926 εἷς

312 1959 412 2026 lis,
446 1962 503 2014 et
534 1956 714 2013 telum
747 1956 1092 2028 respiciunt,
1125 1961 1183 2012 et
1213 1955 1560 2028 semetipsos
1611 1959 1881 2012 avertunt
1910 1956 1971 2010 in

325 2045 670 2102 memoriam
694 2050 1030 2099 revocantes
1062 2043 1340 2115 quoniam
1373 2044 1528 2098 sicut
1585 2044 1772 2115 spinae
1821 2061 1970 2099 non-

324 2133 497 2192 nulla
529 2135 904 2190 transeuntes
939 2136 1155 2203 terunt,
1190 2133 1270 2188 ita
1328 2132 1413 2186 illi
1463 2131 1625 2188 clava
1685 2133 1970 2204 percussi,

320 2221 598 2296 prostrati
629 2222 886 2287 fuerunt,
919 2221 1152 2292 quando
1184 2221 1296 2275 etsi
1343 2221 1539 2276 omnis
1597 2221 1828 2293 generis
1880 2237 1971 2276 ar-

318 2311 435 2368 mis
464 2313 585 2366 toto
610 2313 806 2365 essent
836 2325 1075 2382 corpore
1103 2309 1337 2380 obtecti,
1389 2325 1491 2364 seu
1536 2314 1600 2363 ut
1646 2309 1730 2364 ita
1783 2309 1972 2364 dicam

314 2399 425 2454 viri
484 2398 673 2465 ferrei,
731 2398 913 2452 armis
964 2397 1203 2468 quidem
1257 2396 1546 2452 vulnerari
1607 2402 1664 2451 et
1720 2397 1972 2452 sauciari

314 2504 429 2543 non
464 2490 753 2559 poterant,
789 2485 909 2540 illis
941 2489 1137 2539 autem
1165 2486 1427 2541 fustibus
1461 2485 1724 2556 percussi
1757 2487 1974 2541 cecide-

314 2581 474 2642 runt,
509 2579 566 2630 et
596 2575 667 2629 ad
701 2574 888 2629 instar
919 2573 1152 2627 conchae
1186 2574 1539 2629 contritione
1572 2575 1808 2629 fuerunt
1836 2591 1970 2631 con-

313 2665 458 2735 triti,
491 2663 726 2735 quando
760 2679 898 2734 grex
934 2661 1030 2717 ille
1061 2679 1176 2718 non
1212 2663 1422 2728 bonus,
1468 2663 1685 2718 diceret
1733 2662 1972 2734 aliquis,

317 2771 351 2810 a
381 2757 480 2809 tua
509 2755 798 2825 potestate
827 2756 1109 2822 tanquam
1139 2751 1371 2806 Davidis
1433 2755 1626 2806 rectus
1672 2751 1783 2806 fuit
1813 2752 1974 2824 virga

317 2842 526 2897 ferrea.
570 2841 600 2869 "

2080 1946 2354 2026 τριϐόλων
2429 1951 2691 2022 ὀξύτητας
2771 1951 3134 2022 ἐξηκάνθωσεν
3169 1998 3185 2024 ,
3247 1950 3597 2028 ἐκτρέπονται
3651 1954 3762 2008 τὸν

2081 2040 2452 2117 κορυνηφόρον
2532 2038 2736 2095 ἐκεῖνον
2814 2041 2866 2094 οἱ
2925 2039 3146 2102 Παίονες
3182 2087 3197 2111 ,
3255 2040 3346 2095 καὶ
3408 2043 3508 2109 τὴν
3568 2041 3760 2112 ξενίαν

2082 2128 2394 2201 ἀπείπαντο,
2453 2129 2542 2182 καὶ
2594 2128 2722 2191 τούς
2778 2150 2836 2184 τε
2898 2128 3218 2207 ὀφθαλμοὺς
3273 2124 3592 2201 ἐλὸξωσαν,
3657 2132 3762 2185 καὶ

2079 2217 2143 2272 τὸ
2191 2215 2361 2272 ὅπλον
2414 2217 2745 2293 ἀπέπτυραν,
2794 2217 2883 2272 καὶ
2935 2218 3160 2280 ἑαυτοὺς
3207 2217 3565 2294 ἀπέστρεψαν,
3607 2221 3760 2292 μνή-

2086 2327 2194 2379 μην
2226 2301 2509 2378 λαϐόντες,
2543 2305 2694 2369 ὅπως
2726 2307 2892 2362 ὁποῖά
2915 2327 3055 2368 τινες
3088 2303 3308 2361 ἄκανθαι
3353 2305 3479 2368 τοὺς
3514 2304 3762 2363 ὁδοιπό-

2084 2414 2212 2467 ρους
2271 2391 2556 2458 θλίὸουσαι
2632 2395 2890 2465 τοιαύτην
2954 2389 3340 2472 ῥαϐδιζόμενοι
3399 2397 3760 2471 κατεστρών-

2081 2503 2258 2552 νυντο,
2311 2484 2401 2538 ὅτε
2447 2482 2812 2562 κατάφρακτοι
2864 2480 3014 2545 ὄντες
3063 2483 3152 2538 καὶ
3203 2485 3320 2538 οἷον
3371 2482 3763 2559 ἐγκατῳκοδο-

2088 2573 2326 2644 μημένοι
2379 2577 2496 2634 ταῖς
2548 2572 2896 2642 πανοπλίαις,
2949 2573 3038 2649 xui
3089 2574 3164 2636 ὡς
3215 2572 3385 2627 εἰπεῖν
3427 2569 3623 2647 ἄνδρες
3670 2595 3760 2628 σι-

2084 2658 2296 2732 δήρεοι,
2357 2660 2552 2722 ὅπλοις
2617 2663 2709 2735 μὲν
2761 2663 2896 2731 ἦσαν
2945 2656 3184 2732 ἅϐλητοί
3231 2681 3290 2716 τε
3342 2661 3434 2715 καὶ
3481 2658 3757 2737 ἄτρωτοι,

2085 2745 2305 2825 ῥάϐδοις
2361 2747 2419 2805 δὲ
2481 2749 2704 2812 ἐκείνοις
2760 2750 3146 2825 Θρασυνόμενοι
3205 2748 3455 2823 ἔπιπτον,
3515 2752 3611 2806 καὶ
3675 2752 3758 2816 εἰς

2083 2837 2375 2911 συντριϐἡν
2438 2839 2703 2916 ὀστράκου
2763 2838 2919 2911 δίκην
2982 2839 3411 2912 ἐξελεπτύνοντο*
3473 2840 3648 2912 ἡνίκα
3689 2842 3759 2898 τὸ

319 2928 418 2984 ούκ
475 2930 666 3002 ἀγαθὸν
729 2927 903 2982 ἐκεῖνο
961 2927 1220 3000 ποίμνιον
1274 2927 1414 2982 εἶπεν
1476 2928 1534 2981 ἄν
1594 2948 1677 2988 τις
1736 2927 1838 2982 ὑπὸ
1893 2931 1990 2982 τοῦ
2047 2928 2142 2982 σοὺ
2199 2928 2452 3004 κράτους,
2511 2933 2608 2984 τοῦ
2667 2924 2855 3000 Δαϐὶδ,
2917 2927 3144 3005 σιδηρίᾳ
3214 2923 3405 3006 ῥάϐδῳ
3455 2930 3760 3006 ποιμαίνι-

317 3031 460 3084 σθαι.

388 3126 581 3183 9.Hiec
601 3127 778 3198 igitur
801 3126 1100 3181 clamitare
1135 3143 1438 3196 nunquam
1473 3126 1978 3197 desinam.Propo-

322 3233 460 3272 nam
494 3217 565 3272 ad
583 3215 905 3287 longiorem
931 3215 1434 3270 enumerationem
1459 3220 1679 3286 quanta
1697 3231 1979 3287 spumosa

315 3305 492 3360 Adria
523 3321 758 3374 anceps,
821 3311 1070 3375 utraque
1126 3305 1324 3359 vivens
1355 3305 1492 3358 sede
1523 3320 1786 3375 serpens,
1834 3320 1978 3358 rana

315 3393 550 3460 limosa,
578 3397 800 3464 quanta
831 3393 1156 3465 praesertim
1193 3392 1288 3462 (ne
1319 3408 1386 3447 ex
1420 3392 1760 3447 infortuniis
1778 3392 1976 3447 videar

2162 3127 2224 3188 θ’.
2282 3125 2456 3179 Ταῦτά
2509 3146 2567 3180 τε
2627 3124 2716 3179 οὖν
2769 3126 2871 3181 οὐκ
2933 3126 3117 3196 ἀνήσω
3178 3125 3343 3202 βοῶν.
3405 3126 3743 3200 Ἐκθήσυμαι

2087 3211 2145 3268 δὲ
2177 3215 2314 3288 πρὸς
2344 3213 2603 3270 πλατεῖαν
2659 3214 2932 3290 ἀφήγησιν
2973 3214 3060 3270 καὶ
3109 3214 3208 3269 ὅσα
3237 3217 3272 3284 ἡ
3306 3212 3564 3289 ’Λδριανῆ
3593 3234 3735 3287 πομο

2085 3303 2277 3380 φόΛυξ,
2338 3304 2365 3356 ὁ
2427 3301 2726 3379 χέρσυδρος
2787 3298 2991 3381 ὅφις,ὁ
3048 3300 3383 3377 τελματίτης
3447 3304 3742 3380 βάτραχος,

2088 3391 2326 3463 μάλιστα
2388 3393 2480 3464 μὲν
2541 3389 2631 3445 οὗν
2694 3390 2799 3465 (ἵνα
2862 3392 2937 3465 μὴ
2999 3392 3059 3446 ἐκ
3112 3395 3220 3446 τῶν
3300 3389 3747 3467 δυστοχημάτων

312 3482 653 3538 nominasse
684 3483 884 3554 viros),
947 3487 1169 3552 quanta
1225 3481 1550 3536 Adriadum
1612 3498 1755 3554 gens
1809 3481 1964 3552 pira-

2090 3481 2482 3556 προσονομάσω
2531 3479 2657 3542 τοὺς
2717 3478 2956 3554 ἄνδρας),
3019 3479 3117 3535 ὅσα
3171 3481 3233 3535 τὸ
3284 3482 3602 3555 πειρατικὸν
3663 3480 3752 3546 ἕθ-

312 3571 449 3641 tica,
514 3586 659 3642 gens
719 3568 1112 3637 fraudulenta,
1190 3586 1332 3639 gens
1391 3568 1672 3625 malevola
1747 3569 1968 3626 machi-

317 3665 459 3715 nata
487 3664 576 3714 est
606 3658 1037 3729 quidem,inani
1061 3662 1257 3714 autem
1278 3663 1488 3714 conatu
1522 3661 1890 3730 permansit;
1917 3663 1975 3714 et

320 3763 383 3805 se
413 3747 652 3821 quidem
684 3747 853 3803 valde
881 3747 1138 3818 agitavit,
1167 3747 1443 3820 perlicere
1473 3752 1671 3803 autem
1705 3747 1853 3803 nihil
1876 3765 1977 3820 po-

318 3837 564 3910 tuit,sed
588 3837 886 3893 incassum
911 3838 1196 3893 laboravit
1220 3856 1232 3905 ;
1253 3837 1703 3910 molitaquidem
1721 3838 1981 3911 plurima

324 3929 564 3994 luit,sed
601 3946 712 3983 non
747 3932 977 3983 tantum
1011 3930 1081 3983 ad
1120 3929 1289 3984 ﬁnem
1323 3946 1435 3984 non
1469 3930 1752 4002 pervenit,
1775 3945 1978 3985 verum

326 4017 504 4073 etiam
537 4022 742 4072 contra
763 4035 826 4074 se
856 4034 1166 4073 conversas
1186 4017 1328 4072 vidit
1351 4034 1490 4074 suas
1510 4018 1982 4074 machinationes

326 4122 472 4177 quas
503 4123 710 4162 omnes
749 4124 813 4162 ex
851 4107 1010 4161 omni
1044 4111 1205 4178 parte
1234 4108 1433 4162 Ancon
1467 4107 1527 4162 in
1575 4107 1734 4178 ipsos
1787 4109 1980 4164 vertit.

400 4213 486 4268 10.
520 4215 657 4279 Quas
689 4213 826 4268 licet
848 4213 975 4283 jam
1020 4214 1371 4284 quandoque
1403 4212 1765 4271 celebrantes
1797 4213 1988 4286 expla-

328 4302 624 4372 navimus,
657 4302 828 4357 illum
859 4309 1059 4357 tamen
1091 4308 1284 4357 cetum
1345 4319 1627 4375 magnum
1663 4309 1854 4359 tacere
1885 4320 1984 4358 ne-

330 4408 501 4464 queo.
533 4392 851 4463 Typhaaum
904 4409 1141 4459 novum,
1202 4394 1496 4464 quomodo
1543 4393 1769 4462 jamdiu
1817 4392 1988 4448 vellet

331 4495 463 4537 sese
491 4496 745 4546 versare,
787 4481 1194 4552 ﬂuctuumque
1226 4487 1516 4553 tragorem
1581 4483 1902 4554 producere
1933 4485 1990 4538 et

336 4573 540 4626 contra
568 4586 673 4625 nos
706 4570 927 4624 undam
960 4587 1299 4640 spuinosam
1361 4586 1648 4638 evomere,
1711 4572 1811 4626 sed
1874 4587 1986 4626 non

337 4657 524 4715 valuit
552 4659 665 4714 ista
685 4662 935 4729 patrare.
961 4658 1174 4714 Verum
1209 4659 1583 4730 imperatoris
1637 4660 1810 4713 timor
1841 4651 1988 4729 qua-

341 4747 393 4804 si
413 4747 610 4819 spissa
637 4745 822 4819 caligo
857 4747 1016 4816 prius
1049 4747 1304 4818 serpenti
1334 4745 1620 4816 incidens,
1683 4747 1832 4801 sicut
1863 4763 1991 4818 gra-

2079 3591 2173 3632 νος
2203 3569 2266 3624 τὸ
2298 3568 2346 3642 ig
2379 3567 2761 3645 Ἀδριάδος,τὸ
2791 3567 3054 3644 ὕπουλον,
3083 3570 3147 3625 τὸ
3178 3565 3546 3640 κακόϐουλον,
3593 3566 3760 3627 ἐϐου-

2085 3657 2312 3713 λεύσατο
2375 3658 2490 3732 μὲν,
2542 3653 2722 3732 ἔμεινε
2776 3655 2834 3730 δὲ
2891 3657 2965 3720 εἷς
2995 3655 3290 3735 ἄπρακτον·
3345 3659 3436 3714 καὶ
3485 3659 3760 3734 ὲνεκυμό-

2085 3758 2215 3817 νησε
2248 3748 2362 3820 μὶν,
2396 3746 2496 3802 οὐκ
2539 3746 2932 3825 ἐτελεσφόρησε
2983 3745 3061 3818 δὲ,
3094 3747 3222 3804 ἀλλ’
3255 3747 3332 3811 εἷς
3375 3748 3535 3803 κεκὸν
3570 3744 3766 3806 ὥδινε·

2087 3837 2178 3890 καὶ
2211 3835 2604 3912 ἐμηχανήσατο
2641 3838 2760 3910 μὲν,
2803 3837 2864 3892 ού
2913 3838 3081 3912 μόνον
3136 3835 3194 3892 δὶ
3246 3836 3321 3900 είς
3371 3835 3532 3900 τέλος
3583 3835 3768 3911 ἐξεϐί-

2091 3919 2243 3993 ϐασε,
2286 3922 2432 3979 ἀλλὰ
2478 3924 2566 3979 καὶ
2614 3924 3170 4003 ἑπικαταστραφείσας
3225 3924 3372 3998 αὖτῷ
3423 3927 3518 3988 τὰς
3562 3947 3766 4002 μηχα-

2091 4013 2184 4076 νὰς
2217 4011 2494 4086 ἐθεάσατο,
2523 4012 2617 4077 τάς
2643 4035 2701 4070 τε
2731 4013 2988 4090 ἀλλαχοῦ
3037 4012 3358 4090 πολλαχοῦ,
3411 4013 3499 4069 καί
3532 4013 3668 4078 ὅσας
3738 4018 3769 4073 ὁ

2092 4102 2304 4177 Ἀγκὼν
2338 4102 2524 4167 αὐτοῖς
2555 4102 2962 4179 ἀντανέστρεψε.

2169 4211 2220 4266 ι’.
2250 4213 2426 4264 Ταῦτα
2479 4206 2568 4278 δὴ,
2603 4209 2636 4263 ἃ
2691 4211 2779 4264 καὶ
2835 4211 2960 4265 τότε
3014 4208 3474 4286 πανηγυρίσαντες
3525 4209 3770 4286 Exponi-

2096 4319 2289 4372 σαμεν,
2323 4298 2420 4353 ούκ
2449 4295 2531 4367 ἂν,
2561 4296 2687 4353 ούδέ
2735 4299 2795 4354 τὸ
2844 4304 2939 4354 τοῦ
2975 4297 3214 4374 μεγάλου
3266 4301 3468 4370 κήτους
3519 4302 3768 4375 σιγήσω-
3831 4329 3842 4338 ο

2101 4408 2218 4459 μαι,
2249 4391 2348 4441 τοῦ
2387 4388 2506 4442 νέου
2557 4393 2831 4466 Τυφῶνος,
2874 4388 3023 4451 ὅπως
3069 4386 3238 4457 ἤθελε
3292 4388 3388 4461 μὶν
3441 4387 3501 4444 lx
3543 4388 3770 4464 μακροῦ

2098 4475 2575 4548 ἀνασαλευθῆναι,
2625 4476 2714 4532 καὶ
2774 4473 3036 4554 φλοῖσϐον
3079 4479 3284 4547 θέσθαι,
3343 4479 3433 4532 καὶ
3489 4484 3591 4548 τῆς
3641 4481 3774 4544 καθ’

2097 4566 2245 4636 ἡμὰς
2279 4564 2354 4627 εἰς
2389 4561 2645 4619 κλύδωνα
2692 4565 3096 4640 κατερεύξεσθαι
3131 4585 3144 4598 ·
3179 4565 3278 4620 οὐκ
3329 4567 3448 4641 εἶχε
3493 4563 3550 4620 δὲ
3595 4571 3771 4623 τοῦτο

2098 4657 2300 4707 ποιεῖν.
2358 4651 2514 4709 Ἀλλ’
2572 4655 2599 4708 ὁ
2663 4651 2947 4728 βασιλικὸς
3005 4649 3198 4732 φόϐος,
3260 4656 3360 4709 ὅσα
3417 4656 3505 4708 καὶ
3566 4655 3775 4722 σκότος

2105 4740 2289 4817 βαθὺς,
2351 4739 2669 4814 ἐπίπροσθεν
2725 4741 2939 4797 πίπτων
2994 4749 3094 4812 τῆς
3141 4739 3338 4817 ὅψεως,
3384 4743 3574 4798 όποῖον
3607 4742 3677 4816 δή
3713 4766 3771 4799 τι

341 4837 604 4893 vioribus
634 4835 811 4891 etiam
845 4835 1070 4890 cotibus
1103 4835 1218 4906 pati
1254 4835 1750 4904 accidit,bestium
1783 4836 1840 4890 in
1873 4836 1977 4891 sui:

2105 4831 2335 4906 πάσχειν
2385 4831 2472 4885 καὶ
2528 4836 2646 4893 τοῖς
2709 4830 3024 4906 βαρυτέροις
3081 4834 3301 4901 κήτεσιν
3351 4830 3547 4902 ἔπεισι,
3587 4834 3774 4906 μένειν

340 4925 584 4982 sedibus
632 4940 868 4979 manere
924 4925 1129 4991 coegit.
1191 4924 1300 4977 Sed
1361 4924 1595 4993 quando
1654 4942 1756 4980 seu
1819 4925 1990 4996 paulo

340 5021 657 5086 antequam
687 5011 968 5085 cogitaret
1000 5032 1061 5068 se
1093 5017 1165 5067 ab
1226 5015 1559 5083 Uccidente,
1610 5015 1756 5070 duce
1831 5015 1989 5070 inso-

337 5103 479 5160 lenti
501 5101 768 5168 audacia,
819 5103 1171 5158 commoveri
1235 5103 1514 5174 praemisit
1573 5103 1752 5159 maris
1804 5103 1992 5159 bestia

334 5191 690 5250 vilissimum
725 5189 824 5262 qui
850 5190 1016 5262 prius
1048 5206 1245 5262 aequor
1301 5192 1594 5262 trajiceret
1637 5190 1987 5264 pisciculum

336 5281 605 5354 squamis
638 5276 937 5333 nonnullis
969 5294 1072 5333 seu
1105 5277 1285 5333 armis
1318 5279 1385 5333 ad
1416 5278 1643 5334 navalia
1667 5275 1989 5333 certamina

335 5370 490 5442 aptis
523 5369 839 5434 hirsutum,
874 5367 973 5438 qui
1007 5368 1247 5422 dorsum
1298 5367 1632 5433 ostentavit,
1667 5368 1856 5439 capite
1885 5383 1986 5420 au-

335 5459 540 5517 dacius
558 5461 831 5526 crecto,et
854 5473 968 5528 pra:
983 5457 1196 5529 gaudio
1222 5459 1437 5512 frustra
1469 5454 1987 5512 exsultavitcoram

339 5548 482 5602 urbe
502 5550 678 5618 ponto
694 5546 1166 5610 nutrita,necnon
1185 5545 1242 5600 in
1269 5544 1662 5618 arrogantiam
1683 5543 1984 5599 intumuit.

343 5635 472 5690 Mox
502 5635 619 5689 dux
647 5635 750 5688 viae
774 5633 1018 5690 audacia
1047 5633 1318 5689 discessit
1342 5649 1355 5700 ;
1416 5631 1752 5688 timiditatis
1803 5631 1989 5704 caligo

340 5724 577 5780 econtra
607 5722 862 5789 advenit,
914 5725 972 5778 et
1026 5721 1280 5793 spissius
1331 5721 1681 5777 incumbens
1724 5720 1992 5780 recedere

2096 4920 2188 4975 τὸν
2219 4927 2358 4994 θῆρα
2390 4919 2476 4973 ἐπὶ
2504 4925 2610 4974 τῶν
2665 4919 2877 4973 οἰκείων
2924 4921 3072 4989 ἠθῶν
3121 4922 3541 4997 κατηνάγκαζεν.
3601 4921 3774 4978 ’Δλλ’

2098 5008 2187 5063 ὅτε
2239 5029 2348 5061 που
2407 5004 2642 5082 ἔναγχος
2689 5005 3079 5079 ἀνασαλευθείη
3135 5007 3195 5063 ἐκ
3240 5016 3339 5077 τῆς
3390 5007 3621 5085 ἑσπέρας
3658 5011 3776 5066 ὑπὸ

2097 5094 2286 5171 ὁδηγῷ
2320 5138 2334 5163 ,
2391 5099 2460 5170 τῇ
2521 5096 2735 5171 ἀγεννεῖ
2811 5095 3156 5172 θρασύτητι,
3215 5095 3352 5152 καθοὶ
3412 5118 3520 5153 που
3580 5098 3673 5153 καὶ
3742 5102 3773 5154 ὁ

2099 5185 2391 5249 θαλάσσιος
2451 5185 2553 5259 θὴρ
2636 5184 2881 5260 ἡγεμόνα
2952 5181 3328 5262 προϐάλλεται
3395 5190 3495 5241 τοῦ
3571 5186 3773 5244 πλέειν

2099 5271 2346 5348 ίχθύδιόν
2405 5294 2457 5327 τι
2517 5271 2879 5349 φαυλότατον,
2931 5273 3179 5351 ἐπέφριξε
3229 5273 3328 5348 μέν
3384 5295 3536 5336 τινας
3597 5275 3778 5350 φολί-

2097 5360 2209 5430 δας,
2250 5361 2658 5439 προϊσχομένας
2714 5367 3068 5438 ναυμαχικίὒν
3125 5362 3311 5420 ὅπλων
3365 5359 3778 5441 προϐλήματα,

2094 5451 2186 5506 καί
2240 5472 2290 5505 τι
2342 5458 2443 5522 τῆς
2504 5449 2692 5513 λοσιᾶς
2747 5451 3040 5529 ὲξὲφησεν,
3099 5452 3376 5526 ἀνακύψας
3429 5453 3774 5524 θρασύτερον

2096 5541 2317 5610 καὶτῆς
2377 5540 2797 5618 κυματοτρόφου
2854 5541 3243 5617 κατεχόρευσεν
3306 5541 3382 5605 είς
3440 5542 3619 5611 κενὸν,
3673 5544 3780 5600 xui

2096 5650 2201 5684 που
2258 5628 2347 5684 καὶ
2406 5628 2482 5691 εἷς
2543 5629 2861 5697 ἀλαζονείαν
2919 5631 3042 5686 τινὰ
3098 5630 3408 5708 ἐξεφύσησε.
3463 5632 3675 5706 Μικρὸν
3713 5631 3778 5690 δὲ

2097 5717 2220 5774 ὅσον
2274 5720 2301 5772 ὁ
2336 5718 2431 5792 μὲν
2461 5718 2686 5792 ἡγεμὼν
2713 5724 2812 5789 τῆς
2869 5716 3020 5791 ὁδοῦ,
3070 5721 3133 5774 τὸ
3195 5718 3472 5794 ποδηγοῦν
3527 5722 3770 5799 θράσος,
