4060 6356
307 472 426 534 949

1223 472 1666 534 ALLOCUTIU
1711 474 1814 533 AD
1861 474 2294 535 MANUELEM
2344 476 2813 538 COMNENUM.

3605 474 3725 536 950

305 601 574 671 ἀπῆλθεν·
627 603 654 657 ὁ
705 600 762 656 δὲ
813 609 912 672 τῆς
943 599 1148 664 δειλίας
1181 602 1370 665 σκότος
1431 603 1832 674 ἀντεπεισῆλθε,
1864 603 1955 657 καὶ

2072 605 2240 662 illum
2273 607 2426 679 cogit
2459 607 2620 663 nulla
2641 613 2872 679 arrepta
2905 608 3118 679 praeda,
3143 623 3248 662 nec
3278 608 3520 662 omnino
3571 607 3720 662 inte-

313 691 606 767 βαθύτερον
668 689 1087 760 ἐπισκεδασθεῖς,
1144 692 1510 764 ἀνακάμπτειν
1588 692 1788 748 ἐκεῖνον
1866 714 1959 747 πε-

307 781 556 851 ποίηκεν,
616 779 739 835 οὔτε
787 778 956 856 ἄγρας
1016 783 1458 856 προσαψάμενον,
1516 783 1606 836 καὶ
1654 780 1778 837 οὐδὲ
1835 783 1963 836 ἀπο-

304 872 642 928 καταστάντα
697 876 814 932 τοῖς
873 868 1096 933 οἰκείοις
1154 870 1335 939 ἤθεσιν
1383 871 1458 932 εἷς
1505 870 1842 947 ὁλόκληρον,
1877 875 1958 932 οἷς

305 960 532 1015 ἐνταῦθα
588 959 745 1014 κάκεῖ
804 959 1318 1035 προσαρασσόμενος
1379 959 1689 1017 ἐκολούετο.
1741 961 1809 1016 Τί
1869 957 1958 1027 δὴ,

309 1051 354 1104 ὦ
412 1047 696 1125 παρόντες,
725 1049 786 1102 τὸ
848 1047 1037 1123 θηρίον
1101 1050 1272 1104 ἐκεῖνο
1331 1051 1497 1103 πάθοι
1546 1049 1628 1120 ἃν,
1689 1049 1861 1110 οὕτως
1909 1048 1959 1118 ἐξ

309 1139 502 1194 ἑαυτοῦ
571 1137 782 1212 πάσχον
836 1142 1035 1204 κακῶς,
1105 1140 1185 1200 οἷς
1261 1136 1605 1208 δειλαίνεται,
1645 1139 1690 1193 εἰ
1746 1141 1832 1193 καὶ
1894 1139 1962 1192 τὰ

304 1227 356 1297 ἐξ
415 1229 578 1300 ἡμῶν
647 1228 1239 1302 προσεπιτιθήσονται;
1297 1229 1398 1282 Ἦν
1478 1228 1691 1288 πάντως
1760 1224 1960 1298 Αἰίτνης

304 1316 488 1389 ἑτέρας
519 1315 793 1392 ἐγχωρίου
827 1313 1092 1386 δεήσειεν,
1125 1317 1214 1389 ὑφ’
1243 1318 1304 1385 ἢν
1352 1317 1415 1371 τὸ
1466 1319 1748 1394 Τυφώνιον
1797 1322 1959 1372 τοῦτο

2072 713 2242 770 grum
2276 699 2403 754 suis
2434 700 2686 755 reddidit
2716 699 2975 764 sedibus,
3029 700 3099 754 ad
3161 715 3308 770 quas
3366 697 3462 753 hic
3510 702 3568 752 et
3598 697 3719 752 illic

2074 785 2278 841 allisus
2309 789 2642 842 confractus
2674 793 2783 843 est.
2836 789 3007 853 Quid,
3070 805 3102 842 ο
3160 790 3498 859 praasentes,
3559 790 3726 858 pate-

2071 878 2230 928 retur
2259 874 2378 929 hzsc
2405 876 2591 930 bestia
2640 877 2721 930 ita
2778 894 2812 930 a
2869 875 3190 946 semetipsa
3219 879 3427 929 vexata
3483 890 3553 929 ex
3604 891 3722 945 quo

2071 962 2279 1016 timore
2302 963 2411 1017 fuit
2440 970 2744 1034 occupata,
2777 962 2825 1018 si
2879 963 3120 1034 insuper
3147 980 3216 1019 ea
3273 979 3401 1034 qua
3450 978 3519 1017 ex
3559 966 3724 1032 parte

2070 1055 2269 1106 nostra
2299 1051 2541 1107 sustulit
2573 1052 3110 1121 adjiciamus?Sans
3132 1051 3312 1108 altero
3333 1054 3505 1106 Etna
3522 1053 3722 1106 monte

2071 1158 2314 1212 prorsus
2346 1158 2493 1212 opus
2523 1147 2648 1197 erat
2693 1142 2782 1196 cui
2814 1142 3059 1214 Typhon
3117 1141 3228 1196 iste
3300 1139 3724 1212 subjugaretur

2068 1230 2177 1284 Sed
2202 1231 2352 1300 quod
2389 1229 2646 1300 patiatur
2675 1231 2906 1285 docebit
2952 1235 3186 1300 tempus
3217 1233 3275 1285 et
3333 1227 3503 1284 nobis
3547 1219 3720 1284 occa-

2067 1320 2290 1375 sionem
2322 1321 2486 1374 dabit
2515 1319 3070 1390 multijucundique
3101 1319 3414 1375 sermonis.

299 1411 542 1460 πεσεῖται
599 1405 786 1460 κακόν.
849 1401 1004 1461 Ἀλλ’
1062 1403 1235 1460 ἐκεῖνο
1296 1407 1392 1478 μὶν
1449 1405 1534 1460 δτι
1588 1406 1850 1476 πείσεται,
1885 1404 2084 1480 διδάξει
2141 1407 2348 1481 καιρὸς,
2405 1408 2493 1462 καὶ
2551 1411 2687 1480 ἡμῖν
2747 1408 2996 1485 ἀφορμὰς
3055 1405 3216 1463 δώσει
3274 1405 3445 1484 λόγου
3502 1403 3720 1462 πολλοῦ

297 1516 358 1550 τε
387 1495 474 1549 καὶ
509 1493 613 1548 καλ
623 1499 705 1549 οῦ.

369 1629 455 1679 ια’.
489 1622 634 1695 Ἐγὼ
667 1619 724 1676 δὲ
753 1619 1173 1696 προσεπιπλέξω
1222 1621 1439 1684 τούτοις
1487 1621 1577 1677 καὶ
1627 1618 1768 1677 ἄλλο
1827 1622 1954 1686 θαύ-

305 1731 474 1784 ματος
536 1707 704 1783 ἄξιον,
758 1713 854 1772 τὰς
926 1711 1133 1786 μακρὰς
1195 1717 1326 1780 νῆας
1396 1710 1625 1783 ἐκείνας,
1673 1711 1735 1774 ’ὰς
1805 1708 1956 1766 οὕπω

300 1797 586 1861 παντελῶς
645 1797 834 1873 πέρυσι
887 1799 978 1854 καὶ
1038 1798 1308 1874 λαμπρῶς
1375 1799 1704 1874 ἐσταλμένας
1763 1800 1790 1853 ὁ
1842 1801 1958 1854 καθ’

299 1893 450 1964 ἡμᾶς
502 1889 754 1965 πορθμὸς
813 1887 1155 1946 ἐστολίσατο.
1219 1889 1314 1943 Καὶ
1368 1889 1524 1951 αὐτὸς
1581 1890 1674 1962 μὲν
1733 1888 1807 1951 εἷς
1861 1911 1955 1966 γα-

2140 1626 2226 1682 11.
2260 1629 2374 1697 Ego
2406 1642 2538 1681 vero
2597 1625 2724 1681 istis
2753 1624 3025 1696 adjiciam
3085 1624 3244 1680 aliud
3296 1624 3473 1680 etiam
3523 1622 3716 1678 admi-

2068 1714 2292 1769 ratione
2352 1715 2621 1786 dignum,
2689 1730 2936 1786 magnas
2987 1712 3118 1769 illas
3183 1729 3360 1768 naves
3398 1729 3545 1784 quas
3604 1728 3714 1766 nu-

2069 1821 2168 1877 per
2191 1805 2449 1861 nondum
2483 1806 2766 1877 perfectas
2817 1804 2990 1860 hodie
3038 1803 3346 1876 splendide
3397 1801 3718 1858 instructas

2068 1894 2280 1949 fretum
2315 1897 2578 1949 nostrum
2605 1893 2988 1966 comparavit.
3022 1893 3232 1948 Portus
3263 1891 3499 1963 quidem
3535 1891 3603 1946 ad
3637 1906 3724 1946 se-

304 1953 482 2051 λήνην
515 1953 911 2053 διακεχυμένος
943 1978 1282 2054 ὑπέστρωτο·
1320 1979 1372 2033 αἳ
1426 1976 1481 2033 δὲ
1522 1953 1796 2055 πυρρίχην
1848 1953 1961 2033 οῖον

2072 1981 2376 2037 curilatem
2436 1953 2836 2037 dilatatus.et
2895 1980 3161 2034 munitus
3213 1953 3322 2050 est,
3406 1978 3516 2033 illae
3583 1995 3719 2034 vero

303 2069 688 2145 ἐπωρχοῦντο,
735 2069 822 2122 καὶ
873 2069 948 2131 εἷς
1015 2067 1194 2144 ῥόθιον
1247 2067 1602 2142 ἐλαυνόμεναι
1656 2069 1795 2144 μέγα
1850 2066 1966 2138 ἐξή-

316 2179 472 2234 χουν,
504 2159 595 2213 καὶ
636 2153 836 2236 φόϐους
885 2155 1194 2229 ἐκελάδουν,
1230 2161 1310 2220 οἷς
1355 2158 1405 2213 ἐν
1450 2163 1622 2234 καιρῷ
1675 2179 1803 2220 τους
1859 2177 1964 2211 πο-

319 2245 543 2320 λεμίους
621 2247 1081 2322 ἀναχωρεύσουσι.
1137 2250 1408 2323 Μετρήσω
1473 2248 1561 2302 καὶ
1635 2248 1698 2303 τὸ
1755 2247 1966 2316 πλῆθος

318 2335 504 2398 αὐταῖς
566 2336 641 2400 ὡς
701 2336 1002 2410 ἀμύθητον,
1031 2336 1081 2391 ἐν
1135 2338 1500 2414 ἱππαγωγοῖς,
1560 2335 1610 2392 ἐν
1663 2335 1964 2411 δρόμωσιν,

316 2425 367 2481 ἐν
395 2427 694 2502 τριήρεσιν,
730 2425 781 2479 ἐν
827 2423 1023 2488 ἄλλοις
1069 2426 1377 2500 ναυπηγίας
1429 2424 1611 2482 εἶ’δεσι.
1664 2426 1768 2482 Καὶ
1818 2423 1961 2481 ἔσται

318 2516 412 2587 μὶν
462 2514 645 2578 αὐτοῖς
686 2515 774 2569 καὶ
832 2519 998 2570 ταῦτα
1047 2513 1098 2569 ἐν
1149 2514 1405 2588 θαύματι.
1437 2521 1495 2573 '0
1543 2513 1600 2571 δε
1640 2515 1828 2592 καιρὸς
1876 2516 1964 2571 καὶ

313 2603 390 2666 εἵς
441 2603 606 2660 πλέον
658 2603 894 2665 ἐκείνους
946 2602 1206 2675 ἐκπλήξει
1253 2604 1542 2678 μαθόντας,
1581 2605 1652 2667 ὡς
1703 2607 1830 2680 χθὲς
1873 2606 1967 2679 μὲν

309 2695 408 2755 τὰς
461 2691 770 2766 πολεμικάς
818 2700 952 2762 νῆας
1021 2693 1227 2757 ἐκείνας
1279 2694 1446 2758 τόπος
1511 2697 1836 2771 τεταγμένος
1890 2694 1965 2757 εἷς

314 2780 609 2860 ἀσφάλειαν
661 2781 1012 2857 ήγκαλίζετο,
1045 2785 1200 2845 κενὰς
1251 2782 1438 2839 ὅπλων
1487 2789 1594 2838 τῶν
1638 2806 1697 2839 τε
1754 2783 1962 2854 ἄλλων,

316 2873 402 2926 καὶ
440 2873 538 2926 ὅσα
568 2872 703 2947 πρὸς
738 2871 941 2948 δρόμον
994 2871 1401 2949 ἐπιταχύνουσι,
1430 2874 1519 2928 καὶ
1572 2871 1695 2930 οῦδὲ
1732 2875 1792 2928 τὸ
1841 2896 1964 2928 ναυ-

315 2961 463 3015 τικὸν
507 2960 966 3036 παραφαινούσας,
1003 2960 1126 3016 οὔτε
1172 2962 1235 3016 τὸ
1283 2968 1600 3038 κατεπεῖγον
1647 2963 1722 3024 εἷς
1767 2963 1962 3033 πλοῦν,

319 3046 442 3104 οὔτε
487 3051 548 3104 τὸ
609 3051 881 3125 μάχιμον.
935 3050 1033 3105 Καὶ
1092 3050 1234 3106 οὕτω
1295 3053 1390 3123 μὲν
1434 3052 1584 3127 χθές.
1643 3053 1847 3108 ’Ἑωθεν
1910 3049 1967 3107 δὲ

318 3139 501 3216 ἡμέρα
560 3137 851 3213 ἐξέλαμπε,
884 3139 974 3194 καὶ
1036 3139 1316 3216 βασιλικὸν
1374 3141 1440 3209 ἧν
1491 3139 1759 3214 κέλευμα·
1796 3139 1965 3218 ἐχρῆν

312 3229 436 3305 γάρ.
489 3228 592 3286 Καὶ
647 3227 990 3305 ἐπληροῦντο
1054 3231 1147 3302 μὲν
1208 3235 1330 3292 ταῖς
1379 3232 1624 3306 τριήρεσι
1679 3230 1747 3285 τά
1793 3230 1960 3286 κενώ-

317 3339 480 3391 ματα,
530 3317 834 3388 ἐξεκενοῦτο
879 3315 936 3373 δὲ
983 3319 1048 3372 τὰ
1096 3319 1314 3394 νεώρια.
1363 3319 1466 3375 Καὶ
1519 3317 1810 3389 ἑστήκεσαν
1871 3323 1962 3394 ψι-
1994 3353 2036 3418 C

313 3405 405 3464 λοὶ
460 3409 554 3480 μὲν
602 3408 655 3462 οἱ
707 3407 1061 3482 ναύσταθμοι,
1093 3407 1316 3484 ἀχανεῖς
1358 3405 1415 3464 δὲ
1460 3410 1511 3464 οἱ
1557 3408 1870 3485 βλέποντες.
1897 3411 1958 3466 Ἥ

312 3492 372 3552 δὲ
413 3495 717 3571 Προποντὶς
769 3495 947 3550 ούκέτι
999 3493 1125 3551 οὐδὲ
1174 3495 1442 3576 παρέφανέ
1498 3519 1546 3552 τι
1594 3502 1691 3552 τοῦ
1746 3497 1960 3561 ὕδατος.

310 3585 473 3640 Εἶπεν
508 3587 568 3639 ἄν
599 3606 684 3647 τις
727 3583 1067 3657 ἁμιλλᾶσθαι
1112 3589 1181 3660 τῇ
1231 3584 1619 3660 Μεγαλοπόλει
1669 3591 1964 3658 τηνικαῦτα

307 3675 408 3743 τήν
488 3675 608 3738 καθ’
674 3677 824 3747 ἡμᾶς
897 3672 1206 3748 θάλασσαν,
1265 3678 1724 3750 πεπυκνωμένην,
1783 3675 1963 3754 ὥσπερ

309 3762 488 3833 ἐκείνη
548 3769 664 3825 τοῖς
723 3762 1185 3839 οἰκοδομήμασιν,
1242 3764 1384 3820 οὕτω
1442 3765 1531 3821 καὶ
1602 3767 1771 3836 αὐτὴν
1849 3773 1964 3829 τοῖς

314 3859 724 3931 μεταφορητοῖς
802 3853 1020 3916 τούτοις
1104 3853 1440 3928 οἷ’κήμασιν.
1493 3857 1594 3912 Ἦν
1669 3860 1964 3926 τηνικαῦτα

309 3948 507 4017 σχῆμα
565 3941 872 4018 ναυμαχίας
933 3943 1216 4018 μεγίστης.
1251 3944 1359 4013 Βοὴ
1420 3942 1769 4020 σαλπίγγωνο
1820 3945 1962 4017 εἶρε-

310 4029 400 4085 σία
453 4029 704 4091 σύντονος
731 4051 743 4064 ο
780 4028 1056 4105 ἐξελιγμοὶ
1117 4026 1337 4106 δρόμων
1363 4051 1376 4065 ο
1418 4028 1713 4105 ἐμϐοήσεις
1769 4033 1962 4110 ναυάρ-

311 4139 452 4195 χων·
503 4117 813 4192 λαμπηδὼν
859 4119 1068 4174 ὅπλων·
1099 4121 1186 4174 καὶ
1240 4121 1268 4174 ὁ
1315 4119 1516 4185 ἐκεῖθεν
1574 4127 1691 4184 τοῖς
1748 4124 1962 4195 ναυμά-

309 4229 434 4284 χοις
497 4209 779 4288 φρυαγμὸς
839 4207 994 4264 οὐδὲν
1073 4208 1288 4264 ἐνέλιπε
1360 4210 1572 4285 μάχης,
1632 4211 1678 4265 εἶ
1741 4212 1816 4285 μή
1876 4210 1958 4266 ὅτι

309 4298 508 4375 ἐχθρὸς
557 4301 730 4372 [adde
789 4298 909 4372 οὐκ]
969 4300 1368 4372 ἀντιμέτωπος.
1398 4301 1497 4353 Καὶ
1555 4300 1690 4376 ἅπερ
1757 4300 1961 4362 ἐκεῖνος

305 4387 473 4442 πάθοι
529 4387 831 4462 τραύματα,
891 4389 1279 4463 προσεπιθήσω
1335 4391 1404 4462 τῇ
1465 4385 1718 4464 διηγήσει
1765 4388 1957 4464 ταύτῃ,

300 4477 394 4532 καὶ
444 4477 518 4539 ὡς
569 4475 665 4532 οὐκ
712 4473 941 4541 ἔκτοπος
985 4480 1020 4548 ἡ
1064 4476 1274 4548 σύναξις
1323 4476 1480 4549 αὕτη,
1516 4476 1640 4534 οὐδὲ
1688 4479 1738 4551 ἐξ
1789 4476 1958 4534 ἀλλο-

305 4563 486 4636 δαπῆς
517 4565 846 4636 ἡσύνταξις,
879 4565 1025 4622 ἀλλὰ
1075 4567 1301 4642 στρατὸς
1351 4568 1445 4642 μὶν
1496 4568 1653 4633 οὗτος
1708 4569 1960 4644 ἰθαγενὴς

303 4651 616 4718 πολλοστὸς
661 4653 711 4728 ἐξ
765 4656 1017 4732 ἠπείρου,
1048 4657 1140 4712 καὶ
1187 4661 1303 4718 τοῖς
1359 4657 1632 4733 μεγίστοις
1687 4662 1794 4713 τῶν
1855 4658 1956 4712 πό-

306 4741 448 4799 λεων
519 4745 812 4821 τρόφιμος,
872 4746 961 4800 καὶ
1032 4745 1198 4816 αὐτὴν
1271 4744 1568 4801 ἐπιλείπων
1651 4745 1956 4804 οὐδέποτε·

308 4834 364 4889 αἱ
397 4831 454 4888 δὲ
492 4841 618 4904 νῆες
649 4834 710 4890 ἐκ
737 4842 837 4905 τῆς
884 4834 1166 4911 ἐγγυτάτω
1214 4837 1553 4911 περιχώρου,
1587 4838 1649 4905 ἣν
1704 4837 1780 4900 εἰς
1827 4836 1956 4892 ὅλον

305 4925 570 5000 ἡμερινὸν
622 4925 765 5000 ταχὺ
847 4926 1233 5000 περιτροχάσει
1317 4945 1398 4985 τις
1466 4923 1652 4993 ἥλιον.
1717 4929 1956 4982 Τοιαῦτα

307 5011 418 5087 ἐγὼ
481 5014 573 5085 μὲν
623 5013 799 5068 εἷ’πω·
843 5015 895 5069 οἱ
945 5012 1002 5069 δὶ
1051 5012 1333 5076 ἀκούοντες
1391 5013 1837 5087 ἐκπεπλήξονται,
1867 5016 1956 5070 καὶ

306 5101 671 5174 θαυμάσονται
732 5102 794 5157 ού
849 5101 1012 5176 μόνον
1070 5104 1132 5157 τὸ
1190 5103 1470 5176 βασιλικὸν
1529 5101 1755 5168 ἐνταῦθα
1827 5126 1958 5181 προ-

308 5192 502 5266 μηθὲς,
536 5191 680 5247 ἀλλὰ
717 5192 806 5248 καὶ
857 5193 920 5247 τὸ
969 5189 1378 5265 πολυδύναμον·
1425 5194 1514 5248 καὶ
1563 5199 1641 5266 τῷ
1687 5193 1953 5271 αὐτοσχε-

305 5277 407 5353 δίῳ
463 5279 642 5353 τούτῳ
705 5281 976 5356 βασιλικῴ
1024 5279 1308 5354 θαυμασίῳ
1357 5282 1420 5336 τὸ
1469 5287 1576 5337 τῶν
1641 5281 1954 5357 μελετωμέ-

300 5390 406 5423 νων
469 5372 918 5440 συνεννοήσονται
990 5369 1450 5446 μεγαλούργημα,
1499 5371 1588 5426 καὶ
1644 5371 1953 5446 σκέψονται,

300 5458 353 5514 εἴ
392 5458 459 5514 τὰ
518 5458 578 5514 ἐκ
613 5463 710 5514 τοῦ
765 5459 1177 5534 παρατυχόντος
1235 5463 1478 5530 τοιαῦτα,
1513 5461 1677 5514 ὁποῖα
1732 5462 1796 5516 τὰ
1853 5469 1954 5532 τῆς

301 5549 534 5625 χρονίου
591 5547 895 5616 διασκευῆς.
953 5549 1016 5603 Τί
1074 5547 1130 5603 δὲ
1187 5547 1286 5603 οὐκ
1342 5549 1399 5603 ἂν
1461 5552 1666 5625 ποιήσῃ
1722 5552 1748 5605 ὁ
1806 5553 1952 5626 χειρὶ

301 5639 470 5712 ταύτῃ
527 5645 626 5711 μιᾷ
675 5639 1064 5694 καταπαλαίειν
1132 5635 1276 5714 ἔχων
1329 5639 1392 5693 τὸ
1449 5641 1856 5713 ἀνθιστάμενον,
1909 5641 1953 5696 εἰ

304 5726 395 5784 καῖ
427 5728 502 5789 εἰς
553 5729 911 5804 ἑκατόγχειρα
954 5729 1410 5797 σκευασθήσεταω
1442 5728 1506 5782 Εἰ
1557 5727 1614 5783 δὶ
1659 5729 1748 5783 καὶ
1807 5735 1954 5804 κῦμα

301 5818 358 5872 ἓν
420 5817 494 5880 εἷς
555 5817 935 5894 κατακλυσμὸν
995 5825 1112 5882 τοῖς
1154 5818 1375 5897 ἐχθροῖς
1430 5816 1847 5899 ἐπιρῥυήσηται,
1897 5821 1947 5875 τί

2075 2068 2450 2140 pyrrhicham
2485 2087 2688 2142 reapse
2720 2069 3098 2139 saltabant,et
3118 2085 3412 2124 remorum
3442 2083 3722 2123 resonan-

2074 2157 2158 2212 tia
2187 2158 2484 2212 concitatze
2506 2157 2672 2213 valde
2693 2158 3030 2230 strepebant
3060 2161 3428 2228 terroresque
3451 2172 3723 2228 persona-

2078 2246 2220 2302 bant
2239 2246 2456 2318 quibus
2478 2247 2534 2301 in
2560 2251 2822 2320 tempore
2841 2247 3036 2302 hostes
3060 2250 3278 2301 arcent.
3310 2244 3605 2301 Demetiar
3626 2261 3721 2300 ea-

2076 2352 2206 2390 rum
2240 2336 2680 2391 multitudinem
2714 2340 2913 2408 utpote
2941 2333 3431 2391 innumerabilem
3469 2334 3527 2388 in
3560 2350 3722 2406 myo-

2075 2425 2418 2498 paronibus,
2488 2425 2545 2480 in
2601 2425 2921 2494 velocibus,
2969 2424 3025 2479 in
3082 2424 3422 2480 triremibus
3472 2421 3723 2494 aliisque

2076 2517 2310 2572 navium
2345 2516 2763 2572 instructarum
2789 2514 3193 2586 speciebus.Et
3214 2513 3462 2569 illisista
3493 2529 3724 2585 quoque

2075 2610 2248 2662 erunt
2266 2607 2324 2660 in
2344 2605 2978 2675 miraculum.’l‘empus
2999 2621 3131 2658 vero
3144 2619 3242 2658 eos
3260 2602 3516 2674 amplius
3546 2602 3722 2656 etiam

2077 2695 2424 2768 stupefaciet
2445 2695 2736 2750 discentes
2761 2693 3038 2766 quoniam
3068 2693 3192 2748 heri
3225 2692 3460 2763 quidem
3483 2689 3724 2747 bellicas

2075 2784 2208 2840 illas
2231 2802 2404 2841 naves
2423 2785 2587 2839 locus
2610 2784 2929 2856 dispositus
2953 2784 3010 2837 in
3029 2782 3400 2838 securitatem
3416 2780 3726 2853 amplecte-

2076 2875 2374 2941 halur,sed
2409 2873 2634 2929 caeteris
2673 2871 2856 2928 armis
2877 2888 3090 2926 vacuas
3105 2888 3229 2942 quae
3249 2887 3458 2926 cursus
3481 2869 3723 2926 velocio-

2075 2981 2167 3019 res
2182 2964 2489 3033 t‘aciunt,et
2509 2963 2766 3018 nondum
2791 2961 2980 3018 navali
3003 2961 3254 3017 exercitu
3278 2960 3598 3016 instructas
3623 2977 3726 3016 nec

2075 3053 2190 3109 illis
2206 3055 2422 3125 quibus
2455 3053 2619 3108 navis
2647 3051 2972 3123 impellitur
2987 3050 3074 3106 vel
3107 3050 3496 3106 committitur
3526 3065 3725 3122 pugna

2075 3139 3132 3214 adornatas.Equidemitaheri.Mane
3163 3142 3361 3194 autem
3389 3136 3552 3192 fulsit
3575 3137 3722 3206 dies,

2075 3237 2132 3288 et
2187 3232 2628 3304 imperatorium
2688 3230 2844 3285 venit
2902 3228 3476 3299 mandatum,idque
3505 3243 3574 3282 ex
3627 3245 3724 3284 ne-

2074 3321 2364 3379 cessitate.
2397 3321 2611 3377 Bei‘ecti
2644 3325 2782 3376 sunt
2811 3318 3139 3375 triremium
3181 3317 3728 3385 defectus;vacuata

2074 3417 2267 3469 autem
2300 3410 2562 3478 navalia;
2590 3415 2647 3466 et
2675 3407 2927 3480 expediti
2969 3410 3257 3463 steterunt
3286 3405 3524 3475 milites,
3574 3407 3726 3464 muti

2073 3518 2206 3558 vero
2229 3505 2606 3573 spectatores.
2633 3497 2942 3570 Propontis
2963 3496 3107 3552 nihil
3128 3495 3503 3552 subostendit
3525 3512 3720 3568 aequo-

2074 3591 2175 3648 ris.
2207 3592 2435 3648 Diceret
2466 3590 2600 3662 quie
2632 3595 2900 3646 nostrum
2929 3587 3074 3643 illud
3109 3603 3270 3642 mare
3327 3586 3458 3641 urbi
3493 3602 3718 3658 magna:

2072 3699 2200 3738 esse
2223 3681 2435 3752 simile,
2471 3682 2746 3752 frequens
2778 3678 2930 3735 sicut
2962 3678 3075 3733 ista
3105 3675 3388 3747 aediﬁciis,
3437 3675 3520 3731 ita
3573 3674 3719 3730 illud

2071 3771 2349 3827 domibus
2413 3769 2750 3826 mobilibus.
2785 3769 2924 3823 Erat
2948 3767 3189 3839 proinde
3223 3765 3416 3837 imago
3451 3763 3716 3820 maxime:

2073 3859 2457 3917 naumachiae.
2491 3863 2670 3914 Sonat
2701 3857 2863 3926 tuba,
2895 3860 3131 3912 resonat
3160 3859 3216 3910 et
3257 3854 3590 3926 remigium,
3619 3869 3716 3908 ex-

2071 3949 2368 4023 plicantur
2392 3965 2622 4015 cursus,
2655 3945 2916 4001 clamant
2945 3943 3504 4012 navarchi,cmicant
3535 3959 3720 4016 arma,

2071 4041 2332 4096 fremunt
2361 4037 2598 4104 milites,
2633 4055 2746 4092 uno
2771 4037 2944 4092 verbo
2975 4035 3122 4091 nihil
3155 4050 3361 4106 pugnae
3392 4033 3590 4089 deficit
3633 4034 3722 4088 ni-

2069 4128 2120 4184 si
2151 4129 2304 4201 quod
2339 4127 2526 4182 hostis
2552 4142 2668 4181 non
2721 4140 2789 4178 ex
2833 4125 3074 4178 adverso
3135 4127 3269 4178 stet.
3326 4121 3552 4185 Quibus
3611 4123 3716 4177 ad-

2071 4218 2310 4274 modum
2343 4214 2695 4288 prodigiosis
2727 4211 3049 4285 explanans
3091 4211 3304 4268 addam
3354 4210 3501 4266 istas
3561 4211 3719 4268 acies

2068 4321 2445 4378 nequaquam
2479 4319 2607 4359 esse
2639 4303 2860 4357 alienas
2893 4317 3080 4373 neque
3139 4303 3445 4355 extraneas
3474 4299 3718 4371 fcopias,

2067 4395 2170 4452 sed
2192 4399 2301 4450 iste
2331 4393 2619 4449 exercitus
2653 4391 2930 4463 indigena
2951 4394 3007 4445 et
3037 4387 3244 4460 majori
3310 4392 3473 4460 parte
3532 4387 3718 4444 conti-

2069 4488 2245 4542 nente
2283 4486 2541 4548 exortus,
2593 4481 2828 4537 urbium
2890 4479 3164 4535 maximis
3233 4479 3551 4546 enutritus,
3611 4495 3718 4535 nec

2068 4589 2238 4632 suam
2268 4589 2531 4645 unquam
2562 4570 2982 4643 dereliquerint
3007 4569 3280 4642 patriam,
3315 4585 3489 4625 naves
3521 4572 3718 4625 autem

2068 4681 2136 4720 ex
2167 4661 2448 4736 proximis
2478 4661 2806 4733 vicinisque
2837 4660 2980 4716 locis
3011 4676 3160 4729 quos
3194 4675 3298 4731 per
3327 4675 3512 4714 unum
3554 4658 3718 4713 diur-

2069 4769 2207 4808 num
2243 4752 2426 4808 solem
2454 4750 2791 4807 circumiret
2822 4751 3030 4804 viator.
3078 4747 3240 4803 Talia
3289 4747 3526 4818 quidem
3587 4747 3718 4803 dico

2069 4857 2217 4915 ego;
2253 4841 2504 4897 audiens
2549 4845 2743 4895 autem
2792 4839 3286 4908 obstupescentet
3347 4836 3720 4892 mirabuntur

2068 4947 2185 4986 non
2212 4935 2445 4986 tantum
2481 4930 2700 5002 regiam
2730 4928 2788 4982 in
2823 4928 2918 4984 his
2940 4926 3392 4999 providentiam,
3418 4926 3518 4980 sed
3570 4925 3718 4981 mul-

2066 5023 2186 5076 tam
2220 5037 2452 5091 quoque
2482 5019 2822 5090 potentiam,
2853 5022 2909 5071 et
2939 5032 3004 5070 ex
3035 5015 3144 5070 hoc
3197 5014 3515 5085 improviso
3563 5014 3716 5084 prin-

2067 5108 2214 5180 cipis
2247 5107 2524 5164 miraculo
2547 5107 2869 5178 excogitata
2901 5103 3233 5175 intelligent
3257 5119 3431 5173 opera
3455 5101 3713 5175 egregia,

2067 5214 2291 5253 necnon
2323 5213 2390 5253 ex
2420 5196 2550 5252 istis
2587 5193 2889 5253 subitariis
2922 5195 3165 5247 noscent
3212 5207 3301 5246 res
3333 5207 3434 5261 per
3465 5190 3708 5262 longum

2066 5289 2300 5359 tempus
2327 5289 2700 5358 praeparatas.
2725 5283 2871 5350 Quid
2908 5298 3022 5336 non
3059 5281 3268 5336 faceret
3299 5280 3382 5334 sic
3417 5297 3536 5334 una
3577 5279 3714 5336 dex-

2065 5374 2570 5432 teraadversarios
2594 5374 2834 5428 vincens
2857 5371 2906 5427 si
2967 5387 3102 5426 eum
3161 5369 3499 5426 centimano
3551 5385 3728 5426 com--

2067 5463 2349 5534 paretur?
2406 5462 2463 5518 Si
2519 5463 2732 5517 fluctus
2775 5476 2928 5515 unus
2977 5458 3035 5513 in
3091 5458 3290 5513 hostes
3347 5457 3582 5514 irruens
3613 5472 3714 5514 eos

2065 5553 2425 5623 submergat,
2458 5553 2600 5624 quid
2635 5569 2745 5606 non
2797 5550 3100 5621 patiantur
3150 5546 3375 5602 bellicis
3399 5546 3602 5604 multis
3647 5564 3718 5604 ex

2063 5642 2413 5712 imperatore
2435 5641 2609 5696 undis
2640 5639 2900 5695 obtruti?
2931 5638 3060 5692 Haec
3091 5634 3173 5690 illi
3208 5635 3460 5691 inferent
3489 5643 3542 5690 et
3570 5635 3713 5691 sibi-

2063 5731 2136 5786 lis
2175 5747 2417 5802 prorsus
2439 5729 2749 5801 explodent
2769 5733 3002 5798 gentem
3043 5725 3204 5780 illam
3237 5742 3364 5797 quae
3395 5728 3559 5780 tanto
3600 5725 3710 5779 im-

2062 5821 2315 5894 peratori
2361 5820 2644 5876 obluctari
2693 5817 2960 5888 voluerit,
3020 5815 3120 5888 qui
3180 5813 3359 5871 simul
3418 5813 3628 5870 annuit
3657 5818 3715 5867 et
