4060 6372
277 487 398 547 953

1193 481 1639 542 ALLOCUTIO
1685 480 1786 539 AD
1834 478 2269 541 MANUELEM
2317 481 2778 545 COMNENUM.

3580 489 3698 550 954

277 614 726 695 σφραγισόμενοι,
777 613 864 670 καὶ
919 612 1162 688 βασιλεῖς
1217 611 1369 676 αὖθις
1421 613 1508 690 ἀφ’
1558 614 1720 684 ἡμῶν
1771 612 1927 683 θερα-

2054 611 2331 669 ﬁrmaturi
2362 616 2709 686 potentiam,
2743 634 2952 674 rursus
2997 635 3160 689 reges
3213 637 3246 676 a
3277 620 3448 676 nobis
3479 621 3698 677 consti-

273 704 458 760 πεύειν
493 702 929 776 ἐπιταττόμενοι·
960 704 1035 764 ὡς
1067 706 1207 755 εῖναι
1229 701 1359 762 τοὺς
1397 700 1490 773 μὲν
1526 697 1732 760 ἄλλους
1757 699 1938 774 ἀρχη-

272 794 405 870 γοὺς
439 793 524 848 ἐπὶ
557 793 684 854 τοὺς
721 793 808 847 ὑπ’
841 791 1145 860 αὐτοῖς,τὸν
1175 788 1232 844 δὲ
1270 789 1536 864 ἡμέτερον
1569 788 1940 864 αὐτοκράτορα

281 883 554 960 βασιλέων
601 878 829 958 βασιλέα
868 880 958 935 καὶ
1007 875 1361 953 παμϐασιλέα
1409 879 1490 934 ἐπ’
1524 877 1755 939 ἐκείνους
1786 876 1814 931 ὃ
1869 875 1934 946 δὴ

281 969 532 1048 μέγιστόν
561 992 619 1025 τε
648 969 737 1024 καί
768 967 1131 1044 ἐξοχώτατον.

356 1059 440 1116 ιδ’.
487 1059 794 1132 ’Λνέμνησα
845 1056 903 1112 δὶ
970 1058 1029 1112 ἅν
1079 1056 1209 1121 τοὺς
1255 1056 1306 1127 ἐξ
1356 1054 1588 1129 Ἰσμαήλ
1647 1055 1936 1130 ἀκροατὰς,

277 1149 368 1205 καὶ
410 1147 568 1212 ὅσους
621 1146 836 1220 ἐτέρους
887 1145 1054 1222 ρῆγας
1105 1144 1340 1200 ἐκείνους
1391 1146 1425 1213 ἡ
1479 1146 1596 1207 καθ’
1641 1147 1791 1216 ἡμᾶς
1829 1140 1938 1197 εἶδε

277 1239 448 1302 πόλις
477 1237 636 1307 αὕτη,
667 1241 776 1290 τῶν
811 1240 917 1290 σῶν
951 1235 1324 1310 προπεσόντας
1355 1231 1562 1302 ποδῶν,
1615 1232 1658 1287 εἰ
1696 1233 1772 1306 μὴ
1803 1230 1938 1308 πρός

278 1325 596 1397 ἀλαζονείαν
662 1345 784 1380 τινα
833 1321 1066 1397 ἔμελλον
1128 1323 1281 1380 αὐτοὶ
1341 1322 1729 1399 ἐξογκώσεσθαι
1766 1367 1778 1379 .
1833 1317 1938 1378 Nai

274 1415 377 1492 γὰρ
438 1415 490 1469 οἱ
553 1419 660 1469 τῶν
725 1414 955 1468 Ἰταλῶν
1015 1412 1254 1488 ἀρχηγοὶ
1314 1411 1554 1482 ἐκεῖνοι,
1613 1410 1719 1466 οὐκ
1771 1411 1940 1486 ἀγαθά

275 1505 668 1584 φρονήσαντες,
723 1501 940 1577 μεγάλα
986 1507 1199 1580 φρονεῖν
1256 1498 1522 1556 δεδώκασι
1564 1501 1682 1555 καθ’
1733 1501 1934 1554 ἑαυτῶν

273 1593 405 1658 τοὺς
455 1591 730 1669 ἐχθρούς·
790 1591 865 1663 οτί,
920 1592 1086 1666 μέχρι
1142 1591 1236 1664 μὶν
1281 1591 1381 1658 τήν
1431 1591 1531 1660 σὴν
1584 1589 1734 1664 εἶχον
1777 1593 1938 1663 χεῖρα

277 1684 790 1760 σανεφαπτομένην,
851 1681 942 1736 καὶ
1011 1684 1129 1758 φῶς
1191 1679 1378 1743 αὐτοῖς
1421 1677 1662 1734 ἐλπίδων
1718 1677 1934 1752 ἀγαθῶν

277 1771 442 1826 ὁποῖα
505 1769 716 1826 στυλῶν
759 1771 1040 1825 θειοτάτου
1071 1769 1245 1844 πυρὸς
1317 1767 1719 1842 αἷθριάζουσαν,
1769 1766 1857 1820 καὶ
1909 1767 1937 1820 6

280 1861 374 1922 σὸς
409 1853 578 1938 φόϐος
602 1864 722 1921 τοῖς
757 1857 977 1936 ἐχθροῖς
1034 1856 1293 1912 ἐνεσείετο
1344 1855 1640 1932 ἐπαιγίζων
1675 1854 1750 1916 ὡς
1778 1853 1938 1932 νέφος

2048 702 2271 770 tuendi,
2332 703 2415 758 ita
2473 710 2537 758 ut
2590 705 2693 759 alii
2752 710 3006 762 rectores
3068 707 3185 764 illis
3216 710 3568 775 subdantur,
3597 709 3698 766 illo

2046 805 2180 844 vero
2213 791 2552 862 imperatori
2602 797 2803 850 nostro
2855 812 3057 868 regum
3111 796 3253 867 Regi
3309 798 3700 869 omnibusque

2047 879 2371 934 dominanti
2407 883 2702 938 obediant.
2736 882 2898 946 Quod
2933 885 3253 940 maximum
3287 891 3345 941 et
3372 887 3693 942 admodum

2045 968 2345 1024 eximium.

2121 1058 2206 1110 14.
2241 1057 2368 1111 Jam
2404 1058 2460 1112 in
2494 1059 2834 1115 memoriam
2884 1063 3168 1117 revocabo
3200 1067 3344 1134 quot
3373 1063 3702 1120 Ismaelitas

2048 1147 2374 1210 audientes,
2412 1151 2553 1218 quot
2603 1148 2747 1204 alios
2788 1150 3022 1221 regulos
3074 1156 3272 1206 nostra
3324 1152 3468 1206 vidit
3497 1153 3701 1209 civitas

2047 1235 2115 1289 ad
2151 1239 2284 1289 tuos
2317 1237 2492 1307 pedes
2524 1237 3001 1306 provolutos,nisi
3033 1243 3087 1296 et
3116 1239 3227 1311 ipsi
3260 1241 3513 1311 quadam
3546 1240 3700 1297 intu-

2049 1326 2272 1378 merent
2305 1324 2658 1395 arrogantia.
2688 1326 2914 1382 Etenim
2948 1327 3033 1382 illi
3066 1328 3340 1384 Italorum
3373 1331 3698 1398 duces,non

2047 1411 2201 1466 bona
2230 1412 2554 1482 cogitantes
2589 1429 2716 1468 sese
2761 1415 3030 1472 inimicos
3082 1417 3296 1473 animis
3328 1417 3514 1474 elatos
3543 1419 3701 1474 exhi-

2049 1500 2338 1567 buerunt;
2375 1500 2474 1572 qui
2498 1503 2756 1572 quandiu
2783 1506 2945 1559 tuam
2969 1505 3344 1576 conjunctam
3366 1507 3702 1563 habuerunt

2047 1589 2342 1644 dexteram
2373 1595 2430 1644 et
2460 1589 2649 1646 lucem
2703 1592 2827 1663 spei
2876 1593 3041 1649 bona:
3091 1595 3161 1650 ad
3195 1595 3384 1651 instar
3414 1595 3699 1652 columna)

2046 1677 2202 1749 ignis
2247 1677 2602 1734 divinissimi
2651 1686 3044 1754 serenantem,
3092 1688 3404 1756 metusque
3451 1685 3537 1740 tui
3584 1684 3703 1741 ini-

2049 1767 2232 1822 mices
2263 1769 2578 1824 commovit
2607 1769 2839 1826 irruens
2871 1775 3178 1843 tanquam,
3211 1773 3397 1828 nubes
3427 1777 3483 1829 et
3512 1772 3700 1846 caligo

2048 1859 2182 1912 ante
2213 1857 2420 1912 faciem
2451 1858 2930 1930 persequentium
2965 1861 3211 1931 objecta,
3243 1861 3470 1917 fortiter
3499 1877 3702 1934 proce-

278 1947 369 2002 καί
416 1947 628 2016 σκότος,
677 1951 778 2012 τῆς
833 1951 942 2001 τῶν
996 1941 1308 2001 διωκόντων
1357 1943 1678 2020 ἐπίπροσθεν
1723 1942 1936 2016 τιθέμε-

663 2035 688 2047 ..
919 2032 998 2047 ,α
1103 2039 1131 2047 -
1319 2034 1331 2047 .
1397 2033 1418 2047 ..
1479 2031 1558 2047 ..μ
1632 2032 1646 2047 ς

2054 1946 2285 2015 debant,
2319 1951 2376 2002 et
2407 1947 2464 2001 in
2499 1947 2652 2002 viam
2679 1947 3228 2016 introducebantur,
3252 1950 3702 2022 transibantque

275 2057 372 2099 νος
403 2032 602 2110 ὅψεως,
651 2035 856 2111 ἤγοντο
907 2032 1192 2108 ἀνδρικῶς,
1244 2034 1335 2089 καὶ
1367 2033 1443 2095 εἲς
1471 2031 1594 2088 ὁδὸν
1629 2032 1932 2107 ἐχειραγώ-

282 2128 501 2201 γοῦντο,
545 2122 635 2179 καί
701 2120 966 2180 διέϐαινον
1013 2121 1290 2201 ἀσφαλῶς.
1353 2125 1482 2179 Ὅτε
1531 2119 1589 2176 δὲ
1639 2121 1943 2197 θαρῥήσαν-

284 2233 372 2275 τες
425 2213 638 2276 ἑαυτοῖς
685 2213 968 2285 ἐμόνασαν,
1021 2215 1109 2267 καὶ
1159 2214 1187 2266 6
1233 2216 1327 2266 τοῦ
1373 2211 1551 2287 φωτὸς
1603 2209 1798 2271 στῦλος
1846 2209 1944 2264 οὐκ

289 2301 356 2370 ἧν
384 2349 398 2371 ,
438 2303 526 2356 καὶ
575 2305 609 2371 ἡ
657 2300 857 2380 νεφέλη
922 2302 1105 2370 ἀπῆν,
1158 2300 1337 2355 οὐκέτι
1396 2299 1757 2375 πορευόμενοι
1816 2297 1942 2353 ἐπο-

288 2390 530 2467 ρεύοντο,
562 2391 708 2446 ἀλλὰ
749 2393 830 2465 (τὸ
881 2391 1005 2461 έξῆς
1051 2392 1148 2460 τῆς
1199 2387 1374 2462 ᾠδῆς)
1424 2386 1665 2455 ἔκλαιον,
1717 2389 1807 2442 καὶ
1857 2387 1940 2461 (τὸ

285 2479 550 2535 ἀνάπαλιν
580 2487 680 2550 τῆς
714 2479 885 2552 ᾠδῆς)
938 2477 1274 2556 βαλλόμενοι
1307 2479 1563 2550 πτώμασι
1612 2477 1942 2547 κατεστρών-

281 2589 481 2639 νυντο,
530 2568 619 2623 καὶ
668 2576 769 2638 τῆς
816 2575 914 2638 σῆς
971 2562 1071 2638 ἔξω
1131 2567 1335 2638 σκέπης
1383 2565 1682 2640 γενόηενοι,
1737 2562 1938 2640 αἷ¹θριοι

281 2664 396 2720 τοῖς
444 2663 634 2722 κακοῖς
675 2657 958 2730 ἐξέκειντο,
1014 2658 1102 2712 καὶ
1154 2654 1524 2732 ἐχαλαζοῦντο
1554 2659 1672 2717 τοῖς
1730 2651 1938 2730 βέλεσι,

281 2746 371 2802 καὶ
431 2746 654 2821 χύσεσιν
707 2747 953 2819 αἱμάτων
1023 2744 1447 2821 καταρῥεόμενοι
1525 2742 1892 2817 παρεσύραντο
1922 2785 1937 2812 ,

286 2833 537 2911 περίοδόν
587 2857 707 2890 τινα
765 2833 1014 2911 δυστυχῆ
1069 2835 1274 2904 ταύτην
1332 2833 1431 2888 οὐκ
1486 2831 1538 2903 ἐξ
1594 2829 1936 2907 ἀλλοτρίων,

289 2922 432 2978 ἀλλά
478 2931 749 3000 προσγενῆ
785 2922 1279 3000 δυσπραγήσαντες·
1313 2921 1436 2992 ἥτις
1465 2922 1597 2976 ποτὲ
1645 2925 1762 2982 τοῖς
1801 2941 1934 2996 προ-

2043 2035 2255 2090 securi.
2289 2036 2400 2090 Sed
2445 2036 2680 2107 quando
2729 2036 3116 2110 sibimetipsis
3172 2038 3379 2094 confisi
3429 2039 3539 2095 soli
3573 2039 3704 2095 fue-

2054 2127 2192 2179 runt
2221 2123 2429 2190 relicti,
2463 2127 2710 2195 necjam
2742 2129 2866 2180 erat
2886 2125 3036 2182 lucis
3064 2126 3357 2196 columna,
3383 2127 3702 2200 aberatque

2053 2214 2261 2278 nubes,
2296 2214 2674 2284 procedentes
2731 2232 2847 2270 non
2905 2216 3318 2287 procedebant,
3363 2217 3463 2273 sed
3514 2232 3702 2288 usque

2051 2303 2124 2356 ad
2186 2302 2360 2357 ﬁnem
2419 2301 2736 2374 lugebant;
2798 2308 3152 2360 revertentes
3215 2309 3408 2361 autem
3462 2306 3702 2362 casibus

2047 2391 2247 2461 jactati
2278 2391 2463 2446 eversi
2495 2397 2654 2460 sunt,
2705 2397 2920 2463 tuoque
2970 2393 3156 2450 orbati
3208 2395 3498 2466 praesidio,
3529 2394 3702 2451 malis

2043 2481 2323 2552 jacebant
2352 2480 2608 2547 obnoxii,
2643 2481 2890 2554 telisque
2923 2482 3092 2554 quasi
3124 2483 3408 2554 grandine
3439 2483 3704 2556 percussi

2051 2572 2108 2623 et
2137 2567 2322 2622 multo
2373 2569 2612 2640 profuso
2659 2569 2946 2642 sanguine
3005 2569 3479 2641 repellebantur;
3523 2589 3701 2644 quam

2049 2657 2451 2712 calamitatum
2484 2657 2790 2729 periodum
2849 2675 2963 2714 non
2996 2659 3070 2714 ab
3117 2659 3347 2727 alienis,
3380 2661 3479 2716 sed
3513 2677 3546 2715 a
3577 2661 3704 2717 suis

2050 2745 2208 2817 passi
2243 2749 2404 2813 sunt,
2456 2762 2568 2800 non
2620 2761 2790 2801 secus
2845 2762 2910 2802 ac
2962 2746 3101 2802 olim
3154 2748 3382 2818 proavis
3413 2748 3705 2804 acciderat

2049 2833 2231 2901 Italis,
2289 2835 2519 2905 quando
2572 2840 2735 2889 terra:
2791 2835 3190 2891 Romanorum
3243 2836 3440 2902 robur,
3493 2852 3699 2908 regum

2048 2921 2423 2990 miraculum,
2460 2923 2760 2978 accinctus
2789 2928 2880 2980 est
2910 2924 3090 2979 armis
3123 2941 3374 2996 magnus
3403 2924 3659 2981 Alexius.

286 3012 469 3086 γόνοις
515 3013 747 3075 Ἰταλοῖς
806 3014 1088 3068 συνέπεσεν
1144 3010 1234 3067 ὅτε
1286 3011 1350 3065 τὸ
1392 3010 1588 3088 κράτος
1645 3016 1745 3078 τῆς
1795 3007 2080 3081 Ῥωμαίων
2131 3007 2397 3077 ἐζώννυτο
2450 3013 2551 3085 γῆς
2610 3011 2671 3064 τὸ
2730 3011 2909 3085 θαῦμα
2963 3015 3069 3065 τῶν
3133 3011 3482 3086 βασιλέων,ὁ
3534 3013 3702 3088 μέγας

283 3101 551 3172 Ἀλέξιος.

361 3210 438 3266 ιε’.
474 3207 652 3266 Ἀλλᾶ
677 3208 730 3263 τί
776 3231 868 3282 μοι
909 3209 1047 3284 πρὸς
1093 3207 1156 3262 τὸ
1195 3211 1292 3263 τοῦ
1341 3205 1593 3279 Ἀλεξίου
1626 3203 1797 3280 ὄνομα
1842 3205 1939 3268 τὰς

2123 3208 2209 3262 15.
2244 3207 2355 3262 Sed
2404 3208 2540 3279 quid
2598 3209 2743 3264 mihi
2790 3209 2862 3264 ad
2920 3208 3076 3265 istud
3133 3209 3318 3265 Alexii
3349 3225 3563 3265 nomen
3591 3225 3701 3266 au-

286 3299 452 3361 ἆκοᾶς
527 3293 928 3374 παραϐάλλεις,
1004 3295 1049 3350 ὦ
1119 3297 1400 3373 πορφύρας
1483 3294 1703 3370 βλαστὶ,
1764 3295 1936 3364 ὀξεῖαν

2054 3313 2144 3352 res
2176 3296 2479 3367 palefacis,
2512 3296 2594 3351 fili
2650 3315 2944 3369 purpurea,
2970 3302 3256 3353 arrectam
3291 3299 3554 3369 praebens
3592 3315 3699 3354 au-

285 3387 454 3457 ἀκοὴν
508 3387 737 3442 ἀνιστῶν
791 3387 928 3464 πρὸς
984 3387 1082 3454 τὴν
1136 3383 1426 3460 βασιλικὴν
1484 3385 1686 3453 ταύτην
1729 3383 1938 3461 φωνὴν,

286 3479 372 3532 καὶ
421 3482 503 3549 τῷ
553 3475 823 3552 γνωρίμῳ
871 3474 1079 3550 χαίρων
1127 3477 1228 3543 τῆς
1274 3473 1561 3542 κλήσεωςς
1629 3476 1796 3548 Χαῖρε
1846 3472 1938 3544 μὲν

285 3567 376 3621 καὶ
416 3565 598 3638 τούτῳ
641 3569 720 3638 τῷ
763 3585 824 3619 τε
871 3563 1099 3636 ὀνόματι
1142 3567 1224 3635 τῷ
1264 3583 1322 3616 τε
1351 3563 1657 3636 πράγματι,
1714 3560 1804 3615 καὶ
1863 3559 1940 3621 εἴς

286 3655 561 3726 παππῴαν
610 3654 916 3727 ὁμοιότητα
965 3652 1183 3708 σεαυτὸν
1247 3645 1560 3719 ἀναϐίϐαζε·
1611 3651 1673 3704 τὸ
1705 3647 1761 3705 δὲ
1815 3654 1940 3720 πᾶν,

284 3743 614 3814 ἐξεικονίζου
672 3742 809 3815 πρὸς
859 3742 952 3804 τὰς
1003 3745 1098 3796 τοῦ
1155 3737 1425 3817 βασιλέως
1470 3740 1674 3816 πατρὸς
1729 3739 1942 3814 ἀρετάς.

287 3832 498 3894 Γλυκὺς
549 3833 576 3886 ὁ
632 3832 796 3906 μέγας
845 3832 1048 3892 ἐκεῖνος
1089 3827 1355 3900 Ἀλέξιος,
1405 3830 1494 3885 καὶ
1551 3827 1722 3899 ζήλου
1772 3826 1940 3898 ἄξιος.

287 3920 536 3997 Χαρίτων
569 3919 794 3994 πλήρης
824 3921 852 3974 6
885 3917 1138 3991 ἀοίδιμος
1171 3923 1411 3989 πάππος,
1463 3919 1490 3972 6
1547 3917 1601 3972 ἐν
1663 3916 1940 3993 βασιλεῦσι

288 4009 644 4086 περίκλυτος,
701 4011 789 4064 καὶ
850 4012 931 4070 οἷς
984 4007 1280 4079 ζηλοῦσθαι
1330 4012 1445 4068 τοῖς
1491 4006 1710 4061 θέλουσι
1741 4005 1942 4062 τι)ποῦ-

291 4103 410 4157 σθαι
459 4101 596 4176 πρὸς
650 4099 932 4176 βασιλείας
963 4093 1259 4174 ἀκρίϐειαν,
1297 4095 1457 4153 Ἀλλ’
1512 4096 1539 4151 ὀ
1596 4096 1774 4171 πατὴρ
1807 4094 1944 4170 ἄκρα

290 4191 566 4266 γλυκύτης
605 4189 766 4266 χάρις
825 4188 1192 4264 αὐτόχρημα.
1244 4187 1303 4241 Τί
1349 4190 1479 4260 γοῦν
1545 4206 1628 4240 σοι
1676 4185 1767 4240 καὶ
1816 4187 1943 4240 ἀνα-

289 4281 504 4357 τρέχειν
542 4279 618 4341 εἶς
645 4277 967 4347 τὰπαλαιὰ,
1018 4271 1143 4331 ἔνθα
1190 4277 1326 4352 πρὸς
1366 4277 1600 4347 μίμησιν
1631 4274 1693 4329 τὸ
1741 4274 1942 4329 νεώτα-

287 4391 379 4426 τον
452 4369 652 4443 ἆγαθὸν
716 4364 975 4441 αὔταρκες
1041 4365 1131 4420 καὶ
1174 4363 1657 4438 πολυσύγκρατον,
1717 4362 1944 4426 ἐκείνοις

286 4481 347 4516 τε
395 4456 600 4514 θάλλον
651 4462 768 4519 τοῖς
819 4457 878 4511 ἐκ
941 4455 1186 4529 πατέρων
1243 4455 1344 4508 ὅσα
1400 4454 1488 4508 καὶ
1545 4451 1946 4526 κληρονομίαις

288 4548 510 4614 καλαῖς,
566 4545 1076 4621 προσεπιπλουτοῦν
1130 4541 1306 4599 δὲκαὶ
1355 4542 1421 4598 τὰ
1466 4540 1723 4610 oi’xoﬁev;
1772 4538 1946 4598 Ἀλλᾶ

291 4638 430 4710 πρὸς
467 4637 525 4691 σὲ
579 4636 697 4710 μὲν,
751 4637 797 4690 ὦ
841 4633 1122 4710 πορφύρας
1181 4629 1451 4709 αὐγασμα,
1498 4629 1703 4700 ἴδιάζον
1754 4629 1942 4688 αὐτίκα

298 4725 446 4801 μάλα
489 4722 635 4781 ἔσται
672 4745 766 4798 μοι
795 4725 858 4779 τὸ
887 4723 1180 4801 προσφώνη
1194 4743 1288 4796 μα.
1331 4720 1518 4776 Οὐκέτι
1540 4721 1642 4796 γάρ
1675 4741 1733 4775 σε
1759 4719 1823 4775 τὸ
1845 4723 1944 4776 τοῦ

294 4819 426 4872 Θεοῦ
462 4816 596 4889 μέγα
626 4809 782 4889 ἔργον
815 4813 866 4867 ἐν
898 4813 1154 4888 παρέργῳ
1185 4811 1352 4887 λόγου
1383 4811 1644 4882 θήσομαι.

369 4925 453 4988 ις’.
482 4923 626 4998 Ἐγὼ
658 4918 736 4992 δὲ,
770 4918 903 4997 ὅπερ
931 4916 1142 4994 ἔλεγον,
1191 4918 1289 4973 οὐκ
1335 4916 1397 4972 ἃν
1444 4920 1560 4978 τοῖς
1605 4913 1656 4985 ἐξ
1709 4913 1943 4988 Ἰσμαὴλ

295 5013 470 5070 ἐκεῖνα
499 5011 574 5074 είς
608 5011 778 5079 ἀκοὴν
832 5009 997 5064 ὠτίου
1038 5007 1324 5084 ἀγάγοιμι,
1375 4999 1801 5078 εὐλαϐούμενος,
1865 5005 1940 5077 μὴ

293 5104 389 5159 καὶ
470 5102 568 5164 τὰς
646 5100 813 5178 ὀφρῦς
874 5097 957 5153 ἐπ’
1026 5096 1253 5160 ἐκείνοις
1340 5092 1654 5169 μετεωρίσω
1738 5091 1941 5156 αὐτοῖς.

295 5193 621 5266 Ἀναμνήσω
680 5187 770 5258 δὶ,
826 5187 975 5249 ὅπως
1057 5188 1086 5241 6
1143 5186 1269 5261 παρ’
1329 5184 1514 5247 αὐτοῖς
1573 5183 1711 5258 μέγα
1767 5183 1944 5260 φέρων

293 5278 470 5355 ὄνομα
515 5281 577 5334 τὸ
626 5277 978 5333 σουλτανικὸν
1025 5273 1172 5348 (δότε
1215 5274 1320 5350 γάρ
1363 5294 1460 5346 μοι
1515 5273 1615 5341 τὴν
1671 5271 1941 5346 ἐγχώριον

290 5376 406 5433 τοῖς
461 5367 840 5445 ἀκροωμένοις
883 5365 1092 5443 φωνὴν)
1127 5363 1377 5436 είςὴμὰς
1424 5361 1513 5416 καὶ
1569 5360 1730 5422 αὐτὸς
1762 5355 1943 5431 διέϐη,

291 5461 382 5517 καὶ
410 5458 543 5515 εἶδεν
594 5456 751 5511 αὐτὸν
798 5457 833 5525 ἡ
883 5451 1292 5510 Κωνσταντίνου
1350 5445 1586 5526 πρέσϐυν
1638 5449 1767 5523 ὑπὲρ
1822 5450 1941 5504 έαυ-

293 5553 412 5620 τοῦ,
477 5542 824 5620 καταλλαγὰς
881 5542 937 5599 ἐκ
992 5545 1088 5597 τοῦ
1148 5548 1248 5611 τῆς
1297 5539 1624 5614 οῗκουμένης
1681 5536 1944 5594 δεσπότου

296 5637 694 5710 ποτνιώμενον,
746 5633 836 5689 καὶ
883 5633 945 5688 τὸ
1009 5629 1178 5688 καλὸν
1247 5630 1404 5686 αὐτὸν
1461 5629 1632 5702 ἑαυτῷ
1689 5628 1943 5685 ἐπισπεύ-

300 5727 481 5798 δοντα,
513 5725 572 5782 ἐκ
600 5731 698 5795 τῆς
744 5727 840 5779 τοῦ
891 5721 1286 5798 αὐτοκράτορος
1331 5717 1730 5797 γαληνότητος,
1761 5718 1849 5774 καὶ
1881 5718 1943 5775 οὐ

303 5816 372 5874 δι’
415 5813 600 5890 ἐτέρου
647 5813 1172 5891 καταπραττόμενον.
1224 5809 1321 5868 Καὶ
1363 5808 1417 5865 τί
1465 5807 1568 5887 γὰρ
1609 5804 1718 5865 ἔδει
1777 5805 1944 5888 ἄνδρα

2052 3401 2174 3440 rem
2209 3386 2279 3439 ad
2312 3385 2462 3440 hanc
2495 3385 2713 3458 regiam
2763 3403 2984 3459 vocem,
3015 3391 3072 3442 et
3119 3391 3257 3443 noto
3307 3387 3571 3458 gaudens
3602 3403 3699 3443 co-

2051 3473 2328 3547 gnomine
2352 3473 2380 3527 ?
2408 3475 2516 3529 Sed
2553 3475 2742 3545 gaude
2791 3479 2848 3530 et
2897 3478 2966 3532 de
2997 3493 3056 3531 re
3106 3480 3163 3532 et
3190 3477 3260 3532 de
3318 3475 3557 3532 nomine
3587 3476 3700 3532 isto

2051 3574 2109 3619 et
2137 3565 2207 3619 ad
2268 3564 2359 3620 avi
2418 3563 2868 3620 similitudinem
2925 3565 3304 3638 temetipsum
3361 3564 3539 3637 erige,
3586 3580 3701 3621 uno

2049 3653 2248 3720 verbo,
2281 3651 2593 3723 imaginem
2626 3653 2807 3724 patris
2840 3654 2978 3727 regii
3013 3655 3293 3710 virtutum
3339 3655 3396 3709 in
3445 3657 3502 3710 te
3533 3653 3703 3726 inge-

2052 3757 2211 3797 nera.
2234 3745 2450 3796 Gratus
2474 3739 2572 3796 ille
2592 3741 2827 3797 Alexius
2851 3759 3124 3816 magnus,
3146 3747 3202 3798 et
3221 3743 3444 3798 invidia
3464 3743 3701 3815 dignus.

2053 3831 2380 3885 Gratiarum
2408 3830 3198 3902 plenus,valdevenerandus
3222 3849 3362 3888 avus
3377 3835 3432 3886 et
3449 3830 3585 3887 talis
3608 3831 3703 3886 cui

2051 3919 2422 3985 aemulentur,
2447 3923 2512 3973 ut
2537 3936 2740 3991 regum
2769 3920 3277 3992 celeberrimo,qui
3305 3921 3509 3977 volunt
3529 3921 3706 3976 infor-

2052 4007 2203 4061 mari
2234 4008 2557 4062 secundum
2586 4007 2890 4080 dignitatis
2922 4011 3092 4080 regiae
3125 4011 3560 4082 perfectionem.
3593 4014 3702 4066 Pa-

2050 4099 2139 4151 ter
2168 4112 2298 4150 vero
2329 4111 2565 4150 summa
2615 4097 2896 4162 suavitas,
2951 4115 3052 4154 seu
3111 4099 3302 4170 potius
3331 4099 3460 4170 ipsa
3490 4098 3698 4170 gratia.

2049 4186 2157 4240 Sed
2189 4201 2370 4255 quare
2402 4185 2471 4239 ad
2496 4184 2739 4255 antiqua
2760 4185 3007 4257 refugio,
3031 4185 3168 4238 dum
3194 4183 3289 4238 hic
3315 4184 3483 4238 adest
3506 4184 3701 4240 novis-

2052 4273 2268 4329 simum
2303 4273 2524 4329 bonum
2573 4273 2739 4328 valde
2785 4272 3064 4328 eximium
3111 4278 3166 4328 et
3201 4273 3698 4342 potentissimum,

2053 4362 2333 4436 paternis,
2393 4362 2562 4434 quasi
2617 4362 2899 4434 speciosis
2952 4361 3429 4430 haereditatibus,
3486 4361 3700 4418 ﬂorens

2052 4451 2388 4518 virtutibus,
2449 4451 2666 4522 quibus
2728 4451 2989 4506 abundat
3047 4450 3321 4506 familia?
3375 4455 3592 4507 Verum
3625 4450 3698 4506 ad

2051 4544 2128 4606 te,
2162 4556 2193 4595 ο
2227 4538 2503 4611 splendor
2527 4556 2600 4611 pu
2613 4540 3062 4612 rpurae,proprie
3082 4543 3309 4612 spectat
3333 4557 3461 4595 mea
3490 4539 3696 4597 oratio.

2053 4629 2178 4685 Non
2207 4628 2364 4684 enim
2397 4632 2473 4698 te,
2500 4629 2597 4685 Dei
2629 4645 2909 4702 magnum
2933 4645 3099 4700 Opus,
3128 4630 3386 4686 secundo
3409 4629 3699 4687 sermonis

2052 4734 2267 4792 ponam
2298 4717 2444 4773 loco.

2130 4915 2212 4969 16.
2245 4914 2364 4986 Ego
2393 4929 2549 4982 vero,
2581 4912 2880 4984 sicutjam
2926 4913 3067 4978 dixi,
3100 4913 3216 4969 ista
3246 4930 3358 4969 non
3406 4914 3698 4985 proferam

2055 5004 2126 5059 ad
2159 5018 2330 5058 aures
2363 5001 2788 5058 Ismaelilarum
2823 5005 2886 5057 ut
2916 5019 3031 5058 non
3062 5003 3131 5057 de
3163 5019 3223 5058 se
3254 5001 3399 5074 ipsis
3438 5003 3698 5073 superci-

2052 5091 2198 5147 lium
2213 5091 2529 5164 erigant.In
2544 5089 2887 5145 memoriam
2902 5096 3096 5146 autem
3111 5092 3390 5147 revocabo
3406 5091 3698 5164 quomodo

2055 5182 2210 5254 apud
2271 5196 2379 5236 nos
2437 5195 2718 5250 magnum
2779 5179 2969 5235 ferens
3026 5196 3238 5236 nomen
3299 5180 3494 5236 sultan
3544 5180 3701 5251 (date

2053 5271 2208 5328 enim
2241 5268 2386 5324 mihi
2418 5284 2618 5324 vocem
2648 5266 3024 5324 audientibus
3055 5269 3581 5336 accommodatam)
3624 5268 3699 5323 ad

2055 5377 2162 5416 nos
2193 5359 2318 5430 ipse
2338 5372 2570 5429 quoque
2601 5355 2892 5425 transivit,
2916 5361 2975 5412 et
2995 5357 3139 5412 vidit
3163 5373 3298 5414 eum
3331 5355 3701 5412 Constantini

2055 5451 2261 5508 civitas
2293 5464 2395 5520 pro
2427 5464 2488 5503 se
2537 5445 2826 5518 legatione
2878 5447 3240 5519 fungentem,
3283 5449 3638 5520 pactumque
3669 5463 3703 5504 a

2054 5539 2291 5596 domino
2323 5541 2489 5593 terra;
2521 5535 2823 5591 humiliter
2842 5536 3276 5608 deprecantem,
3311 5539 3368 5590 et
3388 5535 3480 5591 sui
3511 5536 3702 5608 ipsius

2056 5629 2391 5686 felicitatem
2426 5625 2497 5680 ab
2528 5623 2898 5696 imperatoris
2944 5625 3257 5681 serenitate
3303 5627 3698 5696 exoptantem,

2055 5735 2161 5775 nec
2190 5732 2290 5790 per
2321 5714 2501 5772 alium
2535 5731 2664 5770 eam
2706 5713 3130 5786 exquirentem.
3180 5713 3396 5787 thuid
3427 5712 3582 5770 enim
3613 5714 3702 5769 vir

2054 5807 2292 5880 sapiens
2322 5802 2542 5878 regiam
2573 5802 2922 5861 suavitatem
2956 5802 3160 5862 alienis
3187 5801 3361 5862 labiis
3389 5801 3698 5876 gustaret?
