2030 3182
175 201 234 232 955

569 202 782 234 EUSTATHII
802 201 1184 233 TEESSALONICENSIS
1206 202 1496 234 METROPOLITJE

1834 202 1902 233 956

176 267 289 300 Quibus
300 268 337 296 ad
353 270 482 296 mentem
501 268 619 296 illorum
635 269 789 303 revocatis,
805 277 859 305 ego
878 268 1003 296 confun-

1061 271 1177 305 νουνεχῆ
1206 266 1350 305 βασιλικῆς
1388 267 1562 305 γλυκύτητος
1590 267 1752 306 ἀλλοτρίοις
1780 267 1901 306 χείλεσι

176 312 245 340 dam
275 312 416 340 barbaros
445 312 601 341 humiliata
629 321 729 341 eorum
758 313 908 349 superbia,
936 320 1002 341 cum

177 357 219 384 ita
233 356 364 384 illustres
380 357 443 393 agis
459 357 635 393 triumphos,
649 366 665 385 ο
677 358 844 393 imperator,
861 358 1002 385 adversus

176 401 253 435 illos,
278 401 416 437 virosque
444 401 586 429 bellorum
617 401 813 429 amicissimos
841 401 885 429 tui
909 401 1002 429 solius

176 447 256 473 metu
273 453 388 473 coerces
408 446 457 481 qui
473 446 502 473 in
527 446 630 481 plateis
653 446 864 482 gloriabantur,
880 448 908 473 et
923 446 1000 482 quod

177 498 264 518 nemo
279 498 371 524 usque
393 491 427 518 ad
450 493 621 526 praesentem
650 491 866 527 generationem
893 490 923 517 in
940 498 1001 518 ma-

176 535 265 563 ximis
280 534 364 563 bellis
389 536 506 571 fecerat,
520 537 552 563 tu
577 535 692 563 facilius
721 535 843 572 patrasti
860 537 897 569 et,
915 537 947 562 ut
963 535 1003 562 ita

177 579 282 615 dicam,
298 579 362 607 sine
376 579 484 607 labore.

213 678 258 706 17.
279 677 406 705 Facilius
435 678 493 706 dixi
523 680 552 706 et
572 678 635 706 sine
665 678 775 712 labore,
803 678 1003 707 universitatis

176 730 275 750 rerum
305 722 423 750 oblitus.
454 723 586 750 Primum
616 723 777 757 laborasti;
807 732 882 759 smpc
911 724 1001 752 bella-

177 767 235 801 sti;
253 775 302 802 pro
333 767 416 794 nobis
443 767 611 801 dimicnsti;
639 770 750 795 onustae
780 768 897 795 fuerunt
913 769 1003 796 armis

177 820 293 840 manus.
311 812 364 839 Pro
388 812 472 839 nobis
497 812 577 839 fuisti
603 812 741 846 saucius;
766 812 864 840 hostes
888 814 1002 841 saucia-

179 856 217 884 sti
232 856 274 883 ita
290 858 321 883 ut
336 865 384 883 eos
408 858 554 884 numerari
580 865 766 892 nequaquam
794 858 833 884 sit
853 858 1000 893 possibile.

178 901 260 928 Vidit
275 903 301 928 te
317 901 458 928 sudorum
476 901 584 928 flumen
614 902 642 928 in
659 902 722 938 ipso
740 902 901 936 jucundius
918 903 1004 930 ablu-

177 946 254 979 tum,
267 953 354 979 quam
371 945 486 980 Cydnus
514 954 642 973 mersum
661 946 688 973 in
714 947 778 981 ipso
794 947 1001 975 Alexandrum.
1018 957 1041 988 Β

179 989 219 1017 Ex
234 990 365 1024 adverso,
391 992 559 1018 corruentes
590 990 617 1017 in
649 991 817 1019 servitutem
842 992 1000 1027 redegisti;

179 1033 281 1062 nullus
303 1034 406 1069 hostis,
424 1035 522 1062 nullus
549 1035 671 1062 bellator
699 1043 785 1071 quem
803 1038 832 1063 tu
862 1045 918 1064 non
933 1037 1002 1064 θυι).

174 1078 292 1114 jeceris.
322 1081 478 1114 Propterea
508 1088 610 1107 omnes
640 1089 737 1108 coram
769 1083 796 1108 te
823 1081 909 1108 etiam
936 1084 1003 1109 ante

178 1131 370 1159 congressum
401 1123 578 1159 procidunt;
618 1126 662 1160 (ut
700 1125 771 1160 quid
808 1125 886 1152 enim
915 1126 1001 1152 dimi-

180 1170 255 1202 cent,
286 1176 352 1195 oum
381 1167 452 1195 nihil
482 1167 547 1196 illos
575 1168 630 1196 nisi
666 1169 800 1197 interitus
832 1170 1003 1205 maneat?)

180 1214 209 1240 et
224 1220 255 1239 se
271 1214 326 1239 tum
348 1212 479 1240 subdunt
504 1213 710 1247 dominationi,
726 1222 815 1249 seque
831 1215 1002 1250 triumphali

182 1258 233 1284 tuo
249 1256 345 1283 currui
358 1256 489 1292 alligant.
507 1258 541 1285 Et
557 1260 675 1293 propter
689 1258 759 1293 quid
776 1258 853 1285 aliud
878 1260 919 1286 tot
934 1258 1004 1286 clari

183 1301 330 1337 principes
347 1309 398 1336 per
413 1310 528 1329 omnem
551 1304 658 1329 terram
675 1303 801 1338 dispersi
821 1303 855 1329 ad
874 1311 925 1330 nos
941 1312 1004 1338 per-

183 1349 257 1382 gunt
286 1345 444 1379 continuo,
485 1349 514 1373 et
540 1346 692 1374 nobiscum
732 1348 826 1374 vivere
855 1350 1004 1383 satagunt,

182 1399 306 1426 quorum
324 1399 379 1418 non
397 1393 441 1418 est
458 1391 566 1418 labium
586 1400 687 1423 unum,
703 1400 820 1426 unaque
836 1391 1003 1427 lingua,sed

181 1435 317 1471 prudenti
334 1435 486 1462 concordia
503 1436 689 1470 meditantes,
706 1438 734 1463 et
748 1436 824 1463 inter
848 1444 879 1464 se
894 1437 1005 1464 delibe-

180 1481 279 1507 rantes
290 1480 433 1514 probeque
441 1479 663 1515 scientes,quem
675 1480 826 1508 dominum
836 1484 901 1516 post
912 1481 1003 1508 Deum

181 1531 272 1551 unum
289 1524 444 1559 solumque
456 1524 511 1551 sibi
526 1525 688 1560 eligent,ita
699 1524 872 1560 semetipsos
885 1525 1005 1553 illustri-

181 1568 237 1595 bus
266 1568 426 1604 triumphis
456 1569 617 1604 prasbentes
645 1569 807 1604 divinaeque
835 1572 891 1597 tua:
916 1578 1005 1606 super

180 1620 283 1640 omnes
297 1612 422 1640 victorias
438 1613 641 1640 testimonium
656 1613 834 1641 exhibentes.
1020 1642 1042 1676 Ο

216 1710 258 1737 18.
276 1709 360 1737 Absit
372 1712 405 1737 ut
420 1709 503 1737 illum
527 1712 655 1738 Neeman
672 1711 719 1738 hic
742 1713 852 1738 taceam
870 1712 919 1747 qui
937 1712 1005 1740 alibi

180 1753 274 1782 claros
291 1754 362 1782 mihi
379 1754 577 1790 suppeditavit
592 1763 752 1789 sermones,
769 1755 818 1791 qui
834 1756 887 1783 etsi
905 1756 1004 1792 procul

179 1798 304 1826 distaret
326 1799 409 1834 quasi
441 1799 592 1834 proximus
621 1800 722 1827 oculos
752 1808 831 1828 meos
859 1801 1003 1834 astrinxit,

179 1842 226 1871 vir
253 1850 311 1870 non
340 1845 457 1870 staturas
495 1852 585 1879 quam
623 1846 729 1872 natura
756 1844 826 1872 viris
864 1845 1004 1880 impertit,

181 1887 232 1915 sed
248 1887 277 1914 in
294 1887 528 1923 magnitudinem
540 1887 634 1915 elatus
646 1890 674 1916 et
685 1891 803 1924 aspectu
816 1889 1004 1925 conspicuus,

180 1931 263 1968 prius
293 1932 411 1967 quidem
442 1933 477 1959 ad
508 1932 640 1960 animum
668 1933 780 1961 virilem
809 1934 963 1967 exercitus,
980 1938 1005 1962 et

181 1975 388 2004 obluctationis
401 1985 457 2004 non
469 1977 590 2013 ignarus
604 1979 632 2004 et
641 1978 675 2005 ad
688 1980 834 2006 certamen
843 1978 1006 2013 exsultans,

182 2029 248 2048 mox
265 2023 360 2048 autem
389 2021 424 2048 de
453 2021 528 2048 bono
554 2024 615 2049 tum
647 2024 725 2052 metu
755 2025 817 2049 tum
836 2022 1006 2051 vulneribus

181 2065 313 2099 edoctus,
331 2067 358 2092 et
374 2074 452 2093 nunc
467 2066 529 2101 ipse
545 2075 660 2102 quoque
684 2067 717 2095 ad
737 2067 921 2103 triumphum
938 2077 1006 2096 con-

182 2117 314 2138 currens.
325 2110 408 2137 Prius
424 2118 526 2138 servus
544 2111 693 2146 fugitivus,
710 2112 880 2147 dominique
895 2121 929 2140 ex
942 2121 1007 2141 con-

182 2156 285 2190 spectu
302 2154 419 2182 abditus
435 2163 513 2182 nunc
537 2154 638 2182 mallet
659 2155 769 2183 malum
784 2164 871 2184 omne
896 2158 1006 2193 perpeti

185 2207 273 2235 quam
290 2198 354 2226 visu
370 2198 449 2226 illius
475 2199 582 2227 orbari.
613 2200 755 2235 Equidem
771 2201 863 2228 currit
878 2204 909 2228 ut
926 2202 1006 2238 prin-

183 2242 277 2279 cipem
293 2243 398 2276 videat,
413 2244 493 2279 quasi
511 2252 527 2271 a
542 2244 672 2271 tenebris
695 2245 730 2272 ad
752 2244 853 2278 solem,
879 2248 908 2273 et
923 2245 1007 2274 beni-

182 2295 240 2324 gne
262 2287 434 2323 suscipitur,
465 2288 613 2325 intratque
642 2289 783 2325 gaudium
814 2290 924 2317 domini
949 2291 1005 2318 sui.

182 2331 235 2360 Cui
251 2332 332 2368 prius
361 2341 417 2360 non
440 2333 483 2360 fas
511 2335 573 2360 erat
600 2335 708 2361 terram
738 2334 862 2370 patriam
886 2335 1005 2362 concul-
1022 2329 1045 2360 D

182 2385 258 2412 care,
276 2385 354 2405 nunc
369 2377 447 2405 vadit
464 2385 514 2413 per
537 2377 666 2413 reginam
692 2378 810 2406 urbium
827 2380 957 2414 gaudens
973 2388 1006 2408 eo

182 2421 261 2457 quod
277 2421 440 2449 desiderata
456 2422 640 2457 imperatoris
656 2422 727 2450 facie
749 2423 874 2457 fruatur,
889 2431 1006 2459 suaeque

183 2465 333 2494 servitutis
349 2475 406 2494 non
424 2466 524 2500 alium,
537 2466 586 2494 sed
600 2467 791 2502 semetipsum
805 2475 871 2495 vere
887 2476 1007 2503 sponso-

183 2518 244 2538 rem
261 2510 345 2538 tostis
359 2511 485 2538 exhibet.
503 2510 650 2539 Percurrit
674 2511 767 2539 oculis
791 2512 871 2540 varia
895 2512 945 2540 illa
959 2521 1006 2540 or-

182 2556 321 2582 namenta
344 2563 408 2590 qua:
437 2554 577 2590 praclara
600 2557 651 2582 tua
679 2556 847 2591 exprimunt
865 2556 1006 2591 facinora,

182 2607 248 2636 qua;
263 2600 406 2635 pictorum
420 2607 526 2628 manus
538 2600 572 2628 ad
587 2601 759 2628 memoriam
772 2601 1005 2637 elaboraverunt,

181 2647 245 2672 tum
261 2643 385 2672 aliorum
410 2647 500 2680 gesta,
527 2647 587 2672 tum
617 2645 809 2680 semetipsum
838 2648 954 2682 gentem
976 2647 1005 2674 in

183 2696 240 2725 qua
264 2688 389 2726 degebat
417 2689 453 2717 ad
479 2689 692 2717 incrementum
721 2689 933 2725 stimulantem,
959 2691 1006 2718 hic

152 2756 160 2765 κ
183 2735 329 2761 armatum
359 2736 388 2761 et
414 2734 553 2769 equitem,
584 2733 652 2761 alibi
681 2743 780 2762 ensem
811 2743 900 2762 manu
917 2735 1005 2762 strin-

182 2779 310 2813 gentem,
327 2778 434 2814 saepius
458 2778 617 2806 exercitum
646 2778 709 2806 loco
738 2778 893 2807 manifesto
909 2779 1006 2815 dispo-

185 2823 300 2849 nentem
316 2821 474 2858 copiasque
497 2823 736 2859 constituentem,
762 2826 790 2851 et
813 2823 937 2859 denique
960 2824 1006 2851 de-

183 2864 293 2893 victum
308 2873 502 2903 asperumque
517 2867 667 2904 planitiem
685 2867 753 2904 fuga
771 2867 1003 2906 conculcantem,

1057 311 1202 349 γεύεσθαις
1236 313 1328 340 Ταῦτα
1365 311 1403 343 είς
1437 313 1551 349 μνήμην
1584 311 1695 343 ἐκείνοις
1722 312 1901 348 ἀνακινήσας

1057 355 1109 393 ἐγὼ
1146 355 1297 384 καταιδέσω
1334 356 1398 387 τοὺς
1434 354 1600 395 βαρϐάρους,
1639 354 1806 384 καταϐαλὼν
1843 357 1902 391 τὴν

1056 399 1140 438 ὀφρὺν
1157 401 1261 437 αὐτοῖς,
1291 401 1314 428 εῐ
1339 400 1413 428 οὕτῶ
1444 399 1589 438 λαμπροὺς
1616 399 1689 439 ἄγεις
1719 398 1897 439 θριάμϐους,

1056 444 1079 472 ὧ
1096 443 1218 482 βασιλεῦ,
1234 446 1292 473 κατ’
1316 445 1415 479 αὐτῶν,
1431 446 1477 473 καὶ
1492 445 1556 477 τοὺς
1574 445 1607 480 ἦν
1635 446 1680 473 ὅτε
1707 444 1899 482 πολεμιωτά-

1055 499 1118 520 τους
1135 487 1213 528 φόϐῳ
1236 490 1281 517 καὶ
1299 490 1375 527 μόνῳ
1399 490 1528 527 προάγεις
1558 489 1600 517 ἐπ’
1630 490 1730 528 ἀγορᾶς
1747 491 1811 518 καθ’
1829 490 1895 517 δαυ-

1055 535 1110 561 τῶν
1124 534 1328 571 πομπεύοντας·
1346 534 1391 562 καὶ
1407 534 1421 561 ὃ
1439 533 1536 571 μηδείς
1566 537 1611 561 πῶ
1633 535 1717 572 μέχρι
1731 534 1778 562 καὶ
1794 538 1897 571 γενεᾶς

1055 577 1157 613 ταύτης
1170 577 1305 616 πολέμοις
1330 580 1469 616 μεγίστοις
1498 578 1693 616 κατεπράξατο,
1724 579 1812 611 αὐτὸς
1830 581 1897 616 ρᾷον

1057 622 1128 650 οὕτω
1143 624 1287 660 κατορθοῖς
1303 623 1348 651 καὶ
1364 623 1401 654 ὡς
1416 623 1501 650 εἰπεῖν
1518 623 1688 651 ἀπονώτατα.

1096 676 1135 711 ιζ’·
1153 675 1241 704 Ἀλλᾶ
1268 676 1300 704 τὸ
1324 675 1426 712 δήποτε
1450 679 1530 704 τοῦτο
1556 676 1589 704 τὸ
1613 677 1696 714 μέρος
1721 675 1787 715 ῥᾷον
1816 675 1898 714 λᾶγω

1057 721 1100 747 καὶ
1118 721 1229 755 ἄπονον,
1255 725 1305 755 τῆς
1327 723 1380 748 τῶν
1408 721 1576 758 πραγμάτων
1608 719 1744 756 ὁλότητος
1774 719 1898 754 ἐκλαθό-

1059 776 1148 801 μενος.
1172 766 1322 801 Ἐπόνησας
1351 767 1383 793 τὰ
1410 768 1515 803 πρῶτα.
1545 764 1760 802 Ἐξεστρατεύσω
1790 766 1898 803 συχνά.

1057 809 1200 845 Ἥθλησας
1215 809 1249 837 δι’
1279 811 1362 846 ἡμᾶς.
1392 808 1552 847 Ἐτρίϐησάν
1579 820 1626 837 σου
1641 812 1699 840 τοῖς
1727 808 1836 841 ὅπλοις
1867 810 1898 838 αἱ

1058 857 1159 891 χεῖρες.
1188 854 1421 892 Ἐτραυματίσθης
1450 854 1517 890 ὑπὲρ
1546 855 1638 890 ἡμῶν.
1669 853 1898 891 Ἐτραυμᾶτισας

1058 898 1122 929 τοὺς
1153 898 1279 936 ἐχθροὺς,
1305 899 1354 926 ὅσα
1379 898 1442 926 οὐδὲ
1458 899 1495 930 εἰς
1511 899 1626 936 ἀριθμὸν
1654 901 1744 926 πεσεῖν
1760 897 1897 928 δυνατόν.

1059 941 1120 970 Εἴδέ
1137 954 1164 969 σι
1179 945 1231 970 τῶν
1259 942 1379 980 ἱδρώτων
1407 944 1530 980 ποταμὸς
1556 942 1745 980 ἀποδυόμενον
1769 943 1811 975 sic
1844 944 1898 972 15-

1056 989 1101 1014 τὸν
1114 986 1244 1025 ἠόότερον
1275 988 1343 1025 ἤπερ
1370 988 1383 1015 ό
1409 987 1512 1019 Κύδνος
1537 985 1724 1024 κολυμϐῶντα
1739 987 1776 1016 δι’
1806 987 1900 1016 αὕτοὖ

1056 1033 1101 1059 τὸν
1131 1032 1319 1069 Ἃλὲξανδρον.
1359 1032 1533 1061 Έδουλώσου
1561 1033 1624 1066 τοὺς
1662 1032 1896 1066 ἀντιπίπτοντα,

1059 1078 1223 1114 Παρεστήσω
1250 1077 1336 1104 πάντα
1358 1077 1467 1115 ἐχθρὸν,
1484 1077 1569 1105 πάντα
1585 1077 1732 1115 πολίμιον.
1759 1078 1818 1106 Καὶ
1848 1077 1898 1106 διὰ

1057 1124 1140 1149 ταῦτα
1169 1123 1265 1153 πάντες
1303 1122 1346 1149 καὶ
1386 1122 1438 1160 πρὸ
1466 1123 1562 1160 πείρας
1590 1122 1808 1160 προσρίπτσνταί
1836 1133 1896 1158 σοι,

1059 1166 1094 1202 (τί
1109 1166 1158 1203 γὰρ
1184 1166 1212 1192 ἂν
1240 1166 1284 1193 καὶ
1316 1166 1461 1204 μάχοιντο,
1489 1166 1552 1198 ἔνθα
1585 1168 1622 1204 μή
1653 1167 1704 1194 οὐκ
1726 1164 1802 1195 ἔστιν
1819 1166 1896 1195 ἐκαί-

1058 1221 1121 1241 νους
1148 1213 1238 1237 πεσεῖν
1252 1212 1270 1247 ;)
1305 1211 1349 1238 καὶ
1374 1215 1424 1246 τῆς
1441 1210 1598 1242 δεσποτείας
1627 1222 1675 1239 σου
1694 1211 1831 1250 γίνονται,
1847 1211 1898 1240 καὶ

1060 1253 1267 1291 θριαμϐεόουσιν
1295 1256 1414 1287 ἑαυτούς.
1446 1257 1479 1284 Ἠ
1507 1256 1534 1282 τί
1561 1266 1627 1283 ποτε
1655 1255 1726 1284 ὂίλλο
1756 1255 1899 1288 παθόντες

1060 1300 1085 1326 οἱ
1115 1302 1256 1338 πανταχοῦ
1283 1301 1333 1337 γῆς
1359 1299 1550 1338 διεσπαρμένοι
1579 1299 1741 1337 περίκλυτοι
1767 1300 1900 1339 ἀρχηγοὶ

1060 1344 1098 1371 ἀεὶ
1117 1344 1275 1372 στέλλονται
1292 1348 1353 1382 παρ’
1379 1346 1464 1381 ἡμᾶς,
1495 1345 1539 1372 καὶ
1568 1345 1615 1376 τὰς
1644 1345 1747 1373 ἑαυτῶν
1777 1343 1902 1373 διασπο-

1061 1389 1108 1427 ρὰς
1129 1389 1239 1416 ἐνταῦθα
1269 1389 1422 1427 συνάγουσι,
1457 1389 1553 1427 χεῖλος
1586 1390 1633 1426 μὲν
1662 1387 1737 1420 ὄντες
1766 1389 1826 1428 οὐχ
1853 1390 1898 1425 ἓν,

1060 1432 1122 1460 οὐδὲ
1141 1433 1254 1470 γλῶσσα
1280 1433 1337 1470 μία,
1369 1435 1503 1470 συμπνοίᾳ
1528 1433 1556 1461 δὲ
1581 1436 1662 1472 νοερᾷ
1688 1434 1786 1462 ταυτὸν
1820 1433 1899 1462 ἒννιμ

1060 1480 1151 1508 οῦντες
1174 1478 1218 1505 καὶ
1249 1480 1407 1517 φρονοῦντες
1433 1478 1582 1514 ἀλλήλοις,
1607 1479 1652 1506 καὶ
1683 1477 1800 1513 ειδότες,
1833 1479 1897 1507 τίνα

1060 1521 1193 1557 δεσπότην
1221 1523 1288 1559 μετὰ
1316 1523 1380 1550 Θεὸν
1418 1521 1464 1550 ’ένα
1493 1522 1536 1550 καί
1565 1522 1648 1559 μόνον
1674 1523 1890 1561 ἰπιγράψονται,

1058 1567 1103 1593 καὶ
1133 1567 1203 1594 οὕτω
1229 1566 1368 1605 λαμπροῖς
1396 1565 1541 1605 Θριαμϐοις
1568 1567 1678 1599 ἑαυτοὺς
1695 1566 1826 1602 διδόντες,
1839 1567 1885 1595 καὶ

1059 1611 1108 1645 τήν
1124 1612 1193 1638 κατὰ
1216 1612 1322 1638 πάντων
1352 1612 1397 1639 καὶ
1420 1610 1509 1639 ἔνθεον
1536 1611 1615 1647 νίκην
1645 1622 1688 1640 σοι
1704 1611 1885 1650 ἐπιμαρτυρό-

1061 1666 1136 1693 μενοι
1149 1669 1156 1691 ;

1098 1711 1142 1745 ιη’.
1159 1710 1215 1737 Οὐκ
1233 1710 1263 1737 ἃν
1294 1709 1356 1738 οὐδὲ
1378 1711 1424 1738 τὸν
1452 1710 1556 1747 Νεεμὰν
1587 1709 1701 1739 ινταῦθα
1726 1711 1894 1749 σιγήσομαι,

1060 1755 1089 1785 ες
1123 1753 1224 1782 ἄλλοτε
1251 1755 1297 1791 μὶν
1314 1754 1413 1792 λόγους
1436 1766 1482 1791 μοι
1499 1755 1630 1793 ἐχορήγει
1646 1755 1804 1792 λαμπροὺς,
1823 1755 1895 1784 επο-

1060 1810 1126 1831 πτος
1141 1799 1190 1834 ὢν,
1207 1800 1237 1826 οὐ
1253 1800 1306 1837 πρὸ
1323 1800 1428 1837 μακροῦ
1456 1798 1484 1827 δὲ
1505 1802 1551 1827 καὶ
1579 1800 1629 1835 τήν
1654 1801 1715 1828 θέαν
1745 1811 1794 1838 μοι
1822 1801 1897 1838 πρὸς

1061 1841 1165 1880 θάμϐος
1183 1843 1334 1882 ίφείλκετο·
1351 1844 1418 1882 ἀνὴρ
1434 1845 1466 1871 οὐ
1493 1846 1546 1872 τῶν
1563 1845 1690 1882 πήχεων,
1720 1845 1752 1876 ἃς
1772 1845 1790 1880 ἡ
1808 1845 1895 1884 φύσις

1059 1891 1118 1919 τοῖς
1134 1887 1243 1925 ἀνδράσι
1272 1891 1374 1925 μιτρεῖ,
1405 1887 1467 1916 ἀλλ’
1494 1888 1641 1927 ἐξηρμένος
1669 1889 1708 1921 είς
1739 1889 1821 1928 μέγα,
1843 1890 1896 1918 καὶ

1059 1933 1109 1967 τήν
1139 1931 1199 1964 θέαν
1226 1930 1418 1969 περίϐλεπτος·
1446 1933 1479 1960 τὰ
1509 1934 1556 1969 μὲν
1585 1934 1639 1971 πρὸ
1653 1934 1752 1962 τούτου
1770 1933 1897 1971 μελετή-

1062 1988 1107 2008 σας
1147 1976 1328 2015 ἀνδρίζεσθαι,
1376 1977 1420 2004 καὶ
1465 1978 1557 2014 μαθὼν
1599 1977 1798 2012 ἀνθίστασθαι,
1842 1979 1894 2006 καὶ

1061 2021 1258 2059 ἀνασκιρτήσας
1288 2021 1326 2053 είς
1354 2020 1496 2058 πόλεμον·
1521 2022 1593 2060 ταχὺ
1621 2021 1650 2050 δὲ
1677 2021 1894 2062 μιταδιδαχθεὶς

1060 2067 1091 2093 τὸ
1118 2065 1214 2099 καλὸν,
1243 2066 1276 2093 τὰ
1306 2066 1351 2102 μὶν
1383 2064 1489 2103 φόϐοις,
1518 2067 1551 2094 τὰ
1573 2066 1601 2095 δὶ
1630 2066 1718 2096 πλείω
1737 2067 1894 2106 τραύμασι,

1061 2111 1105 2138 καὶ
1130 2113 1175 2138 νῦν
1200 2111 1244 2138 καὶ
1270 2111 1349 2141 αὐτὸς
1385 2111 1422 2142 εἷς
1449 2108 1583 2148 Θρίαμϐον
1614 2111 1761 2141 συντελῶν.
1790 2112 1848 2141 Καὶ
1877 2113 1895 2140 ὁ

1061 2155 1124 2194 πρὶν
1139 2155 1225 2193 φυγὰς
1242 2154 1352 2190 δοῦλος,
1375 2155 1420 2183 καὶ
1448 2155 1494 2183 τὸν
1525 2154 1658 2191 δεσπότην
1689 2156 1895 2194 κρυπτόμενος,

1061 2202 1105 2227 νῦν
1135 2198 1227 2227 ἕλοιτο
1256 2200 1286 2227 ἂν
1317 2203 1409 2232 παθεῖν
1440 2200 1507 2228 ἅπαν
1534 2199 1632 2236 δεινὸν,
1650 2201 1734 2237 ἢτῆς
1749 2200 1811 2234 θέας
1824 2201 1895 2230 τού-

1061 2256 1108 2273 του
1123 2245 1270 2283 στὲρεσθαι.
1301 2246 1413 2282 Ἀμέλει
1437 2245 1483 2273 καὶ
1504 2246 1597 2284 τρέχει
1622 2247 1668 2274 τὸν
1696 2247 1809 2284 βασιλέα
1825 2250 1896 2280 05i-

1062 2291 1131 2317 σθαι.
1149 2291 1186 2322 ὡς
1214 2290 1243 2317 ἂν
1271 2290 1316 2317 καί
1342 2301 1383 2322 τις
1409 2290 1439 2318 ἐκ
1453 2289 1566 2322 σκότους
1582 2291 1620 2322 ιίς
1634 2291 1729 2327 ἥλιον,
1744 2292 1790 2320 καὶ
1805 2301 1897 2330 προσ-

1062 2332 1231 2371 λαμϐάνεται
1274 2336 1341 2371 μετὰ
1379 2335 1545 2374 πραΰτητος,
1584 2336 1630 2364 καὶ
1667 2336 1822 2375 ιῖσάρχεταί
1852 2336 1895 2369 εἷς

1059 2379 1109 2413 τὴν
1134 2379 1220 2416 χαρὰν
1247 2382 1296 2407 τοῦ
1312 2380 1407 2418 κυρίου
1437 2381 1530 2409 αὐτοῦ.
1548 2381 1596 2408 Καὶ
1627 2382 1640 2408 ό
1656 2381 1721 2419 πρὶν
1739 2380 1810 2418 μηδδ
1826 2391 1894 2410 συν-

1061 2424 1113 2459 ήθη
1139 2427 1190 2461 γῆν
1216 2427 1309 2452 πατεῖν
1354 2425 1378 2452 ὲν
1422 2424 1539 2464 ἀσφαλεῖ
1565 2425 1797 2464 συγχωρούμενος
1826 2426 1893 2465 ἄρτι

1060 2465 1218 2506 προσϐαίνει
1234 2470 1268 2506 τῇ
1300 2468 1418 2506 βασιλίδι
1435 2472 1488 2497 τῶι
1505 2467 1625 2504 πόλεων,
1642 2470 1760 2509 χαίρων,
1785 2469 1828 2508 ἐφ’
1845 2472 1894 2503 οἷς

1060 2515 1111 2547 τῆς
1139 2513 1313 2548 ποθουμένης
1343 2513 1488 2552 βασιλικῆς
1512 2513 1600 2551 ὅψεως
1617 2516 1733 2552 γίνεται,
1762 2514 1808 2543 καὶ
1836 2514 1895 2551 τίς

1061 2555 1143 2584 αὐτοῦ
1180 2556 1305 2588 δουλείας
1347 2558 1400 2585 οὐκ
1437 2558 1482 2598 ἀφ’
1511 2558 1610 2593 ἑστίας,
1654 2558 1718 2587 ἀλλ’
1750 2560 1787 2591 ὡς
1813 2559 1894 2596 ἀλη-

1062 2603 1115 2633 θῶς
1144 2600 1273 2639 ἐχέγγυος
1300 2602 1383 2638 αὐτῆς
1415 2603 1517 2641 μάρτυς
1546 2602 1720 2641 παρίσταται.
1742 2603 1895 2644 Περιέρχε-

1061 2656 1103 2673 ται
1133 2647 1167 2683 τῇ
1197 2646 1243 2682 Θέᾳ
1271 2647 1315 2674 καὶ
1343 2646 1514 2684 ποικίλματα
1543 2648 1631 2676 ἐκεῖνα
1648 2669 1655 2682 ,
1684 2648 1734 2676 ὅσα
1762 2649 1812 2681 τὰς
1842 2649 1895 2684 σᾷς

1060 2689 1195 2727 ἀριστείας
1226 2689 1397 2719 ίνδάλλουσιν
1417 2713 1424 2726 ,
1445 2682 1503 2720 ’ὅσα
1533 2692 1681 2732 ζωγράφων
1715 2696 1809 2731 χεῖρες
1850 2682 1895 2728 εἷς

1063 2735 1174 2771 μνήμην
1206 2734 1396 2770 δαιδάλλουσι,
1423 2738 1455 2764 τά
1482 2748 1513 2765 τε
1536 2736 1618 2771 ἄλλα,
1634 2737 1679 2765 καὶ
1695 2737 1729 2765 τὰ
1751 2738 1810 2766 καθ’
1826 2738 1895 2768 hi»

1059 2779 1117 2812 τὸν,
1142 2779 1186 2807 ὅτε
1216 2780 1263 2816 μὶν
1306 2780 1459 2818 ὶρεθίζοντα
1487 2781 1518 2809 τὸ
1547 2781 1609 2819 περὶ
1629 2781 1708 2810 αὐτὸν
1735 2781 1815 2815 ἔθνος
1848 2783 1894 2817 εἲς

1061 2823 1248 2857 ἐπανάστασιν,
1278 2824 1395 2853 ἅλλλοθι
1426 2825 1455 2853 δὲ
1470 2825 1598 2862 ὁπλίτην,
1619 2826 1752 2863 ἱππότην,
1773 2827 1895 2866 irim-:0:

1061 2867 1089 2895 δὲ
1116 2869 1165 2903 τὴν
1195 2871 1275 2908 χεῖρα
1303 2870 1394 2910 ξίφους
1411 2869 1527 2909 ἅψασθαι
1556 2870 1753 2908 πλησιάζοντα,
1775 2871 1896 2902 πολλα-

1728 3103 2020 3170 diem
