4060 6352
281 416 402 476 957

1197 415 1639 476 ALLOCUTIU
1686 417 1789 473 AD
1839 414 2275 475 MANUELEM
2321 413 2786 476 GOMNENUM.

3584 413 3702 475 988

277 551 386 622 ’χοῦ
418 544 476 601 δὲ
500 545 589 600 xui
623 546 848 618 στρατὸν
883 544 932 616 ἐξ
965 543 1244 622 ἐμφανοῦς
1277 547 1559 613 τάττοντα,
1591 545 1680 598 καὶ
1731 541 1939 619 λόχους

2051 562 2306 616 eumque
2335 553 2463 618 post
2495 545 2776 601 omniain
2827 545 3166 600 servitutem
3208 546 3528 600 redactum.
3563 547 3698 610 Quae

276 636 593 703 καθίζοντα,
648 635 740 688 καὶ
798 633 1003 688 τέλεσει
1061 635 1387 706 νικώμενον,
1445 633 1534 688 καὶ
1616 633 1794 709 φυγῆς
1845 631 1938 706 ἒμ-

280 722 576 778 πιπλῶντα
617 724 717 792 τήν
766 744 824 777 τε
869 719 1116 793 πεδιάδα,
1166 722 1254 776 καὶ
1307 721 1405 791 ὅση
1461 721 1787 798 ἀπόκροτος,
1846 721 1936 775 καὶ

277 811 366 868 ἐπὶ
405 818 540 866 πᾶσι
589 808 983 884 δουλούμενον.
1038 811 1135 864 Καὶ
1167 814 1332 866 ταῦτα
1390 808 1745 886 γεγραμμὲνα
1800 810 1934 864 θεώ-

282 922 442 975 μενος
501 901 731 955 ἐπινεύει
785 905 938 966 πᾶσι,
997 899 1087 954 καὶ
1164 898 1432 976 ὁμολογεῖ
1501 904 1570 973 τῇ
1631 898 1933 974 πανηγύρει

275 993 378 1060 τῆς
431 985 627 1064 ὅψεως.
659 992 750 1044 Ἓν
803 989 970 1043 ἐκεῖνο
1027 993 1124 1043 τοῦ
1178 991 1468 1066 ζωγράφου
1525 988 1816 1066 μέμφεται,
1850 987 1933 1042 ὅτι

282 1080 358 1152 μὴ
389 1083 671 1154 πανταχοῦ
705 1075 900 1132 δοῦλον
949 1077 1106 1132 αὐτὸν
1163 1077 1416 1133 ἐπικαλεῖ
1471 1082 1589 1140 τοῖς
1647 1082 1755 1131 τῶν
1805 1097 1930 1152 τρο-

276 1167 452 1222 παίων
499 1170 772 1240 τμήμασι,
814 1164 956 1240 μηδέ
1001 1170 1068 1240 τῇ
1120 1164 1217 1221 τοῦ
1266 1166 1473 1239 Νεεμὰν
1531 1168 1830 1242 προσρήσει
1864 1163 1934 1220 δι’

276 1254 412 1310 ὅλου
469 1257 556 1310 xui
613 1257 641 1309 6
692 1253 893 1317 δοῦλος
943 1250 1114 1328 ὄνομα
1161 1253 1571 1330 ἐπιγέγραπται.
1603 1260 1664 1307 Ὢ
1719 1251 1934 1330 ἀνδρίας

281 1342 596 1420 βασιλικῆς,
632 1341 706 1398 δι’
750 1347 817 1412 ἧς
861 1341 1009 1404 ἔθνος
1055 1343 1143 1398 καὶ
1193 1347 1355 1397 τοῦτο
1413 1344 1549 1418 μέγα
1603 1344 1691 1398 καὶ
1752 1342 1932 1418 ἐθνάρ-

277 1454 390 1510 χης
440 1433 646 1496 ἐκεῖνος
697 1431 952 1507 λαμπρὸς
1015 1431 1090 1495 εἷς
1159 1432 1314 1487 τόσον
1371 1433 1782 1500 τεταπείνωται,
1839 1432 1931 1486 καὶ

278 1522 353 1586 εἷς
405 1519 656 1578 δουλείαν
716 1521 1074 1577 πεπάτακται.
1136 1522 1200 1576 ’Ὼ
1256 1521 1571 1597 πραότητος
1632 1522 1806 1588 αὖθις,
1867 1518 1933 1575 δι’

277 1614 344 1682 ἧς
377 1607 500 1666 οὔτε
526 1611 593 1665 τὰ
621 1609 792 1665 πάλαι
841 1610 1109 1683 πτώματα
1169 1610 1474 1687 ὑφορῶνται
1531 1610 1582 1665 οἱ
1645 1605 1928 1686 βάρϐαροι,

278 1697 403 1757 οὔτε
443 1702 512 1755 τὰ
559 1697 1019 1773 τραύματα,ποσὶ
1049 1697 1106 1754 δὲ
1137 1697 1292 1762 ὅλοις
1342 1699 1417 1760 εἷς
1476 1700 1566 1753 τὸν
1620 1699 1932 1774 γαληνότα-

275 1810 385 1846 τον·
431 1787 694 1860 δεσπότην
749 1789 1030 1865 τρέχουσι.
1091 1786 1342 1845 Μάλιστα
1403 1793 1595 1860 μενοῦν
1644 1786 1688 1842 ὣ
1746 1786 1932 1850 ἐλὲους

274 1879 365 1936 καὶ
407 1879 757 1954 εὐεργεσιῶν,
809 1877 868 1940 ἃς
919 1878 1424 1951 ἀντισταθμώμενοι
1480 1883 1596 1939 τοῖς
1648 1879 1928 1951 παθήμασι

271 1967 510 2044 γίνονται
577 1972 675 2023 τοῦ
720 1965 1038 2036 καλλίονος,
1073 1966 1162 2022 καὶ
1218 1967 1340 2041 βίου
1383 1963 1746 2028 κινδυνώδους
1794 1987 1927 2042 προ-

2046 635 2563 706 depictaintuitus
2614 633 2893 690 omnibus
2951 633 3178 702 annuit,
3238 639 3538 706 totamque
3595 651 3699 705 ap-

2046 725 2255 795 probat
2281 725 2557 796 efligiem.
2602 723 2748 778 Illud
2782 740 2915 778 vero
2968 739 3152 777 unum
3206 723 3444 794 pictoris
3477 724 3702 793 vitupe-

2045 817 2153 880 rat,
2188 813 2326 884 quia
2357 830 2488 868 eum
2517 829 2748 868 servum
2785 811 2994 866 nullibi
3051 810 3109 864 in
3143 812 3418 866 omnibus
3448 815 3700 883 tropaeo-

2045 918 2175 956 rum
2208 902 2476 972 partibus
2510 900 2796 970 nominat,
2831 900 3192 972 minimeque
3239 899 3297 954 in
3331 899 3697 955 orationibus

2042 990 2300 1044 Neeman
2331 989 2481 1044 servi
2533 1005 2744 1044 nomen
2797 988 3158 1044 inscribitur.
3209 989 3254 1044 Ο
3305 988 3519 1060 regalis
3563 988 3694 1043 ani-

2044 1095 2179 1134 mus
2211 1095 2311 1149 per
2345 1095 2516 1149 quem
2553 1094 2763 1150 magna
2823 1094 2967 1150 gens
3012 1077 3114 1133 illa
3170 1079 3416 1149 ejusque
3449 1077 3694 1133 celebris

2042 1168 2313 1239 princeps
2345 1167 2424 1222 ita
2454 1169 2867 1240 deprimuntur
2888 1171 2944 1221 et
2972 1168 3031 1221 in
3057 1169 3393 1223 servitutem
3415 1168 3695 1223 addicun-

2042 1261 2138 1312 tur
2162 1255 2172 1310 ι
2200 1255 2242 1310 Ο
2262 1255 2475 1327 regalis
2497 1257 2829 1328 benignitas
2852 1272 2954 1327 per
2974 1271 3152 1327 quam
3174 1273 3276 1311 nec
3307 1261 3530 1312 veteres
3552 1273 3692 1312 suas

2041 1344 2239 1400 clades
2269 1345 2592 1416 respiciunt
2626 1345 2876 1410 barbari,
2926 1361 3031 1400 nec
3061 1346 3322 1413 vulnera,
3376 1346 3475 1400 sed
3515 1347 3692 1401 citato

2041 1451 2217 1490 cursu
2247 1435 2318 1488 ad
2369 1434 2678 1490 dominum
2734 1434 3049 1506 benignum
3113 1434 3541 1506 approperant!
3578 1436 3689 1490 Sed

2041 1523 2387 1596 praesertim,
2421 1541 2452 1579 ο
2486 1523 2889 1578 misericordia
2942 1529 2998 1577 et
3044 1523 3430 1578 beneficentia
3475 1524 3693 1594 quibus

2041 1629 2336 1668 terumnas
2391 1617 2840 1684 compensantes
2900 1611 3126 1667 meliori
3185 1617 3339 1668 sorte
3387 1611 3696 1683 potiuntur

2041 1703 2284 1771 vitaeque
2316 1700 2762 1756 discriminibus
2796 1701 3019 1756 refertae
3067 1717 3334 1756 securam
3380 1701 3697 1772 praeferunt

2042 1790 2436 1861 concordiam,
2470 1795 2528 1846 et
2583 1790 2791 1845 merito
2841 1789 3115 1860 judicant
3165 1788 3378 1844 melius
3427 1804 3556 1845 esse
3587 1790 3694 1844 do-

2042 1880 2186 1934 mini
2221 1896 2432 1934 manus
2461 1883 2699 1948 tangere
2743 1894 2920 1950 quam
2960 1877 3207 1950 flagellis
3245 1877 3488 1944 conteri,
3522 1878 3603 1934 ita
3633 1881 3700 1934 ut

2041 1968 2436 2024 beneﬁcentia:
2469 1968 2690 2023 bonum
2725 1966 2896 2040 longe
2925 1971 3162 2039 superet
3187 1965 3408 2022 malum
3440 1966 3622 2022 exitii.

266 2059 506 2137 τίθενται
564 2057 628 2112 τὸ
686 2054 967 2111 ἀκίνδυνον
1031 2051 1326 2130 εὔγνωμον,
1380 2055 1468 2110 καὶ
1526 2056 1797 2130 κρίνουσιν
1855 2055 1930 2118 εἰς
1991 2054 2174 2131 ὀρθὸν,
2229 2060 2471 2132 κρεῖττον
2557 2055 2690 2109 εἶναι
2774 2053 3037 2109 δεσπότου
3110 2054 3267 2130 χερσὶ
3336 2056 3702 2128 καταψᾶσθαιν

271 2145 412 2222 ἤπερ
503 2144 748 2220 μάστιξιν
827 2141 1219 2220 ὶπιτρίϐεσθαι,
1281 2143 1391 2217 ὅσῳ
1473 2147 1559 2199 καὶ
1636 2145 1698 2200 τὸ
1764 2151 1865 2214 τῆς
1939 2143 2242 2221 εὐεργεσίας
2318 2142 2486 2198 καλὸν
2543 2146 2648 2197 τῶν
2712 2141 2771 2198 lx
2825 2139 3051 2216 πληγῆς
3098 2140 3376 2216 δυσχερῶν
3430 2139 3697 2218 ἱλαρώτε-

279 2256 396 2313 ρον.

354 2343 436 2407 ιθ’.
467 2346 642 2397 Ταῦτα
679 2339 770 2396 καὶ
797 2341 865 2396 τὰ
894 2340 1111 2402 τούτοις
1159 2338 1420 2420 σύμφυλα
1475 2339 1639 2414 μυρία
1704 2340 1797 2413 μὲν
1857 2343 1936 2410 τῷ

281 2429 480 2501 πλήθει
529 2435 610 2503 τῷ
659 2451 718 2484 τε
778 2427 1051 2504 μεγαλείῳ
1100 2428 1370 2503 ὲξηρμὲνα
1404 2428 1478 2490 εἷς
1533 2429 1786 2503 μέγιστον
1845 2426 1936 2482 καὶ

281 2519 441 2582 αὐτὸς
475 2520 568 2592 μὲν
601 2518 998 2594 ἁνακράζομαι,
1036 2521 1173 2590 (πῶς
1222 2517 1324 2592 γὰρ
1367 2516 1487 2590 οὕ;)
1539 2517 1566 2572 6
1628 2518 1704 2590 μὴ
1765 2515 1937 2579 λάλος

281 2610 333 2665 ἂν
391 2614 508 2671 τοῖς
566 2607 840 2669 τοιούτοις
898 2606 1033 2662 εἶναι
1091 2607 1167 2679 μὴ
1222 2603 1404 2678 εἰδὼς,
1434 2606 1524 2660 καὶ
1555 2604 1672 2660 ὅσοι
1730 2602 1787 2659 δὲ
1840 2609 1936 2659 τοῦ

281 2700 400 2774 περὶ
455 2696 555 2770 ἰμὶ
599 2695 812 2772 λάχους
868 2696 1125 2771 γίνονται.
1159 2693 1300 2752 Οὐδὲ
1356 2695 1456 2771 γὰρ
1506 2693 1620 2749 οὐδ’
1654 2692 1809 2748 αὐτοὶ
1859 2695 1933 2767 μή

284 2787 346 2842 οὐ
405 2784 702 2842 συλλαλεῖν
759 2788 894 2858 ἡμῖν
957 2784 1251 2854 ἀνέξονται,
1282 2784 1344 2839 οὐ
1403 2782 1494 2838 διὰ
1549 2783 1707 2856 μόνον
1767 2785 1829 2838 τὸ
1885 2783 1936 2854 ἐξ

285 2878 444 2948 ἡμῶν
503 2874 777 2947 σύνθημα,
832 2872 1145 2946 Ηνεύματος
1195 2871 1252 2928 δὲ
1308 2872 1454 2927 θείου
1529 2873 1616 2928 καὶ
1701 2871 1938 2945 μάλιστα

286 2968 724 3039 συνεπηχοῦντος
783 2963 872 3017 xui
948 2963 1048 3030 τὴν
1129 2965 1314 3038 φωνὴν
1385 2955 1792 3021 άναϐάλλοντος
1862 2959 1938 3023 εἷς

284 3051 601 3125 ἐμμέλειαν.
659 3055 902 3127 ’Ἐπρεπε
955 3048 1012 3105 δὲ
1069 3047 1239 3112 ὅντως
1309 3049 1575 3125 ἐνεργείας
1647 3053 1746 3114 τῆς
1797 3047 1934 3104 ἐκεῖ·

291 3154 373 3206 θεν
440 3142 752 3210 πεπλῆσθαι
821 3139 1155 3214 ξύμπαντας,
1212 3140 1299 3195 καὶ
1372 3139 1625 3215 γλώσσας
1703 3135 1936 3193 διανενε-

291 3233 494 3304 μῆσθαι
551 3235 657 3305 πῦρ
721 3228 888 3304 λόγου
947 3228 1256 3290 πνεούσας·
1318 3229 1391 3289 ὡς
1451 3226 1533 3298 ἂν,
1595 3225 1775 3302 ὥσπερ
1828 3230 1936 3280 τῶν

281 3324 390 3375 σῶν
441 3315 882 3393 κατορθωμάτων
945 3320 978 3386 ἡ
1031 3316 1327 3390 οἚιουμὲνη
1376 3316 1757 3388 πεπλήρωται,
1793 3314 1937 3370 οὕτω

2121 2341 2206 2395 19.
2242 2342 2361 2397 Ista
2384 2345 2442 2396 et
2469 2341 2600 2396 istis
2648 2343 3041 2395 consentanea
3088 2342 3360 2396 sexcenta
3388 2342 3507 2394 tam
3541 2339 3696 2395 mul-

2044 2430 2300 2486 titudine
2330 2446 2504 2500 quam
2539 2429 2946 2501 magnitudine
2969 2429 3042 2484 ad
3072 2445 3374 2484 summum
3407 2427 3560 2484 elata
3587 2444 3693 2500 ego

2048 2518 2282 2591 quidem
2316 2522 2574 2586 recanto,
2612 2518 2770 2588 (nam
2823 2517 3117 2588 quomodo
3169 2533 3282 2571 non
3334 2516 3703 2588 recentem?)

2049 2613 2251 2662 mutus
2284 2609 2341 2661 in
2375 2607 2506 2662 istis
2536 2623 2664 2662 esse
2688 2606 2974 2674 nesciens,
2999 2609 3056 2661 et
3085 2610 3373 2678 quotquot
3395 2614 3550 2660 sorte
3571 2621 3702 2661 mea

2048 2697 2377 2768 potiuntur.
2411 2697 2694 2767 Equidem
2753 2694 2867 2766 ipsi
2899 2711 3134 2766 quoque
3189 2710 3419 2749 mecum
3466 2710 3580 2748 non
3615 2692 3700 2750 lo-

2048 2787 2146 2856 qui
2181 2803 2294 2840 non
2330 2789 2607 2856 poterunt
2657 2802 2771 2839 non
2809 2788 3037 2839 tantum
3089 2788 3322 2854 propter
3357 2782 3702 2838 mandatum

2048 2876 2445 2942 nustrum,scd
2478 2873 2537 2928 in
2573 2873 2778 2945 primis
2821 2872 3016 2927 divino
3065 2873 3284 2943 Spiritu
3338 2874 3703 2927 consonante

2049 2981 2272 3020 necnon
2346 2964 2400 3018 in
2471 2963 2842 3018 concordiam
2928 2977 3126 3017 vocem
3199 2961 3700 3016 accommodante.

2047 3053 2299 3109 Decebat
2328 3052 2484 3108 enim
2518 3052 2670 3107 vires
2720 3068 2788 3107 ex
2821 3050 2919 3105 illa
2962 3051 3179 3108 virtute
3230 3048 3436 3120 repleri
3469 3048 3702 3104 univer-

2047 3159 2166 3206 sas,
2199 3148 2257 3197 et
2295 3141 2528 3214 linguas
2561 3140 2659 3195 illo
2693 3139 2982 3195 sermonis
3014 3139 3147 3210 igne
3197 3141 3466 3205 aestuare,
3501 3136 3581 3192 ita
3614 3139 3698 3203 ut,

2047 3232 2205 3286 haud
2262 3247 2429 3286 secus
2493 3247 2558 3285 ac
2592 3230 2712 3284 tuis
2770 3228 3023 3301 egregiis
3079 3231 3230 3281 terra
3260 3227 3440 3298 gestis
3494 3226 3706 3280 referta

2047 3325 2154 3389 est,
2189 3321 2274 3376 sic
2318 3325 2418 3374 tua
2468 3318 2922 3391 praedicantibus
2969 3317 3282 3390 repleatur,
3336 3321 3391 3371 et
3443 3331 3556 3370 non
3592 3315 3705 3369 mi-

284 3409 374 3464 xui
429 3412 537 3463 τῶν
595 3406 975 3484 κηρυττόντων
1006 3409 1076 3462 τά
1134 3408 1218 3474 σὰ,
1252 3405 1341 3461 xui
1375 3403 1530 3460 οὐδὲν
1576 3408 1739 3474 ἦττον
1797 3401 1937 3480 ’ἤπερ

2051 3427 2164 3466 nus
2223 3425 2398 3480 quam
2457 3413 2713 3479 tropaea,
2774 3424 2874 3479 per
2948 3421 3179 3461 omnem
3241 3405 3440 3460 orbem
3501 3405 3709 3459 exeant

280 3499 350 3554 τὰ
394 3497 650 3574 τρόπαια,
699 3496 888 3572 φθάνοι
937 3499 1221 3572 πανταχοῦ
1267 3501 1369 3572 γῆς
1409 3494 1498 3548 καὶ
1545 3495 1613 3548 τὰ
1657 3497 1764 3549 τῶν
1816 3514 1940 3570 τρο-

284 3586 457 3642 παίων
502 3584 1002 3660 διακηρυκεύματα,
1034 3582 1125 3639 xui
1174 3587 1209 3654 ἡ
1263 3584 1517 3657 σύμπασα
1562 3590 1632 3660 γῆ
1684 3586 1781 3653 τῆς
1841 3589 1939 3653 σῆς

283 3675 560 3752 πληροῖτο
634 3675 872 3750 καθάπερ
949 3673 1232 3746 συνὲσεως,
1293 3673 1436 3729 οὕτω
1491 3674 1581 3729 καὶ
1643 3681 1745 3743 τῆς
1803 3673 1942 3728 αἰνι-

287 3785 451 3826 σεως.

392 3854 402 3870 1
456 3853 470 3873 ν
606 3852 618 3867 \
727 3851 742 3872 \
843 3853 855 3868 |
1069 3851 1084 3871 \
1222 3850 1272 3884 θ’
1503 3851 1525 3872 Ῥ
1923 3850 1937 3872 \

356 3873 423 3909 κ.
475 3849 631 3909 Αλλα
683 3873 751 3907 τα
801 3872 895 3924 μεν
946 3853 1086 3930 ἀμφι
1143 3871 1417 3906 τουτοισιν
1475 3872 1530 3906 ευ
1580 3853 1802 3926 σχήσει,
1849 3872 1940 3906 και

286 3942 420 4006 ὡςὸ
474 3939 643 4015 λόγος
701 3937 1092 3997 διετυπώσατο.
1126 3941 1269 4014 Ἐγὼ
1328 3938 1404 4011 δὲ,
1461 3938 1544 3994 ὅτι
1605 3940 1939 4014 μεμέτρηται

292 4031 540 4107 ὁκαιρὸς
591 4030 666 4091 εἰς
713 4031 890 4084 στενὸν
944 4031 1034 4084 καὶ
1087 4030 1470 4102 συντὲτμηται,
1528 4025 1770 4092 σπουδῆς
1829 4028 1940 4083 ἑτέ-

291 4139 384 4195 ρας
442 4117 586 4174 θὲλω
645 4113 995 4194 γενέσθαι,εῗ¹
1044 4117 1162 4179 πως
1227 4116 1405 4192 βραχύ
1456 4138 1510 4171 τι
1561 4116 1765 4192 χρόνου
1818 4115 1938 4171 ἐπι-

294 4207 556 4284 μετρηθὶν
610 4203 1023 4280 ἐνδαψιλευθείη
1082 4225 1197 4277 μοι.
1225 4204 1331 4259 Καὶ
1372 4201 1454 4257 ὅτι
1512 4201 1792 4280 ἐφέλκεταί
1846 4223 1939 4275 μοι

286 4296 350 4351 τὸ
395 4297 757 4372 ἀκροατήριον
817 4297 844 4349 6
913 4290 1193 4368 Ἰορδάνης
1245 4291 1320 4355 εἷς
1393 4291 1602 4362 ἑαυτὸν,
1659 4291 1750 4346 καὶ
1823 4293 1936 4346 οἷον

291 4384 618 4460 παρασύρων
681 4383 917 4461 ἐφέλκει,
980 4381 1071 4438 καὶ
1123 4381 1316 4443 πάντες
1396 4379 1601 4436 ἐκείνου
1675 4379 1938 4455 γίνονται,

294 4471 636 4549 μηχανῶμαί
684 4494 735 4527 τι
793 4471 1015 4544 σεμνὸν,
1050 4469 1118 4525 δι’
1173 4470 1236 4525 οὗ
1297 4468 1378 4525 ἔπ’
1438 4469 1622 4546 ὀλίγον
1680 4469 1940 4544 κατάσχω

285 4561 378 4616 τὸν
456 4559 753 4637 σύλλογον.
810 4563 1288 4633 Ἀντισταθμῶμαι
1371 4559 1550 4614 τοίνυν
1635 4562 1714 4631 τῷ
1785 4556 1941 4631 καλῷ

287 4649 477 4723 ἐκείνῳ
525 4652 614 4706 καὶ
669 4649 938 4726 βασιλικῷ
985 4647 1137 4705 ὕδατι
1168 4648 1333 4704 καλὸν
1365 4645 1546 4723 ἕτερον
1606 4647 1821 4721 ὅμοιον,
1850 4647 1939 4702 xui

284 4738 467 4813 τούτῳ
529 4737 858 4813 δεξιώσομαι
913 4741 1012 4810 τήν
1068 4741 1391 4815 πανήγυριν.
1427 4739 1494 4795 Οἱ
1545 4735 1601 4793 δὲ
1652 4737 1937 4810 ἀκροαταὶ,

288 4826 435 4885 οὕτω
499 4827 726 4904 μεγάλῳ
803 4830 892 4883 xui
961 4827 1140 4900 τούτῳ
1198 4826 1584 4903 περιτυχόντες
1638 4827 1938 4902 πράγματι,

285 4917 377 4974 καὶ
452 4915 717 4994 κερδαλέα
790 4919 1289 4995 συμφρονήσαντες,
1358 4917 1448 4970 xui
1529 4914 1806 4988 μαθόντες,
1867 4914 1941 4975 ὡς

290 5003 706 5075 διπλασιάζεται
767 5005 950 5068 αὐτοῖς
1009 5005 1071 5060 τὸ
1112 5001 1304 5077 καλὸν,
1355 5006 1708 5075 άναμενοῦσιν
1767 5000 1936 5065 τίως’

289 5093 405 5150 εἶτα
436 5091 504 5164 δὴ
530 5095 621 5150 καὶ
649 5094 746 5150 τοῦ
774 5095 974 5151 λοιποῦ
1002 5092 1257 5169 γίνωνται
1288 5094 1508 5170 ἀγαθοῦ.

361 5203 462 5259 κα’.
495 5196 896 5277 Προϐάλλομαι
939 5201 1119 5255 τοίνυν
1176 5201 1326 5273 ὑμῖν,
1373 5200 1418 5254 ὧ
1465 5197 1727 5270 παρόντες
1778 5197 1940 5252 ἀκού-

290 5311 464 5360 οντες,
528 5291 696 5366 μύρον
763 5287 1044 5365 βασιλικὸν
1115 5290 1323 5361 τίμιον,
1377 5289 1466 5342 καὶ
1543 5287 1696 5358 ἀξιῶ,
1741 5286 1939 5341 τούτου

293 5379 724 5454 μετεσχηκότας,
787 5377 898 5432 εἶτα
973 5375 1040 5445 δὴ
1095 5378 1180 5432 καὶ
1234 5381 1331 5432 τοῦ
1390 5373 1662 5448 Ἰορδάνου
1718 5377 1938 5451 γενήσε-

290 5470 436 5524 σθαι.
470 5468 608 5543 Ἱερὰ
666 5466 755 5522 καὶ
804 5463 970 5541 ἄμφω
1012 5469 1198 5537 ταῦτα,
1245 5463 1460 5521 πολλοῦ
1505 5465 1814 5538 τιμώμενα,
1864 5462 1940 5524 εἷς

291 5558 560 5632 ἁγιασμὸν
622 5555 1000 5626 συντελοῦντα,
1031 5554 1094 5610 τὸ
1150 5559 1246 5609 τοῦ
1270 5551 1540 5631 Ἰορδάνου
1586 5573 1644 5607 τε
1703 5552 1937 5628 ῥεῖθρον,

289 5645 381 5702 καὶ
413 5647 474 5701 τὸ
509 5645 678 5722 μύρον
719 5652 818 5715 τῆς
873 5649 969 5700 κῦν
1032 5642 1347 5715 δεξιώσεως.
1380 5640 1520 5702 Οὐδὲ
1575 5632 1937 5698 ἀποκλύσεται

287 5735 355 5797 τὸ
403 5731 648 5810 δεύτερον
705 5738 786 5810 τῷ
846 5733 1117 5811 προτέρῳ,
1164 5731 1246 5789 δτι
1311 5730 1452 5809 μηδὲ
1506 5739 1608 5804 τῆς
1667 5728 1939 5804 ἐπιπολῆς

2049 3504 2403 3570 tropeorum
2453 3496 2765 3569 praeconia,
2811 3495 3204 3566 universaque
3258 3493 3435 3549 tellus
3481 3492 3704 3565 replea-

2048 3591 2146 3643 tur
2175 3586 2327 3642 sicut
2357 3591 2458 3642 tua
2487 3585 2841 3658 cognitione,
2873 3585 2954 3640 ita
2985 3587 3039 3639 et
3067 3582 3262 3638 laude.

2119 3856 2211 3915 20.
2271 3855 2379 3910 Sed
2438 3854 2552 3910 ista
2608 3871 2703 3910 me
2781 3853 3006 3910 felicem
3087 3854 3313 3911 diutius
3373 3853 3708 3910 retinebunt

2051 3960 2228 4015 quam
2265 3943 2701 4015 proponebatur
2741 3943 2948 3998 oratio.
3003 3943 3116 4014 Ego
3174 3960 3328 4008 vero,
3389 3942 3527 4013 quia
3559 3941 3706 3997 mihi

2049 4035 2284 4103 tempus
2318 4031 2490 4086 breve
2537 4034 2946 4086 mensuratum
3001 4031 3109 4085 fuit
3139 4037 3196 4086 et
3241 4031 3544 4103 exiguum,
3576 4024 3708 4086 aliis

2049 4123 2283 4177 studere
2317 4120 2462 4187 volo,
2498 4122 2548 4176 si
2583 4121 2726 4176 forte
2758 4125 3078 4192 angustum
3136 4121 3417 4192 temporis
3450 4119 3706 4192 spatium

2049 4209 2194 4265 mihi
2229 4210 2577 4265 admensum
2611 4209 3017 4280 tributumque
3063 4210 3258 4266 fuerit.
3293 4214 3358 4264 Et
3387 4209 3528 4280 quia
3558 4207 3705 4262 mihi

2051 4299 2355 4354 audientes
2387 4299 2458 4354 ad
2511 4315 2572 4354 se
2623 4297 2867 4354 attrahit
2917 4298 3192 4354 Jordanis
3225 4301 3280 4353 et
3329 4298 3495 4370 quasi
3529 4297 3702 4352 sedu-

2051 4403 2188 4443 cens
2238 4387 2533 4460 astringit,
2582 4403 2905 4457 omnesque
2957 4387 3027 4441 ad
3079 4404 3211 4442 eum
3265 4390 3530 4456 currunt,
3575 4400 3704 4438 mo-

2050 4478 2160 4532 liar
2225 4476 2362 4548 quid
2441 4480 2800 4548 augustum,
2873 4492 2987 4547 quo
3062 4475 3406 4546 aliquandiu
3489 4479 3702 4530 emtum

2052 4565 2406 4621 contineam.
2437 4566 2819 4637 Opponamus
2868 4579 3004 4636 ergo
3055 4563 3330 4635 speciosae
3386 4563 3470 4618 illi
3506 4563 3706 4634 regiae-

2051 4670 2162 4726 que
2195 4655 2365 4708 undae
2396 4654 2722 4726 speciosam
2765 4651 2939 4707 aliam
2973 4668 3184 4723 aquam
3231 4651 3507 4717 similem,
3540 4655 3597 4706 et
3624 4649 3706 4705 ita

2050 4741 2366 4800 concilium
2399 4757 2775 4814 occupemus.
2825 4740 3140 4795 Auditores
3187 4755 3320 4794 vero
3367 4739 3452 4794 sic
3492 4753 3703 4809 magno

2050 4831 2394 4886 assistentes
2428 4829 2656 4900 negotio
2689 4835 2742 4883 et
2774 4828 2998 4883 utiliter
3040 4827 3261 4899 opinati
3293 4827 3704 4890 discentesviue

2051 4919 2162 4975 sibi
2195 4918 2480 4990 duplicari
2516 4919 2734 4972 bonum
2773 4959 2787 4986 ,
2819 4917 3042 4972 tamdiu
3078 4915 3544 4988 permanebunt;
3570 4916 3704 4986 post

2051 5008 2174 5063 haec
2206 5007 2432 5080 reliquo
2465 5006 2616 5060 bono
2651 5005 2970 5078 potiantur.

2117 5202 2208 5256 21.
2241 5199 2540 5255 Praemitto
2573 5215 2709 5272 ergo
2755 5198 2944 5268 vobis,
2995 5215 3027 5254 o
3087 5198 3383 5255 auditores
3428 5197 3526 5252 bio
3554 5213 3700 5268 prte-

2049 5294 2265 5358 sentes,
2326 5291 2690 5359 unguentum
2751 5287 2944 5360 regale
3006 5287 3348 5360 pretiosum,
3406 5290 3464 5342 et
3495 5285 3699 5356 judico

2048 5379 2226 5450 hujus
2283 5376 2597 5449 participes
2647 5379 2848 5448 postea
2905 5377 3160 5438 Jordane
3209 5391 3338 5431 esse
3392 5374 3694 5430 fruituros.

2047 5471 2260 5524 Sancta
2287 5466 2458 5520 ambo
2508 5465 2643 5534 ista,
2673 5469 2731 5519 et
2779 5465 2977 5537 magni
3028 5464 3358 5536 pandenda,
3388 5463 3448 5518 in
3480 5463 3697 5519 sancti-

2047 5555 2381 5611 ﬁcationem
2442 5553 2864 5625 conspirantia,
2925 5557 3050 5609 tum
3127 5551 3402 5608 Jordanis
3461 5552 3694 5622 ﬂuvius,

2046 5648 2172 5701 tum
2233 5647 2598 5715 unguentum
2677 5642 2982 5715 prmsentis
3059 5641 3452 5714 acceptionis‘.
3512 5640 3694 5696 Priori

2045 5733 2339 5807 posterius
2365 5748 2482 5789 non
2513 5730 2824 5803 delebitur,
2847 5731 2987 5803 quia
3007 5749 3122 5788 non
3147 5730 3435 5788 exteriora
3462 5732 3694 5787 tantum
