4060 6360
255 418 387 478 961

263 548 477 624 σαρκὸς
536 548 655 612 θεὸν

266 659 366 693 σοι
399 634 491 691 διά
527 658 587 692 τε
628 635 692 691 τὸ
743 635 933 709 μάννα,
995 636 1228 708 στάμνον
1277 635 1377 704 τὴν
1426 634 1638 708 τιμίαν,
1695 637 1764 711 ἣγ
1792 655 1930 711 χρυ-

267 728 374 788 σὸς
408 720 712 796 ἆκίϐδηλος
746 724 1124 799 συνεκρότησε,
1174 724 1272 792 τὴν
1323 722 1374 778 ἐν
1428 723 1512 778 σοὶ
1561 727 1760 798 γνῶσιν
1811 722 1934 799 περί

264 837 334 872 τε
381 819 515 870 Θεοῦ
564 814 730 869 αὐτοῦ
777 813 1022 889 καὶπερὶ
1070 817 1176 867 τῶν
1212 813 1370 868 θείων
1426 812 1516 868 καὶ
1571 813 1704 889 ὑπὲρ
1761 815 1931 886 ἡμᾶς*

268 905 380 972 τὴν
413 897 741 974 ἀκίϐδηλον,
793 908 894 972 τῆν
955 896 1305 970 στίλϐουσαν,
1356 902 1456 970 τὴν
1516 900 1785 972 ἡλιῶσαν,
1835 901 1934 970 τήν

274 990 753 1067 κεκαθαρισμένην
821 988 1205 1052 ἐπταπλασίως
1256 995 1376 1054 τοῖς
1433 989 1597 1054 θείοις
1681 989 1933 1065 έπταρίθκ

285 1103 416 1157 μοις
473 1081 802 1157 χαρίσμασιν
839 1101 852 1114 ·
915 1079 1061 1135 ἀλλὰ
1111 1080 1200 1134 καὶ
1259 1077 1348 1133 διὰ
1404 1079 1501 1141 τὰς
1561 1079 1934 1143 θεοτυπώτους

279 1171 525 1238 πλάκας,
587 1170 647 1232 ἃς
706 1171 796 1224 καὶ
853 1169 1018 1232 αὐτὰς
1070 1165 1225 1225 ἔνδον
1275 1170 1310 1236 ἡ
1370 1168 1436 1236 σή
1498 1162 1736 1230 κιϐωτὸς
1768 1167 1935 1240 ἐμπε-

280 1259 562 1335 ριείληφε,
622 1263 824 1334 γνῶσιν
899 1256 1058 1319 οὕσας
1114 1257 1205 1312 καὶ
1265 1255 1428 1320 αύτάς
1479 1261 1586 1311 τῶν
1646 1256 1744 1312 ὅσα
1805 1255 1940 1330 μετά

281 1351 442 1420 Θεὸν,
501 1351 667 1404 ὁποῖα
724 1345 789 1419 δή
849 1368 969 1402 τινα
1023 1347 1090 1401 τὰ
1117 1345 1242 1420 περὶ
1299 1348 1473 1419 ἡμᾶς,
1530 1346 1620 1400 καὶ
1659 1347 1936 1416 οῖςήτῶν

278 1438 573 1515 περιγείων
633 1436 829 1508 κλῆσις
896 1434 1392 1512 ἀποκεκλήρωται.
1470 1440 1541 1490 "A
1613 1436 1704 1490 καὶ
1780 1435 1942 1498 αὐτὸς

280 1527 552 1589 δάκτυλος
605 1531 740 1582 Θεοῦ
795 1527 1050 1590 τυπώσας
1103 1525 1178 1587 εἰς
1241 1519 1460 1599 ἀκριϐὲς
1488 1524 1576 1579 καὶ
1607 1522 1940 1601 εὐδιάρθρω-

276 1619 375 1674 τόν
428 1638 514 1673 σοι
565 1615 875 1688 ἐναπέθετο,
940 1613 997 1670 εῦ
1049 1613 1198 1688 μάλα
1260 1611 1646 1688 διευκρινοῦντι
1699 1613 1790 1668 καὶ
1843 1613 1940 1676 τὰς

277 1706 494 1763 τούτων
553 1705 736 1784 φύσεις
765 1705 854 1760 καὶ
908 1703 984 1766 είς
1033 1707 1158 1758 νοῦν
1208 1703 1368 1759 αὐτὸν
1401 1702 1662 1772 ἀληθείας
1691 1701 1742 1756 έν
1777 1705 1941 1758 ἅπασι

286 1795 572 1874 βάπτοντι,
623 1795 713 1851 καὶ
760 1796 859 1865 τὴν
915 1793 1326 1867 θαυμασιότητα
1375 1795 1483 1847 τῶν
1535 1796 1632 1847 τοῦ
1676 1796 1810 1848 Θεοῦ
1861 1787 1945 1868 ἕρ-

1189 413 1635 477 ALLOGUTIO
1678 415 1781 476 AD
1825 415 2264 479 MANUELEM
2311 417 2773 480 COMNENUM.

692 593 707 619 ,
779 546 872 602 τὸν
949 545 1418 622 έμπεριπατοῦντα
1470 544 1561 600 καὶ
1619 545 1972 616 ἐνοικοῦν-τά,

2076 549 2121 603 it
2149 565 2278 604 arca
2310 553 2425 606 Deo
2457 553 2899 623 exstructa,non
2925 557 3155 612 tantum
3187 561 3427 630 propter
3454 575 3692 628 manna,

2035 637 2370 708 jucundum
2403 639 2754 696 nutritorem
2809 642 3093 700 universae
3136 646 3330 703 carnis
3361 649 3557 718 deum,
3589 650 3692 721 qui

3573 428 3694 496 962

2042 725 2100 781 in
2133 731 2190 782 te
2219 743 2322 799 per
2352 744 2572 785 manna
2601 730 2913 787 ambulans
2958 733 3268 806 inhabitat,
3304 753 3528 793 necnon
3562 755 3691 810 pro-

2045 819 2175 887 pter
2233 817 2556 888 pretiosum
2611 837 2851 876 urceum
2901 838 3074 893 quem
3125 827 3458 896 composuit
3486 841 3695 883 aurum

2045 903 2308 960 misturaa
2340 922 2564 978 expers,
2597 907 2705 964 hoc
2737 914 2846 979 est,
2897 911 3264 984 cognitiones
3307 919 3440 970 tuas
3466 919 3591 970 tum
3623 917 3696 971 de

2045 994 2183 1060 Deo,
2215 999 2341 1050 tum
2373 997 2444 1051 de
2474 996 2787 1063 divinis,de
2818 1017 2945 1070 quas
2979 1001 3064 1056 eis
3096 1018 3221 1072 quae
3244 1019 3421 1072 super
3451 1021 3559 1060 nos
3577 1020 3700 1060 ver-

2047 1088 2273 1153 santur,
2309 1084 2668 1156 cognitiones
2701 1104 2898 1158 puras,
2948 1088 3158 1158 claras,
3193 1092 3483 1158 ardentes,
3515 1093 3697 1165 septi-

2047 1171 2314 1227 formiter
2344 1174 2600 1244 septenis
2650 1175 3109 1234 cbarismatibus
3157 1179 3372 1235 divinis
3415 1197 3701 1252 expurga-

2047 1265 2176 1330 tas;
2210 1262 2312 1316 sed
2361 1263 2534 1317 etiam
2571 1269 2805 1334 propter
2853 1265 3088 1320 tabulas
3145 1283 3178 1322 a
3230 1268 3341 1322 Deo
3387 1269 3702 1341 inscriptas

2050 1366 2198 1420 quas
2229 1350 2480 1406 interius
2511 1367 2645 1406 arca
2673 1357 2776 1408 tua
2806 1355 3118 1423 continuit,
3152 1372 3275 1426 quae
3321 1361 3463 1411 sunt
3491 1357 3704 1412 notitia

2050 1455 2246 1494 rerum
2279 1439 2397 1494 Deo
2446 1440 2814 1509 inferiorum,
2845 1446 2964 1497 tam
3024 1444 3096 1498 de
3152 1445 3370 1500 nostris
3419 1462 3598 1516 quam
3629 1447 3703 1502 de

2051 1527 2275 1584 caeteris
2331 1529 2700 1584 terrestrium
2760 1530 3213 1602 appellationem
3274 1533 3516 1589 sortitis.
3567 1537 3702 1601 Quae

2050 1619 2178 1689 ipse
2235 1616 2334 1672 Dei
2408 1617 2630 1688 digitus
2706 1621 2958 1690 perfecte
3016 1620 3315 1692 insculpta
3379 1623 3706 1695 intimeque

2053 1707 2368 1778 conjuncta
2408 1706 2512 1762 tibi
2545 1707 2816 1778 ingenuit
2844 1707 3064 1779 optime
3086 1709 3706 1779 judicaturo,horum-

2054 1811 2168 1868 que
2200 1799 2444 1851 naturas
2473 1795 2532 1850 in
2569 1801 2761 1852 mente
2808 1797 3088 1852 omnibus
3131 1797 3476 1854 veritatibus
3506 1804 3710 1856 ornata

289 1907 407 1961 γων
443 1884 551 1961 οὐχ
579 1885 791 1953 ἁπλῶς,
831 1881 977 1938 ἀλλὰ
1017 1882 1154 1938 κατὰ
1180 1883 1271 1937 τὸν
1320 1876 1488 1937 Δαϐὶδ
1518 1877 1726 1960 σφόδρα
1777 1881 1942 1956 γινώ-

2070 1884 2346 1956 infigenti,
2377 1889 2434 1940 et
2490 1884 2784 1940 mirabilia
2841 1885 2943 1940 Dei
2999 1902 3177 1956 opera
3227 1903 3343 1942 non
3373 1887 3573 1944 minus
3605 1888 3708 1945 sed

290 1995 500 2030 σκοντιο
537 1973 656 2028 ὅθεν
689 1974 743 2028 αἱ
773 1971 979 2035 πλάκες
1011 1969 1270 2042 αῦται,ὡς
1304 1972 1396 2044 μὲν
1428 1971 1551 2047 περὶ
1584 1970 1739 2049 φύσιν
1768 1971 1944 2041 οὖσαι,

288 2064 384 2120 καὶ
419 2063 555 2138 μετὰ
582 2063 682 2132 τὴν
712 2061 970 2117 ἀνωτάτω
1003 2059 1291 2136 θεολογίαν
1319 2061 1663 2136 τεταγμέναι,
1695 2059 1784 2114 καὶ
1819 2059 1948 2114 ὑπό-

293 2148 451 2208 ϐασιν
487 2149 736 2227 ἔχουσαι,
794 2151 885 2206 καὶ
942 2150 1078 2226 πρὸς
1129 2150 1198 2205 τὰ
1257 2149 1404 2204 κάτω
1451 2149 1721 2218 νεύουσαι,
1747 2147 1946 2224 γηίνης

294 2243 411 2298 οἷον
461 2238 833 2320 διαφαίνονται
882 2238 1156 2302 πλάσεως·
1190 2239 1270 2312 τῷ
1302 2235 1359 2293 δέ
1383 2259 1446 2315 γε
1473 2235 1803 2309 ἀδιαπτώτῳ
1849 2243 1949 2306 τῆς

290 2331 548 2407 γνώσεως
573 2329 662 2385 καὶ
719 2330 798 2402 τῷ
830 2327 960 2402 θείῳ
990 2335 1090 2399 τῆς
1120 2330 1350 2405 θεωρίας
1383 2332 1516 2384 Θεοῦ
1566 2325 1819 2400 δακτύλῳ
1861 2346 1952 2380 κα-

290 2421 661 2496 ταγράφεσθαι
694 2422 1044 2495 θεωροῦνται.

369 2616 476 2691 κγ’.
507 2612 696 2676 Οὕτως
737 2611 843 2688 ἐγὼ
901 2614 964 2668 τὸ
1022 2612 1073 2667 ἐν
1131 2611 1216 2666 σοὶ
1268 2610 1433 2685 μάννα
1482 2613 1752 2679 κατανοῶ,
1810 2609 1953 2664 οὕτῶ

295 2707 400 2775 τήν
433 2705 694 2778 στάμνον,
756 2702 899 2758 οὕτω
953 2703 1015 2757 τὸ
1072 2699 1352 2774 ἔμπλοκον
1412 2699 1694 2774 σέμνωμα’
1754 2698 1844 2754 καί
1898 2719 1954 2753 σε

302 2793 396 2850 δὶδι
451 2797 620 2848 ταῦτα
677 2791 753 2854 είς
829 2786 1065 2846 κιϐωτὸν
1125 2787 1391 2860 διαθήκης
1443 2789 1622 2857 θείας,
1673 2791 1754 2860 τῷ
1805 2785 1955 2862 λόγῳ

301 2883 690 2955 σκευσάμενος,
762 2879 998 2954 τίθεμαι.
1079 2879 1183 2935 Καὶ
1243 2876 1336 2934 τίνα
1403 2878 1467 2933 τὸ
1535 2882 1641 2932 πᾶν
1698 2875 1956 2951 περιγρά-

304 2975 470 3046 ψαιμι
525 2971 708 3043 νόημα
764 2967 815 3024 ἐν
843 2971 1035 3041 στενῷ,
1066 2966 1158 3022 καὶ
1205 2967 1281 3029 εἷς
1333 2965 1512 3042 βραχὺ
1544 2965 1752 3043 σφίγμα
1792 2985 1957 3020 κατα·

303 3059 493 3116 κλύσω
546 3057 747 3128 ταύτην
797 3058 897 3127 τὴν
955 3052 1208 3112 κιϐωτόν·
1272 3060 1604 3133 μαννοφορεῖ
1663 3055 1753 3109 τὸν
1805 3053 1955 3122 Θεὸν,

305 3149 393 3206 καὶ
449 3150 548 3204 ’ὸσα
604 3145 871 3215 θειότατα,
933 3145 987 3200 ἐν
1043 3146 1241 3220 γνώσει
1301 3144 1531 3221 λαμπρᾷ
1566 3141 1656 3198 καὶ
1687 3163 1957 3217 στεγανω-

303 3239 466 3314 τάτῃ,
524 3238 615 3293 καὶ
674 3235 791 3292 ο⁶ίαν
855 3229 1158 3291 ὑποϐάλλει
1221 3238 1364 3289 νοεῖν
1434 3234 1462 3288 ὁ
1519 3231 1746 3309 χρυσὸς,
1797 3229 1865 3286 δι’
1894 3229 1956 3286 οὗ

304 3327 461 3407 φύσιν
517 3329 651 3382 Θεοῦ
709 3322 1006 3400 πολλαχοῦ
1056 3325 1193 3397 ἡμῖν
1253 3322 1554 3398 ἱνοπτρίζει
1612 3321 1680 3376 τὰ
1736 3322 1956 3407 ῖεροπα-

307 3403 506 3492 Ιέ›άδοτα
563 3414 761 3490 λόγια..
804 3413 966 3488 Φέρει
1003 3412 1093 3468 καὶ
1150 3410 1364 3475 πλάκας
1409 3413 1510 3481 τὴν
1543 3409 1745 3480 λοιπὴν
1780 3403 1960 3474 ἔνθεον

306 3511 507 3582 γνῶσιν
565 3504 814 3559 ἁπάντων
887 3504 998 3559 τῶν
1077 3501 1383 3576 ἐγκοσμίων
1458 3502 1546 3556 καὶ
1600 3500 1721 3577 περὶ
1782 3502 1959 3572 ἡμᾶς·

309 3595 399 3652 καὶ
450 3593 649 3663 ταύτην
713 3591 811 3648 οὐκ
863 3592 916 3648 ἐν
968 3594 1150 3670 γραφῇ
1183 3588 1544 3662 εύεξαλείπτῳ
1573 3589 1661 3644 καὶ
1694 3586 1966 3657 ἐπιπολῆς

308 3683 623 3758 ἔξανθούσῃ,
678 3681 805 3738 ἀλλ’
862 3679 915 3735 έν
972 3685 1160 3754 στερεᾷ
1214 3679 1302 3734 καὶ
1362 3679 1438 3742 εἷς
1475 3677 1637 3754 βάθος
1665 3675 1963 3752 ένδυομένῃ

310 3772 476 3830 πολύ.
536 3771 753 3830 Ούτωκὶ
805 3769 874 3826 τά
926 3791 986 3824 τε
1043 3771 1180 3838 θεῖα,
1229 3769 1298 3824 τά
1345 3789 1406 3825 τε
1456 3767 1767 3844 ἀνθρώπινα
1799 3765 1966 3840 ἐμπε-

312 3861 625 3940 ριείληφας·
677 3862 744 3916 τὰ
800 3859 918 3933 μὲν,
977 3859 1052 3922 ὡς
1110 3859 1161 3914 ἐν
1214 3863 1426 3934 χρυσοῦ
1478 3855 1970 3933 στεγανώματι,τᾶ

314 3949 392 4022 δὲ,
445 3952 519 4014 ὡς
578 3950 629 4006 ἐν
693 3949 994 4026 στερεμνίῳ
1050 3948 1140 4003 καὶ
1204 3947 1420 4021 μονίμῳ
1478 3944 1786 4022 γλύμματιο
1847 3965 1970 3999 ταυ-

313 4044 404 4097 τὸν
437 4039 496 4096 δὶ
554 4040 750 4108 εἶπεῖν,
807 4035 974 4115 ἄμφω
1029 4036 1105 4099 εἰς
1141 4039 1390 4110 μνήμην,
1439 4038 1507 4104 ἧς
1549 4035 1649 4090 ούκ
1677 4031 1789 4088 οἶδε
1820 4032 1965 4104 λήθη

313 4132 629 4206 κατακαυχή
637 4140 848 4192 σασθαι.

384 4325 484 4385 κδ’.
514 4323 656 4396 ῗΉδη
691 4323 748 4380 δὲ
786 4323 876 4378 καὶ
921 4320 1108 4384 ἄλλως
1165 4321 1200 4390 ἠ
1261 4320 1328 4388 σὴ
1361 4317 1476 4373 θεία
1532 4312 1769 4378 κιϐωτὸς
1810 4314 1970 4386 αὕτη,

318 4419 346 4472 ὁ
404 4422 530 4479 νοῦς
585 4416 757 4490 μάννα
815 4410 991 4486 στέγει
1038 4409 1128 4464 καὶ
1183 4409 1388 4484 χρυσὸν
1444 4407 1534 4462 καὶ
1592 4405 1845 4468 πλάκας·
1905 4405 1970 4460 οὗ

321 4506 488 4582 μύνον
532 4505 662 4566 τοὺς
711 4501 836 4575 περὶ
886 4509 986 4572 τῆς
1011 4499 1270 4555 ἀνωτάτω
1327 4494 1566 4574 Τριάδος
1625 4495 1844 4572 λόγους,
1903 4493 1971 4563 ἧς

315 4595 484 4659 τύπος
517 4597 546 4649 ὁ
575 4599 681 4649 τῶν
733 4593 1009 4648 ἀποθέτων
1055 4586 1363 4662 κειμηλίων
1406 4587 1616 4643 τούτων
1663 4585 1836 4660 τριὰς,
1881 4583 1972 4639 καὶ

2057 1973 2384 2030 secundum
2414 1973 2619 2039 David,
2653 1974 2891 2046 penitus
2941 1980 3338 2046 cognoscenti,
3391 1978 3546 2033 unde
3587 1978 3710 2034 istae

2055 2061 2267 2118 tabulae
2300 2066 2501 2134 utpote
2532 2063 2686 2118 circa
2716 2068 2987 2119 naturam
3018 2072 3322 2121 versantes
3350 2071 3406 2120 et
3437 2069 3569 2138 post
3596 2082 3710 2123 coa-

2055 2151 2261 2206 lestem
2310 2150 2665 2223 theologiam
2716 2151 3016 2220 ordinatis,
3071 2152 3246 2225 paulo
3307 2154 3616 2211 submissae
3654 2158 3714 2211 et
3801 2215 3806 2223 ,

2058 2241 2130 2296 de
2161 2239 2407 2295 terrenis
2438 2244 2756 2296 tractantes
2787 2241 2859 2297 ad
2909 2242 3150 2297 modum
3181 2247 3422 2298 terrenas
3463 2244 3711 2316 impres-

2059 2327 2243 2384 sionis
2273 2332 2578 2398 apparent,
2613 2329 2715 2384 sed
2749 2333 2984 2401 propter
3035 2329 3217 2385 ullius
3247 2331 3462 2387 erroris
3493 2333 3713 2386 immu-

2056 2415 2299 2470 nitatem
2332 2414 2532 2471 divino
2567 2417 2663 2472 Dei
2695 2416 3209 2489 contemplationis
3239 2419 3423 2490 digito
3454 2418 3716 2492 insculp-

2060 2509 2121 2560 ta
2143 2504 2509 2576 judicantur.

2129 2611 2222 2666 23.
2257 2613 2343 2666 lta
2367 2628 2474 2684 ego
2504 2611 2565 2667 in
2595 2617 2652 2668 te
2701 2628 2919 2670 manna
2962 2619 3158 2670 mente
3186 2615 3472 2686 concipio,
3505 2615 3586 2671 ita
3616 2632 3713 2671 ur-

2063 2716 2254 2768 ceum,
2297 2700 2379 2755 ita
2407 2705 2691 2772 augustas
2721 2702 2974 2770 tabulas,
3005 2708 3062 2759 et
3092 2709 3148 2758 te
3196 2709 3504 2776 propterea
3533 2704 3592 2759 in
3624 2721 3717 2760 ar-

2064 2806 2190 2845 cam
2223 2789 2590 2846 tabernaculi
2621 2790 2720 2846 Dei
2770 2792 2944 2847 verbo
2991 2793 3277 2869 efﬁngens
3319 2809 3492 2865 pono.
3526 2792 3717 2864 thue

2065 2883 2248 2934 totam
2302 2877 2363 2932 in
2407 2879 2564 2934 brevi
2616 2879 3099 2936 circumscribam
3157 2881 3594 2953 cogitationem,
3625 2898 3717 2937 ar-

2067 2984 2194 3023 cam
2227 2966 2385 3022 illam
2421 2966 2481 3022 in
2513 2973 2767 3040 angusto
2820 2967 3087 3040 amplexu
3138 2970 3530 3038 abscondam;
3566 2969 3718 3024 divi-

2068 3073 2211 3112 num
2244 3057 2355 3111 fert
2380 3071 2598 3112 manna
2645 3073 2748 3113 seu
2799 3057 3074 3129 quaelibet
3123 3058 3492 3115 divinissima
3521 3059 3582 3115 in
3615 3075 3717 3114 co-

2067 3145 2332 3218 gnitione
2359 3145 2518 3201 clara
2538 3145 2820 3218 nulloque
2841 3148 3204 3218 penetranda
3233 3164 3446 3216 errore,
3483 3147 3717 3220 qualem

2072 3215 2255 3291 menti
2315 3235 2589 3306 proponit
2645 3215 2859 3291 aurum
2933 3253 3051 3308 quo
3103 3236 3263 3292 velut
3317 3215 3555 3308 speculo
3622 3215 3726 3292 Dei

2073 3331 2341 3380 naturam
2394 3324 2611 3395 ubique
2660 3330 3081 3397 representant
3127 3326 3514 3382 sanctissimae
3553 3324 3727 3380 nobis

2071 3411 2303 3468 traditae
2331 3411 2558 3468 litteris.
2591 3413 2722 3468 Fert
2750 3413 2930 3469 etiam
2974 3415 3230 3484 tabulas,
3263 3415 3321 3469 id
3369 3420 3460 3470 est
3489 3416 3726 3469 caetero-

2073 3518 2206 3556 rum
2255 3500 2512 3556 divinam
2559 3501 2848 3572 notitiam,
2880 3503 3144 3560 omnium
3176 3504 3546 3560 terrestrium
3588 3518 3729 3558 nec-

2075 3607 2190 3646 non
2221 3607 2424 3646 eorum
2457 3608 2584 3663 quae
2632 3591 2788 3647 circa
2836 3609 2942 3648 nos
2981 3597 3329 3661 versantur;
3363 3591 3486 3647 haec
3529 3597 3729 3648 autem

2077 3679 2286 3735 notitia
2343 3696 2449 3734 nec
2507 3680 2675 3736 facile
2740 3681 2990 3737 delenda
3067 3698 3174 3738 nec
3232 3681 3433 3737 leviter
3498 3685 3732 3736 tantum

2077 3765 2298 3838 scripta
2332 3767 2460 3834 fuit,
2496 3768 2598 3822 sed
2661 3767 2910 3824 firmiter
2965 3773 3022 3824 et
3080 3770 3399 3825 admodum
3444 3767 3562 3825 alte
3620 3764 3736 3824 fuit

2077 3855 2390 3928 insculpta.
2452 3856 2539 3912 Ita
2590 3861 2714 3912 tum
2775 3857 2972 3913 divina
3035 3862 3161 3914 tum
3221 3859 3484 3915 humana
3539 3860 3736 3912 mente

2077 3943 2418 4016 concepisti,
2451 3943 2554 4000 illa
2597 3945 2836 4016 quidem
2885 3947 3044 4002 velut
3092 3947 3151 4002 in
3210 3965 3352 4002 auro
3411 3944 3735 4014 recondita,

2078 4034 2193 4089 ista
2223 4038 2420 4088 autem
2444 4032 2604 4088 velut
2626 4035 2878 4090 ﬁrmiter
2893 4040 2951 4090 et
2971 4041 3388 4106 permananter
3416 4033 3736 4106 insculpta,

2080 4139 2204 4189 seu,
2239 4126 2306 4177 ut
2363 4121 2534 4177 aliter
2589 4122 2808 4191 dicam,
2865 4125 3040 4179 ambo
3097 4124 3158 4179 in
3219 4123 3562 4180 memoriam
3609 4138 3736 4197 qua:

2079 4211 2431 4267 oblivionem
2466 4211 2652 4266 nescit
2682 4212 3015 4268 indelibiter
3047 4214 3264 4269 inusta.

2150 4319 2241 4374 24.
2272 4322 2399 4374 Jam
2444 4317 2590 4374 alias
2639 4319 2757 4373 dixi
2810 4319 3069 4376 divinam
3121 4337 3318 4377 arcam
3349 4325 3537 4386 tuam,
3571 4335 3736 4374 men-

2082 4413 2220 4475 tem,
2279 4423 2497 4462 manna
2552 4412 2747 4480 tegere
2803 4413 2862 4465 et
2914 4425 3125 4465 aurum
3179 4414 3236 4465 et
3307 4407 3564 4476 tabulas,
3619 4423 3736 4462 non

2081 4502 2310 4552 tantum
2342 4495 2711 4568 cognitiones
2763 4498 2915 4553 circa
2958 4498 3452 4555 sublimissimam
3483 4496 3738 4552 Trinita-

2084 4590 2225 4652 tem,
2257 4586 2429 4656 cujus
2462 4585 2650 4657 ﬁgura
2672 4586 3065 4659 repositorum
3098 4587 3310 4642 horum
3347 4585 3737 4659 pretiosorum

319 4686 380 4741 τὸ
407 4689 505 4740 τοῦ
537 4684 710 4759 μάννα
739 4681 1012 4757 οὖράνιον⁶
1063 4677 1220 4734 ’ἀλλὰ
1248 4678 1339 4732 καὶ
1394 4675 1520 4739 τοὺς
1567 4675 1692 4751 περὶ
1749 4681 1851 4745 τῆς
1879 4677 1972 4729 τοῦ

2086 4674 2321 4730 trinitas
2354 4656 2686 4746 mannaque
2738 4656 2998 4745 celeste,
3033 4677 3133 4731 sed
3193 4656 3369 4731 etiam
3424 4675 3581 4730 circa
3635 4670 3739 4728 Dei

325 4779 458 4830 Θεοῦ
508 4774 684 4850 Λόγου
727 4765 1074 4830 καταϐάσεως
1132 4765 1213 4845 ἐφ’
1273 4767 1444 4839 ἡμᾶς,
1506 4764 1677 4836 σάρκα
1727 4775 1971 4840 προσλα-

328 4859 570 4938 ϐομένυυ
598 4861 697 4929 τὴν
751 4858 812 4914 ἐκ
857 4859 1013 4933 χοὸς,
1043 4857 1144 4924 τήν
1175 4855 1294 4918 καθ’
1339 4856 1507 4927 ἡμᾶς,
1669 4856 1765 4906 τοῦ
1797 4853 1972 4924 ἀμαρ-

323 4936 440 5015 τίας
507 4947 793 5026 μολυσμὸν
854 4945 1234 5020 ἐπισύρεσθαι·
1314 4941 1376 4997 οῦ
1438 4936 1696 5014 σύμϐολα
1767 4941 1801 5011 ἠ
1877 4942 1974 4993 τοῦ

329 5043 500 5118 μάννα
576 5040 771 5114 ὑψόθεν
831 5030 1162 5105 κατάϐασις,
1238 5031 1327 5087 καὶ
1387 5031 1449 5086 τὸ
1509 5029 1821 5106 ἀρῥύπαρον
1878 5032 1976 5082 τοῦ

323 5113 556 5208 ίχρυσοῦ,
603 5113 693 5184 καὶ
751 5130 856 5181 τῶν
915 5123 1140 5180 πλακῶν
1197 5121 1260 5176 τὸ
1308 5118 1660 5196 χοόπλαστον
1688 5134 1701 5148 ⁸
1756 5115 1848 5179 οὕς
1906 5113 1974 5208 δζή

325 5202 606 5296 έκατέρους
659 5215 880 5292 λόγους,
934 5211 1061 5274 τούς
1113 5231 1172 5266 τε
1227 5208 1352 5287 περί
1416 5213 1550 5264 Θεοῦ
1573 5211 1670 5262 τοῦ
1702 5205 1752 5296 έν
1781 5202 1978 5281 Τριάδι

328 5295 830 5384 προσκυνουμένου,
868 5301 994 5364 τούς
1034 5320 1094 5356 τε
1149 5299 1274 5375 περὶ
1303 5301 1401 5354 τοῦ
1450 5299 1584 5352 Θεοῦ
1635 5295 1835 5371 Λόγου,
1882 5297 1979 5349 τοῦ

329 5383 448 5460 ἰνὸς
495 5403 597 5466 τῆς
641 5389 900 5470 Τριάδος,
925 5394 1023 5445 τοῦ
1072 5388 1124 5444 ἰν
1171 5386 1472 5464 ὁστρακίνῳ
1533 5383 1708 5440 σκεύει
1759 5383 1978 5459 σαρκὸς,

331 5487 603 5561 ἡμετέρου
651 5482 945 5557 θησαυροῦ,
997 5477 1142 5533 οὕτω
1202 5477 1298 5550 μὲν
1342 5474 1624 5561 περιέπεις
1665 5473 1755 5561 καὶ
1805 5471 1984 5561 φέρεις

321 5558 720 5650 ταμιευόμενος
751 5566 1008 5650 ἀσφαλῶς
1070 5565 1122 5622 έν
1171 5569 1351 5641 ψυχῇ,
1405 5565 1480 5626 ὡς
1539 5559 1655 5650 οὐδ’
1683 5560 1744 5616 ἂν
1778 5558 1982 5635 οὐδεὶς,

325 5649 452 5722 mihi
480 5664 618 5718 πάνυ
675 5659 800 5735 περὶ
836 5649 955 5720 τὰς
1009 5654 1345 5730 τιμιωτέρας
1411 5656 1521 5707 τῶν
1574 5649 1721 5706 ὑλῶν
1781 5653 1981 5721 ἐπτοη-

334 5754 547 5834 μένος,
608 5750 1010 5828 ἐπαγρυπνήσει
1069 5743 1286 5827 φυλακῇ
1346 5744 1618 5819 θησαυροῦ
1650 5759 1664 5776 ο
1732 5738 1877 5798 οὕτω
1929 5736 1988 5802 δε

2085 4763 2253 4819 Verbi
2287 4763 2358 4817 ad
2391 4780 2496 4819 nos
2528 4764 2902 4831 descensum,
2935 4781 3169 4821 carnem
3201 4782 3232 4820 e
3262 4765 3404 4819 limo
3436 4776 3740 4819 assumen-

2083 4853 2184 4920 tis,
2215 4867 2448 4906 carnem
2501 4857 2717 4908 nostra)
2773 4853 3051 4921 similem,
3113 4858 3354 4924 excepto
3385 4855 3640 4924 peccato,
3677 4853 3742 4905 ut

2085 4942 2289 4997 sordes
2319 4946 2700 5012 expurgaret;
2736 4943 2907 5013 cujus
2938 4942 3204 5013 symbola
3226 4946 3352 4997 tum
3387 4957 3606 4996 manus.
3625 4955 3739 4994 cce-

2085 5029 2227 5083 litus
2285 5029 2636 5096 demissum,
2695 5035 2821 5084 tum
2880 5031 3008 5086 auri
3067 5030 3402 5100 sinceritas,
3441 5034 3569 5084 tum
3623 5031 3740 5082 ter-

2085 5134 2228 5173 rena
2256 5115 2595 5172 tabularum
2628 5117 2896 5189 plastice,
2947 5136 3124 5190 quam
3174 5123 3488 5188 utramque
3532 5115 3744 5170 intelli-

2088 5206 2346 5280 gentiam
2407 5211 2463 5262 et
2512 5207 2669 5261 circa
2731 5209 2910 5263 Deum
2970 5209 3030 5263 in
3088 5208 3372 5262 Trinitate
3430 5207 3742 5260 adoratum

2087 5300 2145 5350 et
2175 5295 2329 5350 circa
2358 5295 2454 5349 Dei
2507 5295 2764 5350 Verbum
2818 5313 3001 5350 unum
3053 5313 3122 5351 ex
3167 5295 3476 5362 Trinitate,
3507 5308 3743 5348 carnem

2091 5399 2163 5438 ex
2190 5384 2386 5440 lutosa
2442 5385 2684 5439 materia
2745 5385 2986 5452 factum,
3043 5384 3392 5440 thesaurum
3449 5385 3744 5448 nostrum,

2088 5470 2253 5528 ta'nto
2285 5472 2481 5528 studio
2513 5469 2656 5526 colis
2686 5477 2743 5528 et
2791 5478 2992 5544 portas
3022 5473 3082 5527 in
3134 5471 3334 5527 anima
3382 5475 3508 5526 tuto
3554 5486 3744 5526 asser-

2090 5566 2306 5629 vatam,
2357 5565 2422 5616 ut
2468 5577 2665 5630 nemo,
2705 5562 2884 5617 etiam
2934 5561 3147 5617 harum
3195 5577 3266 5616 ex
3323 5559 3588 5616 materiis
3619 5575 3744 5615 ma-

2092 5650 2248 5705 xime
2280 5648 2665 5720 pretiosarum
2717 5649 3136 5721 peritissimus,
3167 5648 3432 5705 thesauri
3464 5648 3744 5705 custodia:

2095 5737 2307 5796 melius
2339 5737 2708 5812 invigilabit;
2740 5755 2967 5797 necnon
2998 5739 3081 5798 ita
3109 5737 3447 5798 memoriter
3474 5738 3658 5796 habes
3685 5740 3746 5792 et
