4060 6370
359 454 477 518 963

1143 455 1554 517 EUSTATHII
1598 446 2360 538 THESSALONICENSIS
2406 444 2990 511 METROPOLI’I‘IE

3657 447 3792 512 964

360 584 413 639 si
468 587 752 656 oporteat,
802 583 932 638 sine
989 581 1110 637 ullo
1167 597 1382 647 errore,
1434 579 1659 654 profers
1717 584 1782 636 ut
1837 593 2002 635 nemo

2128 574 2424 649 μνημόνως
2472 573 2640 650 ἔχεις,
2690 576 2780 630 καὶ
2839 573 3036 641 δεῆσαν
3094 572 3354 651 προάγεις
3412 571 3787 638 ἀδιαπτώτως

358 671 592 728 facilius
636 672 940 745 proprium
995 687 1204 726 nomen
1265 670 1541 741 proferat.
1599 670 1734 725 Ideo
1780 669 1862 725 ita
1911 668 2096 723 do-"”

356 760 442 816 les
471 762 779 834 magisque
811 760 1069 815 tristaris
1115 765 1353 831 propter
1381 758 1733 815 insidiantes
1758 756 2011 824 veritati,

359 852 426 905 ut
454 849 681 905 nullius
709 849 900 921 magis
929 864 1105 919 quam
1137 854 1241 903 tua
1270 847 1568 920 afﬂigatur
1598 848 1816 902 anima.

428 1028 522 1082 25.
577 1028 706 1083 Haec
758 1026 998 1099 quidem
1058 1025 1218 1081 novit
1271 1028 1682 1098 unusquisque
1718 1030 2011 1097 nostrum,

359 1115 728 1188 proclamant
756 1114 934 1170 etiam
969 1113 1192 1186 lapides
1237 1130 1385 1186 quos
1416 1130 1699 1186 magnum
1731 1114 2010 1169 excelsis-

357 1204 521 1261 simae
553 1202 851 1276 sapientiae
900 1204 1008 1259 fert
1043 1203 1354 1274 templum,
1388 1204 1596 1259 tabulae
1628 1209 1844 1258 sanctas
1875 1203 2010 1275 qui-

356 1293 468 1348 bus
500 1292 826 1365 theologica
866 1298 969 1347 tua
1015 1291 1293 1347 innititur
1339 1291 1623 1358 scientia;
1655 1293 1753 1363 qui
1788 1291 2011 1364 lapides

356 1382 607 1437 candore
639 1382 884 1454 fulgent,
917 1386 975 1437 et
1003 1381 1140 1436 inde
1191 1381 1454 1436 veritatis
1502 1381 1822 1436 ostendunt
1850 1380 2008 1437 albe-

354 1469 574 1537 dinem,
608 1471 903 1540 rubroque
960 1469 1273 1540 splendore
1322 1469 1644 1523 emicantes
1702 1469 2008 1542 sanguinis

353 1557 603 1614 colorem
636 1558 943 1630 perspicue
971 1563 1293 1629 exponunt,
1326 1557 1526 1628 sicque
1559 1556 1746 1612 hostis
1779 1573 2009 1628 perver-

352 1646 578 1703 sissimi
624 1647 870 1702 vulnera
917 1652 976 1701 et
1019 1647 1292 1701 ruborem
1347 1647 1752 1702 manifestant.
1782 1646 1845 1702 In
1875 1647 2008 1702 istis

353 1734 653 1808 lapidibus
701 1752 846 1806 pura
894 1736 1140 1789 rutilant
1194 1734 1496 1806 theologia)
1540 1736 1837 1807 dogmata,
1873 1750 2005 1789 nec-

353 1838 472 1879 non
504 1823 779 1895 dirigitur
806 1822 876 1878 de
905 1822 1308 1878 incarnatione
1349 1822 1519 1878 Verbi
1552 1824 1821 1878 doctrina
1847 1839 1878 1877 e
1905 1839 2004 1878 ru-

353 1910 455 1966 bro
484 1910 736 1982 Virginis
788 1912 1075 1982 sanguine
1123 1927 1357 1966 carnem
1415 1912 1525 1967 sibi
1561 1910 2000 1967 immaculalam

2117 664 2179 719 πὶ
2232 664 2524 738 στόματος,
2583 664 2658 727 ὡς
2720 661 2838 719 οὐδ’
2885 664 2943 718 ἂν
3003 684 3087 726 τις
3137 662 3344 718 οἰκεῖον
3374 662 3435 717 ἂν
3472 662 3790 740 προαγάγοι

2123 750 2323 829 ῥᾳδίως
2362 750 2555 827 ὄνομα.
2597 751 2754 811 Οὕτω
2781 750 2839 808 δὲ
2893 757 3079 817 ποθεῖς
3134 750 3226 807 καὶ
3285 752 3607 829 ὗπερπονεῖς
3660 751 3787 807 ὲπιο

2122 836 2560 916 ϐουλευομένων,
2593 843 2669 906 ὡς
2725 842 2826 896 οὐκ
2882 842 2943 896 ἄν
2995 862 3080 903 τις
3137 838 3263 896 οὐδὲ
3316 844 3502 916 ψυχῆς
3532 841 3787 917 ὑπερπα-

2124 929 2246 1000 θοίη
2281 932 2340 986 ἅν
2370 938 2472 1001 τῆς
2502 932 2713 987 ἑαυτοῦ.

2191 1021 2283 1079 κε’.
2318 1020 2421 1077 Καὶ
2472 1024 2642 1075 ταῦτα
2706 1017 2816 1074 οἶδε
2873 1019 2968 1091 μὶν
3021 1019 3109 1073 καὶ
3140 1019 3302 1091 ἡμῶν
3331 1015 3578 1086 ἕκαστος,
3642 1017 3784 1073 ἀνα-

2120 1110 2378 1184 κράζουσι
2411 1106 2469 1163 δὲ
2516 1108 2606 1163 καὶ
2661 1109 2713 1162 οἱ
2745 1106 2914 1176 λίθοι,
2968 1107 3060 1170 οὕς
3091 1108 3153 1162 τὸ
3190 1107 3331 1182 μέγα
3357 1113 3457 1177 τῆς
3510 1107 3781 1161 ἀνωτάτω

2120 1198 2307 1275 σοφίας
2337 1198 2485 1276 φέρει
2540 1197 2862 1273 ἀνάκτορον,
2916 1197 2970 1251 αἱ
3024 1197 3162 1273 ἱεραὶ
3189 1196 3415 1266 πλάκες,
3448 1197 3530 1258 αἷς
3584 1195 3656 1250 τὰ
3717 1197 3783 1250 σὰ

2120 1286 2505 1365 θεολογήματα
2561 1285 2847 1362 ἔγκεινται·
2900 1283 2954 1340 οἳ
3000 1283 3056 1340 δὲ
3107 1284 3251 1349 λίθοι
3302 1290 3382 1357 τῷ
3410 1306 3470 1342 τε
3499 1281 3785 1359 διαλεύκῳ

2116 1376 2507 1456 παμφαίνουσι,
2565 1377 2655 1432 καὶ
2708 1378 2772 1431 τὸ
2808 1379 2907 1443 τῆς
2967 1374 3227 1447 ἀληθείας
3257 1374 3496 1439 ἐντεῦθεν
3555 1371 3782 1451 διαφαμ

2116 1488 2270 1521 νουσι
2327 1466 2655 1534 πάλλευκον,
2710 1465 2799 1521 καὶ
2853 1464 3046 1522 κάλλει
3078 1462 3136 1521 δὲ
3183 1462 3494 1539 λέμποντες
3547 1462 3783 1540 ἐρυθμῷ

2117 1555 2313 1631 χροιὰν
2370 1553 2600 1628 αἵματος
2656 1554 3095 1630 παραυγοὶζονται
3132 1599 3146 1622 ,
3201 1553 3291 1608 καὶ
3357 1552 3451 1607 τὸν
3525 1571 3779 1627 τραυμα-

2118 1643 2236 1698 τίαν
2296 1644 2533 1708 ἐντεῦθεν
2587 1645 2679 1699 καὶ
2708 1645 2808 1713 τήν
2837 1642 3106 1719 αἶ’σχὺνην
3133 1646 3230 1697 τοῦ
3307 1640 3621 1717 ἀρχεκάκου
3674 1662 3778 1697 που

2116 1731 2425 1809 λεμήτορος
2478 1732 2905 1811 ὖπεμφαίνουσιν
2938 1774 2951 1789 .
3010 1735 3100 1786 Ἐν
3148 1731 3364 1793 τούτοις
3420 1735 3540 1793 τοῖς
3593 1730 3778 1795 λίθοις

2112 1821 2201 1876 καὶ
2231 1822 2295 1876 τὸ
2333 1828 2431 1891 τῆς
2471 1822 2756 1898 θεολογίας
2808 1825 3043 1897 καθαρὸν
3102 1825 3494 1899 φωσφορεῖται,
3554 1820 3653 1875 καὶ
3710 1821 3781 1876 τὰ

2112 1910 2235 1981 περί
2309 1917 2409 1979 τῆς
2479 1911 2802 1987 σαρκώσεως
2857 1914 2953 1966 τοῦ
3010 1910 3190 1985 Λόγου
3251 1909 3663 1985 ὀρθοτομεῖται,
3727 1908 3779 1982 ἐξ

349 1974 789 2068 contrahentis;
821 1974 1073 2072 quorum
1125 2000 1226 2055 illa
1276 2001 1517 2071 quidem
1569 2001 1717 2072 lapis
1747 2000 2002 2057 dilucide

2114 1974 2375 2073 ἐρυθρῶν-
2411 1974 2657 2071 αἷμάτων
2718 2003 3055 2074 παρθενικῶν
3104 1974 3293 2075 ’σάρκα
3361 1974 3536 2069 ἑαυτῷ
3593 1974 3783 2069 πηξαλ

349 2088 687 2159 splendens,
717 2088 838 2144 haec
885 2095 1080 2144 autem
1136 2090 1509 2144 subostendit
1556 2091 1735 2144 rubor
1766 2090 2001 2162 sangui-

350 2193 527 2233 neum
563 2176 810 2233 nitorem
842 2177 1227 2242 illuminans;
1262 2179 1345 2233 ita
1374 2184 1458 2243 ut,
1491 2179 1730 2249 perinde
1760 2195 1827 2234 ac
1858 2179 1999 2235 olim

348 2267 629 2338 purpurei
677 2266 968 2339 sanguine
1018 2267 1186 2340 digiti
1233 2267 1484 2322 salutem
1517 2275 1801 2337 nostram,
1835 2267 1915 2323 ita
1944 2272 2004 2324 et

348 2353 668 2425 digitorum
724 2353 921 2410 divina
976 2354 1310 2427 impressio,
1370 2359 1610 2427 propter
1656 2355 1870 2412 coloris
1917 2356 2000 2412 si-

346 2441 769 2511 militudinem,
801 2441 954 2499 clare
1010 2446 1276 2499 nostrum
1324 2443 1723 2515 praeﬁgurabit
1754 2443 2001 2501 salvato-

350 2545 497 2587 rem.

422 2618 513 2673 26.
546 2617 747 2675 Talem
779 2634 885 2691 ego
932 2622 989 2674 to
1041 2635 1237 2675 arcam
1287 2621 1604 2693 conspicio,
1637 2621 2003 2678 divinissime

357 2708 884 2780 imperator,quam
915 2708 1141 2764 ducunt
1169 2709 1406 2780 quidem
1442 2711 1758 2776 boves,non
1794 2727 2001 2767 secun-

354 2797 498 2852 dum
548 2794 709 2852 illam
759 2795 1036 2875 typicam,
1071 2814 1177 2853 nec
1215 2803 1388 2870 prout
1413 2804 1662 2855 cernunt
1691 2799 1866 2868 oculi,
1900 2800 2001 2856 sed

355 2883 713 2940 divinissimi
745 2884 943 2952 boves,
965 2885 1195 2941 animas
1216 2892 1452 2943 arantes
1482 2888 1753 2960 apostoli,
1787 2889 2003 2961 quibus

356 2971 565 3045 primis
587 2973 800 3045 jugum
827 2975 1292 3045 quojunguntur
1312 2975 1728 3042 distantia,fuit
1758 2977 2003 3049 imposi-

355 3064 522 3131 tum;
555 3077 730 3133 quam
764 3061 941 3117 etiam
975 3062 1169 3118 ferunt
1215 3068 1569 3136 sacerdotes,
1602 3065 1684 3120 illi
1731 3067 2005 3139 superius

356 3148 768 3205 defunctorum
802 3154 1015 3221 patres,
1049 3151 1265 3223 quibus
1295 3153 1604 3224 imponens
1644 3155 1862 3209 mentis
1892 3159 2005 3210 tuas

351 3232 694 3295 ﬁrmitatem
746 3238 1018 3295 hostibus
1076 3256 1386 3298 occurrens
1432 3243 1610 3299 vertis
1640 3244 2004 3300 adversarios

2114 2087 2273 2160 μένου
2304 2087 2628 2163 ὑπέραγνον,
2682 2086 2756 2141 ὧν
2798 2089 2861 2143 τὸ
2905 2088 3000 2161 μὲν
3040 2086 3194 2151 λίθος
3249 2082 3487 2142 στίλϐων
3518 2084 3598 2149 εἲς
3633 2091 3777 2165 φῶς,

2109 2176 2175 2230 τὰ
2206 2174 2254 2230 δ’
2281 2177 2563 2252 ὑποφαίνει
2625 2175 2921 2253 ἐρυθρότης
2977 2174 3137 2239 ἄνθος
3200 2175 3511 2251 αἱματηρὸν
3567 2195 3780 2251 παραυ-

2110 2265 2368 2340 γάζουσα·
2430 2267 2505 2328 ὡς
2565 2263 2657 2336 ἂν,
2709 2265 2890 2342 ὥσπερ
2948 2265 3082 2320 ποτὶ
3139 2264 3512 2343 φοινίχθὲντες
3573 2262 3773 2338 α’ίμααι

2112 2351 2370 2410 δάκτυλοι
2428 2354 2698 2430 σωτηρίαν
2751 2355 2935 2427 ἡμῶν,
2997 2352 3141 2409 οὕτω
3186 2353 3279 2408 καὶ
3332 2357 3422 2408 νῦν
3482 2349 3772 2408 δακτύλων

2107 2443 2351 2507 τύπωσις
2406 2440 2743 2515 θεοκίνητος,
2775 2442 2911 2517 πρὸς
2946 2442 3251 2515 ὁμοιότητα
3288 2442 3589 2518 χρώματος
3625 2441 3770 2518 βάπ-

2107 2552 2293 2600 τουσα,
2326 2529 2766 2607 καλλιλραφήσει
2793 2531 2861 2586 τὰ
2891 2532 3154 2600 σώζοντα.

2180 2622 2281 2686 κς’.
2340 2618 2611 2690 Τοιαύτην
2655 2619 2765 2695 ἐγώ
2824 2640 2881 2674 σε
2932 2622 3123 2696 θεωρῶ
3170 2614 3406 2676 κιϐωτὸν
3445 2663 3461 2690 ,
3528 2618 3772 2683 θειότατε

2115 2707 2362 2785 βασιλεῦ,
2418 2709 2487 2778 ἢν
2535 2702 2754 2786 φέροῦσι
2810 2709 2904 2780 μὲν
2958 2708 3104 2785 βόες,
3157 2708 3218 2763 οὗ
3275 2709 3394 2763 κατ’
3422 2706 3633 2779 ἐκείνην
3664 2709 3765 2778 τήν

2109 2797 2367 2866 τοπικὴν,
2422 2796 2483 2852 οὐ
2542 2797 2678 2872 πρὸς
2737 2795 3005 2867 αἴσθησιν·
3033 2795 3182 2852 ἀλλὰ
3223 2796 3491 2862 θειότατοι
3529 2796 3677 2871 βόες,
3709 2797 3761 2852 οἱ

2108 2887 2205 2949 τὰς
2258 2885 2439 2961 ψυχὰς
2471 2885 2725 2961 ἀροῦντες
2757 2884 3077 2954 ἀπόστολοι,
3138 2886 3219 2949 οἷς
3274 2886 3514 2960 πρώτοις
3564 2886 3592 2940 6
3650 2890 3762 2943 τῶν

2112 2972 2414 3030 διεστώτων
2477 2975 2785 3038 συνεκτικὸς
2857 2972 3081 3044 ἐπετέθη
3143 2973 3303 3050 ζυγός
3337 3018 3350 3031 .
3412 2973 3651 3049 Φέρουσι
3711 2973 3767 3030 δὲ

2110 3064 2201 3119 καὶ
2261 3065 2426 3140 ἱερεῖς
2486 3061 2539 3118 οἵ
2565 3068 2674 3118 τῶν
2724 3067 3071 3139 μακαριστῶν
3130 3064 3359 3138 πατέρες
3409 3060 3619 3139 ἔξοχοι,
3682 3064 3759 3124 οἷς

2112 3153 2512 3227 ἰπαναπὲμπων
2563 3154 2661 3221 τὴν
2717 3157 2814 3207 τοῦ
2869 3155 2965 3206 σοῦ
3037 3153 3161 3215 νοὸς
3237 3147 3548 3225 ἐμὸρίθειαν
3588 3197 3601 3221 ,
3675 3150 3753 3206 καὶ

2111 3249 2225 3305 τοῖς
2280 3239 2571 3316 πολεμίοις
2631 3241 3123 3316 ἀντεπεξαγόμενος
3159 3287 3174 3313 ,
3230 3240 3446 3317 τρὲπεις
3502 3240 3630 3306 τοὺς
3675 3239 3753 3296 ἀν-

352 3327 546 3395 nobis,
566 3344 711 3385 novo
733 3327 934 3398 Israel,
958 3327 1153 3385 electae
1180 3330 1273 3386 Dei
1296 3330 1640 3397 haereditati,
1660 3337 1717 3387 et
1745 3333 1999 3389 absolvis

2114 3332 2387 3407 τιμάχους
2442 3333 2603 3404 ἡμῖν,
2634 3335 2712 3402 τῷ
2740 3331 2848 3403 νὲῳ
2902 3329 3147 3403 Ἰσραὴλ,
3176 3334 3255 3403 τῷ
3304 3328 3595 3403 ἀπολέκτῳ
3624 3329 3757 3400 κλή-

352 3424 577 3474 rectum
609 3418 744 3474 fidei
776 3418 1096 3487 tramitem,
1130 3418 1379 3492 illosque
1402 3421 1663 3494 dignaris
1694 3423 2005 3495 appropin-

351 3521 553 3577 quare,
586 3513 643 3562 et
673 3511 727 3562 te
760 3509 1119 3578 tangendum
1156 3509 1241 3565 eis
1263 3509 1457 3565 offers.
1491 3511 1733 3583 lndigno
1756 3512 1912 3567 enim
1945 3517 2003 3568 te

354 3611 471 3651 non
508 3593 643 3650 licet
692 3598 933 3667 tangere
968 3596 1122 3652 sicut
1177 3600 1431 3670 typicam
1464 3598 1600 3655 olim
1633 3616 1862 3670 arcam;
1896 3617 2002 3657 nec

351 3686 552 3739 tamen
587 3682 676 3738 fas
708 3688 869 3739 estte
898 3684 1057 3740 velut
1086 3684 1248 3741 illam
1280 3687 1337 3741 in
1370 3689 1708 3744 servitutem
1740 3689 2003 3761 redigere

351 3786 544 3843 neque
575 3771 635 3827 in
668 3777 1007 3829 extraneum
1039 3775 1267 3830 auferre
1323 3776 1641 3849 regionem.
1690 3776 1906 3833 Verum
1936 3783 2001 3834 tu

352 3860 588 3916 inducis
645 3864 705 3916 et
761 3861 830 3916 ad
913 3867 1092 3918 Deum
1169 3865 1454 3921 conducis
1511 3865 1735 3923 alienos
1790 3884 1999 3922 secun-

348 3949 491 4005 dum
524 3949 720 4018 ﬁdem,
746 3950 1033 4023 ducisque
1054 3953 1341 4010 distantes
1364 3955 1423 4010 in
1456 3955 1784 4011 dominium
1820 3955 2003 4024 Dei,et

350 4036 456 4093 Dei
512 4037 658 4093 ovile
716 4039 925 4095 ovibus
992 4040 1182 4114 reples
1241 4059 1389 4114 quos
1448 4059 1701 4116 magnus
1758 4045 1996 4116 quidem

347 4130 550 4199 pastor
579 4127 735 4185 Deus
766 4127 1039 4199 habebat,
1072 4131 1333 4187 nondum
1366 4136 1557 4188 autem
1602 4132 1663 4187 in
1693 4133 1822 4203 ejus
1852 4133 1999 4189 ovile

345 4213 732 4273 intraverant.

413 4393 505 4450 27.
564 4394 831 4451 Pontifex
888 4397 1256 4455 divinissime
1311 4404 1369 4455 et
1425 4400 1881 4472 sapientissime,
1930 4406 1997 4457 tu

345 4497 580 4554 quoque
614 4498 828 4539 manus
882 4484 939 4540 in
1001 4487 1176 4542 istam
1240 4505 1435 4544 arcam
1496 4489 1706 4545 misisti
1762 4490 1997 4561 quando

344 4569 591 4626 tonabat
621 4570 841 4628 bellum
861 4575 1187 4646 spiritualis
1210 4576 1859 4650 discussionis,quando
1880 4579 1996 4636 duo

347 4658 638 4716 exercitus
670 4661 950 4734 utrinque
1002 4664 1449 4732 ordinabuntur,
1482 4674 1541 4722 et
1594 4684 1729 4723 arca
1772 4668 1882 4723 fuit
1914 4667 1997 4723 al-

343 4745 489 4818 lata,
521 4754 579 4803 et
616 4754 680 4804 tu
711 4750 803 4822 (ut
832 4751 1079 4824 dignum
1137 4754 1283 4825 erat)
1313 4771 1441 4810 eam
1473 4755 1599 4828 ipse
1639 4756 1998 4827 sustinuisti,

346 4838 406 4890 et
434 4840 589 4892 recte
619 4837 911 4895 incedenti
965 4840 1227 4897 astitisti.
1261 4843 1330 4897 Et
1375 4845 1662 4899 suscitata
1703 4849 1845 4900 sunt
1873 4862 1999 4900 om-

346 4923 468 4992 nia,
529 4925 882 4998 sapientiam
933 4927 1049 4984 Deo
1103 4928 1388 5001 largiente
1445 4931 1781 5004 imperatori
1823 4950 2002 5006 super

349 5028 556 5071 omnes
588 5015 716 5086 ejus
756 5015 1049 5086 inimicas,
1084 5026 1259 5088 prout
1317 5018 1532 5076 alicubi
1589 5020 1748 5076 canit
1797 5022 1995 5094 David,

346 5107 403 5157 et
432 5102 645 5158 cecidit
674 5104 1068 5161 adversarius.
1103 5107 1267 5163 Tunc
1315 5108 1489 5164 etiam
1542 5126 1674 5164 cum
1714 5127 1874 5167 esses
1907 5129 1999 5168 sa-

344 5188 582 5261 pientiae
641 5191 913 5263 abyssus,
974 5212 1042 5247 ex
1101 5195 1386 5268 singulari
1446 5198 1690 5253 scientia
1751 5217 1841 5255 res
1902 5197 1998 5255 Dei

343 5275 527 5333 simul
561 5277 937 5351 loquebaris;
971 5282 1028 5336 in
1079 5283 1291 5355 primis
1337 5286 1632 5343 maximus
1681 5287 2000 5359 imperator

272 5414 273 5417 η
342 5365 848 5438 interpretationis
907 5369 1168 5444 fulgebat
1218 5373 1448 5445 gratiis,
1508 5391 1609 5430 seu
1673 5377 1996 5447 prmsertim

341 5453 431 5524 (ut
456 5456 647 5528 magis
701 5464 837 5531 apte
893 5458 1107 5532 dicam)
1166 5468 1291 5517 erat
1347 5464 1519 5536 quasi
1578 5482 1642 5520 os
1690 5465 1829 5522 Dei:
1881 5476 1995 5523 n’on

338 5543 571 5598 tantum
606 5543 816 5617 dignos
847 5547 983 5602 fecit
1013 5565 1081 5603 ex
1119 5548 1378 5624 indignis
1409 5552 1734 5608 secundum
1766 5570 1995 5610 sacram

340 5625 732 5702 Scripturam,
766 5635 867 5690 sed
903 5635 1082 5692 etiam
1134 5638 1220 5694 ori
1260 5639 1614 5712 loquebatur
1642 5642 1996 5715 sapientiam

338 5719 399 5775 et
432 5716 804 5777 meditationi
833 5725 1027 5781 cordis
1059 5725 1542 5801 intelligentiam.

2112 3443 2191 3495 ρῳ
2247 3425 2343 3475 τοῦ
2387 3424 2541 3492 Θεοῦ,
2600 3420 2689 3474 καὶ
2751 3419 2927 3481 ἀνόεις
2988 3420 3259 3493 ὀρθότατα
3312 3421 3412 3489 τὴν
3445 3416 3761 3495 ὁδοιπορίαν

2108 3517 2208 3581 τῆς
2264 3509 2515 3579 πίστεως,
2544 3509 2635 3563 καὶ
2673 3508 2800 3569 τοὺς
2841 3508 3125 3571 τοιοὺτους
3167 3509 3259 3564 καὶ
3310 3507 3535 3583 ἐγγίζειν
3569 3509 3761 3581 ἀξιοῖς,

2109 3600 2201 3656 καὶ
2258 3597 2542 3673 ὑπανὲχειν
2602 3619 2660 3652 σε
2692 3642 2705 3667 ,
2767 3598 2855 3652 καὶ
2918 3595 3351 3673 προσάπτεσθαι.
3416 3596 3646 3669 Ἀναξίῳ
3706 3594 3763 3651 δὲ

2112 3688 2212 3745 οὐκ
2266 3685 2377 3743 ἔστι
2436 3690 2779 3761 προσψαῦσαι
2834 3690 2951 3744 σοῦ.
3014 3685 3250 3757 καθάπερ
3283 3682 3397 3741 οὐδ’
3429 3684 3634 3756 ἐκείνης
3665 3692 3763 3757 τῆς

2109 3776 2163 3833 ἐν
2227 3777 2381 3848 τύπῳ
2437 3770 2719 3842 κιϐωτοῦ,
2796 3768 3312 3851 αἰχμαλωτισθῆναι
3396 3776 3579 3848 μέντοι
3645 3777 3764 3831 κατ’

2109 3864 2342 3937 ἐκείνην,
2391 3865 2481 3919 καὶ
2529 3863 2843 3939 ἀπαχθῆναι
2903 3863 2979 3926 εἷς
3040 3862 3361 3939 ἀλλοτρίου.
3421 3866 3532 3920 Τοῦ
3562 3865 3762 3927 παντὸς

2110 3953 2169 4011 δὲ
2218 3954 2451 4030 εἰσάγεις
2492 3954 2581 4008 καὶ
2637 3954 2883 4029 συνάγεις
2935 3953 3073 4028 πρὸς
3135 3954 3262 4009 Θεὸν
3319 3954 3382 4009 τὸ
3430 3953 3531 4022 τὴν
3580 3953 3760 4010 πίστιν

2108 4042 2444 4118 ἀλλότριον,
2491 4044 2582 4097 καὶ
2642 4043 2787 4118 ἄγεις
2843 4043 2971 4105 τοὺς
3039 4042 3434 4120 ἀφισταμένους
3499 4041 3575 4104 εἷς
3625 4046 3762 4098 Θεοῦ

2109 4133 2438 4204 οἰκειότητα,
2492 4132 2581 4186 καὶ
2638 4133 2739 4200 τὴν
2770 4136 2866 4185 τοῦ
2900 4135 3032 4186 Θεοῦ
3063 4130 3236 4198 αὐλὴν
3297 4125 3587 4205 προϐάτων
3619 4130 3766 4202 πλη-

2108 4226 2245 4297 ροῖς⁴
2306 4223 2438 4297 ἅπερ
2470 4220 2587 4296 εἶχε
2622 4220 2715 4293 μὲν
2748 4221 2875 4281 Θεὸς
2906 4220 2934 4274 6
2971 4221 3134 4296 μέγας
3162 4221 3398 4293 ποιμήν,
3434 4213 3540 4274 ἔσω
3572 4216 3629 4275 δὶ
3660 4227 3762 4290 τῆς

2108 4310 2315 4367 ἐκείνου
2347 4309 2520 4375 αὐλῆς
2570 4308 2724 4364 οὕπω
2755 4309 3115 4383 προέκυπτον.

2177 4403 2275 4471 κζ’.
2331 4402 2617 4477 Ἀρχιερεῦ
2694 4399 2938 4454 θειότατε
3000 4399 3091 4453 καὶ
3170 4397 3467 4475 σοφώτατε·
3531 4388 3596 4465 ἦν
3674 4398 3763 4451 ὅτε

2106 4490 2196 4545 καὶ
2257 4489 2320 4544 σὺ
2375 4488 2580 4559 ταύτης
2638 4488 2981 4564 συνεφήπτου
3035 4491 3136 4554 τῆς
3195 4483 3459 4559 κιϐωτοῦ,
3519 4486 3761 4557 ὁπηνίκα

2105 4578 2352 4652 πόλεμος
2420 4576 2695 4651 ἐκροτεῖτο
2770 4575 3139 4649 πνευματικῆς
3216 4575 3585 4645 συζητήσεως,
3669 4572 3760 4629 καὶ

2105 4670 2170 4737 ἦν
2220 4669 2248 4722 6
2305 4667 2635 4738 ταττόμενος
2683 4664 2774 4719 καὶ
2828 4665 3427 4742 ἀντιπαραταττόμενος
3474 4661 3757 4737 ἑτέρωθεν,

2107 4756 2199 4811 καὶ
2247 4757 2283 4826 ἡ
2332 4750 2567 4817 κιϐωτὸς
2627 4752 2942 4828 ἔπεξήγετο,
2998 4753 3089 4808 καὶ
3142 4752 3402 4827 (κκθάπερ
3460 4751 3526 4821 ἦν
3586 4751 3760 4822 ὃσιον)

2108 4838 2581 4917 συνεπελαμϐάνου
2632 4843 2724 4897 καὶ
2791 4841 2951 4904 αὐτὸς
2986 4885 3000 4909 ,
3086 4841 3176 4897 καὶ
3241 4841 3415 4911 ὀρθῶς
3496 4835 3761 4916 βεϐηκυίᾳ

2107 4933 2539 5008 συμπαρίστασο.
2600 4931 2702 4987 Καὶ
2765 4932 3117 5006 κατωρθοῦτο
3174 4931 3237 4985 τὸ
3295 4934 3421 4999 πᾶν,
3474 4933 3613 4985 Θεοῦ
3673 4948 3759 4983 σο·

2107 5023 2355 5102 φίζοντος
2412 5022 2504 5077 τὸν
2535 5018 2908 5095 αὐτοκράτορα
2939 5019 3069 5094 ὑπὲρ
3096 5018 3222 5081 τοὺς
3283 5019 3448 5073 αὐτοῦ
3500 5016 3756 5093 ἐχθροὺς,

2103 5111 2241 5178 καθά
2282 5132 2387 5166 που
2439 5108 2639 5184 ψάλλει
2700 5103 2885 5163 Δαϐίδ·
2938 5108 3029 5171 καὶ
3086 5110 3148 5163 τὸ
3178 5108 3480 5183 ἀντίμαχον
3513 5102 3753 5162 ἔπιπτεν.

2104 5204 2235 5260 Ὅτε
2262 5200 2351 5256 καὶ
2393 5201 2455 5254 σὺ
2514 5199 2608 5273 μὲν
2656 5196 2849 5277 σοφίας
2907 5192 3140 5260 ἄϐυσστς
3200 5194 3294 5269 ὣν,
3352 5196 3442 5252 καὶ
3495 5196 3627 5251 αὐτὸ
3688 5192 3753 5263 δὴ

2103 5294 2262 5346 τοῦτο
2294 5288 2467 5363 λόγου
2500 5285 2588 5343 διὰ
2632 5289 2694 5342 τὸ
2741 5294 2840 5357 τῆς
2892 5285 3205 5360 ἐπιστήμης
3260 5288 3447 5361 περιὸν
3495 5283 3755 5362 ἐφθέγγου

2103 5379 2171 5435 τὰ
2196 5382 2299 5434 τοῦ
2329 5382 2480 5433 Θεοῦ·
2543 5376 2651 5451 οὐχ
2706 5375 2902 5445 ἥκιττα
2948 5372 3006 5429 δὲ
3060 5375 3152 5430 καὶ
3208 5376 3236 5429 6
3299 5375 3551 5451 μέγιστος
3606 5373 3755 5447 βασι-

2105 5465 2231 5530 λεὺς
2279 5471 2601 5544 Ἐρμαῖκαῖς
2647 5462 2921 5538 ἐνέλαμπε
2979 5462 3192 5540 χάρισι,
3255 5460 3491 5537 μάλιστα
3552 5458 3610 5515 δὲ
3659 5458 3756 5534 (εί-

2105 5562 2225 5612 πεῖν
2283 5554 2638 5628 οῗκειότατον)
2670 5553 2738 5622 ἦν
2768 5552 2844 5614 ὡς
2904 5551 3081 5625 στόμα
3134 5555 3289 5607 Θεοῦ·
3351 5549 3414 5606 οὗ
3461 5549 3621 5624 μόνον
3679 5548 3756 5610 οἷς

2106 5644 2283 5716 ἀξίους
2344 5642 2525 5718 ἐξῆγεν
2574 5640 2627 5713 ἐξ
2666 5639 2894 5711 ἀναξίων
2925 5639 3063 5696 κατὰ
3089 5640 3152 5694 τὸ
3203 5641 3441 5714 Γράμμα
3466 5639 3527 5693 τὸ
3589 5635 3752 5713 ἱερὸν,

2103 5731 2250 5789 ἀλλὰ
2277 5733 2366 5788 καὶ
2397 5732 2477 5794 οἶς
2508 5729 2696 5787 ἐλάλει
2718 5729 2907 5806 σοφίαν
2937 5733 3018 5802 τῷ
3048 5729 3302 5803 στόματι,
3334 5728 3425 5783 καὶ
3452 5731 3522 5803 τῇ
3557 5723 3754 5802 μελέτῃ

2102 5825 2201 5894 τῆς
2241 5818 2465 5902 καρδίας
2496 5818 2730 5877 σύνεσιν.
