4060 6380
221 436 344 501 965

1140 436 1579 503 ALLOCUTIO
1625 438 1728 501 AD
1773 433 2216 502 MANUELEM
2259 439 2722 502 COMNENUM.

3515 447 3634 510 966

297 576 402 640 κη’.
438 567 514 623 Σὺ
571 566 648 641 δὲ,
706 569 751 623 ὧ
806 568 1045 625 θειότατε
1102 571 1378 647 ἀρχιερεῦ,
1434 570 1524 625 καὶ
1580 569 1740 625 εἰσέτι
1788 573 1876 624 νῦν

2056 572 2145 625 28.
2179 571 2265 627 Tu
2295 587 2452 640 vero,
2503 588 2536 627 ο
2589 571 2960 629 divinissime
3011 573 3288 645 pontifex,
3326 592 3631 650 nunquam

225 659 517 733 ὑπανέχων
564 656 626 712 οὐ
673 658 820 733 παύῃ
857 658 1056 730 ταύτην
1104 661 1203 728 τὴν
1244 655 1478 715 κιϐωτὸν
1509 659 1598 714 καὶ
1627 663 1744 723 τοῖς
1775 657 1869 733 έχ-

219 748 374 822 θροῖς
424 745 692 823 ἐπεξάγων
751 746 948 819 αὐτὴν,
1001 750 1083 809 οἷς
1135 748 1265 822 ὑπὲρ
1325 749 1492 803 αὐτοῦ
1537 749 1631 810 τὰς
1679 753 1870 823 χεῖρας

223 838 384 910 ὑψοῖς
433 835 509 897 εἲς
561 835 708 904 Θεὸν,
759 836 849 890 καὶ
895 841 1012 898 τοῖς
1063 836 1322 898 ἐναντίοις
1373 837 1697 912 ἀπρόμαχον
1737 847 1867 900 καθ-

221 930 410 996 ιστᾷς,
468 923 559 979 καὶ
636 924 852 998 κράζειν
926 922 1054 987 τοὺς
1115 923 1466 1003 ἀλλοφύλους
1522 929 1717 986 ποιεῖς.
1775 923 1867 987 Τίς

217 1016 366 1088 ἡμᾶς
424 1013 484 1068 ἐκ
540 1012 735 1068 τούτου
788 1016 886 1067 τοῦ
942 1007 1176 1090 φοϐεροῦ
1233 1013 1322 1069 καὶ
1383 1012 1565 1078 έιθέου
1603 1013 1869 1088 αὐτοκρά-

217 1124 380 1178 τορος
415 1102 627 1179 ῥύσεται
661 1121 676 1171 ;
705 1100 928 1162 Ὁποίας
959 1099 1023 1172 δή
1057 1123 1206 1164 τινας
1232 1101 1402 1158 πάλαι
1429 1103 1518 1157 καὶ
1551 1105 1584 1172 ἡ
1631 1098 1865 1164 κιϐωτὸς

219 1191 393 1263 ἐκείνη
425 1191 607 1268 φωνὰς
636 1195 751 1253 τοῖς
785 1190 1134 1268 ὲτεροφύλοις
1156 1187 1482 1249 ὑπέϐαλλεν.

294 1283 393 1338 κθ’.
452 1282 518 1335 Ὢ
574 1273 808 1341 κιϐωτὸς
867 1278 1026 1350 αὕτη,
1086 1280 1214 1334 Θεὸν
1277 1279 1367 1336 καὶ
1422 1282 1490 1334 τὰ
1548 1282 1663 1334 θεῖα
1721 1277 1869 1336 ἔνδον

221 1370 300 1434 εἷς
349 1372 573 1443 μνήμην
623 1364 1039 1424 ἀδιασκέδαστον
1088 1369 1352 1444 στέγουσα
1398 1371 1410 1425 ί
1461 1371 1528 1424 Ὠ
1577 1371 1866 1442 κοσμοσώ-

215 1480 368 1536 τειρα
425 1453 658 1520 κιϐωτὸς
694 1500 708 1526 ,
768 1456 896 1520 τοὺς
945 1461 1053 1512 τῶν
1110 1457 1280 1512 ὅντων
1341 1456 1542 1533 λόγους
1598 1457 1869 1533 ἐμπεριει-

219 1547 429 1626 ληφυῖα
471 1546 738 1617 θειότατα,
782 1543 874 1600 ’ίνα
909 1567 962 1601 τι
1008 1546 1097 1600 καὶ
1137 1553 1236 1617 τῆς
1264 1546 1450 1623 ἑτέρας
1479 1545 1705 1601 ἐνταῦθα
1734 1567 1867 1620 φαν-

215 1637 468 1709 τάσωμαι
499 1630 760 1706 κιϐωτοῦ,
795 1632 861 1688 δι’
889 1633 956 1704 ἧς
987 1634 1188 1706 ταύτης
1219 1637 1384 1708 ἡμεῖς
1415 1633 1689 1696 πολλάκις
1736 1632 1866 1689 κλυ-

218 1723 429 1799 δασμοῦ
477 1729 719 1799 ψυχικοῦ
769 1721 1176 1797 διασεσώσμεθα
1247 1724 1595 1799 κρείττονεςι
1653 1724 1719 1777 Ὦ
1774 1744 1864 1777 κι-

217 1811 412 1887 ϐωτὸς,
465 1816 691 1887 μνήμης
711 1813 977 1868 ἀποθέτου
1023 1818 1244 1885 ταμεῖον
1279 1806 1731 1867 ἀνεπιϐούλευτον
1759 1813 1770 1868 ί
1803 1812 1863 1865 Τί

215 1902 336 1974 δὲὴ
396 1905 516 1980 ἱερά
571 1897 807 1964 κιϐωτὸς
864 1901 998 1969 αὕτη
1032 1921 1046 1971 ;
1078 1901 1151 1956 Τὰ
1213 1902 1306 1976 μὲν
1363 1901 1510 1964 ἐντὸς
1561 1900 1724 1955 οὕτω
1772 1900 1860 1955 καὶ

325 1963 336 1974 .
448 1963 458 1980 .
796 1963 803 1964 κ
987 1963 998 1969 -
1035 1963 1045 1971 .
1213 1963 1224 1976 .

211 1991 439 2048 πλακῶν
470 1987 784 2068 ἐμϐρίθειαν
831 1991 1006 2066 στέγει
1054 1994 1163 2045 τῶν
1216 1989 1586 2058 θεοπλάστων,
1619 1989 1709 2044 καὶ
1741 2009 1866 2044 στα-
1896 1963 1944 2028 Β

221 2079 476 2156 μνοδοκεῖ
522 2082 625 2150 τὴν
670 2087 907 2156 χρυσῆν,
957 2079 1047 2134 καὶ
1109 2084 1439 2156 μαννοφορεῖ
1485 2080 1546 2133 τὸ
1591 2077 1861 2151 οὐράνιον.

218 2174 300 2229 Τὰ
325 2169 382 2226 δὲ
413 2170 564 2234 ἐκτὸς
615 2169 712 2224 οὐκ
759 2163 875 2244 ἔχει
927 2174 1046 2230 τοῖς
1095 2165 1243 2222 ἔνδον
1296 2167 1602 2243 ὁμότροπα.
1655 2165 1753 2238 Εἷή
1802 2166 1861 2222 ἂν

218 2265 378 2316 τοῦτο
409 2260 496 2315 καί
532 2258 917 2330 διανοήσασθαι
947 2257 1110 2331 μόνον
1145 2255 1362 2333 ἀνδρὸς,
1392 2255 1514 2312 οὔτε
1543 2254 1730 2319 ἄλλως
1789 2256 1866 2319 εἷς

218 2349 428 2406 τελείαν
478 2349 633 2427 φύσιν
685 2346 1086 2420 διοικουμένου,
1141 2342 1520 2422 βεϐλαμμένου
1573 2344 1629 2400 δὲ
1667 2347 1757 2402 καὶ
1789 2345 1866 2409 εἷς

216 2441 314 2504 τὰς
359 2439 542 2501 ἀκοάς.
592 2437 845 2508 Ἀληθῶς
893 2436 995 2511 γὰρ
1045 2436 1132 2491 καὶ
1190 2434 1415 2490 ἰνταῦθα
1456 2438 1491 2505 ἡ
1521 2440 1618 2491 τοῦ
1653 2434 1864 2512 βασιλι-

215 2533 312 2584 κοῦ
343 2529 468 2590 νοὸς
517 2527 770 2598 ἀποθήκη
827 2527 944 2588 τοῖς
990 2530 1224 2602 καρποῖς
1269 2527 1366 2580 τοῦ
1410 2524 1724 2598 ΙΙνεύματος
1777 2524 1863 2600 βέ-

213 2613 418 2694 ϐριθεν,
477 2619 561 2679 οἷς
609 2615 775 2684 αὐτὴν
835 2614 1086 2689 οὐράνιος
1143 2612 1415 2687 Ξμέστωσε
1464 2613 1726 2690 γεωργὸς,
1775 2613 1865 2667 καὶ

1981 673 2178 716 cessas
2212 659 2389 717 istam
2437 659 2725 716 sustinere
2773 677 2967 717 arcam
2998 666 3055 716 et
3103 662 3378 719 adversus
3432 663 3632 722 hostes

1978 763 2106 803 eam
2138 749 2448 818 adducere,
2481 765 2695 804 manus
2728 766 2830 820 pro
2872 749 3004 821 ipsa
3030 751 3099 804 ad
3155 750 3339 806 Deum
3373 753 3627 826 erigens,

1979 851 2204 892 necnon
2233 837 2491 894 inimicis
2522 837 2976 910 insuperabilem
3025 840 3273 910 opponis
3319 845 3376 897 ct
3415 843 3624 899 vocife-

1977 924 2092 979 rari
2124 925 2347 981 alienos
2407 926 2588 982 facis:
2624 949 2652 976 «
2712 926 2852 992 Quis
2885 944 2991 984 nos
3047 929 3118 982 ab
3177 929 3289 984 isto
3321 932 3624 988 tremendo

1977 1029 2152 1084 quem
2210 1015 2363 1070 Deus
2419 1017 2658 1086 adjuvat
2711 1015 3061 1088 imperatore
3110 1017 3321 1072 eruet?
3368 1041 3396 1068 »
3456 1019 3624 1076 Talea

1977 1105 2274 1173 quondam
2307 1121 2440 1159 arca
2469 1105 2569 1160 illa
2624 1105 2908 1160 clamores
2939 1105 3148 1162 alienis
3206 1108 3476 1177 gentibus
3521 1111 3621 1166 ob-

1969 1191 2131 1262 jecit.

2046 1280 2137 1336 29.
2171 1281 2216 1335 O
2263 1299 2397 1338 arca
2441 1281 2540 1337 illa
2590 1286 2767 1336 Deum
2821 1282 3136 1354 divinaque
3167 1282 3228 1339 in
3278 1287 3624 1343 memoriam

1975 1367 2350 1425 indelebilem
2384 1371 2704 1426 recondens
2730 1370 2741 1424 !
2765 1370 2808 1426 Ο
2836 1387 2970 1426 arca
2991 1373 3194 1426 mundi
3221 1375 3518 1443 servatrix,
3545 1393 3625 1432 re-

1977 1473 2107 1512 rum
2141 1475 2444 1514 sermones
2468 1458 2749 1514 divinitus
2770 1460 3170 1526 continens,ut
3191 1461 3331 1533 quid
3353 1463 3529 1519 etiam
3553 1466 3627 1520 de

1975 1545 2158 1602 altera
2179 1563 2314 1604 arca
2336 1548 2431 1603 hic
2449 1548 2756 1603 ostendam
2778 1564 2879 1619 per
2901 1565 3078 1619 quam
3097 1549 3313 1622 sapius
3331 1551 3627 1624 spirituali

1975 1635 2194 1691 diluvio
2219 1636 2422 1691 intacti
2444 1637 2740 1692 evasimus
2765 1635 2776 1690 l
2799 1637 2843 1692 Ο
2865 1653 3000 1692 arca
3020 1641 3145 1693 tuta
3163 1640 3404 1711 repositi
3425 1641 3628 1714 pigno-

1974 1724 2055 1779 ris
2093 1724 2298 1780 thecal
2332 1726 2478 1790 Quid
2513 1730 2710 1781 autem
2743 1725 2873 1797 ipsa
2904 1743 3038 1780 arca
3091 1729 3343 1783 sancta?
3373 1730 3628 1788 Interius

1975 1817 2248 1869 contenta
2279 1815 2400 1870 haec
2449 1820 2624 1869 sunt:
2677 1814 3013 1870 tabularum
3047 1832 3080 1869 a
3133 1816 3242 1872 Deo
3273 1818 3628 1889 scriptarum

1974 1905 2347 1959 sanctitatem
2379 1905 2608 1976 retegit,
2639 1921 2740 1959 vas
2790 1920 3058 1972 aureum,
3106 1922 3436 1977 mannaque
3467 1907 3631 1965 ccele-

1975 1999 2082 2047 ste.
2110 1991 2405 2047 Exteriore
2430 1996 2627 2047 autem
2675 2008 2791 2046 non
2842 1991 3061 2048 habent
3107 1993 3356 2051 internis
3387 1995 3626 2054 similia.

1975 2079 2125 2135 Illud
2157 2080 2380 2135 homini
2409 2081 2506 2136 vix
2553 2081 2726 2136 datur
2784 2080 3109 2153 excogitare
3147 2082 3246 2154 qui
3304 2100 3339 2138 a
3373 2087 3630 2156 perfecta

1975 2175 2183 2226 natura
2241 2168 2492 2236 alienus,
2551 2186 2655 2224 nec
2703 2169 2862 2225 sanis
2909 2170 3151 2226 auribus
3209 2173 3443 2244 gaudet.
3476 2175 3626 2232 Nam

1975 2276 2105 2314 vere
2136 2257 2234 2313 illa
2265 2258 2483 2313 mentis
2534 2257 2705 2329 regia;
2757 2275 2891 2312 arca
2920 2258 3168 2329 Spiritus
3219 2261 3506 2319 fructibus
3536 2280 3626 2320 re-

1976 2348 2123 2404 ferta
2152 2351 2260 2414 est,
2295 2347 2510 2419 quibus
2541 2363 2668 2402 eam
2702 2345 2956 2402 scelestis
2989 2346 3232 2419 replevit
3263 2350 3538 2421 agricola,
3571 2356 3630 2409 et

1973 2437 2162 2509 ipsius
2186 2440 2376 2492 totum
2409 2435 2778 2507 splendorem
2829 2436 3209 2492 manifestum
3241 2440 3518 2508 ostendit,
3543 2441 3628 2498 ita

1975 2529 2039 2580 ut
2064 2524 2252 2597 gratia
2281 2541 2390 2580 sua
2419 2523 2618 2580 oculos
2650 2525 2721 2579 ad
2753 2541 2815 2579 se
2845 2529 3162 2592 convertat,
3196 2529 3254 2581 et
3283 2543 3457 2584 aures
3487 2543 3630 2600 gau-

1975 2614 2153 2670 deant
2181 2614 2250 2668 ad
2287 2614 2461 2668 verba
2493 2611 2628 2667 hinc
2661 2611 2886 2684 prolata
2915 2616 3168 2669 attenta.

209 2706 272 2759 τὸ
300 2704 506 2775 ταύτης
537 2702 594 2760 δὶ
622 2703 1084 2782 προσφαινόμενον
1116 2703 1252 2758 ἅπαν
1278 2700 1550 2779 τηλαυγὲς
1578 2702 1890 2779 προφαίνει,
1919 2702 2009 2756 καὶ
2042 2702 2156 2756 οἷον
2187 2699 2282 2763 τάς
2309 2721 2369 2754 τε
2397 2695 2546 2773 ὄψεις
2577 2697 2910 2776 ἐπιστρέφειν
2953 2703 3021 2773 τῇ
3075 2702 3284 2775 χάριτι,
3339 2703 3425 2757 καὶ
3460 2701 3628 2767 ἀκοὰς

217 2791 276 2848 δὲ
304 2793 517 2870 χαίρειν
553 2789 1047 2866 ἀναπεταννυμένας
1080 2793 1216 2866 πρὸς
1245 2792 1313 2846 τὰ
1343 2789 1541 2845 ἐκεῖθεν
1575 2789 1908 2863 ἀκούσματα.

288 2901 354 2959 λ’.
385 2903 524 2959 ’Ὀσα
583 2901 677 2974 μὲν
736 2899 827 2955 οὖν
887 2903 922 2970 ἠ
984 2898 1160 2978 φύσις,
1211 2897 1394 2974 ἄριστε
1440 2897 1666 2974 βασὶλεῦ
1699 2943 1714 2969 ,
1756 2898 1863 2971 ἀμ-

218 2992 276 3069 φὶ
308 2991 365 3044 σε
395 2989 702 3068 φιλοτίμως
749 2989 1089 3065 ήσχόληται,
1139 2988 1230 3043 καὶ
1280 2987 1405 3043 ὅσον
1452 2987 1621 3057 αὐτῆς
1661 2987 1723 3042 τὸ
1773 3008 1864 3042 πε-

217 3079 271 3151 ρὶ
303 3078 360 3132 σὲ
390 3077 794 3153 φιλοτέχνημα,
845 3073 990 3132 ἔσται
1043 3098 1136 3150 μοι
1185 3075 1631 3155 καλλιγραφῆσαι
1676 3077 1863 3152 καιρὸς

212 3164 416 3242 ἕτερος.
469 3167 547 3225 Οὐ
596 3166 699 3242 γὰρ
742 3164 920 3237 δήπου
967 3166 1029 3220 τὸ
1079 3164 1365 3240 ἀπόδημον
1413 3160 1754 3242 βαρϐαρώσει
1796 3167 1865 3220 τὰ

210 3256 330 3311 κατ’
361 3255 478 3329 ἐμὶ,
531 3256 606 3316 ὡς
649 3256 823 3326 πάντη
877 3253 1147 3309 ἐπιλιπεῖν
1197 3255 1266 3309 τὰ
1303 3257 1398 3308 τοῦ
1431 3252 1598 3328 λόγου
1629 3253 1862 3331 χρώμα-

209 3366 302 3410 τα,
355 3342 425 3398 δι’
467 3342 540 3398 ὦν
601 3338 790 3419 ἔχοίμι
841 3343 899 3398 ἂν
955 3344 1401 3419 καταγράψασθαι
1429 3343 1491 3397 τὸ
1521 3339 1730 3406 κάλλος
1757 3347 1863 3397 τῶν

2043 2900 2132 2954 30.
2183 2901 2478 2964 Quantum
2529 2914 2665 2970 ergo
2723 2902 2954 2966 natura,
3013 2899 3233 2971 optime
3290 2899 3625 2974 imperator,

1973 2987 2128 3042 circa
2159 2991 2213 3042 te
2264 2987 2538 3041 munifice
2587 2986 2892 3054 laboravit,
2952 2992 3242 3059 quantum
3301 2989 3430 3059 ejus
3477 2989 3538 3044 in
3568 2993 3628 3047 te

1973 3076 2304 3132 dilectionis
2335 3093 2503 3148 opus,
2529 3076 2640 3132 erit
2669 3074 2815 3130 mihi
2843 3075 2954 3131 alio
2985 3081 3246 3148 tempore
3266 3083 3435 3152 grata
3464 3095 3628 3135 enar-

1973 3167 2140 3222 randi
2190 3167 2436 3222 occasio.
2499 3172 2812 3238 Nunquam
2875 3167 3032 3222 enim
3090 3167 3373 3225 distantia
3421 3187 3514 3226 me
3545 3170 3626 3226 ita

1971 3255 2287 3310 barbarum
2319 3255 2533 3311 efﬁciet
2565 3261 2629 3310 ut
2675 3256 2913 3311 omnino
2964 3258 3228 3313 deseram
3273 3259 3620 3332 eloquentiae

1972 3343 2192 3400 colores
2241 3345 2458 3416 quibus
2505 3343 2820 3416 depingam
2871 3344 3195 3401 oculorum-
3226 3346 3622 3419 pulchritudi-

210 3432 537 3509 ὀφθαλμῶν·
595 3433 658 3487 τὸ
708 3439 810 3502 τῆς
855 3431 974 3496 θέας
1023 3431 1309 3508 γαλήνιον·
1349 3431 1413 3487 τὸ
1441 3436 1540 3487 τοῦ
1563 3431 1862 3508 προσώπου

1978 3449 2132 3503 nem,
2191 3433 2355 3488 faciei
2412 3433 2834 3505 placiditatem,
2893 3433 3092 3490 vultus
3143 3435 3515 3507 splendorem
3564 3440 3625 3493 et

207 3523 302 3576 καὶ
364 3519 582 3594 λάμπον
641 3522 728 3576 καὶ
789 3521 1052 3596 ἡρωϊκόν·
1103 3523 1202 3590 τήν
1250 3518 1388 3591 ὃλην
1441 3519 1732 3597 εὐρυθμίαν
1763 3528 1862 3591 τῆς

203 3615 310 3666 τοῦ
363 3610 615 3684 σώματος
663 3610 1040 3686 ἀκροπόλεως,
1083 3611 1144 3679 ἣν
1192 3611 1220 3665 ὁ
1269 3608 1492 3684 ὕψιστος
1543 3611 1672 3673 Θεὸς
1703 3609 1865 3685 ἰπύρ-

205 3721 382 3776 γωσεν
442 3702 578 3773 ἡμῖν
638 3699 715 3764 εἷς
769 3698 1084 3774 ἀσφάλειαψ
1134 3700 1233 3768 τὴν
1284 3703 1391 3754 τῶν
1447 3700 1675 3774 στέρνων
1703 3701 1865 3754 καθα-

207 3788 365 3863 περεὶ
423 3790 513 3844 καὶ
571 3786 791 3850 λέοντος
825 3789 1092 3865 εὐρύτητα
1136 3790 1224 3844 καὶ
1280 3788 1720 3862 στερεμνιότητα·
1763 3789 1863 3858 τὴν

205 3881 323 3934 τῶν
352 3881 556 3954 χειρῶν
589 3877 855 3949 εὐτονίαν,
890 3878 950 3942 ἅς
976 3876 1038 3932 οὐ
1093 3877 1258 3951 μόνον
1303 3878 1377 3939 ὡς
1426 3878 1709 3940 Δαυϊτικᾶς
1758 3882 1865 3932 νοῶ

216 3967 520 4043 βραγίονας
547 3967 858 4039 τεθειμένας
890 3965 968 4028 εἷς
997 3965 1150 4037 τόξον
1206 3964 1453 4040 χαλκοῦν
1500 3966 1559 4020 ἐκ
1589 3971 1742 4033 Θεοῦ,
1777 3964 1866 4020 ὅτε

211 4058 337 4111 κατ’
386 4054 594 4131 ἐχθρῶν
647 4054 952 4128 στεινόμεναι
991 4056 1261 4126 θανάσιμα
1321 4051 1657 4129 βάλλουσιν·
1718 4051 1866 4108 ἀλλὰ

210 4146 642 4219 προσεπιθεωρῶ
689 4144 856 4206 αὐτὰς
906 4142 995 4197 καὶ
1045 4141 1246 4218 ὄργανα
1296 4141 1578 4211 ποιούσας,
1628 4142 1720 4196 καὶ
1769 4140 1862 4196 δα-

207 4232 436 4294 κτύλοις
471 4233 846 4309 ἁρμοττούσας
877 4230 1156 4306 ψαλτήρια
1211 4227 1418 4285 εὐλαλα
1463 4235 1650 4300 ταῦτα,
1682 4230 1860 4304 γλώσ-

208 4343 306 4384 σας
332 4327 439 4378 τῶν
493 4321 765 4392 ὑπηκόων·
820 4323 902 4386 οἷς
950 4321 1111 4383 αὐτὸς
1170 4320 1263 4393 μὲν
1316 4318 1391 4381 είς
1441 4319 1566 4382 τοὺς
1617 4321 1749 4395 ὑπὲρ
1797 4322 1863 4390 ἡ-

208 4417 333 4486 μῶν
377 4413 657 4484 καμάτους
701 4410 1038 4487 καταρτίζεις
1091 4409 1186 4472 τὰς
1241 4414 1451 4484 χεῖρας,
1484 4408 1572 4464 καὶ
1617 4409 1720 4463 ὑπὸ
1771 4406 1864 4464 ὃα-

199 4498 396 4575 κτύλῳ
443 4506 576 4557 Θεοῦ
623 4499 750 4564 τοὺς
801 4499 928 4564 σοὺς
977 4497 1276 4560 δακτύλους
1329 4502 1595 4574 τεχνικῶς
1655 4496 1864 4572 ἐπιμε-

206 4589 379 4667 ρίζεις
429 4595 549 4653 ταῖς
591 4589 834 4665 πράξεσι,
885 4589 975 4644 καὶ
1016 4589 1092 4649 εἰς
1149 4585 1411 4664 ἁρμονίαν
1469 4589 1617 4662 ἄγεις
1643 4589 1706 4642 τὸ
1737 4593 1860 4646 πᾶν.

203 4679 366 4734 αὐτοὶ
417 4677 473 4733 δὲ
523 4677 835 4751 μελῳδοῦσι
888 4679 956 4734 τὰ
1003 4679 1318 4751 νικητήρια,
1370 4676 1436 4731 τὰ
1479 4679 1813 4754 χαριστήρια
1846 4721 1860 4748 ,

205 4771 305 4827 καὶ
337 4769 614 4844 ψαλτήρια
641 4771 880 4848 γίνονται
911 4769 1205 4843 ἐμμέλειαν
1240 4769 1641 4846 ἁρμοττόμενα,

281 4875 382 4932 λα’.
438 4875 661 4934 Τούτων
736 4877 830 4948 μὶν
915 4877 1030 4946 οὗν,
1090 4872 1223 4950 ὅπερ
1279 4874 1368 4928 καὶ
1423 4872 1628 4948 φθάσας
1679 4875 1854 4945 εἶπον,

197 4965 389 5041 ἕτερός
451 4989 542 5036 μοι
606 4967 742 5038 πρὸς
803 4962 1203 5041 καλλιγραφίαν
1268 4959 1604 5033 ἀνακλητέος
1658 4964 1866 5036 καιρὸς,

199 5055 377 5110 δι’ὧν
431 5057 484 5110 αἱ
533 5053 684 5128 ὄψεις
733 5051 984 5108 ἕλκονται
1037 5059 1152 5113 τοῖς
1201 5051 1276 5112 εἰς
1307 5052 1369 5106 τὸ
1405 5050 1684 5126 βασιλικὸν
1745 5051 1868 5106 ἀνά-

204 5165 403 5217 μνημα
459 5141 877 5219 ἐντρανίζουσιν,
912 5140 946 5195 ἃ
990 5137 1056 5209 δὴ
1117 5142 1208 5194 καὶ
1259 5138 1385 5200 τοὺς
1439 5137 1865 5211 ἰνωτιζομένους

202 5233 540 5288 ἐπισπῶνται
573 5233 661 5287 καὶ
697 5231 995 5306 ἀναρτῶσιν
1029 5231 1142 5284 οἷον
1186 5235 1286 5298 τῆς
1333 5227 1525 5297 ἀκοῆς.
1560 5227 1719 5283 Ἀλλ’
1749 5227 1864 5284 οὐδ’

199 5319 432 5376 ἐνταῦθοὶ
491 5343 586 5395 μοι
632 5318 903 5389 λαλητέον
964 5315 1321 5391 μακρά,ἔνθα
1370 5317 1433 5371 τὸ
1491 5316 1861 5391 ἀκροατήριον

197 5410 330 5472 τοὺς
362 5411 563 5486 Λόγους
596 5408 919 5484 ἁρπάζουσι,
951 5406 1041 5462 καὶ
1071 5403 1232 5461 τοῦτό
1289 5427 1352 5481 γε
1400 5402 1648 5460 ἀδικοῦσι
1696 5428 1864 5480 πανη-

197 5499 492 5574 γυρίζοντα
535 5499 764 5576 ῥήτορα,
797 5497 854 5550 εὗ
913 5496 1006 5569 μὲν
1055 5493 1242 5558 ἄλλως
1293 5498 1599 5560 ποιοῦντες,
1649 5495 1732 5550 ὅτι
1783 5501 1863 5570 τῷ

202 5586 498 5661 εὐμουσίας
529 5585 679 5664 ἁδρῷ
711 5586 802 5642 καὶ
858 5583 1233 5663 πολυφθόγγῳ
1280 5583 1373 5639 τὸν
1428 5590 1530 5652 τῆς
1585 5585 1859 5660 ἡμετέρας

200 5674 350 5748 ᾠδῆς
391 5679 764 5755 ὑπερφωνοῦσι
797 5673 1125 5730 λεπτότατον
1178 5669 1396 5740 δόνακα,
1428 5668 1740 5735 ἀδικοῦντες
1803 5671 1860 5730 δὶ

201 5764 379 5841 ὅμως,
411 5766 494 5822 ὅτι
524 5765 614 5821 καὶ
649 5764 725 5828 εἷς
772 5766 836 5821 τὸ
888 5762 1150 5827 παντελὲς
1190 5764 1340 5837 ἡμᾶς
1393 5759 1856 5838 ἀποκρύπτουσιν.

1885 4813 1935 4878 D

1973 3523 2266 3578 heroicam
2298 3524 2644 3595 gravitatem
2673 3566 2686 3591 ,
2723 3527 2903 3578 totam
2935 3523 3117 3580 turris
3149 3526 3409 3597 corporis
3443 3542 3623 3598 quam

1974 3611 2302 3669 altissimus
2350 3612 2518 3668 nobis
2573 3612 2727 3668 Deus
2783 3614 2855 3668 ad
2897 3613 3078 3668 robur
3129 3614 3454 3685 aediﬁcavit,
3506 3613 3625 3670 exi-

1973 3703 2150 3759 miam
2181 3704 2684 3772 constitutionem,
2718 3703 2968 3775 pectoris
3002 3704 3072 3759 ad
3103 3704 3291 3760 instar
3320 3703 3506 3761 leonis
3535 3703 3625 3760 la-

1975 3793 2289 3848 titudinem
2323 3797 2380 3848 et
2427 3791 2815 3863 dignitatern;
2862 3807 3147 3848 manuum
3199 3792 3627 3848 concinentiam

1975 3897 2125 3952 quas
2157 3898 2271 3936 non
2319 3885 2549 3936 tantum
2599 3879 2760 3936 velut
2807 3880 3047 3936 Davidis
3105 3881 3294 3954 cogito
3325 3881 3564 3937 brachia
3594 3897 3630 3937 a

1976 3975 2088 4024 er
2112 3970 2170 4023 in
2195 3987 2396 4024 arcum
2417 3986 2630 4024 aereum
2652 3973 2856 4040 parata
2879 3971 3116 4041 quando
3137 3976 3339 4026 contra
3357 3970 3628 4027 inimicos

1973 4062 2206 4113 extenta
2238 4062 2483 4117 mortem
2534 4056 2835 4124 emittunt,
2883 4058 2984 4112 sed
3044 4059 3218 4112 etiam
3271 4059 3401 4114 illas
3435 4063 3630 4114 mente

1973 4145 2238 4216 concipio
2315 4162 2538 4214 organa
2614 4143 2917 4215 pulsantes
2974 4151 3032 4200 et
3103 4146 3303 4218 digitis
3360 4150 3629 4216 aptantes

1975 4235 2250 4305 psalteria
2279 4235 2427 4290 bene
2459 4233 2752 4295 sonantia,
2799 4233 3030 4305 linguas
3073 4234 3469 4303 subditorum,
3500 4235 3630 4306 qui-

1973 4324 2084 4378 bus
2117 4328 2173 4377 tu
2207 4323 2330 4394 ipse
2361 4339 2572 4377 manus
2604 4322 2675 4376 ad
2728 4323 2954 4378 labores
3004 4339 3108 4394 pro
3157 4323 3328 4379 nobis
3359 4323 3628 4396 aggredi-

1971 4413 2120 4468 endo
2153 4412 2582 4481 accommodas,
2614 4414 2672 4466 et
2722 4411 2832 4466 sub
2882 4411 3064 4484 digito
3094 4413 3193 4468 Dei
3247 4412 3463 4486 digitos
3492 4416 3627 4470 tuos

1972 4501 2246 4572 operibus
2280 4499 2490 4555 callide
2523 4498 2851 4570 «.lispartiris
2897 4503 2954 4556 et
2986 4517 3296 4556 numerose
3343 4500 3469 4574 agis
3499 4517 3626 4557 om-

1975 4591 2107 4656 nia;
2143 4589 2254 4661 ipsi
2287 4606 2421 4645 vero
2472 4587 2857 4645 modulantur
2906 4589 3284 4645 victoriarum
3340 4590 3624 4660 carmina,

1971 4679 2291 4751 gratiarum
2326 4678 2610 4745 actiones,
2638 4681 2696 4734 et
2718 4678 2992 4750 psalteria
3015 4678 3466 4736 ﬁunt‘mclodice
3489 4695 3629 4735 con-

1973 4767 2248 4822 cinentia.

2040 4874 2128 4928 31.
2165 4879 2380 4930 Horum
2415 4875 2618 4947 igitur,
2657 4879 2719 4930 ut
2748 4874 2911 4947 prius
2941 4875 3081 4942 dixi,
3117 4875 3302 4931 altera
3342 4874 3488 4930 mihi
3519 4873 3632 4935 erit

1977 4963 2047 5017 ad
2080 4963 2515 5032 depingendum
2576 4961 2920 5034 exoptabilis
2969 4963 3218 5031 occasio,
3267 4979 3396 5034 qua
3426 4960 3631 5018 oculos

1977 5051 2214 5122 quidem
2235 5053 2304 5106 ad
2322 5051 2576 5106 lucidam
2599 5050 2974 5122 imperatoris
2997 5051 3338 5106 memoriam
3361 5051 3629 5119 trahunt,

1976 5156 2148 5194 aures
2170 5144 2365 5194 autem
2387 5141 2833 5211 percipientium
2860 5138 3182 5209 voluptarie
3197 5138 3633 5211 pellectasdeti—

1975 5233 2309 5282 nent.Nunc
2330 5245 2462 5282 vero
2487 5228 2632 5282 mihi
2656 5245 2771 5283 non
2797 5228 3023 5281 diutius
3054 5230 3466 5283 disserendum
3491 5226 3631 5299 quia.

1973 5317 2271 5371 auditores
2291 5316 2526 5387 rapiunt
2546 5332 2845 5372 sermones
2868 5316 3165 5386 simulque
3186 5316 3524 5372 laudantem
3551 5315 3633 5371 of-

1972 5407 2219 5461 fendunt
2274 5410 2603 5470 oratorem,
2657 5414 2810 5460 recte
2867 5405 3103 5475 quidem
3161 5405 3440 5460 facientes
3489 5404 3630 5476 quia

1972 5499 2287 5550 concentus
2319 5493 2629 5549 concordia
2667 5497 2724 5548 et
2771 5493 3159 5549 consonantia
3205 5493 3626 5550 tenuissimum

1970 5584 2248 5638 carminis
2276 5581 2462 5637 nostri
2493 5582 2785 5638 calamum
2834 5572 3154 5652 superant;
3205 5582 3384 5638 simul
3426 5588 3624 5640 autem

1971 5672 2277 5728 offendunt
2302 5671 2440 5744 quia
2472 5689 2577 5727 nos
2609 5688 2849 5744 prorsus
2879 5675 3216 5728 obscurant.
