2030 3184
204 185 263 217 967

203 299 268 324 tum
283 302 384 323 vocem
399 293 527 321 breviter
538 291 737 325 memorando,
752 290 874 318 referam
890 298 1031 327 magnum

204 340 289 368 illum
299 341 408 367 coetum
420 337 455 365 ad
466 336 579 372 regium
589 335 650 363 ludi
662 334 935 371 magistrum,quem
949 335 1033 370 prius

201 386 266 422 jam
281 382 384 411 multis
400 381 497 409 modis
515 381 639 408 miratus
654 387 732 414 sum,
748 387 864 407 sacrum
881 378 1033 415 appellans

203 426 480 465 templum,quando
496 433 562 452 eum
573 424 707 452 videbam
718 423 806 459 pallio
817 423 956 450 indutum
968 431 1035 459 apo-

206 473 322 507 stolico,
338 471 475 500 omnibus
492 478 555 505 quae
572 470 686 497 animas
701 468 855 496 enutriunt
869 468 938 496 inde
952 476 1036 496 coru-

206 519 348 550 scantem,
365 515 449 543 bonis
466 514 605 541 omnibus
620 513 770 546 refertum,
789 512 894 540 animai
910 512 1035 539 nutrito-

209 570 281 596 rem,
320 560 383 588 vita:
422 560 566 590 datorem,
605 557 753 585 felicitatis
789 556 967 592 largitorem.
1004 556 1036 582 Et

210 614 319 634 manna
348 606 445 631 mente
482 602 679 636 concipiebam
717 601 830 628 molitus
862 601 1034 634 demissum,

211 650 376 686 pluensque
387 656 444 675 non
460 646 634 673 tantumisti
650 644 693 672 vel
714 644 757 671 illi
775 653 810 671 ex
821 644 968 680 gentibus,
985 644 1035 671 sed

208 694 326 730 populis
342 692 487 720 universis
503 691 610 725 quibus
627 689 677 717 Dei
694 692 762 717 nota
777 690 809 716 fit
824 689 971 725 potentia:
986 688 1036 724 qui

206 747 308 766 omnes
324 745 433 764 manna
448 736 537 770 hujus
553 735 616 762 cibo
630 734 714 769 potiti
727 736 805 765 sunt,
818 736 846 760 et
858 733 905 760 alii
919 733 1036 760 aliunde

207 784 394 811 acourrentes
411 781 446 807 ad
459 779 530 806 illud
543 778 774 813 recolligendum
790 778 995 805 laboraverunt
1009 780 1037 804 et

208 827 243 854 ad
259 826 437 854 tradendum
462 824 570 851 bonum
597 823 715 850 fuerunt
744 822 867 849 incitati.
894 822 962 849 Inde
979 830 1034 849 non

207 874 323 899 tantum
340 871 369 897 in
394 878 446 897 vas
476 868 625 904 quoddam
654 870 682 895 et
706 876 815 900 arcam,
837 875 921 894 suam
943 866 1037 902 ipsius

209 915 349 947 animam,
377 913 582 948 unusquisque
611 911 682 939 illud
708 911 841 944 immisit,
870 912 919 938 sed
947 911 1035 938 etiam

210 960 240 986 in
257 957 479 986 memorialibus
495 956 578 983 libris
594 955 819 990 inscripserunt,
834 958 866 982 ut
881 963 937 982 non
954 955 1035 982 Salo-

210 1010 278 1030 mon
293 1002 379 1029 modo
396 1003 513 1036 propter
536 1000 711 1035 sapientiam
736 999 916 1031 laudaretur,
933 1007 1034 1025 verum

208 1047 296 1074 etiam
314 1047 472 1081 imperator
487 1047 596 1076 noster,
614 1047 704 1078 utque
726 1046 827 1070 contra
848 1043 948 1070 hostes
964 1043 1036 1070 visi-

207 1091 281 1119 biles
298 1091 333 1118 ab
345 1091 409 1126 ipso
424 1088 601 1121 conﬁrmati,
615 1088 651 1115 ab
664 1088 726 1123 ipso
736 1088 821 1115 etiam
834 1088 922 1114 robur
935 1090 1037 1114 contra

208 1134 377 1171 epirituales
394 1133 587 1169 accipiamus.

243 1198 288 1226 33.
306 1197 366 1225 Ista
393 1197 511 1232 quidem
543 1195 658 1230 aliaque
685 1194 740 1221 alio
767 1197 897 1230 tempore
913 1196 1037 1221 tractare

209 1241 335 1278 juvabit,
348 1250 383 1268 ne
399 1241 469 1268 talia
480 1242 677 1273 recantantes,
689 1247 859 1274 urguemur,
870 1238 949 1266 velut
960 1239 1037 1274 apud

212 1286 384 1318 Hesiodum,
400 1285 506 1312 iterum
531 1283 706 1311 consevisse.
734 1283 816 1311 Nunc
840 1286 938 1310 autem
963 1285 1038 1310 cate-

215 1331 339 1359 chistam
364 1330 455 1357 istum
478 1337 531 1364 ego
548 1337 613 1355 cum
638 1328 772 1363 paradiso
797 1328 955 1363 voluptatis
971 1336 1038 1354 cou-

216 1376 276 1403 fero
303 1375 333 1401 in
358 1382 415 1409 quo
444 1376 594 1409 ponuntur
620 1373 761 1399 fortitudo
790 1375 818 1399 et
846 1372 982 1399 alacritas
1003 1371 1039 1398 ad

214 1419 349 1447 virtutem
366 1417 561 1453 impellentes,
575 1425 626 1452 per
636 1425 709 1452 quas
719 1425 821 1443 rursus
834 1416 933 1443 Adami
950 1415 1039 1442 vitam

214 1465 333 1500 peccato
349 1463 534 1496 anteriorem,
561 1470 611 1488 seu
638 1461 743 1496 prioris
770 1461 926 1488 creationis
946 1460 1039 1487 susci-

215 1508 344 1543 piamus,
360 1506 479 1542 ponitur
494 1506 581 1533 etiam
598 1506 627 1532 in
649 1504 785 1532 felicitate
805 1505 894 1532 doctae
910 1507 1039 1531 contem-

216 1551 365 1588 plationis,
378 1551 435 1578 vita
461 1550 587 1586 perfecta
613 1552 763 1584 materque
788 1549 920 1576 omnium
938 1548 966 1575 in
984 1548 1040 1575 Deo

215 1596 387 1630 viventium,
412 1594 484 1622 illud
510 1597 670 1629 augustum
696 1596 756 1620 Evaa
782 1602 899 1625 nomen,
920 1601 1041 1627 serpens

215 1649 282 1668 vero
299 1640 399 1668 nullus
415 1647 604 1666 murmurans
620 1638 801 1673 sibilansque
819 1638 853 1664 ad
872 1637 1039 1673 perniciem.

215 1685 269 1713 Sed
285 1685 314 1712 in
333 1675 619 1711 unum'conveniuut
633 1682 761 1717 operatio
778 1685 805 1709 et
822 1681 1040 1716 contemplatio,

215 1733 254 1765 et,
272 1729 429 1765 duplicatis
455 1728 582 1761 viribus,
608 1730 709 1754 contra
735 1727 904 1754 mendacem
927 1726 1041 1761 conspi-

216 1776 293 1808 rant,
310 1776 338 1800 et
353 1773 451 1808 procul
479 1781 494 1799 a
520 1772 655 1807 paradiso
682 1771 802 1805 ejiciunt
830 1771 1040 1798 insidiatorem.

216 1820 260 1846 lbi
275 1819 363 1847 etiam
379 1818 459 1846 ensis
487 1817 652 1852 flammiger
677 1819 778 1844 contra
802 1816 868 1843 illos
893 1816 1043 1844 exacuitur

216 1863 357 1899 fulgidus,
374 1863 477 1897 igneus
493 1864 521 1889 et
537 1861 656 1888 omnino
672 1861 860 1894 inaccessus;
876 1861 960 1889 nobis
977 1868 1042 1887 vero

218 1910 299 1944 patet
313 1906 456 1943 regalium
482 1914 650 1933 sermonum
681 1905 857 1933 convivium.
882 1905 939 1940 Ego
954 1905 1042 1932 etiam

218 1960 352 1980 mensam
369 1950 439 1979 solis
468 1950 587 1986 aspicio,
604 1958 661 1977 non
692 1949 808 1984 qualem
833 1949 957 1977 historia
981 1957 1042 1976 ma-

218 1996 282 2032 gica
312 1995 450 2023 instruxit
480 1994 637 2022 sensilibus
666 1997 802 2021 onustam
832 1994 966 2029 dapibus,
992 1993 1042 2021 sed

218 2049 293 2075 eam,
310 2048 398 2076 quam
424 2039 592 2074 imperator,
618 2038 660 2066 sol
684 2041 792 2072 noster,
818 2038 963 2074 spirituali
979 2038 1043 2065 cibo

216 2085 404 2113 vescentibus
419 2083 565 2119 apposuit.
585 2083 626 2110 lbi
640 2083 769 2110 vidimus
784 2085 810 2110 et
832 2083 999 2111 audivimus
1012 2091 1044 2110 ea

218 2130 254 2158 ad
271 2138 332 2165 quae
349 2129 534 2156 offenderunt
547 2128 597 2162 qui
611 2126 661 2154 illa
685 2129 751 2154 ante
767 2135 820 2154 nos
843 2129 1041 2154 evocaverant.

219 2173 370 2209 Regnavit,
388 2173 465 2200 sicut
480 2172 640 2208 imperator
654 2180 742 2207 super
758 2180 859 2199 omnes
875 2174 987 2207 gentes,
1004 2172 1044 2198 ita

219 2221 249 2246 et
263 2217 422 2245 catechista
439 2225 528 2252 super
556 2224 658 2243 omnes
684 2215 868 2243 litteratorcs.
887 2216 944 2251 Ego
962 2215 1044 2243 illum

220 2265 254 2290 ut
265 2264 401 2290 ornatum
412 2261 589 2296 aspiciebam
602 2260 673 2296 regii
682 2260 856 2288 diadematis
867 2261 952 2296 cujus
964 2260 1045 2288 deco-

594 179 807 212 EUSTATHII
828 169 1211 213 THESSALONICENSlS
1234 181 1527 214 METROPOLITE

239 251 285 278 32.
300 250 355 278 Sed
371 256 423 284 ego
437 248 497 276 vim
510 247 654 275 adhibebo
670 245 805 280 carmini,
820 248 850 273 et
864 254 953 273 unam
964 248 1030 273 tan-
1045 253 1073 285 Α

1859 180 1926 212 968

1125 246 1178 285 λβ’.
1195 247 1274 276 ’Δλλ’
1289 247 1342 286 ἐγὼ
1360 248 1489 286 βιάσομαι
1503 248 1554 282 τὴν
1570 245 1655 283 ᾠδήν,
1672 247 1715 274 καὶ
1744 247 1927 282 ἀκούσματος

1087 292 1145 322 ἑνὸς
1170 294 1234 329 γοῦν
1261 293 1330 331 πρὸς
1360 292 1450 330 βραχὸ
1478 292 1666 328 μεμνήσομαι,
1691 290 1737 318 καὶ
1767 291 1928 327 ἀναμνήσω

1087 336 1133 364 τὸν
1152 336 1233 374 μέγαν
1249 339 1344 364 τοῦτον
1360 336 1496 373 σύλλογον
1510 337 1561 363 τοῦ
1587 334 1731 373 βασιλικοῦ
1756 344 1930 372 κατηχητη-

1089 381 1149 418 ρίου
1174 380 1287 417 ἐκείνου,
1303 381 1332 408 ’ὀν
1357 381 1391 408 τὰ
1414 381 1467 417 πρὸ
1485 379 1585 407 τούτου
1607 379 1655 416 μὲν
1668 377 1829 409 πολυειδῶς
1847 378 1929 410 lea-5-

1091 435 1172 461 μασα,
1200 425 1231 451 τὸ
1260 424 1331 461 ἱερὸν
1361 423 1562 462 παραλαλήσας
1601 423 1761 460 ἀνάκτορον,
1793 422 1843 450 ὅτε
1882 423 1929 449 καὶ

1090 468 1186 504 ὀθόιην
1210 468 1289 496 αὐτὸν
1312 468 1498 502 ἀποστολικὴν
1522 467 1667 505 ἐθεώρουν,
1698 465 1828 507 ἔμφωτον
1859 467 1929 494 πάν-

1088 524 1153 547 των,
1178 513 1227 540 ὅσα
1253 513 1346 551 τρὲιρὶι
1377 512 1595 550 ψυχὰς,παντὸς
1614 512 1717 549 ἀγαθοῦ
1745 510 1927 547 πλήθουσαν,

1090 557 1276 596 ψυχοτρόφον,
1308 556 1452 595 βιόδωρον,
1484 554 1667 594 ὀλϐιόδωρον.
1698 556 1748 583 Καὶ
1779 556 1875 592 μάννα
1899 554 1929 584 δὶ

1090 603 1280 639 προσενενόουν
1303 601 1447 638 οὐρανόθεν
1476 601 1648 639 κατενεχθὶν,
1669 600 1714 628 καὶ
1746 599 1871 638 βρεχθὲν
1897 599 1930 628 οὖ

1090 646 1180 681 τούτῳ
1196 647 1213 681 ἦ
1231 646 1325 682 ἐκείνῳ
1351 648 1410 676 τοῖς
1438 643 1551 681 ἔθνεσιν,
1575 644 1648 673 ἀλλά
1675 647 1734 676 τοῖς
1759 644 1930 682 ἁπανταχοῦ

1092 690 1179 726 λαοῖς,
1211 691 1250 722 οἷς
1277 693 1343 717 θεοῦ
1379 689 1537 728 ἐγνώρισται
1568 688 1706 725 δύναμις”
1736 688 1765 716 οἳ
1794 691 1851 723 τῆς
1880 690 1931 716 τοῦ

1093 736 1177 771 μάννα
1203 735 1300 762 τούτου
1330 735 1436 772 βροχῆς
1467 734 1528 761 ὅλοι
1555 733 1691 772 γεγόνασι,
1707 733 1753 760 καὶ
1769 731 1931 771 δραμόντες

1091 779 1177 810 ἄλλος
1200 779 1315 811 ἄλλοθεν
1341 778 1417 816 ἔργον
1444 777 1533 805 ἔθεντο
1557 779 1607 812 τὴν
1635 777 1732 805 τούτου
1751 778 1932 816 συναγωγὴν,

1091 823 1135 851 καὶ
1165 822 1324 857 διαδοθῆναι
1354 823 1384 850 τὸ
1409 822 1492 850 καλὸν
1520 820 1744 858 ἐπρεσϐεύσαντο.
1775 821 1933 854 Κάντεῦοεν

1092 869 1123 895 οὗ
1154 868 1235 904 μόνον
1264 868 1300 899 ὡς
1328 866 1365 899 εἶίς
1401 878 1462 894 τινα
1493 866 1610 904 στάμνον
1641 866 1686 893 καὶ
1708 863 1849 900 κιϐωτὸν,
1882 867 1934 902 τὴν

1173 916 1186 921 η.
1282 914 1289 922 ς
1347 911 1359 922 τί
1506 912 1512 921 ⁷
1537 912 1545 921 \
1581 911 1587 921 θ
1651 912 1655 921 1

1093 914 1188 941 ἑαυτου
1216 915 1320 950 ψυχην,
1349 923 1460 944 εκαστος
1484 922 1549 939 αυτο
1578 912 1748 947 εναπεθιντο,
1774 911 1855 940 ἀλλὰ
1885 911 1932 940 καὶ

1090 957 1185 988 ἄλλως
1209 958 1247 989 εἷς
1282 957 1474 993 μνημοσύνους
1493 954 1606 994 βίϐλους
1630 955 1790 994 ἐνέγραψαν·
1805 954 1858 983 ἵνα
1891 957 1928 993 μὴ

1093 1003 1175 1038 μόνον
1201 1002 1335 1037 Σολομῶν
1363 1001 1406 1028 ἐπὶ
1437 1001 1519 1039 σοφίᾳ
1533 998 1819 1037 πρεσϐεύοιτο,ἀλλὰ
1848 1001 1900 1028 καὶ
1916 1001 1930 1028 ὃ

1092 1047 1225 1083 ἡμέτερος
1250 1045 1386 1083 βασιλεύς
1402 1045 1447 1072 καὶ
1477 1046 1503 1072 οἱ
1532 1045 1600 1072 κατά
1624 1047 1679 1072 τῶν
1708 1043 1779 1082 πρὸς
1801 1044 1933 1080 αἴσθησιν

1091 1090 1197 1129 ἐχθρῶν
1223 1091 1286 1128 παρ’
1310 1090 1393 1117 αὐτοῦ
1418 1089 1630 1128 κραταιούμενοι
1647 1088 1760 1127 ἔχοιμεν
1789 1087 1828 1116 δι’
1844 1085 1932 1117 αὐτοῦ

1091 1135 1135 1162 καὶ
1151 1135 1219 1162 κατά
1233 1138 1286 1162 τῶν
1301 1135 1424 1172 ἀσάρκων
1442 1133 1627 1171 ἀνδρίζεσθαι.

1129 1197 1182 1234 λγ’.
1200 1198 1253 1225 Καὶ
1283 1199 1394 1225 τοιαῦτα
1424 1197 1471 1233 μέν
1504 1207 1550 1233 μοι
1577 1197 1610 1223 τὰ
1621 1196 1684 1224 τότε
1698 1195 1743 1223 καὶ
1759 1194 1836 1224 ἄλλα
1852 1196 1934 1233 οἶμαι

1097 1243 1165 1280 πρὸς
1191 1241 1406 1280 γλαφυρὸτατον,
1432 1240 1477 1268 ’ίνα
1507 1241 1545 1277 μὴ
1576 1240 1661 1268 ταυτὰ
1699 1239 1744 1267 καὶ
1780 1242 1827 1268 νῦν
1869 1239 1935 1268 ἂνα-

1094 1286 1227 1317 τιλοῦντες
1278 1286 1327 1320 τὴν
1372 1286 1434 1322 παρ’
1468 1283 1588 1321 Ἡσιόδῳ
1631 1283 1791 1322 ἐπισπορίαν
1839 1283 1935 1322 ὥσπερ

1094 1330 1340 1368 ἐπεγκληθείημεν.
1369 1331 1424 1358 Νῦν
1453 1328 1481 1357 δὲ
1505 1330 1551 1356 τὸν
1582 1329 1793 1367 κατηχητήριον
1825 1327 1935 1356 ἐκεῖνον

1094 1375 1148 1412 ἐγὼ
1178 1375 1223 1402 καὶ
1254 1375 1291 1406 ὡς
1322 1374 1360 1405 εἷς
1379 1377 1486 1411 τρυφῆς
1515 1372 1677 1411 παράδεισον
1706 1373 1832 1410 τίθεμαι,
1853 1372 1883 1401 ἐν
1909 1373 1934 1410 ᾧ

1094 1420 1209 1451 τέθειται
1230 1419 1334 1455 μὲνκαί
1363 1419 1394 1446 τὸ
1421 1418 1575 1455 ἐπ’ἀρετὴν
1605 1417 1758 1455 προτρέπον
1789 1415 1934 1456 ἀνδρῶδες

1094 1464 1139 1490 καὶ
1156 1463 1314 1501 πρακτικὸν,
1332 1462 1366 1490 δι’
1384 1463 1414 1490 οὗ
1431 1462 1468 1494 εἷς
1482 1463 1527 1489 τὸν
1550 1462 1603 1499 πρὸ
1627 1464 1676 1494 τῆς
1701 1461 1840 1500 ἁμαρτίας
1871 1462 1933 1500 βίον

1095 1507 1296 1546 ἀναδράμοιμεν
1327 1507 1357 1534 ἃν
1386 1507 1431 1534 τὸν
1463 1505 1635 1543 Ἀδαμιαῖον,
1655 1507 1700 1534 τὸν
1730 1509 1783 1542 τῆς
1812 1505 1932 1545 πρώτης

1096 1552 1232 1583 πλάσεωςσ
1248 1552 1364 1583 τὲθειται
1381 1550 1411 1578 ’δὲ
1434 1551 1479 1578 καὶ
1502 1551 1564 1578 ὅσον
1590 1551 1616 1578 ἐν
1644 1549 1746 1586 εὐζωίᾳ
1771 1549 1927 1590 φιλοσόφου

1098 1597 1220 1634 θεωρίας.
1241 1597 1296 1631 ζωὴ
1314 1596 1439 1633 ὰντικρυς
1456 1595 1500 1622 καὶ
1525 1596 1619 1633 μήτηρ
1634 1597 1694 1626 τοῖς
1717 1595 1744 1622 ἐν
1776 1597 1834 1631 Θεῷ
1846 1596 1923 1630 ζῶσι,

1097 1644 1177 1669 τοῦτο
1204 1640 1237 1675 δὴ
1267 1641 1297 1668 τὸ
1325 1642 1374 1675 τῆς
1407 1639 1475 1672 Εὔας
1505 1641 1621 1676 σεμνόν’
1653 1638 1716 1679 ὄφις
1746 1639 1778 1667 δὲ
1802 1637 1929 1676 οὐδαμοῖ)

1096 1686 1219 1723 ψίθυρος,
1249 1684 1312 1712 οὐδὲ
1342 1685 1474 1722 συριγμὸς
1502 1685 1539 1715 εἷς
1566 1683 1691 1721 ὄλεθρον.
1717 1683 1800 1712 Ἀλλ’
1837 1684 1878 1716 εἷς
1905 1684 1936 1712 ’ὲν

1096 1731 1193 1765 ἥκουσι
1223 1730 1318 1768 πρᾶξις
1348 1730 1391 1756 καὶ
1429 1729 1539 1767 θεωρία,
1568 1729 1636 1766 [καὶ]
1664 1727 1829 1764 δυαζόμεναι
1865 1729 1938 1756 κατὰ

1095 1778 1144 1802 τοῦ
1172 1775 1327 1804 ἀπατεῶνος
1357 1774 1534 1810 συμπνὲουσι,
1565 1773 1609 1800 καὶ
1637 1773 1734 1812 πόῤῥω
1761 1774 1812 1801 τοῦ
1842 1783 1936 1812 παρα-

1098 1819 1187 1846 δείσου
1218 1818 1351 1856 βάλλουσι
1381 1818 1426 1845 τὸν
1462 1816 1620 1845 ἐπίϐουλον.
1651 1818 1798 1845 Κάντεῦθεν
1827 1818 1879 1845 καὶ
1915 1819 1935 1853 ὴ

1098 1863 1214 1902 φλογίντ,
1246 1863 1369 1901 ῥομφαία
1396 1863 1453 1890 κάτ’
1484 1862 1602 1893 ἐκείνους
1633 1862 1760 1890 ἀκονᾶται
1801 1861 1939 1891 στιλπνό-

1097 1920 1174 1936 τατον
1205 1909 1249 1935 καὶ
1284 1907 1417 1946 φλογερὸν
1447 1908 1491 1935 καὶ
1517 1907 1661 1945 ἀπρόσιτον
1681 1917 1688 1924 ·
1716 1909 1784 1944 ἡμῖν
1826 1907 1859 1936 δὶ
1893 1908 1938 1940 εἷς

1099 1954 1255 1991 εὐπρόσιτον
1273 1953 1411 1991 στρέφεται
1440 1952 1489 1986 τήν
1507 1952 1532 1979 ἐν
1557 1951 1649 1990 λόγοις
1679 1951 1828 1990 βασιλικὴν
1858 1952 1936 1981 ἕχει-

1097 2010 1145 2033 νην
1173 1996 1342 2026 πανδαισίαν.
1374 1998 1443 2035 Ἐγὼ
1474 1997 1519 2024 καὶ
1546 1996 1628 2031 ἡλίου
1653 1996 1789 2034 τράπεζαν
1818 1999 1936 2035 θεωρῶ,

1099 2043 1151 2081 οὐχ
1181 2041 1238 2069 οἵαν
1268 2043 1286 2076 ἡ
1311 2044 1359 2076 τῆς
1396 2041 1516 2079 ἱστορίας
1552 2041 1701 2079 ὀψαρτυσία
1733 2041 1937 2079 παρατίθησιν,

1098 2087 1181 2123 ἡλίου
1209 2087 1255 2123 μὶν
1284 2086 1526 2122 ἐπωνομασμένην,
1550 2085 1714 2124 σεσαγμένην
1740 2084 1770 2113 δὲ
1799 2085 1938 2124 βρώμασι

1098 2134 1156 2163 τοῖς
1184 2131 1251 2169 πρὸς
1288 2129 1431 2165 αἴσθησιν·
1460 2128 1534 2157 ἀλλὰ
1561 2130 1708 2167 τράπεζαν,
1737 2129 1768 2165 ἣν
1800 2129 1938 2167 βασιλεὺς

1099 2175 1180 2211 ἥλιος
1210 2176 1223 2202 ὁ
1252 2175 1386 2212 ἡμέτερος
1414 2177 1472 2205 τοῖς
1500 2174 1534 2201 τὰ
1559 2173 1730 2211 πνευματικὰ
1756 2175 1941 2211 σιτουμένοις

1099 2219 1282 2256 προτέθεικεν.
1312 2217 1428 2253 ΕΥδομεν
1454 2219 1536 2254 ἡμεῖς
1560 2219 1709 2253 τηνικαῦτα
1735 2216 1782 2244 καὶ
1809 2217 1941 2252 ἠκούσα-

1104 2274 1161 2300 μεν,
1178 2264 1244 2301 ἅπερ
1260 2263 1285 2289 οἱ
1301 2262 1354 2300 πρὸ
1371 2263 1451 2298 ἡμῶν
1468 2261 1495 2289 ἐν
1520 2261 1607 2299 ἐφέσει
1632 2262 1792 2300 στρέφοντες
1822 2261 1941 2299 ἀπελη-

220 2314 282 2334 rem
298 2314 355 2333 non
372 2306 440 2333 licet
454 2305 569 2333 intueri.
585 2304 858 2339 Coruscabantejus
873 2305 908 2331 de
924 2304 1041 2331 luminis

1100 2305 1225 2335 λύοασιν.
1245 2303 1445 2341 Ἐϐασίλευσεν,
1463 2305 1553 2344 ὥσπερ
1570 2306 1583 2333 ὁ
1600 2305 1775 2344 αὐτοκράτωρ
1802 2305 1851 2334 ἐπὶ
1882 2310 1941 2335 πᾶν

219 2351 310 2385 fonte,
327 2349 481 2383 Trinitate,
498 2356 649 2376 sermones
665 2349 855 2376 candidarum
873 2356 951 2376 more
966 2357 1047 2384 gem-

222 2403 349 2423 marum.
366 2394 515 2422 Rutilabat
530 2392 643 2428 fulgore
659 2393 795 2420 carbonis
821 2393 886 2427 ejus
901 2393 935 2420 de
951 2393 1048 2421 divina

220 2439 308 2466 Verbi
323 2437 522 2465 incarnatione
546 2437 690 2470 doctrina,
718 2445 806 2472 quem
834 2437 956 2473 ﬁguram
974 2438 1048 2465 alte-

221 2491 285 2511 ram
305 2482 394 2510 [saias
409 2482 566 2509 carbonem
581 2481 743 2516 conspexit.
768 2481 903 2509 Altarum
929 2483 1047 2510 claritas

223 2526 434 2563 cogitationum
443 2525 521 2552 velut
531 2525 630 2552 lumen
642 2526 771 2553 enitebat
784 2527 861 2561 quod
874 2530 988 2554 noctem
1000 2535 1047 2554 oc-

223 2575 321 2608 cupat,
339 2572 458 2606 ejicieus
474 2579 507 2597 ex
523 2570 677 2597 altitudine
693 2571 890 2605 splendorem.
908 2571 1048 2598 llumilia-

223 2617 286 2648 bas,
304 2615 465 2651 imperator
479 2614 595 2648 eximie,
611 2614 811 2650 temetipsum,
830 2618 971 2651 tuamque
988 2615 1048 2642 cel-

221 2660 384 2689 situdinem
400 2659 435 2687 ad
461 2666 554 2686 unum
579 2658 777 2686 multitudinis
803 2660 999 2695 deprimebas,
1022 2663 1050 2687 et

220 2707 284 2734 erat
298 2704 379 2732 istud
395 2711 503 2731 aureus
527 2702 634 2739 fulgor,
660 2703 787 2731 nitidum
813 2704 958 2731 diadema.
975 2704 1048 2731 Nam

223 2757 330 2778 aurum
345 2748 423 2784 quod
440 2747 535 2783 magis
559 2756 646 2782 quam
672 2750 782 2775 caeteras
809 2748 941 2783 pretiosa:
959 2751 1049 2776 mate-

224 2793 274 2822 rie
290 2793 326 2821 ad
340 2793 402 2820 ima
423 2793 526 2826 tendit,
548 2792 743 2820 nihilominus
766 2796 863 2820 tamen
887 2793 917 2820 in
933 2802 1050 2822 omnem

226 2837 414 2874 splendorem
440 2839 586 2869 coruscat.
613 2836 636 2866 0
666 2835 789 2865 dulcedo
818 2837 1051 2875 colloquioruml

1102 2350 1189 2387 ἔθνος¹
1208 2351 1279 2378 οὕτω
1294 2351 1338 2378 καὶ
1355 2351 1369 2377 ὁ
1389 2351 1596 2388 κατηχητήριος
1626 2350 1727 2382 ἐκεῖνος
1756 2350 1801 2378 ἰπὶ
1829 2350 1942 2384 πάντας

1102 2396 1214 2433 λόγους,
1245 2397 1286 2426 οἷς
1317 2395 1528 2431 ἀπονενὲμηται.
1559 2395 1629 2433 Ἐγὼ
1667 2395 1713 2422 καὶ
1747 2395 1785 2426 ὡς
1825 2396 1942 2434 κόσμον

1102 2441 1181 2468 αὐτὸν
1213 2440 1344 2476 ἐθεώρουν
1387 2439 1530 2477 βασιλικοῦ
1561 2438 1741 2477 διαδήματος,
1769 2439 1858 2478 οὗπερ
1889 2441 1945 2469 οὖιι

1103 2485 1157 2512 ἔστι
1185 2485 1276 2516 cio-odi
1299 2484 1419 2521 τίμημα.
1444 2484 1640 2523 Ἐτρωσφόρουν
1666 2483 1692 2511 ἐν
1722 2484 1798 2520 αὖτῷ
1813 2485 1843 2512 οἱ
1874 2485 1949 2524 np?

1101 2531 1151 2563 τῆς
1167 2529 1328 2567 ἀρχιφώτου
1343 2527 1458 2566 Τριάδος
1488 2527 1566 2565 λόγοι
1592 2528 1629 2559 ὡς
1657 2527 1798 2556 διάλευκοι
1826 2529 1946 2568 μάργω-

1104 2584 1157 2611 ροι.
1188 2573 1356 2610 Ἐξέλαμπον
1394 2573 1432 2603 ὡς
1473 2572 1511 2604 εἷς
1547 2572 1710 2610 πυραύγειαν
1740 2573 1882 2611 ἄνθρακος
1907 2574 1946 2602 τὰ

1102 2621 1152 2652 τῆς
1180 2617 1252 2648 θείας
1270 2619 1319 2644 τοῦ
1349 2617 1437 2655 Λόγου
1464 2617 1636 2655 σαρκώσεως,
1652 2617 1682 2644 ὃν
1710 2617 1814 2655 τρόπον
1844 2616 1946 2656 ἓτερον

1103 2662 1148 2689 καί
1176 2661 1284 2692 Ἠσαίας
1316 2662 1434 2699 ἄνθρακα
1476 2661 1622 2698 ἐθεώρησε.
1649 2661 1684 2689 Τὸ
1715 2661 1742 2689 ἑν
1772 2662 1856 2699 βάθει
1886 2666 1945 2692 τῶν

1104 2705 1249 2742 νοημάτων
1265 2704 1391 2745 διαφανὲς
1407 2705 1445 2736 ὡς
1472 2705 1607 2743 λυχνίτης
1635 2705 1801 2744 ὑπηύγαζεν,
1817 2705 1854 2738 ὃς
1884 2706 1948 2736 οἶδε

1104 2753 1304 2788 κατιπιχειρεῖν
1339 2753 1389 2785 τῆς
1426 2750 1531 2785 νυκτὸς,
1559 2746 1738 2787 πυρεκϐολῶν
1775 2749 1808 2778 ἔτι

1103 2795 1154 2829 τὴν
1183 2795 1378 2834 φωτοιράνειαν.
1408 2794 1595 2830 Ἐταπείνους,
1626 2793 1763 2832 βασιλέων
1793 2794 1947 2834 ὑπὲρπῇ

1107 2839 1229 2877 σεαυτὸν,
1244 2839 1289 2867 καὶ
1314 2839 1385 2868 οὕτω
1405 2839 1437 2868 τὸ
1459 2839 1505 2867 σὸν
1530 2838 1642 2878 ὕψιστον
1666 2837 1708 2870 τίς
1724 2836 1847 2870 “uti”
1873 2839 1947 2872 πολ-

1283 3174 1327 3176 ε
1603 3177 1641 3179 ἡ
