4060 6354
291 450 415 515 969

1186 447 1632 512 Αιλιοαστιο
1674 447 1779 510 AD
1822 444 2268 510 MANUELEM
2307 445 2788 511 COMMENUM.

3590 450 3715 516 970

291 572 408 641 λῶν
433 576 804 651 κατεϐίϐαζες’
859 582 950 638 καὶ
983 582 1050 652 ἦν
1078 584 1239 636 τοῦτο
1271 577 1330 636 δὲ
1358 580 1565 656 χρυσέα
1596 573 1932 651 στιλϐηδὼν,

2057 596 2077 635 )
2135 596 2589 653 argumenorum
2635 580 2801 653 copia
2839 580 2912 636 lo
2968 580 3219 640 altitudo
3284 585 3708 658 cogitationum

288 671 600 748 ὡραΐζουσα
623 672 683 726 τὸ
740 667 1003 743 διάδημα.
1052 670 1151 725 Καὶ
1204 671 1305 746 γάρ
1362 690 1448 724 τοι
1503 670 1593 724 καὶ
1648 669 1675 723 ὁ
1734 667 1939 745 χρυσὸς

292 759 440 827 θέλει
503 761 622 832 μὶν,
679 757 829 836 εἷ’περ
859 781 945 823 τις
976 760 1131 835 ἑτέρα
1175 764 1281 814 τῶν
1313 759 1514 832 τιμίων
1573 757 1745 830 ὀλῶν,
1793 756 1941 812 κάτω

286 852 587 930 φέρεσθαι,
645 843 961 904 ἀναστίλϐει
1024 845 1082 904 δὲ
1130 844 1284 922 ὅμως
1340 847 1416 911 είς
1472 847 1569 916 τὴν
1622 848 1754 922 ἄγαν
1803 845 1942 919 λαμ-

285 940 554 1016 πρότητα.
588 940 660 995 ’Ἡ
701 936 977 1015 γλυκύτης
1009 935 1270 1012 ὁμιλίαςί
1331 938 1397 992 ’Ὠ
1452 934 1690 998 πλοῦτος
1721 933 1941 1012 ἐπιχει-

285 1029 541 1103 ρήσεωνί
596 1028 664 1082 ’Ώ
726 1025 1020 1100 νοημάτων
1104 1028 1286 1101 βυθὸς,
1356 1021 1650 1099 τιθεμένων
1712 1022 1939 1085 σκότους

284 1117 606 1194 ἀποκρυφῆν
651 1119 732 1189 τῷ
787 1116 1069 1191 βαθυτάτῳ
1115 1122 1215 1185 τῆς
1258 1114 1547 1191 γνώσεωςί
1581 1114 1645 1167 Ὠ
1677 1111 1934 1190 ῥημάτων

285 1211 422 1286 φῶς,
453 1203 739 1283 διαυγάζον
798 1206 862 1260 τὸ
928 1204 1096 1282 βάθος
1122 1209 1232 1261 τῶν
1262 1204 1568 1275 νοουμένων
1595 1207 1673 1275 τῷ
1703 1198 1934 1272 ἠλιώδει

278 1302 383 1366 τῆς
434 1294 724 1373 φράσεωςί
776 1294 840 1349 Ὠ
891 1291 1113 1371 γλῶσσα
1156 1292 1355 1368 πυρίνη
1390 1291 1724 1366 Πνεύματος,
1782 1311 1937 1366 μερι-

286 1385 484 1458 ζομένη
566 1383 660 1457 μὲν
746 1380 1043 1453 ποικίλως,
1118 1383 1367 1446 ἑκάσταις
1429 1378 1486 1436 δὶ
1560 1384 1763 1456 ψυχαῖς
1814 1380 1935 1444 καθ’

284 1472 527 1544 όλότητα
602 1471 1047 1548 ἐναρμόττουσα,
1108 1470 1227 1527 ἔνθα
1277 1470 1368 1526 καὶ
1426 1470 1593 1525 πλέον
1651 1465 1824 1525 ἔκειτο
1872 1469 1935 1523 τὸ

284 1562 479 1636 ξενίζον
537 1565 635 1616 τοῦ
686 1563 1029 1638 πράγματος,
1086 1562 1174 1617 καὶ
1205 1560 1383 1617 πλείω
1411 1560 1479 1616 τὰ
1505 1560 1601 1615 τοῦ
1658 1557 1936 1631 θαύματος

286 1648 376 1706 διὰ
424 1652 526 1720 τήν
570 1647 910 1725 ἴδιοτροπίαν
945 1654 1043 1706 τοῦ
1071 1650 1354 1725 κράματος
1380 1652 1392 1706 l
1426 1647 1503 1707 Ού
1531 1649 1631 1725 γὰρ
1661 1653 1780 1710 τοῖς
1810 1647 1933 1722 περὶ

283 1736 480 1816 λόγους
531 1740 625 1812 μὲν
682 1740 710 1794 ὁ
762 1739 927 1813 λόγος
980 1738 1186 1801 ἐκεῖνος
1233 1740 1302 1808 ἦν
1333 1738 1669 1813 εὐπρόσιτος,
1702 1734 1937 1807 ἐξὲκλειε

283 1826 343 1884 δὲ
395 1829 497 1898 τήν
572 1826 891 1903 ίδικωτέραν
943 1829 1200 1903 ἀκρόασιν
1233 1846 1246 1860 ·
1308 1828 1372 1882 αὗ
1429 1826 1593 1882 πάλιν
1653 1824 1934 1904 ἐφείλκετο

285 1918 382 1991 μὶν
432 1917 523 1972 τὸν
583 1916 953 1985 ἁπλούστερον
1013 1914 1338 1993 ἄνθρωπον,
1411 1917 1439 1970 ὁ
1499 1914 1555 1970 δὲ
1611 1919 1708 1970 τοῦ
1767 1914 1932 1989 λόγου

277 2004 551 2084 τρόφιμος
581 2004 750 2078 μηδεν
778 2005 980 2062 ἐκεῖθεν
1020 2001 1166 2082 ἔχων
1226 2005 1531 2081 ἀπήρχετο’
1586 2001 1711 2058 οὐδὲ
1748 2005 1810 2059 τὸ
1842 2005 1934 2077 μέν

278 2116 331 2149 τι
386 2098 483 2149 τοῦ
538 2093 705 2170 λόγου
756 2094 973 2157 τούτοις
1036 2094 1112 2157 εἰς
1172 2090 1375 2172 ὄφελος
1410 2140 1423 2165 ,
1480 2094 1543 2148 τὸ
1614 2091 1660 2147 δ’
1716 2091 1941 2156 ἐκείνοις

282 2182 663 2258 ἁπεμερίζετο.
710 2183 891 2238 Ἀλλά
927 2185 1017 2238 καὶ
1063 2184 1127 2237 τὸ
1155 2182 1322 2239 καλὸν
1356 2181 1641 2255 ὁμοτίμως
1671 2180 1829 2236 παντὶ
1859 2185 1940 2252 τῷ

290 2271 445 2346 λόγῳ
492 2271 785 2344 ἐνελαμπε,
834 2272 925 2327 καὶ
956 2272 1096 2334 ἅπας
1127 2272 1479 2347 ἀκροώμενος
1534 2269 1669 2326 ὅλου
1719 2269 1786 2339 ἦν
1843 2273 1940 2325 τοῦ

291 2358 466 2416 καλοῦ
503 2405 515 2418 .
573 2362 821 2436 Ἕχομεν
880 2362 1061 2416 τοίνυν
1122 2358 1212 2416 διὰ
1267 2364 1433 2415 ταῦτα
1493 2358 1798 2435 ὑπόδειγμα
1850 2357 1942 2413 καὶ

292 2452 453 2505 τοῦτο
504 2451 783 2523 κράματος
842 2447 1000 2505 ἴδεῶν
1060 2446 1562 2524 δυσκατεργάστου,
1632 2446 1944 2523 τεθρυλλη-

297 2537 461 2612 μένου
489 2543 607 2601 τοῖς
663 2537 981 2616 γράφουσιν,
1044 2539 1176 2614 ὅπερ
1237 2538 1351 2593 ἐστῖ
1405 2537 1468 2592 τὸ
1494 2541 1809 2613 συναγαγεῖν
1868 2535 1945 2599 εἰς

287 2623 343 2682 ἓν
403 2627 696 2698 νοημάτων
748 2626 1055 2700 σεμνότητα
1103 2627 1194 2681 καὶ
1241 2624 1572 2697 λεπτότητα,
1622 2625 1822 2696 καὶτῷ
1850 2628 1944 2679 τοῦ

291 2713 460 2792 λόγου
518 2713 778 2790 ὶξάρματι
836 2714 1187 2790 ἰγκαταμίξαι
1238 2716 1333 2777 τὰς
1392 2715 1623 2791 χάριτας
1656 2758 1668 2770 .
1729 2712 1799 2768 Εἴ
1838 2713 1941 2789 γάρ

2052 668 2220 741 quasi
2251 670 2506 727 tenebris
2560 671 2931 726 abscondens
2981 671 3234 729 rationes
3291 674 3707 735 altissimaslo

2049 759 2359 814 verborum
2378 758 2475 815 lux
2496 759 2886 832 cogitatorum
2914 759 3290 818 altitudinem
3312 766 3706 836 expressionis

2051 846 2315 903 claritate
2339 847 2685 905 illustransl
2729 856 2953 920 oignea
2985 848 3239 922 Spiritus
3270 850 3492 924 lingua,
3550 853 3707 911 varie

2051 936 2291 1009 quidem
2314 936 2647 1008 dispertita,
2680 938 2782 993 sed
2815 937 3063 1011 singulis
3094 940 3309 996 animis
3339 940 3567 1014 integre
3605 960 3707 999 ac-

2050 1026 2442 1093 commodata,
2475 1026 2558 1081 ita
2590 1031 2653 1081 ut
2685 1026 2780 1082 ubi
2816 1028 3007 1098 majus
3037 1032 3160 1084 erat
3212 1029 3293 1085 rei
3342 1033 3705 1103 portentum,

2049 1114 2130 1168 ibi
2146 1116 2340 1184 majus
2362 1115 2715 1170 miraculum
2739 1116 3344 1187 proptcrsingularem
3362 1120 3707 1191 temperiem

2050 1202 2286 1275 praebet.
2321 1203 2551 1259 Etenim
2587 1202 2860 1259 litteratis
2918 1220 3033 1259 non
3091 1204 3303 1261 licebat
3359 1205 3493 1263 illos
3546 1209 3709 1266 adire

2047 1308 2387 1361 sermones;
2425 1292 2721 1348 noviorem
2754 1307 2889 1346 vero
2920 1292 3307 1349 occludebant
3335 1309 3704 1368 consessum;

2045 1397 2253 1437 rursus
2284 1382 2491 1435 rudem
2525 1381 2765 1453 quidem
2800 1380 3141 1438 alliciebant
3166 1382 3707 1454 hominem,litteris

2045 1475 2241 1526 autem
2272 1470 2569 1526 enutritus
2599 1469 2771 1541 quasi
2802 1468 2948 1524 nihil
2982 1469 3117 1526 inde
3168 1471 3408 1543 adjutus
3468 1476 3707 1531 recede—

2045 1559 2165 1626 bat,
2200 1575 2305 1615 nec
2336 1559 2455 1614 illis
2480 1558 2730 1631 quidem
2782 1559 2854 1613 ad
2928 1558 3264 1631 utilitatem,
3314 1578 3516 1618 verum
3576 1563 3705 1621 istis

2044 1647 2462 1703 detrahebatur
2490 1646 2695 1703 oratio.
2740 1647 2867 1702 Pari
2924 1651 3122 1703 tamen
3159 1649 3374 1705 honore
3406 1652 3598 1724 gratia
3640 1652 3703 1709 in

2044 1738 2202 1793 omni
2233 1738 2408 1793 verbo
2459 1736 2741 1801 enitebat,
2810 1735 3150 1809 singulique
3210 1738 3510 1797 auditores
3581 1742 3705 1797 tota

2044 1827 2394 1881 fruebantur
2423 1826 2632 1893 gratia.
2660 1829 2723 1880 In
2756 1825 2974 1896 quibus
3024 1825 3360 1897 exemplum
3416 1827 3705 1885 habemus

2046 1913 2205 1970 illius
2238 1919 2356 1970 tam
2390 1913 2649 1969 difﬁcilis
2679 1916 2919 1984 tamque
2950 1929 2983 1969 a
3013 1913 3402 1986 scriptoribus
3454 1915 3708 1973 laudate

2048 2003 2370 2058 formarum
2392 2001 2979 2074 temperationis,qua
3001 2003 3058 2057 in
3073 2019 3258 2058 unum
3277 2008 3709 2077 congregantur

2048 2090 2468 2163 cogitationum
2530 2090 2785 2162 gravitas
2842 2095 2899 2145 et
2953 2090 3274 2158 subtilitas,
3328 2095 3386 2147 et
3413 2094 3706 2150 sermonis

2049 2179 2401 2234 sublimitati
2433 2179 2788 2234 conveniunt
2806 2178 3026 2250 gratiae.
3059 2178 3133 2234 Ut
3154 2180 3311 2234 enim
3344 2179 3543 2252 aliqua
3564 2185 3706 2239 sunt

2052 2286 2181 2341 qua;
2215 2269 2365 2323 inter
2385 2284 2448 2324 se
2478 2267 2851 2340 pugnant,ita
2880 2271 2945 2322 ut
2974 2266 3098 2323 ﬁeri
3126 2284 3242 2324 non
3273 2269 3456 2341 possit
3486 2275 3551 2327 ut
3578 2270 3704 2327 leo-

2052 2357 2144 2412 nis
2177 2357 2551 2430 rugituseum
2569 2355 2832 2410 luscinia
2852 2359 3029 2410 cantu
3050 2360 3442 2430 congruat,ita
3458 2373 3565 2415 nec
3578 2375 3704 2415 ser-

2055 2462 2256 2502 mones
2271 2445 2448 2501 simul
2470 2459 2599 2501 esse
2609 2445 2889 2517 gravitats
2910 2444 3096 2500 severi
3110 2455 3166 2501 et
3187 2445 3392 2518 gratiis
3427 2448 3703 2503 concinni

2055 2537 2214 2607 (nam
2248 2534 2405 2589 aliud
2439 2534 2678 2606 quidem
2693 2533 3228 2605 arrogantiae,aliud
3247 2541 3444 2591 autem
3461 2535 3701 2592 humili-

2053 2624 2194 2679 tatis
2225 2623 2513 2695 arguitur)
2544 2638 2673 2679 esse
2704 2627 2998 2693 poterunt,
3031 2628 3230 2679 tamen
3252 2624 3333 2679 ibi
3363 2623 3574 2681 callide
3590 2624 3705 2682 ista

2055 2718 2386 2784 temperatu
2415 2710 2679 2767 difficilia
2710 2717 2879 2767 erant
2899 2712 3232 2767 commista.

290 2805 382 2859 καὶ
415 2802 603 2865 ἄλλως
635 2798 939 2878 ἀσύμϐατα,
975 2805 1157 2879 ὥσπερ
1191 2805 1495 2879 βρυχᾶσθαι
1526 2800 1796 2857 λεόντειον
1827 2801 1917 2856 καὶ
1949 2797 2195 2856 κελαδεῖν
2228 2799 2303 2860 ὡς
2346 2795 2653 2868 ἀηδόνειον,
2699 2796 2843 2852 οὕτω
2898 2798 2991 2853 καὶ
3044 2804 3532 2874 σεμνοπροσωπεῖν
3593 2801 3709 2874 ἅμα

288 2892 417 2955 τοὺς
448 2891 649 2970 λόγους
676 2892 767 2947 καὶ
794 2892 873 2957 εἷς
901 2893 1065 2968 χάριν
1100 2890 1352 2969 διαγελᾷν
1386 2891 1583 2966 (ὲκεῖνο
1618 2890 1711 2965 μὲν
1751 2890 1853 2967 γὰρ
1884 2888 2075 2965 ὕψους,
2108 2888 2172 2943 τὸ
2203 2884 2249 2942 δ’
2280 2887 2479 2963 ἑτέρως
2505 2885 2636 2962 ἔχον
2666 2885 2953 2962 κρίνεται),
2993 2884 3123 2943 ἀλλ’
3169 2886 3397 2953 ἐνταῦθα
3429 2894 3702 2966 τεχνικῶς

289 2981 359 3036 τὰ
388 2978 628 3057 δυσχερῆ
659 2983 1010 3057 κεράννυσθαι
1047 2981 1327 3054 μέμικται.

364 3104 467 3164 λδ“.
498 3106 558 3162 Τί
590 3104 657 3178 δὴ
716 3104 1108 3182 περιλέλοιπας
1167 3109 1327 3181 ἡμῖν,
1362 3108 1407 3163 ῶ
1432 3104 1524 3162 καὶ
1583 3102 1950 3183 ἆνδρικώτατε

292 3195 383 3251 καὶ
441 3197 720 3276 σοφώτατε
779 3195 1004 3271 βασιλεῦ
1038 3239 1052 3265 ,
1107 3200 1225 3259 τοῖς
1285 3193 1390 3252 εἷ’τε
1444 3196 1779 3273 ῥητορικοῖς,
1843 3191 1949 3250 ε’ίτε

290 3285 383 3340 καὶ
440 3285 523 3359 (τὸ
575 3283 956 3362 λαμπρότερον
1015 3284 1106 3341 καὶ
1140 3284 1271 3360 ὑπὲρ
1303 3287 1451 3359 ἡμᾶς
1519 3284 1713 3354 εἰπεῖν)
1745 3282 1944 3359 ῥήτορ-

295 3394 378 3429 σιν
417 3418 431 3442 ,
478 3373 530 3429 εἷ’
570 3373 661 3429 καὶ
705 3373 928 3430 ἐνταῦθά
985 3395 1068 3429 σοι
1119 3374 1184 3429 τὸ
1235 3379 1502 3450 πρωτεῖον
1557 3372 1942 3450 ἀπενέγκασθαι

294 3461 647 3539 περιγίνεται,
725 3460 800 3525 εἷ¹ς
873 3483 932 3518 τε
996 3461 1287 3536 νοημάτων
1343 3462 1487 3518 οὕτω
1547 3462 1641 3536 μὶν
1668 3459 1941 3537 ἔντεχνον,

294 3548 440 3607 οὕτω
498 3547 556 3606 δὲ
623 3548 822 3607 ἄπονον
878 3547 1090 3629 εὔροιαν
1147 3551 1234 3605 καὶ
1297 3550 1372 3614 εἷς
1429 3548 1639 3613 κάλλος
1696 3550 1942 3627 φράσεως

289 3637 646 3715 αὐτοσχέδιον
683 3681 698 3709 ,
775 3640 866 3695 καὶ
946 3640 1079 3717 ἅπερ
1148 3641 1285 3713 ἡμῖν
1344 3639 1523 3716 μακρὰ
1579 3638 1942 3714 πονουμένοις

293 3727 489 3784 οὔκουν
547 3725 677 3784 οὐδὲ
734 3728 894 3785 εἷσὲτι
951 3733 1248 3806 κατορθοῦν
1297 3724 1489 3798 ἔπεισι,
1533 3727 1792 3784 ταῦτασὺ
1852 3725 1943 3782 οὔ·

291 3838 402 3881 τως
459 3817 707 3893 ἀμογητὶ
766 3813 1185 3895 προϐεϐλησαι;
1248 3818 1318 3873 Σὲ
1365 3815 1423 3874 δὶ
1475 3816 1535 3873 ού
1593 3819 1753 3892 μόνον
1784 3821 1945 3873 τοῦτο

290 3912 493 3980 κοσμεῖ
545 3906 609 3961 τὸ
655 3911 757 3962 τοῦ
828 3907 1003 3983 λέγειν
1050 3905 1218 3963 καλὸν
1254 3951 1267 3977 ,
1321 3907 1465 3964 ἀλλὰ
1527 3907 1611 3962 σοὶ
1664 3907 1752 3962 καὶ
1804 3903 1945 3963 ἄλλο

292 3993 589 4071 προσέθετο
663 3995 794 4051 Θεὸς
877 3995 1336 4071 ὑπερεκπερισσοῦ
1367 4038 1385 4066 ,
1461 3993 1551 4048 καὶ
1626 3993 1701 4057 ὡς
1776 3993 1945 4047 εἰπεῖν

296 4082 676 4157 ἱπικόσμημα,
733 4084 796 4138 τὸ
852 4081 1172 4160 περίτρανον
1225 4089 1326 4152 τῆς
1383 4088 1600 4161 φωνῆς,
1657 4082 1721 4136 τὸ
1775 4079 1947 4158 γλυκὺ

292 4178 398 4243 τῆς
448 4169 666 4241 λαλιᾶς,
726 4172 786 4227 τὸ
814 4171 1143 4248 στρογγύλον
1201 4177 1300 4240 τῆς
1359 4170 1623 4249 φράσεως.
1674 4169 1779 4226 Καὶ
1831 4172 1947 4225 οἷον

302 4261 398 4336 μὶν
457 4260 516 4316 ἂν
546 4261 610 4315 τὸ
636 4265 732 4316 τοῦ
788 4262 1094 4336 Ὁμηρικοῦ
1156 4259 1396 4334 μεγάλου
1428 4259 1662 4335 ῥήτορος
1692 4260 1762 4330 ἦν
1793 4258 1948 4335 λιγύ-

300 4370 499 4429 φωνον,
562 4348 660 4405 οὐκ
708 4347 824 4425 ἔχω
874 4353 1058 4426 σαφῶς
1108 4348 1297 4419 εἰπεῖν,
1339 4345 1453 4404 οὐδ’
1481 4349 1613 4424 ὅπερ
1672 4348 1952 4423 ἀγορητὴς

295 4439 367 4509 ἦν
428 4438 631 4502 ἐκεῖνος
681 4438 857 4515 λιγύς·
915 4436 992 4502 εἷς
1038 4437 1095 4493 σέ
1121 4434 1179 4493 δὲ
1211 4438 1451 4514 ἀφορῶν,
1484 4435 1599 4514 ἔχω
1623 4436 1712 4492 καὶ
1744 4435 1948 4491 ἰκεῖνον

299 4532 636 4583 συνεπινοεῖν
715 4525 861 4603 τάχα
945 4527 1004 4582 ἄν
1061 4527 1307 4582 τοιοῦτόν
1360 4547 1481 4581 τινα
1536 4521 1766 4581 ἐκϐάντα
1816 4525 1952 4603 πρὸς

299 4615 529 4693 φύσεως.
580 4616 678 4671 Καὶ
713 4616 807 4689 μὶν
841 4615 1053 4690 (ἄλλως
1110 4615 1298 4688 εἰπεῖν)
1355 4617 1416 4671 τὸ
1480 4617 1573 4687 μὲν
1626 4613 1755 4688 λιγὺ
1814 4615 1953 4689 πρὸς

302 4702 537 4773 ὀξύτητα
567 4708 755 4780 φωνῆς
802 4702 988 4778 ἀνάγει
1042 4702 1135 4758 τὸν
1189 4707 1336 4757 νοῦν·
1397 4702 1530 4757 αὐτὸ
1583 4699 1640 4757 δὲ
1692 4701 1754 4757 ού
1810 4701 1948 4757 πάνυ

296 4812 353 4846 τι
410 4790 625 4867 εὐγενὲς
685 4790 737 4845 ἰν
797 4795 1042 4869 φωναῖς,
1110 4789 1257 4846 ἀλλά
1316 4787 1548 4845 παιδίων
1608 4790 1702 4865 μὲν
1760 4789 1954 4862 ἡλικίᾳ

301 4877 605 4958 σύμφυτον.
640 4878 739 4934 Καὶ
795 4880 972 4955 γέρων
1029 4876 1106 4948 δὲ,
1160 4879 1220 4933 ὃν
1279 4877 1356 4941 εἰς
1415 4875 1641 4934 δίπαιδα
1688 4879 1716 4933 ὁ
1751 4881 1953 4954 μακρὸς

303 4967 513 5044 χρόνος
534 4971 847 5044 κατήνεγκε,
907 4969 1133 5046 φωνήσῃ
1190 4968 1249 5022 ἃν
1312 4989 1446 5023 ποτε
1502 4966 1593 5038 ὀξὺ
1641 4969 1729 5023 καὶ
1769 4968 1951 5030 αὐτός·

305 5056 407 5112 οὐκ
434 5056 494 5111 ’ὰν
519 5054 579 5111 δὲ
621 5057 758 5134 γυνὴ
806 5061 906 5122 τῆς
948 5056 1207 5127 τοιαύτης
1252 5054 1542 5132 λιγύττμος
1574 5053 1952 5115 ἀπολείποιτο.

305 5143 378 5201 δι’
420 5146 485 5215 ἢν
534 5145 624 5200 καὶ
674 5145 901 5209 Μούσας
950 5144 1164 5221 λιγείας
1222 5145 1250 5200 ὁ
1310 5144 1473 5222 λόγος
1528 5152 1629 5215 τῆς
1683 5147 1957 5218 ποιήσεως

304 5233 669 5292 ἀνεπλάσατο.
714 5230 920 5290 Οὔκουν
954 5233 1163 5310 εὐγενὲς
1211 5233 1262 5290 ἐν
1315 5231 1534 5296 λαλιαῖς
1586 5234 1650 5289 τὸ
1680 5232 1809 5310 λιγὺ
1854 5241 1956 5305 τῆς

305 5330 514 5403 φωνῆς.
575 5321 736 5380 Ἀλλ’
791 5322 899 5399 ἐγὼ
955 5323 1019 5378 τὸ
1080 5323 1269 5398 τρανὶς
1327 5322 1379 5378 ἓν
1433 5323 1637 5399 εὐγενεῖ
1666 5325 1959 5402 φωνήματι

304 5413 395 5469 καὶ
425 5410 685 5491 διαφορὰν
736 5410 916 5489 λιγέος
944 5411 1089 5491 φημὶ
1139 5412 1229 5467 καὶ
1278 5411 1466 5487 τοροῦ.
1524 5411 1622 5467 Καὶ
1651 5412 1713 5467 τὸ
1766 5413 1859 5486 μὶν
1903 5410 1957 5467 ἐν

309 5501 489 5579 ὑφέσει
537 5501 727 5579 κρίνω·
758 5500 823 5556 τὸ
853 5498 901 5556 δ’
935 5499 1284 5574 ὑπερτίθημι.
1343 5500 1442 5555 Καὶ
1491 5498 1664 5555 ἐκεῖνο
1716 5501 1809 5573 μὲν
1860 5501 1960 5556 οὐκ

306 5587 624 5666 ἀνδρώδους
699 5587 824 5646 οὔτε
900 5587 1124 5661 ἡλικίας
1199 5591 1469 5664 ἡγοῦμαι,
1546 5586 1668 5645 οὔτε
1723 5589 1956 5667 φύσεωςο

186 5706 197 5719 κ
307 5683 472 5735 τοῦτο
521 5676 580 5735 δὶ
625 5678 966 5737 τελειότατόν
996 5699 1058 5734 τε
1084 5678 1177 5733 καὶ
1208 5675 1457 5753 ἀνδρικὸν
1490 5678 1543 5751 (ὃ
1574 5675 1641 5748 δὴ
1674 5678 1763 5733 καὶ
1791 5682 1860 5753 τῇ
1890 5682 1959 5753 σῇ

312 5767 601 5857 ἐπιπρᾶπει
657 5771 861 5848 φωνῇ),
917 5768 1031 5841 οἷον
1081 5764 1149 5837 δὴ
1199 5768 1396 5843 βροντή
1453 5772 1654 5845 πραεῖα
1677 5767 1959 5846 οὐρανόθεν

636 5887 897 5952 Panos.
950 5888 1062 5952 Gn.
1109 5886 1403 5952 CXXXV.

2131 3104 2219 3159 34.
2261 3103 2408 3168 Quid
2467 3120 2604 3177 ergo
2659 3102 2829 3160 nobis
2886 3103 3201 3178 reliquisti,
3255 3106 3712 3179 generosissime

2059 3211 2125 3250 ac
2166 3192 2604 3265 sapientissime
2662 3193 3004 3265 imperator,
3062 3194 3235 3251 nobis
3304 3195 3427 3252 sive
3513 3196 3709 3253 rheto-

2060 3284 2246 3353 ribus,
2304 3283 2422 3339 sive
2480 3283 2657 3339 etiam
2715 3284 2804 3355 (ut
2859 3284 3002 3355 quid
3055 3286 3125 3340 ad
3174 3284 3410 3341 laudem
3442 3290 3707 3342 nostram

2058 3372 2270 3444 dicam)
2330 3371 2684 3438 oratoribus,
2764 3388 2902 3428 cum
2960 3372 3063 3429 tibi
3119 3373 3180 3428 in
3268 3372 3363 3429 his
3446 3373 3707 3431 nobilius

2055 3463 2337 3519 debeatur
2367 3461 2694 3534 praemium,
2728 3466 2855 3518 tum
2888 3466 3123 3536 propter
3151 3462 3578 3535 cogitationum
3612 3480 3707 3520 sa-

2054 3551 2383 3623 gacitatem,
2410 3555 2538 3607 tum
2571 3554 2808 3624 propter
2864 3550 3096 3608 facilem
3152 3552 3598 3609 exuberantiam
3653 3556 3713 3610 et

2055 3640 2433 3714 improvisam
2460 3639 2809 3698 elocutionis
2840 3639 3218 3714 elegantiam,
3250 3658 3380 3715 qua:
3404 3657 3532 3714 nos,
3600 3642 3712 3700 etsi

2056 3730 2279 3786 diutius
2308 3729 2665 3798 laborantes,
2696 3729 2978 3803 consequi
3001 3731 3264 3786 nondum
3291 3730 3613 3804 potuimus,
3646 3734 3715 3789 ut

2057 3836 2188 3875 vero
2232 3819 2317 3875 ita
2342 3819 2469 3874 sine
2495 3818 2691 3875 labore
2738 3818 3151 3889 acquisivisti?
3217 3820 3297 3875 Te
3344 3824 3545 3877 autem
3596 3838 3715 3878 non

2057 3907 2250 3964 solum
2301 3906 2410 3961 iste
2468 3907 2527 3962 in
2585 3907 2806 3963 orando
2846 3908 3022 3963 decor
3067 3908 3335 3973 adornat,
3424 3909 3525 3965 sed
3607 3908 3716 3966 tibi

2057 3996 2214 4051 aliud
2252 3999 2421 4065 Deus,
2457 3998 2523 4050 ut
2570 3994 2651 4050 ita
2681 3995 2895 4066 dicam,
2957 4001 3373 4054 ornamentum
3434 3997 3710 4071 superin-

2057 4083 2186 4138 duit
2217 4101 2230 4139 :
2262 4097 2460 4137 vocem
2494 4081 2825 4155 limpidam,
2857 4100 3095 4140 suavem
3146 4083 3484 4153 dictionem,
3534 4084 3713 4158 phra-

2057 4173 2169 4227 sim
2201 4170 2538 4226 rotundam.
2588 4176 2664 4227 At
2696 4175 2919 4244 quanta
2951 4172 3188 4243 quidem
3243 4173 3493 4230 oratoris
3549 4172 3711 4230 illius

2059 4261 2131 4317 ab
2191 4260 2438 4315 Homero
2498 4258 2721 4315 laudati
2780 4260 2939 4317 vocis
2993 4259 3230 4318 claritas
3287 4261 3484 4330 fuerit,
3545 4264 3710 4336 equi-

2058 4351 2192 4405 dem
2223 4364 2486 4404 asserere
2517 4364 2630 4403 non
2666 4365 2932 4421 possum,
2984 4350 3087 4405 sed
3148 4350 3207 4406 in
3264 4354 3320 4406 te
3378 4350 3712 4423 suspiciens

2060 4454 2237 4512 super
2293 4453 2497 4493 omnes
2548 4453 2581 4493 a
2630 4441 2844 4494 natura
2918 4437 3194 4508 electum,
3254 4438 3403 4495 illud
3463 4439 3715 4498 infuisse

2060 4529 2262 4583 statim
2322 4526 2613 4583 discerno.
2692 4526 2977 4599 Equidem
3063 4528 3152 4598 (ut
3234 4526 3402 4584 aliter
3496 4528 3715 4603 dicam)

2064 4615 2389 4688 limpiditas
2413 4615 2484 4670 ad
2518 4619 2748 4671 acutam
2791 4632 2992 4671 vocem
3052 4616 3223 4687 erigit
3268 4620 3547 4686 mentem,
3606 4617 3718 4675 hoc

1984 4691 2026 4754 Ι)
2059 4710 2254 4760 autem
2287 4720 2403 4759 non
2433 4708 2521 4759 est
2550 4704 2692 4776 quid
2739 4704 2936 4760 nobile
2966 4704 3121 4759 inter
3141 4721 3331 4778 voces,
3365 4706 3464 4761 sed
3518 4705 3719 4762 infan-

2060 4792 2212 4848 tium
2243 4792 2395 4847 aetati
2427 4793 3015 4865 congenitum.Senex
3043 4809 3177 4849 vero
3207 4810 3385 4866 quem
3414 4793 3475 4849 in
3508 4811 3717 4851 novam

2059 4881 2303 4954 longum
2357 4885 2594 4952 tempus
2645 4881 2954 4937 infantiam
3016 4879 3281 4952 adduxit,
3343 4886 3514 4939 acuta
3578 4899 3717 4939 voce

2062 4970 2343 5042 loquitur,
2402 4970 2503 5025 sed
2550 4969 2765 5026 mulier
2813 4971 2992 5026 etiam
3041 4987 3350 5042 nunquam
3404 4970 3508 5027 illa
3559 4972 3715 5029 vocis

2065 5061 2329 5118 claritate
2372 5059 2613 5128 carebit,
2675 5066 2914 5133 propter
2987 5077 3165 5133 quam
3241 5063 3440 5117 Musas
3514 5062 3714 5134 poesis

2066 5149 2289 5206 efﬂuxit
2320 5152 2582 5221 argutas.
2619 5148 2805 5221 Igitur
2836 5148 2986 5204 nihil
3020 5154 3111 5205 est
3176 5149 3236 5205 in
3286 5147 3578 5222 loquando
3626 5150 3716 5207 in-

2067 5240 2234 5313 signe
2264 5237 2527 5309 liquidus
2556 5238 2713 5294 vocis
2747 5254 2950 5295 sonus.
2985 5238 3203 5295 Verum
3251 5255 3381 5295 mea
3425 5240 3721 5297 sententia

2069 5327 2325 5384 multum
2364 5326 2518 5381 inter
2574 5342 2636 5381 sc
2677 5326 2958 5382 differunt
3007 5327 3166 5383 clara
3214 5344 3323 5383 vox
3392 5332 3450 5383 et
3523 5333 3717 5386 acuta.

2071 5416 2230 5471 Hanc
2280 5414 2512 5485 quidem
2574 5413 2908 5469 inferiorem
2933 5413 3159 5485 judico,
3191 5413 3355 5469 illam
3388 5418 3585 5471 autem
3617 5433 3722 5472 an-

2068 5508 2306 5575 tepono.
2353 5500 2521 5556 Illam
2570 5516 2677 5556 nec
2733 5500 2985 5569 virilem,
3027 5517 3133 5556 nec
3192 5501 3461 5573 perfecta;
3513 5503 3723 5575 astatis,

2072 5607 2178 5647 nec
2212 5588 2537 5647 naturalem
2568 5589 2759 5658 duco;
2793 5589 2944 5645 hanc
2976 5604 3114 5645 vera
3170 5589 3491 5662 perfectam
3548 5596 3729 5665 atque

2074 5680 2301 5737 virilem
2323 5678 2503 5751 (quod
2535 5694 2677 5734 sanc
2698 5683 2863 5735 tuam
2883 5677 3159 5751 designat
3187 5679 3617 5754 vocem),quale
3637 5697 3729 5738 so-

2072 5785 2287 5827 norum
2310 5768 2502 5826 tonitu
2533 5766 2770 5827 salitus
2801 5768 3056 5843 graviter
3077 5766 3310 5838 stridet,
3344 5784 3462 5826 non
3492 5768 3731 5842 quidem

3328 5886 3402 5948 3i
