4066 6374
266 432 386 492 973
1126 430 1525 495 MANUELIS
1568 431 1920 495 GOMNENI
1966 431 2365 497 LAUDATIO
2408 434 2825 498 FUNEBRIS.
3571 433 3690 495 974

271 561 364 618 καὶ
422 561 782 639 μιμησόμεθα
828 562 989 618 τοῦτό
1036 582 1097 639 γε
1137 561 1437 640 ἀμφότεροι
1485 563 1575 617 τὸν
1626 559 1921 637 Ἰορδάνην,

2042 565 2343 638 ﬂuentem,
2370 572 2428 624 et
2473 567 2533 621 in
2565 566 2675 623 hoc
2730 566 3045 624 Jordanem
3103 566 3408 623 imitemur
3461 566 3565 639 qui
3630 568 3690 623 et

272 653 332 714 ὃς
377 651 436 708 ἐκ
485 648 639 706 δυοῖν
689 653 779 707 καὶ
816 652 979 714 αὐτὸς
1025 655 1289 719 ποταμῶν
1333 653 1397 707 τὸ
1441 652 1656 729 ῥεῖθρον
1706 652 1798 707 καὶ
1825 653 1921 722 τήν

2042 653 2170 725 ipse
2202 670 2232 709 e
2265 656 2499 712 duobus
2532 656 2879 712 ﬂuminibus
2907 660 3036 712 tum
3069 656 3382 728 ﬂuentum,
3411 660 3542 712 tum
3591 672 3689 711 no-

92 770 129 779 —-
271 740 471 811 κλῆσιν
524 739 884 817 συμμίγνυσιο
934 740 1026 796 καὶ
1079 740 1428 814 ἱπευξώμεθα
1479 746 1595 804 τοῖς
1648 740 1921 818 βασιλεῦσι

2042 758 2173 798 men
2205 744 2565 813 commiscet,
2599 750 2656 800 et
2688 762 2999 818 precemur
3020 745 3558 817 utimperatoribus
3587 761 3692 817 per

86 840 145 859 "
269 831 341 886 τὸ,
365 837 469 901 τῆς
518 835 662 901 ζωῆς
713 827 917 901 λοιπῆς
945 829 1157 901 ἁπάσης
1206 831 1686 905 ὑπερανῳκισμὲνα
1729 851 1921 901 συντη-

2042 836 2223 888 totam
2267 834 2449 889 vitam
2505 834 2762 891 futuram
2810 833 3069 892 caalestia
3124 850 3353 892 necnon
3410 832 3691 907 perennia

272 924 483 997 ρεῖσθαι
514 919 605 976 καὶ
635 917 1057 996 πολυχρόνιαθ)

2042 925 2459 978 conserventur
2488 923 2660 979 bona.

269 1122 3689 1152 Μ

1558 1334 2419 1496 EJUSDEM

477 1615 1113 1713 MANUELIS
1187 1618 1756 1717 COMNENI
1815 1619 2060 1714 IMP.
2135 1619 2761 1716 LAUDATIO
2833 1621 3477 1719 FUNEBBIS.

89 1848 129 1878 εί
140 1848 145 1855 ’
1942 1855 2012 1870 —

263 2009 373 2085 Τοῦ
426 2005 594 2085 mith
646 2005 708 2062 τὸ
762 2006 960 2085 γραφὶν
1000 2006 1099 2085 εἰς
1152 2007 1248 2085 τόν
1302 2004 1598 2085 ἀοίδιμον.Δ
1629 2005 1682 2062 ἐν
1747 2006 1921 2085 ἀγίοις

2042 2008 2292 2085 Ejusdem
2312 2012 2491 2085 oratio
2520 2012 2579 2085 iri
2599 2010 2865 2085 celebrem
2912 2013 3064 2067 inter
3114 2020 3330 2069 sanctos
3387 2027 3541 2085 reges
3584 2016 3688 2072 Do-

380 2077 629 2167 ασιλεῦρι
729 2077 892 2167 κῦριὶ
982 2080 1266 2167 ’Μανουὴλ
1350 2077 1469 2167 [ibi
1564 2078 1847 2167 Κομνηνόν
1912 2121 1921 2136 .

2071 2077 2083 2082 ⁷
2109 2082 2663 2167 γηεηιιηιμαηιιείωη
2692 2083 3232 2167 ϐοωπδηιιηιτριεοα
3269 2077 3468 2167 πινζυηὶ
3504 2087 3688 2167 minus

362 2151 510 2226 Οπερ
567 2149 651 2204 ὅτι
680 2218 699 2226 ᾳ
727 2149 809 2203 0'3'
857 2149 1173 2226 τυχόντωςΔ
1219 2149 1673 2226 Meduana}
1730 2149 1926 2207 πεπαι-

342 2218 600 2298 δευμένος
662 2218 983 2298 ’διακρινεῖῖ
1038 2218 1270 2298 Πολλῶν
1313 2224 1450 2298 Δγὰρ
1522 2220 1723 2298 λᾶλλ-ως
1798 2243 1929 2298 γρα-

343 2291 582 2422 ῒάντων,
657 2291 1011 2371 ἐστρυφνώθη
1087 2294 1224 2371 πρὸς
1310 2291 1571 2371 διαφορὰν
1630 2296 1658 2349 ὁ
1737 2291 1925 2370 παρὼν

376 2386 655 2422 πιταφιος.

376 2386 655 2444 πιταφιος.

345 2480 406 2528 α’.
444 2473 560 2530 Οὐκ
614 2471 684 2542 ἦν
747 2493 840 2545 μοι
895 2469 1287 2550 καραδοκόῦντι
1354 2470 1751 2546 τετολμηκὲναι
1810 2473 1929 2527 τινὰ

274 2560 550 2639 μεγαλείῳ
603 2560 849 2635 τοσούτῳ
906 2559 1074 2639 λόγου
1150 2562 1336 2617 ἑαυτὸν
1394 2558 1730 2637 παραϐαλεῖν
1776 2604 1791 2631 ,
1850 2561 1925 2624 ὡς

272 2651 416 2707 οὕτω
444 2650 589 2727 ταχὺ
612 2652 704 2706 τὸν
733 2650 1063 2723 τηλικοῦτον
1097 2650 1349 2721 ἐθελῆσαι
1407 2650 1633 2727 βασιλέα
1678 2650 1924 2725 κείμενον

272 2738 425 2817 λόγῳ
483 2739 665 2813 ἐξᾶραι
698 2783 712 2810 ,
770 2740 861 2796 καὶ
929 2745 1263 2816 στεγανῶσαι
1324 2741 1421 2814 μὲν
1477 2744 1809 2816 καρτερικῶς
1862 2741 1926 2795 τὸ

274 2825 527 2904 δάκρυον,
559 2828 762 2906 ἐφεῖναι
805 2827 863 2884 δὲ
908 2833 979 2904 τῇ
1026 2826 1250 2905 γλώσσῃ
1299 2828 1511 2885 λαλεῖν.
1547 2832 1779 2906 Μικροῖς
1830 2831 1924 2902 μὲν

271 2916 371 2993 γὰρ
458 2925 800 2994 χαρακτῆρσι
883 2920 976 2973 τὸν
1066 2920 1317 2994 μέγιστον
1400 2916 1805 2973 ἐγτυπώσασθαι
1863 2918 1925 2973 οὐ

271 3008 411 3063 πάνυ
467 3012 568 3083 τῇς
625 3008 849 3082 ἀρίστης
902 3008 1121 3083 τίθεμαι
1169 3016 1465 3085 γραφικῆς·
1505 3010 1715 3083 ὑψῶσαι
1774 3006 1831 3063 δὲ
1860 3007 1925 3063 αὖ

273 3096 442 3153 πάλιν
472 3098 609 3173 πρὸς
669 3097 817 3168 ἀξίαν
865 3096 1054 3174 λόγοις
1099 3098 1192 3153 τὸν
1238 3097 1552 3171 Ὀλύμπιον
1601 3098 1665 3153 οὐ
1727 3102 1926 3173 μικροῦ

271 3189 467 3262 καιροῦ
509 3229 524 3254 ,
576 3182 702 3241 ἔνθα
758 3184 849 3241 καὶ
910 3185 1090 3263 μακρὰ
1147 3188 1483 3261 σκεψάμενον
1544 3185 1644 3242 οὔκ
1698 3180 1923 3250 εὐθυϐο-

274 3274 443 3345 λῆσαι
501 3274 639 3349 πρὸς
668 3275 736 3331 τὰ
773 3279 872 3331 τοῦ
902 3279 1108 3331 σκοποῦ
1163 3274 1432 3339 κίνδυνος.
1489 3273 1649 3333 Ἀλλ’
1706 3274 1923 3352 ἐπείπερ

2109 2154 2418 2227 methqdice
2445 2158 2591 2224 forte
2644 2157 2943 2227 tractatum
2993 2156 3086 2227 sit,
3140 2157 3424 2212 litteratus
3475 2156 3684 2213 discer-

2108 2234 2224 2299 net.
2260 2225 2396 2299 Cum
2424 2228 2575 2283 enim
2604 2226 2775 2281 aliter
2796 2225 3149 2298 scripsissent
3176 2229 3360 2299 multi,
3401 2227 3687 2286 rudiarem

2106 2298 2315 2369 stylum
2331 2298 2556 2372 fatetur
2578 2314 2828 2369 prmens
2853 2299 3217 2371 epitaphium.

2109 2475 2164 2531 4.
2196 2475 2337 2531 Mihi
2371 2474 2620 2532 sollicite
2650 2476 3013 2549 exspectanti
3055 2476 3415 2549 permissum
3446 2494 3565 2535 non
3601 2481 3692 2537 est

2036 2565 2109 2620 ad
2135 2564 2482 2637 eloquentiae
2514 2581 2787 2621 coronam
2820 2564 3102 2637 aspirare,
3135 2570 3194 2621 et
3221 2570 3453 2622 tantum
3501 2566 3689 2640 impe-

2036 2658 2289 2710 ratorem
2322 2657 2455 2726 post
2501 2657 2751 2710 mortem
2812 2654 2894 2710 ita
2951 2654 3243 2712 celebrare
3292 2659 3358 2711 ut
3412 2655 3690 2727 lacrymis

2034 2742 2319 2814 repressis
2343 2742 2548 2815 lingua
2572 2760 2687 2799 non
2720 2747 2930 2813 taceat,
2954 2748 3012 2800 et
3041 2744 3267 2818 exiguis
3298 2744 3537 2817 quidem
3557 2761 3685 2803 ver-

2038 2833 2127 2889 bis
2155 2833 2573 2905 imperatorem
2596 2831 2879 2888 eximium
2911 2832 3233 2905 designans
3284 2837 3489 2890 contra
3545 2833 3685 2908 styli

2034 2921 2267 2994 regulas
2290 2926 2597 2994 peccaret;
2621 2938 2725 2993 pro
2755 2921 3041 2995 dignitate
3067 2926 3265 2978 autem
3313 2923 3504 2979 virum
3552 2939 3686 2979 vere

2033 3010 2365 3085 Olympium
2395 3013 2495 3084 qui
2526 3011 2723 3084 dignis
2752 3011 3029 3068 laudibus
3089 3010 3383 3069 celebrare
3436 3012 3687 3069 voluerit

2031 3099 2208 3173 longo
2236 3099 2519 3172 temporis
2551 3099 2744 3172 spatio
2774 3116 2923 3172 opus
2952 3099 3214 3173 haberet,
3246 3102 3685 3174 essetqueme-

2033 3189 2321 3246 tuendum
2349 3206 2423 3246 ne
2454 3188 2820 3262 propositum
2856 3204 2993 3261 non,
3025 3192 3093 3245 ut
3114 3205 3222 3262 par
3257 3192 3369 3259 est,
3429 3189 3685 3264 attinge-

2032 3282 2141 3335 ret.
2175 3278 2289 3335 Sed
2320 3278 2476 3334 sicut
2504 3277 2564 3334 in
2597 3277 2790 3334 ofﬁcio
2824 3276 3121 3350 implendo
3151 3276 3320 3335 labor
3374 3278 3686 3351 improbus

271 3365 307 3435 ἡ
341 3363 395 3420 ἐν
428 3362 605 3419 δέοντι
651 3363 923 3440 θερμότης
953 3365 1009 3420 εὖ
1057 3367 1291 3420 ποιοῦσα
1340 3362 1667 3436 ἐκνενίκηκε,
1722 3364 1812 3420 καὶ
1858 3364 1921 3420 τὸ

2042 3368 2236 3424 omnia
2264 3366 2468 3433 vincit,
2502 3367 2588 3423 sic
2620 3366 2869 3423 oratoris
2897 3366 3075 3424 verba
3103 3365 3410 3424 victoriam
3441 3371 3533 3424 est
3581 3368 3683 3425 ubi

268 3452 322 3508 ἐν
374 3452 559 3528 λόγοις
632 3449 904 3528 ἀνδρῶδες
975 3453 1444 3531 πεπαῤῥησίασται
1480 3498 1493 3511 .
1549 3454 1622 3510 Οὐ
1698 3453 1798 3531 γὰρ
1862 3452 1923 3508 ἃν

270 3544 427 3617 ψυχὴ
461 3540 765 3617 φιλόκαλος
812 3543 947 3598 κατὰ
992 3541 1121 3606 τοὺς
1168 3542 1221 3598 ἂν
1270 3541 1546 3621 τραγῳδίᾳ
1574 3540 1921 3619 ἐγκεκαλυμ-

276 3631 470 3706 μὲνους
545 3630 634 3687 ἰπὶ
714 3633 977 3705 μήκιστον
1045 3629 1315 3704 διατεθείη
1354 3677 1368 3699 ,
1428 3635 1569 3706 μήτε
1639 3632 1921 3709 προσώπῳ

268 3719 653 3800 ἐκφαινομὲνη,
716 3721 858 3794 μήτε
903 3718 1092 3799 λόγοις
1152 3718 1493 3778 διαδεικνῦσα
1541 3728 1788 3799 παρεῖναι
1839 3726 1919 3795 τῷ

271 3812 456 3878 ζῶντι.
516 3809 619 3865 Καὶ
664 3809 715 3864 οἱ
771 3816 869 3879 τῆς
918 3811 1129 3885 ἀγαθῆς
1176 3810 1468 3885 ὶπιθυμίας
1515 3807 1722 3889 ἀνδρες,
1773 3812 1857 3873 οἷς
1889 3811 1917 3866 ὁ

269 3895 439 3972 λόγος
490 3894 788 3971 ἑλλάμπει,
838 3898 1166 3956 ἀνάπτουσιν
1221 3897 1363 3975 ἄρτι,
1415 3901 1595 3976 ὥσπερ
1635 3900 1732 3961 τὰς
1782 3900 1919 3975 πρὸς

268 3984 541 4058 αἴσθησιν,
595 3984 739 4043 οὕτω
791 3988 881 4043 καὶ
934 3988 1109 4064 λόγου
1166 3986 1456 4063 λαμπάδας
1521 3993 1603 4061 τῷ
1657 3988 1914 4062 κειμένῳ,

268 4076 407 4130 κατά
453 4095 574 4131 τινα
617 4075 707 4131 καὶ
754 4073 1133 4148 αὖτοδεξίωσιν
1186 4075 1530 4156 όφειλετικήν
1574 4077 1663 4131 καὶ
1694 4076 1911 4132 ὁσίωσιν

268 4164 601 4241 πρέπουσαν.

345 4253 412 4329 β’.
445 4251 545 4325 Εἴη
604 4250 665 4308 ἂν
721 4254 962 4331 ἀγεννὴς,
1019 4254 1112 4309 καὶ
1166 4252 1218 4309 ἐν
1280 4256 1356 4328 μὴ
1410 4252 1585 4311 δέοντι
1615 4254 1781 4328 ἐνεὸς,
1825 4253 1915 4312 καὶ

270 4341 373 4398 οὐκ
396 4340 553 4405 εἰδὼς
583 4343 769 4399 ἑαυτὸν
839 4348 1073 4421 μετρεῖν,
1131 4339 1257 4409 ἔνθα
1317 4346 1409 4418 μὲν
1468 4347 1743 4423 σιγητέον,
1791 4342 1918 4411 ἔνθα

270 4428 331 4486 δὲ
378 4431 670 4503 λαλητίον,
701 4433 730 4487 ὁ
782 4433 858 4507 μὴ
913 4437 1031 4496 τοῖς
1089 4431 1361 4497 τοιούτοις
1417 4434 1553 4511 πρὸς
1610 4435 1919 4508 ὁμοιότητα

269 4517 767 4598 συνδιεεαγόμενος.
818 4521 1063 4596 Μίμησιν
1117 4522 1222 4599 γὰρ
1271 4519 1417 4600 ἔχων
1447 4525 1586 4588 ἅπας
1632 4526 1916 4600 ἄνθρωπος

271 4606 617 4685 διδάσκαλον,
644 4611 734 4666 καὶ
782 4610 973 4686 αὐτὴν,
1023 4610 1131 4684 ὅπη
1190 4610 1475 4689 βούλοιτο,
1521 4612 1628 4669 εἷίτε
1660 4615 1833 4670 καλοῦ
1861 4634 1920 4668 τε

266 4698 359 4754 καὶ
390 4699 588 4775 ἀγαθοῦ
634 4720 807 4770 τινος,
855 4698 963 4755 εἴτε
1009 4701 1099 4757 καὶ
1147 4705 1255 4756 τῶν
1302 4701 1378 4766 ὡς
1429 4702 1625 4779 ἒτέρως
1654 4701 1916 4779 ἆχόντων,

272 4788 608 4844 σιωπώντων
653 4790 747 4863 μὶν
796 4792 906 4845 τῶν
956 4788 1441 4867 ἀλλογιμωτέρων,
1500 4792 1590 4848 καὶ
1619 4793 1783 4856 αὐτὸς
1832 4789 1915 4848 ἄν’

271 4874 505 4933 λαλοῦσι
532 4874 591 4933 δὲ
645 4879 707 4933 τὸ
766 4879 1056 4958 σύμφωνον
1116 4879 1488 4955 ιναρμόσεται,
1537 4881 1628 4936 καὶ
1680 4880 1917 4955 μᾶλλον,

272 4961 425 5041 εἴπερ
476 4965 568 5021 καὶ
600 4966 630 5022 ὁ
658 4963 862 5045 φθάσας
922 4966 1041 5043 βίος
1094 4966 1339 5024 τοιοῦτόπν
1398 4989 1516 5025 τινα
1574 4965 1780 5048 ἔτρεφε,
1841 4971 1917 5044 μή

275 5052 505 5120 θάλοντά
531 5075 695 5111 τινων
728 5056 967 5131 ὑστερεῖν
1017 5052 1214 5120 λαλιᾶς
1260 5063 1362 5127 τῆς
1405 5055 1489 5112 ἐπ’
1535 5060 1740 5135 ἀγαθῷ,
1773 5056 1923 5122 οτίους

274 5143 422 5222 φημί
450 5164 599 5207 τινας
626 5143 717 5200 καὶ
766 5145 914 5217 ἡμᾶς
961 5142 1049 5200 ἐπὶ
1094 5149 1210 5208 τοῖς
1254 5150 1351 5201 τοῦ
1402 5152 1734 5224 μακαριστοῦ
1770 5149 1920 5224 βασι-

274 5233 417 5296 λὲως
446 5227 719 5304 ἀποϐῆναι
767 5231 1112 5306 θαυμασίοις.
1161 5236 1327 5293 "Orto:
1364 5237 1467 5312 γάρ
1499 5257 1631 5292 ποτε
1660 5239 1920 5313 παρήκοι,

275 5319 398 5379 οὐδ’
419 5325 567 5398 ἡμᾶς
600 5323 630 5378 ὁ
661 5321 863 5399 χρόνος
893 5319 1042 5398 εὗρεν
1095 5320 1385 5387 ὀκνοῦντας
1422 5325 1492 5381 τὰ
1521 5323 1719 5382 δυνατᾶ
1757 5325 1924 5402 ἰγκώ-

280 5430 400 5487 μια.

347 5508 414 5579 γ.
472 5500 576 5573 Εῗη
638 5499 697 5557 δὲ
771 5498 833 5557 ἂν
897 5499 1113 5557 πάντων
1185 5503 1535 5561 ἀτοπώτατον
1577 5551 1594 5577 ,
1646 5505 1930 5581 περιόντος

282 5591 379 5665 μὶν
410 5595 492 5664 τῷ
548 5590 655 5667 βίῳ
704 5591 781 5665 μὴ
828 5587 1159 5648 διεκπίπτειν
1209 5592 1428 5670 εΐσάγαν
1474 5598 1573 5650 τοῦ
1627 5595 1679 5651 ἐν
1741 5595 1930 5672 λόγοις

278 5682 700 5755 προθυμεῖσθαι,
756 5677 1091 5744 ἀπελθόντος
1150 5678 1228 5752 δι,
1289 5684 1428 5738 ὅπου
1477 5686 1545 5739 τὰ
1597 5684 1881 5761 κρείττονα
1908 5730 1928 5761 ,

277 5768 510 5826 κατόπιν
562 5772 665 5837 τῆς
721 5767 961 5835 παλαιᾶς
1014 5771 1323 5849 προθυμίας
1377 5771 1553 5838 ἐλθεῖν
1584 5813 1601 5845 ,
1658 5770 1787 5840 ἔνθα
1838 5776 1931 5833 καὶ

2035 3456 2748 3530 reportarunt.Nunquam
2771 3456 2930 3512 enim
2962 3456 3198 3513 animus
3222 3456 3684 3529 pulchritudinis

2031 3562 2241 3602 amans
2279 3545 2576 3618 tragcsdos
2607 3544 2939 3601 imitabitur
2963 3544 3024 3600 in
3056 3544 3486 3602 concinnandis
3546 3562 3683 3620 per-

2030 3635 2197 3691 sonis
2226 3632 2476 3690 scenicis
2506 3636 2565 3689 et
2580 3631 2891 3704 colloquiis
2922 3633 2996 3688 ad
3023 3632 3221 3689 vivum
3259 3631 3678 3705 exprimendis.

2031 3724 2155 3780 Viri
2176 3728 2372 3781 autem
2396 3723 2560 3779 bonas
2589 3720 2904 3778 voluntatis
2934 3724 2993 3778 et
3030 3722 3247 3793 quibus
3299 3721 3676 3778 ratiocinium

2027 3811 2252 3869 clarum
2279 3815 2486 3884 praasto
2508 3814 2621 3877 est,
2652 3811 2776 3867 viro
2806 3810 3084 3868 defuncto
3118 3811 3273 3869 faces
3329 3811 3676 3884 eloquentia

2027 3902 2381 3971 accendunt,
2411 3899 2824 3972 gratulationis
2854 3915 2922 3956 ao
2951 3900 3442 3958 sanctificationis
3470 3900 3677 3958 debitas

2024 4006 2270 4048 munere
2299 3989 2630 4063 fungentes.

2092 4260 2150 4315 2.
2190 4258 2443 4330 Ignavus
2474 4273 2617 4315 sane
2647 4264 2811 4314 estet
2839 4253 3135 4327 stupidus,
3153 4257 3213 4311 et
3239 4254 3335 4311 sui
3356 4255 3677 4332 impotens,

2024 4348 2130 4422 qui
2159 4364 2264 4405 nec
2295 4352 2487 4403 tacere
2516 4362 2623 4402 nec
2646 4344 2810 4418 loqui
2839 4348 3167 4417 opportuno
3187 4342 3314 4400 loco
3361 4344 3570 4401 didicit
3622 4348 3683 4402 et

2027 4435 2128 4508 qui
2157 4435 2252 4492 his
2282 4435 2459 4491 rebus
2488 4438 2724 4506 tempus
2754 4437 2958 4504 aptum
2989 4431 3433 4489 accommodem
3470 4432 3678 4489 nescit.

2025 4525 2285 4591 Quilibet
2313 4524 2469 4581 enim
2501 4523 2677 4580 homo
2702 4521 3053 4595 magistrum
3068 4536 3245 4578 suum
3258 4525 3327 4577 ut
3340 4521 3680 4595 exemplum

2028 4616 2197 4687 sequi
2228 4618 2422 4688 potest
2450 4612 2511 4669 in
2543 4612 2721 4669 rebus
2743 4610 3008 4684 pulchris
3038 4615 3098 4667 et
3126 4610 3415 4680 honestis,
3474 4609 3561 4667 ita
3615 4614 3684 4668 ut

2028 4706 2079 4761 si
2104 4705 2206 4761 alii
2234 4701 2595 4759 dissentiunt
2622 4705 2682 4759 et
2701 4701 3022 4774 prudenter
3047 4703 3267 4768 tacent,
3284 4699 3412 4772 ipse
3443 4716 3680 4773 quoque

2030 4792 2414 4866 prudentium
2446 4790 2780 4863 exemplum
2793 4792 3077 4861 sequatur
3104 4792 3383 4845 eteorum
3410 4788 3513 4861 qui
3541 4805 3682 4846 con-

2030 4899 2178 4940 sona
2206 4881 2412 4938 dicunt
2439 4885 2637 4953 partes
2667 4877 3082 4951 amplectatur,
3117 4876 3442 4950 prasertim
3474 4876 3527 4934 si
3575 4893 3684 4933 an-

2030 4977 2227 5030 teacta
2252 4970 2372 5027 vita
2399 4968 2590 5026 virum
2623 4966 2794 5024 nobis
2825 4967 3086 5024 ostendit
3116 4967 3218 5039 qui
3246 4966 3349 5023 ubi
3376 4966 3452 5022 de
3512 4964 3683 5021 bonis

2031 5063 2209 5120 rebus
2237 5058 2559 5118 consilium
2588 5057 2941 5125 habebatur,
2984 5055 3142 5111 inter
3197 5056 3425 5128 primos
3479 5058 3683 5111 votum

2030 5149 2359 5210 daretzoui
2391 5147 2618 5205 similes
2670 5145 2891 5201 erimus
2942 5144 3042 5200 ubi
3101 5144 3254 5200 beati
3309 5143 3686 5217 imperatoris

2032 5243 2277 5299 virtutes
2307 5236 2587 5295 laudibus
2616 5232 2938 5290 efferimus.
2969 5238 3212 5305 Semper
3238 5232 3397 5290 enim
3452 5233 3512 5287 et
3553 5230 3688 5287 ubi-

2035 5348 2149 5405 que
2187 5325 2479 5387 occasioni
2515 5324 2713 5397 ipsum
2770 5321 3049 5377 laudibus
3097 5321 3433 5379 celebrandi
3474 5324 3688 5393 praesto

2035 5435 2280 5479 erimus.

2108 5511 2162 5566 3.
2194 5505 2353 5565 Nihil
2375 5517 2549 5577 porro
2579 5499 2900 5557 absurdius
2930 5515 3112 5573 quam
3140 5499 3341 5556 videre
3380 5498 3687 5557 hominem

2038 5599 2182 5656 dum
2211 5595 2351 5653 vivit
2381 5592 2580 5648 minus
2609 5591 2682 5647 ab
2712 5588 3045 5646 oratoribus
3076 5587 3515 5661 laudari,cujus
3536 5603 3691 5647 mor-

2038 5688 2131 5747 tui
2160 5682 2507 5743 memoriam
2541 5679 2936 5752 maximopere
2967 5678 3150 5737 iidem
3180 5677 3501 5737 celebrant.
3516 5679 3689 5736 Vivo-

2041 5793 2175 5836 rum
2205 5778 2362 5834 certe
2386 5772 2520 5831 laus
2549 5770 2826 5843 suspecta
2853 5771 2945 5828 est
2971 5768 3046 5827 ob
3087 5767 3506 5829 verecundiam
3561 5781 3691 5840 qua
