4066 6372
362 415 474 478 9⁵11

1148 412 1572 476 EUSTATHII
1616 411 2388 474 THESSALONIGENSIS
2431 410 3016 476 METROPOLITAE

3670 414 3796 474 972

371 547 547 603 feroci
577 550 635 603 et
667 547 918 602 nimium
949 561 1156 620 aspere
1189 547 1406 613 sonitu,
1431 547 1532 602 sed
1566 544 1818 617 simplici
1850 549 1907 601 et
1933 563 2023 601 ar-

2150 547 2359 616 σιμνῶς
2414 544 2692 620 ῥήγνυται,
2753 544 2813 599 οὐ
2871 545 3009 620 πρὸς
3063 537 3373 619 ἐμϐρίθειαν
3411 586 3425 612 ,
3477 539 3604 597 ούδὶ
3663 542 3797 619 ἄγαν

375 640 514 708 guto
546 635 716 692 sibilo
738 636 1004 708 jncunde
1045 635 1379 694 audientem
1417 636 1487 690 ad
1550 651 1612 692 se
1661 638 2026 690 convertens.

381 726 688 782 Hereicum
719 729 926 782 tonum
957 723 1210 782 similem
1241 728 1344 780 tua
1373 722 1590 779 emittit
1624 722 1874 794 loquela.
1908 727 2031 778 Tua

382 814 622 887 quidem
647 814 802 871 labia
823 831 926 886 pro
953 813 1374 886 cogitationum
1398 810 1707 868 dulcedine
1728 813 2029 868 Musarum

383 905 686 976 proferunt
743 904 1194 970 concinentiam;
1270 918 1370 958 aer
1424 918 1559 958 vero
1608 902 1776 973 quasi
1809 901 2030 958 tonitru

383 1009 698 1066 percussus
720 992 1030 1065 splendida
1058 992 1319 1064 quidem,
1353 991 1453 1047 sed
1487 990 1794 1047 horrisona
1842 989 2031 1046 inere-

385 1083 512 1139 buit
580 1081 933 1139 resonantia.
986 1086 1051 1136 Et
1108 1098 1177 1138 ex
1223 1080 1594 1136 auditoribus
1653 1079 1804 1136 alius
1861 1080 2032 1151 quasi

384 1173 672 1230 ambabus
703 1178 803 1228 tua
832 1173 1008 1227 verba
1036 1169 1375 1242 complexus
1401 1185 1415 1224 :
1474 1185 1615 1225 aure
1667 1169 1904 1242 quidem
1936 1186 2034 1225 ve-

380 1279 508 1318 cem
562 1267 850 1335 argutam,
903 1266 1096 1317 mente
1142 1277 1275 1316 vero
1333 1259 1706 1331 cogitationis
1761 1257 2033 1314 sublimi-

375 1356 579 1421 tatem,
611 1352 869 1406 divinam
901 1351 1098 1405 credet
1124 1366 1186 1406 se
1208 1365 1407 1405 vocem
1463 1348 1688 1415 audire,
1746 1353 1804 1404 et
1858 1363 2033 1420 ange-

386 1442 506 1497 lum
538 1441 765 1497 ceelitus
797 1441 978 1513 loqui,
1038 1440 1190 1496 alius
1240 1444 1435 1496 autem
1493 1439 1554 1494 in
1607 1444 1858 1496 mentem
1919 1456 2033 1495 non

386 1535 722 1604 penetrans,
750 1532 849 1586 sed
883 1529 942 1584 in
976 1545 1209 1584 summe
1240 1527 1483 1600 loquela;
1514 1527 1873 1584 celeritatem
1906 1545 2036 1600 per-

388 1620 708 1692 stringens,
743 1619 952 1674 dixerit
983 1617 1288 1689 paciﬁcum
1319 1618 1393 1673 ab
1431 1616 1676 1673 excelsis
1717 1632 1777 1672 se
1834 1617 2037 1673 audire

392 1709 742 1766 tonitruum.
775 1711 1044 1764 Stentora
1074 1706 1168 1762 hic
1211 1721 1515 1778 possemus
1575 1705 1866 1762 adducere
1901 1729 1914 1773 ;
1947 1709 2040 1761 ast

393 1814 499 1873 ego
531 1799 687 1854 hunc
719 1798 926 1853 horreo
958 1795 1255 1852 hominem
1287 1795 1385 1866 qui
1417 1793 1766 1850 audiebatur
1791 1795 2041 1850 reboans

394 1894 462 1946 ut
491 1888 590 1944 alii
649 1886 1112 1958 quinquaginta;
1173 1883 1350 1940 timeo
1409 1882 1566 1939 enim
1617 1900 1690 1939 ne
1743 1883 2037 1956 quinqua-

390 1978 554 2051 ginta
579 1975 766 2032 latens
790 1974 987 2030 fabula
1007 1972 1396 2029 suﬂ'odiatera
1413 1971 1732 2028 multisono
1749 1972 2040 2031 Stentoris

389 2065 725 2123 simulacro.
787 2064 934 2128 Quid
986 2063 1213 2134 jurabit
1280 2059 1597 2117 Alcibiadis
1672 2061 2034 2130 meminisse,

387 2159 556 2227 cujus
589 2155 786 2212 suavis
817 2150 942 2208 erat
961 2151 1418 2222 elecutio,quam
1449 2153 1644 2206 autem
1678 2150 2039 2222 depravabat

386 2264 496 2301 vox
555 2242 946 2300 balbutiens?
1030 2241 1248 2296 Placuit
1331 2239 1477 2294 mihi
1564 2239 1879 2296 Alexandri
1938 2257 2032 2296 so-

385 2352 550 2401 num,
582 2333 737 2406 regis
766 2331 927 2387 illius
961 2330 1218 2400 maximi,
1244 2329 1302 2384 in
1335 2329 1836 2401 comparationem
1867 2329 2032 2385 simi-

385 2422 652 2479 litudinis
684 2422 916 2488 inferre,
950 2421 1050 2492 qui
1083 2417 1320 2490 quidem
1352 2417 1681 2473 oblectabat
1709 2418 1884 2474 etiam
1928 2435 2033 2474 au-

386 2514 628 2579 ditores,
658 2526 861 2566 verum
892 2509 1162 2564 innatum
1194 2507 1401 2562 habuit
1459 2507 1750 2578 quoddam
1800 2507 2030 2563 vitium.

386 2604 490 2661 Hic
517 2619 654 2660 vero
684 2619 794 2658 vox
814 2599 1092 2656 omnibus
1122 2597 1409 2654 excellens
1441 2615 1588 2670 quos
1620 2598 1864 2670 antiqua
1885 2599 2032 2655 ratio

386 2706 622 2773 propter
649 2694 892 2768 loquelae
915 2691 1264 2749 suavitatem
1297 2690 1642 2762 designavit.
1675 2690 1822 2745 Nam
1879 2690 2032 2745 indi-

385 2788 590 2860 gentia
621 2785 864 2841 minime
894 2781 1160 2853 subjacet
1181 2781 1264 2835 ita
1295 2784 1359 2834 ut
1389 2781 1781 2848 necesse,‘nen
1815 2779 1892 2834 sit
1937 2778 2031 2835 his

386 2876 633 2952 proferri
691 2875 845 2947 quod
870 2875 996 2944 jam
1051 2873 1122 2928 ad
1175 2887 1346 2927 aures
1415 2869 1820 2926 assistentium
1873 2885 2030 2925 rese-

385 2967 564 3038 navit,
595 2981 702 3020 nec
732 2964 788 3019 in
821 2967 1114 3018 tumorem
1145 2959 1442 3016 evanescit
1488 2975 1603 3030 quo
1663 2958 2032 3030 dissipantur

380 3055 554 3113 verba
583 3057 784 3125 utpote
814 3069 929 3107 non
963 3050 1260 3106 distincta.
1304 3047 1735 3118 Sedglequitur,
1794 3052 1851 3103 et
1909 3051 2028 3102 sta-

377 3145 484 3200 tim
515 3143 690 3199 verba
718 3140 788 3196 ad
819 3137 1272 3211 intelligentiam
1303 3135 1545 3208 loquela
1569 3135 2026 3191 circumsonant.

2137 632 2468 708 τραχύτητα,
2527 635 2650 689 ὅσον
2713 631 2771 689 δὲ
2829 633 3080 710 ῥοιζῆσαι
3146 633 3376 709 ὖρέμα,
3435 630 3524 688 καί
3589 633 3804 710 ἴλαρῶς

2139 721 2452 795 ἐπιστρέψαι
2501 728 2580 795 τῷ
2629 722 2936 799 περιτράνῳ
2987 723 3075 777 τὸν
3121 721 3501 798 ἀκροώμενον.
3542 726 3806 778 Τοιοῦτον

2138 811 2378 884 ἡρωϊκὸν
2413 815 2553 887 ἦχον
2583 806 2958 886 προϐάλλεταί
3009 832 3092 865 σοι
3150 811 3217 864 τὰ
3271 818 3372 881 τῆς
3425 809 3645 874 λαλιᾶς.
3709 812 3805 866 Καὶ

2137 900 2202 955 τὰ
2249 901 2342 972 μὲν
2396 900 2468 962 εἷς
2525 899 2838 976 γλυκύτητα
2880 899 3172 974 νοημάτων
3224 904 3452 956 Μουσῶν
3501 899 3803 974 ἐμμέλειαν

2139 988 2436 1065 προάγουσί
2495 1011 2578 1044 σοι
2631 989 2698 1044 τὰ
2757 988 2926 1064 χείλη
2963 1009 2976 1021 ⁸
3057 990 3085 1044 6
3146 986 3204 1044 δὶ
3259 987 3493 1064 πληγεὶς
3565 990 3673 1065 ἀήρ
3735 989 3806 1052 εἷς

2145 1079 2398 1154 βροντὴν,
2447 1080 2606 1154 τορὸν
2656 1079 2775 1154 μὲν,
2827 1079 2906 1141 εἷς
2957 1082 3181 1156 φρικτὸν
3232 1077 3291 1133 δὲ
3351 1077 3653 1148 λαλοῦσαν,
3715 1080 3802 1134 τὸν

2140 1168 2284 1242 ἦχον
2361 1166 2760 1244 ἀπεσχεδίασε.
2852 1169 2952 1223 Καὶ
3027 1173 3136 1223 τῶν
3193 1167 3560 1243 ἀκροωμένων
3616 1169 3646 1223 6
3712 1169 3802 1242 μὲν

2142 1256 2474 1334 ἀμφοτέραις
2531 1259 2646 1312 οἷον
2706 1255 3071 1334 δραττόμενός
3128 1278 3212 1312 σοι
3269 1261 3366 1313 τοῦ
3423 1255 3620 1332 λόγου,
3666 1258 3800 1332 ἀκοῇ

2146 1346 2240 1419 μὶν
2289 1353 2388 1416 τῆς
2437 1343 2690 1422 διατόρου
2744 1353 2949 1424 φωνῆς,
3004 1344 3161 1422 ψυχῇ
3202 1343 3260 1402 δὲ
3287 1353 3388 1416 τῆς
3423 1344 3802 1423 ὑψηλολογίας

2141 1439 2238 1491 τοῦ
2284 1437 2584 1508 νοήματος,
2645 1435 2786 1500 θείαν
2845 1435 2906 1490 ’ἀν
2967 1431 3110 1490 εἷ’ποι
3167 1433 3382 1490 ἀκούειν
3441 1437 3655 1513 φωνὴν,
3717 1429 3799 1492 κειἱ

2146 1524 2374 1600 ἄγγελον
2410 1525 2601 1600 ὑψόθεν
2653 1524 2864 1580 λαλεῖνθ
2925 1526 2952 1579 6
2987 1521 3043 1579 δὲ
3093 1527 3170 1598 μὴ
3221 1523 3309 1579 καὶ
3356 1524 3430 1586 εἷς
3457 1530 3583 1579 νοῦν
3627 1520 3800 1598 ἐμϐα-

2149 1613 2322 1677 θύνειν
2374 1611 2542 1691 ἔχων,
2577 1613 2703 1670 ἀλλ’
2749 1613 3096 1683 ἆπιπολάζων
3153 1619 3234 1687 τῷ
3278 1617 3379 1684 τῆς
3439 1613 3641 1676 λαλιᾶς
3688 1614 3802 1690 ῥεῦ-

2151 1723 2302 1776 ματι,
2333 1704 2568 1779 βροντὴν
2624 1702 2683 1758 ἃν
2731 1700 2877 1760 εἷ’ποι
2905 1701 3206 1780 γαληναίαν
3257 1702 3308 1774 ἐξ
3341 1703 3577 1776 ὑψίστων
3642 1704 3802 1759 ποθὲν

2151 1789 2515 1862 ἔνωτίζεσθαι.
2575 1793 2848 1869 Στέντορα
2907 1793 3002 1866 μὲν
3065 1793 3155 1847 οὖν
3213 1790 3440 1857 ἐνταῦθα
3496 1794 3762 1868 προάγειν
3792 1837 3805 1864 ,

2151 1879 2278 1936 ἀλλ’
2336 1879 2440 1955 ἐγὼ
2470 1882 2558 1936 καὶ
2619 1882 2855 1960 πέφρικα
2883 1883 2974 1936 τὸν
3007 1878 3196 1956 ἄνδρα,
3229 1882 3287 1944 ’ὸς
3321 1880 3610 1953 ἐξηκούετο
3648 1883 3809 1958 βοῶν,

2149 1969 2273 2024 ὅσον
2306 1968 2470 2025 ἄλλοι
2520 1973 2874 2042 πεντήκοντα·
2941 1971 3231 2049 ὑφορῶμαι
3281 1971 3408 2046 γὰρ,
3459 1973 3678 2045 μήποτε
3725 1972 3808 2028 καὶ

2146 2060 2479 2130 πεντήκοντα
2533 2057 2714 2124 λαθὼν
2763 2061 2792 2114 ὁ
2844 2063 3012 2133 μῦθος
3043 2054 3420 2135 ὑποϐοθρεύση
3455 2060 3707 2132 στόματα
3733 2065 3809 2134 τῷ

2148 2148 2458 2226 πολυφώνῳ
2511 2149 2841 2226 Στεντορείῳ
2896 2151 3109 2225 τὲρατι.
3172 2144 3542 2205 Ἀλκιϐιάδου
3573 2147 3635 2204 δὲ
3668 2149 3807 2206 ἀλλὰ

2144 2236 2196 2291 τί
2255 2258 2349 2310 μοι
2411 2245 2767 2310 μεμνῆσθαι,
2819 2236 2880 2293 οὗ
2931 2237 3108 2316 γλυκὺ
3164 2239 3258 2312 μὶν
3315 2238 3382 2308 ἦν
3437 2239 3499 2293 τὸ
3555 2240 3804 2315 φθέγμα,

2145 2327 2334 2380 ὁποῖον
2397 2324 2454 2381 δὲ
2512 2325 2570 2380 ἃν
2632 2327 2720 2382 καὶ
2779 2326 3086 2401 ψελλισμὸς
3128 2327 3384 2406 βρεφικὸς
3417 2322 3803 2400 ὑποϐάληται;

2141 2418 2372 2490 ’Ήρεσκε
2401 2413 2457 2471 δέ
2490 2437 2582 2488 μοι
2614 2417 2675 2471 τὸ
2702 2420 2798 2471 τοῦ
2835 2414 3222 2493 Ἀλεξάνδρου,
3279 2415 3377 2473 τοῦ
3433 2416 3606 2473 καλοῦ
3661 2419 3805 2492 βασι-

2145 2503 2308 2575 λέως,
2340 2510 2671 2581 παραγαγεῖν
2725 2504 2800 2567 εἰς
2845 2507 3169 2582 συναγωγὴν
3218 2501 3573 2580 ὁμοιότητος.
3637 2505 3807 2565 Ἀλλὰ

2141 2594 2232 2649 καὶ
2287 2593 2486 2656 ἐκεῖνος
2545 2593 2828 2670 ἐγλύκαινε
2890 2595 2984 2669 μὶν
3045 2594 3300 2671 ἀκρόασιν
3328 2639 3342 2665 ,
3403 2596 3522 2674 εἶχε
3574 2592 3636 2652 δὲ
3692 2616 3807 2651 τινα

2144 2680 2466 2759 διαμαρτίαν
2518 2683 2775 2761 φύσεως.
2835 2686 3106 2741 Ἐνταῦθα
3166 2682 3224 2741 δὲ
3297 2686 3429 2761 ὑπὲρ
3485 2687 3692 2748 πάντας
3747 2683 3807 2739 16

2143 2770 2376 2848 φθέγμα,
2461 2771 2619 2835 ὅσους
2695 2774 2724 2828 6
2799 2771 3040 2838 παλαιὸς
3123 2773 3286 2850 λόγος
3362 2774 3450 2830 ἐπὶ
3506 2773 3808 2852 γλυκύτητι

2144 2858 2338 2924 λαλιᾶς
2395 2861 2794 2934 ἀπεσέμνυνεν.
2854 2860 2988 2918 Οὔτε
3035 2863 3138 2940 γὰρ
3197 2864 3272 2927 εἷς
3331 2863 3535 2920 ἔνδειαν
3597 2865 3798 2922 ὑποκάο

2143 2951 2323 3020 θηται,
2383 2950 2457 3012 ὡς
2513 2949 2746 3028 ἀνάγκην
2802 2952 2932 3006 εἶναι
2989 2951 3328 3027 διττολογεῖν
3386 2955 3449 3008 τὸ
3509 2955 3795 3030 ὑπηχηθέν

2139 3039 2278 3114 πρὸς
2334 3039 2589 3114 ἀκρόασιν
2627 3059 2639 3072 °
2722 3038 2845 3095 οὔτε
2923 3039 3000 3105 είς
3058 3043 3414 3120 στομφασμὸν
3472 3042 3794 3100 πλατύνεται

2138 3127 2487 3203 ἀνοιγόμενον
2525 3173 2538 3198 ,
2617 3128 2732 3184 ὅθεν
2811 3130 2879 3184 τὰ
2941 3136 3040 3199 τῆς
3097 3134 3283 3208 φωνῆς
3362 3128 3682 3201 σκεδάζεται
3722 3133 3787 3193 εἷς

379 3232 529 3297 Quid
564 3228 793 3286 multa?
824 3227 1081 3300 Insignis
1127 3230 1265 3281 tuus
1297 3225 1358 3280 in
1414 3225 1655 3281 vocibus
1713 3241 1918 3292 sonus,
1972 3228 2030 3279 et

2148 3214 2547 3294 ἀδιάρθρωτον.
2610 3217 2764 3274 Αλλά
2821 3221 2933 3294 χρὴ
2997 3216 3280 3290 λαλῆσαι,
3335 3220 3424 3274 καὶ
3484 3222 3577 3275 τὸν
3644 3222 3778 3297 λόγον

374 3293 554 3395 (sicut
583 3319 870 3391 scriptum
903 3293 1011 3386 est)
1044 3314 1276 3386 loquela
1323 3319 1426 3368 tua
1482 3313 1767 3386 speciosa,
1827 3317 1885 3368 et
1939 3313 2029 3384 (ut

2148 3307 2294 3372 εὐθὺς
2340 3293 2787 3384 γπεριηχηθῆναι
2826 3293 2920 3370 εἰς
2987 3308 3275 3381 εὐμάθειαν
3323 3309 3638 3388 φθέγματος
3671 3359 3683 3371 .
3714 3293 3786 3366 ⁷Τί

377 3426 550 3466 omne
581 3409 799 3475 dicam)
829 3406 999 3478 plane
1029 3403 1260 3473 regalis.
1295 3407 1382 3457 Ita
1411 3402 1586 3458 etiam
1649 3402 1707 3456 in
1767 3401 2030 3456 minimis

383 3501 533 3555 Deus
562 3501 620 3552 te
664 3492 1081 3566 magnilicavit,
1139 3496 1359 3561 tuaque
1406 3491 1674 3546 universa
1703 3489 2027 3557 exsaltavit,

381 3587 758 3661 splendidum
790 3583 1013 3639 addens
1044 3582 1494 3636 incrementum.

2144 3418 2237 3470 μοι
2293 3395 2465 3474 λέγειν
2526 3396 2747 3467 πολλά;
2810 3399 3088 3471 Διάσημον
3148 3397 3198 3453 ἰν
3281 3407 3487 3477 φωναῖς
3564 3403 3630 3457 τὸ
3709 3402 3790 3456 σὸν

2141 3485 2394 3564 φθέγμα,
2455 3486 2543 3541 καὶ
2599 3490 2756 3560 (κατά
2811 3488 2872 3542 τὸ
2928 3488 3332 3562 γεγραμμένον)
3390 3491 3425 3559 ἡ
3478 3489 3650 3546 λαλιά
3703 3512 3790 3545 σου

2140 3575 2360 3652 ὡραία,
2429 3577 2518 3630 καὶ
2593 3577 2675 3650 (τὸ
2751 3583 2856 3630 πᾶν
2933 3576 3128 3647 εἰπεῖν)
3201 3577 3460 3652 βασιλικὴ
3517 3582 3608 3635 καὶ
3644 3581 3794 3652 αὐτή.

391 3671 553 3731 Οὕτω
586 3671 752 3746 μέχρι
781 3669 869 3725 καὶ
899 3674 1006 3724 τῶν
1042 3669 1418 3743 σμικροτάτων
1453 3669 1481 3722 6
1513 3669 1640 3730 Θεὸς
1675 3665 1970 3741 ἐμεγάλυνὲ
2001 3686 2079 3735 σε,
2109 3665 2199 3719 καὶ
2229 3665 2402 3719 πάντα
2445 3665 2513 3719 τὰ
2543 3665 2608 3718 σα
2640 3664 2980 3740 ὑπερύψωσε,
3011 3667 3359 3742 προσεπιθεὶς
3391 3667 3653 3744 λαμπρὰν
3704 3673 3796 3740 τὴν

391 3761 703 3831 ἐπαύξησιν.

458 3871 547 3926 35.
579 3869 952 3941 Nunquam,e
983 3867 1378 3934 auditeres,de
1409 3866 1640 3938 magnis
1668 3864 2041 3938 imperatoris

392 3959 628 4016 dotibus
659 3957 889 4014 dicendi
927 3957 1101 4012 finem
1138 3957 1484 4020 iaceremus,
1525 3957 1701 4012 etiam
1742 3958 2040 4011 contracto

391 4064 681 4116 sermone,
716 4047 832 4103 nisi
865 4063 1042 4102 suave
1098 4045 1368 4102 Jerdanis
1419 4044 1714 4102 efﬂuentis
1773 4060 2042 4099 murmur

393 4152 557 4195 meos
614 4139 919 4209 superaret
980 4151 1302 4200 sermones,
1361 4137 1419 4190 et
1448 4150 1688 4190 necesse
1741 4133 1817 4188 sit
1846 4131 2038 4188 censi-

387 4229 626 4300 gnatam
654 4223 871 4281 silentii
903 4224 1126 4280 foribus
1169 4222 1440 4279 cohibere
1487 4225 1830 4279 orationem.
1891 4221 2041 4277 Sane

396 4315 532 4372 licet
563 4329 654 4370 me
684 4331 717 4369 a
756 4313 1047 4384 loquendo
1077 4311 1363 4367 Jerdanes
1385 4311 1706 4382 prohibeat,
1741 4309 1917 4380 idque
1949 4325 2042 4365 me

393 4403 575 4461 invite
608 4401 803 4473 faciat,
847 4405 1043 4456 tamen
1095 4417 1209 4456 non
1262 4400 1546 4456 absistam
1605 4401 1663 4454 in
1714 4399 1882 4454 illum
1940 4399 2040 4454 de-

393 4495 572 4567 ﬂgere
630 4506 953 4558 sermones,
1013 4490 1455 4562 augustioribus
1508 4507 1642 4546 eum
1695 4505 1907 4544 vocans
1937 4505 2039 4544 no-

2221 3859 2317 3917 λε’.
2371 3860 2486 3916 Ούκ
2537 3858 2639 3932 ἃν,
2699 3861 2745 3916 ὧ
2801 3861 3096 3938 παρόντες,
3154 3861 3458 3937 ἐπαυσάμεν
3527 3863 3614 3920 ἐπὶ
3683 3873 3799 3928 τοῖς

2155 3948 2464 4023 βασιλικοῖς
2521 3946 2830 4025 μεγαλείοις
2881 3951 2968 4006 καὶ
3031 3950 3190 4006 εἰσὲτι
3249 3956 3329 4024 τῷ
3383 3951 3533 4029 λόγῳ
3566 3957 3801 4026 συνεξαι-

2151 4037 2400 4114 ρόμενος,
2465 4037 2513 4093 εἷ
2549 4040 2624 4112 μή
2663 4039 2726 4093 τὸ
2753 4043 2850 4095 τοῦ
2876 4037 3152 4116 Ἰορδάνου
3194 4039 3368 4117 ῥεῦμα
3403 4041 3578 4118 γλυκῦ
3640 4043 3805 4100 κελα-

2150 4125 2310 4200 ρύζον
2342 4123 2784 4201 παρευδοκίμηκὲ
2817 4149 2910 4202 μοι
2940 4127 3068 4192 τοὺς
3093 4127 3310 4205 λόγους,
3337 4129 3426 4184 καὶ
3476 4133 3541 4199 ἦν
3597 4131 3803 4208 ἀνάγκη

2148 4219 2421 4270 συστεῖλαι
2507 4213 3030 4294 ἂπισφραγισάμενον
3110 4217 3387 4292 κλείθροις
3464 4228 3623 4296 σιγῆς
3705 4222 3803 4290 τήν

2150 4300 2408 4374 διέξοδον.
2469 4304 2546 4363 Ού
2607 4306 2713 4380 μὴν
2774 4303 2900 4361 ἀλλ’
2957 4305 3090 4382 ἐγὼ,
3149 4305 3199 4362 εἴ
3242 4309 3331 4363 καὶ
3386 4313 3484 4364 τοῦ
3539 4308 3718 4387 λέγειν
3778 4312 3804 4364 ὁ

2150 4390 2426 4468 Ἰορδάνης
2476 4392 2705 4471 παράγει
2739 4416 2828 4469 με,
2858 4395 2948 4450 καὶ
2977 4393 3038 4450 οὕ
3081 4417 3174 4469 μοι
3236 4395 3394 4476 φίλον
3426 4404 3585 4454 τοῦτο
3632 4404 3803 4473 ποιεῖ,

2150 4485 2302 4558 ὅμως
2346 4484 2447 4540 οὐκ
2497 4486 2681 4557 ἀνήσω
2729 4484 2807 4552 εἷς
2852 4487 3009 4542 αὐτὸν
3048 4489 3267 4563 βάπτων
3299 4489 3428 4554 τοὺς
3460 4489 3682 4566 λόγους,
3716 4492 3803 4547 καὶ

397 4582 682 4649 minibus,
709 4580 1181 4646 sacerrimum,in
1211 4579 1557 4635 ﬂuminibus
1577 4577 2035 4647 sanctissimum,

2148 4580 2263 4638 τοῖς
2292 4597 2350 4632 τε
2380 4578 2724 4652 σεμνοτέροις
2766 4577 2923 4635 αὐτὸν
2976 4580 3273 4655 ἀγορεύων,
3330 4581 3420 4638 τὸν
3481 4583 3804 4659 ἱερώτατον,

397 4672 536 4729 item
593 4671 1015 4743 cognominaus
1045 4686 1258 4741 aquam
1331 4670 1402 4725 ad
1490 4669 1742 4724 salutem
1831 4668 2040 4724 salien-

391 4761 780 4828 tem,ﬂuvium
811 4759 861 4815 si
893 4776 1009 4814 non
1042 4776 1075 4815 a
1105 4758 1378 4830 paradiso
1401 4757 1730 4814 sensibibili
1771 4775 2038 4830 prorum-

395 4854 653 4924 pentem,
687 4849 894 4905 saltem
927 4850 999 4904 ad
1043 4849 1382 4920 paradisum
1415 4849 1863 4904 cenducentem.
1893 4849 2039 4914 Quo-

395 4940 568 4997 modo
599 4942 794 4995 autem
827 4939 905 4995 sit
935 4937 1111 4993 etiam
1144 4955 1295 5009 aqua
1321 4937 1552 5009 regalis,
1578 4937 1690 4994 alio
1721 4937 1837 4993 dixi
1896 4942 2040 4994 tem-

399 5046 554 5102 pore.
613 5031 778 5083 Nunc
833 5044 966 5083 vero
1034 5027 1154 5082 hac
1213 5026 1539 5083 addiderim
1569 5027 1724 5098 quod
1754 5028 2039 5083 Jerdanes

395 5137 465 5176 ex
494 5119 724 5175 duobus
755 5117 947 5173 ﬂuviis
980 5121 1105 5173 tum
1139 5134 1200 5174 re
1230 5121 1355 5172 tum
1394 5118 1631 5174 nomine
1689 5118 2038 5174 conveniens

392 5209 637 5266 decebat
670 5211 850 5261 Deum
880 5206 1179 5262 hominem
1228 5205 1572 5262 Emmanuel
1633 5223 1746 5262 non
1798 5208 2037 5279 quidem

392 5299 632 5371 propter
659 5297 963 5352 confusam
998 5295 1362 5366 missionem,
1395 5295 1572 5367 (absit
1596 5295 1637 5367 l)
1665 5297 1766 5352 sed
1801 5299 2040 5368 propter

395 5391 744 5443 naturarum
779 5384 1076 5440 unionem.

461 5579 550 5635 36.
584 5579 684 5636 Eia
711 5595 869 5651 ergo,
902 5595 1007 5635 nes
1040 5578 1134 5635 hic
1161 5579 1518 5650 congregati,
1551 5581 1672 5634 tam
1706 5578 1765 5634 in
1800 5582 2036 5635 sancto-

397 5666 584 5737 gradu
609 5667 879 5722 sedentes
912 5684 1088 5738 quam
1121 5667 1332 5732 caeteri,
1364 5667 1796 5740 cenjungamus
1826 5671 1882 5724 et
1930 5685 2038 5726 nes

398 5751 687 5810 sermonis
744 5751 965 5809 ﬂuenta
1006 5753 1067 5809 in
1127 5770 1308 5810 unam
1370 5753 1817 5827 supplicationis
1897 5771 2035 5814 cen-

2146 4666 2239 4721 τὸν
2289 4667 2589 4742 ἁγιώτατον
2640 4667 2690 4724 ἐν
2745 4675 3020 4744 ποταμοῖς
3074 4672 3504 4748 προσονομάζων
3540 4670 3598 4728 δὲ
3643 4674 3804 4730 αὐτὸν

2147 4757 2235 4811 καὶ
2272 4753 2418 4832 ὕδωρ
2451 4755 2528 4822 είς
2576 4759 2848 4833 σωτηρίαν
2884 4759 3215 4835 ἀλλόμενον,
3271 4762 3362 4818 καὶ
3421 4765 3695 4838 ποταμὸν,
3758 4763 3804 4821 εἴ

2147 4844 2238 4900 καὶ
2275 4846 2350 4920 μὴ
2381 4844 2707 4922 παραδείσου
2749 4853 2845 4903 τοῦ
2895 4851 3032 4924 πρὸς
3084 4846 3335 4923 αἶ’σθησιν
3395 4851 3801 4929 ἇξορμώμενον,

2148 4935 2528 5012 πορθμεύοντα
2594 4941 2724 5013 γοῦν
2802 4937 2878 5002 εἷς
2935 4937 3278 5015 παράδεισον.
3341 4941 3406 4999 Εἰ
3466 4939 3523 4997 δὲ
3579 4944 3672 4998 καὶ
3726 4949 3804 5016 τῷ

2149 5019 2262 5079 ὄντι
2314 5022 2596 5100 βασιλικὸν
2653 5026 2814 5090 αὐτὸς
2861 5025 3032 5104 ὕδωρ,
3089 5027 3320 5102 ὕμνηται
3383 5031 3478 5104 μὲν
3515 5053 3611 5106 μοι
3639 5037 3801 5087 τοῦτο

2147 5113 2238 5168 καὶ
2270 5111 2496 5169 ἄλλοτε·
2549 5119 2638 5170 νῦν
2699 5113 2756 5170 δὲ
2809 5116 2898 5171 καὶ
2957 5117 3127 5173 ἐκεῖνο
3183 5119 3542 5195 προστίθημι,
3593 5122 3668 5184 ὡς
3702 5120 3802 5198 ἄρα

2149 5201 2209 5257 ἐκ
2239 5200 2334 5258 δύο
2364 5210 2624 5278 ποταμῶν
2669 5211 2697 5259 ὸ
2741 5203 3019 5282 Ἰορδάνης
3068 5206 3156 5262 καὶ
3184 5210 3319 5280 πρὸς
3351 5205 3523 5283 ὄνομα
3546 5211 3632 5266 καὶ
3666 5212 3801 5286 πρὸς

2147 5297 2372 5367 πρᾶγμα
2428 5294 2774 5368 κιρνάμενος,
2833 5293 3031 5369 ἔπρεπε
3081 5300 3162 5369 τῷ
3219 5299 3551 5372 θεανθρώπῳ
3589 5300 3800 5373 Ἐμμα-

2147 5381 2341 5452 νουὴλ,
2395 5382 2456 5438 οὐ
2515 5380 2606 5438 διὰ
2655 5386 2990 5460 συγχυτικὴν
3042 5386 3329 5462 ἀνάκρασιν
3364 5383 3598 5466 (ἄπαγε),
3654 5387 3801 5444 ἀλλὰ

2148 5471 2332 5546 φύσων
2359 5469 2551 5528 ἕνωσιν
2563 5519 2575 5530 .

2219 5577 2322 5643 λς’.
2382 5580 2512 5655 Ἀγε
2569 5577 2659 5651 δὴ,
2714 5577 2759 5635 ὦ
2811 5579 3082 5659 σύλλογος
3135 5584 3301 5656 ἡμεῖς
3334 5626 3350 5654 ,
3407 5582 3532 5646 ὅσος
3586 5603 3643 5640 τι
3700 5585 3796 5638 τοῦ

2147 5665 2344 5724 σεπτοῦ
2405 5668 2690 5743 βήματος,
2749 5669 2838 5726 καὶ
2896 5672 2924 5728 6
2983 5669 3201 5742 λοιπὸς,
3255 5674 3649 5746 κοινωσώμεθα
3705 5672 3794 5727 καὶ

2147 5754 2301 5811 αὗτοί
2348 5756 2411 5812 τὸ
2469 5755 2644 5834 ῥεῦμα
2695 5763 2793 5816 τοῦ
2849 5757 3020 5839 λόγου
3051 5761 3130 5825 εἷς
3161 5759 3291 5838 μίαν
3321 5760 3492 5839 εὐχῆς
3518 5760 3796 5841 σύρροιαν,
