4066 6362
251 422 370 482 973
1110 422 1508 484 MANUELIS
1552 421 1904 484 GOMNENI
1950 423 2349 487 LAUDATIO
2393 425 2808 488 FUNEBRIS.
3555 425 3673 486 974

255 551 348 607 καὶ
407 551 765 625 μιμησόμεθα
812 552 973 607 τοῦτό
1019 573 1080 628 γε
1121 551 1421 630 ἀμφότεροι
1469 553 1558 607 τὸν
1610 550 1904 627 Ἰορδάνην,

2028 555 2327 628 ﬂuentem,
2354 563 2412 613 et
2457 557 2516 612 in
2549 557 2658 613 hoc
2715 557 3028 614 Jordanem
3087 557 3392 614 imitemur
3445 558 3548 629 qui
3614 560 3674 614 et

257 643 316 704 ὃς
363 641 420 696 ἐκ
469 639 622 696 δυοῖν
673 643 763 696 καὶ
801 642 963 704 αὐτὸς
1010 646 1272 695 ποτααῶν
1318 643 1380 697 τὸ
1426 643 1640 718 ῥεῖθρον
1690 643 1782 697 καὶ
1809 643 1904 712 τὴν

2028 643 2153 715 ipse
2187 661 2216 700 e
2249 647 2482 702 duobus
2516 647 2862 703 ﬂuminibus
2892 651 3018 702 tum
3053 647 3364 718 ﬂuentum,
3396 652 3524 702 tum
3576 663 3672 702 no-

257 729 454 800 κλῆσιν
509 729 868 806 συμμίγνυσι·
919 730 1010 786 καὶ
1063 730 1412 804 ἰπευξώμεθα
1463 737 1579 794 τοῖς
1633 731 1904 807 βασιλεῦσι

2028 749 2157 789 men
2190 735 2548 802 commiscet,
2582 741 2640 791 et
2673 753 2982 808 precemur
3004 736 3541 807 utimperatoribus
3572 752 3675 808 per

255 821 324 875 τὰ
350 827 452 890 τῆς
502 825 645 890 ζωῆς
697 817 900 891 λοιπῆς
930 820 1141 891 ἁπάσης
1191 821 1669 896 ὑπερανῳκισμὲνα
1713 841 1904 892 συντη-

2028 826 2206 878 totam
2251 825 2432 879 vitam
2489 825 2745 882 futuram
2794 825 3053 882 coalestia
3108 841 3336 882 necnon
3394 825 3674 898 perennia

257 914 466 986 ρεῖσθαι
499 909 589 965 καὶ
619 907 1042 986 πολυχρόνια.¹”)

2028 917 2442 968 conserventur
2472 913 2643 970 bona.

254 1113 3671 1143 Μ

1542 1325 2402 1485 EJUSDEM

460 1605 1096 1702 MANUELIS
1171 1609 1739 1706 COMNENI
1799 1610 2044 1703 IMP.
2119 1610 2744 1707 LAUDATIO
2817 1612 3460 1710 FUNEBRIS.

249 1999 356 2083 Τοῦ
410 1995 576 2083 animi?»
629 1996 691 2052 τὸ
746 1997 943 2083 γραφὲν
983 1997 1081 2083 ἐἰς
1136 1998 1236 2083 τδν
1286 1995 1581 2083 ἀοίδιμον..
1613 1997 1665 2052 ἐν
1731 1997 1904 2083 ἀγίοις

2028 1999 2275 2083 Ejusdem
2295 2003 2473 2083 oratio
2504 2003 2562 2083 in
2584 2001 2848 2083 cetetre":
2896 2004 3046 2058 inter
3066 2011 3312 2083 Asanetos
3371 2019 3522 2075 reges
3557 2007 3670 2083 _Do-

365 2067 612 2143 ασιλεῦσι
713 2067 874 2143 κῦριν
969 2070 1249 2143 ’Μανουὴλ
1337 2067 1452 2143 ’τὸν
1549 2070 1830 2142 Κομνηνόν
1896 2111 1910 2126 .

346 2141 492 2215 Οπερ
550 2140 634 2193 ὅτι
663 2208 680 2215 _
711 2139 792 2193 οὔ
841 2140 1153 2215 τυχόντως⁸
1203 2139 1566 2215 μεθώδεὺται,
1594 2211 1605 2215 _
1629 2139 1656 2195 ὃ
1714 2139 1909 2196 πεπαιο

325 2208 583 2288 δευμένος
645 2208 966 2288 ’διακρινεῖί
1023 2208 1252 2288 Πολλῶν
1297 2214 1432 2288 Δγεῖιρ
1505 2211 1705 2288 Ᾱᾶλλῗως
1782 2233 1911 2288 γρα-

326 2281 565 2361 ψάντων,
640 2281 994 2361 ἐστρυφνώθη
1071 2286 1208 2360 πρὸς
1294 2281 1554 2361 διαφορὰν
1614 2287 1641 2338 ὁ
1719 2281 1908 2360 παρὼν

327 2355 638 2433 ἐπιτάφιος.

329 2470 389 2518 α’.
426 2464 542 2519 Οὐκ
598 2463 666 2531 ἧν
731 2483 823 2534 μοι
879 2460 1270 2539 καραδοκόῦντι
1337 2461 1734 2535 τετολμηκὲναι
1793 2463 1912 2517 τινὰ

259 2551 533 2628 μεγαλείῳ
587 2551 832 2624 τοσούτῳ
889 2550 1057 2628 λόγου
1134 2553 1319 2607 ἑαυτὸν
1379 2549 1713 2627 παραϐαλεῖν
1760 2594 1774 2620 ,
1834 2552 1909 2614 ὡς

257 2642 399 2696 οὕτω
427 2640 572 2716 ταχὺ
595 2643 687 2696 τὸν
717 2641 1046 2713 τηλικοῦτον
1081 2640 1331 2712 ἐθελῆσαι
1390 2641 1616 2718 βασιλέα
1661 2642 1907 2715 κείμενον

257 2729 408 2807 λόγῳ
467 2730 648 2802 ἐξᾶραι
681 2773 694 2799 ,
755 2731 844 2785 καὶ
913 2736 1246 2806 στεγανῶσαι
1308 2731 1404 2804 μὲν
1460 2736 1792 2806 καρτερικῶς
1846 2731 1908 2786 τὸ

259 2815 509 2894 δάκρυον,
543 2818 745 2895 ἰφεῖναι
789 2817 846 2873 δὲ
891 2823 961 2893 τῇ
1010 2817 1233 2894 γλώσσῃ
1283 2819 1493 2875 λαλεῖν.
1530 2823 1762 2896 Μικροῖς
1813 2821 1906 2892 μὲν

254 2907 353 2982 γὰρ
441 2915 783 2984 χαρακτῆρσι
867 2910 958 2963 τὸν
1049 2911 1300 2984 μέγιστον
1383 2907 1786 2963 ἐγτυπώσασθαι
1847 2908 1907 2963 οὐ

255 2998 394 3053 πάνυ
451 3002 550 3072 τῇς
609 2998 832 3073 ἀρίστης
885 2998 1103 3072 τίθεμαι
1153 3007 1448 3074 γραφικῆςο
1488 3000 1698 3072 ὑψῶσαι
1757 2997 1814 3053 δὲ
1843 2997 1908 3053 αὖ

256 3086 424 3143 πάλιν
456 3088 592 3162 πρὸς
652 3087 799 3158 ἀξίαν
848 3086 1037 3164 λόγοις
1082 3089 1174 3143 τὸν
1222 3087 1535 3161 Ὀλύμπιον
1585 3089 1647 3142 οὐ
1710 3093 1908 3162 μικροῦ

255 3180 450 3251 καιροῦ
492 3218 506 3245 ,
559 3173 684 3230 ἔνθα
740 3175 831 3231 καὶ
893 3176 1073 3253 μακρά
1131 3179 1466 3250 σκεψάμενον
1527 3176 1626 3231 οὐκ
1681 3171 1905 3240 εὐθυϐο-

258 3265 425 3335 λῆσαι
484 3265 718 3339 πρὸςτὰ
756 3271 854 3321 τοῦ
886 3270 1090 3320 σκοποῦ
1146 3264 1415 3329 κίνδυνος.
1473 3264 1632 3322 Ἀλλ’
1689 3265 1905 3342 ἐπείπερ

2092 2073 2308 2128 minam
2338 2073 2642 2128 Manuelem
2675 2074 3027 2129 Comnenum.
3053 2075 3210 2142 Quod
3253 2073 3444 2131 utrum
3487 2078 3670 2133 minus

2093 2145 2401 2217 methodice
2428 2150 2574 2214 forte
2627 2149 2925 2201 tractatum
2976 2148 3068 2217 sit,
3123 2147 3406 2202 litteratus
3459 2148 3666 2204 discer-

2092 2225 2206 2271 net.
2243 2216 2378 2271 Cum
2407 2219 2557 2272 enim
2587 2217 2758 2272 aliter
2779 2219 3130 2288 scripsissent
3158 2220 3342 2289 mulli,
3384 2219 3668 2277 rudicrem

2091 2289 2297 2359 stylum
2314 2289 2538 2362 fatetur
2561 2305 2810 2360 praesens
2836 2291 3200 2362 epitaphium.

2093 2466 2147 2520 4.
2179 2467 2320 2522 Mihi
2354 2465 2603 2522 sollicite
2633 2467 2996 2540 exspectanti
3038 2467 3396 2540 permissum
3429 2485 3547 2526 non
3585 2473 3674 2526 est

2020 2555 2091 2610 ad
2119 2555 2465 2627 eloquentiae
2497 2572 2770 2611 coronam
2803 2556 3084 2626 aSpirare,
3118 2561 3176 2612 et
3203 2561 3436 2613 tantum
3484 2557 3671 2630 impe-

2019 2648 2272 2700 ratorem
2306 2648 2438 2716 post
2485 2648 2734 2700 mortem
2796 2645 2877 2700 ita
2934 2645 3225 2702 celebrare
3276 2650 3340 2702 ut
3395 2645 3672 2718 lacrymis

2017 2734 2301 2805 repressis
2327 2733 2530 2806 lingua
2555 2751 2669 2790 non
2704 2738 2912 2804 taceat,
2937 2739 2994 2790 et
3025 2735 3250 2808 exiguis
3281 2736 3520 2807 quidem
3541 2753 3668 2792 ver-

2021 2823 2110 2879 bis
2139 2823 2555 2895 imperatorem
2580 2823 2861 2878 eximium
2895 2823 3216 2895 designans
3267 2829 3472 2881 contra
3529 2825 3668 2898 styli

2017 2912 2250 2984 regulas
2274 2917 2541 2984 peccaret
2565 2937 2580 2979 ;
2604 2929 2708 2983 pro
2739 2912 3023 2984 dignitate
3051 2917 3247 2969 autem
3296 2913 3486 2969 virum
3536 2930 3669 2970 vere

2016 3001 2347 3074 Olympium
2378 3004 2478 3074 qui
2510 3002 2705 3074 dignis
2736 3001 3011 3058 laudibus
3072 3001 3364 3058 celebrare
3419 3003 3669 3060 voluerit

2014 3089 2189 3162 longo
2220 3091 2501 3162 temporis
2534 3089 2726 3162 spatio
2757 3106 2904 3162 opus
2935 3089 3196 3162 haberet,
3229 3094 3667 3164 essetqueime-

2016 3180 2303 3235 tuendum
2332 3197 2405 3236 ne
2437 3179 2803 3252 propositum
2839 3195 2974 3251 non,
3009 3183 3074 3235 ut
3097 3196 3204 3252 par
3241 3184 3351 3248 est,
3412 3181 3668 3254 attinge-

2016 3273 2123 3324 ret.
2158 3269 2271 3324 Sed
2303 3269 2458 3324 sicut
2487 3268 2547 3324 in
2580 3268 2772 3324 ofﬁcio
2807 3267 3103 3340 implendo
3134 3267 3302 3325 labor
3357 3269 3668 3342 improbus

255 3356 290 3425 ἠ
324 3353 378 3409 ἐν
411 3352 587 3410 δέοντι
634 3354 906 3430 θερμότης
937 3355 992 3410 εὗ
1040 3359 1274 3410 ποιοῦσα
1323 3353 1649 3426 ἐκνενίκηκε,
1705 3355 1794 3410 καὶ
1841 3355 1904 3409 τὸ

2028 3358 2218 3414 omnia
2248 3357 2450 3423 vincit,
2485 3358 2570 3413 sic
2603 3357 2852 3414 oratoris
2881 3357 3057 3413 verba
3086 3356 3392 3414 victoriam
3423 3362 3515 3414 est
3564 3359 3665 3415 ubi

252 3443 304 3498 ἐν
358 3443 542 3518 λόγοις
616 3441 885 3518 ἀνδρῶδες
959 3443 1426 3521 πεπαρῥησίασται
1463 3488 1476 3501 .
1532 3444 1604 3499 Οὐ
1681 3444 1780 3520 γὰρ
1845 3443 1906 3498 ἃν

255 3535 409 3607 ψυχὴ
444 3531 748 3607 φιλόκαλος
795 3532 930 3588 κατὰ
975 3532 1103 3596 τοὺς
1151 3533 1203 3587 ἐν
1253 3531 1528 3610 τραγῳδίᾳ
1557 3531 1903 3608 ἐγκεκαλυμ-

258 3621 451 3696 μὲνους
528 3621 616 3676 ἐπὶ
697 3623 959 3694 μήκιστον
1028 3620 1296 3694 διατεθείη
1337 3667 1350 3689 ,
1411 3625 1550 3696 μήτε
1623 3623 1903 3699 προσώπῳ

252 3711 636 3790 ἐκφαινομένη,
699 3712 839 3784 μήτε
887 3709 1075 3788 λόγοις
1135 3709 1475 3767 διαδεικνῦσα
1523 3719 1770 3789 παρεῖναι
1822 3717 1901 3785 τῷ

255 3803 438 3868 ζῶντι.
499 3799 601 3856 Καὶ
647 3800 698 3853 οἱ
754 3807 852 3869 τῆς
901 3801 1111 3875 ἀγαθῆς
1159 3800 1450 3874 ἇπιθυμίας
1498 3798 1705 3878 ἀνδρες,
1756 3804 1838 3863 οἷς
1872 3801 1900 3855 ὁ

252 3887 422 3963 λόγος
473 3885 770 3961 ἐλλάμπει,
822 3888 1148 3945 ἀνάπτουσιν
1204 3888 1346 3965 ἄρτι,
1397 3891 1577 3966 ὥσπερ
1618 3890 1714 3952 τὰς
1765 3891 1902 3965 πρὸς

251 3975 523 4048 αἴσθησιν,
578 3973 722 4032 οὕτω
774 3979 864 4033 καὶ
917 3979 1092 4054 λόγου
1148 3977 1438 4052 λαμπάδας
1505 3984 1585 4051 τῷ
1640 3979 1896 4052 κειμένῳ,

251 4066 389 4120 κατά
435 4086 556 4121 τινα
600 4066 690 4120 καὶ
737 4064 1116 4137 αὖτοδεξίωσιν
1168 4067 1512 4146 ὀφειλετικὴν
1557 4067 1645 4121 καὶ
1677 4067 1894 4122 ὁσίωσιν

250 4155 583 4232 πρέπουσαν.

327 4244 393 4319 β’.
427 4242 527 4315 Εἷή
587 4241 648 4299 ἂν
703 4244 944 4320 ἀγεννὴς,
1001 4245 1094 4299 καὶ
1149 4242 1200 4299 ἰν
1263 4246 1338 4318 μή
1393 4242 1567 4301 δὲοντι
1598 4245 1763 4318 ἐνεὸς,
1808 4244 1896 4302 καὶ

253 4333 354 4388 οὐκ
378 4331 535 4396 εἰδὼς
566 4334 752 4388 ἑαυτὸν
822 4339 1054 4410 μετρεῖν,
1114 4329 1239 4399 ἔνθα
1299 4337 1392 4408 μὶν
1451 4337 1724 4412 σιγητέον,
1774 4333 1900 4401 ἔνθα

253 4419 312 4477 δὲ
360 4422 652 4494 λαλητάον,
685 4423 712 4477 ὁ
765 4423 840 4496 μὴ
896 4428 1014 4485 τοῖς
1072 4422 1343 4486 τοιούτοις
1400 4425 1535 4501 πρὸς
1593 4425 1901 4499 ὁμοιότητα

2018 3447 2731 3520 reportarunt.Nunquam
2755 3447 2912 3502 enim
2945 3446 3180 3502 animus
3205 3447 3666 3520 pulchritudinis

2014 3553 2223 3592 amans
2262 3537 2558 3608 tragoedos
2591 3535 2921 3590 imitabitur
2947 3535 3006 3591 in
3039 3535 3468 3593 concinnandis
3529 3553 3666 3609 per-

2013 3625 2180 3682 sonis
2209 3623 2458 3680 scenicis
2489 3627 2548 3679 et
2563 3621 2873 3694 colloquiis
2905 3624 2978 3678 ad
3007 3622 3203 3679 vivum
3242 3623 3660 3695 exprimendis.

2014 3715 2138 3770 Viri
2159 3719 2354 3770 autem
2379 3714 2542 3770 bonae
2573 3711 2887 3768 volontatis
2918 3716 2974 3768 et
3013 3713 3229 3784 quibus
3283 3712 3658 3769 ratiocinium

2009 3802 2234 3859 clarum
2263 3807 2468 3874 praasto
2490 3805 2603 3867 est,
2636 3802 2758 3857 viro
2789 3802 3066 3858 defuncto
3101 3802 3256 3859 faces
3311 3802 3658 3874 eloquentia

2009 3892 2363 3961 accendunt,
2393 3890 2807 3963 gratulationis
2837 3905 2904 3946 ac
2934 3890 3424 3948 sanctiﬁcationis
3453 3891 3660 3948 debitas

2008 3997 2252 4038 munere
2283 3980 2613 4052 fungentes.

2076 4251 2132 4306 2.
2173 4249 2424 4320 Ignavus
2458 4263 2600 4304 sane
2630 4254 2793 4304 estet
2822 4244 3194 4317 stupidus,et
3223 4245 3317 4301 sui
3339 4245 3659 4322 impotens,

2008 4339 2112 4411 qui
2142 4354 2246 4394 nec
2277 4342 2470 4393 tacere
2500 4353 2605 4392 nec
2630 4335 2791 4408 loqui
2822 4338 3149 4407 opportuno
3170 4332 3296 4390 loco
3344 4334 3552 4391 didicit
3605 4339 3664 4392 et

2009 4426 2110 4498 qui
2140 4425 2234 4481 his
2264 4425 2441 4480 rebus
2471 4428 2706 4496 tempus
2736 4427 2940 4494 aptum
2972 4422 3414 4478 accommodare
3453 4423 3660 4479 nescit.

252 4508 749 4588 συνδιιξαγόμενος,
800 4511 1045 4587 Μίμησιν
1100 4513 1204 4589 γὰρ
1255 4510 1400 4590 ἔχων
1429 4515 1568 4578 ἅπας
1615 4517 1898 4590 ἄνθρωπος

2028 4515 2267 4581 )uilibet
2295 4514 2452 4570 enim
2483 4513 2658 4569 homo
2685 4511 3035 4584 magistrum
3051 4527 3227 4568 suum
3241 4515 3308 4567 ut
3323 4511 3662 4584 exemplum

254 4597 599 4675 διδάσκαλον,
627 4601 716 4656 καὶ
765 4601 954 4675 αὐτὴν,
1006 4601 1114 4674 ὅπη
1174 4600 1456 4679 βούλοιτο,
1504 4602 1610 4660 είίῑε
1642 4606 1814 4660 καλοῦ
1843 4624 1902 4658 τε

2028 4606 2178 4676 sequi
2211 4608 2404 4678 potest
2433 4603 2492 4658 in
2525 4601 2704 4658 rebus
2727 4601 2989 4674 pulchris
3021 4605 3080 4657 et
3109 4601 3397 4670 honestis,
3457 4600 3543 4657 ita
3598 4605 3665 4658 ut

249 4689 340 4745 καὶ
372 4691 570 4765 ἀγαθοῦ
617 4711 789 4760 τινος,
839 4689 944 4745 εί¹τε
992 4692 1082 4746 καὶ
1130 4696 1238 4746 τῶν
1285 4692 1360 4756 ὡς
1411 4693 1608 4768 ἑτέρως
1636 4693 1898 4769 ἐχόντων,

254 4779 590 4834 σιωπώντων
636 4780 728 4853 μὲν
779 4783 888 4835 τῶν
939 4778 1424 4857 ὲλλογιμωτὲρων,
1483 4782 1572 4838 καὶ
1602 4784 1765 4845 αὐτὸς
1815 4779 1896 4837 ἄν·

254 4866 486 4923 λαλοῦσι
515 4865 573 4924 δὲ
627 4870 689 4923 τὸ
749 4869 1038 4947 σύμφωνον
1099 4870 1470 4945 ἰναρμόσεται,
1519 4872 1610 4926 καὶ
1663 4871 1899 4944 μᾶλλον,

254 4953 407 5032 εἴπερ
458 4953 844 5035 καὶὸφθάσας
905 4957 1023 5033 βίος
1076 4956 1321 5014 τοιοῦτόν
1381 4979 1498 5014 τινα
1557 4955 1762 5038 ἔτρεφε,
1824 4961 1898 5033 μὴ

257 5044 487 5110 θέλοντά
513 5066 676 5100 τινων
710 5047 949 5121 ὑστερεῖν
1000 5042 1196 5109 λαλιᾶς
1243 5054 1344 5116 τῆς
1387 5045 1471 5102 ἐπ’
1518 5050 1722 5124 ἀγαθῷ,
1756 5047 1905 5112 οἵους

257 5134 404 5212 φημί
433 5156 581 5197 τινας
609 5135 698 5190 καὶ
749 5137 897 5208 ἡμᾶς
944 5133 1031 5190 ἐπὶ
1076 5140 1192 5198 τοῖς
1237 5141 1334 5191 τοῦ
1385 5142 1716 5213 μακαριστοῦ
1753 5140 1902 5213 βασι-

257 5224 398 5286 λέως
428 5219 700 5294 ἀποϐῆναι
750 5222 1093 5297 θαυμασίοις.
1143 5227 1308 5282 ’Ὁποι
1347 5227 1448 5301 γάρ
1482 5247 1613 5281 ποτε
1642 5229 1902 5302 παρήκοι,

258 5311 380 5369 οὐδ’
401 5317 550 5388 ἡμᾶς
583 5313 611 5368 ὁ
644 5311 845 5388 χρόνος
877 5310 1024 5388 εὗρεν
1077 5311 1368 5377 ὀκνοῦντας
1405 5315 1473 5370 τὰ
1504 5313 1701 5371 δυνατᾶ
1740 5315 1905 5392 ἐγκώ-

261 5421 381 5477 μια.

330 5500 395 5568 γ’.
454 5491 558 5562 Εἷή
621 5489 679 5547 δὲ
754 5489 814 5546 ἂν
880 5489 1095 5546 πάντων
1167 5493 1517 5550 ἀτοπώτατον
1559 5542 1576 5566 ,
1629 5495 1912 5571 περιόντος

265 5582 360 5655 μὶν
392 5586 474 5654 τῷ
531 5581 636 5657 βίῳ
686 5581 762 5654 μή
810 5577 1140 5637 διεκπίπτειν
1192 5582 1410 5659 εΐσάγαν
1457 5589 1555 5640 τοῦ
1610 5585 1661 5640 ἐν
1724 5585 1912 5660 λόγοις

261 5673 682 5745 προθυμεῖσθαι,
739 5668 1072 5734 ἀπελθόντος
1133 5669 1209 5742 δὶ,
1271 5674 1410 5728 ὅπου
1459 5676 1527 5728 τὰ
1580 5673 1862 5751 κρείττονα
1891 5720 1910 5750 ,

261 5759 492 5816 κατόπιν
545 5763 646 5827 τῆς
704 5757 942 5825 παλαιᾶς
996 5761 1305 5838 προθυμίας
1359 5761 1535 5828 ἐλθεῖν
1566 5804 1582 5834 ,
1641 5760 1768 5828 ἔνθα
1821 5765 1913 5822 καὶ

2011 4696 2062 4751 si
2087 4695 2188 4750 alii
2216 4691 2576 4749 dissentiunt
2604 4695 2663 4748 et
2683 4691 3004 4764 prudenter
3029 4694 3248 4758 tacent,
3266 4690 3395 4762 ipse
3425 4707 3662 4762 quoque

2012 4783 2396 4857 prudentium
2429 4780 2762 4853 exemplum
2776 4783 3059 4851 sequatur
3087 4783 3364 4835 eteorum
3393 4778 3494 4850 qui
3524 4796 3664 4835 con-

2013 4891 2160 4930 sona
2189 4871 2394 4928 dicunt
2422 4875 2618 4942 partes
2649 4868 3064 4940 amplectatur,
3099 4867 3424 4940 prasertim
3457 4867 3509 4924 si
3558 4884 3666 4923 an-

2013 4967 2208 5019 teacta
2235 4961 2354 5016 vita
2381 4959 2571 5014 virum
2605 4956 2776 5013 nobis
2807 4957 3068 5013 ostendit
3098 4957 3200 5029 qui
3229 4957 3330 5013 ubi
3359 4957 3434 5012 de
3495 4955 3665 5011 bonis

2014 5053 2191 5110 rebus
2220 5049 2540 5106 consilium
2571 5047 2923 5114 habebatur,
2965 5045 3124 5101 inter
3179 5046 3407 5118 primos
3462 5049 3664 5100 votum

2013 5139 2341 5199 daret:cui
2373 5136 2600 5194 similes
2652 5135 2873 5190 erimus
2925 5135 3023 5190 ubi
3083 5135 3236 5190 beati
3291 5133 3668 5206 imperatoris

2014 5232 2259 5289 virtutes
2289 5226 2568 5283 laudibus
2599 5222 2919 5279 eii'erimus.
2951 5229 3194 5294 Semper
3221 5223 3378 5280 enim
3435 5225 3494 5277 et
3535 5221 3670 5276 ubi-

2017 5337 2131 5394 que
2170 5315 2460 5376 occasioni
2498 5314 2694 5386 ipsum
2752 5311 3031 5367 laudibus
3080 5311 3415 5368 celebrandi
3457 5315 3670 5382 praesto

2018 5411 2262 5469 erimus.

2090 5501 2144 5554 3.
2177 5495 2335 5553 Nihil
2358 5507 2530 5566 porro
2562 5488 2881 5546 absurdius
2913 5505 3094 5562 quam
3123 5490 3322 5546 videre
3363 5489 3669 5547 hominem

2021 5589 2164 5645 dum
2193 5584 2332 5642 vivit
2363 5582 2561 5638 minus
2592 5581 2664 5636 ab
2695 5579 3027 5635 oratoribus
3060 5578 3497 5651 laudari,cujus
3519 5594 3673 5636 mor-

2021 5677 2112 5736 tui
2143 5672 2489 5732 memoriam
2524 5669 2918 5740 maximopere
2949 5669 3132 5726 iidem
3162 5669 3671 5726 celebrant.Vivo-

2024 5783 2157 5825 rum
2187 5767 2344 5823 certe
2369 5762 2502 5820 laus
2531 5761 2808 5832 suspecta
2836 5762 2926 5818 est
2954 5758 3028 5816 ob
3070 5758 3488 5819 verecundiam
3544 5772 3673 5830 qua
