4066 6378
359 438 477 500 975

1135 437 1565 501 EUSTATHII
1607 437 2026 500 THESSALO]

2149 440 2376 501 ENSlS
2422 439 2476 499 Μ
2487 440 3006 501 ETROPOLITAE

3690 443 3826 502 976

361 586 666 644 nunquam
699 572 1049 644 deponenda
1077 576 1202 640 est;
1229 572 1300 627 de
1335 572 1580 628 mortuis
1639 577 1837 629 autem
1900 589 2006 645 pa-

2143 570 2360 627 ιάλιστα
2386 572 2564 647 χρεὼν
2597 573 2819 644 ταύτης.
2853 574 3090 629 Ζώντων
3132 573 3227 646 μὶν
3281 572 3383 650 γὰρ
3434 571 3826 650 έπιστρόφους

361 665 659 717 rentantes
691 678 724 716 a
754 661 1090 717 sinceritate
1124 677 1428 733 nunquam
1463 663 1753 717 recedent.

441 946 492 1000 4.
517 946 655 1012 Quae
685 961 814 1000 cum
846 945 925 1000 ita
950 943 1088 1014 sint,
1116 945 1241 1016 jam
1277 962 1391 1001 non
1421 945 1739 1015 silendum,
1771 947 1870 1002 sed
1935 945 2016 1000 lo-

370 1035 666 1106 quendum
727 1038 849 1100 est;
911 1033 969 1088 in
1030 1051 1167 1105 quo,
1230 1051 1331 1104 pro
1391 1051 1552 1089 more
1612 1033 1804 1102 solito,
1878 1035 2019 1090 artis

369 1121 665 1178 rhetorices
694 1121 923 1192 legibus
956 1138 1069 1176 non
1106 1127 1261 1176 arcte
1329 1123 1896 1195 obtemperabimus,
1941 1124 2020 1178 si-

367 1210 604 1282 quidem
648 1210 825 1281 prisci
854 1210 1116 1266 rhetores
1177 1212 1443 1282 proprias
1505 1211 1803 1266 interdum
1865 1212 2020 1284 leges

361 1317 426 1355 ac
457 1317 694 1355 normas
729 1302 1087 1372 transgressi
1121 1306 1261 1356 sunt
1311 1302 1407 1356 ubi
1463 1302 1718 1370 licebat;
1757 1303 1816 1358 in
1877 1302 2019 1358 scri-

360 1389 562 1445 bendo
595 1404 728 1444 vero
750 1389 1009 1460 divagari
1041 1389 1289 1462 logicam
1324 1391 1615 1445 oll‘endere
1677 1396 1784 1446 est.
1843 1392 2023 1464 Igitur

363 1477 461 1550 qui
499 1478 841 1550 panegyrim
895 1479 1108 1533 astruit
1157 1495 1323 1534 voces
1382 1479 1680 1551 legitimas
1738 1479 1913 1552 eliget
1967 1485 2023 1536 et

364 1565 716 1639 procedendi
751 1566 992 1621 modum
1026 1566 1491 1623 circumstantiis
1534 1569 2018 1636 accommodabit,

365 1655 822 1710 architecturam
857 1670 985 1726 qua:
1011 1655 1102 1710 his
1137 1656 1311 1711 rebus
1334 1663 1544 1727 praeest
1569 1659 1870 1728 sequendo
1899 1675 2018 1725 ;se-

368 1744 630 1799 cundum
662 1759 840 1814 quam
882 1760 1052 1798 nemo
1085 1759 1270 1815 genus
1302 1762 1335 1800 ο,
1368 1745 1656 1817 principio
1691 1751 1885 1817 ponet,
1909 1747 2020 1801 nisi

368 1832 428 1886 id
453 1835 683 1886 tantum
714 1834 964 1886 tractare
996 1831 1139 1886 vult.
1195 1831 1318 1887 Non
1378 1833 1535 1887 enim
1597 1834 1859 1906 triplices
1912 1835 2021 1889 hoc

2127 661 2280 728 εἶναι,
2314 657 2556 722 ὕποπτος
2587 663 2621 731 ἡ
2655 661 2838 737 χάρις,
2873 659 2962 716 διὰ
3003 663 3102 731 τὴν
3161 662 3211 716 ἐν
3266 660 3584 740 ὀφθαλμοῖς
3629 659 3819 716 αἷδώ·

2128 745 2555 820 ἀπεληλυθότων
2589 747 2666 823 δὲ,
2701 749 2844 806 ἀλλά
2872 751 2997 806 τότε
3027 751 3089 806 τὸ
3123 748 3405 826 εὔγνωμον
3443 750 3520 813 εἷς
3575 745 3822 827 ἀκριϐὲς

2129 836 2368 915 διεκφαίν
2378 859 2514 893 εται.

2203 942 2262 999 δ’.
2318 944 2502 1007 Οὕτως
2552 943 2642 1000 05v
2695 946 3098 1018 καθεσταμένου
3141 949 3242 1001 τοῦ
3296 943 3436 1020 μηδὲ
3489 951 3581 1000 νῦν
3642 952 3817 1022 σιγᾷν

2130 1036 2354 1108 χρῆναι,
2388 1031 2534 1089 ἀλλά
2561 1055 2611 1088 τι
2645 1032 2908 1107 λαλῆσαι,
2941 1036 3012 1089 ὧν
3048 1032 3233 1098 ἐθάδες
3265 1036 3428 1110 ἧμιν,
3465 1035 3668 1110 νόμοις
3703 1037 3808 1109 μὶν

2131 1121 2495 1201 λογογραφίας
2529 1116 2743 1187 ἔπεσθαι
2776 1122 2851 1185 εἷς
2887 1123 3084 1179 λεπτὸν
3139 1123 3237 1179 ούκ
3284 1125 3342 1180 ἂν
3396 1127 3532 1198 ἡμῖν
3585 1124 3812 1200 ἀνάγκη

2131 1211 2479 1281 ἐπικείσεται,
2526 1209 2580 1266 εἷ’
2619 1233 2678 1288 γε
2726 1211 2814 1266 καὶ
2868 1214 2918 1267 οἱ
2967 1217 3064 1269 τοῦ
3097 1213 3394 1290 ῥητορικοῦ
3435 1215 3672 1289 πατέρες
3706 1214 3810 1269 νό-

2135 1321 2239 1372 μου
2297 1297 2485 1355 πολλά
2536 1306 2900 1376 παραποιοῦσι
2959 1306 3064 1356 τῶν
3121 1303 3250 1378 παρ’
3306 1301 3489 1365 αὐτοῖς
3545 1304 3816 1375 Θεσμῶν,

2132 1388 2220 1443 ὅτε
2245 1390 2480 1464 καίριον·
2519 1388 2722 1444 ἕκτοπα
2779 1387 2836 1445 δὲ
2892 1389 3046 1452 αὖθις
3107 1389 3403 1460 πλάζεσθαι
3450 1392 3809 1467 γράφοντας,

2133 1476 2278 1532 ἀλλὰ
2305 1483 2466 1532 τοῦτο
2496 1485 2830 1554 παρανομεῖν
2883 1477 2933 1533 ἐν
2982 1479 3149 1554 τέχνῃ
3204 1479 3382 1554 λόγων
3431 1479 3600 1535 έστίν.
3639 1481 3813 1537 Ἐπι-

2132 1565 2348 1621 λεκτέον
2397 1565 2486 1622 οῦν
2535 1569 2598 1622 τό
2652 1589 2711 1621 τε
2763 1561 2989 1640 ἔννομον
3037 1567 3088 1622 ἐν
3137 1567 3454 1644 ἐγκωμίοις,
3505 1567 3599 1623 καὶ
3648 1571 3722 1623 τὸ
3761 1568 3816 1623 ἐν

2131 1656 2502 1730 περιστάσεσιν
2562 1653 2854 1729 εύμὲθοδον
2887 1703 2900 1727 ,
2951 1657 3089 1710 κατὰ
3141 1657 3244 1725 τὴν
3290 1657 3814 1733 ἀρχιτεκτονοῦσαν

2131 1745 2226 1798 κάν
2279 1748 2396 1806 τοῖς
2453 1744 2726 1806 τοιούτοις
2806 1741 3135 1815 δεινότητα,
3191 1746 3310 1800 καθ’
3369 1746 3430 1814 ἣν
3481 1745 3642 1821 γένος
3717 1747 3822 1819 μὲν

2131 1831 2356 1887 ένταῦθα
2401 1831 2875 1910 κεφαλαιώσασθαι
2935 1831 3118 1896 οὐδεὶς
3170 1832 3232 1888 ἂν
3293 1833 3441 1898 ὅστις
3507 1829 3821 1890 ἐπιϐαλεῖ-

372 1919 497 1974 loco
527 1919 932 1991 generationes
963 1925 1287 1991 supputare
1341 1939 1488 1994 opus
1536 1926 1651 1987 est;
1716 1923 1808 1978 hic
1867 1925 2018 1979 enim

2143 1943 2240 1990 ται,
2279 1922 2354 1994 μὴ
2385 1926 2551 1976 τοῦτο
2601 1922 2690 1976 καὶ
2745 1923 2908 1996 μόνον
2961 1922 3224 1997 ἑλόμενος
3282 1921 3439 1999 ἔργον
3499 1925 3718 1988 θέσθαι·
3759 1925 3820 1986 ’ὀς

373 2025 582 2080 parum
616 2007 705 2062 sui
737 2008 925 2080 ipsius
961 2025 1184 2064 memor
1212 2026 1543 2066 sermonem
1593 2011 1833 2067 minime
1887 2029 2019 2085 pro-

371 2096 675 2168 longatum
699 2098 768 2151 ad
805 2098 977 2152 tinem
1013 2098 1331 2169 perducet;
1367 2104 1608 2171 septena
1638 2117 1770 2156 vero
1805 2103 2022 2172 perfec-

372 2187 452 2242 tio
482 2185 706 2257 regium
737 2185 880 2240 illud
940 2203 1128 2258 genus
1186 2193 1395 2258 ornat;
1447 2191 1616 2259 cujus
1667 2191 1714 2244 si
1764 2191 2023 2263 dignitas

371 2274 737 2346 periclitatur
767 2275 898 2346 ipsa
938 2276 1188 2331 termino
1235 2277 1788 2347 circumscribitur;
1851 2282 2027 2336 verba

373 2367 567 2418 autem
601 2362 901 2418 laudativa
931 2364 988 2418 in
1045 2365 1346 2437 inﬁnitum
1393 2366 1597 2437 ﬂuent,
1657 2372 1714 2422 et
1771 2369 2019 2436 nullum,

372 2451 651 2523 temporis
686 2453 943 2524 spatium
981 2451 1134 2509 ultra
1167 2454 1223 2508 id
1279 2456 1432 2526 quod
1482 2455 1782 2528 prwfixum
1841 2457 2016 2513 fuerit

373 2539 724 2609 adjicietur;
758 2541 910 2594 inter
941 2539 1303 2612 loquendum
1338 2543 1494 2598 enim
1525 2543 1610 2600 vis
1668 2551 1723 2600 et
1778 2545 2028 2602 libertas

375 2630 831 2695 consumuntur,
888 2629 1101 2700 quibus
1159 2630 1260 2702 qui
1319 2631 1545 2688 ealamo
1609 2634 1836 2702 scribit,
1903 2653 2018 2691 non

383 2733 532 2791 opus
563 2715 759 2773 habet.

461 3123 517 3179 5.
551 3123 754 3195 Itaque
782 3124 854 3180 iis
886 3125 986 3196 qui
1009 3132 1339 3198 opportuno
1398 3131 1798 3186 moderamine
1857 3138 2032 3188 utun-

392 3214 490 3266 tur
518 3210 830 3267 dicendum
862 3218 953 3269 est
985 3215 1140 3284 quod
1185 3215 1308 3271 viro
1342 3216 1578 3273 laudato
1611 3234 1856 3291 regnum
1919 3239 2032 3277 non

2133 2033 2195 2086 γε
2227 2009 2338 2065 οὐδ’
2385 2009 2528 2065 οὕτω
2575 2013 2887 2066 κατευθυνεῖ
2932 2013 3030 2080 τὴν
3084 2016 3180 2067 τοῦ
3224 2011 3391 2088 λόγου
3449 2012 3630 2089 βολήν
3687 2013 3816 2068 ἐπί-

2133 2121 2328 2156 σκοπα.
2381 2100 2456 2157 Ού
2507 2102 2611 2176 γαρ
2659 2100 2968 2176 τριγόνους,
3021 2102 3050 2156 6'
3102 2122 3251 2173 φασι,
3299 2103 3469 2178 γονὰς
3524 2105 3816 2178 μετρήσα-

2136 2202 2254 2253 σθαι
2304 2189 2574 2253 κάνταῦθα
2626 2187 2788 2258 ἔστιν,
2841 2189 2892 2244 έν
2939 2195 3058 2255 ταῖς
3114 2189 3512 2266 ἀπασχολήσας
3541 2211 3631 2254 τις
3677 2192 3812 2246 εαυ-

2133 2279 2248 2348 τὸν,
2301 2278 2361 2332 ού
2414 2279 2552 2332 πάνυ
2602 2279 2812 2354 μακρὰν
2865 2278 3060 2342 ἀνύσας
3124 2277 3416 2335 καταλύσει
3472 2281 3564 2334 τὸν
3633 2279 3810 2357 λόγον

2137 2365 2211 2428 εἷς
2251 2365 2578 2422 ἀνάπαυλαν·
2630 2365 2892 2436 ἐπταδική
2950 2365 3008 2422 δὲ
3053 2367 3338 2438 τελειότης
3391 2369 3454 2423 τὸ
3510 2367 3813 2444 βασιλικὸν

2134 2459 2294 2510 τοῦτο
2325 2455 2486 2529 γένος
2526 2461 2746 2529 κοσμεῖ.
2787 2456 2892 2510 Κᾶν
2944 2453 3108 2532 δεήσῃ
3154 2462 3272 2518 τοῖς
3325 2463 3439 2511 κατ’
3480 2455 3654 2527 αὐτὴν
3709 2458 3816 2512 ἐπ-

2139 2541 2372 2616 εξελθεῖν
2422 2544 2794 2617 σεμνώμασιν,
2843 2543 2980 2614 αύτή
3031 2547 3124 2619 μὲν
3167 2546 3359 2620 πέρατι
3403 2545 3814 2622 περικλείεται·

2139 2634 2191 2686 οἱ
2237 2629 2293 2686 δὲ
2349 2633 2485 2704 πρὸς
2541 2639 2741 2708 τεχνην
2798 2632 3167 2704 ἐπαινετήριοι
3224 2633 3517 2710 ῥυήσονται
3583 2635 3666 2700 ὡς
3722 2637 3816 2700 εἷς

2142 2721 2433 2796 ἀπέραντα,
2486 2723 2573 2777 καὶ
2636 2721 2736 2777 οὐκ
2789 2721 3286 2798 ἐπιμετρηθήσεταί
3344 2744 3396 2778 τι
3457 2718 3671 2799 χρόνου
3722 2731 3817 2798 τῷ

2140 2811 2277 2865 κατᾶ
2333 2811 2532 2866 σκοπὸν
2573 2857 2586 2880 ,
2639 2809 3017 2882 ἀναλωθεισης
3073 2819 3171 2882 τῆς
3227 2810 3280 2866 ἄν
3339 2816 3420 2884 τῷ
3474 2811 3659 2887 λέγειν
3716 2815 3815 2869 καὶ

2143 2897 2338 2974 ἲσχύος
2391 2898 2482 2954 καὶ
2533 2897 2718 2963 ἀδείας
2765 2901 2841 2963 εἰς
2892 2901 2960 2957 τὰ
3019 2901 3096 2975 μὴ
3146 2900 3254 2975 πρὸ
3307 2898 3473 2976 ἔργου
3523 2905 3607 2974 τῷ
3664 2903 3814 2978 γρά-

2144 3008 2320 3065 φοντι.

2217 3138 2273 3195 ε’.
2331 3139 2536 3194 Ἐκεῖνο
2583 3136 2762 3193 τοίνυν
2808 3135 2947 3194 ἕστίν
3008 3138 3175 3194 εἰπεῖν
3235 3143 3354 3201 τοῖς
3413 3136 3648 3203 ένταῦθα
3702 3161 3796 3212 με·

2143 3225 2464 3302 τρουμένοις
2540 3228 2603 3282 τὸ
2673 3226 2906 3304 καίριον,
2983 3228 3059 3290 ὡς
3135 3228 3237 3282 οὐκ
3309 3226 3662 3301 ἀθεμελίωτα
3715 3234 3794 3301 τῷ

388 3298 518 3356 sine
544 3297 928 3357 fundamento
959 3308 1059 3357 aut
1101 3305 1228 3359 sine
1268 3306 1462 3362 radice
1491 3309 1719 3381 obtigit,
1743 3311 2026 3382 siquidem

2152 3317 2473 3389 ὑμνουμένῳ
2518 3317 2585 3371 τὰ
2631 3321 2727 3371 105
2781 3316 3106 3393 βασιλεύειν,
3159 3315 3304 3388 οὐδὲ,
3339 3318 3413 3380 ὡς
3459 3319 3576 3372 οἷον
3608 3317 3808 3390 εἰπεῖν,

390 3387 578 3443 ﬂrmis
600 3388 1024 3457 fundamentis,
1056 3408 1298 3448 avorum
1333 3395 1539 3466 gloria,
1590 3399 1916 3464 stabilitur,
1979 3409 2036 3458 et

390 3481 458 3532 ut
489 3477 787 3534 radicibus
820 3478 1029 3535 validis
1084 3482 1378 3539 virescens
1426 3486 1781 3556 germinavit
1838 3489 2034 3557 arbor,

393 3565 565 3634 cujus
604 3565 818 3620 umbra
845 3565 1074 3622 labores
1107 3586 1306 3624 eorum
1341 3572 1642 3628 consolata
1675 3580 1764 3629 est
1804 3577 1905 3648 qui
1934 3595 2033 3633 su-

391 3654 770 3709 doremadidi
801 3664 1201 3724 accurrerunt,
1226 3667 1282 3714 et
1333 3661 1502 3732 cujus
1552 3663 1777 3720 fructus
1827 3682 2035 3723 omnes

392 3740 702 3812 indigenas
732 3742 1859 3819 aluerunt.Resigiturjucundavidetur
1879 3757 2034 3826 quod

392 3829 608 3901 aliquis
638 3832 854 3903 dignus
885 3833 1160 3889 inventus
1221 3836 1398 3891 fuerit
1450 3838 1550 3909 qui
1601 3841 1765 3912 regni
1825 3843 2033 3900 funda-

392 3923 589 3974 menta
611 3919 863 3990 jacuerit
893 3927 950 3976 et
979 3925 1260 3995 temporis
1293 3924 1476 3981 felicis
1510 3929 1758 3998 posteris
1808 3932 2035 3989 semina

389 4006 698 4064 tradiderit
729 4013 786 4066 et
817 4026 1039 4065 coronae
1072 4013 1250 4083 regali
1287 4014 1520 4070 initium
1589 4021 1850 4087 posuerit
1906 4038 2033 4093 quas

390 4100 597 4166 postea
625 4101 710 4152 tot
739 4099 950 4169 dignos
986 4102 1192 4157 merito
1223 4103 1450 4158 ornavit
1496 4110 1553 4160 et
1611 4123 1738 4176 qua
1781 4110 2034 4168 subinde

390 4184 686 4257 duplicem
721 4193 992 4242 assecuta
1021 4193 1111 4244 est
1142 4190 1447 4261 honorem,
1496 4195 1686 4265 primo
1735 4200 2032 4270 pr0priam

390 4273 599 4328 deinde
617 4289 791 4346 quem
819 4275 1065 4332 historia
1087 4278 1542 4350 imperatoribus
1558 4288 2032 4344 antecessoribus

389 4362 952 4433 attribuit,quamvis
982 4366 1142 4436 prior
1169 4367 1438 4424 honored
1469 4371 1837 4430 fundatorem
1861 4393 2032 4449 spec-

388 4454 496 4505 tet.
517 4451 630 4505 Sed
663 4451 763 4521 qui
796 4453 959 4522 regni
993 4455 1380 4512 fundamenta
1418 4459 1606 4528 jacuit
1662 4479 1776 4518 non
1833 4469 2030 4520 tamen

390 4554 496 4609 pro
518 4537 716 4593 futuro
738 4545 1002 4611 tempore
1033 4544 1307 4600 fiduciam
1341 4546 1474 4614 dat;
1505 4549 1604 4619 qui
1646 4556 1841 4607 autem
1898 4554 2028 4610 fun-

2145 3403 2381 3480 ἄρῥιζα·
2445 3404 2690 3481 στεῤῥοῖς
2772 3403 2830 3459 δὲ
2901 3404 3179 3478 θεμελίοις
3237 3403 3674 3478 ἐπῳκοδόμηται
3738 3410 3813 3481 τῇ

2143 3488 2682 3570 προϋποϐεϐλημένῃ
2740 3498 2848 3549 τῶν
2908 3494 3196 3569 προγόνων
3257 3493 3498 3566 εὐκλείᾳ,
3551 3494 3671 3565 καὶ,
3733 3497 3814 3558 ὡς

2144 3580 2231 3635 ἐπὶ
2263 3581 2438 3658 ῥίζαις
2494 3582 2792 3654 τοιαύταις,
2847 3583 3008 3662 φυτὸν
3054 3580 3445 3648 εύθαλέστατον
3492 3582 3623 3638 αὐτὸ
3682 3583 3818 3640 ἀνέ-

2145 3666 2412 3743 ϐλαστεν,
2470 3671 2534 3726 05
2591 3672 2678 3727 καὶ
2733 3674 2766 3742 ἡ
2826 3673 2952 3727 σκιὰ
3008 3673 3214 3734 κόπους
3271 3672 3510 3748 ἀνέψυχε
3559 3678 3684 3735 τοῖς
3746 3672 3815 3729 ἐκ

2143 3761 2398 3834 καμάτων
2453 3760 2575 3836 βίου
2637 3766 2953 3836 καυστηρῶν
3013 3760 3398 3836 ὑποτρέχουσι,
3451 3761 3541 3816 καὶ
3588 3763 3615 3816 6
3671 3783 3817 3838 καρ-

2143 3850 2243 3912 πὸς
2300 3847 2536 3928 ἔτρεφεν,
2597 3849 2754 3913 ὅσους
2811 3851 2930 3926 βίου
2986 3849 3246 3923 ἐλάπαξεν
3304 3847 3520 3906 ἔνδεια.
3586 3852 3811 3925 Σεμνὸν

2148 3939 2241 4012 μὲν
2294 3941 2383 3993 οῦν
2433 3941 2522 3995 καὶ
2578 3939 2737 3995 αὐτόν
2790 3961 2912 3995 τινα
2967 3940 3230 4010 ἠξιῶσθαι
3280 3939 3460 4015 ἀρχὴν
3513 3939 3813 4014 βασιλείας

2144 4029 2317 4100 ἑαυτῴ
2361 4024 2890 4104 προκαταϐαλέσθαι,
2941 4029 3032 4082 καὶ
3084 4027 3339 4104 κατάρξαι
3386 4033 3466 4098 τῷ
3524 4027 3812 4084 είσέπειτα

2143 4119 2286 4193 γένει
2343 4121 2439 4172 τοῦ
2498 4119 2718 4193 ἀγαθοῦ,
2778 4118 2867 4172 καὶ
2924 4121 2993 4192 τῇ
3051 4115 3311 4192 βασιλικῇ
3377 4115 3592 4192 χρυσέᾳ
3648 4123 3818 4194 σειρᾷ

2143 4203 2382 4260 ἐνδοῦναι
2437 4207 2637 4282 ἀρχήνο
2697 4211 2776 4278 τῷ
2833 4207 2992 4261 παντὶ
3053 4203 3110 4260 δὲ
3161 4210 3404 4276 κρεῖττον
3441 4204 3502 4260 ἐκ
3530 4201 3814 4282 διαδοχῆς

2144 4293 2515 4370 ἔπικεκρίσθαι
2572 4294 2884 4370 περιθέσθαι
2944 4291 3189 4368 διάδημα
3225 4334 3237 4349 .
3295 4294 3476 4350 Τοῦτο
3538 4295 3636 4366 μὲν
3701 4296 3815 4372 γάρ

2144 4382 2219 4444 εἲς
2249 4381 2476 4438 διπλοῦν
2530 4381 2653 4454 ἥκει
2705 4384 2950 4446 ἐπαίνου,
2994 4378 3057 4438 τό
3086 4405 3145 4437 τε
3183 4383 3298 4437 κατ’
3333 4383 3519 4446 αὐτὸν,
3549 4382 3642 4437 καὶ
3677 4383 3818 4439 ὅσον

2143 4471 2218 4534 εἷς
2281 4471 2523 4547 βασιλεῖς
2598 4473 2904 4548 προγόνους
2963 4471 3269 4545 ἀναπέμπει
3321 4471 3412 4526 τὸν
3470 4473 3758 4550 γράφοντα
3794 4495 3809 4508 ·

2142 4560 2314 4615 έκεῖνο
2368 4558 2425 4615 δὲ
2473 4561 2549 4624 εἷς
2597 4558 2690 4616 ἕνα
2740 4561 3064 4636 περιέγραψε
3111 4561 3173 4616 τὸ
3220 4559 3413 4629 καλὸν,
3462 4560 3553 4614 τὸν
3597 4563 3812 4638 κατάρ-

390 4625 654 4681 datorsm
705 4630 974 4696 sequitur
1018 4633 1452 4690 successionem
1519 4636 1709 4692 ﬁrmat
1765 4643 2026 4712 proprias

390 4716 630 4738 -.:_A--L--
665 4723 1011 4738 -_1_-----,,
1063 4737 1093 4738 η
1176 4723 1186 4732 ·
1232 4727 1241 4738 ι
1300 4724 1356 4738 ..ι
1557 4726 1612 4738 ε.
1713 4727 1727 4738 ι
1849 4729 1892 4738 --
1938 4732 1950 4738 -

2143 4649 2320 4718 ξαντα.
2365 4650 2466 4706 Καὶ
2524 4646 2601 4705 ἔτι
2661 4652 2688 4706 6
2751 4651 2844 4723 μὲν
2895 4651 3074 4726 ἀρχὴν
3138 4649 3433 4724 βασιλικήν
3487 4649 3811 4721 ὑποστησά-

390 4716 633 4771 virtutes
663 4723 1104 4775 antecessorum
1135 4723 1453 4777 virtutibus
1503 4726 1789 4782 addendo.
1849 4729 2033 4787 Habet

389 4803 544 4857 enim
578 4804 843 4875 exempla
867 4809 938 4861 ad
974 4809 1319 4864 ﬁrmandam
1349 4817 1625 4881 mentem,
1660 4817 1900 4889 zeloque
1959 4821 2028 4875 ad

386 4891 772 4948 imitationem
799 4895 1076 4952 incensus
1105 4899 1634 4968 prtedecessoribus
1665 4903 1906 4964 inferior
1951 4909 2030 4964 vi-

386 4979 509 5036 deri
541 4996 654 5036 non
686 4982 828 5039 vult.

449 5383 504 5436 6.
533 5369 681 5446 Quid
715 5385 871 5457 quod
905 5386 975 5442 de
1005 5403 1216 5459 genere
1251 5408 1466 5465 magna
1499 5414 1612 5452 non
1639 5405 1728 5455 est
1757 5417 1898 5458 cura
1928 5404 2029 5461 ha-

379 5469 769 5562 benda,cujus
796 5476 1029 5546 generis
1059 5483 1227 5550 gesta
1257 5480 1492 5539 herorca
1522 5487 1753 5545 novisse
1783 5491 1912 5562 ejus
1939 5499 2029 5549 est

379 5557 480 5648 qui
513 5565 766 5648 mentem
789 5561 1033 5620 scientia
1065 5583 1274 5624 ornare
1297 5569 1463 5640 vult;
1521 5579 1578 5630 et
1625 5593 1753 5648 quis
1809 5557 2026 5638 litteris

372 5643 497 5722 jam
528 5645 754 5704 dudum
784 5649 922 5707 licet
943 5652 1220 5712 brevibus
1250 5658 1442 5716 verbis
1471 5643 1688 5722 tradita
1716 5672 1875 5723 sunt.
1901 5668 2026 5725 Huc

379 5731 610 5788 accedit
629 5737 784 5805 quod
813 5739 1180 5808 educationis
1200 5760 1468 5804 normam
1503 5766 1569 5806 ac
1595 5754 1832 5826 regulas
1859 5760 2025 5831 sequi

2147 4759 2306 4810 μενος
2363 4739 2423 4792 ού
2476 4741 2614 4794 πάνυ
2669 4737 2856 4794 δίδωσι
2917 4739 3131 4815 θαρρεῖν
3181 4737 3247 4792 τὰ
3299 4738 3586 4793 εἰσέπειταο
3653 4740 3685 4793 6
3750 4739 3812 4796 δὲ

2141 4831 2256 4886 τοῖς
2316 4824 2528 4904 ἄρξασιν
2591 4827 3001 4903 ἐπιγενόμενος,
3053 4826 3143 4882 καὶ
3199 4831 3368 4881 ταῦτα
3417 4824 3754 4896 τηλικούτοι
3793 4876 3808 4900 ,

2142 4914 2488 4992 ἐγγυωμένην
2534 4915 2697 4991 αὐχεῖ
2736 4918 2834 4987 τὴν
2888 4914 3158 4992 διαδοχὴν
3220 4916 3443 4990 ἀγαθοῖς
3499 4921 3617 4977 τοῖς
3663 4920 3807 4995 φθά-

2143 5025 2262 5058 σασι
2315 5012 2724 5081 προσεπιθεῖναι
2771 5005 2838 5061 τὰ
2865 5002 3099 5063 οἷ’κοθεν.
3153 5012 3308 5081 Ἔχει
3352 5005 3479 5079 γὰρ,
3510 5003 3640 5060 ὅποι
3694 5027 3810 5063 πα-

2144 5089 2504 5170 ραδείγματος
2578 5095 2853 5171 ἱθαγενοῦς
2921 5095 3014 5150 τὸν
3073 5099 3197 5149 νοῦν
3258 5094 3597 5168 ἀπερείσεται
3633 5111 3647 5126 ⁸
3710 5095 3808 5150 καὶ

2144 5179 2297 5254 ζήλῳ
2354 5180 2762 5259 διαθερμανθεὶς
2831 5184 2966 5258 πρὸς
3028 5183 3284 5256 μίμησιν,
3349 5181 3410 5236 ού
3472 5182 3620 5258 φέρει
3680 5189 3809 5247 τοῖς

2137 5270 2426 5346 προγόνοις
2458 5273 2669 5350 ἀφιέναι
2700 5273 2998 5348 πρωτεύειν
3033 5271 3085 5326 έν
3113 5271 3361 5348 ἀγαθοῖς.

2210 5411 2272 5469 ς’.
2321 5406 2381 5459 Τί
2438 5403 2495 5460 δέ
2543 5424 2556 5476 ;
2607 5405 2767 5470 Γένος
2821 5407 2916 5478 μὲν
2969 5406 3034 5461 οὐ
3088 5403 3662 5481 πολυπραγμονητὲον
3718 5404 3809 5461 έν-

2136 5495 2322 5562 ταῦΘα,
2374 5492 2537 5568 οὗπερ
2579 5495 2607 5549 6
2659 5493 2962 5571 κατάλογος
3015 5495 3148 5570 ὑπὲρ
3199 5494 3268 5548 τὰ
3323 5493 3561 5569 ήρωϊκᾶ,
3611 5493 3687 5548 ὧν
3738 5497 3811 5551 τὰ

2138 5582 2304 5654 σεμνὰ
2360 5581 2472 5637 ἔστι
2525 5588 2803 5639 κατανοεῖν
2855 5587 2936 5655 τῷ
2992 5584 3284 5655 μαθήσεως
3354 5579 3411 5636 εὖ
3461 5579 3680 5649 ἥκοντι,
3748 5582 3806 5646 ἐς

2137 5669 2261 5726 ὅσον
2325 5670 2674 5745 βραχύτητος
2711 5671 3161 5747 περιγέγραπται·
3220 5676 3430 5746 τροφῆς
3486 5665 3546 5724 δὶ
3592 5671 3808 5729 κανόνα

2137 5755 2558 5835 διαχειριστέον,
2615 5761 2675 5825 ’ὸς
2733 5758 2798 5830 δὴ
2854 5765 2935 5833 τῷ
2985 5759 3129 5836 γένει
3178 5757 3646 5836 συναναφαίνεται.
3693 5761 3804 5816 Καὶ
