4066 6402
232 446 352 505 9⁵1⁸1

1107 450 1498 512 MANUELIS
1543 447 1896 509 COMNENI
1941 447 2340 512 LAUDA'I‘IO
2385 448 2803 512 FUNEBRIS.

3543 452 3674 512 978'

226 577 310 640 τίς
341 575 401 630 ἃν
457 575 800 653 ἐπιμετρήοῃ
859 580 1060 654 χρόνον
1094 579 1381 654 ἀρκοῦντα,
1441 575 1565 643 ἔνθα
1609 579 1666 634 τὸ
1691 579 1890 652 ἀκροα-

2005 580 2310 651 debemus,
2344 582 2562 654 quibus
2593 583 2824 655 generis
2877 582 3154 654 splendor
3203 588 3468 654 augetur.
3515 584 3657 652 Quis

229 667 426 740 τήριον
463 664 627 740 ὀλίγα
659 667 754 738 μὲν
803 663 921 742 ἔχει
978 668 1112 741 πρὸς
1163 672 1279 730 τοῖς
1321 667 1406 742 ὑφ’
1463 668 1624 738 ἡμῶν
1687 664 1890 720 λαλου-

236 754 445 826 μένοις,
493 754 560 808 τά
635 753 812 810 πλείω
868 753 924 809 δὲ
978 756 1052 818 εἷς
1111 757 1266 810 ἑαυτὸ
1325 757 1624 832 στρέφεται,
1677 756 1765 809 καὶ
1816 759 1895 826 τῷ

235 841 470 914 Θα·3ματι
530 843 837 918 πεπηγότες
909 843 943 913 ἢ
1004 843 1359 900 συστέλλουσι
1409 845 1475 898 τὰ
1529 849 1637 898 τῶν
1697 843 1890 913 αἰσθή-

235 950 370 985 σεων
427 929 794 1006 ἐνεργήματα,
851 931 902 986 ἐν
965 936 1045 995 οἷς
1075 933 1163 988 καὶ
1217 934 1279 988 τὸ
1333 934 1648 1008 ἀκροᾶσθαι,
1681 933 1715 1003 ἢ
1749 931 1897 988 ἀλλά

231 1019 331 1081 τὰς
389 1019 628 1095 ψυχικὰς
685 1021 1134 1097 παρανοιγνύντες
1218 1019 1440 1086 δέλτους
1504 1022 1660 1078 αὐτοὶ
1723 1022 1895 1096 λογο-

234 1112 533 1185 γραφοῦσιν
591 1107 828 1176 ἐαυτοῖς,
883 1111 1000 1164 κατ’
1058 1107 1230 1174 ἄλλος
1294 1109 1466 1167 ἄλλον
1523 1113 1724 1187 τρόπον
1771 1116 1892 1174 τοῖς

231 1200 331 1253 τοῦ
361 1197 615 1270 κειμένου
646 1198 940 1272 ἐπεξιόντες
971 1200 1276 1274 θαύμασιν;
1337 1201 1388 1256 ἐν
1450 1204 1531 1263 οἷς
1589 1203 1676 1256 καὶ
1728 1202 1802 1264 ὡς
1837 1202 1895 1256 ἐκ

232 1285 558 1362 σπαργάνων
633 1287 808 1343 αὐτῶν
869 1288 958 1343 καί
1034 1289 1094 1344 ἐκ
1148 1289 1341 1354 παιδὸς
1401 1291 1476 1352 εἰς
1537 1292 1770 1365 ἀκμαῖον
1822 1279 1896 1346 δι’

234 1374 438 1448 ἀρετῶν
485 1375 636 1444 ἥκῶν
696 1379 1030 1451 προέκοπτε,
1087 1381 1153 1434 τὰ
1216 1380 1309 1452 μὲν
1370 1381 1573 1456 ὲτέροις
1630 1402 1891 1456 προγονι-

229 1469 350 1525 κοῖς
407 1460 675 1538 ἐμϐαίνων
714 1466 908 1543 ἴχνεσι,
969 1468 1037 1522 τὰ
1095 1467 1152 1523 δὲ
1199 1469 1288 1523 καὶ
1323 1474 1598 1544 πατρικῶς
1631 1470 1890 1546 ῥυθμιζό-

232 1573 414 1624 μενος,
445 1554 624 1609 πλείω
684 1554 740 1610 δὶ
797 1558 884 1611 καὶ
957 1563 1371 1634 προσευπορῶν,
1419 1559 1508 1613 καὶ
1540 1560 1735 1635 ἀρχαῖς
1765 1561 1894 1634 ἀγα-

230 1643 350 1703 θαῖς
409 1645 876 1722 προσεξευρίσκων
937 1645 1118 1714 αὐτὸς,
1147 1646 1246 1702 ὅσα
1274 1648 1364 1702 καὶ
1420 1647 1554 1702 αὐτά
1603 1648 1679 1710 εἷς
1718 1649 1892 1726 ἀρχὰς

229 1729 320 1784 καὶ
391 1729 796 1809 ἀγαθοπραξιῶν
873 1735 1158 1812 ἀρχέτυπα
1207 1742 1324 1799 τοῖς
1394 1735 1636 1792 ἐπιοῦσιν
1699 1737 1888 1814 ἐγγρά-

233 1817 414 1894 cum.

2005 675 2198 723 autem
2229 677 2465 742 tempus
2495 672 2798 727 sufficiens
2842 672 3005 726 dabit
3053 671 3269 727 oratori
3320 689 3388 727 ea
3432 672 3560 744 lege
3592 678 3659 728 ut

2005 758 2384 816 audientibus
2413 762 2590 816 verba
2624 761 2849 832 prolata
2884 778 3088 832 parum
3122 761 3369 832 prosint,
3405 761 3658 833 plurima

2003 864 2137 902 vero
2169 848 2226 902 in
2271 849 2533 920 seipsum
2580 855 2966 916 revertantur,
3021 853 3077 904 et
3126 850 3210 905 sic
3267 849 3654 906 admiratione

2005 935 2278 1005 perculsi,
2313 943 2368 991 et
2421 938 2696 993 audiendi
2722 937 3161 1010 operationibus
3219 939 3655 1011 circumscripti

2002 1023 2185 1080 libros
2214 1025 2653 1097 philosOpbicos
2697 1026 2899 1099 legunt
2939 1032 2995 1082 et
3026 1027 3320 1082 memoris
3373 1028 3660 1084 mandant

2003 1119 2061 1168 et
2092 1121 2347 1169 mentem
2382 1116 2742 1171 mirabilium
2778 1117 2975 1171 studio
3001 1116 3274 1188 replent?
3301 1119 3385 1172 Ab
3416 1117 3659 1173 incuna-

2002 1202 2161 1258 bulis
2199 1205 2356 1259 enim
2411 1205 2751 1260 adolescens
2800 1206 2872 1260 ad
2922 1206 3203 1260 virtutum
3255 1206 3658 1262 maturitatem

2003 1294 2372 1363 procedendo
2424 1296 2714 1365 majorum
2765 1295 3030 1367 vestigiis
3080 1295 3322 1364 insistit,
3368 1301 3427 1351 et
3465 1311 3660 1351 mores

2003 1394 2279 1460 paternos
2305 1385 2594 1440 imitando
2617 1386 2787 1442 bonis
2815 1385 3078 1458 auguriis
3102 1385 3278 1442 vitam
3301 1403 3662 1460 componens

2001 1479 2290 1532 bonarum
2325 1475 2620 1530 actionum
2654 1475 2950 1546 exemplar
2973 1476 3100 1547 ipse
3122 1480 3211 1531 est
3232 1481 3288 1530 et
3309 1477 3562 1548 posteris
3585 1476 3659 1532 ad

2001 1566 2356 1620 imitandum
2391 1573 2768 1636 proponetur.

312 1928 372 1996 ζ’.
405 1930 498 1985 Ἑν
552 1927 654 2004 γὰρ
703 1927 926 2001 ἀληθῶς
960 1928 1092 1987 ἰδεῖν
1147 1932 1238 1986 τὸν
1276 1933 1368 2005 μὲν
1424 1934 1628 2009 πατέρα
1662 1934 1888 2010 βασιλέα

2065 1936 2120 1990 7.
2156 1933 2376 1987 Revera
2405 1933 2601 1986 autem
2649 1935 2878 2002 patrem
2930 1929 3341 2000 imperatorem
3391 1929 3652 2003 optimas

239 2010 605 2070 διδασκαλιῶν
653 2016 750 2080 τὰς
805 2016 1022 2092 ἀρίστας
1054 2014 1532 2095 προϐαλλόμενον,
1589 2027 1782 2077 τοῦτον
1834 2021 1890 2080 δὶ

237 2101 364 2178 ῥᾷον
433 2100 996 2178 ἀντιλαμϐανόμενον,
1068 2108 1158 2163 καὶ
1233 2107 1310 2170 εἲς
1378 2105 1660 2184 προϐολὴν
1732 2111 1888 2178 εὐθὺς

236 2192 504 2268 ἐνεργείας
579 2193 791 2259 τελείας
845 2195 1264 2271 ἐρεθιζόμενονο
1325 2198 1568 2254 κάκεῖνον
1629 2198 1768 2256 ἔστιν
1829 2204 1891 2257 οῦ

237 2281 327 2336 καὶ
387 2281 654 2358 ἐπέχοντα
707 2291 808 2354 τῆς
857 2284 1070 2360 εἷσάγαν
1132 2285 1332 2361 ῥύμης,
1395 2288 1768 2364 ὑφορώμενον,
1814 2292 1889 2364 μὴ

239 2371 328 2424 καὶ
390 2371 619 2447 σφαλείη
682 2375 709 2427 6
740 2378 868 2438 παῖς
917 2372 1173 2449 βασιλεὺς
1205 2380 1286 2448 τῷ
1345 2376 1600 2449 ὑπερλίαν
1635 2378 1894 2451 εὐεκτικῷ

233 2458 334 2514 τοῦ
369 2461 767 2540 μεγαλοφυοῦς.
828 2463 933 2519 Καί
992 2484 1124 2518 ποτε
1204 2465 1311 2540 πρὸ
1370 2466 1513 2541 ὥρας
1573 2467 1760 2542 ὑγραῖς
1812 2465 1894 2523 ἔτι

232 2549 393 2624 χερσὶ
427 2550 537 2624 (καί
585 2551 638 2606 τί
668 2553 768 2627 γάρ
795 2555 834 2624 ;)
876 2552 911 2621 ἢ
943 2551 1224 2618 παιδικαῖς
1280 2555 1308 2607 6
1370 2556 1466 2628 μὲν
1520 2556 1895 2632 κατεθάῤῥησε

238 2640 433 2714 μάχης
485 2642 567 2714 (ἣν
618 2642 680 2696 οὐ
727 2641 956 2710 πολλοὶ,
1014 2640 1138 2697 οὐδὲ
1174 2648 1283 2697 τῶν
1315 2645 1746 2720 γενναιοτέρων),
1803 2647 1891 2701 καὶ

236 2728 542 2801 περιέκειτο
599 2730 755 2801 νίκην
792 2753 805 2766 ο
865 2732 894 2786 6
952 2728 1009 2786 δὲ
1064 2732 1243 2806 πατὴρ
1293 2731 1441 2797 ἐντὸς
1487 2735 1580 2806 μὲν
1649 2733 1892 2810 ἔχαιρεν,

242 2816 550 2896 ἐπαλείφων
611 2819 688 2882 εἲς
742 2820 933 2893 ἀρετὰς
991 2819 1083 2875 τόν
1143 2823 1261 2876 κατ’
1317 2820 1478 2883 αὐτὰς
1537 2821 1893 2898 δεξιώτατον,

237 2911 359 2968 τοῖς
391 2904 447 2961 δὲ
499 2907 651 2970 ἐκτὸς
683 2904 959 2984 ἐμϐριθῶς
991 2909 1386 2985 ἐσχημάτιστῳ
1435 2913 1526 2967 καὶ
1571 2911 1760 2982 ἤνυσεν
1807 2913 1894 2968 ἐπὶ

238 2999 323 3067 τῷ
377 3001 596 3071 μαθητῇ
650 2996 883 3072 βασιλεῖ,
917 2999 946 3052 ’ὀ
983 2999 1057 3072 μὴ
1107 2999 1169 3053 τὸ
1209 2997 1476 3071 πολέμιον
1504 3004 1891 3076 κατεπράξατο.

235 3083 375 3146 Τοὺς
427 3085 522 3158 μὲν
553 3086 656 3161 γάρ
687 3084 800 3141 οὐδ’
863 3085 1138 3156 ὑπεστάλη
1173 3089 1201 3140 ὁ
1255 3088 1487 3150 νεανίας’
1518 3090 1545 3144 6
1601 3088 1658 3145 δὲ
1713 3092 1894 3165 πατὴρ

246 3173 525 3247 βασιλεὺς,
587 3170 1093 3250 ἐμϐριμησάμενος,
1131 3178 1263 3233 αὐτὸ
1323 3176 1370 3232 δ’
1425 3177 1618 3251 εἰπεῖν,
1651 3181 1738 3234 καὶ
1777 3180 1896 3234 ἐπι-

235 3263 454 3378 Ξτλχήξας
481 3308 524 3376 ,ν
555 3265 631 3327 εἰς
679 3265 875 3378 capita):
910 3269 1195 3378 ’συνήγαγε
1257 3263 1492 3373 μαθόντα
1516 3269 1623 3378 pp?
1693 3277 1891 3345 χρῆναι
1925 3310 1968 3378 C

234 3353 404 3416 θάλος
463 3353 607 3409 οὕτω
664 3354 782 3409 νέον
837 3355 1058 3428 ἀνέμοις
1135 3357 1291 3411 ἑαυτὸ
1365 3353 1780 3432 παραϐάλλειν,
1840 3361 1892 3415 οἳ

230 3440 524 3517 ἐκστρέψαι
572 3449 672 3512 τῆς
704 3443 778 3505 εἷς
831 3445 988 3520 ὀρθὸν
1048 3447 1305 3513 στάσεως,
1365 3447 1453 3502 καὶ
1494 3446 1580 3502 ἐπὶ
1612 3447 1775 3523 γαίης
1807 3447 1895 3502 ἐκ·

227 3530 461 3584 τανύσαι
529 3531 852 3607 ἰσχύουσιν·
919 3534 1217 3588 ἀκούσαντά
1257 3554 1316 3589 τε
1357 3535 1452 3588 καὶ
1509 3533 1718 3608 μηδένα
1768 3541 1896 3615 φαῦ-

234 3618 340 3674 λον
372 3616 540 3694 ἄνδρα
569 3620 803 3693 πολέμῳ
833 3618 1099 3694 α²ίρεσθαι,
1153 3620 1298 3678 ἀλλά
1347 3622 1474 3684 τοὺς
1520 3625 1756 3699 ἀγαθοὺς
1787 3627 1889 3696 ἀεὶ,

232 3707 334 3769 οὕς
413 3708 798 3784 κρατυνθέντας
877 3709 970 3783 μὲν
1036 3710 1174 3765 πάνυ
1241 3710 1474 3787 στερρῶς
1553 3713 1644 3768 καὶ
1701 3712 1892 3778 ἄθλοις

230 3791 580 3871 ἐντριϐἐντας
666 3797 882 3873 μυρίοις
957 3800 1083 3875 τάχ’
1147 3798 1208 3854 ἃν
1265 3821 1398 3856 ποτε
1450 3799 1797 3873 δυσωπηθείη
1854 3805 1890 3875 ἡ

227 3883 632 3961 δυσπρόσωπος
668 3888 852 3962 μάχη,
897 3886 1242 3951 παναπάλοις
1275 3886 1334 3943 δὲ
1390 3888 1507 3944 οῦσι
1544 3890 1687 3965 ταχὺ
1727 3891 1892 3967 ἐγχα-

219 3978 420 4048 νεῖται,
473 3977 561 4031 καὶ
609 3975 886 4051 ἀπαγάγοι
915 3978 1024 4053 πρὸ
1057 3977 1226 4052 ὥρας,
1274 3979 1470 4052 μικρὸν
1503 3978 1540 4046 ἢ
1572 3978 1726 4034 οὐδὲν
1760 3980 1892 4055 ὥφε-

225 4063 472 4132 ληκότας
515 4066 578 4120 τὸ
631 4065 1032 4140 βοηθούμενοψ
1086 4065 1176 4121 καὶ
1228 4065 1315 4120 ἐπὶ
1345 4071 1475 4121 πᾶσι
1522 4065 1888 4137 παίδευθέντα,

2001 2021 2327 2094 disciplinae
2360 2017 2594 2091 regulas
2626 2035 2969 2091 proponere,
3003 2019 3189 2075 filium
3231 2023 3428 2076 autem
3459 2019 3658 2075 confe-

2001 2113 2139 2168 stim
2173 2107 2410 2166 obedire
2441 2114 2499 2163 et
2526 2109 2706 2162 vitam
2741 2108 2812 2163 ad
2841 2107 2972 2163 illas
3000 2123 3350 2180 componere
3379 2108 3658 2163 vidimus.

2000 2201 2102 2257 Ille
2124 2213 2377 2268 namque
2399 2197 2641 2252 nimiam
2673 2196 2774 2251 lilii
2797 2197 3298 2268 impetuositatem
3323 2197 3656 2267 refrenavit,

2002 2308 2075 2346 ne
2107 2290 2321 2344 indolis
2373 2287 2650 2342 facilitate
2706 2286 2861 2341 ultra
2889 2302 3066 2356 quam
3127 2288 3213 2341 fas
3242 2291 3334 2341 est
3385 2287 3655 2342 ferretur.

2005 2381 2442 2450 Nonnunquam
2499 2380 2696 2431 autem
2754 2380 2989 2446 tempus
3053 2375 3329 2431 manibus
3388 2373 3704 2448 delicatis.

2003 2471 2234 2542 (quidni
2265 2469 2422 2525 enim
2443 2467 2496 2538 ?)
2529 2472 2630 2522 aut
2658 2467 2982 2539 puerilibus
3013 2467 3240 2522 hostem
3272 2466 3334 2521 in
3367 2483 3566 2540 pugna
3594 2466 3660 2522 li-

2005 2566 2094 2614 cet
2160 2559 2401 2614 inferior
2485 2572 2732 2611 numero
2815 2560 2872 2612 et
2955 2556 3301 2612 fortitudine
3380 2572 3657 2628 egressus

2005 2648 2190 2704 victor
2220 2663 2486 2702 reversus
2517 2651 2644 2713 est;
2677 2646 2750 2700 de
2800 2661 2915 2715 quo
2948 2651 3112 2717 pater
3162 2644 3330 2700 laetus
3362 2645 3550 2700 ﬁlium
3582 2645 3655 2699 ad

2003 2740 2278 2796 virtutem
2330 2737 2706 2810 aptissimum
2763 2737 3070 2805 excitabat,
3130 2741 3400 2793 externos
3457 2741 3656 2793 autem

2006 2828 2354 2901 ﬂagellando
2407 2827 2754 2892 instruebat,
2815 2831 2874 2880 et
2924 2825 3007 2881 sic
3052 2826 3123 2881 de
3172 2825 3464 2898 discipulo
3499 2825 3656 2898 regio

2006 2918 2143 2973 fecit
2175 2916 2329 2987 quod
2362 2913 2624 2969 hostium
2679 2912 3012 2983 exemplum
3064 2914 3250 2969 facere
3281 2914 3656 2984 nequivisset.

2007 3006 2156 3060 Dum
2203 3020 2337 3059 vero
2393 3001 2734 3058 adolescens
2781 2999 2916 3057 illos
2971 3017 3344 3072 nequaquam
3394 3001 3661 3068 timebat,

2007 3099 2171 3165 pater
2203 3091 2650 3147 minitabundus
2695 3095 2751 3145 et
2789 3090 2980 3145 verbis
3028 3090 3338 3161 increpans
3387 3090 3661 3145 timorem

2007 3183 2206 3253 injecit
2237 3181 2498 3246 alumno,
2522 3196 2593 3235 ne
2617 3196 2678 3235 se
2709 3179 3010 3234 surculum
3039 3180 3096 3234 in
3129 3179 3239 3234 hac
3268 3183 3470 3235 tenera
3499 3183 3668 3236 atate

2005 3272 2194 3326 ventis
2225 3274 2538 3341 exponeret
2568 3268 2668 3339 qui
2701 3284 2733 3322 e
2762 3273 2918 3323 statu
2953 3268 3202 3338 dejicere
3241 3273 3298 3324 et
3327 3269 3493 3324 humi
3528 3286 3660 3340 pro-

2008 3365 2267 3416 sternere
2298 3357 2519 3423 solent;
2554 3357 2694 3410 dum
2729 3356 2883 3412 dicto
2929 3357 3175 3412 audiens
3214 3361 3272 3412 et
3301 3357 3661 3430 caateroquin

2005 3467 2121 3505 non
2155 3447 2348 3502 malus
2377 3446 2463 3500 vir
2507 3446 2565 3500 in
2618 3461 2814 3517 pugna
2862 3445 3192 3514 exaltatur;
3239 3445 3424 3502 bonos
3462 3451 3660 3502 autem

2003 3542 2061 3592 et
2090 3535 2380 3592 sexcentis
2411 3533 2628 3605 pugnis
2659 3534 3066 3589 corroboratos
3094 3534 3286 3589 tristis
3326 3551 3524 3606 pugna
3556 3535 3658 3590 ab-

2003 3631 2213 3682 sterret
2241 3628 2299 3680 et
2329 3623 2680 3695 quantocius
2711 3628 2941 3678 amovet
2985 3623 3124 3695 quin
3174 3622 3459 3679 auxilium
3492 3623 3655 3679 abla-

2001 3723 2126 3772 tum
2159 3713 2307 3787 ipsis
2334 3711 2638 3786 profuerit.
2674 3714 2734 3767 In
2760 3712 3036 3768 omnibus
3067 3716 3260 3768 autem
3293 3712 3654 3786 discipulum

2002 3806 2280 3861 monebat
2335 3807 2400 3858 ut
2450 3803 2604 3858 lento
2662 3803 2847 3874 gradu
2894 3803 2965 3857 ad
3023 3803 3315 3874 agendum
3373 3807 3430 3857 et
3465 3803 3651 3858 virtu-

2001 3899 2086 3951 tes
2151 3893 2502 3949 exercendas
2561 3890 3045 3962 progrederetur,
3104 3896 3168 3946 ut
3235 3891 3650 3963 perfectionem

2001 3986 2354 4039 consecutus
2411 3980 2623 4036 saeculo
2698 3979 2893 4034 officia
2965 3983 3268 4051 praestaret
3314 3997 3328 4049 ;
3388 3981 3542 4052 quod
3597 3986 3656 4037 et

2004 4071 2215 4128 evenit.

227 4153 414 4227 ἠρέμα
435 4155 498 4210 τὸ
527 4149 840 4232 ἔμπρακτον
869 4153 1252 4231 προΐσχεσθαι,
1283 4155 1374 4210 καὶ
1409 4154 1707 4232 βαθμιδοῦν
1741 4158 1852 4213 οῖον
1883 4161 1984 4230 τὴν
2019 4159 2070 4215 ἐν
2103 4159 2320 4234 ἀρεταῖς
2345 4151 2602 4211 ἀνάϐασιν
2635 4156 2771 4210 κατὰ
2801 4153 3239 4229 εὐτακτουμένην
3259 4155 3652 4233 προσαύξησιν,

221 4240 326 4295 ἳνα
347 4245 427 4315 τῷ
453 4240 650 4317 τελείῳ
702 4237 913 4320 προϐὰς
946 4240 1030 4315 εἴη
1063 4246 1144 4299 τῶ
1172 4243 1369 4317 κόσμῳ
1399 4245 1704 4320 χρήσιμος·
1735 4244 1764 4300 ’ὁ
1795 4247 1884 4302 καὶ
1912 4244 1988 4311 εἰς
2016 4243 2175 4323 ἔργον
2210 4239 2504 4316 ἐκϐέϐηκεν
2530 4242 2776 4321 ὕστερον.

302 4429 371 4493 η’.
402 4420 582 4480 Ἀλλὰ
625 4422 680 4480 τί
741 4445 858 4498 μοι,
915 4425 1032 4480 κατ’
1081 4425 1318 4500 ἀνάγκην
1372 4421 1541 4500 λόγου
1570 4425 1661 4480 καὶ
1709 4426 1891 4482 τοιού-

2073 4429 2127 4484 8.
2154 4427 2456 4494 Quomodo
2481 4431 2675 4482 autem
2699 4425 2823 4482 ﬁeri
2855 4425 3062 4498 possit,
3088 4430 3152 4482 ut
3173 4443 3307 4484 cum
3332 4427 3655 4486 necessitas

223 4532 348 4573 τοις
393 4510 678 4584 ἐπεξιόντι,
730 4510 854 4568 οὕτε
896 4511 976 4576 εἴς
1022 4514 1085 4569 τὸ
1116 4518 1219 4569 πᾶν
1249 4512 1534 4587 ἐξικέσθαι,
1593 4514 1684 4570 καὶ
1743 4512 1892 4570 διεκ-

2005 4518 2280 4590 loquendi
2313 4533 2406 4572 me
2438 4517 2552 4572 huc
2596 4515 2860 4585 adduxit,
2898 4532 3012 4571 non
3053 4517 3255 4572 omnia
3299 4516 3654 4588 perlustrem

225 4605 414 4658 πεσεῖν
443 4605 542 4656 τοῦ
565 4623 623 4657 τε
651 4606 844 4678 καιροῦ
871 4607 968 4658 τοῦ
1024 4624 1082 4658 τε
1112 4607 1339 4673 σκοποῦ,
1399 4604 1473 4658 ὧν
1531 4602 1713 4674 τέλος,
1768 4606 1804 4674 ἡ
1836 4603 1890 4659 ἐν

2005 4613 2060 4664 et
2089 4624 2157 4664 ex
2205 4606 2501 4679 proposito
2550 4610 2608 4662 et
2655 4609 2986 4677 opportuno
3035 4607 3315 4678 temporis
3359 4613 3657 4663 momento

230 4693 360 4752 τοῖς
393 4690 582 4769 ἐφεξῆς
611 4688 811 4761 δυνατή
871 4692 1180 4769 συμμετρία
1209 4692 1286 4755 εἷς
1341 4693 1490 4765 ὅσον,
1546 4693 1741 4769 μικρὰν
1767 4697 1892 4770 γοῦν

2007 4695 2294 4766 excidam,
2346 4711 2597 4767 quorum
2656 4693 2792 4750 finis
2849 4698 2940 4750 est
2983 4694 3239 4751 narratio
3298 4699 3571 4753 accurata
3600 4699 3660 4753 et

234 4799 362 4836 τινα
406 4784 525 4843 τοῖς
567 4780 858 4856 ἀκροαταῖς
911 4781 1229 4852 ἀνακινῆσαι
1283 4783 1508 4857 μνήμην
1557 4783 1648 4838 καὶ
1693 4785 1892 4858 θαῦμα,

2005 4791 2142 4858 apta
2171 4785 2242 4841 ad
2277 4785 2622 4841 memoriam
2647 4787 2704 4839 et
2725 4783 3176 4840 admirationem
3203 4783 3262 4838 in
3287 4784 3657 4841 audientium

235 4869 369 4931 τοὺς
415 4876 516 4940 τῆς
565 4869 989 4946 εὐγνωμοσύνης
1044 4870 1326 4945 καρπούς;
1386 4869 1751 4927 Μεθοδευτέον
1807 4870 1892 4926 οὗν

2005 4875 2220 4931 animis
2250 4874 2619 4930 excitandam
2651 4877 2707 4928 et
2736 4873 2806 4928 ad
2843 4873 3067 4928 fructus
3112 4872 3490 4946 gratitudinis
3524 4890 3658 4946 pro-

236 4962 382 5033 ἡμῖν
413 4957 556 5014 οὕτω
583 4959 712 5023 τοὺς
751 4959 966 5036 λόγους,
997 4961 1087 5016 καὶ
1118 4960 1195 5023 ὡς
1229 4961 1331 5015 ὑπὸ
1368 4957 1668 5037 κλεψύδρα,
1697 4965 1777 5034 τῷ
1799 4964 1892 5016 τοῦ

2008 4964 2277 5020 ferendos
2299 4963 2327 5019 ?
2355 4962 2544 5018 Verba
2573 4962 2756 5035 igitur
2785 4960 2952 5016 nobis
2985 4962 3065 5017 ita
3112 4967 3251 5018 sunt
3291 4961 3659 5035 disponenda

233 5052 432 5122 καιροῦ
469 5049 650 5126 μάτρῳ
677 5050 740 5105 τὸ
782 5054 882 5106 τοῦ
931 5048 1101 5126 λόγου
1149 5049 1445 5127 μετρητέον
1478 5047 1649 5126 ὕδωρ,
1701 5050 1777 5124 μὴ
1807 5048 1892 5105 καὶ

2008 5057 2074 5109 ut
2102 5057 2340 5125 tempus
2370 5051 2540 5124 quasi
2579 5050 2885 5123 clepsydra
2932 5051 3274 5107 moderante
3323 5051 3654 5124 metiamur,

236 5139 266 5195 6
299 5139 442 5214 ἀγὼν
477 5140 680 5215 φθάσας
711 5137 1020 5196 λελύσεται.

2007 5147 2074 5199 ut
2101 5143 2395 5199 undarum
2429 5157 2590 5197 more
2620 5156 2735 5196 non
2760 5140 2922 5209 justo
2955 5139 3201 5196 celerius
3231 5140 3493 5197 efﬂuant.

323 5339 384 5404 0'.
419 5339 512 5410 Μή
551 5359 644 5414 μοι
705 5335 762 5393 δὲ
813 5335 953 5412 μηδὲ
1001 5330 1296 5410 συμϐόλων
1347 5333 1561 5391 ἐκείνων
1616 5333 1892 5409 μνηστέον,

2079 5341 2134 5395 9.
2167 5342 2292 5394 Non
2341 5338 2522 5411 igitur
2577 5338 2637 5394 in
2689 5340 2946 5393 mentem
2996 5337 3276 5393 revocabo
3319 5337 3489 5411 signa
3533 5336 3657 5411 illa,

245 5428 282 5483 ἃ
324 5429 424 5498 τήν
470 5427 759 5505 βασιλικὴν
809 5423 1124 5503 προεδήλου
1171 5426 1263 5480 καὶ
1304 5424 1595 5503 ἀνάρρησιν
1638 5425 1729 5480 καὶ
1775 5423 1892 5480 λοι-

2012 5447 2140 5501 quae
2197 5427 2538 5484 electionem
2595 5427 2968 5499 imperatoris
3017 5425 3550 5499 praesignificabant
3587 5446 3662 5486 ne

243 5520 355 5589 πήν
413 5519 640 5594 ὕψωσιν,
697 5520 772 5595 μὴ
802 5539 892 5594 καί
941 5515 1228 5589 πληθύνας
1260 5516 1471 5593 ὁράσεις
1499 5519 1580 5589 τῷ
1611 5515 1780 5594 λόγῳ,
1813 5515 1892 5571 καῖ

2009 5517 2322 5573 verborum
2343 5516 2733 5589 prolixitatem
2755 5519 2810 5571 et
2831 5531 3027 5570 rerum
3051 5515 3439 5572 abstrusarun
3465 5534 3662 5575 narra-

246 5609 655 5684 ἀποκαλύψεσιν
703 5604 1051 5684 ἐμϐαθύνας,
1104 5605 1348 5678 ἐκστήσω
1397 5606 1458 5661 τὸ
1518 5605 1892 5683 ἀκροατήριον·

2012 5606 2232 5662 tionem
2265 5605 2563 5661 auditores
2595 5604 2919 5660 fastidiant.
2961 5605 3069 5659 Sed
3102 5603 3193 5658 his
3242 5603 3482 5678 quidem
3513 5622 3664 5678 opus

245 5699 365 5755 ἐπεί
393 5720 478 5754 τοι
529 5699 619 5755 καὶ
664 5697 852 5761 ἄλλως
898 5696 962 5753 ού
1014 5694 1193 5772 μακρά
1225 5695 1388 5771 χρεία
1442 5693 1728 5768 τοιούτων,
1777 5692 1892 5759 ἔνθα

2012 5713 2132 5752 non
2163 5696 2275 5751 erit
2302 5697 2458 5767 quod
2505 5711 2633 5767 quae
2673 5699 3005 5766 sequuntur
3052 5694 3296 5751 meliora
3341 5700 3501 5752 sunt.
3535 5702 3662 5754 Non

247 5789 319 5845 κά
353 5789 719 5862 ὑστερήσαντα
759 5785 937 5864 λόγου
967 5783 1175 5864 πίφηνε
1219 5782 1519 5863 κρείττονω
1573 5783 1652 5842 Οὐ
1689 5782 1793 5861 γὰρ
1841 5782 1892 5838 3n

2013 5782 2172 5840 enim
2204 5782 2442 5840 oraculo
2467 5799 2616 5856 opus
2647 5786 2736 5840 est
2758 5781 2878 5851 ubi,
2903 5782 3174 5854 quamvis
3198 5799 3290 5840 res
3323 5799 3548 5857 magnai
3572 5786 3660 5841 fu-
