4066 6362
470 450 590 511 979

1247 452 1667 514 EUSTATHII
1710 453 2484 516 THESSALONIGENSIS
2534 455 3117 517 METROPOL‘TJE

3735 468 3823 530 980

471 586 617 638 tura:
648 598 763 639 non
794 581 1078 638 divinitus
1106 583 1227 639 sint
1273 585 1576 654 praedictas,
1628 603 1706 641 eae
1738 586 2126 641 nihilominus

2246 580 2362 660 ἕχοι
2420 606 2502 647 τις
2560 587 2805 661 ἀνάγκην
2862 585 3089 642 ἐνταῦθα
3117 591 3223 642 τῶν
3284 591 3612 664 θεοπροπίων
3641 594 3754 651 πάνυ
3775 620 3815 658 τι

474 675 813 742 evenerunt,
845 688 964 728 non
995 673 1174 744 quod,
1207 677 1274 728 ut
1319 673 1401 728 ita
1429 673 1643 743 dicam,
1676 675 1750 730 ob
1795 674 2127 747 symbolum

477 760 752 831 symboli,
785 761 886 816 sed
919 759 1058 832 quia
1112 760 1171 815 in
1231 759 1333 817 illo
1377 765 1436 818 et
1479 766 1613 818 ante
1667 761 1815 818 illud
1874 763 2133 819 secunda

477 849 648 906 ratio.

551 1138 638 1193 10.
660 1137 713 1192 Si
737 1136 1048 1208 pulchrum
1073 1153 1246 1192 omne
1269 1136 1506 1208 quidem
1531 1136 1906 1209 prooemium,
1933 1142 2130 1194 tamen

474 1228 597 1286 zelo
629 1230 967 1302 instigante,
1019 1229 1326 1301 prolixitae
1375 1231 1433 1286 in
1467 1247 1532 1286 eo
1583 1230 1854 1286 evitanda
1885 1233 2014 1298 est;
2047 1230 2132 1286 sic

476 1337 583 1376 nec
612 1337 679 1376 ea
723 1336 852 1391 qua;
900 1319 1220 1392 symbolice
1275 1320 1749 1392 praefigurantur,
1799 1320 2126 1375 certamina

475 1416 677 1468 nostra
709 1427 778 1466 ne
809 1415 1131 1477 exerceant,
1163 1411 1274 1466 etsi
1308 1411 1492 1466 multa
1521 1427 1702 1483 eaque
1733 1410 1952 1466 nobilia
1983 1411 2124 1481 sint,

475 1504 712 1573 propter
742 1516 869 1571 quae
914 1500 1233 1572 imperator
1279 1499 1432 1555 inter
1476 1517 1575 1556 eos
1629 1505 2001 1556 recenseatur
2031 1501 2132 1574 qui

473 1590 644 1661 juxta
690 1589 793 1645 Dei
842 1589 1135 1660 promissa
1185 1589 1662 1657 sanctiﬁcantur;
1696 1606 1822 1661 quae
1881 1589 2039 1646 enim
2073 1591 2132 1646 in

477 1677 700 1734 talibus
733 1693 848 1732 non
882 1693 1124 1748 prorsus
1157 1677 1401 1748 antiqua
1447 1683 1548 1732 aut
1578 1678 1748 1733 coetui
1797 1681 2000 1734 nostro
2038 1678 2134 1750 pio

480 1767 803 1837 incongrua
861 1765 1171 1834 videntur,
1228 1764 1594 1821 somniorum
1672 1769 1775 1822 aut
1832 1766 2128 1823 visionum

482 1855 721 1911 nomine
745 1857 1088 1910 tractantur.
1122 1854 1256 1919 Quae
1289 1858 1344 1910 et
1374 1855 1573 1925 qualia
1602 1860 1798 1912 autem
1829 1855 1985 1912 Deus
2018 1856 2131 1910 avi-

2238 673 2499 750 γίνεσθαι,
2531 672 2688 743 ὅπου,
2722 675 2818 729 κᾶν
2853 673 2902 730 εἴ
2934 677 3010 748 μὴ
3045 676 3096 731 ἐν
3123 672 3424 751 συμϐόλοις
3449 679 3751 754 προδηλοῖτο
3771 688 3821 742 τὰ

2243 761 2455 836 μεγάλα
2488 763 2790 837 μέλλοντα,
2825 766 2907 827 οἷς
2936 763 3172 821 ἐπινεύει
3209 768 3357 839 Θεὸς,
3391 767 3534 842 ὅμως
3565 769 3682 826 αὐτὰ
3720 776 3822 848 πρὸς

2239 851 2396 914 τέλος
2431 849 2582 906 οὐδὲν
2611 853 2776 921 ἧττον
2809 848 3124 926 ἐκϐέϐηκεν,
3158 856 3240 908 ὅτι
3274 853 3413 928 μηδὲ
3443 854 3526 911 διὰ
3563 859 3620 912 τὸ
3663 856 3822 932 σύμϐο-

2242 939 2360 1010 λον,
2395 943 2559 1015 οὗπερ
2581 943 2644 997 τὸ
2675 937 2979 1016 σύμϐολον,
3013 941 3139 999 ἀλλ’
3170 943 3254 999 ὅτι
3281 943 3342 999 τό
3376 943 3608 1020 δεύτερον
3637 946 3712 1002 ἐπὶ
3729 951 3820 1003 τού-

2239 1052 2319 1104 τῳ
2347 1031 2438 1086 καὶ
2467 1031 2530 1086 τὸ
2560 1033 2666 1108 πρὸ
2694 1031 2856 1087 αὐτοῦ
2887 1032 3224 1106 σεμνύνεται.

2319 1139 2362 1196 ι’.
2395 1137 2457 1192 Εἰ
2494 1136 2551 1192 δὲ
2598 1140 2688 1193 καὶ
2717 1137 2884 1193 καλὸν
2936 1140 3074 1194 ἅπαν
3107 1139 3424 1216 προοίμιον,
3455 1139 3574 1196 ἀλλ’
3600 1139 3709 1204 ἔνθα
3729 1162 3824 1196 κατ.

2241 1227 2441 1301 επείγει
2473 1228 2536 1282 τὸ
2585 1227 2900 1303 ἐναγώνιον,
2955 1229 3305 1304 περιορατέον
3334 1230 3394 1284 τὸ
3447 1234 3540 1284 τοῦ
3583 1229 3824 1304 προοιμίου

2241 1315 2405 1372 πολύ·
2469 1317 2611 1371 οὕτω
2672 1315 2728 1372 δὲ
2776 1317 2865 1371 καὶ
2914 1317 2975 1371 τὸ
3030 1313 3383 1390 συμϐολικῶς
3429 1318 3824 1396 φροιμιαζόμενον

2247 1407 2323 1477 μὴ
2384 1403 2670 1460 δαπανάτω
2719 1405 2847 1466 τοὺς
2902 1406 3111 1482 ἀγῶνας
3163 1409 3323 1480 ἡμῖν,
3391 1405 3439 1461 εἷ’
3484 1407 3568 1460 καὶ
3621 1405 3742 1460 πολὺ
3780 1406 3823 1460 τὸ

2246 1494 2460 1556 εὐκλεὲς
2494 1495 2695 1569 τρόπον
2747 1492 2918 1550 ἄλλον
2972 1495 3304 1572 ἐπισύρεται,
3355 1497 3432 1558 οἷς
3479 1495 3563 1549 τὸν
3613 1494 3824 1567 αὐτοκρά-

2241 1605 2375 1660 τορα
2404 1605 2541 1638 κατα
2587 1583 2713 1646 τοὺς
2763 1583 2816 1638 ἐν
2867 1583 3220 1659 ἐπαγγελίαις
3259 1582 3597 1658 ὡσιωμένους
3638 1587 3707 1654 τῷ
3744 1586 3827 1652 Θιῷ

2244 1671 2559 1738 διατίθεται.
2608 1675 2692 1745 Τὰ
2743 1675 2838 1746 μὲν
2879 1674 2978 1749 γὰρ
3032 1674 3172 1729 πάνυ
3219 1673 3270 1730 έν
3310 1680 3425 1736 τοῖς
3469 1671 3716 1732 τοιούτοις
3755 1690 3827 1724 πα-

2245 1760 2393 1833 λαιὰ,
2441 1765 2528 1817 καὶ
2587 1761 2728 1837 μηδέ
2769 1770 2869 1833 τῆς
2919 1765 3039 1828 καθ’
3087 1766 3235 1837 ἡμᾶς
3281 1765 3428 1839 ἱερᾶς
3475 1759 3639 1830 αὐλῆς
3683 1779 3732 1813 τε
3766 1755 3829 1812 καί

2245 1851 2592 1928 ὁμηγύρεως,
2645 1851 2903 1906 ἐνυπνίων
2955 1853 3042 1907 καὶ
3097 1854 3386 1928 ὁραμάτων
3431 1849 3608 1926 λόγοις
3651 1845 3829 1922 φιλοσο-

481 1943 650 2000 ditati
681 1948 891 1999 nostris
922 1942 1215 2016 patefecit,
1249 1959 1317 2000 ea
1345 1960 1632 2017 exponere
1663 1949 1934 2001 nostrum
1965 1949 2074 2001 est.

2246 1945 2488 2016 φοῦνται·
2536 1945 2705 1996 ταῦτα
2753 1939 2810 1996 δὲ
2839 1941 2905 1996 τὰ
2955 1939 3007 1996 ἐν
3040 1943 3199 2014 ἡμῖν,
3233 1941 3322 1996 καὶ
3355 1939 3450 1995 ὅσα
3476 1942 3699 2008 τοιαῦτα,
3740 1934 3832 1993 Θεὸς

555 2231 640 2285 11.
675 2229 822 2285 Huic
848 2228 1029 2301 igitur
1051 2229 1224 2300 jusso
1247 2229 1618 2301 exsequendo
1649 2246 1888 2302 operam
1919 2229 2136 2298 daturi,

483 2335 850 2392 quaecunque
869 2317 987 2374 huc
1014 2322 1282 2390 spectant
1301 2319 1438 2375 totis
1457 2319 1682 2374 viribus
1703 2320 2135 2392 aggrediamur.

484 2408 784 2480 Loquendi
818 2412 1012 2462 autem
1045 2425 1223 2478 quam
1255 2408 1447 2464 sortiti
1489 2426 1719 2479 sumus,
1755 2409 2030 2464 facultate
2074 2412 2139 2464 ut

485 2513 631 2553 nave
661 2496 929 2552 oneraria
971 2497 1044 2552 ad
1093 2497 1270 2552 verba
1318 2497 1378 2551 in
1435 2497 1809 2569 imperatoris
1857 2499 2137 2553 honorem

484 2587 832 2659 proferenda
881 2589 1138 2641 utemur.
1193 2585 1268 2641 Ut
1319 2587 1476 2642 enim
1530 2604 1692 2642 mare
1737 2588 1908 2642 ﬁndit
1948 2587 2136 2658 navis,

485 2676 700 2732 ﬂuctus
729 2674 954 2746 aliquot
985 2678 1118 2746 post
1147 2692 1210 2730 se
1241 2675 1500 2745 trahens,
1535 2677 1691 2749 quod
1745 2694 1860 2734 non
1893 2677 2140 2748 impedit

488 2780 604 2836 quo
625 2763 825 2819 minus
847 2769 1130 2820 εοχοοῐιῐω
1153 2781 1330 2820 naves
1354 2764 1507 2820 idem
1537 2765 1922 2837 faciant,quin
1945 2770 2135 2821 totum

485 2852 730 2925 pelagus
764 2852 1090 2924 navigetur,
1123 2852 1206 2908 sic
1238 2854 1407 2910 nobis
1438 2870 1672 2926 quoque
1701 2871 1909 2910 vocum
1950 2871 2134 2926 quan-

484 2944 625 2999 titas
656 2959 768 2998 non
793 2942 1047 2998 sufﬁciet
1069 2943 1138 2997 ad
1160 2946 1389 2998 vastum
1417 2943 1698 2999 virtutum
1731 2943 2134 3016 imperatoria-

487 3048 618 3086 rum
651 3047 934 3088 oceanum
984 3031 1423 3104 trajiciendum,
1456 3033 1556 3089 ubi
1607 3033 1926 3090 innumerae
1961 3051 2137 3091 naves

485 3137 550 3177 se
580 3138 694 3176 non
726 3120 1099 3189 extriearent,
1130 3123 1286 3178 sicut
1334 3122 1498 3179 navis
1529 3123 1952 3181 centumremis
1981 3125 2136 3198 apud

486 3215 710 3283 poetas,
744 3227 871 3284 quae
901 3210 1248 3284 eloquentiae
1279 3211 1587 3268 elementis
1618 3213 1900 3270 abundat.

559 3567 646 3622 12.
679 3570 812 3623 Haec
842 3583 978 3622 eum
1027 3566 1109 3623 ita
1156 3566 1298 3638 sint,
1345 3567 1445 3624 alii
1503 3585 1607 3641 pro
1664 3567 1850 3638 libito,
1881 3571 2139 3628 secundo

485 3661 656 3714 vento
689 3657 875 3731 adjuti
907 3674 1146 3715 cursum
1189 3663 1467 3729 teneant;
1501 3676 1608 3716 nos
1657 3663 1853 3716 autem
1885 3661 2138 3734 impera-

487 3747 632 3803 toris
675 3748 960 3803 virtutum
1020 3747 1232 3804 chorus
1289 3748 1612 3820 restringit,
1665 3766 1917 3821 quarum
1972 3751 2140 3807 nobis

487 3836 695 3908 utique
727 3836 873 3893 ratio
905 3838 1244 3893 omnimoda
1291 3837 1565 3894 habenda
1611 3843 1718 3895 est.
1773 3839 1892 3895 Hoc
1921 3840 1982 3896 in
2013 3841 2138 3897 loco

489 3927 680 4000 primo
709 3928 893 4000 gradu
926 3945 1031 3984 cur
1058 3947 1172 3984 non
1205 3929 1564 3984 honoremus
1604 3930 1662 3984 in
1694 3930 1970 3986 omnibus
2000 3948 2139 4002 pru-

489 4016 750 4072 dentiam
781 4016 980 4073 omnia
1009 4016 1128 4073 sale
1161 4035 1267 4074 suo
1299 4017 1693 4088 condientem,
1726 4024 2141 4075 ornamentum

487 4107 818 4166 universale
847 4107 1001 4178 quod
1033 4105 1314 4161 humanis
1345 4105 1646 4162 laboribus
1677 4105 1951 4162 utilitatis
1983 4106 2144 4179 sigil-

484 4199 608 4255 lum
626 4196 919 4270 imprimit
944 4195 1110 4251 71sta
1130 4195 1445 4266 prudentia
1469 4196 1515 4251 si
1541 4196 1846 4251 hominum
1871 4196 2144 4266 praesidet

487 4287 787 4361 operibus,
818 4285 994 4341 homo
1023 4283 1083 4338 in
1118 4284 1247 4340 luce
1279 4283 1576 4352 ambulat;
1613 4285 1714 4339 ubi
1748 4288 1945 4340 autem
1979 4285 2145 4341 deest

489 4393 595 4450 per
624 4391 818 4434 rerum
851 4373 1208 4446 agendarum
1243 4373 1661 4430 obscuritatem
1703 4373 1889 4430 currit
1939 4390 2143 4445 opera-

489 4466 634 4536 rius,
666 4467 723 4520 et
751 4463 962 4520 evitato
993 4462 1219 4518 lumine
1245 4463 1453 4518 umbra
1483 4479 1618 4519 cum
1641 4478 1826 4534 eaque
1848 4462 2145 4519 ﬁrmitatis

482 4557 716 4629 jactura
749 4555 940 4612 irruit.

567 4913 652 4967 13.
686 4911 846 4968 Hanc
877 4911 1198 4984 imperator
1227 4907 1705 4982 sapientissimus
1741 4908 1885 4965 satis
1915 4908 2147 4978 habuit,

493 5018 600 5058 nec
625 5004 860 5057 tantum
892 5000 1205 5067 retrictive,
1242 5000 1342 5055 sed
1395 4997 1815 5070 copiosissime.
1848 4999 1995 5054 Nam
2026 4999 2146 5055 sive

493 5091 644 5146 facto
675 5089 797 5146 sive
825 5089 978 5144 dicto
1009 5104 1156 5160 opus
1187 5091 1361 5156 esset,
1399 5104 1701 5158 nunquam
1736 5087 1847 5144 sibi
1879 5088 2144 5161 superio-

492 5195 615 5237 rem
647 5180 709 5235 in
741 5177 965 5250 agendo
995 5176 1223 5232 habuit.
1258 5180 1606 5232 therorum
1638 5180 1836 5233 autem
1871 5177 2004 5232 facti
2036 5193 2146 5232 sua

491 5286 726 5342 semper
772 5267 1076 5338 alljiciens,
1135 5265 1370 5321 illorum
1432 5283 1606 5339 opera
1658 5267 2031 5333 obscurabat,
2079 5269 2145 5320 ut

491 5358 796 5417 stellarum
848 5356 1128 5429 fulgorem
1157 5356 1434 5412 obscurat
1464 5357 1546 5413 sol
1593 5372 1928 5428 assurgens.
1962 5354 2145 5409 Aliter

491 5449 624 5505 dein
656 5447 955 5504 animatus
975 5462 1154 5518 quam
1177 5448 1370 5517 potest
1391 5444 1716 5502 clarissime
1739 5462 1801 5501 se
1828 5446 2136 5511 monstrat,

489 5542 616 5593 tum
649 5535 957 5608 disciplina
987 5535 1260 5592 imbuens
1293 5551 1393 5592 eos
1436 5538 1536 5608 qui
1597 5537 1801 5592 eadem
1843 5550 1978 5590 cum
2011 5533 2137 5604 ipso

491 5625 842 5696 sentiebant,
875 5624 1188 5681 consilium
1215 5629 1421 5698 sponte
1470 5627 1773 5694 mutando,
1806 5627 1862 5680 et
1907 5622 2036 5678 aliis
2065 5622 2137 5678 de

492 5715 666 5769 rebus
697 5713 979 5770 faciendis
1009 5716 1438 5786 persuadendo,
1460 5714 1945 5786 argumentando,
1970 5713 2134 5785 inge-

496 5803 658 5858 nium
691 5800 1096 5873 persuasivum
1128 5803 1480 5873 adhibendo,
1513 5802 1635 5860 solo
1667 5802 1881 5860 auxilio
1912 5819 2027 5874 quo
2048 5801 2134 5860 uti

2244 2036 2361 2094 τοῖς
2396 2029 2811 2106 λιχνευομένοις
2858 2033 2957 2100 τήν
3007 2032 3320 2106 πρόγνωσιν
3353 2028 3656 2103 ἀνεκάλυψε,
3681 2025 3755 2080 καὶ
3789 2024 3830 2077 τὸ

2245 2122 2660 2196 προτεθειμένον
2693 2120 2861 2176 εἶπεῖν
2893 2120 3259 2198 ἐπηγγείλατο
3291 2120 3341 2176 ἐν
3370 2120 3568 2181 αὐτοῖς.

2325 2233 2410 2286 ια’.
2443 2230 2788 2302 Ἀναθέμενοι
2819 2229 2910 2284 οὗν
2953 2227 3096 2282 οὕτω
3144 2228 3235 2283 καὶ
3282 2231 3469 2295 ταῦτα,
3520 2224 3600 2280 καὶ
3655 2220 3720 2284 είς
3760 2238 3828 2271 τοο

2248 2325 2438 2375 σοῦτον
2489 2316 2904 2392 ἐπιδραμόντες,
2956 2313 3327 2391 ἐπιϐαλοῢμεν
3373 2320 3488 2378 τοῖς
3523 2311 3708 2368 τούτων
3734 2306 3826 2381 ἐχο-

2251 2409 2430 2484 μένοις
2475 2407 2551 2470 εἰς
2601 2407 2724 2461 ὅσον
2772 2404 3022 2479 δύναμις.
3075 2407 3315 2479 Δύναμις
3348 2403 3404 2460 δὲ
3432 2408 3542 2465 τοῖς
3568 2400 3672 2462 καθ’
3719 2399 3828 2468 ἡμᾶς

2252 2498 2684 2574 μεμετρημένοις
2736 2497 2797 2550 τὸ
2857 2495 3054 2570 λέγειν,
3111 2497 3232 2551 καθ’
3291 2493 3588 2569 ὁμοιότητα
3638 2485 3830 2559 πελαγοε

2248 2586 2446 2644 στόλου
2503 2585 2636 2648 νεὼς
2692 2584 2742 2640 ἐν
2807 2590 2923 2648 τοῖς
2994 2581 3305 2660 βασιλικοῖς
3364 2584 3580 2658 ἀγαθοῖς
3631 2574 3829 2646 διεξάγειν

2245 2677 2372 2741 τοὺς
2430 2674 2670 2751 λόγους.
2729 2675 2940 2745 Ἐκείνη
2993 2696 3052 2730 τε
3107 2676 3212 2751 γὰρ
3273 2675 3347 2737 ὡς
3403 2674 3515 2728 οἷον
3571 2665 3834 2751 γραμμικῷς

2245 2769 2427 2842 τέμνει
2458 2767 2518 2821 τὸ
2567 2765 2830 2839 πέλαγος,
2881 2763 3066 2838 ὀλίγας
3099 2766 3252 2828 τινάς
3310 2785 3416 2819 που
3462 2758 3633 2819 ἕλικας
3679 2748 3822 2850 περιάῖ

2247 2877 2456 2932 γουσα,
2503 2856 2576 2917 ὡς
2628 2853 2819 2925 ἐξεῖναι
2876 2852 2965 2908 καὶ
3016 2853 3202 2930 ἑτέρας
3257 2853 3477 2930 μυρίαις
3532 2847 3666 2906 ὅσαις
3709 2847 3821 2894 ναυσί

2245 2930 2337 3002 τὸν
2386 2946 2581 3018 ὅμοιον
2625 2942 2828 3019 τρόπον
2877 2939 3128 3011 διαθέειν,
3178 2944 3272 2998 καὶ
3307 2939 3447 3016 μηδὲ
3503 2936 3634 2994 οὕτω
3673 2930 3822 3019 τὸιπᾶν

2246 3013 2486 3111 πέλαγος
2538 3013 2783 3109 γενέσθαι
2831 3031 3152 3105 πλεύσιμον·
3204 3013 3318 3087 καὶί
3346 3033 3480 3104 ἡμῖν
3515 3024 3566 3082 δὲ
3595 3022 3682 3079 οὐκ
3723 3013 3821 3111 ἕστςιι

2248 3123 2422 3186 οὕτως
2468 3122 2648 3178 ἱκανὸν
2697 3121 2759 3176 τὸ
2796 3124 2892 3176 τοῦ
2923 3118 3150 3197 λογικοῦ
3219 3122 3389 3197 φορὸν
3441 3115 3732 3187 πνεύματος,
3770 3103 3817 3202 ιῦξ

2247 3214 2481 3290 ἐξαρκεῖν
2541 3209 3048 3285 ἐμπλατυναμέλοις
3107 3209 3329 3278 πολλὴν
3381 3201 3714 3294 εὐθυπλοῆσαι

2249 3306 2358 3356 τῶν
2395 3299 2690 3375 βασιλικῶν
2725 3298 3039 3371 θαυμασίων
3073 3297 3338 3369 ὠκεανοῦ,
3370 3298 3444 3352 ὧν
3495 3289 3601 3350 οὐδ’
3651 3288 3699 3342 av
3741 3281 3821 3378 init:

2253 3392 2440 3468 ριθμοι
2493 3391 2617 3459 νῆες
2675 3385 3020 3459 διεξέλθοιεν,
3077 3388 3242 3443 ὁποία
3287 3409 3373 3451 τις
3414 3384 3504 3441 καὶ
3550 3383 3583 3452 ἡ
3630 3375 3748 3468 πᾳεά
3779 3375 3827 3437 τῇ

2247 3460 2467 3550 ποιησει
2501 3477 2876 3552 ἑκατόνζυγος,
2909 3477 2976 3546 ἧς
3002 3477 3065 3531 τὸ
3098 3476 3149 3533 έν
3184 3475 3379 3555 λόγοις
3409 3474 3576 3560 ἄχθος
3603 3460 3741 3560 πολύ.
3795 3544 3808 3560 γ

2324 3570 2412 3642 ιβ’.
2448 3569 2534 3626 Ἐν
2718 3566 2990 3628 τοιούτοις
3044 3567 3136 3621 καὶ
3191 3567 3401 3622 τούτων
3459 3558 3639 3629 ὄντων,
3675 3551 3724 3642 fol
3768 3561 3834 3618 μεν

2250 3641 2413 3714 ἄλλοι
2447 3657 2752 3732 ἀναγόντων
2785 3676 2843 3710 τε
2873 3653 3118 3728 ἑαυτοὺς,
3149 3653 3302 3720 ὅπως
3333 3652 3436 3732 ἄρα
3463 3649 3550 3706 καὶ
3584 3641 3835 3737 βούλοιντζ),

2248 3747 2337 3802 καὶ
2387 3743 2756 3802 διαπλεόντων
2810 3741 3324 3821 οὐριοδρομοῦντες,
3382 3739 3501 3797 ἔνθα
3552 3729 3835 3810 προτεθυμῆ’

2250 3848 2369 3901 σθαι
2404 3833 2521 3891 δέον
2583 3834 2802 3896 αὐτοῖς·
2851 3836 2999 3907 ἡμᾶς
3043 3831 3101 3888 δὲ
3147 3833 3447 3910 βασιλικῶν
3492 3827 3677 3902 ἀρετῶν
3706 3829 3836 3910 1“?"

2250 3925 2512 4001 ποικίζεί
2546 3925 2739 4000 χορὸς.
2799 3902 3031 3998 οὗῑχρή
3092 3902 3361 3996 γίνέσθαι,
3421 3919 3496 3980 εἷς
3539 3915 3652 3970 ὅσον
3680 3902 3836 4010 οἷόνιτε

2250 4018 2404 4088 ἡμῖν.
2439 4017 2698 4076 Ἐνταῦοα
2729 4009 2786 4066 δὲ
2815 4016 2930 4073 πῶς
2978 4011 3037 4064 ’ἀν
3070 4007 3256 4066 ἔπειτα
3295 4007 3565 4080 λαθοίμην
3619 4006 3836 4088 πρωτείου

2247 4105 2577 4175 τιμήσασθαι
2622 4103 2722 4170 τήν
2792 4099 2876 4155 ἐπὶ
2927 4105 3115 4155 πασῶν
3177 4102 3482 4177 φρόνησιν,
3537 4093 3627 4159 τὴν
3679 4081 3842 4174 ἀπάσαξ

2252 4193 2548 4268 ἀρτύουσαν
2610 4190 2825 4264 ἀρετὰς,
2880 4190 2994 4259 καὶ,
3055 4190 3130 4251 ὡς
3190 4191 3308 4244 οἷον
3357 4187 3546 4255 εἰπεῖν,
3596 4177 3730 4275 ἅλαςέ
3777 4183 3844 4219 καί

2251 4283 2419 4350 αὐτὴν
2467 4281 2830 4356 παγκόσμιον,
2882 4276 2951 4332 δι’
2979 4276 3041 4332 οὗ
3073 4278 3269 4332 όίπασιν
3300 4273 3654 4352 ἀνθρωπικοῖς
3704 4270 3844 4356 ξξγοιε

2251 4369 2314 4425 τὰ
2378 4348 2638 4442 νόστιμον
2669 4348 2693 4436 ;-
2730 4368 2798 4436 ἧς
2857 4368 3256 4442 προϊσταμένης
3329 4348 3426 4438 μὲν
3480 4365 3583 4417 τῶν
3630 4348 3845 4452 πράξξωξν

2253 4459 2544 4530 ἀνθρώπου
2605 4453 2733 4533 ἔργα
2786 4456 2854 4511 τὰ
2882 4455 3250 4531 πραττόμενα,
3284 4451 3508 4510 καὶὺπό
3569 4441 3847 4533 φωξξμέκεμ

2253 4525 2364 4609 νος¹
2409 4546 2579 4622 βαίνει
2773 4525 2962 4606 ὅντως·
3024 4525 3456 4620 παρεωραμένης
3517 4534 3591 4604 δὲ,
3647 4525 3848 4622 ἄλλου-ξι

2260 4606 2458 4705 ἐκεῖνα,
2506 4635 2596 4690 καὶ
2645 4606 2720 4699 ὡς
2769 4635 2856 4689 οἷα
2910 4633 3047 4688 κατὰ
3103 4606 3304 4688 σκότιον
3337 4606 3562 4702 ἠλασκει
3592 4624 3619 4677 ὁ
3670 4606 3845 4705 ἐργαζό-

2178 4705 2225 4770 D
2260 4700 2454 4799 μενος..
2499 4725 2586 4779 καὶ
2649 4725 2722 4786 ὡς
2771 4722 3138 4798 παρεγκλίνας
3185 4724 3248 4778 τὸ
3298 4700 3412 4800 φίίις
3444 4715 3565 4774 σκιά
3591 4730 3666 4772 τις
3716 4700 3847 4759 ἀίσσει

2257 4813 2648 4870 ἀπολωλεκυῖα
2674 4813 2737 4868 τὸ
2765 4812 3099 4888 στερέμνιον.

2330 4906 2418 4980 ιγ’.
2479 4902 2696 4974 Ταύτης
2754 4903 2782 4957 ὁ
2835 4901 3196 4964 συνετώτατος
3255 4895 3604 4973 αὐτοκράτωρ
3669 4874 3848 4980 nstitit-‘5'

2257 4969 2374 5071 ρως’
2397 4996 2532 5070 εἶχε,
2564 4969 2661 5048 καὶ.
2698 4994 2762 5048 οὐ
2793 4993 2928 5067 πρὸς
2961 4991 3259 5068 σύγκρισιν,
3292 4969 3438 5046 ἀλλ’.
3468 4985 3540 5047 εἷς
3569 4981 3640 5071 τὸ-
3675 4969 3845 5071 ἀληθιῖκ

2253 5079 2683 5159 ἀνυπέρϐλητον.
2720 5085 2924 5155 Πρᾶξαι
2969 5082 3069 5156 γάρ
3099 5101 3152 5135 τι
3185 5079 3381 5150 δεῆσαν
3415 5075 3521 5132 εἷ’τε
3562 5068 3647 5128 καὶ
3693 5061 3845 5159 εἴξειν.

2252 5141 2514 5247 κατάρξας
2573 5174 2666 5245 μὲν
2718 5170 2815 5225 οὐκ
2863 5172 2981 5245 εἶχε
3026 5171 3117 5225 τὸν
3176 5162 3595 5239 έπινοησόμενόν
3649 5175 3694 5210 τι
3748 5141 3844 5256 ἓξὲξ·

2249 5283 2384 5318 τιτνο
2436 5260 2592 5338 ἓτέρᾳ
2645 5259 2703 5316 δὲ
2749 5263 3001 5334 καταρχῇ
3054 5261 3117 5314 τὸ
3148 5259 3347 5314 οἰκεῖον
3409 5249 3694 5330 ἐπαγαγὼν,
3745 5249 3843 5334 ἕπε’

2251 5372 2451 5427 κρυπτε
2509 5351 2575 5404 τὰ
2625 5355 2730 5404 τῶν
2791 5347 2976 5404 ἄλλων
3015 5394 3028 5417 ,
3078 5350 3216 5412 καθὰ
3271 5347 3361 5402 καὶ
3413 5344 3637 5416 ἀστέρων
3684 5339 3842 5427 ’φαυσιν

2249 5421 2531 5516 ἀθαφανεῖς
2593 5442 2620 5495 ὁ
2673 5437 2856 5508 ἥλιος.
2910 5439 2971 5494 Ὁ
3023 5435 3081 5492 δὲ
3123 5437 3214 5492 καὶ
3265 5434 3454 5496 ἄλλως
3512 5421 3841 5516 διατιθέιμενοςι

2245 5531 2334 5586 καὶ
2382 5531 2444 5586 τὸ
2499 5531 2592 5604 μὶν
2645 5528 2908 5604 ἐκφαίνων
2963 5527 3176 5598 ἑαυτὸν,
3218 5528 3308 5581 οἶα
3351 5525 3612 5583 κάνταῦθα
3655 5509 3842 5598 “uti”

2244 5622 2306 5675 τὸ
2367 5618 2425 5674 δὲ
2490 5619 2580 5674 καὶ
2654 5619 2940 5694 γυμνάζων
3003 5617 3081 5679 εἷς
3154 5618 3385 5691 μάθησιν
3452 5609 3574 5671 τοὺς
3629 5602 3707 5658 τὸν
3752 5605 3843 5698 vel)?

2245 5710 2469 5786 ἔχοντας
2519 5709 2655 5784 πρὸς
2699 5707 2868 5780 αὐτῷ,
2922 5706 3181 5782 μετέφερέ
3231 5725 3362 5760 ποτε
3389 5703 3488 5771 τὴν
3515 5695 3738 5786 imam,

2244 5801 2376 5876 ὅπερ
2447 5799 2545 5854 οὐκ
2614 5797 2675 5852 ἂν
2741 5795 2901 5859 αὐτὸς
2969 5790 3181 5867 ἕλοιτο,
3242 5795 3328 5851 καὶ
3397 5779 3746 5854 ἑπιθανολόγει
3794 5782 3836 5818 το
