4066 6360
281 441 396 504 981

1137 439 1545 504 MANUELIS
1591 441 1945 502 COMNENI
1990 441 2390 501 LAUDATIO
2435 443 2855 503 FUNEBBIS.

3591 442 3711 503 982

287 579 540 650 πρᾶγμα,
579 573 669 629 καὶ
717 571 974 652 προάγων
1024 573 1418 651 ἐπιχειρήσεις,
1475 575 1564 630 καὶ
1621 575 1720 643 τήν
1771 593 1939 628 κατα-

2071 575 2141 630 1'as
2171 579 2316 631 erat.
2351 575 2424 631 Ut
2453 580 2647 631 autem
2683 577 3066 632 audientibus
3097 577 3479 649 persuaderet
3506 579 3564 632 et
3581 592 3689 631 con

292 663 486 732 σκευὴν
539 661 1074 740 στρογγυλλόμενος,
1138 663 1214 726 εἷς
1263 664 1434 718 πειθὼ
1462 664 1552 718 τὸν
1587 662 1758 739 λόγον
1786 663 1942 718 κατέ-

294 769 544 831 στρεφεν·
586 753 673 807 καὶ
727 752 871 808 οὕτω
925 751 1044 809 δέον
1096 754 1208 827 (καὶ
1256 755 1332 827 μὴ
1382 751 1587 824 ἄλλως)
1617 753 1738 808 τινὰ
1779 771 1941 807 κατα-

294 841 594 921 πράξασθαι
629 884 642 899 .
692 843 780 905 Ὡς
839 839 898 898 δὶ
961 842 1230 898 έπινεύσοι
1286 843 1350 897 τὸ
1406 841 1753 918 ἀκροώμενον
1813 861 1946 913 συμ-

2053 661 2250 719 silium
2284 668 2521 736 captum
2554 663 2745 736 primo
2775 665 2835 720 in
2859 665 3086 722 occulto
3118 666 3341 730 lateret,
3373 680 3707 738 manusque

2051 755 2108 808 et
2146 756 2520 826 exsequendo
2581 755 2921 826 imponendi
2981 760 3216 828 tempus
3271 755 3512 827 venerit,
3562 759 3706 811 tunc

2054 843 2270 898 factum
2305 843 2617 899 reﬁciendo
2649 845 2846 899 omnia
2885 844 3235 900 restauravit
3263 849 3319 900 et
3345 845 3397 900 vi
3431 861 3549 916 qua
3579 843 3706 916 pol-

294 932 536 1003 πεισθὶν,
591 933 683 986 καὶ
740 931 1050 1002 κατάθοιτο,
1095 933 1181 986 καὶ
1233 935 1268 1000 ἡ
1326 931 1420 1005 μὲν
1474 930 1648 1006 βουλὴ
1700 932 1838 1007 πέρα
1889 952 1944 986 τι

2079 933 2212 987 ebat
2243 933 2583 1002 persuasiva
2613 932 2831 1006 ingenii
2863 933 2955 989 sui
3011 934 3356 990 thesaurum
3389 934 3716 1005 adaperivit

298 1019 672 1096 συγκλεισθείη
710 1064 723 1088 ,
781 1021 969 1097 καιρὸς
1025 1019 1082 1075 δὲ
1136 1021 1235 1089 τὴν
1290 1025 1454 1096 χεῖρα
1510 1019 1944 1096 έπεξεργάζεσθαι

293 1111 363 1166 τὰ
419 1115 515 1165 τοῦ
577 1107 978 1187 βουλεύματος,
1027 1110 1151 1166 τότε
1199 1109 1264 1179 δὴ
1316 1105 1601 1165 ἀναλαϐὼν
1643 1108 1829 1174 ἄλλως
1883 1110 1946 1165 τὸ

299 1202 566 1276 πρακτέον
601 1243 616 1268 ,
678 1201 950 1254 ἀναποιῶν
1010 1199 1077 1268 ἦν
1143 1199 1210 1254 τὰ
1261 1197 1371 1270 ἤδη
1439 1200 1900 1272 κατεσκευασμένα
1934 1218 1947 1232 ⁶

297 1288 386 1345 καὶ
443 1289 507 1344 τὸ
557 1289 650 1362 μὲν
705 1289 923 1343 πιθανὸν
974 1287 1250 1364 ἀπέκρινε,
1292 1294 1392 1358 τῆς
1441 1285 1498 1343 δὲ
1543 1293 1622 1361 τῷ
1679 1286 1794 1344 ὄντι
1841 1309 1955 1343 πει-

300 1378 577 1452 θανάγκης
656 1376 858 1453 ἐγίνετο
895 1419 909 1445 ,
968 1377 1060 1431 καὶ
1116 1377 1208 1431 τὸν
1267 1383 1366 1446 τῆς
1421 1373 1662 1440 διανοίας
1717 1377 1954 1452 ἐξέφαινε

301 1465 595 1540 θησαυρὸν,
651 1463 826 1521 πολὺν
877 1464 1066 1543 σοφίας
1123 1464 1358 1520 πλοῦτον
1417 1466 1696 1540 στέγοντα,
1745 1464 1834 1520 καὶ
1866 1486 1953 1538 με-

302 1556 424 1612 στὸν
487 1554 622 1610 εἶναι
679 1553 940 1617 συνέσεως
997 1551 1348 1623 διεδείκνυτο,
1407 1554 1468 1609 ού
1517 1557 1652 1610 κατά
1696 1555 1757 1608 τὸ
1789 1553 1953 1626 θρυλ-

303 1643 572 1718 λούμενον
603 1642 656 1700 έν
705 1648 822 1706 τοῖς
868 1642 1040 1699 πάλαι
1067 1641 1461 1717 διατεθειμένος
1493 1643 1956 1720 ἀμφοτερόγλωτ-

301 1755 419 1804 τον,
451 1728 572 1788 ἔνθα
602 1734 638 1802 ἡ
686 1736 784 1787 τοῦ
841 1731 1141 1805 νοουμένου
1196 1731 1464 1807 πλάστιγξ
1525 1733 1601 1795 ὡς
1651 1734 1719 1788 τὰ
1769 1730 1957 1788 πολλὰ

2059 1020 2524 1092 locupletissimi,
2568 1023 2726 1078 vocis
2781 1024 3167 1096 ambiguitate
3215 1040 3332 1079 non
3383 1027 3575 1096 utens,
3608 1024 3709 1079 ubi

2061 1108 2274 1164 mentis
2301 1111 2684 1180 cogitationes
2714 1128 2881 1182 aequa
2906 1110 3255 1184 plerumque
3285 1111 3448 1167 lance
3476 1111 3714 1168 stabant

2060 1203 2116 1253 et
2145 1197 2286 1269 quid
2319 1197 2651 1253 faciendum
2702 1205 2858 1254 esset
2887 1199 2948 1255 in
2997 1200 3177 1256 dubio
3219 1205 3362 1268 erat,
3416 1200 3515 1256 sed
3540 1201 3714 1272 juxta

2062 1287 2528 1361 philosophicam
2562 1288 2826 1362 regulam
2857 1305 2983 1361 quae
3015 1291 3170 1362 quod
3201 1291 3423 1345 bonum
3454 1293 3544 1346 est
3573 1290 3712 1345 seli-

2063 1376 2166 1450 git,
2203 1376 2473 1448 privatim
2508 1381 2703 1432 autem
2754 1393 2884 1449 quaa
2930 1377 3070 1432 talia
3127 1395 3240 1434 non
3295 1382 3435 1434 sunt
3463 1379 3713 1450 respuit,

2065 1472 2168 1522 aut
2198 1467 2374 1522 etiam
2407 1468 2729 1522 secundum
2765 1468 2973 1523 musici
3017 1467 3310 1524 Timothei
3362 1468 3712 1540 sapientiam

2065 1556 2233 1610 docte
2264 1571 2460 1612 coram
2493 1556 2740 1611 initiatis
2787 1557 3072 1626 canentis,
3123 1556 3305 1614 altero
3359 1573 3492 1613 vero
3535 1557 3714 1613 etiam

2066 1645 2344 1716 carmine,
2382 1667 2410 1696 «
2439 1646 2557 1714 Sic,
2617 1646 2887 1716 dicentis,
2942 1664 3103 1704 meos
3151 1665 3358 1704 canere
3401 1647 3599 1720 velim,
3630 1648 3716 1704 sic

2067 1740 2264 1791 autem
2294 1736 2680 1807 approbarem
2708 1740 3007 1792 canentes.
3039 1757 3068 1786 »

304 1821 597 1899 ἰσόρῥοπος
656 1822 743 1876 καὶ
803 1821 865 1876 τὸ
923 1821 1187 1897 πρακτέον
1245 1819 1344 1875 οὐκ
1384 1817 1776 1893 εύξύλϐλητον,
1839 1818 1985 1876 ἀλλὰ
2038 1821 2174 1877 κατᾶ
2222 1823 2320 1891 τήν
2376 1821 2856 1901 φιλοσοφουμένην
2917 1824 3254 1901 συστοιχίαν,
3311 1826 3411 1895 τὴν
3467 1822 3720 1900 ἐκλέγου-

304 1935 398 1968 σαν
436 1913 532 1986 μὶν
565 1913 616 1967 έν
651 1911 862 1988 στοίχῳ
891 1912 958 1966 τὰ
986 1911 1178 1988 ἀγαθὰ,
1213 1908 1325 1983 ἰδίᾳ
1355 1909 1414 1966 δὲ
1439 1911 1507 1967 τὰ
1539 1912 1615 1985 μὴ
1646 1916 1871 1967 τοιαῦτα
1901 1909 2348 1988 σκορακίζουσαν,
2381 1911 2490 1985 ἤδη
2525 1911 2582 1968 δὲ
2610 1913 2699 1969 καὶ
2729 1913 2866 1970 κατᾶ
2891 1915 2992 1983 τήν
3022 1918 3120 1969 τοῦ
3155 1911 3410 1988 μελῳδοῦ
3449 1913 3719 1988 Τιμοθέου

301 2002 519 2080 σοφίαν,
553 1998 776 2073 ᾅδοντος
810 2001 905 2073 μὲν
940 1999 1324 2074 ἐπιστημόνως
1369 2006 1492 2062 τοῖς
1539 2001 1789 2074 μύσταις,
1834 1998 2058 2072 ᾅδοντος
2105 1997 2163 2055 δὲ
2207 2000 2297 2056 καὶ
2346 2001 2422 2066 ὡς
2463 2001 2678 2078 ἑτέρως,
2710 1991 2800 2058 xui
2848 2001 3228 2078 ἰπιλέγοντος,
3270 2003 3345 2065 ὡς
3374 2026 3402 2055 ι(
3431 2002 3590 2061 Οὕτω
3624 2003 3718 2075 μὲν

301 2089 448 2164 ᾅδειν
485 2089 796 2168 βουλοίμην
825 2089 883 2146 ἂν
913 2089 1045 2153 τοὺς
1072 2087 1259 2164 ἐμοὺς,
1286 2088 1428 2145 οὕτω
1461 2087 1518 2146 δὲ
1547 2089 1647 2145 οὐκ
1675 2088 1736 2145 ἃν
1768 2087 2149 2167 ἀποδεχοίμην
2182 2088 2427 2163 ᾅδοντας.
2461 2115 2491 2143 ››

380 2270 462 2331 ιδ’.
499 2273 772 2329 Ἐντεῦθεν
821 2271 878 2326 ui.
923 2274 1206 2346 πανταχοῦ
1237 2277 1343 2347 γῆς
1399 2269 1677 2346 βασιλικαὶ
1705 2271 1957 2345 πρόνοιαι

2143 2274 2229 2328 14.
2275 2273 2425 2329 Hinc
2483 2273 2701 2344 ubique
2757 2277 3049 2329 terrarum
3098 2273 3485 2330 multiformia
3528 2274 3722 2345 provi-

307 2359 638 2424 πολυειδεῖς.
695 2360 792 2415 Καὶ
842 2357 1121 2434 ἄνθρωπος
1169 2362 1246 2422 εἴς
1301 2360 1459 2422 οὗτος
1514 2365 1633 2423 τοῖς
1697 2361 1958 2437 μεγάλοις

309 2451 708 2524 οἰκουμενικοῖς
775 2449 961 2504 ἑαυτὸν
1025 2447 1382 2527 μεγαλοφυῶς
1440 2447 1728 2525 ἐπεμέριζε
1782 2451 1894 2522 τμή
1927 2483 1956 2494 -

313 2561 471 2615 μασιν
519 2539 594 2602 εἲς
645 2539 707 2594 τὸ
758 2539 992 2616 ἐνεργὸν,
1046 2533 1528 2614 προϐαλλόμενος,
1564 2537 1662 2593 ὅσα
1708 2537 1795 2594 xui
1833 2544 1956 2614 χεῖ-

310 2651 406 2706 ρας
464 2626 832 2704 ἀμφιδεξίους,
888 2628 950 2683 τὸ
1004 2635 1105 2696 τῆς
1168 2625 1384 2703 ἀνδρίας
1435 2625 1762 2703 δραστήριον
1796 2675 1810 2701 ,
1865 2628 1956 2683 καὶ

306 2721 368 2776 τὸ
397 2726 500 2789 τῆς
527 2717 784 2780 συνέσεως
819 2716 1108 2793 έμπύριον,
1140 2715 1264 2772 ὅσον
1316 2738 1375 2772 τε
1423 2716 1474 2772 έν
1506 2721 1574 2791 τῇ
1625 2717 1796 2792 λοιπῇ
1829 2739 1958 2795 φρο-

307 2812 483 2879 νήσει,
541 2807 632 2863 καὶ
696 2806 893 2862 ὁπόσον
954 2807 1030 2868 είς
1088 2806 1389 2882 ἀγχίνοιαν.
1422 2809 1521 2862 Ἦν
1585 2809 1678 2880 μὶν
1730 2807 1956 2882 γὰρκαὶ

310 2902 610 2962 σκεπτικῶς
664 2893 808 2973 ἔχων
866 2895 917 2951 έν
976 2901 1093 2958 τοῖς
1148 2895 1454 2972 μεγίστοις,
1512 2895 1600 2951 καὶ
1659 2895 1954 2974 έφιστάνων

310 2985 690 3060 διανοητικῶς·
738 2985 805 3041 τὰ
850 2983 1026 3040 πλείω
1087 2982 1144 3040 δὲ
1192 2981 1428 3061 ἄγχιστα
1472 2989 1540 3060 τῇ
1590 2989 1776 3056 νοήσει
1804 2985 1959 3061 παρί-

306 3099 490 3149 στατο,
538 3076 627 3132 καὶ
686 3075 937 3150 ἀχρόνως
994 3077 1108 3128 οἷον
1166 3079 1264 3130 τοῦ
1305 3075 1601 3148 νοουμένου
1650 3073 1954 3150 ἐδράττετο,

305 3168 392 3223 καὶ
426 3165 623 3222 τούτου
679 3164 970 3240 βαθύτατα,
1019 3163 1108 3218 καὶ
1153 3163 1262 3239 οὐχ
1310 3165 1386 3226 ὡς
1423 3162 1772 3234 ἐπιπολάζειν
1821 3165 1957 3220 κατὰ

303 3255 430 3319 τοὺς
479 3259 668 3332 ταχεῖς
715 3254 809 3328 μὲν
862 3254 1092 3330 φρονεῖν,
1128 3250 1244 3308 οὔτι
1294 3251 1353 3308 δὶ
1391 3253 1481 3308 καὶ
1532 3253 1815 3320 ἀσφαλεῖς.
1848 3255 1956 3310 Καὶ

305 3344 373 3415 ἦν
411 3345 505 3419 μὲν
537 3343 684 3416 αὖτῷ
742 3342 865 3399 λίαν
914 3341 1056 3398 καλά
1109 3341 1199 3397 καὶ
1244 3341 1311 3397 τὰ
1349 3349 1450 3412 τῆς
1505 3341 1722 3419 ἀνδρίας
1763 3343 1952 3416 σεμνά·

305 3432 662 3510 περιττότερα
719 3429 777 3486 δέ
827 3452 888 3509 γε
941 3430 1010 3488 τὰ
1045 3437 1146 3502 τῆς
1195 3435 1547 3507 φρονήσεως,
1598 3432 1667 3502 ἧς
1711 3433 1802 3488 καὶ
1858 3453 1954 3488 κα-

305 3522 543 3598 ταμόνας
577 3522 651 3585 είς
686 3521 878 3598 μυρίον
910 3519 1126 3592 πλῆθος
1153 3519 1428 3595 ὠνάμεθα.

386 3708 463 3761 ιε’.
521 3702 586 3758 Ἦ
649 3703 782 3778 γοῦν
858 3700 1205 3777 Πυθαγορική
1276 3702 1630 3778 κατάρτυσις,
1710 3701 1806 3759 εἴτ’
1865 3701 1956 3760 οὖν

310 3792 584 3869 ἀγάπησις
615 3831 630 3860 ,
697 3791 835 3845 κατὰ
905 3788 1034 3852 τοὺς
1089 3791 1156 3845 τὰ
1208 3790 1436 3848 τοιαῦτα
1491 3795 1690 3871 σοφοὺς
1742 3793 1910 3850 εἷ’πεῖν
1942 3836 1958 3864 ,

308 3882 584 3938 κάνταῦθα
638 3877 973 3956 παρεισδῦσα
1005 3925 1018 3952 ,
1066 3879 1157 3935 καὶ
1202 3880 1302 3950 τήν
1353 3880 1404 3936 ἐν
1459 3878 1755 3959 βαρϐάροις
1808 3883 1961 3959 ἀγιό-

306 3993 448 4043 τητα
505 3968 884 4041 έξελαύνουσα,
934 3969 1031 4034 τὰς
1083 3973 1192 4025 τῶν
1250 3968 1515 4044 πολέμων
1573 3972 1775 4048 ἀνοχὰς
1823 3975 1958 4046 ἡμῖν

311 4061 617 4136 κατώρθου,
681 4056 751 4113 δι’
803 4058 877 4113 ὧν
925 4057 1302 4134 κατεσιγάζετο
1331 4060 1415 4114 ’τὸ
1473 4058 1812 4138 ἀλλόφυλον·
1856 4063 1962 4117 Καὶ

319 4152 428 4225 μὴν
491 4145 819 4221 αἶ’σθάνομαί
890 4166 1054 4202 τινων
1128 4145 1510 4221 ψαλαττόντων
1587 4147 1768 4224 ἡρέμα
1798 4195 1814 4222 ,
1873 4152 1964 4206 καὶ

315 4235 773 4315 ὑποκρουομένων
824 4236 1104 4311 ἀπήχημα
1152 4234 1326 4313 γλυκύ
1374 4258 1432 4291 τε
1479 4238 1568 4292 καὶ
1616 4239 1962 4314 ἐναρμόνιον,

310 4327 382 4386 δι’
416 4325 479 4384 οὗ
511 4324 709 4401 ἀνδρία
753 4324 845 4381 καὶ
893 4326 994 4396 τὴν
1046 4325 1323 4402 είρηναίαν
1360 4325 1608 4402 γαλήνην
1659 4328 1712 4383 ὲν
1762 4325 1963 4394 ἔθνεσιν

310 4414 497 4489 ᾅδεται
548 4411 1032 4490 καταπράττεσθαι.
1087 4414 1186 4470 Καὶ
1238 4407 1354 4490 ἔχει
1413 4414 1584 4478 οὕτως
1619 4463 1634 4488 ,
1692 4419 1737 4472 ὦ
1793 4421 1964 4475 οὗτοιο

308 4507 402 4563 καὶ
457 4504 638 4560 τοίνυν
695 4501 959 4560 έντείνατε
1011 4505 1074 4559 τὸ
1133 4506 1279 4578 ᾆσμα
1326 4506 1654 4583 τορώτερον,
1696 4507 1845 4583 κάγὼ
1869 4513 1966 4564 τοῦ

315 4594 518 4670 μέλους
597 4593 725 4668 ὑμῖν
791 4594 1187 4673 συνεφάψομαι.
1259 4593 1499 4675 Ἀδελφᾶ
1566 4596 1670 4672 γὰρ
1749 4597 1969 4670 ἀληθῶς

313 4689 594 4764 φρονεῖτον
669 4680 863 4758 ἀνδρία
934 4705 994 4738 τε
1048 4684 1138 4739 καὶ
1196 4683 1405 4748 σύνεσις
1440 4729 1455 4756 ,
1508 4686 1599 4742 καὶ
1649 4689 1968 4745 κοινοῦσθον

312 4774 377 4830 τὸ
403 4771 714 4850 ἔμπρακτον
741 4771 889 4847 παρά
917 4792 982 4849 γε
1003 4778 1127 4838 τοῖς
1156 4771 1446 4849 ἔμφροσιν.

2067 2361 2275 2418 dentice
2305 2361 2695 2433 imperatoriae
2727 2361 3073 2433 specimina.
3108 2363 3176 2418 Et
3202 2363 3376 2418 homo
3427 2363 3538 2418 iste
3568 2379 3722 2417 unus

2067 2451 2300 2524 magnis
2318 2450 2657 2522 regionibus
2677 2449 2986 2523 magniﬁce
3003 2451 3060 2505 in
3076 2452 3322 2524 agendo,
3338 2451 3720 2523 gubernando

2067 2556 2130 2596 se
2161 2539 2436 2610 ostendit,
2482 2543 2540 2594 et
2585 2539 2790 2595 ambas
2838 2556 3072 2609 manus,
3126 2539 3439 2594 activitatis
3496 2541 3721 2594 instru-

2066 2635 2282 2699 menta,
2309 2635 2366 2686 et
2386 2631 2709 2703 prudentiae
2731 2632 2998 2687 ardorem
3029 2635 3206 2704 atque
3227 2632 3447 2703 ingenii
3469 2648 3715 2687 acumen

2066 2719 2436 2776 monstravit.
2468 2724 2533 2775 In
2566 2720 2836 2776 maximis
2879 2720 3037 2775 enim
3067 2720 3243 2775 rebus
3287 2718 3533 2774 dubium
3569 2735 3713 2774 una-

2066 2826 2200 2866 cum
2243 2809 2671 2880 perseverantia
2719 2809 2775 2863 in
2827 2808 3089 2865 medium
3139 2809 3314 2875 tulit;
3367 2807 3714 2880 plerumque

2066 2904 2262 2956 autem
2321 2901 2474 2973 apud
2524 2917 2656 2956 eum
2707 2917 2855 2971 opus
2905 2899 3313 2971 cogitationem
3369 2900 3715 2971 premebat;

2066 3007 2193 3061 quae
2224 2993 2421 3045 autem
2449 2989 2695 3045 faciebat
2723 2988 2796 3044 iis
2819 2989 3034 3045 mentis
3056 2989 3512 3060 profunditatem
3544 2988 3718 3042 adde-

2067 3083 2185 3148 bat,
2220 3083 2461 3138 minime
2493 3085 2817 3149 cententus,
2876 3086 2943 3137 ut
2990 3079 3272 3154 plerique,
3333 3081 3430 3152 qui
3465 3078 3717 3152 prompti

2065 3173 2306 3244 quidem
2336 3173 2405 3228 ad
2446 3171 2845 3243 cogitandum,
2879 3171 2938 3225 in
2987 3170 3209 3242 agendo
3260 3169 3459 3224 minus
3491 3167 3718 3240 probati

2065 3261 2461 3318 inveniuntur.
2496 3261 2768 3318 Solemne
2798 3260 2987 3316 eidem
3033 3264 3156 3316 erat
3186 3259 3547 3315 fortitudinis
3579 3273 3716 3329 spe-

2065 3351 2284 3408 cimina
2313 3353 2502 3418 edere,
2541 3349 2686 3406 nihil
2735 3365 2872 3406 vero
2917 3348 3217 3421 antiquius
3268 3347 3622 3420 sapientiam
3655 3345 3713 3401 in

2065 3441 2326 3497 medium
2360 3441 2638 3512 proferre,
2670 3455 2847 3511 quam
2879 3439 3104 3508 passim
3147 3438 3429 3510 optimam
3465 3434 3714 3493 auxilia-

2063 3530 2266 3588 tricem
2297 3528 2638 3586 habuimus.

2144 3711 2230 3767 15.
2265 3710 2448 3784 Igitur
2476 3707 2784 3782 dispositio
2831 3706 3233 3781 Pythagorica,
3267 3705 3390 3762 sive
3435 3721 3619 3774 amor,
3652 3707 3719 3760 ut

2070 3815 2232 3857 more
2262 3798 2620 3871 sapientium
2649 3797 2984 3870 loquamur,
3009 3799 3323 3868 penetrans
3353 3799 3411 3852 et
3436 3795 3718 3851 barbaros

2070 3889 2367 3956 erudiens,
2400 3887 2687 3942 bellorum
2721 3886 2990 3941 inducias
3020 3871 3190 3941 nobis
3220 3885 3484 3956 parabat,
3505 3883 3721 3955 quibus

2071 3979 2274 4034 hostes
2305 3978 2376 4032 ad
2426 3976 2776 4032 otiositatem
2824 3975 3278 4029 damnabantur.
3330 3972 3609 4044 Equidem
3637 3972 3723 4027 vi-

2073 4069 2183 4123 deo
2214 4067 2500 4137 quosdam
2535 4063 2642 4119 levi
2670 4062 3069 4118 modulamine
3091 4061 3260 4118 dulce
3283 4065 3724 4131 cantantes,quo

2074 4154 2356 4211 fortitudo
2389 4167 2587 4224 pacem
2640 4157 2698 4207 et
2745 4150 3232 4222 tranquillitatem
3273 4149 3331 4204 in
3382 4149 3725 4204 nationibus

2074 4243 2390 4318 generavit.
2447 4243 2532 4296 Ita
2581 4241 2736 4296 enim
2769 4247 2876 4312 est,
2936 4240 3129 4309 amici,
3189 4253 3366 4309 quare
3404 4237 3724 4293 acutiorem

2074 4333 2314 4406 incipite
2345 4336 2606 4400 cantum,
2635 4349 2725 4386 me
2748 4331 3206 4386 obsecundante.
3235 4327 3536 4384 Fortitudo
3567 4327 3725 4382 enim

2077 4441 2143 4480 ac
2169 4421 2483 4495 prudentia
2515 4420 2878 4476 meditantur
2900 4423 2958 4475 et
2980 4418 3039 4474 in
3065 4417 3512 4492 prudentiorum
3535 4415 3726 4473 mani-

2076 4513 2190 4570 bus
2219 4510 2552 4568 consociare
2583 4514 2803 4566 amant.

390 4977 470 5034 ις’.
504 4969 740 5043 Εὖπορῶ
790 4965 848 5024 δὲ
887 4966 1040 5042 ὅμως
1094 4968 1286 5040 εἰπεῖν,
1340 4971 1520 5051 ἐφ’ὥν
1568 4974 1760 5044 τὸτῆς
1815 4977 1958 5052 βασι-

2153 4975 2240 5030 16.
2257 4974 2320 5028 In
2338 4973 2601 5045 promptu
2615 4969 2800 5026 habeo
2813 4969 2987 5025 etiam
3001 4966 3262 5024 dicerein
3276 4963 3731 5064 quoprudentim

317 5060 480 5130 λικῆς
533 5060 846 5138 φρονήσεως
902 5057 993 5114 καὶ
1056 5066 1292 5137 μονῆρες
1349 5061 1620 5137 ὁρίζεται,
1688 5065 1778 5119 καὶ
1833 5066 1970 5129 τέως

317 5147 516 5224 (έκεῖνο
563 5149 627 5203 τὸ
677 5147 903 5213 ἐνταῦθα
954 5149 1096 5224 μέγα
1140 5153 1238 5204 τοῦ
1286 5149 1453 5227 λόγου
1505 5151 1823 5230 κεφάλαιον)
1867 5157 1967 5225 τήν

314 5242 424 5293 τῶν
478 5237 838 5312 ἑκασταχόθεν
887 5237 1114 5312 ὑψηλῶν
1164 5243 1333 5313 γενῶν
1377 5245 1456 5313 τῷ
1517 5240 1779 5317 βασιλείῳ
1831 5245 1969 5318 γένει

317 5329 630 5406 συνάφειαν,
683 5323 751 5380 δι’
809 5327 876 5395 ἧς
935 5326 1033 5382 ὅσα
1090 5328 1180 5382 καί
1229 5351 1376 5392 τινος
1416 5331 1800 5404 πολυτιμήτου
1833 5330 1972 5404 ὕλης

313 5419 415 5487 τὴν
456 5422 554 5472 τοῦ
617 5417 906 5493 βασιλικοῦ
961 5415 1270 5492 στέμματος
1331 5420 1687 5496 συγκρότησιν
1749 5422 1973 5499 ἐτεχνή-

317 5526 476 5577 σατο,
505 5505 598 5562 τὸν
656 5505 887 5582 ἀρχικὸν
944 5507 1036 5560 xui
1095 5505 1238 5562 οὕτω
1306 5508 1614 5583 μεγεθύνων
1666 5507 1852 5588 ὄγκον,
1881 5511 1972 5567 καὶ

317 5600 512 5672 χεῖρας
556 5594 752 5658 ταύτας
805 5593 1167 5671 μεγαλοφυεῖς
1223 5595 1292 5672 τῇ
1341 5598 1628 5673 Ῥωμαϊκῇ
1675 5597 1974 5675 ὁλομελείᾳ

319 5685 636 5763 προσφύων,
688 5684 749 5748 ἃς
803 5683 1046 5755 ἐκτενεῖ,
1075 5686 1164 5742 ὅτε
1192 5707 1298 5741 που
1345 5687 1706 5765 πολυχειρίας
1740 5687 1972 5763 δεήσειε.

322 5774 537 5832 Τούτου
593 5776 729 5849 ἡμῖν
786 5779 882 5831 τοῦ
937 5772 1112 5832 καλοῦ
1170 5780 1340 5856 φυτοῦ
1385 5784 1485 5849 τῆς
1533 5779 1726 5859 σοφίας
1767 5782 1973 5855 καρπὸς

2080 5063 2322 5120 effectus
2335 5063 2658 5118 cernuntur
2671 5063 3042 5130 etquousque
3053 5072 3322 5129 magnum
3337 5054 3628 5111 sermonis
3645 5070 3734 5110 ca-

2080 5156 2185 5227 put
2204 5169 2553 5226 magnorum
2572 5150 2832 5222 undique
2849 5165 3131 5222 generum
3145 5146 3343 5220 generi
3361 5143 3736 5216 imperatorio

2081 5243 2360 5300 unionem
2388 5243 2508 5312 dat,
2533 5258 2636 5313 per
2655 5256 2834 5312 quam
2859 5243 2924 5295 ut
2954 5255 3055 5310 per
3086 5235 3522 5293 nobilissimam
3546 5237 3734 5290 mate-

2082 5333 2230 5390 riam
2259 5329 2625 5403 imperatorii
2647 5328 2999 5385 diadematis
3030 5325 3516 5398 compositionem
3540 5339 3738 5395 cpera-

2082 5429 2176 5480 tus
2201 5425 2310 5488 est,
2343 5419 2699 5492 praecipuam
2731 5417 2814 5472 sic
2865 5417 3097 5472 elevans
3147 5414 3497 5487 dignitatem
3547 5416 3603 5468 et
3631 5412 3739 5469 has

2082 5528 2395 5586 generosas
2425 5527 2636 5566 manus
2667 5510 2942 5564 Romanis
2996 5504 3334 5562 celsitudini
3385 5504 3738 5576 adjungens,

2084 5619 2233 5676 quas
2261 5602 2458 5657 tendet
2488 5600 2721 5672 quando
2755 5612 3039 5653 manuum
3075 5593 3406 5667 pluralitate
3438 5611 3587 5666 opus
3621 5594 3740 5648 fue-

2084 5691 2179 5748 rit.
2214 5691 2402 5762 Hujus
2457 5690 2628 5746 nohis
2687 5687 2900 5760 egregii
2958 5684 3204 5742 stolonis
3263 5684 3492 5740 fructus
3524 5688 3581 5739 et
3610 5699 3740 5755 quae

2085 5781 2158 5841 ob
2188 5780 2389 5839 oculos
2421 5781 2574 5838 bona
2603 5783 2762 5846 sunt,
2795 5777 2912 5834 Deo
2935 5777 3184 5848 juvante
3215 5775 3452 5847 reginae,
3484 5787 3737 5845 quarum
