4066 6394
369 411 491 472 983
1142 411 1564 475 EUSTATHIl
1609 413 1714 473 ΤΗ
1725 411 2074 474 ESSALON
2083 409 2383 471 ICENSIS
2430 408 3018 470 METROPOLITE
3688 407 3790 468 984

376 557 495 596 una
525 541 597 595 ad
629 540 770 597 solis
825 542 1012 597 instar
1067 560 1136 598 ex
1195 544 1415 601 oriente
1469 545 1674 609 oritur,
1721 543 1830 598 etsi
1867 559 2059 610 nunc,

2173 540 2223 594 αὶ
2251 539 2318 593 τὰ
2346 538 2451 614 πρὸ
2486 538 2788 616 ὀφθαλμῶν
2842 537 3014 610 ἁγαθᾶ
3064 537 3120 592 αἱ
3169 535 3268 591 σὺν
3302 540 3426 608 Θιῷ
3481 534 3788 610 βασίλισσαι,

381 629 618 700 quidem
651 629 806 686 nube
853 632 1222 698 obscuratur,
1279 635 1330 688 si
1381 634 1565 688 nubes
1616 633 1850 704 nigrum
1886 631 2031 686 illud

2171 631 2217 681 ὃν
2247 630 2280 697 ἡ
2317 628 2410 701 μὶν
2445 629 2530 682 οἶα
2578 627 2666 681 καὶ
2714 625 2879 696 ἥλιος
2930 625 2980 697 ἐξ
3031 624 3167 698 ἑῴας
3225 624 3448 700 ἔφανεν,
3485 625 3530 678 εἷ
3581 626 3667 679 καὶ
3711 630 3788 679 νῦν

384 719 497 773 dici
531 722 742 790 potest,
774 720 832 773 in
868 736 983 791 quo
1009 721 1252 790 justitiae
1285 721 1392 790 sol,
1446 727 1597 776 Deus
1645 721 1863 776 clarius
1894 737 2033 775 con-

2171 718 2248 771 ιπὸ
2279 719 2426 791 νέφει
2477 718 2766 784 σκιάζεται,
2824 712 2876 770 εἷ’
2923 737 2974 769 τι
3025 715 3115 769 καὶ
3166 715 3332 790 νὲφος
3387 713 3558 769 εἰπεῖν
3607 713 3787 789 θαῤῥη-

385 807 670 878 spicitur;
705 807 885 864 altera
932 825 1067 864 vera
1112 827 1325 866 oceano
1377 809 1724 866 occidentali
1757 810 2037 865 immersa

2171 809 2261 861 ἑον
2294 807 2355 860 τὸ
2384 810 2630 861 τοιοῦτον
2670 804 2864 877 μέλαν,
2896 803 2947 858 ἐν
2985 805 3028 876 ᾧ
3062 803 3365 882 φανότερον
3403 804 3431 857 ὁ
3461 806 3558 871 τῆς
3605 801 3789 858 δικαιο-

382 897 534 953 lucis
565 897 937 969 splendorem
967 899 1153 956 affert.

2171 896 2311 964 τύνης
2356 892 2521 964 ἥλιος
2569 894 2698 958 Θεὸς
2757 891 3115 948 διοπτεύεται·
3170 895 3206 963 ἡ
3261 889 3324 947 δὲ
3357 893 3432 954 ὡς
3484 889 3676 968 ἄγχοοί
3702 913 3792 948 που

2148 981 2484 1057 λελουμένος
2555 984 2796 1038 ὠκεανοῦ
2846 982 3100 1058 ἑσπερίου
3156 983 3252 1037 καὶ
3315 982 3465 1050 αὐτὴ
3527 981 3791 1059 φωσφόρος

2149 1073 2473 1150 ἐπηύγασεν.

460 1232 544 1288 17.
595 1233 706 1289 Sed
765 1233 884 1289 haec
942 1233 1252 1302 hactenus,
1284 1250 1357 1290 ne
1414 1232 1736 1290 rhetorices
1785 1249 2039 1291 oceanus

2227 1240 2306 1304 ιζ’.
2342 1231 2520 1290 Ἀλλᾶ
2567 1237 2731 1288 τοῦτο
2781 1234 2876 1307 μὲν
2938 1231 2992 1294 ἐς
3047 1235 3341 1298 τοσοῦτον,
3381 1233 3460 1306 μὴ
3522 1231 3611 1286 καὶ
3642 1232 3791 1286 ὠκεα-

385 1338 700 1394 erumpens
732 1323 984 1378 faustam
1005 1327 1243 1394 rumpat
1273 1323 1728 1396 navigationem.
1756 1324 2040 1379 Utautem

386 1410 587 1466 hostes
653 1411 902 1468 invicem
975 1414 1276 1484 congressi
1353 1415 1474 1468 sint
1543 1429 1754 1485 resque
1811 1418 2042 1469 nostras

389 1501 753 1557 turbaverint
782 1506 838 1557 et
886 1519 1084 1574 pacem
1135 1502 1305 1558 nobis
1355 1502 1800 1574 impertiverint,
1853 1502 1953 1558 illa
1986 1503 2041 1557 in

395 1605 574 1644 causa
618 1589 762 1656 fuit;
817 1591 948 1662 quis
1009 1590 1188 1662 igitur
1246 1591 1434 1662 magis
1493 1590 1840 1666 timendus?
1894 1591 2044 1647 Illud

394 1695 567 1750 porro
599 1679 911 1735 artiﬁcium
943 1680 1322 1752 strategicum
1373 1680 1738 1752 excogitavit,
1789 1681 1880 1736 cui
1911 1681 2045 1736 obe-

2150 1324 2242 1388 νὸς
2295 1324 2519 1386 ἐνταῦθα
2573 1343 2664 1396 μοι
2717 1319 3008 1398 ῥητορείας
3053 1320 3384 1398 ἀναῤῥαγεὶς
3443 1321 3684 1395 ἀνακόψῃ
3711 1324 3793 1374 τοῦ

2154 1410 2493 1468 εὐθυπλοεῖν.
2527 1416 2868 1486 Συγκροῦσαι
2901 1408 2958 1466 δὲ
3006 1409 3322 1484 πολεμίους
3377 1408 3675 1481 ἀλλήλοις,
3719 1409 3794 1464 καὶ

2153 1505 2300 1575 ἡμᾶς
2359 1500 2409 1554 ἐν
2471 1501 2733 1576 ἀταράχῳ
2781 1499 2870 1554 καὶ
2932 1498 3072 1554 οὕτω
3125 1507 3497 1569 καταστῆσαι,
3530 1499 3618 1554 καὶ
3671 1499 3725 1554 τὸ
3752 1497 3792 1552 ἐν

2157 1591 2348 1666 εΐρήνῃ
2401 1588 2664 1664 γαλήνιον
2712 1589 3168 1664 καταπράξασθαι,
3217 1589 3305 1652 τίς
3357 1587 3465 1666 ἄρα
3513 1590 3626 1644 κατ’
3681 1588 3794 1642 ἐκεῖ·

2154 1701 2246 1735 νον
2281 1677 2586 1740 δεινότατος
2632 1675 2922 1747 ;Μέθοδον
2970 1678 3071 1754 γὰρ
3115 1678 3204 1733 καὶ
3257 1679 3470 1748 ταύτην
3527 1698 3793 1754 στρατηγι-

2157 1772 2258 1838 κὴν
2314 1768 2557 1843 ἐτέχνου,
2597 1768 2660 1823 τὸ
2712 1768 2804 1842 μὶν
2863 1769 3103 1838 ὑπήκοον
3151 1767 3454 1842 φυλάττειν
3497 1765 3796 1836 ἀναίμακτον

2159 1860 2246 1914 ἐπὶ
2329 1858 2606 1934 μεγίσταις
2674 1858 2950 1933 τροπαίων
3007 1857 3356 1927 ἀναστάσεσι,
3431 1856 3795 1935 προσαράσσειν

2164 1947 2221 2004 δὲ
2249 1947 2375 2010 τοὺς
2406 1946 2710 2021 πολεμίους
2764 1948 2994 2016 ἑαυτοῖς,
3028 1945 3118 2002 καί
3168 1947 3525 2020 ἱκπολεμοῢν
3573 1951 3685 2006 τοῖς
3714 1943 3798 1998 ιὶλ⁸

2163 2034 2430 2114 λοφύλοις
2483 2036 2544 2090 τὸ
2598 2037 2775 2114 σφίσιν
2831 2036 3013 2098 αὐτοῖς
3061 2034 3377 2113 ὁμόφυλον,
3413 2037 3488 2098 ὡς
3532 2037 3615 2089 καὶ
3650 2033 3797 2089 ἐντεῦ-

2165 2129 2249 2181 θεν
2309 2123 2555 2194 αὔξεσθαι
2619 2125 2711 2198 μὲν
2765 2125 2831 2180 τὰ
2879 2125 3141 2200 ἡμέτερα,
3196 2124 3633 2196 μειονεκτεῖσθαι
3679 2119 3730 2175 δὶ
3753 2119 3801 2173 τὸ

2166 2214 2472 2288 πολέμιον,
2527 2214 2618 2269 καὶ
2677 2215 2766 2269 τὸν
2829 2212 3110 2272 Ἐνυάλιον
3174 2215 3382 2287 μηκέτι
3438 2213 3584 2286 ξυνὸν
3641 2210 3797 2277 εἶναι,

2173 2303 2303 2379 μηδ’
2332 2306 2534 2381 ἀμφοῖν
2562 2309 2678 2358 τοῖν
2717 2308 2903 2377 μεροῖν
2937 2305 3266 2382 φθισήνορα,
3300 2305 3442 2376 ἡμῖν
3495 2322 3550 2356 τε
3592 2299 3675 2354 καὶ
3701 2302 3795 2355 τοῖς

2170 2393 2285 2449 ὅσοι
2319 2393 2534 2466 ἐξῄεσαν
2569 2392 2645 2456 εἷς
2691 2392 3008 2462 ἀντίπαλον,
3045 2387 3237 2465 μόνοις
3273 2388 3335 2446 δὲ
3378 2395 3496 2452 τοῖς
3545 2384 3798 2460 πολεμίοις

2169 2481 2598 2553 ἀπονενεμῆσθαι
2649 2480 2740 2535 τὸν
2793 2479 3170 2556 βροτολοιγόν.
3221 2479 3386 2534 Οὕτω
3446 2478 3637 2553 Πέρσαι
3686 2474 3796 2547 Πέρ-

2172 2591 2289 2634 σαις
2343 2569 2643 2644 ἀντίμαχοι
2697 2566 2948 2641 μεθόδοις
2999 2566 3337 2645 βασιλικαῖς·
3395 2566 3487 2622 καὶ
3545 2568 3695 2637 ἡμεῖς
3741 2560 3797 2615 εἷ’-

2173 2664 2395 2734 ρηναῖον
2431 2658 2830 2730 ἔπαιανίζομεν.
2877 2657 3035 2714 Οὕτω
3095 2657 3304 2712 Σκύθαι
3359 2657 3569 2719 Σκύθας
3617 2653 3683 2714 εἷς
3711 2656 3794 2725 γῆν

2172 2747 2630 2822 κατεστρώννυον·
2677 2747 2767 2800 καὶ
2817 2748 2981 2818 ἡμεῖς
3032 2742 3232 2820 ὅρθιοι.
3287 2743 3452 2803 Οὕτω
3503 2740 3681 2798 πολλὰ
3711 2740 3796 2791 τῶν

2174 2835 2434 2912 ἑσπερίων
2496 2835 2696 2909 ἐθνῶν,
2771 2833 3083 2904 πλεονεξίαν
3143 2831 3486 2904 νενοσηκότα
3520 2876 3532 2899 ,
3585 2831 3794 2904 ὑγιοῦντο

2175 2925 2641 3004 σωφρονιζόμενα’
2697 2923 2785 2978 καὶ
2841 2924 2904 2978 τὸ
2961 2923 3271 2996 Ῥωμαϊκὸν
3336 2911 3796 3004 ἐξεθαμϐεῖτοηέᾅ

2177 3003 2278 3082 οἷς,
2312 3016 2386 3077 ὡς
2417 3013 2515 3068 οὐκ
2545 3011 2602 3067 ἂν
2637 3010 2880 3076 αἶ’σθοιτό
2927 3033 3034 3082 τις,
3067 3011 3128 3067 τὸ
3173 3013 3247 3083 τῇ
3297 3007 3614 3083 ὁπλομανίᾳ
3642 3003 3794 3070 ἐπίλη-

2174 3124 2308 3158 πτον
2360 3101 2737 3174 τεθεράπευιο.
2789 3102 3010 3176 Δράκων
3063 3097 3121 3154 δὲ
3175 3101 3202 3154 ὁ
3248 3098 3604 3171 νησιωτικὸς,
3651 3095 3701 3154 ’ὸς
3726 3089 3789 3145 κιιἒ

2180 3193 2308 3266 ὑπὲρ
2355 3198 2630 3266 κρατῆρας
2680 3189 2968 3252 Αἱτναίους
3018 3189 3080 3244 τὸ
3127 3192 3223 3244 τοῦ
3276 3190 3458 3262 θυμοῦ
3516 3189 3619 3260 πῦρ
3670 3179 3779 3255 tu?“

2097 3281 2142 3348 α
2181 3287 2272 3351 σᾷν
2306 3279 2490 3349 ἤθελε,
2546 3276 2734 3334 πολλὰ
2791 3279 2885 3351 μὲν
2933 3282 3030 3333 τοῦ
3073 3278 3189 3332 κατ’
3222 3277 3390 3333 αὐτὸν
3426 3274 3595 3331 ὀλκοῦ
3623 3267 3787 3340 καὶβα-

2183 3367 2418 3431 σιλικοῖς
2467 3365 2770 3438 ἐκολούσθη
2818 3367 2991 3442 ξίφεσι
3021 3411 3034 3434 ,
3084 3367 3149 3421 τὰ
3195 3366 3380 3422 πλείω
3437 3362 3496 3420 δὲ
3549 3357 3792 3417 οῗκειακοῖς

2179 3457 2403 3534 ἐχθροῖς
2488 3455 2947 3534 συγκρουόμενος,
3028 3454 3121 3521 οὓς
3176 3455 3232 3512 αἱ
3291 3459 3392 3511 τοῦ
3447 3449 3799 3525 αὐτοκράτορος

2180 3544 2401 3621 μὲθοδοι
2451 3545 2770 3618 ἦπανίστων,
2821 3542 3146 3621 διχαστικήν
3197 3543 3368 3600 ὁποῖά
3404 3562 3526 3598 τινα
3557 3537 3790 3614 μάχαιραν

2175 3637 2275 3704 τὴν
2317 3634 2509 3691 ἑαυτοῦ
2533 3636 2831 3709 τομώτατα
2858 3633 3047 3712 σοφίαν
3080 3631 3412 3710 βάλλοντος.

399 1769 628 1824 dientes
660 1768 788 1823 sine
836 1768 1142 1839 sanguinis
1193 1769 1474 1825 effusione
1531 1771 1788 1825 maxima
1831 1775 2050 1842 tropaea

398 1857 602 1926 erexit,
661 1857 864 1912 hostes
922 1856 1032 1912 sibi
1091 1857 1237 1928 ipsis
1307 1859 1669 1913 adversarios
1731 1875 1919 1930 usque
1975 1859 2046 1914 ad

395 1945 865 2016 belligerandum
927 1945 1182 2000 reddidit
1239 1948 1633 2020 quo‘factum
1693 1954 1783 2003 est
1843 1953 1907 2002 ut
1961 1965 2051 2003 res

395 2040 612 2090 nostra:
644 2035 1035 2106 ampliﬁcatae,
1085 2034 1320 2090 illorum
1373 2037 1830 2103 minorarentur,
1872 2043 2053 2108 utque

396 2123 553 2179 Mars
579 2123 699 2192 jam
732 2140 844 2178 non
881 2124 1215 2178 communis
1267 2130 1422 2179 esset
1452 2141 1556 2180 nec
1602 2126 1914 2181 alterutros
1948 2142 2054 2182 nos

398 2212 651 2284 illosque
682 2213 1030 2280 destrueret,
1065 2213 1206 2268 solis
1240 2217 1434 2268 autem
1461 2212 1734 2270 hostibus
1766 2215 2055 2286 pernicies

394 2301 755 2356 illaberetur.
792 2301 887 2355 Sic
921 2305 1230 2356 Persarum
1265 2301 1321 2356 in
1355 2305 1563 2356 Persas
1595 2302 1814 2357 .bellum
1845 2321 1877 2358 a
1908 2303 2057 2374 regi-

398 2393 512 2447 bus
544 2390 968 2457 instruebatur,
1003 2396 1058 2445 et
1089 2407 1196 2446 nos
1229 2394 1478 2446 stamus.
1515 2391 1609 2446 Sic
1641 2392 1838 2448 multa;
1870 2410 1938 2447 ex
1970 2409 2059 2448 oc-

403 2477 796 2535 cidentalibus
828 2479 1103 2550 gentibus
1126 2479 1472 2552 arrogantiae
1497 2482 1700 2536 morbo
1727 2481 2061 2537 laborantes

404 2572 716 2640 postquam
760 2568 1150 2638 resipuerant,
1202 2573 1418 2624 sanataa
1469 2575 1630 2624 sunt.
1665 2570 1758 2625 Sic
1806 2571 2061 2642 populus

407 2657 710 2712 Romanus
737 2657 1041 2727 obstupuit
1069 2656 1169 2726 qui
1201 2661 1405 2712 contra
1434 2675 1597 2728 spem
1647 2658 1906 2714 omnium
1943 2659 2060 2715 bel-

409 2744 699 2817 ligerandi
722 2745 917 2800 furore
942 2749 1186 2800 sanatus
1212 2751 1320 2801 est.
1347 2746 1530 2802 Draco
1554 2753 1749 2803 autem
1783 2748 2063 2805 insularis

412 2835 512 2907 qui
545 2851 722 2907 super
750 2841 1003 2891 crateres
1052 2839 1302 2890 [Etnaaos
1354 2836 1550 2908 ignem
1583 2838 1809 2894 ferocia:
1857 2855 2061 2894 accen-

413 2926 549 2979 dere
580 2922 828 2990 volebat,
862 2922 922 2977 in
950 2923 1172 2994 impetu
1197 2941 1304 2979 suo
1329 2925 1400 2979 ab
1424 2925 1664 2982 ensibus
1695 2927 2064 2998 imperatoris

414 3031 530 3070 non
555 3029 763 3086 parum
786 3013 1107 3084 impeditus
1131 3019 1240 3078 est,
1267 3013 1613 3086 plerumque
1636 3034 1767 3072 cum
1794 3017 2066 3074 hostibus

412 3103 753 3158 domesticis
813 3119 1210 3174 congressus,
1272 3120 1420 3173 quos
1477 3105 1849 3175 imperatoris
1909 3113 2066 3162 artes

415 3189 865 3259 concitaverant,
917 3191 1083 3262 quasi
1133 3190 1448 3263 bipennem
1499 3193 1846 3264 sapientiam
1895 3213 2064 3251 suam

418 3281 650 3338 eminus
671 3280 1016 3352 jaculantis.

2255 3780 2344 3850 ιη’.
2397 3776 2745 3853 Προμηθείνις
2802 3774 2860 3832 δὲ
2915 3776 2982 3844 ἦν
3042 3769 3144 3849 ἄρα
3200 3773 3496 3852 βασιλικῆς
3552 3767 3622 3842 μὴ
3656 3763 3790 3839 μόνον

2177 3867 2567 3943 περισώζεσθαι
2620 3865 2748 3928 τοὺς
2801 3865 3199 3933 ὑπακούοντας,
3255 3861 3408 3919 ἀλλὰ
3461 3859 3550 3915 καὶ
3594 3866 3792 3943 προσιπῖ

2179 3933 2352 4027 αύξιιν
2395 3933 2611 4023 αὐτοὺς,
2645 3954 2720 4016 εἷς
2772 3955 2895 4010 ὅσον
2947 3953 3108 4030 χώρα
3149 3953 3377 4030 γίνεται.
3433 3947 3534 4009 Καὶ
3580 3940 3680 4040 ἔστι
3718 3933 3791 4040 καὶ

2176 4049 2336 4101 τοῦτο
2394 4041 2666 4100 ταλάντου
2711 4041 3068 4119 εὐαγγελικοῢ
3120 4040 3575 4118 προσεπαύξησις,
3620 4030 3790 4119 ὅτικαί

2176 4131 2555 4209 κληρονομίας
2627 4130 2771 4196 θείας
2821 4114 3120 4206 ’πρόσθεσις
3153 4114 3174 4187 .-
3227 4133 3410 4188 Τοῦτο
3463 4128 3612 4209 γοῦν,
3662 4114 3787 4209 εἴπερ

2176 4198 2356 4297 ἕτερός
2404 4198 2488 4284 τις
2543 4225 2650 4277 τῶν
2694 4198 2944 4277 ἀνέκαθεν
3004 4219 3208 4296 χρόνου
3268 4198 3790 4297 βεϐασιλευκότων,.δ

2174 4287 2273 4366 νῦν·
2320 4310 2704 4384 ἐπαινούμενος
2772 4287 3099 4382 ὶκτετὲλέξιε,
3159 4287 3453 4379 πληθύνων
3498 4302 3560 4356 τὸ
3604 4287 3788 4384 ἀγαθόξς

2177 4400 2274 4455 Καὶ
2307 4401 2408 4455 οὐκ
2457 4395 2565 4455 ἔστι
2617 4397 2862 4474 γλῶτταν
2909 4399 3078 4454 είπεῖν
3125 4394 3334 4466 ἔθνους,
3367 4396 3430 4466 ἣν
3475 4390 3534 4446 οὗ
3562 4376 3791 4474 παρέίξίξε

2173 4511 2242 4564 τῃ
2273 4490 2392 4544 καθ’
2421 4491 2568 4560 ἡμᾶς
2618 4468 2694 4550 είς
2748 4489 3051 4563 γρήσιμον.
3089 4487 3156 4544 Οἱ
3211 4486 3305 4560 μὶν
3355 4484 3456 4561 γᾷρ
3487 4479 3558 4539 ὡς
3592 4473 3640 4564 ἐν
3667 4468 3790 4538 λόγῳ

493 3777 579 3830 18.
617 3775 804 3849 Regiaa
837 3777 1009 3832 etiam
1041 3777 1364 3850 prudentiae
1415 3780 1540 3834 erat
1571 3794 1684 3834 non
1726 3778 1917 3835 solum
1950 3779 2069 3836 sal—

414 3879 552 3920 vare
584 3865 738 3920 dicto
769 3865 1096 3936 audientes,
1122 3867 1222 3922 sed
1255 3867 1429 3922 etiam
1455 3871 1744 3938 quantum
1777 3867 1901 3923 ﬁeri
1935 3885 2070 3940 pos-

413 3958 504 4010 set
559 3957 900 4011 eorumdem
958 3973 1049 4013 res
1106 3973 1358 4029 augere;
1415 3962 1619 4028 estque
1675 3956 1822 4012 illud
1864 3959 2070 4014 talenti

412 4043 730 4116 evangelici
763 4042 1196 4101 incrementum
1230 4062 1343 4100 non
1379 4046 1573 4101 minus
1605 4062 1780 4118 quam
1820 4046 2071 4103 haeredi-

411 4133 549 4190 tatis
581 4134 787 4190 divina:
820 4135 1116 4192 adauctio.
1162 4134 1312 4192 Illud
1345 4152 1506 4209 ergo,
1553 4137 1601 4192 si
1635 4136 1767 4208 quis
1820 4137 1972 4194 alius
2003 4155 2072 4195 ex

409 4221 485 4278 iis
517 4223 613 4295 qui
644 4224 811 4296 prius
845 4230 1187 4296 regnarunt,
1223 4231 1420 4280 noster
1449 4225 1775 4297 praesertim
1829 4227 2071 4298 perfecit

409 4311 567 4368 bona
599 4313 1064 4384 multiplicando.
1101 4314 1344 4369 Diflicile
1394 4315 1550 4369 enim
1601 4315 1777 4370 fuerit
1807 4320 2066 4372 exteram

409 4399 675 4474 linguam
707 4403 886 4457 citare
938 4419 1116 4474 quam
1149 4420 1265 4458 non
1319 4405 1388 4459 ad
1445 4407 1655 4459 nostrae
1685 4405 2064 4460 commodum

407 4492 692 4559 verterit;
751 4493 886 4547 dam
944 4492 1042 4547 alii
1101 4493 1340 4564 quidem
1400 4493 1639 4549 coloniae
1698 4495 1934 4550 nomine
1993 4495 2065 4550 ad

409 4595 518 4633 nos
578 4579 744 4635 missi
805 4580 920 4635 sibi
978 4580 1234 4652 quietem
1291 4581 1678 4649 invenerunt;
1738 4582 1837 4637 alii
1867 4587 2064 4638 autem

2180 4577 2453 4651 μετοικίας
2501 4578 2599 4646 τήν
2653 4576 2729 4640 εἷς
2774 4579 2922 4650 ἡμᾶς
2969 4573 3314 4632 ἐστέλλοντο·
3348 4569 3439 4628 καί
3487 4563 3788 4651 εὑρίσκοντας

409 4668 565 4722 dona
617 4645 1024 4740 exspectantes
1083 4685 1209 4741 quae
1267 4645 2059 4742 imperatoristlargiebatur

2177 4645 2472 4722 ἆνάπαυσιν
2506 4645 2744 4735 ἑαυτοῖς,
2787 4645 2839 4720 oi
2889 4662 2946 4719 δὲ
2991 4669 3085 4719 καῖ
3136 4661 3327 4738 δώρων
3375 4646 3791 4742 ἐπιϐαλλόμενοι.

407 4754 832 4828 munificentia,
879 4756 1047 4813 sinus
1079 4758 1322 4814 ditantis
1375 4758 1693 4830 participes
1736 4759 1871 4814 facti
1905 4765 2062 4831 sunt,

405 4846 728 4920 primatum
763 4848 1092 4902 mercedem
1126 4851 1513 4920 reportantes.
1561 4849 1721 4912 Quod
1757 4851 1945 4905 autem
1978 4850 2064 4904 di-

404 4935 681 4992 vitiarum
731 4935 1018 4992 ﬂuentum
1080 4936 1226 5009 ipsis
1284 4937 1645 5005 abundabat,
1699 4937 2063 4994 domicilium

405 5021 664 5079 alienum
697 5023 950 5095 patriam
982 5023 1264 5081 facientes
1312 5030 1370 5080 et
1400 5025 1653 5097 patriam
1703 5025 2064 5084 aestimantes

406 5128 642 5169 omnem
673 5112 729 5167 in
766 5129 884 5184 qua
930 5113 1078 5183 ipsis
1127 5113 1273 5170 bene
1322 5119 1463 5169 erat.
1514 5113 1767 5185 Antiqua
1817 5114 2064 5172 historia

405 5217 706 5259 servorum
739 5203 945 5257 urbem
979 5203 1296 5273 quamdam
1327 5208 1612 5259 memorat
1639 5229 1652 5272 ;
1703 5204 1901 5275 ibique
1933 5204 2062 5260 feli-

402 5292 550 5348 citer
581 5291 638 5346 id
671 5291 934 5363 contigit.
961 5291 1238 5348 Homines
1265 5293 1422 5348 enim
1447 5310 1592 5364 quos
1619 5297 1832 5348 natura
1852 5293 2062 5349 libera-

402 5379 537 5435 liter
563 5381 752 5437 vivere
785 5380 971 5435 voluit
1003 5381 1314 5452 nervisque
1364 5383 1552 5436 firmis
1601 5383 1836 5438 donavit
1866 5385 1922 5436 et
1949 5383 2062 5436 for-

404 5470 658 5526 titudine
690 5471 850 5526 omni
884 5470 1213 5540 induravit;
1248 5473 1378 5526 vitae
1411 5476 1607 5528 autem
1656 5471 2062 5526 vicissitudine

407 5557 467 5612 in
519 5560 860 5615 servitutem
921 5559 1140 5614 redacti
1191 5560 1250 5614 in
1303 5561 1504 5617 urbem
1560 5559 1930 5616 Constantini
1973 5559 2062 5614 in-

413 5645 707 5702 duxerunt
731 5649 1088 5719 (frequentes
1144 5649 1301 5705 enim
1356 5649 1455 5704 illa
1503 5649 1769 5722 hospites
1826 5648 2062 5720 excipit,

408 5731 746 5804 multosque
776 5751 876 5804 per
907 5737 1430 5808 turmas,eohortes
1452 5742 1510 5794 et
1531 5738 1687 5795 acies
1716 5737 2059 5810 constituit)

2175 4754 2273 4810 ὅσα
2299 4755 2362 4809 τὸ
2398 4751 2681 4830 βασιλικὸν
2734 4727 3121 4830 μεγαλόδωρον
3175 4727 3251 4815 είς
3300 4749 3574 4821 πλήσμιον
3613 4727 3788 4832 ἔχοξῆ-

2173 4865 2279 4921 γει,
2305 4846 2403 4898 τοῦ
2455 4841 2834 4898 πλουτοποιοῢ
2884 4839 3101 4897 κόλπου
3133 4839 3400 4916 ἐγίνοντο,
3432 4833 3787 4922 μισθοφορούν-

2171 4906 2278 4995 τες,
2296 4932 2391 5005 μὲν
2419 4932 2516 5001 τὴν
2549 4928 2749 5006 ἀρχήν·
2785 4927 2868 4984 ὅτι
2902 4925 2960 4984 δὲ
3010 4930 3087 4994 είς
3126 4906 3410 5002 ἐν’δελεχὶξ
3433 4906 3497 4978 έδ
3524 4919 3615 5016 τοῖ’

2170 5043 2266 5078 του
2291 5003 2465 5097 ῥεῦμα
2492 5003 2707 5080 τούτοις
2756 5017 2894 5089 ἐπλή
2910 5039 3143 5095 μμυρεν,
3188 5018 3476 5107 οἰκήσιμον
3527 5003 3630 5107 καὶ,
3658 5003 3784 5107 αύξῗξ

2169 5095 2652 5180 τήνήάλλοδαπὴν
2704 5106 3068 5181 ποιούμενοι,
3129 5107 3220 5162 καὶ
3266 5097 3494 5178 πατρίδα
3545 5095 3780 5181 κρίνοντες

2173 5166 2304 5254 εἶναι
2337 5202 2532 5266 πᾶσαν,
2583 5166 2635 5251 ἐν
2777 5166 3027 5260 εὐπαθεῖν
3080 5166 3433 5272 περιγίνεται.
3482 5180 3577 5272 Κοξῖ
3622 5177 3654 5245 ἦ
3703 5166 3780 5271 PF"

2172 5287 2381 5343 παλαιά
2427 5284 2640 5362 ἱστορία
2688 5286 2776 5341 καὶ
2829 5283 3042 5341 δούλων
3087 5269 3252 5341 πόλιν
3284 5279 3402 5338 τινὰ
3427 5269 3776 5370 προάγιιὶ⁸¹’ίξῗς

2170 5382 2389 5452 γνῶσιν
2442 5375 2668 5438 ἐντοιῦθα
2717 5371 2773 5428 δὶ
2823 5373 2912 5428 καὶ
2960 5378 3122 5429 τοῦτο
3182 5371 3559 5452 πεπλήθυνται-
3599 5361 3654 5408 τὸ

2173 5439 2290 5522 λόν.
2353 5468 2664 5537 Ἄνθρωποι
2715 5464 2837 5540 γὰρ,
2892 5462 2982 5526 οὓς
3029 5463 3187 5537 φύσις
3233 5439 3646 5540 μὲν-ἐλευθέρια

2174 5556 2358 5632 ὥρισε,
2406 5519 2618 5630 νεύροις
2670 5515 2738 5607 δὲ⁸
2783 5515 3057 5629 ίττεῤῥοῖςγ
3088 5515 3337 5622 ἐτόνωσε,
3394 5541 3496 5636 καὶ.
3533 5515 3775 5636 {ilum-fr

2172 5624 2387 5722 ἀνδρίαν
2418 5624 2715 5717 ἰστόμωσε,
2753 5624 2886 5718 βίου’
2913 5624 2984 5696 ’δὲ
3029 5639 3234 5704 κύκλος
3265 5639 3351 5696 ἐπὶ
3384 5624 3616 5689 δουλείαν

2172 5704 2295 5809 ψαςι,
2328 5733 2405 5796 tie
2462 5704 2563 5802 τὴν
2615 5704 2714 5786 τοῐί
2753 5704 3009 5808 ’μεγάλου
3067 5725 3466 5788 Κωνσταντίνου
3509 5704 3769 5786 πιριῆγατ⁸
