4066 6358
273 401 390 463 985

1123 402 1527 466 MANUELIS
1571 401 1921 464 COMNENI
1965 401 2366 464 LAUDATIO
2410 401 2830 464 FUNEBltIS.

3571 403 3691 462 986

273 531 535 606 (συχνοὺς
565 529 623 586 δὲ
669 532 760 587 καὶ
808 532 1035 596 τούτους
1086 533 1220 603 αὕτη
1263 531 1604 601 πανδοκεύει,
1635 532 1726 588 καὶ
1777 529 1919 594 οἵους

2039 533 2315 590 dolebant
2331 533 2570 606 quidem
2592 535 2770 606 idque
2787 537 3047 604 tempore
3067 539 3394 606 opportuno
3416 533 3688 590 domina-

271 622 411 676 κατά
470 621 628 699 στίφη
679 621 768 676 καί
830 623 1038 698 λόχους
1104 623 1193 677 καὶ
1263 624 1457 698 στίχας
1533 624 1922 696 συντάξασθαι),

272 710 506 767 ὲλύπουν
573 712 666 784 μὲν
713 712 799 786 (ἦν
853 714 1036 788 καιρὸς
1087 713 1310 782 ἐκεῖνος)
1350 713 1412 767 τὸ
1466 710 1802 782 δεσποτικὸν,
1839 732 1926 784 με·

279 801 554 872 μνημὲνοι
611 801 749 855 κατὰ
797 801 889 856 τὸν
934 803 1227 877 Ὁμηρικὸν
1273 800 1441 856 ἵππον
1482 808 1582 870 τῆς
1638 800 1688 856 ἐν
1748 802 1924 878 τροφῇ

272 889 640 960 ἀκοστήσεως,
702 889 792 944 καὶ
847 895 1030 964 νομῶν
1093 890 1306 945 ἐκείνων
1373 886 1668 967 βαρϐάροις
1717 889 1924 960 καλῶν,

273 979 360 1032 καὶ
405 982 514 1032 τῶν
567 978 849 1054 αὐτοφυῶν
899 979 994 1034 κπὶ
1045 979 1468 1055 ἀπαραποιήτων
1531 977 1794 1054 λοετρῶν,
1829 977 1928 1033 ὅσα

273 1069 403 1132 τοὺς
449 1066 818 1147 βαρϐαρικοὺς
870 1072 1194 1147 στρατιώτες
1244 1071 1382 1146 πρὸς
1422 1069 1741 1144 ἀμάλθακον
1791 1090 1924 1146 καρ-

273 1157 451 1232 τερίαν
507 1159 868 1234 ὑγραίνουσιν.
902 1163 998 1216 Ἦν
1053 1158 1110 1215 δὲ
1140 1161 1329 1224 αὐτοῖς
1379 1160 1598 1236 Θάτερος
1656 1164 1748 1234 μὲν
1805 1163 1926 1214 τοῖν

277 1249 585 1326 ὀφθαλμοῖν
637 1246 800 1304 οἶκον
837 1249 864 1305 ὁ
915 1247 971 1304 δὶ
1013 1251 1206 1312 Act-tto:
1253 1248 1329 1312 εἷς
1361 1246 1651 1325 φυγαδείαν
1709 1243 1925 1305 ἕϐλεπε.

275 1337 382 1393 Καὶ
431 1336 555 1414 χεὶρ
587 1340 622 1407 ἡ
659 1338 752 1410 μὶν
807 1335 1152 1413 διεπράττετο
1187 1339 1255 1394 τὰ
1285 1337 1531 1407 δουλικὰ,
1564 1341 1599 1408 ἡ
1637 1335 1695 1392 δὲ
1745 1335 1929 1412 ξίφους

275 1423 443 1496 ἤθελε
502 1423 839 1501 δράττεσθαι,
904 1425 957 1482 εἷ’
999 1428 1082 1490 τίς
1152 1450 1257 1482 που
1312 1429 1401 1483 καὶ
1453 1425 1786 1502 δριμύξεται,
1837 1427 1928 1480 καὶ

275 1513 490 1590 ἰγκόψει
537 1517 599 1570 τὸ
653 1517 918 1572 ἑκούσιον.
952 1517 1045 1570 Καὶ
1095 1518 1150 1571 οἵ
1195 1517 1378 1591 κύριοι
1428 1514 1660 1580 ἐντεῦθεν
1721 1515 1820 1570 οὐκ
1867 1512 1924 1568 ἂν

281 1605 356 1678 μὴ
389 1604 480 1660 καὶ
510 1605 668 1660 αὐτοὶ
701 1605 914 1675 δοῦλοι,
951 1610 1207 1679 μενοῦνγε
1246 1607 1335 1660 καὶ
1395 1605 1468 1667 ὡς
1523 1605 1800 1678 τολμῆσαι
1855 1604 1928 1658 εἷ-

277 1699 396 1749 πεῖν
439 1693 815 1770 αἰχμάλωτοι,
859 1695 1120 1770 ἀγόμενοι
1172 1696 1266 1768 μὶν
1315 1695 1399 1748 καὶ
1433 1696 1746 1772 φερόμενοι,
1779 1694 1928 1769 ἀρώ-

283 1804 433 1856 μενοι
468 1780 544 1852 δὶ,
578 1783 659 1838 ὅτι
689 1785 960 1847 τοιούτοις
992 1790 1180 1846 κακοῖς
1225 1781 1466 1860 ἔχονται,
1496 1785 1586 1838 καὶ
1635 1786 1927 1845 ποθοῦντες

278 1872 626 1947 ἀπογενέσθαι
673 1872 736 1927 τὸ
787 1871 1136 1949 δυστύχημα.
1187 1873 1532 1945 Ἐξακούεται
1587 1870 1677 1927 οὖν
1730 1873 1793 1927 τὸ
1844 1872 1925 1926 εὐ·
1961 1905 2006 1970 Β

280 1966 488 2015 κταῖον.
521 1960 618 2015 Καὶ
652 1960 805 2025 εὐθὺς
835 1959 986 2024 ἔλεος
1019 1960 1078 2016 ἐκ
1129 1961 1396 2038 βασιλέως
1447 1962 1533 2017 ἐπὶ
1577 1967 1693 2024 τοῖς
1753 1961 1928 2036 ἀμφό-

276 2069 455 2124 τερον,
502 2050 589 2104 καὶ
636 2047 980 2123 δεσπόζουσι,
1012 2051 1100 2106 καὶ
1154 2049 1494 2119 δουλεύουσι,
1527 2051 1616 2106 καὶ
1667 2048 1927 2126 θησαυροὶ

277 2135 555 2213 βασιλικοὶ
610 2138 983 2194 ἐκκενοῦνται·
1045 2141 1136 2195 καὶ
1195 2141 1244 2194 οἱ
1305 2137 1557 2194 δεσπόται
1629 2140 1915 2215 χαίρουσιν

272 2227 767 2300 ἀποσκευαζόμενοι
824 2229 887 2284 τὸ
946 2230 1151 2308 φαῦλον
1179 2229 1467 2287 οἰκετικόν.
1502 2229 1598 2283 Καὶ
1651 2230 1712 2284 τὸ
1745 2227 1919 2284 ἒντεῦυ

271 2317 354 2370 θεν
413 2315 563 2372 αὐτοὶ
631 2319 724 2390 μὲν
783 2318 896 2373 ἀντὶ
965 2319 1056 2392 μὶν
1116 2316 1327 2372 δούλων
1386 2317 1520 2386 ἦσαν
1551 2319 1614 2372 τὸ
1673 2319 1916 2396 φυσικὸν,

266 2404 382 2460 ἀντὶ
414 2401 471 2460 δὲ
503 2405 713 2479 ἀτίμων
747 2411 1092 2480 στρατιῶται,
1131 2409 1190 2461 τὸ
1245 2406 1403 2484 φίλον
1460 2406 1704 2470 ἐκείνοις’
1739 2407 1918 2461 οὐκέτι

265 2489 322 2546 δὲ
373 2497 471 2548 τοῦ
519 2491 742 2566 λοιποῦ,
772 2493 896 2549 ὅσον
934 2499 1182 2550 τοιοῦτον
1230 2493 1428 2570 ἀχθείη
1479 2493 1670 2572 φῦλον,
1703 2495 1765 2549 τὸ
1815 2501 1916 2550 πᾶν

268 2581 372 2636 ὑπὸ
433 2579 718 2646 δεσπόταις
792 2583 881 2653 ἦν.
936 2581 1095 2640 Ἀλλ’
1153 2585 1271 2638 ὅσοι
1352 2584 1444 2657 μὲν
1521 2585 1623 2639 οὐκ
1687 2583 1918 2659 εὐγενῶς

263 2669 547 2747 ἐφρόνουν,
607 2667 846 2748 ἔπασχον
907 2671 1070 2741 οὕτω,
1135 2671 1385 2727 δουλείαν
1451 2673 1717 2747 ἀτίμητον
1775 2672 1916 2750 ἤπερ

270 2764 364 2834 ζῇν
410 2761 547 2836 πρὸς
587 2759 750 2823 κλέος
803 2759 1077 2833 ἑλόμενοι,
1128 2761 1270 2836 τάχα
1333 2761 1426 2834 μὶν
1488 2761 1743 2838 ἀγεννῶς,
1777 2761 1919 2838 τάχα

271 2845 327 2903 δὶ
374 2849 689 2924 προμηθείᾳ
731 2855 827 2905 τοῦ
881 2851 1030 2924 βιοῦν
1083 2849 1360 2928 ἀσφαλῶς.
1392 2852 1486 2912 Οἷς
1535 2849 1590 2905 δὲ
1637 2851 1918 2925 στρατεύε-

271 2939 392 2992 σθαι
421 2938 486 3008 ἧν
516 2937 821 3012 ἐπιθυμεῖν,
847 2939 922 3000 εἷς
952 2940 1142 3012 ὅμοιον
1177 2937 1404 3002 ἐκείνοις
1431 2945 1548 3003 τοῖς
1594 2938 1652 2994 ἐκ
1701 2936 1913 2995 δούλων

269 3027 624 3102 στρατιώταις
667 3025 932 3104 ἤρχοντο,
981 3029 1231 3104 χρήμασι
1304 3025 1585 3102 δημοσίοις
1634 3025 1912 3102 λυόμενοι,

270 3115 360 3170 καὶ
396 3116 539 3190 ζώνῃ
587 3116 865 3193 στρατείας
911 3116 1303 3191 κοσμούμενοι.
1340 3118 1436 3172 Καὶ
1492 3111 1683 3180 πόλεις
1740 3116 1916 3190 ἐπλή-

2033 623 2278 688 tionem,
2315 639 2606 678 memores
2638 623 2771 695 equi
2824 623 3113 679 Homerici
3155 625 3360 691 instar,
3395 624 3594 678 hordei
3627 629 3688 678 et

2035 729 2409 783 pascuorum,
2441 718 2498 768 et
2530 711 2872 768 balneorum
2924 713 3307 778 naturalium,
3341 730 3456 768 non
3498 713 3684 768 artifi-

2034 800 2297 871 cialium,
2330 802 2546 872 quibus
2595 802 2831 858 Barbari
2884 807 2945 856 ut
2985 801 3284 858 laboribus
3325 802 3684 874 perferendis

2035 891 2353 945 assuetian't
2385 893 2794 948 utuntur.Erat
2814 897 3008 947 autem
3028 891 3175 962 ipsis
3206 889 3506 946 oculorum
3531 908 3684 947 unus

2037 981 2217 1048 domi,
2273 979 2414 1036 alter
2460 982 2658 1053 fugam
2718 981 3266 1053 circumspiciebat;
3299 997 3369 1035 ex
3410 980 3686 1036 manibus

2037 1086 2155 1124 una
2183 1068 2414 1125 servilia
2447 1071 2714 1139 faciebat,
2747 1069 2931 1125 altera
2984 1086 3184 1126 ensem
3233 1067 3464 1124 volebat
3503 1068 3684 1124 strin-

2037 1173 2172 1230 gere
2229 1163 2430 1213 contra
2488 1157 2949 1215 recalcitrantem
3003 1163 3062 1214 et
3117 1158 3510 1214 resistentem.
3562 1158 3685 1213 Huc

2036 1247 2185 1303 adde
2215 1248 2369 1317 quod
2403 1247 2648 1313 domini,
2682 1265 2796 1303 non
2827 1247 3217 1319 servi,captivi
3254 1247 3364 1302 huc
3397 1246 3536 1302 illuc
3558 1262 3682 1302 cur-

2037 1343 2230 1392 rentes
2257 1342 2313 1391 et
2352 1337 2494 1391 diris
2528 1338 2766 1394 vocibus
2817 1342 3128 1410 querentes
3175 1337 3328 1409 quod
3374 1340 3460 1392 tot
3510 1334 3684 1391 malis

2035 1431 2406 1489 vexarentur,
2458 1426 2672 1497 quibus
2724 1427 2953 1481 liberari
3015 1427 3466 1494 desiderabant;
3526 1426 3682 1497 quod

2038 1521 2236 1570 votum
2286 1515 2496 1569 deinde
2540 1515 2888 1582 exauditur;
2923 1520 2980 1570 et
3023 1514 3330 1570 confestim
3383 1512 3683 1568 miseratio

2037 1603 2322 1674 utrisque,
2356 1603 2613 1659 dominis
2644 1621 2710 1660 ac
2742 1605 2944 1673 servis,
2979 1603 3270 1676 regiaeque
3299 1601 3684 1659 liberalitates

2035 1693 2373 1759 afﬂuebant,
2409 1697 2465 1748 et
2495 1693 2718 1748 domini
2746 1693 3080 1766 gaudebant
3111 1693 3263 1764 quod
3297 1691 3480 1748 servis
3511 1690 3684 1746 malis

2037 1781 2267 1838 liberati
2296 1788 2511 1838 essent.
2557 1784 2761 1854 Itaque
2817 1783 3116 1839 servitutis
3171 1781 3296 1837 loco
3353 1781 3682 1836 secundum

2037 1875 2306 1926 naturam
2338 1875 2504 1926 erant
2533 1887 2601 1926 ex
2651 1871 2993 1926 hominibus
3023 1869 3237 1926 vilibus
3268 1869 3402 1924 facti
3443 1867 3683 1936 milites,

2039 1962 2193 2031 quod
2226 1959 2369 2032 ipsis
2399 1964 2632 2033 gratum
2667 1964 2810 2027 erat,
2835 1977 2949 2014 non
2983 1959 3238 2032 amplius
3268 1973 3473 2014 omnes
3506 1958 3564 2012 in
3588 1957 3685 2012 do-

2037 2049 2332 2104 minorum
2365 2055 2652 2122 potestate
2682 2049 3057 2122 languebant.
3092 2048 3308 2104 Omnes
3355 2052 3549 2103 autem
3581 2047 3682 2118 qui

2030 2154 2142 2192 non
2178 2137 2447 2193 liberales
2478 2156 2539 2194 se
2570 2140 2866 2211 gerebant,
2895 2138 3009 2193 ista
3030 2137 3403 2209 patiebantur
3432 2136 3678 2192 servitu-

2028 2232 2144 2282 tem
2181 2228 2305 2283 sine
2336 2228 2555 2284 honore
2572 2228 2704 2283 vitae
2733 2244 2865 2284 cum
2899 2226 3086 2298 gloria
3107 2229 3510 2298 praeponentes
3534 2226 3679 2281 forte

2027 2316 2224 2372 indole
2254 2335 2427 2388 prava
2457 2318 2793 2384 ducti,forte
2823 2318 2961 2390 quia
2987 2316 3152 2372 aliter
3171 2318 3358 2372 vivere
3389 2333 3558 2388 posse
3581 2317 3680 2371 de-

2028 2407 2360 2477 sperabant.
2418 2407 2524 2472 Qui
2572 2413 2765 2463 autem
2821 2412 3011 2462 castra
3068 2406 3235 2479 sequi
3294 2405 3582 2472 volebant,
3616 2409 3682 2460 ut

2031 2495 2250 2550 milites
2283 2495 2383 2568 qui
2417 2502 2586 2552 antea
2614 2497 2766 2552 servi
2810 2497 3062 2563 fuerant,
3095 2495 3468 2562 obediebant,
3501 2510 3680 2566 pecu-

2031 2584 2130 2639 nia
2161 2584 2394 2656 publica
2453 2587 2737 2658 redempti
2793 2591 2850 2641 et
2899 2585 3093 2641 balteo
3127 2584 3368 2640 militari
3398 2583 3672 2641 accincti.

2030 2673 2273 2728 Urbium
2309 2674 2488 2746 igitur
2517 2673 2718 2729 incolae
2751 2675 2877 2729 vitae
2905 2675 3271 2729 conditiones
3303 2671 3530 2728 oblatas
3562 2688 3682 2728 am-

2031 2764 2180 2836 plexi
2239 2781 2608 2820 successores
2660 2764 2955 2819 habebant
3011 2762 3351 2819 auctoritati
3408 2761 3579 2833 regiae
3617 2777 3680 2816 se

2029 2853 2476 2920 submittebant,
2514 2870 2624 2908 non
2662 2854 2812 2908 sicut
2861 2853 3053 2925 Sparti
3088 2853 3236 2907 inter
3268 2851 3496 2907 Graecos
3527 2850 3679 2906 cele-

2029 2941 2288 3009 berrimi,
2325 2960 2468 3014 quos
2500 2942 2698 2998 fabula
2745 2959 2774 2997 e
2822 2947 2977 2997 terra
3021 2946 3334 3014 prognatos
3363 2941 3536 3007 dicit;
3574 2941 3673 2995 sed

2031 3031 2214 3086 avulsi
2246 3049 2275 3086 a
2310 3032 2496 3102 patria
2525 3032 2580 3085 in
2618 3036 2879 3086 nostram
2913 3032 3204 3104 regionem
3240 3028 3678 3101 transplantati,

2030 3121 2256 3175 fructus
2288 3119 2549 3176 tulerunt
2576 3120 2882 3176 salutares.

259 3224 462 3280 ρωσαν,
518 3206 608 3260 καὶ
685 3207 906 3283 εἱρμῷο
968 3206 1375 3277 συνεπλάκησαν
1463 3208 1607 3283 βίου,
1663 3207 1750 3261 καὶ
1827 3204 2068 3283 δαδοχᾶς
2126 3206 2447 3277 ἰπλήθυναν,
2503 3207 2590 3262 καὶ
2647 3208 2744 3276 τὴν
2806 3203 3095 3282 βασιλικὴν
3155 3207 3468 3282 προσθήκην
3530 3203 3682 3259 ἐθαυ-

262 3292 569 3367 μάστωσαν,
630 3293 691 3349 οὐ
747 3294 884 3350 κατᾶ
945 3293 1075 3357 τοὺς
1135 3293 1416 3371 Σπαρτοὺς
1476 3295 1763 3373 ἀναφύντες
1823 3295 2144 3370 αὐτόματοι,
2207 3296 2296 3374 ἀφ’
2349 3298 2414 3365 ἧς
2469 3293 2526 3352 δὲ
2584 3296 2998 3370 ἐξεσπάσθησαν,
3058 3295 3537 3374 μεταφυτευθὲντες
3601 3293 3678 3355 εἰς

254 3380 352 3450 τήν
379 3382 498 3437 καθ’
523 3383 673 3457 ἡμᾶς
701 3389 823 3460 γῆν,
854 3381 944 3438 καὶ
974 3382 1180 3458 καρπὸν
1213 3379 1572 3447 ἑκδεδωκότες
1602 3383 1892 3462 τρόφιμον.

333 3688 416 3744 ιθ’.
467 3688 546 3745 Τὸ
621 3685 681 3742 δὲ
736 3688 1068 3764 καινότερον,
1129 3687 1220 3743 καὶ
1288 3684 1486 3764 ἄνδρας
1547 3687 1755 3744 τούτων
1833 3686 1910 3744 ἔτι
1943 3693 1986 3762 C

255 3773 481 3836 πλείους
541 3774 600 3829 ἐκ
682 3774 809 3848 πρὶν
887 3774 1208 3851 ἀρχεκάκων
1302 3775 1613 3850 μεταγαγὼν
1701 3774 1914 3848 ἀμύνης

261 3861 413 3939 λόγῳ
471 3863 558 3919 ἰπὶ
599 3863 668 3918 τὰ
709 3865 1010 3937 Ῥωμαϊκὰ,
1054 3869 1136 3937 τῷ
1183 3861 1401 3919 ἐκείνων
1451 3862 1629 3938 ἀγρίῳ
1679 3864 1742 3917 τὸ
1797 3866 1918 3928 καθ’

256 3955 406 4026 ἡμᾶς
446 3951 653 4029 ἥμερον
703 3951 1080 4028 ἐνεκεντρισεν,
1112 3952 1203 4007 καὶ
1249 3951 1326 4015 είς
1373 3953 1730 4028 χρηστότητα
1788 3971 1915 4025 μετ-

260 4041 532 4113 εποίησεν,
580 4042 647 4110 ἣν
699 4042 841 4103 θεῖος
889 4038 950 4094 ἃν
1014 4037 1340 4116 παράδεισος
1393 4039 1765 4110 οἴκειώσηται.
1813 4041 1912 4096 Καὶ

258 4129 320 4186 οὐ
343 4129 486 4204 λέγω
523 4125 722 4202 μόνους
750 4129 877 4193 τοὺς
906 4129 965 4184 ὲκ
1007 4136 1107 4200 τῆς
1136 4129 1360 4204 χὲρσου,
1391 4127 1520 4191 τοὺς
1571 4134 1672 4198 τῆς
1715 4129 1914 4204 Ἀγαρ,

251 4219 316 4274 τὸ
374 4219 661 4289 Σκυθικὸν,
691 4220 755 4274 τὸ
817 4219 1130 4286 ἰΙαιονικὸν,
1176 4217 1304 4282 τοὺς
1355 4218 1486 4291 ὑπὲρ
1537 4218 1768 4294 Ἴστρον,
1823 4218 1914 4272 καὶ

253 4309 403 4373 ὅσοις
467 4310 768 4390 ἀκραιφνὴς
830 4309 1032 4387 βορῥᾶς
1084 4308 1336 4364 ἐπιπνεῖ·
1387 4307 1533 4365 ἀλλά
1596 4307 1684 4364 καὶ
1753 4307 1914 4370 ὅσους

253 4399 316 4454 ἐκ
365 4400 642 4470 θαλάσσης
700 4395 1071 4475 πολυτρόπως
1129 4398 1502 4475 ἠγκίστρευσε.
1561 4399 1660 4452 Καὶ
1732 4419 1917 4453 συντε-

253 4486 416 4543 λοῦσι
457 4487 546 4543 καὶ
591 4487 744 4543 αὐτοὶ
789 4493 908 4550 ταῖς
953 4489 1248 4565 ἡμετέραις
1295 4486 1517 4545 πόλεσιν
1577 4485 1653 4552 εἲς
1701 4486 1920 4559 οἰκήτο-

258 4598 374 4654 ρας.
409 4577 510 4632 Καὶ
567 4575 709 4633 ἔστιν
761 4576 990 4633 ἐνταῦθα
1032 4575 1393 4633 πολλαπλοῦν
1442 4578 1505 4632 τὸ
1545 4577 1738 4650 σεμνὸν
1771 4574 1914 4654 ἤπερ

253 4667 322 4722 τὸ
373 4666 462 4722 ἐπὶ
511 4666 728 4743 Μάγνου
784 4665 1082 4740 Πομπηΐου
1127 4665 1642 4742 καθιστορούμενον,
1692 4667 1750 4728 ὃς
1799 4665 1916 4721 ἐπι-

258 4754 555 4829 λεξάμενος
614 4754 778 4811 πόλιν
840 4756 1002 4828 ἑῴαν,
1055 4755 1226 4811 ἐκεῖσε
1282 4756 1409 4818 τοὺς
1462 4754 1751 4832 περισσοὺς
1807 4759 1914 4810 τῶν

257 4849 533 4920 πειρατῶν
579 4845 893 4917 συνῴκισεν,
920 4844 1079 4907 ὅσους
1139 4842 1271 4914 δεῖν,
1321 4843 1504 4923 φασὶν,
1562 4839 1698 4918 ἔγνω
1745 4864 1920 4914 σωτη-

259 4932 378 5010 ρίας
410 4935 677 5008 ἠξιῶσθαι
734 4933 827 4989 καὶ
879 4932 1140 5009 προνοίας
1183 4933 1354 4996 τινός.
1388 4932 1452 4988 Εἰ
1502 4936 1630 5008 γοῦν
1671 4932 1916 5008 ἱστορίας

254 5023 405 5094 ἄξιον
453 5025 519 5078 τὸ
584 5028 711 5096 μιᾶς
767 5021 985 5086 πόλεως
1041 5022 1379 5098 ἀγαθὸν,τίς
1413 5021 1512 5076 οὐκ
1559 5020 1618 5075 ἂν
1678 5023 1916 5098 συγγρά-

253 5115 418 5187 ψαιτο
449 5113 511 5167 τὸ
541 5110 834 5187 πολύχουν
863 5113 952 5167 καὶ
999 5109 1240 5174 πολλαῖς
1289 5110 1634 5188 ἰπιμερισθὲν
1686 5108 1909 5180 πόλεως

254 5200 326 5259 Τί
363 5201 440 5274 μὴ
473 5199 623 5277 λέγω
665 5200 728 5255 τὸ
782 5204 992 5273 μεῖζον,
1023 5201 1098 5262 ὡς
1149 5197 1377 5274 οὐδεμία
1421 5203 1530 5256 τῶν
1584 5202 1685 5264 τῆς
1733 5198 1914 5254 οἴκου-

260 5291 430 5363 μένης
491 5289 708 5345 πόλεων
763 5287 1113 5364 ἀνοργίαστος
1159 5294 1258 5344 τοῦ
1312 5295 1412 5359 τῆς
1470 5286 1914 5363 Μεγαλοπόλεως

253 5379 529 5451 ἐξέπιπτεν
581 5376 804 5454 ἔρωτος,
853 5381 949 5432 τοῦ
1009 5375 1184 5433 καλοῦ
1239 5377 1510 5453 βασιλέως
1551 5375 1760 5432 ἐκείνου
1816 5378 1910 5439 τὰς

256 5467 550 5548 φιλητικάς
599 5467 917 5546 ἐπαφιέντος
975 5467 1205 5530 ἀπάσαις
1258 5465 1495 5544 τίυγγαςς
1527 5466 1629 5523 Καὶ
1684 5466 1752 5535 ἦν
1799 5465 1915 5537 ὲκᾴ-

257 5579 359 5633 στῃ
392 5555 618 5632 φίλτρον
669 5555 1042 5632 ἔγκαθήμενον
1095 5551 1462 5632 ὑπερϐάλλον,
1497 5553 1655 5610 ποίαν
1694 5555 1722 5608 ὁ
1754 5553 1912 5610 αὐτο-

257 5648 478 5724 κράτωρ
534 5649 643 5701 τῶν
702 5643 920 5702 πόλεων
977 5644 1192 5720 στέρξας
1242 5644 1319 5709 εἷς
1348 5644 1686 5723 φιλουμὲνην
1720 5642 1912 5720 ἐγγρά-

1944 5072 1993 5137 D

2097 3691 2182 3748 19.
2218 3693 2526 3764 Interjecto
2557 3693 2769 3748 deinde
2798 3696 3061 3764 tempore
3092 3692 3250 3748 vivos
3282 3691 3481 3764 plures
3511 3709 3581 3747 ex
3601 3691 3677 3749 iis

2027 3781 2125 3851 qui
2157 3781 2320 3853 prius
2348 3781 2551 3837 hostes
2581 3783 2810 3837 fuerant
2839 3782 3109 3837 vindictae
3131 3798 3309 3837 causa
3337 3785 3538 3836 contra
3567 3782 3676 3837 Ro-

2025 3885 2205 3925 maeos
2235 3870 2403 3925 duxit
2432 3875 2491 3926 et
2519 3886 2720 3926 eorum
2747 3870 3103 3927 ferocitatem
3128 3871 3187 3926 iu
3209 3887 3335 3926 eam
3363 3887 3540 3942 quam
3570 3887 3678 3926 nos

2024 3974 2384 4028 exercemus,
2443 3959 2957 4014 mansuetudinem
3025 3960 3431 4029 commutavit,
3486 3964 3542 4015 et
3593 3958 3678 4014 sic

2024 4051 2242 4102 terram
2277 4051 2538 4102 nostram
2599 4048 2658 4102 in
2720 4048 3062 4119 paradisum
3112 4048 3574 4103 transformavit.
3609 4048 3679 4102 Et

2023 4150 2139 4190 non
2173 4135 2330 4190 solos
2381 4135 2740 4191 continentis
2799 4135 3071 4192 homines
3101 4137 3362 4202 nomino,
3409 4140 3679 4208 posteros

2022 4226 2196 4295 Agar,
2229 4223 2497 4295 Scythas,
2526 4225 2689 4279 Ponti
2723 4224 2964 4291 incolas,
2997 4224 3126 4280 Istri
3161 4225 3412 4294 accolas,
3445 4229 3504 4279 et
3542 4225 3677 4296 qui-

2022 4311 2136 4367 bus
2160 4313 2370 4368 Boreas
2402 4312 2652 4385 frigidus
2703 4313 2908 4384 spirat,
2959 4315 3061 4368 sed
3118 4328 3323 4368 omnes
3354 4311 3566 4368 Oceani
3594 4312 3676 4383 pi-

2023 4406 2301 4466 scatores,
2333 4401 2433 4472 qui
2467 4400 2747 4473 paulatim
2775 4402 2948 4457 urbes
2979 4418 3212 4474 quoque
3245 4406 3479 4457 nostras
3513 4400 3676 4456 inco-

2023 4488 2143 4546 lere
2165 4495 2486 4562 cceperunt.
2547 4491 2800 4546 Historia
2849 4490 3039 4546 multa
3094 4490 3356 4562 quidem,
3389 4490 3492 4547 sed
3525 4489 3679 4545 inter

2025 4579 2140 4634 alia
2169 4579 2227 4634 id
2259 4595 2493 4651 quoque
2543 4579 2739 4643 refert,
2773 4579 3114 4650 Pompeium
3162 4582 3436 4653 Magnum
3472 4579 3676 4636 urbem

2024 4667 2377 4724 Orientalem
2411 4669 2619 4740 piratis
2643 4684 2790 4740 quos
2821 4685 2886 4723 eo
2915 4669 3194 4724 beneficio
3216 4670 3424 4740 dignos
3448 4667 3676 4738 habuit,

2023 4755 2394 4812 incolendam
2454 4757 2791 4813 tradidisse.
2851 4758 3015 4820 Quod
3076 4757 3125 4813 si
3194 4757 3440 4813 historia
3498 4757 3676 4812 unius

2027 4845 2190 4901 urbis
2220 4845 2438 4901 bonam
2483 4846 2635 4900 hanc
2683 4847 2976 4901 fortunam
3024 4862 3347 4902 memorare
3377 4847 3674 4917 dignatur,

2025 4935 2158 5006 quis
2196 4951 2310 4990 non
2366 4950 2511 5002 rem,
2570 4950 2745 5005 quam
2805 4935 3008 4990 multa:
3065 4935 3240 4991 urbes
3299 4934 3674 5006 participant,

2025 5023 2213 5080 relatu
2262 5023 2504 5095 dignam
2545 5023 2884 5095 putaverit?
2930 5023 3268 5080 Addiderim
3301 5025 3476 5080 etiam
3519 5023 3676 5096 quod

2023 5111 2190 5168 nulla
2243 5115 2410 5168 terrea
2485 5112 2692 5168 civitas
2751 5129 2867 5168 non
2935 5113 3167 5169 initiata
3225 5129 3454 5185 magna)
3512 5113 3678 5167 urbis

2024 5217 2285 5258 amorem
2301 5201 2555 5272 perdidit
2575 5202 2686 5256 sub
2708 5217 2886 5273 regno
2902 5201 2982 5256 im
2990 5200 3678 5271 peratoris,blandissimi

2023 5288 2838 5363 gubernatoris.Unaquteque
2871 5290 3088 5346 amoris
3111 5291 3466 5346 incentivam
3503 5289 3677 5344 habe-

2022 5380 2142 5450 bat,
2173 5395 2351 5450 quam
2384 5379 2705 5449 imperator
2734 5395 2804 5432 ex
2833 5381 3058 5435 caeteris
3107 5381 3356 5436 urbibus
3386 5378 3499 5434 sibi
3531 5377 3675 5432 dile-

2023 5473 2178 5524 ctam
2211 5468 2512 5539 professus
2542 5471 2631 5522 est
2658 5483 2671 5534 ;
2705 5483 2910 5524 omnes
2939 5473 3232 5535 autem,ut
3259 5467 3610 5524 suburbium
3643 5484 3678 5523 a

2024 5573 2238 5630 magna
2264 5556 2519 5627 civitate,
2553 5560 2771 5611 caeteras
2802 5574 2836 5612 a
2865 5562 3068 5614 nostra
3097 5557 3454 5630 pendebant,
3485 5557 3568 5612 ita
3587 5561 3674 5612 ta-

2024 5662 2160 5702 men
2194 5649 2254 5700 ut
2284 5645 2636 5712 subsistant,
2667 5649 2868 5700 nostra
2914 5654 3110 5702 autem
3167 5647 3340 5703 hodie
3379 5647 3678 5703 destructa

260 5738 438 5812 ψεται.
498 5735 596 5790 Καὶ
650 5736 749 5790 ὅσα
794 5733 883 5791 καὶ
966 5733 1362 5812 μητροπόλεως
1430 5730 1757 5810 περιοικίδες
1811 5739 1913 5804 τῆς

2030 5736 2229 5807 iaceat,
2263 5738 2320 5791 et
2340 5750 2592 5807 quorum
2623 5733 2787 5791 nulla
2816 5750 2971 5792 nunc
3001 5735 3248 5811 vstigia
3277 5739 3601 5794 remanent.
