4066 6410
283 437 401 500 987

287 661 415 734 γῆς.

1061 441 1481 502 EUSTATHll
1523 441 2293 504 THESSALONIGENSIS
2338 438 2920 501 METROPOLITE

283 570 402 624 καθ’
457 571 604 643 ἡμᾶς
655 570 947 646 ἐξήρτηντο
1007 573 1226 628 ἅπασαι.
1281 570 1379 626 Καὶ
1451 579 1779 649 στερχθῆναι
1860 570 1918 628 δὲ
2003 571 2148 630 ἀλλὰ
2229 577 2395 629 τοῦτο
2480 570 2938 642 ἀνασκευασθῆναι

3592 436 3736 498 988

3656 564 3732 620 ἐκ

3022 569 3109 625 καὶ
3190 569 3573 647 ἀφαντωθῆναι

357 861 447 915 20.
485 862 546 915 In
577 860 892 932 permultis
921 877 1048 932 quae
1078 861 1395 933 imperator
1424 862 1764 918 convocavit
1803 879 1943 918 con-

2127 863 2192 918 κ’.
2228 863 2325 918 Ἥν
2388 857 2476 916 οὖν
2537 860 2590 915 ἐν
2644 858 2864 934 μυρίαις
2885 879 2994 914 των
3025 854 3288 927 συνόδων,
3322 857 3451 920 ὅσας
3507 857 3728 934 ἀγείρει

290 949 463 1016 ciliis,
495 948 720 1022 legatos
744 949 942 1004 videre
965 955 1196 1022 poteras
1230 968 1342 1005 non
1377 951 1579 1018 denos,
1609 953 1710 1008 sed
1740 951 1944 1007 multi-

287 1038 557 1094 tudinem
581 1039 973 1110 undequaque
995 1039 1109 1094 huc
1128 1039 1559 1094 accurrentium
1579 1045 1862 1113 tanquam
1887 1041 1946 1095 in

294 1128 594 1200 regionem
626 1133 1094 1198 communem,ut
1126 1133 1385 1202 systema
1414 1130 1691 1186 doctrinm
1724 1130 1948 1186 caeteris

292 1217 881 1290 proponerent.Vidit
911 1218 1094 1290 igitur
1125 1235 1339 1290 magna
1372 1219 1492 1274 haec
1523 1221 1664 1275 urbs
1686 1220 1950 1292 hospites

291 1309 803 1378 exteros,quorum
837 1322 1010 1362 nemo
1032 1323 1062 1362 e
1094 1306 1314 1362 nostris
1347 1311 1418 1362 n'e
1442 1309 1681 1364 nomina
1711 1309 1949 1380 quidem

292 1398 533 1451 noverat
557 1412 570 1464 ;
603 1393 845 1450 difﬁcile
877 1412 1129 1465 namque
1155 1400 1280 1451 erat
1305 1395 1496 1451 virum
1525 1397 1846 1469 bilinguem
1870 1398 1955 1452 in-

292 1483 512 1552 venire,
546 1483 646 1555 qui
679 1500 747 1539 ex
776 1483 1040 1555 ipsorum
1072 1485 1276 1557 lingua
1301 1486 1359 1540 in
1394 1490 1654 1542 nostram
1686 1487 1951 1543 traduce-

293 1579 401 1629 ret.
439 1573 672 1629 llineris
703 1577 759 1628 et
788 1572 1101 1645 legationis
1133 1590 1337 1629 eorum
1369 1575 1504 1630 finis
1526 1579 1651 1630 erat
1675 1579 1739 1632 ut
1770 1577 1953 1648 impe-

293 1661 510 1719 ratoris
538 1661 767 1718 vultum
798 1662 1088 1733 viderent,
1136 1679 1331 1726 vocem
1382 1663 1674 1733 audirent,
1708 1665 1768 1720 in
1799 1664 1958 1720 ludis

295 1750 586 1824 gymnicis
611 1766 740 1806 sese
759 1755 1126 1807 exercentem
1149 1753 1218 1808 ad
1229 1753 1676 1820 mirarentur,ut
1691 1755 1956 1826 quedam

300 1841 372 1898 de
394 1839 495 1896 illo
547 1839 706 1896 diota
752 1839 1116 1914 colligerent.
1149 1841 1244 1897 Sic
1277 1846 1336 1897 et
1362 1841 1693 1900 Salomonis
1724 1843 1958 1916 sapien-

300 1930 386 1986 tia
415 1928 704 2001 plurimos
733 1930 993 2000 attraxit,
1026 1930 1136 1986 etsi
1195 1947 1310 1986 non
1359 1948 1564 1988 omnes
1618 1932 1677 1987 in
1726 1949 1792 1989 eo
1833 1932 1958 1990 lau-

2055 951 2117 1006 τὸ
2153 951 2452 1026 βασίλειον,
2482 945 2735 1026 πρέσϐεις
2764 951 2891 1022 ὁρᾷν
2927 947 2988 1003 οὐ
3018 949 3156 1002 κατά
3199 944 3426 1009 δεκάδας
3489 945 3730 1020 μετρίας

2056 1039 2202 1101 τινάς
2262 1038 2322 1094 έκ
2368 1043 2477 1094 τῶν
2525 1039 2828 1112 ἑκασταχοῦ
2859 1042 3061 1113 χωρῶν
3107 1035 3427 1113 συρῥέοντας
3483 1033 3730 1090 ἐνταῦθα

2059 1129 2134 1190 ὡς
2191 1127 2265 1190 εἷς
2320 1125 2524 1204 δεχάδα
2575 1128 2786 1196 κοινὴν,
2818 1126 2906 1181 καὶ
2967 1125 3216 1198 σύστημα
3260 1129 3550 1185 ποιοῦντας
3584 1123 3726 1177 ὲαυ-

2059 1217 2184 1280 τοὺς
2217 1214 2519 1272 ἀλλόκοτον
2551 1221 2671 1278 τοῖς
2698 1237 2759 1292 γε
2787 1213 3024 1272 πλείοσι.
3063 1215 3162 1269 Καὶ
3207 1215 3351 1289 ὲώρα
3388 1216 3424 1282 ἡ
3480 1212 3727 1286 μεγίστη

2061 1305 2224 1369 πόλις
2266 1306 2400 1377 αὕτη
2451 1304 2645 1382 ἄνδρας
2705 1304 3094 1380 ἀλλογνώτους
3134 1302 3376 1374 ἀληθῶς,
3406 1300 3479 1356 ὧν
3538 1299 3736 1364 οὐδεὶς

2059 1401 2167 1451 τῶν
2226 1397 2343 1450 καθ’
2374 1398 2521 1468 ἡμᾶς
2581 1391 2694 1449 οὐδ’
2745 1393 2820 1456 είς
2881 1389 3053 1466 ὄνομα
3097 1392 3439 1467 πεπείραται,
3498 1391 3572 1452 ὡς
3631 1389 3735 1444 καὶ

2064 1485 2278 1541 πίπτειν
2329 1485 2382 1539 ἐν
2437 1481 2693 1560 δυσχερεῖ
2737 1480 2900 1556 ἄνδρα
2950 1483 3197 1558 εὑρέσθαι
3256 1479 3584 1556 δίγλωττον,
3621 1480 3732 1548 τὴν

2068 1575 2120 1630 έν
2145 1573 2330 1636 αὐτοῖς
2362 1571 2646 1630 διάλεκτον
2681 1571 2756 1635 εἷς
2811 1571 2874 1626 τὸ
2933 1568 3217 1643 ἡμεδαπὸν
3283 1563 3735 1643 μεταϐάλλοντα.

2068 1667 2166 1720 Ἢν
2201 1661 2258 1718 δὶ
2289 1662 2518 1726 ἐκείνοις
2539 1667 2640 1730 τῆς
2683 1658 2813 1715 ὁδοῦ
2870 1659 3071 1722 σκοπὸς
3129 1659 3219 1714 καὶ
3274 1661 3372 1728 τῆς
3432 1652 3740 1733 πρεσϐείας

2065 1753 2129 1808 τὸ
2159 1752 2547 1820 τελικώτατον,
2579 1749 2866 1826 ἱστορῆσαί
2890 1771 2948 1804 τε
2995 1750 3112 1804 κατ’
3144 1745 3268 1823 ὄψιν
3322 1748 3412 1802 τὸν
3473 1745 3738 1824 βασιλέα,

2067 1843 2158 1899 καὶ
2212 1843 2619 1923 ἀκουτισθῆναι,
2663 1843 2752 1895 οἷα
2811 1837 2992 1906 λαλεῖ,
3045 1838 3134 1893 καί
3191 1859 3303 1894 τισι
3354 1841 3461 1893 τῶν
3517 1857 3741 1911 γυμνα-

2071 1936 2270 1988 στικῶν
2348 1925 2521 2005 ἔργων
2600 1927 2735 1985 ἰδεῖν
2811 1927 3196 2005 ἐπιπρέποντα,
3255 1926 3596 2004 ἐρανίσασθαι
3675 1927 3746 1980 δὲ

307 2019 502 2075 dando
533 2019 928 2075 convenerint.
983 2020 1092 2075 Sed
1141 2019 1202 2074 in
1242 2019 1353 2077 hoc
1407 2026 1606 2078 nostro
1657 2021 1783 2078 loco
1813 2023 1961 2078 mira

2090 2021 2161 2077 ιαί
2208 2042 2327 2078 τινα
2370 2024 2477 2075 τῶν
2523 2019 2648 2095 περὶ
2697 2019 2866 2074 αὐτοῦ
2913 2017 3295 2090 ἀκουσμάτων,
3326 2017 3414 2071 καὶ
3449 2015 3524 2078 ὠς
3552 2013 3610 2070 ἓν
3667 2015 3747 2069 τὰ

305 2107 498 2166 multa
525 2123 585 2164 se
609 2108 882 2164 offerunt.
917 2109 997 2164 Ex
1048 2109 1260 2182 legatis
1317 2111 1537 2167 nostris
1587 2110 1686 2166 alii
1718 2111 1964 2184 profecti

2090 2112 2246 2165 πάντα
2325 2109 2491 2164 εἰπεῖν
2588 2112 2769 2181 θαῦμα
2871 2104 3326 2179 συλλεξαμένους,
3398 2103 3743 2179 κομίσασθαι

305 2202 450 2256 sunt
477 2198 550 2254 ob
580 2201 801 2254 metum
825 2214 898 2254 ne
918 2199 1060 2270 quid
1088 2204 1558 2271 paterentur,aut
1587 2205 1825 2274 propter
1844 2201 1960 2257 sol-

2090 2204 2188 2262 τοῖς
2246 2199 2324 2260 εἰς
2381 2193 2669 2274 πρεσϐείαν
2720 2195 3221 2271 διαπεμψαμένοις.
3271 2193 3432 2252 Οὕτω
3487 2193 3577 2249 καὶ
3625 2200 3743 2248 Σο-

306 2249 446 2256 ___-
484 2249 545 2254 ,η
580 2249 801 2254 _--_-_
827 2249 893 2254 η-
923 2249 1060 2270 ,ν-
1088 2249 1557 2271 ,_-------_-,__-
1588 2249 1814 2274 την---
1845 2249 1933 2257 _--

306 2286 673 2346 licitudinem
705 2287 988 2343 auxilium
1021 2289 1350 2360 reperiendi
1383 2289 1479 2345 ubi
1505 2305 1743 2346 necesse
1769 2291 1964 2360 fuerit,

2090 2249 2366 2362 mam.
2389 2249 2669 2365 "agni.
2728 2249 3341 2362 ῶλὶέςιὲρέιλᾶιτᾉ,
3369 2249 3475 2338 καὶ
3542 2282 3589 2338 ει
3657 2285 3740 2356 μὴ

309 2380 414 2435 aut
469 2380 726 2448 egestate
784 2377 992 2448 coacti,
1051 2378 1223 2448 cujus
1275 2395 1384 2450 Ope
1438 2379 1738 2451 pr0posita
1768 2379 1967 2452 perfici

2090 2377 2398 2445 τοσούτους,
2426 2375 2553 2432 ἀλλ’
2594 2373 2684 2430 οὖν
2717 2373 2796 2452 ἐφ’
2832 2376 3150 2429 ὁποσονοῦν.
3187 2372 3284 2427 Καὶ
3333 2369 3473 2427 ἔστιν
3506 2370 3747 2427 ἐνταῦθα

309 2469 578 2539 possunt,
617 2469 719 2522 aut
746 2466 819 2522 ob
852 2465 1164 2522 sollicitam
1193 2467 1375 2524 futuri
1405 2469 1692 2540 temporis
1724 2486 1925 2525 curam
1953 2487 1967 2537 ;

318 2572 447 2628 quae
479 2555 680 2610 omnia
709 2555 973 2611 indicant
1001 2571 1095 2612 res
1145 2571 1391 2628 magnas
1423 2573 1488 2612 ac
1529 2558 1871 2630 splendidas
1902 2559 1973 2614 ab

320 2646 671 2717 imperatore
691 2646 847 2717 apud
872 2663 978 2702 nos
999 2650 1196 2719 gestas
1216 2649 1583 2704 exstare.Sed
1609 2649 1725 2705 haec
1737 2654 1977 2706 externa

319 2740 480 2806 sunt,
513 2751 619 2790 nec
651 2733 827 2791 unius
857 2735 1224 2792 substantiae.
1255 2737 1503 2794 Venisse
1551 2743 1746 2795 autem
1778 2757 1806 2795 e
1845 2738 1972 2796 lon-

319 2825 537 2898 ginquo
563 2825 720 2880 viros
768 2825 976 2880 duram
1027 2832 1244 2882 sortem
1309 2827 1611 2884 subituros
1661 2829 1721 2883 in
1768 2829 1976 2886 itinere

323 2913 630 2987 spectandi
663 2930 842 2969 causa
897 2919 954 2969 et
1000 2914 1296 2971 fortunam
1348 2917 1615 2972 mutandi
1675 2935 1833 2990 ergo,
1865 2918 1976 2974 hoc

325 3019 440 3058 non
473 3007 563 3058 est
593 3002 944 3075 simpliciter
966 3021 1274 3076 magnum,
1307 3006 1409 3061 sed
1441 3013 1680 3078 stupore
1711 3006 1972 3079 plenum.

322 3095 492 3148 Patet
520 3091 674 3148 enim
708 3109 986 3164 magnum
1020 3093 1238 3150 tonitru
1268 3109 1446 3167 super
1476 3095 1748 3167 praeclare
1768 3096 1840 3151 ab
1863 3101 1978 3151 lm-

322 3185 590 3252 peratore
641 3181 812 3238 factis
868 3197 1177 3253 resonans,
1235 3182 1483 3240 aliorum
1541 3184 1976 3243 aemulationem

323 3270 684 3327 excitavisse.

2081 2468 2144 2524 τὸ
2182 2471 2278 2522 τοῦ
2309 2465 2611 2539 θαυμασίου
2642 2463 2808 2520 πολύ.
2844 2465 2957 2519 Δέει
2994 2464 3088 2537 μὶν
3120 2464 3224 2538 γὰρ
3254 2466 3353 2516 τοῦ
3387 2464 3462 2534 μή
3520 2483 3572 2515 τι
3631 2482 3745 2516 πα-

2085 2562 2194 2621 θεῖν
2254 2551 2641 2633 πρεσϐεύεσθαί
2688 2575 2860 2622 τινας,
2903 2552 2939 2622 ἢ
2989 2551 3190 2627 μελέτῃ
3238 2557 3336 2606 τοῦ
3384 2550 3582 2627 φθάσαι
3637 2553 3748 2620 ζήο

2083 2668 2239 2717 τησιν
2295 2644 2625 2720 ἐπικουρίας,
2661 2642 2713 2698 εἷ’
2760 2665 2864 2699 που
2923 2643 3011 2698 καὶ
3054 2641 3357 2716 παραπέσοι
3387 2663 3470 2703 τις
3503 2639 3746 2715 ἀνάγκη,

2084 2734 2119 2804 ἢ
2152 2734 2242 2789 καὶ
2301 2735 2605 2809 χρημάτων
2665 2730 2857 2804 ἐνδείᾳ,
2887 2734 2972 2810 ὑφ’
3006 2730 3079 2786 ὧν
3143 2726 3288 2786 ἔσται
3341 2735 3748 2804 καταπραχθῆ-

2082 2845 2167 2879 ναι
2217 2824 2282 2879 τὸ
2340 2822 2429 2878 διὰ
2499 2820 2758 2892 σπουδῆς,
2818 2822 2853 2890 ἢ
2914 2820 3058 2882 ὅλως
3113 2818 3426 2895 προμηθείᾳ
3480 2817 3588 2873 τινὶ
3647 2821 3753 2872 τοῦ

2088 2913 2417 2990 μέλλοντος,
2479 2912 2732 2987 λαμπρὸν
2793 2912 2889 2984 μὶν
2947 2910 3022 2972 εἰς
3071 2909 3361 2978 ίκανότητα
3413 2912 3512 2963 τοῦ
3572 2904 3755 2979 δεῖξαι

2091 3002 2304 3080 μεγάλα
2360 3004 2450 3058 καὶ
2507 2998 2724 3066 ἀνενδεῆ
2775 2999 2867 3056 καὶ
2924 2998 3292 3073 πολύχρηστα
3329 2996 3396 3052 τὰ
3449 2997 3566 3050 καθ’
3596 2998 3756 3068 ἡμᾶς

2088 3091 2178 3150 διὰ
2232 3095 2325 3150 τὸν
2407 3092 2801 3168 αὐτοκράτορα.
2857 3088 3182 3162 Ἐξωτερικὰ
3240 3084 3287 3141 δ’
3337 3087 3491 3158 ὅμως
3553 3089 3746 3153 ταῦτα,

2085 3184 2177 3239 καὶ
2211 3183 2273 3238 οὗ
2303 3186 2412 3237 τῶν
2445 3181 2560 3236 κατ’
2599 3178 2785 3248 αὐτὸν,
2811 3178 2885 3242 ὡς
2914 3177 3005 3232 καὶ
3054 3175 3209 3246 ἥκειν
3262 3173 3400 3251 πρός
3449 3194 3578 3228 τινα
3631 3195 3742 3226 συν-

2088 3272 2362 3329 ουσίωσιν.
2395 3269 2604 3328 Ἐλθεῖν
2666 3265 2724 3323 δὶ
2775 3267 2826 3338 ἐξ
2887 3267 3192 3344 ὑπερορίων
3243 3263 3488 3339 ἀγνῶτας
3520 3259 3739 3339 ἄνδρας,

2003 3345 2048 3414 C
2083 3363 2172 3418 καὶ
2235 3360 2460 3431 θελῆσαι
2519 3357 2667 3414 δεινά
2721 3357 2931 3426 παθεῖν,
2983 3355 3082 3410 ὅσα
3134 3358 3215 3426 τῷ
3270 3359 3370 3422 τῆς
3420 3349 3749 3426 ὁδοιπορίας

327 3450 520 3522 μακρῷ
550 3443 848 3519 συνδιῆκειν
881 3447 971 3502 καὶ
997 3451 1166 3504 ταῦτα
1194 3449 1329 3526 πρὸς
1361 3451 1526 3526 χάριν
1559 3449 1701 3525 θέας,
1731 3450 1820 3506 καὶ
1877 3450 2042 3526 μόνον
2092 3451 2182 3507 καὶ
2229 3450 2480 3526 ἐντυχίας
2533 3447 2800 3517 εὐκταίας,
2833 3443 2979 3501 ἀλλά
3022 3447 3187 3500 τοῦτο
3245 3441 3349 3497 ούκ
3400 3441 3477 3504 είς
3536 3437 3755 3495 ἁπλοῦν

323 3535 515 3618 εἰπεῖν.
548 3534 661 3593 ἔστι
713 3538 875 3613 μέγα,
911 3537 986 3601 είς
1044 3539 1209 3616 μυρία
1267 3537 1325 3595 δὲ
1380 3542 1708 3618 κατασχίσαι
1767 3539 2034 3614 θαύματα.
2086 3540 2435 3616 Δῆλον-γὰρ,
2481 3539 2556 3601 ὡς
2607 3535 2772 3613 μέγας
2824 3536 3053 3612 βροντῆς
3094 3532 3239 3608 ἦχος
3281 3529 3369 3588 ἐπί
3432 3528 3753 3605 βασιλικοῖς

326 3622 805 3703 ἀνδραγαθήμασιν
835 3627 912 3690 είς
939 3628 1002 3684 τὸ
1039 3627 1175 3684 κατά
1201 3625 1444 3700 σπουδὴν
1472 3627 1812 3706 ἐπέστρεψεν.

399 3872 491 3929 24.
527 3872 637 3928 Sed
669 3888 776 3928 our
802 3872 1026 3946 legatos
1058 3874 1186 3931 dico
1213 3879 1525 3932 stemmate
1555 3876 1988 3950 insignes,dum

330 3961 469 4018 licet
499 3979 769 4019 summos
801 3963 1186 4037 magistratus
1217 3966 1686 4036 considerare:ad
1709 3984 1816 4022 nos
1848 3967 1990 4022 mis-

332 4067 453 4117 sos,
488 4056 553 4107 ut
575 4051 915 4124 imperatori
944 4053 1233 4110 tributum
1266 4055 1558 4124 afferrent,
1590 4060 1692 4111 aut
1721 4060 1855 4128 post
1887 4070 1992 4110 ne-

333 4141 494 4214 gotia
545 4145 804 4213 peracta,
837 4146 894 4198 et
941 4146 1253 4214 postquam
1302 4143 1676 4217 imperatoris
1715 4146 1994 4218 majesta-

335 4233 453 4286 tem
486 4228 674 4286 oculis
703 4230 1012 4299 vidissent,
1044 4236 1146 4288 aut
1191 4232 1494 4290 oculorum
1539 4235 1866 4292 curiositati
1899 4251 1990 4289 sa-

335 4317 695 4386 tisfacerent,
725 4325 784 4376 et
815 4321 1041 4378 civibus
1091 4323 1217 4378 suis
1249 4323 1376 4380 visa
1423 4324 1744 4396 auditaque
1786 4340 1993 4380 narra-

339 4414 494 4465 rent.
551 4409 744 4480 Hujus
793 4411 1019 4468 ordinis
1062 4416 1204 4468 sunt
1233 4413 1546 4470 Persarum
1589 4413 1908 4471 monarcha
1938 4418 1996 4469 et

341 4497 790 4555 Palasstinorum
823 4516 924 4556 rex
947 4518 961 4569 ;
984 4504 1410 4559 Germanorum
1442 4504 1780 4575 imperator,
1812 4503 1994 4559 totius

337 4586 664 4643 Germanias
697 4589 990 4662 princeps,
1043 4595 1100 4646 et
1155 4591 1276 4661 alii,
1311 4591 1415 4665 qui
1467 4593 1540 4648 ad
1600 4608 1707 4647 nos
1746 4591 1994 4664 profecti

339 4680 502 4745 sunt,
574 4677 754 4734 dubio
821 4679 1072 4736 fortasse
1156 4697 1456 4738 successu.
1525 4682 1763 4738 Paeones
1836 4679 1993 4736 enim

337 4769 397 4821 et
462 4765 716 4838 Gepidas
779 4771 836 4824 et
900 4768 1144 4841 Scythas
1207 4774 1266 4825 et
1320 4773 1408 4826 tot
1467 4769 1616 4826 alios
1655 4785 1995 4841 nuncupare

338 4853 584 4927 longum
622 4859 734 4924 est,
766 4873 934 4930 quos,
978 4861 1044 4913 ut
1099 4858 1446 4915 summatim
1509 4858 1723 4930 dicam,
1765 4863 1996 4931 stupor,

338 4947 532 4999 metus
584 4949 644 5001 et
706 4946 909 5002 auxilii
982 4947 1320 5004 sollicitatio
1385 4949 1459 5003 ad
1528 4964 1635 5004 nos
1701 4948 1992 5020 perduxit.

337 5032 553 5105 Stupor
588 5034 661 5090 ob
720 5051 988 5095 rumores
1043 5037 1472 5110 promulgatas,
1530 5041 1726 5094 metus
1765 5054 1837 5094 ne
1877 5038 1994 5095 Im-

336 5121 626 5195 peratoris
683 5124 943 5182 amicitia
997 5125 1209 5199 privati
1268 5126 1424 5183 male
1478 5131 1854 5199 paterentur;
1885 5131 1996 5184 ter-

2172 3874 2274 3929 κα’.
2303 3869 2484 3930 Ἀλλὰ
2511 3869 2563 3925 τί
2612 3890 2707 3943 μοι
2737 3862 2991 3944 πρέσϐεις
3037 3862 3218 3940 λέγειν
3253 3861 3378 3925 τοὺς
3427 3861 3530 3916 ὑπὸ
3591 3860 3764 3933 στέμ-

2107 3983 2289 4036 μασιν,
2349 3960 2464 4033 έξὸν
2511 3965 2782 4034 θεωρῆσαι
2839 3953 3137 4030 κορυφαίας
3183 3953 3359 4028 ἀρχὰς
3420 3948 3766 4023 ἐσταλμένας

2107 4052 2273 4127 μέχρι
2320 4049 2410 4104 καὶ
2459 4048 2534 4112 εἷς
2561 4050 2735 4120 ἡμᾶς,
2765 4045 2862 4107 τὰς
2895 4045 2990 4117 μὲν
3021 4041 3158 4098 κατά
3185 4063 3237 4097 τι
3269 4039 3427 4117 ἔργον
3453 4036 3666 4113 ἕτερον,
3698 4037 3766 4093 οὗ

2105 4140 2239 4213 μετά
2293 4140 2393 4208 τήν
2458 4134 2748 4212 βασιλικὴν
2801 4130 2922 4189 θέαν
2978 4131 3204 4206 γένοιντ’
3256 4132 3340 4199 ἂν,
3397 4127 3767 4202 πορισάμενοι

2101 4223 2389 4303 συμϐολὴν
2446 4227 2661 4296 ἱκανὴν,
2712 4224 2809 4287 τὰς
2866 4221 2923 4278 δὶ
2978 4223 3068 4277 καὶ
3147 4221 3307 4294 μόνον
3365 4218 3607 4291 ἐντυχεῖν
3671 4217 3769 4270 καὶ

2101 4320 2238 4394 πρὸς
2281 4312 2490 4392 θάμϐος
2551 4316 2882 4384 θεάσασθαι,
2931 4315 3044 4370 Τοῦ
3100 4309 3356 4365 τοιούτου
3423 4309 3674 4382 ὁρμαθοῦ
3739 4306 3768 4360 ὁ

2099 4412 2209 4464 τῶν
2241 4406 2378 4461 κατά
2409 4404 2614 4479 Πέρσας
2659 4403 2952 4479 ἐθνάρχης,
2982 4401 3074 4456 καὶ
3127 4400 3156 4454 ὁ
3202 4403 3311 4454 τῶν
3357 4395 3767 4463 Παλαιστηνῶν

2107 4498 2556 4573 ὑπερκαθήμενος
2742 4492 2948 4553 Λοιπὸς
2989 4487 3048 4544 δὶ
3096 4489 3124 4544 ὁ
3173 4487 3222 4560 ἐξ
3249 4484 3569 4559 Ἀλαμανῶν
3613 4481 3768 4538 ἐκεῖ-

2102 4606 2193 4648 νος
2226 4587 2253 4641 ὁ
2307 4584 2491 4660 μέγας,
2525 4583 2616 4637 καὶ
2669 4583 2698 4636 ὁ
2745 4587 2844 4650 τῆς
2902 4583 3245 4654 Γερμανικῆς
3302 4573 3518 4643 ἀπάσης
3571 4573 3767 4648 ὑπερι-

2103 4674 2366 4749 στάμενος
2433 4679 2559 4748 γῆς,
2611 4672 2663 4726 οὶ
2740 4671 2842 4740 τὴν
2903 4669 2979 4732 είς
3048 4669 3196 4741 ἡμᾶς
3279 4662 3770 4749 θαυμαστῴσαντες

2104 4745 2313 4836 ἐκείνην
2371 4745 2548 4818 ὁδύνί
2597 4760 2742 4817 ὀκνῶ
2792 4760 2895 4834 γὰρ
2957 4757 3126 4814 είπεῖν
3188 4751 3484 4830 εύμέθοδον
3539 4745 3767 4828 ἔφοδον.

2101 4856 2201 4911 Τὸν
2227 4855 2326 4930 γὰρ
2358 4851 2565 4910 Παίονα
2592 4871 2680 4926 καί
2708 4849 2802 4905 τὸν
2829 4844 3081 4920 Γήπαιδα
3108 4844 3200 4901 καὶ
3255 4844 3350 4900 τὸν
3409 4841 3620 4912 Σκύθην
3670 4840 3769 4894 καὶ

2105 4942 2343 5021 συχνοὺς
2396 4940 2680 5003 τοιούτους
2744 4937 2935 5010 εἰπεῖν,
3000 4935 3192 5011 μυρίος
3253 4932 3377 4995 ὅσος
3446 4931 3770 5021 κατάλογος

2101 5013 2309 5110 ετὲρος,
2342 5031 2434 5095 οὓς
2486 5031 2569 5104 (τὸ
2620 5034 2723 5085 πᾶν
2769 5027 2820 5084 ἐν
2870 5028 3070 5104 βραχεῖ
3101 5021 3400 5110 συντελεῖν)
3431 5013 3643 5110 θάμϐος
3673 5019 3770 5073 καὶ

2112 5107 2282 5202 φόϐος
2342 5121 2433 5178 καὶ
2495 5121 2724 5190 ζήτησις
2781 5115 3095 5190 ἐπικουρίας
3149 5109 3443 5202 συνέλεγον,
3477 5107 3768 5202 εΐςμήιΐᾶς.

334 5211 440 5282 tio,
476 5228 548 5268 ne
578 5229 708 5284 rege
742 5215 1235 5287 nonauxiliante,
1263 5215 1413 5272 male
1463 5216 1535 5272 ab
1583 5216 1843 5274 inimicis
1901 5217 1974 5273 ha

2115 5191 2212 5271 ίέαὶ
2243 5213 2278 5283 ἢ
2322 5210 2496 5267 πάντα
2551 5213 2740 5279 ταῦτα,
2790 5203 2897 5262 εἴτε
2945 5204 3036 5260 καὶ
3077 5202 3284 5259 τούτων
3329 5200 3470 5256 τινά.
3519 5191 3773 5270 Θάμϐος,

339 5302 637 5359 berentur.

2103 5303 2184 5381 ἐφ’
2239 5306 2320 5365 οἷς
2385 5301 2739 5376 μανθάνοντες
2791 5297 2882 5352 καὶ
2965 5290 3412 5368 ἐκπεπληγμένοι
3481 5287 3774 5381 συνέρρεον

338 5390 416 5454 εἰς
445 5393 544 5461 τήν
578 5391 768 5463 ἀκοήψ
799 5388 996 5469 φόϐος,
1032 5396 1246 5467 μήποτε
1277 5390 1518 5468 συμϐαίη
1543 5395 1757 5464 ἄλλως,
1789 5379 2246 5456 ἀναπεπτωκότας
2268 5391 2461 5453 αὐτοὺς
2489 5388 2594 5461 ἕξω
2618 5394 2724 5444 τῶν
2762 5386 3061 5464 βασιλικῶν
3099 5381 3438 5458 σπλάγχνων
3468 5382 3672 5469 πεσεῖν’
3705 5379 3775 5432 τὸ

339 5479 398 5538 δὲ
427 5479 622 5538 λοιπὸν
655 5484 746 5539 καὶ
775 5468 982 5561 τρίτον,
1018 5482 1072 5541 εἷ’
1092 5484 1146 5540 τί
1175 5506 1280 5541 που
1309 5487 1472 5542 κακὸν
1507 5485 1734 5550 ἐκείτοις
1766 5484 2043 5561 ἐπήρτητο
2073 5487 2258 5557 ποθεν,
2293 5484 2366 5546 ὡς
2401 5482 2476 5556 μὴ
2509 5479 2724 5541 εὐπετὲς
2777 5479 2836 5534 ’ὸν
2867 5473 3190 5553 σκοαρκίσαι
3217 5472 3281 5529 τὸ
3327 5471 3492 5527 κακὸν
3542 5468 3773 5542 έτέρως,

345 5575 422 5648 μὴ
454 5569 1071 5648 συνεπιλαμϐανομένης
1104 5571 1275 5647 δεξιᾶς
1303 5575 1507 5646 ταύτης
1537 5574 1848 5652 βασιλικῆς.

411 5801 502 5858 22.
536 5798 750 5855 Mirum
781 5799 979 5870 itaque
1030 5817 1145 5857 non
1193 5805 1337 5871 erat,
1369 5800 1419 5858 si
1459 5801 1554 5856 isti
1589 5817 1739 5858 nova
1767 5799 1978 5866 edocti,

2189 5796 2297 5872 κβ’.
2329 5796 2429 5856 Ἢν
2478 5790 2537 5850 δὲ
2583 5791 2682 5850 ούκ
2730 5790 2900 5850 ἐκεῖνο
2952 5786 3244 5863 θαυμάζειν
3295 5805 3488 5854 ουτως,
3521 5783 3568 5840 εἰ
3615 5785 3784 5841 καινὰ
