4066 6396
391 486 510 546 989

1247 483 1649 548 MANUELIS
1694 483 2044 545 COMNENI
2090 479 2489 543 LAUDATIO
2532 477 2947 540 FUNEBRIS.

3688 479 3807 540 990

396 618 654 691 μαθόντες
686 617 737 672 οἱ
766 622 1029 687 τοιοῦτοι,
1063 617 1152 672 καὶ
1211 619 1295 672 οἶα
1352 615 1638 692 ἐπάγεσθαι
1693 613 1819 678 τοὺς
1877 613 2029 670 ἀκού-

2153 630 2280 686 ᾳιιω
2312 610 2677 668 audientium
2709 627 2884 668 aures
2915 626 3147 668 movere
3186 615 3447 684 possent,
3478 629 3509 668 e
3538 609 3682 668 locis
3712 628 3804 668 re-

393 728 571 776 οντας,
604 707 829 762 κατόπιν
861 715 962 778 τῆς
1010 707 1180 777 ἀκοῆς
1239 706 1289 778 ἐξ
1348 707 1490 762 οὕτω
1546 705 1903 782 ποῤῥωτάτου
1964 705 2037 760 εἲ-

391 817 580 853 ποντο.
612 798 682 870 ’ξΗ
711 818 769 851 τε
824 799 929 872 γὰρ
989 798 1147 872 φήμη
1199 796 1406 861 ἀνέτοις
1457 802 1678 870 πτεροῖς
1741 793 2039 867 διίπταται,

391 886 480 940 καὶ
511 887 547 954 ἡ
580 883 882 962 παραδοξία
936 890 1043 941 τῶν
1087 887 1479 963 φημιζομένων
1531 883 1865 964 ἐπιστρέφειν
1928 882 2040 939 οἶδε

387 973 518 1036 τοὺς
568 973 1034 1052 φιλακροάμονας.
1084 977 1150 1031 Ὃ
1203 972 1259 1028 δὲ
1288 976 1387 1044 τήν
1427 978 1524 1028 τοῦ
1555 973 1848 1050 μεγαλείου
1878 971 2040 1047 αὔξην

390 1057 680 1141 ἐκορύιρου,
725 1067 886 1117 τοῦτο
935 1067 1023 1132 ἦν’
1075 1064 1162 1125 Ὡς
1195 1061 1523 1134 ἐληλυθότες
1553 1062 1770 1135 ἐκεῖνοι,
1815 1063 1906 1118 καὶ
1964 1065 2040 1125 οἷς

389 1149 589 1224 ἔμαθον
641 1151 1132 1227 περιτετυχηκότες
1195 1147 1498 1207 ἐκϐαίνουσι
1559 1153 1697 1228 πρὸς
1755 1151 2037 1223 ἀλήθειαν,

389 1240 629 1313 ἀπῄεσαν
718 1239 1029 1317 διαπρύσιοι
1114 1243 1370 1317 κήρυκες,
1458 1237 1870 1314 ἀναϐοιῦμενοι,
1957 1241 2039 1296 ὅτι

390 1329 634 1405 Καθάπερ
679 1329 1012 1403 ἠκούσαμεν,
1065 1328 1208 1386 οὕτω
1256 1331 1346 1386 καὶ
1396 1329 1632 1404 εἷ’δομεν⁸
1693 1331 1782 1385 καὶ
1814 1330 1875 1385 ού
1941 1330 2038 1404 μό-

384 1439 499 1487 νον,
558 1417 705 1474 ἀλλὰ
760 1420 850 1474 καὶ
901 1423 1161 1494 γέμοντες
1217 1421 1492 1494 θαύματος
1543 1420 1630 1476 ἐπὶ
1665 1420 1893 1495 μακρὸν,
1948 1420 2039 1475 καὶ

385 1511 455 1580 τῇ
489 1506 847 1581 φαντασιώδει
907 1509 1242 1579 ἀναπολῆσει
1300 1511 1366 1564 τὰ
1425 1510 1730 1580 ἐκπλῆττον
1785 1511 2037 1583 παράμο-

2152 702 2328 758 motis
2357 704 2758 758 accurrerunt.
2797 701 2969 757 Laxis
3026 701 3182 757 enim
3217 701 3325 758 alis
3359 702 3514 757 fama
3540 700 3715 770 volat,
3748 706 3806 758 et

2151 792 2361 848 raritas
2383 806 2586 848 eorum
2607 806 2734 864 quae
2758 806 2992 847 rumore
3013 794 3374 863 sparguntur
3401 790 3802 848 studiosorum

2151 881 2380 938 animos
2412 880 2706 937 attrahere
2737 881 2902 936 solet.
2928 881 3090 948 Quod
3117 884 3315 936 autem
3373 881 3502 952 ejus
3549 879 3803 939 auctori--

2149 974 2328 1028 tatem
2363 970 2524 1026 auxit
2555 971 2664 1025 hoc
2689 980 2798 1026 est.
2849 969 2956 1025 Ubi
2983 969 3068 1024 illi
3109 970 3344 1026 advenae
3376 969 3801 1040 perscrutando

2151 1061 2468 1132 aliquando
2527 1059 2827 1115 veritatem
2889 1058 3084 1131 adepti
3143 1062 3302 1126 sunt,
3363 1073 3657 1130 praecones
3688 1057 3802 1114 ﬁde

2152 1149 2307 1222 pleni
2338 1149 2775 1204 clamaverunt:
2824 1148 2978 1204 sicut
3009 1147 3364 1215 audivimus,
3399 1149 3482 1204 ita
3504 1147 3799 1216 vidimus;

2151 1239 2251 1296 sed
2275 1243 2331 1294 et
2354 1238 2655 1294 miraculis
2685 1238 2889 1294 conﬁsi
2925 1243 3227 1310 stuporem
3258 1238 3319 1292 in
3351 1236 3549 1293 animo
3593 1253 3801 1309 perpe-

2150 1335 2319 1385 tuum
2359 1331 2725 1395 conservant,
2760 1328 3081 1399 praesertim
3114 1328 3350 1400 quando
3382 1328 3799 1398 Imperatorem

2149 1419 2423 1476 laudibus
2458 1419 2730 1474 efferrent
2759 1419 2860 1490 qui
2893 1434 3009 1473 non
3043 1417 3398 1473 intrinsecus
3450 1415 3664 1486 solum,
3695 1416 3798 1471 sed

2149 1509 2515 1565 extrinsecus
2546 1525 2781 1580 quoque
2812 1507 3190 1579 splendescit.

388 1617 475 1651 νον
511 1597 783 1674 φέροντες,
818 1599 904 1652 καὶ
938 1597 1171 1671 μᾶλλον,
1207 1601 1296 1654 ὅτε
1323 1601 1414 1654 τὸν
1445 1599 1576 1654 ὅλον
1612 1599 1839 1676 βασιλέα
1869 1598 1920 1653 ἐν
1952 1595 2198 1674 καρδίαις
2229 1591 2547 1667 ἀνεϐίϐαζον
2581 1594 3048 1671 διαλογιζόμενοι,
3081 1596 3141 1658 ὃς
3174 1594 3236 1651 ού
3265 1600 3385 1658 τοῖς
3411 1593 3560 1657 ἐντός
3606 1592 3792 1667 μόνον,

385 1683 475 1740 καί
504 1684 604 1740 ὅσα
631 1687 838 1763 καίρια,
869 1687 958 1741 καὶ
989 1691 1085 1742 τοῦ
1117 1687 1290 1751 οὕτως
1322 1687 1630 1764 ἀνθρώπου,
1665 1686 1810 1743 ἀλλά
1839 1687 1929 1742 καὶ
1959 1693 2075 1750 τοῖς
2108 1685 2548 1766 ἐπιφαινομένοις
2577 1683 2922 1762 προέλαμπε.

455 1865 857 1938 κγ’.Μεγέθους
913 1867 1007 1940 μὶν
1061 1868 1165 1942 γὰρ
1225 1862 1417 1936 ἐπέϐη,
1451 1869 1583 1944 ὅπερ
1615 1865 1669 1922 εἶ’
1692 1888 1774 1930 τις
1838 1869 2034 1943 ὑπερα-

382 1950 602 2024 ναϐαίη,
659 1953 1055 2030 ἐγγραφήσεται
1106 1957 1180 2019 ὡς
1232 1957 1308 2019 εἷς
1337 1956 1582 2033 γίγαντα·
1639 1955 1728 2012 καί
1781 1959 1816 2027 ἡ
1875 1956 2033 2023 φύσις

2214 1868 2304 1924 23.
2342 1869 2482 1924 Eam
2513 1867 2670 1924 enim
2697 1865 3156 1937 magnitudinem
3188 1864 3404 1937 attigit,
3438 1868 3504 1919 ut
3532 1861 3633 1936 qui
3665 1879 3796 1919 eam

2143 1957 2583 2013 transcenderet
2627 1957 2790 2030 gigas
2825 1956 3156 2011 haberetur.
3189 1955 3337 2010 Eum
3368 1953 3525 2010 enim
3585 1956 3796 2009 natura

383 2040 572 2106 ἄλλως
619 2043 780 2100 αὐτὰν
828 2047 864 2117 ἢ
915 2049 1052 2102 κατά
1099 2046 1226 2111 τοὺς
1269 2045 1501 2109 λοιποὺς
1557 2046 1894 2121 ἐστερέωσεν,
1957 2045 2029 2107 εἷς

2145 2046 2312 2103 aliter
2341 2064 2519 2119 quam
2550 2053 2788 2103 caeteros
2819 2044 3114 2115 formavit,
3165 2061 3301 2101 ossa
3329 2043 3696 2100 validissima
3726 2059 3794 2099 ac

836 2095 863 2117 .,
917 2095 1052 2102 --π-η
1111 2095 1224 2111 ---τ
1269 2095 1499 2109 -.ν--.-μη
1558 2095 1894 2121 --ηρ---Ἴ
1959 2095 2029 2107 ν.

385 2133 642 2188 ὀστέωσιν
693 2133 856 2210 ἁδρὰν
908 2134 998 2191 καί
1046 2136 1120 2198 ὡς
1161 2135 1329 2192 εἰπεῖν
1359 2134 1638 2205 λεοντώδη
1699 2134 2029 2200 ἀπευθύνασα

2145 2095 2301 2103 _-----
2343 2095 2519 2119 ιη..-
2552 2095 2786 2103 -w---"
2819 2095 3114 2115 _-__“---,
3169 2095 3301 2101 ---π
3343 2095 3696 2100 ,ηηηηηπ
3729 2095 3789 2099 __

2149 2137 2267 2193 fere
2296 2137 2488 2194 leonia
2525 2137 2816 2208 tribuens,
2843 2135 3247 2191 membrorum
3297 2135 3472 2191 etiam
3521 2133 3795 2190 extremi-

384 2222 612 2293 ἑαυτήν·
666 2223 742 2288 ὡς
789 2225 942 2294 εἶναι,
997 2231 1118 2288 τοῖς
1163 2226 1531 2302 ἀκρωτηρίοις
1590 2222 2036 2299 ἐπεντρανίσαντά

383 2332 502 2366 τινα
555 2315 762 2368 τοιαῦτ’
813 2314 946 2370 εἶναι
1005 2313 1230 2386 ἀληθῶς
1283 2317 1706 2392 ἀποφήνασθαι,
1777 2313 1845 2370 τά
1900 2313 2035 2368 κατά

383 2400 640 2474 φυσικοὺς
721 2401 1003 2476 γνώμονας
1068 2406 1165 2474 τήν
1232 2402 1490 2480 ἀνδρικὴν
1560 2401 2043 2479 χαρακτηρίζοντα,

382 2487 797 2564 ῥωμαλεότητα·
842 2494 923 2553 οἷς
979 2491 1222 2568 ἀνάλογα
1271 2492 1360 2548 καὶ
1405 2514 1471 2547 τα
1515 2497 1624 2548 τῶν
1678 2489 2029 2549 διαστάσεων.

380 2577 646 2642 Ἐντεῦθεν
719 2577 840 2634 σύδὶ
903 2585 1113 2653 σαρκῶν
1187 2581 1342 2636 αὐτὸν
1429 2576 1655 2654 ἐϐάρυνε
1726 2580 2030 2656 περιουσία,

379 2665 791 2742 ἐπαχθιζομένη
859 2670 996 2744 πρὸς
1051 2670 1413 2747 περιττότητα
1454 2675 1536 2742 τῷ
1591 2691 1649 2724 τε
1698 2670 1779 2724 ἀεὶ
1836 2690 2035 2745 γυμνα-

379 2761 566 2828 στικῷ,
598 2756 980 2834 ἀπερχομένου
1010 2764 1106 2814 τοῦ
1151 2759 1566 2829 πλεονάζοντος,
1617 2759 1706 2814 καὶ
1764 2757 1846 2814 ὅτι
1907 2760 2028 2834 περὶ

378 2846 469 2900 τὸν
520 2846 594 2908 ὡς
646 2845 869 2918 ἀληθῶς
915 2846 1198 2925 ἄνθρωπον
1231 2849 1520 2925 ἠσχόλητο
1545 2851 1610 2904 τὰ
1640 2855 1739 2919 τῆς
1799 2847 2028 2926 φύσεως.

381 2933 482 2992 Καὶ
529 2935 591 2990 τὸ
638 2936 733 3009 μὲν
781 2937 1054 3013 πελώριον
1102 2939 1414 3010 ᾠκειώσατο
1463 2937 1548 2992 ἐπ’
1595 2937 1759 3010 αὐτῷ·
1811 2937 2028 2992 ἀπώσα-

378 3045 440 3078 το
474 3021 531 3079 δὲ
567 3025 628 3079 τὸ
683 3026 959 3103 βουγάϊον.
1011 3027 1219 3085 Οὐκοῦν
1266 3027 1581 3090 ἀκολούθως
1614 3024 1740 3082 οὐδὲ
1783 3027 1882 3096 τήν
1937 3026 2028 3081 κό-

385 3134 494 3185 μην
561 3115 697 3190 πρὸς
744 3115 1121 3191 τρυφερότητα
1167 3116 1400 3187 ἤσκητο·
1462 3115 1590 3172 ἀλλ’
1646 3116 1722 3178 εἷς
1782 3115 2029 3194 κεφαλὴν

379 3201 590 3275 κόσμου
624 3203 900 3278 -τημελῶν
950 3206 1159 3278 ἑαυτὸν,
1203 3205 1291 3260 καὶ
1322 3207 1612 3281 τυγχάνων
1662 3209 1759 3260 τοῦ
1818 3204 2026 3283 ἐφετοῦ,

379 3289 664 3360 ιύθετίζειν
735 3291 930 3369 τρίχας
978 3292 1272 3369 ἐμέμφετο.
1322 3290 1465 3364 ’Ήδη
1520 3290 1576 3348 δὲ
1623 3294 1710 3348 καὶ
1756 3295 1792 3363 ἡ
1849 3292 2027 3347 θεόθεν

379 3378 542 3456 σοφία
590 3385 692 3450 τῆς
751 3379 959 3458 φύσεως
1005 3383 1068 3437 τὸ
1119 3382 1342 3438 ἐνταῦθα
1389 3380 1535 3438 πολὺ
1563 3383 1661 3454 τῆς
1694 3381 1831 3454 ὕλης
1889 3402 2024 3456 προ-

377 3463 706 3524 σδαπανῶσα
723 3475 840 3533 τοῖς
863 3471 1289 3546 κρείττοσιν,ούκ
1304 3469 1472 3541 ἤθελε
1485 3475 1554 3547 τῇ
1573 3471 1720 3546 κόμῃ
1745 3476 1870 3547 χοῖν
1880 3491 2026 3548 εργε-
2056 3465 2100 3534 Ca

375 3556 438 3611 τὸ
475 3556 801 3634 ὑπέρπλιον,
833 3561 869 3630 ἡ
905 3562 1046 3634 μηδὲ
1072 3561 1163 3616 τὸν
1211 3560 1641 3637 βασιλικώτατον
1676 3559 1866 3617 λέοντα
1893 3581 2031 3616 πυκ-

377 3650 541 3702 νοῦσα
567 3647 777 3725 τριχῶν
805 3647 1114 3720 λασιότητι.

449 3825 547 3887 κδ’.
583 3832 667 3904 Τῇ
717 3827 775 3884 δὶ
819 3830 1046 3908 τοιαύτῃ
1097 3832 1387 3905 σεμνότητι
1435 3831 1525 3886 καὶ
1567 3833 1630 3887 τὸ
1683 3837 1784 3901 τῆς
1835 3837 2030 3908 χροιᾶς

379 3917 545 3974 καλὸν
593 3917 894 3989 συνδιῆκεν.
947 3921 1026 3978 Οὐ
1076 3922 1178 3996 γὰρ
1232 3922 1590 3998 θηλυπρεπὴς
1653 3919 1916 3991 λευκότης
1965 3923 2027 3976 τὸ

379 4008 671 4084 πρόσωπον
719 4008 960 4087 ἔγραφεν,
1010 4009 1136 4068 ἀλλ’
1171 4013 1380 4090 εὐφυῶς
1433 4014 1734 4088 μιγνυμένη
1781 4011 1916 4088 πρὸς
1964 4011 2027 4066 τὸ

379 4094 648 4173 ἀνδρῶδες
675 4099 1076 4175 ἐκέκρατος,καὶ
1101 4103 1186 4173 (τὸ
1209 4108 1309 4171 τῆς
1335 4100 1572 4164 παλαιᾶς
1602 4100 1863 4174 ἱστορίας)
1893 4101 2026 4154 κατά

375 4189 670 4262 γυμνασίαν
720 4191 806 4244 καὶ
865 4188 1094 4252 λοιποὺς
1142 4190 1364 4260 πόνους,
1398 4190 1584 4260 ἡλίοις
1613 4190 1703 4244 καὶ
1766 4189 2022 4262 μάλιστα.

375 4277 451 4334 υύ
497 4278 598 4354 γὰρ
649 4279 999 4358 σκιατραφίαν
1049 4279 1508 4356 ἐπραγματεύετο,
1555 4279 1668 4334 ἐπεὶ
1713 4276 1855 4352 μηδὲ
1910 4279 2027 4354 βίον

378 4364 652 4438 μαλθακὸν
702 4369 792 4422 καὶ
845 4367 1033 4445 ἀργόνο
1083 4367 1349 4443 αἷθερίαις
1411 4370 1588 4442 [παγη.
1635 4365 1872 4443 αἰθρίαις
1898 4368 1936 4440 Ι]
1968 4364 2026 4421 δὲ

374 4451 751 4529 παρεϐάλλετο
787 4501 800 4527 ,
875 4457 964 4536 ἀφ’
1035 4459 1107 4512 ὧν
1183 4458 1318 4534 πρὸς
1388 4455 1604 4532 ἀνδρίας
1658 4457 2024 4533 ἐζωγραφεῖτο

373 4544 592 4620 χροιὰν,
651 4541 775 4620 ὄψιν
803 4544 1314 4622 πεφιλοτιμημένος
1374 4547 1434 4603 ού
1477 4547 1613 4602 κατά
1659 4545 1786 4611 τοὺς
1836 4567 2027 4621 γυναι-

373 4632 494 4697 κίας
542 4635 629 4689 καὶ
689 4634 1022 4710 μαλθακοὺς,
1071 4635 1198 4692 ἀλλ’
1247 4637 1410 4693 ὁποία
1437 4636 1677 4710 κοσμοίη
1737 4636 1798 4691 ἃν
1859 4637 2026 4712 ἡρωϊ-

373 4723 474 4792 κὴν
537 4725 941 4802 στρυφνότητα.
991 4725 1069 4784 Οὐ
1134 4727 1238 4802 γὰρ
1289 4728 1425 4802 πρὸς
1479 4725 1808 4801 ἑτοιμότητα
1865 4723 2019 4797 διηυ-

2145 2230 2388 2298 tates,ut
2408 2227 2488 2284 rei
2511 2226 2761 2301 physicae
2808 2229 3074 2297 expertes
3096 2224 3388 2296 judicent,
3421 2223 3602 2279 robur
3627 2221 3796 2279 virile

2144 2315 2444 2387 indicant;
2478 2318 2579 2374 sed
2611 2317 2974 2388 interpositae
3021 2330 3255 2387 quoque
3304 2311 3565 2385 corporis
3596 2315 3793 2385 partes

2145 2413 2300 2468 idem
2333 2411 2705 2466 conﬁrmant.
2730 2407 2853 2461 Huc
2902 2405 3124 2461 accedit
3152 2404 3308 2475 quod
3357 2419 3568 2474 corpus
3599 2402 3792 2459 obesi-

2143 2505 2262 2557 tate
2294 2517 2408 2555 non
2440 2501 2720 2571 gravatur
2749 2496 2877 2566 ejus
2908 2493 3009 2565 qui
3030 2493 3357 2565 saepissime
3384 2491 3535 2548 vires
3567 2496 3796 2548 exercet

2144 2594 2208 2647 ut
2237 2587 2534 2645 orassities
2549 2587 2618 2642 ab
2638 2585 2873 2641 homine
2912 2581 3289 2639 intellectuali
3313 2580 3793 2654 superetur.Mul-

2141 2686 2212 2737 tae
2244 2681 2483 2754 quidem
2513 2677 2573 2734 in
2606 2677 2734 2750 ipso
2767 2691 2860 2730 res
2883 2673 3066 2739 mira),
3099 2675 3449 2745 portentosa
3501 2688 3617 2727 non
3667 2671 3793 2727 fue-

2143 2775 2300 2828 runt.
2333 2772 2573 2828 Comam
2608 2767 2781 2824 etiam
2814 2780 2928 2820 non
2975 2761 3273 2835 eleganter
3325 2761 3654 2830 circinavit,
3687 2763 3790 2819 sed

2141 2859 2396 2932 simplici
2427 2856 2634 2930 capitis
2665 2855 3004 2911 ornamento
3044 2854 3377 2918 contentus,
3409 2850 3654 2924 capillos
3685 2850 3789 2907 ho-

2141 2950 2509 3006 nestamento
2540 2943 2750 3016 majori
2777 2959 2892 2997 non
2916 2940 3127 3012 dignos
3157 2939 3428 2995 habebat.
3459 2943 3603 2995 Cum
3629 2939 3787 2995 enim

2139 3037 2427 3112 sapientia
2484 3035 2681 3091 divina
2710 3037 2930 3088 naturae
2960 3029 3148 3086 indita
3180 3029 3466 3085 creaturis
3496 3029 3786 3101 insignio-

2140 3130 2303 3185 ribus
2334 3127 2681 3184 nobiliorem
2715 3121 3018 3178 materiam
3049 3119 3388 3190 impertivit,
3423 3118 3619 3191 capilli
3651 3135 3784 3191 par-

2136 3237 2269 3276 vam
2297 3218 2505 3275 habuit
2533 3231 2759 3280 curam,
2819 3229 2945 3285 quae
2993 3227 3099 3267 nec
3157 3209 3386 3266 leonem
3437 3208 3784 3265 animalium

2137 3325 2334 3382 regem
2392 3306 2650 3374 horrida,
2703 3303 2839 3376 plus
2895 3317 3072 3375 quam
3151 3317 3256 3374 par
3311 3303 3422 3370 est,
3483 3297 3632 3370 juba
3684 3299 3786 3354 do-

2136 3398 2316 3456 navit.

2208 3836 2299 3892 24.
2360 3839 2520 3892 Hanc
2575 3833 2945 3888 venustatem
3003 3828 3216 3887 coloris
3268 3826 3646 3902 pulchritudo
3683 3842 3784 3882 au-

2138 3928 2423 3998 gmentat.
2460 3924 2582 3981 Non
2615 3923 2774 3978 enim
2805 3922 3034 3988 albedo,
3062 3919 3257 3993 qualis
3289 3917 3568 3974 feminam
3599 3917 3784 3985 decet,

2139 4015 2268 4085 ejus
2299 4014 2508 4070 faciem
2540 4013 2783 4080 colorat,
2817 4011 2918 4066 sed
2969 4008 3246 4065 virilitate
3277 4011 3667 4080 temperatam
3699 4006 3787 4078 (ut

2136 4104 2292 4176 apud
2325 4103 2623 4174 antiquos)
2653 4096 3524 4169 certaminibus,aliiequeludis
3553 4097 3783 4169 gymni-

2136 4193 2238 4262 cis,
2275 4195 2527 4250 maxime
2571 4191 2711 4248 solis
2758 4190 2987 4247 ardoris
3045 4189 3301 4262 exponit.
3354 4189 3478 4243 Non
3510 4187 3667 4243 enim
3723 4186 3783 4241 in

2136 4284 2347 4339 umbra
2368 4283 2650 4338 educatus
2681 4285 2789 4350 est,
2823 4284 2880 4336 et
2927 4280 3046 4335 vita
3069 4281 3200 4349 ejus
3247 4282 3480 4334 tantum
3521 4277 3689 4333 abest
3720 4281 3784 4333 ut

2134 4373 2534 4446 voluptatibus
2592 4372 2906 4444 pravisque
2962 4367 3385 4442 cupiditatibus
3442 4369 3784 4423 consecrata

2133 4467 2310 4531 esset,
2371 4467 2437 4518 ut
2474 4460 2768 4518 laboriosa
2814 4474 3045 4531 semper
3099 4475 3234 4515 cum
3289 4455 3538 4529 negotiis
3584 4454 3780 4526 fuerit,

2134 4555 2236 4610 sed
2286 4553 2393 4610 sub
2451 4552 2572 4610 sole
2625 4551 2826 4607 vultus
2856 4567 2970 4606 non
3005 4549 3260 4622 speciem
3310 4546 3652 4604 femininum
3701 4547 3777 4602 fe-

2132 4643 2318 4710 rebat,
2369 4642 2488 4699 imo
2546 4641 2670 4697 viro
2728 4646 2969 4698 strenuo
3031 4641 3294 4713 dignam,
3351 4637 3491 4710 quia
3547 4653 3655 4693 nec
3704 4637 3777 4691 ad

2133 4733 2338 4800 risum,
2364 4732 2476 4788 ned
2511 4731 2582 4786 ad
2608 4728 2974 4786 alacritatem
3004 4744 3227 4800 pronus
3283 4730 3428 4793 erat,
3486 4725 3692 4798 gratiis
3721 4727 3779 4780 et

377 4812 588 4904 βέτιστο
645 4813 890 4890 γέλωτος
924 4859 937 4884 ,
1006 4814 1131 4871 οὐδὲ
1191 4817 1300 4904 μὴν
1358 4814 1545 4882 ἄλλως
1606 4817 1671 4872 τὸ
1729 4813 2023 4878 λεοντῶδες

2145 4823 2440 4878 venustate
2459 4824 2868 4892 temperatam.

376 4899 678 4977 ἠκρίϐωτο.
730 4905 1046 4980 Κεκραμένη
1094 4907 1196 4982 γὰρ
1245 4903 1312 4977 δὴ
1347 4907 1565 4983 χάρισιν
1599 4905 1926 4983 έρῥύθμιστο
1953 4908 2022 4980 τῇ

376 4995 472 5046 τοῦ
501 4991 745 5057 κάλλους
779 4994 1058 5068 μεσότητι.

442 5193 536 5250 κε’.
618 5190 716 5246 Καὶ
772 5189 965 5262 δεῆσαν
1031 5194 1126 5266 μὲν
1201 5193 1389 5248 ἑαυτὸν
1453 5201 1831 5266 καταστῆσαι,
1893 5197 2020 5253 ὅποι

373 5281 577 5357 χρεὼν,
613 5281 703 5336 καὶ
735 5280 1034 5356 ἁνθολογία
1060 5280 1301 5345 κάλλους
1330 5282 1557 5353 ποικίλη
1593 5283 1749 5340 αὐτὸν
1781 5283 2016 5360 ἤγαλλε.

373 5371 706 5445 Σεμνότερος
759 5371 854 5443 μὲν
905 5372 1008 5446 γὰρ
1068 5371 1444 5447 προέλαμπεν,
1507 5371 1783 5450 ὀφθαλμοὶ
1843 5374 1900 5431 δὲ
1943 5381 2022 5450 τῷ

371 5465 605 5535 χαροπῷ
652 5458 956 5537 ἷ¹λαρότητά
997 5482 1055 5515 τε
1093 5458 1424 5538 προῦφαινον
1493 5462 1580 5517 καὶ
1639 5466 1886 5540 ’Λρεϊκήν
1929 5465 2023 5539 ἐμ-

373 5544 631 5625 ϐρίθειαν·
691 5547 770 5622 τῷ
821 5551 1103 5624 προσώπῳ
1159 5549 1216 5605 δὲ
1250 5551 1436 5625 βαθεῖα
1464 5549 1678 5626 γαλήνη
1737 5553 2021 5631 ἐνεχόρευε

373 5638 487 5711 (καὶ
553 5639 619 5708 ἦν
686 5640 953 5695 κάνταῦθα
993 5639 1055 5693 τὸ
1117 5639 1458 5714 σύμμετρον)
1496 5641 1585 5696 καὶ
1635 5645 1669 5712 ἡ
1730 5642 2021 5722 σύστοιχος

373 5725 621 5804 εὔχροια,
680 5729 767 5784 καὶ
800 5727 1048 5803 λιιμῶνα
1105 5729 1457 5805 συνεκρότουν
1483 5730 1814 5808 ἀξιοθέατον’
1857 5733 1908 5806 ἐξ
1957 5735 2020 5790 οὗ

375 5814 657 5891 δρέπεσθαι
688 5816 896 5890 ἡδονὴν
926 5817 1059 5892 ὅσην
1089 5818 1212 5892 ἐξῆν
1241 5825 1358 5886 τοῖς
1389 5818 1773 5898 φιλοθεάμοσι.

2199 5199 2291 5254 25.
2319 5195 2428 5253 Ubi
2449 5210 2583 5252 cum
2615 5195 2819 5250 decore
2850 5190 2909 5246 in
2942 5187 3247 5263 publicum
3281 5187 3514 5260 prodire
3545 5191 3773 5261 oporte-

2131 5289 2252 5356 bat,
2308 5283 2635 5343 venustatis
2667 5284 2773 5340 flos
2829 5298 2963 5339 eum
3013 5278 3332 5336 exornabat
3384 5295 3519 5334 cum
3576 5276 3776 5333 vultus

2130 5379 2414 5453 gravitate
2435 5382 2492 5433 et
2519 5376 2967 5432 honestamento
3015 5369 3371 5442 conspicuus
3401 5371 3591 5432 esset;
3618 5371 3778 5424 totus

2129 5469 2460 5540 eﬂulgebat,
2483 5466 2637 5523 oculi
2667 5464 2883 5521 hilares
2941 5461 3290 5536 gravitatem
3321 5460 3503 5516 Marte
3533 5458 3777 5533 dignam

2129 5557 2512 5625 emittebant;
2545 5556 2606 5610 in
2665 5552 2831 5609 vultu
2891 5551 3176 5609 serenitas
3223 5548 3569 5607 felicissima
3625 5549 3777 5622 prati

2129 5645 2344 5705 amoeni
2373 5643 2677 5718 planitiem
2709 5639 3186 5715 repraesentabat,
3247 5639 3403 5696 unde
3449 5637 3662 5694 harum
3694 5652 3778 5693 re-

2129 5753 2260 5793 rum
2294 5738 2559 5798 amantes
2582 5733 2936 5806 voluptatem
2969 5734 3276 5804 decerpere
3307 5731 3597 5803 poterant.
