4066 6364
288 401 398 461 991

1062 412 1487 476 EUSTATHII
1532 418 1634 476 ΤΗ
1649 418 2304 482 ESSALONICENSIS
2349 421 2937 486 METROPOLITJE

3593 435 3726 495 992

355 533 444 588 26.
477 536 635 594 Talis
664 544 788 594 erat
817 540 1158 613 imperator,
1193 546 1425 616 quando
1459 547 1619 604 intus
1650 548 1722 603 ab
1755 549 1908 640 undi:

2116 550 2212 611 κς’.
2245 551 2341 607 Καὶ
2372 556 2620 615 τοιοῦτος
2651 553 2744 626 μὲν
2781 557 2809 610 ὁ
2863 556 3140 632 βασιλεὺς,
3195 559 3284 614 ὅτε
3329 560 3536 624 ἀθέτως
3589 565 3724 640 εἶχε

287 622 521 680 fervidis
551 628 902 699 agitabatur,
939 633 1085 689 sicut
1119 651 1275 690 mare
1316 637 1470 706 quod
1504 642 1738 693 Creator
1769 639 1936 694 nobis

285 710 672 783 implantavit.
710 720 950 783 Quando
985 727 1203 788 autem,
1233 730 1293 778 ut
1325 725 1672 798 plerumque
1697 728 1779 795 ﬁt,
1807 745 1936 782 acu-

283 798 501 856 leatum
538 806 679 874 quid
705 810 999 878 surgebat,
1030 816 1085 865 et
1113 813 1370 868 animam
1409 816 1625 871 muniri
1657 823 1714 872 et
1744 817 1932 871 vindi-

283 892 398 946 cari
431 898 736 966 Oportebat
767 917 1066 956 armorum
1101 905 1473 970 auxilio,tum
1512 908 1746 964 animus
1777 910 1936 965 ebul-

283 978 430 1036 liens
463 983 658 1055 ignem
692 987 788 1042 ira
829 989 1120 1061 spirabat;
1176 993 1494 1065 imperator
1547 1003 1744 1054 autem
1805 1015 1934 1054 sese

283 1070 589 1128 continens
621 1080 677 1130 et
708 1077 1033 1148 reprimens
1061 1081 1206 1137 iram
1241 1084 1462 1155 (severo
1495 1086 1651 1141 enim
1677 1086 1790 1142 tale
1823 1087 1933 1142 im-

284 1157 512 1228 perium
546 1165 912 1222 committere
962 1169 1050 1224 fas
1089 1173 1234 1242 erat)
1258 1173 1382 1242 jam
1420 1191 1534 1229 non
1569 1177 1722 1231 idem
1757 1176 1932 1232 homo

280 1250 532 1313 erat,sed
565 1250 817 1309 indolem
855 1256 1097 1314 insitam
1121 1261 1448 1331 delineans,
1486 1264 1798 1335 prudentia
1828 1267 1929 1320 do-

280 1335 482 1390 ctorali
516 1337 815 1396 lenitatem
853 1345 1125 1416 deposuit
1157 1349 1226 1402 ad
1265 1349 1411 1405 nihil
1441 1357 1562 1406 tum
1597 1352 1799 1408 utilem
1819 1353 1934 1408 dis-

277 1422 571 1496 cipulis,et
604 1432 943 1489 austeritate
974 1453 1035 1490 se
1067 1439 1519 1511 accinxit,quam
1553 1441 1664 1514 ipsi
1699 1442 1932 1514 ignavia

277 1528 385 1567 sua
411 1526 820 1591 provocarunt,
855 1526 1137 1597 cauteria,
1172 1544 1287 1582 non
1326 1529 1523 1586 dulcia
1553 1532 1810 1587 remedia
1841 1533 1928 1587 at-

276 1600 578 1660 fectantes.

2048 638 2183 712 πρός
2260 662 2311 694 τι
2387 647 2715 715 παρακινοῦν
2794 645 2882 699 καὶ
2956 648 3055 716 τὴν
3129 645 3277 710 ἐντὸς
3334 650 3725 724 ὑποκυμαῖνον

2049 725 2336 798 θάλασσαν,
2369 732 2427 800 ἣν
2462 731 2513 786 ἐν
2547 734 2681 804 ἡμῖν
2712 735 2739 788 6
2772 731 2982 798 πλάσας
3019 733 3192 796 ἔθετο.
3245 739 3369 795 Ὀτε
3403 737 3480 809 δὲ,
3535 741 3716 796 ὁποῖα

2043 813 2229 872 πολλᾶ
2285 816 2587 890 θυμοδακίς
2636 843 2687 874 τι
2746 825 3119 896 παραφανθείη
3183 826 3716 901 ἀνακύψαν’ποθὲν,

2043 905 2130 958 καὶ
2163 904 2330 980 ἐχρῆν
2364 911 2430 981 τῇ
2459 910 2616 984 ψυχῇ
2657 910 2745 964 τὸν
2797 912 2967 976 αὐτῆς
3019 911 3320 992 δορυφόρον
3360 926 3719 992 παραστῆναι

2041 993 2130 1046 καὶ
2185 995 2512 1068 ἀμύνασθαι,
2567 1003 2864 1068 τηνικαῦτα
2922 1001 3093 1074 θυμὸς
3154 1003 3251 1076 μὶν
3293 1003 3516 1076 ἔξὲζειν,
3579 1007 3722 1062 οὐδὲ

2041 1081 2336 1157 καχλάζων
2393 1086 2665 1165 ἀπήφριζε
2702 1088 2840 1143 κατὰ
2885 1087 3012 1151 τοὺς
3059 1089 3140 1153 εἲς
3191 1091 3356 1167 ὀργὴν
3416 1094 3717 1168 πυρίνους·

2045 1171 2369 1247 βιαζόμενος
2403 1171 2459 1229 δὲ
2490 1175 2518 1229 6
2578 1175 2932 1254 αὐτοκράτωρ
2983 1178 3194 1250 ἑαυτὸν,
3257 1182 3348 1235 καὶ
3407 1179 3717 1259 διαζωγρι-

2041 1265 2153 1338 φῶν
2210 1261 2287 1324 εἰς
2347 1263 2685 1338 θυμούμενον
2721 1265 2811 1340 (ἦν
2843 1266 2942 1343 γὰρ
2996 1267 3197 1343 ἀνάγκη
3242 1274 3406 1339 πᾶσα,
3442 1270 3522 1326 ὅτι
3561 1271 3722 1344 μηδὲ

2041 1350 2116 1414 εἷς
2169 1355 2521 1428 παιγνήμονα
2571 1355 2747 1410 θετὲον
2799 1360 2896 1426 τήν
2923 1356 3066 1413 οὕτω
3098 1361 3429 1433 σεμνοτάτην
3467 1361 3712 1436 ἀρχὴν),

2041 1440 2379 1518 οὐκέτ’ἀνὴρ
2412 1440 2492 1497 ὅδ’
2549 1443 2708 1507 αὐτὸς
2765 1447 2857 1514 ἦν,
2913 1444 3059 1502 ἀλλὰ
3089 1453 3418 1524 παρατυπῶν
3471 1449 3533 1504 τὸ
3595 1449 3713 1524 ἕμ-

2041 1551 2203 1607 φυτον
2263 1533 2625 1611 ζωγράφημα,
2671 1532 2898 1604 ἐξὲνευεν
2953 1535 3028 1598 εἷς
3081 1535 3180 1592 ὅσα
3226 1538 3316 1592 καὶ
3367 1534 3718 1603 διδάσκαλος

2039 1616 2260 1697 ἔμφρων
2293 1665 2308 1693 ,
2361 1624 2450 1677 τὸν
2512 1623 2604 1695 μὲν
2665 1629 2835 1699 πρᾶον
2895 1624 3325 1700 ἀποτιθέμενος,
3381 1629 3442 1681 οὗ
3502 1629 3722 1702 μηκέτι

274 1689 462 1764 καιρὸς
489 1698 606 1756 τοῖς
635 1693 1072 1772 διδασκομένοις,
1105 1704 1195 1756 τὸν
1231 1700 1287 1758 δὲ
1316 1703 1724 1781 ἐπιστρεπτικὸν
1763 1710 2319 1787 μεταμφιεννύμενος,
2353 1711 2408 1766 ὃν
2444 1711 2596 1766 αὐτοὶ
2643 1714 2779 1768 κατὰ
2807 1721 2905 1784 τῆς
2951 1714 3185 1789 ἀμαθίας
3230 1715 3712 1793 προεκαλέσαντο,

272 1785 571 1855 καυτῆρας,
607 1782 706 1839 οὐκ
730 1784 868 1856 ἤπια
899 1790 1156 1866 φάρμακα
1188 1795 1456 1859 θέλοντες.

339 2028 429 2085 27.
462 2029 632 2086 Aliud
659 2033 738 2088 ibi
792 2036 986 2094 videre
1035 2048 1160 2096 erat
1221 2043 1677 2114 pulchritudinis
1728 2049 1908 2118 speci-

2100 2040 2197 2106 κζ’.
2236 2039 2336 2095 Καὶ
2367 2039 2432 2108 ἧν
2468 2039 2686 2104 ἐνταῦθα
2721 2040 2941 2116 βλέπειν
2989 2041 3128 2098 ἄλλο
3177 2051 3381 2118 κρᾶμα,
3439 2043 3710 2109 κάλλους

275 2133 429 2173 men.
464 2118 740 2177 I-Iilaritas
775 2126 930 2180 enim
964 2133 1022 2183 et
1079 2131 1163 2186 sic
1208 2150 1320 2188 non
1353 2133 1620 2190 lusciosis
1649 2137 1870 2192 effulsit
1904 2163 1918 2204 ;

273 2208 453 2263 animi
506 2227 638 2266 vero
692 2213 918 2270 indoles
973 2219 1171 2275 vultus
1231 2223 1587 2281 lineamenta
1623 2229 1918 2298 coloravit,

269 2295 424 2350 sicut
453 2297 613 2354 intus
649 2299 840 2373 fulgar
888 2309 1168 2378 recondit,
1231 2316 1289 2365 at
1347 2332 1458 2368 non
1515 2317 1748 2387 penitus
1781 2334 1917 2372 ocu-

267 2383 459 2439 lorum
480 2388 707 2443 obtutui
741 2394 1014 2450 detrahit.
1047 2397 1152 2460 Qui
1211 2407 1405 2456 autem
1457 2383 1651 2458 coram
1687 2412 1917 2476 specta-

268 2471 397 2527 culo
430 2474 528 2530 illo
571 2477 728 2548 regio
761 2483 1006 2551 steterit,
1041 2485 1152 2539 sibi
1188 2486 1401 2544 timens
1433 2493 1589 2561 quod
1625 2471 1917 2548 res'aliter

268 2560 391 2615 ﬁeri
427 2579 538 2617 non
575 2571 799 2636 poterat
829 2569 960 2640 (nisi
996 2571 1426 2644 imperterritus
1453 2560 1673 2651 aliquis
1705 2582 1771 2636 ad
1799 2581 1916 2637 leo-

267 2666 396 2704 nem
430 2651 646 2709 clausis
679 2659 1009 2728 superciliis
1059 2665 1457 2732 quiescentem
1518 2671 1808 2738 accessitt,
1860 2676 1917 2726 et

266 2727 515 2796 obscuro
547 2745 676 2800 visu
699 2749 927 2803 tantum
964 2753 1544 2821 speciem‘externam
1587 2760 1763 2824 videt.
1797 2777 1912 2816 non

264 2833 459 2884 autem
492 2831 549 2885 in
583 2833 851 2891 intimam
887 2837 1072 2894 lucem
1108 2846 1913 2919 penetrat(mensstupel‘acta

263 2919 427 2974 timet
469 2927 822 2991 perscrutari
857 2931 1005 2999 quod
1067 2949 1218 3004 sape
1249 2943 1504 2992 mentem
1565 2939 1730 3012 fugit,
1763 2948 1819 2997 et
1851 2944 1906 2998 in

261 3010 572 3079 superficie
595 3013 803 3082 judicii
834 3019 1051 3089 manet)
1102 3023 1247 3076 mori
1280 3025 1481 3080 mallet
1503 3010 1678 3098 quam
1717 3046 1907 3103 regem

257 3094 369 3150 sibi
402 3097 613 3154 iratum
639 3101 872 3169 habere,
899 3106 1053 3160 sicut
1111 3125 1296 3180 neque
1354 3119 1554 3178 Deum,
1608 3118 1779 3188 cujus
1821 3119 1908 3175 ira

257 3185 607 3244 mortalibus
633 3192 828 3261 gravis
859 3199 968 3259 est,
999 3195 1135 3251 licet
1190 3215 1404 3272 magno
1448 3220 1586 3275 erga
1637 3185 1905 3263 homines

255 3287 453 3328 amore
497 3275 816 3349 mitigetur.
854 3281 1167 3354 Nunquam
1227 3293 1400 3343 antea
1450 3295 1653 3347 tantus
1713 3300 1906 3351 metus

250 3359 550 3419 hominem
581 3365 895 3438 invaserat,
925 3377 984 3427 et
1041 3373 1380 3432 humanitas
1412 3379 1784 3452 imperatoris
1817 3385 1900 3439 in-

249 3450 628 3509 tervenientis
657 3454 950 3513 labentem
985 3462 1167 3517 erexit
1197 3469 1254 3519 et
1293 3450 1687 3526 amaritudine
1736 3474 1899 3530 edul-

250 3542 516 3595 coratum
541 3551 834 3615 sanasset,
869 3548 918 3602 si
950 3551 1233 3608 sanabilis
1266 3554 1492 3612 fuisset.
1530 3560 1590 3613 In
1615 3559 1709 3615 his
1740 3562 1896 3617 enim

248 3627 713 3703 rebusineptum
744 3641 900 3692 esset
931 3655 1143 3697 sensus
1185 3643 1366 3699 animi
1425 3647 1664 3705 intimos
1713 3652 1900 3723 repri-

248 3730 428 3784 mere,
487 3722 546 3773 et
604 3723 960 3781 contrarium
1026 3729 1475 3800 amplectentem
1564 3722 1903 3795 humaniter

249 3806 574 3862 secundare
605 3813 780 3880 atque
809 3811 890 3868 ita
939 3821 995 3870 et
1052 3833 1114 3873 se
1175 3822 1233 3874 et
1255 3821 1473 3880 multos
1494 3824 1639 3882 alios
1670 3827 1728 3883 in
1767 3844 1897 3900 per-

248 3893 463 3949 niciem
496 3898 916 3970 pracipitasse.

319 4264 408 4321 28.
444 4266 728 4340 Equidem
759 4272 939 4330 talem
972 4277 1236 4334 animum
1259 4280 1457 4353 laudo,
1490 4284 1783 4358 siquidem
1808 4290 1898 4347 lex

251 4355 555 4424 normalis,
588 4375 764 4430 quam
798 4361 846 4416 si
889 4364 1268 4437 imperatores
1325 4380 1662 4430 exercerent
1689 4375 1896 4434 lauda-

250 4446 455 4497 rentur
484 4447 747 4518 quidem,
807 4450 1106 4509 abolentes
1163 4461 1358 4515 autem
1407 4465 1596 4518 totum
1653 4467 1894 4524 modum

251 4533 480 4586 tantum
517 4551 631 4591 non
663 4538 1084 4598 subverterent.
1122 4545 1305 4602 Homo
1355 4555 1551 4606 autem
1601 4559 1802 4611 noster
1829 4574 1896 4612 ea

246 4618 447 4675 indole
477 4626 533 4676 et
559 4624 759 4682 habitu
794 4631 1053 4702 corporis
1085 4640 1230 4700 erat,
1271 4641 1506 4708 quando
1538 4643 1592 4695 in
1646 4645 1896 4703 civitatis

245 4708 759 4771 administratione
780 4718 1022 4789 agitatio
1053 4724 1315 4793 quaedam
1349 4729 1499 4797 apud
1531 4745 1666 4785 eum
1698 4732 1893 4789 eluce-

243 4796 381 4865 bat;
415 4799 634 4858 bellum
668 4806 823 4861 enim
856 4810 908 4864 ei
954 4809 1132 4866 alium
1167 4814 1350 4868 animi
1409 4817 1682 4876 aﬂ‘ectum
1733 4839 1892 4879 crea-
1923 4779 1970 4844 D

242 4884 362 4953 bat,
405 4889 576 4958 cujus
598 4899 762 4964 gesta
787 4894 845 4949 in
875 4899 1203 4956 Annalibus
1231 4919 1265 4957 a
1295 4905 1663 4974 gravissimis
1691 4916 1889 4968 aucto-

242 4974 406 5032 ribus
432 4980 710 5038 cont’ectis
742 4985 1071 5059 perscripta
1103 4993 1264 5046 sunt.

305 5192 708 5267 29.Eleganter
738 5203 1119 5259 conversandi
1152 5209 1384 5279 tempus
1401 5213 1698 5271 est.Nemo
1728 5217 1884 5275 enim

237 5294 338 5350 per
360 5284 542 5338 totam
577 5286 754 5343 vitam
787 5287 960 5360 plane
991 5292 1155 5350 rudis
1187 5298 1294 5367 est,
1345 5301 1454 5356 etsi
1482 5299 1628 5358 alter
1673 5305 1884 5363 Timon

234 5376 426 5440 esset;
463 5373 724 5433 amicitia
757 5383 953 5436 autem
991 5383 1385 5443 urbanitatem
1420 5407 1723 5464 nunquam
1748 5397 1882 5468 reji-

234 5457 330 5524 cit,
367 5464 430 5515 ut
461 5478 566 5517 nec
596 5466 945 5536 gubernatio
979 5470 1186 5529 civilis.
1224 5475 1350 5533 Fuit
1401 5481 1557 5537 enim
1599 5483 1879 5541 saeculum

235 5560 348 5615 quo
373 5547 690 5618 imperator
721 5555 1040 5616 melliﬂuus
1073 5561 1258 5618 obviis
1307 5565 1757 5644 quibuscunque
1787 5589 1880 5629 es-

235 5638 567 5724 set._ltaque
598 5657 816 5701 manna
846 5646 1072 5706 caelitus
1104 5650 1273 5723 pluit,
1297 5654 1436 5724 quia
1467 5673 1502 5712 a
1529 5638 1880 5718 celsitudine

236 5721 396 5791 regia
428 5739 542 5778 non
574 5727 657 5782 sic
687 5732 975 5790 cadebant
999 5721 1149 5808 regii
1181 5721 1504 5815 sermones,
1545 5746 1763 5817 quibus
1819 5753 1878 5805 et

1931 3411 1974 3479 α
2015 3372 2399 3450 φιλανθρωπίᾳ
2476 3377 2833 3479 συνκίκραται
2866 3421 2885 3479 ἱ

2026 2127 2115 2180 καὶ
2175 2127 2333 2184 αὐτό.
2389 2130 2458 2184 Τὸ
2528 2131 2622 2201 μὲν
2679 2131 2781 2206 γάρ
2841 2130 3033 2204 ἱλαρὸν
3083 2133 3172 2187 καὶ
3224 2133 3368 2196 οὕτω
3412 2140 3531 2197 τοῖς
3591 2138 3705 2191 οὐκ

2029 2211 2458 2286 ἀμϐλυο.›ποῦσιν
2507 2217 2797 2292 ἐξέλαμπε,
2844 2221 2905 2275 τὸ
2955 2218 3011 2275 δὲ
3049 2222 3394 2296 θυμούμενον
3423 2230 3520 2294 τῆς
3577 2228 3701 2298 ψυ-

2027 2312 2138 2378 χῆς
2170 2302 2380 2382 ἔχρωζε
2408 2307 2497 2361 καὶ
2549 2306 2736 2371 ἄλλως
2774 2311 2835 2364 τὸ
2865 2312 3323 2388 προφαινόμενον,
3384 2314 3522 2367 καθὰ
3581 2335 3703 2369 που

2025 2395 2249 2468 κρύπτει
2313 2396 2406 2468 μὲν
2465 2395 2614 2461 ἐντὸς
2663 2398 2724 2452 τὸ
2784 2400 3063 2475 φωταυγὲς
3095 2445 3109 2470 ,
3184 2401 3427 2478 ἀφανίζει
3480 2400 3540 2456 δὲ
3586 2404 3704 2459 οὐκ

2028 2482 2269 2540 εἷ’σάπαν.
2323 2486 2420 2540 Καὶ
2472 2487 2498 2540 6
2530 2492 2609 2559 τῷ
2653 2487 2923 2563 βασιλικῷ
2952 2490 3262 2566 περιτυχὼν
3323 2490 3514 2563 ἐκείνῳ
3544 2512 3695 2567 προ-

2025 2575 2294 2647 σχήματι,
2343 2575 2550 2652 φρίξας,
2605 2575 2686 2630 ὅτι
2750 2575 2892 2649 μηδὲ
2937 2580 3001 2647 ἦν
3063 2575 3253 2643 ἅλΛως
3302 2579 3550 2654 γενέσθαι
3616 2581 3692 2653 (εί

2029 2662 2103 2733 μή
2159 2663 2247 2716 καὶ
2295 2662 2488 2719 λέοντά
2533 2685 2614 2726 τις
2660 2667 2843 2740 ἡμέρα
2887 2666 2950 2720 τὸ
2998 2665 3301 2722 ἐπισκύνιον
3346 2665 3693 2738 συνδήσαντα

2022 2750 2270 2824 παρῆλθὲ
2326 2773 2431 2806 που
2486 2750 2782 2828 ἄτρεστος),
2839 2755 2928 2809 καὶ
2994 2754 3056 2809 τὸ
3113 2755 3335 2810 ὀπτικὸν
3390 2759 3693 2832 συγχεθεὲς

2021 2838 2247 2908 ἐκεῖνος,
2281 2842 2355 2902 ὡς
2392 2842 2555 2914 μόνον
2607 2849 2846 2918 προορᾷν
2903 2845 2964 2899 τὸ
3017 2843 3314 2914 ἐπιπολῆς,
3366 2845 3441 2918 μὴ
3503 2842 3688 2920 51.16a-

2021 2928 2193 2983 θύνειν
2240 2927 2296 2984 δὲ
2343 2931 2431 2984 καὶ
2465 2930 2541 2994 εἷς
2586 2932 2686 3000 τὴν
2739 2929 2888 2986 ἔνδον
2939 2938 3130 3011 φαῦσιν
3181 2931 3377 3007 (δεινὸν
3415 2935 3521 3009 γὰρ
3573 2934 3691 2991 λο-

2018 3019 2218 3092 γισμὸς
2279 3020 2592 3090 ὑποπτήξας
2650 3022 2725 3092 μὴ
2784 3016 3122 3096 ἐξακριϐοῦν,
3181 3022 3328 3079 ἀλλὰ
3381 3029 3480 3079 τοῦ
3532 3045 3680 3100 προ-

2017 3110 2344 3185 φαινομένου
2376 3107 2658 3182 γίνετοαι),
2694 3115 2868 3173 θανεῖν
2932 3107 3140 3182 εὔξαιτο
3198 3109 3281 3181 ἂν,
3325 3110 3468 3188 ἤπερ
3520 3115 3686 3190 βασι-

2016 3196 2112 3252 λὲα
2143 3195 2321 3262 ἔνθεον
2381 3198 2532 3270 αὐτῷ
2592 3197 2991 3272 ἐπισκύζεσθαι,
3039 3202 3177 3265 καθὰ
3212 3199 3354 3274 μηδὲ
3393 3202 3549 3274 Θεὸν,
3619 3203 3681 3286 οὗ

2012 3285 2100 3339 καὶ
2131 3285 2294 3341 αὐτοῦ
2327 3288 2354 3342 ὁ
2387 3288 2559 3360 θυμὸς
2616 3287 2781 3364 βαρὺς
2830 3293 2948 3352 τοῖς
2986 3290 3110 3366 περὶ
3140 3297 3268 3366 γῆν,
3301 3290 3346 3346 εἰ
3394 3293 3484 3346 καὶ
3536 3285 3684 3370 ἄκρᾳ

2972 3377 3132 3435 Οὕτω
3208 3383 3458 3435 τοιοῦτον
3552 3379 3682 3445 δέος

2013 3461 2204 3518 ἔπαθεν
2246 3465 2274 3519 ὁ
2322 3462 2627 3534 συσταλεὶς,
2685 3467 2776 3521 καὶ
2826 3466 2888 3522 τὸ
2944 3466 3228 3543 βασιλικὸν
3255 3469 3447 3546 ἱλαρὸν
3494 3471 3677 3542 προέ-

2005 3571 2190 3627 τρεχε,
2262 3552 2351 3608 καὶ
2427 3549 2772 3628 ἀνελάμϐανε
2841 3557 3240 3613 καταπὲττοντα
3273 3601 3290 3626 ,
3365 3558 3456 3614 καὶ
3521 3558 3674 3632 μηδὲ

2008 3640 2395 3716 παραψάμενον
2449 3648 2762 3719 πικρασμοῦ
2818 3642 3136 3721 ἑγλύκαζεν,
3191 3647 3237 3702 εἶ
3293 3649 3369 3720 μή
3432 3647 3536 3724 ἄρα
3585 3649 3672 3713 εἰς

2006 3731 2068 3784 τὸ
2125 3731 2298 3800 πάντη
2327 3734 2543 3795 πάντως
2592 3733 2837 3804 ὲξήνεκτο
2894 3735 3277 3812 ἀθεράπευτον.
3337 3738 3424 3794 'Ev
3472 3738 3674 3792 τοιού-

2006 3841 2123 3881 τοις
2151 3821 2252 3894 γάρ
2311 3820 2528 3890 ἠλίθιος
2586 3820 2645 3876 ἂν
2707 3818 2791 3893 εἷή
2844 3824 2872 3878 6
2902 3824 3275 3900 κατασιγάζων
3311 3825 3375 3880 τὸ
3405 3826 3668 3900 Θυμικὸν,

2006 3909 2098 3962 καὶ
2127 3913 2204 3980 τῷ
2233 3909 2572 3985 ἀντιστρόφῳ
2603 3912 2790 3987 χώραν
2821 3909 3004 3976 διδοὺς
3055 3912 3475 3990 ἆκτραχηλίζειν
3524 3918 3670 3971 κατά

2005 4002 2278 4073 κρημνοῦ,
2321 4000 2411 4054 καὶ
2459 4000 2879 4078 συγκαταφέρειν
2905 4007 2974 4076 τῇ
3010 4005 3242 4077 μιμήσει
3284 4004 3534 4068 πολλοὺς
3581 4006 3666 4067 είς

2006 4083 2256 4164 ὄλεθρον,

2076 4283 2183 4351 κη’.
2219 4284 2451 4339 Ἐπαινῶ
2478 4283 2570 4339 τὸν
2621 4287 2871 4340 τοιοῦτον
2928 4286 3099 4358 θυμὸν
3151 4283 3422 4362 ἐγὼ,ἑπεὶ
3477 4288 3567 4343 καὶ
3630 4291 3664 4346 ὁ

2006 4367 2313 4445 διορθωτής
2358 4370 2548 4445 νόμος,
2589 4372 2646 4428 ὃν
2707 4374 2760 4428 οἳ
2817 4372 3274 4450 αὖτοκρατοῢντες
3336 4378 3665 4450 μετριάσαν-

2002 4480 2091 4523 τες
2123 4460 2216 4533 μὲν
2262 4459 2566 4516 ἐπαινοῖντο
2612 4459 2696 4531 ἂν,
2756 4459 3150 4537 ἀπαλείψαντες
3200 4460 3258 4518 δὲ
3307 4464 3491 4520 οὐκᾶν
3523 4467 3666 4545 φθά-

2005 4571 2144 4604 νοιεν
2175 4551 2275 4618 τήν
2315 4555 2410 4605 τοῦ
2465 4551 2667 4615 παντὸς
2712 4551 2852 4622 νάειν
2899 4553 3242 4629 συγχέαντες.
3296 4554 3401 4610 Καὶ
3431 4555 3499 4624 ἦν
3558 4557 3659 4630 μὶν

2005 4639 2032 4692 6
2063 4637 2455 4711 ἐπαινούμενος
2507 4638 2650 4695 οὕτω
2696 4647 3048 4716 χαρακτῆρος
3086 4639 3231 4716 ἔχων
3263 4644 3349 4697 καὶ
3383 4647 3658 4717 καταστή-

2009 4749 2177 4802 ματος
2227 4733 2323 4784 τοῦ
2379 4730 2496 4784 κατ’
2554 4725 2699 4804 ὄψιν,
2760 4728 2850 4785 ὅτε
2907 4731 3112 4803 θυμικὴ
3172 4728 3506 4807 παραδράμῃ
3565 4756 3657 4798 τις

2001 4815 2314 4893 περιπέτεια
2341 4818 2408 4873 τά
2437 4839 2500 4894 γε
2529 4818 2606 4880 είς
2635 4819 2698 4873 16
2727 4817 3127 4878 πολιτεύεσθαι.
3160 4821 3222 4877 Ὁ
3269 4819 3518 4895 πόλεμος
3548 4823 3653 4899 γὰρ

2001 4907 2148 4980 αὐτῷ
2179 4907 2416 4981 ἕτεροίαν
2459 4909 2574 4983 εἶχε
2605 4907 2982 4984 θυμομαχίαν,
3012 4909 3078 4979 ἣν
3113 4910 3169 4963 αἱ
3196 4911 3414 4983 πράξεις
3448 4908 3658 4981 διαζω-

1997 5000 2312 5075 γραφοῦσιν,
2347 4996 2406 5061 ἃς
2439 4998 2494 5051 αἱ
2529 4991 2811 5072 βιϐλιακαὶ
2840 4995 3047 5072 πτύχες
3075 4997 3431 5077 ἀμφιέπουσι.

2065 5215 2164 5271 κθ’.
2198 5213 2402 5291 Καιρὸς
2464 5211 2530 5286 δή
2579 5235 2662 5277 τις
2707 5213 2795 5269 καὶ
2851 5213 3211 5272 ἀστεία-ασθαι.
3246 5214 3325 5273 Οὐ
3357 5217 3461 5293 γάρ
3522 5215 3655 5274 δυσ-

1991 5301 2262 5380 τράπελος
2322 5302 2411 5359 διὰ
2471 5304 2594 5380 βίου
2643 5303 2843 5367 παντὸς
2894 5304 2946 5358 ἰν
2992 5304 3303 5381 ἀνθρώποις
3337 5306 3540 5376 οὐδεὶς,
3606 5308 3664 5364 εἷ’

1989 5413 2051 5468 γε
2079 5393 2169 5447 καὶ
2199 5392 2382 5467 Τίμων
2417 5391 2745 5470 ἰφιλιάζετο·
2789 5391 2944 5468 φιλία
2971 5391 3029 5448 δὶ
3062 5390 3293 5468 οὐδεμία
3320 5395 3383 5450 16
3438 5395 3654 5452 ἀστεῖον

1992 5481 2275 5555 ἀπείπατο,
2306 5483 2545 5556 καθάπερ
2607 5479 2735 5537 οὐδὲ
2785 5480 2978 5555 ὁμιλία
3024 5484 3059 5552 ἡ
3104 5481 3484 5555 πολιτευτική.
3519 5491 3652 5540 Και-

1990 5571 2082 5646 ρὸς
2123 5567 2188 5642 δή
2223 5593 2305 5635 τις
2334 5571 2425 5626 καὶ
2452 5570 2700 5633 τοιοῦτός
2730 5591 2882 5643 ποτε,
2912 5569 3002 5624 καὶ
3034 5571 3061 5625 6
3116 5569 3371 5647 βασιλεὺς
3420 5572 3651 5650 ἆπέῤῥεε

1991 5658 2220 5733 μέλιτος
2247 5665 2362 5724 τοῖς
2391 5659 2795 5738 ἐντυγχάνουσι.
2853 5656 3104 5714 Μάλιστα
3139 5660 3234 5733 μὲν
3265 5661 3356 5716 οὗν
3410 5663 3486 5724 ὡς
3551 5663 3649 5719 ἀπ’

1984 5747 2215 5826 οὐρανοῦ
2276 5747 2448 5823 μάννα
2499 5743 2746 5826 ἔϐρεχιν,
2805 5749 2888 5804 ὅτι
2945 5751 3040 5804 τοῦ
3089 5746 3142 5805 ἰν
3201 5745 3321 5824 ὕψει
3378 5752 3645 5827 μεγέθους
