4066 6364
1169 416 1573 480 MANUELIS
1617 414 1969 476 COMNENI
2014 417 2412 480 LAUDATIO
2457 419 2880 482 FUNEBRIS.

3615 423 3736 485 994

313 549 431 608 οὐδ’
460 548 605 607 οῦτω
653 551 982 606 κατέπιπτον
1032 550 1084 604 οἱ
1140 545 1414 623 βασιλικοὶ
1455 545 1641 620 λόγοι,
1674 548 1758 608 οἷς
1787 547 1878 600 καί
1909 547 1970 600 τὸ

2096 549 2250 605 [³εοὶθί
2283 555 2562 608 constans
2589 554 2874 610 serenitas
2904 553 3076 610 aliam
3102 556 3467 612 dulcedinem
3491 561 3735 630 gustan-

311 645 408 697 τοῦ
437 638 736 715 προσώπου
783 639 1044 714 γαλήνιον
1099 634 1572 709 συνδιατιθὲμενον
1606 634 1788 710 ἑτέρας
1821 631 1970 712 ἔγευε

312 730 676 808 γλυκύτητος.
729 731 915 785 Μάννα
967 728 1043 798 δὲ,
1095 726 1179 783 δτι
1227 747 1326 803 περ
1372 725 1448 789 εἷς
1499 723 1872 800 πολυτροπίαν
1903 725 1969 779 τὰ

311 827 412 889 τῆς
471 817 727 894 γλυκείας
777 815 999 889 ὁμιλίας
1050 811 1302 885 διέϐαινε,
1352 815 1442 870 καὶ
1495 811 1801 876 πολυειδῶς
1858 813 1968 869 ἐνε-

314 904 695 984 ϐρωματίζετο
719 913 820 976 τῆς
849 903 1057 976 ἡδονῆς
1089 907 1116 961 6
1148 908 1343 960 πεινῶν
1393 905 1456 958 τὸ
1487 901 1816 982 φιλόκαλοι.
1871 903 1968 957 Καὶ

313 1000 342 1054 6
377 998 474 1071 μὶν
508 993 697 1058 ἄλλως
747 993 882 1065 ἡδὺς
935 1000 1032 1050 τοῦ
1080 997 1518 1072 προφαινομένου
1566 996 1655 1064 ἦν,
1707 992 1782 1054 είς
1835 993 1967 1068 γλυ-

311 1093 458 1142 κεῖαν
519 1083 648 1139 αὐτὸ
711 1086 930 1159 βάπτων
983 1080 1208 1138 ἔννοιαν·
1262 1085 1290 1138 6
1324 1080 1382 1137 δὲ
1431 1081 1621 1158 λόγιος
1663 1080 1752 1137 καὶ
1806 1082 1880 1144 εἷς
1907 1082 1968 1136 τὸ

314 1174 467 1231 ἔνδον
545 1173 1018 1252 φιλοσοφούμενον
1085 1167 1393 1236 ἐνεϐάθυνεν
1430 1218 1445 1243 ,
1505 1169 1839 1244 ἓκμυελίζων
1908 1172 1968 1226 τὸ

312 1264 518 1338 νόημα.
554 1261 650 1316 Καὶ
709 1266 805 1336 μὲν
846 1259 961 1317 οόδ’
1009 1260 1257 1332 ἐξέπιπτὲ
1305 1283 1357 1316 τι
1388 1265 1495 1315 τῶν
1546 1259 1752 1316 ἐκείνου
1785 1260 1966 1336 ἀργὸν,

314 1353 406 1409 καὶ
463 1353 537 1414 ὡς
571 1353 692 1406 οἷον
725 1351 800 1412 εἰς
855 1348 1088 1412 ὀστῶδες
1139 1371 1191 1405 τι
1247 1347 1637 1426 ἐκλογίζεσθαι·
1699 1349 1866 1426 ἤρτυε
1912 1347 1970 1404 δὲ

311 1443 404 1499 τὸν
437 1439 606 1517 λόγον
656 1439 818 1496 ἅλατι
865 1440 961 1514 μὶν
1011 1437 1205 1494 διόλου
1253 1443 1334 1512 τῷ
1385 1437 1474 1494 διὰ
1503 1439 1703 1500 παντὸς
1728 1438 1970 1512 νοστίμῳ

311 1539 412 1602 τῆς
468 1529 915 1606 μεταχειρίσεως,
969 1529 1058 1584 καὶ
1120 1529 1360 1604 βαθείαις
1417 1525 1475 1583 δὲ
1531 1527 1804 1604 θεωρίαις,
1850 1534 1967 1590 ταῖς

319 1622 436 1694 μὲν,
471 1619 600 1681 ὅσας
643 1619 694 1672 οἱ
741 1617 1045 1674 ἀπόστολοι
1078 1618 1316 1691 μαθηταὶ
1346 1617 1435 1673 καὶ
1466 1619 1493 1672 ὁ
1518 1616 1842 1678 ἀποστείλας
1878 1615 1970 1689 μὲ-

312 1731 499 1786 γιστος
530 1705 857 1770 διδάσκαλος
887 1706 1203 1778 ἀνέπτυξαν,
1238 1713 1356 1770 ταῖς
1390 1705 1468 1775 δὲ,
1501 1705 1716 1768 ὁποίαις
1752 1707 1804 1760 οἱ
1835 1705 1969 1778 ἐξω-

313 1819 403 1874 τερ
413 1797 518 1854 ικοὶ
552 1796 929 1870 σεμνύνονται.

2080 638 2218 694 dam
2252 640 2510 711 praebet:
2547 660 2764 698 manna
2810 647 3026 711 autem,
3077 647 3231 715 quod
3281 646 3736 703 conversationis

2080 727 2315 784 delicias
2349 730 2760 802 multiplicavit
2792 732 2840 788 is
2871 733 2969 804 qui
3001 732 3500 804 pulchritudinem
3547 735 3731 791 esurit

2081 814 2431 872 multimoda
2462 818 2761 890 voluptate
2794 820 3116 876 fruebatur.
3139 823 3204 877 Et
3233 822 3328 876 hic
3358 823 3596 894 quidem
3626 823 3736 880 ali-

2079 909 2165 958 ter
2187 921 2360 976 quam
2387 923 2489 978 per
2520 907 2772 979 speciem
2797 909 3102 979 jucundus
3127 916 3276 979 erat,
3309 916 3564 966 mentem
3596 929 3732 968 sua-

2080 1010 2205 1048 vem
2240 994 2580 1066 baptizans;
2615 997 2713 1068 qui
2766 1014 2897 1052 vero
2951 998 3198 1054 rationis
3257 1001 3551 1071 particeps
3611 1005 3735 1056 erat

2081 1083 2138 1137 iu
2173 1082 2441 1138 intimam
2477 1087 2815 1156 penetrabat
2844 1087 3302 1160 philosophiam,
3349 1090 3564 1161 ingenii
3612 1108 3738 1146 me-

2081 1170 2302 1226 dullam
2334 1173 2649 1230 hauriens:
2685 1181 2738 1230 et
2767 1175 2910 1231 nihil
2945 1194 3146 1232 eorum
3179 1195 3302 1247 quas
3354 1196 3422 1234 ex
3470 1178 3570 1233 illo
3600 1184 3740 1235 sunt

2080 1259 2139 1314 in
2172 1278 2383 1316 vanum
2418 1263 2646 1333 cecidit,
2673 1271 2730 1320 et
2761 1267 2936 1336 quod,
2967 1271 3030 1320 ut
3059 1265 3141 1322 ita
3171 1267 3381 1335 dicam,
3416 1269 3474 1322 in
3506 1285 3736 1323 osseam

2081 1354 2352 1405 naturam
2387 1352 2550 1407 abiit.
2584 1353 2830 1410 Omnem
2862 1356 3017 1410 enim
3070 1373 3401 1412 sermonem
3447 1356 3568 1414 sale
3599 1375 3738 1412 con-

2077 1439 2272 1494 diehat
2303 1439 2541 1510 usitato,
2576 1445 2633 1496 et
2661 1443 2954 1514 profunda
2986 1445 3340 1516 indagando,
3375 1450 3436 1500 ut
3487 1445 3738 1517 apostoli

2079 1527 2350 1600 discipuli
2383 1535 2440 1584 et
2470 1547 2742 1586 summus
2777 1532 3059 1604 magister
3089 1534 3190 1605 qui
3224 1550 3323 1590 eos
3358 1533 3520 1590 misit
3546 1533 3733 1607 expli-

2081 1633 2274 1685 cuere,
2309 1618 2523 1674 deinde
2561 1636 2720 1675 more
2749 1621 2996 1692 vulgari.

388 1905 455 1962 λ’.
481 1906 597 1961 Ἵνα
647 1903 749 1980 γὰρ
806 1902 896 1958 καὶ
955 1907 1042 1957 νῦν
1101 1903 1176 1964 ὡς
1236 1901 1289 1957 ἐν
1349 1897 1603 1976 θριάμϐῳ
1650 1902 1832 1974 τούτῳ
1879 1901 1968 1956 καὶ

2151 1903 2238 1956 30.
2275 1901 2346 1958 Ut
2374 1901 2557 1975 igitur
2588 1921 2746 1960 nunc
2779 1905 2836 1960 in
2873 1905 3087 1962 illustri
3121 1906 3422 1979 triumpho
3455 1914 3740 1980 quantum

315 1997 500 2067 σεμνῷ
549 1992 639 2047 καὶ
691 1990 936 2066 λαμπρῷ
986 1991 1134 2047 τὸέν
1188 1989 1312 2063 ἐμοὶ
1340 1995 1437 2046 τοῦ
1487 1990 1760 2063 θαύματος
1791 1990 1971 2044 οἰκου-

319 2088 446 2159 ροῦν
476 2083 804 2158 προαγαγὼν
839 2081 1124 2153 θεατρίσω,
1158 2079 1258 2134 οὐκ
1285 2079 1352 2149 ἦν
1403 2079 1800 2150 ὑποκινηθῆναί
1843 2101 1975 2134 ποτε

327 2170 546 2236 λαλιὰν,
597 2171 653 2225 ὲν
702 2172 841 2245 ᾗπερ
869 2172 897 2225 6
944 2171 1298 2246 αὐτοκράτωρ
1352 2170 1452 2225 οὐκ
1503 2169 1746 2240 ἐξελάλει
1774 2191 1824 2224 τι
1855 2191 1974 2224 και-

329 2262 420 2316 νὸν
457 2261 552 2333 μὶν
599 2259 674 2321 εἰς
726 2259 914 2331 ἀκοὴν,
960 2259 1298 2331 θεόπεμπτον
1351 2255 1408 2312 δὲ
1455 2257 1532 2320 εἷς
1577 2259 1786 2329 νόησιν.
1832 2259 1976 2332 Ἐγὼ

327 2349 525 2421 τοίνυν,
559 2349 692 2423 ἀνὴρ
725 2346 848 2403 οὔτε
895 2347 1222 2424 ἀμφιλαφὴς
1267 2348 1366 2415 τὴν
1414 2353 1635 2422 γνῶσιν,
1666 2347 1754 2402 καὶ
1796 2347 1870 2409 ὡς
1903 2347 1978 2402 εἰς

330 2444 450 2494 πεῖν
480 2433 845 2506 πολυϐενθὴς,
880 2436 941 2491 ού
995 2437 1101 2510 μὴν
1137 2434 1194 2490 δὲ
1243 2433 1356 2490 οὐδ’
1389 2435 1601 2510 εἷ’σάγαν
1653 2431 1859 2505 ἀϐαθὴς
1891 2434 1978 2490 καί

330 2527 492 2602 ψιλὸς
525 2528 833 2600 μαθήσεως,
885 2525 983 2580 ούκ
1034 2525 1091 2580 ἂν
1142 2524 1451 2600 αὐχήσαιμι
1481 2520 1818 2601 παραϐαλεῖν
1851 2546 1983 2580 ποτε

327 2619 424 2685 τὴν
454 2615 622 2685 ἀκοήν
663 2615 915 2690 ἀκροάσει
971 2613 1253 2689 βασιλικῇ,
1307 2614 1358 2668 ἐν
1461 2617 1535 2686 μή
1587 2636 1636 2668 τι
1665 2614 1862 2684 ξενίζον
1892 2614 1982 2668 καὶ

327 2703 616 2783 ἀρτιφανὶς
674 2698 856 2778 ἔμοιγ’
906 2703 998 2758 οὖν
1060 2702 1134 2765 είς
1200 2705 1644 2778 χρηστομάθειαν
1697 2703 1984 2776 είσῳκισάο

335 2815 442 2868 μην
471 2792 611 2848 κατά
656 2797 801 2846 νοῦν.
845 2793 1121 2854 Ἀττικοῖς
1165 2789 1389 2867 ἀνδράσι
1421 2792 1484 2846 τὸ
1511 2796 1758 2847 τοιοῦτον
1789 2789 1985 2870 φίλτα-

331 2903 446 2950 τον,
498 2883 581 2943 οἷς
630 2880 906 2954 ἐπίσημον
955 2881 1016 2935 τό
1069 2881 1412 2958 φιλόκαινον,
1458 2881 1652 2936 ταυτὸν
1700 2879 1757 2934 δὲ
1805 2880 1983 2957 φάναι,

339 2972 645 3048 ἀνθρώποις
712 2967 1071 3043 διεξεσμένοις
1128 2969 1202 3031 εἷς
1262 2967 1469 3031 κάλλος
1526 2968 1871 3044 λογιότητος,
1932 2971 1985 3023 οἳ

333 3066 450 3122 τοῖς
497 3057 758 3121 παλαιοῖς
805 3063 1269 3130 προσεπιζητοῦσι
1317 3058 1406 3114 καὶ
1454 3059 1521 3114 τὰ
1567 3058 1872 3134 καινότερα,
1907 3058 1989 3115 λι-

335 3147 657 3224 χνευόμενοι
711 3149 810 3216 τὴν
871 3147 1126 3223 ἀκρόασιν
1164 3188 1176 3202 .
1241 3146 1337 3201 Καὶ
1393 3146 1458 3216 ἦν
1537 3146 1714 3221 λέγειν
1775 3147 1982 3221 καίριον

333 3237 632 3308 τηνικαῦτα
663 3235 835 3291 ἰκεῖνο
872 3237 935 3291 τὸ
984 3243 1085 3304 τῆς
1146 3237 1441 3305 ποιήσεως,
1492 3235 1567 3298 ὡς
1616 3233 1718 3310 ἄρα
1751 3235 1879 3299 Θεὸς
1907 3240 1986 3306 τῴ

341 3324 557 3402 βασιλεῖ
612 3325 711 3394 τὴν
766 3327 983 3402 μορφὴν
1033 3319 1180 3379 ἔπεσι
1239 3325 1440 3401 στέφει,
1472 3321 1768 3378 κάλλιστον
1823 3328 1984 3379 τοῦτο

335 3412 851 3490 προσεπισυνάπτων
881 3418 964 3486 τῷ
999 3411 1270 3488 βασιλικῷ
1300 3412 1591 3487 στέμματι.

409 3609 512 3667 λα’.
548 3609 646 3666 Καὶ
675 3609 819 3666 οὕτω
853 3611 950 3684 μὲν
1003 3609 1172 3666 καλὸν
1217 3609 1280 3664 τὸ
1323 3607 1374 3663 ἐν
1425 3607 1672 3681 ὁμιλίαις
1704 3607 1901 3685 γλυκύ·
1933 3611 1994 3666 τὸ

339 3698 396 3755 δὶ
424 3700 512 3754 καὶ
546 3700 741 3770 ἑτέρως
771 3697 1110 3774 ἐχρημάτιζε
1140 3697 1392 3754 κάλλιον.
1417 3699 1495 3754 Τὸ
1526 3699 1629 3774 γὰρ
1658 3706 1757 3769 τῆς
1787 3698 1993 3762 ἑννοίας

338 3785 548 3866 ὄχημα,
579 3788 643 3844 τὸ
693 3792 789 3843 τοῦ
836 3788 1252 3867 προφερομένου
1305 3785 1594 3863 βασιλικοῦ
1636 3787 1808 3864 λόγου
1833 3790 1993 3864 τορὸν

336 3878 427 3933 καὶ
483 3878 838 3954 τρανέστατον
877 3922 892 3946 ,
952 3876 1094 3932 ἄλλο
1145 3881 1307 3932 τοῦτο
1378 3877 1722 3953 γλυκύτητος
1780 3878 1994 3953 ἄρτυμα

339 3965 620 4043 ἐπαγωγὸν
671 3972 788 4028 τοῖς
837 3966 1148 4032 ἀκούουσιν,
1193 3967 1276 4030 οἷς
1323 3967 1411 4020 καὶ
1463 3965 1737 4040 ἐπήρχετο
1783 3967 1992 4042 μερίζε-

339 4060 463 4113 σθαι
521 4057 598 4118 εἴς
649 4077 710 4111 τε
763 4057 826 4110 τὸ
884 4055 1180 4128 νοούμενον
1241 4053 1460 4129 ἄριστον
1507 4056 1587 4121 ὃν,
1632 4055 1721 4108 καὶ
1771 4053 1844 4117 εἷς
1894 4057 1994 4125 τὴν

338 4147 694 4223 ἀπηχητικήν
761 4146 1067 4222 προφορὰν,
1125 4147 1622 4216 συνεπικοσμοῦσαν
1678 4143 1768 4198 καὶ
1825 4144 1994 4213 αὺτήν

335 4237 397 4290 τὸ
428 4235 749 4307 νοούμενον·
804 4240 903 4288 Και
951 4231 1242 4305 ἆξύμνηται
1301 4231 1391 4285 καὶ
1446 4235 1609 4286 τοῦτο
1655 4233 1716 4286 τὸ
1779 4231 1992 4308 βασιλι-

336 4324 430 4380 κὸν
458 4323 654 4392 καλὸν,
703 4321 794 4376 καὶ
841 4315 1058 4396 βίϐλοις
1109 4319 1364 4395 ἔγκειται.
1411 4319 1490 4376 Τὸ
1536 4317 1592 4374 δὲ
1635 4319 1686 4374 ἐν
1736 4319 1992 4397 ἀντιρρή-

338 4433 480 4467 σεσιν
521 4409 766 4484 ἕτοιμον,
796 4410 859 4466 τὸ
912 4407 970 4464 δὲ
1007 4408 1149 4485 ταχὺ
1203 4408 1297 4480 μὲν
1348 4403 1742 4482 προϐαλέσθαι,
1793 4408 1884 4478 ὀξὺ
1936 4406 1994 4464 δὲ

335 4495 733 4564 καταλαϐέσθαι
781 4498 846 4554 τὰ
903 4497 955 4553 ἐν
1004 4500 1300 4570 νοήμασιν,
1353 4496 1453 4551 οὐκ
1504 4493 1620 4572 ἔχει
1667 4491 1990 4569 παραϐολὴν

333 4591 564 4666 τάχους,
621 4588 668 4644 εί
731 4591 804 4661 μή
864 4609 949 4650 τις
1008 4586 1082 4648 εἰς
1147 4585 1341 4660 βέλους
1394 4583 1628 4640 ἐκνεύσει
1685 4585 1991 4658 πετομένου

2086 1990 2144 2044 in
2179 2007 2272 2045 me
2298 1997 2410 2054 est.
2444 2008 2638 2047 rerum
2674 1994 3058 2050 miriﬁcarum
3091 1995 3334 2051 chorum
3369 1998 3598 2068 ducam,
3625 2017 3740 2056 non

2085 2079 2580 2136 iutroducendum
2615 2089 2742 2137 erat
2772 2081 3154 2153 colloquium,
3188 2085 3246 2139 in
3281 2103 3394 2156 quo
3425 2086 3744 2157 imperator

2087 2169 2230 2224 nihil
2266 2169 2394 2224 novi
2430 2171 3036 2238 audientibus,divina
3067 2180 3260 2229 autem
3297 2177 3476 2231 menti
3499 2195 3740 2248 sugges-

2089 2256 2165 2312 sit
2198 2259 2553 2314 meditanda.
2591 2264 2790 2331 Itaque
2817 2277 2921 2332 ego
2946 2263 3047 2333 qui
3074 2280 3178 2318 nec
3199 2263 3464 2319 doctrina
3483 2267 3740 2332 abundo,

2091 2364 2282 2418 neque
2311 2347 2538 2404 dicendi
2574 2351 2796 2421 peritus
2827 2353 3105 2419 sum,imo
3137 2353 3256 2408 alta
3287 2354 3529 2409 scientia
3551 2373 3741 2426 careo,

2091 2455 2202 2493 non
2237 2444 2446 2493 tamen
2471 2439 2526 2494 id
2577 2441 3005 2496 committerem
3038 2447 3102 2496 ut
3133 2443 3290 2514 regio
3328 2446 3586 2500 sermoni
3639 2447 3742 2502 ob-

2093 2530 2506 2597 temperarem,
2566 2530 2721 2583 unde
2777 2528 2858 2584 nil
2909 2532 3202 2586 commodi
3251 2531 3309 2586 in
3345 2549 3514 2588 usuin
3545 2551 3741 2590 meum

2094 2620 2315 2670 vertere
2350 2632 2600 2685 possem.
2635 2617 2782 2672 illud
2818 2619 3055 2689 quidem
3099 2619 3238 2673 viris
3267 2620 3472 2676 Atticis
3506 2639 3745 2694 pergra-

2095 2709 2220 2757 tum
2253 2708 2344 2757 est
2366 2703 2584 2774 quibus
2611 2705 2900 2776 peculiare
2930 2711 3020 2761 est
3050 2723 3198 2762 nova
3229 2724 3465 2779 semper
3495 2711 3742 2783 discere,

2093 2791 2149 2846 id
2183 2795 2273 2846 est
2291 2792 2430 2848 viris
2462 2793 2533 2847 ad
2561 2792 2834 2849 dictionis
2890 2793 3239 2866 elegantiam
3299 2797 3592 2868 expolitis,
3645 2802 3743 2872 qui

2097 2881 2271 2934 rebus
2329 2880 2590 2951 antiquis
2651 2898 2796 2936 nova
2857 2883 3145 2953 adjiciunt
3175 2889 3231 2937 et
3262 2885 3345 2939 sic
3378 2901 3611 2958 semper
3641 2907 3742 2945 au-

2095 2968 2292 3024 diendi
2325 2970 2476 3024 avidi
2505 2974 2662 3024 sunt.
2695 2971 2764 3025 Et
2793 2970 2901 3026 hoc
2932 2973 3170 3041 quidem
3207 2972 3332 3028 loco
3389 2991 3523 3030 cum
3574 2984 3747 3049 poeta

2096 3057 2436 3127 dixerimus,
2470 3060 2623 3129 quod
2660 3064 2810 3114 Deus
2837 3062 2956 3132 regi
2993 3064 3238 3116 l'ormam
3274 3064 3580 3121 verborum
3613 3067 3745 3139 glo-

2097 3147 2183 3202 ria
2215 3153 2404 3214 ornat,
2437 3148 2588 3203 hanc
2622 3149 2934 3220 pretiosam
2995 3153 3374 3222 margaritam
3425 3155 3742 3212 diademati

2098 3254 2204 3294 suo
2233 3238 2620 3310 conjungens.

2176 3603 2263 3658 31.
2299 3603 2393 3660 Sic
2422 3603 2483 3660 in
2515 3605 2806 3677 colloquio
2839 3607 3128 3680 quidquid
3161 3608 3494 3682 pulchrum,
3554 3611 3612 3666 id
3652 3613 3758 3682 ju-

2105 3694 2364 3746 cundum
2389 3699 2498 3758 est,
2525 3694 2625 3748 sed
2657 3695 2815 3749 vario
2850 3697 3042 3751 modo.
3074 3697 3282 3752 Mentis
3314 3698 3468 3753 enim
3528 3699 3760 3756 vehicu-

2105 3782 2546 3848 lum,sermonis
2579 3783 2722 3855 regii
2746 3783 3294 3856 splendidissimum
3322 3787 3477 3842 aliud
3505 3789 3760 3845 dulcedi-

2107 3872 2198 3926 nis
2229 3873 2670 3928 condimentum
2705 3873 3076 3930 auditoribus
3091 3877 3279 3940 aiiert,
3295 3877 3512 3948 quibus
3538 3879 3758 3951 incepit

2103 3961 2282 4016 dividi
2313 3962 2368 4015 in
2402 3964 2744 4032 cogitatum,
2780 3981 2894 4034 quo
2930 3964 3074 4018 nihil
3113 3965 3342 4032 melius,
3387 3967 3531 4022 etin
3564 3985 3758 4024 enun-

2104 4048 2408 4105 tiationem
2441 4049 2681 4117 oralem,
2714 4068 2845 4121 quae
2895 4051 3353 4121 cogitationibus
3412 4061 3759 4112 ornamento

2103 4141 2211 4190 est.
2265 4136 2448 4192 Ilocce
2509 4154 2743 4208 quoque
2802 4139 2873 4192 de
2932 4137 3284 4208 imperatore
3317 4156 3448 4194 cum
3485 4141 3761 4198 laudibus

2104 4225 2351 4279 refertur
2381 4224 2680 4280 aclitteris
2714 4226 3059 4280 mandatum
3096 4232 3204 4294 est,
3266 4230 3416 4299 quod
3471 4229 3528 4284 in
3591 4247 3757 4302 repo-

2105 4312 2297 4366 nendo
2327 4313 2462 4366 etin
2518 4313 2893 4384 proponendo
2951 4329 3018 4367 ac
3072 4315 3451 4385 concipiendo
3509 4316 3761 4372 aliorum

2104 4400 2360 4473 cogitata
2389 4399 2654 4456 celeriter
2683 4417 2816 4455 cum
2849 4400 3060 4472 sagitta
3087 4401 3320 4458 volante
3351 4410 3451 4458 aut
3481 4421 3612 4460 cum
3642 4406 3759 4460 ful-

2105 4489 2282 4559 mine,
2324 4495 2428 4544 aut
2457 4506 2590 4544 cum
2643 4489 2867 4544 volucri
2901 4506 3030 4561 quae
3072 4507 3265 4546 acrem
3319 4491 3514 4547 volatu
3569 4494 3758 4549 ﬁndit-

2103 4579 2264 4642 Quod
2299 4594 2469 4650 porro
2503 4579 2558 4632 in
2596 4577 2902 4649 colloquiis
2935 4579 3204 4634 strictum
3239 4587 3296 4634 et
3355 4581 3409 4635 in
3444 4597 3757 4654 argumen-

339 4647 632 4749 ὠκύτητα,
691 4677 727 4746 ἢ
779 4675 855 4739 ε’ίς
909 4677 1188 4749 ἀστραπῆς
1247 4676 1558 4750 ταχυτάτην
1620 4673 1982 4752 ἐκπυρήνισιν¹

2104 4647 2614 4738 tando'copiosum
2641 4647 2843 4736 est,_id
2889 4664 3144 4738 Calliope
3195 4669 3411 4738 poetria
3463 4647 3757 4742 operatur,

337 4767 372 4836 ἢ
406 4767 482 4829 είς
513 4766 820 4840 ὁμοιότητα
857 4769 1060 4839 πτεροῦ
1113 4764 1406 4841 ρὁζῶντος
1459 4763 1535 4825 είς
1563 4771 1757 4834 πτῆσιν
1786 4764 1989 4840 ἀέριον.

339 4857 413 4912 Τὸ
459 4853 516 4912 δὲ
566 4856 767 4910 πυκνὸν
818 4853 870 4910 ἐν
925 4853 1190 4924 διαλὲξεσι
1237 4852 1328 4908 καὶ
1382 4851 1654 4908 πλουτοῦν
1701 4853 1994 4929 ἐπιχειρη-

343 4949 610 5019 ματικῶς,
666 4948 826 5000 τοῦτο
887 4941 945 4999 δὲ
991 4945 1026 5012 ἡ
1081 4942 1345 5012 ποιητικὴ
1395 4947 1644 5014 σεμνυνεῖ
1674 4940 1990 5014 Καλλιόπη,

339 5036 718 5111 παρομοιοῦσα
763 5030 819 5094 ἒς
860 5028 1102 5110 νιφάδων
1141 5029 1442 5102 πύκνωσιν,
1496 5028 1586 5084 καὶ
1639 5028 1857 5103 μάλισθ’
1906 5031 1994 5088 ὅτε

336 5121 641 5202 καταφοράν
693 5143 812 5177 τινα
865 5123 1098 5190 τοπικὴν
1158 5118 1192 5189 ἢ
1251 5118 1341 5174 καὶ
1382 5117 1570 5181 ἄλλως
1635 5119 1843 5194 βαρέως
1901 5121 1993 5177 ἐκ-

340 5212 758 5288 τραχυνομὶνην
791 5213 826 5281 ἡ
857 5215 956 5267 τοῦ
1007 5209 1176 5286 λόγου
1224 5207 1582 5283 προκαλεῖται
1641 5207 1745 5279 ὕλη
1785 5253 1798 5266 .
1856 5210 1994 5268 Τότε

335 5302 436 5378 γὰρ
479 5299 542 5356 τὸ
594 5306 697 5369 τῆς
745 5297 968 5377 νιφάδος
1013 5296 1300 5370 εῗκόνισμα
1347 5297 1434 5352 καὶ
1491 5295 1725 5370 μάλιστα
1771 5299 1995 5373 καιριώ-

335 5412 519 5448 τατον.
581 5389 790 5450 Πυκνὸς
842 5388 943 5463 γὰρ
1003 5384 1255 5458 τηνικάδε
1305 5389 1498 5458 καιροῦ
1557 5387 1585 5441 6
1627 5389 1992 5464 καταφορικὸς

338 5478 524 5556 λόγος,
557 5478 657 5535 ὅσα
708 5478 795 5533 καὶ
857 5475 1075 5556 νιφάδες
1130 5477 1294 5538 τινάς·
1357 5473 1434 5531 ἔτι
1497 5476 1606 5549 μὴν
1659 5476 1748 5532 καὶ
1799 5497 1992 5554 φρικα-

2103 4773 2232 4827 quae
2268 4755 2421 4811 sicut
2454 4754 2748 4821 nixcadit,
2783 4755 3108 4826 praesertim
3155 4755 3251 4810 ubi
3309 4759 3601 4812 sermonis
3636 4776 3758 4814 ma-

2106 4847 2253 4902 teria
2283 4844 2710 4900 vehementiam
2759 4849 2861 4898 aut
2918 4831 3260 4915 gravitatem
3289 4845 3569 4916 postulat.
3595 4849 3759 4903 Tune

2105 4938 2340 5008 quidem
2374 4936 2690 4991 admodum
2713 4936 2965 5006 quadrat
2993 4950 3126 4988 cum
3187 4935 3316 4990 nive
3347 4937 3705 5008 comparatio
3741 4955 3753 5006 ;

2104 5025 2378 5098 copiosus
2436 5039 2691 5095 namque
2723 5023 2835 5078 isto
2877 5026 3139 5094 tempore
3171 5039 3362 5079 sermo
3395 5029 3457 5079 ut
3485 5025 3583 5079 nix
3611 5023 3756 5080 labi-

2102 5123 2220 5189 tur,
2245 5133 2359 5173 non
2387 5116 2515 5172 sine
2548 5117 2787 5171 horrore
2819 5131 2885 5170 ac
2917 5114 3176 5180 fremitu,
3210 5118 3266 5169 et
3319 5133 3386 5171 ex
3443 5115 3561 5172 alto
3620 5133 3756 5174 cum

2105 5208 2415 5279 splendore
2446 5223 2512 5261 ac
2536 5204 2942 5277 magnitudine
2966 5204 3036 5258 ad
3082 5221 3190 5259 nos
3224 5205 3423 5260 fertur.
3459 5205 3548 5260 Sic
3569 5205 3753 5277 impe-

2104 5296 2314 5353 ratoris
2345 5293 2678 5367 eloquentia
2703 5292 3120 5364 experimentis
3179 5293 3326 5348 fulta
3382 5293 3663 5366 optimam
3693 5312 3757 5350 se

2105 5386 2272 5442 nobis
2305 5383 2649 5457 magistram
2682 5381 2920 5454 praebet,
2953 5381 3142 5453 major
3190 5386 3386 5438 autem
3451 5389 3541 5439 est
3573 5401 3752 5456 quam

2104 5495 2234 5550 quas
2267 5473 2557 5531 memoriae
2582 5473 2734 5528 tradi
2760 5473 2964 5544 possit.

338 5567 486 5635 λὲος,
543 5567 729 5623 καὶοῖά
775 5589 857 5630 τις
889 5564 1192 5644 ῥιγεδανόςο
1246 5566 1335 5620 καὶ
1382 5569 1460 5636 τῷ
1501 5567 1602 5630 τῆς
1644 5565 1931 5644 σαφηνείας
1980 5567 2074 5640 μὲν
2128 5565 2306 5634 λευκῷ
2356 5559 2708 5634 διαλάμπων,
2759 5560 2832 5622 ὡς
2866 5558 2917 5628 ἐξ
2961 5558 3128 5633 ὕψους
3163 5557 3220 5614 δὲ
3250 5563 3643 5632 κατασκήπτων
3676 5567 3755 5635 τῷ

341 5655 614 5732 μεγαλείῳ
641 5661 738 5712 τοῦ
771 5658 1026 5733 μεγεθους
1058 5653 1336 5730 ἐξάρματι.
1370 5653 1527 5711 Οὕτω
1560 5651 1703 5708 πολὺ
1733 5655 1794 5709 τὸ
1827 5653 1881 5710 ἐν
1914 5654 2100 5732 λόγοις
2131 5658 2210 5727 τῷ
2244 5649 2461 5728 βασιλεῖ
2489 5649 2752 5724 πόριμον,
2787 5648 2848 5704 οὗ
2897 5651 3060 5725 πεῖρα
3103 5649 3191 5704 καὶ
3231 5649 3370 5722 μόνη
3405 5647 3752 5714 διδάσκαλος.

339 5747 710 5821 Ἐξιστορῆσαι
739 5745 842 5822 γὰρ
876 5745 975 5803 οὐκ
1005 5743 1065 5801 ἃν
1097 5741 1204 5817 εἶή,
1238 5742 1292 5808 ἐς
1321 5741 1446 5799 ὅσον
1478 5741 1567 5799 καὶ
1598 5744 1732 5819 χρή.
