4066 6384
355 412 471 473 995
1140 401 1556 464 EUSTATHII
1601 399 2368 465 THESSALONICENSIS
2413 404 2998 471 METROPOLITAE
3657 422 3794 481 996

427 544 516 598 32.
551 542 720 597 Liber
747 543 873 596 erat
905 534 1262 593 memorialis
1305 531 1654 599 indelebilis,
1687 531 1836 603 stylo
1871 548 2000 603 per-

2191 531 2296 607 λβ¹.
2331 535 2410 592 Τὰ
2460 534 2518 592 δὲ
2566 544 2667 608 τῆς
2722 542 2953 613 μνήμης
3008 537 3206 617 βίϐλος
3253 566 3318 615 ην
3347 545 3786 618 ἀναπάλειπτος,

360 631 618 704 scriptus
649 629 752 686 Dei
782 627 998 702 ipsius,
1034 624 1255 696 Spiritu
1290 621 1718 692 sanctodigitos
1744 625 1966 694 regente

2179 623 2363 698 ιαφείῳ
2421 625 2873 701 ἐγκεκολαμμὲνη
2923 630 3070 703 θείῳ,
3121 634 3428 707 κινουμένῳ
3478 633 3785 700 δακτύλοις

353 723 610 780 Historia
667 721 904 794 quidem
967 718 1250 772 factorum
1301 713 1716 782 conservatrix,
1777 716 1833 768 et
1870 718 1959 769 ani

2179 712 2438 785 νεύματος.
2474 716 2575 772 Καὶ
2635 714 2747 772 οἶδε
2802 719 2896 790 μὲν
2952 722 2986 788 ἠ
3020 727 3120 790 τῆς
3171 723 3412 796 ἱστορίας
3448 723 3785 800 πολυπραγ-

351 814 515 870 illam
556 818 771 868 natura
827 807 987 864 novit
1037 803 1293 860 indolem
1342 803 1664 859 humanam
1722 803 1950 858 doctrin

2175 801 2348 873 ›σύνη,
2413 805 2520 882 πρὸ
2579 802 2636 861 δὲ
2687 807 2887 876 ταύτης
2935 810 2970 876 ἡ
3030 808 3208 886 φύσις,
3243 810 3585 888 ἀνθρωπίνην
3619 814 3781 870 πλά-

349 918 650 976 capacem,
677 897 985 956 scientiam
1015 899 1235 950 temere
1257 908 1530 965 reSpuere
1562 897 1628 948 ut
1649 891 1872 948 canalis
1899 909 1955 964 qi

2178 912 2215 963 ι,
2263 893 2362 961 τήν
2418 894 2513 966 μὲν
2563 893 2678 950 οἵαν
2743 895 2910 972 ῥᾴονα
2956 899 3051 970 μὲν
3099 896 3447 970 καταλαϐεῖν,
3495 901 3666 978 ῥᾴονα
3716 901 3784 959 δὲ

348 1009 564 1065 aquam
594 989 806 1062 accipit
833 991 889 1043 et
919 983 1147 1057 repellit
1195 981 1497 1049 continuo,
1551 981 1636 1037 ita
1683 986 1884 1037 tamen
1933 998 1954 1036 ι

2183 980 2198 1033 ἱ
2246 977 2543 1039 ἀποϐαλεῖν
2591 985 2654 1040 τὸ
2715 987 3140 1059 μανθανόμενον,
3191 988 3380 1044 ὁποῖόν
3427 977 3618 1046 τιγκαὶ
3666 1014 3784 1048 σω-

348 1085 524 1139 homo
555 1097 688 1137 cum
714 1074 1105 1150 repugnantia
1133 1072 1323 1130 discat
1351 1074 1409 1128 et
1428 1071 1630 1127 audita
1659 1087 1811 1142 saepe
1843 1071 1954 1127 obli

2175 1077 2276 1136 Lvoc
2334 1073 2504 1135 πάθος
2537 1115 2551 1140 ,
2613 1073 2798 1150 εἶ’σροῇ
2865 1096 2922 1130 τε
2979 1076 3166 1150 ἀπόνῳ
3247 1078 3613 1154 ὑποκειμένου
3671 1082 3781 1138 καὶ

345 1170 503 1228 vioni
531 1170 724 1226 tradat
754 1165 995 1222 minime
1025 1162 1316 1231 curiosus,
1347 1164 1413 1216 ut
1454 1176 1555 1217 vas
1589 1161 1744 1233 quod
1777 1176 1880 1232 per
1929 1176 1951 1216 c

2173 1163 2293 1233 ροῆ⁸
2345 1162 2444 1230 τήν
2495 1159 2552 1216 δὲ
2601 1159 2870 1239 δύσπορον
2921 1164 3016 1238 μὲν
3067 1165 3452 1232 εἰσοικίσασθαι
3490 1170 3553 1225 τὸ
3599 1168 3779 1226 ἄκου-

345 1264 664 1335 augustum
687 1257 978 1330 liquorem
1009 1251 1251 1324 recepit,
1312 1249 1626 1307 difﬁculter
1655 1251 1865 1306 reddit.
1899 1251 1951 1306 Ea

2174 1269 2232 1317 .a,
2267 1246 2412 1324 λήθῃ
2461 1247 2518 1305 δὲ
2572 1247 2958 1323 ἀδύσώπητον.
3009 1253 3114 1310 Καὶ
3163 1255 3433 1329 ὁμοιότης
3479 1257 3531 1313 ἐν
3577 1260 3780 1334 τούτῳ

341 1353 522 1408 igitur
540 1365 671 1405 cum
698 1347 818 1402 sint
837 1348 1057 1400 naturae
1079 1341 1313 1398 animus
1343 1357 1520 1412 quem
1548 1341 1722 1396 rebus
1746 1339 1947 1395 utilibu

2174 1336 2234 1390 τὰ
2261 1339 2324 1391 τὸ
2369 1337 2420 1391 ἐν
2454 1338 2688 1415 ἀγγείοις
2719 1339 3011 1415 σύστομον,
3046 1346 3128 1405 οἷς
3176 1345 3238 1398 τὸ
3293 1343 3640 1416 δυσδιὲξοδον
3671 1347 3780 1403 διὰ

344 1437 626 1505 instituis,
660 1435 855 1492 obedit
878 1438 937 1488 et
957 1432 1096 1487 item
1119 1429 1480 1500 θείςιὶςίιῶἰο
1506 1428 1711 1483 oculus
1734 1429 1878 1484 locis
1899 1429 1950 1484 lu

2213 1426 2265 1480 ἐν
2305 1426 2373 1501 τῇ
2435 1426 2628 1501 εἰσόδῳ
2674 1431 2946 1505 στεγανόν.
3005 1433 3106 1488 Καὶ
3153 1440 3400 1490 τοιαῦται
3465 1437 3559 1510 μὲν
3619 1459 3777 1503 τινες

338 1529 598 1587 strandis
628 1531 732 1583 aut
761 1524 877 1580 oris
908 1519 1283 1576 lineamentis
1315 1517 1756 1590 perscrutandis
1776 1521 1834 1573 et
1855 1516 1944 1573 alii

2172 1537 2319 1578 σεις.
2377 1518 2635 1572 Ἐνταῦθα
2694 1517 2749 1574 δὲ
2804 1521 2894 1575 καὶ
2947 1518 3170 1596 δραμεῖν
3229 1523 3305 1586 εἰς
3363 1527 3551 1600 ψυχὴν
3614 1529 3775 1583 πάνυ

337 1618 634 1675 similibus
664 1627 899 1687 operam
931 1611 1050 1676 dat,
1083 1623 1334 1680 quorum
1383 1605 1672 1678 imagines
1700 1605 1760 1661 in
1792 1609 1943 1662 ment

2163 1603 2282 1661 οδον
2335 1611 2453 1670 ταῖς
2505 1607 2583 1670 εἰς
2651 1608 2818 1678 αὐτὴν
2876 1611 3209 1686 πρεπούσαις
3256 1616 3769 1688 χρηστομαθείαις,

337 1709 627 1780 deponere
651 1705 839 1776 juvat.
872 1701 940 1756 Et
972 1700 1056 1754 ha
1085 1697 1324 1768 quidem
1357 1694 1522 1751 facile
1553 1695 1943 1762 intrant,clavi

2165 1694 2181 1748 ὶ
2239 1692 2556 1772 ἐκδραμεῖνξ
2582 1698 2755 1760 οὕτως
2813 1695 2874 1752 ἂν
2935 1700 3172 1775 γένοιτο,
3229 1702 3368 1766 καθά
3407 1704 3496 1758 καὶ
3543 1711 3669 1769 τοῖς
3701 1705 3770 1762 ἐκ

334 1802 534 1854 autem
565 1792 817 1867 depositi
847 1789 1109 1863 sigillum
1140 1787 1505 1843 inaccessum
1537 1789 1940 1854 conservat,dc

2167 1780 2421 1862 ϐυρίνθου
2491 1792 2680 1865 φυγεῖν
2764 1782 3104 1846 σπεύδουσιν.
3177 1787 3470 1848 Ἐπέϐαλεν
3531 1796 3565 1863 ἡ
3627 1790 3769 1868 ὄψις

334 1901 441 1942 nec
467 1889 702 1957 tempus
760 1879 940 1938 animi
986 1893 1161 1934 sensa
1208 1874 1542 1949 explicandi
1597 1877 1837 1932 venerit.
1872 1877 1940 1934 Ut

2163 1875 2455 1952 πογραφίᾳ,
2507 1875 2634 1954 φέρε
2691 1877 2883 1981 εἰπεῖν,
2939 1879 2976 1947 ἢ
3035 1879 3128 1950 θὲᾳ
3175 1880 3509 1956 προσώπων,
3563 1883 3601 1953 ἢ
3658 1885 3769 1941 καί

330 1991 464 2032 vero
486 1975 674 2046 janua
703 1975 962 2029 reserata
989 1971 1097 2035 est,
1117 1965 1439 2023 recordatio
1469 1980 1538 2021 ex
1558 1965 1936 2038 imagination

2159 1985 2224 2018 τιν
2286 1964 2492 2040 ἑτέροις
2527 2010 2541 2034 ,
2603 1967 2677 2020 ὧν
2748 1960 2856 2021 ἔδει
2909 1969 3269 2042 μνημοσύνην
3329 1969 3611 2043 ἐντεθῆναι
3673 1975 3765 2039 εἰς

330 2067 606 2120 renovata
635 2077 726 2118 res
757 2061 1094 2131 adtequatas
1147 2053 1389 2127 colligit,
1421 2070 1516 2110 res
1556 2053 1754 2110 minus
1784 2071 1936 2113 esse:

2163 2055 2295 2128 χὴν.
2329 2055 2432 2109 Καὶ
2478 2057 2614 2112 αὐτὰ
2665 2057 2760 2128 μὲν
2813 2057 3066 2131 εὐμαρῶς
3107 2057 3439 2134 παρεδύοντο
3470 2061 3549 2125 εἷς
3593 2061 3767 2119 ἐντύ-

326 2157 497 2212 tiales
522 2153 702 2210 menti
731 2151 1067 2213 occurrunt,
1100 2151 1158 2201 et
1188 2143 1442 2216 cognitio
1472 2141 1656 2199 semel
1687 2143 1932 2214 acquisit

2159 2164 2281 2200 ισιν.
2338 2143 2488 2206 κλεὶς
2547 2142 2604 2198 δὲ
2663 2149 3050 2220 συντηρήσσως
3105 2147 3408 2212 ἐπιτεθεῖσα
3461 2155 3765 2225 μνήμονος

325 2246 677 2314 illustratur,
709 2246 766 2296 et
800 2240 883 2295 sic
904 2237 1156 2292 ﬁdeliter
1182 2234 1487 2289 immanet.
1512 2236 1588 2287 Ut
1617 2233 1774 2287 enim
1809 2233 1931 2302 sigi]

2153 2227 2540 2287 επιϐούλευτον
2618 2232 2879 2309 ἐφύλατνε
2952 2239 3050 2306 τήν
3131 2237 3444 2314 σσραγίδα,
3503 2239 3614 2305 ἕως
3679 2245 3757 2313 ἦν

324 2335 450 2392 lum
509 2333 775 2389 divinum
836 2327 1051 2384 mentis
1097 2321 1442 2396 repositorio
1525 2321 1565 2374 ii
1640 2323 1930 2392 apponeba

2155 2323 2490 2396 απτυχθῆναι
2549 2323 2609 2377 τὸ
2667 2330 2766 2392 τῆς
2823 2328 3008 2400 ψυχῆς
3068 2333 3316 2400 ταμιεῖον
3361 2331 3571 2406 καιρός.
3604 2335 3761 2390 Τότε

321 2431 420 2482 tur
448 2440 576 2496 quis
618 2436 762 2493 puer
815 2415 1024 2472 didicit
1079 2431 1112 2469 a
1161 2413 1399 2484 juvene,
1459 2409 1584 2466 loca
1643 2415 1805 2480 puta,
1861 2411 1927 2467 bo

2196 2409 2432 2474 εὐπετῶς
2491 2412 2742 2487 ἠνοίγετο
2776 2434 2788 2444 ·
2851 2413 2939 2467 καὶ
3011 2415 3302 2490 φαντασίας
3381 2419 3755 2493 ἀνακινούσης

321 2514 536 2579 mines,
569 2515 826 2582 tempus,
857 2501 1244 2572 conversatio,
1295 2516 1491 2555 rerum
1550 2497 1863 2571 qualitates
1913 2517 1927 2555 ι

2145 2506 2476 2576 αινουργεῖτο
2549 2505 2618 2574 τῇ
2681 2504 2870 2577 μνήμῃ
2919 2506 3092 2582 σαφὴς
3147 2508 3181 2575 ἡ
3237 2507 3585 2583 ἀνάγνωσις,
3651 2513 3751 2566 καὶ

319 2602 557 2672 similia,
591 2612 841 2671 quorum
889 2591 1205 2664 descriptio
1252 2593 1506 2646 veterem
1562 2588 1831 2644 notitiam
1876 2605 1925 2644 re

2197 2589 2378 2644 εἷ’κότα
2434 2592 2725 2666 συνήγετο,
2780 2592 2867 2646 κσὶ
2926 2595 2960 2662 ἠ
3023 2594 3336 2668 περίστασις
3397 2595 3747 2674 διήρθρωτο,

318 2696 512 2749 novat.
2073 2679 2163 2734 καὶ
2195 2681 2229 2748 ἡ
2278 2683 2473 2753 γνῶσις
2523 2675 2829 2756 ἠκρίϐωτο,
2864 2683 2999 2753 ἅπαξ
3036 2684 3130 2756 μὲν
3180 2705 3313 2740 ποτε
3344 2696 3746 2762 γνωρισθεῖσα,

312 2786 392 2854 τῷ
423 2777 481 2835 δὶ
511 2776 760 2848 ἀποθὲτῳ
789 2781 891 2849 τῆς,
925 2772 1151 2844 μνήμης
1198 2767 1249 2830 ἐς
1302 2767 1505 2854 μακρὸν
1558 2764 1700 2820 οὕτω
1756 2787 1808 2820 τι
1864 2769 2264 2844 παραμείνασα.
2311 2769 2675 2846 Ἐσφράγιστο
2725 2772 2828 2847 γὰρ
2879 2769 2931 2824 ἐν
2980 2777 3099 2835 τοῖς
3146 2777 3406 2850 ψυχικοῖς
3439 2779 3750 2854 θησαυροῖς

313 2853 604 2942 θειότερον·
638 2867 704 2920 *ιὰ
734 2861 920 2919 πολλὰ
949 2857 1007 2914 δὲ
1035 2858 1125 2913 καὶ
1158 2857 1216 2913 ἐκ
1245 2853 1437 2919 παιδὸς
1469 2856 1634 2930 μέχρι
1658 2855 1746 2910 καὶ
1782 2855 1856 2917 εἰς
1883 2857 1945 2910 τὸ
1981 2858 2292 2933 ὑπέρακμον
2323 2855 2628 2927 διεσώζετο·
2662 2859 2828 2924 τόπος
2857 2859 3084 2931 ἐκεῖνος,
3117 2863 3250 2937 ἀνὴρ
3283 2864 3744 2942 ἐκεῖνος,χρόνος

313 2958 406 3016 ὅδε
430 2980 537 3027 τις,
572 2952 768 3029 ὁμιλία
795 2947 1004 3019 τοιάδε,
1037 2947 1329 3018 ποιότητες
1357 2945 1624 3022 πράξεων,
1650 2945 1739 2999 καὶ
1768 2947 1995 3001 τοιαῦτά
2018 2968 2157 3019 τινα,
2191 2948 2264 3001 ὦν
2293 2950 2327 3017 ἡ
2378 2947 2824 3026 άναζωγράφησις
2868 2949 3204 3028 ἐκαινούργει
3251 2955 3351 3023 τὴν
3384 2956 3741 3032 παλαιτάτην

309 3048 607 3105 ἐντύπωσιν
628 3048 724 3100 τοῦ
753 3043 1015 3118 γνωστοῦ.

376 3251 466 3306 33.
497 3247 692 3303 Altera
713 3258 885 3316 porro
942 3256 973 3296 e
1003 3235 1286 3294 memoria
1324 3235 1619 3291 insidebat
1668 3251 1794 3306 quae
1839 3253 1955 3308 praa

2140 3235 2234 3312 λγ’.
2271 3239 2376 3294 Ἦν
2435 3236 2491 3293 δὲ
2539 3241 2630 3294 καὶ
2675 3239 2827 3316 ἐτὲρα
2873 3261 2954 3302 τις
3001 3243 3129 3318 παρ’
3175 3243 3326 3318 αὐτῷ
3380 3248 3606 3320 μνήμη,
3653 3256 3724 3323 τῷ

302 3340 643 3400 recentibus
674 3336 922 3406 antiqua
949 3347 1014 3385 ac
1048 3329 1199 3384 mira
1239 3326 1544 3394 omittit,et
1574 3343 1701 3397 qua)
1746 3331 1908 3382 natu:

2125 3347 2164 3380 ιν
2223 3327 2521 3406 προσφάτῳ
2572 3327 2906 3406 διεκφεύγειν
2967 3329 3200 3386 δοκοῦσα
3245 3334 3307 3388 τὸ
3355 3339 3450 3389 τοῦ
3503 3344 3731 3410 μεμνῆο

302 3448 412 3488 sua
443 3427 623 3486 animi
656 3423 1041 3481 attentionem
1075 3421 1340 3489 occupat.
1374 3415 1616 3472 Dicendi
1648 3414 1803 3470 enim
1837 3433 1908 3472 no

2125 3429 2186 3468 lat
2243 3416 2546 3492 τεράστιον,
2591 3417 2670 3490 τῷ
2729 3415 2786 3472 δε
2841 3421 2961 3473 καθ’
3014 3420 3202 3496 εἱρμὸν
3263 3429 3484 3499 συνεχεῖ
3542 3448 3731 3482 καινο-

302 3521 503 3576 minus
534 3532 708 3589 quam
743 3510 1038 3570 scribendi
1079 3506 1344 3580 apprime
1374 3506 1598 3577 peritus
1655 3504 1908 3561 indefess

2124 3507 2278 3574 >επής
2311 3505 2419 3582 όύχ
2449 3505 2646 3576 ἥκιστα
2701 3507 2790 3562 καὶ
2849 3508 3139 3578 ξενίζουσα.
3203 3513 3302 3566 Ἦν
3365 3513 3461 3586 μὲν
3514 3513 3730 3581 ἐκεῖνος

302 3625 369 3666 ac
403 3602 792 3680 perseveranti
823 3599 1020 3657 stadio
1051 3596 1281 3653 cunctis
1330 3611 1457 3666 quae
1517 3595 1569 3648 ei
1598 3593 1908 3650 demandai

2123 3594 2271 3663 ξιῶς,
2332 3594 2510 3669 ὥσπερ
2573 3595 2748 3672 λέγειν
2802 3595 3166 3674 δημηγορῶν,
3226 3601 3369 3655 οὕτω
3426 3603 3516 3657 καὶ
3575 3607 3724 3681 πρὸς

299 3701 533 3756 fuerant
548 3691 796 3766 negotiis
816 3688 1212 3746 incumbebat.
1225 3684 1328 3740 Ubi
1351 3684 1529 3754 igitur
1550 3682 1765 3738 mentis
1779 3683 1905 3756 regi

2115 3684 2430 3760 ›γογραφίαν
2488 3682 2700 3754 λαλεῖν,
2752 3686 2842 3741 καὶ
2902 3687 3102 3759 ταύτην
3153 3694 3350 3764 μικροῦ
3383 3693 3474 3746 καὶ
3507 3693 3721 3750 ἀπνευ-

299 3791 456 3845 fetus
512 3783 908 3841 maturitatem
977 3776 1288 3847 attigisset,
1335 3777 1394 3828 et
1426 3775 1550 3844 jam
1596 3773 1668 3828 ad
1714 3779 1905 3843 partui

2112 3771 2163 3839 εἰ,
2224 3772 2312 3826 καὶ
2357 3774 2492 3847 πρὸς
2536 3773 2615 3846 τῷ
2671 3781 2856 3848 πυκνῷ
2885 3781 2994 3830 τῶν
3048 3779 3342 3852 νοημάτων
3373 3781 3461 3834 καὶ
3500 3783 3718 3839 ἀποτά-

298 3875 819 3950 appropinquaret,
871 3870 1196 3940 imperator
1226 3863 1617 3935 sapiens(par
1647 3868 1736 3918 est
1789 3863 1904 3918 enix

2113 3882 2155 3930 iv
2211 3863 2591 3935 ἡρμοσμένην.
2625 3865 2712 3928 Ὠς
2744 3864 2800 3919 δὲ
2826 3865 2946 3950 εἶχε
2999 3865 3158 3930 τέλος
3203 3868 3230 3922 ὁ
3257 3873 3356 3924 τοῦ
3416 3869 3719 3946 βασιλικοῦ

295 3949 531 4023 novisse
573 3963 673 4036 qui
731 3962 815 4017 sic
868 3957 1101 4031 ingenio
1152 3971 1219 4010 ac
1273 3954 1590 4009 virtutibus
1640 3953 1794 4008 inter
1845 3971 1901 4009 ca

2111 3950 2177 4011 »ὸς
2211 3950 2428 4026 εὐγενὴς
2457 3952 2636 4022 τόκος,
2685 3955 2775 4008 καὶ
2805 3949 2910 4010 ἔδει
2960 3956 3094 4028 πρὸς
3143 3962 3258 4034 φῶς
3312 3957 3470 4014 αὐτὸν
3504 3959 3717 4036 ἐλθεῖν,

291 4059 449 4113 teros
478 4051 790 4119 excellunt)
826 4047 910 4105 sic
967 4047 1155 4102 facere
1211 4042 1481 4116 stagebat
1533 4041 1829 4113 talemque
1881 4061 1897 4098 ι

2113 4039 2280 4114 σοφὸς
2329 4040 2584 4116 βασιλεὺς
2644 4041 2749 4117 (δεῖ
2805 4045 2907 4119 γὰρ
2955 4043 3084 4107 τοὺς
3146 4045 3580 4123 μεγαλοπρεπεῖς
3634 4053 3717 4106 εί-

293 4149 626 4203 monstrare
655 4139 744 4200 vel
776 4139 850 4194 iis
881 4135 981 4209 qui
1015 4137 1145 4206 ejus
1203 4131 1461 4189 indolem
1515 4131 1807 4203 cognitam
1841 4130 1899 4187 hs

2113 4149 2194 4182 ναι
2242 4129 2527 4193 τοιούτους
2584 4127 2759 4201 ὄντας,
2819 4134 2908 4188 καὶ
2967 4139 3046 4206 τῷ
3095 4136 3336 4213 σφετέρῳ
3389 4135 3548 4211 καλῷ
3607 4139 3716 4197 ἐλ-

292 4233 526 4290 bebant.
581 4230 764 4303 Igitur
818 4223 1101 4299 propositi
1147 4222 1240 4279 sui
1298 4223 1476 4276 finem
1523 4222 1761 4293 exponit
1791 4221 1898 4277 inte

2105 4217 2386 4293 ἱμπεσθαι)
2433 4219 2600 4290 ἤθελε
2637 4228 2814 4277 ποιεῖν
2866 4223 3028 4294 οὕτω,
3081 4225 3179 4279 καὶ
3215 4227 3401 4282 ἑαυτὸν
3434 4227 3711 4306 ἐκφαίνειν

289 4339 484 4396 grum,
518 4321 655 4378 dein
688 4337 721 4374 a
748 4317 956 4391 primis
977 4313 1162 4370 initiis
1193 4312 1683 4384 argumentando,
1725 4327 1792 4367 eo
1824 4328 1895 4383 qu

2104 4313 2165 4369 ιῖς
2208 4306 2336 4363 οὐδὲ
2383 4308 2569 4372 ἄλλως
2599 4312 2921 4386 ἠγνοηκόσι.
2973 4315 3073 4368 Καὶ
3121 4317 3522 4389 προεκθέμενος
3569 4317 3710 4376 ὀλο-

286 4412 416 4467 vult
445 4403 1047 4482 procedit,nibilquod
1081 4402 1151 4458 ad
1182 4417 1304 4457 rem
1327 4400 1516 4456 facere
1547 4404 1739 4472 potest
1767 4401 1892 4456 omi‘

2103 4402 2262 4472 (ερῶς
2309 4398 2399 4453 τὸν
2450 4403 2546 4454 τοῦ
2596 4397 2769 4475 λόγου
2823 4402 3047 4471 σκοπὸν,
3084 4404 3195 4458 εἶτα
3245 4403 3338 4459 καί
3385 4407 3566 4482 ἀρχῆς
3607 4409 3709 4465 ἀπ’

285 4499 463 4554 tendo
494 4496 653 4570 (quis
677 4495 830 4551 enim
866 4494 1169 4548 accusaret
1188 4506 1255 4545 ea
1285 4506 1414 4561 quae
1470 4487 1618 4544 levia
1668 4488 1891 4544 videntt

2100 4505 2218 4558 ιρης
2307 4488 2474 4563 μέχρι
2549 4489 2639 4543 καὶ
2698 4494 3007 4566 περατῶσαι
3072 4498 3188 4554 τοῖς
3265 4491 3706 4569 ἐπιχειρήμασιν

287 4591 733 4660 praetereuntem
758 4585 806 4655 7)
834 4587 891 4638 et
923 4581 1079 4637 aliud
1142 4596 1291 4652 opus
1323 4594 1716 4650 aggressurus
1753 4578 1893 4633 fetui

2101 4574 2290 4644 τεξιὼν,
2323 4575 2413 4630 καὶ
2462 4581 2592 4630 πᾶσι
2640 4583 2759 4640 τοῖς
2817 4580 3201 4654 καιριωτάτοις
3260 4579 3562 4657 ἐνδραμὼν,
3625 4586 3707 4659 (τί

285 4659 397 4734 sub
427 4675 745 4731 voluminis
762 4671 952 4745 specie
983 4670 1044 4725 in
1065 4669 1254 4725 lucem
1283 4667 1463 4723 edidit
1491 4672 1550 4723 et
1579 4667 1783 4722 amicis
1807 4684 1891 4739 pel

2101 4704 2134 4732 .,
2195 4660 2344 4738 εἷ’περ
2403 4664 2686 4740 βραχείαις
2739 4665 2878 4721 τισὶν
2937 4665 3152 4722 ἐνέλιπε
3207 4668 3409 4740 λέξεσιν
3444 4676 3481 4744 ;)
3539 4671 3707 4737 αὐτὸς

285 4764 601 4840 legendum
632 4765 865 4830 obtulit,
894 4767 952 4817 et
980 4759 1296 4831 legentium
1331 4758 1562 4814 animos
1585 4758 1891 4814 delectaba'

2097 4753 2142 4806 ὲν
2167 4750 2350 4823 ἐτέρου
2407 4752 2613 4828 ἐγίνετο
2671 4753 2854 4831 ἔργου,
2909 4756 3000 4811 τὸν
3063 4755 3122 4811 δὲ
3181 4758 3481 4831 μηνυθέντα
3533 4761 3703 4818 τόκον

284 4819 755 4912 εισωειιιεηιίυω
789 4870 902 4908 non
927 4855 1052 4907 erat
1082 4867 1154 4906 ne
1185 4867 1218 4905 a
1249 4847 1522 4904 manibus
1553 4847 1816 4920 profanis
1846 4849 1890 4906 al

2097 4819 2285 4915 >οῆ⁹γεν
2360 4819 2851 4919 ἐσπαργανωμένον.
2924 4845 3106 4922 ὥσπερ
3181 4819 3267 4920 ’τῶ
3337 4848 3496 4922 τόμῳ
3529 4892 3543 4919 ,
3604 4854 3703 4908 καὶ

281 4949 590 5002 tereretur.
622 4946 714 5000 Sic
746 4945 804 4998 in
837 4940 997 4998 omni
1030 4957 1090 4995 re
1121 4938 1421 5004 litteraria,
1482 4938 1553 4992 de
1612 4954 1725 5008 quo
1775 4939 1887 4997 inte

2094 4933 2317 5007 >οφήνας
2373 4936 2490 4994 τοῖς
2539 4939 2941 5010 παρατυχοῦσιν
2992 4932 3174 4990 ἐδίδου
3225 4938 3700 5016 περιεργάζεσθαι,

281 5035 484 5090 doctos
503 5031 884 5101 constat,ﬁeri
915 5029 1250 5095 deberet;at
1281 5043 1396 5080 non
1427 5025 1745 5082 ﬁt.Bonum
1769 5029 1887 5086 enir

2095 5018 2127 5072 ιὶ
2184 5017 2489 5094 ἀνελιχθεὶς
2545 5018 2752 5096 ἤρχετο
2809 5022 2887 5087 εἷς
2937 5023 3275 5098 περιελευσιν
3311 5070 3324 5094 ,
3385 5027 3562 5082 ἀκοῶν
3623 5027 3701 5084 δι’

280 5137 516 5194 perraro
549 5127 605 5177 et
643 5123 701 5176 in
736 5117 1110 5192 paucissimis
1140 5113 1577 5170 occurrit.Idem
1611 5115 1767 5172 enim
1799 5119 1886 5174 ani

2095 5109 2406 5182 ιαγνώσεως.
2467 5111 2574 5165 Καὶ
2647 5111 2713 5178 ἦν
2769 5111 2972 5174 ἆκεῖνος
3046 5115 3074 5168 ὁ
3153 5112 3479 5186 ὲκλαληθεὶς
3539 5116 3701 5174 οὐδὲν

278 5228 412 5269 mus
442 5220 496 5268 et
525 5211 587 5266 in
618 5208 855 5282 publico
892 5209 1122 5262 oratore
1155 5203 1254 5275 qui
1290 5220 1404 5258 uno
1435 5208 1634 5260 tenore
1665 5205 1884 5276 loquitu

2090 5196 2465 5270 spctodpevoc.
2514 5202 2688 5253 Τοῦτο
2719 5201 2831 5276 χρὴ
2889 5202 3012 5274 μὲν,
3064 5203 3139 5266 ὡς
3167 5201 3229 5258 ἂν
3281 5203 3426 5259 εἷίποι
3465 5226 3570 5274 τις,
3606 5206 3696 5286 ἐφ’

273 5305 332 5358 et
361 5301 420 5356 in
452 5301 647 5372 operis
680 5297 884 5370 scripti
914 5300 1151 5351 auctore
1184 5293 1534 5349 manifestus
1554 5299 1660 5349 est.
1697 5295 1879 5366 Ubiqu

2093 5305 2268 5346 ιαντος
2322 5285 2493 5361 λόγου
2539 5285 2777 5363 γίνεσθαι
2824 5289 3052 5364 (γίνεται
3096 5289 3140 5345 δ’
3191 5292 3279 5346 ἐπὶ
3333 5293 3544 5348 πάντων
3579 5284 3699 5374 οὐχ

274 5393 469 5446 autem
490 5371 797 5444 ioblivioid
833 5381 1186 5440 incommodi
1246 5379 1422 5437 habet
1478 5388 1545 5437 ut
1594 5383 1880 5454 posterior

2089 5371 2219 5445 ἱτω)·
2255 5375 2480 5430 σπάνιον
2513 5373 2570 5430 δὲ
2611 5377 2701 5430 καὶ
2749 5377 2800 5432 ἕν
2841 5375 3136 5452 ὀλιγίστοις
3178 5382 3240 5435 τὸ
3291 5382 3509 5456 ἀγαθόν.
3543 5371 3695 5450 Νοῦς

272 5479 569 5550 prioribus
590 5477 883 5536 contraria
904 5473 1414 5548 producantur,ita
1437 5477 1501 5528 ut
1517 5490 1643 5544 quae
1662 5473 1878 5529 secund

2089 5477 2127 5517 εν
2159 5464 2262 5540 γὰρ
2297 5465 2324 5517 ὁ
2355 5463 2514 5526 αὐτὸς
2548 5465 2599 5520 ὲν
2633 5466 2909 5542 ἑκατέροις
2960 5466 3040 5540 τῷ
3069 5488 3126 5523 τε
3179 5469 3255 5530 εἰς
3302 5467 3474 5547 ὄχλον
3527 5472 3695 5530 ἑκλα-

271 5548 396 5622 loco
415 5567 775 5641 suntiisquaa
787 5566 1044 5639 primum
1063 5566 1491 5633 occupant,non
1507 5563 1877 5633 respondean‘

2088 5552 2282 5624 ιυμὲνῳ
2342 5551 2496 5628 λόγῳ
2549 5555 2686 5630 πρὸς
2741 5551 2924 5610 ἄνετον
2979 5556 3155 5633 χύμα,
3214 5560 3414 5631 καὶτῷ
3466 5557 3694 5636 βίϐλοις

270 5657 431 5708 Bona
459 5658 654 5710 autem
676 5653 960 5710 memoria
989 5667 1185 5708 rerum
1208 5651 1739 5706 conservendarum
1762 5649 1876 5706 ordi

2080 5642 2212 5696 ιυτὸν
2266 5641 2473 5719 ἀφιέντι
2527 5643 2998 5720 ὲγκατακλείεσθαι
3040 5689 3051 5702 .
3120 5649 3276 5718 Λήθη
3336 5645 3394 5703 δὲ
3460 5650 3562 5706 οὐκ
3618 5651 3686 5709 ἂν

271 5755 407 5796 nem
425 5739 643 5797 mirum
656 5742 716 5796 in
739 5742 981 5797 modum
995 5738 1467 5796 observat.Nobis
1480 5738 1718 5810 quidem
1734 5738 1792 5795 id
1806 5738 1877 5796 im

2081 5729 2320 5806 νάσχοιτο
2373 5731 2643 5798 κάνταῦθα
2703 5735 2781 5808 μὴ
2842 5740 3284 5810 κατακαυχᾶσθαι
3329 5742 3436 5793 τῶν
3486 5737 3687 5797 πλειό-
