  <div class='ocr_page' id='page_1' title='image "/cluster/home/n/w/nwhite01/storage/ocr_20150623/135:no.2/coo.31924054870401/506.png"; bbox 0 0 4066 6400; ppageno 0'>
   <div class='ocr_carea' id='block_1_1' title="bbox 281 442 3707 515">
    <p class='ocr_par' dir='ltr' id='par_1_1' title="bbox 281 442 3707 515">
     <span class='ocr_line' id='line_1_1' title="bbox 281 442 3707 515; baseline 0.004 -13"><span class='ocrx_word' id='word_1_1' title='bbox 281 443 397 503; x_wconf 85' lang='lat'>997</span> <span class='ocrx_word' id='word_1_2' title='bbox 1143 444 1550 508; x_wconf 84' lang='lat' dir='ltr'>MANUELIS</span> <span class='ocrx_word' id='word_1_3' title='bbox 1593 443 1946 506; x_wconf 83' lang='lat' dir='ltr'>GOMNENI</span> <span class='ocrx_word' id='word_1_4' title='bbox 1991 443 2388 506; x_wconf 84' lang='lat' dir='ltr'>LAUDA&#39;I‘IO</span> <span class='ocrx_word' id='word_1_5' title='bbox 2433 442 2849 508; x_wconf 83' lang='lat' dir='ltr'>FUNEBRIS.</span> <span class='ocrx_word' id='word_1_6' title='bbox 3585 451 3707 515; x_wconf 85' lang='lat'>998</span> 
     </span>
    </p>
   </div>
   <div class='ocr_carea' id='block_1_2' title="bbox 283 573 1969 654">
    <p class='ocr_par' dir='ltr' id='par_1_2' title="bbox 283 573 1969 654">
     <span class='ocr_line' id='line_1_2' title="bbox 283 573 1969 654; baseline 0.002 -27"><span class='ocrx_word' id='word_1_7' title='bbox 283 594 412 642; x_wconf 89' lang='grc' dir='ltr'>νων,</span> <span class='ocrx_word' id='word_1_8' title='bbox 445 574 522 638; x_wconf 83' lang='grc' dir='ltr'>ὡς</span> <span class='ocrx_word' id='word_1_9' title='bbox 585 576 660 647; x_wconf 76' lang='grc' dir='ltr'>μὴ</span> <span class='ocrx_word' id='word_1_10' title='bbox 719 579 837 639; x_wconf 90' lang='grc' dir='ltr'>τοῖς</span> <span class='ocrx_word' id='word_1_11' title='bbox 892 573 1150 654; x_wconf 81' lang='grc' dir='ltr'>φθάσασιν</span> <span class='ocrx_word' id='word_1_12' title='bbox 1210 573 1506 650; x_wconf 83' lang='grc' dir='ltr'>ὁμολογεῖν</span> <span class='ocrx_word' id='word_1_13' title='bbox 1570 573 1639 630; x_wconf 82' lang='grc' dir='ltr'>τὰ</span> <span class='ocrx_word' id='word_1_14' title='bbox 1694 573 1969 648; x_wconf 45' lang='grc' dir='ltr'>δεύτεραμ</span> 
     </span>
    </p>
   </div>
   <div class='ocr_carea' id='block_1_3' title="bbox 2087 573 3702 654">
    <p class='ocr_par' dir='ltr' id='par_1_3' title="bbox 2087 577 3702 652">
     <span class='ocr_line' id='line_1_3' title="bbox 2087 577 3702 652; baseline 0.006 -22"><span class='ocrx_word' id='word_1_15' title='bbox 2087 577 2263 632; x_wconf 70' lang='lat' dir='ltr'><strong>rimis</strong></span> <span class='ocrx_word' id='word_1_16' title='bbox 2296 577 2509 633; x_wconf 87' lang='lat' dir='ltr'><strong>mirum</strong></span> <span class='ocrx_word' id='word_1_17' title='bbox 2541 578 2772 634; x_wconf 86' lang='lat' dir='ltr'><strong>videtur</strong></span> <span class='ocrx_word' id='word_1_18' title='bbox 2799 580 3029 652; x_wconf 87' lang='lat' dir='ltr'><strong>(omnes</strong></span> <span class='ocrx_word' id='word_1_19' title='bbox 3056 580 3212 640; x_wconf 90' lang='lat' dir='ltr'><strong>enim</strong></span> <span class='ocrx_word' id='word_1_20' title='bbox 3243 583 3478 641; x_wconf 88' lang='lat' dir='ltr'><strong>virtutis</strong></span> <span class='ocrx_word' id='word_1_21' title='bbox 3527 586 3702 642; x_wconf 90' lang='lat' dir='ltr'><strong>amlci</strong></span> 
     </span>
    </p>
   </div>
   <div class='ocr_carea' id='block_1_4' title="bbox 285 663 1969 745">
    <p class='ocr_par' dir='ltr' id='par_1_4' title="bbox 285 663 1942 742">
     <span class='ocr_line' id='line_1_4' title="bbox 285 663 1942 742; baseline 0 -24"><span class='ocrx_word' id='word_1_22' title='bbox 285 663 384 718; x_wconf 82' lang='grc' dir='ltr'>Καὶ</span> <span class='ocrx_word' id='word_1_23' title='bbox 435 667 597 718; x_wconf 88' lang='grc' dir='ltr'>τοῦτο</span> <span class='ocrx_word' id='word_1_24' title='bbox 656 665 749 737; x_wconf 77' lang='grc' dir='ltr'>μὲν</span> <span class='ocrx_word' id='word_1_25' title='bbox 810 665 1042 742; x_wconf 78' lang='grc' dir='ltr'>εὐφυοῦς</span> <span class='ocrx_word' id='word_1_26' title='bbox 1091 665 1316 736; x_wconf 90' lang='grc' dir='ltr'>μνήμης</span> <span class='ocrx_word' id='word_1_27' title='bbox 1347 663 1536 739; x_wconf 86' lang='grc' dir='ltr'>εἷρμὸς</span> <span class='ocrx_word' id='word_1_28' title='bbox 1567 667 1685 726; x_wconf 86' lang='grc' dir='ltr'>οἷος</span> <span class='ocrx_word' id='word_1_29' title='bbox 1737 665 1942 736; x_wconf 85' lang='grc' dir='ltr'>θαυμά-</span> 
     </span>
    </p>
   </div>
   <div class='ocr_carea' id='block_1_5' title="bbox 2087 663 3702 745">
    <p class='ocr_par' dir='ltr' id='par_1_5' title="bbox 2087 666 3702 745">
     <span class='ocr_line' id='line_1_5' title="bbox 2087 666 3702 745; baseline 0.007 -25"><span class='ocrx_word' id='word_1_30' title='bbox 2087 666 2225 721; x_wconf 62' lang='lat' dir='ltr'><strong>inde</strong></span> <span class='ocrx_word' id='word_1_31' title='bbox 2257 666 2434 738; x_wconf 89' lang='lat' dir='ltr'><strong>digna</strong></span> <span class='ocrx_word' id='word_1_32' title='bbox 2460 667 2802 738; x_wconf 81' lang='lat' dir='ltr'>sectantur),</span> <span class='ocrx_word' id='word_1_33' title='bbox 2837 671 3074 741; x_wconf 85' lang='lat' dir='ltr'>quando</span> <span class='ocrx_word' id='word_1_34' title='bbox 3103 675 3205 728; x_wconf 88' lang='lat' dir='ltr'>aut</span> <span class='ocrx_word' id='word_1_35' title='bbox 3232 671 3356 745; x_wconf 91' lang='lat' dir='ltr'><strong>ipse</strong></span> <span class='ocrx_word' id='word_1_36' title='bbox 3375 671 3594 730; x_wconf 90' lang='lat' dir='ltr'><strong>librum</strong></span> <span class='ocrx_word' id='word_1_37' title='bbox 3617 674 3702 731; x_wconf 91' lang='lat' dir='ltr'>le-</span> 
     </span>
    </p>
   </div>
   <div class='ocr_carea' id='block_1_6' title="bbox 285 750 1969 835">
    <p class='ocr_par' dir='ltr' id='par_1_6' title="bbox 285 750 1940 828">
     <span class='ocr_line' id='line_1_6' title="bbox 285 750 1940 828; baseline 0.001 -22"><span class='ocrx_word' id='word_1_38' title='bbox 285 755 484 822; x_wconf 82' lang='grc' dir='ltr'>ζεσθαι.</span> <span class='ocrx_word' id='word_1_39' title='bbox 516 754 677 826; x_wconf 87' lang='grc' dir='ltr'>Ἡμῖν</span> <span class='ocrx_word' id='word_1_40' title='bbox 709 750 767 808; x_wconf 72' lang='grc' dir='ltr'>δὲ</span> <span class='ocrx_word' id='word_1_41' title='bbox 795 752 972 808; x_wconf 87' lang='grc' dir='ltr'>πλείω</span> <span class='ocrx_word' id='word_1_42' title='bbox 1019 754 1083 808; x_wconf 80' lang='grc' dir='ltr'>τὰ</span> <span class='ocrx_word' id='word_1_43' title='bbox 1133 758 1231 808; x_wconf 87' lang='grc' dir='ltr'>τοῦ</span> <span class='ocrx_word' id='word_1_44' title='bbox 1290 753 1566 826; x_wconf 80' lang='grc' dir='ltr'>θαύματος</span> <span class='ocrx_word' id='word_1_45' title='bbox 1621 753 1820 828; x_wconf 76' lang='grc' dir='ltr'>(φαμὲν</span> <span class='ocrx_word' id='word_1_46' title='bbox 1872 750 1940 823; x_wconf 86' lang='grc' dir='ltr'>δ’,</span> 
     </span>
    </p>
   </div>
   <div class='ocr_carea' id='block_1_7' title="bbox 2087 750 3703 835">
    <p class='ocr_par' dir='ltr' id='par_1_7' title="bbox 2087 754 3703 835">
     <span class='ocr_line' id='line_1_7' title="bbox 2087 754 3703 835; baseline 0.007 -26"><span class='ocrx_word' id='word_1_47' title='bbox 2087 754 2226 810; x_wconf 68' lang='lat' dir='ltr'><strong>&#39;endi</strong></span> <span class='ocrx_word' id='word_1_48' title='bbox 2255 771 2392 828; x_wconf 87' lang='lat' dir='ltr'><strong>ergo</strong></span> <span class='ocrx_word' id='word_1_49' title='bbox 2413 757 2773 829; x_wconf 88' lang='lat' dir='ltr'><strong>aperuit,aut</strong></span> <span class='ocrx_word' id='word_1_50' title='bbox 2801 759 2975 815; x_wconf 81' lang='lat' dir='ltr'>alicui</span> <span class='ocrx_word' id='word_1_51' title='bbox 2998 760 3115 817; x_wconf 86' lang='lat' dir='ltr'><strong>alta</strong></span> <span class='ocrx_word' id='word_1_52' title='bbox 3131 778 3268 818; x_wconf 90' lang='lat' dir='ltr'><strong>voce</strong></span> <span class='ocrx_word' id='word_1_53' title='bbox 3293 762 3508 835; x_wconf 82' lang='lat' dir='ltr'>legenti</span> <span class='ocrx_word' id='word_1_54' title='bbox 3530 779 3703 821; x_wconf 88' lang='lat' dir='ltr'><strong>aures</strong></span> 
     </span>
    </p>
   </div>
   <div class='ocr_carea' id='block_1_8' title="bbox 285 839 1969 922">
    <p class='ocr_par' dir='ltr' id='par_1_8' title="bbox 285 839 1944 919">
     <span class='ocr_line' id='line_1_8' title="bbox 285 839 1944 919; baseline 0.001 -24"><span class='ocrx_word' id='word_1_55' title='bbox 285 841 492 897; x_wconf 80' lang='grc' dir='ltr'>δτικαί</span> <span class='ocrx_word' id='word_1_56' title='bbox 551 847 713 896; x_wconf 84' lang='grc' dir='ltr'>πᾶσιν</span> <span class='ocrx_word' id='word_1_57' title='bbox 771 841 968 906; x_wconf 78' lang='grc' dir='ltr'>ἄλλοις</span> <span class='ocrx_word' id='word_1_58' title='bbox 1024 839 1416 919; x_wconf 81' lang='grc' dir='ltr'>φιλοκαλοῦσιν</span> <span class='ocrx_word' id='word_1_59' title='bbox 1477 841 1699 904; x_wconf 73' lang='grc' dir='ltr'>ἑαυτοὺς</span> <span class='ocrx_word' id='word_1_60' title='bbox 1758 843 1834 904; x_wconf 78' lang='grc' dir='ltr'>εἷς</span> <span class='ocrx_word' id='word_1_61' title='bbox 1881 841 1944 896; x_wconf 85' lang='grc' dir='ltr'>τὸ</span> 
     </span>
    </p>
   </div>
   <div class='ocr_carea' id='block_1_9' title="bbox 2087 839 3708 922">
    <p class='ocr_par' dir='ltr' id='par_1_9' title="bbox 2087 842 3708 922">
     <span class='ocr_line' id='line_1_9' title="bbox 2087 842 3708 922; baseline 0.009 -27"><span class='ocrx_word' id='word_1_62' title='bbox 2087 842 2304 899; x_wconf 77' lang='lat' dir='ltr'><strong>.raebuit</strong></span> <span class='ocrx_word' id='word_1_63' title='bbox 2333 844 2493 900; x_wconf 82' lang='lat' dir='ltr'>brevi</span> <span class='ocrx_word' id='word_1_64' title='bbox 2515 851 2667 917; x_wconf 88' lang='lat' dir='ltr'><strong>post,</strong></span> <span class='ocrx_word' id='word_1_65' title='bbox 2696 852 2782 903; x_wconf 88' lang='lat' dir='ltr'>vel</span> <span class='ocrx_word' id='word_1_66' title='bbox 2802 853 2935 920; x_wconf 91' lang='lat' dir='ltr'><strong>post</strong></span> <span class='ocrx_word' id='word_1_67' title='bbox 2968 866 3080 905; x_wconf 89' lang='lat' dir='ltr'>non</span> <span class='ocrx_word' id='word_1_68' title='bbox 3111 866 3330 922; x_wconf 89' lang='lat' dir='ltr'><strong>paucos</strong></span> <span class='ocrx_word' id='word_1_69' title='bbox 3354 852 3480 908; x_wconf 90' lang='lat' dir='ltr'><strong>dies</strong></span> <span class='ocrx_word' id='word_1_70' title='bbox 3509 853 3708 910; x_wconf 86' lang='lat' dir='ltr'><strong>omnia</strong></span> 
     </span>
    </p>
   </div>
   <div class='ocr_carea' id='block_1_10' title="bbox 284 929 1969 1012">
    <p class='ocr_par' dir='ltr' id='par_1_10' title="bbox 284 929 1944 1007">
     <span class='ocr_line' id='line_1_10' title="bbox 284 929 1944 1007; baseline -0.001 -21"><span class='ocrx_word' id='word_1_71' title='bbox 284 932 421 1006; x_wconf 87' lang='grc' dir='ltr'>πρὸς</span> <span class='ocrx_word' id='word_1_72' title='bbox 477 937 595 992; x_wconf 87' lang='grc' dir='ltr'>τοῖς</span> <span class='ocrx_word' id='word_1_73' title='bbox 656 930 982 1002; x_wconf 72' lang='grc' dir='ltr'>ἀξιεπαίνοις</span> <span class='ocrx_word' id='word_1_74' title='bbox 1035 930 1184 1007; x_wconf 80' lang='grc' dir='ltr'>ἔχειν</span> <span class='ocrx_word' id='word_1_75' title='bbox 1231 932 1324 986; x_wconf 86' lang='grc' dir='ltr'>τὸν</span> <span class='ocrx_word' id='word_1_76' title='bbox 1356 933 1524 1003; x_wconf 88' lang='grc' dir='ltr'>νοῦν)·</span> <span class='ocrx_word' id='word_1_77' title='bbox 1561 929 1652 986; x_wconf 80' lang='grc' dir='ltr'>ὅτε</span> <span class='ocrx_word' id='word_1_78' title='bbox 1703 931 1795 985; x_wconf 88' lang='grc' dir='ltr'>καὶ</span> <span class='ocrx_word' id='word_1_79' title='bbox 1857 930 1944 1005; x_wconf 81' lang='grc' dir='ltr'>βί-</span> 
     </span>
    </p>
   </div>
   <div class='ocr_carea' id='block_1_11' title="bbox 2087 929 3705 1012">
    <p class='ocr_par' dir='ltr' id='par_1_11' title="bbox 2087 933 3705 1012">
     <span class='ocr_line' id='line_1_11' title="bbox 2087 933 3705 1012; baseline 0.006 -23"><span class='ocrx_word' id='word_1_80' title='bbox 2087 937 2172 989; x_wconf 78' lang='lat' dir='ltr'>sta</span> <span class='ocrx_word' id='word_1_81' title='bbox 2200 949 2303 1004; x_wconf 90' lang='lat' dir='ltr'>pro</span> <span class='ocrx_word' id='word_1_82' title='bbox 2324 933 2493 990; x_wconf 87' lang='lat' dir='ltr'><strong>libito</strong></span> <span class='ocrx_word' id='word_1_83' title='bbox 2525 936 2810 1003; x_wconf 84' lang='lat' dir='ltr'>recitavit,</span> <span class='ocrx_word' id='word_1_84' title='bbox 2843 942 2898 993; x_wconf 91' lang='lat' dir='ltr'>et</span> <span class='ocrx_word' id='word_1_85' title='bbox 2928 939 3013 995; x_wconf 88' lang='lat' dir='ltr'>sic</span> <span class='ocrx_word' id='word_1_86' title='bbox 3043 939 3289 1012; x_wconf 89' lang='lat' dir='ltr'><strong>antiqua</strong></span> <span class='ocrx_word' id='word_1_87' title='bbox 3343 957 3480 997; x_wconf 92' lang='lat' dir='ltr'>cum</span> <span class='ocrx_word' id='word_1_88' title='bbox 3540 942 3705 999; x_wconf 87' lang='lat' dir='ltr'><strong>novis</strong></span> 
     </span>
    </p>
   </div>
   <div class='ocr_carea' id='block_1_12' title="bbox 284 1015 1969 1104">
    <p class='ocr_par' dir='ltr' id='par_1_12' title="bbox 284 1015 1946 1096">
     <span class='ocr_line' id='line_1_12' title="bbox 284 1015 1946 1096; baseline 0.001 -22"><span class='ocrx_word' id='word_1_89' title='bbox 284 1015 420 1076; x_wconf 73' lang='grc' dir='ltr'>ὅλον</span> <span class='ocrx_word' id='word_1_90' title='bbox 451 1018 616 1090; x_wconf 78' lang='grc' dir='ltr'>ὅλην,</span> <span class='ocrx_word' id='word_1_91' title='bbox 648 1020 683 1089; x_wconf 74' lang='grc' dir='ltr'>ἢ</span> <span class='ocrx_word' id='word_1_92' title='bbox 717 1020 876 1084; x_wconf 80' lang='grc' dir='ltr'>αὐτὸς</span> <span class='ocrx_word' id='word_1_93' title='bbox 909 1021 1212 1091; x_wconf 79' lang='grc' dir='ltr'>ἀναπτύξας</span> <span class='ocrx_word' id='word_1_94' title='bbox 1263 1020 1338 1082; x_wconf 78' lang='grc' dir='ltr'>εἰς</span> <span class='ocrx_word' id='word_1_95' title='bbox 1386 1019 1704 1096; x_wconf 79' lang='grc' dir='ltr'>ἐπίγνωσιν,</span> <span class='ocrx_word' id='word_1_96' title='bbox 1733 1019 1769 1089; x_wconf 77' lang='grc' dir='ltr'><strong>ἢ</strong></span> <span class='ocrx_word' id='word_1_97' title='bbox 1820 1018 1946 1075; x_wconf 88' lang='grc' dir='ltr'>ἀλλ’</span> 
     </span>
    </p>
   </div>
   <div class='ocr_carea' id='block_1_13' title="bbox 2087 1015 3704 1104">
    <p class='ocr_par' dir='ltr' id='par_1_13' title="bbox 2087 1021 3704 1104">
     <span class='ocr_line' id='line_1_13' title="bbox 2087 1021 3704 1104; baseline 0.008 -28"><span class='ocrx_word' id='word_1_98' title='bbox 2087 1021 2362 1078; x_wconf 89' lang='lat' dir='ltr'><strong>niscendo</strong></span> <span class='ocrx_word' id='word_1_99' title='bbox 2391 1026 2709 1082; x_wconf 89' lang='lat' dir='ltr'><strong>astantium</strong></span> <span class='ocrx_word' id='word_1_100' title='bbox 2744 1027 2976 1084; x_wconf 91' lang='lat' dir='ltr'><strong>animos</strong></span> <span class='ocrx_word' id='word_1_101' title='bbox 3006 1029 3067 1085; x_wconf 95' lang='lat' dir='ltr'>in</span> <span class='ocrx_word' id='word_1_102' title='bbox 3124 1035 3428 1103; x_wconf 84' lang='lat' dir='ltr'>stuporem</span> <span class='ocrx_word' id='word_1_103' title='bbox 3487 1032 3704 1104; x_wconf 83' lang='lat' dir='ltr'>rapuit.</span> 
     </span>
    </p>
   </div>
   <div class='ocr_carea' id='block_1_14' title="bbox 286 1107 3706 1196">
    <p class='ocr_par' dir='ltr' id='par_1_14' title="bbox 286 1107 3706 1196">
     <span class='ocr_line' id='line_1_14' title="bbox 286 1107 3706 1196; baseline 0.003 -32"><span class='ocrx_word' id='word_1_104' title='bbox 286 1107 474 1184; x_wconf 70' lang='grc' dir='ltr'>ἑτέρου</span> <span class='ocrx_word' id='word_1_105' title='bbox 531 1108 861 1183; x_wconf 75' lang='grc' dir='ltr'>περιιόντος,</span> <span class='ocrx_word' id='word_1_106' title='bbox 890 1109 980 1164; x_wconf 82' lang='grc' dir='ltr'>καὶ</span> <span class='ocrx_word' id='word_1_107' title='bbox 1039 1109 1325 1174; x_wconf 79' lang='grc' dir='ltr'>ἀκούεσθαι</span> <span class='ocrx_word' id='word_1_108' title='bbox 1382 1111 1473 1164; x_wconf 85' lang='grc' dir='ltr'>τὸν</span> <span class='ocrx_word' id='word_1_109' title='bbox 1519 1109 1573 1164; x_wconf 70' lang='grc' dir='ltr'>ἂν</span> <span class='ocrx_word' id='word_1_110' title='bbox 1621 1109 1757 1183; x_wconf 79' lang='grc' dir='ltr'>αὐτῇ</span> <span class='ocrx_word' id='word_1_111' title='bbox 1801 1113 1926 1164; x_wconf 90' lang='grc' dir='ltr'>νοῦν</span> <span class='ocrx_word' id='word_1_112' title='bbox 1966 1107 2381 1183; x_wconf 79' lang='grc' dir='ltr'>ἀναλεξάμενος,</span> <span class='ocrx_word' id='word_1_113' title='bbox 2413 1113 2524 1166; x_wconf 73' lang='grc' dir='ltr'>εἶτα</span> <span class='ocrx_word' id='word_1_114' title='bbox 2554 1113 2897 1190; x_wconf 82' lang='grc' dir='ltr'>παρασχεδὸν</span> <span class='ocrx_word' id='word_1_115' title='bbox 2927 1121 3120 1192; x_wconf 79' lang='grc' dir='ltr'>καιροῦ</span> <span class='ocrx_word' id='word_1_116' title='bbox 3148 1117 3183 1187; x_wconf 76' lang='grc' dir='ltr'><strong>ἢ</strong></span> <span class='ocrx_word' id='word_1_117' title='bbox 3215 1117 3306 1173; x_wconf 77' lang='grc' dir='ltr'>καὶ</span> <span class='ocrx_word' id='word_1_118' title='bbox 3339 1121 3476 1193; x_wconf 81' lang='grc' dir='ltr'>μετὰ</span> <span class='ocrx_word' id='word_1_119' title='bbox 3501 1117 3706 1196; x_wconf 81' lang='grc' dir='ltr'>συχνὰς</span> 
     </span>
    </p>
   </div>
   <div class='ocr_carea' id='block_1_15' title="bbox 287 1197 3705 1279">
    <p class='ocr_par' dir='ltr' id='par_1_15' title="bbox 287 1197 3705 1279">
     <span class='ocr_line' id='line_1_15' title="bbox 287 1197 3705 1279; baseline 0.004 -27"><span class='ocrx_word' id='word_1_120' title='bbox 287 1197 499 1274; x_wconf 67' lang='grc' dir='ltr'>ἡμέρας</span> <span class='ocrx_word' id='word_1_121' title='bbox 547 1198 624 1260; x_wconf 77' lang='grc' dir='ltr'>εἰς</span> <span class='ocrx_word' id='word_1_122' title='bbox 670 1199 734 1254; x_wconf 90' lang='grc' dir='ltr'>τὸ</span> <span class='ocrx_word' id='word_1_123' title='bbox 772 1205 874 1253; x_wconf 81' lang='grc' dir='ltr'>πᾶν</span> <span class='ocrx_word' id='word_1_124' title='bbox 926 1205 1164 1276; x_wconf 85' lang='grc' dir='ltr'>συνεῖρεν</span> <span class='ocrx_word' id='word_1_125' title='bbox 1213 1199 1556 1275; x_wconf 87' lang='grc' dir='ltr'>ἀπρόσκοπα,</span> <span class='ocrx_word' id='word_1_126' title='bbox 1583 1197 1781 1275; x_wconf 77' lang='grc' dir='ltr'>ἐξάγων</span> <span class='ocrx_word' id='word_1_127' title='bbox 1830 1202 1928 1253; x_wconf 91' lang='grc' dir='ltr'>τοῦ</span> <span class='ocrx_word' id='word_1_128' title='bbox 1961 1203 2234 1273; x_wconf 85' lang='grc' dir='ltr'>θησαυροῦ</span> <span class='ocrx_word' id='word_1_129' title='bbox 2259 1198 2424 1255; x_wconf 76' lang='grc' dir='ltr'>αὐτοῦ</span> <span class='ocrx_word' id='word_1_130' title='bbox 2454 1200 2592 1256; x_wconf 84' lang='grc' dir='ltr'>αὐτὰ</span> <span class='ocrx_word' id='word_1_131' title='bbox 2623 1202 2720 1274; x_wconf 71' lang='grc' dir='ltr'>μὶν</span> <span class='ocrx_word' id='word_1_132' title='bbox 2752 1201 2980 1276; x_wconf 82' lang='grc' dir='ltr'>παλαιὰ,</span> <span class='ocrx_word' id='word_1_133' title='bbox 3014 1204 3242 1270; x_wconf 75' lang='grc' dir='ltr'>ἐκείνοις</span> <span class='ocrx_word' id='word_1_134' title='bbox 3272 1203 3331 1263; x_wconf 74' lang='grc' dir='ltr'>δὶ</span> <span class='ocrx_word' id='word_1_135' title='bbox 3357 1209 3534 1279; x_wconf 82' lang='grc' dir='ltr'>καινὰ,</span> <span class='ocrx_word' id='word_1_136' title='bbox 3567 1207 3641 1264; x_wconf 80' lang='grc' dir='ltr'>ὧν</span> <span class='ocrx_word' id='word_1_137' title='bbox 3675 1208 3705 1263; x_wconf 86' lang='grc' dir='ltr'>ὁ</span> 
     </span>
    </p>
   </div>
   <div class='ocr_carea' id='block_1_16' title="bbox 289 1282 1306 1363">
    <p class='ocr_par' dir='ltr' id='par_1_16' title="bbox 289 1282 1306 1363">
     <span class='ocr_line' id='line_1_16' title="bbox 289 1282 1306 1363; baseline 0.002 -21"><span class='ocrx_word' id='word_1_138' title='bbox 289 1286 451 1362; x_wconf 91' lang='grc' dir='ltr'>λόγος</span> <span class='ocrx_word' id='word_1_139' title='bbox 490 1282 607 1342; x_wconf 69' lang='grc' dir='ltr'>οὔτι</span> <span class='ocrx_word' id='word_1_140' title='bbox 637 1308 743 1343; x_wconf 90' lang='grc' dir='ltr'>που</span> <span class='ocrx_word' id='word_1_141' title='bbox 777 1287 986 1363; x_wconf 78' lang='grc' dir='ltr'>μακρὰν</span> <span class='ocrx_word' id='word_1_142' title='bbox 1011 1286 1306 1362; x_wconf 69' lang='grc' dir='ltr'>ἐμέμνητο.</span> 
     </span>
    </p>
   </div>
   <div class='ocr_carea' id='block_1_17' title="bbox 365 1541 1946 1619">
    <p class='ocr_par' dir='ltr' id='par_1_17' title="bbox 365 1541 1946 1619">
     <span class='ocr_line' id='line_1_17' title="bbox 365 1541 1946 1619; baseline -0.002 -18"><span class='ocrx_word' id='word_1_143' title='bbox 365 1544 464 1602; x_wconf 87' lang='grc' dir='ltr'>λδ’.</span> <span class='ocrx_word' id='word_1_144' title='bbox 500 1546 642 1619; x_wconf 83' lang='grc' dir='ltr'>Πρὸς</span> <span class='ocrx_word' id='word_1_145' title='bbox 668 1545 768 1619; x_wconf 75' lang='grc' dir='ltr'>γὰρ</span> <span class='ocrx_word' id='word_1_146' title='bbox 803 1541 868 1614; x_wconf 80' lang='grc' dir='ltr'>δὴ</span> <span class='ocrx_word' id='word_1_147' title='bbox 900 1550 1016 1606; x_wconf 91' lang='grc' dir='ltr'>τοῖς</span> <span class='ocrx_word' id='word_1_148' title='bbox 1048 1544 1271 1614; x_wconf 76' lang='grc' dir='ltr'>ἄλλοις,</span> <span class='ocrx_word' id='word_1_149' title='bbox 1300 1543 1388 1599; x_wconf 77' lang='grc' dir='ltr'>ὅτε</span> <span class='ocrx_word' id='word_1_150' title='bbox 1417 1545 1718 1618; x_wconf 85' lang='grc' dir='ltr'>(συμπεσὸν</span> <span class='ocrx_word' id='word_1_151' title='bbox 1761 1541 1946 1615; x_wconf 75' lang='grc' dir='ltr'>οὕτω),</span> 
     </span>
    </p>
   </div>
   <div class='ocr_carea' id='block_1_18' title="bbox 298 1631 1951 1710">
    <p class='ocr_par' dir='ltr' id='par_1_18' title="bbox 298 1631 1951 1710">
     <span class='ocr_line' id='line_1_18' title="bbox 298 1631 1951 1710; baseline -0.001 -20"><span class='ocrx_word' id='word_1_152' title='bbox 298 1636 374 1710; x_wconf 81' lang='grc' dir='ltr'>μὴ</span> <span class='ocrx_word' id='word_1_153' title='bbox 421 1640 540 1696; x_wconf 85' lang='grc' dir='ltr'>τοῖς</span> <span class='ocrx_word' id='word_1_154' title='bbox 596 1639 808 1696; x_wconf 82' lang='grc' dir='ltr'>κοινοῖς</span> <span class='ocrx_word' id='word_1_155' title='bbox 869 1632 1363 1710; x_wconf 77' lang='grc' dir='ltr'>ἐνασχολούμενος,</span> <span class='ocrx_word' id='word_1_156' title='bbox 1402 1635 1604 1708; x_wconf 73' lang='grc' dir='ltr'>⁵μικρόν</span> <span class='ocrx_word' id='word_1_157' title='bbox 1657 1656 1710 1689; x_wconf 93' lang='grc' dir='ltr'>τι</span> <span class='ocrx_word' id='word_1_158' title='bbox 1770 1631 1951 1695; x_wconf 83' lang='grc' dir='ltr'>ἀδείας</span> 
     </span>
    </p>
   </div>
   <div class='ocr_carea' id='block_1_19' title="bbox 2134 1546 3705 1629">
    <p class='ocr_par' dir='ltr' id='par_1_19' title="bbox 2134 1546 3705 1629">
     <span class='ocr_line' id='line_1_19' title="bbox 2134 1546 3705 1629; baseline 0.01 -30"><span class='ocrx_word' id='word_1_159' title='bbox 2134 1547 2223 1600; x_wconf 81' lang='grc'>34.</span> <span class='ocrx_word' id='word_1_160' title='bbox 2259 1546 2543 1605; x_wconf 65' lang='lat' dir='ltr'><strong>Praeterea</strong></span> <span class='ocrx_word' id='word_1_161' title='bbox 2569 1550 2803 1621; x_wconf 85' lang='lat' dir='ltr'>quando</span> <span class='ocrx_word' id='word_1_162' title='bbox 2836 1568 2937 1623; x_wconf 87' lang='lat' dir='ltr'>pro</span> <span class='ocrx_word' id='word_1_163' title='bbox 2970 1569 3030 1608; x_wconf 88' lang='lat' dir='ltr'>re</span> <span class='ocrx_word' id='word_1_164' title='bbox 3061 1557 3196 1610; x_wconf 87' lang='lat' dir='ltr'><strong>nata</strong></span> <span class='ocrx_word' id='word_1_165' title='bbox 3219 1553 3473 1626; x_wconf 83' lang='lat' dir='ltr'>publicis</span> <span class='ocrx_word' id='word_1_166' title='bbox 3525 1571 3705 1629; x_wconf 87' lang='lat' dir='ltr'><strong>nego-</strong></span> 
     </span>
    </p>
   </div>
   <div class='ocr_carea' id='block_1_20' title="bbox 2059 1635 3708 1718">
    <p class='ocr_par' dir='ltr' id='par_1_20' title="bbox 2059 1635 3708 1718">
     <span class='ocr_line' id='line_1_20' title="bbox 2059 1635 3708 1718; baseline 0.009 -30"><span class='ocrx_word' id='word_1_167' title='bbox 2059 1635 2159 1691; x_wconf 89' lang='lat' dir='ltr'><strong>tiis</strong></span> <span class='ocrx_word' id='word_1_168' title='bbox 2187 1635 2518 1694; x_wconf 86' lang='lat' dir='ltr'><strong>valedicens</strong></span> <span class='ocrx_word' id='word_1_169' title='bbox 2550 1639 2856 1711; x_wconf 86' lang='lat' dir='ltr'>paululum</span> <span class='ocrx_word' id='word_1_170' title='bbox 2890 1642 2991 1697; x_wconf 88' lang='lat' dir='ltr'><strong>otii</strong></span> <span class='ocrx_word' id='word_1_171' title='bbox 3022 1643 3572 1718; x_wconf 68' lang='lat' dir='ltr'><strong>capiebat,“magnis</strong></span> <span class='ocrx_word' id='word_1_172' title='bbox 3601 1663 3708 1702; x_wconf 89' lang='lat' dir='ltr'>au-</span> 
     </span>
    </p>
   </div>
   <div class='ocr_carea' id='block_1_21' title="bbox 296 1720 1969 1807">
    <p class='ocr_par' dir='ltr' id='par_1_21' title="bbox 296 1720 1952 1801">
     <span class='ocr_line' id='line_1_21' title="bbox 296 1720 1952 1801; baseline -0.001 -22"><span class='ocrx_word' id='word_1_173' title='bbox 296 1720 546 1795; x_wconf 70' lang='grc' dir='ltr'>λάϐοιτο,</span> <span class='ocrx_word' id='word_1_174' title='bbox 579 1724 770 1786; x_wconf 84' lang='grc' dir='ltr'>πόνοις</span> <span class='ocrx_word' id='word_1_175' title='bbox 798 1721 1050 1778; x_wconf 80' lang='grc' dir='ltr'>παλαιῶν</span> <span class='ocrx_word' id='word_1_176' title='bbox 1083 1729 1462 1801; x_wconf 78' lang='grc' dir='ltr'>προσανεῖχεν,</span> <span class='ocrx_word' id='word_1_177' title='bbox 1496 1725 1549 1778; x_wconf 84' lang='grc' dir='ltr'>οἳ</span> <span class='ocrx_word' id='word_1_178' title='bbox 1595 1725 1730 1801; x_wconf 85' lang='grc' dir='ltr'>πρὸς</span> <span class='ocrx_word' id='word_1_179' title='bbox 1765 1722 1952 1800; x_wconf 85' lang='grc' dir='ltr'>λόγοις</span> 
     </span>
    </p>
   </div>
   <div class='ocr_carea' id='block_1_22' title="bbox 2087 1720 3709 1807">
    <p class='ocr_par' dir='ltr' id='par_1_22' title="bbox 2089 1725 3709 1807">
     <span class='ocr_line' id='line_1_22' title="bbox 2089 1725 3709 1807; baseline 0.007 -27"><span class='ocrx_word' id='word_1_180' title='bbox 2089 1725 2364 1798; x_wconf 89' lang='lat' dir='ltr'><strong>iquorum</strong></span> <span class='ocrx_word' id='word_1_181' title='bbox 2396 1729 2728 1784; x_wconf 86' lang='lat' dir='ltr'><strong>oratoribus</strong></span> <span class='ocrx_word' id='word_1_182' title='bbox 2749 1734 2985 1803; x_wconf 85' lang='lat' dir='ltr'>tempus</span> <span class='ocrx_word' id='word_1_183' title='bbox 3015 1747 3190 1786; x_wconf 88' lang='lat' dir='ltr'><strong>suum</strong></span> <span class='ocrx_word' id='word_1_184' title='bbox 3215 1732 3412 1804; x_wconf 81' lang='lat' dir='ltr'>dabat,</span> <span class='ocrx_word' id='word_1_185' title='bbox 3445 1750 3552 1790; x_wconf 89' lang='lat' dir='ltr'>nec</span> <span class='ocrx_word' id='word_1_186' title='bbox 3572 1751 3709 1807; x_wconf 88' lang='lat' dir='ltr'><strong>geo-</strong></span> 
     </span>
    </p>
   </div>
   <div class='ocr_carea' id='block_1_23' title="bbox 300 1811 1969 1893">
    <p class='ocr_par' dir='ltr' id='par_1_23' title="bbox 300 1811 1952 1891">
     <span class='ocr_line' id='line_1_23' title="bbox 300 1811 1952 1891; baseline -0.002 -22"><span class='ocrx_word' id='word_1_187' title='bbox 300 1813 571 1889; x_wconf 77' lang='grc' dir='ltr'>ἐγένοντο’</span> <span class='ocrx_word' id='word_1_188' title='bbox 601 1811 691 1867; x_wconf 82' lang='grc' dir='ltr'>καὶ</span> <span class='ocrx_word' id='word_1_189' title='bbox 751 1811 812 1867; x_wconf 85' lang='grc' dir='ltr'>ού</span> <span class='ocrx_word' id='word_1_190' title='bbox 865 1811 1009 1889; x_wconf 84' lang='grc' dir='ltr'>λέγω</span> <span class='ocrx_word' id='word_1_191' title='bbox 1059 1818 1487 1891; x_wconf 81' lang='grc' dir='ltr'>τοπογραφικοῖς</span> <span class='ocrx_word' id='word_1_192' title='bbox 1542 1813 1732 1885; x_wconf 90' lang='grc' dir='ltr'>μόνον,</span> <span class='ocrx_word' id='word_1_193' title='bbox 1761 1813 1850 1867; x_wconf 84' lang='grc' dir='ltr'>καὶ</span> <span class='ocrx_word' id='word_1_194' title='bbox 1900 1813 1952 1866; x_wconf 83' lang='grc' dir='ltr'>οἳ</span> 
     </span>
    </p>
   </div>
   <div class='ocr_carea' id='block_1_24' title="bbox 2087 1811 3718 1893">
    <p class='ocr_par' dir='ltr' id='par_1_24' title="bbox 2087 1815 3718 1893">
     <span class='ocr_line' id='line_1_24' title="bbox 2087 1815 3718 1893; baseline 0.005 -23"><span class='ocrx_word' id='word_1_195' title='bbox 2087 1815 2304 1886; x_wconf 71' lang='grc' dir='ltr'>ςτορὴίε</span> <span class='ocrx_word' id='word_1_196' title='bbox 2321 1819 2550 1873; x_wconf 85' lang='lat' dir='ltr'><strong>tantum</strong></span> <span class='ocrx_word' id='word_1_197' title='bbox 2577 1821 2635 1874; x_wconf 93' lang='lat' dir='ltr'>et</span> <span class='ocrx_word' id='word_1_198' title='bbox 2665 1818 3042 1893; x_wconf 90' lang='lat' dir='ltr'><strong>chronologis</strong></span> <span class='ocrx_word' id='word_1_199' title='bbox 3063 1825 3122 1876; x_wconf 90' lang='lat' dir='ltr'>et</span> <span class='ocrx_word' id='word_1_200' title='bbox 3145 1821 3471 1890; x_wconf 86' lang='lat' dir='ltr'><strong>tacticis,ut</strong></span> <span class='ocrx_word' id='word_1_201' title='bbox 3489 1821 3718 1892; x_wconf 89' lang='lat' dir='ltr'><strong>dicunt,</strong></span> 
     </span>
    </p>
   </div>
   <div class='ocr_carea' id='block_1_25' title="bbox 297 1896 1953 1978">
    <p class='ocr_par' dir='ltr' id='par_1_25' title="bbox 297 1896 1953 1978">
     <span class='ocr_line' id='line_1_25' title="bbox 297 1896 1953 1978; baseline -0.001 -22"><span class='ocrx_word' id='word_1_202' title='bbox 297 1903 534 1978; x_wconf 88' lang='grc' dir='ltr'>χρόνους</span> <span class='ocrx_word' id='word_1_203' title='bbox 588 1896 940 1975; x_wconf 81' lang='grc' dir='ltr'>ἀκριϐοῦνται</span> <span class='ocrx_word' id='word_1_204' title='bbox 993 1901 1257 1976; x_wconf 82' lang='grc' dir='ltr'>πράξεων,</span> <span class='ocrx_word' id='word_1_205' title='bbox 1304 1902 1395 1957; x_wconf 82' lang='grc' dir='ltr'>καὶ</span> <span class='ocrx_word' id='word_1_206' title='bbox 1456 1899 1720 1974; x_wconf 85' lang='grc' dir='ltr'>μεθόδους</span> <span class='ocrx_word' id='word_1_207' title='bbox 1770 1922 1953 1956; x_wconf 91' lang='grc' dir='ltr'>τακτι-</span> 
     </span>
    </p>
   </div>
   <div class='ocr_carea' id='block_1_26' title="bbox 295 1988 1953 2068">
    <p class='ocr_par' dir='ltr' id='par_1_26' title="bbox 295 1988 1953 2068">
     <span class='ocr_line' id='line_1_26' title="bbox 295 1988 1953 2068; baseline -0.001 -21"><span class='ocrx_word' id='word_1_208' title='bbox 295 1993 395 2055; x_wconf 74' lang='grc' dir='ltr'>κὰς</span> <span class='ocrx_word' id='word_1_209' title='bbox 441 2013 514 2064; x_wconf 88' lang='grc' dir='ltr'>μη</span> <span class='ocrx_word' id='word_1_210' title='bbox 530 1995 818 2068; x_wconf 76' lang='grc' dir='ltr'>χανῶνταιο</span> <span class='ocrx_word' id='word_1_211' title='bbox 853 1990 916 2044; x_wconf 86' lang='grc' dir='ltr'>ού</span> <span class='ocrx_word' id='word_1_212' title='bbox 950 1992 1058 2063; x_wconf 79' lang='grc' dir='ltr'>μὴν</span> <span class='ocrx_word' id='word_1_213' title='bbox 1090 1988 1216 2045; x_wconf 80' lang='grc' dir='ltr'>οὐδέ</span> <span class='ocrx_word' id='word_1_214' title='bbox 1242 1991 1434 2046; x_wconf 85' lang='grc' dir='ltr'>ὁπόσοι</span> <span class='ocrx_word' id='word_1_215' title='bbox 1494 1989 1650 2068; x_wconf 82' lang='grc' dir='ltr'>φύσιν</span> <span class='ocrx_word' id='word_1_216' title='bbox 1684 1988 1953 2046; x_wconf 88' lang='grc' dir='ltr'>λεπτολο-</span> 
     </span>
    </p>
   </div>
   <div class='ocr_carea' id='block_1_27' title="bbox 2066 1905 3716 1984">
    <p class='ocr_par' dir='ltr' id='par_1_27' title="bbox 2066 1905 3716 1984">
     <span class='ocr_line' id='line_1_27' title="bbox 2066 1905 3716 1984; baseline 0.005 -24"><span class='ocrx_word' id='word_1_217' title='bbox 2066 1920 2172 1960; x_wconf 90' lang='lat' dir='ltr'>nec</span> <span class='ocrx_word' id='word_1_218' title='bbox 2206 1905 2447 1962; x_wconf 89' lang='lat' dir='ltr'><strong>omissis</strong></span> <span class='ocrx_word' id='word_1_219' title='bbox 2478 1906 2552 1963; x_wconf 89' lang='lat' dir='ltr'><strong>iis</strong></span> <span class='ocrx_word' id='word_1_220' title='bbox 2573 1907 2960 1978; x_wconf 86' lang='lat' dir='ltr'><strong>quinaturam</strong></span> <span class='ocrx_word' id='word_1_221' title='bbox 2984 1909 3585 1984; x_wconf 84' lang='lat' dir='ltr'><strong>subtiliterindagant</strong></span> <span class='ocrx_word' id='word_1_222' title='bbox 3610 1915 3716 1968; x_wconf 86' lang='lat' dir='ltr'>aut</span> 
     </span>
    </p>
   </div>
   <div class='ocr_carea' id='block_1_28' title="bbox 2065 1992 3715 2056">
    <p class='ocr_par' dir='ltr' id='par_1_28' title="bbox 2065 1992 3715 2056">
     <span class='ocr_line' id='line_1_28' title="bbox 2065 1992 3715 2056; baseline 0.005 -8"><span class='ocrx_word' id='word_1_223' title='bbox 2065 1992 2222 2050; x_wconf 88' lang='lat' dir='ltr'><strong>circa</strong></span> <span class='ocrx_word' id='word_1_224' title='bbox 2251 1993 2555 2051; x_wconf 88' lang='lat' dir='ltr'><strong>ratiocinia</strong></span> <span class='ocrx_word' id='word_1_225' title='bbox 2581 2000 2640 2052; x_wconf 90' lang='lat' dir='ltr'>et</span> <span class='ocrx_word' id='word_1_226' title='bbox 2689 2013 2928 2055; x_wconf 83' lang='lat' dir='ltr'><strong>normae</strong></span> <span class='ocrx_word' id='word_1_227' title='bbox 2979 2013 3042 2055; x_wconf 92' lang='lat' dir='ltr'>se</span> <span class='ocrx_word' id='word_1_228' title='bbox 3092 2003 3364 2056; x_wconf 81' lang='lat' dir='ltr'>exercent</span> <span class='ocrx_word' id='word_1_229' title='bbox 3417 2004 3476 2056; x_wconf 87' lang='lat' dir='ltr'>et</span> <span class='ocrx_word' id='word_1_230' title='bbox 3512 2000 3596 2056; x_wconf 90' lang='lat' dir='ltr'>sic</span> <span class='ocrx_word' id='word_1_231' title='bbox 3651 2000 3715 2056; x_wconf 88' lang='lat' dir='ltr'>in</span> 
     </span>
    </p>
   </div>
   <div class='ocr_carea' id='block_1_29' title="bbox 297 2079 1969 2161">
    <p class='ocr_par' dir='ltr' id='par_1_29' title="bbox 297 2079 1955 2157">
     <span class='ocr_line' id='line_1_29' title="bbox 297 2079 1955 2157; baseline -0.002 -21"><span class='ocrx_word' id='word_1_232' title='bbox 297 2085 479 2157; x_wconf 90' lang='grc' dir='ltr'>γοῦσι,</span> <span class='ocrx_word' id='word_1_233' title='bbox 535 2081 625 2136; x_wconf 88' lang='grc' dir='ltr'>καὶ</span> <span class='ocrx_word' id='word_1_234' title='bbox 691 2079 807 2136; x_wconf 81' lang='grc' dir='ltr'>ὅσοι</span> <span class='ocrx_word' id='word_1_235' title='bbox 881 2080 1019 2153; x_wconf 87' lang='grc' dir='ltr'>πρὸς</span> <span class='ocrx_word' id='word_1_236' title='bbox 1079 2079 1534 2155; x_wconf 80' lang='grc' dir='ltr'>συλλογιστικοὺς</span> <span class='ocrx_word' id='word_1_237' title='bbox 1589 2080 1955 2155; x_wconf 89' lang='grc' dir='ltr'>ἀπορθοῦνται</span> 
     </span>
    </p>
   </div>
   <div class='ocr_carea' id='block_1_30' title="bbox 2087 2079 3719 2161">
    <p class='ocr_par' dir='ltr' id='par_1_30' title="bbox 2087 2082 3719 2161">
     <span class='ocr_line' id='line_1_30' title="bbox 2087 2082 3719 2161; baseline 0.005 -24"><span class='ocrx_word' id='word_1_238' title='bbox 2087 2082 2328 2140; x_wconf 68' lang='lat' dir='ltr'><strong>veritatis</strong></span> <span class='ocrx_word' id='word_1_239' title='bbox 2359 2084 2556 2140; x_wconf 91' lang='lat' dir='ltr'><strong>studio</strong></span> <span class='ocrx_word' id='word_1_240' title='bbox 2587 2089 2644 2142; x_wconf 90' lang='lat' dir='ltr'>et</span> <span class='ocrx_word' id='word_1_241' title='bbox 2673 2087 2733 2142; x_wconf 92' lang='lat' dir='ltr'><strong>in</strong></span> <span class='ocrx_word' id='word_1_242' title='bbox 2752 2087 3002 2160; x_wconf 89' lang='lat' dir='ltr'><strong>negotiis</strong></span> <span class='ocrx_word' id='word_1_243' title='bbox 3033 2089 3412 2160; x_wconf 82' lang='lat' dir='ltr'>capessendis</span> <span class='ocrx_word' id='word_1_244' title='bbox 3435 2092 3719 2161; x_wconf 67' lang='lat' dir='ltr'><strong>prestare</strong></span> 
     </span>
    </p>
   </div>
   <div class='ocr_carea' id='block_1_31' title="bbox 299 2170 1969 2256">
    <p class='ocr_par' dir='ltr' id='par_1_31' title="bbox 299 2170 1952 2242">
     <span class='ocr_line' id='line_1_31' title="bbox 299 2170 1952 2242; baseline -0.002 -14"><span class='ocrx_word' id='word_1_245' title='bbox 299 2173 552 2241; x_wconf 86' lang='grc' dir='ltr'>κανόνας,</span> <span class='ocrx_word' id='word_1_246' title='bbox 599 2171 686 2226; x_wconf 85' lang='grc' dir='ltr'>καὶ</span> <span class='ocrx_word' id='word_1_247' title='bbox 746 2171 892 2226; x_wconf 78' lang='grc' dir='ltr'>οὕτω</span> <span class='ocrx_word' id='word_1_248' title='bbox 948 2173 1047 2242; x_wconf 85' lang='grc' dir='ltr'>τήν</span> <span class='ocrx_word' id='word_1_249' title='bbox 1101 2193 1160 2226; x_wconf 88' lang='grc' dir='ltr'>τε</span> <span class='ocrx_word' id='word_1_250' title='bbox 1207 2172 1258 2226; x_wconf 74' lang='grc' dir='ltr'>ἐν</span> <span class='ocrx_word' id='word_1_251' title='bbox 1307 2177 1424 2234; x_wconf 91' lang='grc' dir='ltr'>τοῖς</span> <span class='ocrx_word' id='word_1_252' title='bbox 1485 2173 1634 2226; x_wconf 70' lang='grc' dir='ltr'>οὖσιν</span> <span class='ocrx_word' id='word_1_253' title='bbox 1696 2170 1952 2242; x_wconf 86' lang='grc' dir='ltr'>ἀλήθειαν</span> 
     </span>
    </p>
   </div>
   <div class='ocr_carea' id='block_1_32' title="bbox 2087 2170 3715 2256">
    <p class='ocr_par' dir='ltr' id='par_1_32' title="bbox 2087 2173 3715 2251">
     <span class='ocr_line' id='line_1_32' title="bbox 2087 2173 3715 2251; baseline 0.004 -23"><span class='ocrx_word' id='word_1_254' title='bbox 2087 2173 2328 2243; x_wconf 72' lang='lat' dir='ltr'><strong>student,</strong></span> <span class='ocrx_word' id='word_1_255' title='bbox 2364 2175 2464 2230; x_wconf 89' lang='lat' dir='ltr'>sed</span> <span class='ocrx_word' id='word_1_256' title='bbox 2500 2175 2794 2247; x_wconf 88' lang='lat' dir='ltr'><strong>imprimis</strong></span> <span class='ocrx_word' id='word_1_257' title='bbox 2824 2177 3001 2232; x_wconf 86' lang='lat' dir='ltr'><strong>rebus</strong></span> <span class='ocrx_word' id='word_1_258' title='bbox 3049 2177 3262 2234; x_wconf 84' lang='lat' dir='ltr'><strong>divinis</strong></span> <span class='ocrx_word' id='word_1_259' title='bbox 3319 2182 3378 2235; x_wconf 86' lang='lat' dir='ltr'>et</span> <span class='ocrx_word' id='word_1_260' title='bbox 3433 2179 3550 2236; x_wconf 90' lang='lat' dir='ltr'>Deo</span> <span class='ocrx_word' id='word_1_261' title='bbox 3598 2177 3715 2251; x_wconf 88' lang='lat' dir='ltr'><strong>ipsi</strong></span> 
     </span>
    </p>
   </div>
   <div class='ocr_carea' id='block_1_33' title="bbox 304 2257 1956 2336">
    <p class='ocr_par' dir='ltr' id='par_1_33' title="bbox 304 2257 1956 2336">
     <span class='ocr_line' id='line_1_33' title="bbox 304 2257 1956 2336; baseline -0.002 -20"><span class='ocrx_word' id='word_1_262' title='bbox 304 2257 610 2336; x_wconf 74' lang='grc' dir='ltr'>ἀκριϐοῦοι,</span> <span class='ocrx_word' id='word_1_263' title='bbox 670 2263 770 2331; x_wconf 81' lang='grc' dir='ltr'>τήν</span> <span class='ocrx_word' id='word_1_264' title='bbox 847 2281 906 2316; x_wconf 83' lang='grc' dir='ltr'>τε</span> <span class='ocrx_word' id='word_1_265' title='bbox 987 2261 1038 2313; x_wconf 82' lang='grc' dir='ltr'>ἐν</span> <span class='ocrx_word' id='word_1_266' title='bbox 1123 2266 1238 2322; x_wconf 85' lang='grc' dir='ltr'>τοῖς</span> <span class='ocrx_word' id='word_1_267' title='bbox 1310 2261 1598 2336; x_wconf 70' lang='grc' dir='ltr'>πρακτίοις</span> <span class='ocrx_word' id='word_1_268' title='bbox 1670 2259 1956 2329; x_wconf 86' lang='grc' dir='ltr'>εὐθύτητα·</span> 
     </span>
    </p>
   </div>
   <div class='ocr_carea' id='block_1_34' title="bbox 309 2348 1956 2426">
    <p class='ocr_par' dir='ltr' id='par_1_34' title="bbox 309 2348 1956 2426">
     <span class='ocr_line' id='line_1_34' title="bbox 309 2348 1956 2426; baseline -0.003 -20"><span class='ocrx_word' id='word_1_269' title='bbox 309 2349 454 2407; x_wconf 88' lang='grc' dir='ltr'>ἀλλὰ</span> <span class='ocrx_word' id='word_1_270' title='bbox 503 2351 593 2406; x_wconf 85' lang='grc' dir='ltr'>καὶ</span> <span class='ocrx_word' id='word_1_271' title='bbox 647 2349 882 2424; x_wconf 79' lang='grc' dir='ltr'>μάλιστα</span> <span class='ocrx_word' id='word_1_272' title='bbox 935 2351 1032 2411; x_wconf 80' lang='grc' dir='ltr'>τὰς</span> <span class='ocrx_word' id='word_1_273' title='bbox 1084 2349 1208 2426; x_wconf 85' lang='grc' dir='ltr'>περί</span> <span class='ocrx_word' id='word_1_274' title='bbox 1252 2371 1310 2404; x_wconf 89' lang='grc' dir='ltr'>τε</span> <span class='ocrx_word' id='word_1_275' title='bbox 1337 2355 1445 2404; x_wconf 79' lang='grc' dir='ltr'>τῶν</span> <span class='ocrx_word' id='word_1_276' title='bbox 1480 2348 1638 2414; x_wconf 85' lang='grc' dir='ltr'>θείων</span> <span class='ocrx_word' id='word_1_277' title='bbox 1673 2350 1762 2404; x_wconf 86' lang='grc' dir='ltr'>καὶ</span> <span class='ocrx_word' id='word_1_278' title='bbox 1793 2348 1956 2402; x_wconf 81' lang='grc' dir='ltr'>αὐτοῦ</span> 
     </span>
    </p>
   </div>
   <div class='ocr_carea' id='block_1_35' title="bbox 310 2445 464 2496">
    <p class='ocr_par' dir='ltr' id='par_1_35' title="bbox 310 2445 464 2496">
     <span class='ocr_line' id='line_1_35' title="bbox 310 2445 464 2496; baseline -0.013 0"><span class='ocrx_word' id='word_1_279' title='bbox 310 2445 442 2496; x_wconf 86' lang='grc' dir='ltr'>Θεοῦ</span> <span class='ocrx_word' id='word_1_280' title='bbox 453 2484 464 2495; x_wconf 93' lang='grc'>.</span> 
     </span>
    </p>
   </div>
   <div class='ocr_carea' id='block_1_36' title="bbox 381 2675 1959 2757">
    <p class='ocr_par' dir='ltr' id='par_1_36' title="bbox 381 2675 1959 2757">
     <span class='ocr_line' id='line_1_36' title="bbox 381 2675 1959 2757; baseline -0.002 -18"><span class='ocrx_word' id='word_1_281' title='bbox 381 2679 475 2741; x_wconf 85' lang='grc' dir='ltr'>λε’.</span> <span class='ocrx_word' id='word_1_282' title='bbox 526 2682 633 2740; x_wconf 88' lang='grc' dir='ltr'>Καὶ</span> <span class='ocrx_word' id='word_1_283' title='bbox 689 2681 756 2752; x_wconf 84' lang='grc' dir='ltr'>ἦν</span> <span class='ocrx_word' id='word_1_284' title='bbox 831 2681 978 2754; x_wconf 83' lang='grc' dir='ltr'>αύτῷ</span> <span class='ocrx_word' id='word_1_285' title='bbox 1034 2675 1144 2757; x_wconf 73' lang='grc' dir='ltr'>ἔρις</span> <span class='ocrx_word' id='word_1_286' title='bbox 1201 2681 1359 2757; x_wconf 83' lang='grc' dir='ltr'>χερσὶ</span> <span class='ocrx_word' id='word_1_287' title='bbox 1421 2680 1518 2755; x_wconf 78' lang='grc' dir='ltr'>μὶν</span> <span class='ocrx_word' id='word_1_288' title='bbox 1574 2680 1662 2737; x_wconf 84' lang='grc' dir='ltr'>καὶ</span> <span class='ocrx_word' id='word_1_289' title='bbox 1733 2681 1959 2756; x_wconf 86' lang='grc' dir='ltr'>βουλαῖς</span> 
     </span>
    </p>
   </div>
   <div class='ocr_carea' id='block_1_37' title="bbox 307 2767 1960 2850">
    <p class='ocr_par' dir='ltr' id='par_1_37' title="bbox 307 2767 1960 2850">
     <span class='ocr_line' id='line_1_37' title="bbox 307 2767 1960 2850; baseline -0.003 -20"><span class='ocrx_word' id='word_1_290' title='bbox 307 2771 724 2850; x_wconf 78' lang='grc' dir='ltr'>κατεργάζεσθαι</span> <span class='ocrx_word' id='word_1_291' title='bbox 783 2771 844 2826; x_wconf 83' lang='grc' dir='ltr'>τὸ</span> <span class='ocrx_word' id='word_1_292' title='bbox 904 2769 1092 2830; x_wconf 75' lang='grc' dir='ltr'>ἄλλως</span> <span class='ocrx_word' id='word_1_293' title='bbox 1141 2768 1435 2844; x_wconf 70' lang='grc' dir='ltr'>πολέμιον,</span> <span class='ocrx_word' id='word_1_294' title='bbox 1469 2769 1640 2845; x_wconf 85' lang='grc' dir='ltr'>λόγου</span> <span class='ocrx_word' id='word_1_295' title='bbox 1682 2767 1738 2825; x_wconf 76' lang='grc' dir='ltr'>δὲ</span> <span class='ocrx_word' id='word_1_296' title='bbox 1775 2771 1960 2825; x_wconf 90' lang='grc' dir='ltr'>πειθα-</span> 
     </span>
    </p>
   </div>
   <div class='ocr_carea' id='block_1_38' title="bbox 2070 2262 3032 2336">
    <p class='ocr_par' dir='ltr' id='par_1_38' title="bbox 2070 2262 3032 2336">
     <span class='ocr_line' id='line_1_38' title="bbox 2070 2262 3032 2336; baseline 0.004 -20"><span class='ocrx_word' id='word_1_297' title='bbox 2070 2262 2472 2334; x_wconf 86' lang='lat' dir='ltr'><strong>investigando</strong></span> <span class='ocrx_word' id='word_1_298' title='bbox 2501 2280 2735 2336; x_wconf 87' lang='lat' dir='ltr'><strong>operam</strong></span> <span class='ocrx_word' id='word_1_299' title='bbox 2762 2267 3032 2322; x_wconf 89' lang='lat' dir='ltr'><strong>navabat.</strong></span> 
     </span>
    </p>
   </div>
   <div class='ocr_carea' id='block_1_39' title="bbox 2139 2677 3716 2754">
    <p class='ocr_par' dir='ltr' id='par_1_39' title="bbox 2139 2677 3716 2754">
     <span class='ocr_line' id='line_1_39' title="bbox 2139 2677 3716 2754; baseline 0.005 -22"><span class='ocrx_word' id='word_1_300' title='bbox 2139 2677 2230 2734; x_wconf 89' lang='lat'>35.</span> <span class='ocrx_word' id='word_1_301' title='bbox 2266 2679 2442 2735; x_wconf 89' lang='lat' dir='ltr'><strong>Manu</strong></span> <span class='ocrx_word' id='word_1_302' title='bbox 2474 2683 2532 2735; x_wconf 92' lang='lat' dir='ltr'>et</span> <span class='ocrx_word' id='word_1_303' title='bbox 2555 2679 2822 2736; x_wconf 90' lang='lat' dir='ltr'><strong>consiliis</strong></span> <span class='ocrx_word' id='word_1_304' title='bbox 2847 2681 3215 2737; x_wconf 86' lang='lat' dir='ltr'><strong>adversarios</strong></span> <span class='ocrx_word' id='word_1_305' title='bbox 3245 2681 3543 2754; x_wconf 84' lang='lat' dir='ltr'><strong>subigere,</strong></span> <span class='ocrx_word' id='word_1_306' title='bbox 3587 2699 3716 2754; x_wconf 88' lang='lat' dir='ltr'><strong>per-</strong></span> 
     </span>
    </p>
   </div>
   <div class='ocr_carea' id='block_1_40' title="bbox 2071 2767 3717 2844">
    <p class='ocr_par' dir='ltr' id='par_1_40' title="bbox 2071 2767 3717 2844">
     <span class='ocr_line' id='line_1_40' title="bbox 2071 2767 3717 2844; baseline 0.004 -22"><span class='ocrx_word' id='word_1_307' title='bbox 2071 2767 2345 2823; x_wconf 88' lang='lat' dir='ltr'><strong>suasione</strong></span> <span class='ocrx_word' id='word_1_308' title='bbox 2375 2769 2448 2824; x_wconf 92' lang='lat' dir='ltr'>ad</span> <span class='ocrx_word' id='word_1_309' title='bbox 2480 2769 2664 2825; x_wconf 91' lang='lat' dir='ltr'><strong>Deum</strong></span> <span class='ocrx_word' id='word_1_310' title='bbox 2697 2771 2974 2826; x_wconf 88' lang='lat' dir='ltr'><strong>reducere</strong></span> <span class='ocrx_word' id='word_1_311' title='bbox 2994 2770 3054 2825; x_wconf 91' lang='lat' dir='ltr'>in</span> <span class='ocrx_word' id='word_1_312' title='bbox 3097 2775 3291 2826; x_wconf 87' lang='lat' dir='ltr'><strong>mente</strong></span> <span class='ocrx_word' id='word_1_313' title='bbox 3348 2770 3717 2844; x_wconf 89' lang='lat' dir='ltr'><strong>propositum</strong></span> 
     </span>
    </p>
   </div>
   <div class='ocr_carea' id='block_1_41' title="bbox 309 2856 1969 2939">
    <p class='ocr_par' dir='ltr' id='par_1_41' title="bbox 309 2856 1957 2939">
     <span class='ocr_line' id='line_1_41' title="bbox 309 2856 1957 2939; baseline -0.002 -21"><span class='ocrx_word' id='word_1_314' title='bbox 309 2867 532 2938; x_wconf 85' lang='grc' dir='ltr'>νάγκαις</span> <span class='ocrx_word' id='word_1_315' title='bbox 563 2859 881 2939; x_wconf 63' lang='grc' dir='ltr'>ἐφέλκεσθαι</span> <span class='ocrx_word' id='word_1_316' title='bbox 911 2860 974 2914; x_wconf 90' lang='grc' dir='ltr'>τὸ</span> <span class='ocrx_word' id='word_1_317' title='bbox 1003 2863 1099 2914; x_wconf 87' lang='grc' dir='ltr'>τοῦ</span> <span class='ocrx_word' id='word_1_318' title='bbox 1134 2863 1268 2913; x_wconf 88' lang='grc' dir='ltr'>Θεοῦ</span> <span class='ocrx_word' id='word_1_319' title='bbox 1312 2856 1630 2932; x_wconf 88' lang='grc' dir='ltr'>ἀλλότριον.</span> <span class='ocrx_word' id='word_1_320' title='bbox 1664 2859 1762 2912; x_wconf 90' lang='grc' dir='ltr'>Καὶ</span> <span class='ocrx_word' id='word_1_321' title='bbox 1816 2859 1957 2935; x_wconf 73' lang='grc' dir='ltr'>εἶχεν</span> 
     </span>
    </p>
   </div>
   <div class='ocr_carea' id='block_1_42' title="bbox 2087 2856 3721 2939">
    <p class='ocr_par' dir='ltr' id='par_1_42' title="bbox 2087 2856 3721 2931">
     <span class='ocr_line' id='line_1_42' title="bbox 2087 2856 3721 2931; baseline 0.002 -20"><span class='ocrx_word' id='word_1_322' title='bbox 2087 2873 2206 2911; x_wconf 76' lang='lat' dir='ltr'>:um</span> <span class='ocrx_word' id='word_1_323' title='bbox 2237 2856 2842 2929; x_wconf 86' lang='lat' dir='ltr'><strong>haberet,baptismus</strong></span> <span class='ocrx_word' id='word_1_324' title='bbox 2873 2857 3130 2914; x_wconf 86' lang='lat' dir='ltr'><strong>multum</strong></span> <span class='ocrx_word' id='word_1_325' title='bbox 3159 2875 3257 2931; x_wconf 89' lang='lat' dir='ltr'>per</span> <span class='ocrx_word' id='word_1_326' title='bbox 3285 2874 3419 2915; x_wconf 89' lang='lat' dir='ltr'>eum</span> <span class='ocrx_word' id='word_1_327' title='bbox 3453 2859 3721 2928; x_wconf 89' lang='lat' dir='ltr'><strong>invaluit,</strong></span> 
     </span>
    </p>
   </div>
   <div class='ocr_carea' id='block_1_43' title="bbox 306 2945 1958 3027">
    <p class='ocr_par' dir='ltr' id='par_1_43' title="bbox 306 2945 1958 3027">
     <span class='ocr_line' id='line_1_43' title="bbox 306 2945 1958 3027; baseline -0.003 -20"><span class='ocrx_word' id='word_1_328' title='bbox 306 2955 341 3022; x_wconf 78' lang='grc' dir='ltr'>ἡ</span> <span class='ocrx_word' id='word_1_329' title='bbox 375 2951 494 3027; x_wconf 81' lang='grc' dir='ltr'>ἱερὰ</span> <span class='ocrx_word' id='word_1_330' title='bbox 522 2945 887 3023; x_wconf 75' lang='grc' dir='ltr'>κολυμϐήθρα</span> <span class='ocrx_word' id='word_1_331' title='bbox 931 2953 1175 3024; x_wconf 79' lang='grc' dir='ltr'>συνεχῶς</span> <span class='ocrx_word' id='word_1_332' title='bbox 1229 2945 1301 3002; x_wconf 78' lang='grc' dir='ltr'>δι’</span> <span class='ocrx_word' id='word_1_333' title='bbox 1329 2947 1492 3002; x_wconf 83' lang='grc' dir='ltr'>αὐτοῦ</span> <span class='ocrx_word' id='word_1_334' title='bbox 1526 2946 1671 3002; x_wconf 80' lang='grc' dir='ltr'>πολὺ</span> <span class='ocrx_word' id='word_1_335' title='bbox 1717 2948 1780 3002; x_wconf 89' lang='grc' dir='ltr'>τὸ</span> <span class='ocrx_word' id='word_1_336' title='bbox 1814 2947 1958 3024; x_wconf 77' lang='grc' dir='ltr'>ἐνερ-</span> 
     </span>
    </p>
   </div>
   <div class='ocr_carea' id='block_1_44' title="bbox 2071 2945 3725 3023">
    <p class='ocr_par' dir='ltr' id='par_1_44' title="bbox 2071 2945 3725 3023">
     <span class='ocr_line' id='line_1_44' title="bbox 2071 2945 3725 3023; baseline 0.003 -22"><span class='ocrx_word' id='word_1_337' title='bbox 2071 2949 2128 3001; x_wconf 90' lang='lat' dir='ltr'>ct</span> <span class='ocrx_word' id='word_1_338' title='bbox 2156 2945 2316 3002; x_wconf 90' lang='lat' dir='ltr'><strong>zelus</strong></span> <span class='ocrx_word' id='word_1_339' title='bbox 2361 2946 2597 3002; x_wconf 85' lang='lat' dir='ltr'><strong>divinus</strong></span> <span class='ocrx_word' id='word_1_340' title='bbox 2629 2946 2826 3019; x_wconf 86' lang='lat' dir='ltr'><strong>ignem</strong></span> <span class='ocrx_word' id='word_1_341' title='bbox 2874 2952 3144 3004; x_wconf 86' lang='lat' dir='ltr'><strong>sanctum</strong></span> <span class='ocrx_word' id='word_1_342' title='bbox 3197 2949 3484 3018; x_wconf 90' lang='lat' dir='ltr'><strong>accendit,</strong></span> <span class='ocrx_word' id='word_1_343' title='bbox 3542 2967 3725 3023; x_wconf 87' lang='lat' dir='ltr'><strong>quare</strong></span> 
     </span>
    </p>
   </div>
   <div class='ocr_carea' id='block_1_45' title="bbox 305 3034 1969 3116">
    <p class='ocr_par' dir='ltr' id='par_1_45' title="bbox 305 3034 1960 3116">
     <span class='ocr_line' id='line_1_45' title="bbox 305 3034 1960 3116; baseline -0.002 -21"><span class='ocrx_word' id='word_1_344' title='bbox 305 3041 420 3116; x_wconf 70' lang='grc' dir='ltr'>γόψ</span> <span class='ocrx_word' id='word_1_345' title='bbox 454 3040 544 3094; x_wconf 84' lang='grc' dir='ltr'>καὶ</span> <span class='ocrx_word' id='word_1_346' title='bbox 574 3040 636 3094; x_wconf 86' lang='grc' dir='ltr'>τὸ</span> <span class='ocrx_word' id='word_1_347' title='bbox 665 3035 1045 3115; x_wconf 84' lang='grc' dir='ltr'>προδρομικὸν</span> <span class='ocrx_word' id='word_1_348' title='bbox 1081 3038 1109 3092; x_wconf 87' lang='grc' dir='ltr'>ὁ</span> <span class='ocrx_word' id='word_1_349' title='bbox 1142 3042 1284 3101; x_wconf 86' lang='grc' dir='ltr'>θεῖος</span> <span class='ocrx_word' id='word_1_350' title='bbox 1320 3034 1489 3106; x_wconf 82' lang='grc' dir='ltr'>ζῆλος</span> <span class='ocrx_word' id='word_1_351' title='bbox 1539 3036 1592 3092; x_wconf 76' lang='grc' dir='ltr'>ἐν</span> <span class='ocrx_word' id='word_1_352' title='bbox 1646 3037 1793 3110; x_wconf 84' lang='grc' dir='ltr'>αὐτῷ</span> <span class='ocrx_word' id='word_1_353' title='bbox 1853 3042 1960 3112; x_wconf 88' lang='grc' dir='ltr'>πῦρ</span> 
     </span>
    </p>
   </div>
   <div class='ocr_carea' id='block_1_46' title="bbox 2087 3034 3722 3116">
    <p class='ocr_par' dir='ltr' id='par_1_46' title="bbox 2087 3035 3722 3110">
     <span class='ocr_line' id='line_1_46' title="bbox 2087 3035 3722 3110; baseline 0.003 -21"><span class='ocrx_word' id='word_1_354' title='bbox 2087 3035 2355 3090; x_wconf 79' lang='lat' dir='ltr'><strong>Iordanes</strong></span> <span class='ocrx_word' id='word_1_355' title='bbox 2378 3040 2576 3092; x_wconf 87' lang='lat' dir='ltr'><strong>noster</strong></span> <span class='ocrx_word' id='word_1_356' title='bbox 2605 3036 2883 3092; x_wconf 87' lang='lat' dir='ltr'><strong>salutaris</strong></span> <span class='ocrx_word' id='word_1_357' title='bbox 2934 3037 3306 3110; x_wconf 86' lang='lat' dir='ltr'><strong>baptizandis</strong></span> <span class='ocrx_word' id='word_1_358' title='bbox 3355 3039 3722 3109; x_wconf 86' lang='lat' dir='ltr'><strong>abundabat,</strong></span> 
     </span>
    </p>
   </div>
   <div class='ocr_carea' id='block_1_47' title="bbox 307 3123 1969 3203">
    <p class='ocr_par' dir='ltr' id='par_1_47' title="bbox 307 3123 1961 3203">
     <span class='ocr_line' id='line_1_47' title="bbox 307 3123 1961 3203; baseline -0.002 -17"><span class='ocrx_word' id='word_1_359' title='bbox 307 3131 536 3198; x_wconf 68' lang='grc' dir='ltr'>ἀνέκαιε,</span> <span class='ocrx_word' id='word_1_360' title='bbox 587 3130 675 3184; x_wconf 88' lang='grc' dir='ltr'>καὶ</span> <span class='ocrx_word' id='word_1_361' title='bbox 737 3130 765 3183; x_wconf 85' lang='grc' dir='ltr'><strong>ὁ</strong></span> <span class='ocrx_word' id='word_1_362' title='bbox 819 3129 938 3191; x_wconf 90' lang='grc' dir='ltr'>καθ’</span> <span class='ocrx_word' id='word_1_363' title='bbox 996 3130 1146 3201; x_wconf 79' lang='grc' dir='ltr'>ἡμᾶς</span> <span class='ocrx_word' id='word_1_364' title='bbox 1193 3128 1462 3201; x_wconf 76' lang='grc' dir='ltr'>σωτήριος</span> <span class='ocrx_word' id='word_1_365' title='bbox 1513 3123 1789 3203; x_wconf 82' lang='grc' dir='ltr'>Ἰορδάνης</span> <span class='ocrx_word' id='word_1_366' title='bbox 1845 3132 1961 3190; x_wconf 91' lang='grc' dir='ltr'>τοῖς</span> 
     </span>
    </p>
   </div>
   <div class='ocr_carea' id='block_1_48' title="bbox 2087 3123 3719 3203">
    <p class='ocr_par' dir='ltr' id='par_1_48' title="bbox 2087 3123 3719 3198">
     <span class='ocr_line' id='line_1_48' title="bbox 2087 3123 3719 3198; baseline 0.002 -18"><span class='ocrx_word' id='word_1_367' title='bbox 2087 3128 2128 3180; x_wconf 71' lang='grc' dir='ltr'>ιι</span> <span class='ocrx_word' id='word_1_368' title='bbox 2158 3123 2466 3196; x_wconf 85' lang='lat' dir='ltr'><strong>gentilium</strong></span> <span class='ocrx_word' id='word_1_369' title='bbox 2482 3125 2822 3182; x_wconf 91' lang='lat' dir='ltr'><strong>doctoribus</strong></span> <span class='ocrx_word' id='word_1_370' title='bbox 2838 3142 3045 3197; x_wconf 87' lang='lat' dir='ltr'><strong>parum</strong></span> <span class='ocrx_word' id='word_1_371' title='bbox 3077 3125 3298 3183; x_wconf 91' lang='lat' dir='ltr'><strong>laboris</strong></span> <span class='ocrx_word' id='word_1_372' title='bbox 3318 3127 3719 3198; x_wconf 86' lang='lat' dir='ltr'><strong>incumbebat,</strong></span> 
     </span>
    </p>
   </div>
   <div class='ocr_carea' id='block_1_49' title="bbox 315 3213 1962 3295">
    <p class='ocr_par' dir='ltr' id='par_1_49' title="bbox 315 3213 1962 3295">
     <span class='ocr_line' id='line_1_49' title="bbox 315 3213 1962 3295; baseline -0.002 -20"><span class='ocrx_word' id='word_1_373' title='bbox 315 3219 736 3295; x_wconf 69' lang='grc' dir='ltr'>βαπτιζομένοις</span> <span class='ocrx_word' id='word_1_374' title='bbox 799 3214 1006 3288; x_wconf 80' lang='grc' dir='ltr'>ἔπληθε</span> <span class='ocrx_word' id='word_1_375' title='bbox 1039 3237 1051 3251; x_wconf 77' lang='grc'><em>’</em></span> <span class='ocrx_word' id='word_1_376' title='bbox 1103 3217 1191 3270; x_wconf 82' lang='grc' dir='ltr'>καὶ</span> <span class='ocrx_word' id='word_1_377' title='bbox 1240 3221 1359 3278; x_wconf 86' lang='grc' dir='ltr'>τοῖς</span> <span class='ocrx_word' id='word_1_378' title='bbox 1416 3215 1648 3278; x_wconf 82' lang='grc' dir='ltr'>ἐθνικοῖς</span> <span class='ocrx_word' id='word_1_379' title='bbox 1713 3213 1962 3271; x_wconf 85' lang='grc' dir='ltr'>διδασκά-</span> 
     </span>
    </p>
   </div>
   <div class='ocr_carea' id='block_1_50' title="bbox 2073 3213 3719 3287">
    <p class='ocr_par' dir='ltr' id='par_1_50' title="bbox 2073 3213 3719 3287">
     <span class='ocr_line' id='line_1_50' title="bbox 2073 3213 3719 3287; baseline 0.004 -19"><span class='ocrx_word' id='word_1_380' title='bbox 2073 3213 2245 3283; x_wconf 88' lang='lat' dir='ltr'><strong>cujus</strong></span> <span class='ocrx_word' id='word_1_381' title='bbox 2275 3229 2376 3268; x_wconf 85' lang='lat' dir='ltr'>rex</span> <span class='ocrx_word' id='word_1_382' title='bbox 2403 3213 2531 3286; x_wconf 91' lang='lat' dir='ltr'><strong>ipse</strong></span> <span class='ocrx_word' id='word_1_383' title='bbox 2555 3214 2872 3270; x_wconf 85' lang='lat' dir='ltr'><strong>maximam</strong></span> <span class='ocrx_word' id='word_1_384' title='bbox 2907 3219 3131 3287; x_wconf 89' lang='lat' dir='ltr'><strong>partem</strong></span> <span class='ocrx_word' id='word_1_385' title='bbox 3153 3216 3719 3284; x_wconf 89' lang='lat' dir='ltr'><strong>assumebat,animo</strong></span> 
     </span>
    </p>
   </div>
   <div class='ocr_carea' id='block_1_51' title="bbox 313 3302 1969 3383">
    <p class='ocr_par' dir='ltr' id='par_1_51' title="bbox 313 3303 1965 3383">
     <span class='ocr_line' id='line_1_51' title="bbox 313 3303 1965 3383; baseline -0.002 -19"><span class='ocrx_word' id='word_1_386' title='bbox 313 3308 436 3370; x_wconf 93' lang='grc' dir='ltr'>λοις</span> <span class='ocrx_word' id='word_1_387' title='bbox 492 3306 682 3383; x_wconf 80' lang='grc' dir='ltr'>ὀλίγον</span> <span class='ocrx_word' id='word_1_388' title='bbox 742 3327 794 3361; x_wconf 92' lang='grc' dir='ltr'>τι</span> <span class='ocrx_word' id='word_1_389' title='bbox 851 3310 946 3361; x_wconf 86' lang='grc' dir='ltr'>τοῦ</span> <span class='ocrx_word' id='word_1_390' title='bbox 1009 3307 1234 3381; x_wconf 86' lang='grc' dir='ltr'>μοχθεῖν</span> <span class='ocrx_word' id='word_1_391' title='bbox 1269 3303 1535 3370; x_wconf 73' lang='grc' dir='ltr'>ἐλείπετο,</span> <span class='ocrx_word' id='word_1_392' title='bbox 1565 3310 1662 3360; x_wconf 89' lang='grc' dir='ltr'>τοῦ</span> <span class='ocrx_word' id='word_1_393' title='bbox 1699 3305 1965 3380; x_wconf 69' lang='grc' dir='ltr'>βασιλέως</span> 
     </span>
    </p>
   </div>
   <div class='ocr_carea' id='block_1_52' title="bbox 2087 3302 3722 3383">
    <p class='ocr_par' dir='ltr' id='par_1_52' title="bbox 2087 3302 3722 3380">
     <span class='ocr_line' id='line_1_52' title="bbox 2087 3302 3722 3380; baseline 0.004 -22"><span class='ocrx_word' id='word_1_394' title='bbox 2087 3318 2205 3358; x_wconf 72' lang='lat' dir='ltr'><strong>vere</strong></span> <span class='ocrx_word' id='word_1_395' title='bbox 2236 3302 2416 3375; x_wconf 84' lang='lat' dir='ltr'><strong>regali</strong></span> <span class='ocrx_word' id='word_1_396' title='bbox 2446 3303 2958 3377; x_wconf 87' lang='lat' dir='ltr'><strong>dictitans,regem</strong></span> <span class='ocrx_word' id='word_1_397' title='bbox 2980 3304 3138 3360; x_wconf 89' lang='lat' dir='ltr'><strong>haud</strong></span> <span class='ocrx_word' id='word_1_398' title='bbox 3170 3305 3372 3362; x_wconf 87' lang='lat' dir='ltr'><strong>decere</strong></span> <span class='ocrx_word' id='word_1_399' title='bbox 3393 3307 3452 3361; x_wconf 90' lang='lat' dir='ltr'>in</span> <span class='ocrx_word' id='word_1_400' title='bbox 3475 3323 3722 3380; x_wconf 91' lang='lat' dir='ltr'><strong>corpora</strong></span> 
     </span>
    </p>
   </div>
   <div class='ocr_carea' id='block_1_53' title="bbox 312 3392 1964 3468">
    <p class='ocr_par' dir='ltr' id='par_1_53' title="bbox 312 3392 1964 3468">
     <span class='ocr_line' id='line_1_53' title="bbox 312 3392 1964 3468; baseline -0.002 -16"><span class='ocrx_word' id='word_1_401' title='bbox 312 3397 582 3460; x_wconf 86' lang='grc' dir='ltr'>κάνταῦθα</span> <span class='ocrx_word' id='word_1_402' title='bbox 619 3397 682 3450; x_wconf 86' lang='grc' dir='ltr'>τὸ</span> <span class='ocrx_word' id='word_1_403' title='bbox 735 3400 833 3450; x_wconf 90' lang='grc' dir='ltr'>τοῦ</span> <span class='ocrx_word' id='word_1_404' title='bbox 871 3395 1040 3451; x_wconf 90' lang='grc' dir='ltr'>πόνου</span> <span class='ocrx_word' id='word_1_405' title='bbox 1085 3392 1276 3449; x_wconf 90' lang='grc' dir='ltr'>πλεῖον</span> <span class='ocrx_word' id='word_1_406' title='bbox 1355 3395 1528 3466; x_wconf 68' lang='grc' dir='ltr'>ἑαυτῷ</span> <span class='ocrx_word' id='word_1_407' title='bbox 1602 3393 1964 3468; x_wconf 83' lang='grc' dir='ltr'>ἀπομερίζον-</span> 
     </span>
    </p>
   </div>
   <div class='ocr_carea' id='block_1_54' title="bbox 2075 3391 3722 3452">
    <p class='ocr_par' dir='ltr' id='par_1_54' title="bbox 2075 3391 3722 3452">
     <span class='ocr_line' id='line_1_54' title="bbox 2075 3391 3722 3452; baseline 0.002 -4"><span class='ocrx_word' id='word_1_408' title='bbox 2075 3391 2366 3448; x_wconf 89' lang='lat' dir='ltr'><strong>dominari</strong></span> <span class='ocrx_word' id='word_1_409' title='bbox 2389 3393 2723 3449; x_wconf 88' lang='lat' dir='ltr'><strong>animarum</strong></span> <span class='ocrx_word' id='word_1_410' title='bbox 2749 3393 3008 3449; x_wconf 91' lang='lat' dir='ltr'><strong>dominio</strong></span> <span class='ocrx_word' id='word_1_411' title='bbox 3039 3394 3722 3452; x_wconf 85' lang='lat' dir='ltr'><strong>destitutum.Facillime</strong></span> 
     </span>
    </p>
   </div>
   <div class='ocr_carea' id='block_1_55' title="bbox 315 3480 1969 3560">
    <p class='ocr_par' dir='ltr' id='par_1_55' title="bbox 315 3480 1966 3560">
     <span class='ocr_line' id='line_1_55' title="bbox 315 3480 1966 3560; baseline -0.002 -18"><span class='ocrx_word' id='word_1_412' title='bbox 315 3507 429 3548; x_wconf 89' lang='grc' dir='ltr'>τος.</span> <span class='ocrx_word' id='word_1_413' title='bbox 464 3485 738 3560; x_wconf 89' lang='grc' dir='ltr'>Λογισμὸς</span> <span class='ocrx_word' id='word_1_414' title='bbox 797 3485 898 3559; x_wconf 71' lang='grc' dir='ltr'>γὰρ</span> <span class='ocrx_word' id='word_1_415' title='bbox 954 3485 1042 3539; x_wconf 87' lang='grc' dir='ltr'>καὶ</span> <span class='ocrx_word' id='word_1_416' title='bbox 1094 3483 1242 3556; x_wconf 80' lang='grc' dir='ltr'>αὐτῷ</span> <span class='ocrx_word' id='word_1_417' title='bbox 1277 3480 1560 3558; x_wconf 85' lang='grc' dir='ltr'>βασιλικος</span> <span class='ocrx_word' id='word_1_418' title='bbox 1625 3483 1701 3556; x_wconf 82' lang='grc' dir='ltr'>μὴ</span> <span class='ocrx_word' id='word_1_419' title='bbox 1761 3491 1966 3559; x_wconf 82' lang='grc' dir='ltr'>χρῆναι</span> 
     </span>
    </p>
   </div>
   <div class='ocr_carea' id='block_1_56' title="bbox 2087 3480 3724 3560">
    <p class='ocr_par' dir='ltr' id='par_1_56' title="bbox 2087 3481 3724 3555">
     <span class='ocr_line' id='line_1_56' title="bbox 2087 3481 3724 3555; baseline 0.004 -18"><span class='ocrx_word' id='word_1_420' title='bbox 2087 3497 2218 3537; x_wconf 72' lang='lat' dir='ltr'><strong>sane</strong></span> <span class='ocrx_word' id='word_1_421' title='bbox 2248 3481 2523 3550; x_wconf 73' lang='lat' dir='ltr'><strong>senseris,</strong></span> <span class='ocrx_word' id='word_1_422' title='bbox 2556 3483 2711 3554; x_wconf 89' lang='lat' dir='ltr'><strong>quod</strong></span> <span class='ocrx_word' id='word_1_423' title='bbox 2744 3499 2850 3538; x_wconf 90' lang='lat' dir='ltr'>nec</span> <span class='ocrx_word' id='word_1_424' title='bbox 2879 3486 3046 3539; x_wconf 83' lang='lat' dir='ltr'><strong>terrae</strong></span> <span class='ocrx_word' id='word_1_425' title='bbox 3078 3482 3428 3555; x_wconf 75' lang='lat' dir='ltr'><strong>infrugiferae</strong></span> <span class='ocrx_word' id='word_1_426' title='bbox 3462 3501 3567 3542; x_wconf 90' lang='lat' dir='ltr'>nec</span> <span class='ocrx_word' id='word_1_427' title='bbox 3596 3501 3724 3542; x_wconf 86' lang='lat' dir='ltr'><strong>cor-</strong></span> 
     </span>
    </p>
   </div>
   <div class='ocr_carea' id='block_1_57' title="bbox 325 3566 1969 3650">
    <p class='ocr_par' dir='ltr' id='par_1_57' title="bbox 325 3566 1964 3650">
     <span class='ocr_line' id='line_1_57' title="bbox 325 3566 1964 3650; baseline -0.001 -21"><span class='ocrx_word' id='word_1_428' title='bbox 325 3575 592 3648; x_wconf 87' lang='grc' dir='ltr'>σωμάτων</span> <span class='ocrx_word' id='word_1_429' title='bbox 643 3573 735 3646; x_wconf 72' lang='grc' dir='ltr'>μὲν</span> <span class='ocrx_word' id='word_1_430' title='bbox 787 3572 1062 3650; x_wconf 82' lang='grc' dir='ltr'>ἐγγρατῶς</span> <span class='ocrx_word' id='word_1_431' title='bbox 1123 3566 1270 3648; x_wconf 77' lang='grc' dir='ltr'>ἔχειν</span> <span class='ocrx_word' id='word_1_432' title='bbox 1331 3573 1422 3626; x_wconf 87' lang='grc' dir='ltr'>τὸν</span> <span class='ocrx_word' id='word_1_433' title='bbox 1477 3569 1738 3647; x_wconf 81' lang='grc' dir='ltr'>ἄρχοντα,</span> <span class='ocrx_word' id='word_1_434' title='bbox 1770 3575 1964 3648; x_wconf 82' lang='grc' dir='ltr'>ψυχῶν</span> 
     </span>
    </p>
   </div>
   <div class='ocr_carea' id='block_1_58' title="bbox 2087 3566 3724 3650">
    <p class='ocr_par' dir='ltr' id='par_1_58' title="bbox 2087 3570 3724 3643">
     <span class='ocr_line' id='line_1_58' title="bbox 2087 3570 3724 3643; baseline 0.004 -18"><span class='ocrx_word' id='word_1_435' title='bbox 2087 3570 2237 3643; x_wconf 90' lang='lat' dir='ltr'><strong>poris</strong></span> <span class='ocrx_word' id='word_1_436' title='bbox 2267 3570 2514 3626; x_wconf 89' lang='lat' dir='ltr'><strong>humani</strong></span> <span class='ocrx_word' id='word_1_437' title='bbox 2556 3571 2683 3627; x_wconf 89' lang='lat' dir='ltr'><strong>sine</strong></span> <span class='ocrx_word' id='word_1_438' title='bbox 2716 3571 2916 3628; x_wconf 89' lang='lat' dir='ltr'><strong>anima</strong></span> <span class='ocrx_word' id='word_1_439' title='bbox 2946 3571 3120 3628; x_wconf 83' lang='lat' dir='ltr'><strong>fertili</strong></span> <span class='ocrx_word' id='word_1_440' title='bbox 3172 3571 3293 3628; x_wconf 87' lang='lat' dir='ltr'><strong>ulla</strong></span> <span class='ocrx_word' id='word_1_441' title='bbox 3351 3573 3576 3632; x_wconf 86' lang='lat' dir='ltr'><strong>utilitas</strong></span> <span class='ocrx_word' id='word_1_442' title='bbox 3613 3579 3724 3632; x_wconf 86' lang='lat' dir='ltr'><strong>est.</strong></span> 
     </span>
    </p>
   </div>
   <div class='ocr_carea' id='block_1_59' title="bbox 323 3640 1969 3738">
    <p class='ocr_par' dir='ltr' id='par_1_59' title="bbox 323 3640 1969 3738">
     <span class='ocr_line' id='line_1_59' title="bbox 323 3640 1969 3738; baseline -0.002 -20"><span class='ocrx_word' id='word_1_443' title='bbox 323 3661 382 3718; x_wconf 75' lang='grc' dir='ltr'>δὲ</span> <span class='ocrx_word' id='word_1_444' title='bbox 413 3640 518 3737; x_wconf 54' lang='grc' dir='ltr'>ἰεὴ</span> <span class='ocrx_word' id='word_1_445' title='bbox 564 3661 616 3724; x_wconf 82' lang='grc' dir='ltr'>ἐς</span> <span class='ocrx_word' id='word_1_446' title='bbox 643 3640 652 3646; x_wconf 40' lang='grc'><em>”</em></span> <span class='ocrx_word' id='word_1_447' title='bbox 686 3659 807 3717; x_wconf 71' lang='grc' dir='ltr'>δέον</span> <span class='ocrx_word' id='word_1_448' title='bbox 827 3640 838 3648; x_wconf 47' lang='grc'><em>’</em></span> <span class='ocrx_word' id='word_1_449' title='bbox 868 3640 1252 3738; x_wconf 69' lang='grc' dir='ltr'>περιγίνεσθαι.</span> <span class='ocrx_word' id='word_1_450' title='bbox 1302 3640 1588 3734; x_wconf 49' lang='grc' dir='ltr'>Σκὲψαιτιῖ</span> <span class='ocrx_word' id='word_1_451' title='bbox 1611 3640 1734 3736; x_wconf 71' lang='grc' dir='ltr'>γιίιρ⁷</span> <span class='ocrx_word' id='word_1_452' title='bbox 1771 3640 1830 3716; x_wconf 66' lang='grc' dir='ltr'>ἀν</span> <span class='ocrx_word' id='word_1_453' title='bbox 1851 3640 1969 3724; x_wconf 49' lang='grc' dir='ltr'>ητις</span> 
     </span>
    </p>
   </div>
   <div class='ocr_carea' id='block_1_60' title="bbox 2087 3640 3731 3738">
    <p class='ocr_par' dir='ltr' id='par_1_60' title="bbox 2087 3640 3731 3732">
     <span class='ocr_line' id='line_1_60' title="bbox 2087 3640 3731 3732; baseline 0.004 -18"><span class='ocrx_word' id='word_1_454' title='bbox 2087 3640 2225 3715; x_wconf 72' lang='grc' dir='ltr'>Βοιιὶ</span> <span class='ocrx_word' id='word_1_455' title='bbox 2248 3677 2420 3732; x_wconf 89' lang='lat' dir='ltr'><strong>porro</strong></span> <span class='ocrx_word' id='word_1_456' title='bbox 2445 3660 2944 3717; x_wconf 88' lang='lat' dir='ltr'><strong>administratoris</strong></span> <span class='ocrx_word' id='word_1_457' title='bbox 2968 3665 3298 3728; x_wconf 88' lang='lat' dir='ltr'><strong>est,terram</strong></span> <span class='ocrx_word' id='word_1_458' title='bbox 3320 3663 3610 3720; x_wconf 88' lang='lat' dir='ltr'><strong>desertam</strong></span> <span class='ocrx_word' id='word_1_459' title='bbox 3631 3664 3731 3720; x_wconf 87' lang='lat' dir='ltr'><strong>ha-</strong></span> 
     </span>
    </p>
   </div>
   <div class='ocr_carea' id='block_1_61' title="bbox 327 3745 1970 3828">
    <p class='ocr_par' dir='ltr' id='par_1_61' title="bbox 327 3745 1970 3828">
     <span class='ocr_line' id='line_1_61' title="bbox 327 3745 1970 3828; baseline -0.002 -21"><span class='ocrx_word' id='word_1_460' title='bbox 327 3746 665 3818; x_wconf 79' lang='grc' dir='ltr'>ούθυϐὅλως,</span> <span class='ocrx_word' id='word_1_461' title='bbox 701 3753 839 3825; x_wconf 88' lang='grc' dir='ltr'>μήτε</span> <span class='ocrx_word' id='word_1_462' title='bbox 881 3757 986 3825; x_wconf 79' lang='grc' dir='ltr'>γῆς</span> <span class='ocrx_word' id='word_1_463' title='bbox 1027 3745 1226 3828; x_wconf 72' lang='grc' dir='ltr'>ὄφελος</span> <span class='ocrx_word' id='word_1_464' title='bbox 1261 3751 1418 3822; x_wconf 76' lang='grc' dir='ltr'>εἶναι,</span> <span class='ocrx_word' id='word_1_465' title='bbox 1449 3752 1514 3819; x_wconf 77' lang='grc' dir='ltr'>ἧς</span> <span class='ocrx_word' id='word_1_466' title='bbox 1536 3749 1744 3827; x_wconf 88' lang='grc' dir='ltr'>καρπὸς</span> <span class='ocrx_word' id='word_1_467' title='bbox 1770 3747 1970 3816; x_wconf 76' lang='grc' dir='ltr'>οὐδεὶς,</span> 
     </span>
    </p>
   </div>
   <div class='ocr_carea' id='block_1_62' title="bbox 325 3840 1975 3916">
    <p class='ocr_par' dir='ltr' id='par_1_62' title="bbox 325 3840 1975 3916">
     <span class='ocr_line' id='line_1_62' title="bbox 325 3840 1975 3916; baseline -0.001 -20"><span class='ocrx_word' id='word_1_468' title='bbox 325 3841 449 3896; x_wconf 77' lang='grc' dir='ltr'>οὕτε</span> <span class='ocrx_word' id='word_1_469' title='bbox 505 3842 758 3914; x_wconf 84' lang='grc' dir='ltr'>σώματος</span> <span class='ocrx_word' id='word_1_470' title='bbox 827 3840 1184 3915; x_wconf 80' lang='grc' dir='ltr'>ἀνθρωπίνου,</span> <span class='ocrx_word' id='word_1_471' title='bbox 1245 3840 1291 3912; x_wconf 85' lang='grc' dir='ltr'>ᾧ</span> <span class='ocrx_word' id='word_1_472' title='bbox 1354 3840 1429 3913; x_wconf 76' lang='grc' dir='ltr'>μὴ</span> <span class='ocrx_word' id='word_1_473' title='bbox 1487 3841 1640 3916; x_wconf 80' lang='grc' dir='ltr'>ψυχῆ</span> <span class='ocrx_word' id='word_1_474' title='bbox 1699 3840 1975 3912; x_wconf 82' lang='grc' dir='ltr'>κάρπιμος</span> 
     </span>
    </p>
   </div>
   <div class='ocr_carea' id='block_1_63' title="bbox 2085 3749 3729 3823">
    <p class='ocr_par' dir='ltr' id='par_1_63' title="bbox 2085 3749 3729 3823">
     <span class='ocr_line' id='line_1_63' title="bbox 2085 3749 3729 3823; baseline 0.004 -19"><span class='ocrx_word' id='word_1_475' title='bbox 2085 3749 2394 3805; x_wconf 90' lang='lat' dir='ltr'><strong>bitabitem</strong></span> <span class='ocrx_word' id='word_1_476' title='bbox 2428 3750 2689 3817; x_wconf 89' lang='lat' dir='ltr'><strong>reddere,</strong></span> <span class='ocrx_word' id='word_1_477' title='bbox 2714 3753 2770 3805; x_wconf 89' lang='lat' dir='ltr'>et</span> <span class='ocrx_word' id='word_1_478' title='bbox 2799 3749 3064 3823; x_wconf 84' lang='lat' dir='ltr'><strong>magistri</strong></span> <span class='ocrx_word' id='word_1_479' title='bbox 3093 3751 3380 3823; x_wconf 88' lang='lat' dir='ltr'><strong>sapientis</strong></span> <span class='ocrx_word' id='word_1_480' title='bbox 3402 3753 3558 3809; x_wconf 86' lang='lat' dir='ltr'><strong>sicut</strong></span> <span class='ocrx_word' id='word_1_481' title='bbox 3585 3752 3636 3810; x_wconf 91' lang='lat' dir='ltr'>is</span> <span class='ocrx_word' id='word_1_482' title='bbox 3657 3753 3729 3810; x_wconf 88' lang='lat' dir='ltr'>de</span> 
     </span>
    </p>
   </div>
   <div class='ocr_carea' id='block_1_64' title="bbox 2081 3837 3732 3914">
    <p class='ocr_par' dir='ltr' id='par_1_64' title="bbox 2081 3837 3732 3914">
     <span class='ocr_line' id='line_1_64' title="bbox 2081 3837 3732 3914; baseline 0.004 -21"><span class='ocrx_word' id='word_1_483' title='bbox 2081 3855 2198 3910; x_wconf 89' lang='lat' dir='ltr'>quo</span> <span class='ocrx_word' id='word_1_484' title='bbox 2229 3837 2549 3911; x_wconf 91' lang='lat' dir='ltr'><strong>loquimur,</strong></span> <span class='ocrx_word' id='word_1_485' title='bbox 2575 3839 2760 3896; x_wconf 86' lang='lat' dir='ltr'><strong>Deum</strong></span> <span class='ocrx_word' id='word_1_486' title='bbox 2791 3839 3182 3896; x_wconf 88' lang='lat' dir='ltr'><strong>habitatorem</strong></span> <span class='ocrx_word' id='word_1_487' title='bbox 3241 3846 3592 3914; x_wconf 89' lang='lat' dir='ltr'><strong>perpetuum</strong></span> <span class='ocrx_word' id='word_1_488' title='bbox 3644 3842 3732 3898; x_wconf 90' lang='lat' dir='ltr'>in-</span> 
     </span>
    </p>
   </div>
   <div class='ocr_carea' id='block_1_65' title="bbox 320 3927 1969 4008">
    <p class='ocr_par' dir='ltr' id='par_1_65' title="bbox 320 3927 1969 4008">
     <span class='ocr_line' id='line_1_65' title="bbox 320 3927 1969 4008; baseline -0.002 -21"><span class='ocrx_word' id='word_1_489' title='bbox 320 3931 518 4008; x_wconf 86' lang='grc' dir='ltr'>ἀγαθοῦ</span> <span class='ocrx_word' id='word_1_490' title='bbox 555 3951 724 3993; x_wconf 88' lang='grc' dir='ltr'>τινος.</span> <span class='ocrx_word' id='word_1_491' title='bbox 778 3931 929 3987; x_wconf 85' lang='grc' dir='ltr'>Ἕστι</span> <span class='ocrx_word' id='word_1_492' title='bbox 988 3927 1046 3984; x_wconf 74' lang='grc' dir='ltr'>δὲ</span> <span class='ocrx_word' id='word_1_493' title='bbox 1100 3927 1192 3982; x_wconf 86' lang='grc' dir='ltr'>καὶ</span> <span class='ocrx_word' id='word_1_494' title='bbox 1239 3928 1462 4003; x_wconf 87' lang='grc' dir='ltr'>ἀριστου</span> <span class='ocrx_word' id='word_1_495' title='bbox 1516 3928 1812 4002; x_wconf 79' lang='grc' dir='ltr'>οἰκονόμου</span> <span class='ocrx_word' id='word_1_496' title='bbox 1869 3935 1969 4004; x_wconf 81' lang='grc' dir='ltr'>γῆν</span> 
     </span>
    </p>
   </div>
   <div class='ocr_carea' id='block_1_66' title="bbox 2087 3927 3730 4008">
    <p class='ocr_par' dir='ltr' id='par_1_66' title="bbox 2087 3927 3730 3988">
     <span class='ocr_line' id='line_1_66' title="bbox 2087 3927 3730 3988; baseline 0.005 -8"><span class='ocrx_word' id='word_1_497' title='bbox 2087 3927 2388 3983; x_wconf 83' lang='lat' dir='ltr'><strong>traducere</strong></span> <span class='ocrx_word' id='word_1_498' title='bbox 2417 3927 2478 3982; x_wconf 92' lang='lat' dir='ltr'>in</span> <span class='ocrx_word' id='word_1_499' title='bbox 2513 3927 2640 3984; x_wconf 88' lang='lat' dir='ltr'><strong>loca</strong></span> <span class='ocrx_word' id='word_1_500' title='bbox 2671 3928 2848 3984; x_wconf 88' lang='lat' dir='ltr'><strong>rebus</strong></span> <span class='ocrx_word' id='word_1_501' title='bbox 2883 3929 3052 3984; x_wconf 87' lang='lat' dir='ltr'><strong>bonis</strong></span> <span class='ocrx_word' id='word_1_502' title='bbox 3109 3946 3176 3985; x_wconf 90' lang='lat' dir='ltr'>ac</span> <span class='ocrx_word' id='word_1_503' title='bbox 3206 3929 3476 3987; x_wconf 88' lang='lat' dir='ltr'><strong>honestis</strong></span> <span class='ocrx_word' id='word_1_504' title='bbox 3526 3948 3730 3988; x_wconf 86' lang='lat' dir='ltr'><strong>vacua.</strong></span> 
     </span>
    </p>
   </div>
   <div class='ocr_carea' id='block_1_67' title="bbox 323 4014 1972 4099">
    <p class='ocr_par' dir='ltr' id='par_1_67' title="bbox 323 4014 1972 4099">
     <span class='ocr_line' id='line_1_67' title="bbox 323 4014 1972 4099; baseline -0.004 -22"><span class='ocrx_word' id='word_1_505' title='bbox 323 4021 538 4099; x_wconf 73' lang='grc' dir='ltr'>ἐρήμην</span> <span class='ocrx_word' id='word_1_506' title='bbox 607 4022 869 4078; x_wconf 74' lang='grc' dir='ltr'>οἰκεῖσθαι</span> <span class='ocrx_word' id='word_1_507' title='bbox 937 4025 1204 4088; x_wconf 81' lang='grc' dir='ltr'>ποιῆσαι·</span> <span class='ocrx_word' id='word_1_508' title='bbox 1265 4019 1355 4072; x_wconf 87' lang='grc' dir='ltr'>καὶ</span> <span class='ocrx_word' id='word_1_509' title='bbox 1413 4014 1744 4072; x_wconf 79' lang='grc' dir='ltr'>διδασκάλου</span> <span class='ocrx_word' id='word_1_510' title='bbox 1803 4021 1972 4096; x_wconf 66' lang='grc' dir='ltr'>σοφοῦ</span> 
     </span>
    </p>
   </div>
   <div class='ocr_carea' id='block_1_68' title="bbox 317 4103 1974 4186">
    <p class='ocr_par' dir='ltr' id='par_1_68' title="bbox 317 4103 1974 4186">
     <span class='ocr_line' id='line_1_68' title="bbox 317 4103 1974 4186; baseline -0.005 -19"><span class='ocrx_word' id='word_1_511' title='bbox 317 4104 454 4167; x_wconf 80' lang='grc' dir='ltr'>κατά</span> <span class='ocrx_word' id='word_1_512' title='bbox 526 4115 618 4169; x_wconf 87' lang='grc' dir='ltr'>τὸν</span> <span class='ocrx_word' id='word_1_513' title='bbox 691 4109 811 4186; x_wconf 73' lang='grc' dir='ltr'>ἄρτι</span> <span class='ocrx_word' id='word_1_514' title='bbox 892 4105 1250 4181; x_wconf 86' lang='grc' dir='ltr'>ὑμνούμενον,</span> <span class='ocrx_word' id='word_1_515' title='bbox 1312 4103 1436 4160; x_wconf 75' lang='grc' dir='ltr'>ἔνθα</span> <span class='ocrx_word' id='word_1_516' title='bbox 1518 4106 1715 4168; x_wconf 82' lang='grc' dir='ltr'>παντὸς</span> <span class='ocrx_word' id='word_1_517' title='bbox 1775 4106 1974 4180; x_wconf 84' lang='grc' dir='ltr'>ἀγαθοῦ</span> 
     </span>
    </p>
   </div>
   <div class='ocr_carea' id='block_1_69' title="bbox 322 4192 1974 4276">
    <p class='ocr_par' dir='ltr' id='par_1_69' title="bbox 322 4192 1974 4276">
     <span class='ocr_line' id='line_1_69' title="bbox 322 4192 1974 4276; baseline -0.005 -18"><span class='ocrx_word' id='word_1_518' title='bbox 322 4201 547 4276; x_wconf 69' lang='grc' dir='ltr'>ἐρημία,</span> <span class='ocrx_word' id='word_1_519' title='bbox 581 4202 690 4257; x_wconf 74' lang='grc' dir='ltr'>ἑκεῖ</span> <span class='ocrx_word' id='word_1_520' title='bbox 727 4199 818 4255; x_wconf 88' lang='grc' dir='ltr'>τὸν</span> <span class='ocrx_word' id='word_1_521' title='bbox 872 4197 1000 4254; x_wconf 80' lang='grc' dir='ltr'>Θεὸν</span> <span class='ocrx_word' id='word_1_522' title='bbox 1052 4196 1275 4272; x_wconf 83' lang='grc' dir='ltr'>ἀγαγεῖν</span> <span class='ocrx_word' id='word_1_523' title='bbox 1327 4195 1640 4265; x_wconf 78' lang='grc' dir='ltr'>οἰκήσοντα,</span> <span class='ocrx_word' id='word_1_524' title='bbox 1689 4195 1777 4250; x_wconf 86' lang='grc' dir='ltr'>καὶ</span> <span class='ocrx_word' id='word_1_525' title='bbox 1837 4192 1974 4270; x_wconf 79' lang='grc' dir='ltr'>πρὸς</span> 
     </span>
    </p>
   </div>
   <div class='ocr_carea' id='block_1_70' title="bbox 320 4281 1974 4366">
    <p class='ocr_par' dir='ltr' id='par_1_70' title="bbox 320 4281 1974 4366">
     <span class='ocr_line' id='line_1_70' title="bbox 320 4281 1974 4366; baseline -0.005 -19"><span class='ocrx_word' id='word_1_526' title='bbox 320 4296 592 4363; x_wconf 82' lang='grc' dir='ltr'>νοητικῶς</span> <span class='ocrx_word' id='word_1_527' title='bbox 623 4289 1155 4366; x_wconf 74' lang='grc' dir='ltr'>ἓμπεριπατήσοντα.</span> <span class='ocrx_word' id='word_1_528' title='bbox 1189 4285 1256 4343; x_wconf 73' lang='grc' dir='ltr'><strong>Οἱ</strong></span> <span class='ocrx_word' id='word_1_529' title='bbox 1304 4281 1528 4347; x_wconf 86' lang='grc' dir='ltr'>πλείους</span> <span class='ocrx_word' id='word_1_530' title='bbox 1591 4284 1685 4358; x_wconf 80' lang='grc' dir='ltr'>μὶν</span> <span class='ocrx_word' id='word_1_531' title='bbox 1737 4282 1828 4338; x_wconf 78' lang='grc' dir='ltr'>οῦν</span> <span class='ocrx_word' id='word_1_532' title='bbox 1874 4285 1974 4354; x_wconf 82' lang='grc' dir='ltr'>τὴν</span> 
     </span>
    </p>
   </div>
   <div class='ocr_carea' id='block_1_71' title="bbox 324 4371 1976 4456">
    <p class='ocr_par' dir='ltr' id='par_1_71' title="bbox 324 4371 1976 4456">
     <span class='ocr_line' id='line_1_71' title="bbox 324 4371 1976 4456; baseline -0.005 -20"><span class='ocrx_word' id='word_1_533' title='bbox 324 4380 491 4436; x_wconf 82' lang='grc' dir='ltr'>αὐτοῦ</span> <span class='ocrx_word' id='word_1_534' title='bbox 518 4382 706 4456; x_wconf 70' lang='grc' dir='ltr'>φωνὴν</span> <span class='ocrx_word' id='word_1_535' title='bbox 763 4375 1140 4449; x_wconf 79' lang='grc' dir='ltr'>ἠκουτίζοντο,</span> <span class='ocrx_word' id='word_1_536' title='bbox 1172 4373 1262 4430; x_wconf 79' lang='grc' dir='ltr'>καὶ</span> <span class='ocrx_word' id='word_1_537' title='bbox 1303 4372 1520 4448; x_wconf 72' lang='grc' dir='ltr'>ἀμέσως</span> <span class='ocrx_word' id='word_1_538' title='bbox 1565 4371 1782 4428; x_wconf 77' lang='grc' dir='ltr'>αὐτόθεν</span> <span class='ocrx_word' id='word_1_539' title='bbox 1828 4372 1976 4450; x_wconf 76' lang='grc' dir='ltr'>εἶχον</span> 
     </span>
    </p>
   </div>
   <div class='ocr_carea' id='block_1_72' title="bbox 321 4460 1981 4547">
    <p class='ocr_par' dir='ltr' id='par_1_72' title="bbox 321 4460 1981 4547">
     <span class='ocr_line' id='line_1_72' title="bbox 321 4460 1981 4547; baseline -0.005 -21"><span class='ocrx_word' id='word_1_540' title='bbox 321 4471 385 4526; x_wconf 78' lang='grc' dir='ltr'>τὸ</span> <span class='ocrx_word' id='word_1_541' title='bbox 418 4471 636 4547; x_wconf 79' lang='grc' dir='ltr'>ἀγαθόν⁹</span> <span class='ocrx_word' id='word_1_542' title='bbox 668 4465 906 4528; x_wconf 79' lang='grc' dir='ltr'>πολλοῖς</span> <span class='ocrx_word' id='word_1_543' title='bbox 938 4464 996 4520; x_wconf 76' lang='grc' dir='ltr'>δὲ</span> <span class='ocrx_word' id='word_1_544' title='bbox 1021 4464 1115 4520; x_wconf 84' lang='grc' dir='ltr'>καὶ</span> <span class='ocrx_word' id='word_1_545' title='bbox 1145 4460 1554 4537; x_wconf 84' lang='grc' dir='ltr'>ἀποστολιμαῖα</span> <span class='ocrx_word' id='word_1_546' title='bbox 1607 4464 1674 4518; x_wconf 84' lang='grc' dir='ltr'>τὰ</span> <span class='ocrx_word' id='word_1_547' title='bbox 1727 4465 1827 4530; x_wconf 77' lang='grc' dir='ltr'>τῆς</span> <span class='ocrx_word' id='word_1_548' title='bbox 1894 4460 1981 4518; x_wconf 86' lang='grc' dir='ltr'>δι-</span> 
     </span>
    </p>
   </div>
   <div class='ocr_carea' id='block_1_73' title="bbox 325 4550 1982 4632">
    <p class='ocr_par' dir='ltr' id='par_1_73' title="bbox 325 4550 1982 4632">
     <span class='ocr_line' id='line_1_73' title="bbox 325 4550 1982 4632; baseline -0.005 -17"><span class='ocrx_word' id='word_1_549' title='bbox 325 4557 640 4628; x_wconf 84' lang='grc' dir='ltr'>δασκαλίας,</span> <span class='ocrx_word' id='word_1_550' title='bbox 698 4557 788 4613; x_wconf 82' lang='grc' dir='ltr'>καὶ</span> <span class='ocrx_word' id='word_1_551' title='bbox 846 4553 1260 4632; x_wconf 68' lang='grc' dir='ltr'>ἱπεστρὲφοντο.</span> <span class='ocrx_word' id='word_1_552' title='bbox 1323 4553 1420 4608; x_wconf 80' lang='grc' dir='ltr'>Καὶ</span> <span class='ocrx_word' id='word_1_553' title='bbox 1474 4557 1582 4608; x_wconf 82' lang='grc' dir='ltr'>τῶν</span> <span class='ocrx_word' id='word_1_554' title='bbox 1660 4550 1982 4608; x_wconf 84' lang='grc' dir='ltr'>ἀποστόλων</span> 
     </span>
    </p>
   </div>
   <div class='ocr_carea' id='block_1_74' title="bbox 323 4643 1981 4722">
    <p class='ocr_par' dir='ltr' id='par_1_74' title="bbox 323 4643 1981 4722">
     <span class='ocr_line' id='line_1_74' title="bbox 323 4643 1981 4722; baseline -0.006 -14"><span class='ocrx_word' id='word_1_555' title='bbox 323 4650 540 4708; x_wconf 68' lang='grc' dir='ltr'>ἐκείνων</span> <span class='ocrx_word' id='word_1_556' title='bbox 603 4649 656 4705; x_wconf 78' lang='grc' dir='ltr'>οἱ</span> <span class='ocrx_word' id='word_1_557' title='bbox 710 4649 805 4722; x_wconf 72' lang='grc' dir='ltr'>μὲν</span> <span class='ocrx_word' id='word_1_558' title='bbox 841 4648 1252 4722; x_wconf 67' lang='grc' dir='ltr'>ἐπανήρχοντο,</span> <span class='ocrx_word' id='word_1_559' title='bbox 1283 4643 1676 4720; x_wconf 76' lang='grc' dir='ltr'>κατισχύοντες</span> <span class='ocrx_word' id='word_1_560' title='bbox 1720 4649 1822 4706; x_wconf 66' lang='grc' dir='ltr'>τοῖς</span> <span class='ocrx_word' id='word_1_561' title='bbox 1879 4663 1981 4699; x_wconf 83' lang='grc' dir='ltr'>πα-</span> 
     </span>
    </p>
   </div>
   <div class='ocr_carea' id='block_1_75' title="bbox 324 4731 1985 4818">
    <p class='ocr_par' dir='ltr' id='par_1_75' title="bbox 324 4731 1985 4818">
     <span class='ocr_line' id='line_1_75' title="bbox 324 4731 1985 4818; baseline -0.006 -22"><span class='ocrx_word' id='word_1_562' title='bbox 324 4740 482 4803; x_wconf 81' lang='grc' dir='ltr'>λαιᾶς</span> <span class='ocrx_word' id='word_1_563' title='bbox 541 4736 890 4818; x_wconf 80' lang='grc' dir='ltr'>φαυλότητος</span> <span class='ocrx_word' id='word_1_564' title='bbox 947 4739 1052 4790; x_wconf 80' lang='grc' dir='ltr'>τῶν</span> <span class='ocrx_word' id='word_1_565' title='bbox 1121 4732 1611 4808; x_wconf 75' lang='grc' dir='ltr'>μαθητευσαμὲνων</span> <span class='ocrx_word' id='word_1_566' title='bbox 1672 4733 1877 4787; x_wconf 71' lang='grc' dir='ltr'>ὲθνῶν*</span> <span class='ocrx_word' id='word_1_567' title='bbox 1932 4731 1985 4787; x_wconf 81' lang='grc' dir='ltr'>οὶ</span> 
     </span>
    </p>
   </div>
   <div class='ocr_carea' id='block_1_76' title="bbox 327 4821 1984 4904">
    <p class='ocr_par' dir='ltr' id='par_1_76' title="bbox 327 4821 1984 4904">
     <span class='ocr_line' id='line_1_76' title="bbox 327 4821 1984 4904; baseline -0.006 -18"><span class='ocrx_word' id='word_1_568' title='bbox 327 4827 405 4899; x_wconf 72' lang='grc' dir='ltr'>δὲ,</span> <span class='ocrx_word' id='word_1_569' title='bbox 438 4833 518 4902; x_wconf 76' lang='grc' dir='ltr'>τῷ</span> <span class='ocrx_word' id='word_1_570' title='bbox 569 4831 759 4904; x_wconf 88' lang='grc' dir='ltr'>μακρῷ</span> <span class='ocrx_word' id='word_1_571' title='bbox 806 4829 902 4881; x_wconf 89' lang='grc' dir='ltr'>τοῦ</span> <span class='ocrx_word' id='word_1_572' title='bbox 931 4824 1138 4901; x_wconf 82' lang='grc' dir='ltr'>χρόνου</span> <span class='ocrx_word' id='word_1_573' title='bbox 1183 4823 1474 4896; x_wconf 85' lang='grc' dir='ltr'>καμόντες,</span> <span class='ocrx_word' id='word_1_574' title='bbox 1523 4821 1874 4895; x_wconf 74' lang='grc' dir='ltr'>ἒναπὲμειναν</span> <span class='ocrx_word' id='word_1_575' title='bbox 1915 4823 1984 4895; x_wconf 74' lang='grc' dir='ltr'>τῇ</span> 
     </span>
    </p>
   </div>
   <div class='ocr_carea' id='block_1_77' title="bbox 325 4908 1984 4992">
    <p class='ocr_par' dir='ltr' id='par_1_77' title="bbox 325 4908 1984 4992">
     <span class='ocr_line' id='line_1_77' title="bbox 325 4908 1984 4992; baseline -0.007 -17"><span class='ocrx_word' id='word_1_576' title='bbox 325 4917 568 4992; x_wconf 72' lang='grc' dir='ltr'>ἓκδημίᾳ</span> <span class='ocrx_word' id='word_1_577' title='bbox 629 4916 1052 4992; x_wconf 81' lang='grc' dir='ltr'>μεταταξάμενοι</span> <span class='ocrx_word' id='word_1_578' title='bbox 1086 4932 1100 4946; x_wconf 82' lang='grc'><strong><em>⁸</em></strong></span> <span class='ocrx_word' id='word_1_579' title='bbox 1166 4912 1424 4987; x_wconf 85' lang='grc' dir='ltr'>μακάριοι</span> <span class='ocrx_word' id='word_1_580' title='bbox 1487 4911 1583 4985; x_wconf 75' lang='grc' dir='ltr'>μὲν</span> <span class='ocrx_word' id='word_1_581' title='bbox 1659 4914 1760 4980; x_wconf 76' lang='grc' dir='ltr'>τῆς</span> <span class='ocrx_word' id='word_1_582' title='bbox 1832 4908 1984 4980; x_wconf 86' lang='grc' dir='ltr'>ὁδοῦ,</span> 
     </span>
    </p>
   </div>
   <div class='ocr_carea' id='block_1_78' title="bbox 2084 4015 3736 4094">
    <p class='ocr_par' dir='ltr' id='par_1_78' title="bbox 2084 4015 3736 4094">
     <span class='ocr_line' id='line_1_78' title="bbox 2084 4015 3736 4094; baseline 0.005 -24"><span class='ocrx_word' id='word_1_583' title='bbox 2084 4015 2293 4071; x_wconf 71' lang='lat' dir='ltr'><strong>Multos</strong></span> <span class='ocrx_word' id='word_1_584' title='bbox 2323 4021 2558 4072; x_wconf 86' lang='lat' dir='ltr'><strong>constat</strong></span> <span class='ocrx_word' id='word_1_585' title='bbox 2587 4017 2714 4088; x_wconf 88' lang='lat' dir='ltr'><strong>ejus</strong></span> <span class='ocrx_word' id='word_1_586' title='bbox 2747 4017 2902 4073; x_wconf 89' lang='lat' dir='ltr'><strong>dicto</strong></span> <span class='ocrx_word' id='word_1_587' title='bbox 2934 4018 3239 4074; x_wconf 87' lang='lat' dir='ltr'><strong>audientes</strong></span> <span class='ocrx_word' id='word_1_588' title='bbox 3297 4019 3501 4088; x_wconf 80' lang='lat' dir='ltr'><strong>fuisse,</strong></span> <span class='ocrx_word' id='word_1_589' title='bbox 3535 4021 3736 4094; x_wconf 81' lang='lat' dir='ltr'><strong>plures</strong></span> 
     </span>
    </p>
   </div>
   <div class='ocr_carea' id='block_1_79' title="bbox 2082 4105 3739 4178">
    <p class='ocr_par' dir='ltr' id='par_1_79' title="bbox 2082 4105 3739 4178">
     <span class='ocr_line' id='line_1_79' title="bbox 2082 4105 3739 4178; baseline 0.005 -21"><span class='ocrx_word' id='word_1_590' title='bbox 2082 4120 2185 4175; x_wconf 89' lang='lat' dir='ltr'>per</span> <span class='ocrx_word' id='word_1_591' title='bbox 2215 4105 2494 4160; x_wconf 88' lang='lat' dir='ltr'><strong>mandata</strong></span> <span class='ocrx_word' id='word_1_592' title='bbox 2523 4106 2746 4178; x_wconf 88' lang='lat' dir='ltr'><strong>scripta</strong></span> <span class='ocrx_word' id='word_1_593' title='bbox 2790 4107 2862 4162; x_wconf 91' lang='lat' dir='ltr'>ad</span> <span class='ocrx_word' id='word_1_594' title='bbox 2897 4106 3093 4178; x_wconf 88' lang='lat' dir='ltr'><strong>ipsum</strong></span> <span class='ocrx_word' id='word_1_595' title='bbox 3134 4123 3444 4164; x_wconf 90' lang='lat' dir='ltr'><strong>conversos</strong></span> <span class='ocrx_word' id='word_1_596' title='bbox 3493 4125 3623 4166; x_wconf 90' lang='lat' dir='ltr'><strong>esse</strong></span> <span class='ocrx_word' id='word_1_597' title='bbox 3679 4115 3739 4166; x_wconf 88' lang='lat' dir='ltr'>et</span> 
     </span>
    </p>
   </div>
   <div class='ocr_carea' id='block_1_80' title="bbox 2086 4192 3739 4270">
    <p class='ocr_par' dir='ltr' id='par_1_80' title="bbox 2086 4192 3739 4270">
     <span class='ocr_line' id='line_1_80' title="bbox 2086 4192 3739 4270; baseline 0.004 -22"><span class='ocrx_word' id='word_1_598' title='bbox 2086 4192 2303 4249; x_wconf 86' lang='lat' dir='ltr'><strong>missos</strong></span> <span class='ocrx_word' id='word_1_599' title='bbox 2325 4195 2396 4249; x_wconf 90' lang='lat' dir='ltr'>ad</span> <span class='ocrx_word' id='word_1_600' title='bbox 2425 4198 2628 4266; x_wconf 85' lang='lat' dir='ltr'><strong>gentes</strong></span> <span class='ocrx_word' id='word_1_601' title='bbox 2659 4199 2906 4264; x_wconf 82' lang='lat' dir='ltr'><strong>exteras,</strong></span> <span class='ocrx_word' id='word_1_602' title='bbox 2939 4211 3088 4267; x_wconf 83' lang='lat' dir='ltr'><strong>quas</strong></span> <span class='ocrx_word' id='word_1_603' title='bbox 3119 4211 3154 4252; x_wconf 90' lang='lat' dir='ltr'>a</span> <span class='ocrx_word' id='word_1_604' title='bbox 3184 4213 3415 4254; x_wconf 88' lang='lat' dir='ltr'><strong>morum</strong></span> <span class='ocrx_word' id='word_1_605' title='bbox 3455 4198 3739 4270; x_wconf 82' lang='lat' dir='ltr'><strong>pravitate</strong></span> 
     </span>
    </p>
   </div>
   <div class='ocr_carea' id='block_1_81' title="bbox 2085 4281 3738 4356">
    <p class='ocr_par' dir='ltr' id='par_1_81' title="bbox 2085 4281 3738 4356">
     <span class='ocr_line' id='line_1_81' title="bbox 2085 4281 3738 4356; baseline 0.005 -20"><span class='ocrx_word' id='word_1_606' title='bbox 2085 4281 2157 4336; x_wconf 91' lang='lat' dir='ltr'>ad</span> <span class='ocrx_word' id='word_1_607' title='bbox 2191 4281 2463 4339; x_wconf 91' lang='lat' dir='ltr'><strong>virtutem</strong></span> <span class='ocrx_word' id='word_1_608' title='bbox 2489 4284 2961 4352; x_wconf 90' lang='lat' dir='ltr'><strong>revocarunt,alii</strong></span> <span class='ocrx_word' id='word_1_609' title='bbox 2985 4289 3120 4356; x_wconf 89' lang='lat' dir='ltr'><strong>post</strong></span> <span class='ocrx_word' id='word_1_610' title='bbox 3150 4286 3475 4343; x_wconf 85' lang='lat' dir='ltr'><strong>exantlatos</strong></span> <span class='ocrx_word' id='word_1_611' title='bbox 3504 4286 3738 4344; x_wconf 88' lang='lat' dir='ltr'><strong>labores</strong></span> 
     </span>
    </p>
   </div>
   <div class='ocr_carea' id='block_1_82' title="bbox 2088 4371 3738 4447">
    <p class='ocr_par' dir='ltr' id='par_1_82' title="bbox 2088 4371 3738 4447">
     <span class='ocr_line' id='line_1_82' title="bbox 2088 4371 3738 4447; baseline 0.004 -21"><span class='ocrx_word' id='word_1_612' title='bbox 2088 4387 2327 4442; x_wconf 85' lang='lat' dir='ltr'><strong>peregre</strong></span> <span class='ocrx_word' id='word_1_613' title='bbox 2356 4371 2617 4429; x_wconf 83' lang='lat' dir='ltr'><strong>defuncti</strong></span> <span class='ocrx_word' id='word_1_614' title='bbox 2651 4376 2810 4440; x_wconf 88' lang='lat' dir='ltr'><strong>sunt,</strong></span> <span class='ocrx_word' id='word_1_615' title='bbox 2845 4373 3040 4430; x_wconf 89' lang='lat' dir='ltr'><strong>felices</strong></span> <span class='ocrx_word' id='word_1_616' title='bbox 3069 4375 3142 4430; x_wconf 92' lang='lat' dir='ltr'>ob</span> <span class='ocrx_word' id='word_1_617' title='bbox 3180 4374 3360 4447; x_wconf 83' lang='lat' dir='ltr'><strong>viam,</strong></span> <span class='ocrx_word' id='word_1_618' title='bbox 3410 4376 3606 4433; x_wconf 79' lang='lat' dir='ltr'><strong>felices</strong></span> <span class='ocrx_word' id='word_1_619' title='bbox 3663 4376 3738 4432; x_wconf 93' lang='lat' dir='ltr'>ob</span> 
     </span>
    </p>
   </div>
   <div class='ocr_carea' id='block_1_83' title="bbox 2089 4459 3741 4538">
    <p class='ocr_par' dir='ltr' id='par_1_83' title="bbox 2089 4459 3741 4538">
     <span class='ocr_line' id='line_1_83' title="bbox 2089 4459 3741 4538; baseline 0.003 -22"><span class='ocrx_word' id='word_1_620' title='bbox 2089 4459 2334 4529; x_wconf 89' lang='lat' dir='ltr'><strong>exitum,</strong></span> <span class='ocrx_word' id='word_1_621' title='bbox 2367 4462 2524 4533; x_wconf 91' lang='lat' dir='ltr'><strong>quod</strong></span> <span class='ocrx_word' id='word_1_622' title='bbox 2557 4466 2690 4532; x_wconf 92' lang='lat' dir='ltr'><strong>post</strong></span> <span class='ocrx_word' id='word_1_623' title='bbox 2719 4462 2950 4519; x_wconf 88' lang='lat' dir='ltr'><strong>animas</strong></span> <span class='ocrx_word' id='word_1_624' title='bbox 2979 4463 3235 4520; x_wconf 88' lang='lat' dir='ltr'><strong>salvatas</strong></span> <span class='ocrx_word' id='word_1_625' title='bbox 3257 4465 3490 4538; x_wconf 83' lang='lat' dir='ltr'><strong>negotio</strong></span> <span class='ocrx_word' id='word_1_626' title='bbox 3520 4465 3741 4522; x_wconf 88' lang='lat' dir='ltr'><strong>valedi-</strong></span> 
     </span>
    </p>
   </div>
   <div class='ocr_carea' id='block_1_84' title="bbox 2089 4548 3739 4626">
    <p class='ocr_par' dir='ltr' id='par_1_84' title="bbox 2089 4548 3739 4626">
     <span class='ocr_line' id='line_1_84' title="bbox 2089 4548 3739 4626; baseline 0.005 -23"><span class='ocrx_word' id='word_1_627' title='bbox 2089 4553 2303 4604; x_wconf 84' lang='lat' dir='ltr'><strong>xerunt</strong></span> <span class='ocrx_word' id='word_1_628' title='bbox 2333 4552 2390 4605; x_wconf 90' lang='lat' dir='ltr'>et</span> <span class='ocrx_word' id='word_1_629' title='bbox 2412 4548 2559 4605; x_wconf 92' lang='lat' dir='ltr'><strong>lucri</strong></span> <span class='ocrx_word' id='word_1_630' title='bbox 2593 4567 2712 4607; x_wconf 92' lang='lat' dir='ltr'>una</span> <span class='ocrx_word' id='word_1_631' title='bbox 2740 4567 2871 4606; x_wconf 91' lang='lat' dir='ltr'>cum</span> <span class='ocrx_word' id='word_1_632' title='bbox 2904 4567 3038 4625; x_wconf 86' lang='lat' dir='ltr'><strong>rege</strong></span> <span class='ocrx_word' id='word_1_633' title='bbox 3068 4552 3384 4626; x_wconf 88' lang='lat' dir='ltr'><strong>participes</strong></span> <span class='ocrx_word' id='word_1_634' title='bbox 3409 4558 3739 4612; x_wconf 79' lang='lat' dir='ltr'><strong>evaserunt.</strong></span> 
     </span>
    </p>
   </div>
   <div class='ocr_carea' id='block_1_85' title="bbox 2092 4639 3745 4700">
    <p class='ocr_par' dir='ltr' id='par_1_85' title="bbox 2092 4639 3745 4700">
     <span class='ocr_line' id='line_1_85' title="bbox 2092 4639 3745 4700; baseline 0.004 -6"><span class='ocrx_word' id='word_1_635' title='bbox 2092 4639 2204 4694; x_wconf 88' lang='lat' dir='ltr'>Sed</span> <span class='ocrx_word' id='word_1_636' title='bbox 2236 4642 2294 4694; x_wconf 88' lang='lat' dir='ltr'>et</span> <span class='ocrx_word' id='word_1_637' title='bbox 2323 4639 2502 4696; x_wconf 90' lang='lat' dir='ltr'><strong>sortis</strong></span> <span class='ocrx_word' id='word_1_638' title='bbox 2533 4639 2742 4696; x_wconf 74' lang='lat' dir='ltr'><strong>futurae</strong></span> <span class='ocrx_word' id='word_1_639' title='bbox 2773 4640 2994 4697; x_wconf 89' lang='lat' dir='ltr'><strong>indicia</strong></span> <span class='ocrx_word' id='word_1_640' title='bbox 3022 4641 3116 4697; x_wconf 91' lang='lat' dir='ltr'>hic</span> <span class='ocrx_word' id='word_1_641' title='bbox 3143 4642 3360 4699; x_wconf 84' lang='lat' dir='ltr'><strong>videris</strong></span> <span class='ocrx_word' id='word_1_642' title='bbox 3386 4648 3443 4700; x_wconf 89' lang='lat' dir='ltr'>ct</span> <span class='ocrx_word' id='word_1_643' title='bbox 3471 4661 3608 4700; x_wconf 89' lang='lat' dir='ltr'>cum</span> <span class='ocrx_word' id='word_1_644' title='bbox 3639 4661 3745 4700; x_wconf 90' lang='lat' dir='ltr'><strong>no-</strong></span> 
     </span>
    </p>
   </div>
   <div class='ocr_carea' id='block_1_86' title="bbox 2094 4727 3746 4806">
    <p class='ocr_par' dir='ltr' id='par_1_86' title="bbox 2094 4727 3746 4806">
     <span class='ocr_line' id='line_1_86' title="bbox 2094 4727 3746 4806; baseline 0.003 -23"><span class='ocrx_word' id='word_1_645' title='bbox 2094 4727 2252 4784; x_wconf 90' lang='lat' dir='ltr'><strong>mine</strong></span> <span class='ocrx_word' id='word_1_646' title='bbox 2282 4728 2481 4785; x_wconf 92' lang='lat' dir='ltr'><strong>divino</strong></span> <span class='ocrx_word' id='word_1_647' title='bbox 2513 4745 2726 4786; x_wconf 90' lang='lat' dir='ltr'><strong>nomen</strong></span> <span class='ocrx_word' id='word_1_648' title='bbox 2759 4729 3008 4803; x_wconf 89' lang='lat' dir='ltr'><strong>apostoli</strong></span> <span class='ocrx_word' id='word_1_649' title='bbox 3039 4731 3185 4787; x_wconf 91' lang='lat' dir='ltr'><strong>mire</strong></span> <span class='ocrx_word' id='word_1_650' title='bbox 3216 4734 3510 4806; x_wconf 87' lang='lat' dir='ltr'><strong>congruit,</strong></span> <span class='ocrx_word' id='word_1_651' title='bbox 3557 4733 3746 4806; x_wconf 90' lang='lat' dir='ltr'><strong>siqui-</strong></span> 
     </span>
    </p>
   </div>
   <div class='ocr_carea' id='block_1_87' title="bbox 2095 4817 3747 4893">
    <p class='ocr_par' dir='ltr' id='par_1_87' title="bbox 2095 4817 3747 4893">
     <span class='ocr_line' id='line_1_87' title="bbox 2095 4817 3747 4893; baseline 0.002 -21"><span class='ocrx_word' id='word_1_652' title='bbox 2095 4817 2228 4874; x_wconf 89' lang='lat' dir='ltr'>dem</span> <span class='ocrx_word' id='word_1_653' title='bbox 2261 4834 2295 4874; x_wconf 91' lang='lat' dir='ltr'>a</span> <span class='ocrx_word' id='word_1_654' title='bbox 2319 4822 2430 4874; x_wconf 92' lang='lat' dir='ltr'>Deo</span> <span class='ocrx_word' id='word_1_655' title='bbox 2459 4819 2532 4875; x_wconf 89' lang='lat' dir='ltr'>ad</span> <span class='ocrx_word' id='word_1_656' title='bbox 2566 4818 2808 4875; x_wconf 89' lang='lat' dir='ltr'><strong>meliora</strong></span> <span class='ocrx_word' id='word_1_657' title='bbox 2838 4819 3167 4876; x_wconf 89' lang='lat' dir='ltr'><strong>docendum</strong></span> <span class='ocrx_word' id='word_1_658' title='bbox 3199 4821 3420 4877; x_wconf 86' lang='lat' dir='ltr'><strong>missus</strong></span> <span class='ocrx_word' id='word_1_659' title='bbox 3457 4831 3567 4890; x_wconf 87' lang='lat' dir='ltr'><strong>est,</strong></span> <span class='ocrx_word' id='word_1_660' title='bbox 3616 4822 3747 4893; x_wconf 90' lang='lat' dir='ltr'><strong>ipse</strong></span> 
     </span>
    </p>
   </div>
   <div class='ocr_carea' id='block_1_88' title="bbox 2096 4907 3745 4981">
    <p class='ocr_par' dir='ltr' id='par_1_88' title="bbox 2096 4907 3745 4981">
     <span class='ocr_line' id='line_1_88' title="bbox 2096 4907 3745 4981; baseline 0.001 -19"><span class='ocrx_word' id='word_1_661' title='bbox 2096 4911 2292 4962; x_wconf 88' lang='lat' dir='ltr'><strong>autem</strong></span> <span class='ocrx_word' id='word_1_662' title='bbox 2323 4923 2451 4962; x_wconf 89' lang='lat' dir='ltr'>cum</span> <span class='ocrx_word' id='word_1_663' title='bbox 2483 4907 2762 4980; x_wconf 79' lang='lat' dir='ltr'><strong>Spiritus,</strong></span> <span class='ocrx_word' id='word_1_664' title='bbox 2795 4909 2986 4964; x_wconf 90' lang='lat' dir='ltr'><strong>sancti</strong></span> <span class='ocrx_word' id='word_1_665' title='bbox 3041 4908 3233 4981; x_wconf 89' lang='lat' dir='ltr'><strong>gratia</strong></span> <span class='ocrx_word' id='word_1_666' title='bbox 3271 4909 3434 4966; x_wconf 91' lang='lat' dir='ltr'><strong>misit</strong></span> <span class='ocrx_word' id='word_1_667' title='bbox 3475 4910 3745 4980; x_wconf 85' lang='lat' dir='ltr'><strong>ejusdem</strong></span> 
     </span>
    </p>
   </div>
   <div class='ocr_carea' id='block_1_89' title="bbox 331 4994 1969 5085">
    <p class='ocr_par' dir='ltr' id='par_1_89' title="bbox 331 4998 1969 5085">
     <span class='ocr_line' id='line_1_89' title="bbox 331 4998 1969 5085; baseline -0.007 -20"><span class='ocrx_word' id='word_1_668' title='bbox 331 5007 585 5085; x_wconf 76' lang='grc' dir='ltr'>μακάριοι</span> <span class='ocrx_word' id='word_1_669' title='bbox 621 5005 677 5062; x_wconf 71' lang='grc' dir='ltr'>δὲ</span> <span class='ocrx_word' id='word_1_670' title='bbox 720 5005 810 5061; x_wconf 84' lang='grc' dir='ltr'>καὶ</span> <span class='ocrx_word' id='word_1_671' title='bbox 858 5010 958 5074; x_wconf 81' lang='grc' dir='ltr'>τῆς</span> <span class='ocrx_word' id='word_1_672' title='bbox 993 4999 1200 5076; x_wconf 75' lang='grc' dir='ltr'>ὲξόδου,</span> <span class='ocrx_word' id='word_1_673' title='bbox 1233 4999 1318 5056; x_wconf 75' lang='grc' dir='ltr'>ὅτι</span> <span class='ocrx_word' id='word_1_674' title='bbox 1366 5002 1547 5076; x_wconf 71' lang='grc' dir='ltr'>ψυχᾶς</span> <span class='ocrx_word' id='word_1_675' title='bbox 1585 4998 1840 5074; x_wconf 84' lang='grc' dir='ltr'>ὀνάμενοι</span> <span class='ocrx_word' id='word_1_676' title='bbox 1884 5005 1969 5068; x_wconf 73' lang='grc' dir='ltr'>τῆς</span> 
     </span>
    </p>
   </div>
   <div class='ocr_carea' id='block_1_90' title="bbox 2087 4994 3747 5085">
    <p class='ocr_par' dir='ltr' id='par_1_90' title="bbox 2096 4994 3747 5070">
     <span class='ocr_line' id='line_1_90' title="bbox 2096 4994 3747 5070; baseline 0.002 -20"><span class='ocrx_word' id='word_1_677' title='bbox 2096 4994 2376 5051; x_wconf 66' lang='lat' dir='ltr'><strong>doctrinm</strong></span> <span class='ocrx_word' id='word_1_678' title='bbox 2407 5003 2844 5068; x_wconf 85' lang='lat' dir='ltr'><strong>propagatores.</strong></span> <span class='ocrx_word' id='word_1_679' title='bbox 2893 4997 3000 5053; x_wconf 88' lang='lat' dir='ltr'><strong>Sed</strong></span> <span class='ocrx_word' id='word_1_680' title='bbox 3058 5001 3115 5052; x_wconf 90' lang='lat' dir='ltr'>et</span> <span class='ocrx_word' id='word_1_681' title='bbox 3173 4996 3345 5053; x_wconf 90' lang='lat' dir='ltr'><strong>aliter</strong></span> <span class='ocrx_word' id='word_1_682' title='bbox 3376 4997 3747 5070; x_wconf 86' lang='lat' dir='ltr'><strong>apostolatus</strong></span> 
     </span>
    </p>
   </div>
   <div class='ocr_carea' id='block_1_91' title="bbox 328 5088 1984 5174">
    <p class='ocr_par' dir='ltr' id='par_1_91' title="bbox 328 5088 1984 5174">
     <span class='ocr_line' id='line_1_91' title="bbox 328 5088 1984 5174; baseline -0.008 -20"><span class='ocrx_word' id='word_1_683' title='bbox 328 5097 594 5174; x_wconf 68' lang='grc' dir='ltr'>ἐμπορίας</span> <span class='ocrx_word' id='word_1_684' title='bbox 662 5093 1039 5162; x_wconf 73' lang='grc' dir='ltr'>κατὲπαυσαν,</span> <span class='ocrx_word' id='word_1_685' title='bbox 1124 5090 1674 5168; x_wconf 80' lang='grc' dir='ltr'>συνεπιμερισάμενοι</span> <span class='ocrx_word' id='word_1_686' title='bbox 1751 5088 1819 5144; x_wconf 76' lang='grc' dir='ltr'>τὰ</span> <span class='ocrx_word' id='word_1_687' title='bbox 1887 5091 1984 5144; x_wconf 84' lang='grc' dir='ltr'>τοῦ</span> 
     </span>
    </p>
   </div>
   <div class='ocr_carea' id='block_1_92' title="bbox 2096 5085 3747 5159">
    <p class='ocr_par' dir='ltr' id='par_1_92' title="bbox 2096 5085 3747 5159">
     <span class='ocr_line' id='line_1_92' title="bbox 2096 5085 3747 5159; baseline 0.002 -20"><span class='ocrx_word' id='word_1_688' title='bbox 2096 5101 2338 5140; x_wconf 87' lang='lat' dir='ltr'><strong>munere</strong></span> <span class='ocrx_word' id='word_1_689' title='bbox 2369 5085 2606 5140; x_wconf 84' lang='lat' dir='ltr'><strong>functus</strong></span> <span class='ocrx_word' id='word_1_690' title='bbox 2635 5089 2748 5156; x_wconf 87' lang='lat' dir='ltr'><strong>est,</strong></span> <span class='ocrx_word' id='word_1_691' title='bbox 2779 5102 2896 5141; x_wconf 90' lang='lat' dir='ltr'>non</span> <span class='ocrx_word' id='word_1_692' title='bbox 2929 5100 3032 5156; x_wconf 89' lang='lat' dir='ltr'>per</span> <span class='ocrx_word' id='word_1_693' title='bbox 3063 5085 3209 5142; x_wconf 89' lang='lat' dir='ltr'><strong>alios</strong></span> <span class='ocrx_word' id='word_1_694' title='bbox 3237 5086 3516 5158; x_wconf 83' lang='lat' dir='ltr'><strong>dogmata</strong></span> <span class='ocrx_word' id='word_1_695' title='bbox 3533 5102 3747 5159; x_wconf 86' lang='lat' dir='ltr'><strong>propa-</strong></span> 
     </span>
    </p>
   </div>
   <div class='ocr_carea' id='block_1_93' title="bbox 326 5171 1969 5263">
    <p class='ocr_par' dir='ltr' id='par_1_93' title="bbox 326 5171 1969 5263">
     <span class='ocr_line' id='line_1_93' title="bbox 326 5171 1969 5263; baseline -0.007 -21"><span class='ocrx_word' id='word_1_696' title='bbox 326 5171 552 5263; x_wconf 64' lang='grc' dir='ltr'>κέρδους</span> <span class='ocrx_word' id='word_1_697' title='bbox 597 5189 676 5257; x_wconf 80' lang='grc' dir='ltr'>τῷ</span> <span class='ocrx_word' id='word_1_698' title='bbox 719 5183 1100 5257; x_wconf 84' lang='grc' dir='ltr'>αὐτοκράτορι.</span> <span class='ocrx_word' id='word_1_699' title='bbox 1151 5182 1249 5235; x_wconf 86' lang='grc' dir='ltr'>Ἦν</span> <span class='ocrx_word' id='word_1_700' title='bbox 1287 5177 1376 5234; x_wconf 79' lang='grc' dir='ltr'>οὗν</span> <span class='ocrx_word' id='word_1_701' title='bbox 1432 5177 1569 5233; x_wconf 78' lang='grc' dir='ltr'>κατά</span> <span class='ocrx_word' id='word_1_702' title='bbox 1615 5199 1669 5233; x_wconf 90' lang='grc' dir='ltr'>τι</span> <span class='ocrx_word' id='word_1_703' title='bbox 1720 5179 1864 5232; x_wconf 79' lang='grc' dir='ltr'>θεῖον</span> <span class='ocrx_word' id='word_1_704' title='bbox 1899 5175 1969 5232; x_wconf 76' lang='grc' dir='ltr'>διε</span> 
     </span>
    </p>
   </div>
   <div class='ocr_carea' id='block_1_94' title="bbox 2087 5171 3750 5263">
    <p class='ocr_par' dir='ltr' id='par_1_94' title="bbox 2096 5171 3750 5248">
     <span class='ocr_line' id='line_1_94' title="bbox 2096 5171 3750 5248; baseline 0.001 -20"><span class='ocrx_word' id='word_1_705' title='bbox 2096 5173 2312 5246; x_wconf 86' lang='lat' dir='ltr'><strong>gando,</strong></span> <span class='ocrx_word' id='word_1_706' title='bbox 2335 5171 2455 5229; x_wconf 89' lang='lat' dir='ltr'>imo</span> <span class='ocrx_word' id='word_1_707' title='bbox 2487 5189 2655 5230; x_wconf 88' lang='lat' dir='ltr'><strong>suam</strong></span> <span class='ocrx_word' id='word_1_708' title='bbox 2688 5174 2878 5246; x_wconf 90' lang='lat' dir='ltr'><strong>ipsius</strong></span> <span class='ocrx_word' id='word_1_709' title='bbox 2906 5190 3109 5230; x_wconf 86' lang='lat' dir='ltr'><strong>vocem</strong></span> <span class='ocrx_word' id='word_1_710' title='bbox 3141 5173 3311 5231; x_wconf 89' lang='lat' dir='ltr'><strong>libris</strong></span> <span class='ocrx_word' id='word_1_711' title='bbox 3341 5176 3750 5248; x_wconf 76' lang='lat' dir='ltr'><strong>consignatum</strong></span> 
     </span>
    </p>
   </div>
   <div class='ocr_carea' id='block_1_95' title="bbox 328 5266 1987 5344">
    <p class='ocr_par' dir='ltr' id='par_1_95' title="bbox 328 5266 1987 5344">
     <span class='ocr_line' id='line_1_95' title="bbox 328 5266 1987 5344; baseline -0.008 -9"><span class='ocrx_word' id='word_1_712' title='bbox 328 5280 497 5335; x_wconf 82' lang='grc' dir='ltr'>ταῦτα</span> <span class='ocrx_word' id='word_1_713' title='bbox 528 5276 619 5331; x_wconf 88' lang='grc' dir='ltr'>καὶ</span> <span class='ocrx_word' id='word_1_714' title='bbox 673 5274 736 5330; x_wconf 90' lang='grc' dir='ltr'>τὸ</span> <span class='ocrx_word' id='word_1_715' title='bbox 783 5279 883 5343; x_wconf 83' lang='grc' dir='ltr'>τῆς</span> <span class='ocrx_word' id='word_1_716' title='bbox 933 5270 1213 5344; x_wconf 76' lang='grc' dir='ltr'>ὲσύστερον</span> <span class='ocrx_word' id='word_1_717' title='bbox 1267 5266 1541 5340; x_wconf 84' lang='grc' dir='ltr'>κλήσεως”</span> <span class='ocrx_word' id='word_1_718' title='bbox 1574 5266 1666 5322; x_wconf 86' lang='grc' dir='ltr'>καὶ</span> <span class='ocrx_word' id='word_1_719' title='bbox 1714 5271 1794 5340; x_wconf 78' lang='grc' dir='ltr'>τῷ</span> <span class='ocrx_word' id='word_1_720' title='bbox 1852 5267 1987 5322; x_wconf 82' lang='grc' dir='ltr'>θεω-</span> 
     </span>
    </p>
   </div>
   <div class='ocr_carea' id='block_1_96' title="bbox 327 5355 1985 5442">
    <p class='ocr_par' dir='ltr' id='par_1_96' title="bbox 327 5355 1985 5442">
     <span class='ocr_line' id='line_1_96' title="bbox 327 5355 1985 5442; baseline -0.01 -17"><span class='ocrx_word' id='word_1_721' title='bbox 327 5365 658 5442; x_wconf 75' lang='grc' dir='ltr'>νυμουμὲνῳ</span> <span class='ocrx_word' id='word_1_722' title='bbox 731 5363 871 5418; x_wconf 85' lang='grc' dir='ltr'>πάνυ</span> <span class='ocrx_word' id='word_1_723' title='bbox 937 5362 1231 5436; x_wconf 72' lang='grc' dir='ltr'>προσφυῶς</span> <span class='ocrx_word' id='word_1_724' title='bbox 1295 5357 1385 5413; x_wconf 85' lang='grc' dir='ltr'>καὶ</span> <span class='ocrx_word' id='word_1_725' title='bbox 1437 5357 1500 5412; x_wconf 86' lang='grc' dir='ltr'>τὸ</span> <span class='ocrx_word' id='word_1_726' title='bbox 1551 5359 1654 5412; x_wconf 86' lang='grc' dir='ltr'>τοῦ</span> <span class='ocrx_word' id='word_1_727' title='bbox 1715 5355 1985 5429; x_wconf 81' lang='grc' dir='ltr'>ὀνόματος</span> 
     </span>
    </p>
   </div>
   <div class='ocr_carea' id='block_1_97' title="bbox 2099 5262 3750 5336">
    <p class='ocr_par' dir='ltr' id='par_1_97' title="bbox 2099 5262 3750 5336">
     <span class='ocr_line' id='line_1_97' title="bbox 2099 5262 3750 5336; baseline 0.001 -18"><span class='ocrx_word' id='word_1_728' title='bbox 2099 5263 2252 5318; x_wconf 80' lang='lat' dir='ltr'><strong>fores</strong></span> <span class='ocrx_word' id='word_1_729' title='bbox 2279 5263 2722 5335; x_wconf 88' lang='lat' dir='ltr'><strong>mittens,prout</strong></span> <span class='ocrx_word' id='word_1_730' title='bbox 2741 5262 3166 5336; x_wconf 88' lang='lat' dir='ltr'><strong>apostolicalex</strong></span> <span class='ocrx_word' id='word_1_731' title='bbox 3191 5263 3437 5320; x_wconf 89' lang='lat' dir='ltr'><strong>Paulum</strong></span> <span class='ocrx_word' id='word_1_732' title='bbox 3458 5263 3750 5320; x_wconf 87' lang='lat' dir='ltr'><strong>illustrem</strong></span> 
     </span>
    </p>
   </div>
   <div class='ocr_carea' id='block_1_98' title="bbox 2097 5352 2372 5408">
    <p class='ocr_par' dir='ltr' id='par_1_98' title="bbox 2097 5352 2372 5408">
     <span class='ocr_line' id='line_1_98' title="bbox 2097 5352 2372 5408; baseline -0.007 0"><span class='ocrx_word' id='word_1_733' title='bbox 2097 5352 2372 5408; x_wconf 79' lang='lat' dir='ltr'><strong>reddidit.</strong></span> 
     </span>
    </p>
   </div>
   <div class='ocr_carea' id='block_1_99' title="bbox 328 5437 3753 5526">
    <p class='ocr_par' dir='ltr' id='par_1_99' title="bbox 328 5437 3753 5526">
     <span class='ocr_line' id='line_1_99' title="bbox 328 5437 3753 5526; baseline -0.006 -10"><span class='ocrx_word' id='word_1_734' title='bbox 328 5437 697 5515; x_wconf 30' lang='lat' dir='ltr'><strong>dnioctolmov</strong></span> <span class='ocrx_word' id='word_1_735' title='bbox 747 5451 1187 5526; x_wconf 87' lang='grc' dir='ltr'>προσήρμοσται,</span> <span class='ocrx_word' id='word_1_736' title='bbox 1221 5445 1467 5503; x_wconf 76' lang='grc' dir='ltr'>σταλέντι</span> <span class='ocrx_word' id='word_1_737' title='bbox 1539 5445 1632 5519; x_wconf 75' lang='grc' dir='ltr'>μὲν</span> <span class='ocrx_word' id='word_1_738' title='bbox 1693 5441 1839 5518; x_wconf 86' lang='grc' dir='ltr'>αύτῷ</span> <span class='ocrx_word' id='word_1_739' title='bbox 1895 5443 2074 5508; x_wconf 76' lang='grc' dir='ltr'>θεόθεν</span> <span class='ocrx_word' id='word_1_740' title='bbox 2137 5437 2409 5495; x_wconf 85' lang='grc' dir='ltr'>διδάσκειν</span> <span class='ocrx_word' id='word_1_741' title='bbox 2455 5439 2523 5526; x_wconf 70' lang='grc' dir='ltr'>τὰ</span> <span class='ocrx_word' id='word_1_742' title='bbox 2569 5437 2868 5514; x_wconf 82' lang='grc' dir='ltr'>κρείττονα,</span> <span class='ocrx_word' id='word_1_743' title='bbox 2903 5437 3190 5495; x_wconf 67' lang='grc' dir='ltr'>στίλΑοντι</span> <span class='ocrx_word' id='word_1_744' title='bbox 3223 5437 3281 5494; x_wconf 76' lang='grc' dir='ltr'>δὲ</span> <span class='ocrx_word' id='word_1_745' title='bbox 3304 5441 3456 5504; x_wconf 82' lang='grc' dir='ltr'>αὖθις</span> <span class='ocrx_word' id='word_1_746' title='bbox 3491 5441 3627 5515; x_wconf 85' lang='grc' dir='ltr'>μετὰ</span> <span class='ocrx_word' id='word_1_747' title='bbox 3652 5446 3753 5509; x_wconf 86' lang='grc' dir='ltr'>τῆς</span> 
     </span>
    </p>
   </div>
   <div class='ocr_carea' id='block_1_100' title="bbox 323 5525 3754 5618">
    <p class='ocr_par' dir='ltr' id='par_1_100' title="bbox 323 5525 3754 5618">
     <span class='ocr_line' id='line_1_100' title="bbox 323 5525 3754 5618; baseline -0.005 -14"><span class='ocrx_word' id='word_1_748' title='bbox 323 5553 422 5605; x_wconf 89' lang='grc' dir='ltr'>τοῦ</span> <span class='ocrx_word' id='word_1_749' title='bbox 455 5544 764 5618; x_wconf 85' lang='grc' dir='ltr'>Πνεύματος</span> <span class='ocrx_word' id='word_1_750' title='bbox 793 5525 1023 5616; x_wconf 83' lang='grc' dir='ltr'>χάριτος</span> <span class='ocrx_word' id='word_1_751' title='bbox 1052 5535 1179 5600; x_wconf 78' lang='grc' dir='ltr'>τοὺς</span> <span class='ocrx_word' id='word_1_752' title='bbox 1210 5535 1261 5591; x_wconf 78' lang='grc' dir='ltr'>ὲν</span> <span class='ocrx_word' id='word_1_753' title='bbox 1295 5533 1587 5610; x_wconf 84' lang='grc' dir='ltr'>ὁμοιότητι</span> <span class='ocrx_word' id='word_1_754' title='bbox 1621 5531 1973 5596; x_wconf 84' lang='grc' dir='ltr'>διδασκαλίας</span> <span class='ocrx_word' id='word_1_755' title='bbox 2001 5529 2433 5618; x_wconf 29' lang='grc' dir='ltr'>λάμψονταςκᾬ</span> <span class='ocrx_word' id='word_1_756' title='bbox 2465 5525 2523 5582; x_wconf 71' lang='grc' dir='ltr'>δὲ</span> <span class='ocrx_word' id='word_1_757' title='bbox 2552 5527 2643 5583; x_wconf 81' lang='grc' dir='ltr'>καὶ</span> <span class='ocrx_word' id='word_1_758' title='bbox 2666 5527 2852 5618; x_wconf 82' lang='grc' dir='ltr'>ἄλλως</span> <span class='ocrx_word' id='word_1_759' title='bbox 2871 5527 3192 5618; x_wconf 13' lang='grc' dir='ltr'>,ἐνήργει-τὸ</span> <span class='ocrx_word' id='word_1_760' title='bbox 3215 5535 3314 5600; x_wconf 85' lang='grc' dir='ltr'>τῆς</span> <span class='ocrx_word' id='word_1_761' title='bbox 3358 5526 3754 5602; x_wconf 82' lang='grc' dir='ltr'>διδασκαλικῆς</span> 
     </span>
    </p>
   </div>
   <div class='ocr_carea' id='block_1_101' title="bbox 325 5613 3756 5703">
    <p class='ocr_par' dir='ltr' id='par_1_101' title="bbox 325 5613 3756 5703">
     <span class='ocr_line' id='line_1_101' title="bbox 325 5613 3756 5703; baseline -0.008 -8"><span class='ocrx_word' id='word_1_762' title='bbox 325 5613 664 5703; x_wconf 63' lang='grc' dir='ltr'>ἀποστολής,</span> <span class='ocrx_word' id='word_1_763' title='bbox 699 5631 761 5688; x_wconf 77' lang='grc' dir='ltr'>οὐ</span> <span class='ocrx_word' id='word_1_764' title='bbox 799 5613 1078 5703; x_wconf 26' lang='grc' dir='ltr'>*στόμασιν</span> <span class='ocrx_word' id='word_1_765' title='bbox 1138 5625 1334 5702; x_wconf 70' lang='grc' dir='ltr'>ἑτέρων</span> <span class='ocrx_word' id='word_1_766' title='bbox 1394 5624 1696 5701; x_wconf 67' lang='grc' dir='ltr'>ἐπιτρεπων</span> <span class='ocrx_word' id='word_1_767' title='bbox 1757 5619 2118 5679; x_wconf 86' lang='grc' dir='ltr'>διακονεῖσθαι</span> <span class='ocrx_word' id='word_1_768' title='bbox 2164 5624 2281 5682; x_wconf 89' lang='grc' dir='ltr'>τοῖς</span> <span class='ocrx_word' id='word_1_769' title='bbox 2345 5613 2692 5693; x_wconf 86' lang='grc' dir='ltr'>διδάγμασιν,</span> <span class='ocrx_word' id='word_1_770' title='bbox 2727 5617 3052 5691; x_wconf 77' lang='grc' dir='ltr'>ἐπιπέμπων</span> <span class='ocrx_word' id='word_1_771' title='bbox 3106 5616 3165 5673; x_wconf 72' lang='grc' dir='ltr'>δὲ</span> <span class='ocrx_word' id='word_1_772' title='bbox 3211 5619 3310 5688; x_wconf 79' lang='grc' dir='ltr'>τὴν</span> <span class='ocrx_word' id='word_1_773' title='bbox 3343 5619 3543 5676; x_wconf 73' lang='grc' dir='ltr'>οἱκείαν</span> <span class='ocrx_word' id='word_1_774' title='bbox 3596 5619 3756 5676; x_wconf 77' lang='grc' dir='ltr'>αὐτὸς</span> 
     </span>
    </p>
   </div>
   <div class='ocr_carea' id='block_1_102' title="bbox 327 5705 3758 5808">
    <p class='ocr_par' dir='ltr' id='par_1_102' title="bbox 327 5705 3758 5808">
     <span class='ocr_line' id='line_1_102' title="bbox 327 5705 3758 5808; baseline -0.006 -24"><span class='ocrx_word' id='word_1_775' title='bbox 327 5729 516 5808; x_wconf 78' lang='grc' dir='ltr'>φωνὴν</span> <span class='ocrx_word' id='word_1_776' title='bbox 548 5718 1024 5796; x_wconf 73' lang='grc' dir='ltr'>ἰνσεσημασμὲνην</span> <span class='ocrx_word' id='word_1_777' title='bbox 1053 5711 1294 5793; x_wconf 79' lang='grc' dir='ltr'>βίϐλοις,</span> <span class='ocrx_word' id='word_1_778' title='bbox 1325 5715 1386 5778; x_wconf 74' lang='grc' dir='ltr'>ὃς</span> <span class='ocrx_word' id='word_1_779' title='bbox 1417 5713 1509 5770; x_wconf 86' lang='grc' dir='ltr'>καὶ</span> <span class='ocrx_word' id='word_1_780' title='bbox 1539 5712 1700 5777; x_wconf 79' lang='grc' dir='ltr'>αὐτὸς</span> <span class='ocrx_word' id='word_1_781' title='bbox 1728 5713 1902 5787; x_wconf 87' lang='grc' dir='ltr'>νόμος</span> <span class='ocrx_word' id='word_1_782' title='bbox 1933 5707 2322 5778; x_wconf 84' lang='grc' dir='ltr'>ἀποστολικὸς,</span> <span class='ocrx_word' id='word_1_783' title='bbox 2355 5708 2384 5764; x_wconf 83' lang='grc' dir='ltr'>ὁ</span> <span class='ocrx_word' id='word_1_784' title='bbox 2413 5709 2502 5763; x_wconf 82' lang='grc' dir='ltr'>καὶ</span> <span class='ocrx_word' id='word_1_785' title='bbox 2556 5705 2771 5763; x_wconf 89' lang='grc' dir='ltr'>Παῦλον</span> <span class='ocrx_word' id='word_1_786' title='bbox 2821 5706 3107 5783; x_wconf 82' lang='grc' dir='ltr'>σεμνύνας,</span> <span class='ocrx_word' id='word_1_787' title='bbox 3136 5709 3232 5765; x_wconf 87' lang='grc' dir='ltr'>τὸν</span> <span class='ocrx_word' id='word_1_788' title='bbox 3276 5715 3377 5781; x_wconf 84' lang='grc' dir='ltr'>τῆς</span> <span class='ocrx_word' id='word_1_789' title='bbox 3427 5708 3758 5782; x_wconf 83' lang='grc' dir='ltr'>Ἐκκλησίας</span> 
     </span>
    </p>
   </div>
   <div class='ocr_carea' id='block_1_103' title="bbox 327 5820 560 5902">
    <p class='ocr_par' dir='ltr' id='par_1_103' title="bbox 327 5820 560 5902">
     <span class='ocr_line' id='line_1_103' title="bbox 327 5820 560 5902; baseline -0.013 -27"><span class='ocrx_word' id='word_1_790' title='bbox 327 5820 560 5902; x_wconf 82' lang='grc' dir='ltr'>ῥήτορα,</span> 
     </span>
    </p>
   </div>
  </div>
