4066 6368
462 428 583 488 999

1234 415 1658 481 EUSTATHII
1695 415 2474 482 THESSALONIGENSIS
2521 421 3105 484 METROPOLlT/E

3697 431 3825 506 ιοοο

531 559 619 612 36.
645 561 724 610 Ex
756 570 929 626 parvo
961 551 1172 608 abhinc
1230 555 1490 622 tempore
1547 548 1725 620 lupus
1765 547 2094 615 Orientalis,

2294 545 2397 613 λς’.
2430 553 2631 627 Καιρὸς
2677 551 2767 608 οῦν
2827 553 2888 608 ού
2946 555 3173 630 μακρὸς,
3207 555 3292 610 καὶ
3354 553 3518 618 λύκος
3571 557 3713 631 έῷος,
3742 581 3821 615 κα-

465 649 686 703 malum
718 643 1077 717 Assyricum,
1105 640 1454 713 Babylonica
1498 638 1845 710 garrulitate
1903 643 2110 694 contra

465 737 612 793 ovile
646 735 908 790 divinum
941 731 1139 803 rugiit,
1163 747 1357 784 vocem
1390 728 1690 783 sinistram
1724 727 1926 794 edens,
1969 732 2025 780 et
2049 731 2112 781 ut

459 827 585 883 sine
615 831 782 895 tropo
815 824 1028 886 dicam,
1079 818 1419 890 peregrinus
1459 817 1727 888 quidam,
1787 816 2020 886 sapiens
2059 816 2108 870 si

462 933 564 988 per
593 930 654 969 se
688 916 1003 983 spectetur,
1038 910 1109 963 de
1143 908 1361 963 nostris
1395 907 1569 960 rebus
1601 910 1664 959 ut
1693 904 1892 960 ebrius
1927 904 2108 960 blate-

461 1019 852 1068 rans,canum
881 1015 1039 1054 more
1081 996 1450 1053 divinissima
1499 1010 1745 1065 qumque
1793 993 2106 1061 allatravit,

462 1102 526 1147 ut
556 1107 740 1162 equus
789 1088 1138 1152 recalcitrat,
1201 1085 1474 1139 frendens
1518 1087 1720 1138 contra
1771 1082 2104 1151 dominum,

460 1197 631 1251 quem
667 1195 778 1234 non
814 1181 1273 1240 noverat,suum.
1302 1172 1505 1226 Inania
1528 1172 1845 1227 meditatus
1875 1171 2108 1226 insulsa

467 1273 811 1335 argumenta
834 1264 1209 1329 coacervavit,
1242 1269 1298 1317 et
1337 1263 1475 1316 dum
1509 1261 1656 1314 retia
1714 1266 1904 1315 texere
1947 1261 2106 1314 vide-

457 1360 648 1425 batur,
682 1357 879 1412 omnia
911 1354 1194 1419 confudit,
1229 1357 1282 1406 et
1314 1351 1483 1422 quasi
1518 1367 1620 1421 per
1651 1351 1874 1421 repudii
1934 1349 2102 1404 libel-

456 1447 579 1502 lum
613 1445 946 1509 scientiam,
969 1460 1095 1514 quis
1115 1441 1414 1497 hominem
1449 1457 1580 1494 cum
1616 1439 1732 1494 Deo
1767 1447 1921 1494 arcte
1962 1441 2102 1507 jun-

454 1537 559 1608 git,
593 1534 834 1590 alteram
870 1538 1064 1586 autem
1099 1530 1592 1584 subintroducens
1625 1527 1957 1598 pestiferam
1990 1530 2103 1582 im-

454 1624 705 1697 peratori
741 1639 915 1677 manu
954 1620 1085 1674 forti
1131 1624 1306 1689 atque
1349 1616 1684 1687 eloquentia
1743 1616 2102 1687 praepollenti

454 1715 820 1769 demonstrat
839 1711 994 1781 quod
1013 1713 1215 1763 contra
1236 1724 1457 1762 sacram
1483 1711 1740 1760 nostram
1765 1705 2102 1777 religionem

455 1802 746 1857 disserere
779 1804 1010 1871 posset;
1043 1805 1101 1852 et
1129 1813 1258 1864 sua,
1285 1802 1347 1850 ut
1379 1797 1615 1849 domum
1675 1811 1853 1865 super
1902 1811 2101 1859 arena,

452 1890 721 1956 fundare,
760 1895 1017 1943 nostram
1052 1891 1270 1950 autem,
1303 1884 1569 1948 insanus,
1603 1900 1804 1938 eruere
1833 1883 2097 1952 tentavit,

453 1985 657 2034 contra
686 1995 810 2048 quae
838 1982 1009 2047 portae
1038 1975 1204 2029 inferi
1231 1991 1342 2028 non
1359 1973 1768 2044 praevalebunt.
1811 1976 1929 2026 Rex
1993 1989 2096 2026 au-

455 2072 570 2122 tem
606 2065 895 2136 extemplo
927 2063 1344 2135 superveniens
1399 2062 1642 2129 (talibus
1681 2059 1836 2114 enim
1897 2061 2096 2114 indor-

455 2157 601 2212 mire
633 2173 747 2210 non
782 2154 1026 2225 poterat)
1058 2151 1344 2206 intellexit
1373 2157 1429 2204 et
1458 2151 1845 2204 Barbarorum
1897 2166 2092 2219 proca-

452 2247 686 2300 citatem
725 2245 1124 2299 refrenaturus
1174 2243 1230 2295 in
1291 2239 1716 2294 controversias
1773 2239 2099 2292 immiscuit

451 2335 568 2388 dux
594 2335 783 2389 bonus
813 2341 869 2386 et
893 2348 1056 2385 saccr
1085 2330 1370 2384 militibus
1405 2328 1501 2399 qui
1536 2333 1593 2382 et
1623 2328 1733 2398 ipsi
1769 2327 1824 2380 in
1877 2327 2095 2381 talibus

452 2423 597 2477 satis
628 2421 841 2477 versati
867 2419 1330 2476 erant.Feliciter
1347 2417 1584 2487 quidem
1619 2416 1732 2470 tela
1765 2416 1821 2470 in
1847 2416 2092 2470 bestiam

451 2513 846 2580 conjecerunt,
885 2511 1034 2563 inter
1065 2525 1211 2579 quos
1242 2512 1298 2560 et
1329 2508 1476 2560 bene
1508 2505 1883 2576 pharetratus
1908 2505 2090 2576 impe-

459 2605 636 2665 rator,
674 2598 892 2652 multas
924 2597 1108 2651 elatas
1140 2595 1446 2667 possidens
1477 2594 1761 2663 sagittas;
1795 2595 1934 2647 dum
1989 2610 2092 2647 au-

448 2694 566 2743 tem
599 2687 786 2742 bestia
813 2688 868 2740 in
903 2686 1076 2741 corde
1107 2701 1220 2738 non
1251 2682 1791 2748 vulnerabatur,ille
1833 2682 2092 2736 medium

450 2795 549 2833 cor
581 2774 934 2837 transfodit;
974 2779 1121 2828 Deus
1153 2778 1346 2827 autem
1373 2772 1550 2841 hujus
1599 2769 1921 2824 venalionis
1952 2787 2091 2840 prae-

447 2883 540 2922 ses
573 2881 732 2920 more
765 2863 1091 2919 Psalmistae
1121 2878 1248 2916 eam
1282 2861 1585 2916 celebrans
1619 2861 1846 2914 laetatus
1879 2866 2003 2926 est;
2039 2864 2096 2914 et

446 2972 603 3010 nunc
635 2953 935 3026 egregium
970 2952 1115 3006 illud
1149 2951 1331 3006 telum
1377 2951 1435 3004 in
1496 2949 1758 3004 honestis
1819 2950 2094 3004 manibus

445 3044 630 3115 inque
662 3042 849 3097 oculis
881 3041 1131 3096 cUriosis
1164 3045 1432 3095 versatur
1458 3043 1514 3094 et
1546 3039 1643 3109 qui
1678 3039 1927 3109 conjecit
1959 3039 2094 3093 bea-

449 3139 548 3187 tus
572 3130 898 3186 dicitur.En
929 3128 1332 3184 testimonium
1365 3128 1520 3199 quod
1554 3128 1623 3182 ad
1660 3126 2092 3198 philosophiam

451 3222 580 3292 ejus
604 3219 934 3274 universam
968 3222 1214 3287 spectat.

2221 638 2314 693 κὸν
2348 639 2653 716 Ἀσσύριον,
2684 640 3046 717 γλωσσαλγίᾳ
3103 637 3431 715 Βαϐυλωνίᾳ
3477 645 3668 721 ὠρύετο
3717 649 3822 702 κατὰ

2219 731 2314 780 τοῦ
2365 729 2509 791 θείου
2557 730 2839 804 ποιμνίου,
2871 731 2960 785 καὶ
3011 733 3197 808 φωνην
3246 732 3536 810 ἀπόφημον
3582 736 3819 811 ἠρεύξατο,

2218 817 2306 870 καὶ
2357 818 2564 891 τρόπου
2615 817 2745 895 δίχα
2789 819 3312 896 εἷ’πεῖ·ι,ἀλλότριός
3363 843 3446 883 τις
3501 823 3649 898 ἀνὴρ,
3691 828 3820 900 σοφὸς

2223 907 2314 977 μὲν
2364 907 2431 961 τὰ
2481 908 2790 977 ἐαυτοῦ,τὰ
2847 907 2904 963 δὲ
2955 909 3199 984 ἡμέτερα
3247 911 3322 972 ὡς
3372 909 3422 964 ἐν
3478 912 3642 984 μέθης
3694 913 3817 989 λόγῳ

2217 993 2573 1070 παραλαλῶν,
2635 995 2868 1066 κυνηδὸν
2928 998 3063 1053 κατᾶ
3111 1003 3220 1053 τῶν
3290 1000 3576 1063 θειοτάτων
3631 999 3821 1073 ὑλάκτη-

2219 1104 2327 1152 σεν,
2389 1081 2496 1140 sifts
2549 1087 2638 1140 καὶ
2692 1087 2769 1149 ὡς
2815 1085 2986 1148 ’ίππος
3045 1087 3373 1158 ἐξελάκτισε,
3433 1091 3820 1166 φριμασσόμενος

2216 1174 2350 1229 κατὰ
2393 1179 2491 1229 τοῦ
2537 1175 2729 1251 κυρίου
2778 1175 2963 1247 αὐτοῦ,
3013 1177 3071 1231 ὃν
3133 1175 3262 1232 οὐδὲ
3318 1176 3546 1253 ἐπέγνω.
3604 1180 3696 1233 Καὶ
3748 1201 3818 1250 με·

2217 1262 2449 1332 λετήσας
2513 1265 2660 1336 κενὰ,
2720 1266 3076 1342 ξυνεφόρησεν
3155 1265 3493 1328 ἀλλοκότους
3568 1266 3820 1342 παραλογιο

2216 1351 2427 1423 σμούς·
2482 1354 2570 1407 καὶ
2643 1350 2818 1407 δοκῶν
2899 1355 3074 1430 πάγας
3157 1353 3417 1423 πλέκειν,
3479 1356 3685 1430 συνέχεε
3751 1355 3818 1409 καὶ

2219 1435 2434 1515 βιϐλίον
2494 1444 2608 1495 οἷον
2667 1442 2991 1516 συνθέμενος
3047 1443 3400 1514 ἀποστασίου,
3457 1443 3703 1517 ἐξέπεμπε
3745 1445 3817 1516 μὲν

2211 1529 2310 1596 τὴν
2368 1532 2748 1605 πζευγθεῖσαν
2807 1531 3080 1606 ἀνθρώπῳ
3147 1531 3310 1586 παντὶ
3389 1534 3566 1597 θεόθεν
3634 1537 3814 1606 γνῶσιν,

2213 1617 2394 1690 έτέραν
2458 1615 2535 1685 δὲ,
2596 1621 2658 1688 ἦν
2718 1618 2816 1680 ούκ
2882 1619 3077 1695 ἐχρῆν⁹
3135 1621 3602 1694 εἰσποιησάμενος,
3647 1617 3814 1689 ἐδήλου

2210 1709 2310 1775 την
2343 1705 2526 1762 ἄνοιαν
2553 1713 2633 1780 τῷ
2663 1709 2753 1763 καὶ
2785 1709 2942 1784 χερσὶ
2995 1706 3208 1782 δυνατῷ
3255 1711 3345 1765 καὶ
3395 1707 3578 1784 λόγοις
3619 1708 3813 1783 κραταίῷ

2217 1795 2453 1870 βασιλεῖ,
2477 1793 2878 1869 ἐνδεικνύμενος
2909 1795 3161 1852 δύνασθαί
3209 1819 3260 1852 τι
3309 1798 3447 1853 κατὰ
3485 1803 3582 1866 τῆς
3621 1796 3669 1851 ἐν
3707 1798 3811 1867 ἡμῖν

2213 1884 2510 1958 ἱερωτάτης
2587 1885 2878 1961 θρησκείας
2952 1883 3165 1956 λαλεῖν,
3221 1887 3312 1942 καὶ
3367 1886 3436 1942 τὰ
3501 1887 3589 1958 μὲν
3660 1886 3812 1939 ἑαυτοῦ

2206 1973 2419 2042 ἀνιστᾷν
2452 1971 2676 2038 ἐθέλων,
2709 1973 2836 2027 ὡσεὶ
2881 1975 2970 2027 καί
3019 1995 3141 2028 τινα
3187 1974 3237 2046 ἐξ
3289 1971 3478 2046 ἄμμου
3533 1969 3810 2044 οἲκοδομὴν,

2205 2060 2585 2137 καταῤῥιπτεῖν
2657 2058 2714 2116 δὲ
2777 2062 3117 2136 πειρώμενος
3184 2065 3252 2118 τα
3325 2060 3576 2135 ἡμεδαπὰ
3630 2063 3808 2131 νήπιος,

2207 2151 2280 2204 ὧν
2343 2150 2443 2204 οὐκ
2498 2149 2560 2204 ἂν
2611 2147 2734 2204 ούδὶ
2802 2149 2970 2205 πύλαι
3031 2150 3163 2222 ᾃδου
3216 2152 3615 2227 κατισχύσαιεν.
3665 2151 3712 2202 Ὀ
3765 2145 3808 2201 δὲ

2211 2237 2467 2313 βασιλεὺς
2523 2239 2666 2313 ταχὺ
2749 2238 2990 2295 ἐπελθὼν
3041 2243 3127 2312 (ού
3185 2242 3285 2316 γὰρ
3345 2242 3410 2309 ἦν
3469 2239 3659 2294 ἐκείνου
3717 2241 3806 2296 τοῖς

2204 2327 2475 2390 τοιούτοις
2553 2326 2963 2401 ἐπινυστάξειν),
3023 2329 3112 2384 καὶ
3188 2327 3491 2405 καταγνοὺς
3555 2327 3638 2382 καὶ
3698 2345 3804 2398 προ-

2206 2411 2687 2489 ϐληματισάμενος
2748 2417 2922 2488 ἑαυτῷ
2967 2419 3035 2472 τὰ
3081 2418 3180 2486 τήν
3250 2413 3578 2494 βασϐαρικήν
3627 2415 3803 2490 ἐρεσχε·

2207 2505 2327 2560 λιαν
2409 2507 2861 2579 κατασιγάσοντα,
2946 2509 3062 2560 εἶτα
3132 2507 3221 2561 καὶ
3301 2513 3420 2569 τοῖς
3501 2503 3806 2582 βουλομένοις

2203 2592 2496 2648 ἐκδέδωκεν
2549 2594 2624 2655 είς
2682 2594 3018 2672 ἀντίρρησιν,
3051 2598 3354 2672 στρατηγὸς
3404 2595 3592 2672 ἀγαθός
3643 2612 3693 2646 τε
3735 2588 3801 2643 καὶ

2203 2683 2371 2757 ἱερὸς,
2405 2684 2758 2757 στρατιώταις
2788 2685 2983 2744 ⁴ἱκανῶς
3015 2683 3104 2738 καὶ
3163 2685 3358 2746 αὐτοῖς
3415 2690 3530 2744 ταῖς
3579 2679 3801 2736 τοιαύταις

2208 2772 2411 2846 μάχαις
2471 2771 2885 2844 ένησκημένοις.
2949 2773 3052 2829 Καὶ
3131 2773 3326 2838 πάντες
3405 2774 3497 2846 μὲν
3567 2766 3798 2835 κατετοξά-

2207 2866 2364 2929 ζ’)ντο
2401 2865 2498 2915 τοῖ’)
2555 2862 2755 2934 θηρίου
2795 2861 3095 2937 ἐ⁴¹τι’¹τυχᾶ’)ς,
3130 2861 3181 2916 ἐν
3234 2860 3295 2917 δὲ
3343 2867 3456 2924 τοῖς
3498 2859 3581 2915 καὶ
3625 2855 3796 2929 ὁεύρυ-

2203 2950 2490 3027 φαρέτρας,
2541 2950 2627 3004 καὶ
2691 2947 2939 3011 πολλοὺς
2995 2950 3250 3006 πλουτῶν
3322 2950 3447 3012 τοὺς
3497 2952 3623 3004 κατά
3670 2938 3797 3015 λόγον

2203 3038 2524 3112 πτερόεντας
2560 3037 2846 3113 βασιλεύς’
2882 3039 2967 3092 καὶ
3021 3045 3138 3100 τοῖς
3202 3039 3299 3112 μὶν
3351 3037 3542 3100 ἄλλοις
3598 3033 3650 3089 ού
3699 3027 3796 3085 κατᾶ

2203 3124 2426 3200 καρδίας
2483 3128 2510 3181 ὁ
2569 3127 2671 3198 θὴρ
2725 3121 3015 3197 ἐϐάλλετο,
3074 3127 3234 3189 αὐτὸς
3296 3125 3348 3183 δ’
3400 3125 3540 3182 ἀλλὰ
3590 3120 3789 3196 τυγχάνει

2209 3217 2380 3288 μέσης
2439 3214 2627 3283 αὐτῆς.
2682 3215 2778 3268 Κάὶ
2839 3216 2866 3270 ὁ
2924 3222 3022 3284 τῆς
3081 3221 3250 3290 θήρας
3305 3216 3505 3286 ταύτης
3553 3209 3782 3267 ἐπιστατῶν

444 3309 599 3380 Θεὸς,
628 3307 713 3362 ναὶ
750 3307 841 3380 μὲν
873 3305 962 3360 καὶ
995 3305 1286 3379 ψαλμικῶς
1321 3301 1563 3380 εύλογῶν
1595 3302 1784 3373 αὐτὴν,
1819 3300 2023 3379 ἔχαιρε.
2061 3303 2165 3359 Καὶ
2197 3309 2286 3358 νῦν
2319 3305 2379 3358 τὸ
2407 3302 2656 3358 ἐκλεκτὸν
2689 3305 2860 3358 έκεῖνο
2898 3303 3058 3379 βέλος
3104 3303 3157 3359 ἔν
3210 3325 3268 3359 τε
3299 3305 3456 3382 χερσὶ
3504 3294 3788 3382 φιλοκάλοιςξ

437 3391 491 3451 ἕν
515 3375 759 3470 «esteat
783 3375 1140 3473 cptloﬁeo'tpoct
1165 3395 1402 3471 φέρεται,
1434 3375 1523 3447 καὶ
1555 3393 1583 3447 ὁ
1613 3375 2170 3469 ἐπαφεὶς-εὐλογεῖται
2207 3392 2659 3469 μακαριζόμενος.
2692 3391 2790 3447 Καὶ
2820 3375 2907 3466 τῇ⁷
2939 3391 3110 3467 λοιπῇ
3160 3375 3463 3471 φιλοσοιρίᾳ
3507 3375 3694 3447 ἐκείνου
3730 3375 3792 3435 καὶ

439 3488 600 3540 τοῦτο
633 3484 907 3559 σύγκειται
939 3482 1014 3546 εἰς
1050 3482 1365 3558 μαρτύριον.

510 3689 602 3743 37.
637 3689 826 3760 Hujus
861 3688 1164 3760 sapientiae
1199 3705 1334 3760 pars
1369 3705 1486 3742 non
1523 3687 1766 3742 minima
1795 3692 1933 3742 sunt
1982 3687 2093 3760 pri-
2124 3704 2165 3769 ρ

444 3779 598 3834 stina
629 3778 949 3835 certamina
979 3779 1398 3848 ecclesiastica,
1435 3780 1489 3832 in
1524 3779 1739 3849 quibus
1774 3779 1937 3848 regies
1961 3797 2094 3834 curn

440 3873 557 3924 Deo
589 3869 842 3924 victorias
876 3877 932 3924 et
960 3869 1291 3940 linguarum
1327 3885 1453 3939 quae
1487 3869 1602 3924 Deo
1633 3869 1946 3939 insultant,
1997 3887 2092 3925 ex-

439 3957 730 4028 stirpatio,
799 3974 925 4028 qum
986 3957 1342 4012 sacrificium
1399 3974 1500 4028 pro
1559 3957 1762 4011 mundi
1813 3957 2002 4012 salute
2059 3975 2092 4012 a

439 4062 653 4118 magno
688 4048 1086 4102 sacriﬁcatore
1117 4047 1378 4102 oblatum
1415 4047 1779 4118 rejiciebant,
1811 4053 1925 4104 Deo
1976 4050 2088 4104 im-

436 4137 782 4208 pertientes,
814 4138 987 4212 quasi
1015 4137 1290 4208 scrupulo
1313 4137 1500 4192 vexati
1527 4154 1597 4191 ne
1639 4139 1855 4193 oblatio
1896 4138 2088 4192 Trini-

432 4226 538 4280 tati
598 4225 816 4280 cmlesti
877 4226 1236 4296 displiceret,
1298 4237 1350 4280 et
1409 4225 1547 4281 hinc
1611 4227 1956 4298 insipienter
2013 4229 2082 4284 ad

434 4313 661 4369 Patrem
715 4317 1032 4369 referentes
1092 4321 1149 4370 et
1207 4315 1416 4370 salutis
1467 4315 1815 4372 universatis
1873 4318 2086 4372 admit-

433 4405 622 4456 tentes
655 4401 1003 4472 participem
1038 4401 1270 4470 Filium,
1298 4403 1386 4475 (eo
1411 4407 1821 4474 pervenerunt)
1876 4409 1933 4459 et
1964 4405 2088 4476 Spi-

433 4488 613 4543 ritum
640 4496 910 4544 sanctum
947 4491 1005 4545 in
1035 4491 1323 4546 nullitatis
1354 4491 1478 4548 loco
1511 4493 2082 4563 posuerunt.lbidem

431 4593 580 4647 opus
605 4578 835 4649 regium
903 4586 1251 4649 perseverat,
1313 4579 1461 4634 liber
1513 4597 1700 4644 sacer,
1749 4597 1923 4651 quem
1979 4594 2080 4636 nc-

431 4667 615 4720 clesia
643 4667 794 4722 inter
825 4667 1131 4724 thesauros
1164 4686 1363 4725 sacros
1396 4675 1676 4736 asservat,
1709 4670 1930 4741 regiam
1982 4672 2079 4725 de-

429 4754 659 4810 clarans
682 4756 1031 4827 sapientiam
1075 4761 1131 4812 et
1164 4776 1266 4830 pro
1296 4759 1395 4813 Dei
1415 4758 1677 4814 ecclesiis
1731 4758 2078 4815 sollicitudi-

432 4860 585 4900 nem.

498 5193 587 5248 38.
621 5194 876 5251 Verbum
937 5213 1109 5252 omne
1159 5196 1304 5252 illud
1354 5198 1750 5270 dogmaticum
1812 5201 2072 5254 nondum

2278 3686 2378 3755 λζ’-
2413 3685 2627 3757 Ταῦτης
2684 3692 2784 3755 τῆς
2840 3684 3030 3763 σοφίας
3094 3685 3255 3760 μέρος
3316 3683 3505 3742 οὔκουν
3561 3677 3799 3763 ἐλάχιστον

2205 3776 2293 3831 καὶ
2371 3776 2422 3829 οἱ
2497 3779 2788 3852 φθάσαντες
2856 3773 3301 3844 ἐκκλησιαστικοὶ
3387 3766 3685 3851 ἀγῶνες.·ίν
3736 3759 3796 3815 οἷς

2203 3865 2293 3920 καὶ
2347 3864 2532 3926 αὐτοῖς
2587 3861 2844 3940 βασιλικὰ
2891 3863 2983 3917 σὺν
3039 3868 3156 3937 Θεῷ
3208 3863 3556 3937 ἐκνικήματα,
3593 3852 3671 3910 καὶ
3711 3850 3796 3901 θιο·

2207 3955 2402 4028 μάχων
2432 3951 2697 4029 γλωσσῶν
2734 3952 3040 4029 ἐκρίζωσις,
3073 3953 3192 4007 ὅσαι
3240 3955 3342 4022 τὴν
3403 3940 3794 4029 κοσμοσωτήρῄιον

2199 4044 2513 4119 προσφοράν
2541 4045 2638 4096 τοῦ
2673 4039 2912 4118 μεγάλοο
2942 4042 3029 4096 καὶ
3085 4041 3247 4106 θύτου
3305 4042 3396 4098 καὶ
3444 4037 3662 4109 θύματος
3716 4023 3794 4119 ἀξτ·

2199 4111 2475 4210 ενόσφιζον
2535 4111 2724 4197 αὐτοῦ,
2755 4111 3089 4200 ’ἰδιάζουσαι
3149 4129 3352 4202 ταύτην
3407 4132 3482 4201 τῷ
3525 4117 3697 4210 Πατξῶ
3735 4111 3792 4210 (ἒς

2199 4204 2350 4296 εἷ’περ
2415 4216 2750 4276 εὐλαϐοῦντο
2812 4219 3232 4295 γλισχρότερον,
3287 4221 3363 4294 μή
3429 4234 3554 4272 ποτε
3597 4207 3657 4263 τὰ
3717 4204 3795 4266 τῆς

2196 4317 2564 4386 προσαγωγῆς
2615 4308 2714 4364 ούκ
2766 4307 2850 4379 εἷή
2899 4312 2967 4382 τῇ
3005 4309 3250 4385 ὑπερθέῳ
3281 4304 3470 4386 Τριάδι
3524 4297 3789 4386 ἀρέσκθγτα»

2194 4381 2485 4463 κᾶντεῦθεν-
2526 4398 2692 4466 αὐτὴν
2741 4381 2990 4476 ἀφρόνως
3037 4381 3118 4460 είς
3162 4381 3254 4452 τὸν
3318 4381 3522 4469 Πατέρα
3577 4381 3792 4476 μονάζξδυ·

2195 4510 2303 4555 σαι,
2351 4489 2440 4542 καὶ
2497 4486 2750 4542 τοιούτου
2808 4485 3106 4564 κεφαλαίου
3176 4483 3513 4562 παγκοσμίου
3563 4464 3792 4570 σωτηξίίξς

2193 4576 2565 4647 ἀκοινώνητον
2617 4576 2710 4631 τόν
2767 4597 2826 4630 τε
2883 4555 3007 4630 Ϋὶὸν
3069 4555 3304 4651 άφίεῖσαι
3448 4591 3507 4646 γε
3542 4564 3612 4626 εἷς
3663 4555 3790 4651 milia“

2190 4669 2346 4738 ἧκον)
2375 4665 2438 4720 τό
2466 4686 2524 4720 τε
2555 4669 2791 4738 Πνεῦμα,
2826 4665 2900 4726 ὡς
2955 4661 3124 4738 μηδὲν
3173 4665 3250 4737 ὃν,
3283 4666 3373 4720 καὶ
3415 4658 3586 4715 αὐτοῖς
3629 4643 3789 4738 τούτίξυ

2195 4755 2374 4829 μετόν.
2430 4753 2528 4810 Καὶ
2595 4752 2876 4829 πρόκειται
2941 4755 3003 4808 τὸ
3076 4753 3358 4828 βασιλικὸν
3416 4740 3660 4804 κάνταῦθα
3697 4725 3788 4834 ‘7“:

2188 4820 2358 4918 (νημαι,
2418 4845 2452 4912 ἦ
2514 4820 2648 4918 ἰερδί
2695 4837 2911 4918 βίϐλος.
2969 4843 3030 4910 ἣν
3076 4820 3152 4896 ’τὸ
3209 4828 3634 4913 ἐκκλησιαστικὸν
3674 4820 3788 4918 ¹ἀνά·

2185 4908 2382 5010 κτορον
2415 4908 2908 5006 ἐντεθησαύρισται,
2940 4908 3039 4999 την
3077 4908 3374 5005 βασιλικὴν⁷
3399 4920 3591 5002 μηνύον
3631 4908 3782 4988 φίασον

2185 5024 2276 5078 καὶ
2301 5024 2400 5092 τήν
2430 5022 2561 5097 ὑπὲρ
2587 5024 2692 5074 τῶν
2724 5023 2821 5074 τοῦ
2858 5024 2992 5075 Θεοῦ
3028 5018 3335 5091 ἐκκλησιῶν
3372 5017 3640 5094 μέριμναν.

2259 5195 2354 5266 λή.
2387 5194 2555 5252 Οὕπω
2609 5201 2713 5249 πᾶν
2773 5190 2962 5272 εἷ’ρητο
3021 5193 3149 5257 ἔπος
3225 5192 3396 5250 ἐκεῖνο
3450 5188 3507 5243 τὸ
3564 5178 3781 5272 δογματιῖ

428 5283 720 5352 prolatum
755 5291 899 5354 erat,
924 5303 1057 5340 cum
1119 5287 1311 5342 malus
1371 5288 1596 5342 daemon
1649 5289 2076 5355 invidissimus,

2204 5287 2302 5355 ιὸν,
2353 5284 2442 5340 καὶ
2503 5285 2530 5338 ὃ
2584 5252 2919 5362 αὐτοφθόνος
2979 5281 3191 5358 δαίμων
3249 5282 3528 5359 βασκήνας,
3579 5252 3776 5362 ῑῖίτξδρὶή

428 5370 567 5425 dum
607 5373 700 5428 Dei
733 5374 990 5430 Ecclesia
1022 5375 1078 5428 in
1115 5376 1398 5430 unitatem
1461 5377 1725 5443 conﬂata,
1785 5377 2076 5432 discordia

429 5459 585 5514 omni
622 5461 856 5518 sublata
887 5464 944 5517 in
982 5463 1357 5518 concordiam
1417 5464 1781 5534 spiritualem
1833 5462 2073 5532 coaluit,

429 5546 656 5604 Patrem
692 5553 831 5608 Filio
865 5555 1146 5624 majorem
1166 5554 1489 5609 secundum
1523 5555 1899 5626 Evangelium
1937 5571 2075 5625 pro-

429 5635 679 5690 nuntiat.
717 5640 797 5693 Ex
829 5642 966 5696 hinc
998 5641 1350 5697 offendicula
1381 5648 1439 5697 et
1469 5642 1729 5698 insolens
1773 5659 2072 5699 commen-

433 5725 558 5773 tum
590 5725 710 5778 tam
742 5743 942 5782 eorum
975 5730 1077 5799 qui
1110 5731 1306 5786 minus
1338 5731 1609 5802 religiose
1628 5732 1689 5786 in
1710 5732 1802 5788 via
1819 5737 2072 5806 Evange-

2291 5343 2302 5355 .
2735 5343 2787 5362 ‘-
2907 5343 2915 5346 ,
3075 5343 3085 5358 ι
3250 5343 3258 5359 ι
3407 5343 3415 5351 _
3515 5343 3522 5346 _
3736 5343 3747 5360 ι

2184 5381 2282 5431 τοῦ
2341 5381 2494 5431 Θεου.
2531 5372 2832 5442 Ἐκκλησία
2881 5373 2958 5435 είς
2986 5374 3214 5444 ἑνότητα
3262 5375 3545 5448 ἥρμοσται,
3575 5352 3652 5412 καὶ
3699 5360 3777 5409 την

2188 5463 2468 5540 διχόνοιαν
2524 5460 2772 5536 σχάσασα
2821 5469 3081 5531 συνῆκται
3134 5464 3217 5519 εἰς
3275 5465 3350 5531 ἓν,
3380 5456 3466 5516 καὶ
3509 5447 3781 5540 πρὸςιπνευζ

2191 5554 2424 5628 ματικήν
2483 5553 2747 5617 συνῆπται
2823 5550 3104 5624 ὁμόνοιαν,
3165 5551 3558 5630 περιιγράζεται
3605 5531 3658 5586 τὸ
3703 5535 3776 5630 του

2188 5608 2397 5718 ίΙατρὸς
2456 5608 2636 5714 μεῖζον
2688 5641 2825 5714 πρὸς
2858 5608 2975 5696 Ιτὸν
3033 5608 3178 5714 Υἱιὸν,
3210 5608 3272 5698 τὸ
3326 5608 3664 5718 ἐὲαῆγελικξῖκ
3709 5608 3774 5718 ἐξ

2186 5693 2552 5806 λαλδύμενον.
2586 5729 2686 5783 Καὶ
2731 5693 3480 5806 ιπροσκύμματωι,κάντοιῦθξὸ
3533 5710 3613 5773 καὶ
3659 5693 3773 5757 πολὺ
