4066 6414
309 471 461 534 1001

1166 470 1570 533 MANUELIS
1614 470 1964 533 GOMNENI
2011 471 2413 533 LAUDATIO
2457 471 2868 534 FUNEBRIS.

3570 476 3730 538 1002

306 605 425 663 τοῖς
496 599 710 656 πλείοσι
778 601 839 656 τὸ
918 600 1337 678 ἀπερίσκεπτον,
1388 605 1497 656 τῶν
1570 603 1665 674 μὲν
1745 599 1959 663 είκαίως

2077 602 2189 658 lica
2219 605 2686 675 procedunt,non
2718 604 2848 661 ideo
2881 609 2944 660 ut
2972 622 3153 677 usque
3183 607 3254 661 ad
3287 606 3462 662 ﬁnem
3494 610 3721 664 rectum

314 688 683 767 ἐντρεχόντων
731 694 800 765 τῇ
851 688 1179 766 ιύαγγελικῇ
1231 687 1362 762 ὁδῷ,
1398 690 1506 766 οὐχ
1544 689 1681 745 ὥστε
1740 690 1816 762 μὴ
1869 689 1962 743 καὶ

309 778 484 849 πάντη
551 780 717 855 μέχρι
776 780 1007 854 πέρατος
1087 778 1374 854 ἐκδραμεῖν
1434 782 1535 848 τῆς
1588 780 1776 853 ὀρθῆς,
1835 775 1963 831 ἀλλ’

309 868 538 932 εὐθέτως
597 866 740 943 ἔχειν
801 864 1198 942 ἐμϐιϐασθῆναί
1248 890 1380 924 ποτε
1440 869 1515 931 είς
1561 869 1621 922 τὸ
1678 866 1958 922 εὐθύτατον

306 961 414 1011 τῶν
476 953 533 1012 δὲ
586 957 676 1012 καὶ
731 957 1007 1020 παντελῶς
1065 965 1167 1028 τῆς
1222 958 1514 1034 βασιΛικῆς
1573 954 1958 1023 ἐκκλινάντων,

305 1045 395 1102 καὶ
456 1045 535 1108 εἷς
593 1045 866 1109 ἀπωλείας
917 1046 1337 1121 κατακυψάντων
1402 1047 1694 1122 βάραθρον,
1742 1046 1814 1106 ὡς
1870 1043 1958 1098 καὶ

309 1135 560 1208 ἐμπεσεῖν
593 1135 777 1191 αὐτόθι
809 1135 1043 1200 ἐλὲσθαι.
1078 1139 1206 1194 ⁸Ὀτε
1244 1138 1336 1190 καὶ
1390 1136 1441 1190 οἱ
1496 1135 1590 1208 μὶν
1639 1135 1701 1188 τὸ
1745 1137 1854 1188 τῶν
1906 1131 1956 1186 ἐν

303 1228 385 1296 τῷ
445 1230 664 1300 Σωτῆρι
724 1226 1053 1302 θεανθρώπῳ
1112 1226 1320 1303 φύσεων
1387 1223 1628 1299 εὐκρινὶς
1679 1222 1956 1298 συνέχεον,

305 1313 380 1379 ὡς
428 1310 488 1366 ἂν
531 1313 621 1368 καὶ
673 1312 832 1378 λάθοι
878 1335 961 1376 τις
1017 1313 1189 1376 οὕτως
1241 1311 1643 1388 ἐξαμαρτάνων,
1677 1312 1729 1366 οἱ
1777 1309 1835 1365 δὲ
1887 1313 1957 1382 τῇ

304 1402 600 1478 ἆσυγχύτῳ
632 1403 818 1458 ἑνώσει
849 1399 1209 1460 ἐπεϐούλευον
1262 1408 1340 1476 τῷ
1395 1399 1618 1465 αὐθάδει
1676 1404 1772 1456 τοῦ
1829 1397 1958 1454 δυα-

303 1495 464 1563 σμοῦ.
525 1492 625 1546 Καὶ
682 1492 751 1560 ἦν
828 1491 979 1557 αὖθις
1055 1493 1323 1546 κάνταῦθα
1381 1492 1409 1546 6
1466 1490 1631 1566 σοφὸς
1701 1485 1956 1564 βασιλεὺς

305 1577 578 1634 ὁδοποιῶν
635 1580 738 1650 τὴν
797 1580 874 1643 είς
927 1579 1055 1636 Θεὸν
1113 1575 1325 1655 τρίϐον,
1356 1579 1445 1634 καὶ
1490 1576 1772 1654 διανοίγων
1819 1582 1955 1651 Γρα-

307 1668 555 1745 primumii
616 1668 842 1746 ετσάγων
903 1670 971 1724 δι’
1030 1670 1206 1724 αὐτῶν
1267 1670 1342 1731 εἷς
1393 1669 1482 1722 τὸν
1540 1674 1640 1736 τῆς
1698 1664 1958 1736 ἀληθείας

305 1756 652 1832 παράδεισον.
686 1759 792 1813 Καὶ
835 1760 916 1820 οἷς
979 1758 1072 1832 μὶν
1128 1756 1334 1827 ἐπῆλθε
1388 1758 1465 1830 μὴ
1523 1757 1821 1811 ὑπακοῦσαι
1876 1757 1956 1826 τῷ

305 1845 382 1910 εἷς
439 1846 709 1922 σωτηρίαν
764 1845 1045 1916 καλοῦντι,
1087 1847 1363 1908 ἀπωλείας
1424 1846 1532 1900 υἱοῖ
1596 1844 1813 1912 ἐκεῖνοι,
1864 1841 1955 1897 καὶ

304 1931 537 2006 ὤλοντο,
589 1937 890 2010 πεισμονήν
942 1936 1228 2002 παθόντες,
1370 1935 1458 1989 καὶ
1509 1928 1954 2010 συγκατεϐλήθη-

303 2043 421 2078 σαν·
483 2024 535 2080 o't
595 2022 652 2079 δὲ
706 1994 808 2090 τῆς
871 2022 1162 2101 βασιλικῆς
1241 1994 1613 2094 δίδασκαλίας,
1673 2022 1838 2076 εἷ’πεῖν
1898 1994 2031 2074 δέΒ

298 2112 493 2168 ταύτὸν
544 2111 726 2169 ἐνθέου
793 2115 886 2168 καὶ
967 2111 1359 2182 ἀποστολικῆς,
1419 2111 1804 2186 ἐπιγνώμονες,
1862 2111 1952 2164 καὶ

299 2201 753 2275 παρεκνεύσαντες
815 2202 910 2274 μὲν
970 2201 1058 2256 ἐπὶ
1121 2201 1299 2277 βραχὺ
1356 2200 1479 2255 ὅσον
1537 2206 1637 2269 τῆς
1677 2199 1753 2261 εἴς
1791 2197 1950 2272 ὀρθὸν

297 2289 538 2362 ὁδοῦ,ἣν
599 2291 726 2353 Θεὸς
780 2295 954 2364 ἑαυτῷ
1011 2290 1226 2358 οἷκειοῖ,
1264 2290 1361 2344 καὶ
1419 2290 1558 2366 πρὸς
1614 2285 1809 2361 ὄνομα,
1842 2286 1955 2342 ἐπι-

299 2378 618 2456 στραφέντες
666 2377 723 2434 δὲ
771 2379 959 2448 πάλιν,
991 2380 1081 2434 καὶ
1133 2379 1231 2434 ἀνὰ
1277 2377 1428 2434 πόδα
1471 2378 1763 2439 ἐπαινετῶς
1829 2396 1952 2452 χω-

302 2471 584 2542 ρήσαντες,
654 2467 780 2524 ἀλλ’
819 2469 971 2524 αὐτοὶ
1028 2469 1092 2524 τὸ
1152 2469 1458 2541 μεθ’ἡμῶν
1524 2467 1653 2522 εἶναι
1705 2467 1796 2521 καὶ
1852 2470 1950 2531 τῆς

299 2554 557 2627 ἀληθείας
612 2555 921 2632 ἐκέρδαναν.
958 2559 1052 2614 Καὶ
1115 2556 1232 2613 ἰδοὺ
1287 2559 1583 2634 γέγραπται
1641 2556 1729 2610 καὶ
1787 2559 1953 2611 ταῦτα

301 2645 352 2700 ἐν
390 2641 568 2722 βίϐλῳ
627 2645 916 2721 βασιλειῶν
979 2647 1267 2723 ὲκατέρων,
1293 2653 1396 2716 τῆς
1444 2667 1505 2700 τε
1549 2649 1645 2700 τοῦ
1676 2648 1830 2714 Θεοῦ,
1862 2643 1952 2698 καὶ

295 2741 396 2804 τῆς
451 2735 587 2811 πρὸς
659 2733 935 2806 αἴσθησιν,
997 2735 1086 2790 καὶ
1154 2736 1218 2790 τὸ
1273 2734 1648 2811 πολυγραφείν
1711 2733 1949 2797 ἐντεῦθεν

299 2826 434 2898 ἡμῖν
469 2823 814 2901 ἐγκόπτεται.

373 3216 476 3284 λθ’.
507 3220 621 3276 Ἵνα
674 3215 732 3274 δὶ
776 3217 905 3282 τοὺς
949 3218 1146 3295 λόγους
1201 3217 1426 3281 τούτους
1477 3215 1952 3294 ἐπισφραγίσωμαι

300 3307 844 3388 κεφαλαιωσάμενος,
898 3308 1040 3365 οὕτω
1097 3307 1187 3363 καὶ
1242 3309 1341 3377 τὴν
1399 3307 1769 3381 πνευματικὴν
1830 3305 1949 3375 ἐξή-

2074 692 2188 747 iter
2213 694 2741 763 transgredientur,
2776 695 2877 751 sed
2941 700 3007 750 ut
3063 695 3427 767 paratissimi
3480 697 3600 752 sint
3651 699 3724 753 ad

2071 780 2520 852 ingrediendum
2554 783 3063 852 rectitudinaliter,
3096 785 3134 838 ii
3167 801 3300 840 vero
3352 785 3448 856 qui
3479 786 3720 842 omnino

2073 886 2104 924 a
2131 871 2225 924 via
2254 887 2428 941 quem
2462 872 2614 943 regis
2663 890 2876 928 nomen
2927 873 3177 929 honorat
3226 875 3624 944 decesserunt,
3659 875 3719 930 in

2069 959 2252 1013 ruinae
2276 960 2620 1016 barathrum
2645 979 2705 1017 se
2728 963 3311 1035 praecipitaruntﬁpsi
3341 981 3545 1019 casum
3565 981 3725 1020 acce-

2069 1047 2328 1103 lerando.
2360 1050 2421 1103 Hi
2447 1050 2684 1121 quidem
2708 1056 3054 1106 naturarum
3075 1052 3133 1107 in
3157 1052 3449 1108 Salvatore
3483 1053 3597 1109 Deo
3631 1053 3720 1108 in-

2069 1141 2306 1192 carnato
2327 1139 2766 1194 distinctionem
2786 1141 3333 1205 confundebaut,ita
3351 1146 3416 1196 ut
3432 1143 3615 1198 nescii
3636 1159 3721 1198 er-

2067 1227 2323 1280 raverint
2345 1244 2358 1294 ;
2381 1226 2464 1280 illi
2489 1245 2644 1299 purae
2663 1229 2862 1284 unioni
2897 1230 3114 1285 bellum
3139 1231 3466 1286 inferebant
3495 1231 3717 1287 dualis-

2068 1331 2231 1369 mum
2263 1314 2706 1373 introducendo.
2741 1318 2853 1374 Sed
2905 1318 2988 1374 ibi
3035 1320 3212 1374 etiam
3265 1320 3584 1391 imperator
3622 1338 3718 1378 sa-

2067 1403 2234 1475 piens
2261 1405 2531 1460 semitam
2567 1407 2636 1460 ad
2670 1407 2852 1462 Deum
2898 1409 3206 1463 ducentem
3237 1409 3526 1479 patefecit,
3560 1410 3719 1465 Scri-

2066 1499 2272 1565 pturas
2305 1497 2593 1564 aperiens,
2626 1501 2683 1550 et
2718 1512 2818 1567 per
2846 1513 2944 1552 eas
2989 1497 3048 1552 in
3083 1498 3342 1553 veritatis
3375 1499 3716 1569 paradisum

2065 1583 2373 1638 inducens.
2408 1584 2515 1649 Qui
2564 1589 2762 1640 autem
2812 1585 2883 1640 ad
2939 1585 3187 1641 salutem
3220 1587 3448 1642 vocanti
3480 1588 3718 1644 obedire

2068 1673 2405 1742 noluerunt,
2434 1673 2780 1743 perditionis
2818 1674 2924 1728 ﬁlii
2958 1675 3259 1746 perierunt
3290 1676 3515 1731 ﬁduciae
3544 1678 3718 1732 victi-

2068 1775 2174 1812 mae
2201 1763 2260 1814 et
2288 1761 2702 1830 credulitates;
2750 1764 2848 1834 qui
2904 1769 3098 1818 autem
3161 1765 3490 1835 magisterii
3549 1765 3718 1837 regii,

2066 1852 2266 1919 utpote
2298 1867 2330 1904 a
2375 1849 2492 1906 Deo
2541 1852 2809 1922 inspirati
2861 1857 2918 1907 et
2973 1852 3282 1923 apostolici
3342 1869 3518 1909 sensu
3564 1859 3718 1910 recto

2064 1936 2430 2005 fruebantur,
2489 1939 2796 2011 paululum
2857 1959 2890 1996 a
2947 1946 3106 1997 recta
3180 1943 3274 1996 via
3333 1942 3716 2010 declinantes,

2064 2043 2240 2097 quam
2264 2028 2419 2084 Deus
2441 2030 2735 2101 propriam
2758 2031 2868 2085 sibi
2891 2031 3220 2099 constituit,
3249 2032 3442 2103 quoad
3476 2048 3716 2102 nomen,

2063 2133 2270 2171 rursus
2301 2122 2494 2172 autem
2529 2119 2790 2175 conversi
2836 2125 2893 2175 et
2943 2122 3150 2192 pedem
3203 2121 3523 2192 prudenter
3568 2122 3716 2176 refe-

2063 2209 2280 2272 rentes,
2309 2206 2391 2272 hi,
2425 2208 2785 2263 consortium
2839 2209 3142 2264 nobiscum
3181 2209 3470 2278 ineuntes,
3503 2209 3714 2264 verita-

2062 2297 2180 2348 tem
2217 2293 2418 2351 lucrati
2451 2301 2609 2352 sunt.
2643 2302 2711 2353 Et
2739 2315 2871 2354 ecce
2919 2298 3044 2353 haec
3098 2299 3160 2353 in
3209 2299 3357 2353 libro
3405 2298 3716 2369 utriusque

2063 2384 2224 2454 regni
2254 2386 2586 2456 conscripta
2616 2391 2776 2453 sunt,
2809 2387 2973 2459 regni
3004 2387 3128 2454 Dei,
3163 2387 3428 2458 inquam,
3462 2391 3518 2443 et
3549 2387 3714 2458 regni

2061 2472 2313 2529 visibilis
2339 2473 2526 2544 libro;
2561 2492 2742 2547 quare
2774 2493 2888 2533 non
2921 2477 3103 2533 multa
3131 2477 3301 2533 nobis
3332 2477 3429 2532 hic
3459 2477 3717 2533 referen-

2063 2560 2138 2616 da
2168 2567 2328 2617 sunt.

2132 3223 2220 3277 39.
2255 3221 2328 3276 Ut
2357 3220 2532 3276 verba
2570 3218 2912 3275 summatim
2952 3217 3305 3274 reumendo
3336 3217 3712 3290 concludam,

2060 3313 2119 3368 id
2153 3313 2342 3367 dicam
2367 3310 2522 3381 quod
2549 3309 2607 3363 in
2647 3308 2950 3363 dialectica
2971 3325 3135 3364 sacra
3165 3307 3250 3364 sic
3281 3308 3392 3363 fuit
3423 3309 3717 3379 eruditus,

304 3363 389 3388 με,
445 3363 472 3364 ,,
659 3363 669 3382 ,
742 3363 745 3364 ν
809 3363 844 3382 ,,
977 3363 984 3365 ι
1302 3363 1310 3377 ,
1537 3363 1546 3381 ,
1728 3363 1737 3374 .
1862 3363 1916 3375 τ.

298 3419 468 3470 σκητο
505 3396 871 3467 διαλεκτικὴν,
905 3399 981 3460 ὡς
1037 3402 1142 3475 πῦρ
1201 3397 1385 3473 βαλεῖν
1421 3397 1603 3461 ἐνθὲου
1666 3395 1837 3466 ζήλου
1894 3393 1946 3448 ἐν

2072 3407 2128 3458 ut
2152 3401 2274 3456 zelo
2307 3399 2500 3454 divino
2531 3401 2725 3470 ignem
2763 3398 3125 3463 accenderet,
3159 3413 3225 3452 ac
3266 3397 3324 3451 in
3356 3397 3505 3454 votis
3537 3398 3720 3453 habe-

300 3491 370 3562 τῇ
426 3485 640 3562 καρδίᾳ,
702 3487 789 3542 καὶ
850 3487 1024 3564 λέγειν
1085 3486 1312 3556 ἐθέλειν,
1373 3486 1424 3542 εἷ’
1488 3484 1596 3556 ἤδη
1679 3485 1948 3562 ἐξανήφθη

305 3576 597 3652 λαμπρῶς,
657 3576 745 3632 καὶ
819 3577 949 3651 ὑπὲρ
1026 3584 1125 3647 τῆς
1203 3583 1390 3646 κοινῆς
1454 3575 1694 3637 ἐνώσεως
1747 3573 1952 3628 ἐκκαίε-

305 3677 425 3730 σθαι
459 3670 564 3721 τῶν
593 3663 967 3742 διερῥωγότων
1003 3665 1054 3720 ἐν
1092 3671 1210 3728 τοῖς
1253 3665 1418 3729 θείοις
1479 3662 1761 3741 δόγμασιν.
1797 3664 1952 3720 Ἐπε-

304 3754 483 3810 ποίθει
545 3755 639 3827 μὲν
689 3755 789 3830 γὰρ
842 3755 932 3810 καὶ
973 3759 1042 3828 τῇ
1095 3753 1364 3830 λογαδικῇ
1395 3755 1563 3825 τάξει,
1595 3753 1694 3824 ὅση
1749 3773 1806 3806 τε
1865 3751 1957 3805 ὑπ’

307 3841 453 3914 αὐτῷ
510 3841 743 3917 ἀλείπτῃ
796 3844 852 3898 εὖ
938 3843 1086 3916 μάλα
1165 3845 1234 3898 τά
1319 3849 1433 3908 θεῖα
1505 3845 1806 3914 ἠσκήσατο,
1862 3841 1954 3894 καὶ

304 3929 439 3999 ὅσην
473 3933 506 4000 ἡ
541 3932 668 4007 παρ’
694 3928 888 3992 ἄλλοις
947 3929 1267 3987 διδασκαλία
1321 3933 1457 4006 πρὸς
1517 3933 1723 4006 ἀγῶνας
1767 3927 1954 3984 τοιού-

301 4041 434 4081 τους
494 4019 776 4094 ἐθρέψατο.
811 4021 925 4078 Οὐκ
981 4019 1039 4075 ἂν
1103 4019 1159 4075 δέ
1212 4042 1294 4083 τις
1347 4025 1455 4075 τῶν
1508 4021 1682 4094 ἀγαθὰ
1739 4021 1952 4095 φρονεῖν

307 4105 537 4164 εἷ’δότων
596 4108 818 4179 ἀξιώσοι
874 4110 965 4165 τὸν
1018 4110 1161 4165 οὕτω
1219 4110 1382 4187 σοφὸν
1447 4109 1818 4182 αὐτοκράτορα
1879 4107 1955 4179 μὴ

305 4199 496 4253 ἑαυτὸν
547 4203 796 4254 τοιοῦτον
846 4195 977 4254 ὅντα
1033 4197 1248 4270 εἲδὲναι,
1289 4199 1334 4253 εἰ
1386 4199 1461 4271 μὴ
1517 4198 1605 4251 καὶ
1654 4198 1956 4270 στρατηγὸν

304 4285 579 4357 κύδιστον,
612 4288 703 4342 καὶ
761 4285 1097 4364 κυϐερνήτην
1157 4287 1394 4364 ἄριστον,
1455 4286 1544 4342 καὶ
1606 4286 1784 4360 ἰατρὸν
1841 4286 1961 4340 ἐπι-

302 4379 573 4450 στήμονα,
634 4380 724 4432 καὶ
785 4379 876 4432 τὸν
934 4375 1081 4441 ὅλως
1134 4377 1420 4432 ἐπαινετοῦ
1477 4397 1626 4437 τινος
1695 4373 1963 4448 εἶ’δήμονα

299 4466 628 4538 νομοθετοίη
694 4469 770 4540 μή
843 4474 943 4537 τῆς
1015 4467 1132 4522 καθ’
1191 4466 1376 4521 ἑαυτὸν
1451 4464 1736 4541 τυγχάνειν
1806 4460 1966 4534 ἕξεως

305 4555 682 4630 ἐπιγνώμονα,
739 4556 813 4618 ὡς
892 4556 1037 4612 οὕτω
1100 4553 1452 4625 κινδυνεύειν,
1517 4554 1966 4627 ἀνεπιστημόνως

303 4648 632 4719 τεχνοῦσθαι
689 4645 756 4699 τὰ
800 4645 1224 4719 ἐπιπημονικᾶ,
1257 4644 1345 4700 καί
1394 4666 1514 4706 πως
1569 4644 1706 4699 κκτά
1755 4644 1816 4698 τὸ
1870 4643 1968 4697 αὐ-

2062 3497 2150 3548 ret
2178 3491 2296 3562 igni
2335 3488 2681 3554 consumi,si
2714 3487 3003 3542 unitatem
3035 3486 3189 3542 inter
3209 3503 3307 3542 eos
3339 3503 3487 3558 quos
3519 3488 3718 3544 divina

2063 3581 2340 3653 degmata
2404 3577 2704 3634 sciderunt
2797 3575 3104 3631 restituere
3179 3575 3457 3646 potuerit.
3525 3576 3717 3630 Conﬁ-

2063 3672 2236 3726 debat
2269 3669 2426 3726 enim
2485 3668 2541 3721 in
2602 3665 2976 3721 institutione
3022 3664 3234 3737 logica,
3269 3681 3396 3737 qua
3455 3664 3527 3720 ab
3585 3665 3717 3737 ipso

2064 3759 2406 3814 institutore
2433 3757 2642 3828 Optime
2695 3756 3093 3823 exercebatur,
3128 3762 3182 3809 et
3230 3771 3406 3825 quam
3467 3752 3718 3811 aliorum

2064 3847 2328 3904 doctrina
2358 3847 2428 3902 ad
2461 3845 2756 3917 ejusmodi
2801 3843 3076 3900 exercitia
3123 3844 3370 3898 fovebat.
3401 3843 3579 3901 Nemo
3609 3861 3720 3899 au-

2064 3943 2182 3993 tem
2213 3937 2367 3991 inter
2395 3936 2541 3990 bene
2570 3935 2840 3989 cordatos
2861 3933 3366 4004 sapientissimum
3399 3931 3719 4003 imperato-

2067 4042 2187 4081 rem
2219 4024 2373 4080 volet
2403 4039 2464 4078 se
2514 4027 2579 4077 ut
2612 4022 2790 4078 talem
2835 4021 3080 4091 nescire,
3112 4021 3227 4077 nisi
3258 4026 3315 4076 et
3343 4021 3552 4077 ducem
3583 4021 3718 4077 illu-

2067 4114 2428 4170 strissimum
2477 4116 2533 4167 et
2585 4110 3039 4182 gubernatorem
3097 4111 3410 4182 optimum,
3446 4115 3503 4166 et
3535 4111 3720 4166 medi-

2069 4219 2203 4257 cum
2244 4201 2539 4267 solertem,
2595 4215 2787 4267 nemo,
2848 4199 3114 4271 inquam,
3175 4215 3310 4254 eum
3368 4199 3470 4271 qui
3523 4199 3722 4271 aliquo

2070 4307 2282 4363 genere
2315 4291 2608 4360 perl'ectus
2641 4293 2751 4352 est,
2785 4289 3102 4343 constituet
3131 4287 3231 4358 qui
3291 4304 3406 4342 non
3466 4288 3728 4343 inveniat

2073 4399 2191 4436 suae
2223 4377 2434 4450 agendi
2467 4377 2713 4432 rationis
2774 4382 3126 4444 consortem,
3163 4381 3228 4432 ut
3258 4377 3343 4432 sic
3372 4382 3728 4448 exsequatur

2075 4487 2202 4541 quae
2263 4468 2416 4524 scitu
2475 4467 2654 4538 digna
2705 4471 2866 4534 sunt,
2921 4469 2978 4520 et
3057 4466 3140 4521 sic
3206 4464 3453 4521 forsitan
3507 4470 3727 4522 rectam

2077 4559 2440 4630 ingrediatur
2469 4558 2684 4613 artium
2715 4556 2891 4612 viam.
2925 4555 3110 4627 Igitur
3141 4572 3203 4612 se
3232 4555 3379 4611 bene
3413 4556 3734 4627 imperator

2081 4665 2354 4720 magnum
2384 4648 2444 4702 in
2479 4648 2655 4702 rebus
2687 4646 3036 4718 peragendis
3081 4649 3146 4700 ut
3175 4645 3575 4716 excogitandis
3602 4662 3733 4702 esse

303 4733 542 4806 τόματον
605 4732 921 4789 εὐοδοῦσθαι
980 4735 1044 4789 τά
1099 4733 1346 4810 τεχνικοί.
1389 4733 1596 4792 Οὐκοῦν
1661 4734 1845 4788 ἑαυτὸν
1905 4731 1959 4786 εὖ

2074 4755 2423 4811 persuasum
2452 4737 2676 4793 habens
2701 4737 2839 4809 (non
2868 4734 3024 4789 enim
3059 4735 3225 4790 decet
3253 4735 3478 4790 caeteris
3511 4734 3734 4790 anima-

308 4819 469 4885 εἰδὼς
529 4825 557 4878 6
618 4822 993 4900 αὐτοκράτωρ,
1053 4824 1233 4899 ὥσπερ
1317 4823 1367 4879 ἐν
1445 4822 1758 4898 πρακτέοις,
1824 4822 1968 4876 οὕτω

307 4912 401 4966 καὶ
452 4911 504 4967 ἐν
555 4911 718 4987 σοφίᾳ
773 4911 939 4987 μὲγαν
981 4912 1067 4986 (οὐ
1097 4915 1197 4989 γὰρ
1231 4915 1394 4982 ζώοις
1443 4914 1534 4985 μὲν
1592 4918 1709 4976 τοῖς
1765 4911 1967 4988 ἑτέροις

313 4998 500 5056 δοτέον
579 5000 919 5064 αἶ’σθάνεσθαι
997 5006 1104 5056 τῶν
1160 5000 1212 5056 ἐν
1274 5002 1450 5080 σφίσιν
1509 5001 1693 5065 αὐτοῖς
1763 5000 1969 5066 καλῶν,

313 5087 444 5151 τοὺς
504 5087 561 5144 δὶ
612 5090 703 5145 καὶ
760 5089 1019 5166 λογικοὺς
1078 5091 1168 5146 καὶ
1248 5089 1473 5164 λογίους
1539 5088 1821 5164 περητέον
1875 5094 1972 5144 τοῦ

313 5177 569 5235 τοιούτου
623 5179 1149 5254 πλεονεκτήματος),
1213 5181 1288 5254 μὴ
1321 5181 1410 5235 καὶ
1467 5177 1784 5248 λεληθότως
1851 5180 1969 5234 εαυ-

313 5273 411 5324 τοῦ
459 5269 522 5324 τὸ
582 5267 898 5344 λογιστικὸν
983 5270 1308 5344 στερόμενον
1387 5269 1461 5332 είς
1519 5269 1742 5345 ἀλογίαν
1807 5290 1971 5341 μετα-

313 5357 652 5428 πλάττηται,
684 5355 792 5428 ἤδη
854 5355 912 5412 δὶ
969 5359 1058 5412 καὶ
1115 5359 1279 5434 ἀργία
1315 5359 1773 5433 καταψηφισθείη,
1807 5356 1974 5434 λόγου

318 5451 490 5524 σοφοῦ
547 5448 1012 5522 παρεγγυωμὲνου
1096 5446 1378 5523 γινώσκειν
1461 5444 1686 5502 ἕκαστον
1764 5447 1971 5519 ἑαυτὸν,

317 5534 552 5611 ἐθάρρει,
585 5535 766 5612 ὥσπερ
798 5537 897 5606 τὴν
932 5535 982 5591 ἐν
1041 5535 1199 5612 χεροὶ
1263 5534 1589 5610 συμπλοκὴν
1642 5538 1670 5591 ὁ
1725 5538 1824 5606 τὴν
1881 5536 1975 5591 άν-

318 5623 467 5700 δρίαν
530 5623 871 5699 δεξιώτατος,
905 5625 1048 5681 οὕτω
1097 5625 1187 5680 καὶ
1245 5633 1345 5695 τὴν
1401 5625 1451 5681 ἐν
1514 5625 1888 5702 λογομαχίαις
1949 5627 1976 5682 6

313 5719 418 5783 τῆς
449 5713 642 5789 σοφίας
666 5716 959 5795 τρόφιμος.
996 5717 1092 5771 Καὶ
1124 5717 1262 5770 ὁπου
1295 5713 1456 5786 δίκην
1519 5714 1792 5780 ἐπεποίθει
1853 5737 1976 5771 συν-

321 5809 541 5881 αγαγεῖν
600 5803 664 5859 τὺ
718 5811 819 5876 τῆς
895 5806 1346 5878 ἐκκλησιαστικῆς
1421 5805 1666 5869 ἒνώσεως
1728 5803 1980 5884 διερρυη-

651 5911 918 6002 ΡΑἱιιοι..
964 5938 1417 6021 Ga._CXXXV.

2080 4829 2236 4884 libus
2259 4828 2404 4883 bene
2426 4825 2718 4882 sentiendi
2742 4823 3074 4879 facultatem
3101 4823 3735 4895 attribuere,denegare

2083 4926 2278 4973 autem
2313 4917 2422 4972 hoc
2482 4913 2852 4988 privilegium
2912 4912 3158 4968 rationis
3215 4911 3632 4983 compotibus),
3662 4927 3736 4966 ne

2081 5007 2228 5061 clam
2263 5006 2452 5076 ipsius
2483 5003 2873 5059 ratiocinandi
2903 5001 3153 5057 facultas
3182 5001 3240 5055 in
3260 5000 3740 5056 irrationabilite-

2081 5101 2200 5150 tem
2233 5094 2570 5161 descendat,
2605 5096 2661 5146 et
2721 5092 2899 5146 etiam
2958 5091 3412 5156 condemnetur,
3445 5089 3542 5143 ubi
3588 5088 3740 5144 illud

2083 5187 2442 5256 praeceptum
2500 5180 2782 5236 omnibus
2841 5180 3084 5234 datum:
3147 5183 3334 5234 Nosce
3405 5183 3460 5232 te
3517 5178 3739 5249 ipsum,

2084 5274 2349 5330 animum
2382 5270 2630 5339 addidit,
2665 5269 2820 5325 sicut
2876 5269 2937 5323 in
2969 5267 3163 5324 duello
3210 5268 3300 5321 vir
3329 5283 3508 5322 manu
3551 5267 3739 5338 fortis,

2083 5364 2168 5418 sic
2199 5365 2344 5417 etin
2394 5360 2865 5431 argumentando
2926 5357 3228 5428 sapientiae
3289 5356 3590 5412 alumnus.
3631 5356 3743 5413 Ubi

2085 5450 2494 5507 ecclesiasticas
2528 5448 2762 5502 unionis
2787 5453 3033 5518 ruptura
3055 5446 3287 5518 publice
3311 5462 3549 5500 causam
3573 5462 3746 5518 agere

2085 5540 2388 5607 invitabat,
2427 5554 2541 5592 non
2602 5553 2704 5608 per
2759 5536 3095 5608 superbiam
3155 5534 3410 5590 scientia:
3462 5535 3744 5606 injuriarn

2087 5629 2244 5697 fecit,
2279 5628 2433 5698 quod
2473 5624 2676 5681 multis
2709 5624 2941 5691 accidit,
2973 5641 3122 5694 quos
3167 5623 3468 5694 jactantize
3501 5623 3747 5695 spiritus

2088 5735 2269 5790 supra
2299 5722 2514 5771 terram
2549 5713 2719 5784 tollit,
2744 5715 2845 5769 sed
2873 5713 3010 5768 inde
3039 5712 3236 5768 divino
3269 5712 3440 5784 quasi
3469 5711 3664 5770 volatu
3687 5714 3748 5768 in

2089 5807 2273 5865 altum
2333 5803 2628 5878 sublatus,
2660 5807 2717 5862 et
2770 5804 2843 5862 de
2899 5819 2962 5861 se
3013 5802 3142 5878 ipso
3202 5802 3632 5878 philosophans
3692 5805 3750 5859 et

3352 5933 3431 5997 32
