4066 6374
414 451 574 511 1003
1192 445 1618 510 EUSTHATII
1659 444 2427 507 THESSALONICENSIS
2476 445 3061 508 METBOPOLITE
3650 450 3778 512 l00l

410 581 678 638 animum
715 582 1041 636 secundum
1076 580 1212 635 recti
1244 579 1478 652 regulas
1511 579 1733 633 librans
1769 582 1826 633 et
1855 580 2066 648 praeter

2181 575 2296 644 κὸς,
2329 574 2436 652 οὐχ
2475 576 2895 652 ὑπεραιρόμενος
2923 573 3039 631 οὐδ’
3072 576 3316 646 ἐνταῦθα,
3347 579 3420 640 ὡς
3475 579 3567 648 τὴν
3609 584 3781 656 γνῶσιν

410 676 652 726 caeteros
710 670 939 725 divinos
994 669 1304 725 bellatores
1361 685 1524 740 spem
1576 668 1632 720 in
1685 684 1747 722 se
1779 667 2066 738 deponere

2181 661 2544 734 ἀποτελευτᾷν
2602 665 2680 728 εἷς
2737 666 2996 738 φυσίωσιν
3053 665 3114 720 τὸ
3169 669 3277 720 τῶν
3326 664 3542 721 πολλῶν
3614 669 3778 738 πάθος,

411 766 707 830 satagens,
742 759 793 814 si
827 759 969 813 forte
1001 775 1062 812 se
1093 759 1316 813 dederit
1347 757 1575 813 occasio
1610 756 1775 810 lucta;
1804 755 2066 810 vocantis

2181 753 2273 815 οὓς
2329 753 2648 822 ἀλαζονείας
2705 759 2916 828 πνεῦμα
2969 759 3151 831 φῡσῶν
3210 755 3480 830 ὑπεραίρει
3532 758 3621 825 τῆς
3670 765 3777 831 γῆεν

404 867 848 922 quemcumque
881 866 1084 922 pugnae
1117 865 1220 921 pro
1253 849 1366 903 Deo
1401 847 1679 919 peritum.

2181 840 2304 896 ἀλλ’
2391 841 2615 918 ὕπερθεν
2691 841 2872 914 ἄρσεσι
2953 843 3254 920 φερόμενος
3338 845 3635 917 θειοτέραις,
3705 847 3779 901 καὶ

410 937 729 1016 φιλοσοφῶν
789 938 995 1002 ἑαυτὸν,
1054 936 1145 990 καὶ
1232 937 1441 1009 μετρῶν
1523 935 1740 989 κανόσιν
1825 932 2146 1007 ὀρθότητος,
2205 934 2294 987 καὶ
2367 932 2503 1007 πρὸς
2551 937 2670 994 τοῖς
2719 930 2914 994 ἄλλοις
2969 933 3137 994 θείοις
3195 931 3442 995 ὁπλίταις
3499 934 3582 988 καὶ
3633 935 3780 1008 ἑαυτῷ

407 1034 766 1103 προσανὲχειν
824 1025 1098 1102 ἐγνωκὼς,
1158 1023 1211 1080 εἷ’
1269 1045 1403 1080 ποτε
1457 1025 1646 1100 καιρὸς
1698 1022 1912 1092 ἐνσταίη
1993 1023 2198 1098 ἀγῶνος
2279 1018 2734 1096 προκαλουμένου
2793 1023 2886 1076 τὸν
2947 1020 3003 1076 εὗ
3061 1019 3244 1077 εἷ’δότα
3297 1021 3478 1099 μάχης
3524 1029 3616 1094 τῆς
3668 1025 3778 1099 ὑπὲρ

402 1123 500 1172 του
535 1119 690 1172 Θεοῦο

477 1353 566 1409 40.
597 1353 668 1408 Ει
687 1352 773 1408 sic
803 1352 1044 1424 quidem
1075 1351 1198 1407 haec
1229 1368 1291 1408 se
1335 1351 1576 1406 habent.
1611 1349 1898 1413 Quoniam
1932 1364 2066 1405 vero

407 1443 641 1498 divinus
672 1441 892 1498 Paulus
924 1459 1039 1496 non
1094 1441 1289 1496 solum
1338 1439 1662 1496 elevations
1694 1439 1751 1494 in
1787 1437 1970 1493 altum
2007 1455 2070 1492 se

406 1530 696 1588 celebrem
728 1529 1006 1597 reddidit,
1031 1530 1134 1585 sed
1166 1529 1468 1585 terrestria
1488 1544 1724 1599 quoque
1748 1544 1883 1582 eum
1903 1527 2071 1581 humi

411 1620 777 1693 gradientem
809 1623 867 1673 et
913 1622 1090 1688 caput
1121 1619 1193 1672 ad
1250 1617 1460 1672 cwlum
1524 1633 1711 1686 usque
1770 1614 2069 1669 tollentem

408 1709 822 1773 sustinebant;
857 1708 1060 1761 eodem
1109 1706 1282 1760 modo
1333 1707 1653 1775 imperator
1681 1705 2070 1775 quaestionum

414 1795 742 1852 subtilitate
791 1794 976 1850 altum
1035 1796 1290 1860 tenebat,
1343 1794 1444 1849 sed
1497 1794 1568 1848 ad
1628 1811 1696 1848 ea
1747 1809 1977 1863 quoque
2008 1808 2070 1846 se

411 1883 818 1940 conformabat
847 1900 975 1954 quas
1007 1883 1079 1937 ad
1105 1884 1420 1948 terram,ad
1451 1882 1747 1938 hominem
1777 1885 2069 1952 spectant,

2256 1353 2328 1420 μ’.
2362 1346 2460 1401 Καὶ
2513 1345 2656 1402 οὕτω
2715 1345 2810 1420 μὶν
2869 1346 2959 1403 καὶ
3004 1346 3071 1401 τὰ
3107 1345 3162 1401 ἐν
3209 1351 3326 1410 τοῖς
3354 1347 3630 1409 τοιούτοις.
3659 1347 3782 1402 Ἐπεὶ

2181 1432 2238 1490 δὲ
2266 1435 2356 1490 καὶ
2389 1437 2416 1491 6
2447 1435 2700 1511 οὐράνιος
2754 1432 2974 1496 Παῦλος
3025 1433 3086 1490 οὐ
3138 1435 3304 1506 μόνον
3347 1439 3415 1509 τῇ
3471 1436 3600 1508 ὑψοῦ
3651 1434 3781 1508 ἐσεμ-

2179 1523 2364 1579 νύνετο
2422 1523 2595 1597 ἄρσει,
2646 1522 2792 1580 ἀλλά
2844 1524 2932 1580 καὶ
2990 1525 3058 1579 τὰ
3112 1524 3234 1599 περὶ
3283 1531 3383 1600 γῆν
3423 1545 3550 1579 ποτε
3579 1524 3660 1579 καὶ
3708 1545 3784 1578 τα-

2180 1613 2336 1668 πεινὰ
2394 1614 2536 1688 εἶχεν
2588 1611 2770 1684 αὐτὸν,
2821 1618 2968 1668 κάτω
3030 1613 3123 1684 μὲν
3189 1613 3459 1688 βαίνοντα,
3509 1613 3700 1688 οὖρανῷ
3739 1611 3782 1666 δὲ

2180 1702 2319 1776 κάρη
2381 1701 2705 1776 στηρίζοντα
2767 1705 2836 1774 τῇ
2893 1701 3030 1777 πρὸς
3087 1703 3180 1756 τὸν
3235 1704 3487 1776 Ὕψιστον
3545 1701 3782 1778 ἐγγότητι,

2177 1790 2269 1844 τὸν
2304 1791 2498 1862 ὅμοιον
2524 1792 2727 1864 τρόπον
2759 1791 2849 1845 καὶ
2881 1792 2908 1845 ὁ
2944 1790 3294 1865 αὐτοκράτωρ
3326 1797 3438 1853 τοῖς
3493 1811 3548 1846 τε
3605 1789 3785 1864 ὑψηλο-

2177 1878 2360 1939 τάτοις
2410 1879 2630 1954 ἐξήρετο
2689 1878 3158 1953 φιλοσοφήμασιν,
3206 1877 3557 1935 συνδιικνεῖτο
3610 1877 3661 1934 δὲ
3709 1900 3782 1952 με·

412 1974 632 2029 bonum
667 1971 774 2026 hoc
797 1971 848 2026 ei
871 1971 1285 2042 suppeditante
1309 1971 1616 2041 sapientia.
1643 1969 1872 2024 Naturae
1910 1969 2066 2023 enim

2181 1965 2542 2044 γαλοπρεπῶς
2602 1966 2691 2022 καὶ
2734 1972 2873 2036 τοῖς,
2909 1967 3009 2021 ὅσα
3056 1969 3181 2042 περὶ
3219 1976 3324 2041 γῆν
3354 1969 3444 2023 καὶ
3475 1970 3583 2024 κατ’
3610 1967 3782 2041 ἄνθρω-

415 2061 709 2133 profunda
764 2059 1144 2132 perscrutari,
1179 2057 1434 2128 origines
1485 2076 1680 2114 rerum
1714 2058 2071 2128 investigare

411 2155 470 2206 et
498 2149 810 2205 crcationis
844 2148 1124 2219 mysteria
1183 2148 1463 2218 indagare
1514 2164 1704 2218 neque
1747 2144 2068 2216 zEsculapii

411 2243 755 2311 potuerunt,
790 2255 895 2294 nec
955 2237 1231 2308 quisquis
1290 2237 1444 2293 alius
1502 2237 1832 2294 eruditione
1873 2235 2069 2291 muni-

414 2334 534 2386 tus.

492 2826 579 2881 41.
613 2826 676 2881 In
707 2825 883 2882 rebus
930 2823 1184 2880 externis
1239 2831 1536 2891 strenuus,
1568 2823 1626 2878 in
1678 2825 1855 2880 rebus
1901 2824 2067 2880 inda-

419 2913 630 2988 gandis
659 2913 984 2986 perspicax,
1023 2929 1174 2968 unus
1231 2911 1496 2968 omnium
1557 2913 1806 2968 idoneus
1867 2913 1936 2968 ad
1980 2930 2071 2969 res

418 3003 781 3075 peragendae
815 3002 943 3056 fuit.
977 3005 1094 3056 Nec
1145 3000 1203 3056 in
1238 3000 1590 3072 conjecturis
1642 3002 1854 3068 stabat,
1887 3003 1987 3058 sed
2013 3003 2071 3058 in

417 3092 664 3149 veritate
696 3090 897 3147 omnia
925 3107 1055 3146 esse
1087 3089 1338 3158 volebat,
1371 3107 1476 3146 nec
1506 3090 1794 3146 sustinuit
1826 3091 1882 3146 id
1915 3093 2072 3162 quod

418 3180 867 3252 pronuntiatum
895 3184 1037 3249 erat,
1071 3180 1278 3236 cadere
1309 3179 1642 3247 irritum,ut
1671 3179 2070 3236 verisimilitu-

418 3272 555 3328 dine
580 3272 795 3327 ductus
845 3269 992 3326 alios
1033 3269 1352 3341 judicaret,
1386 3286 1533 3340 quos
1593 3287 1820 3343 graves,
1854 3275 1918 3326 ut
1945 3271 2072 3343 ipse

2179 2077 2304 2126 πον,
2359 2054 2548 2132 σοφίας
2630 2056 2776 2127 αὑτῷ
2827 2055 2916 2110 καὶ
2973 2060 3134 2110 τοῦτο
3191 2057 3690 2132 καταπραττομὲνης
3735 2055 3783 2108 τὸ

2179 2143 2399 2219 ἀγαθόν.
2483 2143 2704 2207 Φύσεως
2785 2148 2913 2218 γοῦν
2997 2143 3428 2218 κατασκέψασθαι
3515 2145 3661 2221 βάθη,
3711 2142 3781 2197 καὶ

2179 2231 2559 2306 αἰτιολογῆσαι
2659 2231 2885 2305 γένεσιν,
2958 2233 3048 2287 καὶ
3133 2231 3470 2307 ἀνακαλύψω
3553 2234 3784 2307 μυστήρια

2179 2319 2456 2389 πλάσεως,
2508 2318 2620 2375 οὔτ’
2665 2320 2726 2376 ἂν
2775 2319 3198 2392 ’Δσκληπιαδῶν
3233 2321 3502 2391 λεπτότης
3550 2321 3678 2396 εἶχεν
3724 2319 3782 2379 είς

2181 2411 2345 2485 σαφὲς
2406 2409 2580 2472 οὕτως
2637 2411 2905 2482 ἰκθέσθαι,
2969 2408 3094 2466 οὔτε
3169 2433 3252 2474 τις
3324 2409 3492 2481 λοιπὴ
3548 2410 3781 2482 ἐπιστήμη

2177 2499 2275 2551 τοῦ
2305 2496 2702 2574 φυσικεύεσθαι.

2257 2828 2364 2902 μα’.
2415 2829 2513 2885 Ἢν
2576 2825 2632 2883 δὲ
2687 2826 2884 2898 δεινὸς,
2943 2829 3035 2884 καὶ
3088 2835 3205 2892 τοῖς
3253 2829 3527 2897 ἐπιπολῆς
3567 2829 3658 2898 ,καὶ
3703 2845 3780 2882 κιτ

2183 2913 2305 2990 ὄψιν
2350 2912 2741 2994 προσϐάλλων,
2773 2918 2839 2973 τὰ
2875 2917 2927 2973 ἐν
2983 2919 3134 2994 βάθει
3182 2920 3552 2989 κατοπτεύειν,
3595 2917 3672 2975 καὶ
3719 2915 3780 2986 ἐξ·

2181 3000 2537 3084 ακριϐοὖσθαι
2608 3008 2908 3085 σοφωτάτῳ
2983 3007 3194 3086 φύσεως
3273 3011 3537 3085 γνώμονι.
3592 3007 3683 3065 Καὶ
3735 3005 3781 3060 τὸ

2181 3101 2406 3170 πρᾶγμα
2462 3095 2562 3150 οὐκ
2617 3095 2684 3164 ἦν
2753 3098 3132 3172 στοχάζεσθαι,
3188 3095 3318 3153 ἀλλ’
3374 3098 3500 3154 αὐτὸ
3563 3101 3704 3154 τοῦτο
3744 3093 3780 3146 iv

2183 3181 2412 3255 ἀληθείᾳ
2461 3183 2616 3253 εἶναι,
2665 3183 2755 3240 καὶ
2812 3186 2888 3258 μὴ
2931 3184 3265 3242 διεκπίπτειν
3328 3189 3390 3244 τὸ
3447 3185 3690 3258 λαληθὶν,
3725 3182 3774 3241 ὡς

2181 3273 2272 3326 καὶ
2331 3271 2702 3349 ετκοτολογίαν
2778 3273 2900 3328 τινὰ
2973 3273 3360 3352 συνελογίσατό
3425 3297 3542 3332 τινα
3591 3269 3772 3348 ἐμϐριθῆ

421 3365 565 3427 erat,
599 3362 700 3416 sed
735 3359 949 3432 probos
979 3375 1109 3416 esse
1135 3359 1339 3415 voluit.
1367 3359 1482 3414 Nec
1512 3359 1664 3415 alius
1695 3365 1818 3415 erat
1851 3368 2066 3430 noster,

2187 3360 2298 3424 (καὶ
2357 3362 2424 3430 ἦν
2473 3366 2723 3424 τοιοῦτος
2768 3363 2796 3418 6
2839 3364 3102 3436 νοηθεὶς),
3146 3363 3294 3420 ἀλλὰ
3338 3365 3530 3436 εὐήθη.
3580 3363 3668 3422 Καὶ
3709 3359 3780 3415 οὐκ

418 3449 712 3520 siquidem
745 3448 1241 3504 dissimulatorem
1271 3451 2072 3521 perscrutabatur,bominem

418 3538 724 3611 vulgarem
757 3537 1015 3609 penitius
1039 3537 1365 3607 judicabat,
1387 3542 1444 3593 et
1475 3539 1560 3593 sic
1582 3539 1856 3610 deinceps
1879 3539 2074 3594 omnis

421 3627 655 3701 generis
686 3631 743 3682 et
771 3626 1127 3682 conditionis
1159 3626 1448 3682 homines.
1482 3627 1644 3684 Unde
1685 3628 1960 3699 quisquis
1991 3628 2072 3682 vi-

424 3714 596 3783 derit,
628 3731 796 3772 renes
827 3719 886 3770 et
929 3715 1105 3771 corda
1160 3715 1468 3772 hominum
1526 3733 1659 3772 eum
1722 3717 2074 3788 perscrutari

423 3804 654 3874 dixerit,
688 3803 858 3877 quasi
889 3809 1099 3861 natura
1129 3805 1291 3862 intus
1349 3805 1578 3863 inclusa
1626 3822 1840 3862 arcana
1883 3824 1990 3863 sua
2021 3807 2072 3864 ei

425 3894 697 3967 aperiret.

492 4163 577 4218 42.
598 4162 768 4219 Novit
784 4179 1013 4234 quoque
1045 4161 1392 4234 magistrum
1418 4166 1683 4218 nostrum
1709 4164 1766 4218 in
1789 4163 2067 4236 eloquen-

419 4252 504 4309 tia
535 4253 737 4309 morbo
785 4252 1003 4307 latente
1044 4251 1316 4307 affectum
1367 4253 1571 4317 fuisse,
1602 4269 1736 4308 cum
1785 4253 2069 4325 sopbistis

413 4347 728 4412 praeesset;
761 4357 936 4411 quem
987 4340 1088 4412 qui
1136 4340 1391 4407 videbat,
1421 4358 1536 4396 non
1581 4341 1822 4413 longum
1855 4342 1906 4397 ei
1936 4343 2066 4397 vitae

410 4434 647 4502 tempus
679 4428 1112 4501 praenuntiavit.
1149 4430 1207 4484 Id
1241 4429 1523 4484 indicium
1559 4435 1797 4486 caeteros
1829 4431 2064 4501 quidem

412 4518 670 4588 latebat;
704 4519 801 4574 ille
832 4523 1030 4574 autem
1065 4518 1276 4590 majori
1298 4518 1601 4575 oculorum
1626 4519 1900 4575 acumine
1923 4535 2064 4590 gau-

411 4609 578 4680 dens,
612 4625 744 4664 cum
779 4613 1033 4680 apertas,
1055 4609 1273 4680 quibus
1304 4607 1503 4663 anima
1533 4606 1702 4678 quasi
1728 4607 1846 4662 exit
1869 4613 2064 4678 portas

2183 3455 2248 3520 ἦν
2309 3451 2548 3527 ἑτεροῖος
2607 3455 2634 3504 ὁ
2686 3453 3116 3526 γνωματευθείς’
3175 3451 3443 3510 διώπτευε
3497 3455 3584 3509 τὸν
3631 3448 3779 3524 κρυψί-

2183 3562 2330 3612 νουν,
2386 3545 2466 3612 τῷ
2523 3541 2682 3596 παντὶ
2756 3539 2925 3596 πλέον
2990 3541 3081 3596 τὸν
3137 3541 3485 3613 ἐπιπόλαιον,
3543 3541 3656 3604 τοὺς
3699 3541 3780 3593 τῶν

2185 3628 2393 3684 λοιπῶν
2454 3631 2603 3699 ἠθῶν
2663 3630 2892 3704 ὁμοίως.
2956 3631 3056 3686 Καὶ
3115 3632 3256 3686 εἶπεν
3310 3636 3370 3689 ἂν
3429 3633 3638 3696 ἐνταῦθα
3681 3625 3782 3682 ἷδὼν

2183 3719 2321 3780 ἅπας
2356 3720 2603 3774 ὁστισοῦν
2633 3717 2879 3794 καρδίαις
2927 3720 3092 3776 αὐτὸν
3141 3716 3460 3794 ἐμϐαθεύειν
3510 3719 3781 3796 ἀνθρώπων,

2181 3808 2256 3869 ὡς
2304 3808 2403 3876 τήν
2455 3807 2610 3885 φύσιν
2658 3803 2866 3864 ἔνδοδὲν
2918 3811 3077 3865 ποθεν
3111 3809 3257 3882 αὐτῷ
3287 3809 3534 3868 ἐκλαλεῖν
3590 3808 3650 3865 τὰ
3695 3801 3785 3859 καθ’

2181 3896 2374 3966 ἑαυτὴν
2404 3896 2707 3972 ἀπόρρητα.

2253 4163 2364 4238 μβ’.
2397 4160 2526 4220 Οἶδά
2581 4184 2713 4218 ποτε
2762 4163 2852 4218 καὶ
2894 4163 2986 4219 τὸν
3037 4162 3170 4238 ἐμὸν
3211 4165 3262 4220 ἰν
3294 4165 3483 4237 λόγοις
3510 4159 3783 4237 καθηγητὴν

2178 4250 2417 4307 ὕπουλόν
2474 4273 2593 4306 τινα
2648 4252 2806 4308 νόσον
2855 4254 3138 4331 τρέφοντα,
3169 4256 3258 4310 δτε
3315 4261 3423 4311 τῶν
3478 4248 3784 4328 σοφιστευόν-

2176 4362 2282 4394 των
2341 4338 2679 4414 προήδρευεο
2737 4341 2828 4395 καὶ
2886 4345 2920 4411 ἡ
2983 4338 3106 4416 ὄψις
3182 4342 3414 4416 ἇμήνυεν
3481 4343 3540 4398 οὐ
3611 4336 3787 4413 μακρὰν

2179 4430 2326 4498 ζωὴν
2378 4433 2458 4502 τῷ
2515 4427 2688 4503 ἀνδρί.
2753 4429 2847 4484 Καὶ
2904 4437 3026 4492 τοῖς
3111 4432 3204 4504 μὶν
3267 4430 3464 4498 ἄλλοις
3516 4429 3784 4506 ἀπρόοπτον

2175 4516 2241 4586 ἧν
2292 4517 2354 4572 τὸ
2406 4513 2809 4591 σημαινόμενον
2845 4538 2856 4550 ·
2920 4520 2948 4574 6
2999 4516 3056 4574 δὲ
3114 4521 3473 4597 νοερωτέραις
3537 4511 3788 4575 ἐπιϐολαῖς

2176 4601 2350 4678 ὅψεως
2407 4611 2875 4681 παρανοιγομὲνας
2943 4611 3058 4662 οἷον
3129 4607 3354 4682 θυρίδας
3424 4606 3684 4682 ἑωρακὼς,
3731 4597 3786 4653 δι’

409 4697 1008 4768 vidisset,proximam
1031 4697 1289 4753 hominis
1312 4701 1558 4751 mortem
1594 4696 1876 4767 praedixit.
1905 4697 2065 4752 Abiit

2181 4694 2247 4748 ὧν
2327 4691 2440 4748 οἶδε
2506 4697 2664 4799 ψυχὴ
2735 4695 3090 4772 ἀπέρχεσθαι,
3149 4697 3365 4773 προὲφη
3414 4700 3513 4766 τὴν
3564 4694 3622 4750 οὐ
3677 4687 3788 4793 μετά

409 4786 935 4858 ille,praedicti0nis
964 4786 1120 4841 haud
1155 4787 1488 4840 immernor.
1523 4784 1858 4840 Morborum
1893 4803 2060 4842 cura-

406 4877 598 4932 tiones
623 4876 894 4931 eumdem
925 4876 1192 4932 ordinem
1217 4874 1606 4930 servant.Non
1637 4874 1790 4929 enim
1819 4876 1986 4931 utilia
2007 4881 2066 4932 et

2176 4784 2381 4859 μακρὸν
2412 4781 2592 4854 ἔξοδον
2643 4788 2739 4838 τοῦ
2790 4783 3003 4860 ἀνδρός.
3048 4787 3142 4840 Καὶ
3206 4785 3448 4856 ἀπῆλθεν
3495 4785 3701 4847 ἐκεῖνος,
3739 4773 3784 4830 οὗ

2173 4874 2709 4948 παραπροθεσμήσας
2740 4875 2838 4942 τὴν
2893 4874 3222 4949 πρόγνωσιν.
3257 4872 3444 4930 Νόσων
3501 4872 3556 4929 δὲ
3609 4870 3785 4926 autem

406 4963 669 5019 efficacia
697 4963 920 5020 invenit
952 4961 1297 5030 remedia,id
1322 4962 1475 5032 quod
1509 4962 1683 5017 veteri
1722 4963 2062 5020 Prometheo

2181 4970 2271 5031 τῆς
2306 4961 2474 5030 αὐτῆς
2503 4964 2589 5017 καὶ
2646 4961 2804 5018 αὐταὶ
2860 4969 3040 5038 σειρᾶς
3075 4961 3316 5038 ἔχονται.
3351 4965 3430 5023 Οὐ
3461 4965 3560 5038 γὰρ
3611 4952 3785 5036 χρησιᾶ

407 5053 822 5120 attribuerunt,
855 5069 984 5122 quae
1034 5049 1187 5122 regia
1235 5051 1308 5104 ab
1342 5051 1650 5120 egentibus
1696 5055 1754 5106 et
1783 5057 2062 5123 sumptus

405 5142 924 5214 suppeditantibus
941 5139 1845 5210 nuncupantur(suhministrant
1865 5147 2058 5196 autem

403 5235 680 5302 sumptus
701 5229 916 5302 publici
946 5228 1200 5300 praefecti
1226 5229 1584 5300 pauperibus
1608 5233 1671 5282 ut
1691 5229 1910 5283 donum
1935 5247 2060 5302 gra-

2177 5051 2340 5124 μόνον
2380 5051 2554 5125 ἐξεῦρε
2602 5052 2690 5106 καὶ
2739 5052 2901 5106 πιστὰ
2949 5054 3226 5127 φάρμακα,
3260 5054 3288 5108 ’ὃ
3321 5051 3387 5124 δή
3419 5074 3499 5114 τις
3538 5045 3784 5126 ἐπιγράφει

2171 5143 2248 5210 τῷ
2280 5137 2502 5211 παλαιῷ
2538 5142 2822 5216 Προμηθεῖ
2853 5141 3272 5218 σεμνολόγημα,
3298 5145 3378 5204 οἷς
3412 5139 3478 5210 δὴ
3513 5134 3786 5214 βασιλικοῖς

2171 5226 2311 5282 ἐστιν
2373 5226 2710 5304 ἐπιλέγεσθαι
2764 5230 2898 5304 πρός
2939 5251 2998 5284 τε
3044 5234 3152 5286 τῶν
3204 5231 3532 5306 χρωμένων,
3576 5223 3697 5300 πρός
3737 5238 3784 5272 τε

399 5319 669 5390 tuitum);
693 5319 792 5374 sed
821 5325 1024 5389 praeter
1045 5317 1487 5374 adinventiones
1505 5315 1636 5373 illas
1658 5323 1922 5374 recentes
1946 5336 2059 5374 non

2181 5321 2273 5372 τῶν
2347 5317 2735 5393 χορηγούντων
2796 5323 3121 5395 (χορηγοῦσι
3184 5317 3242 5375 δὶ
3299 5317 3555 5392 δημόσιοι
3619 5310 3782 5383 ταμίαι

401 5409 736 5482 negligebat
765 5407 1147 5478 antiquiores.
1181 5407 1223 5462 Ii
1255 5412 1623 5477 mgrotantes,
1657 5409 1726 5462 ad
1772 5424 1918 5477 quos
1949 5408 2060 5462 im-

2171 5402 2318 5460 δόσιν
2350 5403 2583 5480 ἄφθονον
2617 5406 2754 5461 αὑτὰ
2782 5407 2872 5462 καὶ
2923 5407 2999 5470 εἷς
3049 5406 3254 5484 δωρεὰν
3310 5414 3429 5472 τοῖς
3472 5401 3764 5483 χρῄζουσιν)

404 5495 693 5568 peratoris
745 5513 912 5551 sacra
959 5512 1210 5567 persona
1260 5496 1532 5550 accedere
1581 5511 1697 5550 non
1741 5499 1967 5566 poterat
1999 5499 2062 5551 ut

2181 5493 2314 5549 ἰλλὰ
2369 5496 2506 5571 πρὸς
2564 5501 2679 5557 τοῖς
2747 5501 2957 5558 καινοῖς
3035 5482 3306 5574 εὑρημασι
3358 5482 3569 5558 τούτοις
3617 5489 3696 5546 καὶ
3731 5482 3784 5537 τὰ

403 5585 593 5640 morbi
617 5589 891 5640 naturam
925 5586 1321 5657 ind:.igaret,et
1352 5585 1574 5640 malum
1609 5585 1930 5640 secundum
1966 5603 2057 5641 ar-

401 5673 479 5727 tis
506 5669 740 5740 regulaa
771 5673 1105 5742 expelleret,
1139 5674 1211 5728 de
1259 5674 1463 5728 morbo
1495 5689 1602 5727 suo
1633 5673 1705 5728 ad
1741 5673 2057 5744 imperato-

405 5773 529 5812 rem
562 5755 758 5810 referri
795 5760 1102 5825 curabant,
1135 5759 1258 5828 qui,
1290 5777 1360 5813 ex
1418 5759 1637 5826 relatis,
1669 5761 1741 5815 de
1780 5761 2056 5818 remediis

2167 5582 2339 5639 πάλαι
2414 5585 2855 5660 προϋποκείμενα
2942 5588 3386 5663 θαυμασιώτερον
3463 5581 3779 5659 ἐξειργάζετο·

2168 5673 2266 5737 Οἷς
2319 5673 2420 5748 γὰρ
2482 5674 2586 5729 οὐκ
2643 5671 2821 5729 ίδίδου
2877 5676 2939 5730 τὸ
2994 5683 3095 5746 τῆς
3143 5675 3416 5750 βασιλείας
3447 5674 3589 5729 ὅσιον
3645 5663 3780 5722 αὐτὸν

2167 5768 2413 5838 παρεῖναι
2442 5764 2533 5818 τὸν
2567 5765 2900 5839 θεραπευτὴν
2947 5765 3346 5840 αὐτοκράτορα,
3379 5765 3455 5826 ὡς
3501 5761 3589 5818 καὶ
3647 5753 3782 5828 πείρᾳ
