4066 6434
283 514 440 576 1005

345 667 475 700 ωναι
555 666 654 713 την

275 670 475 722 γνωναι
555 670 654 713 την
747 670 1072 717 κακουργιαν
1155 670 1252 693 ἰυυ
1320 670 1769 714 αμμωυιι,μυιιυῑ,,
1844 670 1928 689 (ut:

275 737 343 809 τῇ
423 730 722 804 δυστροπίᾳ
792 737 891 800 τῆς
965 728 1125 783 νόσου
1187 729 1526 802 τεχνηέντως
1588 725 1928 800 ἐπεξαγαγεῖν

275 823 486 889 ἑαυτὸν,
546 819 674 877 ἀλλ’
731 819 955 882 ἐνταῦθα
1010 816 1269 892 ὑπούργει
1332 815 1426 889 μὲν
1488 815 1648 883 ἀκοή,
1699 815 1827 877 νοῦς
1875 811 1932 868 δὲ

274 911 642 987 γνωματεύων
718 911 817 978 τὴν
883 906 1165 982 θεραπείαν
1235 902 1589 976 ἐξὲστελλεν.
1663 901 1928 959 Ἐλεπτο·

275 1001 430 1076 λόγει
465 997 538 1055 δι’
593 999 935 1075 ἐρωτήσεως,
967 996 1032 1050 τά
1063 999 1158 1050 τοῦ
1188 994 1441 1067 κειμένου
1486 991 1768 1066 ἐμάνθανε,
1822 990 1928 1046 διε-

274 1090 560 1167 γίνωσκεν,
593 1088 868 1158 ἐπέταττε,
909 1085 998 1140 καὶ
1032 1083 1394 1155 ἐπηκολούθει
1443 1084 1511 1137 τά
1555 1089 1657 1147 τῆς
1715 1081 1926 1144 ἷασεως’

271 1179 339 1236 τὰ
369 1176 556 1234 πολλὰ
587 1174 645 1232 δὲ
672 1176 764 1232 καὶ
793 1174 930 1252 πρὸς
961 1173 1143 1236 αὐτοῖς
1172 1173 1421 1234 θανάτοις
1451 1192 1510 1226 τε
1537 1170 1626 1226 καὶ
1657 1171 1718 1238 ἦν
1756 1170 1924 1225 εἰπεῖν

273 1268 573 1346 προσφυὲς,
606 1267 683 1329 ὡς
715 1268 913 1341 μικροῦ
944 1261 1278 1340 ἐρωτῶν,καὶ
1306 1265 1414 1317 ποῦ
1440 1261 1716 1331 θάπτεται,
1741 1258 1928 1315 ἀνίστα

271 1364 372 1428 τῆς
405 1350 785 1433 θανατηφόρου
814 1354 978 1409 νόσου
1004 1353 1096 1408 τὸν
1129 1353 1426 1426 κάμνοντα.

424 1554 436 1572 ι
515 1554 538 1571 ευ
835 1548 848 1568 ε
959 1548 974 1566 ν
1018 1550 1070 1581 ι..
1257 1547 1267 1566 '
1570 1548 1643 1580 ’γρ
1759 1548 1781 1564 "

351 1575 456 1630 μγ.
541 1556 580 1606 O
638 1548 695 1605 δὶ
763 1570 852 1605 και
932 1570 1091 1603 sic“:
1168 1547 1335 1604 πλεον
1407 1559 1696 1620 θαυμαςιιν
1754 1548 1926 1618 αξιον.

273 1643 651 1718 κατειργάζετο
731 1639 824 1712 μὲν
905 1639 1066 1693 αὐτὸν
1146 1639 1179 1706 ἡ
1259 1637 1536 1713 χείριστος
1600 1633 1776 1706 νόσος,
1835 1637 1926 1692 τὸν

275 1732 539 1804 κοσμικὸν
616 1727 870 1802 θεμέλιον
950 1725 1382 1800 ὑπονομεύουσα.
1461 1726 1563 1783 Καὶ
1634 1726 1767 1795 αύτή
1831 1728 1926 1801 μὶν

279 1820 421 1876 δεινὰ
470 1818 659 1889 ἐποῖει,
708 1821 1114 1882 καθυποσπῶσα
1176 1817 1276 1884 τὴν
1325 1815 1503 1894 φύσιν,
1556 1817 1643 1870 καὶ
1695 1818 1786 1871 τὸν
1837 1816 1926 1872 έκ-

274 1911 368 1972 τὸς
436 1907 718 1964 ἄνθόωπον
784 1905 1122 1982 βλάπτουσα*
1185 1906 1211 1960 6
1268 1903 1324 1959 δέ

275 1999 608 2071 σωζόμενος,
670 1995 747 2060 εἲς
806 1993 1119 2069 ὀλόκληρον
1177 1999 1292 2056 τοῖς
1347 2015 1404 2049 τε
1464 1993 1657 2058 ἄλλοις
1719 1995 1928 2069 ἐξήρκει

273 2087 488 2149 καλοῖς.
525 2085 626 2142 Καί
655 2106 774 2139 τινα
828 2083 1047 2160 βλέπων
1075 2087 1208 2152 τῶν,
1267 2083 1386 2137 ὅσοι
1446 2083 1581 2158 πρὸς
1645 2084 1934 2159 βασιλικήν

276 2176 578 2250 ἐξικνοῦντο
639 2175 782 2241 θέαν,
844 2173 1028 2246 ὁμοίῳ
1087 2172 1243 2226 πάθει
1302 2173 1732 2246 προστετηκότα,
1768 2175 1930 2246 μεθό-

277 2263 390 2327 δοις
429 2264 588 2337 ἐνῆγε
640 2263 1052 2337 θεραπευτικαῖς
1108 2263 1550 2336 προμηθέστατα.
1605 2261 1702 2316 Καὶ
1760 2261 1932 2335 ἐμέμ-

276 2375 404 2432 φετο
463 2354 558 2426 μὶν
615 2351 706 2405 τὸν
759 2346 1090 2423 ἄνθρωπον,
1148 2351 1230 2411 οἷς
1281 2351 1471 2404 ἑαυτοῦ
1551 2349 1765 2424 ἀμελὴς
1823 2352 1932 2425 ἐξὲ-

275 2461 456 2498 πιπτε·
516 2442 807 2517 κατήρτιζε
857 2436 909 2492 δῖ
955 2439 1090 2512 πρὸς
1141 2438 1362 2514 ὑγίειαν.
1412 2439 1477 2497 Ei.
1534 2437 1591 2494 δὲ
1641 2440 1782 2495 οὕτω
1836 2443 1930 2514 μὲν

277 2533 528 2588 ἀπώνατο
581 2529 672 2584 καὶ
726 2527 989 2603 περίεστι,
1057 2528 1084 2581 ὁ
1135 2525 1192 2582 δὲ
1252 2529 1576 2604 καθηγεμὼν
1624 2530 1789 2585 αὐτοῦ
1837 2535 1935 2585 τοῦ

274 2622 479 2697 ἀγαθοῦ
506 2617 869 2688 ἀπελήλυθεν,
917 2616 1102 2691 ἓτερος
1134 2617 1192 2670 ἄν
1243 2638 1326 2678 τις
1378 2617 1720 2689 θαυμάσειεν.
1771 2621 1932 2692 Ἡμῖν

272 2711 372 2786 γὰρ
402 2707 510 2784 ούχ
566 2705 708 2761 οὕτω
759 2703 941 2759 δοτέον
993 2705 1296 2776 μαίνεσθαι,
1359 2705 1434 2768 ὡς
1478 2712 1707 2761 τοιαῦτα
1766 2713 1930 2762 νοεῖν.

276 2795 605 2872 Ἀνδρίζεταί
675 2815 757 2855 τις
801 2795 1084 2869 ἡρωϊκῶς,
1142 2793 1230 2847 καὶ
1290 2793 1525 2869 συχνοὺς
1587 2795 1765 2871 ῥίπτει
1823 2802 1931 2852 τῶν

275 2885 579 2960 πολεμίων,
639 2884 823 2938 πίπτει
883 2879 940 2936 δέ
994 2903 1125 2937 ποτε
1176 2881 1265 2936 καῖ
1325 2883 1510 2946 αὐτός.
1544 2883 1641 2938 Kal
1675 2885 1774 2940 οὐκ
1820 2884 1929 2957 ἤδη

273 2977 336 3031 τὸ
394 2973 640 3049 ἀνδρεῖον
709 2967 1057 3045 περιᾴδεσθαι
1137 2974 1624 3047 συγκαταπέπτωκε
1701 2980 1779 3047 τῷ
1838 2976 1934 3030 ἀν-

275 3063 382 3141 δρί.
448 3061 646 3137 Μακρά
716 3081 800 3122 τις
871 3054 1228 3134 κυϐερνήσας,
1304 3062 1391 3116 καὶ
1475 3061 1702 3138 μυρίους
1775 3063 1933 3127 ὅσους

273 3153 736 3231 περισωσάμενος,
816 3149 927 3204 εἶτα
1007 3149 1318 3222 βαψάμενος
1396 3149 1449 3213 ἐς
1523 3151 1768 3226 ἁλμυρὸν
1844 3155 1935 3228 βυ-

272 3244 390 3312 θὸν,
448 3235 786 3314 ἐξαπόλωλε.
849 3237 950 3293 Καὶ
1015 3237 1076 3292 οὗ
1109 3236 1404 3313 συγκατέδυ
1452 3241 1530 3313 τῷ
1571 3241 1841 3318 ἀνθρώπῳ
1871 3245 1933 3298 τὸ

265 3336 366 3387 τοῦ
425 3328 602 3401 δεξιοῦ
657 3321 995 3400 κυϐερνήτου
1049 3322 1260 3400 ὄνομα.
1321 3328 1738 3401 ’Λσκληπιάδης
1799 3332 1934 3387 κατᾶ

1383 1904 1530 1969 ἐντὸς
1577 1905 1928 1983 αὐτοκράτωρ

1139 505 1542 570 MANUELIS
1587 502 1945 565 COMNENI
1989 501 2388 565 LAUDATIO
2431 496 2847 563 FUNEBRIS.

747 639 1072 717 κακουργῖαν
1155 642 1252 693 τοῦ
1320 635 1769 714 ἀῤῥωστήματος,
1842 634 1932 689 καὶ

2050 633 2398 692 adhibendis
2438 631 2751 689 consilium
2798 629 2978 686 dedit.
3012 628 3092 683 De
3123 627 3387 683 minimis
3417 627 3573 682 enim
3599 626 3692 682 in-

3533 493 3695 555 1006

2041 723 2397 796 terrogabat,
2426 721 2624 794 aegroti
2671 719 2898 775 vivendi
2947 735 3133 790 genus
3164 721 3567 788 perscrutatus
3600 716 3696 770 di-

2042 813 2377 884 gnoscebat,
2430 809 2820 882 praecipiebat,
2855 807 3040 862 morbi
3088 805 3329 860 curandi
3363 821 3604 860 cursum
3638 808 3695 859 et

2040 902 2302 973 regimen
2325 900 2690 955 observabat.
2715 897 3094 952 Moribundos
3119 895 3354 967 parcius
3377 895 3693 964 interroga-

2041 991 2142 1045 bat
2191 989 2262 1044 de
2319 987 2642 1054 doloribus,
2704 987 2773 1040 de
2830 983 3156 1056 sepultura,
3190 1000 3308 1054 qua
3364 998 3425 1037 re
3470 982 3690 1036 factum

2039 1082 2129 1134 est
2159 1081 2222 1132 ut
2254 1078 2454 1132 morbo
2485 1074 2686 1131 lethali
2716 1073 3120 1129 laborantibus
3153 1071 3390 1142 aliquod
3423 1070 3686 1127 solamen

2038 1167 2290 1222 afferret.

2111 1558 2198 1612 43.
2244 1555 2407 1619 Quod
2469 1557 2666 1610 autem
2723 1552 3052 1610 mirabilius
3107 1556 3196 1609 est
3252 1553 3521 1609 narrabo.
3551 1553 3694 1610 Cum

2039 1646 2249 1704 acerba
2279 1643 2523 1700 morbus
2555 1659 2688 1699 eum
2738 1646 2993 1712 vexaret,
3025 1642 3285 1714 corporis
3326 1642 3696 1698 constitutio-

2041 1754 2173 1792 nem
2235 1750 2612 1799 consumens,
2648 1739 2704 1787 et
2749 1732 2901 1787 vires
2952 1732 3310 1787 corrodendo
3361 1730 3697 1786 interiorem

2040 1822 2408 1878 interimeret
2436 1819 2762 1886 hominem,
2795 1835 2964 1874 mens
3012 1823 3206 1875 tamen
3241 1835 3384 1874 sana
3422 1819 3698 1876 omnibus

2041 1911 2246 1968 ofﬁciis
2299 1926 2503 1965 vacare
2554 1912 2798 1980 poterat.
2846 1908 2937 1963 Sic
2988 1907 3244 1980 aliquem
3275 1907 3483 1964 videns
3515 1909 3696 1964 simili

2044 2001 2247 2057 morbo
2293 1999 2682 2068 laborantem,
2711 1997 3073 2054 curationem
3109 1997 3364 2053 maxima
3394 2014 3528 2053 cum
3564 1997 3698 2053 dili-

2043 2088 2240 2162 gentia
2273 2086 2551 2152 instituit,
2584 2090 2639 2142 et
2689 2101 2866 2158 quem
2916 2090 3214 2141 mortuum
3258 2103 3400 2143 sane
3429 2087 3696 2157 luxisset,

2044 2182 2111 2233 ad
2147 2177 2463 2233 sanitatem
2498 2175 2746 2231 reduxit.
2781 2174 2886 2238 Qui
2920 2174 2968 2229 si
3019 2191 3174 2230 nunc
3207 2180 3506 2248 superstes
3535 2177 3698 2245 vivit,

2045 2268 2192 2322 alter
2221 2270 2444 2331 autem,
2474 2265 2565 2319 cui
2618 2263 2930 2320 sanitatem
2963 2263 3211 2320 debebat
3239 2265 3552 2322 defunctus
3584 2271 3695 2334 est,

2045 2374 2160 2412 non
2214 2355 2412 2410 minus
2460 2353 2676 2408 mirum
2720 2353 2990 2421 videtur;
3040 2369 3158 2408 non
3207 2353 3351 2409 item
3382 2355 3576 2426 nobis,
3601 2357 3701 2427 qui

2045 2464 2164 2502 rem
2201 2445 2431 2501 meliori
2469 2447 2664 2500 mente
2715 2442 3204 2515 contemplemur.
3236 2445 3486 2501 Fortiter
3512 2463 3574 2502 se
3604 2463 3705 2520 ge-

2043 2537 2226 2592 rendo
2259 2534 2476 2606 aliquis
2510 2535 2566 2588 in
2599 2549 2800 2605 pugna
2830 2533 3048 2588 multos
3073 2533 3241 2588 caedit
3269 2534 3487 2606 hostes,
3505 2539 3564 2591 at
3595 2553 3702 2608 po-

2045 2630 2266 2681 stremo
2295 2624 2422 2696 ipse
2453 2639 2685 2694 quoque
2714 2622 2892 2687 cadit,
2926 2639 3032 2677 nec
3082 2623 3228 2679 forte
3259 2623 3450 2679 adhuc
3483 2626 3706 2681 invenit

2044 2731 2176 2770 eum
2213 2713 2312 2783 qui
2344 2713 2474 2784 ejus
2505 2710 2776 2783 praeclare
2827 2711 2978 2767 facta
3021 2711 3257 2784 hymnis
3305 2713 3574 2769 celebret.
3609 2715 3702 2771 Sic

2044 2804 2141 2858 diu
2177 2801 2392 2873 aliquis
2422 2817 2626 2856 navem
2661 2800 3262 2871 gubernavit,multos
3293 2801 3700 2870 salvavit,tan-

2046 2891 2175 2946 dem
2210 2891 2269 2945 in
2303 2906 2463 2944 mare
2496 2889 2854 2960 profundum
2885 2887 3088 2959 lapsus
3139 2889 3330 2960 periit,
3364 2906 3469 2948 nec
3498 2897 3695 2949 tamen

2043 2980 2181 3035 boni
2218 2979 2424 3034 navitas
2455 2977 2700 3050 gloriam
2735 2977 3011 3049 perdidit.
3045 2978 3139 3033 Sic
3170 2979 3539 3052 Aisculapius
3570 2982 3696 3054 ipse

2044 3085 2112 3124 ex
2163 3073 2249 3123 tot
2307 3067 2528 3122 morbis
2578 3066 2877 3136 liberator,
2929 3067 3100 3120 toties
3150 3073 3464 3124 coronatus
3495 3069 3552 3125 in
3586 3071 3696 3127 hoc

2042 3157 2295 3212 victoriae
2326 3171 2558 3228 genere,
2583 3169 2944 3225 nequaquam
2971 3153 3141 3208 morti
3166 3170 3278 3208 non
3315 3157 3697 3213 succumbere

2048 3249 2273 3317 potest;
2308 3260 2414 3300 nec
2445 3249 2640 3299 tamen
2669 3243 2780 3297 viri
2832 3259 3078 3298 coronas
3109 3244 3234 3299 sine
3265 3245 3563 3315 injustitia
3593 3264 3696 3302 au-

2043 3337 2206 3404 feret,
2242 3351 2345 3407 per
2373 3349 2548 3389 omne
2577 3336 2814 3404 tempus
2844 3331 3084 3387 victoris
3113 3349 3325 3388 nomen
3359 3333 3638 3392 habituri.

262 3421 437 3475 νόσων
518 3417 955 3494 παγκρατιάζων,
1012 3417 1104 3472 καὶ
1164 3418 1339 3492 συχνά
1396 3421 1898 3497 στεφανωσάμενος,
1952 3421 2050 3477 οὐκ
2109 3418 2215 3485 ἔσθ’
2276 3423 2429 3484 ὅπως
2484 3419 2544 3475 οὐ
2605 3425 2847 3474 πεσεῖται
2906 3421 3136 3491 θανάτῳ.
3195 3420 3292 3473 Καὶ
3347 3420 3446 3475 οὐκ
3501 3422 3561 3476 ἄν
3610 3445 3693 3488 τις

267 3508 493 3571 δικαίως
568 3507 700 3570 τοὺς
775 3508 1069 3585 στεφάνους
1128 3505 1406 3584 ἀφελεῖται
1436 3513 1534 3563 ’1τοὖ
1595 3506 1825 3588 ἀνδρὸς,
1900 3510 2047 3567 ἀλλὰ
2097 3510 2511 3585 κληρονομήσει
2569 3514 2670 3579 τῆς
2721 3514 3010 3579 νικητικῆς
3059 3505 3149 3563 διὰ
3203 3510 3438 3580 παντὸς,
3498 3509 3697 3577 ἐκεῖνος

265 3597 538 3670 κλήσεως.

351 3865 457 3941 μδ’.
515 3865 674 3926 Οῧτω
732 3865 798 3936 δὴ
853 3867 943 3922 καὶ
993 3868 1020 3921 6
1061 3865 1428 3941 ύμνούμενος,
1497 3868 1548 3922 ἐν
1626 3872 1708 3932 οῖς
1770 3869 2002 3940 αύτὸςδ

273 3958 520 4035 ἔπασχε,
605 3965 722 4021 τοῖς
803 3961 1219 4033 πειραζομένοις
1308 3961 1526 4036 βοηθεῖν
1609 3959 1928 4034 δυνάμενος,

275 4049 432 4123 ὅμως
481 4047 822 4120 καλούμενος
864 4049 1002 4121 πρὸς
1057 4053 1154 4102 τοῦ
1195 4048 1522 4124 κρείττονος,
1561 4048 1927 4120 ἀπελήλυθεν,

275 4134 422 4215 ἔχων
484 4137 837 4211 σεμνύνεσθαι
897 4137 967 4208 τῇ
1039 4135 1129 4190 καὶ
1196 4141 1304 4191 τῶν
1382 4139 1760 4213 σμικροτάτων
1820 4139 1932 4192 ἐπι-

274 4231 486 4306 στροφῇ
557 4225 647 4281 διὰ
712 4225 839 4280 τοὺς
909 4226 1145 4280 ἑκάστων
1197 4224 1485 4302 ἀγγέλους,
1547 4225 1599 4280 o'i
1657 4247 1932 4300 παραστα-

272 4320 429 4370 τοῦσι
462 4320 604 4388 Θεῷ.
645 4316 738 4376 Οἷς
775 4315 868 4387 μὲν
899 4315 989 4368 οὖν
1017 4313 1080 4368 τὸ
1109 4319 1260 4369 Θεῖον
1296 4315 1771 4391 σμικρολογεῖται,
1809 4315 1936 4372 ἀλλ’

276 4403 506 4466 ἐκείνοις
573 4404 954 4478 εὐαρεστεῖται,
1033 4402 1198 4478 μέχρι
1275 4405 1363 4458 καὶ
1445 4404 1519 4466 εἷς
1589 4401 1823 4475 σελήνην
1885 4404 1935 4478 ἐξ

285 4493 522 4566 ὑψίστων
573 4497 846 4568 χαλᾶσθαι
895 4493 994 4562 τήν
1032 4498 1131 4561 τῆς
1182 4492 1450 4567 Προνοίας
1497 4494 1697 4568 σειράν’
1751 4493 1837 4548 ἐπὶ
1883 4492 1940 4550 δέ

278 4604 342 4658 γε
369 4587 488 4644 τοῖς
538 4581 736 4646 ἐκεῖθεν
787 4581 877 4636 καὶ
926 4581 1051 4658 περὶ
1107 4583 1256 4654 ἡμᾶς
1305 4582 1381 4654 μὴ
1440 4583 1500 4636 ἄν
1560 4581 1760 4638 ἐθέλειν
1811 4582 1941 4659 γλι-

282 4670 606 4746 σχρεύεσθαι
696 4671 797 4739 τὴν
890 4671 1144 4740 θειότητα
1229 4670 1941 4747 συγκατακέρματιζομένην

279 4766 398 4821 τοῖς
452 4758 595 4814 οὕτω
653 4757 1040 4834 πολυσχιδέσι,
1109 4757 1197 4813 καὶ
1253 4759 1673 4834 ἀπασχολοῦσαν
1725 4762 1942 4829 ἑαυτὴν,

281 4848 410 4904 ἔνθα
464 4847 527 4902 16
581 4847 986 4922 σμικροπρεπὶς
1037 4846 1383 4921 ἐπιλέγεται.
1437 4849 1567 4911 Θεὸς
1623 4847 1680 4903 δὲ
1723 4851 1809 4904 καὶ
1867 4850 1944 4903 ἐν-

353 4939 380 4950 -ν
491 4931 547 4968 (l-
771 4934 793 4970 ,Ι
964 4955 976 4966 θ
1101 4935 1115 4952 \
1207 4933 1220 4954 ,
1324 4930 1344 4949 ’⁷
1593 4937 1604 4957 9
1720 4943 1742 4952 ν

277 4946 454 4998 ταυθα
495 4955 646 5010 ειερα
698 4933 956 5009 βοολεται
1031 4955 1117 4988 και
1165 4955 1228 4987 ου
1278 4955 1423 5012 φερει
1478 4957 1586 5011 παρ
1635 4939 1770 5008 ἡμιν
1822 4935 1942 4990 ἀτέ-

281 5044 437 5100 χνως
490 5022 865 5095 σεμνύνεσθαι,
937 5021 1027 5077 καὶ
1094 5024 1454 5097 προσχήματι
1526 5021 1950 5098 μεγαλειότητος

284 5108 602 5184 εὐμεθόδως
657 5111 1182 5185 κατασμικρύνεσθαι
1217 5153 1228 5164 .
1292 5113 1361 5167 Ἦ
1411 5113 1511 5187 γὰρ
1582 5113 1644 5165 ού
1701 5133 1946 5189 τυραννει

285 5199 421 5256 Θεὸν
474 5198 728 5275 ἄντικρυς
793 5201 820 5252 ὁ
869 5205 985 5261 τοῖς
1057 5199 1152 5272 μὲν
1224 5199 1360 5272 ὑψοῦ
1417 5198 1728 5277 ἐπιπρέπειν
1789 5202 1948 5257 αὐτὸν

285 5287 494 5362 ἀφιεὶς,
545 5292 654 5342 τῶν
707 5284 766 5341 δὲ
803 5287 926 5362 περὶ
977 5289 1126 5359 ἡμᾶς
1153 5285 1248 5340 οὖν
1283 5287 1432 5350 ἐντὸς
1468 5288 1599 5343 εἶναι
1633 5291 1943 5368 σοφιστευό-

290 5395 476 5448 μενος,
510 5376 596 5430 καὶ
645 5374 712 5428 τὰ
761 5375 878 5428 κατ’
927 5371 1235 5446 ἄνθρωπον,
1296 5374 1354 5438 ὅς
1383 5373 1449 5447 δὴ
1504 5376 1809 5452 βασιλεύειν
1839 5385 1944 5435 τῶν

286 5464 381 5519 ἐπὶ
410 5471 512 5538 γῆς
567 5462 894 5531 πέπλασται,
951 5461 1174 5537 ἀπάγων
1207 5468 1376 5535 Θεοῦ;
1438 5465 1512 5527 ὡς
1561 5464 1619 5520 ἂν
1677 5467 1820 5522 οὕτω
1850 5474 1948 5523 τοῦ

284 5550 383 5607 καὶ
455 5547 810 5624 παμϐασιλὲα
881 5551 1084 5606 ἐκεῖνον
1163 5553 1293 5606 εἶναι
1374 5553 1630 5618 ὑπούλως
1689 5556 1947 5634 ἀφέλοιτο

282 5638 382 5698 καὶ
447 5641 553 5713 μὴν
615 5646 754 5704 θεῖον
807 5639 1030 5711 ἀληθῶς
1096 5643 1130 5711 ἡ
1191 5640 1241 5695 ἐν
1301 5643 1531 5717 προνοίᾳ
1587 5643 1945 5718 λεπτοτομῖα,

286 5727 387 5786 καὶ
437 5729 500 5783 τὸ
552 5727 603 5782 ἐν
645 5735 764 5792 τοῖς
814 5727 1127 5804 ἁδροτέροις
1159 5728 1496 5786 ἀνελικτικόν
1560 5753 1617 5788 τε
1669 5736 1757 5789 καὶ
1820 5736 1948 5790 ἀνα-

291 5818 545 5876 λυτικόν·
617 5817 679 5872 οὗ
738 5816 805 5886 δὴ
861 5819 971 5895 πρὸ
1023 5820 1241 5874 πάντων
1300 5820 1502 5896 ἀνάγκη
1568 5823 1812 5899 μετέχειν
1856 5826 1949 5881 τὸν

2113 3873 2199 3927 44.
2233 3873 2324 3928 Sic
2371 3870 2764 3936 Andronicus,
2805 3885 2982 3941 quem
3041 3870 3385 3928 defunctum
3433 3873 3690 3932 celebra-

2040 3963 2261 4025 mus,in
2295 3960 2510 4031 quibus
2534 3961 2657 4031 ipse
2679 3975 2889 4029 passus
2905 3964 3226 4025 est,contra
3241 3976 3309 4016 ea
3330 3963 3692 4033 patientibus

2041 4050 2364 4119 epitulatus
2397 4054 2505 4115 est,
2555 4052 2839 4119 quantum
2891 4052 3108 4118 posset,
3141 4048 3269 4120 ipse
3298 4050 3368 4106 ab
3410 4054 3697 4126 Omnipo-

2041 4143 2200 4194 tente
2233 4136 2560 4210 appellatus
2583 4135 2832 4191 excessit
2851 4136 3222 4192 venerandus
3251 4137 3427 4195 etiam
3459 4158 3699 4198 conver-

2045 4227 2269 4282 satione
2299 4243 2431 4281 cum
2466 4225 2856 4298 singulorum,
2889 4225 2990 4296 qui
3039 4224 3155 4280 Deo
3205 4231 3422 4295 astant,
3455 4232 3700 4304 angelis.

2045 4316 2194 4371 Dum
2230 4314 2386 4369 enim
2415 4313 2515 4368 alii
2549 4313 2752 4368 tenuia
2783 4314 2854 4368 de
2883 4314 3059 4369 rebus
3091 4313 3308 4371 divinis
3339 4317 3587 4389 agitant,
3620 4320 3712 4375 illi

2050 4405 2247 4476 magni
2285 4403 2528 4472 iaciunt,
2563 4402 2947 4457 Providentiae
2971 4407 3237 4459 catenam
3271 4421 3339 4460 ex
3370 4407 3487 4462 alto
3521 4409 3594 4463 ad
3624 4409 3712 4465 lu-

2049 4510 2185 4548 nam
2242 4507 2428 4563 usque
2479 4491 2926 4564 promittentes:
2961 4507 3067 4547 nos
3120 4497 3313 4549 autem
3357 4494 3513 4552 haud
3547 4497 3714 4556 decet

2050 4582 2420 4638 divinitatem
2456 4585 2784 4647 attenuare,
2819 4579 2876 4634 in
2910 4579 3109 4651 plures
3142 4587 3337 4652 partes
3369 4585 3712 4659 scindendo,

2051 4680 2108 4726 et
2139 4672 2432 4744 dignitate
2463 4688 2572 4726 sua
2601 4669 3051 4726 exuendo.Deus
3081 4676 3278 4727 autem
3311 4672 3421 4728 hoc
3453 4675 3577 4731 loco
3598 4676 3715 4732 alia

2051 4761 2308 4827 vult,nec
2341 4777 2374 4814 a
2407 4758 2576 4814 nobis
2607 4759 2865 4814 tenuiter
2894 4759 3001 4813 coli
3037 4765 3093 4814 et
3123 4761 3234 4815 sub
3266 4759 3712 4831 glorificationis

2055 4853 2334 4922 prietextu
2371 4848 2622 4920 maligne
2676 4847 2926 4919 deprimi
2977 4847 3222 4918 patitur.
3263 4849 3468 4906 Nonne
3510 4856 3710 4922 tyran-

2057 4937 2188 4994 nica
2217 4937 2521 5010 impietate
2553 4943 2753 4992 contra
2786 4935 2968 4990 Deum
2996 4953 3057 4991 se
3087 4937 3258 5009 gerit,
3294 4939 3394 5009 qui
3427 4955 3562 4995 eum
3599 4957 3712 4996 cm-

2057 5027 2198 5082 litus
2254 5031 2595 5099 regnantem
2654 5025 2912 5080 admittit
2969 5023 3231 5095 quidem,
3286 5028 3463 5084 rebus
3517 5033 3714 5085 autem

2060 5116 2277 5171 nostris
2327 5133 2443 5170 non
2494 5115 2779 5169 interesse
2829 5112 3152 5184 sephistico
3199 5113 3442 5170 elencho
3483 5117 3716 5184 asserit,

2057 5205 2355 5260 hominem
2387 5207 2604 5273 autem,
2639 5201 2739 5274 qui
2791 5218 2972 5272 supra
3027 5202 3226 5258 omnia
3281 5206 3585 5261 terrestria
3614 5207 3717 5262 do-

2061 5293 2274 5348 minari
2307 5297 2549 5348 vocatus
2579 5298 2690 5357 est,
2745 5307 2778 5346 a
2828 5295 2942 5346 Deo
2992 5289 3251 5347 alienat?
3279 5293 3374 5349 Sic
3405 5294 3563 5350 enim
3596 5295 3714 5351 Deo

2060 5384 2368 5453 majestate
2391 5399 2499 5436 sua
2516 5384 2684 5436 exuto
2710 5380 2965 5435 universi
2984 5380 3421 5452 gubernatio,in
3440 5385 3719 5440 omnibus

2057 5472 2144 5528 vel
2180 5471 2444 5526 minimis
2475 5469 2840 5540 providentia
2888 5475 2946 5524 et
2977 5469 3135 5524 circa
3167 5473 3458 5526 mundum
3494 5489 3636 5529 cura
3666 5478 3728 5530 et

2061 5559 2396 5615 sollicitudo
2455 5557 2886 5620 detraheretur,
2915 5573 3044 5627 qum
3103 5559 3304 5614 omnia
3351 5565 3548 5616 tamen
3584 5567 3728 5632 Deo,

2061 5653 2264 5721 utpote
2297 5647 2405 5703 soli
2438 5647 2689 5718 sapienti
2743 5651 3104 5716 competunt,
3138 5648 3237 5718 qui
3267 5666 3381 5703 non
3413 5650 3608 5706 solum
3641 5652 3713 5707 ad

2059 5755 2167 5794 nos
2199 5752 2387 5809 usque
2415 5736 2767 5791 descendere
2804 5754 2920 5793 non
2964 5737 3280 5806 recusavit,
3312 5739 3415 5794 sed
3447 5739 3720 5796 humani-

2060 5832 2242 5883 tatem
2275 5825 2422 5882 mire
2471 5825 2688 5896 induit,
2737 5830 2816 5894 et,
2866 5832 2931 5884 ut
2972 5843 3102 5897 nos,
3138 5825 3198 5882 in
3234 5843 3408 5885 carne
3437 5827 3594 5897 vivit,
3628 5845 3719 5884 se-
