4066 6392
406 441 564 504 1007
1183 436 1613 500 EUSTATHII
1656 431 2420 494 THESSALONICENSIS
2468 432 3051 495 METROPOLITE
3646 439 3775 500 l008

402 573 667 631 eundum
701 571 884 628 Patris
904 569 1270 626 voluntatem
1295 582 1495 640 agens.
1520 571 1644 622 Non
1674 564 1830 620 enim
1861 563 1962 619 hui

2186 560 2260 616 ἐπὶ
2312 561 2527 616 πάντων
2579 563 2727 632 Θεὸν,
2786 561 2878 617 τὸν
2942 561 3114 635 μόνον
3175 561 3359 640 σοφόν·
3417 564 3473 626 ’ὸς
3536 564 3591 620 ού
3643 569 3775 641 μόνον

2215 650 2227 664 ε
2315 645 2338 668 ﬂ
2556 652 2569 667 \
2659 651 2672 668 1
2777 652 2790 668 ι
2854 655 2881 667 ~
3016 647 3044 668 ,Ι
3181 651 3195 668 9
3448 652 3487 668 ο-
3534 651 3556 668 δ
3665 657 3677 668 ι

403 662 482 718 lia
513 667 569 716 et
598 659 996 733 superﬁcialia
1047 657 1306 730 respicit,
1341 658 1440 712 sed
1489 657 1561 710 ad
1595 655 1716 709 ima
1747 659 1962 725 penetr:

2186 650 2267 718 τὴν
2315 645 2420 711 ἓως
2480 652 2572 705 καὶ
2629 651 2707 712 εἰς
2766 652 2917 723 ἡμᾶς
2983 647 3106 705 οὔτε
3163 651 3374 722 ὤκνησε
3401 651 3776 728 κάθοδον,όκαῖ

406 751 613 807 mundi
664 749 912 818 viscera,
964 763 1133 803 renes
1186 751 1244 801 et
1293 763 1392 801 cor
1439 749 1869 817 perscrutatur,
1903 748 1958 797 et

2186 743 2500 812 τωματικῶς
2557 739 2724 809 αὐτὴν
2787 737 2856 813 (ὣ
2900 744 2998 795 τοῦ
3047 739 3320 813 θαύματος
3355 743 3392 807 l)
3420 744 3776 817 ποιησάμενος,

406 846 577 897 τοι-τω
611 840 837 895 radices
871 851 1059 909 usque
1089 836 1262 890 verba
1293 834 1549 905 benigna
1581 832 1782 887 mittit.

2186 824 2300 882 ὥτε
2350 828 2456 900 μὴν
2513 822 2961 902 συγκαταϐαίνων
3025 828 3202 896 ὀκνεῖ,
3252 827 3594 904 ἐργαζόμενος
3645 833 3778 902 εἰσαεὶ

407 929 544 983 κατᾶ
572 927 663 981 τὸν
697 925 926 999 Πατιρα·
959 922 1048 977 καὶ
1082 921 1142 976 ού
1179 921 1340 994 μόνον
1373 921 1440 974 τὰ
1467 919 1692 974 ταπεινὰ
1723 918 1955 996 ἐφορῶν,
1988 921 2154 972 ταῦτα
2183 914 2250 985 δὴ
2277 916 2344 972 τὰ
2375 916 2727 987 ἰξεπιπολῆς,
2759 917 2906 974 ἀλλὰ
2933 917 3026 972 καὶ
3073 922 3182 973 τῶν
3220 921 3556 995 μυχαιτάτων
3594 923 3777 998 γινόμε-

408 1037 519 1087 νος,
551 1015 638 1071 καὶ
673 1013 854 1086 ὥσπερ
884 1017 980 1068 τοῦ
1011 1010 1269 1085 ἐμψύχου
1299 1009 1530 1083 κόσμου,
1560 1008 1648 1063 ὅτε
1677 1004 1923 1084 καρδίαις
1955 1001 2239 1080 ἐμϐατεύει
2268 1005 2358 1060 καὶ
2413 1004 2822 1082 διαλογισμοῖς,
2857 1006 3002 1063 οὕτω
3033 1007 3122 1063 καὶ
3149 1011 3245 1062 τοῦ
3279 1005 3494 1080 λοιποῦ,
3538 1012 3618 1066 ὅτε
3646 1012 3780 1088 μέχρι

408 1106 497 1160 καὶ
526 1103 600 1166 εἶς
633 1103 781 1180 ῥίζας
806 1104 908 1176 γῆς
938 1099 1064 1162 τοὺς
1093 1097 1493 1173 προνοητικοὺς
1526 1097 1723 1173 λόγους
1750 1095 1962 1173 ἀφίησι.

475 1394 564 1448 45.
601 1392 788 1460 Hujus
818 1388 1071 1462 exempli
1099 1389 1397 1460 specimen
1423 1387 1690 1459 praebens
1714 1385 1844 1456 pius
1869 1400 1962 1439 nos

2254 1381 2353 1452 με’.
2405 1379 2616 1436 Τούτου
2675 1380 2962 1456 γινόμενος
3008 1382 3036 1435 ὁ
3089 1375 3268 1445 ἔνθεος
3316 1381 3512 1446 ἰκεῖνος
3574 1380 3784 1459 βασιλεὺς

405 1484 732 1554 Imperator
764 1496 876 1534 non
911 1483 1141 1532 tantum
1168 1476 1406 1532 selectis
1431 1479 1488 1529 et
1517 1473 1850 1545 magnificis
1875 1489 1962 1526 ver

2186 1473 2273 1524 τοῦ
2334 1466 2759 1544 ὑποδείγματος,
2821 1470 2883 1524 ού
2949 1466 3119 1542 μόνον
3172 1476 3290 1535 τοῖς
3347 1469 3531 1546 λογάσι
3580 1470 3658 1527 καὶ
3706 1492 3782 1544 με·

407 1576 601 1637 utens,
633 1568 703 1624 iis
736 1583 970 1639 quoque
992 1566 1092 1635 qui
1129 1567 1198 1620 ad
1225 1566 1344 1618 ima
1381 1563 1817 1618 descendebant
1850 1560 1955 1616 soll

2186 1557 2417 1634 γαλείοις
2462 1563 2571 1613 τῶν
2626 1557 2679 1613 ἐν
2739 1563 2860 1622 ταῖς
2920 1558 3140 1633 πράξεσι
3195 1557 3374 1636 λόγων
3424 1561 3600 1616 ἑαυτὸν
3639 1558 3781 1616 ἐπεδί-

406 1658 673 1715 tudinem
703 1673 872 1712 suam
921 1654 1268 1725 impertivit,
1326 1669 1439 1707 non
1491 1650 1814 1720 humiliter,
1846 1651 1962 1718 sed,

2186 1647 2295 1717 δου,
2359 1647 2505 1704 ἀλλὰ
2563 1649 2654 1704 καὶ
2711 1654 2828 1713 τοῖς
2887 1649 2964 1710 είς
3021 1649 3084 1703 τὸ
3146 1649 3374 1713 ὑποδεὲς
3428 1651 3782 1725 πυθμενιζομὲ-

409 1749 587 1814 Deus,
629 1743 1173 1802 condescendendo.
1226 1740 1396 1796 Illum
1455 1740 1515 1794 in
1567 1739 1740 1810 plena
1788 1738 1962 1794 conci:

2186 1759 2290 1803 νοις
2315 1739 2414 1807 τὴν
2464 1735 2796 1810 κηδεμονίαν
2851 1739 3116 1815 ὶμὲριζεν,
3149 1739 3211 1794 ού
3257 1735 3586 1795 καταϐαίνων
3629 1761 3782 1795 ταπει-

411 1836 573 1910 gravi
602 1838 660 1890 et
687 1834 858 1889 docta
887 1830 1080 1886 verbis
1101 1835 1406 1886 sonantem
1430 1828 1634 1883 audire
1658 1832 1885 1900 poteras
1910 1845 1962 1881 ni

2186 1832 2280 1889 vi):
2310 1873 2324 1896 ,
2381 1825 2528 1882 ἀλλὰ
2586 1822 3026 1902 συγκαταϐαίνων
3078 1827 3280 1903 τρόπον
3341 1827 3546 1886 ἔνθεον.
3603 1830 3690 1884 Καὶ
3732 1829 3782 1896 ἦν

412 1923 678 1996 singulos
709 1921 1124 1992 alloquentem,
1159 1935 1317 1973 nunc
1339 1917 1708 1989 singulorum
1732 1915 1962 1987 quaestit

2186 1914 2398 1992 βλέπειν
2455 1915 2654 1970 ἐκεῖνον
2712 1916 2763 1970 ἐν
2825 1915 2943 1989 λαῷ
3004 1917 3160 1992 βαρεῖ
3213 1917 3303 1972 καὶ
3361 1916 3610 1994 συλλόγῳ
3664 1917 3786 1987 πλή-

411 2014 525 2068 bus
551 2010 1146 2083 respondentem,aut
1175 2023 1279 2079 pro
1310 2005 1691 2078 imperatoria
1723 2005 1962 2060 auctoril

2186 2017 2326 2070 Bovu
2383 2005 2444 2060 ού
2510 2003 2674 2077 μόνον
2737 2004 2812 2067 ελς
2869 2005 3054 2060 κοινὸν
3121 2007 3434 2082 βροντῶντα
3485 2006 3676 2083 λόγοις,
3727 2007 3784 2059 ὧν

407 2101 585 2158 verba
642 2097 973 2155 facientem.
1034 2100 1195 2150 Hanc
1253 2094 1463 2166 agendi
1515 2095 1800 2149 rationem
1861 2093 1962 2148 civi

2186 2094 2348 2169 ἐχρῆν
2407 2093 2493 2148 ἐπὶ
2542 2092 2669 2148 τίσου
2730 2095 2979 2170 μετέχειν
3038 2097 3310 2168 ἅπαντας,
3375 2094 3516 2152 ἀλλὰ
3569 2095 3650 2150 καὶ
3696 2100 3787 2155 τοῖς

409 2194 612 2246 nostra
641 2187 812 2260 quasi
847 2186 1124 2252 caelestis,
1158 2189 1216 2240 et
1261 2183 1389 2240 loca
1430 2183 1624 2238 vicina
1649 2198 1802 2254 saepe
1831 2199 1962 2254 expc

2186 2184 2292 2237 κατ’
2319 2180 2487 2257 ἄνδρα
2554 2180 3002 2256 διομιλούμενον,
3063 2181 3188 2252 ἤτοι
3249 2184 3389 2258 πρὸς
3433 2186 3557 2261 ὅπερ
3589 2182 3642 2238 ἄν
3693 2179 3787 2238 ’ἐκα-

409 2282 570 2343 sunt,
601 2280 668 2332 ut
694 2293 810 2331 non
847 2275 1043 2329 minus
1073 2273 1361 2328 exercitus
1384 2275 1654 2326 Romanus
1676 2275 1733 2326 et
1759 2275 1883 2326 tota
1912 2271 1962 2325 cl

2186 2293 2306 2332 στος
2372 2266 2739 2347 προϐάλοιτο,
2803 2270 2839 2340 ἢ
2901 2271 3026 2326 ἔνθα
3082 2272 3174 2327 τὸν
3234 2273 3599 2349 αὗτοκράτορα
3639 2269 3788 2342 ἥδιστ’

409 2366 682 2423 stianitas
707 2383 720 2430 ;
744 2365 802 2418 id
835 2362 1052 2434 experti
1078 2366 1217 2417 sunt
1250 2365 1536 2432 quotquot
1557 2375 1692 2414 cum
1716 2358 1908 2430 legum
1935 2377 1962 2414 ο

2186 2358 2459 2435 Ξὶνθρωπον
2540 2358 2719 2421 ἔννους
2800 2359 3113 2434 περιπέτειαι
3196 2361 3603 2437 προκαλέσεται.
3678 2359 3787 2414 Ταύ-

411 2454 632 2510 dientia
661 2457 763 2508 aut
791 2451 1098 2507 rebellium
1121 2466 1282 2504 more
1297 2449 1565 2503 vivebant
1591 2465 1603 2514 ;
1639 2464 1844 2502 omnes
1869 2452 1962 2502 aut

2186 2471 2274 2517 της
2322 2455 2423 2518 τῆς
2483 2445 2717 2521 μεθόδου
2757 2451 2791 2518 ἡ
2846 2451 2962 2502 κατ’
2991 2451 3140 2522 ἡμᾶς
3202 2451 3276 2512 ὡς
3339 2451 3602 2523 ἑκάστοτε,
3639 2450 3701 2510 ὡς
3743 2447 3786 2502 ἂν

411 2545 482 2600 ad
516 2547 738 2598 statum
791 2541 935 2596 bene
986 2539 1322 2594 ordinatum
1375 2537 1650 2591 reductos
1683 2541 1784 2591 aut
1813 2537 1962 2591 vinci

2186 2536 2319 2592 εἶ’ποι
2375 2558 2480 2608 τις,
2531 2536 2898 2613 ούρανόπολις
2953 2537 3225 2615 ἐπειρᾶτο,
3277 2539 3483 2611 ταύτης
3542 2541 3590 2595 αἱ
3618 2558 3786 2612 περιοι-

411 2639 517 2690 aut
546 2631 916 2687 humanitate
945 2629 1277 2684 refrenavit.

2186 2624 2320 2688 ιιίδες
2392 2627 2628 2698 ἅπασαι,
2685 2625 2887 2698 ταύτης
2944 2628 3082 2682 ἅπαν
3160 2629 3470 2701 Ῥωμαϊκὸν
3539 2624 3786 2704 στρατόπε-

411 2718 527 2789 δον,
559 2717 649 2775 καὶ
677 2715 846 2795 φῦλον
880 2713 1014 2771 ἅπαν
1046 2715 1440 2790 Χριστιανικὸν,
1472 2714 1562 2768 καὶ
1595 2712 1719 2768 ὅσον
1745 2714 1772 2768 ὲ
1800 2715 1928 2790 παρ’
1988 2710 2138 2768 αύτὸ·
2170 2715 2234 2769 τὸ
2270 2716 2362 2787 μὲν
2397 2715 2662 2785 ὑπήκοον,
2695 2716 2756 2768 τὸ
2791 2712 2847 2769 δὲ
2878 2715 2923 2770 εἷ
2950 2716 3039 2770 καὶ
3071 2719 3379 2792 παρήκοον,
3408 2721 3490 2782 οἷς
3520 2715 3786 2788 αύτονόμως

409 2808 604 2879 ἤθελεν
662 2802 832 2883 ἔχειν,
891 2803 1038 2861 ἀλλᾶ
1089 2803 1290 2877 τρόπον
1339 2802 1509 2859 ἄλλον
1563 2803 1832 2858 ὑπακοῦον
1888 2803 1977 2858 καὶ
2007 2803 2161 2873 αὐτὸ,
2195 2804 2273 2866 οἶς
2305 2801 2513 2880 ἤγχετο
2544 2805 2642 2872 τὴν
2699 2805 2938 2880 σιαγόνα,
2973 2806 3071 2860 ὅσα
3099 2807 3186 2860 καὶ
3221 2804 3482 2883 χαλινοῖς
3512 2806 3597 2861 καὶ
3622 2808 3784 2877 κημοῖς

408 2902 528 2960 ταῖς
564 2894 876 2973 βασιλικαῖς
903 2893 1269 2968 ἀντιπράξεσι,
1301 2892 1393 2948 καὶ
1415 2899 1518 2961 τῆς
1549 2891 1782 2947 ἀτάκτου
1813 2897 1981 2970 φορᾶς
2015 2891 2358 2968 εἰργόμενον,
2389 2893 2478 2946 καὶ
2510 2893 2586 2954 ὡς
2627 2894 2740 2948 οἷον
2785 2893 3294 2970 ἀναχαιτιζόμενον,
3349 2903 3451 2966 τῆς
3503 2894 3784 2972 θρασύτητος

409 2984 796 3062 ἄνεσειράζετο.

479 3259 565 3314 46.
599 3258 695 3314 Sic
722 3256 904 3330 igitur
933 3256 994 3311 in
1026 3255 1696 3327 omnibusimperatoris
1727 3253 1962 3310 solliciti

2246 3258 2350 3324 μς’.
2405 3249 2507 3308 Καὶ
2564 3250 2631 3320 ἦν
2693 3250 2779 3305 ἐπὶ
2839 3256 2966 3306 πᾶσι
3010 3251 3074 3306 τὸ
3137 3250 3426 3328 βασιλικὸν
3483 3258 3637 3310 τοῦτο
3685 3270 3774 3323 προ·

409 3350 482 3406 ad
513 3347 712 3404 omnia
755 3349 1070 3416 penetrans
1103 3361 1136 3399 a
1168 3361 1402 3400 summo
1436 3345 1504 3398 ad
1539 3345 1659 3399 ima
1687 3349 1746 3400 et
1775 3345 1834 3398 in
1866 3360 1960 3398 me

2186 3341 2345 3411 μηθίς
2400 3341 2601 3408 ἱκανὸν,
2646 3341 2734 3395 καὶ
2768 3336 3023 3410 συνδιῆκε
3051 3347 3166 3404 τοῖς
3200 3339 3377 3416 ὅλοις,
3435 3344 3525 3398 καὶ
3572 3341 3668 3398 ἀπὸ
3706 3343 3779 3394 τῶν

411 3438 598 3494 effusa
617 3437 770 3491 sicut
790 3434 988 3490 anima
1010 3433 1228 3505 ubique
1250 3432 1475 3501 adfuit;
1509 3433 1653 3488 nihil
1706 3431 1868 3504 parvi
1909 3450 1962 3487 ωε

2186 3425 2380 3492 Ξίνωθεν
2437 3424 2537 3490 ἕως
2595 3431 2683 3484 καὶ
2741 3428 2888 3484 κάτω
2945 3429 3297 3503 ἱκανούμενον
3339 3476 3353 3500 ,
3437 3434 3674 3508 ἀνεχέετο
3719 3427 3783 3482 καὶ

415 3525 813 3594 mans,omnia
841 3522 1042 3577 divina
1063 3521 1481 3592 reputabat,ita
1510 3526 1576 3576 ut
1596 3522 1697 3592 qui
1732 3522 1850 3576 haec
1870 3538 1962 3576 om

2186 3518 2255 3579 sic
2286 3518 2352 3572 τὰ
2396 3517 2608 3592 κύκλῳ,
2663 3519 2751 3573 καὶ
2805 3521 2988 3595 ψυχῆς
3021 3515 3177 3590 δίκην
3235 3525 3360 3584 τοῖς
3390 3527 3488 3577 τοῦ
3521 3521 3696 3580 παντὸς
3721 3516 3783 3590 ἐγ-

413 3612 1054 3676 videritimperatorem
1080 3609 1242 3665 nulla
1265 3625 1324 3664 re
1347 3609 1782 3682 egentem,sibii
1792 3610 1881 3682 psi
1903 3626 1962 3665 su

2186 3607 2511 3683 κατέσπαρτο
2573 3606 2800 3683 μέρεσι,
2860 3607 2948 3661 καὶ
3011 3607 3388 3686 σμικρολόγον
3451 3611 3591 3687 εἶχεν
3644 3603 3783 3669 οὐδὲν,

407 3704 657 3760 cientem
680 3700 1151 3773 pronuntiaverit
1174 3717 1188 3768 ;
1212 3698 1298 3754 illi
1327 3704 1525 3754 autem
1558 3698 1628 3754 ab
1663 3714 1730 3754 eo
1760 3699 1882 3770 regi
1915 3715 1962 3770 ο]

2186 3695 2325 3751 ιλλά
2374 3695 2442 3751 τὰ
2477 3694 2650 3750 πάντα
2704 3700 2842 3766 θεῖα,
2890 3696 2980 3751 καὶ
3030 3697 3194 3752 ὁποῖα
3246 3695 3471 3774 βλέπων
3499 3721 3581 3761 τις
3608 3692 3787 3758 ἀνενδεῆ

408 3789 708 3848 habebant
728 3805 794 3844 eo
816 3787 1124 3859 regimine,
1147 3787 1304 3858 quod
1332 3785 1806 3857 illegitimitatem
1831 3803 1897 3840 ac
1921 3789 1962 3841 l'e

2186 3783 2408 3860 βασιλὲα
2452 3787 2613 3839 τοῦτο
2667 3785 2782 3840 εἶπε
2827 3784 2916 3839 καὶ
2952 3784 3138 3857 μόνον,
3188 3787 3275 3842 καὶ
3313 3788 3492 3861 ἑαυτῷ
3539 3787 3620 3843 ἐπὶ
3657 3791 3784 3839 πᾶσιν

407 3881 644 3937 citatem
677 3876 930 3950 expellit,
958 3891 1189 3932 morum
1211 3879 1407 3932 autem
1441 3874 1787 3947 probitatem
1813 3875 1952 3930 indu

2186 3874 2468 3949 ἀρκοῦντα,
2515 3874 2604 3928 καὶ
2673 3872 2907 3946 μηδενὸς
2960 3879 3067 3929 τῶν
3130 3875 3379 3932 ἁπάντων
3461 3875 3790 3952 ἐπιδεόμενον,

403 3969 575 4025 Viros
607 3967 933 4039 praecipuos
963 3965 1180 4037 eligere
1210 3966 1404 4030 datur,
1440 3964 1763 4020 mediocres
1795 3964 1962 4037 selige

2186 3961 2227 4018 εί
2273 3965 2348 4036 μή
2403 3962 2484 4018 ὅτι
2544 3983 2607 4038 γε
2665 3962 2740 4024 εἷς
2797 3967 3078 4034 τοσοῦτον,
3141 3963 3216 4026 εἷς
3265 3965 3392 4021 ὅσον
3455 3966 3642 4028 αὐτοὺς
3672 3965 3794 4040 βασι-

405 4065 541 4133 post
570 4057 678 4112 hos
710 4061 1038 4121 sexcentos,
1071 4055 1428 4125 quibuscum
1474 4052 1573 4108 ille
1621 4053 1947 4109 collocutus

2186 4049 2450 4119 λεύεσθαι,
2528 4051 2618 4106 καὶ
2683 4052 2746 4106 τὸ
2810 4053 2963 4126 φύσει
3041 4050 3394 4109 δουλευτικὸν
3459 4053 3796 4114 ἐνδείκνυσθαι.

405 4147 477 4203 de
512 4147 688 4202 rebus
740 4145 810 4200 ad
865 4144 1044 4198 vitam
1104 4142 1512 4214 quotidianam
1542 4141 1962 4213 spectantibus,

2186 4138 2252 4195 δι’
2312 4139 2373 4195 οὗ
2429 4141 2491 4194 τὸ
2548 4143 2646 4194 τοῦ
2699 4138 2822 4213 βίου
2855 4139 2948 4212 μὲν
2985 4137 3192 4213 ἄνομον
3224 4143 3315 4197 καὶ
3343 4141 3607 4219 θηριῶδες
3638 4136 3806 4216 μακρὰν

405 4234 675 4299 scientia,
708 4233 780 4288 de
837 4230 1071 4288 vivendi
1130 4235 1274 4296 arte,
1315 4231 1386 4286 de
1442 4229 1659 4286 studiis
1715 4230 1962 4285 litterari

2186 4229 2517 4307 ἀφορίζεται,
2573 4229 2634 4282 τὸ
2695 4225 2753 4282 δὲ
2808 4227 3094 4284 πολιτικὸν
3138 4229 3223 4285 καὶ
3273 4227 3516 4304 νόμιμον
3561 4228 3801 4296 εἰσοικίζε-

403 4344 515 4379 ται.
548 4324 729 4377 Ἔστιν
764 4317 1116 4388 ἀναλὲξασται
1149 4315 1479 4392 λογαδικοὺς
1510 4314 1730 4390 ἄνδρας,
1751 4313 1896 4372 ἔστιν
1927 4313 2223 4374 ἀπολαϐεῖν
2260 4319 2478 4390 μὲσους,
2511 4315 2650 4372 ἔστιν
2687 4318 2796 4371 ἀπα
2816 4320 3188 4391 ριθμήσασθαι
3217 4318 3348 4382 τοὺς
3379 4322 3481 4377 ὑπὸ
3510 4319 3706 4380 τούτοις
3736 4337 3809 4389 μυ·

411 4410 559 4488 ρίους
595 4408 778 4477 ὅσους,
810 4411 894 4472 οἷς
924 4406 1128 4471 ἰκεῖνος
1154 4407 1249 4469 τὰς
1281 4407 1443 4462 εἰσαεὶ
1476 4405 1701 4479 ὁμιλίας
1730 4403 1961 4479 διένεμε·
1993 4407 2087 4469 τὰς
2123 4408 2217 4481 μὲν
2250 4405 2616 4481 ἐμπράκτους,
2653 4405 2777 4460 ὅποι
2813 4404 3020 4481 ἐχρῆν,
3053 4403 3163 4463 ἔστι
3198 4405 3255 4462 δὲ
3286 4409 3348 4472 ἂς
3400 4410 3491 4466 καὶ
3538 4409 3587 4464 ἐν
3633 4406 3807 4481 λόγοις,

419 4499 566 4562 ὅσοις
589 4519 648 4554 τε
668 4499 731 4554 τὸ
764 4501 858 4572 ζῇν
886 4494 1216 4572 κληροῦται,
1244 4497 1333 4552 καὶ
1365 4501 1482 4558 τοῖς
1512 4494 1564 4551 ὲν
1591 4496 1930 4573 γράμμασιν.

480 4769 567 4826 47.
601 4769 882 4840 Equidem
932 4769 1042 4824 hoc
1073 4768 1198 4825 loco
1249 4767 1389 4824 solis
1440 4765 1775 4838 exemplum
1809 4782 1962 4822 serm

2254 4766 2358 4839 μζ’.
2393 4766 2652 4827 Ἐνταῦθα
2683 4760 2742 4816 δὲ
2791 4762 2854 4818 ού
2897 4763 3034 4818 πάνυ
3083 4762 3231 4842 φιλῶ
3275 4767 3338 4822 τὸ
3384 4769 3520 4823 κατὰ
3556 4763 3803 4828 τὸνλιονῆ

413 4861 692 4930 adaptare
722 4877 837 4914 non
871 4876 1000 4914 amo
1031 4858 1310 4930 fulgentis
1359 4861 1418 4913 et
1448 4856 1726 4911 omnibus
1758 4855 1961 4928 splend

2186 4852 2493 4930 ὑπόδειγμα
2551 4850 2931 4929 προσαρμόσαι
2989 4857 3069 4925 τῷ
3151 4853 3336 4931 λόγῳ,
3391 4854 3670 4931 λάμποντα
3731 4847 3802 4904 καὶ

413 4965 520 5004 suo
543 4947 1047 5020 pulchritudinem
1074 4946 1432 5019 peculiarem
1459 4945 1806 5014 emittentis;
1826 4944 1962 5017 sapit

2188 4950 2349 4999 πᾶσιν
2425 4942 2717 5020 ἒπαφιέντα
2788 4946 2904 5002 τοῖς
2956 4940 3480 5017 καταλαμπομὲνοις
3534 4946 3595 4999 τὸ
3647 4940 3807 4998 ἑαυτοῦ

416 5041 616 5093 autem
649 5036 945 5109 aaquiparo
977 5035 1282 5106 magistro,
1316 5036 1488 5104 cujus
1520 5034 1837 5106 disciplina
1886 5035 1944 5089 in

2187 5031 2378 5088 καλόνο
2441 5035 2594 5105 σοφῷ
2648 5028 2706 5084 δὲ
2761 5026 3074 5102 διδασκάλῳ
3125 5030 3294 5088 ἐκεῖνο
3351 5027 3803 5109 παραϐάλλω,οὗο

416 5142 560 5181 num
593 5141 909 5181 commune
958 5125 1281 5193 confertur,
1313 5140 1424 5192 quo
1463 5140 1667 5179 omnes
1700 5123 1962 5194 indigent

2187 5141 2288 5196 περ
2329 5121 2523 5197 ἀγαθὸν
2576 5117 2707 5173 πᾶσί
2762 5138 2822 5172 τε
2869 5121 3181 5173 κοινοῦσθαι
3237 5121 3300 5175 τὸ
3359 5118 3716 5187 διδασκάλων,
3757 5111 3804 5169 οὗ

415 5217 585 5287 cujus
620 5213 883 5269 officium
947 5211 1267 5284 unicuique
1330 5212 1686 5282 provinciam
1730 5212 1962 5267 attribui

2187 5210 2376 5272 πάντες
2425 5207 2634 5264 δέοιντο
2689 5207 2770 5274 ἂν,
2831 5207 2918 5260 καὶ
2979 5205 3044 5260 αὖ
3091 5207 3278 5282 πάλιν,
3336 5209 3398 5266 οὗ
3457 5211 3651 5288 χρεὼν,
3704 5227 3804 5261 συν·

415 5301 739 5376 praesertim
773 5307 966 5357 autem
998 5300 1155 5371 quod
1209 5300 1434 5355 dictum
1482 5300 1808 5374 ascriptum
1843 5299 1958 5355 Deo

2187 5297 2486 5375 διασχίζειν
2574 5298 2819 5357 ὲκαστοις
2888 5295 2988 5363 τὴν
3073 5295 3357 5371 μέριμναν·
3443 5299 3670 5373 μάλιστα
3725 5293 3801 5367 μὲν

418 5391 618 5447 omnia
647 5391 926 5446 omnibus
961 5389 1134 5455 facto,
1169 5388 1322 5460 quod
1374 5388 1591 5445 Paulus
1623 5405 1878 5460 magnus
1932 5404 1962 5442 a

2186 5391 2305 5459 οὗν,
2377 5389 2406 5444 ’ὀ
2482 5387 2571 5442 καὶ
2647 5386 2816 5440 εἰπεῖν
2888 5385 3188 5460 προσετέθη
3265 5386 3403 5461 Θεῷ,
3462 5394 3540 5461 τῷ
3594 5391 3710 5442 πᾶσι
3753 5381 3806 5435 τὰ

417 5479 606 5534 stolus
655 5478 941 5534 imitando
992 5477 1299 5548 expressit,
1344 5478 1644 5532 communi
1689 5480 1818 5532 vita;
1863 5493 1962 5532 usu

2186 5480 2379 5546 πάντα,
2441 5477 2470 5530 ὃ
2529 5473 2596 5543 δὴ
2645 5473 2736 5528 καὶ
2786 5473 3006 5535 Παῦλος
3055 5474 3082 5527 ὁ
3132 5474 3296 5551 μέγας
3325 5477 3524 5542 ἐκεῖθεν
3558 5476 3631 5538 εἷς
3663 5473 3802 5549 μίμη-

419 5567 536 5623 Deo
567 5567 666 5637 qui
697 5568 963 5623 omnium
997 5568 1223 5623 animas
1255 5567 1326 5622 ad
1359 5566 1611 5622 salutem
1645 5567 1826 5622 ducit.

2186 5589 2265 5622 σιν
2326 5563 2644 5639 ἀνεμάξατο,
2699 5567 2778 5634 τῷ
2822 5562 2912 5616 καὶ
2955 5567 3141 5636 κοινῇ,
3194 5565 3285 5620 καὶ
3329 5567 3468 5643 πρὸς
3523 5562 3727 5642 μερίδας
3761 5556 3805 5612 δὲ

2186 5655 2341 5734 βίων,
2375 5654 2452 5711 ἔτι
2485 5652 2544 5709 δὶ
2571 5652 2661 5709 καὶ
2687 5651 2823 5729 πρὸς
2873 5650 3053 5727 ψυχὰς
3085 5653 3309 5720 ἑκάστας
3341 5649 3804 5729 διοικονομουμὲνῳ

2179 5747 2241 5801 τὸ
2273 5745 2577 5821 σύμφορον.
