4066 6400
321 469 475 528 1009

1176 471 1579 532 MANUELIS
1625 472 1979 532 COMNENI
2022 474 2422 537 LAUDATIO
2467 477 2882 539 FUNEBRIS.

3587 481 3744 540 iOlO

393 605 504 672 μη’.
561 598 662 656 Καὶ
719 599 922 671 ταύτης
1001 599 1058 655 δὲ
1114 609 1214 671 τῆς
1296 601 1584 676 βασιλικῆς
1663 603 1857 678 ἀρετῆς
1909 605 1969 658 τὰ

2145 609 2249 665 '48.
2284 608 2476 680 Regiis
2513 610 2744 666 virtutis
2775 610 3134 668 mentionem
3164 611 3518 684 peculiarem
3545 611 3735 667 facere

317 689 434 751 καθ’
511 684 734 742 ἕκαστον
821 690 875 742 αἱ
963 689 1270 767 συγγραφαὶ
1353 690 1728 750 λαλείτωσαν.
1786 694 1982 765 Ἡμεῖς

317 777 417 852 γὰρ
491 776 590 832 οὐκ
667 777 744 841 εἰς
819 778 1114 853 ἀπέραντον
1194 780 1466 855 ἐξαγαγεῖν
1541 783 1606 835 τὰ
1663 785 1758 836 τοῦ
1809 777 1980 857 λόγου

318 867 802 941 προτεθυμήμεθα,
866 867 946 928 οἷς
1005 889 1069 942 γε
1125 869 1213 922 καὶ
1273 868 1481 944 βραχέα
1538 868 1726 924 λαλεῖν
1773 867 1895 925 οὐτε
1925 869 1977 925 ἐν

315 954 472 1025 καλῷ
540 960 733 1030 καιροῦ
797 961 991 1023 κεῖται,
1061 957 1199 1012 ὅπου
1245 963 1362 1020 τοῖς
1410 961 1832 1032 παθαινομένοις
1881 959 1981 1015 οὐκ

317 1043 548 1122 εύπορος
593 1048 628 1115 ἡ
675 1045 837 1116 ἀκοή,
889 1047 1012 1102 οὐτε
1059 1047 1109 1102 ἐν
1149 1047 1383 1124 εὐχερεῖ,
1440 1047 1528 1102 διὰ
1574 1049 1636 1103 τὸ
1693 1049 1784 1104 καὶ
1835 1050 1977 1104 οὕτω

312 1133 676 1204 πολυπληθὶς
719 1139 829 1190 τῶν
893 1139 1120 1210 μνήμης
1169 1137 1353 1208 ἀξίωνο
1393 1137 1447 1193 ἐν
1481 1141 1566 1199 οἷς
1615 1139 1701 1192 καὶ
1739 1138 1815 1200 ὡς
1847 1138 1975 1212 ἀγα-

315 1228 422 1287 θῶν
487 1223 867 1301 ὐποῤῥεόντων
928 1225 996 1295 ἧν
1047 1227 1354 1296 καινιστής,
1417 1226 1632 1300 ἀταξίας
1693 1229 1977 1302 ἁρμοστὴς

311 1319 585 1384 καιρικῆς,
647 1313 1037 1384 ἐπισκευαστής
1093 1319 1199 1370 τῶν
1261 1315 1338 1377 εἷς
1391 1315 1586 1389 ἀρετὴν
1668 1317 1978 1394 ἀφωρισμέ-

313 1423 418 1456 νων
468 1398 872 1472 ἐνδιαιτήσεων,
925 1403 1133 1478 χρόνου
1167 1411 1372 1482 φθορᾶς
1402 1404 1722 1464 ἀντίπαλος.
1770 1407 1832 1462 Ὁ
1877 1405 1972 1477 μὲν

311 1490 413 1566 γὰρ
463 1491 639 1545 πάντα
691 1489 946 1565 δαμάζειν
1009 1491 1240 1561 ἐθέλων,
1297 1492 1429 1568 βαθὺ
1488 1490 1687 1569 ἔχασκε
1735 1495 1870 1548 κατά
1915 1514 1975 1548 τε

317 1578 472 1644 θείων
505 1584 668 1635 ναῶν’
701 1582 788 1636 καὶ
851 1580 974 1636 ὅσον
1034 1581 1217 1644 αὐτοῖς
1278 1580 1385 1638 εἶ’τε
1443 1583 1686 1652 σύνναοθ,
1721 1581 1828 1637 εἷ’τε
1882 1583 1972 1638 καὶ

318 1667 506 1731 ἄλλως
566 1669 959 1742 οἰκειούμενον,
1022 1670 1049 1724 ὁ
1101 1668 1158 1726 δὶ
1203 1670 1550 1748 αὐτοκράτωρ
1597 1671 1672 1733 εἷς
1717 1673 1891 1741 κενὸν,
1943 1674 1972 1727 ’ὁ

318 1779 465 1836 φασι,
515 1759 722 1835 χαίνειν
775 1759 933 1814 αὐτὸν
988 1760 1165 1833 ἀφιεὶς
1214 1758 1588 1830 ἐπεσκεύαζεν,
1640 1761 1968 1831 ἐπεποιεῖτο,

317 1845 554 1922 ἐξήγειρε
576 1847 644 1902 τὰ
672 1848 1156 1914 καταπεπτωκότα,
1191 1848 1308 1904 ίᾶτο
1337 1850 1404 1905 τὰ
1433 1850 1802 1922 πεπονηκότα,
1835 1852 1971 1906 πάν-

310 1958 377 2040 τρι
409 1936 601 2040 ἐποίει,
635 1935 735 1991 ὅσα
760 1942 1008 2040 χρονικῷ
1027 1935 1331 1994 ἀντιπίπτει
1351 1938 1594 2040 ’στόματι
1627 1939 1970 2015 ἄνοιγομένῳ
2001 1975 2047 2040 Β

311 2024 387 2088 εἰς
420 2025 624 2101 φθορὰν
651 2030 757 2081 τῶν
788 2024 888 2081 ὅσα
922 2027 998 2100 μὴ
1029 2027 1212 2103 χρεὼν
1244 2026 1570 2106 φθείρεσθαι.

385 2278 490 2349 μθ’.
574 2277 800 2350 Σεισμοί
876 2298 1008 2333 ποτε
1083 2277 1538 2352 ἆναταράττοντες
1615 2281 1682 2335 τὰ
1746 2285 1971 2336 τοιαῦτα

313 2367 400 2421 καὶ
435 2364 797 2442 ἐκμοχλεύειν
854 2361 1094 2442 ἔχοντες,
1147 2369 1236 2423 καὶ
1290 2371 1325 2438 ἡ
1370 2375 1440 2443 γῆ
1495 2368 1621 2431 τοὺς
1679 2367 1971 2442 θεμελίους

318 2456 560 2510 ἀνέπτυε·
637 2455 726 2510 καὶ
804 2458 838 2525 ἠ
909 2455 1165 2531 βασιλική
1247 2459 1376 2532 ’χεὶρ
1450 2457 1636 2513 ἀνίστα
1703 2459 1770 2513 τά
1854 2459 1972 2534 ἱερᾶ

317 2546 604 2617 πτώματα.
649 2544 709 2600 Εἰ
755 2541 813 2600 δὶ
869 2546 942 2617 μή
989 2544 1264 2618 θεμελίοις
1311 2541 1637 2602 ἐπεϐούλευε
1674 2548 1736 2602 τὸ
1782 2547 1970 2620 κακὸν,

317 2632 607 2688 ἀλλάὐτὰ
641 2634 734 2706 μὶν
786 2633 931 2712 ἀφίει
997 2641 1405 2711 κατευμεγεθεῖν
1459 2641 1556 2691 τοῦ
1615 2633 1970 2711 βλάπτεσθαι,

311 2727 412 2778 τοῦ
469 2720 517 2778 δ’
577 2721 1045 2801 ὑπερφαινομένου
1116 2725 1518 2800 κατεπεχείρει,
1593 2723 1818 2781 ἐνταῦθα
1881 2747 1970 2798 μι-

315 2813 443 2888 κρὸν
519 2809 694 2867 ἐδόκει
769 2815 838 2884 τῇ
912 2811 1170 2886 βασιλικῇ
1236 2810 1624 2888 μεγαλοδωρεᾷ
1679 2816 1742 2869 τὸ
1792 2812 1968 2870 ἐνδέον

317 2899 712 2977 ἀναπληρῶσαι
767 2908 868 2970 τῆς
929 2898 1252 2974 οῗκοδομῆς,
1315 2902 1366 2956 εἴ
1419 2903 1495 2974 μὴ
1554 2903 1642 2958 καὶ
1699 2902 1766 2958 τὰ
1821 2901 1972 2967 ἐντὸς

313 2988 681 3066 ἀγαθοχυσίας
738 2988 1014 3064 ἐμπλήσει
1069 2995 1188 3052 τοῖς
1266 2989 1316 3045 ἐν
1378 2989 1720 3065 ἀναθήμασιν
1777 2993 1968 3068 ἱεροῖς.

310 3077 500 3154 Καιροί
546 3100 707 3147 τινες,
757 3080 846 3133 καὶ
897 3078 1112 3156 ἀνήφθη
1162 3083 1293 3153 πῦρ,
1344 3079 1379 3148 ἢ
1425 3078 1752 3154 αὐτόματον,
1803 3079 1840 3149 ἢ
1877 3081 1965 3136 καὶ

308 3165 497 3230 ἄλλως
547 3165 608 3222 ἐκ
650 3170 904 3243 μηχανῆς
956 3161 1273 3238 ἐπίϐουλον,
1317 3169 1410 3222 καὶ
1455 3169 1524 3222 τὰ
1572 3169 1765 3225 ἑαυτοῦ
1811 3170 1966 3240 ἠναί-

308 3254 555 3325 δεύσατο,
610 3258 750 3330 μήτε
798 3262 906 3312 τῶν
962 3260 1159 3311 κοινῶν
1203 3255 1526 3334 φειδόμενον
1555 3304 1569 3327 ,
1622 3254 1967 3330 καταϐοσκη-

2092 701 2398 753 auctorum
2422 704 2531 754 est.
2563 700 2740 756 Nobis
2771 701 2928 756 enim
2966 705 3247 772 perpetuo
3280 702 3351 755 de
3378 701 3489 756 hac
3534 716 3596 755 re
3654 700 3744 755 lo-

2089 787 2183 854 qui
2221 805 2336 841 non
2368 792 2456 843 est
2484 790 2872 860 propositum,
2908 791 3125 860 quibus
3151 806 3252 844 nec
3315 789 3564 844 breviter
3614 805 3738 844 ser-

2091 875 2370 929 mocinari
2395 875 2558 932 lubet
2587 878 2657 932 ad
2691 879 2994 934 auditores
3027 897 3142 934 non
3203 878 3376 950 plane
3434 883 3690 933 attentos
3723 901 3739 940 ς

2090 981 2194 1019 nec
2228 965 2286 1019 in
2323 971 2595 1037 promptu
2631 973 2721 1022 est
2754 968 2809 1022 in
2847 974 3012 1024 tanta
3046 984 3240 1024 rerum
3267 967 3738 1022 memorabilium

2091 1055 2486 1112 multitudine.
2522 1057 2652 1112 Fuit
2679 1063 2874 1114 autem
2908 1058 3006 1113 ille
3037 1064 3226 1114 status
3269 1057 3505 1130 pristini
3565 1073 3738 1112 reno-

2085 1148 2272 1208 vator,
2316 1145 2477 1215 regni
2537 1147 2753 1201 turbati
2803 1152 3184 1212 restaurator,
3237 1145 3485 1200 luxuriei
3520 1160 3650 1217 qua:
3705 1161 3740 1200 a

2083 1236 2299 1288 virtute
2356 1232 2574 1288 alienat
2629 1235 2932 1302 coercitor,
2985 1233 3270 1307 temporis
3337 1249 3569 1306 parcus.
3627 1233 3738 1298 Qui

2085 1321 2239 1376 enim
2271 1321 2468 1378 omnia
2495 1324 2732 1379 domare
2761 1323 2964 1392 voluit,
2997 1323 3261 1380 ecclesiis
3291 1322 3506 1379 divinis
3537 1321 3738 1378 inhia-

2087 1411 2180 1464 bat
2211 1416 2313 1466 aut
2341 1410 2390 1466 si
2422 1427 2549 1482 quas
2581 1411 2697 1466 alia
2727 1412 2974 1468 aedificia
3005 1413 3175 1468 obvia
3204 1417 3373 1468 erant
3406 1431 3421 1480 ;
3477 1411 3734 1482 impera-

2083 1505 2177 1554 tor
2206 1505 2399 1554 autem
2434 1517 2599 1570 spem
2633 1499 2792 1557 illius
2833 1501 3148 1557 frustratus
3183 1500 3474 1567 excitavit,
3533 1499 3738 1554 ruinas

2085 1589 2455 1655 restauravit,
2500 1589 2737 1644 morbos
2785 1589 3032 1658 curavit,
3095 1589 3296 1646 omnia
3352 1590 3490 1644 fecit
3547 1593 3613 1643 ut
3667 1603 3735 1642 os

2083 1676 2281 1731 saeculi
2339 1679 2493 1749 quod
2553 1683 2767 1733 cuncta
2825 1683 3031 1734 contra
3061 1679 3148 1734 fas
3206 1679 3482 1734 devorare
3536 1677 3734 1748 gestit,

2081 1765 2400 1822 clauderet.

2153 2279 2240 2334 49.
2272 2279 2461 2336 Terrae
2492 2281 2682 2334 motus
2707 2276 2844 2334 olim
2875 2278 3526 2350 grassabantur,omnia
3554 2277 3732 2334 eloco

2085 2373 2469 2436 moventes,et
2491 2366 2683 2423 solum
2705 2369 3090 2424 fundamenta
3120 2369 3501 2442 rejecit,regis
3531 2373 3733 2425 autem

2081 2459 2318 2513 dextera
2349 2474 2476 2528 quas
2507 2455 2674 2529 lapsa
2702 2463 2868 2512 erant
2896 2457 3120 2528 templa
3140 2456 3573 2513 restauravit.Si
3599 2456 3728 2512 fun-

2081 2546 2376 2602 damentis
2398 2545 2618 2602 malum
2638 2562 2751 2600 non
2773 2545 3045 2601 incubuit
3064 2551 3121 2601 et
3140 2547 3338 2602 omnia
3359 2545 3736 2603 restauratio-

2084 2653 2216 2692 nem
2248 2636 2685 2707 exspectabant,
2745 2635 3062 2705 imperator
3118 2634 3271 2690 inlra
3317 2633 3732 2700 liberalitatem

2082 2726 2248 2781 duxit
2277 2743 2445 2781 suam
2477 2724 2705 2780 aedificii
2736 2727 2954 2780 damna
2995 2742 3319 2797 reparasse,
3377 2724 3493 2780 nisi
3542 2723 3727 2781 sacris

2081 2815 2480 2870 oblationibus
2515 2816 2673 2870 intus
2704 2831 2935 2886 quoque
2958 2815 3268 2870 thesauros
3299 2831 3439 2870 suos
3469 2813 3734 2886 aperuis-

2081 2907 2188 2959 set.
2219 2904 2478 2966 Quodam
2502 2909 2766 2975 tempore
2797 2903 2947 2974 ignis
2978 2908 3080 2958 aut
3110 2908 3318 2975 sponte
3347 2906 3450 2959 aut
3497 2902 3728 2959 malitia

2080 3008 2384 3060 accensus,
2445 2991 2904 3047 destructionem
2944 2992 3150 3048 afferre
3208 2992 3442 3064 sategit,
3495 2989 3730 3046 aediﬁcii

2081 3080 2296 3135 molem
2323 3096 2701 3146 consumens,
2734 3084 2791 3135 et
2825 3079 3079 3152 plurima
3111 3080 3433 3152 depascens
3465 3078 3733 3135 multitu-

2079 3169 2200 3223 dini
2233 3168 2519 3225 inacessa.
2555 3169 2664 3225 Sed
2697 3172 2823 3223 tum
2883 3185 3113 3240 quoque
3158 3185 3301 3224 cura
3357 3167 3732 3240 imperatoris

2078 3258 2496 3313 canonioorum
2557 3255 3019 3312 sollicitudinem
3080 3255 3399 3328 praecessit,
3459 3259 3518 3312 et
3571 3257 3729 3328 quod

309 3347 394 3402 θὲν
417 3342 474 3401 δὲ
493 3347 580 3401 καὶ
615 3344 820 3415 πολλὰ,
855 3346 929 3400 ὧν
955 3346 1022 3415 ἦν
1041 3347 1104 3402 τὸ
1134 3345 1372 3408 πολλοῖς
1404 3341 1626 3402 ἄϐατον.
1661 3348 1763 3403 Καὶ
1796 3347 1963 3403 πάλιν

2082 3351 2494 3418 consumptum
2528 3345 2718 3401 fuerat
2774 3345 3086 3417 templum,
3146 3344 3560 3401 retediﬁcatum
3617 3349 3728 3401 est.

306 3435 577 3500 κάνταῦθα
639 3435 702 3489 τὸ
751 3433 1034 3510 βασιλικὸν
1080 3435 1365 3508 προμηθὲς
1424 3435 1806 3510 ἀντεπεξήγετο
1853 3441 1970 3500 τοῖς

309 3528 635 3592 κανονικοῖς,
685 3528 776 3578 καὶ
825 3523 889 3579 τὸ
921 3522 1159 3580 ἀπελθὸν
1185 3523 1355 3580 καλὸν
1405 3525 1818 3582 ἀποκαθίπατο.
1868 3525 1967 3580 Καὶ

309 3613 412 3668 οὐκ
460 3611 520 3668 ἂν
580 3609 702 3688 ἔχοι
760 3633 844 3676 τις
904 3612 1073 3667 εἰπεῖν
1144 3614 1310 3668 κακὸν
1387 3612 1530 3668 οὕτω
1592 3615 1970 3691 φιλονεικηθὲν

309 3701 757 3782 ἐκκορυφωθῆναι
818 3701 896 3764 είς
956 3703 1263 3776 μήκιστον,
1331 3703 1360 3758 ὃ
1421 3703 1498 3777 μὴ
1564 3701 1708 3778 ταχὺ
1766 3701 1969 3782 ἐξηφά-

303 3811 474 3847 νιστο.

377 4021 440 4078 ν’.
492 4021 596 4078 Καὶ
654 4019 716 4076 οὐ
796 4022 1185 4101 περιεγράφετο
1266 4020 1317 4076 ἐν
1394 4021 1582 4097 μόνοις
1651 4026 1787 4096 ἡμῖν
1841 4023 1967 4080 οὐδὲ

302 4110 458 4166 ταυτὶ
503 4111 570 4165 τὰ
621 4110 834 4186 ἀγαθά·
878 4111 946 4166 τὰ
987 4108 1163 4166 πλείω
1219 4107 1276 4166 δὲ
1324 4112 1376 4166 οἱ
1423 4119 1524 4181 τῆς
1579 4110 1718 4185 ἐῴας
1758 4113 1968 4184 λήξεως

305 4197 685 4272 ἐκληροῦντο,
746 4201 833 4256 καὶ
883 4200 948 4254 τὸ
1020 4199 1345 4275 Εὐρωπαῖον
1393 4197 1623 4272 πλάτος,
1672 4201 1760 4256 καὶ
1809 4208 1964 4273 νῆσοι

305 4287 735 4366 ἐγκαινιζόμεναι
783 4287 1070 4345 καὶοῦτω
1117 4293 1497 4367 προφητικῶς,
1537 4291 1619 4352 οἷς
1667 4290 1725 4346 ἐκ
1773 4299 1963 4362 καινῆς

300 4377 365 4432 τὸ
411 4376 783 4453 ἀποιχόμενον
835 4375 887 4432 ἐν
935 4377 1105 4450 ἱεροῖς
1145 4376 1358 4440 κάλλος
1405 4377 1811 4452 ἀνεκομίζοντο.
1864 4379 1964 4435 Καὶ

301 4465 332 4520 ὃ
383 4464 612 4521 ἐνταῦθα
681 4466 1006 4539 κενούμενος
1079 4464 1320 4529 πλοῦτος
1395 4464 1565 4537 δόξειε
1633 4469 1728 4541 μὲν
1785 4466 1846 4524 ἂν
1907 4469 1966 4525 ἐκ

305 4556 506 4629 μέρους
579 4554 907 4631 ἐστοχάσθαι
972 4559 1069 4610 τοῦ
1137 4555 1462 4633 εὐεργετεῖν,
1545 4559 1628 4619 οἷς
1687 4557 1966 4634 ἐκερματί-

301 4648 442 4713 ζετοο
505 4645 569 4700 τὸ
635 4641 852 4716 πλῆθος
926 4642 983 4700 δὲ
1048 4667 1133 4708 τις
1183 4643 1479 4719 καταλέξας
1532 4650 1641 4702 τῶν
1701 4646 1962 4720 ἐπιποιη-

297 4732 496 4789 θέντων
541 4734 635 4789 καὶ
685 4734 945 4808 σεμνείων
992 4736 1081 4790 καὶ
1136 4734 1294 4790 θείων
1339 4739 1496 4808 ναῶν,
1555 4734 1694 4793 πάνυ
1744 4735 1960 4802 πολλὰς
1990 4720 2038 4784 D

297 4820 570 4894 ὐλότητας
635 4822 728 4878 καὶ
803 4823 1058 4900 μεγίστας
1129 4821 1372 4896 δαπάνης
1429 4822 1826 4905 ἐκκορυφώσειε
1880 4832 1960 4901 τῷ

297 4909 582 4988 ἀδροτάτῳ
621 4919 725 4983 τῆς
773 4911 1068 4991 ἐκχύσεως.
1127 4913 1234 4970 Καὶ
1284 4915 1336 4968 οἱ
1389 4915 1488 4988 μὶν
1519 4917 1808 4993 φθάσαντες
1853 4921 1962 4972 τῶν

300 5000 356 5057 ἰν
405 5003 542 5076 ἡμῖν
591 5000 1009 5080 αὐτοκρατόρων
1083 4999 1210 5076 μίαν
1244 4998 1536 5074 δήπουθεν,
1597 5003 1634 5074 ἢ
1687 5005 1781 5060 καὶ
1838 5003 1962 5062 δευ-

296 5089 456 5166 τέραν
523 5089 802 5161 καλλονήν
882 5090 1025 5157 θείαν
1103 5089 1245 5169 φωτὶ
1322 5089 1605 5164 δείξαντες,
1681 5096 1960 5166 νεοτήσιον

301 5180 498 5254 σεμνὸν
537 5181 628 5236 καὶ
689 5179 825 5257 μίγα
875 5202 926 5236 τι
960 5187 1188 5251 ποιῆσαι
1238 5179 1536 5257 κίκρινται,
1591 5183 1682 5238 καὶ
1739 5181 1962 5255 ἀληθῶς

299 5271 704 5341 πεποιήκασιν·
784 5270 812 5324 ὁ
889 5267 948 5324 δὲ
1025 5269 1460 5344 συννοησάμενος
1527 5277 1770 5348 κρεῖττον
1831 5273 1965 5330 εἶναι

300 5354 534 5437 φυλάξαι
594 5358 656 5414 τὸ
688 5359 821 5414 εἶναι
875 5363 994 5421 τοῖς
1027 5356 1145 5413 οὖσι
1205 5358 1327 5433 μὲν,
1385 5357 1636 5417 κίνδυνον
1669 5360 1727 5418 δὲ
1761 5362 1966 5436 ὑπομέ-

301 5468 485 5502 νουσιν
520 5447 755 5519 ἀπιὲναι,
801 5449 940 5525 πρὸς
994 5451 1073 5520 τῷ
1102 5443 1250 5523 ἔργῳ
1304 5447 1484 5522 τούτῳ
1546 5451 1660 5526 εἶχε
1716 5451 1780 5507 τὸ
1835 5457 1966 5522 πᾶν,

307 5534 782 5615 φιλοτιμούμενος
817 5535 987 5612 μηδὲν
1041 5558 1095 5592 τι
1148 5540 1256 5592 τῶν
1313 5538 1477 5612 ἱερῶν
1534 5536 1710 5616 ἔργων
1768 5543 1968 5617 ἀπογε-

307 5626 509 5698 νὲσθαι,
589 5625 736 5684 ἀλλά
807 5629 871 5684 τὸ
927 5624 1100 5682 πάλαι
1145 5627 1472 5704 κτητορικὸν
1540 5629 1728 5693 αὐτοῖς
1779 5630 1968 5688 ἐναπο-

315 5718 496 5789 μεῖναι
548 5715 714 5792 μέχρι
760 5717 954 5781 τὲλους
1013 5715 1316 5797 ἐκφώνημα
1381 5719 1516 5794 πρὸς
1579 5721 1801 5793 μνήμην
1853 5726 1973 5786 τοῖς

313 5802 673 5881 ἅνεγείρασιν.
702 5803 1112 5879 Ἐπηκολούθει
1166 5802 1224 5862 δὶ
1270 5803 1374 5883 ἄρα
1426 5810 1506 5881 τῷ
1550 5805 1767 5885 βασιλεῖ
1813 5808 1972 5865 αὐτο-

2077 3442 2194 3493 Nec
2225 3436 2408 3509 aliud,
2439 3439 2510 3492 de
2540 3453 2653 3508 quo
2685 3437 3077 3492 construendo
3125 3441 3211 3492 tot
3260 3435 3520 3492 amulati
3567 3439 3730 3505 sunt,

2080 3530 2144 3582 ut
2169 3526 2408 3600 longum
2441 3527 2700 3592 duraret,
2732 3529 2852 3581 tam
2887 3530 3154 3597 prompte
3182 3523 3424 3582 interiit.

2145 4029 2235 4084 50.
2259 4027 2374 4084 Nec
2403 4027 2477 4083 ad
2510 4043 2615 4082 nos
2647 4025 2804 4082 solos
2860 4023 2983 4081 hac
3011 4023 3322 4082 commoda
3341 4022 3722 4096 spectabant;

2075 4117 2356 4190 pleraque
2386 4115 2542 4172 enim
2595 4113 2885 4188 regiones.
2929 4112 3184 4169 Orientis
3223 4111 3440 4167 sortitae
3470 4116 3629 4178 sunt,
3669 4115 3727 4169 et

2073 4205 2379 4263 continens
2408 4206 2640 4273 Europa
2669 4208 2728 4260 et
2757 4201 2962 4258 insulae
3022 4199 3361 4274 prcphetice
3412 4204 3722 4265 renovatae,

2075 4296 2146 4351 ad
2180 4311 2326 4366 quas
2357 4295 2551 4349 denuo
2586 4291 2810 4348 cultum
2842 4290 3108 4346 divinum
3131 4289 3432 4346 labantem
3480 4289 3727 4344 reduxe-

2075 4389 2232 4440 runt.
2266 4383 2369 4439 Hic
2389 4381 2600 4437 divitia;
2631 4382 2956 4452 absumptas
2989 4395 3057 4434 ex
3089 4382 3252 4451 parte
3284 4378 3456 4435 abiis
3489 4377 3589 4450 qui
3622 4393 3722 4433 eas

2074 4473 2263 4528 sortiti
2294 4471 2623 4537 fuerant,ad
2647 4470 2858 4541 stipem
2878 4463 3231 4539 erogandam
3264 4467 3544 4523 adhibitae
3562 4470 3723 4523 sunt.

2075 4560 2448 4617 Multitudine
2479 4576 2611 4614 vero
2639 4562 2981 4614 enumerata
3003 4555 3517 4623 monasteriorum,
3543 4554 3725 4611 eccle-

2073 4650 2415 4722 siarumque
2440 4665 2709 4705 summas
2731 4645 2980 4720 pecunia
2998 4645 3287 4702 maximas
3314 4645 3448 4718 quis
3470 4643 3727 4717 largitio-

2071 4741 2163 4798 nis
2190 4740 2317 4796 loco
2343 4739 2615 4813 profusas
2660 4735 3172 4793 inveniet.Priores
3228 4735 3500 4807 equidem
3533 4734 3725 4805 impe-

2070 4834 2291 4886 ratores
2323 4827 2505 4884 nostri
2537 4843 2716 4883 unam
2776 4828 2880 4881 aut
2925 4823 3170 4880 alteram
3223 4822 3724 4894 pulchritudinem

2070 4919 2131 4976 in
2162 4919 2352 4974 lucem
2384 4917 2622 4973 edentes
2647 4933 2769 4971 rem
2819 4913 3103 4986 grandem
3157 4912 3366 4968 fecisse
3425 4910 3718 4981 videntur,

2069 5014 2126 5064 et
2155 5007 2348 5080 reipsa
2376 5007 2660 5062 fecerunt.
2693 5003 2800 5067 Qui
2833 5019 2964 5058 vero
2994 4999 3384 5057 consideravit
3412 4999 3569 5072 quod
3601 5014 3723 5054 me-

2071 5097 2186 5152 lius
2200 5100 2356 5152 esset
2367 5093 2761 5151 conditionem
2784 5106 3051 5148 servasse
3065 5088 3382 5145 exsistendi
3396 5088 3470 5144 iis
3482 5087 3723 5160 quidem

2074 5186 2174 5257 qui
2205 5187 2364 5252 sunt,
2398 5200 2431 5239 a
2462 5180 2884 5254 superstitibus
2907 5194 3040 5234 vero
3071 5177 3398 5250 periculum
3449 5175 3722 5247 ejecisse;

2074 5281 2131 5332 et
2161 5278 2367 5347 praeter
2395 5289 2543 5344 opus
2575 5271 2722 5326 illud
2757 5269 3093 5324 universum
3128 5284 3258 5323 esse
3279 5267 3509 5324 habuit.
3560 5263 3722 5320 omni

2075 5382 2184 5437 ope
2213 5379 2471 5436 curaque
2499 5361 2755 5428 enitens,
2797 5363 2861 5412 ut
2887 5355 3036 5412 nihil
3088 5357 3160 5412 de
3211 5357 3395 5412 sacris
3449 5354 3729 5427 operibus

2076 5453 2368 5519 deficeret,
2402 5450 2502 5506 sed
2527 5447 2680 5520 quod
2717 5445 3047 5517 antiquitus
3079 5444 3386 5501 Dominica
3444 5461 3536 5500 res
3605 5445 3732 5498 erat

2076 5542 2223 5616 ipsis
2251 5543 2577 5597 remaneret
2591 5553 2777 5609 usque
2791 5536 2862 5591 ad
2887 5534 3561 5601 ﬁnem,adhortationem
3583 5531 3730 5588 illud

2079 5630 2302 5686 habens
2332 5629 2402 5684 ad
2439 5624 2779 5683 memoriam
2800 5623 2921 5678 illis
2938 5620 3037 5694 qui
3054 5622 3399 5680 memoriam
3417 5623 3728 5680 suscitant.

2081 5719 2223 5794 Regi
2252 5719 2460 5776 exinde
2487 5717 2642 5774 hanc
2681 5712 3005 5788 praesertim
3053 5711 3431 5770 hereditasse
3477 5711 3728 5786 gratiam

2079 5825 2185 5882 pro
2207 5823 2268 5866 re
2299 5814 2438 5866 nata
2459 5806 2799 5865 inhaerebat.
2833 5805 2898 5858 Et
2935 5799 3116 5878 priori
3172 5801 3411 5874 quidem
3461 5802 3558 5876 qui
3588 5815 3728 5874 pos-
