4066 6372
369 4971 382 4978 ’
471 4953 744 5026 habebat,
778 4959 849 5013 ad
884 4961 1108 5032 majora
1135 4958 1425 5015 desideria
1461 4964 1748 5030 provocat,
1772 4976 1876 5014 nec
1907 4959 2123 5015 divinis

467 415 616 474 1011
1238 410 1661 472 EUSTHATll
1709 409 2483 472 THESSALONICENSIS
2528 408 3115 474 METROPOLszE
3716 409 3841 469 1012

467 545 620 600 sedit
650 543 1057 600 codicillorum
1105 541 1533 598 memorialium
1588 541 1829 596 nomina
1869 546 1926 596 et
1983 541 2122 597 titu-

2241 545 2388 618 φυῶς
2447 539 2682 596 ἐντεῦθεν
2717 583 2732 609 ,
2811 537 3184 613 κληρονομεῖν
3260 534 3417 592 αύτὸν
3503 532 3725 610 μάλιστα
3768 543 3843 605 τῆς

465 633 555 689 los
585 637 642 689 et
675 649 801 704 quae
833 633 903 687 ad
935 632 1106 687 illum
1146 631 1538 703 pertinebant,
1575 636 1808 702 tempus
1867 631 2080 686 delevit
2107 648 2121 700 ;

2241 627 2451 700 τοιᾷσδε
2506 627 2787 699 κλήσεως.
2849 626 2950 681 Καὶ
3002 630 3083 698 τῷ
3147 627 3242 700 μὲν
3300 626 3506 700 πρώτῳ
3564 625 3844 698 κτησαμένῳ

467 723 766 777 secundus
818 738 954 776 vero
1012 725 1274 793 tempore
1331 719 1572 777 veniens
1643 735 1762 786 rex,
1823 719 1969 775 illud
2027 722 2124 776 de-

2241 717 2342 789 ἥδη
2405 716 2708 795 ἐπαλείφων
2767 718 2834 787 ἦν
2891 717 2918 770 6
2962 715 3165 791 χρόνος
3210 711 3457 788 τοῦνομα
3483 721 3580 783 τῆς
3616 734 3841 788 μνημονι-

471 827 589 864 nuo
619 811 694 865 ad
725 809 1070 866 memoriam
1094 809 1418 879 inscripsit,
1446 808 1716 879 priorem,
1750 815 1809 864 et
1837 826 1900 864 se
1928 808 2126 880 ipsum

2241 816 2335 878 κῆς
2369 806 2594 878 δέλπου,
2647 807 2714 863 τά
2760 828 2824 880 γε
2853 805 2930 867 εἷς
2970 804 3129 859 αὐτὸν
3173 803 3395 874 ἥκοντα·
3433 804 3460 858 ὁ
3521 801 3578 858 δὲ
3636 801 3844 879 βασιλεὺς

472 897 797 968 inscripsit,
830 898 971 969 quia
1018 914 1134 953 non
1178 901 1268 953 est
1319 913 1423 951 cur
1473 895 1652 951 lateat
1707 913 1909 953 recens
1969 897 2124 968 quod

2241 898 2485 974 δεύτερος
2542 899 2694 970 ἥκων
2743 903 2822 971 τῷ
2875 897 3085 974 χρόνῳ,
3114 895 3317 952 ἐκεῖνόν
3350 917 3410 950 τε
3438 896 3588 960 αὖθις
3618 895 3688 956 εἰς
3740 895 3844 968 iml-

464 987 744 1056 juventus
777 986 1036 1056 fuerit,et
1058 985 1391 1043 celebritaie
1407 990 1810 1042 antecessores
1842 986 2043 1042 vicerit
2071 991 2128 1042 et

2241 1012 2347 1062 μην
2384 989 2634 1067 ἐνέγραφε
2663 991 2764 1059 τήν
2813 986 3104 1063 προτὲραν,
3154 986 3246 1041 καὶ
3303 985 3500 1041 ἐαυτὸν
3543 981 3846 1060 προσενέγρα-

475 1075 770 1129 memoriae
815 1076 1136 1131 secundam
1212 1075 1392 1131 fuerit
1476 1073 1727 1145 gloriam
1794 1082 2126 1143 assecutus,

2241 1099 2351 1156 φεν·
2387 1080 2469 1133 ὅτι
2505 1070 2647 1150 μηδέ
2675 1075 2786 1133 ἐστι
2817 1077 2879 1131 τὸ
2904 1073 3088 1144 νεάζον
3119 1072 3330 1146 λαθεῖν,
3359 1073 3453 1128 καὶ
3483 1069 3844 1148 παρευδοκιμη-

474 1163 572 1217 ubi
591 1162 900 1234 antiquum
933 1181 1048 1220 non
1071 1164 1410 1221 ﬁrmitatem
1434 1161 1909 1236 habuit,quando
1926 1164 2130 1235 junior

2241 1172 2507 1239 θῆναιτῷ
2537 1168 2820 1244 φθάσαντι,
2861 1165 2952 1220 καὶ
3003 1164 3067 1219 τὸ
3114 1169 3214 1233 τῆς
3269 1159 3624 1236 μνημοσύνης
3672 1159 3849 1231 ἀπενέγ-

471 1251 738 1309 nondum
770 1257 946 1310 natus
977 1259 1124 1310 erat.

2241 1258 2425 1312 κασθαι
2459 1253 2778 1331 δευτερεῖον,
2811 1250 2930 1310 ἔνθα
2958 1254 3021 1308 τὸ
3052 1251 3285 1308 παλαιὸν
3316 1251 3420 1306 οὐκ
3451 1248 3512 1304 ἂν
3557 1248 3847 1318 συνεστήκοι,

2241 1347 2318 1420 μὴ
2348 1349 2445 1400 τοῦ
2475 1349 2754 1414 νεαζοντος
2788 1341 3192 1419 ἐπιγεγονὸτος.

545 1637 889 1702 5l.Quando
917 1653 1051 1693 vero
1084 1637 1252 1693 bonis
1285 1637 1667 1707 absumptum
1695 1633 2128 1690 imitationibus

2309 1637 2406 1688 να’.
2457 1631 2607 1685 Ἐπεὶ
2658 1627 2715 1684 δὲ
2762 1630 2854 1684 τὸν
2904 1629 3135 1703 ἀγαθαῖς
3189 1630 3484 1703 μιμήσεσιν
3517 1625 3852 1699 ἐντηκόμενον⁹

480 1731 538 1780 et
566 1729 636 1782 ad
667 1727 1112 1798 perpetuitatem
1145 1728 1501 1792 tendentem,
1547 1726 1870 1798 perfectum
1923 1723 2129 1778 exinde

2241 1721 2325 1775 καὶ
2374 1720 2449 1782 εἷς
2502 1721 2564 1774 τὸ
2609 1719 2691 1774 ἀεὶ
2735 1713 3123 1794 προϐαίνοντα,
3166 1717 3377 1774 τέλειον
3420 1717 3591 1794 ἐχρῆν
3633 1717 3849 1777 κάνταῦθα

483 1815 788 1885 oportebat
829 1815 1239 1888 complementi
1273 1817 1330 1871 in
1369 1815 1592 1871 talibus
1611 1831 1740 1870 esse
1760 1813 2126 1886 participem,

2241 1815 2336 1878 τῆς
2385 1807 2436 1862 ἐν
2474 1809 2748 1868 τοιούτοις
2799 1808 2887 1861 καὶ
2923 1807 3085 1862 αὐτὸν
3140 1805 3411 1878 ὁλότητος
3463 1807 3598 1861 εἶναι
3630 1805 3846 1880 μέτοχον,

484 1918 602 1957 non
624 1903 896 1959 sufﬁcere
925 1903 1174 1959 aestimat
1199 1903 1373 1960 talem
1405 1904 1550 1960 actis
1594 1903 1976 1967 additionem,
2026 1900 2126 1954 sed

2245 1898 2343 1954 οὐκ
2403 1899 2599 1972 ἀρκοῦν
2649 1900 2863 1973 ἡγεῖται
2901 1898 3002 1966 τήν
3047 1896 3306 1968 τοιαύτην
3365 1895 3697 1965 ἐπιποίησιν,
3742 1890 3850 1948 ἀλλὰ

487 2007 635 2062 opus
666 1991 920 2063 eomplet
949 1993 1350 2062 divinum,nec
1364 1995 1433 2048 ad
1452 1993 1738 2048 vanumin
1753 1995 2131 2062 conspectum

2247 1988 2554 2061 ὀλοκληροῖ
2580 1988 2670 2042 καὶ
2701 1987 2862 2042 αὐτὸς
2919 1992 3063 2050 θεῖον
3112 1983 3289 2062 ἔργον,
3339 1987 3433 2042 καὶ
3483 1987 3614 2041 αὐτὸ
3659 1985 3715 2039 οὐ
3749 1983 3852 2056 πρὸς

486 2079 762 2134 veniendi
795 2096 1055 2136 amorem
1089 2086 1148 2136 et
1199 2086 1567 2152 arrogantem
1624 2087 1916 2137 tumorem
1977 2077 2131 2150 quod

2244 2079 2396 2132 κενὸν
2449 2077 2822 2154 φανητιασμὸν
2867 2076 2957 2130 καὶ
3003 2070 3236 2151 σοϐαρὸν
3280 2071 3537 2149 ὅγκωμα,
3596 2075 3664 2136 ὡς
3717 2071 3764 2126 ἂν

487 2168 802 2224 mirabitur
831 2169 930 2240 qui
956 2171 1252 2226 ferocitate
1283 2175 1481 2226 motus
1512 2169 1744 2238 COgitat;
1776 2174 1830 2224 et
1862 2170 1982 2222 viro
1997 2166 2135 2222 soli-

484 2259 695 2314 teriam
723 2259 904 2316 vitam
937 2261 1275 2316 fastidiendi
1299 2261 1564 2333 placendi
1625 2261 1932 2316 studiosus
1981 2260 2138 2329 (cum

485 2348 709 2403 talibus
735 2349 895 2404 enim
919 2351 1031 2405 sibi
1064 2351 1484 2423 complacebat,
1520 2351 1710 2422 magis
1743 2366 1917 2421 quam
1950 2347 2138 2418 quivis

487 2435 661 2506 alius)
731 2437 1156 2492 monasterium
1244 2440 1552 2504 construit,
1631 2439 1799 2508 cujus
1872 2453 2140 2492 secessus

487 2525 722 2594 quidem
754 2525 812 2580 in
845 2528 1074 2583 deserto
1105 2527 1426 2584 solitariam
1475 2528 1706 2592 cellam,
1765 2526 2140 2599 pulchritudo

492 2629 628 2668 vero
659 2615 906 2670 adornat
938 2617 1229 2673 sermonis
1263 2617 1496 2689 fulgens
1526 2617 1805 2690 elogium.
1839 2616 2141 2672 Guberna-

492 2702 673 2758 tionis
704 2701 764 2758 in
796 2720 864 2759 eo
922 2721 1130 2761 norma
1177 2705 1343 2762 valde
1389 2706 1803 2762 convenienter
1853 2705 2146 2760 diceretur

498 2789 725 2862 angelis
755 2792 952 2865 digna.
1013 2794 1168 2849 Viris
1217 2812 1374 2850 nunc
1423 2794 1679 2866 repletur
1727 2795 1951 2865 optima
2009 2796 2146 2846 nota

499 2879 771 2953 signatis,
827 2883 945 2938 fere
993 2884 1216 2955 absque
1281 2900 1522 2955 corpore
1602 2883 1958 2950 viventibus,
2045 2879 2146 2951 qui

502 2967 653 3025 lucis
707 2971 984 3043 angelum
1033 2989 1213 3044 prope
1235 2990 1297 3028 se
1343 2973 1559 3029 habere
1617 2977 1675 3027 et
1730 2971 2045 3026 traduntur
2093 2973 2151 3024 et

503 3058 911 3125 creduntur,et
940 3059 1053 3132 ipsi
1085 3061 1299 3129 sciunt,
1325 3065 1383 3118 et
1412 3061 1751 3133 divulgatur
1780 3057 2150 3114 sermoillius

505 3147 727 3215 creber,
760 3152 900 3220 quia
929 3150 1300 3207 vehementer
1317 3151 1670 3207 desideravit
1701 3155 1939 3206 sanctos
1962 3147 2131 3219 ipsiu:

2257 3153 2348 3208 καὶ
2378 3150 2687 3226 περιᾳδεται
2744 3151 2906 3227 λόγος
2939 3151 3144 3206 ἐκείνου
3199 3152 3468 3225 ὑμνητὸς,
3529 3152 3602 3212 ὡς
3651 3149 3724 3203 ’ὁτι
3766 3143 3836 3198 ἒπε-

503 3236 605 3292 bos
633 3238 790 3295 viros
821 3255 1027 3295 omnes
1057 3240 1238 3296 simili
1271 3241 1494 3296 ratione
1541 3241 1799 3295 viventes
1845 3253 2122 3309 superare

2261 3242 2430 3316 θυμία
2489 3241 2799 3315 ἐπεθύμησε
2860 3242 2988 3302 τοὺς
3052 3241 3244 3296 ἐαυτοῦ
3295 3241 3483 3312 ἱεροὺς
3535 3238 3742 3296 τούτους
3776 3231 3828 3283 ἀν·

495 3325 563 3380 Ει
615 3294 972 3383 desiderium
1027 3294 1317 3384 eli'ectumi
1348 3294 1582 3384 ihabuit.
1645 3330 1774 3400 Ipse
1805 3294 1960 3381 enim
2017 3325 2131 3379 nul-

2272 3294 2428 3316 ηνρτ
2495 3294 2792 3315 ιη-νγιητ-
3327 3294 3480 3312 γη,
3551 3294 3559 3296 ι
3732 3294 3738 3296 .

2261 3329 2390 3403 δρας
2452 3331 2668 3402 πάντῳν
2730 3331 2998 3405 ὑπερεῖναι
3054 3334 3161 3383 τῶν
3223 3325 3551 3400 ὁμοιοϐίων.
3601 3324 3694 3384 Καὶ
3738 3316 3834 3387 ἦνῆ

485 3413 602 3470 lius
633 3423 1065 3473 antecessorum
1089 3419 1330 3472 inl'erior
1359 3420 1562 3485 evasit,
1588 3422 1878 3490 quotquot
1921 3415 2131 3469 talibus

2250 3418 2508 3494 ἐπιθυμία
2561 3420 2636 3481 εἷς
2692 3419 2979 3496 ἀνάλογον.
3044 3418 3217 3480 Αὐτός
3264 3438 3323 3472 τε
3381 3420 3484 3494 γὰρ
3526 3414 3723 3472 οὐδενὸς
3764 3409 3835 3461 τῶν

485 3505 658 3560 bonis
689 3505 982 3578 splendidi
1007 3509 1262 3578 fuerunt,
1286 3513 1342 3563 et
1373 3507 1473 3580 qui
1503 3507 1780 3563 desiderii
1810 3506 2134 3561 secundum

483 3593 703 3666 ipsum,
737 3595 983 3652 dixerim
1016 3601 1073 3651 et
1106 3597 1432 3652 secundum
1469 3597 1676 3662 Deum,
1723 3595 1832 3651 viri
1901 3594 2134 3660 fuerint,

482 3685 580 3755 qui
613 3685 908 3742 debebant
940 3686 1087 3742 alios
1119 3703 1328 3742 omnes
1351 3702 1650 3758 superare.
1676 3687 1860 3758 Igitur
1889 3701 1950 3739 se
1973 3691 2134 3738 tanto

481 3773 634 3828 bono
665 3774 828 3840 dant,
856 3775 915 3829 in
949 3779 1240 3847 quantum
1274 3777 1511 3847 energia
1542 3776 1790 3830 deiicere
1829 3791 1944 3829 non
1977 3773 2131 3840 licet,

483 3867 541 3916 et
563 3862 862 3918 decertant
910 3863 971 3918 in
1019 3863 1256 3920 virtutis
1315 3864 1503 3920 stadio
1559 3863 1811 3930 vincere,
1865 3863 2033 3934 quasi
2078 3867 2135 3917 et

483 3957 686 4007 contra
714 3952 965 4009 athletas
997 3955 1098 4025 qui
1131 3959 1290 4010 stare
1333 3971 1450 4009 non
1507 3954 1840 4027 praevalent.
1889 3954 1959 4008 Et
2015 3969 2131 4008 non

481 4046 571 4097 est
601 4043 886 4098 renuendi
915 4043 1079 4099 locus
1112 4047 1287 4116 quod,
1342 4049 1453 4100 Deo
1515 4044 1800 4100 auxilium
1851 4044 2128 4115 suppedi-

477 4133 662 4202 tante,
686 4148 802 4188 non
835 4132 1103 4189 excident
1133 4151 1165 4189 a
1195 4134 1346 4190 bono
1377 4134 1695 4206 proposito.

2244 2168 2565 2242 θαυμάσειεν
2626 2170 2655 2222 ὁ
2725 2166 2936 2245 φρονῶν
2989 2167 3064 2230 εἷς
3121 2167 3539 2244 στρυφνότηταο
3595 2166 3679 2220 καὶ
3727 2183 3853 2238 χαρι-

2247 2260 2478 2330 σάμενος
2565 2254 2718 2330 ἀνδρὶ
2808 2253 3044 2329 μονάδος
3123 2256 3247 2330 βίου
3323 2256 3640 2329 κατακόρως
3708 2251 3849 2326 ἔχοντι

2242 2342 2457 2421 (ἔχαιρε
2507 2345 2607 2420 γὰρ
2653 2349 2772 2406 τοῖς
2821 2344 3115 2415 τοιούτοις,
3149 2342 3299 2420 εἷ’περ
3346 2345 3457 2398 τινὶ
3506 2348 3610 2398 τῶν
3658 2339 3849 2414 ἐτέρων),

2248 2434 2436 2503 ἀνιστᾷ
2514 2435 2952 2510 φροντιστήριον,
3026 2433 3088 2488 οὗ
3165 2434 3229 2488 τὸ
3311 2434 3410 2504 μὲν
3487 2426 3850 2506 ἀναεχωρηκός

2249 2522 2459 2597 ἐρήμου
2500 2522 2720 2594 τμῆμα,
2777 2523 2839 2576 τὸ
2896 2520 2953 2577 δὲ
3007 2522 3217 2583 καλλος
3275 2521 3556 2598 ἐξαρτύσοι
3614 2520 3668 2574 ἃν
3715 2517 3849 2588 λόγου

2252 2610 2510 2686 λαμπρὰν
2542 2613 2866 2685 πανήγυριν.
2928 2613 2991 2668 Ἣ
3050 2609 3109 2665 δὲ
3161 2614 3260 2680 τῆς
3320 2611 3376 2666 ἐν
3438 2611 3582 2682 αὐτῷ
3624 2605 3849 2664 πολιτείας

2253 2701 2488 2772 διάταξις
2549 2702 2854 2757 οἰκειότατα
2885 2702 3109 2777 λεχθείη
3169 2700 3230 2756 ἃν
3289 2701 3552 2777 ἀγγέλοις
3605 2697 3845 2774 πρέπουσα.

2256 2797 2354 2852 Καὶ
2422 2799 2510 2848 νῦν
2570 2794 2849 2864 πέπληθεν
2905 2792 3113 2869 ἀνδρῶν
3175 2793 3344 2850 ἐκεῖνο
3407 2793 3732 2867 ἀσκουμξωων
3779 2807 3846 2863 φε-

2257 2883 2524 2958 ρωνύμως
2595 2885 2664 2954 τῇ
2729 2881 3034 2952 ἐηικλήσει,
3093 2883 3183 2936 καὶ
3238 2882 3302 2936 τὸ
3366 2887 3570 2959 μικροῦ
3621 2879 3847 2948 ἀσώματον

2261 2974 2597 3049 βιαζομένων
2671 2974 2752 3034 οἷς
2825 2973 3058 3047 ἄγγελον
3114 2973 3294 3050 φωτὸς
3351 2971 3662 3051 ἐφίστασθαι
3711 2965 3847 3022 αὐτοῖς

2257 3064 2346 3117 καὶ
2406 3063 2770 3134 ὀνομάζονται
2827 3063 2917 3116 καὶ
2970 3061 3334 3127 πιστεύονται,
3379 3062 3472 3116 καὶ
3529 3053 3841 3116 αύτοὶοῖδασι,

2248 3509 2560 3583 φθασάντων
2623 3508 2868 3579 ἐξέπιπτε
2935 3506 3218 3584 δεύτερος,
3278 3508 3398 3563 ὅσοι
3461 3508 3714 3564 τοιούτοις
3757 3499 3838 3564 ἕνη·

2246 3598 2584 3673 γλαΐσθησαν
2627 3601 2867 3676 ἀγαθοῖς,
2923 3600 3014 3655 καὶ
3063 3601 3114 3654 οἱ
3168 3607 3268 3670 τῆς
3323 3601 3443 3656 κατ’
3499 3598 3672 3662 αὐτὸν,
3714 3591 3836 3647 εἷπεῖν

2246 3687 2419 3744 δὲκαὶ
2466 3697 2568 3760 τῆς
2623 3691 2759 3744 κατά
2807 3690 2937 3745 Θεὸν
2999 3688 3289 3763 ἐπιθυμίας
3346 3688 3560 3764 ἄνδρες,
3621 3679 3838 3763 ὀφειλέται

2242 3783 2458 3837 πάντων
2541 3783 2901 3858 περιέμμεναι
2994 3779 3204 3840 ἄλλων.
3273 3781 3373 3836 Καὶ
3433 3781 3610 3837 τοίνυν
3654 3775 3838 3851 γίνονται

2241 3875 2338 3924 τοῦ
2367 3869 2618 3925 τοιούτου
2674 3869 2870 3941 καλοῦ,
2917 3869 2992 3933 εἷς
3022 3872 3146 3926 ὅσον
3192 3871 3290 3926 οὐκ
3331 3869 3476 3926 ἐστιν
3525 3867 3747 3924 ἐλλιπεῖν
3773 3858 3840 3914 δυ·

2239 3959 2471 4031 νάμεως,
2533 3960 2624 4015 καὶ
2696 3959 3042 4034 ἁμιλλῶνται
3117 3961 3179 4016 τὸ
3255 3967 3355 4031 τῆς
3431 3961 3622 4036 ἀρετῆς
3670 3952 3838 4029 κρατεῖν

2241 4047 2478 4118 στάδιον,
2560 4050 2688 4104 ὡσεὶ
2762 4050 2853 4104 καὶ
2934 4050 3011 4114 εἰς
3079 4047 3507 4126 ἁπαραμίλλους
3563 4045 3838 4126 καταστῆνξιι

2238 4137 2695 4214 παγκρατιαστάς.
2777 4137 2877 4192 Καὶ
2957 4137 3057 4194 οὐκ
3137 4133 3280 4193 ἔστιν
3359 4137 3713 4200 ἀπείπασθαι,
3787 4123 3840 4214 ὡς

2239 4213 2372 4282 Θεοῦ
2453 4225 2842 4306 ἐπαλείφοντος
2918 4226 3017 4284 οὐκ
3086 4227 3439 4283 ἐκπεσοῦνται
3510 4229 3609 4294 τῇς
3677 4213 3840 4293 ἀγαθῆς

2235 4315 2563 4388 προθέσεως.

543 4509 633 4565 52.
667 4509 1128 4584 Audite,quaaso,
1147 4511 1565 4569 illudeustate
1586 4515 1643 4568 et
1672 4511 2124 4583 videte,quando

2305 4515 2408 4590 νβ’
2471 4512 2643 4572 Ἀλλά
2711 4516 2813 4591 γὰρ
2879 4515 2990 4571 οἶον
3057 4516 3121 4570 τὸ
3177 4514 3426 4586 ἀκοῦσαι,
3485 4507 3727 4591 Γεύσασθε
3771 4494 3836 4553 καὶ

473 4597 721 4655 dulcedo
743 4600 940 4656 divina
969 4602 1300 4658 volentibus
1331 4608 1567 4674 gustare
1617 4601 1879 4657 offertur.
1938 4601 2126 4657 Simul

2241 4598 2400 4673 ἴδετε,
2455 4605 2545 4658 ὅτε
2589 4590 2866 4679 γλυκύτης
2900 4605 3014 4670 θεία
3040 4610 3160 4667 τοῖς
3195 4603 3556 4680 βουλομένοις
3588 4590 3834 4671 ἐμϐρωμα·

477 4686 809 4745 divinorum
841 4692 1092 4763 cupidus
1124 4691 1374 4758 audivit,
1403 4697 1461 4746 et
1503 4689 1681 4745 simul
1732 4691 2124 4763 manducavit,

2241 4669 2472 4761 τίζεσθαι
2521 4669 2829 4764 πρύκειταιξ
2903 4695 3051 4768 Ἀμα
3109 4695 3136 4748 ὁ
3194 4669 3262 4749 τὰ
3317 4669 3437 4749 θεῖα
3494 4669 3836 4768 λιχρθήευόιίενῗς

475 4775 696 4832 etbibit
714 4777 916 4834 vinum
934 4779 1362 4846 mistum,sicut
1377 4778 1872 4836 novitSalomonis
1895 4779 2128 4852 sapien-

2241 4780 2457 4852 ἤκουσε,
2515 4782 2604 4837 καὶ
2663 4783 2778 4857 ἅμα
2825 4781 3006 4861 ἔφαγε,
3055 4783 3147 4838 καὶ
3195 4782 3313 4839 ἔπιε
3361 4781 3423 4838 τὸ
3477 4773 3732 4855 κερασθὲν»
3765 4763 3833 4861 ’ὡς

474 4863 557 4920 tia
586 4866 792 4938 epulas
821 4885 1066 4940 parare;
1099 4873 1156 4924 et
1181 4867 1502 4940 insumptis
1535 4867 1624 4923 bis
1658 4885 1783 4940 quae
1823 4870 2126 4926 recondita

2241 4870 2376 4928 οἶδεν
2435 4874 2470 4943 ἡ
2524 4851 2949 4946 Σολομώντείος
2996 4870 3405 4949 δαιταλουργεῖν
3458 4851 3831 4949 00¢?l1'ui-81'

2232 4963 2478 5032 πανήσας
2525 4962 2586 5016 τὸ
2643 4963 2938 5035 παρατεθὲν
2973 5009 2988 5032 ,
3055 4962 3345 5039 ἐρεθίζεται
3405 4960 3478 5022 εἷς
3533 4952 3694 5012 πλείω
3741 4943 3830 4999 ἔπι·

2233 5049 2452 5121 Ouum,
2501 5051 2593 5105 καἰ
2640 5058 2742 5121 τῆς
2774 5050 2918 5116 θείας
2967 5053 3070 5107 οὐκ
3099 5049 3216 5127 ἔχει
3271 5054 3480 5129 τρυφῆς
3510 5045 3827 5132 κορὲννυσθαις

2231 5142 2498 5203 Τοιοῦτος
2551 5139 2642 5195 καὶ
2700 5140 2941 5213 ἐκεῖνος,
2996 5143 3024 5196 ὁ
3079 5146 3159 5214 τῷ
3206 5136 3320 5196 ὄντι
3383 5129 3715 5215 μακαριστὰ,
3760 5137 3827 5223 κτξί

2225 5233 2323 5283 τοῦ
2359 5227 2597 5307 μεγάλου
2643 5227 3105 5308 δειπνοκλήτορος
3154 5229 3428 5304 δαιτυμὼν
3470 5223 3661 5304 φίλιος,
3689 5218 3828 5308 Ἐγεῗ-

2229 5339 2378 5389 σατο,
2429 5317 2596 5375 καλὸν
2649 5320 2782 5374 εἶναι
2833 5319 3006 5382 οὕτως
3063 5319 3392 5397 ἐργάζεσθαι·
3450 5316 3595 5382 καὶὴ
3627 5309 3672 5364 ἐν
3711 5301 3825 5398 αὖτ,ῳ

2225 5414 2325 5476 τῆς
2393 5411 2580 5483 ψυχῆς
2642 5406 2861 5484 ἀνδρεία
2914 5409 3234 5471 κατάστασις
3311 5409 3411 5464 οὐκ
3483 5397 3706 5490 ἐσϐέννυξ
3746 5397 3822 5490 ἷξον

2227 5479 2599 5572 λυχνίᾷνῖδί
2656 5479 3099 5575 ἧς’ποδηγεῖταί
3147 5520 3233 5564 τις
3284 5497 3358 5560 εἷς
3388 5493 3659 5575 τοιαύτην,
3687 5479 3819 5575 ὀρθὴν

2230 5568 2352 5661 βίώ
2425 5568 2654 5662 τρίϐον
2723 5568 2984 5660 ἐξανῆπτε
3043 5585 3101 5643 δὲ
3158 5588 3234 5652 εἷς
3291 5585 3456 5644 πλέον
3510 5568 3820 5670 ἀναῤῥιτξίζηων

2225 5673 2352 5748 θείῳ
2396 5675 2688 5749 Πνεύματι,
2737 5675 2826 5732 καὶ
2869 5675 3146 5742 ἐπιποθῶν
3202 5680 3272 5753 τῇ
3319 5677 3472 5752 ψυχῇ
3525 5667 3651 5744 πρὸς
3700 5665 3816 5753 efov'

2227 5744 2344 5822 ὅθεν
2375 5744 2885 5842 προσέιϐαξόμενος
2947 5763 3198 5842 ἐμελέτα,
3247 5744 3344 5824 3ιαῖ
3391 5744 3588 5839 ἐτέροις
3638 5744 3813 5826 ὁμοίως

471 5045 700 5104 deliciis
757 5049 1010 5106 saturari
1060 5053 1270 5122 potest.
1330 5047 1491 5105 Talis
1549 5049 1671 5120 ille,
1732 5051 1925 5123 reipsa
1985 5051 2118 5104 bea-

466 5141 564 5194 tus
596 5143 655 5196 et
684 5142 881 5214 magni
917 5141 1247 5197 invitatoris
1279 5141 1517 5196 conviva
1543 5140 1811 5209 dilectus,
1836 5141 2122 5212 comperit

463 5227 782 5300 pulchrum
813 5247 942 5288 esse
963 5231 1257 5303 ejusmodi
1288 5231 1636 5299 laborem;et
1666 5232 1876 5287 animae
1903 5231 1959 5285 in
1993 5231 2118 5301 ipso

463 5316 656 5376 virilis
685 5321 945 5377 conditio
977 5337 1091 5376 non
1125 5326 1428 5377 lucernam
1480 5321 1776 5386 exstinxit,
1815 5321 1986 5391 cujus
2045 5322 2117 5375 ad

463 5407 656 5465 lucem
691 5409 911 5467 incedit
941 5411 1136 5483 quivis
1167 5411 1226 5466 in
1285 5409 1420 5465 talis
1478 5411 1608 5465 vitae
1658 5413 1811 5465 recta
1856 5409 2066 5464 semita
2100 5433 2115 5477 ;

467 5499 734 5556 accendit
761 5517 892 5558 vero
937 5492 1192 5575 amplius
1230 5499 1429 5557 divino
1475 5499 1698 5572 Spiritu
1751 5499 2011 5556 refovens
2061 5502 2118 5554 et

445 5583 674 5646 .anima
701 5587 776 5648 ad
805 5589 990 5647 Deum
1031 5588 1338 5662 aspirans;
1381 5587 1535 5644 unde
1591 5603 1939 5660 progressus
1991 5588 2116 5643 efﬁ-

447 5669 638 5728 eiens
664 5689 728 5734 se
755 5679 1063 5736 exercebat
1101 5684 1162 5736 et
1209 5677 1432 5735 ceteris
1490 5676 1788 5744 similibus
1843 5678 2118 5735 studebat

474 5758 864 5830 opsﬁbus.Et
888 5763 1018 5822 loca
1061 5767 1122 5822 in
1179 5770 1316 5838 apto
1371 5765 1578 5836 electa,
1639 5780 1708 5822 ex
1751 5765 1999 5836 judicio,
2058 5769 2118 5823 et
