4066 6368
297 422 454 482 1013

1152 420 1554 483 MANUELIS
1600 421 1952 482 COMNENI
1999 423 2395 485 LAUDATIO
2441 426 2862 489 FUNEBRIS.

3569 430 3731 490 1014

289 546 611 606 ἐπιϐαλλειν
660 551 963 626 πράγμασι.
997 553 1098 608 Καὶ
1153 552 1204 605 οἱ
1261 552 1422 606 τόποι
1462 553 1513 605 ἐν
1565 551 1791 624 ἑτοίμῳ,
1827 551 1940 606 ἐπι-

2066 555 2392 612 materialia
2423 558 2886 614 conﬁciebantur
2903 561 2961 614 et
2997 558 3186 613 tribus
3239 559 3464 614 artibus
3519 559 3724 614 valens

292 638 535 715 λεγὲντες
597 639 649 709 ἐξ
707 638 1052 714 ἐπικρίσεως,
1117 640 1204 694 καὶ
1283 640 1349 694 τὰ
1399 647 1499 709 τῆς
1557 639 1694 710 ὕλης
1753 640 1951 716 ηὐτρέ-

296 750 481 794 πιστο,
540 729 629 784 καὶ
686 730 748 783 τὸ
804 730 1055 802 τεχνικὸν
1117 727 1286 806 φῦλον
1347 727 1788 800 προκατείληπτο
1833 735 1950 791 τυῖς

306 823 550 891 μισθοῖς,
597 818 661 874 τό
719 839 777 873 τε
827 818 1249 892 ἀρχιτεκτονοῦν
1306 817 1396 872 καὶ
1475 819 1539 872 τὸ
1597 819 1949 893 ὑπουργικόν·

296 906 387 963 καὶ
433 906 641 962 τούτων
699 907 751 961 οἱ
810 906 903 979 μὲν
962 913 1077 968 τοῖς
1134 906 1447 981 Ναζιραίοις
1503 905 1684 970 θέσθαι
1739 908 1952 977 σκηνώ-

301 1018 462 1068 ματα,
497 995 658 1072 ἐγγὺς
690 993 748 1050 δὲ
778 993 890 1050 ἔστι
920 997 1080 1074 φάναι
1126 997 1214 1051 καὶ
1275 1001 1412 1066 Θεῷ,
1446 993 1534 1050 διά
1580 1017 1639 1051 τε
1688 998 1750 1051 τὸ
1809 1003 1950 1060 θεῖον

294 1090 392 1140 τοῦ
449 1089 840 1157 σκευάσματος,
871 1085 962 1140 καὶ
1022 1081 1108 1142 ὅτι
1157 1090 1275 1147 τοῖς
1327 1084 1378 1140 ἐν
1422 1085 1570 1156 αὐτῷ
1598 1086 1952 1161 καθαρεύουσι

295 1176 425 1237 Θεὸς
507 1173 793 1244 ἐνσκηνοῦν
882 1171 994 1229 οἶδε
1076 1175 1166 1229 καὶ
1254 1175 1648 1250 ἐμπεριπατεῖν
1682 1193 1696 1207 ·
1759 1175 1813 1229 οἱ
1897 1172 1955 1229 δὲ

294 1262 547 1318 σκευάσαι
634 1262 808 1332 ξένοις
867 1261 1204 1330 ἀνάπαυλαν,
1265 1264 1352 1317 καὶ
1436 1263 1628 1325 αὐτοῖς
1708 1283 1952 1339 τραυμα-

290 1353 455 1420 τίαις,
487 1353 522 1420 ἢ
571 1353 661 1406 καὶ
718 1352 916 1427 ἑτέρως
963 1353 1146 1414 νόσοις
1179 1350 1579 1422 ἐνολισθήσασι.
1615 1351 1716 1409 Καὶ
1765 1354 1792 1407 ὁ
1856 1354 1949 1426 μὲν

295 1441 464 1496 οὕτω.
519 1444 587 1514 τῇ
664 1440 778 1512 θείᾳ
847 1440 1112 1513 ἐπιθυμίᾳ
1193 1439 1592 1516 ἐκθερμανθεὶς,
1653 1441 1949 1514 καιομένην

296 1531 416 1606 εἶχε
441 1531 542 1599 τὴν
593 1527 815 1606 καρδίαν
869 1529 920 1585 ἐν
955 1531 1179 1602 ἐαυτῷ,
1215 1527 1270 1586 εἷ’
1319 1551 1437 1593 πως
1491 1527 1601 1586 ἷ¹δοι
1657 1532 1720 1586 τὸ
1766 1531 1950 1595 ἐπιθυ-

298 1619 502 1692 μητόν.
559 1619 646 1680 Ὠς
717 1616 776 1674 δὶ
835 1619 898 1674 τὸ
957 1621 1134 1694 χρεὼν
1194 1616 1440 1692 ἤπειγεν,
1491 1618 1726 1692 ἀπῆλθε,
1776 1640 1950 1691 προσ-

294 1705 438 1782 άγων
499 1712 616 1780 Θεῷ
665 1709 765 1776 τήν
825 1701 998 1785 ἔφεσιν
1058 1707 1146 1762 καὶ
1195 1709 1294 1776 τὴν
1347 1708 1422 1770 εἷς
1461 1708 1693 1784 τάγαθὸν
1751 1708 1948 1783 πρόθε-

294 1816 400 1867 σιν,
430 1795 559 1851 ὠσεὶ
605 1797 694 1851 καὶ
745 1791 900 1872 ἔργον
951 1793 1060 1866 ἤδη
1110 1795 1341 1866 τέλειον,
1388 1795 1654 1874 ἀφέμενος
1711 1801 1790 1870 τῷ
1847 1799 1950 1871 υἱῷ

299 1883 515 1960 βασιλεῖ
562 1883 958 1960 τελεσφορῆσαι
1034 1883 1096 1940 τδ
1161 1884 1460 1959 ἔλλειμμα,
1521 1888 1609 1941 καὶ
1688 1887 1786 1955 τὴν
1851 1889 1944 1960 μὲν

291 1974 472 2050 ἀρχὴν
518 1971 706 2037 ἐνδοὺς
753 1974 913 2038 αὐτὸς
958 1973 1048 2030 καὶ
1090 1971 1250 2030 τοῦδε
1302 1979 1400 2030 106
1429 1975 1648 2049 ἀγαθοῦ,
1681 1974 1854 2032 ἐκεῖνο
1887 1975 1945 2033 δὲ

292 2061 801 2141 φιλοτιμησάμενος
827 2065 889 2120 τὸ
915 2062 1253 2122 παντέλειον.

361 2273 462 2328 νγ.
494 2255 595 2310 Ἦν
647 2250 704 2309 δὲ
750 2257 849 2319 τῆς
885 2253 1055 2323 αὐτῆς
1106 2253 1396 2324 ἐπισκευῆς
1453 2253 1543 2310 καὶ
1597 2256 1632 2324 ἡ
1676 2258 1784 2310 τῶν
1844 2255 1944 2310 πό-

291 2341 430 2398 λεων
487 2345 578 2398 καὶ
635 2344 932 2422 φρουρίων,
961 2349 1068 2400 τῶν
1133 2347 1228 2418 μὲν
1278 2345 1486 2422 ἔγερσις
1517 2347 1578 2402 ἐκ
1608 2351 1705 2402 106
1770 2348 1940 2402 πάλαι

290 2437 518 2502 κεῖσθαι,
571 2437 678 2488 τῶν
741 2430 800 2489 δὶ
855 2433 1095 2503 ποίησις,
1154 2434 1245 2489 καὶ
1323 2435 1490 2490 εἰπεῖν
1563 2435 1940 2512 καιριώτερον,

291 2520 467 2583 κτίσις
515 2523 698 2591 καινή.
762 2521 864 2578 Καὶ
924 2517 1164 2596 Τιϐερίῳ
1247 2523 1339 2595 μὶν
1393 2523 1653 2599 προνοίας
1709 2545 1946 2598 προσμει-

291 2611 634 2684 μαρτύρηται
715 2609 935 2684 ἀγαθὸν,
996 2610 1078 2666 ὅτι
1164 2610 1379 2675 πολλὰς
1437 2610 1628 2674 πόλεις
1694 2633 1942 2669 κατασει-

292 2699 510 2762 σθείσας
561 2704 679 2760 ταῖς
728 2698 1057 2775 εὐεργεσίαις
1103 2695 1378 2756 ἀνέλαϐεν.
1412 2702 1473 2759 Ὁ
1527 2699 1583 2756 δέ
1634 2702 1724 2756 καὶ
1779 2707 1942 2758 τοῦτο

291 2789 386 2860 μὲν
421 2786 510 2842 ἐπὶ
538 2793 822 2856 τοσοῦτον,
855 2789 931 2851 εἷς
962 2787 1083 2843 ὅσον
1135 2789 1235 2844 οὐκ
1289 2790 1456 2844 εἰπεῖν
1515 2793 1651 2863 ἡμῖν
1711 2790 1941 2866 εὐμαρὲς

293 2875 343 2931 ἐν
411 2898 472 2952 γε
523 2881 602 2948 τῷ
657 2877 908 2952 παρόντι,
971 2879 1047 2950 μὴ
1105 2878 1196 2932 καὶ
1261 2880 1364 2948 τὴν
1423 2877 1938 2954 ἐπιμεμετρημένην

294 2964 435 3040 ὥραν
485 2971 736 3028 τοπικοῖς
797 2965 1023 3039 ὀνόμασι
1082 2965 1625 3041 προσδαπὰνήσωμεν
1657 2987 1670 3001 ο
1704 2967 1831 3030 ὅσας
1885 2964 1944 3022 δέ

289 3054 379 3108 καὶ
451 3053 707 3124 ἐκκαινῆς
781 3053 832 3110 ἐν
911 3055 1214 3132 ἐπικαίροις
1323 3056 1553 3132 χωρίοις
1631 3055 1940 3128 ἀνέστησεν,

285 3143 518 3218 ἀριθμὸς
593 3140 778 3210 ἕτερος
849 3145 1026 3212 αὗται,
1077 3143 1183 3221 οὐχ
1241 3147 1357 3209 οἷος
1429 3147 1504 3218 μή
1569 3144 1941 3216 ἐπεξισοῢσθαι

284 3237 404 3294 ταῖς
462 3231 705 3295 λοιπαῖς.
763 3233 844 3290 Ού
900 3233 1001 3308 γὰρ
1062 3236 1139 3294 εἷς
1217 3234 1404 3289 ἑκατὸν
1462 3231 1623 3304 ἅπαξ,
1682 3231 1807 3289 οὗδὶ
1865 3233 1942 3297 εἷς

2064 644 2264 713 pretiis
2295 646 2512 714 primas
2545 646 2805 700 tenuerai
2831 651 2888 701 et
2957 647 3426 702 constructiones
3487 647 3714 702 faciens

2061 739 2118 786 et
2147 734 2557 802 adjumentum
2593 735 3131 806 praestanleorum
3154 753 3253 791 eos
3276 736 3516 806 quidem
3548 739 3713 792 Nazi-

2064 820 2192 874 raais
2223 823 2603 878 constituisse
2625 824 3024 888 tabernacula,
3054 825 3384 894 proximum
3409 830 3606 879 autem
3629 829 3719 880 est

2064 913 2177 964 Deo
2208 910 2611 982 colloqui,lum
2644 913 2717 968 ob
2749 917 3099 984 apparatum
3133 914 3552 979 divinum,tum
3577 913 3718 984 quia

2064 998 2181 1052 illis
2213 999 2312 1070 qui
2337 1001 2391 1054 in
2426 1002 2621 1056 divino
2643 1007 2925 1074 apparatu
2951 1020 3013 1059 se
3046 1004 3337 1058 mandant
3365 1008 3520 1058 Deus
3552 1003 3719 1058 inba-
3825 1039 3832 1045 -

2064 1085 2250 1141 bitare
2301 1087 2424 1142 vult
2462 1093 2517 1142 et
2573 1090 2910 1157 ambulare;
2975 1091 3080 1146 hos
3135 1107 3268 1145 vero
3327 1091 3568 1146 advenis
3612 1091 3719 1146 ho-

2063 1174 2304 1245 spitium
2333 1177 2670 1247 prtebuisse,
2719 1185 2774 1234 et
2806 1179 3130 1235 vulneratis
3177 1185 3280 1234 aut
3310 1179 3442 1234 aliis
3495 1179 3718 1234 morbis

2062 1263 2490 1321 laborantibus.
2523 1267 2629 1331 Qui
2664 1268 2898 1338 quidem
2930 1268 3014 1323 sic
3047 1268 3243 1322 divino
3275 1267 3566 1324 desiderio
3603 1268 3716 1322 fer-

2063 1354 2230 1411 vidus
2261 1355 2388 1423 fuit,
2422 1358 2635 1414 ardens
2667 1359 2722 1412 in
2754 1375 2818 1414 se
2841 1375 2939 1414 cor
2967 1358 3176 1414 habuit
3204 1360 3256 1414 si
3289 1360 3434 1414 forte
3483 1357 3714 1414 deside-

2063 1450 2254 1499 ratum
2285 1446 2516 1501 viderit.
2552 1451 2693 1502 Cum
2728 1464 2861 1502 vero
2893 1448 3189 1504 festinavit
3229 1464 3407 1518 more,
3440 1447 3712 1512 decessit,

2064 1535 2178 1588 Deo
2207 1534 2461 1590 alferens
2525 1535 2883 1591 desiderium
2915 1543 2970 1590 el
3001 1535 3232 1591 virtutis
3264 1552 3544 1603 amorem,
3576 1541 3711 1590 tan-

2059 1637 2233 1690 quam
2259 1623 2558 1692 0pusjam
2619 1626 2964 1693 perlectum,
3025 1623 3366 1695 relinquens
3410 1622 3529 1678 ﬁlio
3587 1621 3708 1693 regi

2058 1711 2128 1764 ad
2163 1711 2382 1766 bonum
2407 1712 2584 1766 linem
2621 1712 2946 1782 perducens
2972 1729 3101 1783 quae
3131 1713 3332 1768 relicta
3352 1716 3512 1782 sunt,
3541 1712 3704 1783 prin-

2057 1799 2280 1870 cipium
2309 1800 2546 1870 quidem
2575 1799 2793 1856 faciens
2815 1800 3244 1872 boni,illudque
3263 1801 3424 1856 omni
3459 1815 3705 1856 numero

2057 1893 2533 1946 consummatum
2565 1889 2959 1946 aemulationis
2977 1891 3265 1946 rationem
3298 1889 3595 1962 prabens.

2124 2245 2214 2302 53.
2239 2246 2516 2316 Ejusdem
2549 2244 2998 2303 restaurationis
3055 2248 3180 2301 erat
3218 2242 3455 2300 urbium
3506 2244 3564 2299 et
3609 2259 3709 2298 ar-

2049 2335 2209 2390 cium
2241 2334 2494 2390 aiiarum
2525 2335 2762 2406 quidem
2799 2338 3076 2390 renovata
3098 2333 3172 2388 ab
3202 2331 3446 2404 antiquo
3479 2329 3704 2387 excidio

2051 2423 2378 2490 aediﬁcatio,
2401 2424 2648 2479 aliarum
2679 2432 2872 2479 antem
2902 2423 3286 2489 constructio,
3317 2426 3376 2476 et
3405 2425 3470 2477 ut
3496 2435 3708 2492 oppor-

2050 2513 2255 2568 tunius
2303 2513 2673 2583 dicam,nova
2703 2512 3028 2568 creatio.De
3055 2511 3285 2568 Tiberio
3307 2509 3547 2582 quidem
3579 2525 3708 2580 pro-

2053 2606 2320 2661 videntis:
2343 2607 2564 2662 bonum
2596 2606 2892 2662 testificati
2915 2609 3056 2661 sunt
3085 2605 3240 2676 quod
3273 2602 3494 2658 multas
3525 2602 3704 2658 urbes

2053 2695 2366 2750 subversas
2405 2693 2858 2750 liberalitatibus
2889 2693 3258 2749 restauravit.
3293 2690 3395 2746 Ille
3423 2707 3557 2746 vero
3595 2689 3704 2746 hoc

2053 2786 2274 2858 peregit
2329 2785 2389 2841 in
2451 2791 2740 2857 quantum
2791 2802 2906 2840 non
2940 2785 3110 2840 nobis
3143 2785 3196 2838 in
3234 2782 3506 2855 presenti
3539 2781 3702 2836 dictu

2052 2873 2241 2941 facile,
2277 2874 2389 2929 nisi
2419 2875 2724 2929 definitam
2784 2876 2988 2930 horam
3049 2877 3311 2928 locorum
3362 2869 3704 2926 nominibus

2052 2979 2515 3028 consumamus;
2549 2968 2694 3033 quot
2740 2979 2872 3019 vero
2904 2967 2961 3017 et
3018 2963 3209 3018 denuo
3248 2961 3308 3015 in
3356 2958 3704 3031 opportunis

2052 3049 2196 3106 locis
2218 3051 2542 3120 constituit,
2576 3068 2860 3106 numerus
2892 3050 3044 3106 alius
3074 3049 3208 3119 illis,
3243 3065 3348 3105 nec
3404 3047 3507 3119 qui
3568 3045 3704 3102 reli-

2052 3139 2440 3208 quisinferior
2462 3147 2641 3211 queat
2669 3139 3152 3211 comparari.N0n
3182 3139 3338 3194 enim
3366 3138 3426 3192 in
3457 3142 3698 3192 centum

2051 3229 2257 3298 semel,
2291 3246 2396 3284 nec
2451 3231 2509 3284 in
2568 3229 2863 3300 duplicem
2886 3229 3043 3284 hunc
3100 3243 3438 3295 numerum,
3496 3225 3598 3281 sed
3648 3227 3707 3280 et

284 3320 515 3379 διπλοῦν
576 3327 761 3389 τοῦτο,
819 3321 968 3380 ἀλλά
1026 3324 1117 3378 καὶ
1193 3323 1509 3398 ὑπερέκεινα
1556 3324 1938 3401 κορυφούμενα

2053 3335 2232 3390 supra
2262 3318 2383 3373 haec
2414 3323 2720 3375 exstructa
2747 3317 3137 3389 sunt,quibus
3168 3317 3442 3372 muniens
3470 3315 3700 3370 hostem

283 3411 741 3486 ὑπερανίστανται,
775 3409 845 3466 δι’
903 3410 976 3466 ὧν
1035 3412 1400 3488 ἀποτειχίζων
1451 3413 1580 3476 τοὺς
1626 3411 1935 3485 πολεμίους

282 3499 424 3576 εἶργε
467 3505 568 3566 τῆς
619 3498 915 3575 ἐκδρομῆς,
961 3499 1201 3576 ἐχόμενα
1227 3497 1421 3577 τρίϐου
1470 3500 1742 3557 σκάνδαλα
1788 3505 1933 3565 τιθέ-

283 3609 439 3662 μενος
471 3588 680 3658 αὐτοῖς,
711 3589 800 3644 καὶ
851 3587 1178 3664 προοδεῦσαι
1216 3592 1309 3662 μὶν
1367 3587 1623 3660 κωλύων,
1672 3592 1933 3667 βιασαμέ-

278 3697 392 3739 νοις
441 3675 498 3733 δὶ
549 3679 649 3748 τὴν
706 3676 830 3733 ὁδὸν
891 3673 1066 3755 φόϐον
1119 3679 1348 3735 θανάτου
1401 3679 1648 3736 ἐπισείων
1711 3680 1770 3736 ἐκ
1823 3684 1931 3736 τῶν

279 3762 485 3835 ὄπισθε,
546 3767 636 3822 καὶ
711 3767 888 3840 μένειν
948 3767 1122 3831 οὕτως
1168 3767 1308 3824 ο⁹ίκοι
1372 3770 1715 3846 βιαζόμενος,
1747 3774 1838 3825 καὶ
1895 3769 1931 3839 ἢ

275 3855 368 3910 τὸν
420 3855 590 3929 θυμὸν
650 3855 884 3928 πέττειν,
937 3855 974 3925 ἢ
1030 3859 1190 3914 κατὰ.
1224 3863 1359 3936 σφᾶς
1434 3857 1627 3921 αὐτοὺς
1686 3869 1936 3933 θυμομα-

277 3948 508 4019 χοῦντας
541 3943 860 4022 ῥήγνυσθαι.

348 4137 445 4199 νδ’.
479 4138 602 4216 Ούσχ
639 4142 802 4210 ἧττον
858 4137 916 4197 δέ
969 4161 1024 4196 τι
1081 4139 1170 4196 καὶ
1230 4140 1400 4197 ἐκεῖνο
1446 4141 1644 4210 κεινὸν,
1677 4139 1759 4198 ὅτι
1817 4146 1932 4204 τοῖς

276 4226 498 4284 πλείοσι
546 4233 655 4285 τῶν
707 4227 971 4286 τοιούτων
1030 4223 1204 4307 ἔργων
1259 4230 1445 4286 ἑαυτὸν
1526 4230 1929 4307 ἀρχιτεκτονεῖν

278 4315 490 4396 ἐφίστα,
547 4317 639 4375 καὶ
693 4315 1012 4397 διευκρινεῖν
1068 4319 1156 4390 τὰ,
1216 4315 1283 4375 δι’
1324 4316 1396 4374 ὧν
1456 4317 1713 4398 ἀσφαλῶς
1773 4319 1930 4392 ἐστή-

279 4409 481 4480 εονται,
512 4407 581 4463 τὰ
635 4405 824 4464 πολλὰ
879 4406 938 4463 δὶ
986 4408 1074 4463 καὶ
1127 4405 1394 4464 διακονεῖν
1447 4409 1538 4464 καὶ
1587 4415 1930 4485 χειρουργεῖν

277 4499 394 4558 τοῖς
469 4494 786 4568 πολίζουσι,
842 4496 934 4552 καὶ
1009 4502 1349 4574 παραφορεῖν
1427 4496 1552 4553 ὅσον
1627 4499 1928 4574 χρήσιμον.

279 4584 384 4642 Καὶ
450 4586 581 4662 χθὲς
642 4585 739 4658 μὶν
814 4587 910 4649 τὰς
967 4585 1250 4663 βασιλικὰς
1303 4581 1516 4662 ἔτριϐον
1576 4593 1786 4664 χεῖρας,
1840 4587 1929 4642 καὶ

2045 3424 2338 3479 quemque
2370 3406 2586 3480 repulit
2616 3407 2989 3463 excursiones
3021 3406 3384 3475 molientem,
3417 3403 3699 3460 continua

2044 3497 2270 3552 viarum
2307 3498 2744 3570 propugnacula
2786 3502 3054 3553 statuens
3085 3498 3372 3552 adversus
3404 3495 3693 3558 bostes,et

2042 3585 2154 3641 iter
2185 3585 2423 3658 quidem
2451 3603 2690 3657 pergere
2722 3585 3220 3656 prohibens,viam
3244 3599 3376 3639 vero
3406 3580 3692 3638 violenter

2043 3677 2378 3732 tenentibus
2431 3676 2636 3732 mortis
2688 3680 2913 3731 metum
2971 3675 3267 3731 incutiens
3317 3690 3420 3746 per
3466 3688 3536 3729 ea
3564 3687 3691 3744 quae

2044 3771 2196 3821 retro
2219 3766 2474 3832 stabant,
2527 3765 2612 3822 sic
2662 3765 2821 3821 domi
2871 3781 3176 3820 remanere
3229 3780 3442 3836 cogens
3465 3767 3524 3818 et
3573 3761 3693 3817 sive

2043 3854 2402 3910 ferocitatem
2427 3855 2716 3924 minuere,
2748 3854 2872 3910 sive
2895 3859 3098 3910 contra
3155 3853 3402 3910 invicem
3455 3849 3694 3907 suavian-

2042 3947 2130 3998 tes
2161 3943 2375 4015 frangi.

2109 4139 2200 4196 54.
2232 4143 2359 4195 Non
2393 4139 2590 4196 minus
2620 4139 2766 4196 illud
2789 4140 3006 4197 mirum
3037 4141 3189 4211 quod
3217 4139 3426 4196 talium
3457 4154 3701 4211 operum

2040 4229 2351 4301 plerasque
2379 4229 2643 4302 seipsum
2666 4231 3052 4288 architectum
3070 4231 3366 4288 statuebat
3393 4233 3448 4286 et
3477 4229 3697 4286 discre-

2038 4317 2122 4374 vit
2180 4335 2309 4391 quss
2365 4318 2584 4375 tutiora
2640 4321 2906 4388 stabunt,
2959 4318 3146 4376 multa
3195 4335 3330 4376 vero
3389 4317 3700 4374 ministra-

2040 4408 2121 4464 vit
2150 4408 2426 4464 manibus
2459 4414 2734 4480 prestare
2754 4409 3261 4478 aedificantium,et
3277 4408 3483 4466 vehere
3512 4423 3699 4479 quan-

2040 4501 2165 4553 tum
2198 4497 2341 4554 utile
2371 4504 2516 4554 erat.
2549 4498 2682 4554 Heri
2713 4499 2952 4570 quidem
2980 4499 3168 4569 regias
3202 4499 3522 4570 fatigabant
3569 4514 3699 4553 ma-

2041 4603 2176 4656 nus,
2208 4603 2339 4643 cras
2359 4604 2496 4644 voro
2539 4588 2983 4661 fatigabantaut
3012 4587 3479 4644 instrumentum
3513 4586 3700 4643 multo

279 4671 549 4751 εἰσαύριον
604 4671 662 4729 δὲ
705 4675 1015 4751 τρίψουσιν,
1047 4674 1083 4746 ἢ
1131 4677 1309 4747 σπάθη
1347 4676 1689 4753 βαρυνομένη
1740 4675 1939 4751 πολλῷ

2053 4679 2200 4736 ferro
2221 4685 2554 4750 oneratum,
2604 4685 2663 4737 et
2688 4684 2980 4753 quantum
3013 4684 3219 4752 praeter
3247 4680 3485 4737 secandi
3535 4683 3701 4736 natu-

277 4765 358 4837 τῷ
411 4763 648 4842 σιδήρῳ,
678 4766 770 4822 καὶ
829 4768 953 4823 ὅσον
997 4764 1130 4843 δίχα
1186 4786 1250 4842 γε
1303 4772 1402 4824 τοῦ
1452 4769 1665 4843 τέμνειν
1725 4769 1827 4824 οὐκ
1875 4768 1934 4825 ἂν

287 4850 404 4908 οὐδ’
463 4852 650 4917 ἄλλως
707 4854 861 4934 φέροι
933 4855 1322 4932 κατενεχθέντα
1395 4856 1666 4930 πολέμιος
1715 4856 1934 4932 ὅμιλος,

281 4939 430 4999 ἀλλά
483 4945 684 5021 συχνὸς
737 4948 834 5001 106
899 4944 1018 5022 βίου
1087 4945 1521 5021 ἐκθεριζόμενος,
1575 4944 1937 5024 δραγμεύοιτο

278 5030 339 5086 ἂν
395 5032 472 5097 εἷς
525 5029 766 5100 στοιϐἀςο
802 5033 838 5106 ἢ
898 5034 1102 5111 κορύνη
1164 5033 1414 5112 σιδηρέα,
1477 5035 1714 5113 χάλκεον
1769 5035 1936 5094 ὕπνον

279 5125 389 5177 τῶν
441 5121 838 5197 πληττομένων
899 5124 1296 5200 καταφέρουσα,
1329 5124 1365 5196 ἢ
1425 5125 1584 5202 βριθὺ
1642 5122 1796 5202 δόρυ,
1844 5126 1934 5182 καὶ

282 5210 415 5286 ὅπερ
446 5207 655 5266 εἷ’κασεν
681 5210 740 5268 ἃν
787 5215 1053 5285 ποιητικὴ
1098 5211 1483 5293 μεγαλοφωνία
1539 5215 1615 5278 ὡς
1667 5215 1745 5278 εἰς
1802 5217 1934 5288 νηὸς

277 5300 426 5354 ἱστὸν
479 5299 834 5376 ἐεικοσόροιο.
865 5307 1121 5359 Τοιοῦτον
1179 5304 1284 5382 γὰρ
1315 5307 1351 5376 ἡ
1388 5301 1650 5382 βασιλικὴ
1699 5305 1934 5380 παλάμη

280 5389 466 5464 ἀνεῖχέ
520 5411 577 5446 τε
627 5391 716 5446 καί
776 5389 999 5468 ἐχώρει.
1029 5393 1131 5448 Καὶ
1187 5398 1355 5450 ταῦτα
1411 5395 1506 5468 μὲν
1544 5394 1676 5471 χθές
1727 5417 1787 5452 τε
1844 5394 1935 5451 καὶ

279 5477 550 5556 εἰσαύριον
622 5476 755 5557 ἔργα
831 5488 1133 5553 τηνικαῦτα
1186 5488 1266 5558 τῷ
1327 5483 1573 5559 βασιλεῖ·
1625 5485 1820 5559 μεταξὺ
1879 5483 1937 5541 δὲ

279 5565 510 5642 χάλικες
562 5570 614 5626 ἐν
653 5573 840 5647 χερσὶν
898 5569 1055 5649 ἁδροὶ
1091 5573 1182 5628 καὶ
1212 5571 1530 5650 ἀδραχθεῖς,
1564 5571 1711 5630 λίθοι
1765 5596 1936 5652 προσ·

279 5655 566 5732 κόμματος
638 5660 728 5716 καὶ
802 5661 956 5717 αὐτοὶ
1011 5667 1128 5724 τοῖς
1181 5660 1403 5739 ἐχθροῖς
1459 5667 1556 5720 106
1626 5669 1782 5722 Θεοῦ.
1835 5663 1936 5721 Καὶ

282 5745 462 5817 δήπου
511 5747 814 5823 ἀγαπητὸν,
849 5751 897 5808 εἰ
945 5750 1114 5828 μέχρι
1159 5750 1367 5809 τούτων
1411 5752 1440 5807 ὁ
1467 5753 1733 5827 κάματος.
1766 5754 1827 5813 Ὁ
1878 5751 1935 5812 δὶ

2047 4787 2174 4827 ram
2198 4787 2312 4826 non
2344 4770 2488 4827 alias
2519 4776 2776 4844 gestaret
2791 4789 2968 4828 ruens
2983 4771 3218 4827 hostilis
3238 4771 3482 4828 turbain
3516 4771 3703 4827 fasces

2047 4866 2149 4916 aut
2179 4862 2340 4916 clava
2370 4862 2554 4918 ferrea
2575 4878 2788 4918 aereum
2815 4877 3091 4917 somnum
3117 4875 3532 4933 percussorum
3564 4874 3706 4930 prae-

2047 4950 2284 5022 cipitem
2315 4967 2515 5022 agens,
2547 4957 2649 5006 aut
2680 4951 3010 5022 ponderosa
3037 4948 3230 5017 hasta,
3279 4964 3457 5021 quam
3482 4963 3693 5020 reprae-

2048 5040 2300 5096 sentavit
2347 5041 2576 5110 poetica
2616 5039 3119 5112 magniloquentia
3178 5037 3350 5112 quasi
3404 5037 3569 5095 navis
3617 5036 3706 5091 vi-

2045 5127 2193 5200 ginti
2223 5128 2404 5184 remis
2438 5127 2679 5183 malum.
2718 5133 2833 5184 Hoc
2865 5129 3022 5202 regia
3045 5145 3258 5184 manus
3291 5125 3629 5184 sustinebat
3647 5129 3704 5182 et

2046 5217 2466 5290 portabat;hasc
2497 5218 2733 5289 quidem
2761 5218 2886 5273 heri
2919 5223 2975 5274 et
3005 5235 3133 5274 cras
3154 5218 3306 5290 regis
3331 5221 3471 5273 tunc
3503 5232 3703 5288 opera,

2045 5310 2269 5370 interea
2295 5326 2431 5366 vero
2452 5309 2679 5382 lapides
2711 5311 2768 5366 in
2799 5311 3076 5366 manibus
3101 5309 3270 5366 multi
3297 5314 3353 5366 et
3374 5308 3578 5381 quales
3609 5325 3704 5364 ve-

2043 5397 2180 5454 here
2205 5402 2396 5470 potest
2413 5398 2846 5471 hom0,lapides
2867 5400 3130 5456 scandali
3154 5417 3254 5472 pro
3271 5399 3374 5457 Dei
3403 5398 3665 5454 inimicis
3688 5416 3703 5466 ;

2042 5487 2357 5559 optimum,
2389 5486 2439 5543 si
2471 5488 2777 5559 hucusque
2823 5487 2991 5544 labor
3017 5489 3215 5544 cessit.
3250 5488 3338 5543 Ad
3369 5486 3542 5561 plura
3568 5503 3704 5543 vero

2046 5577 2406 5649 providebat,
2439 5579 2694 5634 interdiu
2726 5579 2964 5651 quidem
2990 5577 3113 5634 haec
3133 5582 3321 5644 erant;
3345 5581 3580 5636 noctem
3607 5594 3703 5634 ve-

2046 5684 2110 5723 ro
2142 5666 2388 5724 bellicis.
2413 5669 2483 5724 Et
2511 5668 2826 5741 imperator
2858 5667 3160 5724 laboribus
3191 5668 3371 5724 dabat
3399 5673 3456 5724 et
3485 5667 3702 5741 quietis

2046 5755 2251 5812 horam
2284 5757 2356 5812 ad
2387 5756 2614 5814 incensi
2645 5756 2828 5814 animi
2872 5756 3050 5814 talem
3106 5757 3371 5816 ardorem
3423 5761 3702 5832 opportu-
