4066 6368
263 423 414 484 101⁸7

1113 427 1520 491 MANUELIS
1565 427 1919 492 CUMNENI
1965 430 2360 494 LAUDATIO
2406 433 2820 496 FUNEBBIS.

3516 432 3671 493 1018

328 556 432 626 νῆ’.
464 551 645 631 Ὕδωρ
702 557 796 630 μὲν
851 559 1000 631 αὐτῷ
1045 559 1209 637 φίλον
1259 581 1448 630 ποτον,
1499 558 1908 634 δελεαζόμενον,

2093 565 2182 620 58.
2216 567 2382 637 Aqua
2408 565 2523 638 ipsi
2547 571 2750 638 gratus
2781 571 2976 638 potus,
2999 565 3284 620 seducens
3315 565 3454 636 quia
3475 564 3534 619 in
3565 566 3665 620 de-

255 645 340 698 δτι
371 649 573 719 τρυφᾷν
603 642 710 699 δέει
758 646 894 722 πρός
941 669 1059 702 τινα
1109 649 1404 724 σκευωρίαν
1455 647 1662 719 ἡδονῆς
1693 649 1910 727 σώφρο-

254 755 342 802 να,
378 734 454 796 εἰς
479 736 540 804 ἣν
591 736 681 789 καὶ
733 737 761 790 6
806 736 1009 810 γλυκὺς
1061 733 1350 811 συμϐολήν
1393 761 1515 794 τινα
1543 739 1911 815 παραμίγνυσι

252 823 528 896 κάλαμος·
591 820 668 878 ἔτι
719 845 783 899 γε
839 827 946 898 μὴν
1000 827 1091 881 καὶ
1133 828 1161 882 ὁ
1212 816 1424 906 στύφὼν
1476 828 1670 904 χυλός·
1723 824 1832 883 ἔστι
1866 827 1912 884 δ’

259 911 400 966 ὅπου
453 912 543 966 καὶ
600 913 783 987 ἡρέμα
834 914 955 985 ὁξὺς
1012 918 1040 970 ὁ
1098 917 1359 991 κρίθινος.
1415 919 1476 973 Εἰ
1538 915 1595 973 δὲ
1633 919 1722 975 καὶ
1778 916 1912 992 οἷ’νῳ

260 998 591 1076 προσδεήσει
629 1003 934 1077 χρήσασθαι
972 1047 985 1072 ,
1029 1004 1155 1062 ἀλλ’
1205 1007 1406 1068 ἐκεῖνος
1465 1006 1762 1081 ἀγλευκής·
1821 1007 1912 1062 καὶ

260 1087 446 1159 ὀξίνης
489 1087 760 1162 ἐκίρνατο,
817 1093 906 1146 κσὶ
953 1098 1070 1156 τοῖς
1126 1094 1370 1149 πλείοσιν
1435 1096 1750 1170 ἀπρόσιτος.
1813 1096 1911 1150 Καὶ

260 1178 330 1246 ἦν
371 1183 534 1234 τοῦτο
591 1180 878 1255 βασιλικοῦ
928 1190 1201 1258 κρατῆρος
1249 1183 1542 1258 ἐπίσημον,
1602 1186 1712 1261 οὐχ
1769 1186 1912 1241 οὕτω

257 1266 552 1342 χαίροντος
577 1273 674 1323 τοῦ
707 1269 977 1343 βασιλέως
1005 1276 1084 1344 τῷ
1114 1273 1321 1346 πόματι
1355 1274 1442 1347 (οὐ
1473 1275 1576 1349 γὰρ
1618 1272 1724 1344 ἡδὺ
1752 1276 1814 1330 τὸ
1843 1278 1912 1348 τῇ

251 1356 431 1430 γεύσει
488 1359 564 1431 μή
617 1360 932 1435 προσηνὲς),
983 1362 1106 1416 ὅσον
1158 1365 1314 1436 οἶμαι
1365 1366 1912 1440 καταμηχανωμένου

252 1451 357 1514 τῆς
413 1442 546 1520 ἄγαν
595 1447 841 1522 ὀρέξεως.
904 1450 999 1504 Καὶ
1061 1449 1178 1506 οῖδα
1236 1454 1371 1524 πρὸς
1420 1449 1696 1528 ἀκρίϐειαν
1745 1455 1914 1523 ἀσκη-

253 1535 351 1594 τάς
378 1532 575 1608 ἄνδρας
605 1541 854 1592 τοιοῦτον
887 1541 1098 1602 ἑαυτοῖς
1131 1541 1519 1616 οἷ’νοχοοῦντας
1550 1545 1816 1618 κέρασμα,
1843 1545 1916 1606 ὡς

255 1621 316 1678 ἃν
349 1627 785 1699 κατευμεγεθῶσι
817 1628 905 1682 καὶ
936 1629 1088 1684 αὐτοὶ
1120 1635 1216 1685 τοῦ
1247 1627 1396 1686 ἔνδον
1439 1631 1660 1707 ἐχθροῦ.

328 1731 424 1788 νϐ’.
459 1731 654 1786 Στάσιν
702 1731 759 1787 δὲ
818 1733 1025 1806 ὀρθίαν,
1075 1737 1102 1791 ὃ
1154 1735 1220 1807 δὴ
1271 1738 1360 1792 καὶ
1391 1737 1602 1813 ἐῤῥέθη,
1638 1739 1764 1794 ὡσεὶ
1824 1740 1913 1794 καὶ

258 1817 392 1873 κίων
452 1819 893 1896 ἐκπονησάμενος
947 1821 1218 1901 ἀστραϐὴς
1270 1827 1361 1882 καὶ
1421 1827 1738 1900 ἀναστηλιῖω
1799 1829 1915 1884 ἐαυ-

256 1909 352 1963 τὸν
383 1910 475 1963 καὶ
519 1910 663 1964 οὕτω
720 1912 855 1989 πρὸς
912 1911 1182 1984 εὔκλειαν,
1243 1917 1323 1978 οἷς
1388 1917 1600 1992 ἀνεῖχεν
1662 1917 1797 1993 ὑψοῦ
1853 1920 1918 1974 τὰ

255 1999 518 2072 ἡμέτερα,
569 1999 770 2075 γόνατα
817 2001 1082 2075 κάμπτειν
1147 2002 1296 2066 αὖθις
1347 2007 1462 2078 Θεῷ
1514 2006 1684 2082 εὐχῆς
1741 2007 1914 2082 λόγῳ,

265 2086 356 2142 καὶ
416 2085 559 2142 οὕτω
618 2089 938 2164 πρεπόντως
995 2092 1346 2167 ἀφοσιοῦσθαι
1419 2094 1480 2149 τὸ
1539 2094 1914 2169 γουνάζεσθαι,

270 2175 563 2252 ἀρχετύπῳ
592 2176 944 2252 παράμιλλος
975 2181 1042 2250 ἦν
1073 2185 1151 2252 τῷ
1185 2181 1410 2257 μεγάλῳ
1459 2182 1644 2256 ἐκείνῳ
1696 2181 1915 2256 δικαίῳ,

270 2264 433 2338 οὗπερ
492 2265 545 2318 οἱ
600 2270 712 2321 τῶν
766 2268 1004 2343 γονάτων
1062 2268 1222 2325 τῦλοι
1277 2271 1341 2326 τὸ
1398 2272 1574 2346 συχνά
1627 2274 1917 2347 γονυπετὶς

267 2352 548 2426 ἠγόρευον.
608 2356 703 2409 Καὶ
758 2354 900 2412 οὕτω
955 2359 1018 2413 τὸ
1071 2358 1122 2413 ἐν
1186 2360 1568 2435 ἀριστεύμασιν
1631 2361 1918 2435 ἀνάστημα

265 2442 740 2516 πεπραγμάτευτο.
773 2444 914 2502 Οὐδὲ
950 2447 1053 2522 γὰρ
1101 2447 1270 2524 ἐχρῆν
1323 2449 1414 2503 τὸν
1461 2449 1538 2514 εἰς
1579 2451 1707 2505 Θεὸν
1753 2471 1916 2505 κατα-

265 2529 485 2585 νεύοντα
538 2532 614 2605 μὴ
663 2534 1128 2607 κατεξανίστασθαι
1171 2541 1278 2591 τῶν
1331 2537 1560 2614 ἐχθρῶν,
1621 2536 1761 2612 μηδὶ
1810 2543 1918 2594 τῶν

261 2617 314 2691 ἐξ
367 2619 536 2692 ὕψους
589 2619 732 2676 οὕτω
786 2629 996 2700 μακροῦ
1045 2625 1229 2681 ἑαυτὸν
1278 2631 1631 2682 ταπεινοῦντα
1682 2629 1758 2701 μή
1792 2628 1916 2683 θεό-

263 2719 348 2770 θεν
403 2709 688 2782 ὑψοῦσθαι,
739 2711 830 2766 καὶ
877 2717 974 2767 τοῦ
1029 2713 1195 2790 μέχρι
1245 2717 1336 2770 καὶ
1385 2716 1464 2777 εἰς
1517 2723 1621 2791 γῆν
1662 2737 1917 2772 ταπεινο-

263 2801 423 2852 ποιοῦ
448 2794 868 2874 ἀντιλαμϐάνειν
897 2800 1099 2877 ὕψωμα
1129 2801 1372 2866 εὐκλείας
1399 2804 1671 2879 οὐράνιον.

335 3069 392 3140 ξ’.
425 3067 504 3124 Τὸ
557 3065 615 3123 δὶ
671 3066 981 3144 βαδιστικὸν
1023 3070 1257 3127 ἐντεῦθεν
1310 3069 1725 3149 διαδεχόμενον,
1772 3071 1918 3128 ἀλλὰ

262 3155 351 3211 καὶ
401 3155 529 3212 αὐτὸ
584 3160 903 3234 καρτέρημα
959 3160 1048 3229 ἦν.
1081 3160 1154 3216 Οὐ
1209 3162 1309 3238 γὰρ
1369 3161 1599 3218 ἀνέπαυε
1648 3161 1914 3236 λιπαροὺς

2027 652 2183 708 liciis
2216 655 2410 710 vivere
2443 660 2670 726 oportet
2695 657 2764 710 ad
2799 658 3117 726 quamdam
3150 654 3466 725 voluptatis
3523 654 3666 725 vigi-

2023 742 2268 798 lantiam
2301 746 2790 816 sapientem,cum
2816 761 2933 816 qua
2962 742 3152 798 dulcis
3181 743 3666 814 compositionem

2025 833 2339 900 quamdam
2375 835 2581 889 miscet
2610 833 2919 899 calamus;
2971 834 3164 888 adhuc
3222 836 3280 886 et
3333 831 3668 902 astringens

2024 926 2114 975 est
2143 938 2392 990 succus;
2427 923 2744 993 aliquando
2774 921 2977 976 leviter
3006 921 3239 976 acidum
3274 920 3580 974 hordeum.
3611 919 3671 975 Si

2024 1024 2157 1064 vero
2189 1009 2322 1064 vino
2345 1011 2430 1065 uti
2465 1013 2692 1083 egebat,
2738 1010 2882 1065 illud
2944 1011 3222 1064 acerbum
3273 1008 3533 1080 sumpsit
3569 1033 3583 1074 ;
3617 1013 3675 1064 et

2025 1114 2300 1153 acescens
2330 1101 2576 1154 mistum
2601 1100 2790 1154 fuerat
2819 1099 3174 1170 etplerisque
3221 1097 3444 1153 idcirco
3495 1114 3670 1170 repu-

2024 1201 2235 1257 gnans.
2270 1187 2427 1258 Regii
2452 1193 2647 1243 autem
2680 1186 2824 1242 illud
2859 1186 3051 1258 poculi
3080 1187 3310 1259 insigne
3346 1189 3493 1250 erat,
3553 1201 3670 1241 non

2023 1280 2140 1331 tam
2160 1277 2470 1346 gaudentis
2485 1279 2637 1349 regis
2660 1277 2943 1349 potu(non
2965 1277 3122 1333 enim
3137 1282 3225 1332 est
3253 1281 3487 1348 gratum
3510 1277 3667 1347 quod

2025 1364 2220 1435 palato
2252 1364 2665 1435 injucundum)
2723 1381 2922 1436 quam,
2983 1366 3211 1436 opinor,
3271 1367 3670 1434 temperanter

2025 1453 2395 1524 disponentis
2428 1453 2679 1508 nimium
2715 1455 3063 1524 appetitum.
3098 1451 3237 1508 Novi
3271 1453 3343 1506 ad
3388 1452 3668 1506 severita-

2023 1546 2142 1596 tem
2170 1557 2233 1597 se
2264 1547 2598 1596 exercentes
2615 1542 2768 1596 viros
2788 1541 2965 1596 talem
2989 1540 3103 1596 sibi
3131 1540 3438 1596 infundere
3460 1540 3669 1596 mistu-

2024 1645 2178 1699 ram,
2220 1646 2338 1700 qua
2366 1630 2426 1685 in
2459 1630 2793 1685 inferiorem
2827 1629 3054 1685 hostem
3094 1629 3380 1685 dominari
3422 1628 3671 1701 possint.

2095 1739 2184 1792 59.
2219 1739 2416 1793 Standi
2442 1755 2576 1794 vero
2611 1739 2850 1794 modum
2887 1742 3200 1809 arrectum,
3233 1739 3387 1810 quod
3444 1739 3670 1793 dictum

2025 1831 2135 1896 est,
2169 1827 2322 1881 sicut
2352 1825 2627 1882 columna
2653 1829 2912 1881 retinens
2944 1827 3184 1896 directa,
3245 1827 3329 1880 sic
3389 1827 3460 1880 ad
3509 1825 3675 1880 nobi-

2025 1914 2139 1969 lem
2175 1915 2442 1970 habitum
2480 1932 2541 1971 se
2570 1931 2926 1987 componens
2959 1915 3017 1970 in
3051 1919 3335 1984 quantum
3368 1915 3428 1969 in
3490 1913 3675 1969 altum

2028 2008 2229 2060 nostra
2261 2004 2567 2075 sustinuit,
2601 2005 2811 2060 deinde
2841 2020 3036 2074 genua
3063 2004 3179 2060 Deo
3203 2003 3434 2059 ﬂectere
3477 2020 3677 2075 preca-

2025 2094 2250 2149 tionum
2277 2093 2484 2166 gratia,
2519 2098 2576 2149 et
2607 2093 2692 2149 sic
2715 2094 2988 2149 decenter
3038 2093 3373 2148 consecrari
3433 2092 3674 2148 modum

2026 2182 2369 2255 suppliciter
2396 2199 2584 2254 genua
2609 2183 2894 2238 flectendo
2928 2181 3160 2250 orandi,
3192 2182 3507 2254 archetypo
3535 2198 3678 2253 pre:-

2026 2272 2244 2327 cellens
2273 2277 2397 2327 erat
2429 2289 2640 2344 magno
2673 2272 2772 2326 illo
2797 2271 2984 2342 justo,
3017 2273 3188 2342 cujus
3233 2287 3490 2344 genuum
3542 2269 3676 2325 calli

2025 2361 2496 2416 testiﬁcabantur
2516 2362 2672 2432 quod
2710 2362 3043 2432 frequenter
3071 2377 3263 2433 genua
3287 2360 3674 2416 ﬂectebat.Sic

2025 2449 2084 2504 in
2119 2449 2338 2520 optime
2369 2449 2550 2522 gestis
2573 2449 2961 2504 elevationem
2996 2466 3226 2504 servare
3257 2448 3676 2520 placebat.Non

2027 2539 2184 2594 enim
2213 2539 2515 2610 Oportebat
2546 2554 2682 2593 eum
2703 2538 2799 2609 qui
2837 2554 2899 2592 se
2929 2543 3065 2593 ante
3087 2538 3270 2593 Deum
3323 2535 3678 2592 bumiliabat

2029 2644 2139 2682 non
2167 2628 2471 2699 insurgere
2501 2627 2559 2681 in
2592 2627 2814 2693 hostes,
2854 2643 2959 2681 nec
3011 2643 3143 2681 eum
3207 2625 3306 2698 qui
3365 2630 3499 2698 post
3547 2630 3678 2680 tan-

2027 2721 2147 2770 tam
2180 2714 2564 2770 elevationem
2598 2715 2952 2769 humiliatus
2974 2730 3088 2768 non
3122 2714 3192 2768 ad
3225 2714 3409 2769 Deum
3455 2711 3675 2768 exalta-

2025 2811 2143 2872 tur,
2177 2810 2234 2861 et
2263 2823 2366 2878 pro
2406 2805 2622 2860 virtute
2655 2823 2772 2879 qua
2812 2822 2874 2860 se
2894 2821 3080 2876 usque
3138 2805 3210 2859 ad
3261 2809 3474 2860 terram
3524 2803 3676 2874 abji-

2027 2894 2217 2950 ciebat
2246 2895 2779 2950 remunerationem
2814 2895 3076 2966 accipere
3107 2893 3518 2949 exaltationem
3549 2891 3673 2964 glo-

2025 2985 2126 3040 riae
2155 2985 2472 3041 ccelestem.

2096 3077 2184 3134 60.
2207 3078 2367 3144 Quod
2417 3095 2551 3134 vero
2599 3078 2746 3133 bene
2801 3077 3126 3146 incedebat,
3178 3076 3314 3131 inde
3370 3080 3671 3148 receptum

2027 3181 2142 3220 non
2168 3165 2364 3222 minus
2396 3165 2680 3238 sapientis
2704 3165 2809 3220 viri
2850 3165 3110 3220 ofﬁcium
3144 3169 3292 3220 erat.
3340 3165 3466 3219 Non
3513 3163 3671 3220 enim

262 3241 432 3308 πόδας
463 3243 849 3319 εἰλαπινάζων,
899 3247 1026 3304 οὐδὲ
1068 3247 1241 3305 ’ίππου
1284 3252 1584 3327 κουφότητι
1615 3251 1912 3327 αἰρομένου

2029 3255 2272 3310 cessavit
2303 3254 2548 3327 pingues
2579 3255 2756 3327 pedes
2788 3254 2963 3325 pedes
2995 3255 3063 3308 ad
3092 3253 3357 3326 apricum
3391 3254 3668 3325 proferre,

266 3334 401 3408 πρὸς
457 3333 630 3411 τάχος
687 3335 849 3392 εἰσαεὶ
907 3339 1035 3400 τοὺς
1097 3336 1337 3414 δρόμους
1386 3340 1679 3398 ἐπίστευεν.
1739 3338 1915 3398 Ἀλλά

264 3421 458 3493 δεῆσαν
525 3423 653 3487 τοὺς
703 3424 1063 3501 πεζοδρομεῖν
1110 3427 1583 3503 ’ἐπιστημονικοὺς
1633 3428 1914 3505 παρήλαυ-

262 3532 366 3582 νεν,
398 3513 497 3567 οὐκ
549 3513 786 3584 ἀπαξιῶν
832 3516 894 3571 τὸ
941 3517 1102 3587 πεζὸν
1153 3519 1288 3573 κατά
1333 3518 1396 3573 τὸ
1446 3519 1620 3575 πάλαι
1653 3519 1912 3595 Περσικὸν

267 3599 610 3680 ὑψηλόφρον,
645 3606 727 3667 οἷς
774 3602 936 3681 ἤρεσε
977 3609 1340 3680 νομοθετῆσαι
1388 3607 1518 3686 δίχα
1547 3613 1642 3664 τοῦ
1684 3611 1800 3665 κατ’
1833 3610 1914 3664 οἱ-

261 3691 382 3745 κίαν
435 3693 736 3767 περιπάτου
781 3696 986 3765 Λοιπήν
1039 3698 1264 3771 πορείαν
1323 3698 1402 3776 ἐφ’
1455 3697 1625 3754 ἵππου
1651 3699 1912 3763 τίθεσθαι.

267 3776 411 3835 ἀλλά
464 3785 585 3844 ταῖς
646 3783 740 3852 μὲν
799 3783 1078 3860 ἀνάγκαις,
1126 3787 1217 3842 καὶ
1268 3787 1356 3843 ὅτε
1405 3786 1462 3843 δὲ
1496 3783 1780 3862 θρίαμϐοι,
1812 3789 1912 3858 τὴν

267 3867 526 3924 ἑππασίαν
567 3868 848 3948 ἐγκρίνων,
896 3878 994 3930 τοῦ
1045 3872 1104 3930 δὲ
1134 3872 1334 3932 λοιποῦ
1362 3877 1490 3932 ποσὶ
1523 3878 1810 3954 χρώμενος
1841 3878 1918 3942 εἷς

263 3956 326 4010 τὸ
356 3959 612 4035 καρτερόν
624 3999 637 4014 .

333 4135 424 4206 Ea‘.
452 4133 612 4193 Οὕτω
657 4137 726 4192 τὰ
772 4137 900 4202 τοὺς
949 4139 1196 4204 πολλοὺς
1249 4141 1547 4217 λυποῦντα,
1591 4142 1681 4198 καί
1718 4147 1797 4217 τῷ
1828 4143 1915 4198 ἕνα

261 4221 445 4298 γωνίῳ
499 4227 864 4302 πικράζοντα,
919 4230 1207 4306 κατεκίρνα
1259 4230 1635 4308 γλυκάσμασιν
1692 4234 1912 4310 ἀρετῆς,

266 4311 348 4389 ὑφ’
397 4313 468 4383 ἧς
525 4315 614 4369 καὶ
673 4317 735 4372 τὸ
791 4318 1102 4392 ἀνεξίκακον
1161 4320 1463 4398 ἐπορίζετο,
1508 4322 1913 4399 νωθρευόμενος

261 4401 377 4455 κατ’
408 4402 566 4476 ὀρθὸν
600 4402 763 4482 λόγον
793 4407 870 4470 εἰς
919 4405 1145 4483 ἄμυναν,
1179 4409 1269 4466 καί
1317 4411 1503 4487 καιρὸν
1535 4411 1610 4474 εἷς
1658 4413 1914 4487 ἐπιστρο-

262 4490 367 4568 φὴν
399 4489 645 4557 ἐνδιδοὺς
697 4501 816 4560 τοῖς
867 4496 1088 4561 ἑαυτοὺς
1138 4499 1533 4577 ἀποστρέψασιν
1581 4501 1656 4563 εἰς
1708 4499 1914 4578 φαυλό-

259 4599 419 4683 τητα,
474 4583 566 4690 τὸν
605 4590 858 4690 ’Σωτῆρα
912 4589 1142 4666 Χριστὸν
1202 4590 1377 4664 ἑαυτῷ
1432 4593 1702 4648 κάνταῦθα
1752 4601 1914 4667 προϊ-
1946 4627 1995 4690 D

264 4672 402 4724 στῶν
458 4671 536 4733 εἷς
594 4673 902 4749 ἀρχέτυπον
947 4680 1257 4750 μιμήσεως,
1306 4679 1398 4735 τὸν
1443 4681 1534 4737 καὶ
1565 4680 1652 4736 ἐπὶ
1701 4681 1916 4736 πάντων

263 4751 410 4825 ὄντα,
466 4758 556 4815 καὶ
600 4761 812 4818 πάντων
872 4772 1254 4841 προνοητικῶς
1312 4768 1665 4845 ἀνεχόμενον·
1705 4768 1768 4824 οῦ
1824 4762 1916 4824 καὶ

258 4845 322 4900 τὸ
352 4845 646 4926 αὐτουργὸν
691 4850 966 4926 ἐμιμεῖτο,
1013 4854 1104 4909 καὶ
1150 4856 1212 4911 τὸ
1261 4855 1312 4912 ἐν
1364 4854 1548 4933 ἔργοις
1591 4855 1916 4914 αὐτοδιάκο-

261 4957 372 5008 νον,
404 4938 494 4994 καὶ
529 4939 765 5014 μάλιστα
793 4948 908 5007 τοῖς
963 4944 1263 5021 μεγίστοις.
1297 4947 1373 5005 Οὐ
1425 4947 1527 5024 γὰρ
1557 4946 1725 5017 ἤθελε
1754 4948 1914 5025 χερσὶ

265 5025 358 5099 μὶν
391 5029 595 5104 ἑτέραις
647 5029 984 5098 ἐκπονεῖσθαι
1022 5035 1086 5089 τὸ
1131 5033 1324 5107 καλὸν,
1371 5036 1528 5092 αὐτὸν
1577 5035 1634 5092 δὲ
1678 5044 1796 5101 τοῖς
1828 5039 1914 5094 ἀν-

264 5113 672 5194 δραγαθήμασιν
725 5121 1140 5202 ἐπιγράφεσθαι,
1201 5123 1319 5185 οὐδ’
1384 5126 1551 5190 ἀκοὰς
1606 5123 1860 5202 παραϐάλ
1890 5160 1913 5172 -

261 5203 378 5292 λειν
425 5213 544 5272 τοῖς
597 5210 906 5286 βασιλικοῖς
949 5215 1262 5287 πρακτέοις,
1314 5215 1636 5292 ὀφθαλμοὺς
1695 5214 1740 5271 δ’
1795 5216 1914 5272 ἐπι-

261 5291 511 5371 ϐάλλειν,
541 5300 630 5354 καὶ
663 5303 822 5378 χερσὶ
851 5298 1216 5362 καταϐάλλειν
1244 5305 1306 5361 τὸ
1337 5291 1730 5381 ἀντικείμενον.

331 5495 430 5571 EB’.
500 5496 726 5572 Ἀμέλει
800 5498 890 5554 καὶ
967 5498 1238 5566 κινδύνοις
1313 5504 1499 5560 ἑαυτὸν
1557 5503 1910 5581 παρενετίθει,

259 5577 492 5672 ἔνθαῗτῳ
537 5592 750 5664 στρατῷ
786 5585 974 5654 ἄλλως
1020 5590 1087 5661 ἦν
1140 5593 1396 5672 ἀφυκτονο
1429 5594 1519 5650 καὶ
1571 5577 1754 5657 διδοὺς
1785 5593 1911 5650 ἐαυ-

257 5673 350 5728 τὸν
380 5671 484 5739 (έως
514 5677 605 5732 καὶ
635 5677 712 5740 είς
741 5678 986 5752 θάνατον,
1016 5671 1424 5754 κατηλλάττετο
1449 5688 1568 5748 τοῖς
1597 5680 1819 5746 λοιποῖς
1847 5685 1910 5740 τὸ

261 5762 546 5833 σώζεσθαι.
604 5769 759 5833 Ὅθεν
812 5770 904 5824 καὶ
960 5767 1338 5849 ἐφιλοτιμεῖτο
1393 5777 1511 5837 τοῖς
1571 5769 1662 5828 διὰ
1712 5772 1912 5835 παντὸς

2025 3361 2130 3400 nec
2159 3361 2310 3416 equo
2341 3343 2614 3400 velociter
2652 3343 2908 3398 currenti
2943 3343 3016 3398 ob
3048 3341 3403 3397 celeritatem
3438 3357 3674 3412 semper

2024 3432 2405 3488 decursiones
2433 3431 2934 3504 praescripsit.Sed
2971 3431 3069 3485 ubi
3107 3430 3413 3502 oportebat
3444 3446 3543 3485 eos
3573 3429 3675 3501 qui

2025 3523 2246 3578 assueti
2277 3528 2444 3576 erant
2469 3521 2719 3594 pedibus
2751 3537 2984 3575 currere
3015 3519 3523 3591 praegrediebatur,
3557 3535 3673 3574 non

2025 3611 2336 3684 indignum
2393 3610 2820 3682 interpedestre
2863 3614 3146 3681 reputans
3194 3609 3366 3678 juxta
3413 3613 3669 3663 veterem

2026 3702 2335 3757 Persarum
2368 3699 2838 3771 morem,quibus
2871 3697 3087 3770 placuit
3117 3696 3278 3753 domi
3307 3697 3546 3768 quidem
3569 3713 3672 3768 pe-

2025 3790 2200 3846 dibus
2233 3789 2318 3846 uti
2349 3790 2419 3845 ad
2445 3788 2962 3857 deambulandum,
2997 3787 3055 3841 in
3083 3785 3302 3842 caeteris
3329 3791 3528 3842 autem
3576 3785 3671 3840 iti-

2027 3878 2268 3934 neribus
2299 3895 2448 3950 equo
2479 3895 2712 3948 semper
2738 3876 2999 3942 vehi,sed
3033 3876 3090 3931 in
3127 3874 3584 3931 necessitatibus
3615 3878 3674 3930 et

2025 3969 2262 4038 quando
2318 3965 2660 4038 triumphus
2716 3964 3136 4037 equitationem
3185 3963 3558 4033 admittebat,
3603 3964 3675 4020 de

2024 4061 2230 4112 caetero
2262 4055 2511 4127 pedibus
2543 4058 2779 4110 strenue
2796 4053 2902 4109 uti.

2092 4146 2182 4200 61.
2217 4144 2311 4200 Sic
2329 4161 2457 4216 quas
2479 4142 2680 4199 multis
2696 4158 3030 4198 aerumnosa
3054 4145 3195 4197 sunt
3214 4145 3272 4198 et
3287 4141 3338 4198 ei
3361 4140 3462 4212 qui
3483 4147 3672 4198 cerla-

2024 4234 2286 4290 minibus
2313 4249 2488 4289 assue
2521 4234 2709 4295 factus
2742 4236 2832 4287 est
2861 4247 3063 4287 amara
3111 4231 3476 4303 temperabat
3523 4229 3670 4285 mis-

2023 4340 2162 4380 cens
2209 4323 2444 4379 virtutis
2491 4321 2927 4390 dulcedinibus,
2987 4337 3105 4392 qua
3163 4321 3236 4376 ad
3296 4319 3666 4375 sanationem

2023 4412 2435 4486 perveniebat;
2467 4412 2872 4484 languescens,
2889 4411 3061 4480 juxta
3089 4414 3311 4465 rectam
3359 4408 3673 4477 rationem,

2025 4503 2099 4558 ad
2139 4501 2458 4557 vindictam
2520 4506 2578 4557 et
2635 4505 2868 4571 tempus
2909 4499 2978 4554 ad
3038 4499 3477 4554 conversionem
3525 4497 3674 4553 dans

2024 4591 2098 4648 iis
2156 4592 2256 4664 qui
2312 4597 2370 4652 in
2434 4588 2720 4646 vilitatem
2794 4587 3256 4657 declinaverunt,
3314 4588 3674 4645 Salvatorem

2025 4681 2324 4738 Christum
2359 4680 2472 4738 sibi
2495 4678 2588 4735 hic
2620 4695 2952 4751 proponens
2977 4677 3326 4734 imitationis
3349 4676 3670 4750 exemplar.

2025 4785 2160 4825 eum
2185 4773 2283 4843 qui
2312 4788 2491 4843 super
2521 4786 2726 4824 omnes
2757 4773 2846 4822 est
2871 4772 2926 4823 et
2948 4766 3314 4839 providentia
3336 4783 3444 4822 sua
3473 4781 3675 4820 omnes

2027 4859 2305 4928 continet,
2340 4861 2512 4931 cujus
2558 4859 2738 4914 vitam
2795 4856 3152 4911 laboriosam
3201 4853 3568 4926 eIprimebat
3611 4856 3676 4908 ut

2025 4949 2284 5006 hominis
2315 4949 2415 5022 qui
2449 4949 2509 5005 in
2534 4946 2833 5020 operibus,
2861 4944 3188 5017 prazsertim
3222 4943 3282 4997 in
3314 4941 3590 4998 maximis
3641 4957 3676 4996 a

2024 5038 2260 5095 nomine
2281 5038 2478 5110 juvari
2509 5036 2760 5092 volebat.
2793 5034 2991 5090 Noluit
3011 5033 3168 5088 enim
3201 5031 3407 5088 alienis
3432 5031 3672 5104 quidem

2021 5129 2298 5185 manibus
2331 5127 2605 5200 pulchras
2627 5125 2886 5182 actiones
2908 5123 3200 5179 laboriose
3231 5123 3670 5194 operari,seque

2022 5223 2217 5276 autem
2253 5218 2472 5289 ubique
2509 5216 2699 5271 virum
2720 5213 2924 5270 fortem
2947 5213 3222 5285 praebere,
3266 5228 3371 5267 nec
3400 5210 3672 5266 auditum

2025 5308 2197 5381 regiis
2226 5307 2502 5380 operibus
2534 5308 2832 5377 praestare,
2891 5301 3091 5358 oculos
3131 5317 3262 5357 vero
3319 5300 3560 5373 injicere
3615 5303 3673 5356 et

2022 5397 2299 5454 manibus
2326 5394 2663 5468 oppositum
2707 5393 3012 5465 projicere.

2090 5505 2390 5576 62.1taque
2404 5499 2684 5575 periculis
2701 5516 2764 5556 se
2777 5499 3088 5571 objiciebat
3119 5499 3218 5555 ubi
3248 5497 3536 5555 exercitus
3563 5495 3672 5553 ali-

2020 5599 2109 5652 ter
2138 5593 2351 5651 salvari
2383 5608 2498 5648 non
2522 5594 2771 5663 poterat,
2804 5605 2986 5661 seque
3043 5606 3230 5660 usque
3287 5589 3360 5645 ad
3419 5591 3671 5644 mortem

2021 5680 2605 5756 exponens,reliquos
2636 5676 3489 5750 ealvaripermittebat.Exinde
3520 5675 3671 5732 inter

2020 5773 2234 5830 dilecta
2253 5775 2312 5830 et
2333 5785 2513 5844 super
2560 5767 2761 5826 omnia
2816 5765 3070 5826 habebat
3117 5767 3382 5842 corporis
3427 5765 3671 5822 vulnera
