4066 6368
457 411 609 471 1019

1225 398 1652 462 EUSTATHll
1695 393 2460 459 THESSALONIGENSIS
2506 399 3094 464 METROPOLITAE

3685 407 3805 468 {020

454 557 634 612 supra
691 536 1041 592 diadametis
1119 533 1398 605 fulgores,
1457 546 1524 584 ac
1601 525 1794 597 sigilla
1876 524 2099 580 ferebat

2213 531 2305 580 τοῦ
2364 529 2618 600 σώματος
2675 532 2976 606 τραύμασιν
3051 531 3195 608 ἤπερ
3271 539 3389 598 τοῖς
3441 533 3493 588 ἐν
3558 531 3804 608 διαδήματι

457 629 856 684 fortitudinem
915 623 1309 693 designantia.
1371 625 1582 687 Regem
1638 615 1875 686 quidem
1921 615 2103 686 igitur

451 716 839 788 contemplari
886 715 1074 781 illum,
1109 715 1206 767 sed
1259 710 1396 764 illud
1453 704 1866 768 successionis,
1925 719 2102 774 quam

453 811 608 865 Deus
641 808 752 880 ipsi
781 802 1241 862 extraordinarie
1273 797 1599 861 constituit,
1624 796 1980 850 conﬁrmans
2013 810 2104 847 re-

453 915 583 970 gem
618 895 880 966 eumqui
934 893 1089 948 inter
1147 894 1356 945 fratres
1414 902 1660 957 magnos
1717 888 1774 939 et
1828 881 2105 954 pulchros

456 1003 670 1058 parvus
703 985 938 1056 quidem
965 988 1103 1036 tunc
1131 975 1631 1050 erat,perpulcber
1660 970 2103 1041 vero,deinceps

454 1093 590 1131 vero
632 1074 943 1130 maximus.
983 1073 1198 1126 Ducem
1229 1084 1363 1122 vero
1395 1081 1510 1120 non
1535 1062 1828 1118 invenires
1887 1058 2105 1130 ubique

456 1180 722 1236 quaerens
761 1162 915 1218 sicut
945 1175 1139 1231 regem
1171 1157 1360 1212 illum.
1395 1158 1541 1208 Nam
1591 1167 1690 1206 rex
1721 1147 1908 1221 quivis
1967 1151 2104 1217 (non

453 1252 745 1310 immerito
777 1249 1054 1313 dicimus)
1086 1248 1302 1302 ducum
1338 1245 1456 1298 dux
1485 1245 1593 1298 est.
1637 1238 1900 1311 Equitem
1964 1251 2108 1292 sane

452 1343 739 1414 optimum
766 1339 1007 1403 vidisse,
1028 1342 1085 1392 et
1117 1335 1374 1407 peditem
1409 1336 1465 1385 et
1495 1333 1697 1385 contra
1723 1325 1988 1397 singulos
2013 1325 2107 1414 di-

453 1413 768 1487 micantem
801 1429 871 1483 ad
926 1425 1151 1482 fortiter
1191 1421 1537 1477 bellandum
1582 1419 1882 1484 idoneum,
1941 1418 1998 1469 et
2045 1413 2106 1469 in

447 1519 642 1591 prima
668 1519 857 1573 fronte
891 1512 1250 1587 prasliantem
1285 1515 1342 1565 et
1372 1505 1692 1563 terribilem
1735 1503 2104 1591 obsessorem

449 1590 506 1666 et
535 1609 886 1664 insidiarum
913 1602 1168 1675 peritum
1195 1598 1524 1654 molitorem
1543 1593 1884 1663 ueterisque
1914 1590 2106 1646 omni-

449 1699 561 1754 bus
593 1695 827 1768 praediis
859 1691 1186 1748 fortissime
1220 1706 1281 1743 se
1322 1685 1776 1746 immiscentem,
1807 1681 1928 1736 haec
1989 1695 2103 1733 non

450 1787 510 1842 in
544 1783 936 1841 successionis
968 1786 1176 1836 catena
1206 1772 1793 1847 ccmplicantur,licet
1822 1788 1855 1825 a
1893 1783 2104 1840 genere

451 1891 636 1945 usque
668 1874 738 1928 ad
772 1888 910 1928 eum
958 1867 1395 1940 protrahantur,
1431 1866 1577 1919 bene
1623 1877 1756 1916 vero
1811 1855 2097 1930 frequenti

2214 614 2572 689 ἀγλαίσμασι,
2600 619 2690 673 καὶ
2739 619 3034 698 σφραγῖδας
3077 621 3276 686 ταύτας
3320 618 3521 697 ἔφερεν,
3559 623 3808 699 ἐγγεγλυμ-

2217 707 2376 776 μένας
2407 707 2469 760 τὸ
2510 705 2779 782 ἀνδρικόν.
2834 709 3070 766 Βασιλέα
3121 711 3214 783 μὲν
3272 710 3360 766 οὖν
3411 714 3621 786 θεωρεῖν
3663 713 3807 781 αὑτὸν,

2215 793 2360 849 ἀλλὰ
2402 801 2561 851 τοῦτο
2603 795 2892 874 διαδοχῆς,
2939 801 3000 868 ἣν
3035 800 3162 861 Θεὸς
3209 797 3523 875 παραδόξως
3570 803 3703 874 αὗτῷ
3727 800 3809 858 διέ-

2216 893 2358 951 θετο,
2391 883 2666 960 ἐπικρίνας
2697 885 2774 949 εἷς
2833 887 3061 961 βασιλέα
3099 888 3191 943 τὸν
3225 888 3277 943 ἐν
3307 887 3562 964 ἀδελφοῖς
3595 888 3810 966 μεγάλοις

2212 991 2271 1025 τε
2311 972 2398 1026 καὶ
2441 972 2636 1037 καλοῖς
2686 977 2879 1048 μικρὸν
2938 977 3033 1048 μὲν
3087 982 3409 1049 τηνικαῦτα,
3438 977 3710 1034 κάλλιπον
3752 977 3811 1044 δὲ,

2217 1059 2293 1121 εἴς
2346 1057 2403 1114 δὲ
2450 1062 2512 1116 τὸ
2556 1061 2708 1117 ἐπιὸν
2756 1064 2846 1119 καὶ
2896 1066 3176 1140 μέγιστον.
3229 1067 3537 1144 Στρατηγὸν
3586 1065 3638 1122 δὲ
3664 1067 3809 1123 οὐκᾶν

2217 1146 2300 1218 εἷή
2359 1148 2552 1226 πόῤῥω
2602 1149 2700 1208 τοῦ
2755 1153 2844 1208 καὶ
2918 1153 3060 1210 οὕτω
3119 1155 3343 1231 βασιλέα
3409 1154 3810 1220 διασκέπτεσθαι.

2215 1239 2366 1294 Ἔστι
2419 1239 2524 1314 γὰρ
2582 1241 2838 1316 βασιλεὺς
2896 1244 3033 1306 ἅπας
3097 1245 3222 1317 (οὐκ
3269 1244 3371 1316 ἔξω
3424 1243 3585 1321 λόγου
3638 1246 3813 1319 εἰπεῖν)

2217 1333 2537 1403 στρατηγῶν
2590 1331 2910 1407 στρατηγός.
2964 1335 3223 1405 Ἱππότην
3279 1333 3464 1407 μέντοι
3512 1332 3708 1410 ἄριστον
3745 1356 3812 1388 τε-

2216 1415 2454 1474 θεᾶσθαι.
2534 1419 2624 1472 καὶ
2701 1421 3019 1497 πεζομάχον
3055 1465 3069 1492 ,
3128 1423 3218 1478 καὶ
3288 1423 3604 1500 μονομάχον
3660 1423 3810 1499 ῥώμην

2214 1505 2489 1575 πνέοντα,
2544 1508 2634 1562 καὶ
2665 1509 2990 1587 πρόμαχον,
3053 1511 3145 1568 καὶ
3200 1511 3581 1590 πολιορκητὴν
3625 1512 3812 1568 δεινότα-

2212 1617 2323 1665 τον,
2355 1598 2443 1652 καὶ
2478 1598 2685 1675 λόχους
2731 1602 2963 1671 καθίζειν
3017 1601 3210 1675 δεξιὸν,
3251 1605 3341 1660 καὶ
3391 1603 3606 1668 λοιπαῖς
3631 1603 3812 1663 ἀπάσαις

2214 1694 2463 1761 παρεῖναι
2523 1691 2726 1766 μάχαις
2778 1693 3132 1766 θερμότατον,
3185 1699 3355 1750 ταῦτα
3413 1692 3470 1749 δὲ
3525 1693 3685 1749 οὐκέτι
3728 1691 3812 1748 δια-

2214 1773 2388 1853 δοχῆς
2441 1779 2627 1834 άλόσει
2673 1780 3061 1853 συμέπλεκται,
3122 1783 3168 1838 εἰ
3216 1783 3306 1838 καὶ
3360 1781 3421 1838 ἐκ
3470 1784 3652 1858 γένους
3691 1783 3812 1848 mihi,

2214 1887 2303 1920 κεν
2332 1863 2461 1941 ἄχρι
2493 1868 2583 1922 καὶ
2619 1867 2696 1930 εἴς
2727 1869 2912 1939 αὐτὸν,
2946 1871 3228 1942 ἀσκήσεως
3266 1869 3324 1928 δὲ
3369 1871 3603 1945 ὁτιμάλα
3630 1877 3814 1946 συχνῆς·

460 1923 633 1945 ’““’“·ι-·-
670 1923 738 1928 ““
777 1923 910 1928 '—"‘
958 1923 980 1940 Γ
1382 1923 1395 1936 1
1913 1923 1929 1930 -

460 1963 732 2019 oriuntur
773 1977 840 2016 ex
869 1956 1280 2033 exercitatione
1310 1961 1365 2010 et
1387 1949 1750 2026 permanenti
1790 1951 2100 2004 consuetu-

2213 1955 2302 2009 καὶ
2333 1951 2526 2030 τριϐῆς
2559 1954 2830 2031 διαρκοῦς,
2881 1960 2971 2014 καὶ
3021 1960 3400 2037 ὀργανώσεως,
3433 1923 3498 2032 ’ἦν
3553 1923 3814 2039 φύσιςλίφι·

453 2055 608 2120 dine,
638 2056 695 2106 et
717 2065 1070 2121 organorum
1097 2043 1727 2117 compositione,quam
1753 2043 1968 2094 natura
1989 2040 2099 2094 sub

453 2146 689 2198 auctore
713 2139 829 2195 Deo
862 2137 1100 2210 peregit.

519 2249 610 2304 63.
643 2246 832 2303 Nimis
856 2261 986 2300 vero
1018 2241 1293 2313 repositis
1324 2239 1498 2296 bellis
1531 2255 1645 2294 non
1672 2255 1734 2294 se
1762 2235 2102 2291 immiscen-

452 2339 593 2393 dum
627 2335 853 2408 putavit
900 2350 1095 2388 rerum
1150 2332 1221 2386 ab
1262 2329 1496 2384 exordio
1554 2333 1611 2383 et
1667 2333 1929 2396 tempore
1986 2341 2102 2395 quo

452 2433 577 2481 tum
613 2424 915 2488 suscitata,
943 2426 1068 2476 tum
1102 2419 1377 2488 ambigua
1397 2418 1684 2472 aestimata
1727 2421 1914 2480 erant,
1949 2415 2103 2468 unde

455 2519 651 2570 autem
686 2528 924 2568 necesse
953 2515 1075 2566 erat
1104 2509 1161 2562 in
1197 2507 1390 2563 medio
1423 2507 1630 2561 adesse
1661 2521 1856 2575 regem
1888 2507 1944 2559 et
1984 2504 2102 2558 for-

456 2600 730 2658 titudinis
761 2590 936 2672 opere
964 2600 1256 2668 verboque
1304 2594 1733 2650 commilitones
1789 2592 2103 2648 accendere

458 2698 514 2748 et
545 2692 797 2747 fervidos
838 2689 1101 2744 reddere.
1134 2691 1256 2740 Non
1290 2700 1451 2740 sane.
1488 2684 1622 2738 licet
1642 2681 1916 2738 discrevit
1964 2682 2100 2753 (dis-

461 2781 796 2836 crevitvero
826 2779 883 2833 in
933 2777 1210 2832 omnibus
1267 2774 1448 2828 animi
1507 2773 1721 2842 ardor),
1766 2770 1996 2826 alienus
2045 2774 2104 2825 et

457 2873 822 2939 contemptor
875 2865 1216 2922 remanebat
1262 2863 1332 2918 ad
1391 2866 1580 2918 sortes
1638 2864 2017 2932 congregatas
2046 2865 2104 2915 et

455 2959 526 3012 ad
548 2956 794 3028 reliqua.
827 2960 976 3010 Sane
1007 2953 1204 3009 exiens
1237 2953 1307 3007 ab
1342 2951 1575 3005 urbium
1635 2950 1857 3021 regina,
1917 2955 1974 3004 e‘t
2031 2949 2100 3001 il-

453 3047 572 3102 lam
623 3063 748 3116 quaa
823 3059 1001 3115 prope
1087 3041 1373 3097 bellantes
1429 3044 1554 3095 erat
1627 3037 1835 3093 castris
1894 3037 2102 3108 positis

457 3135 839 3207 Oppugnabat
866 3132 1100 3204 partim,
1133 3148 1265 3186 vero
1299 3147 1398 3199 per
1437 3129 1700 3183 medium
1757 3127 2101 3196 imminens,

452 3240 632 3298 prope
658 3221 927 3278 mittebat
947 3221 1226 3294 legiones,
1286 3225 1343 3276 et
1401 3219 1484 3274 sic
1536 3217 1888 3290 operabatur
1929 3219 2102 3288 prout

454 3287 630 3369 debat
659 3314 830 3380 Deus,
857 3311 953 3382 qui
991 3287 1107 3364 una
1137 3287 1414 3380 cu'mipso
1440 3324 1531 3362 res
1564 3287 1856 3378 propitius
1905 3287 2093 3360 susci-
2131 3287 2175 3355 Ο

451 3402 670 3474 piebat.
694 3401 763 3455 Et
811 3401 1008 3455 sinon
1067 3415 1286 3454 novum
1342 3397 1484 3468 quid
1544 3401 1601 3450 et
1658 3410 1939 3465 magnum
2003 3410 2098 3448 ac-

447 3490 700 3558 cidebat,
727 3505 841 3543 non
870 3492 995 3542 erat
1024 3486 1231 3541 exinde
1272 3485 1460 3540 redire
1520 3483 1708 3554 regios
1757 3482 2099 3538 emissarios

447 3578 589 3651 quin
623 3592 795 3633 omne
826 3575 952 3632 loco
975 3576 1184 3631 idoneo
1213 3572 1683 3630 constituissent.
1711 3571 1856 3626 Nam
1918 3569 2096 3625 simul

447 3683 582 3724 cum
603 3665 751 3737 ipsis
783 3664 1030 3720 consilia
1061 3663 1380 3719 mandabat
1408 3661 1750 3733 imperator,
1793 3677 1894 3731 per
1951 3675 2097 3730 quos

447 3754 616 3826 quasi
653 3770 909 3824 praesens
931 3753 1055 3824 ipse
1076 3757 1295 3823 tropaea
1330 3751 1751 3806 struebat.Non
1787 3749 1942 3804 enim
1977 3752 2100 3804 erat

451 3845 624 3914 cujus
646 3842 800 3898 bona
829 3841 1132 3913 proposita
1164 3857 1277 3896 non
1303 3837 1714 3896 successerint.
1747 3837 1801 3892 Si
1825 3853 1958 3893 vero
2005 3836 2098 3892 vcl

446 3931 736 3988 exercitus
768 3930 942 4002 culpa
974 3929 1126 3986 male
1155 3927 1503 3985 succedebat
1532 3943 1751 4000 pugna,
1783 3929 1885 3981 aut
1929 3926 1980 3980 si
2004 3942 2098 3980 co-

445 4021 575 4093 pias
607 4019 902 4091 stipiendo
928 4018 1230 4074 frustravit
1249 4019 1612 4073 conabantur
1655 4016 1855 4083 duces,
1907 4014 2098 4070 exitus

443 4111 554 4166 iste
609 4113 667 4164 et
723 4107 903 4180 prtelii
961 4109 1088 4164 alea
1138 4124 1253 4162 non
1305 4108 1375 4162 ad
1467 4105 1692 4178 optima
1740 4103 2098 4169 recidebant,

447 4198 686 4256 aliunde
716 4197 956 4268 quidem
981 4195 1175 4268 culpa,
1213 4198 1366 4268 regis
1417 4211 1549 4251 vero
1582 4211 1796 4250 manus
1855 4193 1925 4249 ab
1988 4193 2098 4249 hac

444 4287 647 4344 alienae
671 4289 860 4342 erant.

511 4394 603 4449 64.
637 4393 735 4448 Sic
767 4392 1006 4463 quidem
1040 4391 1278 4447 insolita
1325 4392 1568 4463 gerebat
1616 4389 1926 4447 exercitus.
1983 4387 2099 4444 Nec

446 4499 582 4538 vero
615 4481 802 4537 cuivis
842 4481 898 4536 in
935 4489 1206 4552 promptu
1239 4485 1397 4536 esset
1453 4480 1724 4551 pluribus
1755 4479 1896 4534 talia
1951 4494 2096 4534 enu-

455 4567 1030 4640 merasse.Pleraque
1047 4569 1202 4624 enim
1224 4569 1350 4640 ipse
1381 4569 1585 4624 talium
1618 4583 1862 4639 operum
1895 4583 2096 4638 aggre-

2209 2043 2541 2120 λοτέχνησεν
2577 2047 2678 2101 ὑπὸ
2709 2052 2823 2120 Θεῷ
2853 2048 3214 2126 ἀρχιτέκτονι.

2283 2241 2375 2315 ξγ’.
2411 2245 2546 2306 Ταῖς
2609 2243 2705 2316 μὲν
2769 2245 2858 2300 οὗν
2921 2245 3054 2320 ἄγαν
3114 2246 3430 2322 ὑπερορίοις
3487 2246 3676 2321 μάχαις
3722 2240 3812 2298 οὔτε

2211 2328 2372 2392 αὐτὸς
2403 2325 2580 2406 ἔκρινε
2630 2329 2746 2388 δέον
2792 2340 3059 2408 παρεῖναι,
3104 2339 3201 2390 τοῦ
3249 2333 3503 2400 ἀνέκαθεν
3543 2329 3727 2410 χρόνου
3767 2332 3814 2385 τὰ

2217 2419 2409 2492 μεταξὺ
2458 2421 2525 2475 τὰ
2571 2421 2665 2493 μὲν
2727 2421 3235 2497 ἐκπολεμώσαντος,
3291 2425 3362 2480 τὰ
3422 2420 3482 2479 δὲ
3537 2424 3586 2480 ἰν
3637 2421 3814 2490 ὑπόπτῳ

2213 2507 2459 2580 Οεμένου·
2518 2509 2634 2564 ὅθεν
2695 2511 2787 2566 καὶ
2842 2512 2909 2580 ἦν
2959 2513 3189 2587 ἀνάγκη,
3221 2515 3360 2589 πρὸς
3419 2535 3502 2586 τῳ
3559 2512 3692 2586 μέσῳ
3717 2511 3814 2565 εἶναι

2210 2597 2302 2652 τὸν
2341 2598 2586 2674 βασιλέα,
2635 2603 2722 2655 καὶ
2767 2599 2990 2676 καρδίας
3039 2600 3189 2678 λόγῳ
3218 2602 3287 2658 τὰ
3314 2603 3472 2678 πέριξ
3503 2602 3704 2668 θάλπειν
3749 2596 3814 2652 καὶ

2215 2691 2525 2764 ζωογονεῖν.
2585 2689 2713 2746 Οὕτ⁹
2764 2689 2846 2760 ἂν,
2909 2688 3058 2766 εἷ’περ
3116 2690 3278 2756 αὐτὸς
3325 2686 3534 2768 ἔκρινεν
3585 2685 3753 2765 (ἔκρινε
3773 2683 3815 2740 δὲ

2213 2773 2266 2829 έν
2326 2779 2489 2832 ἅπασι
2545 2779 2608 2833 τὸ
2663 2785 2763 2848 τῆς
2821 2784 3008 2855 ψυχῆς
3067 2782 3230 2852 ζέον),
3290 2779 3646 2847 ἀδυσώπητος
3694 2771 3813 2849 ἔμενε

2212 2865 2350 2938 πρός
2379 2887 2442 2940 γε
2469 2871 2567 2921 τοῦ
2599 2867 2906 2942 συγκλήτου
2939 2868 3168 2944 λάχους,
3200 2869 3291 2924 καὶ
3321 2875 3424 2924 τοῦ
3455 2869 3667 2926 λοιποῦ.
3687 2863 3812 2937 Ἀμέ-

2213 2951 2415 3027 λειξκαῖ
2450 2954 2734 3029 προελθὼν
2760 2964 2860 3026 τῆς
2903 2955 3185 3030 βασιλίδος
3229 2959 3339 3013 τῶν
3373 2959 3611 3026 πόλεων,
3640 2955 3716 3010 καὶ
3737 2953 3812 3020 τὴν

2211 3040 2299 3095 ἐπὶ
2329 3043 2455 3105 τοὺς
2502 3042 2808 3116 πολεμίους
2859 3051 2934 3115 πῆ
2994 3045 3090 3118 μὲν
3122 3043 3254 3121 διχῆ
3314 3048 3498 3120 τεμὼν
3535 3051 3611 3118 τῷ
3637 3060 3811 3116 στρατο-

2211 3129 2531 3204 πεδεύματι,
2571 3139 2647 3202 πῆ
2711 3131 2769 3188 δὲ
2827 3133 2918 3188 καὶ
2979 3135 3397 3210 ὑπερμεσώσας,
3446 3129 3807 3206 ἐξέστελλενέτ·

2212 3220 2370 3294 γῦθεν
2426 3221 2488 3276 τὸ
2547 3225 2957 3297 στρατιωτικὸν,
3015 3225 3104 3278 καὶ
3150 3226 3571 3300 κατεπράττετο,
3618 3224 3698 3276 οἷα
3722 3217 3803 3274 Θεὸς

2211 3306 2411 3380 ἐδίδου,
2442 3311 2469 3364 ὁ
2498 3314 2604 3364 τῶν
2659 3308 2828 3386 ἔργων
2880 3311 3027 3378 αὐτῷ
3083 3307 3701 3386 συνεπιλαμϐανόμενος.
3739 3303 3807 3360 Κᾶν

2210 3396 2257 3451 εἴ
2313 3399 2390 3470 μὴ
2443 3400 2626 3453 καινόν
2686 3421 2738 3454 τι
2791 3399 2880 3454 καὶ
2938 3400 3081 3475 μέγα
3139 3403 3585 3471 συνεπεπτώκει,
3639 3399 3726 3454 οὐκ
3765 3394 3811 3459 ἦν

2207 3485 2532 3560 ἀναστρέψαι
2589 3486 2717 3551 τοὺς
2777 3486 3100 3563 βασιλικοὺς
3138 3489 3337 3554 ἐκεῖθεν
3393 3482 3809 3554 ἀποστόλους,μῆ

2205 3577 2268 3629 τὸ
2323 3581 2426 3630 πᾶν
2486 3575 2537 3630 ἐν
2597 3575 2754 3650 καλῷ
2811 3580 3268 3650 καταστήσαντας.
3329 3581 3695 3653 Συνεξέπεμπι
3737 3573 3809 3648 γὰρ

2207 3661 2432 3728 ἐκείνοις
2482 3665 2510 3719 ὁ
2549 3665 2899 3740 αὐτοκράτωρ
2949 3667 3323 3743 βουλεύματα,
3373 3667 3447 3724 δι’
3496 3668 3568 3724 ὧν
3601 3667 3667 3728 ὠς
3690 3659 3810 3718 αὐτὸς

2207 3755 2395 3829 παρὼν
2442 3753 2653 3830 ἐνήργει
2699 3755 2767 3811 τὰ
2809 3757 3065 3829 τρόπαια.
3115 3755 3254 3815 Οὐδὲ
3307 3757 3414 3833 γὰρ
3447 3759 3513 3826 ἦν
3568 3748 3811 3833 βουλευσά-

2212 3863 2366 3915 μενον
2406 3843 2482 3916 μὴ
2542 3843 2643 3898 οὐκ
2697 3843 2998 3921 ἐπιτυχεῖν.
3058 3845 3121 3902 Εἰ
3169 3843 3228 3900 δέ
3255 3867 3362 3900 που
3396 3845 3432 3916 ἢ
3464 3847 3681 3920 στρατοῦ
3720 3839 3812 3892 ἀτα-

2207 3929 2403 4001 σθαλίᾳ
2431 3927 2669 4010 ἔσφαλλε
2712 3934 2779 3988 τὰ
2825 3940 2928 4004 τῆς
2981 3932 3187 4010 μάχης,
3219 3933 3254 4003 ἢ
3284 3935 3348 3989 τὸ
3381 3930 3716 4009 συμμαχικὸν
3737 3924 3809 4010 ουκ

2207 4007 2513 4096 ἀποντςριιυς⁷
2557 4021 2942 4099 ἐμισθοφόρει,
3000 4007 3168 4098 τυχὸν
3228 4019 3286 4077 δὶ
3350 4007 3510 4079 οὕτω
3687 4007 3814 4071 κύϐος

2211 4109 2400 4186 μάχης
2453 4111 2514 4166 οὗ
2564 4113 2701 4188 πρὸς
2751 4113 2957 4187 ἀγαθοῦ
2987 4111 3233 4189 ἕρῥιπτο,
3270 4113 3471 4170 τούτου
3506 4113 3597 4188 μὲν
3624 4105 3813 4166 ἄλλοθεν

2206 4200 2270 4255 τὸ
2300 4197 2500 4272 αἴτιον,
2530 4201 2591 4256 τὸ
2629 4199 2914 4276 βασιλικὸν
2946 4199 3004 4258 δὲ
3033 4197 3190 4278 ἔργον
3227 4202 3489 4260 ἀναίτιον.

2281 4389 2338 4458 ξ’.
2373 4389 2476 4447 Καὶ
2535 4387 2679 4445 οὕτω
2741 4390 2836 4463 μὶν
2893 4390 2958 4445 τὸ
3003 4396 3103 4461 τῆς
3150 4391 3436 4468 στρατείας
3469 4387 3818 4463 διῳκονομεῖτο

2209 4473 2460 4535 ἔκτοπον.
2515 4477 2624 4534 Οὐκ
2675 4479 2735 4534 ἄν
2791 4476 2850 4534 δέ
2903 4501 3010 4536 τινι
3077 4479 3355 4557 ἐγγένοιτο
3413 4479 3586 4555 συχνά
3635 4475 3818 4530 τοιαῦτα

2209 4565 2688 4643 ἐξαριθμήσασθαι.
2721 4568 2801 4625 Τὰ
2849 4567 3028 4624 πλείω
3069 4571 3170 4646 γάρ
3218 4569 3383 4632 αὐτὸς
3430 4570 3518 4625 καὶ
3549 4570 3650 4622 τῶν
3676 4557 3818 4618 τοιού-

447 4658 741 4725 diebatur,
771 4674 887 4714 non
919 4659 1143 4714 caeteris
1165 4661 1284 4712 tam
1317 4656 1594 4729 praeclara
1637 4656 2014 4712 committens
2044 4659 2100 4710 et

2213 4677 2311 4711 των
2370 4654 2542 4731 ἔργων
2591 4652 2864 4725 ἐπέϐαινε,
2906 4658 3006 4714 οὐκ
3051 4653 3196 4734 ἔχων
3249 4659 3456 4734 ἑτέροις
3482 4659 3547 4712 τὰ
3586 4652 3716 4708 οὕτω
3742 4646 3815 4721 μέ-

446 4746 802 4820 periculosa.
835 4753 1065 4804 Norunt
1103 4747 1159 4802 id
1191 4746 1468 4804 Ciliceset
1494 4747 1780 4800 Armeniae
1813 4745 2017 4811 tribus,
2043 4750 2101 4801 et

445 4837 824 4910 Assyriorum
875 4842 1079 4908 gentes
1136 4841 1194 4890 et
1237 4851 1440 4891 omnes
1525 4835 1625 4907 qui
1714 4834 2098 4892 orientalibus

445 4925 589 4982 solis
619 4925 804 4981 radiis
827 4925 1260 4981 illuminantur.
1290 4925 1640 4996 Scytharum
1671 4940 1804 4980 vero
1837 4924 2098 4981 ferocita-

448 5019 565 5072 tem
601 5032 714 5071 non
743 5015 906 5071 solus
936 5013 1255 5070 virtutibus
1278 5013 1765 5087 abundanspater
1793 5014 2096 5085 cicuravit,

445 5105 546 5161 sed
579 5108 636 5160 et
661 5122 774 5159 non
800 5105 998 5160 minus
1028 5107 1246 5158 noster.
1271 5103 1434 5159 Ultra
1467 5103 1682 5159 Istrum
1712 5119 1847 5158 vero
1878 5104 1965 5160 sic
1996 5119 2096 5158 cu-

442 5193 715 5251 curritut
745 5195 790 5249 si
825 5194 958 5264 quis
1018 5192 1262 5264 impune
1321 5193 1781 5248 inhabitantium
1839 5193 2095 5249 ferarum

446 5287 686 5341 venator
730 5282 874 5338 alias
923 5282 1098 5352 capit,
1152 5281 1285 5337 aliis
1345 5287 1674 5338 extremum
1729 5287 1952 5338 metum
2006 5282 2094 5336 in-

443 5372 617 5440 cutit;
653 5388 758 5426 nee
791 5371 934 5426 illud
964 5369 1164 5427 semel.
1202 5371 1356 5427 Nam
1389 5370 1705 5428 Alexandri
1753 5371 1898 5427 illud
1948 5376 2094 5439 erat,

439 5460 534 5516 vix
564 5458 666 5515 tali
695 5460 949 5516 transitu
981 5459 1374 5533 praevalentis,
1409 5461 1610 5517 statim
1651 5460 1931 5534 fugientis
1980 5477 2096 5517 non

439 5553 596 5603 retro
620 5548 1026 5619 inspicientis;
1062 5566 1176 5605 non
1208 5550 1365 5605 enim
1418 5549 1613 5605 locum
1665 5550 1964 5605 munitum
2015 5551 2098 5605 ci-

440 5633 679 5704 taveris,
712 5652 906 5706 quem,
941 5637 1168 5692 fortiter
1207 5654 1343 5692 cum
1375 5637 1500 5693 suis
1532 5638 1815 5709 urgendo,
1852 5655 1967 5694 non
2000 5655 2097 5694 ex-

444 5724 792 5795 pugnaverit
812 5724 1127 5782 Alexandri
1151 5725 1432 5797 praeclara
1456 5726 1664 5796 virtus,
1690 5726 1790 5798 qui
1811 5727 1869 5784 in
1904 5729 2094 5800 quali-

2206 4767 2365 4821 γιστα
2394 4743 2664 4802 πιστεύειν
2707 4746 2800 4802 καὶ
2857 4744 3186 4804 ἐπικίνδυνα.
3239 4747 3460 4810 Κίλικες
3517 4742 3682 4801 οἴδασι
3723 4737 3816 4792 ταῦ-

2203 4857 2291 4907 τα,
2344 4837 2435 4892 καὶ
2491 4837 2752 4911 Ἃρμένια
2806 4837 2970 4913 φῦλα,
3029 4837 3120 4893 καὶ
3167 4838 3323 4912 γένος
3379 4835 3694 4911 Ἀσσύριον,
3743 4821 3814 4880 καὶ

2208 4924 2427 4995 λοιπὸν,
2489 4924 2614 4981 ὅσον
2675 4927 3022 5005 πρωτοφαέσι
3087 4926 3281 5003 βολαῖς
3339 4926 3505 4997 ἡλίου
3577 4917 3816 4999 βάλλεται-

2208 5015 2479 5084 Σκυθικήν
2530 5013 2588 5070 δὲ
2635 5015 2939 5092 ἀγριότητα
2967 5015 3030 5073 οὗ
3065 5016 3234 5089 μόνος
3265 5017 3294 5072 ὁ
3335 5007 3713 5089 πολυαριστεὺς
3738 5021 3816 5057 πα·

2204 5106 2310 5180 τὴρ
2365 5107 2714 5182 ἡμερώσατο,
2773 5104 2922 5162 ἀλλὰ
2971 5107 3060 5162 καὶ
3115 5104 3272 5170 οὗτος
3314 5105 3396 5161 ἐπ’
3429 5101 3580 5160 οὗδὶν
3609 5095 3814 5182 ἔλαττονς

2204 5197 2447 5268 ἽστεΡου
2507 5192 2564 5250 δὲ
2618 5195 2686 5251 τᾶ
2739 5197 2905 5269 πέραν
2968 5195 3113 5252 οὕτω
3170 5193 3528 5269 κατέδραμεν,
3558 5190 3628 5253 ὠς
3670 5176 3817 5240 εἶκαὶ

2207 5266 2375 5346 ἀδεῶς
2429 5305 2518 5348 τες
2575 5266 3114 5360 περιῳκοδομημένα
3172 5266 3344 5359 θηρία.
3397 5266 3729 5355 κυνηγετῶν,
3770 5266 3820 5360 ta

2211 5373 2303 5446 μὲν
2363 5371 2599 5442 ἀλίσκει,
2659 5375 2727 5429 τὰ
2785 5371 2831 5428 δ’
2873 5373 2948 5436 εἷς
3002 5369 3173 5452 φόϐον
3229 5356 3390 5430 κινεῖ.
3445 5371 3548 5428 Καὶ
3602 5363 3716 5420 αὐτὸ
3744 5356 3818 5412 οὖκ

2209 5462 2430 5534 εἰσάπαξ
2460 5504 2473 5519 .
2527 5459 2884 5540 Ἀλεξάνδρου
2922 5450 3024 5542 γὰρ
3054 5467 3216 5520 τοῦτο
3267 5464 3459 5530 πάθος,
3491 5450 3815 5542 κατίσχῦἶᾳν

2203 5572 2296 5614 τος
2360 5551 2523 5628 μόγις
2570 5559 2670 5624 τῆς
2713 5537 3261 5629 τοιαύτηςῄγενέσθαι
3305 5550 3554 5628 περαίας,
3599 5541 3682 5599 καὶ
3727 5537 3812 5608 ἅμα

2205 5641 2535 5719 πεφευγότος
2594 5643 3028 5720 ἀμεταστρεπτί.
3089 5642 3188 5699 Καὶ
3246 5641 3345 5699 οὐκ
3399 5641 3464 5710 ἦν
3516 5631 3810 5720 ἐρυμνότηῖα

2207 5712 2421 5805 χωρίου
2481 5712 2670 5803 εἰπεῖν,
2721 5730 2792 5801 ἧς
2837 5712 2926 5806 ’μὴ
2979 5733 3126 5808 ταχὺ
3180 5729 3509 5807 περιεγίνετο
3552 5719 3696 5779 αὐτὸς
3718 5712 3809 5768 τοῖς
