4066 6364
314 413 466 474 1021

1165 417 1566 480 MANUELIS
1610 419 1961 480 CUMNENI
2006 419 2403 482 LAUDATIO
2448 417 2862 480 FUNEBRIS.

3565 419 3723 480 1022

309 541 708 616 πραττομένοις
761 541 1203 619 ἐπιδεδημηκώς.
1253 545 1606 622 Ἀλεξάνδρου
1642 553 1803 602 τοῦτο
1866 569 1951 621 με·

2079 550 2172 604 bet
2222 550 2458 620 regione
2514 548 2780 604 Herculis
2836 549 3125 604 miracula
3181 548 3525 605 confutavit.
3577 551 3724 606 Nam

309 629 692 706 γαλούργημα,
728 632 784 695 ὅς
818 632 978 707 (ἔστιν
1015 635 1182 690 εἰπεῖν
1216 637 1376 710 ὅπου)
1436 637 1498 690 τὸ
1527 641 1623 691 τοῦ
1668 635 1967 712 Ἡρακλέος

310 721 506 790 σεμνὸν
566 719 902 798 ἀπήλεγχεν.
964 724 1161 780 Αὐτίκα
1213 726 1316 800 γὰρ
1375 728 1403 780 6
1453 727 1548 798 μὶν
1601 727 1698 794 τήν
1739 727 1963 801 Ἄορνον

311 809 504 883 (πέτρα
535 806 593 863 δὲ
640 810 799 882 αὕτη,
848 811 941 867 τὸν
983 810 1140 867 Ἰνδὸν
1173 815 1417 886 ποταμὸν
1455 813 1799 887 ὑπομένουσα
1842 821 1962 877 ταῖς

311 895 488 971 ῥίζαις
534 900 1071 975 προσαρασσόμενον)
1131 902 1272 958 ἑλεῖν
1328 903 1427 958 οὐκ
1477 899 1658 980 ἔσχεν,
1717 904 1795 967 εἰς
1844 904 1964 980 τρὶς

312 985 408 1058 μὲν
467 982 836 1062 προσϐαλὼν,
892 989 1210 1053 τοσαυτάκις
1273 989 1373 1059 δὲ,
1433 994 1632 1070 φησὶν,
1693 995 1964 1068 ἀποκρου-

311 1072 478 1136 σθείς·
539 1075 896 1153 Ἀλέξανδρος
953 1075 1011 1134 δὲ
1070 1078 1293 1150 εῗσάπαξ
1346 1077 1764 1158 προσϐεὸηκὼς,
1826 1081 1967 1140 εἷλεν

310 1161 586 1238 ἐγκρατῶς
597 1208 610 1222 .

382 1257 467 1326 ξε⁹.
502 1255 566 1313 Εἰ
629 1257 724 1328 μὲν
783 1259 876 1314 οὗν
908 1261 1044 1334 πρὸς
1090 1260 1330 1326 πολλαῖς
1381 1269 1486 1319 τῶν
1519 1264 1735 1321 πόλεων
1793 1267 1962 1322 πόλλ’

313 1344 582 1421 ἐμόγησεν
635 1347 662 1401 ὁ
711 1348 980 1424 ἡμέτερος
1032 1349 1308 1425 βασιλεὺς,
1364 1353 1661 1429 πολιορκίᾳ
1700 1351 1966 1432 τριϐόμε-

308 1454 428 1504 νος,
477 1433 730 1508 πολέμου
782 1435 952 1510 νόμος
1004 1439 1093 1493 καὶ
1123 1445 1305 1499 τοῦτο.
1365 1443 1520 1519 Ἔχει
1555 1441 1612 1499 δὲ
1650 1447 1684 1514 ἠ
1721 1466 1964 1521 συγγρα-

272 1523 410 1600 qui,
452 1523 541 1578 καὶ
596 1525 656 1585 ἅς
715 1526 828 1598 ἅμα
871 1547 931 1580 τε
990 1525 1116 1594 εἶδε,
1170 1528 1259 1583 καὶ
1309 1531 1404 1592 τὰς
1469 1533 1563 1604 μὲν
1621 1533 1960 1609 κατέρριψεν,

310 1611 440 1674 ’ὀσας
498 1611 598 1666 οὐκ
654 1612 822 1688 ἐγρῆν
872 1611 1138 1685 ἵστασθαι,
1195 1620 1291 1680 τὰς
1352 1618 1409 1674 δὲ
1462 1619 1665 1697 ἀφῆκεν
1728 1623 1961 1697 ἑστάναι,

310 1699 460 1762 ὅσαις
490 1702 553 1756 τὸ
585 1700 852 1757 συντελεῖν
886 1706 1022 1778 πρὸς
1069 1709 1226 1778 ἡμῶν
1287 1708 1376 1776 ἦν.
1439 1710 1696 1783 Ἀριθμὸν
1745 1709 1801 1765 δὲ
1844 1712 1965 1767 τού-

307 1810 424 1852 τοις
479 1789 764 1860 ἐπιστῆσαι
827 1802 1198 1871 συγγραφικῆς
1241 1794 1396 1870 ἔργον
1449 1797 1814 1874 λεπτολογίας
1871 1801 1963 1856 καὶ

309 1875 449 1947 ὅλης
473 1876 666 1933 δέλτου
698 1880 979 1956 βούλημα.
1035 1880 1191 1937 Εἶδον
1237 1887 1440 1959 ἡμέραι
1496 1885 1595 1941 δύο
1622 1890 1754 1942 ποτὲ
1809 1888 1964 1945 πέντε

309 1966 501 2030 πόλεις
577 1966 1116 2044 ἀνδραποδισάμενον
1194 1974 1287 2027 τὸν
1361 1973 1533 2029 πολὺν
1589 1975 1959 2054 Ἀλέξανδρον.

313 2055 416 2112 Καὶ
459 2056 666 2112 τούτων
717 2062 809 2114 οἷα
859 2061 954 2133 μὲν
1007 2061 1103 2123 τὰς
1141 2067 1290 2137 τρεῖς
1339 2062 1543 2128 ἐκεῖνος
1583 2062 1812 2133 διέθετο,
1868 2067 1967 2123 οὐκ

310 2139 624 2221 ἀκριϐοῦσιν
693 2149 748 2201 οἱ
807 2147 876 2202 τά
919 2154 1146 2205 τοιαῦτα
1195 2150 1700 2226 φιλοπονησάμενοι
1731 2199 1743 2212 .
1800 2153 1868 2212 Ai’
1905 2178 1966 2232 γε

319 2236 424 2306 μὴν
476 2232 666 2290 λοιπαὶ
701 2233 797 2291 δύο
847 2237 974 2300 τοὺς
1019 2244 1168 2316 σφῶν
1217 2240 1459 2302 πολίτως
1488 2240 1657 2315 ἄρδην
1689 2245 1966 2319 ἀνῃρημὲ-

313 2344 438 2386 νους
491 2322 779 2382 ἔκλαυσαν.
834 2327 940 2382 Καὶ
992 2328 1090 2382 οὐκ
1139 2327 1260 2384 οἶδα
1294 2331 1386 2402 μὲν
1423 2330 1588 2385 εἰπεῖν
1624 2334 1761 2408 πρὸς
1811 2333 1965 2410 ἀκρί-

316 2408 486 2478 ϐειαν,
539 2411 620 2487 ἐφ’
651 2415 761 2487 ὅτῳ
791 2420 943 2488 κακῷ
973 2419 1395 2495 προϋπάρξαντιο
1456 2419 1562 2496 οὐχ
1601 2417 1715 2497 ἔχω
1775 2419 1833 2477 δὲ

314 2501 534 2578 ἀπόρως
561 2501 730 2579 ἔχειν,
763 2504 816 2559 τί
854 2509 970 2560 ποτ’
1006 2506 1065 2560 ἄν
1121 2510 1185 2576 ἦν
1233 2507 1405 2562 ἐκεῖνο
1467 2509 1620 2586 μέγα,
1683 2512 1711 2565 ὃ
1768 2513 1962 2567 τοσού-

307 2611 426 2654 τοις
466 2589 688 2667 ἀνδράσι
740 2593 1015 2668 βασιλείαν
1065 2595 1366 2670 ἐζημίωκεν
1396 2640 1408 2652 .
1459 2601 1718 2664 Ἐνταῦθα
1767 2599 1824 2656 δὲ
1872 2603 1960 2656 καὶ

306 2680 373 2734 τὰ
401 2680 637 2754 τρόπαια
687 2679 838 2737 οὐδὲν
891 2680 1122 2752 ἐλάττω,
1162 2687 1251 2740 καὶ
1301 2689 1363 2741 τὸ
1403 2687 1762 2762 ἁλισκόμενον
1823 2689 1960 2744 ἐσώ-

313 2774 452 2838 ζετο,
501 2769 590 2824 καὶ
643 2778 1010 2847 περιεποιεῖτο
1059 2775 1134 2838 εἷς
1179 2775 1654 2851 εὐχρηστούμενον
1681 2799 1693 2810 ·
1734 2775 1824 2834 ’ἶνα
1869 2781 1959 2834 καὶ

313 2857 475 2924 οὕτω,
524 2861 661 2923 καθά
685 2860 774 2914 καὶ
815 2861 1004 2916 ἀνόπιν
1065 2864 1092 2918 6
1153 2863 1320 2938 λόγος
1378 2864 1516 2939 ὀρθῇ
1562 2867 1732 2939 κρίσει
1766 2867 1958 2943 ἐζυγο-

313 2948 531 3020 στάτει,
587 2950 652 3003 τὸ
699 2951 842 3004 θεῖον
897 2950 1190 3024 ἐπαΰξηται
1245 2952 1523 3011 τάλαντον.
1585 2954 1654 3013 Οἳ
1697 2961 1814 3018 πῶς
1861 2957 1960 3013 οὐκ

310 3035 369 3088 ἃν
418 3041 520 3090 τοῦ
572 3036 770 3092 λοιποῦ
806 3039 938 3116 ὑπὲρ
981 3048 1082 3108 τῆς
1123 3041 1406 3114 Ῥωμαίων
1437 3047 1538 3119 γῆς
1579 3043 1837 3120 πρόοιντο
1869 3047 1956 3101 καὶ

303 3126 404 3194 τήν
459 3126 642 3196 ζωὴν,
697 3124 974 3203 ἄνθρωποι
1024 3131 1233 3203 θανάτῳ
1293 3132 1387 3204 μὲν
1443 3133 1953 3208 περιτετυχηκότες,

304 3213 804 3287 πεφιλοτιμημένοι
856 3214 912 3272 δὲ
957 3218 1055 3280 τὰς
1096 3221 1276 3295 ψυχάς
1324 3221 1460 3296 πρὸς
1499 3227 1595 3276 τοῦ
1629 3222 1955 3299 αὐτοκράτο-

1998 1939 2042 2003 Β

2076 641 2170 695 hic
2193 641 2425 711 quidem
2456 645 2750 696 Avernum
2783 639 3087 712 (scepulus
3120 640 3214 694 hic
3249 642 3457 696 Indum
3501 641 3720 697 flumen

2076 730 2350 784 cohibens
2387 729 2677 784 radicibus
2719 729 3033 801 allapsum?
3082 746 3284 800 capere
3347 747 3461 784 non
3518 731 3724 797 valuit,

2077 820 2269 875 tribus
2325 820 2560 889 quidem
2617 818 2844 874 vicibus
2904 820 3168 884 molitus,
3217 819 3392 874 toties
3441 835 3591 885 vero,
3665 823 3732 874 ut

2078 908 2264 971 aiunt,
2290 926 2323 963 a
2347 908 2642 979 proposito
2675 907 2958 977 dejectus,
3017 907 3348 962 Alexander
3397 913 3593 963 autem
3635 925 3725 963 se-

2079 994 2192 1050 mel
2224 995 2505 1051 accedens
2532 995 2583 1048 vi
2618 995 2871 1067 subegit.

2145 1264 2235 1317 65.
2268 1262 2468 1333 Itaque
2498 1263 2732 1334 quando
2765 1262 2820 1316 in
2854 1261 3127 1335 plurimis
3159 1261 3405 1317 urbibus
3466 1259 3720 1316 multum

2074 1349 2334 1406 laborem
2379 1350 2700 1421 insumpsit
2747 1367 2843 1406 rex
2906 1356 3103 1406 noster
3153 1350 3421 1406 obsidere
3477 1366 3720 1417 oonans,

2075 1440 2212 1495 belli
2252 1457 2320 1496 ea
2337 1445 2584 1495 sorsest.
2603 1439 2830 1494 Habent
2859 1456 2992 1494 vero
3010 1437 3270 1505 annales,
3288 1443 3345 1493 et
3375 1454 3524 1509 quas
3546 1437 3724 1494 simul

2072 1529 2240 1600 vidit,
2306 1529 2413 1585 has
2472 1530 2711 1600 quidem
2774 1528 2984 1584 delevit
3041 1533 3331 1600 quotquot
3395 1532 3553 1584 stare
3599 1544 3718 1584 non

2074 1619 2382 1691 oportebat
2407 1636 2420 1685 ;
2445 1619 2552 1674 has
2580 1634 2718 1673 vero
2744 1635 2975 1673 manere
3000 1618 3132 1673 sivit
3163 1634 3367 1673 omnes
3394 1633 3520 1688 quas
3546 1617 3718 1672 nobis

2075 1710 2461 1781 adjungendaa
2493 1714 2677 1764 erant.
2717 1710 2932 1764 llorum
2955 1725 3088 1764 vero
3151 1725 3467 1763 numerum
3525 1712 3720 1763 texere

2074 1798 2374 1854 annalium
2427 1797 2858 1853 recensentium
2892 1797 3234 1869 singulatim
3259 1801 3347 1851 est
3379 1801 3436 1851 et
3464 1795 3602 1851 libri
3631 1801 3720 1853 to-

2073 1889 2192 1942 tius
2215 1902 2327 1942 res.
2360 1886 2648 1941 Viderunt
2679 1885 2804 1940 dies
2835 1887 2950 1940 duo
2981 1886 3121 1940 olim
3155 1885 3420 1956 quinque
3448 1886 3626 1940 urbes
3656 1885 3718 1939 in

2078 1977 2418 2031 servitutem
2451 1976 2720 2030 redactos
2750 1992 2784 2030 a
2815 1991 3026 2045 magno
3060 1974 3408 2029 Alexandro.
3460 1975 3719 2038 Quarum

2075 2071 2195 2120 tres
2218 2064 2454 2136 quidem
2488 2064 2782 2135 quomodo
2813 2062 3098 2132 tractarit,
3151 2078 3270 2117 non
3324 2062 3564 2133 praecise
3619 2063 3721 2117 de-

2075 2155 2316 2224 signant
2337 2153 2378 2209 ii
2399 2169 2546 2224 quos
2576 2151 2716 2207 talia
2746 2153 2974 2206 tradere
2991 2149 3282 2205 videmus.
3311 2153 3539 2204 Caetera;
3596 2149 3724 2204 duas

2080 2244 2235 2297 cives
2258 2243 2326 2297 ad
2356 2239 2812 2296 internecionem
2846 2255 3026 2294 caesos
3057 2238 3362 2293 ﬂeverunt.
3422 2241 3538 2291 Nec
3589 2236 3722 2307 qui-

2074 2331 2206 2385 dem
2239 2332 2359 2386 scio
2401 2330 2558 2384 unde
2606 2328 3000 2384 narrationem
3062 2326 3355 2382 malorum
3411 2325 3717 2397 incipiam,

2073 2437 2216 2474 sane
2274 2419 2470 2474 nescio
2520 2419 2817 2490 quodnam
2869 2432 3152 2487 magnum
3217 2415 3526 2470 distrimen
3587 2419 3717 2468 tan-

2073 2514 2162 2563 tos
2185 2509 2338 2562 viros
2373 2525 2546 2577 regno
2580 2505 2839 2575 privarit.
2866 2505 3012 2559 Inibi
3039 2519 3173 2559 vero
3204 2510 3262 2558 et
3319 2509 3540 2574 tropaea
3597 2519 3714 2556 non

2076 2599 2321 2663 minora,
2357 2603 2414 2652 et
2447 2597 2600 2668 quod
2634 2598 2977 2666 cuptumest
3007 2593 3349 2648 servabatur
3373 2599 3429 2648 et
3458 2607 3718 2647 reserva-

2075 2687 2244 2741 batur
2273 2688 2342 2741 ad
2387 2685 2687 2740 meliorem
2723 2689 2935 2739 sortem
2968 2708 2980 2750 ;
3012 2683 3190 2753 idque
3219 2681 3718 2750 quemadmodum

2071 2783 2242 2834 antea
2269 2792 2460 2831 sermo
2510 2778 2667 2828 recta
2708 2773 3075 2844 judicatione
3131 2770 3461 2826 aestimabat
3495 2769 3721 2840 ponde-

2071 2884 2230 2934 rans,
2267 2865 2526 2920 divinum
2564 2867 2879 2934 augeretur
2908 2861 3218 2915 talentum.
3252 2858 3358 2924 Qui
3417 2859 3715 2929 quomodo

2069 2975 2184 3012 non
2217 2957 2288 3010 de
2318 2960 2522 3009 caetero
2555 2968 2732 3023 super
2764 2951 3157 3004 Romanorum
3191 2952 3409 3004 terram
3443 2947 3714 3019 projecis-

2069 3046 2419 3109 sentvitam,
2450 3042 2718 3097 homines
2752 3043 2997 3094 mortem
3054 3038 3286 3107 quidem
3339 3037 3552 3102 sortiti,
3611 3035 3712 3107 qui

2069 3137 2294 3191 animas
2329 3149 2462 3187 vero
2495 3131 2566 3186 ab
2599 3131 2949 3201 imperatore
2981 3127 3336 3191 habuerunt,
3361 3131 3418 3180 et
3459 3125 3616 3193 large
3645 3141 3714 3181 ea

2067 3241 2194 3295 quae
2218 3223 2286 3278 ad
2312 3221 2487 3276 vitam
2520 3218 2825 3274 sufﬁciunt
2853 3215 3514 3278 obtinuerunt‘10uibus
3531 3218 3588 3268 et
3609 3213 3714 3268 ali-

304 3322 418 3376 ρος,
452 3303 590 3378 πρὸς
642 3300 698 3358 δὲ
749 3306 834 3360 καὶ
885 3311 1008 3370 τοῖς
1059 3307 1136 3371 εἰς
1189 3307 1305 3383 βίον
1352 3309 1573 3386 ἀρκοῦσι
1622 3311 1951 3368 καταντλού-

2070 3319 2158 3368 ter
2180 3311 2526 3374 sufﬁciebat,
2553 3309 2623 3363 ad
2657 3323 2864 3378 pugnae
2889 3304 3353 3375 provocationem
3371 3302 3580 3358 bellica
3609 3303 3715 3357 dos

308 3411 461 3463 μενοι
511 3390 796 3466 δαψιλῶς;
832 3397 930 3457 Οἷς
979 3396 1069 3450 καὶ
1103 3393 1288 3459 ἄλλως
1336 3398 1534 3472 ἀρκοῦν
1585 3399 1721 3474 πρὸς
1773 3405 1959 3476 μάχης

302 3477 586 3555 ἐρεθισμὸν
635 3483 699 3536 τὸ
751 3481 802 3537 ἐν
843 3481 1113 3557 πολέμοις
1158 3485 1219 3541 οὐ
1273 3487 1436 3560 μόνον
1488 3484 1773 3544 ἐκϐοᾶσθαι
1821 3491 1957 3562 πρὸς

296 3573 396 3624 τοῦ
445 3568 715 3644 βασιλέως
742 3573 809 3626 τὰ
835 3572 908 3635 εἷς
946 3573 1040 3628 τὸν
1074 3575 1353 3631 Ἐνυάλιον
1402 3574 1764 3654 διεγερτήρια,
1810 3577 1956 3636 ἀλλά

296 3657 387 3712 καὶ
417 3657 577 3712 αὐτὸν
605 3661 852 3736 προθὲειν
879 3667 987 3718 τῶν
1022 3660 1208 3718 ἄλλων
1242 3665 1319 3730 εἷς
1350 3663 1526 3742 ἔργον,
1555 3667 1644 3722 καὶ
1677 3669 1955 3744 προαρπά-

299 3746 400 3816 ζείν
433 3747 523 3802 τὸν
553 3749 833 3828 στέφανον.

367 3855 461 3925 Eg".
511 3860 606 3911 Ἦν
657 3856 758 3934 γὰρ
814 3863 894 3932 τῷ
949 3855 1064 3916 ὄντι
1111 3863 1415 3938 παραθῆξαι
1476 3866 1570 3937 μὲν
1630 3865 1707 3928 εἰς
1765 3865 1952 3943 μάχην

296 3942 485 4020 λόγοις
508 3947 772 4021 Τυρταίου
817 3947 1098 4025 ῥητορεία,
1153 3950 1186 4020 ἢ
1255 3953 1526 4025 Τιμοθέου
1583 3955 1720 4030 πρὸς
1781 3942 1948 4028 μέλος

295 4033 553 4108 ἂρμοσις,
607 4036 680 4090 ὧν
742 4037 770 4091 ὁ
819 4038 912 4110 μὲν
960 4036 1140 4109 ᾅδεται
1190 4045 1342 4102 τοῖος
1389 4040 1524 4096 εἶναι
1577 4041 1654 4104 εἷς
1699 4040 1946 4117 πόλεμον

291 4121 526 4196 ὀτρῦναι,
554 4123 631 4185 ὡς
682 4121 868 4195 δεξιῶς
919 4123 1064 4202 ἔχειν
1114 4126 1347 4203 ἐρεθίσαι
1381 4128 1458 4192 εἰς
1491 4128 1738 4194 θάνατον·
1768 4132 1943 4205 Τιμό-

289 4211 406 4274 θεος
441 4209 498 4266 δὲ
529 4211 622 4268 τὸν
673 4213 847 4270 πολὺν
895 4214 1246 4292 Ἀλέξανδρον
1289 4214 1433 4290 ᾅδων
1485 4219 1618 4274 ποτε
1647 4219 1722 4282 εἷς
1773 4221 1943 4295 θυμὸν

285 4296 516 4374 ἐκμῆναι
575 4301 858 4375 Ἀρεϊκὸν,
915 4305 1003 4359 καὶ
1063 4309 1246 4360 πεῖσαι
1301 4307 1439 4382 πρὸς
1498 4304 1645 4364 ὅπλα
1691 4306 1938 4384 δραμεῖν,

283 4387 358 4473 ᾡς
413 4388 462 4444 εἶ’
507 4389 598 4445 καὶ
639 4389 888 4467 πόλεμος
933 4391 1176 4450 ἐνίστατο
1207 4412 1220 4426 ·
1279 4397 1702 4473 προθυμηθῆναι
1753 4395 1810 4454 δὲ
1859 4399 1937 4462 εἷς

283 4468 466 4552 ἔργον,
532 4479 814 4554 ἀστραπῆς
875 4479 1020 4558 ἔχων
1090 4468 1333 4556 ἔξιιιλμα,⁷
1377 4468 1535 4562 ἔργου
1585 4483 1643 4542 δὲ
1692 4489 1935 4564 γενέσθαι

282 4569 412 4642 πῦρ,
458 4565 595 4640 ὕλης
624 4566 1009 4645 δραττόμενον.
1043 4573 1145 4630 Καὶ
1197 4571 1308 4630 ἔστι
1356 4576 1446 4631 καὶ
1494 4581 1660 4632 ταῦτα
1698 4583 1806 4634 τῶν
1838 4578 1937 4634 οὐκ

2071 3419 2185 3457 non
2216 3400 2406 3456 solum
2444 3402 2678 3454 auctore
2733 3412 2868 3467 rege
2914 3392 3270 3448 inclamandi
3323 3408 3460 3446 voce
3517 3391 3716 3446 Martis

2067 3490 2426 3559 excitatoria,
2460 3488 2558 3543 sed
2593 3490 2650 3541 et
2679 3500 2938 3557 pugnam
2964 3500 3077 3554 prae
3112 3482 3244 3537 aliis
3279 3481 3593 3538 inchoandi
3653 3483 3711 3536 et

2067 3596 2312 3637 coronas
2340 3574 2699 3650 reportandi.

2131 3872 2202 3925 66
2263 3871 2400 3926 Erat
2427 3869 2585 3924 enim
2617 3867 2811 3939 reipsa
2849 3882 3167 3922 accensura
3196 3864 3434 3936 quidem
3477 3864 3548 3920 ad
3600 3879 3706 3935 pu-

2058 3976 2236 4032 gnam
2268 3958 2631 4015 carminibus
2657 3955 2865 4030 Tyrtazi
2897 3953 3253 4026 eloquentia,
3286 3957 3388 4009 aut
3409 3951 3704 4009 Timothei

2057 4064 2315 4116 carmen,
2349 4063 2601 4117 quorum
2623 4045 2769 4100 alter
2797 4043 3033 4116 quidem
3069 4049 3434 4098 memoratur
3481 4041 3542 4097 in
3591 4039 3713 4096 bel-

2055 4135 2180 4190 lum
2259 4135 2490 4191 animos
2564 4132 2908 4205 inspirasse,
2985 4135 3042 4187 et
3113 4131 3184 4186 ad
3246 4133 3494 4185 mortem
3576 4145 3708 4201 pro-

2051 4242 2322 4282 vocassee
2344 4225 2627 4291 feliciter;
2660 4221 3006 4278 Timotheus
3046 4237 3180 4276 vero
3230 4234 3516 4290 magnum
3569 4217 3702 4272 Ale-

2049 4315 2363 4380 xandrum,
2417 4317 2684 4382 cantans,
2745 4311 3044 4382 quondam
3101 4308 3160 4363 in
3210 4309 3467 4363 furorem
3541 4322 3699 4362 mar-

2049 4403 2199 4460 tium
2229 4401 2580 4459 convertisse
2611 4405 2669 4456 et
2691 4402 2952 4456 suasisse
2974 4403 3041 4454 ut
3085 4399 3159 4454 ad
3214 4413 3378 4453 arma
3435 4399 3698 4451 curreret

2048 4491 2216 4566 quasi
2249 4490 2516 4564 praelium
2547 4490 2830 4555 instaret;
2866 4489 3082 4544 arsisse
3111 4504 3246 4544 vero
3277 4486 3336 4542 in
3369 4502 3538 4558 opus,
3575 4483 3696 4540 ful-

2046 4583 2210 4656 guris
2243 4583 2465 4654 impetu
2499 4580 2764 4649 citatum,
2794 4577 2987 4650 aperis
3019 4594 3150 4633 vero
3180 4576 3304 4632 fieri
3335 4575 3554 4648 ignem,
3580 4591 3694 4646 quo

283 4652 385 4710 οἷδ’
436 4659 518 4720 οἷς
571 4658 862 4733 ἀγνώστων
892 4705 906 4719 .
953 4661 1058 4719 Ναὶ
1101 4664 1202 4740 γὰρ
1253 4664 1330 4727 εἷς
1377 4663 1595 4742 ἀνδρίαν
1644 4671 1933 4744 κραταιοῦ-

2066 4672 2292 4729 nateria
2320 4671 2797 4727 consumebatur.
2828 4669 2954 4724 Haec
2986 4667 3057 4723 de
3088 4667 3220 4722 istis
3251 4664 3447 4721 nescio
3479 4664 3695 4736 quibus

277 4745 398 4800 σθαι
441 4746 532 4801 τὸν
591 4747 928 4822 ὑμνούμενον
965 4749 1218 4826 ἔκδηλον,
1262 4753 1409 4817 ὅσοις
1461 4755 1551 4810 καὶ
1583 4756 1934 4833 αὐτοκράτωρ

276 4831 516 4907 ἔγνωστο
548 4835 700 4910 (ὅσον
729 4838 829 4916 γάρ
870 4846 968 4909 τῆς
999 4847 1100 4916 γῆς
1127 4875 1190 4885 -
1212 4842 1278 4912 ἦν
1313 4840 1370 4898 δὲ
1393 4843 1456 4899 τὸ
1477 4845 1614 4900 ἅπαν
1637 4845 1734 4901 τοῦ
1759 4831 1936 4902 οἰκου-

279 4921 444 4994 μένου
489 4925 781 4997 τμήματος
818 4959 884 4969 -
932 4927 1122 5000 αὐτῆς,
1167 4925 1279 4984 οἶδε
1309 4931 1555 5008 θάτερον,
1591 4930 1704 4989 οἶδε
1750 4935 1840 4989 καὶ
1870 4936 1934 4990 τὸ

275 5008 536 5098 λοιπὸν),
611 5012 864 5089 βασιλεὺς
913 5022 1196 5094 πανταχοῦ
1247 5027 1350 5097 γῆς
1399 5019 1795 5098 περιᾳδόμενος
1841 5023 1935 5080 καί

274 5094 522 5174 ἀνδρεῖος
555 5099 654 5156 οὐκ
682 5097 822 5188 ἔστιν
863 5103 1000 5159 ὅπου
1053 5107 1129 5180 μή
1161 5094 1270 5173 τῆς.
1310 5094 1606 5184 οἶκησίίμου
1638 5094 1778 5188 γῆς.
1811 5115 1934 5170 Ἐν·

272 5191 441 5280 ταῦθα
484 5187 569 5251 τίς
617 5188 676 5244 ἃν
728 5185 852 5266 ἔχοι
905 5194 1090 5249 ἑαυτὸν
1142 5195 1531 5274 ἀπασχολῆσαι
1569 5185 1687 5263 τοῖς
1734 5200 1932 5280 ἀνδρα-

273 5278 578 5352 γαθήμασι,
627 5285 800 5356 καιρῷ
851 5283 1052 5358 βραχεῖ
1101 5287 1504 5363 μετρούμενος;
1559 5285 1752 5347 Βίϐλοι
1803 5278 1930 5348 ὅλαι

271 5366 576 5454 καὶταῦτα.
611 5363 1032 5451 Βιϐλιογραφεῖν
1086 5371 1143 5430 δὲ
1191 5381 1282 5432 νῦν
1339 5377 1424 5441 τίς
1478 5379 1538 5434 ἃν
1589 5379 1858 5453 αἰτήσειεν
1892 5383 1928 5454 ἢ

269 5453 618 5528 ἀπαιτήσειεν
644 5475 658 5528 ;

491 5657 887 5729 Ἀναμνηστὲον
942 5662 1038 5714 τοῦ
1101 5661 1343 5740 μεγάλου
1399 5664 1608 5724 ἑκείνου
1646 5667 1920 5744 πολίμου,

267 5739 322 5796 ἐν
382 5743 428 5816 ᾧ
481 5745 648 5818 μόνος
697 5745 944 5805 ἁπάντων
1002 5739 1190 5829 ὥσπερ
1247 5754 1550 5831 βασιλεύων
1608 5739 1921 5838 ὑπερεῖχεν,

2045 4761 2435 4834 ignotis.Nam
2461 4764 2616 4815 certe
2637 4757 2976 4812 fortitudine
2996 4753 3330 4826 praepollere
3355 4769 3491 4807 eum
3520 4765 3697 4822 quem

2046 4852 2439 4918 celebramus,
2492 4848 2734 4902 evidens
2811 4849 2900 4901 est
2953 4843 3230 4900 omnibus
3287 4839 3384 4910 qui
3441 4839 3697 4910 impera-

2043 4950 2229 4997 torem
2290 4941 2577 4994 noverunt
2627 4938 2940 5009 (quotquot
3019 4933 3178 4988 enim
3239 4945 3420 5002 super
3473 4933 3693 4984 terram

2043 5035 2210 5086 erant
2243 5034 2438 5084 autem
2469 5043 2673 5083 omnes
2701 5023 2981 5079 habitatas
3015 5024 3199 5095 partis
3249 5020 3310 5076 in
3343 5023 3521 5086 terra,
3583 5033 3691 5073 no-

2043 5123 2249 5176 verunt
2279 5133 2488 5183 unum,
2521 5118 2815 5172 noverunt
2845 5118 2901 5168 et
2959 5110 3258 5184 alterum),
3320 5126 3418 5164 rex
3472 5108 3692 5178 ubique

2043 5214 2334 5264 terrarum
2367 5205 2700 5262 celebratus
2732 5208 2788 5259 et
2818 5203 3006 5270 fortis,
3041 5201 3260 5272 ubique
3293 5200 3350 5254 in
3388 5198 3561 5254 terris
3590 5196 3694 5252 ha-

2040 5298 2164 5353 bita
2194 5296 2242 5353 is
2275 5295 2640 5352 occurrebat.
2665 5293 2810 5349 Inibi
2846 5291 2977 5364 quis
3004 5306 3104 5359 per
3127 5289 3426 5346 modicum
3459 5292 3694 5358 tempus

2041 5387 2242 5443 oculos
2271 5387 2431 5442 abiis
2455 5383 2731 5456 praeclare
2762 5381 2943 5454 gestis
2975 5379 3245 5436 avertat?
3279 5375 3436 5432 Libri
3487 5375 3689 5432 cuncti

2037 5478 2131 5535 his
2165 5476 2497 5533 redundant
2525 5491 2538 5542 ;
2569 5473 2749 5528 libros
2779 5488 2912 5527 vero
2944 5485 3102 5525 nunc
3133 5468 3388 5524 scribere
3420 5466 3556 5537 quis
3588 5481 3688 5537 pe-

2037 5570 2184 5624 teret
2201 5565 2292 5622 vel
2322 5564 2737 5636 deprecaretur
2763 5561 2792 5617 Υ

2105 5671 2645 5756 62.M_emorandum
2670 5666 3184 5741 magnumbellum
3207 5666 3266 5721 in
3286 5681 3402 5738 quo
3416 5662 3679 5721 omnium

2035 5765 2199 5824 solus
2221 5752 2509 5836 tanquam
2542 5776 2636 5817 res
2693 5757 3014 5832 pravaluit,
3066 5758 3151 5815 sic
3194 5761 3252 5815 et
3308 5755 3516 5828 optimi
3572 5752 3681 5807 viri
