4066 6364
458 450 612 508 1023
1235 445 1653 506 EUS'I‘ATHII
1698 441 2106 504 THESSALO

2218 439 2473 500 1ΕΝ818
2519 441 2572 499 Μ
2588 439 3107 501 ΕΤΗΟΡΟιΙΤιΕ
3707 441 3834 499 1024

457 595 650 634 mores
710 593 936 648 gerens,
983 593 1044 630 se
1093 593 1124 631 a
1201 578 1364 631 tanto
1413 573 1621 630 bellico
1680 573 1936 630 tumultu
1993 570 2103 625 sal-

2219 567 2361 622 οὕτω
2391 569 2481 623 καὶ
2535 566 3078 644 ἀνδραγαθιζόμενος,
3138 568 3328 623 ἑαυτόν
3382 587 3438 621 σε
3483 567 3664 636 σώζων
3688 566 3733 637 ἐξ
3760 565 3835 622 οὔ·

454 685 598 723 vans
629 671 685 722 et
717 666 973 737 reliquos
1006 665 1063 720 in
1101 666 1294 719 sinum
1353 681 1527 718 suum
1592 664 1915 718 recondens
1971 665 2102 716 tan-

2219 677 2295 710 τω
2343 657 2582 731 μεγάλου
2651 656 2904 734 μαχίμου
2959 655 3265 728 κλύδωνος,
3327 657 3415 711 καὶ
3471 654 3594 716 τοὺς
3641 655 3834 717 λοιποὺς

457 774 632 828 quam
669 757 726 810 in
759 754 970 811 salutis
1002 755 1547 826 portum.Mercurio
1580 754 1819 824 quidem
1848 751 2102 808 similem

2218 744 2290 806 εἰς
2348 746 2532 800 ἑαυτὸν
2585 745 3008 815 κατακολπίζων
3060 747 3133 800 ὡς
3194 745 3270 809 είς
3323 743 3521 818 λιμένα
3576 747 3829 817 σωτήριον.

457 844 638 899 videri
669 861 802 899 eum
854 843 951 914 qui
1001 841 1336 913 apostolicis
1391 841 1762 896 sermonibus
1795 838 2110 909 el'ﬂugebat

2218 835 2394 907 Ἐρμῇ
2451 836 2545 907 μὲν
2589 833 2680 889 οὖν
2733 833 2938 890 εἶκάσαι
2988 834 3079 890 τὸν
3110 833 3499 894 ἀποστολικοῖς
3551 831 3727 906 λόγοις
3763 831 3836 887 ἆλ-

458 932 782 989 Salvatoris
811 931 1024 987 Christi
1052 930 1408 1001 discipulum
1442 929 1685 984 feliciter
1727 928 1941 982 accidit
1992 944 2106 980 non

2219 921 2576 996 λαμπόμενον
2622 929 2720 979 τοῦ
2781 931 3040 998 Σωτῆρος
3095 925 3330 998 Χριστοῦ
3389 921 3633 996 μαθητὴν
3679 919 3834 975 ἐπιτυ-

459 1027 696 1095 propter
726 1022 934 1076 miram
960 1024 1241 1091 quantam
1265 1035 1400 1074 cum
1452 1018 1707 1089 imagine
1765 1015 2107 1072 similitudi-

2219 1017 2337 1089 χῶς
2394 1009 2574 1089 ἔσχεν,
2636 1014 2698 1068 ού
2759 1010 2847 1068 διὰ
2904 1013 2967 1068 τὸ
3020 1013 3160 1067 πάνυ
3218 1011 3359 1088 μέγα
3414 1015 3513 1065 τοῦ
3541 1017 3636 1079 τῆς
3667 1008 3836 1069 εἰκόνος

460 1127 619 1179 nem,
651 1111 751 1165 sed
782 1109 922 1180 quia
949 1125 1119 1163 nemo
1151 1108 1304 1162 inter
1359 1108 1590 1162 Graecos
1636 1105 1746 1160 fuit
1803 1107 1860 1160 in
1921 1105 2106 1159 hence

2221 1103 2675 1178 ἀφομοιώματος,
2731 1099 2858 1156 ἀλλ’
2899 1100 2981 1156 δτι
3019 1101 3094 1174 μὴ
3150 1101 3242 1155 καὶ
3291 1099 3375 1154 ἐπὶ
3411 1097 3580 1154 πλέον
3611 1098 3637 1152 ὁ
3664 1095 3836 1166 Ἕλλην

459 1200 641 1254 rando
671 1196 932 1270 apostolo
963 1196 1308 1265 studiosior,
1353 1195 1676 1251 Barbarum
1733 1211 1864 1250 vero
1924 1210 2111 1264 genus

2223 1191 2366 1266 εἶχεν
2416 1185 2732 1263 ἱμϐαθύνων
2801 1189 3077 1262 σεμνύνειν
3131 1190 3224 1244 τὸν
3285 1185 3626 1244 ἀπόστολον.
3680 1186 3747 1242 Τὸ
3777 1183 3837 1270 fit

457 1293 598 1343 tunc
629 1269 885 1343 Graecam
912 1286 1264 1357 sapientiam
1299 1284 1597 1356 superavit
1651 1289 1708 1339 et
1764 1283 2110 1338 diviniorem

2228 1274 2499 1356 βάρϐαρον
2551 1280 2676 1335 τότε
2732 1280 2833 1348 τὴν
2884 1276 3223 1350 Ἑλληνικήν
3292 1276 3485 1356 σοφίαν
3557 1269 3835 1350 ὑπερανίϐη,

456 1377 611 1432 infra
642 1393 704 1432 se
735 1376 962 1431 efﬁnxit
990 1373 1472 1446 intelligentiam,
1504 1378 1561 1428 et
1590 1373 1779 1445 angeli
1814 1372 1938 1428 loco
1997 1373 2111 1426 im-

2222 1371 2311 1423 καὶ
2377 1367 2649 1444 θειοτέραν
2699 1367 3038 1444 ἐσχημάτιζε
3102 1368 3226 1444 παρ’
3289 1367 3493 1465 ἑαυτῷΔ
3518 1365 3729 1432 ἔννοιαν,
3771 1365 3835 1465 ἰαὶ

456 1473 781 1539 peratorem
814 1465 1173 1537 erigebat,et
1204 1464 1400 1518 adhuc
1422 1463 1606 1518 altera
1627 1462 1851 1517 meliori
1884 1468 2111 1530 natura,

2226 1457 2460 1534 ἀγγέλου
2489 1457 2644 1530 τόπῳ
2673 1459 2765 1512 τὸν
2811 1456 3186 1533 αὐτοκράτορα
3225 1450 3610 1531 προσεϐίϐαζε,
3665 1453 3742 1508 καὶ
3781 1450 3837 1506 ἔτι

459 1556 626 1626 quasi
661 1554 1052 1626 incongruum
1089 1552 1296 1608 fuisset
1329 1551 1604 1606 humanis
1625 1551 1900 1622 operibus
1933 1552 2111 1622 aequi-

2226 1548 2380 1621 ἒτέρᾳ
2407 1547 2673 1621 κρείττονι
2706 1547 2881 1624 φύσει,
2942 1546 3018 1609 ὡς
3049 1545 3396 1621 ἀσύμμετρον
3441 1542 3499 1600 εν
3527 1543 3836 1619 ἀνθρωπίνοις

460 1660 666 1716 parare
699 1644 848 1698 facta
879 1647 1245 1714 portentosa.

2227 1631 2404 1711 ἔργοις
2433 1631 2769 1712 παραϐαλεῖν
2804 1637 2870 1690 τὰ
2903 1631 3220 1714 φαινόμενα.

531 1752 622 1804 68.
655 1750 770 1804 Νοο
798 1749 878 1803 ibi
911 1748 1098 1819 magis
1146 1753 1411 1802 nostrum
1468 1753 1557 1803 est
1608 1751 1843 1820 tempus
1901 1763 2111 1803 consu-

2298 1743 2398 1812 ξη’.
2442 1741 2536 1796 Καὶ
2598 1738 2712 1796 οὐδ’
2770 1740 2996 1806 ἐνταῦθα
3056 1740 3248 1797 πλεῖον
3307 1743 3446 1813 ἡμῖν
3519 1733 3625 1794 ἔστι
3671 1735 3834 1812 διατρί-

462 1837 911 1901 mere.sedsatis
943 1836 1256 1891 sit‘saltem
1291 1837 1624 1891 auditorum
1661 1837 2111 1892 memoriamex-

2227 1825 2362 1899 ϐειν,
2407 1829 2532 1886 ἀλλ’
2581 1829 2616 1899 ἢ
2667 1830 2721 1893 ἐς
2769 1830 2891 1885 ὅσον
2956 1832 3274 1900 ἀνακινῆσαι
3332 1835 3453 1892 τοῖς
3513 1827 3836 1905 ἀκροωμένοις

463 1928 697 1994 citasse,
728 1943 843 1981 non
875 1925 1018 1980 alias
1053 1926 1332 1995 sopitam.
1364 1925 1546 1980 Nemo
1579 1925 1735 1980 enim
1777 1931 1895 1980 tam
1958 1943 2111 1980 som-

2227 1920 2326 1989 τὴν
2363 1921 2612 1993 μνήμην,
2671 1917 2795 1975 οὐδὲ
2852 1917 3040 1982 ἄλλως
3089 1917 3485 1984 καθεύδουσαν.
3542 1915 3718 1979 Οὐδεὶς
3760 1915 3836 1990 γὰρ

464 2016 736 2071 nolentus
766 2021 855 2070 est
885 2019 948 2068 ut
981 2014 1037 2068 in
1075 2014 1290 2069 talibus
1324 2031 1534 2069 somuo
1558 2031 1674 2068 non
1707 2015 1980 2069 resistat:
2013 2016 2111 2070 sed

2229 2007 2402 2071 οὕτως
2438 2007 2702 2079 ὑπνηλὸς,
2734 2009 2810 2073 ὡς
2838 2009 3102 2064 ἀπολέσαι
3152 2010 3251 2078 τὴν
3304 2007 3357 2063 ἐν
3385 2008 3599 2069 τούτοις
3626 2004 3840 2080 ἔγρήγορ-

461 2109 604 2160 tunc
634 2103 874 2175 quidem
906 2109 1074 2158 estate
1102 2103 1443 2172 viribusque
1501 2102 1715 2158 ﬂorens
1772 2108 1915 2175 erat,
1975 2121 2111 2176 ope-

2229 2119 2333 2156 σιν.
2391 2095 2570 2154 Ἀλλά
2625 2097 2750 2153 τότε
2823 2098 2917 2172 μὶν
2991 2100 3228 2173 ἀκμαῖος
3276 2100 3341 2167 ἧν
3391 2099 3492 2168 τὴν
3535 2095 3733 2173 ῥώμην,
3773 2092 3840 2147 καὶ

461 2209 642 2264 raque
673 2192 950 2259 maxima,
985 2208 1017 2246 a
1047 2207 1288 2262 corpore
1310 2207 1446 2246 vero
1484 2191 1599 2245 haec
1631 2191 1871 2246 robusto
1903 2196 1960 2247 et
2002 2191 2111 2248 ele-

2229 2184 2360 2262 ἔργα
2423 2185 2647 2261 μέγιστα
2701 2187 2794 2260 μὶν
2825 2230 2838 2254 ,
2889 2187 2995 2242 ἀπὸ
3045 2187 3301 2260 σώματος
3353 2183 3400 2240 δ’
3452 2184 3622 2240 ἐκεῖνα
3664 2180 3840 2237 εὐτόνου

466 2283 762 2338 ωοοιειιιὶεο
796 2280 1194 2351 temperantiae
1217 2279 1362 2334 bene
1412 2280 1748 2349 obedienti;
1801 2297 1928 2351 quae
1983 2298 2111 2338 vero

2226 2273 2315 2328 καὶ
2374 2281 2473 2344 τῆς
2531 2279 2886 2351 στοιχειακῆς
2944 2275 3186 2352 κράσεως
3259 2275 3314 2329 εὗ
3395 2271 3650 2350 ἔχοντοςσ
3698 2272 3754 2326 τὰ
3796 2266 3837 2323 δὲ

467 2370 742 2441 deinceps
763 2368 1076 2440 extemplo,
1104 2369 1325 2439 quibus
1358 2368 1586 2422 Claudii
1619 2376 1781 2423 vetus
1815 2371 1955 2426 urbs
1988 2371 2111 2442 pul-

2227 2363 2387 2418 εἶσὲτι
2439 2361 2699 2439 ἔναγχος,
2753 2366 2835 2426 οῖς
2875 2367 2909 2434 ἡ
2940 2369 3035 2418 τοῦ
3066 2361 3341 2419 Κλαυδίου
3373 2367 3542 2439 γραῦς
3582 2360 3729 2422 πόλις
3753 2358 3837 2414 ἐνε-

465 2459 661 2515 ehrior
691 2459 980 2530 apparuit,
1016 2457 1356 2512 mirandum
1389 2457 1548 2512 aliud
1579 2457 1718 2528 quia
1744 2459 1911 2514 ducis
1942 2476 2111 2531 opera

2225 2451 2638 2525 καλλωπίσατο,
2692 2453 2834 2508 ἀλλο
2882 2457 3044 2508 τοῦτο
3072 2455 3272 2527 θαῦμα,
3323 2453 3410 2508 ὅτι
3441 2454 3530 2508 καὶ
3583 2451 3834 2526 στρατηγοῦ

465 2547 566 2602 illa
600 2563 711 2601 non
749 2563 1022 2618 prospere
1051 2546 1337 2617 ﬁrmeque
1368 2546 1692 2611 constituti,
1718 2549 1817 2601 sed
1851 2548 1944 2602 cui
1996 2566 2111 2603 me-

2227 2537 2360 2614 ἔργα
2391 2540 2567 2596 ἐκεῖνα
2617 2541 2717 2596 οὐκ
2761 2542 3164 2616 εὐθηνουμὲνου
3215 2541 3293 2604 εἰς
3334 2541 3560 2612 εὐεξίαν,
3611 2534 3830 2594 ἀλλὀἵου

467 2635 577 2691 rito
606 2635 983 2690 tribuendum
1018 2635 1205 2689 curari
1240 2640 1295 2689 et
1318 2651 1522 2689 curare
1553 2637 1816 2708 seipsum
1849 2644 1905 2692 et
1953 2655 2111 2694 revo-

2226 2629 2386 2702 ἀξίως
2429 2628 2575 2706 ἔχειν
2615 2631 2973 2704 τημελεῖσοαι
3022 2632 3113 2686 καὶ
3161 2637 3486 2705 νοσοκομεῖν
3538 2629 3720 2696 ἑαυτὸν,
3764 2625 3830 2680 καὶ

468 2740 601 2779 care
631 2723 783 2794 quod
819 2723 1091 2779 sanitatis
1119 2723 1391 2795 perierat,
1429 2726 1663 2794 quando
1717 2731 1842 2780 erat
1894 2732 2111 2782 naturaa

2227 2718 2611 2784 ἀνακαλεῖσθαι
2669 2722 2732 2776 τὸ
2791 2727 2890 2791 τῆς
2955 2720 3153 2797 ὑγιείας
3203 2718 3484 2785 ἀπελθόν·
3546 2719 3629 2774 ὅτε
3668 2716 3742 2772 καὶ
3780 2714 3827 2781 ἦν

465 2824 523 2866 et
552 2811 735 2866 studii
767 2810 926 2866 lucta
952 2829 964 2880 ;
989 2810 1149 2866 illius
1172 2811 1494 2868 dictitantis
1525 2814 1678 2884 quod
1713 2814 1820 2869 sibi
1857 2832 2111 2887 parcere,

2227 2807 2371 2881 ἀγὼν
2403 2809 2613 2886 φύσεώς
2662 2831 2720 2864 τε
2750 2809 2842 2864 καί
2893 2808 3153 2879 σπουδῆς’
3204 2815 3306 2878 τῆς
3359 2811 3460 2883 μὲν
3512 2811 3621 2864 οἷον
3667 2802 3830 2861 ὑπολα-

466 2901 648 2972 hujus
705 2917 838 2956 vero
896 2901 1051 2972 quod
1102 2917 1205 2972 pro
1265 2901 1566 2973 republica
1649 2903 1797 2959 mori
1855 2904 2111 2960 deberet.

2227 2895 2432 2967 λούσης
2466 2895 2738 2974 φείδεσθαι
2794 2899 3008 2968 ἑαυτοῦ,
3055 2906 3158 2968 τῆς
3204 2896 3262 2954 δὲ
3311 2901 3562 2972 θνήσκειν
3608 2897 3720 2970 ὑπὲρ
3756 2894 3831 2946 τοῦ

465 2989 584 3045 Ηοο
640 2988 912 3045 ultimum
965 2991 1214 3046 nimium
1272 2990 1609 3062 postulavit,
1697 2992 2111 3066 pravaluitque

2224 2990 2444 3044 κοινοῦ.
2499 2986 2601 3044 Καὶ
2651 2987 2719 3055 ἦν
2774 2987 2836 3042 τὸ
2888 2985 3080 3042 πλεῖον
3139 2985 3402 3057 ἐνταῦθα,
3451 2987 3542 3044 καὶ
3589 2988 3622 3056 ἠ
3670 2976 3828 3046 σπονδή

466 3083 670 3134 contra
701 3083 972 3133 naturam
1001 3079 1285 3134 studium.
1331 3080 1540 3134 Lectus
1588 3081 1826 3150 quidem
1880 3081 1938 3136 in
1999 3100 2111 3154 quo

2226 3074 2423 3144 ἐξενίκα
2448 3077 2548 3144 τὴν
2584 3075 2759 3153 φύσιν.
2799 3077 2899 3130 Καὶ
2958 3079 2986 3146 ἦ
3024 3077 3118 3149 μὶν
3152 3076 3419 3147 νοσήλιος
3477 3074 3634 3144 κλίνη
3688 3071 3825 3147 ἀφίετο

467 3166 784 3222 inﬁrmitas
813 3165 982 3222 illius
1015 3168 1351 3235 curabatur,
1381 3168 1834 3240 conspiciendus
1865 3187 2111 3242 expone-

2225 3163 2301 3226 είς
2333 3166 2511 3237 θαῦμα
2561 3170 2677 3226 τοῖς
2713 3163 3029 3241 βλέπουσιν,
3070 3164 3241 3228 ’ίππος
3273 3163 3331 3220 δί
3359 3167 3456 3220 τὸν
3512 3160 3818 3236 αὐτοκράτορα

467 3256 641 3312 batur
698 3255 1199 3327 inspicientibus:
1261 3274 1448 3328 equus
1504 3273 1641 3313 vero
1698 3258 2110 3330 imperatorem

2224 3249 2408 3330 ἔφερεν
2461 3253 2522 3308 οὐ
2593 3257 3039 3330 γυμναστήριος,
3113 3253 3175 3308 οὗ
3221 3255 3310 3310 καὶ
3377 3254 3545 3328 μόνου
3602 3249 3742 3328 χρεία
3778 3248 3816 3311 ἦν

461 3344 710 3400 vehebat
743 3363 857 3400 non
890 3345 959 3400 ad
994 3346 1266 3400 exercitia
1298 3351 1613 3417 aptus,quo
1647 3347 1769 3402 solo
1801 3366 1947 3420 opus
1987 3354 2113 3405 erat

457 3433 581 3490 viro
605 3434 748 3488 adeo
774 3435 946 3502 fesso,
979 3434 1079 3488 sed
1141 3435 1210 3488 ad
1272 3435 1537 3506 praelium
1598 3436 1871 3491 hinniens
1919 3443 1976 3492 et
2024 3455 2113 3493 as-

466 3537 768 3576 censorem
804 3522 875 3576 ad
910 3527 1205 3577 certamen
1238 3539 1636 3589 commovens,
1666 3528 1734 3593 ,et
1757 3525 1962 3580 iterum
1996 3543 2112 3598 prae

462 3609 684 3665 caateris
717 3610 990 3665 currebat
1015 3611 1134 3665 dux
1165 3611 1483 3682 imperator
1526 3612 1803 3669 virtutem
1855 3615 2110 3687 spirans,

462 3698 633 3768 quasi
683 3714 799 3754 non
862 3715 894 3753 a
953 3699 1178 3768 morbo,
1240 3701 1339 3755 sed
1400 3717 1434 3755 a
1485 3699 1658 3774 longo
1681 3703 1801 3758 otio
1834 3705 2111 3775 procede-

461 3794 546 3842 ret
566 3791 624 3842 et
655 3788 888 3859 cognito
912 3790 1120 3858 paucis
1151 3792 1399 3846 catervis
1445 3790 1505 3846 in
1557 3796 1884 3849 turmarum
1912 3795 2113 3850 decem

463 3874 655 3930 millia
685 3876 837 3930 viam
873 3875 1118 3947 aperire,
1151 3877 1408 3950 amplius
1441 3878 1499 3934 in
1531 3881 1795 3937 ardorem
1831 3883 2116 3954 processit

463 3963 524 4019 iu
548 3963 731 4019 Deum
755 3970 947 4022 erecta
972 3966 1252 4022 fortitudo
1278 3984 1292 4036 ;
1320 3969 1414 4023 cui
1447 3968 1725 4040 adjuncta
1754 3971 1964 4028 bellica
2006 3973 2113 4028 vir-

457 4055 558 4108 tus
583 4069 732 4109 onus
764 4055 933 4110 nobis
981 4056 1326 4126 impositum
1360 4057 1536 4113 simul
1583 4060 1854 4131 portavit.
1908 4061 2110 4134 Igitur.

462 4142 652 4213 primo
702 4159 994 4199 concursu
1040 4145 1360 4215 perfectum
1424 4152 1514 4201 est
1563 4149 1719 4218 quod
1767 4150 1989 4206 nemini
2051 4151 2112 4206 in

459 4236 724 4286 mentem
752 4231 1013 4287 venisset
1044 4233 1284 4288 fortium
1319 4235 1376 4288 in
1412 4251 1622 4306 pugnae
1680 4238 1866 4294 fronte
1915 4256 2112 4311 casus,

460 4317 600 4391 fuga
630 4318 866 4374 illorum
893 4324 1184 4392 quotquot
1213 4322 1285 4377 de
1309 4322 1427 4378 vita
1461 4325 1649 4397 magis
1709 4328 2112 4397 providebant,

461 4407 782 4464 multorum
819 4408 1057 4480 quidem
1111 4410 1369 4465 millium
1431 4429 1744 4468 numerum
1805 4416 2112 4472 cumulan-

460 4499 572 4563 tes,
598 4495 854 4550 mutilati
887 4514 1020 4553 vero
1054 4499 1319 4570 plerique
1353 4501 1423 4555 ab
1455 4503 1734 4559 exercitu.

2141 3304 2186 3374 α
2222 3304 2552 3416 asiae
2606 3304 3816 3421 ἒιέζᾲὲἒςᾲζζ⁷ἇλ’λάἰὶάῇῖέιοξῗ’φξ›ζ,ατ”ἕάμενοέ,

2221 3431 2311 3485 καὶ
2371 3428 2725 3486 διατινάσσων
2785 3432 2876 3486 τὸν
2928 3427 3190 3503 ἐπιϐάτην
3249 3431 3325 3495 εἷς
3390 3431 3668 3508 ἐναγώνιον
3699 3445 3709 3457 ⁶
3761 3421 3822 3477 καὶ

2219 3520 2444 3594 προὲθεε
2470 3524 2580 3576 τῶν
2612 3521 2821 3576 λοιπῶν
2855 3523 2944 3575 καί
2973 3519 3136 3576 πάλιν
3166 3523 3193 3575 ὁ
3252 3521 3561 3596 στρατηγὸς
3609 3511 3820 3585 αὐτοκρά-

2220 3629 2334 3684 τωρ
2380 3606 2600 3683 ἀνδρίαν
2658 3609 2854 3677 πνὲων,
2909 3609 2984 3673 ὡς
3035 3606 3184 3686 εἷ’περ
3245 3610 3346 3665 οὐκ
3406 3610 3513 3665 ἀπὸ
3569 3601 3819 3675 νοσηλείας,

2225 3696 2370 3753 ἀλλά
2430 3703 2639 3771 μακρᾶς
2696 3699 3045 3761 ἀναπαύσεως
3101 3695 3309 3770 ἤλαυνε
3343 3717 3355 3730 ·
3434 3697 3524 3754 καὶ
3595 3691 3819 3770 μανθάνων

2223 3787 2411 3862 χερσὶν
2465 3785 2676 3862 ὀλίγαις
2707 3787 2846 3861 πρὸς
2900 3789 3258 3864 μυριόχειρας
3291 3787 3506 3865 ἀρτύειν
3537 3787 3629 3856 τὴν
3655 3776 3822 3861 ἔφοδον»

2223 3874 2312 3929 ἐπὶ
2375 3873 2587 3948 μᾶλλον
2639 3875 2715 3938 εἲς
2767 3877 3077 3950 προθυμίαν
3131 3877 3462 3952 προέκοπτε,
3508 3877 3570 3932 τὸ
3618 3871 3686 3933 εἷς
3732 3867 3824 3921 θεὸν

2222 3958 2679 4040 προϐεϐλημένος
2707 3966 2924 4039 θάρσος·
2989 3965 3034 4038 ᾧ
3068 3970 3326 4043 συζυγοῦν
3381 3967 3474 4022 καὶ
3502 3965 3563 4020 τὸ
3599 3963 3736 4036 μένος
3758 3953 3821 4008 τὸν

2229 4055 2359 4130 ὑπὲρ
2410 4057 2571 4129 ἡμῶν
2625 4057 2823 4134 φόρτον
2875 4053 3208 4132 συνδιέφερε.
3259 4057 3365 4113 Καὶ
3416 4056 3594 4113 τοίνυν
3648 4047 3824 4134 ἤνυε-ται

2222 4139 2536 4220 προσϐολῇ,
2596 4132 2807 4220 πρώτῃ,
2841 4144 2872 4200 ὅ
2921 4167 3004 4208 τις
3063 4143 3189 4200 οὐδὲ
3227 4145 3317 4201 ἐπὶ
3374 4150 3499 4200 νοῦν
3541 4135 3713 4198 ἔλαϐεν
3760 4132 3822 4198 ἂν.

2222 4238 2429 4296 πτῶσις
2455 4238 2564 4288 τῶν
2596 4233 2979 4310 θαρῤησάντων
3011 4235 3074 4289 τὸ
3096 4240 3196 4303 τῆς
3232 4235 3421 4311 μάχης
3449 4228 3825 4311 ἀντιπρόσωπον,

2224 4323 2370 4400 φυγὴ
2402 4326 2508 4375 τῶν
2537 4306 3130 4400 ὅσοι-προμηθέστερον
3162 4306 3458 4399 ’ἔσχονττοῦ
3493 4325 3605 4394 ζῇν,
3631 4316 3698 4376 είς
3725 4306 3826 4366 πολ-

2225 4399 2325 4472 λάς
2361 4411 2454 4484 μὲν
2488 4410 2811 4486 χιλιοστύας
2842 4411 3264 4491 κορυφούμενοι,
3289 4406 3676 4468 κολοϐωοέντες
3704 4400 3750 4456 δὲ
3771 4399 3826 4466 τῷ

2224 4498 2435 4554 πλείονι
2465 4507 2567 4570 τῆς
2597 4506 2871 4577 στρατιᾶς.

536 4600 624 4656 69.
652 4601 780 4658 Hac
809 4603 867 4658 in
901 4605 1096 4660 animo
1130 4606 1518 4679 recogitantes
1539 4613 1598 4663 et
1629 4625 1808 4679 quam
1836 4611 2024 4669 multa
2055 4613 2111 4670 in

2299 4607 2389 4678 EO'.
2424 4610 2608 4664 Ταῦτα
2635 4607 2710 4670 εἰς
2744 4604 2985 4664 διάνοιαν
3031 4606 3484 4682 ἀνασκάλλοντες,
3533 4604 3616 4662 καὶ
3661 4600 3743 4655 ὅσα

466 4689 575 4745 hac
605 4691 755 4746 serie
778 4691 1010 4763 collata,
1035 4711 1216 4750 causa
1246 4700 1336 4751 est
1366 4712 1470 4750 cur
1496 4696 1595 4752 diu
1617 4696 1963 4770 lugeamus;
2022 4708 2111 4758 tu-

2226 4695 2512 4774 συστοιχίᾳ
2560 4695 2730 4772 ταύτῃ
2801 4710 3046 4768 συνθετα,
3108 4696 3207 4752 οὐκ
3257 4694 3466 4774 ἔχομεν
3527 4696 3662 4754 ὅπως
3688 4687 3738 4744 οὗ
3764 4681 3827 4737 διὰ

466 4779 695 4835 mulum
713 4780 1145 4839 circumdantes
1169 4785 1460 4856 optimum
1483 4785 1674 4842 virum
1694 4787 2111 4865 includentem,

461 4871 777 4927 incitamur
808 4873 877 4927 ad
940 4873 1394 4932 lamentationes
1457 4877 1920 4937 consolationem
1978 4884 2112 4941 aliis

461 4957 766 5015 allaturas.
801 4960 1021 5018 Deinde
1080 4963 1193 5018 οὴὶ
1250 4964 1577 5036 inquimus,
1638 4984 1753 5039 quo
1803 4971 2109 5042 devenisti,

461 5049 750 5104 bonorum
784 5055 1118 5108 nostrorum
1149 5069 1460 5111 commune
1481 5055 1508 5111 ?
1530 5056 1652 5120 Quo
1677 5059 1748 5114 ad
1777 5059 2111 5135 intelligen-

461 5137 601 5194 dum
636 5139 1116 5210 circumscriptus
1148 5144 1337 5215 es,qui
1364 5145 1647 5202 mirandis
1679 5149 1876 5205 omnia
1898 5151 2108 5224 reples,

461 5228 562 5301 qui
593 5228 841 5284 viriliter
890 5232 1285 5305 praeclareque
1336 5235 1518 5305 gestis
1568 5237 1900 5308 abundasti,
1953 5243 2114 5298 dein-

461 5333 595 5388 ceps
628 5317 1087 5376 abundaturus?
1115 5321 1309 5378 Donec
1333 5323 1411 5378 sit
1468 5324 1622 5380 Deus
1671 5341 1937 5384 annuens
1995 5347 2112 5387 ser-

461 5407 759 5475 monibus,
796 5407 1264 5479 optimusleonis
1288 5413 1598 5483 progenies
1657 5430 1756 5470 rex
1816 5416 2110 5487 unguibus

462 5493 695 5564 polleat,
751 5499 815 5551 ut
867 5497 1096 5554 belluas
1156 5517 1284 5572 qua:
1331 5501 1614 5558 adversus
1692 5521 1798 5560 nos
1865 5506 2113 5562 saeviunt

463 5581 735 5669 subigere
756 5585 964 5642 valeat.
1001 5587 1314 5660 Hucusque
1336 5590 1495 5645 enim
1555 5593 1714 5665 regio
1766 5595 1958 5666 rugitu
1997 5613 2109 5669 gu-

465 5667 866 5727 bernabantur
895 5673 1057 5747 talia,
1091 5682 1147 5733 et
1179 5677 1393 5734 eximia
1415 5679 1698 5752 ﬁrmaque
1756 5699 1859 5756 spe
1907 5667 2108 5742 futuri.

2219 4873 2482 4930 τοσούτου
2538 4875 2909 4950 καλυμπτῆρα
2981 4860 3195 4946 καλού,
3247 4860 3545 4952 ἐξαγόμεθα
3596 4869 3676 4926 καὶ
3723 4860 3824 4952 πρὸς

2223 4960 2458 5033 οἴκτους,
2510 4964 2561 5018 οἱ
2592 4945 3016 5040 παραμιοεῖσθαι
3067 4945 3186 5019 καὶγ
3217 4945 3431 5040 ιτέρόυζτ
3471 4957 3718 5040 ὀφειλέται
3759 4945 3822 5049 δῖ·

2219 5074 2326 5116 τες.
2385 5052 2484 5108 Καὶ
2518 5051 2582 5122 ὣ,
2645 5054 2842 5128 φαμὲν,
2878 5052 3003 5110 ὅποι
3030 5055 3400 5126 κατήντησας,
3431 5052 3493 5107 τὸ
3530 5046 3694 5105 κοινὸν
3720 5042 3819 5140 ἡμῖξ

2222 5144 2473 5219 ἀγαθῶν;
2531 5145 2694 5197 "Orto:
2755 5145 2890 5219 πρὸς
2949 5141 3201 5214 αἴσθησιν
3248 5143 3646 5222 περιγέγραψαι,
3693 5132 3716 5185 ὁ
3755 5132 3819 5228 καξ

2220 5229 2453 5306 πληρῶν
2507 5231 2575 5286 τά
2631 5231 2803 5287 πάντα
2834 5231 3129 5306 θαύματος,
3193 5236 3275 5296 οἷς
3327 5226 3714 5306 ἠνδραγαθίξθυν
3747 5226 3817 5322 ,καί

2220 5319 2534 5394 πληρώσων
2601 5320 2906 5392 εἷσέπειτας
2985 5324 3129 5384 Ἓως
3189 5320 3271 5393 εἴη
3344 5320 3404 5377 δὲ
3449 5321 3570 5381 Θεὸς
3612 5314 3814 5400 ἐπινεύφῖ

2217 5392 2576 5484 τοῖς-λόγοις,
2635 5411 2663 5466 ὁ
2712 5410 2882 5474 καλὸς
2912 5408 3203 5480 λεοντιδής
3265 5392 3515 5485 βασιλεὺς
3561 5392 3814 5492 κραῖσειωθῇ

2217 5496 2346 5559 τοὺς
2377 5492 2604 5574 ὄνυχας,
2639 5501 2713 5562 ὡς
2767 5499 2859 5555 καὶ
2911 5499 3187 5575 ὶμπείρειν
3244 5497 3390 5576 ἔχειν
3424 5502 3536 5560 υοῖς
3562 5490 3666 5548 καθ’
3691 5487 3812 5555 ἡμων

2221 5587 2426 5662 ὀργῶσι
2464 5586 2702 5662 θηρίοις·
2755 5589 2908 5652 Τέως
2949 5591 3052 5666 γὰρ
3107 5584 3442 5665 βρυχηθμῷ’
3471 5583 3808 5661 διοικονομειτί>

2217 5676 2534 5732 τὰτοιαῦτα
2584 5677 2858 5753 βασιλικῷ
2913 5679 3002 5734 καὶ
3061 5682 3339 5756 παθεραῖς
3389 5668 3699 5752 ἐπαγγελίαις
3735 5673 3804 5711 του

2225 5762 2550 5841 μίλλοντος.

2225 4790 2436 4860 μακροῦ
2481 4791 2718 4851 πενθεῖν’
2764 4788 2855 4841 καὶ
2904 4787 2995 4842 τὸν
3056 4786 3222 4865 τάφον
3283 4789 3695 4863 περιιστάμενοι,
3750 4772 3817 4865 τῖξν
3909 4784 3912 4790 ’
