4066 6368
257 417 416 479 i025

1113 413 1520 478 MANUELIS
1562 413 1914 475 COMNENI
1958 414 2358 478 LAUDATIO
2401 415 2818 478 FUNEBRIS.

3523 421 3680 482 1026

331 547 394 603 ο’.
429 543 527 600 Καὶ
593 545 700 618 μὴν
751 545 786 614 ἢ
828 542 1093 606 κοινωνός
1145 564 1228 598 σοι
1285 543 1374 598 καὶ
1439 542 1563 619 βίου
1621 541 1712 598 καὶ
1764 543 1915 618 βασι-

2098 546 2188 600 70.
2223 547 2290 601 Et
2320 549 2474 602 certe
2503 547 2835 604 communis
2885 547 2992 603 tibi
3041 549 3192 615 vitas,
3237 549 3401 621 regni
3450 555 3508 606 et
3536 568 3680 624 pru-

259 633 432 703 λείας,
491 634 581 689 καὶ
643 633 904 696 συνέσεως
953 632 1119 708 ἄκρας
1186 631 1452 708 μέτοχος,
1510 631 1598 686 καὶ
1659 631 1742 703 (τὸ
1811 637 1914 686 πᾶν

255 723 522 796 συνελεῖν)
570 721 789 798 βασιλεῖ
837 720 980 776 οὕτω
1031 720 1254 798 μεγάλῳ
1305 722 1380 784 είς
1436 716 1740 795 συμϐίωσιν
1801 719 1916 776 ἐπι-

256 814 560 889 πρέπουσα,
617 811 706 867 καὶ
792 809 1130 884 συμπάρεστι
1213 813 1293 882 τῷ
1359 810 1463 882 νέῳ
1536 807 1916 885 αὐτοκράτορι,

257 903 347 958 καὶ
403 902 577 956 πάντα
635 897 799 972 οἶδεν,
856 901 938 961 οἷς
1015 899 1309 972 οἰκουμένη
1387 903 1764 974 κατορθοῦται,
1821 900 1919 966 τῆς

259 993 358 1060 σῆς
411 988 723 1062 ἀποναμένη
776 991 866 1043 καὶ
929 990 1218 1061 μαθήσεως
1278 987 1368 1042 καὶ
1430 989 1715 1060 μιμήσεως
1753 1005 1764 1019 ·
1826 985 1918 1041 καὶ

256 1080 324 1134 τὰ.
353 1075 677 1134 διδασκάλια
726 1076 903 1154 ἔργοις
953 1076 1368 1154 προισχομένη,
1403 1076 1501 1131 οὐκ
1550 1075 1608 1130 ἄν
1658 1075 1780 1152 ἔχοι
1837 1076 1914 1148 μὴ

258 1167 358 1224 οὐκ
386 1167 462 1230 εἷς
492 1168 554 1222 τὸ
586 1171 688 1221 πᾶν
737 1171 1144 1241 κατευστοιχεῖν
1194 1171 1295 1220 τοῦ
1337 1165 1730 1244 κοινωφελοῦς.
1764 1162 1917 1222 Ἀλλ’

257 1260 422 1331 ἡμεῖς
455 1255 543 1311 καὶ
603 1259 728 1310 νοῦν
779 1256 872 1328 μὲν
920 1254 1204 1332 βασιλικὸν
1239 1253 1500 1328 ἐθέλομεν
1529 1256 1616 1310 καὶ
1649 1254 1716 1310 τὰ
1774 1253 1916 1308 ἐκεῖ-

259 1359 344 1410 θεν
401 1343 590 1422 ἀγαθά·
623 1348 901 1418 ποθοῦμεν
963 1341 1022 1398 δὲ
1074 1345 1162 1399 καὶ
1220 1344 1455 1413 ὁπλίτην
1512 1343 1648 1398 κατά
1703 1344 1784 1415 σὲ,
1826 1339 1917 1396 καί

257 1440 448 1511 χεῖρας
511 1431 657 1488 οὕτω
711 1433 983 1508 γενναίας,
1023 1431 1113 1486 καὶ
1161 1433 1408 1507 Ἀρεϊκὸν
1469 1431 1730 1505 ἀτένισμα
1781 1431 1918 1506 πρὸς

253 1525 316 1578 τὸ
374 1521 697 1598 ἀντίμαχον,
723 1523 815 1576 καὶ
871 1519 1142 1596 ἀνδρῶδες
1198 1516 1428 1595 ἔξαλμα,
1460 1521 1552 1576 καὶ
1609 1521 1768 1596 χύσιν
1830 1520 1914 1573 αἱ·

261 1613 470 1686 μάτων,
505 1614 588 1673 οἷς
648 1610 851 1688 ἀνοίγει
881 1611 944 1666 τὸ
1004 1610 1180 1687 ῥεῦμα
1229 1607 1472 1684 σίδηρος,
1504 1609 1662 1687 χερσὶ
1697 1606 1915 1686 βασιλι-

255 1707 377 1763 καῖς
410 1699 598 1765 εὐθυνό
609 1720 792 1774 μενος.

333 1809 430 1864 οα’.
459 1803 646 1876 Ἒδυς,
699 1807 746 1860 ὦ
789 1804 1008 1880 μέγιστε
1061 1804 1284 1881 βασιλεῦ
1327 1803 1474 1874 ἥλιε.
1528 1805 1626 1858 Καὶ
1675 1807 1762 1858 νῦν
1817 1802 1912 1876 μὲν

260 1899 295 1966 ἡ
330 1897 396 1966 σὴ
431 1893 635 1990 σελήνη
669 1899 952 1990 φωσφορεῖ
1007 1900 1126 1956 τοῖς
1184 1895 1307 1968 περὶ
1363 1901 1504 1990 77w,-
1529 1891 1758 1990 μέλαινα
1947 1926 1992 1990 Β

256 1991 339 2059 τῷ
367 2006 426 2040 τε
454 1983 705 2057 πενθίμῳ
733 1983 884 2059 ζόφῳ
916 1984 1005 2039 καὶ
1036 1989 1116 2055 τῷ
1162 1982 1588 2060 προφαινομένῳ
1637 1979 1714 2050 δὲ,
1745 1978 1912 2036 καλὸν

260 2073 318 2130 δὲ
359 2073 452 2130 καὶ
497 2073 756 2151 φεραυγές
800 2072 1259 2148 ἀπαστράπτουσα
1305 2077 1422 2134 τοῖς
1479 2069 1778 2148 βασιλείοις
1835 2068 1914 2125 ἐν-

261 2166 404 2228 θέοις
463 2160 714 2219 κάλλεσι.
781 2160 878 2216 Καὶ
936 2163 1291 2239 φωσφορήσοι
1348 2157 1405 2215 δὲ
1457 2161 1519 2215 οὐ
1595 2160 1729 2214 κατᾶ
1788 2157 1915 2223 τοὺς

263 2253 361 2327 ὀψὶ
420 2249 667 2322 δύοντας,
702 2249 829 2306 ἀλλ’
862 2249 938 2312 εἲς
997 2248 1209 2318 ἄδυτον,
1254 2246 1403 2325 εἷ’περ
1455 2247 1594 2303 ἔστιν
1648 2245 1911 2318 εὔξασθαι.

259 2342 392 2412 Δοίη
426 2338 480 2395 δὶ
533 2340 662 2400 Θεὸς
719 2339 808 2394 καὶ
854 2340 947 2394 τὸν
993 2337 1154 2407 ἥλιον
1205 2342 1395 2392 τοῦτον
1435 2336 1610 2392 ἐλθεῖν
1658 2337 1732 2398 είς
1791 2335 1915 2390 ὅσον

263 2432 548 2504 μήκιστον,
581 2429 670 2483 καὶ
700 2429 763 2483 τὸ
802 2426 970 2483 καλὸν
1010 2430 1146 2500 ἡμῖν
1208 2426 1351 2482 οὕτω
1389 2424 1791 2494 πληθυνθῆναι,
1824 2423 1914 2478 καὶ

265 2521 369 2575 ὑπὸ
429 2518 566 2596 φωτὶ
626 2515 826 2592 διάγειν
888 2517 1236 2589 ἑκατέρωθεν,
1295 2516 1325 2569 ’ὀ
1389 2511 1660 2588 διαδοχὴν
1722 2509 1917 2567 οὔκουν

262 2609 446 2681 ἑτέραν
477 2604 617 2662 οἶδεν
650 2605 684 2674 ἢ
715 2607 814 2674 τὴν
847 2605 1279 2678 εὖτακτουμένην
1313 2603 1373 2658 ἐκ
1399 2603 1630 2681 φύσεως.

336 2779 436 2842 οϐ’.
469 2786 534 2839 Ὢ
562 2785 756 2861 τάφος,
785 2782 849 2838 τὸ
902 2789 1000 2852 τῆς
1053 2781 1262 2858 φύσεως
1316 2781 1626 2854 ἀπάνθισμα
1682 2777 1913 2852 κρύψας,

269 2871 402 2929 ὣτὸ
449 2876 549 2943 τῆς
598 2873 911 2951 φρονήσεως
956 2870 1166 2933 πλάτος
1223 2869 1528 2941 συστείλας,
1569 2868 1614 2923 ὣ
1663 2867 1914 2944 συγκλεί-

263 2982 358 3025 σας
413 2961 506 3017 τὸν
568 2959 902 3031 ἀεικίνητονί
939 2958 1038 3014 οὐκ
1092 2956 1202 3014 ἔδει
1258 2958 1517 3028 τοιαύτην
1562 2962 1642 3030 τῷ
1701 2954 1917 3032 βασιλεῖ

271 3050 773 3119 ἀποτελευτηθῆναι
832 3047 1007 3104 αὐτῶν
1072 3052 1292 3122 μακρῶν
1347 3048 1528 3102 πόνων
1579 3043 1913 3101 ἀνάπαυλαν.

263 3137 416 3198 Ἔδει
470 3139 601 3202 τοὺς
659 3137 902 3212 μακροὺς
950 3136 1228 3210 καμάτους
1285 3137 1562 3192 παύσαντα
1610 3135 1728 3191 καθ’
1781 3135 1913 3203 ἡσυ-

261 3229 388 3305 χίαν
449 3233 653 3302 μεῖναι,
707 3227 798 3281 καὶ
865 3226 991 3288 τοὺς
1062 3223 1293 3299 ἱδρῶτας
1360 3226 1762 3298 ἀποψήσασθαι,
1821 3221 1912 3278 καὶ

2028 634 2238 690 dentis:
2299 653 2546 691 summis
2603 637 2897 709 particeps
2956 641 3013 693 et
3071 639 3158 710 (ut
3210 640 3414 710 paucis
3465 639 3681 712 dicam)

2028 723 2147 795 regi
2183 729 2344 778 tanto
2377 724 2652 781 societate
2701 725 3277 794 convenientissima,
3328 729 3547 799 pariter
3579 730 3684 799 ju-

2029 811 2176 865 niori
2210 813 2402 867 adstat
2434 814 2792 885 imperatori,
2828 819 2884 869 et
2916 822 3124 870 cuncta
3157 816 3315 871 novit
3347 817 3562 888 quibus
3595 835 3683 873 re-

2027 899 2184 972 gitur
2213 902 2393 970 orbis,
2427 907 2546 969 tua,
2584 903 2780 959 fruens
2814 904 3200 959 instructionc
3231 910 3287 958 et
3317 904 3681 973 imitatione;

2026 994 2084 1046 et
2115 990 2465 1046 documenta
2527 993 2598 1047 ab
2658 993 2932 1063 operibus
2990 993 3293 1062 exhibens,
3353 1011 3469 1048 non
3503 995 3682 1050 habe-

2027 1082 2116 1134 ret
2147 1095 2260 1151 qua
2291 1097 2405 1136 non
2435 1079 2493 1135 in
2537 1080 2814 1136 omnibus
2867 1081 3085 1152 publici
3136 1081 3431 1136 commodi
3462 1081 3679 1138 lineam

2028 1168 2193 1239 sequi
2228 1173 2512 1241 pergeret.
2544 1171 2653 1224 Sed
2696 1187 2802 1226 nos
2851 1170 3117 1226 animum
3165 1171 3403 1241 quidem
3456 1171 3675 1242 regium

2025 1255 2320 1327 volumus,
2352 1262 2408 1312 et
2438 1259 2589 1314 bona
2612 1275 2742 1330 qua:
2767 1259 2903 1314 inde
2925 1259 3224 1331 proﬂuunt
3252 1277 3264 1315 :
3291 1263 3564 1332 cupimus
3587 1277 3681 1316 ve-

2025 1361 2090 1401 ro
2121 1345 2462 1403 bellatorem
2496 1349 2649 1402 sicut
2676 1352 2750 1415 te,
2776 1353 2895 1403 tam
2920 1349 3096 1404 fortes
3131 1366 3365 1415 manus,
3399 1350 3676 1404 martium

2024 1429 2084 1485 in
2119 1431 2346 1488 hostem
2377 1432 2629 1502 vultum,
2679 1434 2902 1490 virilem
2950 1433 3237 1505 impetum
3271 1438 3327 1489 ct
3370 1435 3676 1507 sanguinis

2025 1521 2396 1589 effusionem,
2429 1524 2600 1593 cujus
2631 1539 2870 1578 cursum
2905 1522 3092 1594 aperit
3140 1524 3357 1578 ferrum
3401 1522 3676 1579 manibus

2024 1609 2201 1680 regiis
2233 1610 2376 1665 scite
2408 1611 2716 1666 directum.

2095 1808 2183 1862 71.
2220 1807 2521 1874 Occidisti,
2552 1823 2584 1862 ο
2616 1808 2868 1864 maxime
2899 1824 2998 1863 rex
3029 1809 3135 1865 sol.
3162 1813 3226 1864 Et
3256 1825 3411 1864 nunc
3438 1809 3677 1880 quidem

2023 1893 2165 1951 luna
2196 1901 2298 1952 tua
2329 1896 2402 1951 iis
2433 1897 2534 1967 qui
2565 1901 2706 1952 sunt
2737 1914 2914 1967 super
2946 1902 3186 1962 terram,
3211 1897 3399 1951 lucem
3433 1897 3679 1969 spargit,

2026 1983 2194 2055 nigra
2225 1985 2466 2056 quidem
2529 1984 2815 2041 luctuosis
2873 1991 2932 2041 et
2993 1985 3477 2057 praefulgentibus
3518 1991 3680 2040 tene-

2023 2074 2169 2138 bris,
2202 2075 2486 2145 speciosis
2540 2091 2670 2129 vero
2723 2074 3033 2146 fulgurans
3084 2075 3432 2144 luminibus,
3489 2075 3680 2147 regias

2024 2162 2370 2233 divinasque
2424 2162 2700 2218 emittens
2774 2168 3154 2219 venustates.
3216 2164 3495 2218 (loruscet
3563 2179 3678 2218 non

2023 2253 2352 2306 secundum
2385 2257 2545 2306 astra
2575 2268 2701 2322 quae
2736 2269 2864 2307 sero
2893 2251 3190 2320 occidunt,
3226 2252 3324 2306 sed
3359 2268 3486 2322 quas
3519 2267 3682 2306 occa-

2024 2355 2157 2394 sum
2195 2341 2477 2408 nesciant,
2512 2339 2556 2393 si
2589 2340 2672 2395 sio
2706 2342 2929 2411 precari
2964 2341 3151 2395 liceat.
3187 2341 3290 2395 Det
3320 2340 3474 2395 Deus
3497 2346 3555 2395 et
3586 2357 3680 2395 so-

2024 2427 2137 2482 lem
2171 2429 2347 2483 istum
2383 2429 2437 2482 in
2475 2447 2652 2500 quam
2680 2429 3093 2500 longissimum
3120 2437 3352 2500 tempus
3381 2429 3678 2500 progredi,

2023 2517 2364 2588 bonumque
2396 2517 2564 2573 nobis
2597 2518 2680 2572 sic
2713 2517 3127 2590 multiplicare,
3157 2523 3213 2572 et
3234 2518 3343 2572 sub
3365 2517 3494 2572 luce
3522 2522 3681 2572 utra-

2025 2622 2138 2677 que
2169 2608 2491 2674 traducere,
2552 2608 2704 2677 quod
2766 2607 3200 2662 successionem
3262 2606 3435 2661 aliam
3497 2605 3683 2662 nescit

2025 2711 2201 2766 quam
2239 2702 2392 2751 recte
2418 2713 2451 2750 a
2482 2703 2694 2751 natura
2722 2695 3134 2766 compositam.

2093 2785 2186 2839 72.
2229 2784 2272 2838 Ο
2304 2783 2552 2845 tumule.
2579 2789 2799 2840 naturas
2827 2785 3028 2839 florem
3052 2782 3273 2852 celans,
3298 2801 3329 2838 ο
3352 2782 3678 2855 prudentiae

2023 2870 2396 2927 latitudinem
2413 2877 2814 2939 coarctans,eu
2826 2888 3000 2942 mque
3015 2873 3112 2943 qui
3130 2889 3362 2944 semper
3376 2872 3435 2927 in
3450 2871 3680 2928 actione

2023 2964 2150 3015 erat
2178 2961 2474 3017 condens:
2512 2977 2622 3015 non
2657 2961 2833 3016 talem
2867 2961 2984 3031 regi
3019 2961 3324 3032 oportebat
3365 2960 3674 3032 longorum

2023 3046 2292 3104 laborum
2327 3049 2584 3119 requiem
2619 3066 2684 3104 ac
2716 3050 2890 3103 ﬁnem
2918 3047 3183 3119 praeberi.
3221 3049 3441 3120 Longas
3468 3049 3675 3120 fatiga-

2023 3137 2213 3191 tiones
2245 3136 2659 3192 terminantem
2706 3136 3010 3207 oportebat
3038 3135 3096 3190 in
3122 3135 3554 3207 tranquillitate
3585 3151 3674 3190 re-

2025 3225 2338 3293 mansisse,
2387 3226 2633 3280 sudores
2679 3225 2942 3288 tersisse,
2990 3225 3170 3279 vitam
3219 3224 3538 3280 dulciorem
3571 3227 3674 3279 de-

263 3292 380 3394 βίον
437 3292 744 3371 διατελέσαι
804 3314 989 3390 ῥᾴονα,
1033 3292 1146 3370 εἶτα
1200 3316 1288 3369 καὶ
1350 3315 1424 3376 εἷς
1665 3312 1910 3390 ἔμφρονα

2031 3314 2198 3384 gisse,
2224 3315 2434 3369 deinde
2456 3315 2512 3368 in
2537 3314 2775 3384 sapiens
2797 3314 3260 3384 aegritudineque
3282 3313 3441 3367 omni
3462 3329 3673 3368 vacans

263 3405 546 3483 ῥᾳστώνην
579 3425 669 3458 και
711 3401 919 3458 ἄλυπδν
970 3403 1384 3475 μετατάξασθαι.
1421 3405 1481 3460 Ὁ
1531 3401 1589 3457 δὲ
1631 3401 1758 3476 χθές
1807 3421 1913 3454 που

258 3495 330 3550 τὰ
374 3491 620 3566 πολέμια
666 3491 1107 3567 παγκρατιάζων,
1154 3494 1244 3547 καὶ
1297 3496 1552 3546 τοσοῦτον
1601 3491 1802 3555 ἀνεθεὶς
1834 3489 1914 3567 ἐφ’

264 3583 389 3639 ὅσον
439 3582 898 3659 στεφανώσασθαι,
947 3581 1122 3658 ἀφῆκε
1179 3581 1273 3654 μὶν
1318 3583 1413 3643 τὰς
1462 3581 1584 3655 περὶ
1618 3587 1720 3654 γῆν
1756 3599 1913 3654 στρα-

263 3672 381 3734 τιὰς
410 3671 501 3726 καὶ
533 3668 810 3744 δυνάμεις,
842 3674 948 3725 τῶν
977 3667 1034 3725 δὲ
1065 3670 1322 3725 ἀνωτάτω
1353 3670 1592 3745 γέγονεν.

335 3851 432 3926 ογ’.
465 3850 524 3904 Ὠ
583 3846 835 3924 κράτιστε
892 3847 1208 3924 βασιλεῦ,ὧ
1256 3848 1516 3905 κάλλιπε
1567 3849 1660 3922 μὲν
1711 3868 1918 3924 προφα-

261 3946 439 4009 νῆναι,
499 3939 684 4016 ἄριστε
741 3935 797 3992 δὲ
856 3939 1076 4014 πρᾶξαι,
1132 3937 1302 3994 εἰπεῖν
1359 3936 1416 3994 δὲ
1472 3935 1694 4008 ἥδιστεο
1746 3938 1797 3992 τί
1847 3936 1912 4008 δή

260 4048 395 4083 ποτε
449 4026 924 4102 ἀποκρυψάμενος,
976 4029 1201 4080 τοιαῦτα
1264 4026 1406 4082 καλὰ
1467 4029 1911 4100 ωναπὲκρυψας;

263 4117 470 4178 Σεπτὸς
528 4116 556 4170 ὁ
614 4116 749 4170 κατά
806 4115 864 4168 σὶ
918 4113 1107 4189 τάφος,
1166 4119 1417 4168 τοιοῦτον
1480 4113 1585 4168 ἔσω
1661 4113 1912 4189 κρύπτων

259 4203 450 4282 ἄνδρα,
509 4205 570 4259 οὗ
631 4201 772 4276 μηδὲ
825 4207 930 4264 πᾶς
980 4203 1336 4274 ὁκαθ’ἡμᾶς
1392 4202 1596 4276 κόσμος
1653 4204 1912 4275 ἀντάξιος.

263 4293 464 4370 Πικρὸς
498 4294 526 4348 ὁ
550 4295 721 4367 τάφος
782 4292 962 4362 οὗτος,
993 4291 1254 4357 τοιαύτην
1315 4291 1604 4366 ἀπαγαγὼν
1664 4290 1716 4361 ἐξ
1756 4291 1918 4345 ἁπάν-

259 4405 367 4438 των
408 4380 744 4458 γλυκύτητα.
777 4379 917 4450 ’Ήδη
949 4400 1031 4442 τις
1084 4377 1209 4434 ἰδὼν
1246 4381 1319 4442 ὡς
1369 4379 1458 4434 ἐπὶ
1499 4375 1734 4454 σίμϐλον
1787 4377 1908 4456 δρα-

263 4478 450 4546 μεῖται
505 4476 721 4544 τοῦτον,
765 4471 1053 4546 τρυγήσων
1106 4474 1204 4524 τοῦ
1259 4467 1412 4525 ἔνδον
1472 4469 1720 4544 μέλιτος⁶
1786 4470 1914 4525 ἀπε-

259 4563 507 4620 λεύσεται
540 4559 598 4616 δὲ
627 4559 808 4636 χολὴν
860 4558 1090 4631 σπάσας,
1121 4559 1338 4635 πικρίας
1374 4560 1462 4614 καὶ
1510 4559 1750 4633 θλίψεως
1799 4560 1914 4614 κέν-

2025 3403 2208 3456 otium
2263 3408 2549 3458 mutatam
2610 3410 2824 3457 sortem
2884 3411 3173 3470 gustasse.
3228 3403 3336 3468 Qui
3395 3418 3527 3457 vero
3568 3403 3674 3458 be-

2025 3491 2072 3544 ri
2107 3491 2348 3546 forsitan
2380 3509 2409 3546 e
2439 3491 2607 3545 bellis
2636 3493 2819 3545 victor
2855 3491 3205 3562 procedebat
3235 3499 3290 3545 et
3323 3496 3550 3546 tantum
3582 3507 3675 3545 re-
3729 3481 3739 3489 ’

2025 3579 2336 3635 laxationis
2393 3581 2744 3648 obtinuerat,
2804 3587 3090 3651 quantum
3143 3579 3407 3634 coronari
3462 3580 3675 3650 dignus

2027 3677 2181 3726 esset
2198 3676 2503 3726 terrestres
2518 3671 2755 3742 quidem
2771 3670 3057 3726 exercitus
3075 3676 3508 3742 potestatesque
3522 3671 3681 3726 dere-

2025 3758 2219 3831 liquit,
2254 3777 2543 3831 supernas
2572 3775 2706 3815 vero
2737 3762 2985 3831 adeptus
3016 3766 3126 3814 est.

2096 3850 2184 3903 73.
2217 3849 2260 3904 0
2290 3849 2654 3904 validissime
2687 3865 2806 3916 rex,
2853 3866 2884 3904 ο
2936 3850 3256 3919 procellens
3305 3850 3545 3921 quidem
3578 3850 3680 3916 qui

2025 3955 2292 4010 appares,
2329 3940 2549 4011 optime
2579 3940 2679 4010 qui
2712 3941 2862 4010 agis,
2896 3940 3086 3994 dicam
3109 3943 3284 3995 etiam
3308 3940 3679 4011 jucundissi-

2025 4044 2136 4089 me,
2170 4045 2274 4082 cur
2318 4029 2702 4083 absconditus
2751 4033 2914 4082 tanta
2967 4028 3118 4082 bona
3167 4029 3533 4084 recondisti?
3572 4029 3678 4084 Ve-

2024 4118 2322 4171 nerandus
2354 4116 2626 4171 tumulus
2657 4123 2886 4171 tantum
2919 4115 3083 4171 intus
3118 4123 3318 4188 tegens
3351 4119 3560 4186 virum,
3585 4119 3678 4173 cui

2025 4222 2130 4260 nec
2160 4206 2353 4261 omnis
2388 4211 2672 4260 terrarum
2724 4205 2884 4260 orbis
2934 4206 3394 4277 aaquiparabilis.
3428 4210 3681 4262 Amarus

2024 4294 2292 4350 tumulus
2325 4295 2437 4350 iste
2467 4293 2643 4348 talem
2678 4294 2751 4348 ab
2783 4294 3058 4348 omnibus
3105 4298 3377 4350 auferens
3421 4295 3682 4350 dulcedi-

2027 4399 2182 4438 nem.
2213 4387 2344 4437 Jam
2379 4382 2578 4438 videns
2611 4381 2826 4453 aliquis
2875 4384 3044 4454 quasi
3078 4385 3148 4438 ad
3205 4383 3430 4438 alveum
3464 4388 3681 4452 curret,

2025 4472 2323 4528 internum
2357 4470 2471 4527 mel
2503 4470 2894 4538 collecturus;
2929 4472 3141 4527 hausto
3172 4489 3304 4528 vero
3329 4473 3497 4528 taedio
3531 4473 3684 4528 redi~

2027 4562 2112 4617 bit
2141 4560 2553 4617 amaritudinis
2587 4565 2643 4614 et
2669 4559 3002 4616 afﬂictionis
3062 4561 3264 4617 aculeo
3297 4568 3550 4634 punctus
3585 4581 3597 4630 ;
3632 4567 3689 4617 et

257 4674 372 4728 τρῳ
430 4650 623 4726 νυγείς·
683 4648 776 4704 καὶ
834 4651 1132 4724 ψωμιεῖται
1188 4648 1408 4724 ὸάκρυα.
1443 4655 1573 4712 Τοῖς
1631 4647 1676 4704 δ’
1727 4649 1913 4709 αὐτοῖς

2031 4651 2313 4723 lacrymas
2344 4649 2585 4722 potabit.
2638 4649 2938 4718 Lacrymis
2988 4651 3118 4705 istis
3151 4667 3265 4706 non
3317 4651 3374 4705 in
3412 4667 3689 4706 mensura

259 4741 363 4796 οὐκ
407 4738 459 4795 ἐν
519 4740 703 4814 μέτρῳ
752 4737 842 4793 καὶ
893 4743 1076 4792 ποτιεῖ
1120 4736 1325 4793 ἑαυτόν.
1359 4744 1420 4792 Ὠ
1453 4737 1608 4802 λίθος
1635 4739 1792 4802 οὗτος
1819 4737 1913 4792 τά·

259 4851 390 4908 φου,
419 4829 511 4885 τὸν
535 4821 849 4903 παντάρϐην
879 4823 985 4882 ἔσω
1012 4823 1165 4889 λίθον
1194 4829 1573 4901 κρυψάμενοςί

336 5023 434 5083 οδ’.
465 5029 563 5081 Ἦν
619 5025 723 5101 γὰρ
775 5020 995 5090 ἀληθῶς
1043 5027 1162 5084 τοῖς
1209 5022 1429 5099 ἐχθροῖς
1460 5025 1754 5100 συντρέχον
1787 5021 1920 5080 ἷδιῖν

262 5116 377 5188 ἅμα
403 5120 625 5181 τοῦτον,
656 5113 745 5168 καὶ
771 5107 1064 5187 ταρϐῆσαι,
1095 5111 1184 5166 καὶ
1232 5112 1528 5188 τραπέσθαι
1588 5113 1662 5175 είς
1721 5116 1918 5192 φυγὴν,

265 5203 559 5279 ἐφιεμένην
617 5203 700 5257 ἀεὶ
758 5202 866 5256 τῶν
925 5199 1262 5276 ἔμπροσθεν’
1315 5202 1359 5256 εί
1419 5200 1476 5257 δὲ
1529 5204 1620 5258 καὶ
1678 5205 1918 5276 πίπτειν,

263 5291 414 5349 ἀλλὰ
471 5293 632 5349 τοῦτο
686 5290 875 5366 χειρὸς
933 5287 1223 5364 βασιλικῆς
1273 5287 1450 5368 ἔργον,
1486 5289 1920 5366 δρυοτομούσης,

263 5384 340 5444 ὡς
392 5381 443 5436 έν
497 5381 697 5452 ἀξίναις
740 5378 994 5454 λόχμην,
1025 5378 1087 5432 τὸ
1129 5383 1230 5448 τῆς
1283 5375 1619 5456 βαρϐαρικῆς
1671 5386 1922 5458 στρατιᾶς

263 5470 318 5527 έν
371 5470 672 5542 πυκνότητι
732 5468 944 5524 λάσιον·
981 5467 1032 5522 οἳ
1080 5466 1169 5521 καὶ
1223 5468 1403 5544 βραχύ
1449 5492 1502 5525 τι
1555 5471 1925 5548 ἀναψύχοντες

265 5559 491 5622 ἑαυτοὺς
541 5561 684 5634 ἄρτι,
717 5557 806 5613 καὶ
873 5553 1092 5632 βουλῶν
1141 5557 1232 5610 καὶ
1288 5560 1611 5633 τραυμάτων
1664 5560 1925 5632 ἀπηλλα-

266 5649 488 5724 γμένοι,
521 5649 594 5702 ὧν
647 5647 724 5708 εἷς
788 5648 952 5724 βάθος
985 5644 1328 5715 ἐντετηκυίας
1364 5649 1459 5712 τὰς
1507 5647 1677 5712 οὐλὰς
1735 5650 1926 5728 φέρουο

270 5758 380 5814 σιν,
407 5738 561 5812 ὅμως
595 5733 709 5793 οὔτι
739 5757 845 5792 που
886 5733 976 5791 διὰ
1020 5731 1215 5797 τέλους
1267 5736 1541 5814 χαίρουσι.
1574 5745 1922 5816 Παραιρεῖται

2025 4743 2228 4810 potum
2262 4747 2447 4794 suum
2487 4737 2718 4792 miscet.
2753 4736 2798 4791 Ο
2857 4737 3071 4791 tumuli
3121 4748 3320 4794 sancte
3379 4737 3550 4808 lapis,
3588 4738 3686 4808 qui

2027 4827 2186 4883 intus
2214 4826 2470 4899 lapidem
2494 4824 2880 4895 sanctionem,
2905 4825 3182 4881 omnibus
3206 4826 3578 4883 formidinem
3601 4825 3689 4882 af-

2027 4917 2307 4973 ferentem
2339 4915 2606 4970 recondis
2631 4915 2642 4969 l

2094 5024 2188 5078 74.
2218 5022 2365 5078 Vere
2394 5021 2552 5078 enim
2583 5019 2644 5074 in
2678 5018 2883 5076 hostes
2941 5025 3270 5077 currentem
3322 5021 3499 5078 simul
3529 5021 3690 5077 vide-

2029 5130 2090 5168 re
2119 5129 2254 5167 eum
2286 5115 2539 5183 poteras,
2572 5114 2629 5163 et
2660 5109 2966 5165 confestim
2992 5110 3351 5179 timuisse,et
3377 5127 3692 5167 conversos

2028 5202 2088 5257 in
2125 5203 2318 5272 fngam
2353 5201 2534 5256 fuisse
2567 5213 2801 5268 semper
2831 5199 2900 5252 ad
2935 5215 3034 5254 eos
3066 5201 3164 5271 qui
3208 5201 3266 5255 in
3301 5201 3490 5256 fronte
3521 5204 3692 5255 erant

2031 5292 2388 5346 tendentem.
2419 5288 2477 5343 Si
2501 5303 2636 5341 vero
2667 5286 2844 5340 etiam
2873 5289 3280 5356 caderet,illud
3306 5305 3519 5344 manus
3541 5305 3692 5359 opus

2032 5383 2157 5436 erat
2184 5379 2374 5451 regie,
2410 5391 2660 5448 quercus
2688 5374 2964 5443 secantis,
2989 5376 3139 5432 sicut
3161 5378 3218 5432 in
3241 5377 3548 5433 securibus
3571 5376 3690 5449 syl-

2034 5487 2180 5537 vam,
2207 5465 2493 5524 barbarici
2519 5463 2806 5518 exercitus
2829 5464 3076 5520 densa-ta
3102 5467 3336 5536 agmina
3355 5466 3687 5533 hominum,

2034 5563 2133 5630 qui
2168 5558 2474 5633 paululum
2507 5558 2578 5611 de
2602 5572 2748 5610 novo
2772 5555 3015 5611 animati
3047 5564 3103 5612 et
3125 5558 3390 5613 consiliis
3410 5558 3692 5614 immuta-

2034 5654 2109 5708 tis
2141 5649 2603 5719 vulneribusque
2635 5662 2885 5718 quorum
2918 5645 2975 5701 in
3032 5650 3392 5720 profundum
3424 5649 3575 5705 altas
3606 5651 3692 5704 ci-

2036 5743 2281 5800 natrices
2315 5741 2570 5814 gestant,
2603 5735 2878 5793 similiter
2923 5736 3259 5795 nullatenus
3299 5755 3487 5812 usque
3517 5741 3587 5796 ad
3623 5739 3688 5794 ﬁ-
