4066 6368
440 443 595 503 1037

1207 438 1626 501 EUSTATHll
1669 436 2434 500 THESSALONIGENSIS
2479 440 3064 504 METROPOLI’I‘E

3673 450 3802 511 1028

435 593 568 631 nem
589 577 864 647 gaudent.
887 575 972 630 Ab
991 575 1136 646 ipsis
1160 575 1349 630 aufert
1373 571 1784 628 exsultationis
1803 569 2061 628 elatione:

2199 566 2246 624 δ’
2277 570 2461 634 αὐτοῖς
2507 574 2575 628 τά
2620 578 2717 628 τοῦ
2758 576 3046 650 χάρματος
3095 576 3156 631 τὸ
3195 575 3340 633 πολῦ
3399 577 3487 633 καὶ
3541 577 3800 646 ἐκπλῆττον

435 687 650 741 magna
675 669 933 724 turbatio
965 685 1032 722 ex
1077 667 1421 722 admirando
1470 670 1682 722 eventu
1718 665 2089 737 proveniens,

434 759 625 814 adhuc
657 763 711 813 et
742 756 1040 828 archetypi
1092 757 1389 809 discessus
1423 756 1492 809 ad
1536 755 1709 825 cujus
1757 755 1945 809 instar
1972 753 2084 824 ipsi

433 848 786 902 ethnarchas
806 848 902 918 qui
919 847 1069 917 apud
1087 844 1215 898 illos
1235 848 1372 898 sunt
1387 843 1624 914 depingi
1637 843 1929 898 volebant.
1955 842 2088 897 Sin-

431 937 587 1008 gulis
616 935 829 1006 placuit
872 933 1175 988 sententiis
1228 934 1334 986 uti.
1386 934 1644 997 Quarum
1697 932 1922 1002 optima
1953 930 2083 996 fuit,

431 1025 666 1096 quod,si
696 1028 898 1077 tantus
927 1021 1074 1093 ipsis
1104 1022 1434 1092 praefuisset
1456 1021 1716 1087 dux,non
1743 1024 1909 1074 tanta
1933 1019 2087 1073 mala

428 1115 584 1187 passi
615 1117 827 1178 essent,
861 1128 1035 1166 omne
1066 1110 1332 1181 praelium
1366 1109 1612 1165 victores
1643 1108 2086 1165 commisissent

426 1209 482 1260 et
512 1204 694 1259 armis
725 1201 920 1257 invicti
956 1200 1226 1256 recensiti
1264 1199 1532 1255 fuissent.
1567 1200 1715 1254 Nam
1749 1198 2082 1253 considera-

424 1293 567 1348 bant
595 1292 889 1363 quomodo
923 1306 1036 1344 non
1072 1289 1346 1344 manibus
1392 1305 1637 1358 parcens
1678 1288 1998 1359 imperator
2026 1290 2083 1341 et

423 1381 481 1435 in
502 1379 790 1436 incuriam
815 1378 1093 1450 delapsus
1117 1393 1237 1432 rem
1265 1376 1563 1447 publicam
1594 1375 2077 1441 administrabat;

422 1469 769 1541 plerumque
799 1471 993 1521 autem
1029 1465 1305 1536 periculis
1335 1481 1398 1520 se
1449 1465 1755 1534 objiciens,
1793 1481 2076 1518 manuum

419 1558 780 1612 validitatem
817 1559 1152 1610 monstrans
1185 1559 1242 1607 et
1294 1553 1671 1607 victoriarum
1705 1553 1901 1606 socius
1934 1569 2075 1622 pras-

421 1647 655 1704 eellens.
690 1644 843 1700 Sane
874 1659 1024 1712 smpe
1054 1641 1240 1696 voluit
1273 1640 1404 1694 belli
1453 1657 1516 1695 os
1548 1645 1604 1694 et
1652 1639 1762 1710 ipsi
1821 1641 1888 1693 ad
1928 1657 2077 1695 mor-

419 1743 536 1793 tem
569 1735 767 1801 hiare;
818 1738 875 1787 et
929 1732 986 1784 in
1049 1746 1115 1785 eo
1175 1747 1409 1800 quoque
1467 1729 1826 1800 experientia
1877 1729 2077 1784 docuit

419 1826 572 1898 quod
604 1823 740 1879 belli
773 1822 1006 1876 fortuna
1037 1837 1066 1875 e
1108 1820 1247 1873 viris
1302 1819 1594 1889 Optimum
1647 1834 1881 1889 semper
1910 1819 2075 1889 eligit

2194 666 2291 714 τοῦ
2351 661 2643 734 θαύματος,
2701 663 2926 739 προσέτι
2989 666 3097 736 μὴν
3154 665 3242 719 καὶ
3293 667 3327 735 ἡ
3385 670 3482 721 τοῦ
3535 668 3800 743 ἀρχετύπου

2199 749 2505 819 ἀπέλευσις,
2567 752 2703 825 πρὸς
2763 752 2894 826 ὅπερ
2955 753 3111 808 αὐτοὶ
3167 754 3294 816 τοὺς
3349 753 3399 809 ἐν
3455 755 3620 830 σφίσιν
3648 758 3801 822 αὐτοῖς

2195 837 2463 913 ἐθνάρχας
2517 838 2716 908 ἤθελον
2770 843 3089 916 γράφεσθαι.
3152 845 3378 918 Ἠρεσκε
3440 845 3538 920 γὰρ
3593 846 3799 910 ἑκάστοις

2194 927 2582 1002 γνωματεύειν.
2618 929 2720 986 Καὶ
2761 929 2945 991 καλῶς
3002 930 3106 1006 ἄρα
3165 933 3280 1007 εἶχε
3332 933 3394 987 τὸ
3453 936 3795 1008 γνωμάτευμα,

2194 1017 2287 1084 ὡς,
2346 1017 2494 1092 εἷ’περ
2541 1023 2792 1080 τοιοῦτος
2841 1018 3028 1082 αὐτοῖς
3079 1019 3326 1097 ἐφίστατο
3379 1025 3682 1096 στρατηγὸς,
3722 1025 3798 1079 οὐκ

2193 1105 2252 1158 ἂν
2305 1101 2543 1181 ἔπασχον
2605 1106 2748 1161 οὕτω
2797 1107 2865 1161 τὰ
2922 1105 3203 1163 πάνδεινα·
3227 1113 3400 1163 πᾶσαν
3433 1107 3490 1164 δὲ
3531 1109 3587 1164 ἂν
3643 1113 3795 1188 μάχην

2193 1193 2471 1268 ἐκράτουν,
2501 1195 2590 1250 καὶ
2641 1197 2704 1250 τὸ
2752 1195 3022 1267 ἀήττητον
3083 1196 3471 1276 ἐπεγράφοντο.
3524 1205 3799 1256 Συνενοοῦν·

2188 1304 2250 1338 το
2299 1284 2422 1360 γὰρ,
2457 1285 2532 1347 ὡς
2585 1285 2648 1340 οὗ
2707 1282 3017 1340 συστέλλων
3061 1286 3089 1340 ὁ
3119 1286 3470 1364 αὐτοκράτωρ
3526 1288 3600 1344 τὼ
3652 1295 3795 1364 χεῖρε,

2187 1374 2274 1427 καὶ
2332 1372 2409 1435 εἷς
2463 1375 2526 1428 τὸ
2585 1375 2872 1450 ἀπρᾶγμον
2933 1373 3247 1442 καταλύων,
3308 1374 3558 1449 διῳκεῖτο
3621 1379 3682 1432 τὰ
3719 1387 3796 1448 τῆς

2189 1463 2385 1537 ἀρχῆς·
2418 1464 2486 1517 τὰ
2514 1462 2691 1519 πλείω
2751 1461 2808 1517 δὲ
2858 1461 3132 1527 κινδύνοις
3164 1463 3500 1539 ἐπιτολμῶν,
3530 1466 3616 1521 καί
3669 1469 3796 1543 βρια-

2188 1549 2393 1625 ρότητα
2448 1550 2759 1630 προφαίνων
2817 1555 3045 1625 χειρῶν,
3075 1552 3165 1606 καὶ
3223 1551 3397 1614 νίκαις
3437 1555 3798 1628 παρασπιζόμε-

2184 1659 2295 1700 νος.
2329 1639 2426 1693 Καὶ
2463 1641 2570 1712 μὴν
2599 1638 2765 1705 ἤθελε
2796 1637 3072 1701 πολλάκις
3098 1641 3160 1694 τὸ
3203 1645 3302 1696 τοῦ
3355 1640 3602 1715 πολέμου
3655 1643 3796 1717 στόμα

2185 1727 2430 1803 ἐγχανεῖν
2489 1729 2581 1784 καὶ
2633 1729 2779 1801 αὐτῷ
2852 1729 2989 1802 πρὸς
3048 1732 3272 1793 θάνατον
3306 1750 3320 1764 ο
3380 1732 3471 1785 καὶ
3526 1730 3794 1810 φιλόνεικος

2181 1817 2273 1885 ἦν,
2335 1816 2702 1887 ἐπαληθεῦσαι
2755 1817 3046 1883 κάνταῦθα,
3103 1819 3178 1882 ὡς
3236 1816 3339 1895 ἄρα
3393 1822 3421 1874 ὁ
3479 1819 3709 1892 πόλεμος
3757 1821 3794 1874 ἐν

419 1920 475 1971 et
533 1914 738 1968 aufert.
800 1909 1061 1965 Pericula
1110 1924 1245 1980 ergo
1302 1907 1361 1961 in
1422 1908 1635 1973 fluviis,
1702 1907 1958 1977 pericula
2010 1908 2061 1963 in

2181 1903 2402 1980 ἀνδράσι
2432 1907 2495 1962 τὸ
2525 1912 2768 1982 κρεῖττον
2804 1907 2884 1961 ἀεὶ
2944 1905 3240 1982 ἐπιλέγδην
3301 1909 3555 1984 αἱρεῖται.
3587 1908 3794 1964 Κίνδυνοι

417 2005 551 2069 viis,
586 2002 843 2074 pericula
874 2001 929 2053 in
965 1998 1218 2062 insidiis,
1253 1997 1311 2051 in
1348 2002 1615 2052 conserto
1647 1996 1843 2068 praelio
1876 1997 2066 2069 plura,

417 2114 533 2152 non
568 2109 753 2166 pauca
784 2093 841 2147 in
876 2089 1308 2158 obsidionibus,
1341 2093 1406 2142 ut
1431 2105 1544 2142 uno
1567 2089 1743 2142 verbo
1776 2089 2066 2159 dicamus,

416 2183 808 2257 periculorum
866 2181 1064 2235 decem
1127 2178 1331 2244 millia,
1395 2193 1640 2248 quorum
1703 2179 1903 2232 eadem
1935 2177 2068 2232 ﬁnis

417 2291 577 2330 mors
613 2276 722 2329 est.

487 2381 578 2435 75.
613 2379 755 2433 Cum
787 2391 1012 2446 aequum
1044 2391 1157 2428 non
1191 2373 1271 2429 sit
1299 2371 1400 2427 tali
1434 2375 1642 2426 natura
1684 2369 1920 2443 gloriari
1951 2373 2068 2427 fer-

418 2487 571 2537 rum,
595 2485 712 2524 non
735 2465 1014 2522 cecidisse
1035 2462 1324 2535 sanguine
1341 2461 1916 2530 imbutum,multum
1939 2461 2071 2517 alie-

419 2574 631 2616 norum
663 2570 929 2612 cruorem
962 2553 1377 2617 efi'undens,ne
1407 2550 1796 2605 Barbarorum
1830 2550 1965 2621 quis
1996 2551 2067 2606 de

417 2665 564 2705 novo
612 2661 788 2717 opera
837 2643 958 2697 haec
1010 2640 1130 2695 fieri
1183 2639 1470 2705 irrideret,
1523 2641 1844 2694 secundum
1895 2643 2064 2695 natu-

413 2754 540 2793 ram
571 2733 748 2799 cadit,
782 2730 1001 2786 nemini
1033 2727 1296 2784 omnium
1336 2729 1615 2782 adversus
1651 2745 1712 2783 se
1763 2729 1910 2783 dans
1941 2728 2062 2799 glo-

413 2825 556 2880 riam
611 2819 875 2894 perpetui
927 2816 1233 2888 triumphi,
1289 2820 1344 2871 et
1374 2817 1589 2871 dormit
1646 2814 1886 2888 longum
1934 2818 2063 2888 qui-

414 2915 570 2980 dem,
605 2910 706 2966 sed
740 2908 894 2963 unde
944 2905 1275 2978 evigilatur,
1322 2921 1597 2960 somnum
1626 2922 1638 2971 ;
1671 2905 1790 2959 vita
1821 2906 2060 2976 quidem

413 3017 600 3074 nuper
629 2999 829 3069 elapsa
854 2995 1128 3068 insignis,
1152 2993 1440 3065 insignior
1463 2992 1657 3049 adhuc
1684 3010 2061 3050 consumma-

410 3094 590 3158 tione,
623 3089 761 3161 quia
807 3087 989 3142 vitam
1039 3086 1098 3139 in
1156 3100 1338 3154 regno
1395 3083 1718 3150 collocavit,
1767 3085 1939 3156 cujus
1972 3087 2060 3140 fu-

411 3185 616 3239 nestus
648 3177 856 3234 fuisset
885 3191 1001 3231 non
1033 3190 1138 3246 par
1165 3173 1379 3229 exitus.

475 3361 566 3414 76.
600 3357 741 3423 Quis
767 3371 900 3410 vero
930 3370 1046 3408 non
1077 3351 1155 3407 ibi
1191 3351 1526 3406 mirandum
1559 3351 1773 3406 habeat
1815 3352 1971 3422 quod
2000 3356 2058 3408 et

406 3449 586 3502 vitam
610 3446 735 3516 jam
765 3441 1010 3497 metiens
1043 3455 1144 3510 pro
1176 3438 1350 3493 morti
1385 3439 1616 3492 addicta
1660 3443 1888 3505 natura,
1921 3439 2057 3494 licet

408 3539 637 3592 tantum
667 3532 858 3587 virum
892 3529 1017 3602 lege
1048 3527 1276 3599 alligari
1327 3543 1440 3581 non
1490 3527 1833 3597 oportuerit,
1863 3534 1920 3582 et
1953 3544 2054 3598 pro

407 3640 664 3697 superna
679 3619 980 3676 vocatione
1001 3616 1346 3672 divisionem
1372 3614 1912 3687 patiens,siquidem
1928 3633 2053 3672 cor-

405 3729 518 3785 pus
547 3727 647 3783 pro
689 3714 900 3762 natura
931 3721 1035 3760 sua
1087 3707 1256 3758 terrae
1293 3706 1383 3758 est
1437 3703 1822 3770 reddendum,
1856 3703 2055 3760 anima

404 3816 541 3857 vero
598 3797 667 3853 ad
729 3794 1090 3851 Altissimum
1169 3790 1485 3846 ascendere
1543 3790 1752 3857 debet,
1811 3792 2054 3848 timebat

405 3905 478 3944 ne
505 3903 620 3942 non
678 3884 907 3955 egregie
950 3899 983 3935 a
1039 3880 1155 3934 vita
1211 3879 1551 3947 solveretur,
1610 3885 1667 3933 et
1724 3880 1883 3934 nein
1937 3881 2053 3936 {ine

401 3975 517 4031 vile
545 3973 686 4046 quid
716 3977 773 4028 et
805 3969 1227 4042 praeteritorum
1260 3969 1451 4039 impar
1509 3968 1562 4021 in
1600 3983 1664 4022 se
1696 3984 1807 4022 non
1839 3970 2051 4024 admit-

400 4069 570 4121 teret.
604 4065 896 4118 lmmensa
952 4058 1133 4130 igitur
1189 4056 1424 4128 quidem
1479 4055 1634 4111 lucta
1677 4056 1871 4113 omnis
1918 4075 2051 4129 pro-

403 4154 748 4215 ducebatur,
782 4148 928 4204 nihil
960 4164 1092 4203 vero
1143 4145 1297 4200 aliud
1333 4144 1487 4199 inter
1530 4145 1730 4199 omnia
1759 4147 1830 4200 ad
1863 4149 2050 4217 majo-

402 4258 525 4299 rem
581 4242 842 4296 laborem
898 4237 1162 4308 urgebat.
1223 4237 1425 4305 ltaque
1485 4233 1709 4290 belluas
1759 4237 2052 4305 juveniles

402 4330 738 4404 prostravit,
763 4326 1028 4382 Herculis
1051 4325 1230 4380 decus
1253 4323 1418 4392 illud,
1443 4323 1633 4394 lepido
1670 4325 1905 4378 nomine
1928 4325 2049 4381 luc-

404 4425 521 4475 tam
579 4418 740 4474 illam
801 4415 1117 4487 designans
1177 4415 1327 4468 sicut
1384 4412 1444 4467 in
1476 4411 1782 4468 exercitiis.
1848 4415 2050 4469 Immi-

402 4513 544 4566 nuto
610 4523 742 4563 vero
813 4506 1020 4576 pedum
1089 4503 1325 4574 vigore,
1401 4501 1613 4556 iterum
1683 4501 1802 4556 hac
1871 4503 2048 4558 inter-

398 4596 607 4671 positis
640 4594 1043 4667 frequentibus
1074 4591 1400 4647 intervallis
1449 4593 1675 4662 agebat.
1710 4593 1776 4646 Et
1810 4596 2049 4649 morbus

398 4685 635 4758 quidem
669 4684 740 4739 ad
772 4681 1090 4753 tranquille
1120 4681 1444 4735 sistendum
1479 4679 1800 4749 incitabat;
1836 4698 2049 4736 manus

2179 1999 2306 2069 γοῦν
2358 1995 2410 2049 ἐν
2460 2002 2753 2068 ποταμοῖς,
2797 1993 3037 2051 κίνδυνοι
3089 1995 3141 2050 ἐν
3199 1995 3440 2076 ἐφόδοις,
3489 1995 3708 2052 κίνδυνοι
3755 1998 3794 2052 ἐν

2184 2084 2404 2158 Λόχοις,
2434 2083 2684 2146 πλείονες
2715 2085 2768 2138 ἐν
2807 2082 2998 2155 σταδίᾳ
3050 2086 3226 2161 μάχῃ,
3262 2086 3363 2140 οὐκ
3409 2086 3586 2161 ὀλίγοι
3632 2086 3679 2141 ἐν
3715 2107 3794 2142 πο-

2183 2171 2494 2247 λιορκίαις⁶
2546 2174 2636 2228 καὶ
2697 2174 2771 2236 ὡς
2829 2173 2879 2228 ἐν
2949 2174 3247 2250 συναιρέσει
3317 2175 3500 2253 φάναι,
3556 2179 3793 2251 μυριαχοῦ

2179 2259 2441 2328 κίνδυνοι,
2475 2261 2551 2326 εἷς
2572 2262 2626 2317 ’ὲν
2655 2267 2736 2334 τῷ
2763 2262 2972 2335 Θανάτῳ
3003 2267 3354 2340 φρονοῦντες.

2251 2371 2340 2427 σε’.
2377 2370 2524 2424 Ἐπεὶ
2584 2368 2642 2424 δὲ
2699 2371 2800 2424 οὐκ
2857 2368 3054 2444 ἔπρεπε
3111 2370 3372 2442 τοιαύτης
3418 2369 3621 2450 φύσεως
3666 2393 3793 2426 κατα-

2177 2462 2555 2537 καυχήσασθαι
2617 2459 2862 2537 σίδηρον,
2899 2459 3040 2535 μηδέ
3094 2467 3273 2516 πεσεῖν
3325 2461 3520 2537 α⁹ίματι
3551 2466 3791 2542 πεφυρμέο

2176 2572 2265 2606 νον
2324 2552 2414 2606 τὸν
2475 2549 2661 2606 πολλὰ
2698 2556 2806 2606 τῶν
2841 2549 3173 2628 ἀλλοφύλων
3208 2551 3437 2628 χέαιτα,
3464 2552 3553 2609 ’ἱνα
3604 2561 3674 2628 μή
3721 2553 3788 2609 καὶ

2173 2663 2255 2703 τις
2285 2646 2393 2696 τῶν
2443 2636 2730 2716 βαρϐάρων
2776 2638 2896 2716 ἄρτι
2942 2641 3009 2694 τά
3053 2638 3180 2717 ἔργα
3222 2640 3352 2697 τάδε
3389 2644 3628 2718 γενέσθαι
3677 2644 3786 2698 σκώ-

2175 2734 2311 2804 ψειε,
2343 2729 2529 2784 πίπτει
2589 2730 2726 2784 κατὰ
2782 2730 2956 2806 φύσιν,
2993 2727 3184 2802 μηδενὶ
3237 2735 3344 2785 τῶν
3403 2732 3646 2788 ἀπάντων
3697 2733 3787 2787 κατ’

2173 2819 2336 2874 αὐτοῦ
2392 2816 2548 2892 ξδοὺς
2635 2813 3018 2893 ἐναϐρύνασθαι
3089 2820 3116 2874 ὁ
3177 2817 3344 2874 εἶ’σαεὶ
3423 2823 3666 2893 νικητής,
3717 2818 3786 2874 καὶ

2175 2910 2336 2963 ὑπνοῖ
2381 2909 2474 2963 τὸν
2537 2907 2741 2983 μακρὸν
2807 2908 2922 2976 μὶν,
2953 2907 3233 2981 μακαρίως
3294 2907 3353 2963 δὲ
3407 2909 3560 2976 αὖθις
3615 2909 3786 2986 ἐγέρσι-

2175 3017 2314 3070 μονο
2375 2994 2628 3068 ἀοίδιμος
2695 2995 2789 3069 μὶν
2843 2999 2941 3049 τοῦ
3000 2996 3192 3069 πρώην
3256 2996 3401 3072 βίου,
3462 2997 3704 3072 ἀοίδιμος
3745 2994 3788 3050 δὶ

2171 3085 2332 3141 εἶσέτι
2388 3085 2555 3141 πλέον
2613 3089 2710 3140 τοῦ
2768 3084 2905 3160 πρὸς
2951 3089 3030 3156 τῷ
3077 3084 3242 3155 τέλει,
3277 3085 3363 3140 ὅτι
3415 3088 3507 3142 καὶ
3545 3087 3787 3164 βασιλείας

2169 3174 2372 3237 ἐκεῖνος
2430 3175 2587 3230 αὐτὸν
2643 3168 3070 3247 ἐπεϐίϐασεν,ἦς
3121 3173 3350 3245 ἐξαίσιον
3411 3177 3477 3232 τὸ
3533 3175 3785 3244 ἀτελεύτη-

2166 3285 2283 3320 τον.

2241 3352 2458 3416 ος’.Τίς
2519 3350 2577 3406 δὲ
2632 3351 2734 3406 οὐκ
2789 3348 2848 3405 ἂν
2910 3350 3137 3416 ἐνταῦθα
3191 3358 3370 3426 κρινεῖ
3427 3355 3565 3430 πρὸς
3611 3353 3784 3426 θαύμα-

2165 3463 2281 3514 τος,
2315 3441 2397 3496 ὅτί
2453 3441 2542 3495 καὶ
2581 3441 2672 3495 τὸν
2729 3440 2842 3514 βίον
2888 3437 2996 3510 ἤδη
3047 3441 3400 3516 ἀπομετρῶν,
3433 3445 3521 3499 καὶ
3576 3443 3702 3516 πρός
3740 3461 3784 3495 τε

2161 3535 2263 3597 τῆς
2292 3529 2343 3585 ἐν
2376 3533 2443 3604 τῇ
2477 3529 2770 3599 θνητότητι
2812 3527 3046 3606 φύσεως,
3079 3528 3124 3584 εἷ
3179 3530 3268 3584 καὶ
3329 3533 3506 3604 μήπω
3563 3529 3660 3587 ἔδει
3709 3527 3781 3584 τόν

2161 3619 2510 3691 τηλικοῦτον,
2544 3619 2680 3694 πρός
2725 3639 2784 3672 τε
2839 3618 2939 3687 τὴς
2998 3619 3199 3673 ἄνωθεν
3227 3616 3485 3690 κλήσεως
3519 3619 3779 3699 διχαζόμε-

2160 3729 2270 3781 νος,
2325 3709 2415 3762 καὶ
2468 3708 2531 3762 τὸ
2589 3711 2750 3780 σῶμα
2810 3709 2903 3779 μὲν
2955 3706 3180 3782 ἀνάγκηι
3255 3703 3403 3783 ἔχων
3464 3710 3777 3787 παρατιθὶναι

2160 3802 2228 3872 τῇ
2286 3801 2379 3872 γῇ,
2411 3800 2478 3869 τῇ
2539 3794 2596 3850 δὲ
2644 3798 2798 3870 ψυχῇ
2843 3789 3146 3850 ἀναϐαίνειν
3196 3797 3332 3871 πρὸς
3388 3801 3485 3854 τὸν
3532 3803 3776 3874 Ὕψιστον,

2163 3882 2321 3941 ὤκνει
2355 3887 2430 3958 μὴ
2467 3884 2693 3959 εὐγενῶς
2753 3883 3036 3953 ἀναλῦσαι,
3073 3881 3200 3938 ἀλλ’
3247 3885 3335 3939 ἐπὶ
3391 3886 3587 3952 τέλους
3628 3907 3786 3942 ταπει-

2160 3977 2248 4030 νὸν
2303 3975 2390 4029 καὶ
2450 3980 2566 4035 τοῖς
2626 3972 2886 4048 φθάσασιν
2925 3971 3260 4050 ἀσύντροχόν
3292 3996 3343 4028 τι
3378 3979 3608 4046 παθεῖνς
3641 3976 3783 4049 Μάχη

2165 4064 2259 4136 μὲν
2321 4061 2414 4117 οὖν
2474 4062 2653 4116 ἅπασα
2711 4061 3004 4136 ὑπερόριος
3061 4060 3347 4132 ἐλήλατο·
3409 4068 3696 4138 κατήπειγε
3743 4059 3786 4115 δὲ

2162 4150 2276 4207 οὐδ’
2304 4148 2445 4205 ἄλλο
2503 4147 2680 4217 οὐδὲν,
2715 4147 2744 4203 ὅ
2793 4170 2846 4202 τι
2895 4153 3003 4204 τῶν
3037 4148 3309 4224 ἁπάντων,
3341 4151 3420 4215 εἰς
3480 4155 3641 4209 πόνον
3689 4147 3788 4225 μεί-

2163 4247 2308 4310 ζονα.
2387 4245 2566 4315 Θῆρας
2637 4236 2817 4292 τοίνυν
2901 4238 3176 4302 νεανικοὺς
3265 4237 3510 4318 ἔρριπτε,
3589 4243 3644 4297 τὸ
3709 4241 3788 4293 τοῦ

2158 4329 2491 4402 τΙΙρακλέους
2558 4331 2718 4382 τοῦτο
2805 4327 3022 4400 σεμνὸν⁹
3081 4329 3548 4405 ὑποκοριζόμενος
3632 4331 3792 4404 μάχην

2157 4417 2382 4488 ταύτην,
2417 4417 2493 4478 ὡς
2552 4415 2602 4470 ἐν
2641 4416 3010 4492 γυμνάσματι.
3040 4420 3154 4474 Τοῦ
3211 4417 3531 4494 βαδιστικοῦ
3577 4419 3632 4475 δὲ
3657 4418 3789 4474 τόνου

2161 4505 2568 4572 ὑπενδιδόντος,
2613 4506 2750 4560 κατὰ
2800 4507 3001 4581 συχνὰς
3055 4506 3209 4569 αὖθις
3255 4509 3571 4572 ἀναπαύλας
3618 4507 3790 4584 ἐγίνετο

2156 4601 2342 4654 τοῦτο.
2380 4595 2484 4652 Καὶ
2542 4596 2576 4664 ἡ
2618 4595 2776 4657 νόσος
2841 4595 2936 4667 μὲν
2991 4595 3291 4670 ἡσυχάζειν
3349 4595 3787 4674 προῦτρέπετό,ἡ

2159 4683 2217 4740 δέ
2249 4686 2373 4760 χεὶρ
2404 4689 2509 4737 τῶν
2543 4684 2799 4758 γενναίων
2860 4682 3034 4760 ἔργων
3087 4684 3188 4740 οὐκ
3243 4687 3526 4763 ἀπείχετο’
3557 4685 3644 4742 καί
3693 4703 3790 4742 πως

395 4793 530 4832 vero
563 4776 632 4830 ab
664 4773 914 4846 egregiis
947 4771 1224 4843 operibus
1265 4787 1382 4824 non
1414 4769 1770 4826 abstinebat.
1812 4773 1879 4826 Et
1909 4790 2052 4844 quo-

2176 4773 2330 4835 ιῖδὼς
2379 4771 2538 4827 αὐτὸν
2590 4773 2963 4848 περιέτρεχεν,
3010 4774 3292 4848 εὑρεθῆναι
3351 4778 3427 4849 μὴ
3477 4776 3556 4840 εἷς
3600 4776 3659 4830 τὸ
3703 4777 3785 4826 πᾶν

397 4866 530 4920 dam
561 4864 734 4918 modo
765 4861 1017 4917 habebat
1040 4860 1208 4914 illum
1232 4861 1421 4930 pudor
1438 4860 1773 4930 neignavus
1799 4861 1857 4915 in
1881 4878 2052 4934 agen-

397 4955 471 5009 do
501 4953 798 5008 videretur
819 4950 1048 5022 quoties
1079 4949 1320 5003 stimulo
1344 4954 1580 5003 externo
1605 4965 1752 5020 opus
1775 4949 2049 5008 habebat.

467 5062 560 5115 77.
617 5061 819 5131 Itaque
870 5057 1023 5128 quod
1085 5056 1158 5110 ab
1209 5056 1483 5112 omnibus
1530 5059 1919 5128 expetendum
1962 5065 2053 5115 est

398 5149 614 5222 quibus
646 5149 704 5202 in
757 5152 1032 5219 promptu
1087 5148 1176 5199 est
1223 5145 1385 5213 iuxta
1444 5145 1766 5216 prudentia
1815 5147 2049 5219 regulas

396 5240 608 5308 vivere,
669 5235 898 5292 suffecit
955 5250 1142 5305 usque
1197 5233 1265 5288 ad
1329 5235 1899 5290 consummationem
1931 5237 2048 5291 exi-

395 5333 493 5384 tus
525 5327 596 5382 ad
629 5325 1026 5381 desideratum
1054 5327 1256 5392 Deum,
1286 5323 1345 5376 in
1368 5321 1642 5378 omnibus
1677 5325 2050 5395 perfectionis

397 5434 668 5488 compos;
692 5414 1017 5486 legationes
1040 5430 1283 5484 parans;
1305 5413 1542 5467 mittens
1566 5429 1680 5484 quo
1703 5415 2046 5484 oportebat;

397 5521 530 5559 cum
563 5505 950 5574 undequaque
999 5501 1206 5573 legatis
1255 5505 1555 5569 tractans;
1606 5502 1860 5573 graviter
1908 5520 2045 5557 con-

397 5593 659 5658 cionans,
695 5592 847 5660 quod
873 5589 1064 5660 quivis
1085 5589 1314 5643 vocabit
1339 5589 1505 5658 quasi
1532 5606 1564 5643 a
1593 5589 1740 5644 lecto
1763 5590 2049 5662 regio,op-

397 5677 712 5749 portunius
743 5676 944 5732 volens
977 5693 1077 5747 per
1121 5676 1425 5746 proverbia
1473 5677 1823 5748 significare,
1868 5695 2044 5750 quam

402 5783 435 5820 a
464 5765 603 5821 sedo
636 5763 791 5818 dicta
820 5781 833 5831 ;
869 5764 940 5817 ad
994 5763 1338 5818 memoriam
1364 5780 1641 5819 revocans
1672 5768 1728 5818 et
1777 5767 2047 5823 evolvens

2165 4863 2522 4940 ἐγρηγορότα,
2558 4859 2648 4916 ὅτε
2675 4861 2946 4931 κληθῆναι
2979 4859 3211 4932 δεήσειε.

2233 5064 2326 5127 οζ.
2362 5057 2464 5114 Καὶ
2511 5053 2691 5110 τοίνυν
2738 5057 2800 5110 τὸ
2847 5062 2964 5120 τοῖς
2999 5059 3193 5112 ἅπασιν
3223 5058 3492 5129 εὐκταῖον,
3525 5061 3605 5124 οἷς
3652 5059 3786 5132 μέτε·

2161 5169 2243 5202 στι
2296 5151 2392 5200 τοῦ
2441 5146 2580 5221 πρὸς
2631 5144 2823 5220 όρθρὸν
2863 5148 2954 5218 [an
3017 5147 3176 5219 ὀρθὸν
3195 5150 3238 5221 P]
3297 5151 3610 5228 φρονήσεως
3655 5145 3786 5201 ἵστα·

2160 5247 2303 5307 σθαι,
2338 5236 2589 5311 ἐξήρκεσε
2649 5235 2814 5309 μέχρι
2846 5235 2935 5289 καὶ
2995 5235 3070 5298 εἰς
3114 5234 3275 5300 τέλος
3328 5243 3424 5293 τοῦ
3481 5232 3787 5308 ἀπεληλυθὲ-

2160 5346 2246 5379 ναι
2278 5325 2354 5386 εἷς
2384 5325 2475 5378 τὸν
2507 5325 2887 5396 πεποθημένον
2923 5324 3074 5394 Θεὸν,
3109 5325 3299 5380 ἑαυτοῦ
3333 5326 3406 5382 ὣν
3440 5326 3519 5392 εἷς
3562 5329 3622 5382 τὸ
3673 5325 3782 5379 πάν-

2157 5435 2224 5485 τη
2281 5413 2523 5468 τέλειον·
2587 5411 2834 5468 στὲλλων
2905 5409 3232 5490 πρεσϐείας²
3286 5415 3637 5483 ἐπιστέλλων,
3675 5414 3780 5468 ὅποι

2158 5501 2348 5577 ἐχρῆνο
2383 5502 2743 5577 χρηματίζων
2800 5507 2918 5564 τοῖς
2977 5509 3309 5579 μυριαχοθεν
3363 5501 3650 5582 πρέσϐεσι·
3698 5499 3779 5568 δη·

2163 5594 2423 5666 μηγορῶν
2459 5587 2756 5665 ὲμϐριθῶς,
2789 5590 2821 5645 ἃ
2853 5589 2918 5662 δή
2968 5613 3055 5655 τις
3108 5592 3372 5665 όνομάσοι
3422 5595 3502 5664 ἂν,
3536 5593 3636 5649 άπὸ
3675 5588 3778 5645 κλί-

2155 5701 2256 5750 νης
2317 5679 2632 5754 βασιλικῆς,
2683 5681 3036 5756 καιριώτερον
3089 5685 3544 5756 παροιμιάζεσθαι
3605 5678 3775 5743 θέλων,

2155 5766 2295 5842 ἤπερ
2349 5770 2416 5822 τὰ
2478 5769 2584 5823 ἀπὸ
2662 5769 2898 5840 κηπαίας
2970 5766 3234 5846 λεγόμενα
3261 5794 3274 5807 ·
3335 5768 3774 5846 ἀπομνημονεύων
