4066 6402
248 457 397 516 1029

1093 448 1501 513 MANUELIS
1544 445 1892 511 COMNENI
1937 444 2340 508 LAUDATIO
2385 445 2799 510 FUNEBRIS.

3501 456 3663 518 1030

245 585 328 641 καὶ
360 582 656 640 ἀνελίττων
703 580 1000 646 σπουδαίας
1048 579 1289 654 πράξεις,
1333 579 1431 642 τὰς
1483 579 1598 653 μὲν,
1647 575 1709 640 ἃς
1768 579 1893 638 νοῦς

2010 581 2280 634 strenuae
2301 579 2581 646 actiones,
2611 578 2716 634 has
2739 582 2976 650 quidem
2999 599 3148 654 quas
3171 587 3294 656 ejus
3313 587 3470 659 regia
3492 605 3660 645 mens

249 673 528 750 βασιλικὸς
575 671 783 728 ἐκείνου
826 665 1184 746 προεϐάλετο,
1233 669 1327 730 τὰς
1382 665 1441 722 δὲ
1498 666 1760 736 παλαιὰς,
1811 666 1894 728 αἶς

244 761 754 838 παραδειγματικῶς
812 762 906 821 τὰς
980 760 1172 813 ἑαυτοῦ
1251 753 1608 832 παρέϐαλλε·
1671 753 1894 810 διαιτῶν

250 852 550 918 ὑποθέσεσι,
605 848 676 904 δι’
734 851 805 903 ὧν
851 847 1239 911 ἀπευθύνονται
1299 845 1492 907 πόλεις
1527 863 1544 882 ο
1601 841 1891 910 διδάσκων,

246 943 334 994 ἅτε
394 936 462 1007 δὴ
511 939 599 993 καὶ
648 940 784 1013 ἀνὴρ
838 936 1228 1003 ἀποστολικὸς,
1279 934 1331 990 εἷ’
1373 956 1478 989 που
1543 930 1891 988 διδασκάλιόν

243 1051 293 1085 τι
371 1027 672 1103 ἀπορηθείη
731 1048 742 1061 ·
821 1026 873 1081 ἐν
947 1023 1278 1098 δικαιώμασι
1355 1024 1489 1078 Θεοῦ
1573 1020 1890 1096 ἀδολεσχῶν

249 1117 380 1190 μετὰ
409 1120 506 1170 τοῦ
553 1113 716 1170 Δαυίδ
765 1113 1070 1189 θεολογίαις
1125 1108 1442 1187 ἐμϐαθύνων
1496 1111 1682 1183 λεπτῷ
1735 1109 1892 1184 λογι-

245 1210 367 1279 σμῷ
392 1204 484 1259 καὶ
517 1206 700 1278 θυμῷ,
728 1204 819 1258 καὶ
845 1202 1007 1278 ὀλίγα
1040 1203 1328 1276 μετέχοντι
1374 1202 1648 1274 σώματος’
1680 1198 1890 1254 τάσσων

247 1293 530 1371 ἐμφρόνως
558 1293 627 1347 τὰ
670 1293 787 1346 κατ’
839 1289 1024 1346 αὐτόν·
1074 1288 1374 1344 ἐπιτάσσων
1430 1287 1790 1365 μεγαλοφυῶς
1827 1286 1895 1342 τὰ

251 1383 361 1456 μετ’
409 1381 590 1436 αὐτόν’
648 1381 725 1444 εἰς
771 1378 935 1442 τέλος
985 1379 1268 1455 προάγων,
1301 1378 1335 1432 ἃ
1368 1380 1444 1451 μὴ
1499 1377 1702 1456 φθάσας
1745 1376 1892 1449 εὐερ-

243 1474 470 1547 γετικῶς
500 1469 575 1532 είς
623 1467 832 1531 ἐντελὶς
880 1467 1066 1545 ἤγαγε·
1123 1465 1365 1540 δημοσία
1409 1486 1468 1520 τε
1516 1467 1604 1520 καὶ
1657 1465 1772 1520 κατ’
1803 1463 1896 1519 ἄν·

245 1559 374 1634 δρας
405 1558 575 1632 ἀξίαις
605 1553 944 1631 ἐμϐιϐάζῶνο
981 1557 1255 1617 πλούτους
1289 1550 1598 1631 ἐπιϐρέχων
1627 1559 1745 1618 τοῖς
1797 1554 1894 1607 ὅσα

242 1649 331 1704 καὶ
358 1655 428 1726 γῆ
479 1645 693 1721 διψῶσα
739 1643 1132 1718 ἐπιδεομένοις·
1166 1651 1372 1720 χρυσᾶς
1419 1643 1676 1704 ἐπιτιθεὶς
1716 1662 1893 1717 κορω-

241 1737 390 1800 νίδας
438 1735 736 1810 ίκετηρίοις
780 1737 1089 1811 γράμμασι,
1127 1734 1457 1810 σφραγίζων,
1492 1731 1892 1810 ἐπισφραγίζων

240 1828 308 1882 τὰ
339 1827 432 1900 μὶν
466 1826 525 1882 ἐκ
571 1831 780 1894 καινῆς,
814 1824 881 1878 τά
927 1822 972 1879 δ’
1023 1823 1100 1887 εἷς
1142 1822 1334 1878 πλεῖον
1375 1823 1676 1896 στερέωμα,
1710 1820 1760 1874 ἐν
1813 1820 1891 1880 οἷς

241 1918 329 1972 καὶ
360 1919 394 1985 ἡ
422 1919 529 1969 τῶν
555 1915 861 1984 ἐκκλησιῶν
895 1913 1114 1989 φροντὶς
1133 1911 1223 1966 καὶ
1252 1913 1585 1987 προμήθεια,
1619 1911 1679 1978 ἣν
1715 1909 1893 1984 ἀγχοῦ

240 2026 347 2060 που
375 2006 600 2079 ἡμερῶν
632 2005 667 2073 ἡ
694 2007 804 2056 τῶν
836 2001 1141 2072 ἐκκλησιῶν
1193 2000 1460 2078 κορυφαία
1503 1999 1709 2073 ἐκρότει
1741 2017 1894 2072 περι-

241 2094 640 2168 σαλπιχθεῖσαν
689 2091 998 2162 ἐξάκουστα·
1058 2091 1119 2144 τὸ
1177 2096 1279 2144 πᾶν
1334 2089 1500 2144 εἰπεῖν
1538 2130 1552 2156 ,
1607 2086 1893 2160 θεμελίους

247 2184 484 2260 ὑφιστῶν
543 2179 790 2255 στερεοὺς
845 2185 923 2251 τῷ
978 2182 1078 2249 τήν
1137 2179 1522 2251 οἰκουμενικήν
1593 2173 1893 2248 οἰκοδομὴν

248 2269 614 2344 διαδεξομένῳ
644 2271 748 2343 υἱῷ
781 2267 1013 2346 βασιλεῖ·
1048 2269 1106 2330 ὃς
1154 2265 1266 2340 ἅμα
1320 2269 1387 2336 ἦν
1435 2266 1524 2321 ὅτι
1567 2263 1894 2340 σπαργάνοις

244 2358 620 2436 περιειλίχθη,
677 2359 766 2413 καὶ
829 2355 944 2430 ἅμα
1000 2353 1298 2428 διαδήματι
1355 2354 1696 2432 περιελήφθη
1732 2396 1747 2425 ,
1807 2353 1895 2406 καὶ

244 2447 516 2521 στέμματι
568 2446 826 2524 βρεφόθιν
879 2445 1121 2521 ὡραΐσθη
1176 2443 1446 2520 βασιλικῷ
1480 2487 1494 2515 ,
1538 2441 1631 2496 ’ίνα
1679 2439 1899 2496 διαπαν-

239 2538 339 2599 τὸς
370 2535 444 2591 ὣν
475 2534 756 2611 βασιλεὺς,
807 2532 1278 2606 συνδιῖκνούμενον
1313 2530 1450 2611 φέρῃ
1479 2537 1601 2594 ταῖς
1649 2528 1897 2600 ἡλικίαις

239 2627 476 2688 άπάσαις
524 2625 589 2680 τὸ
635 2629 754 2688 τοῖς
808 2623 1086 2700 βασιλεῦσι
1136 2623 1341 2698 πρέπον
1401 2621 1752 2698 εὐεργετικὸν,
1807 2619 1896 2673 καὶ

238 2713 626 2785 συνεπαυξάνοι
673 2713 737 2769 τὸ
787 2711 987 2783 ἔνθεον,
1031 2711 1120 2767 καὶ
1168 2713 1258 2766 τὸν
1315 2711 1482 2786 μέγαν
1535 2708 1761 2784 βασιλέα
1805 2709 1894 2763 καὶ

238 2801 412 2859 παῖδα
449 2803 528 2866 εἰς
576 2800 746 2877 ἄνδρα
795 2801 1104 2858 τελειώσειε
1155 2801 1431 2876 μέγιστον,
1486 2798 1895 2875 βασιλεύτατον’

183 2877 192 2890 1
242 2891 376 2967 ὅπερ
428 2891 519 2946 καὶ
564 2889 960 2967 εὐαγγελίζεται
1016 2893 1152 2962 ἡμῖν
1205 2891 1477 2964 τεκμήρια
1532 2892 1896 2964 παραφαῖνον,

243 2983 334 3044 οἷς
386 2981 486 3037 οὐκ
534 2979 643 3036 ἔστι
695 2979 914 3035 λύεσθαι
1047 2977 1320 3035 ἐκπίπτειν
1351 2977 1426 3039 εἷς
1463 2979 1525 3032 τὸ
1557 2974 1897 3050 δυστέκμαρ-

239 3089 362 3128 τον.

1927 1959 1973 2024 Β

2005 674 2409 738 pr0posuerat,
2464 667 2597 724 illas
2649 685 2782 724 vero
2838 677 3082 740 veteres,
3143 675 3360 746 quibus
3404 679 3660 752 exempli

2005 772 2180 810 causa
2213 773 2352 812 suas
2375 757 2776 829 aequiparabat
2801 777 2812 827 ;
2842 761 3129 832 principia
3147 765 3290 818 scite
3321 765 3662 823 discernens

2005 845 2221 915 quibus
2247 851 2399 900 recte
2426 847 3114 916 gubernanturcivitates
3132 869 3144 918 ;
3165 853 3381 909 docens
3404 855 3660 910 sicutvir

2003 933 2380 1004 apostolicus,
2419 935 2467 991 si
2501 936 2646 990 forte
2679 937 3095 994 documentum
3121 944 3414 1012 quoddam
3443 947 3657 999 exami-

2005 1023 2268 1077 nandum
2300 1029 2496 1091 esset;
2531 1025 2588 1078 in
2614 1025 2862 1094 judiciis
2893 1028 3109 1082 divinis
3143 1032 3461 1100 procedens
3487 1035 3658 1103 juxta

2003 1110 2220 1174 David;
2254 1112 2473 1168 divinis
2516 1114 2779 1170 scientiis
2835 1115 3182 1174 incumbens
3234 1120 3437 1174 subtili
3479 1122 3655 1178 ratio-

2004 1198 2156 1255 cinio
2187 1204 2246 1254 et
2289 1202 2517 1270 ardore,
2579 1207 2635 1258 et
2689 1220 2900 1274 parum
2958 1207 3219 1276 corporis
3267 1224 3376 1278 ope
3424 1211 3658 1280 egenti;

2011 1288 2333 1358 prudenter
2360 1306 2467 1344 sua
2496 1306 2701 1362 regens
2725 1309 2738 1359 ;
2777 1294 3150 1363 magnanime
3179 1311 3306 1366 quae
3339 1304 3480 1353 sunt
3501 1299 3656 1355 circa

2001 1376 2200 1448 ipsum
2261 1378 2559 1450 dirigens;
2610 1381 2682 1435 ad
2742 1381 2920 1438 ﬁnem
2982 1384 3324 1456 perducens,
3372 1404 3498 1458 quae
3537 1405 3654 1445 non

2003 1466 2076 1520 ab
2120 1466 2288 1522 initio
2349 1473 2503 1522 recte
2562 1469 2633 1523 ad
2687 1469 2964 1525 ultimum
3024 1472 3200 1528 ﬁnem
3263 1475 3656 1545 perduxerat;

2004 1555 2257 1626 publicis
2289 1563 2344 1610 et
2394 1558 2632 1628 privatis
2685 1559 3075 1631 dignitatibus
3127 1564 3507 1632 perfunctus;
3558 1566 3649 1621 di-

2001 1644 2175 1700 vitias
2198 1646 2508 1702 eumulans
2532 1649 2589 1702 in
2615 1665 2712 1704 eos
2737 1651 2837 1719 qui
2860 1652 3200 1722 indigebant
3221 1655 3373 1708 sicut
3397 1663 3549 1711 lerra
3571 1657 3656 1711 in~

2004 1751 2225 1807 aquosa
2250 1755 2263 1802 ;
2295 1755 2505 1793 aureas
2537 1755 2838 1810 apponens
2859 1743 3266 1798 conclusiones
3288 1746 3656 1817 supplicibus

2004 1821 2239 1891 litteris,
2271 1824 2462 1896 sigillo
2505 1827 2768 1898 signans,
2819 1829 3162 1896 obﬁrmans,
3215 1831 3328 1886 alia
3371 1834 3443 1887 de
3484 1850 3653 1904 novo,

2003 1911 2206 1966 aliain
2257 1913 2602 1984 ampliorem
2653 1917 3182 1988 confirmationem,
3239 1920 3298 1975 in
3357 1923 3572 1985 quibus
3603 1927 3661 1978 et

2003 1999 2381 2056 ecclesiarum
2438 2004 2770 2059 sollicitudo
2828 2011 2884 2059 et
2925 2007 3287 2075 providentia
3341 2027 3519 2080 quam
3564 2011 3659 2066 his

2005 2089 2232 2145 ultimis
2289 2091 2497 2146 diebus
2554 2094 2935 2148 ecclesiarum
3012 2097 3244 2166 fastigia
3303 2099 3659 2154 resonabant

2004 2181 2286 2235 tubarum
2319 2183 2516 2237 sonitu
2544 2201 2556 2250 ;
2592 2190 2656 2238 ut
2683 2186 2883 2239 omnia
2934 2185 3224 2256 dicamus,
3276 2189 3655 2245 fundationes

2005 2268 2227 2324 solidas
2260 2271 2563 2326 stabiliens
2615 2273 2734 2327 ﬁlio
2784 2273 2845 2327 in
2895 2275 3282 2332 {editicatione
3339 2277 3658 2334 universali

2006 2374 2350 2414 successuro
2410 2361 2554 2431 regi,
2615 2362 2713 2432 qui
2775 2363 2951 2418 simul
3012 2381 3077 2419 ac
3135 2366 3300 2421 faciis
3357 2367 3658 2423 involutus

2007 2446 2138 2517 fuit,
2171 2447 2503 2503 diademate
2531 2449 2762 2505 cinctus
2794 2452 3072 2522 vittisque
3103 2454 3175 2507 ab
3203 2453 3452 2510 infantia
3480 2455 3658 2528 regiis

2006 2535 2314 2591 decoratus
2355 2541 2463 2602 est,
2496 2543 2561 2592 ut
2591 2540 2864 2594 omnibus
2913 2542 3172 2596 numeris
3221 2542 3532 2598 absolutus
3562 2560 3661 2598 rex

2006 2627 2316 2694 proﬁciens
2367 2626 2527 2682 omni
2574 2628 2733 2682 aetati
2791 2631 3046 2699 gestaret
3099 2631 3447 2686 beneficium
3496 2649 3660 2704 reges

2006 2714 2241 2779 decens,
2260 2720 2500 2786 augeret
2514 2715 2706 2770 divine
2720 2716 3066 2788 inspiratam
3082 2720 3363 2784 dotem,et
3375 2737 3657 2792 magnum

2005 2818 2204 2873 regem
2236 2807 2293 2857 et
2323 2820 2568 2874 puerum
2593 2805 2651 2858 in
2684 2806 2871 2860 virum
2897 2807 3218 2863 maximum
3253 2810 3410 2880 regio
3435 2811 3660 2865 nomine

2006 2891 2425 2961 dignissimum
2460 2902 2935 2962 consummaret;
2971 2898 3124 2965 quod
3161 2901 3218 2951 et
3249 2898 3469 2952 bonum
3498 2916 3654 2953 nun-

2005 2981 2156 3036 tium
2188 2987 2245 3036 et
2273 2983 2509 3053 signum
2545 2984 2710 3039 nobis
2736 2985 2984 3041 alferens
3008 2987 3252 3058 fulget,a
3282 3005 3397 3060 quo
3430 3006 3543 3044 non
3572 2994 3662 3044 est

2007 3071 2160 3138 quod
2193 3069 2492 3125 solvamur
2521 3075 2578 3126 et
2607 3072 2663 3126 in
2699 3073 3096 3130 infaustorum
3129 3077 3526 3146 conjecturam
3560 3079 3656 3134 ds-

2006 3159 2299 3214 cidamus.

320 3285 422 3354 οη“.
453 3280 634 3339 Ἀλλὰ
663 3303 830 3338 ταυτα
863 3281 958 3355 μέν
1016 3301 1107 3354 μοι
1139 3282 1173 3351 ἡ
1207 3280 1260 3336 ἐν
1294 3277 1444 3356 λόγῳ

2077 3283 2168 3334 78.
2199 3282 2328 3338 Haec
2389 3283 2622 3354 quidem
2685 3285 2827 3340 mihi
2889 3289 3174 3344 sermonis
3235 3291 3408 3344 ardor
3450 3293 3661 3363 praeter

238 3377 341 3428 τοῦ
397 3372 760 3450 προκειμένου
816 3369 1122 3446 παρέθετο.
1186 3371 1424 3430 Ἐκεῖνος
1485 3367 1542 3423 δὲ
1598 3366 1725 3423 ἀλλ’
1783 3367 1898 3422 ἐπεὶ

239 3463 415 3518 πάντα
471 3460 640 3538 πέρας
718 3458 865 3533 αὐτῷ
941 3457 1060 3534 εὗρε
1127 3457 1194 3513 τὰ
1248 3458 1476 3532 κρείττω
1511 3502 1524 3526 ,
1584 3457 1674 3511 καὶ
1728 3456 1896 3511 εἰπεῖν

240 3548 374 3628 ἔσχε
403 3550 491 3606 καὶ
524 3549 704 3618 αὐτὸς,
751 3551 825 3612 ὡς
878 3545 988 3620 ἤδη
1042 3546 1370 3615 τετέλεσται,
1419 3547 1508 3601 καὶ
1558 3546 1592 3600 ἃ
1645 3547 1738 3619 μὲν
1766 3545 1901 3599 κατὰ

240 3641 446 3696 σκοπὸν
503 3640 592 3695 καὶ
647 3641 709 3694 τὸ
770 3639 1039 3714 βιώσιμον
1071 3635 1148 3699 δέ,
1202 3637 1528 3713 ἀποῤῥιπτεῖ
1574 3637 1665 3710 μὲν
1705 3636 1767 3689 τὸ
1798 3632 1900 3708 ἔμ-

239 3725 386 3798 ϐιον,
434 3727 637 3804 γίνεται
694 3724 752 3782 δὲ
789 3730 888 3782 τοῦ
936 3721 1130 3782 ἀϐίου.
1182 3724 1280 3782 Καὶ
1329 3726 1533 3801 χρυσὸς
1587 3725 1681 3798 μὶν
1735 3722 1900 3792 ἡλίου

236 3817 586 3891 ἀντίμιμος,
667 3815 758 3871 καὶ
844 3815 1124 3892 μάργαρος
1216 3815 1645 3891 ὑποκρινόμενος
1731 3816 1846 3888 φῶς
1885 3854 1898 3880 ν

238 3908 333 3963 καὶ
435 3904 585 3970 λίθοι
681 3909 972 3982 πυραυγεῖς
1005 3947 1018 3973 ,

239 3996 446 4051 ἀνθέων
547 3991 1013 4070 παρευδοκιμοῦσι
1063 4037 1077 4054 .

245 4083 334 4140 δέν
369 4129 382 4142 .
470 4083 836 4160 Ἐπικρίνεται
925 4081 983 4136 δὶ
1059 4083 1122 4137 τὸ
1203 4081 1458 4156 νύκτερον
1542 4077 1792 4154 ἄμφιον,

241 4175 346 4244 τήν
424 4173 693 4230 εἷσέπειτα
766 4172 978 4248 ἥμέραν
1060 4169 1506 4246 εὐαγγελίζεται,
1563 4168 1630 4237 ἧς
1703 4165 1748 4221 εί
1806 4167 1902 4238 μὲν

243 4264 447 4340 ὐρθρος
477 4264 874 4339 προηγήσεται,
910 4259 1072 4336 λόγον
1104 4258 1164 4314 ἃν
1214 4255 1357 4335 ἔχου
1405 4257 1594 4320 νυκτὸς
1630 4254 1687 4312 δὲ
1716 4255 1815 4311 οὐκ
1845 4255 1903 4310 ἂν

243 4349 335 4423 ιἶή
368 4349 626 4427 διαδοχή.
660 4351 767 4407 Καὶ
818 4343 1086 4424 συμϐόλῳ
1132 4348 1368 4422 τοιούτῳ
1399 4345 1650 4408 δεδωκὼς
1689 4346 1902 4415 ἐαυτὸν,

243 4440 577 4517 ἀπολέγεται
637 4441 730 4513 μὶν
789 4440 887 4507 τὴν
953 4438 1173 4512 ὑψηλήν
1225 4437 1313 4492 καὶ
1344 4436 1612 4514 τρυφερὰν
1653 4430 1899 4489 στιϐάδα·

242 4530 408 4609 ρίπας
488 4527 546 4584 δὲ
626 4528 1094 4604 ὑποστορεσθῆναι
1155 4525 1433 4596 θελήσας,
1489 4525 1747 4600 τυγχάνει
1806 4527 1903 4577 τοῦ

243 4619 456 4698 ἐφετοῦ.
510 4617 616 4674 Καὶ
664 4617 953 4693 στρωμνὴν
1004 4615 1243 4692 ἐσχάτην
1295 4614 1463 4684 ταύτη
1499 4615 1671 4684 ἑαυτῷ
1697 4611 1904 4667 τίθεται

1105 3904 1197 3959 καὶ
1269 3905 1386 3958 ὅσοι
1471 3901 1676 3964 κάλλος
1763 3898 1899 3956 ἅπαν

1160 3991 1468 4070 λογίζονται
1570 3991 1700 4045 ὡσεὶ
1805 3990 1901 4044 οὐ-

1874 4098 1902 4131 Ο

2010 3375 2428 3443 argumentum
2462 3373 2729 3442 subiecit.
2768 3374 2868 3430 Ille
2907 3393 3041 3431 vero
3087 3395 3216 3433 cum
3269 3396 3512 3450 scopum
3546 3378 3659 3434 sibi

2009 3459 2206 3514 omnia
2262 3459 2484 3514 invenit
2543 3461 2801 3529 meliora,
2862 3467 2918 3518 et
2949 3464 3139 3520 dicere
3197 3466 3385 3538 potuit
3434 3471 3492 3522 et
3533 3467 3660 3539 ipse

2009 3550 2162 3619 quod
2191 3549 2313 3618 jam
2346 3555 2823 3605 consummatum
2859 3557 2966 3621 est,
3002 3555 3156 3624 quod
3191 3556 3515 3610 secundum
3545 3560 3661 3611 ter-

2012 3637 2236 3693 minum
2269 3643 2326 3693 et
2357 3639 2723 3710 vitalitatem,
2757 3641 2946 3711 rejicit
2986 3644 3138 3714 quod
3191 3643 3363 3699 vitale
3393 3650 3486 3700 est
3514 3649 3572 3700 et
3603 3645 3668 3698 fit

2008 3729 2139 3782 vitae
2169 3727 2408 3784 minime
2464 3728 2657 3785 vitalis
2715 3731 3030 3803 particeps.
3096 3735 3163 3788 Et
3219 3749 3426 3789 aurum
3481 3731 3663 3789 solem

2013 3816 2276 3884 imitans,
2308 3821 2365 3872 et
2394 3817 2713 3890 margarita
2762 3819 2953 3875 lucem
3012 3821 3302 3877 simulans
3335 3827 3391 3877 et
3421 3839 3666 3895 gemmea

2012 3904 2344 3978 ignicolorae
2387 3908 2443 3960 et
2484 3923 2610 3979 qua:
2651 3907 2860 3964 ﬂorum
2895 3909 3393 3982 pulchritudinem
3426 3927 3664 3966 omnem

2015 3998 2297 4064 superant
2379 3999 2659 4067 tanquam
2747 3997 2893 4052 nihil
2971 4000 3359 4054 aestimantur.
3420 4000 3672 4072 Eligitur

2011 4099 2145 4137 vero
2176 4090 2527 4138 nocturnum
2554 4083 2966 4141 indumentum
2999 4089 3150 4157 quod
3179 4089 3333 4142 diem
3369 4097 3667 4159 posterum

2014 4171 2364 4239 annuntiat;
2397 4173 2564 4242 cujus
2597 4172 2644 4227 si
2679 4172 3004 4229 diluculum
3044 4177 3328 4245 praecedet
3358 4176 3494 4230 huic
3528 4193 3665 4231 con-

2013 4267 2295 4316 sentanea
2324 4260 2454 4330 erit,
2497 4261 2687 4316 noctis
2747 4279 2878 4318 vero
2931 4263 3094 4320 nulla
3144 4265 3458 4320 successio.
3492 4266 3564 4321 Et
3597 4266 3669 4321 ad

2013 4350 2250 4422 signum
2282 4354 2511 4404 tantum
2538 4351 2638 4422 qui
2669 4369 2731 4406 se
2752 4353 2931 4420 dedit,
2966 4352 3153 4422 rejicit
3183 4354 3419 4424 quidem
3448 4354 3668 4410 elatum

2013 4445 2073 4493 et
2102 4439 2415 4494 delicatum
2448 4439 2661 4494 lectum
2697 4440 3069 4509 deliciosum,
3103 4450 3292 4498 crates
3324 4460 3454 4499 vero
3487 4443 3673 4498 sterni

2013 4527 2234 4598 volens,
2264 4528 2416 4598 quod
2452 4528 2673 4599 cupivit
2726 4529 2969 4586 obtinet.
3029 4535 3287 4586 Stratum
3339 4531 3483 4588 illud
3536 4532 3674 4587 ulti-

2017 4633 2177 4672 mum
2210 4616 2320 4672 sibi
2370 4622 2537 4688 parat
2585 4617 2683 4688 qui
2733 4635 2886 4690 saepe
2936 4619 3158 4675 similia
3204 4637 3521 4692 perpessus
3563 4626 3674 4688 est;

244 4683 580 4769 6.1101123“;
610 4683 778 4778 ὅμοία
809 4683 1118 4774 πεπονθὼς,
1153 4683 1235 4767 οῖς
1284 4705 1416 4780 ὑπὲρ
1456 4683 1895 4777 γὴμῶνῗένήθλειε

2017 4707 2234 4778 quibus
2269 4683 2573 4778 pro—nobis
2601 4683 2686 4762 _se
2737 4683 3061 4775 exercebat,
3106 4715 3162 4763 et
3206 4683 3569 4766 descendens
3601 4683 3675 4766 ad

241 4796 336 4852 καί
394 4791 630 4857 καταϐὰς
684 4797 784 4864 τὴν
843 4794 895 4848 ἐν
953 4794 1274 4849 ταπεινώσει
1330 4791 1530 4861 ταύτην
1584 4786 1900 4860 κατάϐασιν,

246 4880 609 4956 ἀναϐέϐηκεν,
644 4885 810 4958 οὗπερ
843 4881 1098 4957 ἀνωτέρω
1128 4883 1193 4937 οὐ
1235 4881 1388 4954 θέμις
1422 4879 1663 4944 ἀνελθεῖν
1692 4877 1902 4950 ἅνθρω-

245 4995 376 5031 πον.
423 4975 520 5029 Καὶ
575 4971 974 5051 φιλοσοφήσας,
1028 4972 1126 5026 ὅσα
1173 4971 1326 5045 ψυχή
1375 4969 1583 5044 καθαρᾶ
1611 4968 1699 5022 καὶ
1735 4979 1903 5030 θεοει-

248 5061 372 5134 δὴς,
421 5064 729 5136 μονάζουσα
773 5062 1052 5135 σώματος,
1100 5059 1190 5116 καὶ
1237 5059 1565 5134 ἐπιγνώμων
1611 5057 1904 5133 γενόμενος

244 5159 350 5222 τῆς
383 5151 710 5218 ἀναλύσεως,
762 5152 850 5206 καὶ
905 5149 1070 5205 εἷπὼν
1121 5151 1330 5223 ἡσυχῆ,
1361 5148 1450 5202 καὶ
1501 5147 1734 5209 ἀκούσας
1770 5145 1906 5220 πρὸς

243 5246 356 5297 τῶν
401 5239 648 5317 ἔγγιστα,
699 5240 798 5294 ὅσα
844 5239 1040 5314 ἐχρῆν,
1087 5237 1331 5307 ἀπελύθη
1381 5237 1477 5291 τοῦ
1509 5235 1731 5308 δεσμοῦ·
1766 5235 1905 5307 μᾶλ-

245 5329 348 5386 λον
384 5331 476 5404 μὲν
529 5327 624 5384 οὖν
673 5326 894 5399 ἀληθῶς
927 5323 1288 5400 ἐκδεδήμηκε,
1333 5325 1744 5398 συνταξάμενος,
1773 5325 1801 5379 ὃ
1836 5322 1902 5394 δὴ

251 5421 666 5495 μακαριώτατον
719 5415 966 5487 ἀληθῶς,
1017 5415 1106 5470 καὶ
1154 5416 1460 5491 ἀνθρώποις
1501 5436 1561 5491 γε
1592 5415 1738 5468 οὖσιν
1767 5416 1903 5486 ἡμῖν

248 5511 445 5563 ἅπασιν
501 5507 899 5564 εὐκταιότατον.
963 5507 1180 5560 Κεῖσθαι
1245 5505 1340 5577 μὲν
1399 5505 1502 5578 γὰρ
1557 5503 1858 5576 ἐμπνέοντα
1890 5545 1906 5575 ,

242 5597 338 5653 καὶ
365 5601 546 5672 σιωπῇ
578 5597 938 5670 κατάσχετον,
971 5595 1062 5649 καὶ
1095 5591 1219 5648 οὐδὲ
1249 5598 1464 5671 φρονεῖν
1509 5590 1714 5658 εἷ’δότα,
1745 5597 1906 5647 τοῦτο

247 5685 496 5756 θνήσκείν
529 5682 590 5740 ἂν
644 5684 833 5760 ῥηθείη
867 5683 1106 5753 ἀληθῶς·
1163 5685 1489 5755 μεταστῆσαι
1523 5677 1581 5735 δὲ
1610 5679 1905 5752 λαλοῦντα,

252 5777 329 5830 ὧν
380 5773 712 5848 μεμνήσεταί
761 5795 846 5837 τις
888 5771 966 5834 είς
1021 5770 1240 5847 ἀγαθὸν,
1288 5769 1378 5826 καὶ
1427 5773 1539 5842 σῷα
1582 5774 1902 5848 φρονοῦντα,

2012 4795 2190 4850 talem
2222 4795 2280 4849 in
2314 4795 2650 4850 humilitate
2679 4797 3144 4867 depressionem,
3170 4797 3460 4853 exaltatus
3493 4805 3580 4853 est
3602 4800 3671 4854 ad

2014 4884 2246 4939 culmen
2274 4885 2427 4954 quod
2455 4899 2735 4954 superare
2757 4901 2943 4954 genus
2977 4885 3280 4940 hominum
3317 4888 3404 4940 fas
3427 4903 3537 4940 non
3565 4891 3673 4942 est.

2015 4977 2083 5027 Et
2113 4970 2515 5042 philosoPhice
2540 4972 2854 5026 meditatus
2879 4979 2968 5028 est
2992 4977 3193 5045 utpote
3218 4974 3418 5029 anima
3451 4977 3676 5030 munda

2016 5065 2072 5116 et
2120 5061 2236 5116 Deo
2293 5059 2530 5126 similis,
2591 5077 2804 5131 corpus
2864 5062 3208 5134 relinquens
3263 5069 3318 5118 et
3375 5063 3676 5120 liberatio-

2016 5167 2148 5204 nem
2185 5148 2397 5211 sciens,
2431 5153 2490 5202 et
2519 5149 2768 5204 audiens
2799 5152 2871 5206 ab
2903 5151 2994 5206 his
3042 5153 3141 5223 qui
3176 5155 3454 5208 astabant
3482 5171 3668 5224 quan-

2017 5243 2140 5292 tum
2175 5239 2499 5309 oportebat,
2533 5254 2566 5291 a
2595 5238 2847 5294 vinculis
2878 5239 3108 5295 solutus
3141 5249 3267 5296 est:
3303 5241 3444 5313 quin
3478 5241 3674 5297 verius

2016 5327 2284 5381 ultimam
2317 5326 2470 5381 viam
2519 5325 2768 5397 arripuit
2810 5328 3124 5385 ordinatim
3179 5330 3477 5398 incedens,
3509 5329 3672 5385 illam

2017 5433 2144 5486 quis
2174 5431 2304 5470 vere
2333 5413 2680 5470 beatissima
2710 5420 2800 5471 est
2829 5423 2886 5471 et
2916 5417 3252 5475 hominibus
3277 5421 3446 5476 nobis
3477 5419 3675 5476 omni-

2016 5507 2128 5560 bus
2187 5503 2439 5558 maxime
2494 5502 2924 5560 desiderabilis.
2987 5506 3131 5561 Nam
3184 5510 3380 5578 jacere
3435 5509 3673 5580 quidem

2018 5596 2338 5667 spirantem
2403 5597 2460 5646 et
2515 5591 2573 5645 in
2635 5592 2868 5648 silentio
2934 5598 3343 5666 praepeditum,
3405 5600 3676 5654 nescien-

2015 5687 2254 5753 temque
2288 5679 2676 5752 prudentiam.
2710 5679 2857 5736 illud
2887 5699 3017 5738 vere
3077 5684 3225 5739 mori
3271 5685 3526 5754 dicitur;
3561 5687 3673 5742 im-

2017 5771 2231 5828 mutari
2264 5787 2397 5826 vero
2423 5770 2764 5841 loquentem
2794 5771 2864 5827 de
2896 5771 2968 5828 iis
3025 5790 3277 5844 quorum
3331 5775 3674 5831 memineris
