4066 6360
464 420 615 483 1031

1233 410 1661 474 EUSTATHII
1699 404 2467 469 THESSALONICENSIS
2509 403 3101 467 METROPOLITJE

3705 409 3832 471 1032

462 549 656 622 quivis
688 549 745 604 in
779 548 996 603 bonum
1029 549 1087 599 et
1117 543 1397 599 salutaria
1427 541 1777 613 cogitantem
1825 539 1968 594 illud
2005 555 2103 610 po-

2219 539 2380 590 τοῦτο
2440 531 2498 589 δὲ
2548 532 2836 622 ἀποδημία
2895 531 3097 609 Λέγοιτ¹
3148 529 3208 587 ἂν
3269 533 3529 607 μάλιστα,
3586 535 3670 590 καὶ
3724 536 3829 608 αὕτη

460 640 580 695 tius
611 638 902 694 transitus
933 635 1180 700 dicetur,
1214 639 1269 687 et
1300 633 1580 686 transitus
1605 630 1759 684 felix.
1796 628 1854 684 Si
1886 644 2018 683 vero
2050 631 2108 682 et

461 747 642 791 mors,
675 728 775 784 sed
809 745 876 783 ea
905 744 1033 798 quae
1066 724 1210 780 nihil
1245 728 1522 794 praterea
1561 718 1869 792 spirituale
1902 734 2107 789 super-

460 819 683 874 lucrata
715 822 934 880 est,nec
958 814 1096 884 quid
1133 815 1202 867 de
1223 813 1350 865 vitae
1379 816 1641 880 tempore
1674 823 2108 873 reservans,nec

459 907 871 979 cogitationem
904 906 962 958 in
995 902 1241 957 actionis
1273 898 1620 971 impotentia
1662 895 2021 951 concludens
2052 899 2110 950 et

458 995 762 1051 ratiocinio
796 992 1253 1047 dominationem
1278 987 1531 1044 servanti
1562 985 1806 1041 insidias
1836 985 2106 1050 tendens,

459 1083 792 1139 decedentis
811 1098 942 1136 vero
965 1079 1374 1134 inhabitationi
1391 1083 1622 1132 tantum
1649 1075 1874 1130 haerens
1893 1080 1950 1129 et
1971 1090 2108 1128 con-

458 1177 546 1228 tra
577 1173 769 1244 ipsum
800 1187 998 1242 agens.

525 1261 614 1314 79.
665 1260 760 1315 Sic
818 1259 1055 1329 quidem
1117 1273 1215 1311 rex
1274 1254 1677 1310 benedictione
1727 1251 1924 1307 divina
1974 1250 2107 1305 reli-

457 1352 549 1403 cta
579 1349 791 1419 regina
835 1346 1088 1417 conjugi,
1121 1353 1177 1400 et
1230 1345 1350 1416 regi
1387 1343 1503 1398 filio
1549 1348 1606 1397 et
1663 1340 1792 1397 aliis
1823 1343 2107 1410 quotquot

457 1454 690 1493 sacrum
748 1435 1193 1491 tabernaculum
1263 1432 1733 1500 circumdabant,
1793 1431 2107 1498 adjunctus

455 1531 578 1584 erat
609 1526 881 1597 supernis
911 1523 1262 1593 agminibus,
1296 1527 1351 1575 et
1382 1536 1586 1590 regum
1620 1519 1780 1590 Regi,
1815 1524 1947 1586 er,
1980 1532 2108 1586 pro-

453 1617 650 1671 ximus
681 1615 963 1682 astiterat,
987 1612 1056 1665 ad
1091 1612 1260 1681 cujus
1285 1609 1588 1664 servitium
1609 1623 1850 1679 regnum
1876 1621 2110 1676 semper

455 1704 686 1760 direxit.
719 1703 1024 1758 Civitatem
1054 1715 1189 1753 vero
1223 1715 1335 1752 non
1395 1699 1618 1752 diceres
1665 1695 1973 1751 hominum
2005 1710 2103 1748 vo-

454 1811 578 1849 cem
612 1791 953 1848 babentium
988 1788 1406 1843 habitationem
1439 1803 1605 1849 esse;
1641 1787 1740 1840 sed
1787 1784 2101 1854 cupiebant

452 1899 570 1937 non
603 1878 860 1952 amplius
891 1893 1218 1948 superesse.
1254 1877 1316 1930 Et
1345 1875 1545 1930 avulso
1577 1875 1957 1930 fundamento
1987 1871 2099 1944 ipsi
2134 1902 2184 1969 B

453 1986 682 2042 quoque
713 1986 829 2023 una
851 1969 1201 2039 jacuerunt:
1237 1982 1304 2020 ac
1333 1965 1460 2019 vita
1486 1965 1680 2019 lumen
1706 1965 1802 2034 qui
1840 1962 2103 2034 perdide-

452 2065 584 2114 rant
627 2058 898 2113 tenebras
948 2056 1208 2110 internas
1252 2054 1614 2109 extrinsecus
1663 2055 2010 2125 prodebant,
2042 2065 2104 2106 se

451 2147 901 2203 obtenebrantes
932 2150 988 2199 et
1016 2149 1136 2198 tam
1178 2144 1438 2198 obscurae
1471 2142 1610 2196 nubi
1661 2143 2101 2196 convenientem

450 2235 722 2302 imbrem,
757 2234 1042 2305 plurimas
1095 2231 1383 2303 lacrymas
1427 2231 1817 2285 effundentes.
1851 2229 2102 2284 Omnino

451 2323 726 2379 oblivioni
769 2323 1077 2389 dederunt,
1130 2322 1230 2390 qui
1280 2320 1644 2374 fundamenti
1704 2318 1894 2374 locum
1931 2317 2098 2371 illum

450 2417 713 2467 recenter
742 2415 1089 2482 praesentem
1136 2425 1249 2462 non
1301 2407 1557 2478 amplius
1609 2408 1906 2473 videbant,
1939 2422 2103 2477 reges

453 2507 708 2569 nostros,
743 2497 1173 2552 divinissimum
1225 2497 1549 2567 fastigium,
1583 2497 1681 2566 qui
1713 2495 2101 2550 dominationi

453 2590 694 2644 domum
727 2587 896 2642 nobis
927 2601 1236 2655 assurgere
1267 2585 1506 2639 faciunt.
1550 2585 1706 2648 Quos
1755 2584 1834 2638 sit
1863 2599 2101 2639 servans

451 2678 702 2732 ﬁrmiter
754 2675 1091 2731 incedentes
1167 2690 1420 2745 magnus
1495 2675 1706 2729 domus
1784 2674 2104 2730 aedificator

452 2769 624 2833 Deus,
655 2765 756 2838 qui
789 2780 904 2820 non
938 2764 1130 2820 solum
1166 2763 1427 2819 civitates
1481 2764 1751 2829 aediﬁcat,
1804 2781 1952 2835 quas
1985 2762 2099 2818 nisi

450 2854 796 2911 custodierit
823 2854 971 2924 ipse,
1004 2854 1223 2908 frustra
1270 2853 1475 2925 vigilat
1523 2853 1624 2924 qui
1665 2854 1964 2920 custodit;
1999 2853 2100 2908 sed

449 2949 506 3000 et
535 2944 745 3000 limum
805 2943 1108 3014 plasmans
1156 2941 1215 2996 in
1272 2942 1530 2996 solidum
1563 2959 1732 3014 opus,
1790 2947 1846 2998 et
1894 2942 2102 2998 domos

449 3034 536 3089 sic
565 3033 884 3098 mdificans,
945 3030 1090 3086 alias
1147 3031 1205 3085 in
1259 3031 1620 3096 hominibus,
1681 3036 1738 3087 et
1776 3033 2100 3102 praesertim

450 3121 759 3191 maximas,
785 3137 911 3191 quas
941 3120 1014 3175 ad
1038 3119 1437 3175 defensionem
1473 3121 1544 3174 ab
1566 3120 1726 3175 omni
1759 3120 1913 3176 malo
1945 3122 2099 3193 quod

447 3212 509 3266 in
541 3210 761 3264 mundo
792 3224 923 3263 esse
954 3211 1164 3279 potest,
1197 3207 1256 3261 in
1280 3207 1395 3262 alto
1426 3208 1610 3279 gradu
1643 3208 1939 3263 aedificata:
1961 3211 2100 3263 sunt

2222 622 2570 698 μακαριστέα.
2605 623 2670 680 Εἰ
2729 620 2786 678 δὲ
2838 622 2928 676 καὶ
2985 619 3234 693 Θάνατος,
3266 620 3395 677 ἀλλ’
3424 625 3581 686 οὗτος
3635 623 3768 680 οὐδέν
3793 648 3831 682 τι

2217 713 2312 765 τοῦ
2361 717 2552 788 νοεροῦ
2601 709 3016 788 παρακερδήσας
3044 756 3058 782 ,
3105 709 3230 765 οὐδὲ
3275 716 3370 766 τοῦ
3417 719 3520 782 τῆς
3568 719 3700 784 ζωῆς
3737 737 3831 770 και-

2219 806 2316 874 ροῦ
2345 801 2762 876 νοσφισάμενος,
2814 800 2936 854 οὕτε
2977 801 3086 873 μὴν
3133 803 3494 864 κατακλείσας
3539 803 3599 857 τὸ
3637 810 3831 881 φρονοῦν

2219 889 2293 951 εἷς
2326 887 2618 964 ἄπρακτον,
2653 890 2743 945 καὶ
2787 894 2864 960 τῷ
2916 886 3389 945 οἷκοδεσποτοῦντι
3446 890 3696 966 λογισμῷ
3742 892 3832 947 ἐπι-

2217 974 2678 1050 ϐουλευσάμενος,
2730 977 3065 1042 ἀπελθόντος
3095 975 3154 1032 δὲ
3181 983 3262 1052 τῷ
3306 978 3536 1053 οἰκίσκῳ
3567 981 3830 1054 καταμόνας

2217 1065 2556 1140 ἐπιθέμενος,
2590 1067 2679 1122 καὶ
2710 1065 2846 1122 κατᾶ
2876 1066 3069 1121 ἑαυτοῦ
3103 1063 3399 1143 δεδρακώς.

2288 1249 2383 1303 σθ’.
2420 1246 2516 1301 Καὶ
2573 1245 2747 1308 οὕτως
2790 1245 2817 1298 ὁ
2872 1245 2967 1317 μὶν
3029 1243 3285 1320 βασιλεὺς
3341 1244 3598 1321 εὐλογίαν
3653 1248 3742 1316 τήν
3789 1247 3831 1302 tu

2217 1341 2351 1391 Θεοῦ
2381 1334 2660 1396 λελοιπὼς
2791 1354 2850 1388 τε
2880 1333 3143 1409 ὁμοζύγῳ
3175 1331 3452 1409 δεσποίνῃ,
3485 1335 3573 1390 καὶ
3601 1341 3676 1408 τῷ
3708 1338 3830 1410 βασι-

2217 1422 2305 1479 λεῖ
2332 1426 2527 1496 τέκνῳ,
2571 1425 2670 1478 καὸ
2714 1429 2833 1485 τοῖς
2884 1419 3080 1485 ἄλλοις
3132 1420 3190 1478 δὲ
3237 1422 3358 1478 ὅσοι
3403 1425 3468 1479 τὸ
3522 1424 3660 1500 ἱερὸν
3689 1424 3831 1501 περιί-

2219 1534 2409 1568 σταντο
2467 1514 2735 1584 σκήνωμα
2767 1554 2780 1579 ,
2833 1518 3077 1580 συνῆπτο
3131 1518 3250 1576 τοῖς
3299 1512 3564 1568 ἀνωτάτω
3609 1514 3826 1589 τάγμασι,

2215 1603 2415 1672 καὶτῷ
2446 1596 2788 1674 παμϐασιλεῖ
2834 1607 3073 1675 παρέστη
3125 1605 3264 1673 Θεῷ,
3305 1602 3369 1656 οὗ
3399 1604 3537 1674 πρὸς
3588 1605 3827 1679 θεραπείωδ

2216 1692 2295 1746 isi
2324 1692 2422 1758 τὴν
2459 1688 2735 1766 βασιλείαν
2789 1689 3104 1747 άπεύθυνεν.
3155 1691 3220 1748 Ἡ
3263 1689 3321 1746 δὲ
3364 1691 3535 1754 πόλις
3566 1692 3661 1747 οὐκ
3700 1691 3753 1747 ἂν
3779 1695 3828 1746 εἶ-

2213 1802 2308 1843 πες
2366 1780 2577 1850 οἷ’κησιν
2625 1778 2791 1846 αὐτὴν
2839 1778 3134 1852 ἀνθρώπων
3183 1779 3318 1834 εἶναι
3367 1783 3555 1856 φωνήν
3607 1779 3827 1857 ἐχόντων·

2214 1869 2337 1924 ἀλλ’
2366 1868 2565 1938 ἤθελον
2599 1868 2790 1941 μηκέτ’
2840 1867 2992 1922 εἶναι.
3027 1869 3130 1922 Καὶ
3182 1869 3278 1922 τοῦ
3331 1867 3592 1942 θεμελίου
3621 1871 3824 1925 ὑποσπε-

2213 1957 2452 2028 σθέντος,
2503 1957 2590 2012 καὶ
2641 1957 2790 2011 αὐτοὶ
2853 1956 3310 2031 συγκατέπιπτον·
3360 1958 3455 2013 καὶ
3506 1961 3568 2014 τὸ
3619 1963 3706 2013 τοῦ
3737 1958 3827 2033 βίου

2214 2052 2327 2124 φῶς
2359 2045 2797 2113 ἀπολωλεκότες,
2829 2047 2928 2114 τὴν
2963 2044 3111 2110 ἐντὸς
3138 2045 3288 2109 ἐκτὸς
3322 2047 3612 2126 ὑπέφαινον
3662 2045 3825 2121 μέλαν-

2213 2158 2318 2206 σιν,
2353 2137 2689 2213 ζοφώσαντες
2720 2135 2968 2201 ἑαυτοὺς,
2989 2136 3076 2190 καὶ
3111 2140 3191 2206 τῷ
3220 2136 3460 2210 τοιούτῳ
3491 2139 3632 2214 νέφει
3663 2135 3827 2209 ὁμόλο-

2213 2248 2310 2302 γον
2343 2227 2515 2294 ὑετὸν,
2548 2226 2610 2279 τὸ
2642 2223 2867 2298 δαψιλὲς
2897 2223 3085 2300 δάκρυ,
3110 2226 3462 2300 κατάγοντες.
3487 2225 3591 2282 Κᾶν
3621 2225 3823 2300 ἐξέλιπον

2213 2317 2286 2379 είς
2317 2317 2380 2372 τὸ
2410 2315 2691 2384 παντελὲς,
2727 2315 2771 2370 εἷ
2807 2316 2883 2388 μὴ
2932 2317 3023 2370 τὸν
3069 2320 3166 2370 τοῦ
3216 2317 3481 2390 θεμελίου
3528 2318 3688 2374 τόπον
3723 2315 3827 2370 έκεῖ-

2211 2426 2300 2459 νον
2329 2406 2660 2481 ἀρτιωθέντα
2708 2403 2874 2472 εἶδον,
2923 2404 3051 2468 τοὺς
3101 2403 3345 2480 βασιλεῖς
3393 2409 3578 2480 ἡμῶν,
3602 2408 3692 2475 τὴν
3721 2407 3826 2460 Osto-

2210 2493 2375 2564 τάτην
2425 2495 2693 2571 κορυφὴν,
2748 2495 2800 2548 οἳ
2857 2495 2956 2563 τὴν
3016 2497 3113 2548 τοῦ
3169 2495 3408 2569 κράτους
3470 2495 3667 2574 ὀροφὴν
3719 2497 3823 2565 ἡμῖν

2213 2584 2595 2658 ὑπανέχουσιν.
2654 2582 2761 2645 Οὓς
2819 2584 2906 2637 καὶ
2963 2578 3047 2653 εἷή
3109 2587 3390 2660 συντηρῶν
3440 2585 3646 2661 παγίως
3687 2577 3822 2659 βεϐη-

2211 2673 2374 2735 κότας
2425 2674 2452 2727 ὁ
2505 2671 2666 2747 μέγας
2716 2669 3012 2745 οἰκοδόμος
3058 2672 3208 2734 Θεὸς.
3258 2674 3287 2728 ὁ
3346 2675 3425 2747 μή
3482 2671 3640 2748 μόνον
3670 2668 3821 2734 πόλεις

2212 2759 2544 2834 οἰκοδομῶν,
2575 2758 2636 2823 ἃς
2671 2759 2715 2814 εί
2751 2761 2826 2834 μή
2874 2759 3096 2839 φυλάξει
3148 2760 3333 2829 αὐτὸς,
3367 2762 3448 2826 εἷς
3501 2764 3666 2838 μάτην
3695 2761 3824 2836 ἀγρυ-

2210 2853 2542 2922 πνηθήσεται
2581 2852 2616 2920 ἡ
2659 2846 2899 2928 φυλακή·
2953 2847 3101 2906 ἀλλὰ
3155 2849 3243 2906 καὶ
3293 2850 3632 2923 πηλοποιΐαν
3683 2848 3821 2906 πλάτ-

2209 2961 2316 2996 των
2378 2939 2455 3002 εῗς
2511 2939 2574 2993 τὸ
2627 2939 2969 3013 στερέμνιον,
3030 2938 3119 2994 καὶ
3178 2936 3362 3003 οἴκους
3421 2941 3591 3004 οέτως
3647 2935 3822 2996 οἰκοδο·

2215 3034 2354 3103 μῶν,
2379 3027 2506 3090 τούς
2544 3048 2603 3082 τε
2634 3025 2839 3092 ἄλλους
2862 3027 2991 3092 τοὺς
3034 3027 3085 3083 ἰν
3136 3029 3480 3103 ἀνθρώποις,
3506 3031 3594 3086 καὶ
3628 3026 3819 3103 μάλιστα

2209 3117 2336 3180 τοὺς
2389 3119 2699 3191 μεγίστους,
2733 3117 2785 3171 οἳ
2833 3117 2970 3193 πρὸς
3014 3115 3266 3192 ἀλεωρὴν
3305 3121 3512 3182 παντὸς
3549 3123 3704 3175 κακοῦ
3746 3118 3816 3171 τοῦ

2212 3207 2264 3262 ἐν
2317 3207 2511 3280 κόσμῳ
2560 3203 3016 3278 ἀνῳκοδόμηνται
3074 3206 3224 3280 (τοὺς
3283 3208 3532 3284 βασιλεῖς
3590 3207 3740 3283 λέγω,
3780 3203 3811 3256 tv

450 3300 638 3371 (reges
661 3303 856 3352 autem
881 3269 1008 3351 dico
1033 3299 1088 3351 in
1109 3269 1324 3366 quibus
1349 3269 1650 3368 fastigium
1675 3296 2097 3367 consistit),qui

2217 3299 2294 3358 οἷς
2333 3297 2396 3351 τὸ
2443 3296 2784 3372 κορυφαῖον),
2835 3296 2886 3348 οἱ
2927 3297 3044 3359 καθ’
3086 3298 3259 3368 ἡμᾶς,
3283 3269 3383 3352 Ιὧν
3423 3305 3529 3369 τῆς
3563 3269 3816 3372 εὐεργεσίας

447 3404 611 3460 reges
642 3387 968 3442 secundum
1003 3402 1127 3449 nos,
1181 3401 1430 3455 quorum
1466 3385 1611 3439 bene
1659 3385 1842 3456 gestis
1865 3386 1990 3455 jam
2025 3389 2097 3441 ab

447 3477 681 3532 exordio
731 3492 942 3530 cursus
994 3473 1350 3544 imperatorii
1403 3473 1682 3527 cumulati
1727 3492 1972 3530 sumus:
2003 3493 2100 3529 ca-

447 3565 611 3636 piant
659 3564 898 3634 quidem
948 3563 1085 3617 indc
1135 3561 1328 3616 omnis
1391 3564 1471 3616 rei
1529 3565 1859 3625 exordium.
1906 3565 2100 3620 adhuc

444 3669 579 3708 vero
612 3652 869 3724 amplius
917 3651 1347 3705 incrementum
1398 3657 1640 3705 curante
1692 3653 2101 3709 similitudinis

448 3756 583 3796 cum
618 3745 729 3795 Deo
760 3757 862 3811 per
922 3738 1312 3795 beneficentia
1368 3740 1692 3808 talentum;
1753 3743 1908 3812 quod
1957 3742 2101 3814 ipsis

447 3830 549 3885 illa
580 3834 863 3900 tanquam
897 3829 1066 3884 bonis
1097 3827 1304 3883 villicis
1343 3830 1666 3898 proposuit,
1697 3831 1952 3902 amplius
1984 3833 2099 3887 dif-

446 3918 614 3973 fundi
629 3918 826 3974 volens
845 3919 1065 3972 bonum
1087 3918 1412 3972 secundum
1429 3918 1687 3973 divinam
1709 3920 2096 3977 imitationem

443 4011 501 4064 et
533 4007 700 4079 plura
729 4023 856 4063 esse
883 4007 1168 4062 beneficia
1207 4013 1438 4077 recepta
1469 4012 1520 4062 et
1555 4007 1783 4063 collata.

512 4099 601 4152 80.
632 4097 971 4152 Sermonem
998 4096 1266 4166 produxi,
1288 4113 1320 4150 ο
1343 4095 1508 4151 beate
1529 4114 1643 4162 rex,
1666 4103 1954 4168 quantum
1975 4117 2100 4172 per-

445 4186 717 4241 mittebat
748 4191 1000 4256 tempus.
1034 4185 1260 4240 Dixisse
1291 4185 1472 4252 enim,
1508 4193 1797 4257 quantum
1830 4190 2097 4255 facultas,

445 4276 516 4331 de
547 4275 655 4329 hoc
687 4291 818 4329 vero
853 4275 1196 4344 vituperatio
1230 4291 1300 4329 ne
1323 4275 1380 4328 in
1407 4293 1498 4329 me
1520 4277 1689 4330 cadat
1719 4279 1818 4349 qui
1851 4281 2097 4350 tempori

445 4364 738 4434 parcendo
793 4363 853 4416 in
912 4379 1182 4417 sermone
1241 4379 1368 4418 meo
1445 4365 1720 4420 decorum
1778 4368 2096 4424 observari.

445 4452 614 4507 Absit
643 4452 824 4523 igitur
857 4452 1129 4507 nemesis.

2214 3387 2264 3458 ἐξ
2295 3386 2467 3441 αὐτῶν
2501 3383 2608 3456 ἤδη
2657 3381 2932 3459 βαλϐίδων
2977 3389 3073 3439 τοῦ
3119 3392 3218 3456 τῆς
3272 3385 3690 3462 αὐτοκρατορίας
3724 3381 3815 3456 δρό-

2214 3497 2318 3548 μου
2378 3471 2858 3548 ἀνεπιμπλάμεθα.
2921 3470 3204 3530 Λαϐόντων
3259 3477 3353 3549 μὲν
3416 3476 3617 3542 ἐκεῖθεν
3671 3472 3816 3528 τὸτοῦ

2209 3563 2412 3625 παντὸς
2470 3559 2755 3634 ἐνδόσιμον
2794 3607 2807 3632 ,
2867 3563 3416 3636 προσεπαυξανόντων
3502 3563 3558 3620 δὲ
3625 3561 3704 3617 καὶ
3752 3554 3814 3612 ἐπὶ

2210 3652 2375 3707 πλέον
2408 3653 2468 3706 τὸ
2517 3651 2802 3724 ἐξομοιοῦν
2844 3655 2959 3722 Θεῷ
3005 3659 3110 3721 τῆς
3163 3653 3475 3728 εὐεργεσίας
3519 3644 3816 3709 τάλαντον·ὖ

2211 3740 2276 3810 δὴ
2325 3741 2505 3802 αὐτοῖς
2569 3741 2769 3802 ἐκεῖνος
2820 3741 2894 3801 ὡς
2941 3741 3163 3816 ἀγαθοῖς
3213 3741 3534 3815 οἰκονόμοις
3578 3736 3811 3816 παρέθετο,

2210 3829 2380 3885 Θέλων
2415 3829 2501 3884 ἐπὶ
2549 3829 2716 3886 πλέον
2767 3836 2996 3905 χεθῆναι
3030 3831 3092 3884 τὸ
3142 3831 3341 3905 ἀγαθὸν
3389 3835 3529 3887 κατὰ
3576 3830 3702 3886 θείαν
3747 3821 3812 3896 μί·

2215 3941 2401 3994 μησιν,
2432 3918 2522 3973 καὶ
2574 3919 2707 3974 εἶναι
2754 3917 2929 3974 πλείω
2971 3917 3038 3974 τὰ
3084 3919 3526 3996 εὐεργετούμενοι,
3557 3921 3640 3976 καί
3688 3937 3737 3991 γε
3766 3910 3814 3965 τὰ

2211 4009 2638 4084 εὐεργετήματα.

2282 4100 2353 4154 π’.
2386 4096 2729 4170 Ὼσιωσάμην
2778 4098 2871 4152 τὸν
2923 4096 3114 4171 λόγον,
3167 4098 3211 4152 ὧ
3264 4101 3564 4174 μακαριστὶ
3612 4091 3813 4172 βασιλεῦν

2211 4187 2288 4250 εἰς
2321 4189 2444 4242 ὅσον
2493 4185 2774 4261 ἐπεμέτρει
2824 4185 3032 4258 καιρός.
3079 4187 3265 4242 Εἶπεῖν
3313 4187 3438 4264 γὰρ,
3495 4188 3568 4244 εἶτ
3616 4186 3724 4240 ὅσον
3749 4174 3817 4231 καὶ

2211 4275 2461 4349 δύναμις,
2497 4275 2596 4330 οὐκ
2625 4273 2684 4330 ἂν
2721 4273 2921 4345 ἀληθὲς
2971 4273 3340 4350 ἅπελεγχθείη
3397 4298 3514 4350 μοι,
3547 4265 3816 4344 ἐνδαψιλευ-

2210 4367 2429 4437 σαμένῳ
2472 4365 2563 4419 καὶ
2609 4363 2810 4440 χρόνον
2860 4363 3076 4419 ἐοικότα
3123 4365 3210 4419 καὶ
3243 4366 3306 4420 τὸ
3335 4369 3434 4431 τῆς
3473 4363 3643 4422 ἀδείας
3665 4351 3816 4412 καλόν·

2211 4453 2456 4510 ’Δπέστω
2489 4452 2546 4509 δὲ
2576 4453 2814 4528 νέμεσις.

449 4626 3811 4657 _____________________________________________________._..—

1793 4821 2527 4953 EJUSDEM

1176 5077 1711 5166 EPISTULA
1776 5084 1918 5166 AD
1980 5079 3146 5170 THESSALONICENSES-

2120 5297 2199 5309 -ο

521 5471 572 5524 4.
605 5470 660 5524 Si
693 5487 798 5543 ego
856 5473 1084 5544 primus
1141 5474 1293 5529 hanc
1352 5473 1786 5529 institutionem
1827 5474 2103 5546 epistola-

2289 5482 2352 5531 α’.
2391 5473 2456 5530 Εἴ
2505 5473 2601 5546 μὲν
2652 5473 2758 5547 ἓγὼ
2809 5473 3027 5548 πρῶτος
3077 5469 3460 5544 διαπόμπιμον
3495 5451 3812 5548 διδασκαλίρέ

457 5574 590 5625 rem,
624 5576 655 5612 ο
688 5559 917 5630 fratres,
952 5563 1022 5616 ad
1057 5580 1157 5618 v03
1209 5562 1530 5629 misissem,
1592 5563 1724 5618 novi
1763 5563 1903 5634 quid
1939 5580 2111 5636 agere

453 5647 702 5702 fortasse
734 5664 1058 5706 accusarer.
1084 5651 1228 5707 Cum
1258 5656 1450 5708 autem
1477 5669 1591 5708 non
1625 5651 1853 5724 primus
1885 5651 1993 5708 hac
2019 5653 2112 5710 via

455 5734 792 5806 procedam,
819 5739 918 5793 sed
943 5742 1356 5812 perantiquam
1379 5740 1868 5799 consuetudinem
1898 5758 2114 5814 sequar

2225 5562 2269 5617 ὦ
2320 5561 2568 5640 ἀδελφοὶ,
2619 5559 2890 5632 ἐξέπειλα
2936 5561 3162 5632 ταύτην,
3214 5561 3487 5638 ἐνέτρεψεν
3534 5555 3588 5612 ἄν
3628 5567 3699 5607 τις
3743 5532 3814 5640 ἒιξὶ

2224 5661 2322 5723 τῆς
2380 5633 2765 5725 καινοπραξίας
2827 5648 2980 5713 ἴσως.
3039 5653 3158 5706 Ὅτι
3217 5648 3274 5706 δὲ
3327 5633 3639 5725 οὖῄπροάγω
3681 5633 3812 5725 ἀῆχ⁶⁶

2227 5718 2406 5819 μενος,
2449 5718 2591 5798 ἀλλ’.
2624 5718 2981 5797 ἐπακολουθῶ
3029 5739 3338 5819 παλαιτάτῃ
3382 5718 3588 5816 μεθόδῳ
3610 5718 3808 5786 τοιαύτῃ,
