4066 6382
300 419 455 482 1033
1322 416 1704 482 EPISTOLA
1745 422 1851 481 AD
1892 420 1933 481 Ἰ

2045 417 2711 483 ISSALONICENSES.
3560 417 3717 480 1034

194 594 200 599 ι
286 551 384 608 ’καὶ
447 551 604 625 ζήλῳ
657 554 768 607 τῶν
824 551 1300 628 προηγησαμὲνων
1341 549 1604 625 ἐνάγομαι
1661 550 1738 613 εἷς
1799 549 1933 627 ἔργοε

2066 557 2123 608 et
2152 552 2419 625 exemplo
2453 553 2745 623 majorum
2774 551 2849 608 ad
2892 551 3049 607 idem
3083 550 3415 609 faciendum
3444 549 3714 619 inducar,

294 640 517 714 ὅμοιον,
573 641 629 695 εὗ
688 637 804 715 ἔχω
859 640 1256 711 πεποιθήσεως,
1308 639 1555 716 εὑρέσθαι
1613 640 1933 715 συγγνώμης

2062 641 2587 712 persuasissimum
2644 641 2833 697 habeo
2892 640 3015 697 fore
3074 644 3138 697 ut
3192 640 3374 712 hujus
3432 638 3716 694 imitatio-

288 737 392 800 τῆς
422 731 734 802 μιμήσεως,
764 727 831 783 τά
857 750 916 785 τε
943 726 1109 801 ἄλλα,
1139 728 1229 784 καὶ
1263 726 1401 783 διότι
1456 728 1610 804 λόγῳ
1658 728 1748 784 καὶ
1792 728 1933 802 νόμιθ

2062 731 2155 788 nis
2174 732 2344 788 venia
2373 732 2725 788 concedatur
2755 735 2810 786 et
2852 731 3178 799 omnino,et
3220 730 3359 801 quia
3393 729 3511 785 alia
3567 727 3713 784 scri-

286 818 524 890 τοιούτῷ
542 818 633 873 καὶ
665 820 719 874 οἷ’
748 815 936 881 ἄλλως
968 816 1381 891 ἐπιστολιμαῖοι
1420 816 1585 893 λόγοι
1616 816 1933 893 ἐξεύρηνταιι

2061 826 2157 892 pta
2186 820 2523 892 epistolaria
2556 821 2768 893 partim
2791 821 2978 876 forma
3007 821 3221 892 partim
3254 821 3601 891 argumento
3624 834 3716 873 eo-

292 905 549 976 Λαλητὸν
596 907 698 983 γὰρ
754 912 893 977 ζῶον
952 904 1098 970 ὄντες
1136 908 1188 961 οἱ
1240 904 1540 983 ἄνθρωποι,
1572 907 1663 962 καὶ
1712 904 1785 961 δι’
1814 907 1933 962 αὖτε

2059 909 2191 965 dem
2227 911 2397 965 modo
2428 914 2663 966 exarata
2693 912 2852 965 sunt.
2914 909 3059 964 Cum
3121 908 3279 964 enim
3320 908 3590 963 homines
3621 904 3711 962 lo-

289 992 614 1074 φιλολόγον,
645 998 734 1052 καὶ
777 996 921 1052 οὕτω
969 994 1348 1072 φιλάλληλον,
1381 995 1623 1061 συνόντες
1669 996 1763 1070 μὶν
1814 997 1933 1070 ὁμι-

2058 999 2272 1068 quendi
2306 998 2579 1055 facultate
2611 998 2838 1069 prcediti
2872 998 3011 1065 sint,
3061 1014 3178 1070 quo
3224 998 3289 1052 ﬁt
3348 1000 3412 1052 ut
3440 995 3711 1052 lubenter

288 1085 446 1143 λοῦσι
486 1086 553 1142 τὰ
605 1086 753 1160 σφίσι
794 1084 945 1164 φίλα¹
979 1085 1069 1141 ὅτε
1117 1083 1175 1141 δὲ
1198 1086 1288 1141 καὶ
1320 1084 1550 1141 δισταῐεν
1582 1087 1719 1141 κατά
1750 1084 1944 1155 τόπον,

287 1176 566 1231 ὁσιοῦνται
615 1176 683 1230 τά
730 1178 830 1245 τῆς
889 1172 1088 1238 λαλιᾶς
1137 1174 1600 1245 ἀποστόλοις,πῆ
1649 1177 1743 1249 μὶν
1779 1179 1942 1245 ζῶσιν

285 1262 625 1341 ἐλλογίμως,
673 1268 754 1335 πῆ
810 1262 870 1319 δὲ
914 1264 1151 1340 ἀψύχοις
1198 1265 1317 1338 μὲν,
1373 1265 1710 1338 ἠσκημένοις
1759 1262 1818 1320 δὲ
1866 1265 1943 1328 εἰς

281 1354 676 1432 προσφώνησιν
727 1358 1013 1430 γραμμαῖς
1060 1359 1356 1429 τεχνικαῖς,
1386 1359 1506 1416 ταῖς
1557 1352 1647 1409 διὰ
1706 1352 1942 1428 μὲλανος

281 1448 579 1522 γραφικοῦ.
623 1444 725 1499 Καὶ
754 1442 935 1498 τοίνυν
968 1442 1210 1517 ἐννόμως
1266 1442 1410 1499 οὕτω
1470 1441 1739 1499 διδάσκων
1775 1445 1939 1517 ὑμᾶς,

283 1532 383 1588 ὅσα
435 1532 525 1588 καὶ
581 1533 762 1609 πατὴρ
819 1534 982 1601 θεῖος,
1012 1532 1169 1588 τέκνα
1207 1534 1550 1607 πνευματικά
1605 1533 1663 1588 ἐκ
1719 1530 1942 1605 διαστή-

288 1642 459 1696 ματος
516 1619 699 1695 τοῦδε,
731 1622 760 1677 ὃ
817 1620 906 1677 καὶ
963 1620 1093 1678 αὐτὸ
1141 1620 1270 1685 Θεὸς
1326 1624 1464 1696 ἡμῖν
1505 1622 1578 1684 ὡς
1608 1621 1943 1701 ἐφαμάρτοις

284 1709 524 1785 διώρισε,
584 1715 777 1786 πρῶτα
837 1712 932 1785 μὲν
993 1710 1161 1787 εὐχὰς
1207 1709 1368 1773 αύτύς
1423 1731 1482 1766 τε
1527 1715 1821 1785 ποιοῦμαι,
1852 1719 1941 1773 καὶ

282 1800 333 1871 ἐξ
376 1800 527 1874 ὑμῶν
578 1799 987 1877 προκαλοῦμαι,
1043 1802 1120 1873 μὴ
1171 1799 1248 1865 εἷς
1286 1800 1440 1855 κενὸν
1501 1799 1767 1871 λαλῆσαι,
1815 1798 1942 1859 ἀλλ’

282 1890 465 1964 ὥσπερ
496 1888 549 1944 ἐν
579 1893 659 1961 τῷ
687 1894 959 1965 παρεῖναι,
991 1888 1137 1945 οὕτω
1165 1887 1255 1945 καὶ
1284 1888 1487 1944 ἀπόντα
1534 1889 1723 1966 χώραν
1765 1888 1936 1967 εὑρέἷν

283 1999 352 2053 με
407 1978 578 2055 φίλης
634 1977 947 2051 ἀκροάσεως
987 1979 1114 2053 παρ’
1148 1978 1297 2052 ὑμῖν·
1330 1978 1442 2033 εἶτα
1486 1977 1576 2034 καὶ
1628 1976 1785 2033 λαΛῶ
1839 1978 1938 2035 οὐκ

279 2067 621 2146 ἀσύμφωνα,
688 2068 770 2129 οἷς
842 2067 1043 2144 φθάσας
1133 2063 1585 2144 βιϐλιοφυλακεῖν
1672 2067 1802 2141 ύμῖν
1880 2068 1932 2124 ἰν

276 2153 524 2233 καρδίαις
583 2156 789 2235 ἀφῆκα,
849 2156 1090 2231 ἐχόμενα
1144 2153 1202 2210 δὲ
1257 2157 1472 2218 πάντως
1545 2154 1784 2229 ἐκείνων,
1843 2158 1934 2212 καὶ

280 2245 622 2323 στρεφόμενα
651 2244 703 2299 ἐν
752 2251 869 2309 τοῖς
917 2244 1121 2307 αὐτοῖς.
1157 2246 1253 2299 Καὶ
1285 2243 1396 2301 ἔστι
1425 2248 1586 2300 τοῦτο
1636 2251 1932 2309 Δαυξτικῶς

276 2333 370 2389 καὶ
428 2333 481 2388 ἐν
538 2332 663 2406 ἐμοὶ
711 2331 1076 2409 ἀδολεσχημα
1104 2332 1154 2389 ἐν
1190 2331 1519 2407 δικαιώμασι
1550 2335 1775 2411 Κυρίου,
1803 2335 1932 2392 ταῦ-

278 2423 369 2478 τὸν
425 2419 471 2477 δ’
503 2422 694 2491 εἰπεῖν,
745 2421 797 2477 ἐν
836 2420 1159 2498 διδάγμασιν
1209 2424 1495 2499 ἀρέσκουσι
1541 2422 1622 2496 τῷ
1679 2428 1817 2496 Θεῷ.
1851 2425 1933 2481 Οὐ

282 2511 388 2587 γὰρ
441 2509 503 2565 ἄν
566 2532 649 2573 τις
728 2508 1065 2588 δυσπραγοίη
1142 2512 1317 2587 ψόψον
1386 2514 1528 2581 τινὰ,
1589 2511 1933 2586 δικαιώματα

281 2599 480 2676 Κυρίου
538 2601 628 2655 καὶ
685 2605 823 2656 νοῶν
880 2601 968 2660 καὶ
1027 2601 1340 2677 προφέρων,
1366 2602 1435 2656 τὸ.
1482 2601 1533 2657 ἐν
1581 2602 1929 2676 τῷξκαθόλου

275 2687 591 2745 δικαιοῦντα
618 2689 709 2744 καὶ
738 2691 831 2745 τὸν
869 2688 1192 2746 διδάσκοντα
1236 2692 1326 2746 καὶ
1373 2692 1465 2746 τὸν
1521 2688 1927 2764 διδασκόμενον

276 2779 371 2833 τὸν
436 2778 554 2852 μὲν,
586 2778 661 2840 ὡς
716 2779 784 2834 τὰ
831 2783 930 2835 τοῦ
979 2784 1114 2836 Θεοῦ
1146 2779 1564 2851 λαλοῦντα,’τὸν
1615 2778 1692 2851 δὲ,
1726 2781 1800 2843 ὡς
1854 2782 1929 2855 μὴ

280 2872 581 2944 παρήκοον.
624 2870 723 2925 Καὶ
756 2868 899 2924 οὕτω
933 2869 1029 2943 μὲν
1060 2868 1166 2947 ἐγὼ
1197 2867 1356 2925 λαλῶ
1403 2869 1521 2948 ἄρτι
1575 2871 1711 2948 πρὸς
1768 2870 1929 2945 ὑμᾶς,

281 2956 343 3012 οὐ
373 2958 492 3013 κκτ⁹
522 2954 647 3033 ὄψιν
678 2956 896 3033 ἀμέσως
946 2958 1084 3023 καθά
1140 2958 1247 3035 πρὸ
1296 2958 1527 3033 τούτων,
1563 2960 1637 3022 ὡς
1694 2959 1792 3034 ἐμὲ
1833 2960 1927 3033 μὲν

279 3042 572 3116 διδάσκειν,
607 3047 748 3121 ὑμᾶς
797 3045 855 3102 δὲ
901 3047 1114 3103 ἀκούειν
1174 3046 1235 3103 ἐκ
1280 3052 1377 3104 τοῦ
1425 3056 1789 3125 παραχρῆμα,
1839 3049 1929 3105 καί

269 3155 381 3189 που
453 3130 602 3212 ἔχειν
681 3134 877 3190 αύτικα
943 3135 1172 3212 ἐρωτᾷν,
1236 3135 1288 3191 εἶ’
1336 3137 1390 3193 τί
1445 3158 1551 3193 που
1627 3139 1929 3212 παραπέσοι

271 3225 505 3301 ἀπορίας
563 3222 733 3299 ἄξιον,
792 3226 881 3280 καὶ
938 3227 1038 3296 τήν
1097 3224 1250 3281 λύσιν
1309 3225 1361 3297 ἐξ
1414 3229 1574 3301 ἡμῶν
1601 3232 1804 3298 ζητεῖν,
1839 3226 1929 3283 καὶ

2057 1086 2470 1159 colloquantur
2489 1095 2546 1143 et
2576 1104 2703 1143 sese
2747 1087 2995 1159 diligant
3024 1087 3295 1153 invicem,
3346 1086 3583 1159 quando
3615 1101 3708 1141 eo-

2055 1177 2189 1231 dem
2224 1176 2351 1233 loco
2373 1178 2614 1249 degunt,
2647 1178 2718 1233 de
2778 1179 2954 1233 rebus
2984 1177 3097 1233 sibi
3126 1176 3320 1233 charis
3351 1192 3702 1232 conversan-

2052 1270 2181 1321 tur:
2212 1268 2449 1338 quando
2480 1272 2675 1323 autem
2716 1266 2859 1323 locis
2915 1270 3284 1339 separantur,
3336 1264 3702 1321 conversatio

2052 1354 2478 1410 transmittitur
2534 1372 2637 1427 per
2690 1355 2950 1422 nuntios,
2996 1370 3153 1409 nunc
3212 1355 3372 1409 vivos
3402 1358 3459 1409 et
3486 1353 3702 1409 diserte

2054 1442 2380 1514 loquentes,
2408 1461 2563 1500 nunc
2596 1450 2858 1500 mortuos
2916 1444 3179 1515 quidem,
3233 1445 3335 1499 sed
3378 1445 3449 1500 ad
3480 1442 3700 1499 allocu-

2053 1530 2273 1587 tionem
2300 1537 2469 1604 aptos
2500 1531 2684 1604 signis
2708 1530 3041 1588 artificiosis
3070 1532 3397 1587 atramento
3427 1529 3699 1588 exaratis°

2052 1618 2143 1674 Sic
2174 1619 2640 1693 igiturlegitime
2695 1638 2796 1676 vos
2848 1620 3139 1689 erudiens,
3186 1620 3271 1676 uti
3331 1623 3496 1692 pater
3550 1617 3698 1675 divi-

2054 1725 2186 1778 nus,
2219 1709 2473 1765 infantes
2503 1709 2837 1781 spiritualcs
2868 1726 2898 1765 e
2928 1709 3347 1782 longinquo,ad
3381 1709 3537 1782 quod
3573 1725 3698 1765 mu-

2054 1816 2166 1855 nus
2198 1818 2303 1856 nos
2337 1807 2670 1873 peccatores
2699 1801 2855 1858 Deus
2913 1800 3251 1869 destinavit,
3313 1804 3447 1858 aute
3500 1800 3701 1857 omnia

2052 1906 2257 1961 precor
2277 1896 2334 1947 et
2365 1895 2427 1946 ut
2441 1907 2667 1947 mecum
2683 1890 3385 1963 preceminiexhortor,ne
3400 1890 3697 1946 incassum

2045 1977 2219 2034 verba
2246 1978 2483 2049 faciam,
2513 1980 2613 2036 sed
2648 1984 2730 2049 ut,
2754 1979 3252 2051 quemadmodum
3306 1995 3586 2052 premens,
3615 1977 3697 2034 ita

2044 2066 2222 2123 etiam
2253 2068 2465 2125 absens
2496 2068 2747 2125 libenter
2784 2072 3123 2141 attenteque
3154 2086 3189 2125 a
3241 2069 3407 2125 vobis
3465 2068 3692 2139 audiar,

2044 2154 2340 2225 siquidem
2371 2156 2580 2229 loquor
2608 2174 2724 2213 non
2756 2156 2987 2213 diversa
3009 2158 3082 2212 ab
3133 2158 3371 2229 iis-quae
3408 2157 3574 2214 vobis
3632 2157 3693 2212 in

2044 2243 2272 2301 intimis
2303 2245 2569 2302 cordium
2600 2247 2928 2303 recessibus
2959 2248 3360 2303 conservanda
3390 2246 3553 2319 prius
3576 2252 3695 2303 tra-

2044 2331 2311 2401 didi,sed
2344 2351 2474 2406 quas
2517 2351 2761 2406 prorsus
2791 2351 2927 2391 cum
2969 2334 3087 2391 illis
3144 2334 3474 2391 cohaereant
3529 2338 3588 2390 et
3634 2335 3695 2392 in

2044 2423 2245 2477 eodem
2280 2430 2587 2479 versentur
2619 2427 2988 2497 argumento.
3038 2423 3300 2479 Vertitur
3328 2429 3525 2480 autem
3575 2441 3700 2480 ora-

2045 2508 2123 2564 tio
2156 2527 2311 2578 mea,
2342 2518 2405 2566 ut
2435 2528 2569 2566 cum
2605 2512 2815 2568 Davide
2846 2511 3139 2583 loquar,in
3165 2511 3698 2584 justilicationibus

2049 2597 2301 2667 Domini,
2324 2600 2435 2655 hoc
2464 2605 2554 2655 est
2596 2600 2653 2654 in
2688 2601 2973 2656 doctrinis
2995 2617 3124 2672 quae.
3155 2600 3270 2657 Deo
3303 2600 3551 2672 placent.
3585 2601 3698 2658 Ne-

2045 2706 2159 2760 que
2191 2690 2348 2745 enim
2379 2690 2670 2762 vituperio
2701 2691 2918 2762 dignus
2952 2691 3126 2748 fuerit
3162 2691 3261 2764 qui
3279 2696 3473 2749 mente
3502 2697 3699 2750 versat

2042 2788 2100 2839 et
2131 2782 2321 2837 verbis
2355 2782 3058 2854 profertjustiﬁcationes
3103 2782 3361 2854 Domini,
3402 2787 3460 2840 et
3503 2785 3696 2857 magi-

2041 2877 2233 2929 strum
2261 2875 2319 2927 et
2370 2869 2730 2943 discipulum
2787 2871 3029 2927 omnino
3070 2871 3490 2944 justiﬁcantes,
3525 2871 3692 2930 illum

2041 2962 2278 3034 quidem
2313 2964 2377 3016 ut
2405 2960 2502 3032 qui
2535 2977 2661 3033 quas
2693 2960 2793 3016 Dei
2836 2965 2978 3016 sunt
3024 2959 3321 3033 loquatur,
3372 2960 3529 3016 hunc
3587 2979 3691 3017 au-

2040 3056 2180 3119 tem,
2214 3053 2279 3105 ut
2309 3048 2407 3121 qui
2436 3066 2551 3104 non
2582 3049 2925 3105 inobediens
2961 3050 3056 3105 sit.
3087 3051 3156 3105 Et
3177 3051 3261 3107 sic
3291 3067 3397 3123 ego
3430 3067 3589 3106 nunc
3618 3052 3690 3107 ad

2042 3156 2141 3195 vos
2169 3139 2396 3211 loquar,
2433 3155 2546 3193 non
2598 3139 2938 3195 immediate
2967 3156 2998 3195 ο
3046 3144 3359 3210 conspectu
3408 3141 3692 3212 quemad-

2043 3229 2284 3285 modum
2315 3231 2510 3290 antea,
2535 3243 2668 3282 cum
2701 3243 2807 3299 ego
2864 3229 3147 3296 docerem,
3180 3245 3281 3284 vos
3312 3232 3513 3284 autem
3535 3229 3692 3285 auri-

273 3310 551 3390 δὲχεσθαι,
585 3313 615 3368 ὃ
674 3310 741 3383 δὴ
793 3314 884 3369 καὶ
933 3312 1062 3369 αὑτὸ
1105 3314 1458 3389 νομοθέτημα
1498 3312 1799 3386 διεξοδικῆς
1850 3312 1927 3371 δι-

2045 3317 2153 3372 bus
2184 3332 2280 3371 me
2307 3315 2651 3386 exciperetis
2682 3320 2760 3384 et,
2794 3314 2843 3371 si
2875 3315 3015 3386 quid
3037 3320 3193 3372 esset
3222 3316 3419 3372 minus
3439 3317 3691 3386 clarum,

274 3399 572 3466 δασκαλίας
597 3404 664 3472 ἦν
696 3423 847 3458 ποτε·
882 3401 1011 3458 ἀλλ’
1040 3401 1425 3475 ἐξαποστέλλω
1471 3406 1534 3459 τὸ
1582 3401 1930 3460 διδασκάλων

273 3489 600 3567 ἀναγκαίως,
647 3491 739 3546 καὶ
782 3494 818 3562 ἡ
866 3489 1070 3567 ἀνάγκη
1118 3490 1252 3562 αὕτη
1305 3490 1498 3567 διπλῇ,
1548 3514 1927 3570 πραγματευο-

273 3578 410 3653 μένη
443 3580 532 3636 καὶ
563 3580 633 3635 τὰ
663 3580 794 3655 ὑπὲρ
824 3580 976 3655 ὑμῶν
1035 3581 1124 3636 καὶ
1176 3581 1239 3636 τὸ
1286 3583 1403 3637 κατ’
1450 3581 1567 3655 ἐμὲ,
1602 3580 1688 3637 ἴνα
1732 3583 1925 3652 σωζοί-

275 3680 412 3743 μεθα
471 3668 522 3742 ἐξ
575 3666 697 3724 ἴσου
756 3668 1096 3742 ἷσοταλάντῳ
1146 3669 1311 3747 ῥοπῇ·
1348 3670 1452 3748 ἐγὼ
1486 3672 1602 3745 μὲν,
1635 3672 1711 3735 ὡς
1771 3669 1927 3726 διδά-

271 3778 417 3813 σκων
468 3758 534 3814 τὸ
590 3758 807 3834 ἀγαθὸν,
868 3759 1024 3833 ὑμεῖς
1080 3757 1158 3830 δὲ,
1204 3759 1280 3824 ὡς
1332 3760 1718 3830 ὑπακούοντες,
1767 3762 1797 3816 ’ὀ
1836 3760 1925 3816 καὶ

269 3847 323 3904 ἐν
375 3853 496 3910 τοῖς
551 3849 674 3925 πρώ
729 3871 796 3919 ην
841 3847 1107 3913 ἐνιαυτοῖς
1188 3848 1633 3927 εύπραγούμενον
1693 3850 1745 3905 ἐν
1797 3851 1924 3924 ὑμῖν

276 3933 599 4015 διεφαίνετο.
657 3936 784 3992 Τίνα
842 3934 900 3992 δὲ
968 3959 1061 4011 μοι
1132 3937 1200 3993 τὰ
1270 3938 1369 3993 οὐκ
1437 3937 1739 4017 ἀσύμφωνα
1805 3945 1923 4002 τοῖς

272 4024 563 4105 ἐφθακόσιν
622 4024 778 4099 ἐμοῖς
826 4025 1016 4100 λόγοις
1072 4024 1439 4097 διδασκάλια;
1486 4028 1557 4081 Τὸ
1615 4027 1745 4082 ὅλον
1821 4035 1923 4097 τῆς

275 4114 571 4185 ἐπιπολῆς
600 4115 804 4187 ταύτης
844 4112 1086 4193 ἐδάφιον,
1120 4114 1171 4170 ἓν
1208 4114 1253 4188 ᾧ
1283 4114 1372 4171 καὶ
1414 4116 1566 4187 αὐτῷ
1610 4113 1921 4188 δικαιοσύνη

271 4210 469 4278 κεῖται,
501 4202 610 4279 ε’ίθε
654 4206 732 4279 μή
777 4205 1098 4278 κοιμωμένη
1146 4202 1200 4267 ἐς
1245 4202 1539 4280 ἄπρακτον,
1571 4202 1700 4260 ἀλλ’
1728 4204 1923 4260 ἐπανα⁶

274 4295 583 4368 παυομένη,
639 4293 777 4349 κατὰ
813 4298 934 4349 νοῦν
979 4294 1266 4370 γραφικὸν,
1308 4294 1397 4349 καὶ
1450 4295 1727 4371 γρήγορος
1786 4293 1921 4365 αύτῆ

273 4382 691 4463 προσφερομένη
733 4382 1125 4461 ἐγρρηγορόσιν
1166 4383 1316 4457 ὑμῖν.

2037 3404 2193 3459 illico
2224 3419 2318 3459 me
2345 3404 2708 3475 interrogare
2738 3408 2795 3459 et
2827 3403 3179 3461 solutionem
3210 3421 3280 3460 ex
3312 3421 3405 3461 me
3434 3422 3694 3479 quzerere

2035 3498 2093 3550 et
2123 3492 2385 3563 accipere
2418 3491 2690 3563 possetis,
2715 3508 2893 3564 quam
2961 3494 3427 3550 conversationis
3478 3499 3693 3550 nostrze

2037 3583 2223 3656 legem
2250 3582 2350 3639 illo
2390 3588 2652 3654 tempore
2712 3582 2881 3638 nobis
2914 3587 3352 3640 statueramus:
3388 3585 3490 3641 sed
3522 3586 3692 3641 mitto

2048 3673 2213 3729 vobis
2273 3671 2603 3728 doctrinam
2636 3673 2984 3728 necessitate
3006 3676 3266 3729 coactus.
3329 3672 3428 3729 Est
3492 3678 3689 3728 autem

2037 3763 2358 3820 necessitas
2391 3762 2507 3818 haec
2538 3761 2776 3835 duplex,
2819 3766 2883 3817 ut
2912 3780 3037 3834 qua:
3064 3768 3124 3819 et
3152 3763 3222 3818 ad
3255 3779 3357 3819 vos
3404 3768 3463 3819 et
3490 3764 3564 3819 ad
3595 3779 3690 3819 me

2037 3852 2344 3925 pertineat,
2379 3856 2442 3907 ut
2475 3852 2692 3923 pariter
2721 3851 2927 3907 eadem
2964 3851 3190 3908 ratione
3240 3851 3452 3908 salutis
3502 3851 3685 3924 parti-

2035 3942 2191 4013 cipes
2222 3941 2467 3995 fiamus:
2501 3955 2608 4011 ego
2639 3940 2881 4011 quidem
2941 3945 3004 3995 ut
3036 3941 3256 3996 bonum
3311 3941 3550 4009 docens,
3583 3957 3685 3995 vos

2034 4034 2230 4085 autem
2264 4033 2324 4084 ut
2357 4045 2580 4084 morem
2611 4033 2902 4100 gerentes,
2935 4046 3052 4100 qua
3080 4029 3292 4084 virtute
3322 4030 3496 4086 annis
3535 4047 3679 4101 pra:-

2032 4116 2308 4191 terlapsis
2348 4116 2638 4188 insignem
2671 4116 2832 4172 vobis
2863 4116 3108 4189 gloriam
3144 4117 3475 4190 peperistis.
3515 4119 3682 4184 Que-

2034 4223 2171 4262 nam
2206 4211 2401 4261 autem
2431 4210 2570 4259 sunt
2593 4209 2878 4276 praecepta
2909 4220 3039 4260 mea
3069 4222 3102 4261 a
3134 4205 3430 4276 prioribus
3462 4222 3576 4262 non
3595 4205 3686 4261 di-

2032 4312 2202 4351 versa
2222 4294 2250 4351 ?
2271 4296 2486 4351 Totum
2519 4294 2701 4365 hujus
2730 4294 2991 4366 epistolae
3013 4299 3455 4367 argumentum,
3476 4295 3536 4350 in
3568 4313 3687 4367 quo

2037 4391 2096 4445 et
2121 4383 2503 4459 ipsojustitia
2529 4387 2821 4449 versatur,
2854 4400 2982 4457 qum
3010 4384 3237 4441 utinam
3271 4385 3427 4441 haud
3458 4393 3689 4459 torpore

269 4476 555 4532 inefﬁcaci
584 4474 951 4547 cohibeatur,
984 4475 1111 4546 sed,
1147 4478 1213 4532 ut
1249 4474 1552 4547 Scriptura
1580 4474 1681 4546 ait,
1715 4474 2150 4548 aliquantulum
2193 4475 2595 4548 requiescens,
2612 4473 2735 4546 jam
2767 4473 3136 4547 evigilataad
3177 4491 3277 4531 vos
3317 4473 3522 4548 vigiles
3552 4491 3689 4548 per-

271 4564 495 4619 feratur
518 4559 531 4617 ι

346 4684 412 4758 β’.
444 4685 584 4761 Ἀγι
615 4681 706 4757 δὴ,
740 4685 787 4739 ὦ
817 4682 1053 4756 φιλτάτη
1102 4689 1184 4758 τῷ
1232 4689 1346 4759 Θεῷ
1394 4683 1601 4761 ἀγάπη,
1633 4707 1679 4759 ῳ
1720 4687 1932 4761 κόσμου

2109 4689 2164 4742 2.
2194 4688 2315 4758 Age
2334 4685 2531 4757 igitur,
2565 4700 2599 4740 ο
2629 4683 2886 4741 charitas
2920 4688 3226 4759 tantopere
3256 4702 3291 4741 a
3322 4685 3689 4757 Deodilecta,

278 4773 479 4836 παντὸς
565 4771 836 4846 σύστασις,
907 4774 953 4829 ὦ
1027 4772 1242 4830 πάντων
1317 4778 1425 4830 τῶν
1503 4773 1555 4829 ἑν
1622 4773 1932 4851 ἀνθρώποις

281 4863 496 4940 ἀγαθῶν
528 4860 693 4932 ἁίτία,
728 4862 773 4917 ὧ
805 4862 1016 4941 φύσεως
1059 4870 1163 4934 τῆς
1205 4865 1325 4919 καθ’
1351 4866 1500 4937 ἡμᾶς
1553 4861 1931 4937 ἐπικόσμημα,

282 4948 327 5005 ὦ
359 4957 531 5028 μῆτερ
559 4951 652 5007 καὶ
685 4950 911 5029 εἰρήνης
942 4951 1034 5007 καὶ
1073 4951 1506 5028 ἀπραγμοσύνης
1553 4954 1643 5008 καὶ
1694 4954 1933 5028 ἡσυχίας

281 5037 596 5118 θεοφιλοῦς,
644 5037 690 5095 ὦ
736 5045 853 5103 τοῖς
925 5039 1253 5116 φιλοκάλοις
1301 5040 1392 5096 καὶ
1447 5038 1724 5119 φιλοθέοις
1771 5043 1939 5118 ἀπραο

281 5130 589 5205 γμάτευτον
626 5129 718 5184 καὶ
769 5128 1092 5203 εὐπόριστον
1142 5130 1367 5205 ἀγαθὸν,
1425 5126 1495 5184 δι’
1533 5130 1595 5198 ἢν
1645 5130 1735 5185 καὶ
1775 5130 1938 5204 νόμοι

283 5219 570 5289 τέθεινται,
631 5217 721 5273 καὶ
786 5216 1064 5274 πολιτεῖαι
1124 5217 1459 5294 ἰξεύρῃνται,
1510 5218 1597 5273 καὶ
1668 5217 1963 5295 συναλλάοί

285 5327 469 5383 γματα
520 5304 911 5380 ἂπινενόηνται,
964 5307 1055 5361 καί
1113 5305 1176 5369 τὸ
1237 5307 1372 5363 ὅλον
1438 5306 1630 5381 εἴπεῖν,
1673 5303 1742 5362 δι’
1800 5310 1867 5376 ἧς
1909 5308 1938 5362 ὁ

290 5396 409 5471 βίος
460 5396 597 5469 ἅπαξ
647 5393 1022 5473 ἐρῥυθμισται·
1057 5397 1103 5451 ὤ
1145 5396 1328 5453 τοίνυν
1377 5396 1558 5471 ἀγάπη
1594 5393 1937 5469 μελιτόεσσα,

284 5485 345 5553 ἣν
377 5485 406 5540 ὁ
453 5486 530 5559 μὴ
580 5483 729 5561 ἔχων
768 5486 1055 5559 ἄνθρωπος
1105 5484 1182 5551 εἰς
1226 5486 1417 5561 θηρίον
1471 5485 1846 5561 ἀποκέκριται,
1876 5487 1939 5555 ἢν

286 5574 314 5628 ὁ
367 5574 444 5648 μή
497 5574 789 5653 προφέρων
835 5572 1164 5638 διδάσκαλος
1216 5573 1419 5651 μίσους
1474 5573 1583 5630 ἐστὶ
1652 5574 1937 5645 κατάξιοςο

285 5661 489 5739 πάρεσό
540 5684 632 5736 μοι
682 5664 773 5721 καὶ
812 5670 904 5721 νῦν
936 5662 1151 5741 ἄρτυμα
1198 5665 1564 5737 τνευματικὸν
1606 5661 1942 5726 Δπανδαισίας

283 5751 510 5825 ταύτης,
557 5757 620 5823 ἣν
698 5751 1009 5812 δαιταλεῦσι
1072 5753 1274 5832 φίλοις.
1320 5752 1726 5828 διαπέμπομαι.
1777 5753 1838 5810 Εἰ
1885 5750 1945 5809 δὲ

866 5838 883 5863 \

616 5886 885 5951 PATROL.
931 5887 1045 5952 Gn.
1091 5886 1379 5950 CXXXV.

2043 4794 2077 4835 ο
2108 4774 2316 4833 mundi
2351 4774 2608 4831 universi
2644 4790 2975 4847 compages,
3026 4791 3059 4829 ο
3102 4774 3370 4831 omnium
3401 4792 3528 4848 quis
3584 4774 3690 4831 ho-

2046 4866 2308 4923 minibus
2331 4864 2608 4921 eveniunt
2624 4864 2911 4919 bonorum
2937 4878 3137 4933 causa,
3169 4880 3201 4920 ο
3232 4868 3453 4920 natura:
3482 4867 3693 4920 nostras

2046 4955 2250 5024 decus,
2283 4969 2316 5008 ο
2351 4960 2533 5008 mater
2556 4949 2714 5023 pacis
2738 4954 2797 5006 et
2827 4950 2929 5006 otii
2960 4953 3018 5006 et
3046 4949 3261 5022 quietis
3318 4954 3434 5007 Deo
3492 4954 3694 5024 grate,

2047 5062 2079 5099 o
2111 5044 2335 5099 bonum
2367 5039 2600 5096 virtutis
2631 5038 2915 5095 studiosis
2947 5037 3165 5110 Deique
3196 5039 3539 5095 amantibus
3568 5039 3697 5096 sine

2049 5146 2263 5203 magno
2288 5129 2487 5184 labore
2518 5124 2932 5197 comparabile,
2963 5141 2997 5180 ο
3054 5125 3351 5195 charitas;
3384 5144 3486 5199 per
3517 5144 3697 5198 quam

2048 5219 2207 5292 leges
2239 5217 2393 5288 latae,
2424 5221 2481 5272 et
2514 5215 2781 5271 civitates
2827 5214 3110 5284 fundatae,
3166 5220 3223 5271 et
3282 5216 3500 5271 fcedera
3553 5214 3701 5269 inita

2051 5312 2213 5373 sunt,
2243 5324 2342 5379 per
2372 5320 2574 5377 quam,
2613 5307 2679 5358 ut
2710 5318 2825 5358 uno
2856 5302 3029 5358 verbo
3088 5302 3376 5371 dicamus,
3428 5302 3703 5358 universa

2051 5395 2169 5451 vita
2198 5394 2581 5451 ordinataesl
2608 5406 2622 5447 :
2656 5407 2689 5445 o
2721 5389 2980 5445 charitas
3012 5388 3383 5458 dulcissima,
3419 5391 3548 5445 sine
3585 5404 3705 5461 qua

2051 5485 2226 5540 homo
2256 5484 2328 5538 ab
2349 5480 2549 5537 bestia:
2572 5478 3026 5535 similitudinem
3056 5479 3560 5551 deprimitur;siue
3587 5494 3706 5551 qua

2052 5575 2336 5648 magister
2384 5574 2518 5630 odio
2577 5587 2639 5627 se
2692 5570 2936 5642 dignum
2992 5569 3204 5641 reddit,
3238 5571 3379 5627 ades
3408 5570 3705 5642 mihijam

2053 5665 2209 5721 velut
2276 5662 2717 5719 condimentum
2768 5656 3075 5730 spirituale
3131 5658 3341 5714 harum
3397 5660 3706 5733 epularum

2053 5771 2204 5827 quas
2235 5753 2430 5809 charis
2452 5748 2710 5807 convivis
2762 5746 3122 5805 transmitte.
3158 5749 3217 5805 Si
3276 5766 3409 5806 vero
3445 5747 3707 5822 reliquus

3313 5879 3390 5944 33
