4066 6394
442 427 596 489 1035
1223 428 1635 514 EUS'l‘A‘l‘HII
1681 427 1780 486 ΤΗ
1797 423 2086 486 ESSALO

2203 425 2447 487 IENSIS
2493 425 3076 491 METROPOLI’I‘E
3674 434 3796 495 {336

437 571 673 627 quoque
705 555 1209 626 virtutumcmtus,
1236 554 1586 611 ancillarum
1617 553 1960 609 dilectarum
1993 554 2086 609 do«

2206 553 2296 606 καὶ
2352 551 2546 614 λοιπὸς
2607 554 2845 628 ὁρμαθὸς
2914 554 3120 630 ἀρετῶν
3170 557 3552 636 ἀμφιπὲνονταί
3602 581 3668 631 σε,
3720 562 3796 615 δσα

437 646 660 700 minam
687 645 1040 701 sectantium
1091 644 1298 713 instar,
1329 649 1386 700 te
1443 645 1780 713 comitatur,
1813 643 2086 699 assistant

2204 642 2294 696 καὶ
2327 639 2522 696 ὀπαδοὶ
2568 643 2722 718 φίλαι
2773 646 3115 721 θεράπαιναι,
3147 645 3490 722 παρέστωσαν
3531 654 3604 722 τῷ
3643 671 3795 704 συσσιο

433 738 490 790 et
520 735 659 807 ipsa;
691 734 955 790 convivio
1006 739 1062 789 et
1094 751 1220 806 qua:
1252 735 1415 789 decet
1459 733 1784 806 perﬁciant,
1815 737 1879 787 ut
1929 732 2086 788 cibus

2203 730 2304 802 τίῳ
2361 730 2450 785 καὶ
2510 733 2690 804 αὑταὶ,
2721 733 3134 790 συντελέσουσαι
3189 737 3260 790 τὰ
3315 737 3600 816 πρόσφορα,
3637 739 3699 801 ὡς
3745 738 3791 792 ἃν

433 825 532 880 hic
561 824 890 897 spiritualis
916 840 1112 880 verum
1138 825 1307 879 nobis
1331 824 1549 879 bonum
1573 823 2086 896 preebeat,omninc

2205 821 2342 890 ἡμῖν
2373 819 2516 875 οὕτω
2546 821 2804 895 νόστιμον
2835 822 3005 879 καλὸν
3033 826 3067 895 ἠ
3111 829 3447 900 πνευματική
3496 827 3618 898 αὕτη
3661 829 3791 903 σχοίη

436 914 816 971 excellentius
847 932 1022 986 quam
1049 913 1209 968 illius
1242 912 1471 968 molarii
1504 913 1770 980 Eunosti,
1795 929 1970 984 quem
2003 928 2086 966 ve-

2204 911 2404 982 τροφὴ,
2437 915 2513 982 τῷ
2543 911 2700 964 παντὶ
2728 913 3052 989 σεμνότερον
3082 919 3181 969 τοῦ
3211 914 3502 989 ὶπιμυλίου
3551 917 3793 983 Εὐνόστου,

437 1009 534 1059 tus
567 1004 764 1060 fabula
795 1020 1008 1074 magno
1042 1003 1260 1058 honore
1299 1003 1546 1074 dignum
1581 1002 1807 1058 habuit.

2209 997 2266 1051 ’ὃν
2295 995 2462 1072 λόγος
2491 997 2724 1063 παλαιὸς
2758 998 2848 1055 διὰ
2877 997 3214 1076 πϐάσματος
3249 1003 3435 1081 ἤγαγε.

509 1113 560 1167 3.
593 1111 867 1165 Animum
901 1110 1101 1180 igitur,
1136 1127 1168 1164 0
1228 1109 1458 1174 fratres,
1515 1109 1800 1164 advertite
1843 1108 1914 1163 iis
1971 1125 2096 1179 quae

441 1199 705 1254 dicturus
735 1216 890 1252 sum.
921 1198 987 1251 Et
1017 1198 1294 1268 quoniam
1320 1196 1644 1268 spiritualis
1680 1197 1806 1252 haec
1831 1212 2035 1251 mensa
2067 1212 2100 1250 a

441 1291 716 1344 manibus
746 1289 1046 1342 charitalis
1079 1288 1477 1343 dilectissimae
1507 1287 1686 1343 veluti
1718 1305 1752 1342 a
1791 1286 2098 1359 prudenti-

439 1381 550 1433 bus
581 1378 786 1450 coquis
817 1378 982 1431 vobis
1010 1377 1346 1449 apponitur,
1380 1377 1710 1432 accumbite
1739 1377 1810 1430 ad
1842 1393 1968 1431 eam
1999 1393 2099 1447 per

437 1469 646 1534 Deum,
680 1467 769 1522 cui
806 1466 1044 1537 assidet,
1078 1471 1134 1521 et
1157 1466 1346 1537 epulis
1397 1465 1685 1531 fruimini,
1745 1469 1808 1520 ut
1857 1466 2095 1520 sincer-aa

434 1559 820 1629 genuinaaque
851 1558 1160 1612 charitatis
1194 1557 1509 1627 participes
1544 1557 1734 1611 liatis:
1778 1555 1958 1610 nolite
1990 1573 2097 1609 au-

430 1652 548 1704 tem
571 1654 876 1720 propterea
907 1649 1062 1720 quod
1100 1647 1405 1718 sapientiae
1438 1647 1695 1702 libamen
1754 1645 1924 1701 vobis
1979 1663 2094 1701 non

430 1738 690 1802 affertur,
727 1736 1083 1790 stomachari
1137 1742 1242 1790 aut
1287 1736 1497 1804 jocari.
1540 1735 1661 1790 Etsi
1695 1734 1852 1788 enim
1905 1734 2086 1804 magi-

2209 1729 2357 1801 ὑμῖν,
2393 1732 2714 1804 σικχάζεσθε
2769 1729 3146 1806 ἀηδιζόμενοι.
3178 1733 3249 1790 Ei’
3296 1735 3398 1811 γὰρ
3453 1735 3538 1789 καὶ
3594 1732 3804 1811 ἄσοφοςῖι

429 1831 550 1881 ster
595 1825 894 1898 sapientiaa
955 1842 1162 1896 expers
1222 1831 1326 1880 aut
1372 1826 1544 1880 etiam
1593 1825 1953 1895 injucundus
1983 1828 2086 1889 est,

2207 1815 2558 1889 διδάσκαλος,
2587 1819 2678 1873 καὶ
2710 1820 2784 1881 εἷς
2817 1819 2969 1876 οὐδὲν
3019 1821 3243 1896 γλυκὺς,
3277 1807 3427 1878 ἀλλὰ
3470 1827 3506 1895 ἡ
3549 1824 3729 1898 ἀγάπη,
3756 1807 3806 1875 δι’

429 1920 687 1970 attamen
711 1915 984 1974 cbarilas,
1018 1931 1135 1986 qua
1168 1914 1344 1969 etiam
1395 1914 1652 1984 imperiti
1715 1918 2086 1985 praeceptores

2204 1909 2266 1975 ἣν
2319 1907 2408 1961 καὶ
2461 1905 2674 1963 ἰδιῶται
2751 1906 3070 1965 διδάσκαλοι
3129 1913 3382 1984 προσιτοὶ
3451 1912 3677 1987 γίνονται
3719 1916 3806 1970 τοῖς

429 2003 596 2059 abiis
628 2005 727 2074 qui
795 2004 1019 2058 edoceri
1081 2005 1348 2075 cupiunt,
1409 2005 1882 2074 frequentantur,
1934 2002 2086 2056 hunc

2203 1994 2508 2072 ἐφιεμένοις
2600 1998 2810 2069 μαθεῖν,
2870 1997 3128 2073 γλυκανεῖ
3192 2000 3285 2054 τὸν
3343 2005 3586 2074 κρατῆρα
3634 2005 3807 2065 τοῦτον,

426 2092 668 2148 calicem
701 2093 930 2147 dulcem
964 2093 1187 2156 reddet,
1216 2092 1651 2163 hilaritatisque
1696 2107 1923 2146 merum
1958 2108 2090 2161 pro-

428 2181 685 2254 pinandu
715 2183 932 2251 quaead
967 2183 1317 2252 sapientiam
1350 2181 1737 2236 hauriendam
1771 2180 2088 2246 sufliciant,

427 2271 660 2326 abunde
691 2271 1112 2341 suppeditabit,
1135 2272 1277 2326 adeo
1312 2276 1375 2325 ut
1407 2288 1532 2342 quae
1560 2271 1819 2324 mundus
1852 2269 2086 2338 evomit,

426 2361 663 2416 omnino
684 2366 740 2415 et
768 2361 823 2414 vi
849 2365 1082 2415 careant
1097 2360 1860 2432 etignorentur,moderatio
1891 2365 2087 2415 autem

423 2452 888 2519 ettemperautia
931 2449 1190 2504 animam
1249 2448 1498 2503 evehant
1553 2449 1624 2502 ad
1675 2448 1856 2502 vitam
1916 2463 2087 2519 ange-

447 2553 617 2592 108m.

484 2642 536 2695 4.
570 2641 858 2707 Charitas,
894 2659 926 2698 0
956 2643 1164 2698 fratres
1200 2642 1528 2713 (nunquam
1559 2642 1718 2697 enim
1762 2642 1832 2696 ab
1885 2657 1952 2696 ea
1985 2642 2081 2696 de-

415 2730 650 2800 sistam,
685 2731 822 2800 imo,
856 2729 990 2786 licet
1021 2729 1308 2786 molestus
1357 2729 1489 2795 sim,
1554 2746 1786 2800 semper
1844 2729 2080 2798 citabo),

416 2819 463 2874 si
497 2821 732 2891 quando
764 2819 821 2874 in
857 2820 1021 2875 vobis
1054 2819 1297 2892 largiter
1353 2818 1664 2890 inhabitat,
1715 2823 1852 2874 ante
1884 2819 2083 2873 omnia

416 2907 679 2978 requirit,
715 2912 780 2962 ut
810 2907 1063 2979 quivere
1096 2907 1271 2962 homo
1317 2907 1441 2960 vult
1483 2923 1632 2973 esse,
1686 2908 1842 2978 apud
1895 2907 2081 2961 Deum

419 2995 498 3051 sit
518 3001 575 3050 et
603 3012 703 3051 eos
730 2995 830 3067 qui
856 2997 965 3066 ipsi
1001 2995 1480 3062 adstant,deinde
1511 2996 1663 3066 apud
1699 3012 1917 3068 regem.
1937 3001 2085 3050 Num

426 3100 599 3154 porro
631 3084 805 3138 etiam
841 3084 1098 3154 episcopi
1131 3084 1293 3152 diligi
1322 3084 1570 3138 debeant
1627 3101 1659 3138 a
1708 3084 2088 3155 presbyteris,

433 3178 491 3228 et
520 3174 784 3229 diaconis
813 3173 1163 3229 Christianis
1211 3183 1263 3229 et
1295 3175 1367 3229 ab
1402 3175 1676 3229 universo
1708 3173 1860 3229 clero
1892 3191 1958 3228 ac
1992 3192 2088 3244 po-

435 3262 594 3334 pulo,
622 3280 724 3319 vos
746 3263 954 3330 nostis,
976 3263 1075 3335 qui
1115 3279 1147 3318 e
1177 3279 1342 3317 sacro
1375 3267 1656 3333 suggestu
1732 3262 1788 3316 in
1845 3262 2092 3316 ecclesia

439 3355 548 3412 hac
580 3357 650 3410 de
679 3372 740 3410 re
772 3355 957 3411 edocti
991 3355 1152 3409 estis.
1183 3357 1248 3409 Et
1297 3354 1379 3409 sic
1427 3359 1854 3424 consequenter
1905 3353 2095 3409 chari-

433 3449 525 3501 tas
556 3445 821 3500 omnium
846 3445 1020 3499 etiam
1049 3443 1326 3516 proximis
1358 3445 1625 3499 debetur.

2279 1105 2348 1178 γ’.
2379 1107 2685 1182 Προσέχετε
2742 1106 2832 1177 δὴ,
2868 1109 2911 1161 ὡ
2968 1107 3219 1187 ἀδελφοὶ,
3259 1112 3375 1174 τοὶς
3432 1111 3798 1186 ῥηθησομένοις.

2210 1194 2314 1248 Καὶ
2342 1193 2458 1249 ἐπεὶ
2490 1201 2672 1272 χεῖρες
2703 1196 2920 1272 ἀγάπης
2972 1205 3072 1268 τῆς
3129 1199 3490 1279 παμφιλήτου
3542 1202 3631 1270 τήν
3683 1200 3802 1276 λογι-

2209 1285 2310 1349 κὴν
2368 1284 2567 1354 ταύτην
2623 1286 2713 1339 καὶ
2769 1289 3037 1360 τράπεζαν
3095 1289 3186 1343 καὶ
3241 1291 3449 1366 τροφὴν
3482 1289 3575 1344 ὅσα
3599 1289 3679 1344 καὶ
3729 1289 3806 1344 σώ-

2210 1393 2398 1446 φρονες
2456 1373 2716 1447 ὀψοποιοί
2771 1376 3178 1452 καταρτίζουσι,
3231 1381 3448 1454 γίγνεθε
3517 1379 3642 1452 πρὸς
3698 1379 3802 1450 αὖτῇ

2211 1459 2300 1515 διὰ
2353 1464 2446 1516 τὸν
2503 1464 2652 1534 Θεὸν,
2712 1465 2757 1536 ᾧ
2814 1464 3157 1540 παρεδρεύει·
3191 1467 3282 1522 καὶ
3339 1469 3474 1543 πρὸς
3526 1467 3690 1538 ἀληθῆ
3737 1468 3802 1522 καὶ

2209 1552 2665 1627 ἁπαραχάρακτον
2741 1554 3014 1629 ἀγάπησιν
3073 1556 3334 1626 σιτίζεσθε
3390 1558 3456 1612 τὰ
3515 1558 3801 1631 προτεθησόο

2211 1659 2363 1712 μενα·
2397 1641 2483 1694 καὶ
2551 1644 2648 1713 μὴ,
2679 1639 2818 1698 διότι
2878 1643 3069 1722 σοφίας
3127 1645 3189 1700 οὐ
3239 1648 3607 1720 παρατέθειται
3657 1644 3802 1719 κράμα

2201 2085 2289 2138 καὶ
2352 2085 2672 2159 ἱλαρότητος
2734 2087 2866 2158 μὲου
2927 2083 3392 2162 προϐαλλομένη,
3451 2085 3809 2166 ἐμϐριυματίσει

2199 2194 2256 2228 τε
2307 2173 2396 2227 καὶ
2452 2180 2635 2228 ποτιεῖ
2689 2175 2756 2229 τὰ
2815 2175 2891 2238 εἰς
2946 2176 3109 2251 κόρον
3162 2179 3440 2256 σώφρονα·
3475 2177 3680 2234 διὀὗὸ
3734 2179 3806 2248 μὲν

2199 2265 2333 2316 κατά
2381 2262 2586 2333 κόσμον
2620 2261 2813 2336 ἔμετος
2846 2266 3128 2339 ἀπρακτεῖ,
3165 2267 3238 2327 ὡς
3275 2265 3420 2340 μηδὲ
3477 2267 3808 2342 γινώσκεσθαι,

2197 2351 2258 2404 τὸ
2291 2351 2348 2404 δὲ
2378 2350 2645 2428 νηφάλιον
2681 2349 3010 2427 δραξάμενον
3032 2362 3132 2424 τῆς
3157 2357 3343 2430 ψυχῆς
3377 2358 3619 2431 ἁναφψει
3672 2353 3804 2420 αὐτὴν

2198 2439 2275 2504 εἷς
2296 2438 2573 2495 πολιτείαν
2606 2440 2768 2517 ἀγγελ
2781 2444 2923 2513 ικήν.
3671 2464 3674 2466 ‘

2267 2632 2329 2690 δ’.
2372 2637 2432 2690 Ἣ
2457 2635 2657 2712 ἀγάπη,
2687 2637 2732 2691 ὥ
2757 2635 2986 2714 ἀδελφοὶ
3019 2638 3102 2713 (ού
3132 2639 3232 2716 γὰρ
3287 2639 3461 2697 ἐθέλω
3519 2640 3801 2717 ἀποσχέσθαι

2195 2724 2327 2777 ποτε
2357 2725 2546 2792 αὐτῆς,
2583 2725 2708 2781 ἀλλ’
2762 2729 2874 2781 οἷον
2927 2727 3283 2804 παρενοχλῶ,
3316 2732 3457 2801 πρὸς
3509 2731 3621 2807 βίαν
3670 2729 3799 2795 αὐτὴν

2198 2811 2621 2887 ἐπισπώμενος),
2655 2811 2710 2868 εἷ’
2733 2836 2850 2878 πως
2885 2817 3011 2888 ὑμῖν
3046 2816 3121 2878 εἷς
3153 2817 3364 2882 πλάτος
3410 2817 3804 2893 ἐμπολιτεύοιτο,

2197 2903 2512 2973 πάμπρωτα
2572 2904 2666 2974 μὲν
2725 2903 2962 2976 ἀπαιτεῖ,
3016 2906 3105 2960 τὸν
3159 2907 3234 2968 ὡς
3285 2905 3511 2978 ἀληθῶς
3567 2906 3804 2983 ἄνθρωπον

2199 2991 2335 3065 πρὸς
2379 2994 2458 3062 τῷ
2505 2997 2621 3062 Θεῷ
2681 2991 2812 3047 εἶναι
2867 2994 2958 3048 καὶ
2989 3000 3106 3057 τοῖς
3139 2996 3290 3068 αύτῷ
3341 3003 3693 3074 παρεστῶσιν,
3721 2994 3809 3050 εἶτα

2201 3077 2457 3154 καὶπρὸς
2489 3085 2568 3152 τῷ
2604 3079 2839 3156 βασιλεῖ.
2875 3083 2938 3138 El
2985 3081 3042 3137 δὲ
3083 3084 3172 3138 καὶ
3214 3086 3265 3138 οἱ
3316 3085 3595 3163 ἀρχιερεῖς
3639 3086 3809 3160 ἀγαπη-

2203 3170 2458 3238 θήσονται
2519 3169 2655 3244 πρός
2720 3191 2779 3224 τε
2851 3176 2948 3225 τοῦ
3023 3167 3441 3250 πρεσϐυτερίου,
3496 3177 3581 3231 καὶ
3637 3181 3724 3244 τῆς
3771 3171 3804 3226 ἐν

2208 3263 2420 3330 Χριστῷ
2478 3255 2771 3324 διακονίας,
2799 3261 2888 3315 καὶ
2946 3263 3147 3324 παντὸς
3193 3268 3292 3318 τοῦ
3338 3263 3579 3341 κλήρου,
3611 3265 3690 3320 καὶ
3743 3263 3807 3316 to")

2209 3344 2363 3415 λαοῦ,
2399 3348 2550 3419 ὑμεῖς
2608 3344 2791 3403 οἷ’δατε
2852 3349 3207 3421 μανθάνοντες
3262 3350 3396 3407 αὐτὸ
3441 3351 3502 3408 ἐκ
3558 3357 3649 3409 τοῦ
3696 3351 3807 3422 ἱεροῦ

2201 3435 2547 3508 ἀναστάθμου
2598 3441 2696 3492 τοῦ
2727 3437 2866 3492 κατὰ
2914 3441 3013 3508 τήν
3074 3441 3223 3514 ἁγίαν
3267 3438 3568 3513 ὶκκλησίαν
3625 3438 3808 3514 ἐξηχούο

2203 3545 2362 3596 μενον
2412 3523 2486 3587 εἷς
2536 3525 2698 3599 ύμᾶς.
2737 3526 3113 3605 Ἒποφείλεται
3172 3525 3229 3583 δὲ
3285 3529 3608 3596 ἀκολούθως
3663 3527 3806 3604 ἀγάπη

2199 3615 2336 3687 πρὸς
2368 3615 2580 3668 πάντων
2615 3615 2702 3670 καὶ
2733 3621 2852 3678 τοῖς
2881 3615 3142 3686 πλησίον.

2271 3709 2326 3758 ε’.
2359 3701 2572 3757 Τούτων
2626 3701 2692 3772 δὴ
2742 3704 2916 3768 οὕτως
2959 3704 3197 3781 ἐχόντων
3225 3701 3440 3783 (ἔχουσι
3494 3707 3551 3764 δὶ
3601 3708 3691 3764 οὐκ
3735 3703 3810 3760 ἄλο

2199 3790 2334 3860 λως,
2367 3791 2462 3846 κᾶν
2497 3792 2544 3846 εἴ
2582 3791 2769 3848 πολλά
2814 3815 2897 3856 τις
2945 3795 3236 3871 πτερυγίζῃ
3288 3797 3706 3876 ἀντιφερόμενος
3744 3792 3810 3850 καὶ

2197 3877 2560 3956 ἀδολεσχῶν),
2627 3883 2753 3954 ὑμῖν
2815 3883 3022 3960 ἀφίημι
3074 3881 3489 3950 διασκοπεῖσθαι
3547 3887 3633 3942 καὶ
3691 3885 3809 3956 λογι-

2197 3969 2399 4023 στεύειν
2459 3971 2525 4023 τὰ
2583 3972 2701 4034 καθ’
2747 3972 2888 4044 ὑμᾶς
2947 3971 3275 4040 αὐτοὺς,ὡς
3335 3973 3422 4046 ἂν,
3458 3976 3504 4031 εἰ
3568 3976 3658 4050 μὲν
3710 3969 3815 4027 αὐτὰ

2197 4058 2371 4112 πάντα
2455 4057 2784 4136 φυλάττεσθε
2866 4060 2942 4124 εἲς
3023 4055 3260 4136 ἂκριϐὶς,
3331 4061 3620 4126 εὐέλπιδες
3697 4059 3813 4128 εἴητε

2197 4150 2551 4219 σωθήσεσθαι·
2587 4147 2637 4203 εἴ
2692 4146 2749 4204 δέ
2803 4171 2857 4203 τι
2915 4147 3220 4228 σφάλλεσθε
3265 4155 3361 4206 τοῦ
3409 4154 3548 4208 κατά
3573 4154 3667 4220 τὴν
3708 4147 3813 4223 ἀγά-

2197 4259 2302 4306 πην
2338 4237 2471 4293 ὅλου
2529 4237 2775 4305 κανόνος,
2807 4238 2898 4292 ἀπ’
2929 4235 3154 4301 ἐλπίδος
3217 4241 3310 4313 μὶν
3367 4239 3513 4313 μηδέ
3569 4241 3703 4296 οὕτω
3751 4235 3814 4310 γί-

2195 4337 2397 4394 νοισθε,
2449 4324 2734 4382 σπεύδοιτε
2783 4324 2840 4382 δὲ
2889 4329 3361 4403 πραγματεύεσθαι
3423 4327 3516 4384 διὰ
3569 4327 3815 4404 μετανοίας

501 3709 556 3765 5.
591 3710 724 3772 Quae
757 3708 989 3780 quidem
1025 3724 1154 3762 cum
1202 3707 1285 3763 ita
1329 3724 1391 3762 sc
1422 3707 1676 3762 habeant
1725 3707 1803 3779 (et
1823 3723 1952 3763 vere
2006 3708 2090 3763 sic

425 3815 492 3855 se
514 3798 753 3865 habent,
789 3797 1172 3869 quantumvis
1223 3796 1545 3852 adversarii
1589 3801 1884 3867 augentur
1917 3803 1972 3853 et
2028 3799 2090 3853 in

421 3889 746 3943 contrarias
779 3893 974 3958 partes
1006 3887 1259 3957 abeant),
1287 3903 1388 3941 vos
1420 3885 1530 3955 ipsi
1565 3885 1902 3940 meditando
1925 3887 2089 3942 facile

424 3977 793 4048 intelligetis,
828 3976 994 4032 vobis
1035 3976 1154 4030 haec
1185 3975 1383 4029 omnia
1411 3974 1723 4045 diligenter
1773 3977 2087 4031 observan-

425 4065 586 4121 tibus
619 4082 782 4135 spem
825 4063 1035 4119 salulis
1069 4063 1460 4118 certissimam
1487 4063 1623 4116 inde
1654 4063 1870 4118 enasci.
1909 4064 2085 4119 Caete-

427 4171 558 4209 rum
587 4155 634 4208 si
659 4154 806 4209 forte
837 4153 894 4207 in
939 4169 1056 4208 uno
1087 4152 1392 4206 charitatis
1435 4155 1720 4222 praecepto
1771 4151 2085 4221 deliqueri-

427 4243 524 4309 tis,
561 4240 739 4297 nolite
769 4241 970 4295 statim
1003 4255 1165 4310 spem
1199 4239 1360 4293 illam
1397 4239 1667 4308 abjicere,
1702 4240 1800 4294 sed
1837 4256 1938 4310 per
1971 4257 2088 4304 pce-

426 4331 736 4388 nitentiam
771 4330 1144 4386 corrobarare
1175 4329 1366 4383 denuo
1398 4330 1663 4384 eamdem
1697 4330 2083 4386 studete.Jam

427 4437 559 4476 vero
583 4421 875 4490 ejusmodi
927 4418 1270 4490 paenitentia
1331 4435 1447 4472 non
1507 4416 1856 4490 simpliciter
1912 4418 1969 4472 in
2021 4436 2086 4474 eo

2203 4415 2256 4469 τὸ
2285 4419 2384 4484 τῆς
2419 4413 2640 4478 ἐλπίδος
2696 4415 2896 4486 ταύτης
2961 4417 3407 4492 ἁκαταίσχυντον.
3466 4425 3726 4496 Θεωροῖτο
3774 4412 3816 4467 δὲ

425 4508 700 4565 consistit
733 4514 798 4562 ut
836 4507 1016 4563 animi
1046 4507 1306 4562 dolorem
1344 4507 1635 4577 sentiatis,
1665 4506 1765 4561 sed
1800 4512 1864 4561 ut
1895 4507 2084 4562 chari-

2203 4501 2253 4557 liv
2304 4507 2338 4573 ἡ
2390 4504 2616 4575 τοιαύτη
2681 4507 2936 4578 μετάνοια
2994 4505 3093 4559 οὐκ
3153 4505 3204 4560 ἂν
3251 4507 3331 4580 τῷ
3362 4505 3556 4571 ἁπλῶς
3619 4502 3816 4580 μεταμέ-

424 4597 565 4651 tatis
597 4597 888 4651 defectum
921 4595 1289 4666 complestis,
1317 4601 1373 4647 et
1404 4595 1557 4665 quod
1595 4595 1760 4648 vobis
1805 4595 1874 4649 ad
1921 4595 2082 4650 illam

2203 4592 2403 4656 λεσθαι,
2466 4591 2611 4647 ἀλλά
2666 4593 2756 4647 καὶ
2837 4591 3193 4666 ἀναπληρούν
3250 4595 3313 4650 τὸ
3367 4597 3471 4665 τῆς
3532 4597 3729 4673 ἀγάπης
3774 4590 3813 4645 ἐν

424 4688 590 4742 deest
617 4685 955 4756 perficiatis,
990 4686 1130 4739 adeo
1171 4691 1236 4738 ut
1257 4700 1403 4754 quos
1436 4699 1633 4737 amare
1662 4683 1911 4753 debetis,
1964 4700 2079 4738 non

2203 4681 2318 4753 Βμῖν
2369 4679 2648 4749 ἐλλεῖπον,
2681 4681 2770 4736 καὶ
2826 4685 3188 4738 τελειοποιεῖν
3246 4684 3309 4739 τὸ
3363 4687 3485 4740 κατ’
3536 4685 3697 4752 αὐτὴν
3748 4681 3813 4736 ἐν·

425 4775 596 4831 aliter
628 4775 861 4843 ametis,
892 4790 1068 4844 quam
1095 4774 1178 4827 uti
1214 4778 1362 4826 Deus
1394 4771 1689 4842 preaccpit,
1715 4772 1772 4826 in
1805 4777 1926 4828 toto
1952 4773 2081 4827 ani-

427 4881 522 4920 mo
543 4868 600 4919 et
629 4881 697 4918 ex
728 4868 850 4919 toto
876 4864 1094 4927 animo,
1115 4864 1169 4915 in
1207 4867 1330 4916 toto
1362 4862 1535 4915 corde
1566 4866 1701 4915 etex
1735 4867 1856 4916 toto
1888 4864 2081 4930 corde,

426 4956 483 5008 in
516 4959 638 5009 tota
669 4953 1022 5025 cogitatione
1053 4958 1110 5005 et
1139 4967 1206 5006 ex
1240 4955 1361 5005 tota
1419 4951 1789 5021 cogitatione.
1843 4952 1936 5007 Sic
1985 4953 2079 5008 ni-

431 5045 646 5100 mirum
679 5044 924 5115 diligere
957 5043 1106 5096 abeo
1133 5041 1438 5112 jubomur.

496 5313 550 5367 6.
583 5311 850 5366 Animam
884 5313 1082 5365 autem
1106 5307 1232 5362 dico
1266 5306 1414 5362 illud
1462 5308 1613 5379 quod
1651 5325 1894 5380 prorsus
1925 5309 2081 5365 intra

424 5420 535 5460 nos
561 5408 670 5464 est.
691 5403 948 5458 animam
983 5417 1098 5455 non
1131 5400 1201 5453 de
1235 5403 1387 5453 terra
1443 5403 1668 5465 natam,
1717 5416 1908 5471 neque
1947 5399 2077 5454 ideo

423 5495 496 5548 ad
534 5498 753 5548 terram
786 5488 1283 5553 reversuram,sed
1301 5504 1428 5558 quae
1445 5495 1572 5543 orta
1594 5496 1685 5544 est
1722 5506 1790 5543 ex
1819 5490 2077 5544 insufﬂa-

421 5582 582 5636 tione
605 5582 721 5647 Dei,
756 5581 825 5636 ad
859 5596 1027 5648 quem
1056 5578 1231 5634 etiam
1266 5577 1439 5641 redit,
1471 5578 1522 5633 si
1562 5583 1784 5633 rectum
1837 5579 2075 5646 fecerit;

428 5667 705 5736 animum,
740 5669 1141 5738 inquam,qua
1181 5665 1314 5719 licet
1344 5664 1416 5717 ad
1477 5664 1577 5718 Dei
1627 5671 1899 5721 naturam
1958 5681 2072 5720 non

426 5770 670 5840 prorsus
699 5757 1026 5832 accedente,
1070 5764 1267 5810 tamen
1311 5751 1764 5809 similitudinem
1814 5755 2071 5811 divinam

2195 4768 2328 4830 δεές·
2359 4769 2451 4824 τίνα
2510 4759 2583 4842 ιἷή
2646 4769 2833 4833 ἄλλως
2896 4773 3208 4847 ἁγαπῷητε,
3244 4772 3336 4836 οὓς
3397 4776 3608 4850 ἀγαπᾷν
3665 4790 3813 4848 χρεω-

2194 4863 2386 4926 στεῖτε,
2421 4857 2566 4913 ἀλλὰ
2623 4860 2697 4921 ὡς
2757 4861 2784 4913 ὁ
2832 4859 2964 4921 Θεὸς
3013 4858 3313 4934 ἐκανόνισε,
3347 4856 3811 4936 διαταξάμενος,ἰν

2191 4946 2296 5021 ὅλῃ
2352 4949 2524 5022 ψυχῇ,
2583 4948 2671 5002 καὶ
2732 4947 2782 5020 ἐξ
2833 4945 2972 5018 ὅλης
3023 4952 3233 5024 ψυχῆς,
3296 4951 3386 5005 καὶ
3442 4950 3549 5027 ὅλῃ
3629 4947 3813 5023 καρδίᾳ.

2189 5035 2278 5090 καί
2335 5036 2386 5106 ἐξ
2443 5036 2579 5107 ὅλης
2629 5034 2872 5113 καρδίας,
2933 5038 3023 5092 καὶ
3080 5037 3133 5093 ἰν
3193 5037 3298 5113 ὅλῃ
3355 5037 3588 5113 διανοίᾳ,
3644 5039 3725 5094 καὶ
3773 5033 3813 5103 ἐξ

2189 5124 2329 5194 ὅλης
2389 5123 2630 5188 διανοίας
2684 5127 2918 5201 ἀγαπᾷν,
2977 5126 3075 5189 οὓς
3131 5125 3308 5205 φιλεῖν
3362 5129 3432 5183 δι’
3490 5130 3654 5185 αὐτοῦ
3705 5128 3818 5183 ἐντε-

2187 5213 2289 5270 τάλ
2299 5227 2452 5288 μεθα.

2259 5326 2321 5368 ς.
2359 5304 2513 5380 Αὲγω
2572 5302 2630 5359 δὲ
2681 5306 2865 5380 ψυχὴν
2935 5307 3028 5380 μὲν
3071 5306 3173 5375 τήν
3226 5305 3289 5362 τὸ
3333 5313 3438 5363 πΞν
3470 5306 3525 5364 ἐν
3557 5311 3706 5382 ἡμῖν,
3731 5304 3814 5372 τὴν

2191 5395 2265 5465 μὴ
2302 5392 2360 5448 ἐκ
2389 5401 2510 5470 γῆς,
2544 5391 2630 5448 διὸ
2665 5391 2807 5466 μηδὲ
2843 5394 3284 5452 παλινοστοῦσαν
3333 5397 3409 5459 εἷς
3462 5405 3590 5474 γῆνο
3633 5394 3749 5451 ἀλλ’
3773 5391 3813 5461 ἒξ

2186 5481 2576 5559 ἐμφυσήματος
2629 5487 2783 5552 Θεοῦ,
2845 5488 2928 5548 εἰς
2999 5485 3057 5539 ὃν
3105 5483 3196 5539 καὶ
3253 5483 3536 5555 καταλύει,
3593 5486 3649 5540 ἂν
3701 5480 3812 5559 ὀρθὰ

2185 5572 2511 5648 πορεύηται·
2560 5569 2629 5626 δι’
2656 5574 2741 5645 ἧς,
2775 5579 2916 5634 Θενοῦ
2972 5573 3067 5647 μὲν
3123 5573 3200 5646 μὴ
3255 5570 3422 5646 οὕσής
3475 5576 3806 5650 αὐτόχρημα,

2187 5661 2465 5724 θειοτάτου
2501 5659 2557 5716 δὲ
2606 5665 2923 5737 χρήματιις,
2975 5661 3399 5736 ἁποθειούμεθα,
3451 5663 3603 5742 εἷ’περ
3642 5658 3806 5728 sailo-

2187 5772 2306 5824 μεν,
2334 5751 2421 5805 καὶ
2481 5751 2591 5805 υἱοὶ
2648 5752 2920 5829 γινόμεθα
2949 5750 3200 5829 Ὑψίστου
3241 5749 3457 5816 πάντες“
3491 5753 3583 5811 καὶ
3638 5750 3682 5810 εἰ
3729 5746 3805 5806 κεί
