4066 6430
293 465 448 526 1037

1316 458 1704 524 EPISTULA
1746 459 1849 520 AD
1893 457 2709 520 THESSALONICENSES.

3564 465 3718 529 1038

294 597 628 668 θνήσκομεν,
680 592 807 650 ἀλλ’
860 595 935 656 ὡς
981 597 1222 648 τοιοῦτοι
1267 593 1595 664 θνήσκομεν,
1629 592 1703 654 ὡς
1734 587 1950 659 δηλαδή

2078 591 2364 659 referente,
2391 592 2458 648 ad
2495 593 2764 658 deorum,
2791 592 2839 646 si
2870 592 3142 663 velimus,
3192 595 3541 667 dignitatem
3593 608 3722 653 eve'

292 681 770 759 προσειλημμένοι
818 683 969 755 αὐτῷ
1028 682 1105 746 είς
1153 681 1399 753 υἱότητα.
1448 679 1508 734 οὗ
1571 681 1677 753 μὴν
1732 680 1806 740 ὡς
1838 678 1945 732 υἱοὶ

293 770 623 847 ἀνθρώπων,
703 769 850 840 ούδὶ,
924 767 1214 832 άπολύτως
1294 770 1482 838 εἰπεῖν,
1543 768 1617 830 ὡς
1674 765 1947 843 ἄνθρωποι

293 857 485 914 ἀδίκου
545 857 804 930 δηλονότι
855 856 1118 928 πλούτου,
1181 857 1217 928 ἢ
1275 855 1498 934 φαύλων
1557 854 1950 929 ἐπιθυμιῶν,ἢ

292 949 485 1024 ὀργῆς,
544 947 580 1018 ἢ
629 947 898 1022 αἱμάτων,
957 948 994 1017 ἢ
1046 944 1262 1002 τοιοῦδέ
1291 967 1437 1008 τινος
1469 949 1657 1001 κακοῦ.
1719 942 1949 1020 Καρδίαν

295 1037 354 1094 δέ
378 1060 441 1114 γε
471 1038 640 1116 φημὶ,
672 1037 754 1116 ἐφ’
802 1039 864 1106 ἣν
918 1034 1269 1112 διαλογισμοὶ
1318 1033 1685 1111 εὐαγγελικῶς
1732 1028 1950 1089 ἀναϐαί-

293 1150 466 1196 νουσι,
499 1128 589 1182 καὶ
616 1127 770 1208 αὐτοὶ
804 1125 1056 1202 διάφοροι
1111 1125 1254 1181 ἐστιν
1306 1126 1415 1194 ὅτε,
1467 1124 1557 1179 καὶ
1590 1121 1719 1178 οὐδὲ
1749 1123 1952 1196 εύσύμ-

294 1212 470 1272 6ατοι’
517 1213 755 1271 διάνοιαν
816 1213 894 1284 δὲ,
948 1217 1063 1270 καθ’
1124 1217 1210 1287 ἣν,
1268 1214 1314 1269 εἰ
1377 1214 1469 1287 μὲν
1514 1211 1822 1290 σεσόφισταί
1868 1233 1951 1274 τις

296 1306 502 1375 Θεόθεν,
567 1305 743 1380 ἀγαθὰ
799 1302 1206 1379 συλλογίζεται,
1274 1303 1365 1358 καὶ
1422 1302 1773 1376 συμπεραίνει
1824 1300 1953 1364 τοὺς

295 1391 496 1469 λόγους
524 1395 662 1468 πρὸς
693 1393 836 1456 θείας
870 1393 1044 1468 ἀρχὰς
1073 1394 1170 1454 τὰς
1220 1391 1444 1448 ἐκεῖθεν
1493 1391 1539 1446 εἰ
1592 1387 1650 1445 δὲ
1699 1391 1954 1465 ἡμάρτη-

290 1506 399 1554 ται,
436 1485 710 1563 σοφίζεται
732 1484 818 1538 καὶ
855 1483 1040 1537 ἐαυτὸν
1073 1480 1315 1542 καὶτοὺς
1349 1480 1637 1550 ἀκροατὰς,
1662 1479 1756 1534 καὶ
1783 1478 1956 1542 οὕτως

295 1574 356 1629 ού
387 1577 487 1639 τῆς
519 1573 844 1649 αύτοσοφίας
875 1569 1149 1649 λογίζεται
1203 1570 1483 1643 μαθητὴς,
1535 1568 1681 1624 ἀλλὰ
1725 1574 1821 1624 τοῦ
1870 1590 1956 1622 σο-

295 1667 485 1721 φιστοῦ
532 1665 628 1732 τῆς
655 1661 842 1724 κακίας
875 1658 1251 1736 ὑποδρηστήρ.

2060 680 2260 734 himur
2290 685 2347 735 et
2372 681 2566 736 cuncti
2596 681 2901 736 reddimur
2932 681 3031 736 ﬁlii
3089 681 3395 754 Altissimi,
3459 686 3536 742 ila
3594 687 3724 759 qui-

2059 770 2192 824 dem
2222 774 2305 836 ut,
2337 769 2572 826 etiamsi
2604 770 2910 836 morimur,
2943 775 3142 826 tamen
3176 790 3290 828 non
3325 778 3608 847 tanquam
3639 781 3728 832 ta—

2067 857 2153 913 les
2182 859 2521 922 moriamur,
2558 864 2757 930 utpote
2780 859 2905 930 jam
2939 865 3110 916 antea
3142 861 3199 915 in
3232 861 3483 918 ﬁliorum
3517 881 3730 920 nume-

2063 963 2192 1001 rum
2220 948 2501 1018 adoptati,
2536 964 2724 1020 neque
2756 955 3039 1021 tanquam
3101 949 3204 1004 ﬁlii
3255 951 3590 1021 hominum,
3631 969 3730 1010 ne.

2063 1051 2198 1106 que,
2232 1040 2294 1090 ut
2314 1037 2792 1108 breviterdicam,
2825 1042 3106 1111 tanquam
3161 1041 3430 1097 homines
3474 1043 3729 1113 injusta-

2062 1141 2194 1179 rum
2227 1124 2587 1193 divitiarum,
2637 1132 2739 1182 aut
2788 1144 3098 1198 pravarum
3159 1130 3573 1202 cupiditatum,
3629 1136 3731 1188 aut

2065 1212 2185 1278 iraa,
2213 1219 2316 1268 aut
2345 1215 2728 1285 sanguinum,
2763 1223 2866 1270 aut
2895 1218 3110 1274 similis
3171 1219 3588 1291 improbitatis.
3622 1226 3730 1278 Cor

2064 1319 2236 1374 porro
2269 1302 2420 1373 dico,
2455 1304 2511 1357 in
2547 1319 2684 1375 quo,
2719 1311 2784 1359 ut
2829 1323 2965 1362 cum
3013 1308 3323 1379 Evangelio
3371 1308 3597 1382 loquar,
3631 1328 3727 1367 co-

2063 1390 2379 1465 gitationes
2410 1397 2736 1464 exsurgunt
2767 1395 3011 1450 diversae
3043 1396 3339 1453 interdum
3381 1405 3438 1454 et
3487 1399 3723 1457 illicitae.

2062 1480 2479 1550 Cogitationem
2516 1482 2786 1554 denique,
2813 1499 2928 1554 qua
2962 1484 3094 1554 quis
3122 1485 3408 1542 divinitus
3440 1488 3728 1560 sapientia

2063 1573 2389 1640 instructus
2421 1569 2491 1622 dc
2524 1570 2695 1624 rebus
2721 1570 2889 1625 bonis
2908 1573 3234 1628 meditatur
3259 1578 3318 1628 et
3345 1575 3726 1647 disciplinam

2064 1660 2136 1714 ab
2160 1658 2326 1713 initio
2359 1662 2659 1729 acceptam
2692 1660 2762 1714 ad
2814 1661 3040 1730 juslum
3094 1663 3268 1717 ﬁnem
3332 1665 3598 1735 perducit
3675 1683 3738 1738 et

297 1758 638 1820 conservat;
671 1753 772 1808 ubi
804 1769 939 1808 vero
973 1755 1278 1824 peccatum
1319 1753 1430 1817 est,
1454 1763 1514 1806 se
1544 1752 1716 1821 atque
1747 1747 2046 1805 auditores
2085 1749 2306 1816 edocet,
2343 1764 2530 1818 neque
2563 1747 2806 1826 propriis
2859 1750 3160 1822 sapientiae
3219 1753 3581 1826 discipulus,
3624 1757 3727 1812 sed

307 1843 578 1916 magistri
609 1841 1008 1914 perversitatis
1037 1857 1240 1897 servus
1272 1843 1602 1912 reputatur.

370 1949 430 2016 ζ’.
465 1947 624 2021 Ἐμοὶ
675 1944 732 2001 δὲ
777 1946 866 2000 καὶ
917 1944 1140 2009 ἐνταῦθα
1180 1943 1347 2021 λόγου
1395 1944 1458 1997 τὸ
1511 1943 1564 1998 ἐν
1595 1940 1700 2017 ὅλῃ
1753 1941 1842 1997 καὶ
1888 1941 1952 1996 τὸ

2128 1915 2183 1998 7.
2217 1944 2351 1999 Jam
2385 1943 2478 1998 hic
2511 1961 2642 2000 vero
2677 1944 2835 2000 haud
2881 1945 3346 2018 inopportunum
3384 1952 3615 2008 videtur
3645 1953 3738 2009 di-

295 2035 348 2108 ἐξ
399 2035 536 2106 ὅλης
584 2035 682 2090 ούκ
712 2034 1062 2113 ἀπροσφυῶς,
1097 2035 1271 2106 οἶμαι,
1326 2030 1475 2087 δοκεῖ
1509 2032 1588 2104 μὴ
1644 2029 1955 2105 συντρέχειν

294 2126 371 2190 εἷς
413 2120 619 2182 ἔννοιαν
668 2126 768 2195 τήν
823 2124 1015 2194 αὐτὴν,
1068 2123 1158 2178 καὶ
1202 2121 1374 2192 πάντη
1408 2120 1626 2184 πάντως
1657 2117 1954 2190 άνεξάλλα-

294 2236 441 2285 κτον,
493 2213 642 2270 ἀλλὰ
689 2212 1076 2291 προφαίνεσθαι
1131 2213 1224 2286 μὶν
1275 2209 1537 2290 διαφοράν
1587 2230 1710 2265 τινα
1760 2209 1812 2264 ἐν
1861 2208 1954 2263 αύ-

291 2311 432 2374 τοῖς,
467 2304 529 2359 ού
586 2305 694 2376 μὴν
754 2301 1096 2378 ἀσύντροχον
1149 2305 1217 2375 τῇ
1267 2299 1547 2377 ὀρθότητι,
1599 2303 1687 2355 οἷα
1735 2297 1787 2354 ἐν
1834 2296 1958 2353 δια-

301 2393 455 2470 φόρῳ
505 2390 676 2464 λαλίᾷ
728 2387 1120 2466 ξυμϐαίνουσαν
1185 2390 1263 2453 εἷς
1319 2387 1372 2444 ἓν
1442 2389 1640 2466 ἀγαθόν
1673 2407 1685 2421 ⁶
1763 2386 1954 2461 ὅμοιον

295 2483 370 2544 ὡς
419 2483 507 2536 καὶ
567 2479 622 2536 εἷ’
663 2501 805 2545 τινες
868 2478 962 2535 δύο
1011 2479 1371 2556 πορευόμενοι
1423 2477 1475 2541 ἐς
1531 2477 1689 2555 ὀρθὸν
1753 2476 1802 2532 ἐν
1847 2475 1960 2548 ὁδῷ

296 2569 599 2645 σχιζομένῃ
633 2567 791 2645 διχῇ,
825 2570 980 2643 ὅμως
1011 2564 1328 2631 εὐθυϐόλως
1359 2567 1436 2630 εἷς
1467 2564 1520 2623 ἓν
1555 2568 1719 2642 πέρας
1762 2566 1956 2642 ἀγαθὸν

295 2658 651 2718 καταλύουσι.
1961 2678 1964 2682 ·

368 2751 439 2821 η’.
473 2748 572 2804 Καί
608 2770 701 2822 μοι
753 2746 965 2824 ἀρέσκει
1010 2749 1075 2803 τὸ
1127 2748 1224 2821 μὲν
1273 2745 1326 2801 ἐν
1370 2746 1474 2822 ὅλῃ
1533 2747 1596 2802 τὸ
1655 2743 1957 2821 ἐνδὸμυχον

297 2845 398 2908 τῆς
427 2839 641 2915 ἀγάπης
675 2835 1069 2909 ὑποσημαίνειν
1116 2837 1180 2891 τὸ
1237 2836 1547 2908 καταμόνας
1592 2830 1743 2890 ἔνδον
1789 2832 1842 2888 ἐν
1888 2837 1957 2907 τῇ

304 2931 478 3003 ψυχῇ,
509 2928 578 2982 τὸ·
611 2925 739 2987 τοὺς
795 2924 1044 2989 πολλοὺς
1102 2925 1364 2981 λανθάνον
1425 2924 1608 2992 εῗσέτι,
1666 2924 1728 2978 τὸ
1789 2924 1959 2996 μήπω

310 3016 634 3095 ἐκπεφηνὸς,
691 3015 756 3070 τὸ
815 3015 1056 3070 ἐνοικοῦν
1110 3018 1178 3089 τῇ
1233 3017 1410 3090 ψυχῇ,
1463 3014 1525 3068 τὸ
1575 3012 1626 3067 ἐν
1683 3017 1761 3084 τῷ
1813 3011 1962 3075 ἐντὸς

305 3107 680 3181 κεκρυμμένον
712 3103 989 3180 οἰκουρίας
1016 3104 1163 3166 τινὸς
1218 3101 1398 3173 δίκην,
1439 3101 1502 3156 ού
1539 3103 1645 3174 μὴν
1686 3099 1775 3156 καὶ
1829 3120 1961 3175 προ-

306 3215 630 3272 φαινομενον
692 3193 768 3256 εἰς
829 3192 1125 3268 ἐνάργειαν.
1192 3193 1357 3247 Ἕντα
1412 3196 1788 3266 προσεπινοεῖν
1844 3189 1960 3244 ἐνά-

302 3304 492 3361 γομαι,
544 3283 636 3338 καὶ
691 3283 767 3345 ὡς
827 3281 878 3336 ἐν
937 3282 1080 3358 τρισὶ
1139 3281 1355 3345 τούτοις
1402 3279 1614 3348 καλοῖς,
1661 3283 1730 3353 τῇ
1778 3281 1956 3353 ψυχῇ,

2069 2049 2220 2104 cere,
2245 2034 2398 2105 quod
2434 2033 2538 2088 illa
2559 2035 2736 2090 verba
2766 2036 2828 2089 in
2855 2041 2963 2092 toto
3005 2042 3063 2092 et
3105 2054 3176 2093 ex
3203 2047 3312 2095 toto
3345 2057 3461 2096 non
3494 2058 3738 2113 prorsus

2066 2123 2138 2178 ad
2167 2123 2440 2178 eumdem
2472 2123 2711 2179 redeant
2728 2141 2992 2192 sensum,
3019 2143 3123 2182 nec
3175 2127 3294 2184 ullo
3309 2132 3481 2185 modo
3515 2131 3736 2187 discre-

2068 2215 2324 2283 pantem,
2358 2213 2460 2267 sed
2522 2212 2843 2268 discrimen
2901 2217 3198 2287 quoddam
3258 2217 3342 2274 eis
3368 2221 3580 2286 inesse,
3619 2237 3734 2275 non

2067 2299 2184 2356 tale
2213 2301 2450 2372 quidem
2485 2303 2641 2373 quod
2670 2307 2836 2358 recte:
2869 2304 3004 2360 ﬁdei
3065 2312 3369 2378 regugnet,
3425 2309 3528 2364 sed
3581 2311 3734 2381 quod

2067 2389 2295 2445 diverso
2327 2389 2603 2460 loquendi
2635 2407 2846 2462 genere
2876 2394 2949 2448 ad
2987 2411 3169 2449 unum
3213 2395 3490 2468 idemque
3517 2397 3736 2453 bonum

2068 2479 2337 2547 deducat,
2371 2478 2527 2534 velut
2553 2478 2602 2534 si
2635 2480 2750 2535 duo
2781 2481 2874 2536 via
2921 2487 3099 2550 recta,
3161 2485 3297 2539 licet
3348 2485 3622 2542 bifariam
3653 2489 3741 2542 di-

2068 2568 2213 2634 visa,
2269 2568 2727 2639 proficiscentes,
2778 2571 2850 2625 ad
2911 2571 3091 2627 ﬁnem
3141 2578 3410 2645 optatum
3494 2575 3743 2633 felicitor

2079 2659 2452 2728 perveniunt,

2139 2748 2193 2801 8.
2248 2747 2438 2802 Verba
2489 2747 2593 2804 illa
2653 2750 2712 2804 in
2743 2752 2867 2816 toto,
2918 2755 2983 2805 ut
3032 2751 3178 2806 mihi
3232 2752 3470 2823 quidem
3496 2754 3744 2826 videtur,

2069 2837 2332 2892 indicant
2362 2838 2730 2892 reconditum
2762 2837 3088 2907 cbaritatis,
3113 2841 3168 2895 id
3196 2842 3350 2912 quod
3375 2841 3566 2898 solum
3589 2844 3744 2899 intra

2069 2927 2329 2981 animam
2352 2931 2459 2996 est,
2493 2927 2649 2997 quod
2684 2925 3118 2984 multitudinem
3152 2930 3345 2985 adhuc
3385 2930 3547 2999 latet,
3582 2939 3738 3004 quod

2073 3016 2334 3070 nondum
2360 3015 2651 3086 apparuit,
2686 3016 2840 3087 quod
2900 3017 3113 3073 animae
3170 3018 3410 3088 insidet,
3470 3022 3628 3092 quod
3676 3021 3735 3076 in

2069 3102 2357 3170 interiori,
2384 3101 2541 3157 velut
2571 3103 2629 3159 in
2662 3105 2835 3160 domo
2882 3108 3137 3176 quadam
3189 3109 3571 3165 absconditur
3603 3127 3737 3168 nec-

2071 3195 2208 3246 dum
2242 3192 2309 3246 ad
2349 3191 2704 3247 activitatem
2765 3195 3071 3264 processit.
3131 3196 3262 3252 Jam
3317 3196 3414 3253 hic
3467 3199 3737 3254 animad-

2070 3285 2252 3347 verto,
2278 3277 2524 3351 pulchra
2585 3281 2697 3335 ista
2750 3281 3038 3351 trinitate,
3087 3285 3287 3340 anima
3342 3286 3622 3342 nimirum
3681 3293 3739 3343 et

376 3340 386 3358 .
479 3340 492 3353 ι
752 3340 763 3345 -
972 3340 981 3358 .
1341 3340 1352 3345 -
1582 3340 1612 3348 ν.
1708 3340 1730 3353 .-
1794 3340 1803 3353 ,
1858 3340 1953 3353 ...η

297 3340 368 3448 τῇ
429 3369 623 3447 καρδίᾳ
691 3371 781 3426 καὶ
853 3374 922 3445 τῇ
978 3369 1189 3442 διανοίᾳ
1243 3371 1304 3424 τὸ
1363 3370 1414 3424 ἐν
1462 3372 1599 3442 ἡμῖν
1654 3373 1755 3423 πᾶν
1811 3367 1960 3429 ἐντὸς

2078 3370 2247 3424 corde
2278 3374 2333 3423 et
2363 3369 2736 3440 cogitatione,
2767 3387 2942 3427 omne
2971 3373 3190 3428 bonum
3233 3375 3389 3430 intra
3418 3391 3525 3431 nos
3560 3394 3734 3432 accu-

300 3462 493 3537 ἀγαθὸν
553 3458 780 3522 ἐντελῶς
815 3458 1205 3538 ὑπογράφεται,
1247 3479 1310 3513 ου
1363 3465 1671 3531 μεμνῆσθαι
1725 3455 1816 3511 καὶ
1870 3456 1963 3511 τὸν

309 3550 474 3626 μέγαν
519 3545 710 3622 Δαυῗδ,
764 3548 902 3603 ὅπου
952 3547 1125 3612 ἐθέλει
1173 3547 1345 3602 πάντα
1387 3547 1454 3601 τὰ
1484 3546 1628 3608 ἐντὸς
1659 3546 1825 3601 αὐτοῦ
1881 3565 1963 3598 κι-

305 3641 507 3694 νεῖσθαι
568 3637 644 3700 είς
698 3637 761 3692 τὸ
821 3636 1064 3714 εὐλογεῖν
1116 3637 1179 3691 τὸ
1235 3641 1332 3691 τοῦ
1375 3639 1508 3691 Θεοῦ
1557 3637 1711 3710 ἅγιον
1767 3629 1961 3707 ὄνομα.

308 3727 535 3791 Τούτοις
566 3729 670 3804 γὰρ
699 3733 818 3789 τοῖς
845 3727 1016 3790 ἐντὸς,
1047 3730 1164 3787 τοῖς
1194 3725 1392 3800 τρισὶν,
1431 3725 1518 3802 ὑφ’
1567 3723 1641 3778 ὧν
1690 3725 1724 3794 ἡ
1776 3723 1962 3798 ἀγάπη

309 3815 680 3886 διαπλέκιται,
743 3813 798 3872 εἷ’
840 3837 923 3878 τις
984 3814 1254 3892 λογισμοῦ
1310 3815 1366 3869 εὗ
1416 3811 1558 3890 ἔχοι,
1605 3812 1820 3889 εύλογεῖ
1872 3812 1963 3867 τὸν

303 3913 406 3977 τῆς
457 3905 670 3982 ἀγάπης
720 3906 941 3982 Κύριον,
993 3903 1161 3979 ὕμνον
1204 3903 1534 3977 ἀναμέλπων
1577 3901 1629 3958 ἐν
1677 3907 1756 3974 τῷ
1805 3921 1965 3957 πνευ-

312 4000 558 4070 ματικῶς
587 3994 865 4070 ἡρμόσθαι
907 3994 1047 4050 κατᾶ
1088 3994 1149 4048 τὸ
1187 3995 1238 4048 ἐν
1289 3995 1473 4068 ἀγάπῃ
1527 3991 1818 4070 σύμφωνον
1869 3993 1965 4045 τοῦ

304 4089 598 4162 τριμεροῦς
628 4091 729 4154 τῆς
761 4087 969 4159 ψυχῆς.
1004 4081 1102 4136 Καὶ
1127 4086 1377 4137 τοιοῦτον
1430 4083 1525 4154 μὲν
1553 4081 1614 4136 τὸ
1642 4081 1691 4135 ἐν
1725 4079 1830 4154 ὅλῃ
1864 4083 1965 4152 ψυ-

309 4179 388 4251 χῇ
414 4196 472 4230 τε
510 4175 598 4230 καὶ
658 4169 855 4248 καρδίᾳ
901 4171 990 4226 καὶ
1042 4167 1272 4242 διανοίᾳ,
1323 4170 1399 4234 ὡς
1447 4168 1679 4246 εἷ’ρηται,
1737 4169 1967 4244 ἀγαπᾷν.

381 4282 444 4338 θ’.
503 4279 574 4335 Τὸ
633 4277 690 4334 δὲ
766 4276 898 4353 ὅλῃς
971 4281 1051 4350 τῷ
1128 4275 1350 4353 ἑτεροίῳ
1415 4278 1516 4345 τῆς
1573 4275 1821 4350 φράσεως
1879 4271 1970 4328 καί

309 4371 408 4440 τὴν
459 4368 663 4425 ἔννοιαν
710 4364 1150 4438 συνεξαλλάττειν
1209 4363 1379 4423 δοκεῖ.
1414 4364 1668 4420 Φαίνεται
1717 4383 1817 4440 γαρ
1878 4361 1974 4432 δη-

311 4459 441 4516 λοῦν
499 4459 714 4536 ἀγάπην
770 4459 806 4528 ἡ
854 4455 1046 4532 φράσις
1111 4453 1247 4525 αὕτη
1307 4454 1608 4530 πρόοπτον,
1665 4452 1756 4506 καὶ
1798 4450 1970 4513 οὕτως

311 4549 636 4626 ἐξωτερικῆν
672 4592 686 4619 ,
746 4543 1102 4602 ἐκπιδύουσαν
1152 4548 1261 4599 τῶν
1327 4542 1474 4606 ἐντὸς
1537 4542 1628 4597 καὶ
1684 4543 1822 4596 κατὰ
1872 4543 1972 4615 ψυ-

313 4640 444 4715 χὴν,
500 4637 600 4693 ὅσα
627 4636 718 4693 καὶ
748 4640 936 4712 πηγῆς
968 4635 1190 4712 ἀγαθῆς.
1253 4632 1427 4710 ῥεῦμά
1453 4653 1505 4687 τι
1555 4630 1797 4712 χρηστὸν
1848 4626 1970 4702 ἔξω,

2070 3463 2193 3513 rate
2225 3457 2544 3529 designari,
2578 3459 2748 3529 cujus
2783 3460 2861 3515 rei
2893 3461 3071 3516 etiam
3105 3479 3357 3534 magnus
3402 3466 3575 3520 David
3610 3483 3731 3522 me-

2073 3546 2264 3615 minit,
2297 3547 2534 3617 quando
2562 3547 2686 3602 vult
2716 3553 2780 3603 ut
2809 3549 3008 3605 omnia
3026 3567 3151 3620 quae
3186 3552 3342 3608 intra
3371 3553 3567 3625 ipsum
3594 3561 3734 3610 sunt

2073 3637 2145 3691 ad
2172 3635 2638 3691 benedicendum
2669 3645 2870 3692 sancto
2901 3639 3000 3694 Dei
3033 3641 3257 3696 nomini
3286 3650 3739 3713 permoveantur

2077 3725 2175 3781 llis
2203 3725 2359 3780 enim
2394 3726 2583 3781 tribus
2616 3727 3018 3797 interioribus,
3072 3729 3288 3800 quibus
3345 3731 3603 3788 charitas
3654 3734 3740 3788 in-

2076 3815 2280 3880 haeret,
2306 3814 2522 3886 siquis
2553 3816 2698 3871 bene
2755 3818 3025 3887 senserit,
3087 3819 3380 3876 benedioit
3433 3822 3740 3878 charitatis

2079 3902 2413 3970 Dominum,
2442 3903 2584 3958 dum
2618 3905 2925 3976 hymnum,
2958 3907 3348 3976 Spiritualiter
3401 3911 3472 3965 ad
3507 3910 3740 3965 harmo-

2081 3991 2240 4046 niam
2274 3990 2509 4046 illarum
2548 3991 2726 4046 trium
2760 3993 2972 4049 animae
3029 3995 3287 4066 partium
3349 3998 3409 4054 in
3461 3999 3746 4053 charitate

2080 4080 2496 4152 compositum,
2527 4080 2881 4137 modulatur.
2930 4084 2999 4137 Et
3030 4083 3139 4139 hoc
3170 4089 3280 4156 est,
3314 4086 3373 4141 in
3407 4093 3525 4143 tota
3545 4088 3745 4144 anima

2080 4175 2136 4226 et
2165 4170 2338 4225 corde
2359 4173 2416 4224 et
2445 4169 2799 4241 cogitatione
2829 4188 3051 4242 amare,
3085 4173 3169 4228 uti
3192 4174 3472 4232 diximus.

2148 4276 2202 4329 9.
2234 4275 2382 4330 Illud
2416 4280 2615 4331 autem
2649 4293 2718 4331 ea:
2752 4281 2886 4344 toto,
2950 4279 3030 4333 uti
3091 4278 3364 4348 dictione,
3423 4282 3508 4338 ita
3563 4283 3740 4339 etiam

2081 4381 2262 4420 sensu
2291 4364 2522 4420 differre
2553 4365 2799 4420 videtur.
2833 4367 2912 4421 Ex
2938 4383 3069 4423 mea
3098 4369 3255 4424 enim
3315 4373 3610 4427 sententia
3629 4372 3744 4428 ista

2084 4454 2317 4526 phrasis
2348 4453 2544 4508 innuit
2575 4454 2919 4511 charitatem
2947 4459 3344 4527 manifestam,
3369 4462 3440 4515 ad
3459 4462 3744 4517 exteriora

2083 4549 2584 4617 prorumpentem,
2629 4561 2699 4600 ex
2727 4545 2955 4601 intimis
2985 4548 3167 4603 animi
3231 4553 3584 4620 recessibus,
3616 4558 3745 4608 tan-

2085 4650 2262 4705 quam
2297 4649 2326 4690 e
2357 4635 2510 4689 bono
2542 4635 2724 4700 fonte,
2773 4635 3116 4694 excellentis
3147 4637 3343 4696 laticis
3370 4640 3560 4698 instar
3585 4642 3748 4698 ebul-

312 4710 403 4783 ᾆιάὶ
463 4710 940 4799 ἐκκαλυπτομένην
1000 4710 1090 4779 καὶ
1161 4718 1705 4801 προφαινομένηνμέκ
1750 4722 1846 4773 τοῦ
1903 4719 1963 4772 ὧι

2087 4724 2348 4795 lientem,
2382 4728 2646 4795 apertam
2669 4729 2726 4779 et
2754 4740 2823 4779 ex
2847 4727 3294 4801 potentialitate,
3326 4735 3392 4785 ut
3419 4731 3503 4786 ita
3531 4732 3748 4799 dicam,

315 4817 486 4873 εἰπεῖν
527 4791 942 4889 δυνάμειΙκατὰ
997 4791 1297 4888 ἐνέργειανί
1353 4791 1467 4866 οἷον
1528 4791 1568 4864 ὁ-
1605 4791 1706 4884 μὲν
1757 4806 1974 4883 λογιζό-

319 4927 478 4980 μενος
506 4904 558 4959 ἐν
590 4907 768 4980 ψυχῇ,
801 4903 893 4958 καὶ
940 4899 1350 4975 διανοούμενος,
1409 4901 1496 4955 καὶ
1532 4898 1675 4954 οὕτω
1718 4896 1976 4970 συλλογι-

319 4996 548 5070 ζόμενος
607 4994 783 5069 ὀρθῶς
832 4993 900 5048 τὰ
959 4991 1091 5064 ὑπὲρ
1154 4990 1352 5067 ἀγαθοῦ
1411 4988 1622 5064 φίλου,
1678 4985 1768 5042 καὶ
1823 4998 1979 5059 μεθο-

318 5083 512 5155 διύων,
543 5085 635 5140 καὶ
665 5082 854 5139 ἐαυτὸν
879 5078 1092 5137 εὔθετον
1135 5084 1310 5136 ποιῶν
1367 5078 1442 5141 εἷς
1500 5079 1569 5133 τά
1623 5079 1759 5155 πρὸς
1819 5077 1980 5153 χάριν

319 5175 546 5244 ἐκείνου,
580 5174 670 5229 καὶ
705 5169 1126 5249 βυσσοδομεύων
1171 5168 1316 5225 καλὰ
1348 5168 1663 5224 συνοίσοντα
1711 5171 1791 5239 τῷ
1848 5168 1978 5241 ἀγα-

317 5265 599 5340 πωμένῳ,
679 5261 733 5317 ἐν
806 5263 961 5336 ψυχῇ
1029 5258 1121 5314 καὶ
1181 5257 1234 5312 ἐν
1290 5255 1488 5333 καρδίᾳ
1526 5255 1617 5312 καὶ
1672 5255 1723 5310 ἐν
1774 5253 1982 5326 διανοίᾳ

321 5352 450 5429 ὅλῃ,
481 5353 685 5408 ἐκεῖνον
715 5349 915 5428 ἀγάπᾷ,
945 5347 1096 5412 ἐντὸς
1139 5349 1232 5422 μὲν
1281 5349 1458 5426 φέρων
1503 5345 1684 5414 αὐτὸν,
1735 5346 1800 5400 οὐ
1845 5365 1984 5421 παρ-

323 5442 577 5519 αυγάζων
638 5438 696 5495 δὲ
745 5439 806 5494 τὸ
855 5435 1042 5516 φίλιον
1089 5436 1182 5491 καὶ
1240 5435 1513 5515 ἐμφανῶς,
1580 5432 1704 5490 οὐδὲ
1735 5434 1983 5511 ἐξαστρά-

323 5552 476 5588 πτων
506 5530 638 5587 αὐτὸ
704 5524 806 5600 ἔξω
860 5527 938 5589 εἰς
996 5525 1240 5603 ἐναργές.
1279 5527 1375 5588 Ὃς
1404 5522 1463 5579 δὲ
1492 5529 1686 5600 καιροῦ
1742 5543 1987 5598 παραπε-

331 5621 520 5683 σόντος
574 5619 666 5675 καὶ
721 5621 1079 5680 ἀπαιτοῦντος
1135 5615 1346 5692 ἀγάπης
1401 5611 1654 5684 ἐπίδειξιν
1715 5613 1990 5689 ἐκπορίζει

329 5715 412 5785 τῷ
480 5711 632 5786 φίλῳ
681 5707 750 5765 τὰ
805 5705 1016 5781 δέοντα,
1067 5703 1318 5783 πράττων
1380 5701 1486 5761 εἷίιε
1555 5701 1902 5780 ὖπερλαλῶν,
1953 5703 1988 5772 ἢ

2087 4813 2158 4868 ad
2182 4812 2541 4868 activitatem
2575 4811 2844 4868 alacriter
2893 4815 3320 4884 prosilientem,
3377 4820 3517 4873 dum
3548 4825 3752 4874 contra

2087 4904 2138 4960 is
2170 4904 2270 4976 qui
2301 4903 2497 4960 animo
2528 4909 2758 4976 reputat
2809 4909 2868 4960 et
2929 4906 3265 4979 meditatur,
3325 4914 3382 4965 et
3437 4910 3523 4966 sic
3574 4911 3752 4982 probe

2089 5010 2219 5066 quin
2250 4993 2437 5049 amico
2496 4993 2664 5049 utilia
2721 4995 2840 5050 sint
2869 4994 3176 5064 deliberat,
3232 5003 3292 5055 et
3346 5003 3643 5056 scrutatur
3698 5006 3755 5056 et

2091 5087 2278 5138 semet
2309 5084 2380 5138 ad
2412 5081 2495 5137 illi
2521 5092 2685 5155 grata
2714 5082 3046 5140 exhibenda
3080 5093 3386 5158 prwparat,
3418 5093 3477 5144 et
3515 5105 3642 5160 quae
3667 5090 3753 5144 di-

2090 5171 2240 5228 lecto
2274 5173 2551 5243 prodesse
2606 5172 2852 5242 possint,
2902 5173 3172 5241 rimatur,
3225 5177 3276 5232 is
3322 5177 3381 5233 in
3441 5179 3639 5233 anima
3695 5184 3755 5234 et

2092 5261 2266 5316 corde
2286 5265 2343 5316 et
2369 5260 2720 5332 cogitatione
2752 5261 2919 5316 illum
2952 5264 3335 5335 diligit,intus
3364 5283 3501 5322 eum
3534 5268 3751 5336 ferens,

2095 5367 2208 5405 non
2241 5353 2434 5404 autem
2484 5349 2798 5406 manifesto
2852 5350 3119 5409 revelans
3176 5356 3518 5424 amicitiam,
3570 5373 3757 5427 neque

2096 5439 2167 5496 ad
2225 5438 2579 5495 activitatem
2631 5439 2948 5496 deducens.
3011 5442 3119 5507 Qui
3177 5449 3395 5516 autem,
3453 5445 3759 5502 occasione

2097 5528 2290 5584 oblata
2322 5533 2379 5582 et
2406 5533 2666 5600 tempore
2711 5528 3016 5586 charitatis
3073 5533 3638 5592 demonstrationem
3671 5553 3758 5592 re-

2098 5618 2390 5690 quirente,
2424 5619 2614 5674 amico
2644 5616 2978 5675 necessaria
3007 5623 3367 5696 suppeditat,
3398 5625 3518 5681 sive
3566 5625 3758 5692 factis,

2101 5707 2222 5764 sive
2251 5707 2465 5776 verbis,
2500 5707 2622 5763 sive
2663 5723 2726 5763 re
2775 5707 2888 5764 alia
2942 5725 3316 5784 quacunque,
3378 5718 3436 5770 et
3489 5715 3571 5771 ita
3608 5715 3764 5770 clare

333 5798 476 5859 ἄλλο
505 5821 558 5856 τι
603 5799 975 5875 τεηνώμενος,
1035 5794 1102 5853 δι’
1149 5793 1213 5852 οῦ
1261 5792 1637 5872 πανηγυρίζει,
1695 5796 1963 5869 πομπικῶ

2103 5796 2364 5854 ostendit
2396 5801 2454 5854 et
2483 5813 2680 5854 coram
2740 5797 3018 5857 omnibus
3053 5807 3254 5878 aperte
3300 5805 3533 5880 probat,
3602 5800 3760 5875 quali
