4066 6388
434 442 591 500 1039
1206 428 1625 496 EUSTATHII
1669 426 2445 493 THESSALONICENSIS
2491 428 3074 496 METROPOLITIE
3676 437 3809 503 1040

431 571 700 629 amicitias
731 586 909 629 sensu
935 585 1072 641 ergo
1102 568 1359 625 amicum
1390 566 1636 622 aﬂ‘ectus
1667 564 1832 637 sit,is
1861 580 1930 620 ex
1961 568 2037 620 tot

2200 557 2545 635 θριαμϐεύων
2600 565 2691 619 καὶ
2745 562 3150 641 παραδεικνῦς,
3213 567 3403 631 ὁποῖός
3479 567 3585 623 ἔστι
3631 569 3693 625 τὰ
3743 570 3806 635 εἲς

430 660 630 717 anima
658 665 715 716 et
743 677 811 717 ex
838 664 958 716 tota
987 657 1338 728 cogitatione
1371 654 1584 727 diligit,
1611 669 1887 725 promens
1908 653 2031 708 nim

2201 650 2491 723 εύθυτάτην
2567 653 2778 731 φιλίαν,
2851 652 2904 725 ἐξ
2979 652 3119 727 ὅλης
3172 658 3382 733 ψυχῆς,
3449 655 3537 713 καί
3593 657 3641 729 ἒξ
3691 658 3807 731 ὅλης

430 767 563 806 rum
595 767 724 822 quae
752 749 813 805 in
847 747 1044 804 animo
1078 747 1280 816 latent,
1324 750 1381 800 et
1418 744 1589 799 factis
1647 744 2036 799 demonstran,

2198 737 2442 814 καρδίας,
2502 742 2593 796 καὶ
2650 742 2700 815 ἐξ
2758 741 2897 814 ὅλης
2956 740 3202 807 διανοίας
3256 745 3285 800 6
3339 750 3581 802 τοιοῦτος
3632 747 3804 823 ἀγαπᾷ,

430 840 619 903 Quare
638 839 893 895 charitas
924 836 1186 906 interior,
1227 835 1327 889 ubi
1385 833 1642 905 erumpit
1689 831 2036 904 comparand

2197 828 2396 905 ἆξάγων
2472 828 2687 901 δηλαδὴ
2750 832 2817 888 τὰ
2893 831 2947 888 ἐν
3027 836 3095 907 τῇ
3170 837 3327 910 ψυχῇ
3383 837 3803 910 προαποκείμενα,

431 933 521 984 est
548 927 743 984 titioni
768 926 983 983 alicubi
1024 925 1133 980 sub
1155 923 1449 979 cineribus
1478 921 1681 977 latenti
1709 925 1812 977 aut
1834 921 2037 976 ﬂamm

2199 918 2286 973 καὶ
2361 919 2618 994 προάγων
2685 921 2775 976 καὶ
2834 921 3101 1000 ἰκφαίνων
3160 921 3437 1001 ἓναργῶς’
3489 922 3578 980 ’ίνα
3624 926 3682 981 τὸ
3730 928 3805 1000 μὲν

434 1033 675 1089 corpore
704 1016 899 1088 aliquo
932 1015 1258 1085 superjecto
1291 1026 1608 1083 oppressas,
1649 1009 1750 1065 ubi
1782 1014 1981 1065 autem
2013 1025 2040 1063 a

2199 1006 2341 1069 ἐντὸς
2420 1009 2510 1063 καὶ
2580 1008 2901 1082 ἐσωτερικὸν
2979 1018 3083 1082 τῆς
3159 1011 3367 1087 ἀγάπας
3439 1010 3670 1090 ἀναλογῇ
3724 1020 3805 1084 ζω-

434 1104 723 1175 agendum
758 1108 959 1176 parata
1005 1100 1357 1174 proruperit,
1417 1098 1631 1156 similis
1683 1098 1910 1153 dicetur
1965 1098 2040 1170 igl

2202 1096 2355 1169 πύρῳ
2386 1091 2536 1152 ἔνδον
2574 1119 2682 1152 που
2736 1099 3206 1176 ὑποσμυχομὲνῳ,
3260 1100 3298 1171 ἢ
3323 1100 3413 1157 καὶ
3442 1101 3609 1180 φλογὶ
3652 1124 3808 1178 πνιγο·

435 1193 536 1265 qui
581 1208 612 1247 e
644 1192 770 1248 loco
798 1192 997 1247 abdito
1025 1189 1254 1262 prosilit
1278 1194 1336 1244 et
1366 1190 1426 1243 in
1457 1187 1643 1243 altum
1673 1187 1865 1243 elatus
1883 1185 2041 1242 clari:

2204 1184 2336 1259 μένῃ
2395 1184 2447 1241 ἔν
2507 1208 2617 1242 τινι
2670 1193 2973 1263 στεναγμῷ·
3021 1190 3085 1244 τὸ
3133 1187 3193 1245 δὲ
3244 1195 3363 1246 κατ’
3390 1187 3633 1269 ἔκφανσιν
3673 1192 3810 1262 αύτῆς

432 1282 583 1337 simo
616 1281 925 1353 splendore
947 1279 1147 1334 omnia
1176 1276 1500 1333 collustrat.

2205 1276 2538 1351 ἐνεργητικὸν
2599 1276 2879 1348 εἷ’κάζηται
2937 1279 3077 1355 πρὸς
3136 1278 3358 1356 φλόγα,
3417 1276 3623 1345 ἔνδοθὲν
3678 1292 3811 1344 ποθεν

2198 1363 2497 1437 ἐγκύψασαν
2530 1361 2652 1436 ἔξω,
2683 1365 2775 1420 καὶ
2806 1363 3169 1437 ἀναπηδῶσαν
3198 1367 3287 1423 καὶ
3337 1366 3706 1443 ἐκλάμπουσαν
3733 1390 3813 1447 φα-

2197 1454 2413 1509 νότατα.

504 1550 589 1603 10.
623 1549 767 1604 Cum
798 1547 980 1619 igitur
1009 1546 1089 1600 ita
1119 1547 1411 1601 statutum
1442 1543 1521 1598 sit
1568 1542 1641 1597 de
1695 1540 2004 1597 dilectione
2032 1545 2090 1595 et

2272 1544 2321 1600 ι’.
2381 1542 2565 1605 Οὕτως
2623 1541 2715 1601 οὖν
2796 1542 3251 1618 κεκανονισμένου
3314 1549 3414 1601 τοῦ
3496 1546 3693 1623 ἀγαπᾷν
3744 1546 3810 1602 καὶ

430 1640 736 1705 charitate,
766 1655 894 1711 quae
917 1651 1169 1709 superne
1197 1636 1270 1690 ab
1325 1634 1454 1705 ipso
1485 1632 1624 1699 Deo,
1684 1630 1948 1704 agricola;
1997 1631 2036 1686 ix

2205 1639 2297 1701 τῆς
2353 1631 2587 1709 ἀγάπης,
2648 1632 2710 1687 ἐκ
2762 1638 2871 1688 τῶν
2930 1632 3042 1688 ἄνω
3091 1630 3162 1689 δι’
3212 1633 3378 1690 αὐτοῦ
3424 1640 3522 1691 τοῦ
3577 1640 3701 1691 Θεοῦ
3745 1637 3811 1690 οἷα

432 1734 575 1797 star,
607 1728 718 1783 hoc
755 1728 814 1781 in
852 1726 1072 1780 mundo
1121 1722 1412 1779 seminata
1463 1726 1552 1778 est
1602 1726 1666 1776 ut
1721 1721 2038 1777 abundantt

2202 1721 2287 1775 καὶ
2318 1725 2564 1797 γεωργοῦ
2612 1721 3062 1798 κατεσπαρμένης
3093 1722 3343 1788 ἀνέκαθεν
3402 1722 3456 1779 ἐν
3511 1728 3589 1797 τῷ
3631 1723 3808 1798 κόσμῳ,

433 1823 661 1890 fructus
682 1816 896 1871 divinis
932 1811 1312 1884 receptaculis
1359 1811 1772 1868 convenientes
1809 1812 2038 1881 profera

2204 1810 2285 1863 ἐπὶ
2331 1809 2557 1888 εὐφορίᾳ
2602 1811 2814 1886 καρποῦ
2864 1811 3032 1875 θείαις
3098 1811 3403 1883 ἀποθήκαις
3472 1816 3810 1889 προσήκοντος

432 1923 533 1962 vos
565 1922 794 1979 quoque
852 1902 1024 1958 bonis
1074 1902 1299 1956 debetis
1352 1900 1654 1956 abundare
1699 1900 1991 1955 fructibus
2032 1920 2038 1951 ι

2204 1895 2322 1974 χρὴ
2366 1905 2720 1975 καρπογονεῖν
2771 1899 2860 1955 καὶ
2913 1900 3053 1973 ὑμᾶς
3101 1900 3366 1978 εὐγενῶς,
3434 1902 3525 1958 καὶ
3582 1901 3810 1979 συγκομὶ-

434 2012 687 2052 messem
720 1994 991 2049 exhibere
1032 1992 1368 2063 perfectam,
1389 2006 1462 2045 ne
1492 1989 1677 2045 hilum
1711 1988 1951 2061 quidem
1981 1989 2040 2044 at

2209 1994 2306 2058 ζειν
2359 1988 2422 2041 τὸ
2479 1986 2755 2063 κάρπωμα
2813 1988 3088 2058 ἐντελῶς,
3142 1991 3231 2045 καὶ
3292 1991 3370 2065 μή
3438 1989 3645 2070 ἀφιέναι
3704 1989 3815 2065 μηδέ

427 2087 698 2157 jicientes
721 2085 779 2139 in
812 2099 1007 2139 escam
1039 2082 1234 2137 avium
1265 2097 1454 2152 grana
1508 2079 1937 2147 devorantium,
1977 2078 2033 2133 hc

2209 2077 2428 2149 ςμικρὸν
2479 2081 2607 2150 γοῦν
2660 2098 2714 2132 τι
2766 2077 2932 2132 αὐτοῦ
2981 2077 3476 2155 παραῤῥιπτεῖσθαι
3512 2080 3588 2144 εἰς
3615 2080 3815 2156 ἀποτρο-

434 2183 525 2234 est
545 2177 877 2232 daemanum
913 2173 1009 2243 qui
1034 2188 1172 2226 arva
1200 2170 1397 2225 divina
1427 2169 1961 2226 circumvolitantes
1985 2186 2040 2241 pl

2211 2167 2305 2240 ρὴν
2355 2164 2764 2241 σπερμολόγοις
2810 2166 3018 2239 ὀρνὲοις
3069 2165 3346 2241 δαίμοσιν,
3403 2168 3459 2225 οἳ
3503 2170 3569 2225 τὰ
3595 2174 3684 2225 τοῦ
3710 2172 3817 2225 Θεοῦ

430 2266 654 2321 viribus
686 2262 1111 2331 contaminant,
1146 2275 1499 2330 omnemque
1531 2263 1745 2314 navant
1771 2275 2036 2330 operam!

2206 2253 2619 2328 περιερχόμενοι
2665 2254 2801 2326 λήϊα
2856 2252 3213 2329 λυμαίνονται
3267 2256 3347 2321 εἲς
3404 2258 3532 2314 ὃσον
3579 2256 3812 2325 δύνανται,

433 2355 719 2428 optimam
749 2352 923 2407 istam
958 2368 1024 2406 ac
1047 2348 1475 2405 l'ertilissimam
1507 2347 1814 2403 charitatis
1828 2347 2039 2418 plantat

2210 2343 2573 2419 πραγματείαν
2641 2344 2734 2415 μὲν
2790 2345 3085 2417 τιθέμενοι,
3141 2345 3233 2400 καὶ
3291 2346 3538 2419 ἐκριζοῦν
3588 2347 3647 2402 τὸ
3693 2348 3816 2419 πάμ-

434 2444 716 2502 radicitus
745 2440 1016 2507 evellant,
1048 2443 1293 2509 totoque
1339 2436 1604 2493 adhibito
1652 2436 1848 2491 studio
1895 2436 2038 2491 t'und

2217 2453 2367 2510 ρορον
2413 2431 2504 2486 καὶ
2570 2429 2864 2489 κάλλιπον
2920 2435 3084 2511 φυτὸν
3136 2438 3237 2500 τῆς
3296 2435 3563 2510 ἀγάπης,
3618 2435 3702 2491 καὶ
3746 2456 3823 2489 κα-

430 2540 529 2590 tus
559 2535 842 2599 evertant,
876 2531 1007 2601 ejus
1037 2527 1165 2584 loco
1207 2527 1411 2581 odium
1470 2526 1811 2581 ﬁrmissime
1839 2525 2036 2597 implal

2212 2523 2511 2599 εαρριπτεῖν
2562 2522 2944 2596 προθέλυμνον
3000 2522 3089 2579 ἐπὶ
3148 2529 3289 2602 φορᾷ
3342 2524 3636 2595 παντελεῖ,
3693 2531 3818 2597 μῖσος

432 2628 673 2690 tantes;
733 2621 807 2675 ad
865 2618 1023 2690 quod
1082 2616 1501 2689 perﬁciendum
1563 2616 1664 2670 ubi
1696 2632 1814 2670 non
1853 2632 1923 2670 ex
1958 2631 2038 2671 vo

2214 2609 2262 2666 δὲ
2312 2610 2729 2688 ἀντεμφυτεύειν
2798 2611 3120 2689 βαθύρῥιζον
3156 2631 3171 2645 °
3250 2612 3302 2668 εἷ’
3356 2611 3415 2668 δὲ
3477 2616 3554 2688 μὴ
3602 2615 3820 2673 εὖσθενῶς

431 2708 827 2785 pervenerint,
859 2706 1072 2763 saltem
1134 2704 1410 2760 mutilare
1456 2703 1615 2759 illam
1676 2710 1836 2759 etne
1866 2703 2037 2774 intng

2217 2700 2278 2762 εἷς
2332 2700 2395 2754 τὸ
2456 2700 2595 2775 μέγα
2649 2704 2811 2756 τοῦτο
2869 2700 3036 2756 κακὸν
3092 2697 3297 2777 ἔχοιεν,
3342 2702 3523 2767 ἄλλος
3550 2709 3672 2779 γοῦν
3723 2700 3823 2757 αὐτὸ

432 2784 811 2873 perfectaque
842 2797 921 2852 sit
941 2795 1170 2851 efﬁcere
1190 2799 1500 2849 conantur.
1554 2794 1757 2864 itaque
1813 2791 1951 2848 olim
1986 2793 2038 2847 da

2211 2784 2562 2852 κολοϐοῦντες
2595 2788 2682 2844 ἐπί
2710 2811 2786 2861 τι,
2817 2791 2908 2844 καὶ
2950 2793 3050 2861 τῆς
3099 2790 3369 2862 ὁλότητος
3426 2791 3508 2870 ἐφί
3563 2794 3817 2848 ὁποσονοῦν

431 2907 572 2947 mon
605 2904 806 2944 revera
834 2902 1049 2957 pravus
1080 2889 1287 2939 contra
1307 2898 1434 2938 eam
1468 2898 1597 2953 qua:
1638 2882 1699 2935 in
1731 2881 1917 2937 Deum
1938 2897 2037 2936 exs

2216 2876 2591 2956 ποραλύοντες.
2643 2880 2892 2953 Ἵσχυσιν
2943 2880 3036 2935 οῦν
3090 2901 3223 2936 ποτε
3270 2882 3299 2935 6
3336 2885 3417 2955 τῷ
3450 2878 3588 2939 ὄντι.
3615 2881 3822 2954 κακομή-

429 2979 586 3035 ritur
612 2975 959 3033 charitatem
991 2971 1311 3037 rebellavit,
1335 2987 1522 3044 eaque
1553 2969 1792 3026 rebellio
1825 2971 2035 3042 produn

2212 2988 2374 3044 χανος
2404 2967 2494 3022 καὶ
2549 2966 2684 3022 κατὰ
2729 2974 2829 3038 τῆς
2874 2967 2953 3031 εἰς
3003 2969 3135 3025 Θεὸν
3172 2968 3391 3045 ἀγάπης
3437 2971 3818 3028 νεανιεύσασθαι·

430 3064 856 3125 haeresiarchas
886 3078 1208 3133 eorumque
1244 3059 1524 3130 asseclas,
1566 3059 1785 3131 quibus
1816 3059 2035 3114 nimiru

2219 3059 2294 3112 (αἱ
2347 3059 2381 3126 ἡ
2418 3057 2643 3132 μηχανὴ
2676 3055 2810 3127 αὕτη
2863 3057 3081 3135 ἐξέφηνε
3126 3059 3255 3122 τούς
3298 3080 3357 3114 τε
3412 3061 3825 3137 αἱρεσιαρχήσαν·

430 3160 632 3229 utpote
659 3153 835 3211 exitio
866 3152 1090 3209 devotis
1116 3148 1396 3206 auxilium
1421 3149 1575 3204 Deus
1604 3148 1855 3220 denegat
1894 3164 2036 3203 sua:

2216 3166 2300 3200 tot:
2349 3146 2437 3200 καὶ
2490 3144 2619 3206 τοὺς
2688 3143 3142 3216 ἠκολουθηκότας
3194 3149 3415 3222 αὐτοῖς,
3477 3155 3609 3206 Θεοῦ
3662 3146 3822 3204 συστεί-

429 3264 504 3303 ne
546 3245 738 3301 virtus
792 3242 869 3299 sit
920 3246 1140 3308 coacta,
1200 3256 1271 3294 ne
1312 3238 1624 3310 pulchrum
1674 3243 1911 3293 maneat
1969 3237 2035 3292 Si]

2210 3235 2402 3295 λαντος
2464 3235 2680 3296 πάντως
2748 3232 2975 3299 ἐνταῦθα
3027 3242 3144 3298 τοῖς
3204 3236 3532 3295 ἀπολωλόσι
3586 3240 3648 3295 τὸ
3694 3237 3816 3293 αὐτοῦ

429 3332 690 3408 praemio,
744 3348 934 3403 neque
964 3330 1049 3386 sic
1079 3327 1322 3385 omnino
1354 3330 1659 3398 peccatum
1681 3342 1711 3381 e
1741 3325 2034 3382 necessita

2215 3321 2619 3392 ἀντιληπτικὸν,
2664 3320 2758 3378 *ίνα
2806 3325 2884 3396 μή
2930 3324 2994 3379 τὸ
3037 3323 3287 3401 ἐνάρετον
3319 3324 3714 3399 ἀκουσιάζοιτο,
3755 3322 3821 3379 καὶ

429 3424 685 3495 quadam
734 3418 876 3477 oriri
930 3421 1250 3475 asseratur.
1309 3415 1524 3470 Eadem
1582 3431 1755 3486 porro
1806 3412 1947 3470 mali
1981 3416 2035 3469 da

2215 3411 2412 3487 γένοιτο
2443 3412 2681 3467 ἐντεῦθεν
2739 3413 3032 3489 ἀγέραστον
3075 3415 3140 3469 τὸ
3183 3413 3375 3488 καλὸν,
3414 3417 3513 3473 καὶ
3571 3417 3729 3480 οὕτως
3766 3413 3821 3472 ὡς

429 3511 625 3568 monis
656 3508 876 3566 astutia
896 3506 1115 3563 multos
1144 3505 1245 3576 qui
1278 3504 1350 3560 ab
1374 3503 1623 3559 honesta
1682 3520 1750 3559 ac
1781 3504 2034 3573 moriger

2213 3501 2251 3572 ἐξ
2284 3501 2580 3575 ὑπαγωγῆς
2636 3500 3070 3577 παῤῥησιασθείη
3122 3501 3204 3580 ἐφ’
3234 3503 3401 3559 ἅπασι
3431 3506 3504 3562 τὸ
3533 3505 3819 3585 ἐφάμαρτον.

429 3607 658 3658 natura)
686 3597 883 3653 indole
911 3596 1475 3664 defecerant,contra
1505 3591 1604 3648 Dei
1629 3591 1884 3648 cultores
1911 3596 2035 3648 exst

2219 3593 2256 3646 ll
2292 3586 2339 3643 δ’
2385 3589 2523 3657 αὐτὴ
2585 3590 2814 3663 μηχανὴ
2860 3594 2959 3645 τοῦ
3003 3592 3339 3668 κακοτεχνου
3393 3590 3661 3670 δαίμονος
3709 3588 3821 3647 πολ-

433 3689 680 3745 mulavit
708 3691 765 3743 et
792 3686 854 3740 in
886 3684 1140 3739 turiosos
1162 3683 1421 3754 impetus
1441 3680 1777 3737 concitavit.

2216 3675 2330 3738 toi);
2359 3676 2448 3731 καὶ
2496 3682 2613 3739 τοῖς
2669 3681 2767 3732 τοῦ
2816 3682 2949 3733 Θεοῦ
2996 3680 3353 3755 θεραπευταῖς
3409 3683 3714 3755 ἀντέστησε,
3754 3675 3822 3734 καὶ

430 3770 772 3853 προσϐολαῖς
807 3772 1003 3834 ἐνθέοις
1032 3766 1393 3838 ἀνθώπλισεν,
1426 3767 1827 3841 ἀπειπαμένους
1853 3767 1917 3823 τὸ
1947 3766 2082 3841 πρὸς
2113 3764 2384 3837 ὀρθότητα
2413 3764 2625 3842 φύσεως
2655 3768 2893 3836 καθῆκον
2925 3766 3108 3841 τίμιον
3140 3770 3229 3824 καὶ
3265 3769 3535 3835 εὐπειθές.

507 3884 594 3939 11.
625 3880 801 3953 Atqui
826 3879 950 3935 haec
979 3894 1095 3933 non
1127 3894 1361 3949 semper
1398 3892 1587 3947 neque
1633 3876 1693 3931 in
1727 3874 1931 3930 multis
1961 3891 2090 3947 per-

2279 3871 2362 3926 ια’.
2416 3867 2594 3926 Ἀλλά
2642 3876 2812 3927 ταῦτα
2862 3872 2957 3945 μὲν
3009 3872 3107 3928 ούκ
3150 3873 3338 3947 εἰσαεὶ,
3398 3875 3531 3933 οὐδὲ
3588 3877 3660 3939 εἷς
3702 3893 3821 3945 παμ-

434 3975 605 4029 ﬁcere
622 3969 814 4027 malus
837 3970 1064 4023 daemon
1089 3966 1451 4037 potest.Cum
1471 3965 1630 4021 enim
1652 3964 1851 4037 gravia
1871 3962 2040 4020 scelel

2218 3956 2406 4030 τληθὶς
2456 3954 2577 4035 ἔχει
2626 3960 2857 4031 ἐξανύειν
2907 3962 2934 4016 6
2981 3963 3242 4035 πονηρός.
3289 3965 3439 4021 Ἐπεὶ
3471 3967 3573 4042 γάρ
3616 3966 3679 4022 τὰ
3718 3959 3824 4019 κατά

433 4063 505 4119 ab
535 4059 823 4132 improbis
853 4057 1009 4112 haud
1042 4055 1211 4111 facile
1238 4054 1768 4117 committantur,et
1784 4057 2039 4124 peccantt

2218 4053 2306 4103 :th
2358 4047 2609 4124 μεγάλων
2658 4052 3009 4124 πταισμάτων
3054 4049 3178 4108 οὔτε
3233 4053 3363 4129 ῥᾷον
3395 4053 3689 4111 ἐκτελεῖται
3734 4055 3824 4110 τοῖς

431 4166 735 4207 summum
768 4145 1096 4220 periculum
1130 4142 1558 4208 incurrant,ille
1580 4159 1694 4198 non
1727 4142 1969 4197 omnino
1990 4157 2037 4196 at

2215 4135 2609 4214 Ξᾳδιουργοῦσι,
2665 4146 2756 4193 καί
2815 4136 3061 4205 κίνδυνος
3124 4138 3182 4197 δὲ
3254 4144 3419 4218 μέγας
3476 4144 3657 4207 αὐτοῖς
3703 4140 3821 4218 ἐγκέ-

430 4239 699 4297 absolute
726 4237 802 4293 iis
831 4234 1078 4304 insistit,
1109 4233 1212 4289 sed
1237 4231 1606 4287 imminuens
1634 4230 1924 4302 ejusmodi
1956 4246 2036 4301 ριν

2215 4224 2382 4281 ιλιται
2448 4224 2926 4302 διαμαρτάνουσιν,
2996 4226 3126 4285 οὐδὲ
3181 4228 3384 4296 ἐκεῖνος
3436 4233 3821 4309 ἀπισχυρίζεται

424 4345 527 4385 vas
554 4327 814 4385 actiones
836 4330 895 4380 et
925 4323 995 4379 ad
1021 4338 1265 4394 parvum
1301 4336 1615 4376 numerum
1637 4320 1943 4386 reducens,
1976 4318 2030 4372 in

2213 4313 2390 4370 Ξιόλου
2416 4314 2504 4371 ἐπὶ
2537 4316 2833 4389 τοιούτοις,
2884 4315 3032 4372 ἀλλά
3074 4320 3295 4395 σχάζων
3345 4322 3442 4385 τὰς
3470 4320 3718 4384 τοιαύτας
3743 4337 3819 4373 κα-

427 4416 671 4489 pavidos
702 4413 990 4477 adoritur,
1021 4415 1081 4467 et
1110 4426 1325 4481 magna
1354 4426 1466 4464 non
1504 4402 1730 4474 solum,
1779 4408 1879 4462 sed
1913 4406 2030 4463 etia

2215 4405 2478 4489 ιοτεχνίας
2508 4404 2597 4460 καὶ
2630 4405 2898 4476 σπανίζων
2943 4405 3156 4481 αὐταῖς,
3182 4406 3570 4486 διαχειρίζεται
3597 4410 3717 4471 τοὺς
3760 4405 3821 4480 μή

430 4488 677 4561 minima
707 4499 1084 4572 derelinquit,
1117 4499 1401 4570 quoniam
1437 4498 1660 4553 fraudis
1707 4495 1855 4552 retia
1885 4496 2036 4550 advel

2216 4488 2497 4570 ροϐεροὺς,
2555 4493 2645 4549 καί
2702 4495 2895 4572 ἀφίησι
2959 4497 3053 4570 μὶν
3107 4498 3175 4553 τά
3211 4518 3271 4553 τε
3330 4500 3557 4576 μέγιστα
3610 4499 3695 4555 καὶ
3745 4494 3822 4550 ὅσα

427 4611 534 4650 sus
588 4590 723 4648 illos
777 4589 1068 4661 explicare
1100 4587 1343 4659 nequit;
1400 4587 1682 4641 adversus
1736 4583 2033 4639 infirmior

2214 4581 2256 4637 3‘s
2286 4579 2475 4644 ἄλλως
2515 4582 2807 4659 ἀρχοειδῆ,
2868 4584 2951 4640 ὅτι
3014 4583 3157 4660 μηδὲ
3214 4584 3466 4645 δύνανται
3523 4604 3820 4645 καταπεταν-

426 4687 647 4749 autem,
695 4677 797 4752 qui
853 4676 947 4734 vel
1001 4676 1163 4732 omni
1221 4673 1442 4730 auxilio
1499 4678 1642 4729 sunt
1694 4671 1960 4728 destituti
2004 4691 2030 4727 ν

2215 4670 2339 4727 θύειν
2398 4671 2572 4727 αὐτῶν
2626 4673 2695 4728 τὰ
2747 4678 2845 4730 τοῦ
2902 4671 3070 4732 δόλου
3127 4675 3314 4733 δίκτυα
3346 4698 3361 4713 ·
3435 4677 3730 4755 καταρτίζςι
3775 4669 3821 4726 δὶ

423 4787 636 4844 parum
661 4768 792 4840 opis
825 4768 882 4822 in
916 4782 1040 4822 sese
1070 4764 1311 4831 habent,
1370 4761 1564 4818 omnis
1609 4760 1842 4833 generis
1890 4777 2029 4817 cassi

2208 4763 2441 4838 πάναγρα
2483 4760 2612 4818 κἀτὲ
2655 4767 2764 4819 τῶν
2815 4766 3237 4842 ταπεινοτέρων,
3279 4767 3381 4824 -καὶ
3414 4734 3651 4838 οὕτωςῆ
3707 4784 3814 4819 παν·

420 4861 629 4923 tendit.
664 4856 836 4914 Tales
879 4853 1163 4910 nimirum
1194 4852 1373 4907 etiam
1433 4868 1539 4907 nos
1595 4866 1824 4921 sumus,
1850 4867 1953 4922 ego
1983 4866 2019 4922 q

2212 4850 2368 4929 τελῶς
2393 4846 2741 4924 ἀϐοηθήτων,
2782 4855 2817 4924 ἢ
2846 4852 3009 4932 ὀλίγα
3052 4853 3433 4930 δεδυνημὲνων
3472 4859 3679 4919 ἑαυτοῖς
3717 4855 3818 4910 ἔπι·

420 4947 543 5004 hsac
590 4949 662 5003 ad
692 4962 793 5001 vos
846 4941 1184 5016 pronuntio,
1245 4946 1303 4995 et
1355 4956 1458 4995 vos
1516 4939 1618 5009 qui
1673 4938 1914 5007 auditis,
1973 4938 2026 4993 ht

2212 4946 2429 5016 ιουρεῖν.
2481 4946 2733 4997 Τοιοῦτοι
2792 4941 2849 4998 δὶ
2906 4941 3176 5015 δήπουθεν
3234 4943 3327 5001 καί
3374 4949 3580 5021 ἡμεῖς,
3637 4944 3734 5020 ἐγώ
3773 4960 3818 4995 τι

421 5038 613 5092 mines
663 5031 943 5089 imbecilli
991 5035 1049 5085 et
1104 5029 1344 5085 omnino
1408 5029 1780 5100 impotentes,
1830 5027 1891 5082 in
1948 5044 2027 5099 qu

2208 5028 2448 5102 ἴηλονότι
2485 5032 2512 5085 ὁ
2568 5035 2737 5087 ταῦτα
2786 5033 3008 5108 κράξας,
3052 5034 3146 5090 καὶ
3207 5035 3363 5108 ὑμεῖς
3422 5036 3473 5091 οἱ
3531 5034 3814 5098 ἀκούοντες,

418 5127 530 5183 bus
562 5124 717 5181 haud
755 5120 951 5194 pauci,
983 5135 1113 5175 sese
1152 5118 1376 5173 viribus
1415 5116 1632 5189 pollere
1679 5122 2024 5172 autumante

2210 5117 2464 5197 ἕνθρωποι
2497 5120 2756 5189 ἀσθενεῖς,
2783 5120 2873 5177 καὶ
2924 5122 2977 5177 οἱ
3036 5122 3133 5195 μὲν
3163 5123 3340 5194 πάντη
3382 5123 3689 5200 ἀνίσχυροι,
3734 5117 3816 5174 οὐκ

415 5230 660 5287 prorsus
716 5212 969 5267 inermes
1001 5207 1542 5279 deprehenduntur,
1599 5205 1737 5261 licet
1783 5223 1892 5261 nos
1933 5222 2021 5261 var

2210 5207 2364 5283 ιλίγοι
2411 5206 2488 5278 δὶ,
2537 5207 2822 5275 δοκοῦντες
2883 5211 2977 5284 μὲν
3041 5209 3272 5287 ἰσχύειν,
3306 5208 3493 5276 ἄλλως
3526 5211 3584 5268 δὲ
3640 5203 3816 5286 μικροῦ

414 5303 634 5360 ﬁducia
663 5299 800 5357 elati
831 5298 1064 5354 inﬁnita
1093 5312 1391 5352 armorum
1446 5294 1614 5367 copia
1642 5294 1917 5352 instructi
1948 5311 2020 5351 es:

2205 5298 2271 5352 ιαὶ
2316 5299 2555 5374 ἄχειρες,
2588 5297 2634 5353 εἰ
2665 5299 2754 5354 καὶ
2784 5304 2905 5362 ταῖς
2932 5303 3116 5364 κεναῖς
3145 5298 3499 5379 καραδοκίαις
3527 5299 3811 5373 πλάττομιν

414 5393 587 5448 nobis
619 5390 946 5446 videamur.
2183 5388 2333 5460 ἡμᾶς
2366 5387 2564 5452 αὐτοὺς
2594 5388 2671 5450 εἰς
2700 5387 3116 5466 ἑκατόγχειρας.

486 5498 573 5552 12.
606 5496 823 5551 Contra
850 5493 1001 5550 tales
1032 5493 1214 5565 igitur
1251 5494 1415 5564 (sunt
1469 5496 1666 5547 autem
1709 5491 1930 5562 ubique
1957 5494 2073 5546 ter-

2256 5495 2348 5568 ιβ’.
2380 5496 2506 5552 Τῶν
2537 5499 2663 5571 γοῦν
2719 5495 2986 5552 τοιούτων
3038 5495 3267 5571 (πολλοὶ
3312 5494 3372 5554 δέ
3401 5495 3503 5555 είσι
3563 5495 3813 5574 μυριαχοῦ

410 5601 608 5641 rarum
639 5583 916 5656 permulti
948 5586 1024 5651 et,
1061 5587 1124 5637 ut
1179 5596 1311 5637 vere
1366 5581 1582 5648 dicam,
1640 5579 1958 5648 innumeri)
1988 5579 2016 5634 i1

2203 5588 2279 5654 ἧς
2308 5588 2410 5660 γῆς
2439 5581 2530 5639 καί
2582 5584 2809 5655 ἀληθῶς
2856 5584 3156 5661 ἀμύθητοι)
3207 5588 3576 5651 καταπετάσας
3632 5588 3659 5643 ὁ
3711 5587 3809 5639 θεο-

411 5674 637 5731 sidians
665 5673 936 5730 diabolus
970 5678 1202 5744 Deoque
1260 5671 1537 5727 inimicus
1586 5671 1734 5726 retia
1782 5688 1890 5726 sua
1935 5687 2017 5743 pr:

2201 5670 2413 5742 ιίσητος
2464 5674 2708 5750 θηρατής
2758 5669 3018 5738 διάϐολος
3064 5676 3133 5731 τὰ
3175 5678 3294 5734 κατ’
3350 5676 3510 5734 αὐτὸν
3543 5674 3683 5744 λίνα,
3711 5668 3807 5729 ἐπεὶ

411 5761 632 5839 tendit,
689 5766 746 5816 et
805 5761 942 5834 quin
995 5761 1340 5819 cbaritatem
1420 5758 1725 5817 luciferam
1776 5761 1838 5816 in
1898 5759 2013 5816 nob

2204 5761 2257 5832 εὴ
2293 5758 2484 5839 βλέπει
2513 5764 2613 5834 την
2647 5763 2940 5842 φωσφόρον
2988 5763 3203 5845 ἀγάπην
3255 5764 3308 5822 ἐν
3363 5768 3497 5843 ἡμῖν
3546 5762 3810 5823 ’πολιτευο⁴
