4066 6382
344 471 489 532 1041

1369 470 1751 532 EPISTOLA
1804 471 1907 531 AD
1954 471 2056 532 ΤΗ
2071 467 2762 533 ESSALONICENSFS.

3615 465 3770 523 1042

343 599 532 673 μένην,
593 599 681 654 καὶ
734 597 1126 672 μεθοδεόουσαν
1187 601 1413 676 ἀπάγειν
1472 601 1632 656 αὐτὸν
1695 601 1746 671 ἐξ
1803 602 1962 672 ἡμῶν

2105 601 2466 658 habitantem
2499 617 2754 671 eumque
2784 616 2814 654 e
2843 598 3013 654 nobis
3069 596 3354 669 expellere
3402 599 3767 666 satagentem

336 687 670 764 ἀντειστάγει
728 689 791 743 τὸ
867 691 1138 745 σκοτεινὸν
1221 695 1400 762 μῖσος,
1456 690 1544 745 καὶ
1629 689 1986 766 παῤῥησιάζει

336 779 455 833 καθ’
513 780 673 850 ἡμῶν
742 777 893 846 αὐτὸ,
943 779 1035 834 καὶ
1096 777 1271 841 οὕτως
1330 774 1560 855 ἐντρίϐει
1608 779 1809 840 πάντας
1861 777 1986 839 τοὺς

335 866 453 921 καθ’
509 868 676 938 ἡμᾶς.
739 865 837 920 Καὶ
895 867 985 920 οἷα
1057 867 1150 937 μὶν
1223 865 1352 930 τοὺς
1408 866 1612 928 ἄλλους
1674 863 1986 936 διατίθεται,

341 951 546 1009 ο⁹ίδασιν
580 955 633 1008 οἱ
663 954 1019 1028 πειρώμενοι·
1050 952 1148 1026 ἐμὲ
1197 951 1254 1008 δὲ
1295 952 1597 1032 φιλονεικεῖ
1646 954 1734 1008 καὶ
1777 953 1986 1024 θανάτῷ

340 1042 703 1118 προπέμψαισ
757 1043 848 1097 καὶ
906 1040 964 1096 ἂν
1025 1042 1301 1118 ἐξέπραξεν
1361 1044 1493 1098 αὐτὸ
1551 1044 1741 1112 πάλαι,
1802 1041 1847 1097 εἰ
1909 1044 1984 1114 μὴ

333 1136 578 1210 φανερῶς
635 1132 772 1207 πρὸς
831 1130 971 1204 ἐμοῦ
1023 1132 1050 1186 6
1101 1133 1252 1200 Θεὸς,
1287 1133 1624 1208 ἀνεχόμενος
1671 1133 1762 1186 καὶ
1824 1132 1984 1186 εἷ’σέτι

333 1222 600 1295 περιεῖναί
636 1242 702 1294 με
734 1225 814 1293 τῷ
851 1221 975 1297 βίῳ,
1010 1220 1063 1277 εἷ’
1092 1243 1210 1284 πως
1261 1220 1496 1296 ἐμαυτοῦ
1533 1222 1818 1298 γενόμενος
1869 1219 1984 1274 ἐπι-

331 1309 627 1387 στραφείην
704 1310 779 1371 εἷς
851 1311 1033 1382 αὐτὸν,
1111 1312 1277 1385 οὗπερ
1361 1313 1631 1388 ὁσημέραι
1711 1310 1981 1389 ἀφορίζων

326 1397 559 1473 ἐμαυτὸν
593 1397 693 1455 οὐκ
722 1399 1074 1474 ἐντρέπομαι.

400 1553 484 1626 ιγ’.
517 1549 657 1606 Ἰδοὒ
707 1550 797 1605 οὖν
851 1553 1092 1627 σήμερον
1142 1552 1543 1626 ξενηλατοῦμαι
1596 1553 1698 1607 ὑπὸ
1742 1557 1837 1606 τοῦ
1889 1554 1978 1626 μί-

331 1661 482 1712 σους,
516 1641 607 1695 καὶ
638 1639 804 1696 αὐτοῦ
836 1640 941 1696 ε’ίθε
976 1642 1070 1714 μὲν
1103 1641 1161 1697 ἐκ
1189 1640 1418 1698 πολλῶν
1467 1663 1628 1697 τινων
1675 1642 1762 1696 καὶ
1822 1663 1980 1714 περι-

331 1724 604 1802 ϐλέπτων,
639 1727 731 1784 ’ίνα
784 1731 970 1803 μαθὼν
1017 1731 1371 1804 παμμίσητος
1421 1731 1555 1786 εἶναι
1585 1731 1619 1800 ἢ
1664 1729 1977 1804 διωρθωσά-

332 1840 464 1892 μην,
515 1817 550 1888 ἢ
611 1817 922 1898 διεξέφυγον
964 1818 1024 1874 ἐκ
1079 1819 1244 1893 μέσου
1295 1819 1494 1889 λαθὼν,
1552 1822 1738 1893 μήπου
1787 1818 1843 1876 δέ
1888 1821 1977 1875 καὶ

327 1905 601 1983 ἀμφαδόν.
663 1911 774 1966 Νῦν
837 1907 898 1964 δὲ
965 1910 1239 1985 ἄνθρωποι
1317 1907 1528 1972 οὐδένες
1607 1908 1977 1965 ἐπανίστανται

2104 707 2218 744 non
2255 689 2663 754 animadverit,
2697 687 3074 743 tenebrosum
3134 685 3328 740 odium
3369 686 3616 739 conatur
3672 683 3766 738 in-

2099 781 2425 848 troducere,
2459 779 2858 849 depraadicans
2890 776 3047 830 istud
3101 778 3383 846 tanquam
3415 769 3769 844 acceptabile

2100 867 2262 940 quid,
2293 873 2348 921 et
2379 869 2463 921 sic
2493 867 2660 921 nobis
2689 866 2966 920 omnibus
3011 863 3244 936 negotia
3285 863 3600 917 facessens.
3632 859 3764 915 Jam

2099 957 2394 1027 quomodo
2430 957 2576 1011 alios
2617 956 2939 1020 adoriatur,
2992 953 3188 1008 sciunt
3238 951 3278 1005 ii
3336 951 3437 1022 qui
3497 966 3629 1005 eum
3675 965 3770 1004 er

2099 1047 2244 1116 perti
2280 1051 2437 1100 sunt.
2480 1046 2570 1099 Me
2611 1049 2808 1100 autem
2839 1044 3012 1099 etiam
3050 1041 3224 1097 morti
3256 1041 3485 1095 tradere
3517 1039 3714 1094 studet
3749 1055 3762 1104 ;

2097 1142 2152 1190 et
2174 1136 2396 1189 dudum
2423 1136 2547 1206 jam
2576 1134 2684 1189 hoc
2716 1134 3074 1206 perfecisset,
3108 1130 3220 1185 nisi
3279 1133 3477 1201 aperte
3525 1143 3762 1182 causam

2097 1243 2289 1281 meam
2341 1225 2680 1279 defenderet
2712 1228 2882 1291 Deus,
2943 1221 3042 1294 qui
3087 1221 3392 1290 hucusque
3415 1234 3507 1273 me
3554 1232 3765 1288 super-

2097 1315 2292 1370 stitem
2325 1314 2580 1383 voluit,si
2617 1315 2760 1369 forte
2784 1310 3180 1368 meiconscius
3202 1313 3458 1364 revertar
3479 1308 3546 1362 ad
3566 1306 3761 1378 ipsum

2093 1409 2268 1462 Quem
2304 1403 2564 1475 quotidie
2589 1403 2878 1470 deserere,
2900 1399 3045 1472 proh
3071 1398 3236 1454 dolor
3261 1397 3272 1452 ἔ
3308 1414 3424 1453 non
3457 1396 3761 1460 erubesco,

2165 1557 2251 1611 13.
2313 1560 2456 1610 Ecce
2514 1553 2692 1624 igitur
2774 1551 2946 1606 hodie
2989 1549 3324 1622 proscribor
3371 1548 3444 1602 ab
3500 1545 3656 1612 odio,
3707 1547 3767 1600 et

2092 1647 2316 1702 utinam
2351 1646 2422 1699 ab
2455 1643 2584 1697 odio
2631 1639 2955 1696 multorum
2986 1644 3042 1696 et
3071 1638 3391 1694 illustrium
3422 1637 3435 1692 ι
3470 1640 3535 1691 ut
3566 1635 3760 1691 sciens

2093 1753 2184 1791 me
2215 1734 2494 1790 omnibus
2528 1731 2780 1788 invisum
2824 1746 2973 1797 esse,
3016 1733 3116 1784 aut
3132 1728 3503 1783 defenderem
3538 1712 3762 1792 me,aut

2089 1842 2120 1881 e
2150 1823 2341 1878 medio
2366 1823 2669 1894 digressus
2701 1819 2942 1875 laterem
2989 1834 3095 1874 nec
3125 1816 3340 1873 alicubi
3391 1830 3754 1888 apparerem.

2087 1915 2257 1969 Nunc
2287 1929 2419 1968 vero
2447 1909 2713 1965 homines
2737 1907 2956 1964 nullius
2983 1905 3137 1979 frugi
3189 1905 3249 1961 in
3283 1921 3376 1961 me
3434 1906 3755 1976 assurgunt

331 1978 433 2053 ἐπ’-
469 1997 586 2070 ἐμὲ,
645 1998 737 2053 καὶ
790 1997 1009 2076 λέγουσι
1183 2002 1336 2074 ψυχῇ
1374 2018 1498 2072 μου·
1536 1999 1653 2057 Οὐκ
1709 1998 1820 2054 ἔστι
1873 2023 1966 2055 σω·

2087 2007 2144 2059 et
2176 2002 2383 2057 anima:
2416 2015 2556 2054 mete
2589 1997 2822 2053 dicunt:
2857 1997 2982 2052 Non
3015 2001 3105 2051 est
3161 1994 3323 2050 salus
3355 1993 3427 2058 ei,
3470 2009 3660 2064 neque
3693 1992 3750 2046 in

325 2085 493 2160 τηρία
538 2087 714 2160 αὐτῷ,
765 2084 889 2143 οὔτε
944 2086 994 2143 ἐν
1069 2092 1148 2159 τῷ
1206 2092 1324 2160 Θεῷ
1378 2087 1563 2156 αὐτοῦ,
1614 2085 1737 2144 οὔτε
1794 2089 1844 2144 ἐν
1897 2094 1976 2161 τῷ

331 2174 570 2252 βασιλεῖ.
622 2175 893 2246 Ἀκούετε,
945 2178 972 2232 6
1023 2175 1278 2252 βασιλεύς
1312 2198 1416 2250 μου
1453 2178 1542 2231 καὶ
1592 2179 1620 2232 6
1665 2177 1792 2240 Θεός
1848 2181 1977 2250 μου,

326 2267 409 2326 οῖς
471 2264 578 2339 ἐγώ
637 2264 892 2336 πέποιθα,
949 2270 1027 2338 τῷ
1082 2267 1175 2339 μὲν
1227 2267 1364 2321 κατά
1415 2271 1632 2343 πρῶτον
1681 2266 1840 2342 λόγον
1888 2267 1976 2321 καὶ

321 2354 442 2407 καθ’
475 2352 605 2408 αὐτὸ
638 2355 727 2409 καὶ
763 2354 942 2428 φύσει,
967 2360 1046 2427 τῷ
1093 2351 1152 2409 δὲ
1203 2356 1317 2426 μετ’
1347 2356 1509 2410 αὐτὸν
1551 2355 1640 2410 καὶ
1691 2353 1759 2410 δι’
1792 2355 1972 2411 αὐτόν.

329 2441 436 2496 Καὶ
471 2443 602 2514 μὴν,
631 2441 675 2497 ὦ
730 2443 921 2520 ἐχθροί
985 2465 1110 2516 μου,
1155 2445 1182 2498 6
1215 2446 1292 2506 εἷς
1350 2444 1439 2500 καὶ
1489 2446 1541 2498 οἱ
1599 2442 1716 2517 δύο,
1750 2446 1800 2500 οἱ
1841 2445 1975 2521 πρό-

328 2552 489 2586 οπτοι
549 2532 756 2601 λαϊκοὶ,
790 2534 842 2587 οἱ
901 2529 1172 2608 γεννάδαι,
1232 2533 1322 2589 καὶ
1375 2535 1514 2610 ἱεροὶ
1569 2531 1628 2589 δὲ
1684 2532 1891 2606 ἄνδρες,
1925 2535 1976 2588 0i

323 2621 412 2676 καὶ
475 2620 603 2696 ῥᾷον
660 2623 980 2697 ἁριθμητοὶ,
1010 2624 1098 2677 καὶ
1145 2622 1271 2678 οὐδέ
1323 2623 1374 2679 ἐν
1437 2622 1584 2699 λόγῳ
1613 2621 1810 2696 πολλῷ
1862 2623 1974 2678 κεί-

329 2729 502 2782 μενοι·
557 2709 914 2787 παράλληλοι
971 2711 1232 2781 τεθέντες,
1267 2711 1372 2788 ἐγώ
1409 2734 1468 2768 τε
1522 2713 1609 2768 καὶ
1667 2713 1843 2785 ὓμεῖς,
1878 2713 1977 2768 οὐκ

327 2797 386 2852 ἂν
415 2797 490 2862 είς
524 2799 698 2875 ῥοπὴν
729 2797 856 2871 ’ίσην
883 2799 1450 2874 ταλαντευθησόμεθα.

396 2946 476 3006 ιδ’.
536 2951 642 3006 Καὶ
719 2949 862 3006 οὕτω
940 2952 1034 3024 μὲν
1090 2950 1200 3020 ἐγὼ
1262 2952 1684 3025 ξενηλατοῦμαι,
1741 2953 1815 3016 ὡς
1877 2953 1976 3008 οὐκ

320 3038 514 3114 ἐχρῆν,
550 3036 641 3094 διὰ
701 3045 861 3112 μῖσος
920 3041 1023 3095 οὐκ
1075 3041 1288 3116 ἀγαθῶν
1348 3038 1584 3117 ἀνδρῶν,
1626 3043 1693 3096 τά
1745 3043 1839 3114 μὲν
1894 3041 1970 3105 εἲς

319 3121 668 3203 ἀνθρωπικήν
750 3126 983 3194 διάθεσιν
1058 3129 1347 3205 ἀγροίκων,
1409 3132 1737 3205 σοφωτάτων
1794 3128 1850 3186 δὲ
1906 3133 1973 3186 τὰ

318 3215 394 3280 είς
454 3219 721 3291 θηριακὴν
780 3220 867 3273 καὶ
940 3220 1054 3273 οἷαν
1130 3218 1410 3297 φεύγεσθαι
1486 3220 1633 3292 παρά
1693 3225 1799 3274 τῶν
1855 3223 1970 3275 κατ’

317 3304 412 3378 ἐμὲ
444 3302 664 3360 δειλῶν·
701 3307 759 3369 ὃς
789 3307 878 3362 καὶ
911 3305 1113 3363 ἄλλοτε
1141 3309 1446 3384 καρχάροις
1485 3308 1705 3371 τούτοις
1752 3310 1966 3382 θηρίοις
2002 3350 2042 3415 C

395 3414 402 3415 ,
571 3396 713 3415 ,\
855 3394 1222 3415 ,ηκιμ
1412 3402 1436 3412 η
1564 3395 1948 3415 ,ηυιντ

1804 3395 1845 3416 1“

312 3396 781 3470 περιτετυχηκὼς,
843 3396 1135 3466 ἀπήλλαξα
1195 3394 1500 3472 δυστυχῶς.
1564 3399 1744 3470 Ὑμεῖς
1801 3395 1874 3465 δὲ,
1919 3401 1964 3451 ὠ

315 3480 714 3558 ἀδελφοὶ,ἐπεί
765 3483 966 3555 ἔξεστιν
1017 3486 1145 3558 ὑμῖν
1194 3487 1504 3560 ἀνθρώποις
1555 3488 1712 3552 εἶναι,
1753 3487 1840 3542 καὶ
1901 3487 1962 3541 06

316 3571 548 3647 θηρίοις,
582 3575 669 3628 καὶ
706 3572 914 3650 φίλοις,
943 3571 1135 3629 οὔκουν
1166 3572 1223 3629 δὲ
1269 3574 1512 3652 ἐχθροῖς,
1545 3578 1636 3630 καὶ
1686 3581 1818 3632 Θεοῦ
1866 3577 1962 3652 ἀγ-

312 3659 516 3734 γέλοις,
551 3661 614 3716 o6
668 3664 773 3735 μὴν
824 3669 1114 3737 πονηροῖς,
1147 3661 1300 3740 ἔχετε
1347 3665 1436 3720 τὸν
1486 3670 1611 3720 νοῦν
1662 3666 1797 3742 πρὸς
1839 3667 1964 3739 ὑμῖν

314 3748 520 3817 αὐτοῖς,
580 3751 669 3806 καὶ
730 3749 1010 3807 ἐκκλίνατε
1064 3755 1162 3815 τὰς
1215 3748 1440 3828 τρίϐους
1498 3755 1670 3809 αὐτῶν
1729 3756 1960 3830 τρεχόν-

311 3860 418 3894 των
478 3841 552 3902 εἰς
609 3842 822 3912 κακίαν,
881 3842 970 3897 καὶ
1024 3843 1099 3916 μὴ
1170 3843 1634 3919 εὖθυπορούντων,
1687 3844 1958 3918 ἐσομένων

311 3925 368 3984 δὲ
419 3929 684 3984 τοιούτων
739 3931 828 3986 καὶ
863 3931 1053 4002 εἰσαεὶ,
1095 3933 1168 3994 ὡς
1207 3930 1316 3987 ἔστι
1367 3935 1742 4009 τεκμαίρεσθαι
1800 3935 1957 4009 ἀκρι-

313 4014 444 4082 ϐῶς.
478 4018 582 4081 Οὓς
613 4020 716 4094 γὰρ
749 4023 782 4089 ἡ
815 4020 1091 4088 πολυετὴς
1125 4019 1447 4076 διδασκαλία
1489 4023 1578 4078 καὶ
1618 4026 1653 4092 ἡ
1705 4022 1782 4077 ἐπ’
1822 4023 1956 4095 αὐτῇ

309 4109 665 4184 πραγματική
731 4107 958 4182 μέθοδος
1017 4111 1118 4163 οὐκ
1176 4110 1435 4186 ἐνήγαγεν
1487 4111 1563 4175 εἰς
1589 4113 1652 4166 τὸ
1683 4112 1954 4184 ποθούμε-

307 4219 395 4251 νον
457 4200 594 4269 ἡμῖν
643 4200 939 4272 (ποθοῦμεν
999 4195 1056 4252 δὲ
1114 4197 1204 4251 σὺν
1267 4203 1384 4272 Θεῷ
1440 4201 1538 4269 τὴν
1597 4202 1712 4254 κατ’
1752 4201 1952 4255 ἐκεῖνον

307 4285 560 4363 ἀγάπην),
622 4287 705 4348 τίς
763 4285 822 4340 ἂν
879 4285 1232 4362 ἐγγυήσηται,
1291 4287 1465 4362 ἀκαρῆ
1535 4285 1953 4362 μεταϐαλέσθαι,

309 4376 378 4438 ὡς
428 4383 530 4446 τῆς
590 4374 967 4451 πολυχρονίου
1022 4375 1212 4438 κακίας
1289 4378 1704 4449 ἀποστήσεσθαι,
1751 4379 1955 4454 ἀνθρώ-

308 4486 444 4527 πους
507 4465 706 4526 αὐτοὺς
779 4463 1261 4538 ἐλλαμπομένους,
1322 4467 1368 4520 εί
1426 4467 1581 4522 κακοὶ
1634 4469 1960 4543 προφαίνον-

309 4575 414 4625 ται,
455 4554 545 4609 καὶ
604 4552 683 4616 εἷς
747 4553 869 4630 βίου
927 4553 1056 4609 αὐτὸ
1111 4550 1388 4630 ἁϐρότητα
1439 4555 1841 4634 ἐγγράφοντας·
1875 4560 1956 4618 οἷς

309 4639 398 4698 διὰ
480 4640 724 4712 σπουδῆς
793 4638 1208 4719 ἀνυπερϐλήτου
1281 4644 1506 4720 γίνεται,
1573 4645 1661 4700 καὶ
1740 4646 1954 4720 ἐτέρους

2094 2095 2202 2148 Deo
2235 2093 2383 2161 ejus,
2412 2105 2602 2160 neque
2624 2087 2684 2142 in
2717 2103 2871 2158 rege.
2921 2083 3151 2152 Audite,
3201 2083 3281 2139 mi
3337 2088 3489 2138 Deus
3542 2087 3599 2137 et
3669 2081 3748 2136 mi

2089 2199 2205 2252 rex,
2237 2182 2294 2235 in
2340 2179 2556 2250 quibus
2615 2176 2891 2231 ﬁduciam
2925 2173 3222 2240 collocavi,
3280 2173 3338 2226 in
3371 2172 3471 2226 illo
3503 2171 3743 2241 quidem

2087 2271 2158 2326 ab
2181 2269 2348 2325 initio
2378 2274 2433 2323 et
2463 2283 2566 2339 per
2590 2282 2652 2320 se
2682 2270 2739 2321 et
2769 2269 2991 2319 naturas
3050 2262 3478 2330 convenienter,
3545 2261 3602 2314 in
3637 2259 3747 2314 hoc

2084 2366 2278 2416 autem
2311 2362 2441 2430 post
2475 2356 2642 2410 illum
2675 2359 2730 2410 et
2762 2357 3002 2426 propter
3058 2351 3245 2407 illum.
3307 2356 3423 2405 Vos
3463 2357 3680 2416 autem,
3716 2366 3747 2402 ο

2089 2449 2314 2506 inimici
2346 2445 2585 2517 mei,qui
2616 2443 2708 2500 vix
2759 2443 3048 2499 binarium
3103 2458 3418 2496 numerum
3451 2439 3748 2503 exceditis,

2086 2557 2188 2595 vos
2217 2537 2350 2594 laici
2383 2535 2550 2609 probi
2585 2551 2733 2606 quos
2762 2537 2936 2589 antea
2967 2531 3124 2599 novi,
3157 2537 3213 2585 et
3261 2531 3364 2584 viri
3401 2529 3550 2584 sacri
3585 2527 3752 2582 facile

2089 2627 2439 2684 numerandi
2471 2642 2578 2680 nec
2610 2623 2807 2696 magni
2841 2621 3112 2688 faciendi,
3163 2621 3213 2675 si
3248 2639 3352 2676 nos
3384 2636 3574 2673 coram
3608 2635 3750 2672 con-

2086 2719 2426 2784 stituemur,
2460 2731 2564 2788 ego
2598 2713 2878 2769 nimirum
2897 2717 2956 2766 et
2985 2728 3108 2780 vos,
3132 2727 3245 2765 non
3282 2709 3402 2781 pari
3439 2710 3603 2763 lance
3629 2712 3748 2763 tru.

2083 2807 2427 2863 tinaliimur.

2156 2959 2242 3013 14.
2275 2961 2341 3012 Et
2372 2957 2456 3012 sic
2487 2955 2761 3024 equidem
2791 2952 2850 3006 in
2883 2949 3148 3006 exsilium
3210 2948 3428 3017 mittor,
3493 2947 3577 3002 uti
3625 2964 3745 3003 non

2081 3047 2342 3114 decebat,
2368 3063 2471 3117 per
2500 3045 2698 3099 odium
2723 3043 2979 3096 virorum
3014 3040 3165 3094 haud
3197 3037 3610 3108 bonorum,qui
3635 3037 3743 3092 hu-

2084 3135 2385 3192 manitatis
2421 3151 2659 3206 prorsus
2690 3134 2955 3204 expertes
2989 3128 3350 3200 propendent
3397 3127 3450 3180 in
3488 3127 3740 3182 ferarum

2083 3229 2440 3290 naturam,et
2473 3239 2723 3294 quorum
2755 3219 3184 3275 immanitatem
3201 3216 3371 3271 amici
3397 3217 3510 3271 mei
3532 3215 3744 3272 timore

2081 3314 2334 3387 perculsi
2369 3314 2637 3383 fugiunt;
2671 3327 2798 3382 ego,
2832 3306 3208 3379 inquam,qui
3233 3307 3358 3376 jam
3390 3305 3737 3373 semel,cum

2077 3404 2135 3458 in
2167 3403 2302 3460 illas
2335 3404 2483 3457 feras
2515 3402 2733 3457 bestias
2781 3398 3146 3462 incidissem,
3177 3412 3327 3467 aegre
3386 3411 3484 3450 eas
3540 3395 3736 3466 effugi.

2076 3493 2192 3548 Vos
2215 3498 2429 3560 autem,
2465 3509 2496 3545 o
2532 3492 2759 3558 fratres,
2783 3485 3263 3559 quandoquidem
3294 3483 3462 3539 vobis
3486 3482 3738 3540 Iicetbo-

2078 3582 2265 3636 mines
2297 3597 2446 3645 esse,
2483 3597 2595 3634 non
2632 3580 2782 3648 ferae,
2833 3575 3028 3644 amici,
3086 3591 3200 3629 non
3249 3572 3496 3646 inimici,
3543 3571 3736 3644 angeli

2075 3670 2282 3739 divini,
2317 3687 2428 3725 non
2464 3667 2622 3733 mali,
2654 3666 2943 3722 vobismet
2975 3663 3120 3737 ipsis
3178 3662 3479 3728 attendite,
3524 3666 3588 3716 et
3630 3662 3732 3716 de-

2075 3760 2287 3814 clinate
2319 3777 2351 3814 a
2383 3758 2596 3813 semita
2625 3757 2859 3812 illorum
2910 3755 3008 3823 qui
3041 3770 3244 3808 versus
3275 3751 3566 3806 malitiam
3599 3755 3730 3806 ten-

2071 3849 2222 3904 dunt
2251 3866 2355 3904 nec
2389 3854 2544 3902 recta
2573 3847 2665 3901 via
2716 3844 3061 3918 procedunt,
3129 3841 3230 3913 qui
3279 3845 3451 3897 erunt
3499 3856 3732 3912 semper

2069 3937 2268 4005 iidem,
2302 3943 2366 3992 ut
2395 3935 2672 4007 augurari
2704 3934 2856 3989 licet.
2900 3935 3053 3997 Quos
3100 3931 3257 3986 enim
3308 3930 3521 3984 diurna
3549 3929 3724 3985 disci-

2070 4025 2230 4096 plina
2261 4026 2430 4095 eique
2463 4024 2781 4080 conformis
2812 4021 3106 4078 institutio
3149 4038 3262 4076 non
3325 4019 3596 4090 perduxit
3653 4020 3722 4073 ad

2063 4113 2122 4171 id
2169 4117 2319 4187 quod
2356 4133 2460 4170 nos
2487 4115 2891 4168 desideramus
2907 4111 3341 4184 (desideramus
3373 4112 3566 4163 autem
3591 4124 3725 4162 cum

2068 4207 2182 4261 Deo
2214 4203 2392 4259 simul
2423 4203 2764 4258 charitatem
2799 4201 3103 4270 divinam),
3156 4199 3288 4270 quis
3347 4196 3728 4269 spoponderit

2066 4311 2165 4350 eos
2198 4311 2313 4349 uno
2347 4293 2627 4363 temporis
2661 4295 2955 4346 momento
2986 4290 3067 4344 ita
3123 4289 3504 4343 immutatum
3534 4285 3628 4354 iri,
3664 4290 3730 4339 ut

2069 4384 2139 4440 ab
2172 4384 2493 4439 inveterata
2525 4380 2888 4452 malignitate
2919 4379 3223 4447 desistant,
3286 4375 3577 4448 siquidem
3628 4376 3725 4429 ubi

2071 4472 2207 4527 mali
2241 4477 2541 4544 apparent,
2573 4486 2701 4524 sese
2733 4467 3010 4524 excellere
3043 4472 3098 4520 et
3155 4466 3403 4538 gloriam
3445 4464 3580 4519 inde
3611 4463 3728 4518 adi-

2069 4562 2212 4634 pisci
2248 4562 2610 4634 opinantur?
2647 4567 2794 4614 Sane
2828 4557 3084 4612 maximo
3116 4556 3311 4612 studio
3362 4556 3428 4610 in
3479 4553 3588 4609 hoc
3639 4553 3726 4608 in-

2069 4653 2375 4713 cumbunt,
2426 4655 2488 4705 ut
2531 4649 2677 4705 alios
2711 4665 2944 4718 quoque
2994 4647 3053 4701 in
3110 4645 3329 4718 peccati
3389 4643 3724 4700 societatem

307 4732 630 4787 ἐπισπᾶσθαι
687 4732 822 4808 πρὸς
880 4733 1259 4808 ἀμαρτητικήν
1320 4734 1649 4808 ὁμοιότητα·
1684 4734 1776 4790 ⁹ίνα
1829 4757 1950 4811 συγ-

2083 4739 2456 4809 )elliciant,ut
2484 4738 2639 4794 velut
2662 4739 2716 4792 in
2737 4739 3018 4808 legionem
3050 4732 3726 4806 conglomeratiinvictos

305 4821 658 4895 κροτηθέντες
715 4822 789 4883 ὡς
851 4820 927 4882 εἷς
987 4819 1245 4897 λεγεῶνα,
1303 4830 1617 4880 κατασταῖεν
1675 4825 1954 4900 ἀπρόσμα-

305 4930 422 4986 χοι,
484 4909 685 4999 φαξλαι
758 4907 1014 4988 κεφαλαὶ,
1070 4909 1169 4965 οὐκ
1244 4913 1465 4986 ἀγαθοῖς
1535 4912 1951 4987 ἐπιστησόμεναι

305 4997 564 5072 σώμασι,
591 4997 986 5075 φαλαγγάρχαι
1033 5005 1286 5072 στρατιᾶς
1335 5001 1401 5055 06
1445 5007 1560 5074 Θεῷ
1605 5001 1796 5080 φίλης,
1839 5000 1952 5057 οὐδ’

305 5087 454 5144 αὐτοὶ
511 5087 728 5163 ἀγαθοὶ,
791 5090 872 5150 οἷς
925 5089 959 5143 ἁ
1019 5088 1096 5162 μὴ
1169 5090 1598 5163 συνταττόμενος
1675 5089 1952 5167 ἅνθρωπός

302 5175 410 5232 ἐστι
468 5181 565 5232 τοῦ
615 5181 768 5232 Θεοῦ.
805 5176 898 5232 Διὸ
952 5175 1203 5254 φευκτέον
1249 5180 1340 5233 καὶ
1401 5180 1539 5253 ὑμᾶς
1600 5181 1704 5236 ἀπὸ
1756 5183 1951 5245 παντὸς

298 5265 547 5322 τοιούτου
601 5267 898 5341 τάγματος,
962 5264 1284 5344 ὀφείλοντας
1358 5267 1579 5337 εἰδέναι,
1637 5272 1712 5333 ὡς
1764 5269 1954 5346 δαιμο-

299 5362 456 5412 νῶσιν
535 5357 586 5410 οἱ
657 5355 792 5410 κατά
865 5356 967 5425 τῆς
1043 5355 1277 5432 ἀγάπης
1334 5357 1643 5416 ἀντίπαλοι.
1723 5363 1953 5432 Μήποτε

303 5443 358 5501 δὲ
415 5447 508 5502 καὶ
563 5445 918 5520 ὑπερπαίουσι
976 5445 1076 5513 τὴν
1133 5431 1411 5520 δαιμδνιον
1472 5449 1681 5507 κακίαν.
1717 5431 1811 5508 Οὐί
1850 5452 1949 5527 γὰρ

304 5537 466 5598 κακὸς
517 5533 708 5598 ἁπλῶς
769 5537 796 5589 ὁ
855 5533 1002 5588 οὕτω
1063 5536 1226 5597 κακὸς
1290 5533 1592 5613 ἅνθρωπος,
1648 5539 1793 5596 ἀλλά
1846 5563 1950 5596 που

303 5624 391 5680 καὶ
451 5625 582 5700 ὑπὲρ
642 5624 802 5684 αὐτὸν
852 5621 1102 5697 δαίμονα.
1176 5623 1448 5700 Εὕρηνται
1528 5625 1620 5683 οὖν
1689 5627 1950 5705 λογισμοὶ

303 5713 564 5790 πονηροὶ,
623 5713 714 5776 οὓς
762 5711 972 5787 δαίμων
1035 5713 1129 5785 μὲν
1189 5713 1287 5769 οὐκ
1358 5712 1494 5793 ἔφθη
1553 5713 1948 5793 προϐαλέσθαι,

307 5803 586 5879 ἅνθρωπος
609 5800 676 5858 δὲ
704 5803 945 5876 πονηρὸς
974 5798 1314 5878 προύϐάλετο
1347 5802 1428 5860 ἄν.

2062 4847 2125 4885 se
2139 4827 2634 4896 exhibeant,mala
2648 4829 2772 4899 capi
2787 4825 3042 4894 ta,malis
3063 4825 3344 4896 imposita
3360 4821 3721 4893 corporibus:

2062 4921 2242 4975 duces
2264 4919 2554 4975 exercitus
2577 4917 2692 4972 Deo
2712 4935 2821 4971 non
2852 4915 3136 4982 dilecti,et
3157 4913 3270 4985 ipsi
3291 4912 3446 4968 haud
3469 4911 3726 4981 boni,ut-

2065 5013 2196 5080 pote
2211 5008 2566 5080 quibuscum
2589 5005 2762 5061 homo
2781 5005 2881 5060 Dei
2898 5004 2976 5058 nil
3008 5017 3320 5059 commune
3335 5000 3725 5065 habet.Quare

2061 5114 2162 5152 vos
2185 5113 2419 5169 quoque
2441 5111 2674 5152 omnem
2696 5093 2986 5166 ejusmodi
3002 5092 3340 5148 societatem
3360 5089 3610 5146 aversari
3626 5090 3726 5145 de-

2066 5185 2235 5253 betis,
2271 5185 2419 5241 bene
2449 5184 2722 5252 scientes,
2757 5181 3060 5238 charitatis
3091 5181 3363 5237 inimicos
3423 5197 3456 5235 a
3493 5177 3726 5235 diabolo

2063 5275 2337 5331 obsessos
2367 5273 2572 5330 teneri.
2609 5276 2680 5328 Ac
2738 5271 3164 5345 propemodum
3219 5269 3502 5326 daemonis
3551 5268 3728 5324 mali-

2063 5363 2204 5418 tiam
2240 5363 2734 5434 superent.Homo
2766 5361 2922 5416 enim
2958 5361 3040 5417 sic
3074 5360 3266 5416 malus
3299 5377 3413 5416 non
3441 5357 3727 5430 simplici-

2061 5457 2148 5508 ter
2179 5453 2372 5508 malus
2402 5456 2510 5518 est,
2546 5453 2645 5507 sed
2679 5452 2838 5523 pejor
2869 5451 2995 5522 ipso
3027 5451 3311 5505 daemone.
3381 5449 3532 5504 Sunt
3569 5447 3726 5504 enim

2065 5559 2250 5614 prasz
2282 5541 2662 5614 cogitationes
2695 5558 2862 5612 quas,
2896 5540 3029 5595 licet
3061 5540 3286 5595 daemon
3313 5556 3428 5595 non
3471 5540 3730 5614 protule_

2061 5632 2138 5687 rit
2166 5649 2382 5704 pravus
2415 5636 2609 5687 tamen
2631 5631 2805 5686 homo
2839 5631 3095 5704 proferre
3125 5631 3282 5686 haud
3314 5639 3563 5690 recusat.
