4066 6360
293 451 452 512 1045

1317 445 1700 508 EPISTOLA
1747 445 1851 507 AD
1895 448 1998 507 ΤΗ
2011 449 2200 508 ESSA
2215 450 2720 513 LONIGENSES.

3557 450 3712 513 1046

283 581 454 638 καλὸν
493 580 690 652 στόμα,
723 579 753 633 6
783 582 879 634 τοῦ
910 577 1037 639 νοὸς
1071 574 1382 653 ἰξάγγελος,
1417 573 1486 631 δι’
1513 574 1576 631 οὖ
1607 577 1668 631 τὸ
1701 575 1918 648 λαλητὸε

2061 582 2273 639 mentis
2304 585 2614 656 interpres,
2647 601 2762 656 quo
2813 583 3059 656 loquens
3108 583 3323 639 animal
3355 582 3454 639 Dei
3496 582 3710 639 distin-

285 675 422 741 ζῶον
473 674 570 723 τοῦ
619 671 752 724 Θεοῦ
801 665 1284 744 χαρακτηρίζεται.
1313 666 1433 739 Χρὴ
1484 662 1542 720 δὲ
1599 665 1939 738 ἐνθυμεῖσθαι

283 760 426 832 ὑμᾶς
452 759 698 825 ἐνταῦθα,
734 755 818 811 ὅτι
866 776 926 809 τε
972 750 1240 831 βόρϐορον
1289 751 1664 831 δυσαπόφορον
1709 753 1938 831 ἐγκλείει

283 852 363 919 τῷ
395 847 623 919 στόματι
657 847 684 900 ὁ
720 841 1050 922 βλασφημος
1102 840 1406 916 ἄνθρωπος,
1438 843 1527 898 καὶ
1585 842 1667 898 ὅτι
1722 844 1940 920 πικρίας

283 937 378 1010 μὲν
411 935 629 990 οἷασοῦν
687 932 1015 1008 γευσάμενός
1071 954 1155 994 τις
1212 933 1378 1007 ὑγιῶς
1428 931 1572 1007 ἔχων
1630 937 1727 986 τοῦ
1786 933 1937 1007 γεύε-

279 1028 424 1093 σθαι,
476 1023 566 1079 καί
623 1026 922 1099 μυσαχθεὶς
975 1023 1038 1078 τὸ
1085 1026 1313 1096 πρᾶγμα
1345 1067 1359 1091 ,
1421 1023 1484 1076 οὐ
1544 1021 1701 1095 μόνον
1764 1025 1937 1097 συχνὰ

279 1114 500 1171 ἐκπτύει
551 1107 935 1168 συνεκϐάλλων
961 1116 1044 1184 τῷ
1068 1110 1238 1183 σιάλῳ
1275 1111 1373 1178 τήν
1403 1108 1618 1180 ἀηδίαν,
1652 1109 1799 1166 ἀλλὰ
1844 1116 1933 1168 καὶ

277 1211 434 1268 ὕδατι
459 1213 549 1268 καὶ
581 1217 779 1290 χυμῶν
812 1209 1116 1287 γλυκύτητι
1148 1209 1400 1265 ἒκπλύνει
1433 1210 1495 1264 τὸ
1519 1209 1686 1266 καλὸν
1713 1207 1929 1287 δοχεῖον

280 1301 474 1360 ἐκεῖνο.

348 1392 438 1461 ιη’.
492 1389 554 1446 Τί
600 1387 691 1460 δὴ,
744 1391 789 1444 ὧ
840 1388 1281 1468 δαιμονοφόρητε
1330 1384 1576 1464 ὑϐριστὰ,
1633 1385 1931 1462 παραϐύεις

269 1487 352 1554 τῷ
381 1479 610 1552 στόματι
670 1478 1001 1557 βλαφήμους
1058 1476 1300 1553 πικρίας,
1347 1476 1422 1532 ὧν
1468 1478 1531 1533 τὸ
1562 1475 1726 1550 ἀηδὲς
1796 1500 1930 1552 μαν-

276 1571 450 1632 θάνεις
487 1570 580 1643 μὲν
621 1567 841 1643 ὕστερόν
872 1588 1005 1622 ποτε
1035 1567 1125 1622 καὶ
1172 1565 1376 1636 αὐτός;
1425 1569 1553 1624 Ὅτε
1600 1568 1702 1642 γὰρ
1758 1565 1928 1643 βλασυ

278 1664 502 1740 φημεῖς,
562 1659 662 1713 ούκ
719 1657 945 1732 αἰσθάνῃ
1007 1657 1081 1718 ὡς
1133 1656 1246 1711 οἷον
1298 1656 1622 1729 ἰξεστηκώς.
1682 1654 1933 1713 Μάλιστα

277 1749 334 1805 δί
390 1748 503 1805 οἶδε
573 1750 676 1818 τὴν
756 1747 954 1812 ἐκεῖθεν
1037 1747 1255 1822 πικρίαν
1320 1749 1350 1802 6
1411 1746 1930 1825 βλασφημούμενος,

272 1836 422 1912 εἴπερ
475 1839 550 1911 μὴ
613 1835 906 1912 ὀλιγώρως
977 1841 1098 1898 ταῖς
1173 1831 1357 1911 ὕϐρεσι
1430 1834 1812 1914 προσφέρεται.
1872 1836 1931 1890 Τί

2051 671 2276 743 guitur.
2309 674 2584 729 Nostrum
2621 681 2710 728 est
2741 675 2811 728 de
2842 675 2952 729 hoc
2984 672 3042 727 in
3077 679 3271 728 mente
3303 673 3517 728 habere
3548 674 3706 745 quod

2049 761 2240 816 lutum
2265 763 2569 819 horridum
2625 765 2683 817 in
2709 781 2774 818 os
2803 764 3062 818 recondit
3091 765 3528 830 obtrectator,et
3550 764 3704 835 quod

2049 867 2251 906 amara
2307 853 2581 922 quaelibet
2637 853 2958 925 degustans
3017 852 3292 924 quisquis
3351 869 3492 907 sano
3523 856 3701 924 gustu

2049 940 2198 994 valet
2227 946 2283 995 et
2309 957 2368 996 re
2405 943 2672 1011 tmdatus,
2708 959 2821 996 non
2877 941 3068 996 solum
3118 945 3321 1013 sputat
3351 958 3484 997 cum
3517 941 3704 997 saliva

2048 1031 2308 1085 l'mtorem
2341 1031 2601 1102 ejiciens,
2635 1032 2738 1086 sed
2769 1019 2944 1086 etiam
2977 1047 3129 1101 aqua
3170 1030 3569 1103 suavibusque
3598 1047 3700 1104 po-

2045 1119 2305 1175 tionibus
2337 1119 2650 1190 pulchrum
2681 1120 2791 1176 hoc
2821 1119 3122 1189 penetrale
3154 1121 3422 1176 mundat.

2117 1392 2202 1446 18.
2250 1391 2384 1457 Cur,
2419 1407 2452 1444 ο
2503 1389 2816 1460 impudens
2865 1406 2899 1443 a
2938 1390 3202 1445 daemone
3260 1387 3495 1460 agitate,
3543 1387 3602 1442 in
3635 1405 3700 1444 os

2044 1479 2311 1536 admittis
2401 1478 2843 1535 obtrectationis
2935 1478 3362 1533 amaritudines
3446 1494 3700 1550 quarum

2045 1568 2370 1624 molestiam
2405 1567 2650 1623 ultimus
2682 1566 2876 1622 noscis
2907 1571 2964 1622 et
3002 1566 3175 1638 ipse?
3209 1568 3349 1621 Cum
3381 1566 3538 1622 enim
3571 1583 3698 1622 ma-

2043 1659 2386 1714 ledicentias
2452 1659 2696 1728 profers,
2783 1657 2953 1727 quasi
3019 1661 3214 1711 mente
3292 1661 3500 1727 captus
3579 1673 3696 1711 non

2041 1748 2342 1820 intelligis.
2391 1747 2624 1819 ()ptime
2677 1745 2926 1802 istarum
3005 1745 3458 1801 amaritudinem
3536 1746 3696 1801 novit

2041 1839 2140 1907 qui
2165 1837 2283 1893 tuis
2313 1855 2344 1892 a
2369 1834 2798 1891 maledicentiis
2830 1834 3156 1906 impetitur,
3189 1833 3303 1890 nisi
3333 1833 3692 1904 contemptui

271 1927 627 1990 ἀναπτύσσεις
657 1926 726 1981 τὰ
754 1925 945 2003 χείλη,
1002 1927 1093 1980 καὶ
1136 1925 1367 2001 χαίνεις,
1430 1925 1537 2000 οὐχ
1595 1924 1736 1980 ὥστε
1762 1925 1796 1995 ἢ
1831 1947 1918 1999 φα-

2041 1926 2427 1982 contumelias
2459 1931 2591 1980 (uas
2643 1924 2875 1980 habeat.
2909 1923 3024 1978 Cur
3053 1923 3212 1978 labia
3241 1923 3435 1994 aperis
3473 1927 3533 1978 et
3563 1923 3692 1978 hias

269 2022 408 2093 γεῖν,
445 2014 482 2086 ἢ
533 2015 769 2085 λαλῆσαι
822 2013 1036 2085 ἁπλῶς,
1069 2014 1105 2084 ἢ
1160 2014 1249 2069 καὶ
1282 2011 1489 2084 διδάξαι
1541 2013 1633 2069 καὶ
1691 2016 1927 2088 ὑμνῆσαι

269 2105 422 2176 Θεὸν,
455 2105 547 2160 καὶ
596 2103 769 2166 οὕτως
819 2103 1065 2177 ἆξεμὲσαι
1112 2103 1348 2179 χυμοὺς,
1394 2100 1462 2157 δι’
1493 2105 1566 2157 ὧν
1628 2103 1928 2181 θανατηφό-

264 2214 357 2272 ρον
385 2197 424 2265 ἡ
457 2196 611 2270 ψυχή
643 2193 945 2268 πληθώραν
977 2191 1198 2268 πάσχει·
1256 2191 1381 2247 ἀλλ’
1438 2189 1576 2248 ὥστε
1628 2197 1923 2268 καταισχῦ-

264 2306 350 2340 ναι
409 2284 650 2355 σεαυτὸν,
710 2284 801 2338 τὸν
859 2287 957 2336 τοῦ
1007 2287 1140 2338 Θεοῦ
1190 2280 1496 2357 ἄνθρωπον,
1552 2282 1626 2344 ὡς
1667 2283 1922 2357 Χριστια-

261 2374 375 2442 νὸν,
428 2371 518 2428 διὰ
563 2377 661 2427 τοῦ
710 2372 802 2428 καὶ
851 2369 1060 2427 δάκνειν
1110 2369 1199 2426 καὶ
1258 2370 1552 2425 κατεσθίειν
1571 2389 1592 2434 ,ο
1652 2369 1714 2426 ού
1775 2370 1920 2446 λέγω

260 2462 351 2518 τόν
383 2484 466 2520 σοι
499 2464 725 2536 ὅμοιον,
786 2460 912 2517 ἀλλ’
975 2462 1292 2538 ὑπερφερῶς
1321 2459 1620 2528 καλλίονα;
1672 2461 1921 2530 ’Ἃνοιξόν

266 2573 360 2606 σου
389 2552 451 2606 τὸ
500 2550 676 2624 στόμα
725 2554 1027 2625 γραφικῶς,
1073 2550 1164 2604 καὶ
1217 2545 1446 2604 ἕλκυσον
1499 2553 1718 2622 [Ινεῦμα
1774 2551 1914 2604 Θεῖον

265 2641 502 2713 πάντως,
536 2639 598 2695 ού
653 2641 761 2713 μὴν
811 2637 1074 2714 πονηρόν·
1106 2643 1185 2711 τῷ
1229 2640 1333 2714 γὰρ
1381 2637 1617 2711 τοιούτῳ
1641 2637 1913 2693 κλειστὲον

267 2725 503 2803 ἀκριϐῶς
547 2734 720 2784 πᾶσαν
770 2726 1041 2796 αἴσθησιν.
1101 2751 1129 2780 ‹‹
1180 2725 1482 2796 Πλάτυνον,
1539 2750 1568 2778 ››
1609 2728 1762 2805 φησί,
1798 2753 1826 2778 ‹‹
1853 2727 1916 2780 τὸ

269 2817 441 2892 στόμα
471 2837 588 2886 σου,
638 2817 728 2872 καὶ
771 2815 1056 2891 πληρώσω
1104 2815 1256 2871 αὐτό.
1307 2840 1337 2868 ››
1386 2815 1464 2872 Οὐ
1496 2812 1762 2888 δεήσομαι
1793 2836 1912 2890 τρι-⁵

268 2901 368 2976 ϐῆς
418 2905 624 2983 χρόνου
670 2907 834 2972 τινὸς,
883 2905 946 2961 ού
1003 2903 1272 2978 μέλλησιν
1331 2901 1668 2976 ἐνδείξομαιδ
1725 2904 1915 2960 αὐτίκα

269 2994 346 3067 δὲ,
394 2995 576 3072 ὥσπερ
600 2993 677 3050 ἔτι
729 2994 1030 3058 λαλοῦντός
1081 3015 1177 3049 σου
1206 2994 1273 3048 τὰ
1301 2994 1489 3069 ἀγαθὰ,
1523 2994 1910 3069 παραγίνομαι.

267 3084 426 3142 Οὕτω
473 3085 562 3140 καὶ
613 3084 923 3157 ἀνοίξαντας
970 3081 1255 3158 πληρώσω
1299 3082 1632 3154 Πνεύματος,
1678 3084 1769 3137 καὶ
1821 3104 1911 3137 σου

264 3175 385 3251 φίαν
439 3173 678 3247 ψωμίσω
727 3171 817 3228 διὰ
867 3167 1108 3248 βιϐλίου,
1155 3171 1335 3244 ὁποίῳ
1363 3172 1454 3226 καὶ
1482 3179 1761 3249 προφῆται
1807 3194 1912 3244 μυ-

261 3264 661 3339 στηριάζονται.
711 3263 788 3320 Οὐ
832 3264 934 3338 γὰρ
982 3258 1106 3316 οὔτε
1156 3262 1323 3328 ὀκνῶ,
1363 3261 1487 3316 οὗτε
1525 3262 1728 3338 φθονῶ,
1790 3259 1912 3315 οὔτε

2041 2034 2156 2072 non
2188 2017 2259 2070 ad
2294 2013 2791 2080 manducandum,
2826 2027 2931 2066 nec
2963 2013 3035 2076 ad
3065 2011 3414 2083 simpliciter
3443 2011 3690 2084 loquen-

2039 2107 2203 2174 dum,
2235 2121 2339 2160 nec
2371 2105 2442 2160 ad
2477 2102 2806 2158 docendum
2839 2105 2940 2157 aut
2969 2100 3172 2156 laudes
3208 2102 3318 2156 Deo
3359 2101 3690 2172 persolven-

2037 2197 2200 2261 dum,
2234 2200 2290 2250 et
2320 2193 2404 2250 sic
2430 2194 2502 2248 ad
2536 2191 2813 2246 humores
2874 2189 3094 2260 quibus
3122 2188 3392 2245 lethifera
3423 2189 3692 2261 plethora

2034 2285 2264 2340 laborat
2309 2283 2509 2338 anima
2554 2280 2980 2347 evomendum;
3013 2280 3116 2334 sed
3153 2280 3234 2334 ita
3263 2285 3328 2333 ut
3368 2279 3693 2350 ignominia

2031 2375 2289 2446 teipsum
2322 2370 2677 2437 afﬁcias,Dei
2710 2369 3244 2440 hominem,utpote
3265 2367 3684 2436 Christianum,

2030 2481 2098 2520 eo
2130 2463 2284 2535 quod
2320 2461 2520 2531 iniquo
2555 2461 2728 2514 dente
2776 2459 3010 2513 mordes
3046 2462 3106 2513 et
3135 2455 3380 2525 laceras,
3415 2475 3527 2513 non
3558 2459 3685 2514 dico

2031 2570 2254 2624 parem,
2287 2553 2387 2608 sed
2410 2550 2513 2606 tibi
2546 2548 2714 2604 valde
2761 2548 3124 2620 superiorem
3145 2546 3172 2600 Ῥ
3203 2547 3376 2618 Aperi
3409 2565 3474 2602 os
3515 2553 3685 2602 tuum

2027 2643 2355 2698 secundum
2389 2640 2745 2710 Seripturas,
2779 2641 2837 2693 et
2893 2636 3179 2707 Spiritum
3210 2636 3473 2691 divinum
3512 2637 3680 2692 hauri

2027 2732 2289 2795 omnino,
2326 2747 2439 2784 non
2472 2745 2602 2784 vero
2633 2726 2879 2796 malum,
2912 2725 3005 2780 cui
3053 2730 3325 2780 accurate
3351 2725 3680 2781 claudenda

2025 2825 2141 2875 toti
2178 2837 2364 2874 mens.
2400 2842 2427 2867 α
2466 2816 2675 2884 Dilata,
2717 2814 2932 2885 inquit,
2987 2830 3052 2869 os
3107 2817 3299 2879 tuum,
3331 2820 3389 2869 et
3420 2813 3676 2886 implebo

2027 2907 2170 2962 illud
2206 2909 2247 2962 ε.
2284 2929 2311 2956 ››
2342 2907 2468 2962 Non
2505 2903 2786 2976 temporis
2835 2902 3114 2958 dilatione
3169 2919 3318 2972 opus
3363 2908 3471 2971 est,
3504 2919 3677 2957 morm

2027 2998 2292 3069 perfugio
2326 3013 2438 3052 non
2460 3001 2628 3060 utar;
2662 2993 3381 3063 confestim,quasiadhuc
3405 2992 3678 3062 loquente

2025 3093 2082 3142 te
2113 3089 2284 3156 bona,
2317 3087 2547 3141 adsum.
2591 3083 2686 3140 Sio
2715 3089 2772 3137 et
2820 3081 3177 3152 aperientem
3232 3081 3448 3151 Spir-itu
3484 3080 3674 3150 reple-

2025 3179 2119 3240 bo,
2152 3181 2208 3232 et
2241 3175 2590 3247 sapientiam
2645 3188 2839 3229 escam
2901 3171 3055 3225 dabo
3112 3186 3213 3239 per
3271 3171 3489 3224 librum
3523 3170 3676 3226 sicut

2025 3272 2083 3321 et
2148 3266 2392 3337 mystice
2457 3263 2664 3318 dicunt
2726 3262 3044 3332 prophetae.
3113 3263 3260 3313 Nam
3332 3275 3436 3313 nec
3515 3258 3680 3329 piger

263 3322 503 3425 μελετῶν
554 3322 878 3424 σκὲπτομαί.
905 3322 1108 3408 ι’Δλλᾶι
1149 3322 1380 3425 ἀνοίγεις
1436 3322 1567 3422 ἅμα,
1601 3351 1689 3403 καὶ
1716 3322 1911 3422 ἐἴσέρ-

2030 3373 2179 3418 sum,
2265 3370 2371 3410 nec
2457 3352 2707 3418 invideo,
2773 3365 2877 3404 nec
2933 3347 3389 3419 cogitationibus
3465 3347 3678 3402 immo-

259 3461 456 3516 χομαι.
503 3437 660 3497 Οὕτω
709 3441 800 3495 καὶ
849 3439 954 3514 ἐγὼ
999 3441 1098 3508 τὴν
1149 3438 1287 3512 ἐμὴν
1320 3439 1548 3514 ἀνοίγων
1582 3439 1744 3514 θύραν
1776 3459 1908 3512 προ-

257 3529 532 3602 καλοῦμαι
564 3527 654 3584 καὶ
681 3529 740 3584 σὲ
784 3529 878 3583 καὶ
922 3528 1121 3590 πάντας
1168 3528 1451 3586 εἰσελθεῖν.
1507 3527 1586 3584 Οὐ
1639 3533 1908 3603 μεριμνῶ,

258 3621 375 3680 πῶς
403 3617 688 3692 πληρώσω
718 3618 781 3672 τὸ
823 3616 1000 3690 στόμα
1038 3638 1135 3672 σου
1177 3616 1497 3672 πλατυνθὲν.
1555 3617 1661 3672 Καὶ
1711 3614 1911 3686 δηλοῦ-

255 3727 335 3760 σιν
388 3705 518 3761 αὐτὸ
564 3707 653 3761 καὶ
715 3707 767 3760 οἱ
819 3703 1008 3768 ἄλλως
1060 3707 1185 3779 ἐμοὶ
1233 3707 1493 3780 μαθηταὶ,
1541 3707 1632 3761 καὶ
1682 3705 1800 3760 ὅσοι
1854 3702 1911 3760 δὲ

251 3795 533 3870 τυράννοις
593 3796 978 3870 παραστάντες,
1029 3795 1091 3850 οὐ
1145 3793 1234 3850 διὰ
1282 3795 1519 3870 χρόνου,
1578 3793 1724 3850 ἀλλὰ
1772 3794 1907 3868 αὐτῇ

252 3888 322 3959 τῇ
383 3884 500 3959 ὥρᾳ
557 3879 896 3957 λαμϐανουσι
953 3884 1130 3958 στόμα
1158 3885 1248 3939 καὶ
1276 3884 1488 3961 σοφίαν·
1524 3886 1606 3948 οἷς
1637 3883 1697 3938 οὐ
1750 3881 1909 3938 δύνα-

253 3995 342 4028 ται
427 3973 694 4028 ἀντειπεῖν
773 3971 951 4038 οὐδεὶς
1006 3973 1536 4046 ἀντικαθιστάμενος.
1607 3973 1794 4044 Στόμα
1853 3970 1910 4041 δὲ

255 4061 483 4122 ἐνταῦθα
537 4061 627 4115 καὶ
687 4059 878 4138 σοφίαν
951 4059 1182 4122 ἀκούσας
1215 4105 1231 4132 ,
1311 4062 1386 4133 μὴ
1461 4060 1908 4134 ἀπεριμερίμνως

253 4145 525 4225 ἐπιϐάλῃς
581 4153 650 4222 τῇ
698 4148 860 4223 ἀκοῇ,
895 4148 1020 4206 ἀλλ’
1066 4144 1388 4222 ἐμϐάθυνον·
1450 4149 1532 4204 ὅτι
1585 4151 1612 4203 ὁ
1665 4151 1740 4220 μὴ
1772 4151 1908 4204 κατά

250 4238 378 4299 τοὺς
437 4237 634 4314 λόγους
702 4237 930 4300 τούτους
987 4235 1330 4310 διακείμενος
1391 4239 1659 4312 Θειότερον
1721 4237 1772 4291 ἐν
1829 4242 1908 4310 τῷ

253 4327 504 4383 ἀναπνεῖν
553 4327 644 4381 καὶ
705 4326 892 4383 λαλεῖν
949 4323 1072 4381 οὔτε
1131 4326 1307 4399 στόμα
1343 4322 1484 4401 ἔχει,
1517 4323 1640 4381 οὔτε
1693 4327 1905 4403 σοφίαν,

253 4414 401 4471 ἀλλὰ
455 4415 544 4471 καὶ
601 4411 841 4488 ἅστομός
894 4415 1005 4470 ἐστι
1062 4416 1328 4492 χειρόνως
1385 4414 1525 4491 ⁸ἤπερ
1573 4421 1680 4471 τῶν
1727 4412 1904 4471 ἷ¹ππων

252 4505 371 4559 ὅσοι
405 4502 658 4580 λέγονται
691 4502 947 4579 ἄστομοι,
979 4504 1067 4560 ναὶ
1101 4507 1210 4578 μὴν
1241 4505 1331 4560 καὶ
1371 4502 1593 4582 ὂίσοφος,
1632 4507 1818 4577 μήπου
1849 4502 1908 4560 δὶ

249 4595 340 4649 καὶ
368 4591 589 4668 ἄλογος.

2021 3462 2134 3510 ror,
2170 3444 2267 3499 sed
2304 3443 2496 3513 aperis
2528 3447 2582 3495 et
2611 3439 2785 3494 intro.
2819 3437 2908 3493 Sic
2937 3443 2995 3492 et
3041 3452 3147 3508 ego
3189 3437 3434 3505 januam
3479 3452 3671 3491 meam

2021 3534 2310 3604 aperiens,
2343 3539 2398 3587 te
2427 3536 2486 3586 et
2507 3545 2708 3584 omnes
2732 3537 2794 3581 ut
2814 3526 3048 3581 intretis
3069 3525 3271 3580 invito.
3301 3529 3426 3579 Non
3460 3525 3669 3581 anxius

2019 3639 2172 3686 sum,
2225 3621 2520 3692 quomodo
2580 3635 2644 3673 os
2694 3621 2865 3672 tuum
2924 3613 3179 3685 implebo
3236 3614 3568 3669 dilatatam.
3606 3615 3671 3669 Et

2018 3713 2074 3767 id
2111 3714 2426 3767 ostendunt
2482 3709 2658 3763 etiam
2716 3705 2830 3761 alio
2884 3705 3058 3759 modo
3116 3703 3389 3772 discipuli
3435 3705 3573 3773 mei,
3613 3707 3672 3759 et

2019 3805 2310 3871 quotquot
2331 3803 2464 3853 ante
2485 3804 2766 3866 tyrannos
2807 3793 2965 3849 ducti
3003 3798 3171 3859 sunt;
3206 3808 3320 3845 non
3353 3791 3410 3845 in
3444 3797 3672 3864 tempo-

2019 3891 2102 3946 ris
2123 3889 2450 3954 intervallo,
2482 3890 2584 3942 sed
2619 3887 2749 3956 ipsa
2780 3885 2920 3956 hora
2945 3899 3043 3939 ore
3073 3887 3129 3938 et
3161 3883 3445 3954 sapientia
3477 3883 3674 3938 valent

2019 3980 2235 4050 quibus
2271 3978 2472 4034 nullus
2521 3955 2920 4031 contradicere
2954 3976 3144 4043 potest
3173 3972 3563 4028 adversarius.
3597 3972 3673 4028 Os

2019 4069 2112 4122 hic
2144 4074 2201 4123 et
2233 4066 2588 4138 sapientiam
2632 4064 2881 4118 audiens
2912 4077 2984 4115 ne
3015 4060 3446 4116 inconsiderate
3474 4076 3671 4116 vocem

2018 4161 2326 4212 sonantem
2386 4155 2607 4222 excipe,
2659 4153 2759 4207 sed
2821 4151 3000 4206 altius
3054 4148 3397 4204 considera:
3431 4149 3571 4220 quia
3601 4150 3673 4203 ad

2017 4246 2119 4300 illa
2149 4245 2325 4300 verba
2351 4243 2450 4314 qui
2485 4259 2596 4296 non
2653 4247 2744 4296 est
2791 4239 2988 4294 animo
3018 4237 3286 4292 diviniori
3327 4237 3672 4308 dispositus,

2017 4336 2088 4390 ad
2112 4333 2501 4389 hauriendum
2529 4330 2802 4402 spiritum
2829 4334 2886 4384 et
2904 4327 3261 4397 loquendum
3285 4343 3391 4382 nec
3413 4343 3478 4382 os
3498 4326 3676 4382 habet

2019 4441 2122 4481 nee
2155 4422 2528 4494 sapientiam,
2562 4421 2660 4474 sed
2694 4419 2867 4475 etiam
2900 4418 3016 4473 oris
3066 4417 3197 4471 duri
3248 4420 3338 4471 est
3382 4415 3676 4471 infelicius

2017 4532 2193 4586 quam
2223 4513 2324 4584 qui
2354 4513 2510 4568 inter
2539 4526 2724 4581 equos
2755 4509 2874 4564 oris
2924 4506 3056 4562 duri
3106 4507 3404 4572 dicuntur,
3445 4507 3588 4578 quin
3620 4510 3678 4561 et

2017 4604 2305 4674 insipiens
2335 4607 2392 4656 et
2420 4599 2843 4655 irrationabilis
2874 4603 2986 4653 est.

330 4684 413 4738 ιθ’.
450 4683 548 4737 Καὶ
577 4687 801 4738 τοιαῦτα
845 4683 938 4757 μὲν
973 4705 1060 4739 σοι
1113 4683 1256 4754 λέξει
1303 4685 1332 4739 6
1378 4685 1442 4739 τὸ
1499 4685 1675 4756 στόμα
1699 4680 1904 4738 πλατύ-

2091 4693 2174 4746 19.
2208 4689 2371 4746 Talia
2401 4688 2637 4759 quidem
2675 4686 2777 4739 tibi
2816 4685 2969 4739 dicet
3001 4683 3103 4755 qui
3140 4700 3205 4738 os
3231 4683 3457 4754 aperire
3479 4683 3672 4753 jubet,

250 4793 365 4826 νειν
429 4770 857 4847 ἐγκελευόμενος
930 4771 1018 4827 ἐπὶ
1093 4772 1377 4850 πληρώσει
1435 4773 1634 4835 παντὸς
1697 4770 1911 4842 δηλαδή

254 4858 482 4936 ἀγαθοῖν,
519 4857 588 4915 δι’
630 4861 691 4916 οὗ
747 4861 837 4916 καὶ
896 4857 1394 4937 ἐμϐρωματίζεται.
1455 4863 1552 4916 Καὶ
1611 4859 1797 4922 ἄλλως
1857 4859 1915 4916 δὲ

259 4952 328 5023 ζῇ
385 4949 412 5004 ὁ
466 4950 604 5025 πρὸς
661 4949 920 5020 ἀλήθειαν
975 4948 1278 5026 ἅνθρωπος.
1327 4952 1390 5008 Ὀ
1443 4951 1622 5024 μέντοι
1670 4955 1751 5022 τῷ
1798 4955 1914 5022 Θεῷ

251 5037 626 5112 ἀντικείμενος
700 5037 889 5102 ἄλλως
967 5039 1098 5094 αὐτὸ
1171 5038 1404 5113 πληροῖ,
1485 5035 1678 5111 μεστὸν
1737 5043 1910 5093 ποιῶν

253 5130 474 5202 ἁπάσης
527 5129 894 5209 φαυλότητος.
951 5131 1110 5190 Οὕτω
1167 5130 1382 5209 πληροῖ
1432 5132 1501 5187 τὰ
1553 5136 1662 5186 τῶν
1718 5133 1915 5208 αἱρετι-

257 5220 464 5289 ζόντων
518 5220 782 5294 πόματα,
843 5220 1016 5285 οὕτως
1044 5220 1334 5297 ἐπλήρωσε
1385 5221 1451 5276 τὰ
1505 5227 1612 5276 τῶν
1677 5242 1915 5297 σταυρω-

251 5315 370 5364 τῶν
397 5313 498 5365 τοῦ
559 5309 799 5384 μεγάλου
857 5315 992 5366 Θεοῦ
1039 5311 1130 5365 καὶ
1194 5314 1456 5385 Σωτῆρος
1509 5313 1670 5382 ἡμῶν
1733 5311 1914 5380 Ἰησοῦ

256 5401 523 5474 Χριστοῦ*
556 5397 629 5453 ὧν
685 5400 747 5455 τὸ
796 5399 972 5472 στόμα
1029 5395 1192 5474 ἔγεμε
1239 5404 1317 5470 τῷ
1373 5404 1551 5474 καιρῷ
1581 5397 1769 5472 ἐκείνῳ
1817 5404 1914 5454 τοῦ

265 5509 296 5541 (ι
325 5487 439 5545 Οὐκ
489 5484 693 5564 ἔχομεν
748 5486 992 5564 βασιλέα,
1049 5487 1095 5542 εί
1149 5488 1225 5560 μή
1277 5487 1535 5561 Καίσαρα·
1588 5489 1756 5556 ››καὶ,
1793 5513 1819 5539 τ(
1850 5487 1913 5543 Εἰ

262 5577 341 5651 μὴ
376 5577 688 5652 σταυρώσῃς
721 5577 900 5650 αὐτὸν,
933 5574 979 5631 ὦ
1010 5577 1231 5650 nam,
1266 5577 1366 5632 ούκ
1394 5578 1444 5632 εἴ
1473 5575 1636 5652 φίλος
1662 5581 1760 5633 τοῦ
1791 5578 1916 5632 Καί-

336 5795 358 5830 ²
386 5793 538 5851 Psal.
571 5811 735 5864 Lxxx,
771 5797 856 5853 11.
931 5795 954 5830 ⁸
981 5793 1149 5855 Joan.
1180 5811 1292 5852 xxx.
1324 5795 1409 5852 15.
1489 5796 1510 5831 ⁴
1539 5795 1682 5852 ibid.
1719 5795 1805 5851 12.

2024 4780 2248 4836 scilicet
2278 4783 2344 4833 ut
2387 4776 2546 4832 omni
2596 4776 2750 4830 bono
2804 4773 3156 4844 repleamur,
3191 4789 3305 4842 quo
3336 4776 3394 4826 et
3422 4771 3675 4826 alamur.

2024 4870 2209 4924 Aliter
2239 4884 2374 4922 vero
2431 4866 2574 4920 vivit
2630 4863 2730 4935 qui
2789 4863 3115 4917 secundum
3173 4859 3478 4915 veritatem
3537 4858 3678 4913 vivit

2023 4959 2219 5014 homo.
2244 4955 2351 5020 Qui
2374 4959 2570 5011 autem
2598 4953 2714 5008 Deo
2741 4949 3110 5006 adversarius
3160 4953 3382 5018 manet,
3413 4965 3480 5004 os
3509 4947 3679 5003 aliter

2025 5046 2229 5118 replet,
2262 5045 2538 5100 refertum
2576 5041 2824 5097 reddens
2857 5039 3017 5094 omni
3055 5038 3358 5109 pravitate,
3391 5037 3475 5092 sic
3505 5036 3678 5108 plena

2024 5139 2164 5190 sunt
2184 5133 2454 5189 ha'resim
2505 5130 2992 5202 amplectentium
3015 5143 3137 5197 ora,
3170 5125 3256 5182 sic
3288 5125 3509 5197 repleta
3536 5129 3680 5182 sunt

2024 5241 2122 5280 ora
2155 5221 2626 5294 cruciﬁgentium
2671 5233 2953 5290 magnum
2991 5218 3171 5272 Deum
3221 5221 3280 5271 et
3315 5214 3674 5270 Salvatorem

2025 5317 2290 5368 nostrum
2323 5311 2526 5366 Jesum
2575 5307 2873 5364 Christum
2901 5323 2914 5372 ;
2949 5320 3199 5376 quorum
3232 5321 3298 5359 os
3337 5303 3677 5360 redundans

2022 5406 2164 5456 tunc
2194 5399 2440 5455 eﬂ‘udit:
2475 5419 2505 5448 «
2544 5397 2666 5452 Non
2723 5395 3008 5450 habemus
3067 5409 3260 5465 regem
3319 5393 3430 5448 nisi
3491 5396 3677 5449 Caesa-

2025 5507 2145 5545 rem
2169 5490 2380 5555 3,»et,
2446 5508 2474 5538 ‹‹
2515 5487 2576 5542 Si
2635 5502 2750 5540 non
2807 5483 3162 5538 cruciﬁxeris
3221 5499 3380 5550 eum,
3441 5498 3556 5538 non
3615 5498 3678 5539 es

2026 5578 2254 5635 amicus
2297 5575 2660 5645 Caesaris‘,»
2693 5579 2786 5631 et:
2851 5597 2874 5624 ι
2935 5572 3116 5638 ΤοΙΙο.
3175 5570 3333 5640 tolle,
3402 5571 3681 5644 cruciﬁge
