4066 6372
452 453 606 512 1047

1216 451 1639 514 EUS'I‘ATHII
1682 446 2457 512 THESSALONICENSIS
2506 444 3095 508 METROPOLITE

3699 450 3825 510 1048

450 600 586 639 cum
608 584 649 638 ⁸.
685 606 712 634 ››
745 583 829 638 lbi
889 583 1315 639 consideranda
1367 583 1710 656 duplicatio,
1742 581 1907 649 tolle,
1937 580 2100 646 tolle,

2215 594 2411 650 σαρος·
2462 596 2488 628 ι
2538 575 2628 630 καὶ
2683 599 2710 628 ι(
2758 580 2948 652 Ἀρον,
3011 576 3164 652 ἆρον,
3227 577 3535 653 σταύρωσον
3591 577 3753 638 αὐτόν,
3803 606 3822 630 1)

450 689 630 744 quaa
688 689 960 746 perverso
1020 673 1260 728 domino
1317 678 1373 729 et
1430 674 1773 728 foeneratore
1834 673 2099 726 daemone

450 763 889 818 commodatum
950 777 1258 834 perversus
1318 762 1573 835 populus
1637 762 1733 816 ille
1797 761 2098 832 impurum

453 868 714 908 crescere
767 852 903 907 fecit
958 851 1263 907 talentum.
1295 851 1397 907 Ille
1455 851 1695 924 quidem
1755 849 1930 906 semel
1971 848 2100 904 istis

453 941 752 1013 suggessit
809 947 873 996 ut
930 941 1084 996 noxii
1143 941 1350 1022 fierent
1408 941 1717 996 Dominicae
1776 940 1834 994 in
1866 954 2098 994 crucem

453 1031 866 1100 exaltationis;
934 1031 1034 1086 isti
1113 1046 1246 1085 vero
1306 1029 1591 1085 talentum
1648 1030 1706 1084 in
1765 1032 1922 1084 terra
1989 1045 2101 1083 non

455 1121 882 1176 abscondentes
935 1135 1006 1175 ne
1065 1119 1215 1192 pigri
1280 1120 1716 1175 aestimarentur
1772 1118 2101 1173 faeneratori

457 1209 914 1281 multiplicatum
970 1209 1368 1281 praebuerunt,
1403 1225 1516 1264 non
1577 1207 1753 1266 semel
1804 1208 2100 1262 dicentes:

455 1297 654 1366 Tolle;
725 1299 828 1354 sed
914 1299 1313 1354 redundanter
1378 1299 1858 1368 vociferaverunt,
1924 1295 2100 1365 Tolle,

453 1386 614 1454 tolle,
647 1390 706 1442 et
747 1387 832 1442 sic
885 1387 1085 1442 fideles
1138 1403 1201 1442 se
1257 1388 1643 1442 ostenderunt
1698 1403 1896 1441 servos
1943 1402 2105 1440 servo

454 1475 712 1548 pessimo
743 1476 842 1547 qui
876 1495 907 1530 a
938 1476 1234 1531 communi
1281 1476 1524 1530 Domino
1557 1475 1926 1546 apostatavit,
1951 1475 2105 1528 ideo-

457 1581 570 1637 que
617 1565 718 1620 illo
747 1565 1064 1620 ferventius
1096 1565 1167 1620 ad
1221 1565 1443 1620 malum
1469 1565 1858 1636 proficientes.
1892 1565 2107 1619 Exinde

457 1655 720 1710 animam
780 1654 970 1709 sortiti
1021 1659 1252 1708 acutam
1286 1654 1343 1708 in
1386 1653 1589 1710 multis
1621 1653 1807 1725 iniqui
1839 1653 2108 1708 homines

459 1746 595 1816 plus
627 1759 808 1814 quam
837 1743 1075 1798 illorum
1127 1743 1410 1814 magister
1458 1745 1705 1811 daemon,
1739 1749 1795 1799 et
1843 1747 2110 1814 prompte

461 1849 495 1888 a
516 1833 753 1887 doctore
777 1831 1016 1887 malitiae
1044 1831 1398 1903 accipientes
1414 1833 1706 1895 ardorem,
1723 1830 2109 1902 sapientiores

460 1920 633 1986 ﬁunt,
666 1924 724 1975 et
752 1936 821 1974 ex
852 1920 1093 2010 modica
1135 1925 1419 2010 potestate
1458 1937 1634 1991 super
1692 1921 1917 1991 majora
1970 1937 2107 2010 con-
2143 1945 2190 2010 B

460 2009 922 2076 stituti,seminis
955 2009 1186 2064 minimi
1219 2009 1472 2066 fructum
1507 2010 1743 2065 malitias
1769 2009 2110 2082 centuplum

459 2098 733 2153 reddunt.
766 2102 925 2170 Saepe
976 2103 1170 2154 autem
1229 2098 1560 2154 isliusmodi
1618 2098 1908 2167 homines,
1958 2096 2112 2152 sicut

457 2187 516 2241 in
585 2187 874 2242 sermonis
932 2187 1218 2259 principio
1295 2187 1747 2257 notificavimus,
1815 2192 1874 2242 et
1940 2186 2110 2258 plura

456 2291 633 2345 quam
660 2275 773 2331 iste
830 2277 1024 2331 animo
1083 2293 1198 2331 non
1255 2276 1548 2332 laudando
1607 2276 1977 2348 excogitant;
2025 2279 2102 2339 et,

455 2377 584 2432 quae
610 2362 722 2417 iste
753 2378 858 2417 nec
891 2362 1206 2432 cogitasset
1253 2363 1514 2436 quidem,
1549 2363 1661 2434 ipsi
1693 2381 1760 2418 eo
1791 2363 2106 2418 deveniunt

454 2450 856 2521 utinveniant,
891 2452 1166 2522 pessimis
1187 2453 1245 2506 in
1275 2469 1477 2507 eorum
1506 2453 1780 2508 cordibus
1814 2453 2104 2525 pullulan-

450 2539 612 2595 tibus
664 2540 1230 2596 ratiocinationibus.
1266 2546 1332 2596 Et
1388 2542 1446 2595 in
1509 2543 1614 2597 hoc
1674 2541 1819 2595 nihil
1861 2559 2098 2609 novum,

453 2627 756 2698 siquidem
781 2645 886 2683 nec
936 2630 1211 2699 perfecta,
1247 2646 1349 2684 nec
1404 2646 1566 2700 pura,
1602 2647 1707 2685 nec
1746 2636 2017 2686 accusata
2048 2637 2104 2685 ct

455 2715 812 2772 articulatim
867 2718 1197 2788 composita
1243 2719 1609 2774 daemonibus
1659 2719 1956 2790 cogitatio,
2000 2736 2102 2774 nec

454 2807 836 2881 perspicacia,
872 2825 978 2864 nec
1036 2809 1262 2882 reliqua
1320 2816 1552 2880 natura,
1588 2817 1762 2883 prout
1791 2812 1984 2868 videre
2015 2816 2105 2867 est

454 2897 512 2952 in
545 2897 772 2954 multis.

525 2987 613 3040 20.
650 2985 723 3041 Ut
771 2986 923 3041 hanc
980 2987 1465 3043 contumeliosam
1517 2988 1799 3043 vilitatem
1852 2992 1908 3044 et
1938 2989 2109 3043 aliter

456 3074 838 3145 objurgantes
864 3093 1206 3148 arguamus,
1240 3094 1355 3132 non
1413 3077 1786 3133 contumeliis
1833 3069 2113 3133 cedentes.

453 3162 589 3235 ipsi,
623 3165 725 3220 sed
757 3165 1154 3221 detractorum
1208 3167 1330 3222 loco
1379 3167 1789 3223 erubescentes
1840 3172 1898 3223 et
1941 3168 2115 3224 mise.

453 3251 708 3309 ricordia
771 3253 936 3310 fracti
970 3255 1205 3323 horum,
1258 3255 1358 3328 qui
1405 3257 1620 3311 nedum
1657 3273 1816 3312 more
1847 3257 2107 3313 humano

451 3342 792 3414 loquantur,
835 3349 901 3399 ut
945 3345 1020 3400 'de
1077 3345 1249 3401 nobis
1311 3345 1604 3401 ordinavit
1652 3351 1824 3417 Deus,
1852 3348 2104 3419 turpiter

448 3430 665 3487 latratu
697 3432 906 3489 fratres
954 3433 1369 3505 insequuntur,
1407 3451 1522 3491 non
1555 3437 1878 3492 secundum
1909 3438 2100 3492 scien-

452 3520 614 3589 tiam,
651 3523 750 3578 sed
782 3523 1108 3579 secundum
1144 3525 1546 3582 omnimodam
1588 3527 2056 3582 adinventionem
2086 3546 2098 3596 ;

449 3610 872 3666 documentum
927 3617 983 3669 et
1028 3613 1199 3670 aliter
1226 3614 1496 3671 instituo.
1529 3621 1670 3672 Ecce
1702 3618 1773 3672 ad
1810 3617 2101 3686 judicium

448 3699 744 3772 interrogo
768 3701 1025 3774 aliquem
1051 3719 1082 3759 e
1103 3704 1358 3760 laudatis
1383 3710 1439 3760 et
1455 3711 1694 3778 propter
1712 3706 1822 3761 hoc
1846 3706 2055 3762 amatis
2073 3724 2106 3761 a

451 3789 794 3860 sensatis,et
822 3789 1078 3861 aliquem
1104 3808 1134 3848 e
1157 3792 1640 3864 vituperabilibns
1661 3799 1718 3848 et
1745 3795 1874 3849 ideo
1905 3795 2104 3850 vitatis

452 3893 487 3933 a
509 3883 661 3933 recte
691 3879 1082 3935 sentientibus
1112 3897 1124 3935 :
1162 3898 1314 3955 nun;
1337 3880 1583 3954 pulchra
1614 3883 1871 3939 laudatio
1893 3884 1920 3938 ?
1952 3883 2102 3939 Dici-

453 3966 528 4022 tis
559 3983 700 4022 sane
722 3967 805 4023 sic
827 3985 948 4023 rem
973 3985 1034 4025 se
1062 3970 1271 4026 habere
1297 3989 1309 4038 ;
1335 3989 1472 4044 ergo
1491 3973 1710 4028 malum
1744 3973 2102 4028 contrarium

450 4056 959 4128 exprobratio.Cur
979 4074 1114 4131 ergo
1147 4059 1460 4132 pulchrum
1492 4062 2004 4134 praetermittentes
2030 4064 2100 4118 ad

449 4145 671 4202 malum
691 4151 946 4203 mentem
966 4149 1516 4221 applicamus?Quid
1540 4151 1731 4207 adhuc
1751 4151 2099 4207 ?Pulchrum

445 4235 761 4304 gratiarum
787 4235 1217 4294 actio?Animas
1237 4245 1463 4295 vestras
1485 4242 2006 4313 scrutor,beneque
2028 4243 2098 4297 ad

445 4323 555 4380 hoc
585 4325 888 4381 ordinatas
922 4326 1110 4392 video,
1144 4333 1426 4400 negantes
1461 4345 1492 4383 θ
1540 4334 1742 4385 contra
1773 4331 1843 4386 de
1873 4331 2101 4403 ingrato

445 4412 641 4467 animo
672 4413 826 4483 quod
861 4413 940 4468 sit
970 4413 1304 4484 pulchrum.
1359 4418 1546 4481 Quare
1576 4434 1713 4490 ergo
1746 4436 1858 4474 non
1892 4419 2103 4475 erube-

450 4503 623 4554 scunt
655 4501 870 4572 ingrati
905 4503 1109 4570 animi,
1139 4505 1354 4560 Judam
1386 4505 1685 4563 imitantes
1716 4507 1815 4578 qui
1846 4513 1964 4562 tam
1991 4507 2100 4563 vile

445 4603 659 4642 nomen
694 4593 870 4659 prout
900 4591 1139 4647 decebat
1173 4592 1574 4649 haereditavit?
1603 4596 1711 4651 Sed
1746 4595 1915 4651 obolo
1946 4595 2098 4650 vale-

2209 668 2376 731 ’Ένθα
2424 667 2728 736 σκοπητὲον
2779 668 2840 722 τὸ
2893 665 3178 741 δίπλασμα
3225 673 3321 723 τοῦ
3351 693 3379 720 ‹‹
3427 672 3614 744 Ἀρον,
3643 670 3772 742 ἆρον,
3801 694 3821 721 ››

2212 753 2375 809 δι’οὗ
2404 760 2484 827 τῷ
2530 761 2759 830 πονηρῷ
2813 754 3049 831 δεσπότῃ
3108 757 3198 812 καὶ
3260 755 3512 830 δανειστῇ
3568 756 3762 830 δαίμονι
3803 759 3822 813 ὁ

2211 846 2452 918 πονηρὸς
2485 845 2616 907 λαὸς
2649 846 2851 910 ἐκεῖνος
2889 847 2953 901 τὸ
3001 844 3332 901 ἐκδανεισθὲν
3383 842 3643 916 κίϐδηλον
3688 847 3823 917 timvi-

2215 937 2342 1006 ξησε
2392 932 2655 989 τάλαντον
2691 979 2703 992 .
2767 936 2828 992 Ὀ
2883 935 2978 1008 μὶν
3033 938 3134 1011 γάρ
3186 935 3433 1006 καθάπαξ
3488 935 3697 998 ἐκείνοις
3749 938 3823 992 ὑπο

2217 1019 2406 1078 ἔϐαλεν
2473 1024 2767 1094 ἀξιωθῆναι
2823 1025 2921 1093 τὴν
2985 1027 3257 1100 Κυριακὴν
3326 1024 3417 1080 ἐπὶ
3475 1031 3570 1080 τοῦ
3637 1032 3826 1099 σταυροῦ

2218 1108 2390 1185 ἅρσιψ
2453 1111 2504 1166 οἱ
2559 1110 2617 1166 δὲ
2679 1115 2754 1185 μὴ
2807 1115 3226 1188 καταχώσαντες
3253 1114 3315 1168 τὸ
3356 1111 3592 1184 δάνειον,
3651 1115 3718 1187 μὴ
3761 1115 3827 1169 καὶ

2219 1200 2441 1276 ὀκνηροὶ
2490 1203 2788 1274 νομισθῶσι
2815 1245 2829 1270 ,
2874 1208 2956 1275 τῷ
3001 1200 3365 1259 ἐκδανείσαντι
3427 1202 3828 1258 ἐπολλαπλασία-

2221 1311 2336 1357 σαν,
2398 1291 2496 1345 οὑκ
2553 1291 2772 1364 εἰσάπαξ
2833 1291 3074 1354 εἷ’πόντες
3154 1294 3326 1368 ἆρον,
3408 1289 3557 1346 ἀλλὰ
3609 1297 3830 1367 περισσῶς

2218 1380 2526 1452 κράξαντες·
2583 1382 2737 1452 ἆρον,
2818 1383 2969 1456 ἆρον,
3029 1380 3121 1436 καὶ
3179 1380 3324 1436 οὕτω
3381 1382 3568 1436 πιστοὶ
3623 1381 3827 1456 φανέντες

2220 1467 2424 1522 οἰκέται
2485 1471 2842 1542 πονηροτάτῳ
2902 1467 3110 1543 δούλῳ,
3169 1471 3229 1526 ἐκ
3257 1475 3354 1525 τοῦ
3387 1475 3576 1525 κοινοῦ
3605 1471 3827 1524 Δεσπὸτου

2221 1557 2671 1628 ἀποστατήσαντι.
2746 1558 2836 1612 καὶ
2907 1556 2978 1613 δι’
3053 1559 3185 1614 αὐτὸ
3265 1559 3587 1635 Θερμότεροι
3664 1558 3826 1614 ἐκείνου

2220 1642 2549 1709 ἀπεκϐἀντες
2608 1648 2743 1723 πρὸς
2798 1648 2862 1702 τὸ
2911 1648 3074 1703 κακόν
3115 1692 3127 1706 .
3194 1648 3344 1706 Ἐπεὶ
3404 1649 3496 1704 καὶ
3554 1649 3745 1726 εὐφυεῖς
3789 1647 3825 1702 ἐν

2221 1735 2457 1797 πολλοῖς
2488 1737 2539 1790 οἱ
2569 1737 2727 1791 κακοὶ
2757 1735 3035 1812 ἅνθρωποι
3092 1736 3259 1793 πλέον
3292 1736 3438 1814 ἤπερ
3484 1740 3512 1793 ὁ
3552 1735 3826 1798 διδάσκαλος

2222 1825 2395 1880 αὐτῶν
2446 1822 2683 1898 δαίμων,
2734 1825 2823 1881 καὶ
2876 1827 3138 1902 βραχεῖαν
3187 1825 3246 1882 ἐκ
3297 1832 3398 1882 τοῦ
3467 1831 3715 1906 σοφιστοῦ
3754 1834 3826 1894 τῆς

2220 1913 2412 1976 κακίας
2471 1909 2729 1976 λαϐόντες
2790 1915 3068 1992 ἀφορμὴν,
3142 1917 3449 1994 σοφώτεροι
3504 1915 3747 1992 γίνονται,
3793 1915 3827 1984 ἐξ

2221 2001 2502 2076 ὀλιγίστης
2532 2004 2710 2079 ἀρχῆς
2751 2002 2828 2066 εἷς
2864 2005 3088 2078 μέγιστα
3118 2007 3518 2080 προαγόμενοι,
3575 2005 3660 2061 καὶ
3713 2006 3829 2078 σπερ-

2222 2113 2391 2164 ματος
2441 2090 2686 2168 ἀμυδροῦ
2733 2093 2938 2165 καρπὸν
2979 2093 3171 2157 κακίας
3224 2094 3516 2170 πολύχουν
3577 2091 3830 2150 ἀντιδιδόν·

2214 2203 2322 2245 τες.
2374 2180 2674 2257 Πολλαχοῦ
2725 2179 2783 2236 δὶ
2823 2183 2875 2236 οἱ
2903 2187 3167 2254 τοιοῦτοι,
3226 2183 3367 2248 καθά
3433 2183 3526 2238 καὶ
3587 2182 3830 2260 φθάσαντες

2216 2269 2404 2324 ἁνόπιν
2439 2269 2610 2344 λόγου
2671 2269 3122 2345 ὑπεδηλώσαμεν,
3183 2272 3275 2328 καὶ
3330 2273 3556 2329 πλεῖόνν
3583 2294 3633 2328 τι
3662 2271 3825 2327 ἐκείνου

2213 2357 2550 2414 ἐπινοοῦνται
2595 2361 2732 2414 κατὰ
2786 2359 2884 2416 οὐκ
2929 2359 3212 2432 ἐπαινετὴν
3251 2365 3558 2438 περίνοιαν’
3596 2362 3680 2417 καὶ
3722 2361 3823 2431 ἅπερ

2211 2447 2418 2510 ἐκεῖνος
2481 2448 2580 2504 οὐκ
2637 2448 2956 2520 ἐννοήσηται
3015 2448 3115 2525 ἂν,
3172 2451 3328 2506 αὐτοὶ
3405 2453 3820 2528 περιεργάζονται,

2211 2543 2465 2613 πονηρῶν
2535 2540 2820 2614 λογισμῶν
2878 2535 3276 2596 ἀναϐαινόντων
3327 2540 3380 2596 ἐν
3445 2548 3562 2604 ταῖς
3619 2538 3821 2614 καρδίαις

2211 2627 2412 2684 αὐτῶν.
2447 2628 2542 2682 Καὶ
2571 2629 2756 2684 καινόν
2787 2651 2839 2684 τι
2869 2635 3030 2685 τοῦτο
3058 2627 3236 2702 οὐδὲν,
3271 2629 3324 2686 εἷ’
3349 2653 3414 2706 γε
3467 2631 3568 2686 οὐκ
3621 2629 3818 2696 ἐντελὴς,

2213 2715 2337 2772 οὒδὲ
2367 2719 2666 2795 ἀκραιφνὴς
2689 2719 2779 2774 καὶ
2811 2715 3042 2796 ἀκριϐὴς
3074 2721 3162 2776 καὶ
3195 2719 3586 2798 διηρθρωμένῃ
3617 2727 3720 2785 τοῖς
3739 2717 3822 2773 δαίο

2218 2829 2372 2880 μοσιν
2420 2811 2454 2878 ὴ
2500 2811 2707 2878 νοήσις,
2759 2806 2887 2865 οὔτε
2929 2813 2964 2881 ἡ
2999 2808 3305 2887 διορατική,
3341 2808 3471 2868 οὔτε
3500 2816 3534 2882 ἡ
3569 2811 3745 2880 λοιπή,
3769 2808 3824 2868 ὡς

2215 2895 2385 2968 δῆλον
2413 2898 2643 2972 πέφηνεν
2674 2898 2731 2953 ἐκ
2759 2897 3010 2968 πολλῶν,

2287 2987 2352 3044 κ’.
2383 2989 2498 3043 Ἵνα
2528 2985 2586 3040 δὲ
2613 2989 2713 3056 τήν
2769 2984 3087 3062 ὑϐριστικὴν
3141 2988 3526 3068 φαυλοτομίαν
3565 2989 3652 3046 καὶ
3679 2986 3824 3045 ἂλλως

2217 3073 2806 3151 παραδειγματίσαντες
2880 3076 3266 3154 ἆπελέγξωμεν
3305 3126 3320 3149 ,
3420 3081 3530 3157 οὐχ
3612 3074 3824 3154 ὑϐριστα-

2221 3165 2438 3227 θοῦντες
2495 3165 2669 3233 αὐτοὶ,
2731 3164 2877 3221 ἀλλὰ
2917 3172 3024 3222 τῶν
3079 3163 3347 3244 ὑϐριστῶν
3411 3165 3821 3246 ὑπεραισχυνιὴιι-

2220 3275 2327 3323 νοι,
2389 3253 2478 3309 καὶ
2534 3253 2810 3319 ἐλεοῦντες
2867 3255 3083 3328 αὐτοὺς,
3142 3254 3290 3332 εἷίπερ
3359 3259 3478 3314 ἀντὶ
3536 3262 3629 3314 τοῦ
3682 3253 3822 3311 λαλεῖν

2221 3343 2597 3419 ἀνθρωπίνως,
2658 3345 2732 3406 ὡς
2783 3345 2814 3402 ὁ
2862 3345 2991 3407 Θεὸς
3037 3347 3185 3420 ἡμᾶς
3215 3343 3417 3418 ἔταξεν,
3451 3349 3565 3403 εἶτα
3597 3343 3822 3422 βαύζουσι.

2209 3431 2676 3498 καθυλακτοῦντες
2743 3438 2852 3489 τῶν
2929 3433 3220 3510 ἀδελφῶν,
3279 3438 3381 3492 ὅσα
3447 3435 3588 3511 μηδὲ
3642 3431 3820 3497 οἴδασιν,

2213 3520 2358 3578 ἀλλὰ
2412 3522 2737 3598 πανούργως
2768 3521 3122 3580 πλάττονται⁵
3154 3523 3436 3598 μεθοδεύω
3467 3528 3566 3595 τὴν
3617 3522 3819 3580 διδασκαο

2213 3610 2333 3666 λίαν
2392 3611 2482 3666 καὶ
2535 3609 2744 3675 ἄλλως.
2805 3610 2948 3670 Ἰδοὺ
3007 3612 3194 3688 ἐρωτῶ
3251 3616 3395 3690 πρὸς
3426 3614 3686 3690 διάκρισίν
3731 3629 3820 3665 τινα

2210 3706 2318 3756 τῶν
2375 3722 2434 3756 τε
2489 3700 2890 3775 ἐπαινούμενων
2949 3701 3038 3758 καὶ
3086 3701 3158 3758 δι’
3185 3705 3317 3760 αὐτὸ
3359 3703 3698 3781 φιλουμὲνων
3732 3703 3819 3756 τοῖς

2212 3788 2491 3867 ἐχέφροσι,
2550 3790 2641 3845 καὶ
2683 3796 2791 3846 τῶν
2840 3793 3079 3865 ψεκτὲων
3129 3793 3220 3848 καὶ
3256 3791 3346 3848 διὰ
3375 3794 3539 3850 τοῦτο
3597 3788 3819 3872 φευγομέ·

2211 3900 2314 3932 νων
2344 3884 2460 3941 τοῖς
2509 3881 2643 3954 ὀρθὰ
2690 3885 3002 3957 φρονοῦσινο
3055 3881 3158 3958 ἇρά
3202 3904 3264 3957 γε
3305 3883 3480 3940 καλὸν
3532 3885 3559 3938 ὁ
3609 3881 3818 3943 gmw“;

2213 3969 2436 4042 Ἐρεῖτε,
2491 3971 2705 4031 πάντως
2760 3969 2932 4032 οὕτως
2989 3965 3136 4047 ἔχειν
3189 3972 3252 4027 τὸ
3308 3980 3562 4050 πρᾶγμα·
3603 3971 3685 4026 καὶ
3733 3966 3818 4022 τοί·

2211 4077 2302 4110 νυν
2351 4057 2513 4110 κακὸν
2573 4058 2636 4111 τὸ
2695 4057 2931 4113 ἐναντίον
2993 4061 3022 4112 ὁ
3079 4060 3271 4135 ψόγος.
3329 4061 3391 4115 Τί
3449 4061 3541 4116 οὖν
3593 4062 3652 4115 τὸ
3689 4054 3818 4111 καλὸν

2213 4143 2477 4220 ἀφιέντες,
2529 4147 2664 4221 πρὸς
2721 4151 2801 4218 τῷ
2856 4151 3006 4219 κακῷ
3061 4146 3262 4223 ἔχομεν
3294 4149 3386 4204 τὸν
3433 4151 3596 4220 νοῦν;
3646 4145 3700 4202 Τί
3749 4140 3819 4206 δέ;

2212 4232 2378 4288 καλὸν
2454 4235 2488 4303 ἡ
2569 4234 2920 4310 εὗχαριστία;
3001 4237 3344 4310 Παρακύπτω
3405 4239 3482 4301 εἷς
3536 4239 3628 4302 τὰς
3677 4231 3820 4308 ψυχὰς

2212 4321 2388 4395 ὑμῶν,
2421 4323 2510 4377 καὶ
2547 4324 2735 4397 βλέπω
2766 4327 3189 4398 κατατιθεμὲνας
3246 4325 3410 4390 αὐτὰς
3441 4328 3530 4382 καὶ
3575 4326 3646 4388 εἷς
3673 4325 3818 4386 τοῦτο,

2210 4411 2566 4474 ἀνανευοόσας
2626 4410 2683 4467 δὲ
2729 4413 2921 4470 αὐτίκα
2973 4413 3048 4476 εἷς
3097 4416 3160 4470 τὸ
3210 4417 3309 4486 τὴν
3359 4415 3670 4493 ἀχαριστίαν
3717 4411 3818 4466 εἶναι

2208 4500 2398 4557 καλόν.
2452 4501 2600 4556 Διατί
2647 4501 2826 4556 τοίνυν
2874 4504 2977 4558 οὐκ
3018 4501 3295 4559 αἰδοῦνται
3325 4506 3378 4560 οἱ
3409 4504 3705 4581 ἀχάριστοι,
3751 4495 3818 4551 τὸν

2211 4588 2416 4644 Ἰούδαν
2469 4590 2760 4661 ζηλοῦντες
2794 4638 2808 4661 ,
2873 4593 2932 4654 ὃς
2992 4591 3409 4669 ἐκληρονόμησε
3454 4599 3551 4650 τοῦ
3605 4587 3815 4646 τοιούτου

445 4676 548 4732 bat
575 4677 785 4748 gratia,
822 4678 1072 4752 inquies,
1105 4698 1137 4736 (ι
1185 4682 1412 4753 ingrate
1462 4685 1678 4739 anime.
1713 4688 1780 4739 Et
1823 4685 1920 4740 tali
1955 4702 2097 4756 pon-

2215 4678 2424 4754 φαῦλου
2473 4679 2743 4752 ὀνόματος
2784 4687 2901 4736 κατ’
2949 4680 3256 4757 ἐξαίρετον;
3321 4681 3494 4740 Ἀλλὰ
3540 4677 3727 4737 ὀϐολοῦ
3764 4673 3813 4740 ἦν

444 4765 582 4822 dere
607 4767 863 4838 teipsum
881 4771 1288 4839 appende,non
1316 4775 1508 4827 solum
1531 4790 1697 4845 aequa
1724 4773 1888 4830 lance
1908 4779 2100 4830 tecum

381 4927 386 4932 _
446 4855 838 4926 ponderatum
919 4858 1136 4928 pariter
1213 4860 1496 4930 invenies,
1558 4863 1658 4917 sed
1731 4867 1788 4918 et
1853 4865 2103 4935 graviter

448 4949 820 5014 praestantem
871 4947 1133 5004 obolum.
1169 4950 1236 5004 Et
1292 4952 1374 5005 sic
1433 4968 1547 5006 non
1606 4952 1847 5024 indigne
1907 4955 2034 5024 fert,
2068 4971 2100 5009 ο

443 5031 617 5088 homo
643 5033 750 5104 (ita
800 5035 1202 5108 appretisnde)
1254 5038 1420 5094 nihili
1463 5040 1620 5112 paris
1679 5043 1954 5112 ponderis
2000 5051 2101 5113 qui

441 5119 660 5176 donum
718 5123 1010 5195 recepisti,
1070 5127 1393 5196 praesertim
1444 5127 1490 5182 si
1565 5130 1803 5184 omnino
1863 5129 2099 5184 divitem

440 5210 648 5266 mundi
697 5211 1003 5268 dominum
1051 5216 1422 5285 conspexeris
1471 5221 1650 5272 Deum
1685 5217 1930 5273 minutis
1962 5219 2103 5274 duo-

435 5299 548 5356 bus
579 5304 921 5357 contentum
966 5307 1023 5357 et
1080 5311 1241 5374 grate
1297 5306 1593 5374 affectum,
1630 5323 1734 5361 nec
1792 5309 2099 5378 parvipcn~

434 5388 668 5445 dentem
719 5406 824 5446 nec
872 5391 1057 5446 vidua:
1108 5401 1474 5450 aversantrm
1521 5413 1763 5450 manum
1799 5413 1916 5467 qua
1947 5398 2101 5451 dona

435 5493 614 5548 parva
639 5479 754 5550 ipsi
788 5482 1088 5552 proposita
1140 5488 1300 5554 sunt,
1353 5501 1469 5538 non
1520 5484 1747 5540 minuta
1780 5484 2098 5540 aestimanti

436 5564 706 5622 mulieris
738 5569 1185 5640 munusculum,
1237 5574 1339 5628 sed
1393 5572 1836 5645 simplicitatem
1870 5577 1927 5629 et
1957 5590 2098 5630 con—

435 5652 771 5722 gruentiam
802 5655 995 5728 ipsius
1027 5659 1416 5716 benedicenti.

509 5777 531 5811 ⁸
555 5776 727 5834 Joan.
758 5795 874 5848 xxx,
905 5782 962 5850 6,

2212 4769 2330 4839 ἀξία
2356 4771 2389 4838 ἡ
2439 4771 2625 4846 χάρις,
2677 4769 2840 4848 φαίης
2891 4770 2973 4841 ἂν,
3027 4771 3072 4825 ὧ
3101 4771 3386 4848 ἀχάριστε.
3423 4773 3520 4828 Καὶ
3551 4770 3814 4842 στάθμησον

2209 4858 2393 4913 ἑαυτὸν
2455 4857 2700 4923 ἐνταῦθα’
2779 4861 2866 4914 καὶ
2946 4859 3076 4922 ἴσως
3147 4863 3394 4936 εὑρήσεις
3465 4861 3562 4917 οὐκ
3628 4859 3813 4919 ἀντιση-

2208 4952 2400 5003 κοῦντα
2462 4947 2625 5022 μόνον
2685 4948 2772 5004 ἐπὶ
2833 4948 2936 5018 σοὶ,
2995 4948 3140 5005 ἀλλὰ
3194 4951 3285 5005 καὶ
3329 4949 3648 5007 καθέλκοντα
3698 4942 3811 5020 ῥοπῇ

2215 5038 2405 5114 βαρείᾳ
2429 5039 2518 5092 τὸν
2574 5033 2797 5094 ὀϐολόν.
2849 5038 2948 5094 Καὶ
2984 5039 3156 5103 οὕτως
3185 5039 3286 5095 οὐκ
3314 5039 3373 5096 ἂν
3435 5038 3752 5115 δυσχερανεῖ(
3791 5028 3812 5081 δ

2212 5127 2412 5199 (θετέον
2448 5127 2643 5201 οὕτως)
2672 5121 2977 5199 ὁὸολιαῖος,
3014 5127 3304 5204 ἰσόρροπον
3337 5125 3480 5204 ἔχων
3511 5124 3718 5204 δωρεὰν,
3744 5115 3810 5174 καὶ

2215 5213 2457 5288 μᾶλλον,
2493 5216 2538 5270 εί
2580 5218 3037 5291 προσενθυμηθῇς
3082 5219 3173 5274 τὸν
3220 5217 3600 5291 παμπλούσιον
3644 5227 3811 5280 κοσμο-

2211 5303 2475 5376 δεσπότην
2509 5308 2635 5361 Θεὸν
2671 5303 2892 5368 λεπτοῖς
2925 5303 3072 5362 δυσὶν
3106 5307 3449 5382 ἀρκεσθέντα,
3490 5306 3575 5363 καὶ
3617 5300 3810 5379 χαρέντα

2209 5396 2294 5448 καὶ
2330 5397 2404 5467 μὴ
2439 5393 2889 5465 ἐξουδενώσαντα,
2927 5394 3068 5469 μηδὲ
3095 5397 3194 5465 τήν
3224 5404 3325 5467 τῆς
3359 5406 3536 5475 χέρας
3589 5395 3811 5475 ἀποστρας

2209 5483 2369 5560 φέντα
2400 5490 2582 5558 χεῖρα,
2619 5481 2688 5538 δι’
2736 5488 2802 5554 ἧς
2856 5483 3032 5560 δωρεά
3063 5487 3267 5562 σμικρὰ
3295 5469 3554 5563 πρδετὲθη
3587 5469 3804 5563 αὐτῷ’,Ῡῦ

2208 5559 2675 5646 λεπτολογήσαντι
2722 5574 2784 5629 τὸ
2834 5559 3209 5651 σμικρολόγον
3256 5559 3360 5646 τῆς
3407 5571 3664 5650 γυναικὸς,
3707 5559 3804 5620 ἀλλ’

2209 5659 2561 5739 εὐλογήσαντι
2617 5663 2680 5718 τὸ
2741 5662 2831 5720 καὶ
2881 5663 3087 5720 ἁπλοῦν
3147 5664 3357 5736 ἐκείνης
3407 5666 3492 5720 καὶ
3543 5659 3798 5736 εὔγνωμον-
