4066 6356
285 475 443 535 1049
1084 455 1108 474 °

351 606 452 660 κα’.
506 605 625 660 Ἔτει
685 605 1091 678 προσεπερωτῶ
1129 618 1140 632 ·

282 694 483 760 θεύειν,
514 693 549 760 ἢ
609 690 935 765 ψεύδεσθαι;
982 688 1141 746 Ἀλλ’
1201 688 1422 744 ἐνταῦθα
1467 687 1578 742 .ούκ
1634 687 1880 760 ἀνέχεται
1913 685 1940 738 6

279 785 433 852 Θεὸς,
468 785 503 851 ἡ
539 780 930 851 αὐτοαλήθεια,
965 779 1260 852 σκέψασθαι
1298 779 1434 852 ὑμᾶς
1472 777 1568 845 τήν
1631 775 1944 850 ἀπόκρισιν,

287 870 415 927 ἀλλ’
449 870 738 945 οὐρανόθεν
803 871 905 944 βοᾷ
963 868 1276 939 ἐξάκουστον
1307 866 1436 922 ’καὶ
1494 866 1650 939 ὑμεῖς
1703 862 1943 930 ἀκούετε,

277 961 370 1016 καὶ
428 960 705 1014 πιστεύετε
755 961 855 1028 τήν
917 956 1174 1028 ἀλήθειαν
1226 956 1546 1030 ἐπίπροσθεν
1578 955 1732 1024 εἶναι,
1764 948 1944 1026 ὥσπερ

279 1055 379 1104 τοῦ
414 1047 701 1121 δαίμονος,
726 1047 867 1101 οὕτω
918 1046 1007 1101 καὶ
1066 1051 1164 1100 τοῦ
1217 1044 1417 1099 ἐκεῖθεν
1473 1047 1642 1098 κακοῦ
1700 1041 1945 1117 ἐκγόνου,

279 1144 382 1194 τοῦ
441 1135 750 1212 ψεύδεσθαι.
807 1135 876 1192 Ei’
928 1139 1055 1210 γοῦν
1117 1136 1311 1209 ἀγαθὸν
1372 1135 1407 1202 ἡ
1459 1132 1710 1202 ἀλήθεια,
1741 1129 1793 1186 τί
1850 1133 1946 1183 τοῦ

281 1225 520 1302 ψεύδους
551 1225 835 1299 γινόμεθα,
865 1224 955 1280 καὶ
1015 1223 1076 1278 ού
1134 1223 1302 1297 λέγω,
1333 1225 1428 1277 τοῦ
1483 1221 1532 1274 ἐν
1571 1219 1778 1296 ῥήμασι
1843 1218 1947 1291 μό-

281 1338 428 1388 νοις,
462 1314 608 1371 ἀλλᾶι
653 1315 878 1370 καὶτοῦ
937 1313 987 1368 ἐν
1048 1311 1229 1389 ἔργοις
1287 1313 1365 1374 ὡς
1412 1310 1686 1384 μάλιστα;
1719 1310 1814 1377 Μὴ
1845 1308 1946 1383 γάρ

289 1428 372 1468 τις
413 1406 633 1474 οἰέσθω,
667 1404 720 1459 ἐν
757 1404 945 1476 μόνοις
979 1403 1166 1477 λόγοις
1216 1399 1644 1477 περιγεγράφθαι
1704 1400 1766 1454 τὸ
1819 1401 1946 1472 ψεῦ-

290 1493 399 1559 δος·
434 1492 560 1550 ἀλλ’
623 1493 932 1564 ἐπιστήμην
996 1493 1170 1567 ἐχέτω
1229 1491 1337 1566 οὐχ
1392 1490 1588 1559 ἥκιστα
1645 1489 1732 1543 καὶ
1768 1483 1950 1562 ἔργοις

290 1589 408 1646 τοῖς
484 1583 602 1637 κατ’
655 1579 937 1658 ἄνθρωπον
1020 1579 1442 1657 ἐγκατεσπάρθαι
1523 1578 1586 1633 τὸ
1643 1574 1947 1650 ψεύδεσθαι.

295 1675 392 1729 Καὶ
457 1671 638 1746 ὥσπερ
689 1691 773 1733 τις
825 1668 1172 1746 εύτροπέλως
1231 1668 1320 1724 καὶ
1397 1666 1586 1738 δεξιῶς
1657 1665 1948 1741 ἐθεώρησε,

293 1764 386 1818 τὸν
425 1761 678 1816 σόλοικον
710 1758 995 1836 ἄνθρωπον
1027 1760 1128 1814 οὐκ
1161 1759 1212 1814 ἐν
1249 1758 1398 1832 μόνῳ
1421 1762 1500 1830 τῷ
1537 1755 1724 1813 λαλεῖν
1758 1755 1792 1824 ἢ
1824 1756 1950 1830 γρά-

296 1872 410 1930 φειν
468 1847 837 1913 ἐνδείκνυσθαι
893 1850 954 1904 τὸ
1012 1850 1129 1904 κατ’
1189 1848 1348 1903 αὐτὸν
1408 1845 1714 1924 ἐφάμαρτον
1765 1849 1947 1915 τοῦτο,

294 1938 439 1994 ἀλλὰ
507 1937 597 1991 καὶ
669 1936 1079 2012 ἐγκατανεύσεσι
1158 1936 1249 1990 καὶ
1323 1933 1624 1989 ἀνανεύσεσι
1697 1933 1787 1987 καί
1841 1953 1949 1987 τισι

291 2027 587 2088 τοιούτοιςο
623 2025 765 2081 οὕνω
793 2026 884 2080 καὶ
941 2027 1040 2094 τὴν
1087 2024 1352 2099 ἁμαρτίαν
1401 2028 1501 2078 τοῦ
1545 2019 1774 2096 ψεύδους
1832 2020 1944 2077 ἔστι

292 2121 432 2172 νοεῖν
495 2116 861 2191 μεριζομένην
922 2113 998 2176 ε⁹ίς
1063 2135 1120 2169 τε
1165 2111 1555 2188 ψευδολογίαν,
1587 2111 1676 2166 καὶ
1733 2110 1809 2172 εἷς
1870 2109 1944 2172 ὠς

297 2203 468 2266 οὕτως
529 2203 699 2258 εἴπεῖν
786 2200 1204 2278 ψευδοπραξίαν.
1264 2204 1350 2264 Ὠς
1427 2202 1530 2276 γὰρ
1608 2198 1858 2274 ψεύδεται
1919 2201 1947 2254 6

301 2293 444 2350 ἄλλα
479 2293 572 2365 μὶν
605 2294 890 2370 προφέρω-ο
935 2291 1201 2367 χείλεσιν,
1234 2288 1379 2346 ἄλλα
1420 2288 1477 2345 δὲ
1529 2287 1947 2366 βυσσοδομεύων

301 2382 438 2438 κατὰ
495 2383 704 2458 ψυχὴν,
749 2381 837 2436 καί
891 2381 1214 2456 ἀσύμφωνον
1271 2377 1464 2437 λαλιὰν
1526 2378 1776 2454 προάγων
1837 2383 1951 2439 τοῖς

307 2469 809 2547 ἐνδομυχουμένοις
839 2472 1130 2543 νοήμασιν,
1165 2470 1226 2524 οὗ
1274 2467 1339 2538 δή
1391 2469 1734 2546 φαυλοτάτου
1791 2467 1951 2541 σπέρ-

308 2581 476 2633 ματος
504 2560 935 2636 πρωτογέωργος
964 2561 992 2614 6
1021 2563 1137 2620 τοῖς
1170 2557 1463 2633 γενάρχαις
1503 2559 1664 2630 ἡμῶν
1733 2551 1953 2611 ἐπιϐου-

305 2648 654 2721 λευσάμενος·
718 2647 862 2702 οὕτω
917 2648 1010 2715 κύ
1067 2649 1096 2702 6
1152 2649 1402 2721 πράττων
1480 2647 1571 2720 μὲν
1654 2646 1830 2721 ἀγαθὰ
1900 2644 1952 2700 ἐν

307 2739 683 2814 προσχήματι,
713 2738 1064 2811 τεχνώμενος
1111 2733 1169 2790 δὲ
1220 2733 1310 2790 διὰ
1363 2742 1462 2804 τῆς
1524 2732 1789 2805 δοκούσης
1832 2733 1956 2810 ἀρι-

309 2827 628 2900 στοπραξίας
658 2827 725 2880 τὰ
756 2825 808 2880 ἐν
835 2824 1041 2901 ὑστέρῳ
1081 2824 1350 2900 χείριστα.

373 2915 480 2989 κβ·
515 2915 614 2970 Καὶ
646 2914 988 2992 προκατῆρξε
1039 2915 1132 2986 μὲν
1181 2917 1352 2968 κακοῦ
1404 2911 1657 2967 τοιούτου
1704 2913 1731 2966 6
1788 2910 1953 2988 φιλή-

306 3024 398 3066 σας
436 3005 710 3077 μαθητής,
746 3005 857 3058 εἶτα
897 2999 1134 3078 προδοὺς
1185 3003 1275 3058 τὸν
1341 3002 1642 3078 ὑπέρσοφον
1693 2999 1956 3056 Διδάσκα-

303 3091 421 3149 λον.
477 3092 811 3166 Μιμούμεθα
861 3088 918 3146 δὲ
949 3088 1459 3166 φαυλοδιδάσκαλον
1506 3090 1706 3146 ἐκεῖνον
1752 3091 1842 3146 καὶ
1903 3091 1954 3144 οἱ

295 3183 433 3255 πρὸς
464 3183 625 3236 αὑτὸν
681 3180 1095 3254 ἐξομοιούμενοι
1123 3186 1241 3243 ταῖς
1291 3183 1577 3254 μιμήσεσι.
1611 3181 1802 3236 Φιλεῖν
1851 3181 1953 3256 γάρ

295 3291 427 3326 ποτε
481 3269 570 3325 καὶ
624 3269 781 3325 αὐτοὶ
836 3267 1128 3343 δοκοῦμεν,
1187 3273 1612 3345 προσκυνοῦντες
1681 3270 1773 3342 μὲν
1831 3290 1954 3323 συν-

1307 467 1690 528 EPISTOLA
1735 465 1837 526 AD
1881 464 1986 525 TH
1999 463 2698 524 ESSALONICENSES.

1199 599 1428 674 πότερον
1485 597 1738 665 κάλλιον,
1799 594 1938 664 ἀλη-

2121 597 2212 651 21.
2244 595 2450 651 Adhuc
2506 595 2822 668 interrogo,
2857 596 3056 648 utrum
3117 591 3450 663 pulchrius,
3492 590 3705 646 verita-

3547 457 3706 519 1050

2049 693 2247 745 temne
2294 705 2366 743 an
2429 685 2804 743 mendacium
2857 686 3050 741 dicere
3077 685 3105 739 ?
3134 685 3241 739 Sed
3292 684 3391 738 hic
3423 701 3538 738 non
3567 682 3709 738 sinit

2050 777 2227 844 Deus,
2257 777 2478 831 veritas
2531 776 2683 848 ipsa,
2734 791 2997 846 quaerere
3048 791 3151 829 vos
3198 788 3570 844 responsum,
3604 773 3706 828 sed

2053 867 2123 922 de
2153 865 2293 921 cmlo
2343 865 2558 921 clamat
2605 865 2762 920 clara
2817 879 2995 919 voce:
3030 865 3089 918 et
3130 879 3232 918 vos
3264 862 3462 917 audite
3495 865 3551 916 et
3579 878 3707 916 cre-

2055 956 2174 1011 dite
2237 956 2309 1012 ob
2371 955 2570 1010 oculos
2637 959 2865 1010 vestros
2934 952 3187 1025 positam
3255 951 3585 1019 veritatem,
3653 954 3711 1006 et

2055 1043 2239 1099 solius
2297 1042 2580 1097 daemonis
2638 1058 2768 1097 esse
2827 1041 3159 1112 pariterque
3215 1039 3345 1109 ejus
3395 1037 3558 1110 pravi
3602 1039 3709 1093 ﬁlii

2057 1131 2432 1187 mendacium
2491 1130 2701 1186 dicere.
2762 1130 2822 1185 Si
2871 1145 3006 1201 ergo
3067 1128 3285 1182 bonum
3344 1127 3582 1197 veritas,
3614 1127 3709 1183 cui

2046 1220 2346 1276 mendacii
2377 1219 2482 1275 ﬁlii
2513 1220 2710 1288 fimus,
2747 1237 2862 1274 non
2921 1219 3048 1274 dico
3096 1221 3328 1274 tantum
3358 1217 3574 1283 verbis,
3607 1217 3709 1272 sed

2057 1311 2235 1367 etiam
2303 1309 2623 1382 praesertim
2722 1308 3050 1381 operibus?
3112 1307 3340 1363 Etenim
3436 1322 3508 1362 ne
3575 1306 3710 1378 quis

2059 1404 2226 1472 putet
2277 1400 2335 1453 in
2387 1398 2527 1454 solis
2585 1399 2955 1454 sermonibus
3015 1396 3420 1453 circumscribi
3460 1397 3711 1452 menda-

2058 1490 2238 1555 cium,
2271 1489 2370 1544 sed
2423 1492 2788 1560 compertum
2847 1487 3081 1555 habeat,
3124 1503 3238 1541 non
3289 1485 3487 1540 minus
3543 1489 3600 1540 et
3647 1485 3707 1539 in

2058 1577 2335 1650 operibus
2366 1577 2676 1633 hominum
2725 1592 3112 1648 conspersum
3162 1573 3412 1631 inveniri
3461 1575 3710 1630 menda-

2060 1668 2238 1722 cium.
2271 1667 2344 1723 Et
2391 1667 2886 1738 quemadmodum
2933 1664 3125 1736 lepide
3175 1664 3416 1736 quidam
3461 1667 3519 1719 et
3556 1667 3713 1719 recte

2057 1755 2786 1827 consideravit,inquinate
2809 1754 3147 1825 loquentem
3179 1753 3480 1809 hominem
3512 1770 3626 1809 non
3651 1753 3710 1809 in

2061 1846 2203 1902 solis
2231 1846 2426 1902 verbis
2457 1862 2561 1901 seu
2593 1843 2832 1916 scriptis
2882 1843 3164 1899 mendosa
3196 1841 3485 1909 emittere,
3524 1841 3626 1896 sed
3658 1843 3715 1897 et

2061 1936 2304 1992 nutibus
2336 1933 2802 2006 approbantibus
2831 1937 2888 1988 et
2919 1931 3276 2004 negantibus
3305 1934 3364 1986 et
3393 1929 3713 1998 similibus,

2059 2026 2144 2080 sic
2172 2029 2230 2081 et
2261 2023 2552 2080 mendacii
2584 2022 2794 2078 vitium
2853 2022 3159 2078 sciendum
3219 2020 3371 2092 quod
3425 2018 3621 2075 locum
3656 2022 3714 2075 et

2055 2113 2115 2168 in
2149 2114 2296 2170 falsa
2325 2113 2559 2185 loquela
2589 2112 2825 2177 habeat,
2858 2113 2934 2178 et,
2965 2114 3032 2165 ut
3082 2109 3166 2165 ita
3217 2108 3433 2179 dicam,
3465 2108 3525 2162 in
3560 2107 3709 2163 falsa

2058 2203 2307 2259 actione.
2349 2201 2856 2267 Quemadmodum
2905 2199 3063 2255 enim
3109 2198 3392 2254 mentitur
3439 2197 3537 2269 qui
3595 2196 3714 2253 alia

2057 2293 2231 2347 labiis
2264 2293 2505 2362 profert,
2537 2291 2655 2346 alia
2704 2306 2839 2345 vero
2891 2289 3048 2344 intra
3095 2287 3353 2344 animam
3401 2286 3714 2359 excogitat,

2061 2386 2121 2436 et
2149 2381 2453 2436 dissonam
2483 2379 2778 2452 loquelam
2812 2396 2845 2434 a
2875 2378 3052 2434 rebus
3083 2395 3231 2449 quas
3284 2378 3480 2434 anima
3509 2376 3712 2431 molita

2062 2474 2154 2527 est
2179 2471 2472 2535 emittens,
2506 2470 2677 2539 cujus
2705 2467 3135 2541 perversissimi
3167 2465 3454 2539 germinis
3487 2465 3714 2538 primus

2064 2561 2257 2616 cultor
2285 2559 2381 2616 ille
2438 2559 2537 2631 qui
2597 2560 2881 2614 adversus
2920 2557 3142 2628 primos
3174 2559 3448 2628 parentes
3478 2560 3711 2611 nostros

2066 2649 2441 2712 machinatus
2466 2652 2591 2717 est;
2617 2648 2702 2704 sic
2723 2651 2780 2704 et
2811 2647 2914 2720 qui
2943 2645 3001 2702 in
3025 2645 3219 2719 specie
3244 2647 3398 2702 bona
3415 2650 3712 2717 operatur,

2065 2741 2306 2797 molitur
2334 2755 2468 2795 vero
2501 2739 2611 2795 sub
2663 2737 2872 2810 optimi
2921 2735 3114 2808 operis
3143 2735 3489 2808 apparentia
3527 2735 3714 2806 pessi-

2066 2848 2164 2887 ma
2194 2827 2469 2902 quaelibet
2497 2827 2555 2882 in
2589 2831 2913 2899 posterum.

2133 2920 2224 2974 22.
2255 2919 2324 2974 Et
2353 2916 2578 2990 primus
2626 2932 2770 2972 usus
2827 2919 2919 2972 est
2972 2913 3113 2970 mali
3172 2913 3353 2985 hujus
3410 2913 3716 2985 preceptis

2066 3007 2430 3080 discipulus:
2466 3005 2724 3078 primum
2776 3005 3080 3062 osculatus
3134 3008 3242 3074 est,
3275 3002 3486 3059 deinde
3515 3007 3712 3058 autem

2065 3097 2442 3155 excellentem
2493 3095 2751 3168 prodidit
2798 3094 3164 3165 Magistrum.
3211 3097 3555 3149 Perversum
3585 3109 3718 3148 vero

2065 3187 2415 3260 magistrum
2449 3185 2616 3240 illum
2651 3184 2972 3251 imitemur,
3006 3182 3230 3240 similes
3271 3181 3357 3237 illi
3387 3181 3720 3238 simulatio-

2067 3277 2252 3333 nibus
2289 3274 2444 3330 facti.
2479 3274 2626 3331 Nam
2678 3279 2735 3328 et
2800 3273 3119 3345 aliquando
3172 3287 3370 3328 amare
3426 3271 3722 3339 videmur,

300 3365 567 3428 αντῶντα,
626 3359 716 3414 καὶ
786 3357 978 3435 ἱλαρὸν
1056 3357 1538 3435 προσμειδιῶντες,
1595 3359 1686 3414 καὶ
1761 3378 1950 3435 χειρα-

2064 3371 2120 3423 et
2146 3369 2281 3422 ante
2309 3363 2545 3420 obvium
2591 3377 3026 3434 quemcumque
3078 3361 3510 3433 prosternimur
3548 3364 3605 3416 et
3635 3358 3722 3415 hi-

297 3453 622 3524 γωγοῦντες,
687 3447 732 3504 ε⁹ί
784 3469 888 3503 που
970 3445 1171 3520 δεήσει,
1231 3447 1321 3502 καὶ
1407 3445 1806 3523 ποδηγοῦντες,
1865 3447 1955 3502 καὶ

299 3537 766 3613 έπιχορηγοῢντες
819 3538 887 3592 τὰ
945 3535 1303 3591 ἐλλείποντα·
1343 3538 1534 3612 μικρὸν
1569 3534 1629 3590 δὲ
1684 3535 1807 3592 ὅσον
1865 3537 1956 3592 καὶ

299 3626 507 3682 τούτων
591 3627 806 3682 πάντων
895 3623 1372 3698 ἐκλανθανόμενοι,
1447 3627 1514 3680 τὰ
1584 3623 1712 3702 ἔργα
1782 3626 1959 3681 ἐκεῖνα

300 3713 633 3790 ψευδόμεθα,
714 3716 1246 3790 πανουργευσάμενοι
1343 3713 1472 3777 τοὺς
1544 3714 1955 3785 πιστεύσαντας,

301 3803 429 3858 ὡσεὶ
481 3804 572 3858 καὶ
627 3799 865 3878 ὄρνιθας,
901 3801 992 3865 οὓς
1041 3804 1092 3858 οἱ
1154 3803 1383 3877 θηραταὶ
1415 3803 1722 3872 ἁλίσκουσι,
1753 3801 1956 3880 θέλγη-

303 3913 402 3964 τρα
459 3894 568 3966 πρὸ
622 3897 732 3948 τῶν
790 3890 1039 3968 παγίδων
1117 3892 1415 3966 τιθέμενοι.
1474 3892 1572 3947 Καὶ
1653 3893 1828 3948 τοίνυν
1885 3897 1955 3968 τῇ

299 3981 536 4046 ἐντεῦθεν
590 4031 593 4034 .
639 3982 940 4057 κακουργίᾳ
1032 3980 1162 4043 τοὺς
1268 3982 1362 4054 μὲν
1449 3983 1958 4056 προσκυνουμένους

296 4070 532 4134 ἐκείνους
589 4069 810 4146 ἄραντες
867 4076 976 4125 τῶν
1040 4069 1272 4139 σκελῶν,
1325 4068 1799 4147 καταρῥιπτοῦμεν
1881 4072 1958 4135 εἷς

298 4157 564 4236 ὄλεθρονθ
623 4158 752 4222 τοὺς
808 4157 865 4214 δὲ
921 4158 1322 4236 τεθαρρηκότας
1367 4160 1447 4230 τῷ
1507 4157 1823 4233 μειδιάματι
1881 4161 1954 4223 ὡς

297 4251 410 4304 οἷον
465 4247 900 4324 καταγελαστοὺς
960 4246 1327 4320 διατιθέμεθα.
1382 4245 1484 4310 Οὓς
1543 4246 1601 4303 δὲ
1658 4253 1766 4303 τῶν
1833 4269 1953 4324 χει-

299 4344 401 4414 ρῶν
460 4338 692 4415 ἤγομεν,
754 4338 1130 4416 ὑπερείδοντες
1194 4334 1773 4414 ἀποστρεϐλοῦμεν,ἢ
1835 4361 1954 4395 συν-

301 4427 511 4492 δέοντες
541 4428 728 4500 αὐτὰς,
769 4431 805 4500 ἢ
853 4428 1039 4491 ἄλλως
1087 4428 1485 4503 ἐξαρθροῦντες.
1519 4430 1625 4498 Τὴν
1673 4426 1731 4483 δὲ
1786 4427 1958 4500 ποδη-

296 4519 415 4595 γίαν
477 4518 552 4580 εἷς
611 4518 826 4589 πλάνην
889 4516 1089 4573 ἄτοπον
1174 4521 1597 4592 μεταποιοῦμεν,
1658 4518 1952 4594 παρεκνεύ-

301 4628 450 4670 οντες
508 4613 611 4676 τῆς
675 4607 863 4681 ὀρθῆς’
896 4609 959 4663 τὸ
1019 4605 1076 4664 δὲ
1124 4614 1390 4684 χορηγεῖν
1449 4608 1515 4663 τὰ
1571 4604 1839 4678 ἐνδέοντα,
1882 4608 1958 4673 εἷς

2066 3457 2184 3512 lare
2215 3454 2610 3518 subridentes,
2641 3457 2698 3508 et
2736 3468 2914 3506 manu
2969 3450 3287 3523 dirigentes
3343 3451 3390 3505 si
3440 3466 3590 3522 opus
3621 3449 3719 3516 sit,

2065 3549 2122 3602 et
2185 3545 2466 3600 ducatum
2536 3543 2883 3614 praebentes,
2945 3539 3231 3598 auxilium
3313 3541 3718 3614 superadden-

2066 3638 2155 3691 tes
2189 3635 2260 3690 de
2290 3632 2606 3706 superﬂuis
2632 3649 2646 3700 ;
2671 3635 2730 3688 et
2759 3631 2918 3687 brevi
2976 3635 3110 3703 post
3164 3631 3431 3687 omnium
3464 3630 3714 3686 istorum

2068 3723 2235 3781 obliti
2293 3722 2570 3795 operibus
2628 3721 2760 3777 istis
2817 3721 3142 3777 mentimur
3199 3736 3299 3776 eos
3357 3719 3458 3792 qui
3512 3720 3572 3774 in
3615 3737 3718 3776 no-

2066 3814 2157 3869 bis
2199 3813 2504 3869 confidunt
2561 3809 2850 3878 fallentes,
2913 3810 3068 3866 sicut
3124 3827 3278 3876 aves,
3337 3826 3486 3881 quas
3543 3825 3719 3865 vena-

2066 3907 2224 3958 tores
2251 3904 2554 3973 aucupant
2581 3899 2915 3957 illecebram
2949 3903 3084 3955 ante
3115 3899 3264 3955 retia
3293 3902 3722 3971 ponentes.lta-

2067 4009 2181 4064 que
2214 3990 2591 4062 improbitate
2649 3989 2764 4045 ista
2823 4004 2969 4061 quos
3017 3989 3259 4061 quidem
3309 3989 3569 4044 venerati
3618 4007 3722 4043 su-

2067 4097 2202 4136 mus
2261 4078 2595 4135 attollentes
2654 4077 2925 4149 pedibus,
2985 4076 3316 4148 praecipites
3368 4076 3426 4131 in
3485 4075 3716 4132 ruinam

2065 4169 2322 4236 damus;
2374 4183 2473 4223 eos
2516 4183 2652 4224 vero
2701 4166 2804 4238 qui
2852 4165 3250 4222 arridentibus
3296 4165 3465 4221 nobis
3513 4165 3721 4220 conﬁsi

1983 4321 1991 4328 _
2067 4261 2227 4325 sunt,
2258 4262 2540 4328 tanquam
2597 4256 2948 4312 deridendos
3003 4255 3308 4311 habemus.
3340 4257 3497 4320 Quos
3527 4255 3717 4311 mani-

2066 4348 2177 4403 bus
2235 4346 2653 4419 dirigebamus,
2713 4347 3155 4402 contemnentes
3199 4347 3564 4414 torquemus,
3599 4343 3720 4400 sive

2065 4436 2328 4509 ipsorum
2360 4434 2639 4490 manibus
2667 4434 2866 4506 ligatis
2919 4433 3039 4489 sive
3085 4433 3252 4488 aliter
3301 4432 3538 4489 luxatis.
3571 4433 3718 4488 Con-

2065 4527 2308 4582 ductum
2343 4540 2520 4597 quem
2553 4523 2962 4596 praabebamus
2992 4523 3052 4578 in
3081 4523 3463 4579 defectionem
3504 4540 3538 4578 a
3563 4527 3720 4578 recto

2065 4632 2241 4672 cursu
2275 4619 2642 4680 mutamus,a
2663 4616 2822 4669 recta
2840 4612 2934 4668 via
2963 4612 3339 4668 deflectentes
3366 4630 3379 4680 ;
3411 4616 3471 4667 et
3502 4611 3718 4683 quibus

297 4697 577 4774 ἀφαίρεσιν
609 4701 718 4752 τῶν
753 4697 1138 4773 ὑπαρχόντων,
1173 4692 1352 4770 ὥσπερ
1407 4696 1521 4752 οἷόν
1548 4718 1607 4752 τε
1636 4699 1726 4768 ἦν,
1762 4697 1950 4754 ἀλλοι-

2064 4703 2349 4761 auxilium
2382 4703 2799 4760 addideramus
2851 4701 2913 4756 in
2963 4718 3077 4774 quo
3109 4701 3360 4773 egebant
3391 4701 3720 4768 immutati,

298 4791 501 4860 οῦντες,
539 4799 614 4860 μή
669 4807 774 4841 που
833 4783 890 4841 δὲ
937 4786 1026 4841 καὶ
1076 4787 1150 4848 εἷς
1193 4789 1336 4856 ζωῆς
1366 4786 1534 4857 αὐτῆς
1569 4785 1952 4863 ἄποστέρησιν,

299 4875 488 4938 Οὕτως
553 4877 718 4948 ἡμεῖς
770 4875 845 4937 εἰς
900 4877 962 4930 τὸ
1010 4881 1112 4930 πᾶν
1191 4872 1520 4948 ψευδόμεθα,
1581 4872 1705 4930 οὕτε
1765 4875 1954 4950 λόγοις

301 4959 743 5029 εύθυϐολοῦντες.
806 4965 896 5019 καὶ
953 4969 1072 5026 τοῖς
1144 4959 1321 5039 ἔργοις
1381 4961 1438 5019 δὲ
1495 4960 1951 5037 σκαμϐευόμενοι,

295 5053 370 5116 ὡς
429 5052 486 5108 ἂν
546 5051 672 5129 ἔχοι
731 5053 1159 5131 καταφάσκεσθαι
1209 5055 1368 5126 ἡμῶν
1405 5053 1466 5108 τὸ
1499 5054 1782 5108 Δαυΐτικὸν
1812 5051 1951 5125 ἀλη-

294 5141 544 5214 Θέστατα,
577 5143 652 5205 ὡς
684 5166 711 5195 ‹‹
747 5142 944 5205 Πάντες
977 5139 1254 5218 ἄνθρωποί
1288 5140 1444 5215 ἐσμεν
1478 5144 1726 5217 ψεῦσται.
1765 5167 1787 5195 ι)

365 5417 462 5486 κγ’.
501 5410 596 5464 Καὶ
649 5405 765 5463 οἶδα
805 5410 899 5480 μὶν
951 5407 1219 5478 πολλοὺς,
1256 5411 1469 5482 μήποτε
1501 5407 1557 5464 δὲ
1588 5412 1675 5466 καὶ
1707 5411 1805 5484 ἐμὲ
1852 5411 1948 5466 αύ-

291 5500 387 5554 τὸν
468 5496 900 5568 ὑποὶλαλοῦντας,
981 5498 1078 5568 ὡς,
1127 5497 1241 5553 ἐπεὶ
1321 5497 1644 5575 διορατικῶς
1704 5501 1730 5554 6
1787 5500 1948 5557 Δαυῖδ

292 5590 722 5666 προεφήτευσεν,
780 5587 1066 5664 ἀμήχανόν
1126 5587 1237 5644 ἐστι
1300 5585 1570 5644 διαπεσεῖν
1625 5590 1687 5645 τὸ
1745 5589 1950 5647 ἐκείνου

370 5811 392 5844 ⁸
421 5805 572 5864 Psal.
606 5822 732 5876 cxv,
767 5808 852 5864 11.

2065 4793 2174 4849 hos
2205 4793 2264 4848 in
2296 4793 2587 4849 bonorum
2621 4791 3026 4857 amissionem,
3061 4807 3298 4846 summo
3329 4808 3462 4846 cum
3492 4790 3715 4862 impetu

2066 4881 2526 4955 prwcipitamus,
2561 4880 2807 4936 forsitan
2839 4885 2898 4936 et
2947 4879 3006 4934 in
3051 4879 3183 4936 vita:
3218 4878 3407 4952 ipsius
3459 4879 3722 4936 amissio-

2065 4988 2218 5028 nem.
2254 4971 2350 5027 Sic
2380 4987 2482 5042 per
2510 4969 2710 5026 omnia
2741 4969 3063 5026 mentimur
3105 4985 3222 5024 non
3271 4968 3464 5024 verbis
3494 4969 3562 5023 ad
3593 4984 3716 5023 rem

2062 5059 2254 5132 ipsam
2312 5059 2618 5116 tendentes
2686 5063 2744 5116 et
2814 5057 3090 5131 operibus
3147 5062 3403 5114 ﬂexuosa
3459 5061 3718 5129 agentes.

2063 5149 2210 5205 Hinc
2238 5148 2542 5204 verissime
2599 5149 2672 5204 de
2722 5147 2893 5203 nobis
2951 5146 3322 5220 praedicanda
3368 5146 3550 5202 David
3582 5162 3719 5203 sen-

2061 5237 2248 5295 tentia
2268 5239 2310 5309 ⁵,
2346 5237 2502 5310 quod
2535 5259 2562 5288 «
2623 5235 2842 5294 Omnes
2896 5235 3166 5294 homines
3223 5251 3433 5292 sumus
3475 5235 3719 5291 menda-

2062 5344 2177 5385 CBS.
2213 5346 2244 5380 ))

2130 5417 2220 5471 23.
2255 5417 2323 5472 Et
2350 5415 2480 5471 novi
2510 5414 2748 5485 quidem
2800 5413 3020 5471 multos
3052 5422 3108 5471 et
3135 5415 3382 5471 forsitan
3413 5415 3724 5486 memetip-

2062 5504 2336 5576 sum,qui
2371 5504 2513 5560 dicti
2546 5502 2810 5560 Davidici
2840 5503 3093 5577 rigorem
3126 5504 3481 5577 impugnant
3513 5521 3722 5560 secun-

2061 5597 2204 5652 dum
2237 5594 2392 5667 quod
2425 5611 2532 5650 nos
2563 5609 2769 5650 omnes
2799 5595 3113 5653 mendaces
3143 5611 3428 5652 essemus.
3463 5593 3720 5668 Ineptias
