4066 6366
272 453 432 516 ιοθε
1299 458 1678 520 EPISTOLA
1719 459 1824 519 AD
1866 457 2686 521 THESSALONICENSES.
3230 534 3236 540 ε
3535 456 3693 517 ιοιιι
3767 421 3772 426 ’

271 586 733 666 πραγματειώδης
762 591 1008 664 θάνατος,
1051 592 1080 647 6
1130 592 1398 654 ἀσπαστὸς
1426 589 1692 658 κίνδυνος,
1730 589 1877 665 μάλι‹

2085 591 2287 660 ulatio,
2313 591 2645 650 voluntaria
2675 591 2986 666 pernicies,
3010 591 3307 649 elaborata
3335 606 3689 660 mors,oscu-

269 701 339 735 τα
372 681 467 754 μὶν
500 679 591 736 οὗν
624 685 659 752 ἡ
722 683 1060 760 ἆπροόρατος
1094 684 1362 754 ἀπώλεια,
1394 685 1457 739 τὸ
1489 684 1726 756 λεληθὸς
1765 683 1874 759 χάο

2077 700 2161 739 1m
2179 686 2326 742 dans
2347 685 3032 758 periculum,prassertim
3059 688 3255 740 autem
3290 683 3683 755 improvidum

269 772 307 840 ἡ
339 771 690 846 κεκρυμμένη
727 773 905 848 παγίς,
938 774 999 828 τὸ
1046 779 1149 828 πᾶν
1199 771 1255 829 δὲ
1303 778 1694 850 συνῃρημένως
1741 771 1875 848 φάνα

2082 773 2300 843 utinm,
2333 773 2523 831 latens
2553 774 2754 843 chaos,
2809 774 3060 846 laqueus
3118 774 3466 843 abseonsus,
3525 776 3583 827 et
3639 771 3688 828 si

267 859 332 915 τὸ
365 855 628 915 δύστοκον
679 861 947 935 γέννημα,
997 861 1111 918 ἐπεὶ
1161 863 1251 918 καὶ
1303 861 1558 937 δαίμονος
1583 862 1742 924 τόκος
1772 861 1866 916 αὐτ

2079 881 2153 919 no
2184 865 2360 920 verbo
2401 865 2601 920 omnia
2657 863 3144 937 complectamur,
3212 865 3414 934 partus
3463 860 3685 930 infelix,

269 952 368 1004 τοῦ
395 949 484 1004 καὶ
518 949 831 1022 σπείραντος
862 951 953 1006 καὶ
986 947 1402 1026 συλλαϐομένου
1447 953 1538 1008 καὶ
1579 951 1875 1023 ὀιποκυήσαι

2080 952 2254 1025 uippe
2314 970 2348 1008 a
2402 953 2666 1010 daemone
2713 953 2969 1026 genitus,
3004 968 3038 1007 a
3076 968 3192 1024 quo
3251 949 3571 1007 seminatus
3629 953 3686 1005 et

267 1058 359 1100 τος
389 1038 466 1100 εἰς
494 1039 682 1093 κοινόν
714 1039 901 1096 κακόν.

2083 1046 2350 1113 inceptus
2379 1047 2436 1098 et
2465 1043 2637 1116 quasi
2670 1046 2839 1114 partu
2869 1043 3066 1099 editus
3116 1044 3208 1097 est
3239 1041 3311 1096 ad
3373 1055 3689 1096 commune

2033 1130 2258 1187 malum
2281 1174 2294 1186 .

339 1237 441 1300 κς’.
491 1233 670 1290 Ἀλλὰ
715 1239 880 1291 ταῦτα
945 1239 1038 1310 μὲν
1102 1242 1332 1294 τοιαῦτα
1378 1239 1660 1313 ψεύσματα
1704 1237 1756 1294 έν
1807 1245 1922 1302 τοῖς

2097 1237 2189 1292 26.
2216 1237 2327 1292 Sed
2360 1235 2502 1292 talia
2533 1236 2840 1294 mendacia
2881 1236 2940 1292 in
2987 1235 3330 1292 hominibus
3390 1234 3511 1290 sint
3570 1250 3683 1290 non

269 1324 371 1378 οὐκ
416 1325 638 1400 ἀγαθοῖς
685 1325 1013 1401 ἀνθρώποις,
1065 1327 1146 1390 οἷς
1206 1328 1234 1381 ὀ
1293 1329 1424 1390 Θεὸς
1475 1328 1568 1400 μὲν
1620 1327 1704 1383 ἐπ’
1733 1328 1870 1404 ἀγαθ

2078 1326 2446 1399 onis,quibus
2477 1327 2630 1382 Deus
2664 1327 2810 1382 bene
2843 1325 3094 1381 faciendi
3127 1323 3469 1380 facultatem
3502 1324 3684 1391 dedit,

267 1411 458 1469 δίδωσι
531 1413 1019 1489 περιουσιάζεσθαι,
1096 1419 1131 1486 ἡ
1213 1413 1272 1472 δὶ
1356 1417 1538 1491 φαύλη
1611 1417 1870 1494 προαίρεσ

2077 1428 2299 1470 srversa
2324 1430 2461 1468 vere
2488 1413 2756 1469 voluntas
2788 1411 3138 1469 offendicula
3168 1412 3332 1485 ponit
3362 1428 3433 1467 ne
3461 1412 3683 1467 bonum

267 1499 523 1576 ἐμποδὼν
578 1507 750 1557 κεῖται
810 1507 878 1576 τῇ
935 1505 1071 1559 κατὰ
1129 1505 1250 1582 βίον
1309 1506 1626 1582 εὖθυπορίᾳ,
1683 1512 1752 1582 τῇ
1783 1507 1873 1584 πρὶ

2072 1503 2331 1560 ramitem
2389 1503 2448 1557 in
2506 1503 2624 1558 vita
2679 1503 3006 1558 secundum
3065 1502 3164 1557 Dei
3241 1500 3678 1574 beneplacitum

264 1590 328 1645 τὸ
361 1588 580 1663 θέλημα
634 1595 732 1646 τοῦ
788 1597 944 1650 Θεοῦ.
977 1592 1116 1668 Φέρε
1142 1591 1200 1649 δὲ
1226 1593 1316 1649 καὶ
1345 1593 1486 1652 ἄλλο
1528 1597 1691 1651 κακὸν
1725 1595 1870 1669 ὅμοι‹

2075 1597 2282 1648 ervent.
2309 1593 2574 1666 Agedum
2607 1597 2664 1649 et
2691 1591 2850 1647 aliud
2880 1591 3100 1648 malum
3134 1590 3327 1647 simile
3349 1607 3382 1646 a
3404 1589 3681 1646 daemoni-

267 1676 498 1754 ἐργῶδες
543 1685 663 1742 ταῖς
724 1678 1054 1754 δαιμονῶσιν
1110 1681 1404 1755 ἐκλαλήσω
1457 1685 1604 1757 ὑμῖν,
1658 1686 1790 1760 ὅπερ
1848 1686 1873 1738 ι]

2075 1698 2144 1737 us
2176 1687 2567 1754 praeparatum
2600 1681 2765 1738 vobis
2785 1681 3260 1753 exponam,quod
3294 1678 3530 1750 quidem
3556 1695 3681 1734 ma-

264 1770 330 1824 τὰ
360 1767 545 1824 πολλᾶ
580 1769 676 1842 μὲν
705 1769 893 1847 λόγοις
934 1770 1026 1826 καὶ
1087 1771 1216 1828 αὖτό
1277 1772 1637 1848 ἐνθεωρεῖται,
1691 1774 1870 1830 ἀκολοη

2077 1771 2185 1827 ime
2214 1770 2406 1827 verbis
2437 1770 2696 1844 effulget,
2729 1774 3158 1841 consequenter
3187 1784 3317 1824 vero
3349 1784 3453 1840 per
3504 1782 3683 1839 opera

267 1868 375 1922 θως
432 1854 491 1912 δέ
542 1879 673 1913 ποτε
713 1859 803 1914 καὶ
873 1857 943 1915 δι’
1004 1859 1175 1938 ἔργων
1239 1861 1574 1940 έκφαίνεται.
1629 1863 1873 1938 Ἀρχιερέ

2077 1859 2756 1934 )nspicitur.Pontificcm
2773 1876 2876 1916 vos
2906 1856 3435 1931 impraesentiarum
3468 1855 3683 1911 habere

266 1943 414 2022 ἔχειν
447 1945 634 2023 λέγετε
688 1949 779 2003 τὸν
839 1946 982 2025 ἄρτι,
1039 1949 1138 2024 έμὶ
1197 1948 1436 2022 δηλαδή·
1492 1952 1580 2007 καὶ
1609 1951 1792 2010 καλῶς
1825 1951 1872 2007 λί

2075 1949 2246 2016 icitis,
2281 1965 2513 2021 nempe,
2547 1965 2661 2019 me,
2689 1953 2746 2005 et
2773 1949 2920 2004 bene
2951 1946 3149 2004 dicitis
3177 1972 3190 2015 ;
3243 1961 3377 2001 sum
3435 1945 3677 2017 etenim,

265 2055 407 2111 γετε.
463 2036 597 2110 Εἰμὶ
638 2037 742 2115 γὰρ
795 2036 897 2106 ἔτι,
942 2037 1037 2094 κᾶν
1093 2042 1169 2113 μή
1209 2039 1492 2117 ἐπιπρέπει)
1519 2046 1598 2114 τῷ
1627 2040 1870 2115 ἀξιώματ

2077 2049 2164 2096 cet
2192 2039 2462 2114 dignitati
2496 2040 2708 2112 impar.
2741 2039 2810 2095 Et
2840 2055 2987 2111 quos
3018 2037 3080 2094 in
3112 2041 3517 2093 antecessores
3554 2051 3683 2108 ges-

269 2125 367 2179 Καὶ
401 2125 551 2187 ὅπως
603 2127 697 2199 μὲν
753 2123 1011 2183 διέκεισθε
1063 2128 1186 2201 περὶ
1229 2128 1358 2193 τοὺς
1399 2129 1722 2208 φθάσαντας,
1783 2129 1875 2204 ἔμε

2073 2130 2189 2186 .stis
2217 2128 2468 2200 animos,
2488 2128 3028 2201 noveruntquidem
3057 2127 3140 2197 hi,
3174 2124 3530 2182 meministis
3545 2141 3679 2182 vero

267 2224 358 2277 θον
423 2214 518 2287 μὶν
570 2213 790 2287 ἐκεῖνοί,
845 2217 1122 2290 μέμνησθε
1177 2216 1236 2273 δὲ
1291 2219 1448 2293 ὑμεῖς
1483 2239 1496 2252 ·
1555 2220 1647 2274 τὸν
1708 2217 1767 2274 δὲ
1819 2225 1873 2275 νῦ

2071 2235 2148 2276 as.
2177 2219 2321 2274 Eum
2353 2223 2547 2276 autem
2576 2219 2676 2290 qui
2710 2235 2867 2274 nunc
2930 2216 3090 2284 vivit,
3144 2215 3292 2272 faxit
3346 2214 3502 2271 Deus
3560 2231 3677 2271 non

265 2304 441 2371 ζῶντα
482 2304 557 2376 μὴ
607 2304 810 2383 ἀφήσοι
858 2307 887 2360 6
941 2309 1069 2369 Θεὸς
1116 2311 1362 2362 τοιοῦτον
1415 2307 1570 2379 εἶναι,
1631 2310 1827 2364 ὁποῖον

2073 2310 2202 2367 ιιεω
2233 2327 2384 2378 esse,
2419 2308 2654 2382 qualem
2690 2311 2819 2365 'aut
2873 2311 3118 2364 censent
3172 2310 3272 2362 aut
3331 2304 3679 2378 insipienter

253 2397 466 2446 νοοῦσιν
513 2391 548 2462 ἢ
604 2398 968 2468 παρανοοῦσιν
1031 2397 1086 2451 οἱ
1133 2395 1192 2451 ἐκ
1237 2404 1428 2468 καινῆς
1477 2395 1748 2468 διαιτηταὶ
1799 2405 1859 2454 τᾶ

2069 2400 2326 2458 )mniant
2357 2400 2457 2456 isti
2489 2401 2562 2455 de
2593 2415 2740 2455 novo
2790 2397 2997 2454 arbitri
3055 2396 3194 2466 mei,
3254 2395 3476 2452 scilicet
3531 2411 3675 2466 pau-

253 2477 426 2554 έμῶν,
459 2481 488 2536 6
540 2484 786 2558 πτωχὸς,
838 2484 1006 2559 φημὶ,
1041 2484 1214 2555 Λέων,
1245 2485 1319 2548 ὡς
1348 2487 1510 2548 αὐτὸς
1539 2486 1859 2566 ἐπιγράφεται

2069 2507 2126 2545 er
2157 2490 2284 2558 Leo,
2319 2488 2476 2545 sicut
2505 2487 2630 2559 ipse
2663 2504 2726 2544 se
2756 2487 3050 2552 inscribit,
3079 2501 3253 2557 quem
3304 2483 3420 2539 nisi
3478 2483 3675 2539 Eccle-

252 2568 310 2623 ὃν
352 2569 398 2624 εί
462 2571 538 2642 μὴ
593 2572 620 2625 ὁ
672 2570 1124 2644 ἐκκλησιαστικὸς
1184 2573 1377 2637 άλετὸς
1423 2576 1706 2655 ἀπέτρεφε,
1757 2574 1858 2650 λιμ

2063 2579 2120 2634 ias
2152 2578 2429 2635 molitura
2449 2577 2724 2645 nutriret,
2760 2577 2913 2632 fame
2942 2571 3669 2644 interrisset,formicaleo,

252 2657 310 2713 ἂν
342 2657 618 2715 ἀπώλετο·
674 2661 1106 2736 μυρμηκολέων,
1155 2664 1233 2736 μή
1283 2661 1429 2739 ἔχων
1486 2667 1720 2743 τροφήν·
1772 2668 1858 2741 πρέ

2059 2668 2237 2725 ictum
2270 2684 2385 2723 non
2418 2666 2666 2733 habens,
2692 2666 2936 2736 insuper
2981 2663 3084 2735 qui
3141 2661 3469 2719 secundum
3531 2676 3665 2717 con-

253 2745 310 2803 δὶ
354 2749 446 2803 καὶ
505 2751 532 2805 6
578 2752 715 2806 κατὰ
762 2750 1066 2825 σύμπνοιαν
1137 2753 1242 2809 εἴτε
1294 2754 1472 2810 θεόθεν
1522 2752 1679 2818 δοτὸς
1732 2757 1859 2828 αὐτιξ

2061 2757 2401 2828 pirationem
2432 2756 2554 2812 sive
2575 2772 2610 2811 a
2639 2755 2756 2811 Deo
2777 2754 2952 2810 datus
2982 2757 3072 2808 est
3099 2749 3368 2824 ipsi,sive
3393 2748 3667 2818 aliunde;

253 2833 359 2891 εἷ’τε
387 2837 476 2892 καὶ
530 2835 783 2896 ἄλλοθεν
832 2837 888 2895 ο⁹ί
934 2842 1070 2896 κατὰ
1114 2846 1210 2898 τοῦ
1258 2842 1658 2914 Θεσσαλονίκης
1715 2846 1859 2921 ἀρχιι

2063 2846 2118 2901 ui
2151 2845 2222 2902 de
2248 2843 2696 2901 Thessalonices
2744 2840 3124 2915 pontificibus
3181 2838 3372 2895 verbis
3433 2838 3669 2911 negotia

254 2924 534 3000 ρατεύουσι
622 2927 1114 3005 λογοπραγοῦντες,
1186 2932 1280 2987 τὸν
1369 2931 1748 3008 ἀνεκλόγιστον
1812 2955 1860 2989 κς

2063 2938 2216 3006 gunt,
2276 2934 2348 2989 de
2385 2932 2603 3004 quibus
2660 2930 2826 2987 nulla
2879 2929 3026 2986 ratio
3082 2929 3242 3001 ipsos
3308 2927 3669 2999 reposcenda

254 3014 371 3090 βίον
440 3015 606 3072 αὐτοῦ
666 3019 755 3073 καὶ
817 3017 983 3096 λόγον
1047 3021 1136 3077 καὶ
1199 3026 1372 3095 νεῦμα
1417 3023 1506 3078 καὶ
1562 3024 1766 3098 κίνημα
1813 3047 1860 3081 κε

2059 3028 2124 3088 3t,
2157 3021 2380 3079 scilicet
2411 3022 2613 3086 vitam,
2645 3036 2911 3089 sensum,
2963 3017 3367 3090 agitationem,
3429 3031 3665 3071 omnem

246 3109 420 3160 πᾶσαν
499 3103 728 3162 διάθεσιν
807 3113 1035 3187 φυσικὴν
1124 3108 1548 3187 λογιστεύοντες.
1621 3114 1725 3171 Καὶ
1794 3114 1852 3170 οὐ

2058 3111 2313 3184 bysicam
2343 3109 2826 3183 compositionem
2859 3110 3291 3179 computantes.
3325 3105 3441 3160 Nec
3467 3103 3549 3160 ita
3571 3120 3664 3159 ac-

250 3191 424 3258 οὕτως
479 3190 825 3271 ἀκριϐοῦνται
883 3198 950 3253 τὰ
1003 3199 1118 3254 κατ’
1177 3197 1361 3264 οἷ’κους
1409 3200 1564 3258 αὐτοί
1589 3223 1649 3257 τε
1690 3203 1780 3258 καὶ
1834 3225 1856 3260 τ

2049 3205 2210 3256 urate
2232 3201 2302 3256 de
2332 3201 2507 3256 domo
2539 3216 2649 3255 sua
2678 3216 2740 3254 se
2768 3202 2983 3270 gerunt
3013 3195 3130 3268 ipsi
3188 3201 3246 3250 et
3301 3195 3373 3250 de
3430 3192 3655 3248 familia

247 3283 369 3355 περὶ
444 3282 642 3346 αὐτοὺς
719 3289 1068 3364 φρατορικὸν,
1137 3288 1212 3350 ὡς
1289 3291 1388 3358 τὴν
1441 3295 1540 3346 τοῦ
1598 3291 1853 3348 Εὐσταθίε

2059 3307 2138 3361 1a,
2165 3294 2229 3345 ut
2254 3293 2324 3347 de
2347 3289 2639 3346 Eustathii
2663 3287 2824 3344 illius
2856 3283 3375 3342 administratione
3412 3283 3665 3338 effodere

317 3341 326 3355 .
629 3341 639 3346 -
760 3341 769 3362 ,
1055 3341 1068 3356 ι
1455 3341 1534 3346 -τ-
1598 3341 1853 3348 mum-—

247 3369 446 3426 τούτου
530 3341 810 3429 πολιτείαν
893 3341 1373 3452 πολυπραγμόνως
1456 3377 1853 3436 ἀνασκάλλουσι

2057 3341 2250 3450 Εἇεῖιό
2736 3341 3427 3446 maligneindaganteszq
3438 3387 3663 3427 umnam

161 3457 170 3466 ’
235 3463 355 3522 πῶς
415 3461 510 3533 μὲν
571 3465 659 3535 ζῇ,
717 3463 1206 3540 φυλλοκρινοῦντες
1267 3468 1354 3522 οἷα
1403 3465 1461 3524 δὲ
1517 3468 1697 3539 λαλεῖ,
1747 3472 1767 3525 6

2056 3469 2183 3524 srba
2211 3467 2494 3540 loquitur,
2529 3466 2824 3539 quomodo
2858 3481 2990 3520 cum
3023 3463 3208 3520 obviis
3255 3465 3662 3532 conversatur,

239 3545 301 3604 δὶ
344 3555 461 3611 τοῖς
518 3549 939 3628 ἐντυγχάνουσιν
999 3553 1209 3628 ὁμιλεῖ,
1271 3557 1434 3612 ὁποία
1489 3555 1548 3612 δὲ
1594 3558 1784 3634 κρίνει,
1820 3561 1845 3614 Ἰ

2060 3575 2276 3615 umnam
2308 3557 2504 3614 sentit.
2538 3555 2776 3624 Volunt,
2813 3559 2876 3610 ut
2905 3557 3067 3624 puto,
3101 3553 3154 3610 si
3184 3550 3462 3625 possibile
3491 3554 3666 3622 est,et

239 3635 465 3702 θέλουσι
523 3636 601 3709 δὲ,
661 3641 837 3714 οἶμαι,
879 3640 1054 3717 εἷ’περ,
1115 3645 1229 3700 οἷόν
1273 3667 1333 3702 τε
1379 3645 1564 3702 καὶτὰ
1611 3651 1729 3704 κατ’
1767 3644 1845 3704 όν(

2057 3666 2136 3705 me
2167 3648 2428 3704 somniat
2447 3651 2504 3703 et
2532 3663 2660 3719 quas
2691 3646 2909 3718 cogitat
2945 3641 3400 3716 perscrutarLEt
3423 3657 3522 3697 cor
3552 3640 3663 3714 ipsi

241 3725 392 3799 αὗτῷ
453 3725 929 3796 συνδιοπτάνεσθαι
963 3777 978 3804 ,
1037 3733 1129 3789 καὶ
1189 3736 1275 3790 οἱα
1332 3742 1738 3814 φαντασιοῦται.
1794 3741 1847 3796 Κε

2055 3737 2387 3795 tdesideria
2415 3738 2687 3793 accurate
2717 3733 3114 3807 perpendunt,
3149 3731 3200 3788 si
3251 3731 3424 3802 juxta
3481 3746 3661 3786 cano-

239 3815 333 3870 τὸν
382 3817 552 3904 θυμὸν
605 3815 663 3874 δὶ
717 3818 862 3894 αὖτῷ
894 3822 984 3876 καὶ
1014 3823 1112 3893 τήν
1140 3821 1431 3899 ἐπιθυμίαν
1477 3823 1844 3904 ἀκριϐολογοῦ

2053 3845 2111 3884 es
2143 3831 2248 3883 aut
2303 3825 2441 3882 hinc
2499 3826 2705 3881 indeve
2757 3824 2907 3880 bene
2927 3823 3295 3879 ordinentur.
3327 3823 3396 3875 Et
3425 3818 3659 3892 penitus

243 3923 354 3972 ται,
409 3903 455 3960 εἰ
502 3907 638 3982 πρὸς
689 3911 884 3965 κανόνα
931 3911 967 3980 ἢ
1025 3912 1116 3967 καὶ
1174 3911 1362 3976 ἄλλως
1418 3913 1644 3992 ἑκάτερα
1691 3903 1849 3981 διευθι

2053 3923 2231 3973 utrem
2289 3916 2675 3986 (confidenter
2729 3912 2883 3985 dico)
2941 3911 3269 3968 secundum
3328 3908 3659 3981 ﬁspiritum,

243 3998 438 4050 τεῖται.
473 3995 569 4050 Καὶ
619 3995 767 4060 ὅλως
815 3999 906 4054 τὸν
951 4000 1316 4079 (θαρρούντως
1347 4003 1517 4080 λέγω)
1561 4006 1698 4060 κατά
1739 4011 1849 4060 πνεῖ

2054 4005 2334 4077 ptandum
2365 4005 2627 4076 quidem,
2669 4002 2808 4058 licet
2865 4001 3053 4056 filium
3104 3999 3485 4067 constituant,
3549 3996 3660 4069 ipsi

249 4103 326 4156 μα
365 4085 591 4161 πατέρα,
665 4085 907 4144 εὐκταῖον
973 4091 1091 4162 μὲν,
1149 4090 1297 4166 εἷ’περ
1357 4093 1435 4156 είς
1479 4094 1590 4148 υἱὸν
1639 4093 1850 4159 τίθεντα

2051 4094 2174 4150 uasi
2205 4094 2265 4150 in
2297 4109 2528 4150 servum
2550 4093 2825 4164 huncque
2849 4106 3025 4163 quam
3053 4088 3369 4146 minimum
3402 4090 3657 4154 mutant,

242 4170 398 4226 αὐτοὶ
452 4170 510 4228 δὶ
555 4171 682 4230 ἀλλ’
724 4175 800 4239 ὡς
831 4175 909 4240 εἷς
966 4175 1184 4249 δοῦλον,
1235 4181 1322 4236 καὶ
1373 4182 1532 4238 αὐτὸν
1580 4181 1848 4259 ἐλάχιστοι

2050 4183 2188 4239 imio
2221 4183 2468 4255 imperio
2500 4198 2632 4237 cum
2690 4197 2756 4237 eo
2789 4184 3050 4252 agentes,
3101 4175 3452 4234 ratiunculis
3512 4175 3656 4231 sub-

238 4261 548 4327 τάττουσιν,
580 4265 861 4349 atoma);
907 4268 1060 4340 αὐτῷ
1113 4271 1574 4348 προσφερόμενοι,
1643 4270 1844 4348 ἐκλογι‹

2058 4275 2293 4344 cientes,
2352 4273 2649 4346 exigentes
2702 4277 2769 4328 ut
2820 4272 2943 4349 haec
3000 4275 3058 4326 et
3113 4269 3214 4324 illa
3259 4267 3436 4324 faciat
3490 4269 3664 4339 prout

247 4354 371 4421 μοῖς
451 4347 883 4426 ὑποϐάλλοντες,
944 4347 1294 4421 ἀπαιτοῦντες
1369 4359 1498 4416 τάδε
1554 4361 1644 4416 καὶ
1719 4347 1853 4418 ἐκεῖν

2058 4364 2152 4420 isis
2209 4363 2554 4434 complacet,
2632 4347 2847 4434 cogere
2921 4358 3205 4427 volentes,
3285 4354 3664 4412 contumeliis

240 4445 444 4510 ποιεῖν,
501 4441 574 4502 ὡς
630 4442 815 4506 αὐτοῖς
880 4446 1242 4522 παρίσταται,
1301 4449 1615 4525 ἀναγκάζειν
1677 4451 1846 4508 ἐθέλοι

2053 4453 2346 4520 fficientes,
2406 4459 2566 4509 torve
2621 4453 2939 4519 intuentes,
2990 4449 3357 4513 minitantes,
3417 4447 3476 4501 in
3525 4462 3659 4502 eum

239 4547 350 4596 τες,
405 4526 861 4606 περιυϐρίζοντες,
920 4531 1108 4610 ἄγριον
1197 4533 1583 4612 ἐμϐλέποντες,
1637 4540 1845 4597 ἀπειλοε

2059 4547 2341 4611 ementes,
2374 4544 2447 4600 ad
2481 4548 2720 4612 terram,
2752 4546 2815 4597 et
2837 4545 2898 4596 ut
2931 4539 3117 4607 aiunt,
3150 4537 3379 4610 capillis
3435 4537 3508 4592 ad
3563 4552 3662 4592 so-

249 4636 422 4707 μενοι,
481 4614 925 4707 ἐμϐριμώμενοι,
982 4625 1129 4681 κάτω
1186 4625 1436 4706 ἐδάφους,
1485 4630 1597 4698 καὶ,
1656 4630 1685 4685 ’ὸ
1741 4651 1855 4707 φασι

2050 4650 2128 4689 im
2159 4634 2371 4690 ducere
2401 4632 2726 4705 cupientes,
2779 4629 2978 4686 omnia
3007 4634 3246 4700 agentes
3277 4626 3494 4698 quibus
3554 4625 3656 4681 filii

245 4705 432 4781 κουρὶξ
489 4706 822 4796 έν-δαπέδῳ
880 4712 1184 4789 περιέλκειν
1239 4705 1625 4792 ἐπιθυμοῦντες
1659 4763 1673 4790 ,
1723 4705 1851 4774 πάντ

2051 4724 2156 4778 ices
2185 4728 2367 4796 pater,
2399 4727 2457 4778 et
2487 4720 2637 4777 servi
2660 4721 2807 4776 liber
2832 4723 2909 4787 et,
2945 4717 3174 4775 barbari
3206 4717 3440 4773 Graecus
3489 4714 3657 4788 gerit,

245 4798 530 4860 ποιοῦντες
560 4793 630 4852 δι’
676 4796 752 4883 div
784 4799 901 4862 οἰὸς
933 4801 961 4855 6
990 4804 1190 4878 πατὴρ,
1225 4806 1315 4861 καὶ
1345 4804 1632 4872 παιδίσκος
1661 4809 1689 4863 6
1745 4806 1851 4863 έλει

2051 4793 2376 4868 iutantibus
2406 4812 2574 4883 ipsis,
2597 4810 2719 4867 sive
2747 4809 2938 4882 ignari
2967 4807 3086 4865 sive
3105 4806 3472 4872 doctisint,et
3499 4803 3657 4876 quod

246 4883 426 4958 θερος,
457 4884 547 4972 καὶ
581 4881 854 4964 βάρϐαρος
887 4890 916 4943 6
959 4889 1195 4962 Ἕλλην,
1246 4895 1423 4950 αὐτῶν
1468 4917 1852 4969 μεταπεποιηκι

2048 4902 2275 4956 mnium
2309 4881 2656 4972 pessimum,
2716 4881 2936 4970 quibus
2984 4896 3179 4953 tenuis
3234 4891 3496 4952 hominis
3527 4893 3651 4949 loco

247 4991 378 5044 των,
421 4971 662 5048 γένηται,
712 4976 803 5031 καὶ
842 4976 1061 5052 ἀμαθὴς
1090 4980 1180 5034 καὶ
1237 4982 1499 5057 εὐμαθὴς,
1531 4986 1593 5040 τὸ
1651 4983 1708 5041 δὲ
1758 4987 1853 5042 πάι

2051 4991 2260 5046 «betur
2287 4971 2540 5063 magnus
2591 4988 2869 5061 pontifex,
2902 4991 2960 5043 st
3011 4984 3145 5041 laici
3176 4984 3322 5056 loco,
3345 4983 3431 5039 vir
3456 4981 3655 5055 populi

245 5081 355 5152 τιον
390 5067 628 5152 Δχεῖρον,
696 5065 878 5130 κοινὸς
939 5068 1222 5144 ἅνθρωπος
1279 5072 1307 5127 6
1363 5074 1529 5149 μέγας
1588 5074 1851 5152 ἀρχιερεὺι

2051 5079 2108 5134 ui
2139 5078 2235 5135 hic
2263 5081 2473 5147 exstat,
2497 5078 2548 5135 si
2580 5093 2696 5134 non
2728 5075 2940 5133 eximio
2969 5074 3164 5145 modo,
3223 5079 3484 5130 attamen
3540 5086 3653 5127 non

364 5148 580 5240 lapte}:
640 5153 669 5207 6
715 5159 812 5209 τοῦ
857 5153 1084 5213 ἐνταῦθα
1132 5157 1291 5230 λαοῦ,
1341 5159 1392 5216 εἷ’
1421 5148 1511 5217 καὶ
1545 5148 1894 5240 μήιςὲτερθεν,
2008 5148 2278 5223 ultimus.

242 5236 372 5294 ἀλλ’
403 5237 528 5296 οὖδὶ
557 5239 805 5306 ὕστατος.

314 5347 411 5416 κζ’.
467 5347 624 5406 Οὕτω
680 5351 948 5408 κάνταῦθα
1001 5353 1290 5428 ψεύδονται
1346 5359 1398 5412 οἱ
1450 5356 1749 5433 ἅνθρωποι,
1800 5361 1895 5436 ἀρ-

2076 5368 2164 5424 27.
2199 5366 2294 5423 Sic
2325 5363 2502 5433 hujus
2525 5362 2636 5419 loci
2670 5362 3037 5419 mentiuntur
3055 5359 3325 5417 homines
3346 5358 3418 5414 de
3457 5371 3653 5412 sacer-

237 5433 432 5524 χιερέα
465 5435 733 5513 λέγοντες,
785 5439 844 5495 ὃν
875 5440 951 5504 είς
999 5442 1218 5500 ἀνοσίου
1269 5453 1464 5523 μοῖραν
1505 5433 1843 5505 ἀποτάττοντλ

2047 5461 2139 5512 ote
2170 5469 2402 5511 summo
2435 5452 2739 5524 loquentes
2760 5467 2937 5522 quem
2959 5451 3019 5505 in
3054 5449 3219 5522 impii
3252 5453 3468 5504 sortem
3487 5461 3651 5516 repo-

239 5523 334 5579 καὶ
366 5523 422 5579 ὃν
475 5526 916 5604 εὐκτηριάζοντες
963 5528 1105 5587 οἶκοι
1138 5533 1457 5612 εὐλογοῦσιν
1507 5538 1580 5600 ὡς
1642 5539 1845 5615 ἀργιεπ

2049 5548 2177 5614 unt,
2207 5550 2266 5599 et
2294 5557 2468 5614 quem
2500 5523 2560 5596 in
2593 5541 2767 5596 domo
2799 5540 3081 5596 orationis
3113 5538 3471 5594 benedicunt
3522 5539 3653 5590 tan-

241 5633 468 5708 σκοπον,
522 5615 609 5671 ἐπὶ
653 5621 762 5673 τῶν
789 5619 1085 5698 Αεωφόρων
1113 5621 1346 5696 ὑμνοῦσι
1375 5628 1655 5702 φροιμίοις
1685 5629 1847 5706 πολυέ

2048 5650 2180 5692 uam
2215 5631 2746 5703 archiepiscopum,
2775 5631 2847 5686 de
2876 5645 2942 5686 eo
2987 5627 3384 5686 celeberrimis
3427 5624 3488 5680 in
3544 5622 3653 5679 viis

244 5699 430 5798 ῥόθοις
488 5706 714 5798 κραγὸν,
769 5707 797 5762 ὃ
856 5705 922 5778 δὴ
985 5707 1226 5787 λέγεται,
1281 5699 1712 5792 ἀνακράζοντες⁶
1772 5699 1850 5783 δθὶ

2047 5741 2240 5798 -agosa
2270 5721 2503 5779 exordia
2534 5723 2795 5786 cantant,
2828 5719 3104 5786 clamore,
3137 5723 3204 5775 ut
3264 5718 3450 5785 aiunt,
3503 5712 3653 5769 vovi-

241 5788 430 5855 καλῶς
457 5791 548 5848 καὶ
582 5794 610 5849 6
652 5796 882 5871 κόσμος,
913 5799 980 5854 τὰ
1027 5801 1162 5858 κατὰ
1199 5807 1302 5879 γῆν
1335 5788 1549 5877 δηλαδή
1572 5807 1662 5865 καὶ
1693 5807 1847 5874 θάλαι

2043 5788 2284 5882 nantes,
2318 5811 2473 5868 unde
2495 5811 2640 5867 bene
2671 5810 2736 5864 fit
2797 5814 2860 5866 ut
2914 5810 3096 5880 orbis,
3156 5807 3380 5867 scilicet
3434 5822 3561 5878 quae
3588 5803 3649 5858 in
