4066 6376
367 451 523 510 1055

1145 459 1565 521 EUSTATHII
1609 461 2382 526 TllESSALONlCENSIS
2427 464 3013 528 METROPOLlTxE

3634 464 3807 526 1056

365 589 521 640 terra
549 590 610 641 et
634 587 782 642 mari
809 592 866 644 et
896 605 1046 657 aere,
1107 607 1214 648 nos
1271 592 1507 650 fallaces
1564 598 1622 650 et
1675 595 2010 667 deceptores

2142 615 2219 649 ταν
2245 595 2336 650 καὶ
2393 596 2545 671 ἀέρα,
2604 594 2858 670 ψεύδουσι
2915 598 3042 659 τοὺς
3074 596 3302 671 ψεύστας
3333 593 3594 668 ἡμᾶςκαὶ
3649 595 3806 649 ἁπα-

368 673 551 729 fallat.
580 675 647 730 Et
676 676 734 732 in
777 677 909 748 hoc,
968 681 1123 751 quod
1201 681 1330 738 llias
1377 687 1640 756 tempore
1687 689 2015 756 opportuno

369 767 426 818 et
454 779 726 821 sermone
755 770 812 821 et
843 784 940 823 ore
961 769 1149 840 protul
1209 787 1342 841 nus,
1368 790 1476 828 sua
1507 790 1620 829 non
1679 775 1818 830 facit
1863 775 2019 830 ordi-

370 855 508 908 nata
547 855 911 923 constitutio,
945 859 1044 912 sed
1107 859 1176 912 vi.
1222 862 1364 916 ssim
1425 867 1692 934 tempora
1731 864 2020 919 variantia

373 945 476 997 aut
506 942 750 1010 faciunt,
784 949 884 999 aut
931 947 1155 1017 patiunl
1214 965 1254 1017 r,
1311 956 1752 1023 convertuntur,
1811 953 2022 1008 deinde

372 1032 440 1086 ad
465 1030 663 1086 odium
697 1033 1012 1103 pristinum
1062 1038 1331 1109 redeunt,
1356 1045 1412 1094 et
1441 1042 1570 1097 sine
1602 1059 1709 1097 nos
1732 1059 1833 1114 spe
1861 1043 2021 1097 inani

372 1120 443 1175 de
465 1137 664 1175 eorum
693 1120 752 1175 in
786 1138 892 1177 nos
924 1124 1330 1183 benevolentia
1362 1129 1596 1184 fallunt.
1659 1131 1753 1186 Sic
1801 1135 1858 1187 et
1917 1149 2022 1188 nos

369 1209 634 1280 improbe
666 1209 764 1264 alii
796 1227 934 1284 erga
975 1214 1122 1270 alios
1153 1217 1490 1273 animamur
1520 1224 1584 1274 ut
1614 1237 1728 1275 non
1760 1221 2022 1277 decebat.

370 1298 516 1354 Inibi
549 1299 677 1355 dico
708 1304 769 1355 ut
799 1317 910 1357 non
969 1304 1210 1372 decebat,
1265 1308 1545 1378 quoniam
1607 1309 1764 1364 haud
1840 1328 2027 1382 pauca

371 1389 810 1445 mendaciorum
871 1409 986 1446 non
1050 1394 1274 1465 absque
1366 1396 1577 1453 virtute
1661 1405 2028 1472 componunt

367 1477 658 1544 homines,
693 1479 962 1536 consulto
980 1484 1354 1539 mendacium
1379 1491 2027 1562 praestruentethaque

369 1564 670 1621 interdum
698 1565 1018 1625 laudantur
1064 1571 1305 1643 quidam
1356 1574 1406 1628 si
1437 1591 1567 1630 cum
1627 1577 2029 1633 benevolentia

370 1655 600 1710 mentiti
633 1655 773 1723 sint,
807 1661 866 1712 et
893 1658 1109 1715 iterum
1151 1661 1564 1734 vituperantur
1610 1665 1659 1720 si
1719 1683 2025 1738 perperam

367 1743 671 1800 veritatem
696 1746 978 1802 dixerint.
1013 1749 1080 1803 Et
1110 1749 1248 1806 huic
1281 1752 1586 1810 ratiocinio
1616 1755 2025 1811 testimonium

373 1835 565 1890 reddit
622 1835 725 1907 qui
785 1837 1014 1908 primus
1071 1839 1248 1896 hocce
1305 1849 1660 1915 praeceptum
1727 1845 2024 1902 tradidit:

375 1921 620 1985 Quando
649 1929 879 1994 oportet
927 1928 1300 1985 mendacium
1329 1933 1608 2002 proferre,
1642 1935 1855 2006 profer.
1916 1937 2025 1990 Sed

377 2013 435 2065 et
465 2027 663 2066 rarum
696 2011 864 2084 illud,
892 2018 949 2070 et
1003 2016 1342 2089 cogitationi
1390 2025 1447 2076 et
1475 2023 1732 2094 aequitati
1791 2025 2028 2096 penitus

375 2103 684 2172 repugnat.

447 2207 538 2261 28.
573 2207 747 2264 Aliud
777 2227 1081 2270 summum
1102 2230 1387 2287 exponam
1407 2221 1778 2277 mendacium
1812 2226 1966 2295 quod
1999 2241 2030 2282 e

379 2298 602 2352 mundo
633 2298 824 2355 deleat
854 2305 1025 2371 Deus,
1069 2321 1277 2378 nempe
1336 2315 1537 2365 contra
1595 2312 1792 2382 ipsum
1844 2319 2025 2370 Deum

383 2386 696 2442 mentiens.
753 2388 1090 2448 Pactionem
1144 2396 1301 2452 enim
1345 2399 1624 2457 facientes
1681 2403 1742 2456 ir.
1770 2404 2030 2460 evocabi-

379 2473 497 2531 lem
529 2491 706 2547 quam
738 2493 811 2534 ne
839 2479 1015 2536 liceat
1034 2483 1421 2544 adulterarum
1453 2490 1515 2544 In
1549 2492 1787 2548 nomine
1814 2492 2026 2561 Patris,

376 2563 707 2635 inquimus,
741 2571 797 2623 et
829 2568 955 2624 Filii
989 2576 1045 2627 et
1086 2576 1272 2630 sancti
1307 2578 1584 2649 Spiritus,
1619 2602 1649 2631 »
1695 2597 1802 2637 nec
1833 2582 2026 2639 solum

375 2652 434 2709 id
475 2653 748 2724 dicimus,
781 2659 882 2714 sed
906 2661 1082 2717 etiam
1110 2662 1321 2720 borum
1345 2668 1405 2722 in
1438 2669 1628 2741 capite
1672 2671 2024 2743 scriptorum

374 2743 586 2816 crucis,
621 2747 828 2801 mundi
855 2748 1332 2826 salutis,signum
1349 2759 1717 2817 adorandum
1749 2765 2028 2836 superad-

375 2833 598 2904 dimus,
640 2838 916 2896 manibus
947 2845 1166 2915 proprii
1189 2847 1334 2903 illud
1377 2851 1760 2910 delineantes.
1812 2833 2026 2912 beinde

377 2939 511 2978 cum
533 2929 857 2996 oportuerit
886 2930 942 2985 in
973 2931 1144 3005 [opus
1193 2938 1481 2997 deducere
1538 2944 1692 3014 quod
1743 2944 2024 3002 selectum

401 3031 516 3067 ac"
546 3020 587 3083 ι,
619 3015 762 3072 inibi
795 3022 849 3074 et
881 3027 1085 3079 contra
1143 3033 1504 3098 scrutamur,
1558 3033 1608 3088 si
1658 3033 1892 3090 lucrum
1951 3037 2029 3092 sit

377 3105 674 3174 quoddam
707 3115 811 3166 aut
839 3111 995 3169 aliud
1022 3116 1325 3190 effugium,
1356 3124 1687 3195 pactionem
1721 3127 1862 3192 ludo
1901 3145 2028 3185 ver-

376 3197 587 3264 tentes,
621 3213 748 3269 quae
775 3204 894 3257 tam
923 3210 1252 3265 venerando
1283 3211 1450 3284 signo
1481 3213 1843 3286 inscribitur,
1870 3218 2028 3288 jure-

372 3282 1080 3360 jurandoﬁrmamus,nec
1104 3315 1334 3356 crucem
1357 3301 2028 3377 insculpsisse,necscri-
2057 3329 2100 3395 ρ

380 3372 570 3443 psisse
610 3378 963 3450 pactionem,
997 3384 1204 3443 ultimo
1226 3372 1572 3461 juramento
1624 3372 1915 3453 solventes
1971 3402 2028 3454 et

373 3463 816 3536 prmﬁguratam
848 3485 1082 3529 crucem
1113 3482 1170 3532 et
1205 3483 1600 3538 venerandam
1650 3483 1811 3540 illam
1863 3487 2021 3558 jura-

381 3556 580 3608 mento
632 3560 1070 3626 superadditam
1151 3569 1585 3640 cogitationem.
1657 3575 1798 3629 Inde
1869 3556 2027 3630 mihi

383 3642 705 3699 meditandi
738 3651 796 3701 et
844 3655 1143 3710 reverendi
1188 3673 1386 3728 causa,
1419 3662 1711 3732 siquidem
1760 3680 2027 3720 commu-

383 3729 476 3786 nis
510 3731 792 3790 Dominus
825 3744 1042 3808 noster,
1075 3760 1249 3816 quem
1283 3747 1342 3804 in
1385 3750 1570 3820 pactis
1602 3753 2028 3824 adjuravimus,

384 3824 617 3891 portare
647 3839 756 3880 nos
781 3826 902 3884 vult
933 3847 1164 3890 crucem
1195 3836 1378 3908 gillam
1406 3841 1868 3915 cruciﬁxumque
1935 3861 2030 3900 se-

384 3909 507 3979 qui,
541 3914 600 3966 et
629 3912 713 3968 sic
745 3919 1238 3995 crucinegatores,
1270 3927 1318 3982 si
1351 3930 1437 3984 sic
1465 3931 1657 3986 vocari
1717 3933 1870 4004 licet,
1925 3950 2031 3989 nos

385 4000 751 4090 ostendimus
801 4012 858 4062 et
896 4011 1180 4080 perimus.
1241 4017 1425 4074 Homo
1489 4019 1836 4090 Christiane,
1904 4040 2032 4080 ver-

381 4086 524 4182 bum
557 4089 805 4164 simplex
837 4098 884 4151 si
921 4099 1090 4173 dicis,
1128 4121 1242 4160 non
1290 4107 1500 4165 inutile
1549 4112 1791 4168 reddere
1824 4086 2030 4182 debes,

385 4178 677 4250 etjurans
723 4187 989 4242 mentiris
1078 4213 1099 4242 ι
1153 4195 1371 4265 Juravi,
1440 4199 1541 4270 ait,
1614 4204 1672 4256 et
1739 4203 2034 4262 statui°.»

389 4266 738 4359 Ettujuras
768 4278 826 4330 et
871 4280 1042 4349 quasi
1104 4282 1354 4342 nihilum
1403 4266 1651 4359 abjicis!
1692 4292 1851 4348 Retis
1909 4293 2034 4349 loco

387 4357 1017 4453 habesjuramentum,
1052 4370 1206 4428 sicut
1233 4372 1446 4431 illicem
1476 4357 1535 4432 id
1587 4381 1883 4453 producis,
1934 4398 2038 4453 per

392 4449 548 4519 quod
605 4458 843 4526 captare
901 4456 989 4512 vis
1033 4477 1147 4516 non
1195 4462 1387 4520 solum
1453 4449 1877 4539 simpliciores,
1932 4449 2034 4527 sed

388 4544 446 4593 et
475 4539 576 4609 qui
606 4543 678 4597 ad
714 4543 974 4616 intimos,
999 4550 1252 4606 scientiae
1302 4569 1568 4611 recessus
1594 4607 1605 4625 ι
1634 4564 2030 4628 penetrarunt.

389 4628 480 4721 Et
517 4630 657 4702 quid
717 4633 868 4690 ultre
929 4637 1066 4694 facit
1115 4641 1384 4699 diabolus
1454 4647 1743 4703 mendacii
1820 4650 2038 4721 pater?

388 4695 561 4790 cujus
584 4726 724 4777 sunt
770 4722 895 4792 ﬁlii,
957 4733 1024 4783 ut
1079 4729 1161 4783 ita
1229 4695 2034 4808 dic—emiqui—vibrantum
2066 4695 2112 4758 Β

388 4808 546 4878 dolo,
603 4811 821 4885 quippe
872 4815 970 4885 qui
1029 4818 1402 4876 mendacium
1461 4822 1648 4896 etipsi
1687 4827 1901 4883 diaboli
1953 4828 2037 4884 in-

391 4903 516 4955 star
560 4901 817 4975 pariunt,
870 4905 1011 4962 solis
1055 4908 1428 4967 sermonibus
1487 4913 1906 4974 afﬂrmationcs
1954 4933 2039 4974 re-

387 4993 706 5047 servantes.

454 5280 547 5335 29.
579 5281 925 5338 Suntmulti
951 5283 1128 5340 etiam
1156 5282 1311 5340 inter
1367 5285 1547 5358 hujus
1605 5289 1886 5362 temporis
1935 5291 2038 5345 ho-

388 5369 1070 5444 mineslgloriabundiet
1121 5374 1380 5432 dicentes
1439 5380 1853 5450 unusquisque
1901 5381 2040 5450 quia

389 5462 555 5518 Meus
582 5479 776 5518 sermo
805 5478 938 5518 vere
971 5480 1164 5520 sermo
1195 5469 1303 5521 est.
1338 5466 1418 5522 De
1456 5467 1670 5539 quibus
1703 5485 1808 5540 ego
1840 5468 2040 5524 ridens

389 5554 517 5610 volo
571 5571 732 5610 meos
782 5554 1018 5625 gloriari
1071 5573 1553 5630 unumquemque
1622 5559 1681 5613 in
1769 5559 2039 5629 Domino,

389 5643 528 5715 quia
587 5643 752 5701 Meus
809 5661 1003 5703 sermo
1040 5661 1157 5702 non
1233 5661 1426 5703 sermo
1487 5647 1854 5719 simpliciter,
1937 5649 2038 5704 sed

459 5809 482 5844 ο
510 5805 665 5863 Psal.
697 5821 890 5879 cxvm,
924 5812 1049 5880 106,

2127 689 2352 748 τεῶνας.
2410 685 2514 744 Καὶ
2570 691 2732 742 τοῦτο
2785 683 2874 755 δὴ,
2927 687 3073 741 ὃκαὶ
3109 683 3316 740 ἄλλοτε
3340 688 3535 759 καιροῦ
3589 683 3809 738 πλατεῖ

2127 774 2218 827 καὶ
2249 773 2404 849 λόγῳ
2434 775 2525 829 καὶ
2575 775 2802 849 στόματι
2849 773 3074 854 ἔφαμεν,
3131 774 3193 830 οὐ
3251 780 3401 829 ποιεῖ
3426 775 3493 828 τὰ
3523 775 3728 842 ἑαυτῆς
3763 773 3804 841 ἠ

2129 867 2446 939 στοιχειακή
2491 865 2833 927 κατάστασις·
2882 863 3028 920 ἀλλὰ
3058 863 3290 935 ἐναλλὰξ
3335 863 3403 918 τὰ
3433 861 3705 935 ἀλλήλων
3746 865 3806 916 οἱ

2131 955 2313 1028 καιροὶ
2369 949 2688 1026 ἀμείϐοντες
2840 957 3088 1009 ποιοῦσιν
3148 953 3183 1023 ἢ
3245 952 3546 1028 πάσχουσιν
3585 997 3601 1021 ,
3659 953 3800 1007 ἀνα-

2135 1043 2474 1120 στραφέντες,
2539 1042 2634 1097 εἶτ’
2694 1042 2785 1098 οὖν
2840 1043 3226 1120 ἀνατραπέντες
3275 1041 3353 1106 εἲς
3397 1042 3461 1096 τὸ
3519 1039 3808 1116 παλίγκο-

2133 1153 2243 1201 τον,
2274 1132 2362 1186 καὶ
2414 1134 2556 1188 οὕτω
2587 1131 2872 1208 ψεύδοντες
2905 1137 3052 1206 ἡμᾶς
3098 1137 3208 1188 τῶν
3269 1133 3351 1187 ἐπ’
3407 1131 3575 1200 αὐτῆς
3635 1129 3808 1184 ἐλπί-

2136 1219 2244 1276 δων
2305 1223 2442 1297 πρὸς
2504 1222 2810 1296 ὁμοιότητα
2859 1224 2958 1290 τὴν
3019 1221 3071 1277 ἐν
3132 1225 3268 1295 ἡμῖν
3307 1265 3318 1277 .
3390 1221 3494 1278 Καὶ
3548 1221 3652 1296 γὰρ
3707 1218 3812 1272 καὶ

2134 1315 2297 1386 ἡμεῖς
2328 1311 2470 1366 οὕτω
2522 1318 2702 1374 κακῶς
2745 1311 3032 1382 ἀλλήλους
3081 1309 3444 1383 διατιθέμεθα,
3503 1310 3645 1364 καθὰ
3702 1307 3817 1364 οὐκ

2136 1403 2327 1478 ἐχρῆν.
2387 1403 2544 1478 Λέγω
2595 1399 2652 1456 δὲ
2711 1401 2937 1457 ἐνταῦθα
2964 1401 3027 1456 τὸ
3087 1400 3187 1455 οὐκ
3243 1399 3436 1475 ἐχρῆν,
3499 1395 3640 1453 διότι
3703 1397 3816 1453 οὑκ

2138 1493 2300 1568 ὀλίγα
2354 1497 2461 1547 τῶν
2513 1489 2836 1565 ψευσμάτων
2883 1489 2982 1545 οὐκ
3034 1488 3134 1560 ἔξω
3193 1491 3387 1561 ἀρετῆς
3445 1483 3812 1557 ἐπιτηδεύον-

2136 1604 2225 1638 ται
2256 1584 2558 1656 ἅνθρωποι,
2622 1576 3002 1652 μεθοδεύοντες
3063 1577 3430 1650 οἰκονομικῶς
3485 1576 3548 1630 τὸ
3604 1571 3812 1648 ψεύδε-

2139 1685 2280 1738 σθαι.
2315 1670 2407 1726 Διὸ
2455 1671 2545 1726 καὶ
2595 1670 2936 1724 ἐπαινοῦνται
2990 1668 3082 1741 μέν
3140 1687 3282 1729 τινες
3334 1661 3475 1721 ἔστιν
3533 1663 3699 1735 ὅπου,
3760 1663 3813 1718 εί

2139 1764 2222 1819 ἐπ’
2284 1764 2468 1837 ἀγαθῷ
2515 1759 2822 1835 ψεύσονται·
2875 1758 3134 1832 ψέγονται
3187 1754 3245 1811 δὲ
3292 1754 3358 1810 αὖ
3406 1751 3596 1824 πάλιν,
3631 1750 3688 1808 εἷ’
3743 1774 3817 1827 γε

2145 1853 2221 1926 μὴ
2254 1850 2572 1927 πρεπόντως
2605 1847 3027 1917 έπαληθεύουσι.
3090 1845 3189 1900 Καὶ
3233 1843 3560 1920 μαρτύρεται
3589 1846 3674 1914 τῷ
3705 1841 3814 1899 λό’

2060 1964 2107 2028 Β
2139 1965 2219 2018 γῳ
2247 1940 2426 2013 τούτῳ
2455 1939 2546 1994 καὶ
2657 1934 3115 2028 γνωμοδοτήσας,
3253 1936 3420 2028 ’ᾙνθα
3441 1954 3494 2028 τι
3525 1933 3658 2028 χρὴ.
3678 1935 3814 2005 ψεῦ-

2143 2030 2236 2094 δος
2268 2030 2542 2106 λεγέσθαι,
2577 2026 2846 2102 λέγεσθω.
2896 2023 3050 2082 Ἀλλ’
3095 2024 3225 2079 αὐτὸ
3261 2024 3358 2096 μὶν
3403 2021 3494 2077 καὶ
3555 2020 3812 2089 σπάνιον,

2139 2123 2229 2177 καὶ
2263 2118 2656 2195 δυσθεώρητον,
2688 2116 2779 2171 καὶ
2811 2112 2937 2170 οὐδὲ
2968 2111 3329 2187 εύδιάκριτον.

2210 2236 2315 2300 κη’.
2349 2228 2491 2303 Ἐγὼ
2542 2222 2600 2280 δὲ
2646 2223 2736 2280 καὶ
2768 2221 2909 2278 ἄλλο
2959 2225 3255 2298 κορυφαῖον
3303 2218 3607 2291 ἐκθήσομαι
3669 2221 3811 2291 ψεῦ-

2141 2340 2271 2391 σμα,
2305 2319 2437 2391 ὅπερ
2469 2313 2763 2387 ἀπαλείψοι
2811 2314 2839 2367 6
2879 2312 3013 2374 Θεὸς
3061 2311 3120 2365 ἐκ
3163 2314 3260 2365 τοῦ
3289 2308 3524 2381 κόσμου,
3583 2307 3662 2368 ὡς
3709 2307 3809 2361 καὶ

2137 2412 2254 2464 κατ’
2339 2404 2502 2462 αὑτοῦ
2587 2403 2789 2458 ἐκείνου
2872 2399 3236 2475 ψευδόμενον.
3322 2395 3808 2457 Συναλλάττοντες

2136 2499 2241 2574 γὰρ
2317 2495 2593 2575 ἀσφαλῶς,
2671 2494 2746 2554 ὡς
2824 2492 2900 2564 μή
2977 2489 3168 2560 ἐξεῖναι
3242 2493 3622 2564 παραποιῆσαι
3698 2487 3809 2553 τήν

2138 2587 2511 2660 συναλλαγὴν,
2573 2606 2602 2635 ‹‹
2657 2583 2749 2639 Ἐν
2805 2580 3055 2654 ὀνόματι,
3127 2578 3325 2653 φαμὲν,
3412 2580 3508 2631 105
3586 2575 3807 2650 Ιιατρὸς

2135 2679 2223 2733 καὶ
2274 2681 2370 2732 105
2426 2675 2554 2728 T105
2605 2671 2835 2727 καὶτοῦ
2895 2669 3050 2745 ἁγίου
3093 2668 3423 2740 Πνεύματος·
3485 2689 3514 2716 ››
3570 2664 3663 2718 καὶ
3723 2666 3796 2718 οὐ

2141 2768 2299 2842 μόνον
2366 2763 2598 2840 λέγομεν
2672 2760 2803 2816 αὐτὸ
2837 2803 2852 2829 ,
2912 2758 3058 2814 ἀλλά
3122 2758 3212 2813 καὶ
3265 2753 3626 2832 προτιθέαμεν
3677 2759 3796 2808 τῶν

2132 2857 2443 2935 γραφέντων
2473 2852 2678 2908 τούτων
2737 2853 2833 2904 105
2889 2845 3343 2922 κοσμοσωτηρίου
3401 2847 3632 2913 σταυροῦ
3694 2843 3798 2935 τύ-

2135 2929 2700 3020 ⁴ιτονΙπροσκυνητὸν,
2759 2936 2948 3014 χερσὶν
3029 2933 3193 2997 ἰδίαις
3251 2933 3410 2988 αὐτὸν
3469 2929 3800 3008 προχαράσ-

2138 3055 2340 3096 σοντες.
2415 3033 2550 3090 Εἶτα
2622 3027 2816 3098 δεῆσαν
2894 3021 3117 3095 ἐκϐῆναι
3183 3025 3245 3079 τὸ
3301 3023 3506 3097 αἱρεθὶν
3567 3021 3662 3075 καὶ
3722 3021 3803 3083 εἰς

2137 3125 2318 3201 ἔργον,
2393 3122 2520 3177 ἀλλ’
2597 3118 2821 3181 ἰνταῦθα
2889 3114 3212 3201 ζητούμενοι
3271 3110 3478 3167 δάνειον
3538 3111 3716 3201 τυχὸν
3763 3111 3802 3178 ἢ

2139 3194 2374 3290 ἑτεροίαν
2462 3208 2824 3288 ὀφειλομένην
2905 3199 3168 3259 ἀπόϐασιν
3205 3246 3219 3272 ,
3291 3205 3387 3256 105
3450 3194 3799 3273 συμϐολαίου

2137 3289 2616 3377 κατορχούμενοι,
2674 3295 2735 3352 οὗ
2791 3298 3014 3350 τοιαῦτα
3073 3292 3269 3372 φρικτὰ
3324 3289 3800 3366 προγεγράφαται,

2139 3391 2490 3464 ἐπομνύμευα
2559 3388 2698 3461 μήτε
2777 3383 3002 3460 σταυρὸν
3082 3378 3417 3458 προγράψαι,
3507 3380 3647 3450 μήτε
3705 3399 3803 3430 τυ-

2136 3482 2417 3536 πώσασθαι
2479 3476 2880 3550 συνάλλαγμα,
2935 3471 3084 3548 ὅρκῳ
3141 3469 3316 3542 τούτῳ
3377 3469 3582 3544 ὑστέρῳ
3637 3487 3806 3522 κατα-

2139 3569 2363 3632 λύοντες
2420 3567 2510 3623 καὶ
2578 3567 2668 3621 τὸν
2741 3560 3201 3637 προηγησάμενον
3261 3559 3488 3632 σταυρὸν
3543 3558 3633 3611 καὶ
3693 3561 3800 3624 τήν

2139 3660 2368 3739 φρικτήν
2424 3656 2630 3727 ἐκείνην
2683 3649 2898 3730 ἔνορκον
2967 3647 3169 3706 ἔννοιαν
3207 3692 3220 3706 .
3294 3650 3572 3710 Κάνταῦθα
3645 3642 3803 3739 ἔστιν

2140 3734 2190 3771 Τ
2309 3754 2322 3777 ,
2412 3745 2441 3766 τ
2714 3749 2735 3758 -ι
2982 3740 2996 3758 \
3137 3739 3148 3762 ι
3425 3735 3450 3757 ,1
3489 3757 3512 3790 ε
3605 3737 3631 3790 ὁ
3740 3734 3800 3790 ἓν

2140 3770 2303 3822 εμοιγ
2382 3769 2472 3801 ουν
2529 3763 2858 3800 συννοεισσαι
2910 3762 2999 3796 και
3057 3760 3289 3818 φριττειν
3320 3783 3337 3807 ³
3397 3759 3484 3793 ειπ
3517 3757 3545 3811 ρ
3698 3757 3741 3808 μ

2139 3839 2320 3900 κοινὸς
2364 3831 2643 3904 Δεσπότης
2699 3835 2887 3904 ἡμῶν,
2943 3831 3002 3885 ὃν
3064 3829 3115 3883 έν
3164 3833 3281 3890 τοῖς
3343 3824 3800 3898 συναλλάγμασιν

2141 3930 2595 4005 ὁρκωμοτοῦμεν,
2681 3921 2850 3996 αἳρειν
2920 3921 3010 3975 καὶ
3089 3918 3314 3995 σταυρὸν
3394 3920 3584 3971 τοῦτον
3644 3917 3802 3986 ἡμᾶς

2143 4004 2336 4085 ἐθέλει,
2396 4015 2487 4070 καὶ
2545 4010 2862 4075 ἀκολουθεῖν
2922 4009 3002 4082 τῷ
3058 4007 3435 4079 ἀντικειμένῳ,
3467 4005 3553 4058 καὶ
3616 4004 3803 4065 οὕτως

2143 4105 2607 4182 ἀρνησίσταυροι,
2677 4102 2750 4163 ὠς
2817 4098 2987 4160 οὕτως
3064 4097 3374 4170 ὀνομάσαι,
3453 4091 3805 4165 δεικνύμενοι

2145 4180 2521 4268 ἀπολλύμεθα.
2571 4193 2853 4264 ’Ἄνθρωπε
2898 4187 3200 4264 Χριστιανὶ,
3265 4184 3426 4262 λόγον
3486 4180 3648 4256 ψιλὸν
3712 4182 3809 4238 ἐὰν

2145 4285 2325 4360 εἷ’πῃς,
2383 4283 2482 4338 οὐκ
2549 4279 2789 4359 ὀφείλεις
2845 4278 3101 4347 ἀθετῆσαι
3159 4276 3318 4360 αὐτόν
3351 4294 3364 4308 ⁸
3429 4273 3520 4328 καὶ
3578 4272 3812 4345 ὀμνύων

2145 4359 2500 4448 ψευδολογεῖς
2528 4389 2542 4440 ;
2577 4393 2604 4420 ‹‹
2639 4375 2872 4442 ’Ώμοσα,
2908 4365 3091 4442 φησὶν,
3125 4366 3215 4419 καὶ
3264 4359 3483 4434 ἕστησα.
3516 4383 3542 4414 ι
3607 4363 3709 4417 Καὶ
3743 4363 3810 4416 σὺ

2146 4463 2365 4536 ὀμνύιις
2412 4461 2502 4515 καὶ
2551 4456 2952 4534 καταρῥιπτεῖς.
3009 4454 3161 4511 Ἀντί
3212 4449 3440 4527 παγίδος
3491 4450 3594 4524 ἄρα
3650 4448 3807 4526 ἔχεις

2144 4553 2235 4608 τὸν
2267 4551 2452 4626 ὅρκον,
2485 4549 2558 4610 ὡς
2611 4545 2800 4621 δέλεαρ
2841 4544 3002 4600 αὐτὸν
3042 4538 3361 4620 προϐάλλῃ,
3417 4541 3506 4596 καί
3555 4538 3805 4596 ἀλίσκειν

2149 4641 2218 4697 δι’
2275 4641 2440 4695 αὐτοῦ
2496 4635 2722 4704 ἐθέλεις,
2782 4636 2857 4709 μή
2917 4633 3000 4690 ὅτι
3057 4655 3116 4708 γε
3171 4631 3297 4693 τοὺς
3352 4630 3805 4704 ἁπλουστέρους,

2147 4732 2293 4789 ἀλλὰ
2320 4730 2408 4786 καὶ
2444 4726 2681 4803 μᾶλλον,
2716 4725 2834 4781 ὅσοι
2866 4725 2919 4787 ές
2975 4724 3110 4800 βαθὺ
3165 4724 3445 4796 νοήματος
3508 4721 3806 4796 βάπτουσι,

2147 4823 2244 4877 Καὶ
2273 4819 2327 4876 τί
2355 4818 2546 4874 πλεῖον
2578 4822 2728 4872 ποιεῖ
2756 4817 2784 4870 6
2829 4809 3112 4879 διάϐολος,
3171 4813 3199 4867 6
3257 4815 3352 4866 105
3408 4807 3638 4884 ψεύδους
3697 4831 3802 4865 πα-

2146 4913 2284 4987 τήρ;
2332 4909 2394 4964 οὗ
2441 4907 2734 4972 σύντεκνοι,
2803 4904 2878 4967 ὡς
2943 4901 3114 4963 οὕτως
3176 4899 3370 4967 ιῗπεῑν,
3421 4899 3511 4954 xui
3564 4899 3618 4952 οἱ
3674 4899 3811 4972 ψεύ-

2149 4998 2376 5076 δορκοι,
2423 4995 2611 5053 καθότι
2663 4991 2834 5069 ψεύδη
2885 4992 2974 5048 καὶ
3033 4989 3186 5046 αὐτοὶ
3237 4990 3352 5044 κατ’
3409 4987 3611 5043 ἐκεῖνον
3671 4988 3814 5042 ἀπο-

2146 5089 2482 5159 κυΐσκουσιν,
2538 5085 2589 5142 έν
2655 5084 2841 5158 μόνοις
2898 5082 3085 5156 λόγοις
3138 5083 3516 5154 περιιστῶντες
3571 5079 3642 5132 τὰ
3694 5083 3810 5132 τῶν

2147 5178 2478 5242 καταθέσεων
2488 5221 2500 5234 .

2220 5294 2319 5350 κθ’.
2353 5282 2452 5339 Καὶ
2485 5282 2588 5338 εἶσὶ
2621 5281 2714 5355 μὶν
2769 5276 2976 5335 πολλοὶ
3042 5276 3206 5352 μέχρι
3237 5275 3325 5330 καὶ
3373 5273 3423 5329 ἐν
3481 5279 3598 5330 τοῖς
3661 5275 3813 5348 ἄρτι,

2151 5376 2442 5452 αὐχοῦντες
2467 5370 2716 5439 ἕκαστος,
2753 5369 2804 5424 έν
2836 5367 2916 5441 τῷ
2941 5365 3145 5441 λέγειν,
3203 5366 3284 5419 ὅτι
3342 5365 3404 5420 ’0
3453 5363 3585 5436 ἐμὸς
3642 5362 3815 5440 λόγος

2151 5465 2317 5541 λόγος
2377 5463 2535 5519 ἐστίν.
2599 5457 2756 5517 Ἀλλ’
2814 5458 2923 5532 ἐγὼ
2979 5452 3296 5530 καταγελῶν
3349 5457 3456 5507 τῶν
3513 5452 3816 5523 τοιούτων,

2150 5555 2322 5620 ἐθέλω
2379 5554 2508 5615 τοὺς
2566 5549 2734 5624 ἐμοὺς
2790 5548 2882 5603 τὸν
2931 5547 3051 5610 καθ’
3103 5542 3198 5599 ἕνα
3253 5547 3561 5618 καυχᾶσθαι
3607 5542 3660 5596 ἒν
3715 5549 3820 5598 Κυ-

2151 5645 2276 5719 ρίῳ,
2316 5642 2398 5698 ὅτι
2442 5643 2505 5700 '0
2563 5639 2696 5713 ἐμὸς
2741 5637 2909 5712 λόγος
2961 5635 3023 5690 οὐ
3050 5631 3219 5709 λόγος
3249 5629 3460 5700 ἁπλῶς,
3487 5629 3615 5687 ἀλλ’
3649 5630 3815 5708 ἔργον
