4066 6428
286 452 442 519 {057

1302 443 1685 511 EPISTOLA
1731 448 1837 508 AD
1881 440 2693 508 THESSALONICENSES.

3546 450 3700 513 1058

284 587 419 655 ἐστὶ,
453 582 652 656 πολλῷ
685 579 752 651 δὴ
781 582 974 653 πλέον,
1008 582 1036 635 6
1067 580 1156 635 καὶ
1209 580 1346 652 μετά
1393 578 1578 655 ὅρκου.
1607 576 1784 652 Λόγος
1842 576 1938 649 μὲν
1971 582 1993 643 Α

2111 593 2202 632 )llS
2251 582 2380 644 est;
2438 593 2473 632 a
2529 575 2756 631 fortiori
2813 575 2859 632 si
2921 589 3113 632 sermo
3172 577 3522 636 adhibeatur
3574 598 3708 638 cum

285 676 390 750 γὰρ
443 674 582 737 ἅπας
621 674 752 744 ἀέρα
807 672 1040 742 πλήξας,
1098 670 1188 724 καὶ
1230 668 1403 731 οὕτως
1458 667 1619 721 αὐτὸν
1666 665 1942 740 ὀχλήσας,

289 761 667 838 συγκατελύθη
715 766 794 832 τῷ
846 760 1171 832 ἀκούσματι·
1216 759 1244 812 6
1297 755 1355 812 δὲ
1383 757 1472 812 καὶ
1518 754 1784 832 ἔγγραφος
1843 753 1951 828 οὐχ

289 852 482 914 ἁπλῶς
537 850 694 925 ἀέρος
754 849 866 905 ἐστὶ
927 846 1306 923 διατιναγμὸς,
1351 844 1475 901 ἀλλ’
1540 843 1642 914 ἤδη
1702 846 1952 916 σεσωμά-

292 962 486 1011 τωται,
520 941 611 995 καὶ
672 940 778 994 ἀπὸ
831 938 1005 1008 ἀκοῆς
1061 938 1137 1000 εἰς
1191 937 1312 991 θέαν
1370 929 1594 1009 μετέϐη,
1625 934 1715 988 καὶ
1752 931 1953 1007 βλεπό-

303 1051 462 1104 μενος
511 1027 917 1102 δημοσιεύεται,
946 1027 1035 1082 καὶ
1087 1027 1186 1080 ὅσα
1233 1025 1324 1080 καὶ
1380 1021 1557 1094 στήλη
1611 1022 1663 1077 έν
1708 1027 1788 1094 τῷ
1833 1018 1954 1075 ἐδά-

303 1141 388 1198 φει
445 1123 542 1174 τοῦ
602 1116 858 1172 πινακίου
917 1114 1254 1195 ἐμφαίνεταιο
1287 1113 1377 1168 καὶ
1431 1113 1522 1168 τὸν
1584 1111 1677 1184 μὲν
1735 1111 1954 1184 εῧορκον

305 1208 695 1282 ἀποσεμνύνει,
743 1207 1114 1261 κατάπτυστον
1175 1201 1232 1258 δὲ
1290 1200 1549 1257 ἀποτελεῖ
1616 1200 1707 1256 τὸν
1778 1198 1961 1274 ἐπίορ-

304 1319 399 1354 κον
411 1343 424 1355 .
898 1346 908 1353 .

381 1387 449 1444 λ’.
484 1386 553 1443 Τί
607 1383 698 1439 οὖν
763 1386 839 1458 μή
897 1391 996 1453 τῆς
1025 1381 1335 1459 κρείττονος
1377 1376 1596 1455 μερίδος
1658 1379 1960 1454 γινόμεθα;

308 1477 374 1535 Τί
404 1476 498 1531 τὸν
559 1474 726 1550 λόγον
785 1472 1115 1549 αῗσχύνομεν
1173 1472 1268 1525 τὸν
1328 1468 1382 1524 ἐν
1439 1467 1715 1542 ἡμῖν,κηὶ
1768 1464 1841 1520 δι’
1871 1465 1963 1520 αὐ-

310 1569 406 1619 τοῦ
436 1564 526 1618 καὶ
555 1563 646 1618 τὸν
695 1563 860 1637 μέγαν
911 1561 1000 1616 καὶ
1054 1559 1362 1634 πρώτιστον
1414 1556 1590 1631 Λόγον
1644 1554 1967 1630 παροργίζο-

317 1674 432 1727 μεν,
468 1649 538 1706 δι’
569 1652 632 1705 οὗ
662 1651 725 1707 τὸ
753 1655 845 1704 καί
879 1653 974 1723 ζῇν
1033 1650 1122 1703 καὶ
1173 1646 1361 1702 λαλεῖν
1408 1645 1498 1700 καὶ
1544 1649 1686 1699 νοεῖν
1721 1644 1965 1718 ἐσχήκα-

319 1761 460 1817 μεν;
525 1736 649 1804 ἔνθα
707 1737 1004 1795 κινδυνεύει
1063 1739 1124 1792 τὸ
1182 1736 1322 1812 μέγα
1379 1734 1575 1790 ἐκεῖθεν
1636 1733 1833 1807 ἀγαθὸν
1890 1730 1968 1793 εἷς

315 1831 480 1887 κακὸν
532 1832 668 1904 ἡμῖν
711 1825 1099 1898 ἀποτελευτᾷν.
1135 1825 1200 1882 Εἰ
1257 1827 1356 1898 γὰρ
1398 1821 1694 1884 λαλοῦντες
1750 1823 1825 1894 μή
1883 1819 1972 1875 καὶ

318 1924 444 1976 νοῦν
475 1916 724 1994 εἷ’γομεν,
757 1916 860 1971 οὐκ
899 1915 958 1970 ἂν
1010 1917 1146 1988 ἡμῖν
1197 1919 1445 1986 πταῖσμα
1497 1913 1566 1980 ἦν
1627 1909 1806 1979 οὐδὲν,
1839 1912 1977 1973 καθά

2048 668 2409 738 juramento.
2439 665 2588 721 Nam
2618 681 2813 721 sermo
2845 666 3085 737 quidem
3127 667 3320 724 omnis
3353 686 3546 726 aerem
3578 688 3710 729 ver-

2058 755 2226 811 berat
2255 759 2312 808 et
2341 753 2425 810 sic
2457 753 2716 826 agitatus
2748 753 2950 810 statim
2976 771 3040 810 ac
3069 756 3310 813 auditus
3339 761 3427 814 est
3455 761 3714 817 evanuit.

2062 842 2170 907 Qui
2201 858 2335 898 vero
2379 847 2469 898 est
2528 843 2806 914 scriptus,
2867 861 2982 900 non
3041 844 3388 916 simpliciter
3432 852 3524 905 est
3566 851 3718 906 aeris

2065 932 2406 999 commotio,
2434 932 2536 989 sed
2561 933 2686 1004 jam
2713 950 2927 1004 corpus
2954 936 3303 1006 assumpsit,
3327 941 3383 992 et
3407 939 3480 994 ab
3513 940 3720 995 auditu

2064 1021 2125 1077 in
2157 1021 2560 1094 spectaculum
2591 1023 2828 1093 transit,
2861 1027 2917 1078 et
2945 1024 3031 1081 sic
3081 1024 3352 1096 publicus
3385 1028 3471 1096 fit,
3505 1033 3562 1084 et
3591 1033 3723 1085 tan-

2069 1127 2249 1183 quam
2281 1110 2556 1166 columna
2578 1111 2638 1166 in
2670 1111 2884 1167 tabulae
2908 1112 3034 1168 basi
3062 1119 3322 1185 apparet,
3346 1116 3721 1188 etjusjuran-

2071 1201 2212 1255 dum
2244 1204 2546 1256 servantes
2586 1199 2760 1256 laude
2806 1200 3037 1273 dignos,
3090 1203 3562 1276 contemptibiles
3592 1223 3726 1263 vero

2072 1290 2342 1362 perjuros
2371 1289 2584 1345 reddit.

2143 1380 2237 1436 30.
2279 1379 2467 1446 Quare
2498 1395 2634 1451 ergo
2670 1395 2784 1435 non
2815 1379 3101 1451 optimam
3153 1387 3380 1453 partem
3413 1384 3728 1456 eligimus?

2075 1484 2255 1539 quare
2285 1483 2619 1523 sermonem
2651 1467 2710 1522 in
2763 1469 2932 1524 nobis
2981 1469 3295 1539 fmdamus,
3328 1476 3385 1528 et
3441 1473 3579 1528 inde
3608 1491 3734 1530 ma-

2076 1574 2259 1628 gnum
2289 1561 2348 1612 et
2377 1557 2633 1629 primum
2665 1557 2925 1613 Verbum
2959 1560 3030 1614 ad
3056 1559 3205 1614 iram
3238 1561 3736 1636 concitamus,per

2079 1647 2234 1718 quod
2265 1649 2320 1702 et
2351 1646 2543 1702 vivere
2573 1649 2630 1702 et
2680 1646 2840 1717 loqui
2891 1652 2950 1702 et
2987 1649 3244 1720 cogitare
3274 1650 3582 1720 habemus,
3618 1670 3735 1724 quo

2080 1735 2485 1808 periclitamur
2517 1751 2800 1807 magnum
2829 1737 3052 1791 bonum
3085 1738 3143 1791 in
3180 1738 3400 1794 malum
3433 1741 3604 1797 nobis
3633 1759 3734 1797 ex-

2080 1823 2427 1896 stinguere?
2455 1823 2512 1877 Si
2545 1824 2700 1879 enim
2733 1823 3041 1896 loquentes
3080 1825 3444 1884 intellectum
3476 1846 3593 1886 non
3625 1831 3737 1886 ha-

2082 1916 2376 1984 beremus,
2411 1913 2558 1970 nihil
2590 1913 2759 1970 nobis
2775 1915 2940 1971 casui
2973 1917 3332 1983 esset,-sicut
3360 1935 3466 1976 nec
3496 1920 3556 1977 in
3590 1921 3737 1979 irra-

323 2006 450 2065 οὗδὲ
477 1978 844 2082 τονῖςῑάγόλοις
867 2010 976 2060 τῶν
1013 1978 1191 2073 item.
1234 2001 1331 2057 Καί
1356 1978 1462 2056 που
1591 2003 1666 2074 μὴ
1727 1999 1972 2076 ἐχέφρων

2114 1978 2470 2059 ionabilibus
2529 2002 2910 2060 animalibus.
2985 2005 3052 2060 Et
3102 1978 3250 2062 forte
3315 2008 3418 2080 qui
3476 2026 3594 2067 non
3651 1978 3744 2068 est

325 2097 688 2172 κακολογήσει
719 2094 862 2151 τὸέν
911 2094 1219 2169 ἀνθρώποις
1270 2090 1509 2166 ἄριστον,
1554 2092 1617 2144 τὸ
1665 2091 1873 2163 νοερὸν,
1902 2089 1976 2150 ὡς

329 2189 418 2244 οἶα
447 2187 746 2263 χείριστον.

401 2295 503 2351 λα’.
539 2295 617 2351 Τὸ
653 2290 709 2347 δὲ
741 2289 808 2361 δὴ
842 2297 1031 2367 χεῖρον
1065 2290 1117 2345 ἐν
1150 2297 1267 2352 τοῖς
1311 2287 1608 2355 τοιούτοις,
1636 2282 1718 2340 ὅτι
1779 2284 1979 2358 ψευσά»

335 2405 487 2457 μενοι
523 2382 614 2456 μέν
647 2403 778 2436 ποτε
810 2380 871 2435 οὐ
911 2381 1028 2443 καθ’
1059 2378 1329 2448 ἑκούσιον,
1359 2375 1686 2449 αἰδούμεθα,
1735 2375 1826 2429 καὶ
1889 2396 1980 2446 με-

329 2472 704 2546 ταμελόμεθα,
746 2469 835 2524 καὶ
904 2466 1326 2543 ἀπολογούμεθα
1396 2466 1527 2541 ὑπὲρ
1585 2468 1744 2538 ἡμῶν
1807 2463 1980 2518 αὐτῶν

333 2559 572 2634 ὁτιμάλα
603 2556 935 2620 σπουδαίως.
971 2558 1061 2612 καὶ
1115 2556 1440 2633 συγγνώμην
1492 2553 1870 2626 ἐξαιτούμεθα,
1907 2553 1981 2625 μὴ

331 2650 422 2705 καὶ
453 2648 672 2722 ἁλῶμεν
700 2652 798 2702 τοῦ
840 2644 1150 2721 ψεύδεσθαι.
1175 2643 1399 2706 ’Ἄλλως
1431 2643 1488 2698 δὲ
1517 2640 1842 2716 ψευδόμενοι
1872 2641 1987 2696 κατ’

335 2738 650 2814 ἐπίγνωσιν,
705 2734 795 2792 καὶ
837 2737 1180 2811 τεχνώμενοι
1238 2736 1338 2803 τήν
1385 2731 1772 2808 ψευδολογίαν,
1824 2733 1988 2786 ὁποῖα

336 2829 428 2883 καί
465 2849 518 2882 τι
568 2826 820 2902 λαμπρὸν
873 2824 1230 2896 ἐπιτήδευμα,
1263 2823 1399 2878 κατὰ
1443 2827 1550 2878 τῶν
1585 2820 1736 2876 οὐδὲν
1800 2819 1984 2875 αἰτίων

341 2914 708 2993 ἅϐρυνόμεθα,
757 2915 830 2976 ὡς
888 2912 1002 2969 οὐδ’
1059 2911 1117 2968 ἂν
1175 2911 1545 2988 τρισαριστεὺς
1599 2913 1735 2965 κατά
1792 2909 1988 2982 ὁμοίου

341 3007 516 3077 τινὸς,
543 3005 698 3072 νίκης
734 3005 870 3078 μέγα
893 3000 1057 3066 κῦδος
1087 3002 1375 3077 ἀράμενος,
1406 3001 1495 3056 καὶ
1529 2998 1643 3054 οὐδ’
1673 2998 1732 3054 ἂν
1768 2999 1795 3053 ὁ
1828 3000 1991 3073 μέγας

347 3093 658 3151 Αλλη-
808 3090 1034 3146 τ>λν

388 3111 510 3151 αυιο
562 3115 735 3155 ουτως
793 3114 938 3167 ηγαι
989 3113 1172 3146 ιασατο
1220 3095 1254 3160 ὴ
1316 3111 1680 3166 εκαυχνλσατο,
1720 3110 1810 3143 τον
1870 3087 1962 3142 αλι

343 3188 536 3262 τήριον
572 3182 752 3238 Σαοὺλ
782 3181 1136 3258 καταρρίψας,
1171 3181 1245 3245 ὡς
1283 3183 1446 3253 ἡμεῖς
1493 3178 1703 3254 μεγάλα
1761 3181 1993 3254 φρονοῦ-

351 3295 469 3348 μεν,
520 3275 610 3328 ὅτε
655 3269 744 3326 διὰ
789 3268 1064 3347 περινοίας
1130 3271 1514 3342 ὁρκωμοτικῆς
1573 3265 1997 3343 περιεγενόμεθά

2090 2109 2301 2150 sensus
2333 2109 2572 2164 compos
2631 2093 2787 2148 mala
2843 2093 2996 2148 dicet
3025 2095 3096 2150 de
3152 2095 3374 2167 optimo
3430 2097 3741 2156 hominum

2089 2183 2264 2253 dono,
2296 2181 2710 2252 intelligentia,
2743 2183 2913 2252 quasi
2946 2183 3207 2254 pessima
3235 2194 3406 2242 esset.

2161 2297 2250 2350 31.
2285 2295 2446 2360 Quod
2509 2299 2786 2366 praeterea
2847 2294 2905 2349 in
2962 2295 3183 2351 talibus
3240 2299 3409 2368 pejus
3465 2304 3568 2366 est,
3603 2316 3737 2356 cum

2095 2384 2240 2439 forte
2271 2383 2672 2454 postinvitum
2697 2384 3094 2449 mendacium,
3126 2387 3614 2455 erubescimus,et
3635 2405 3742 2445 nos

2093 2473 2336 2546 pcnnitet
2355 2478 2412 2528 et
2435 2490 2612 2544 quam
2631 2473 3080 2543 diligentissime
3093 2493 3333 2531 causam
3367 2479 3742 2536 defendimus

2097 2569 2360 2617 nostram
2389 2565 2562 2632 atque
2610 2561 2842 2616 veniam
2872 2562 3263 2633 postulamus,
3324 2582 3396 2621 ne
3454 2570 3749 2625 mendacii

2097 2651 2532 2706 convincamur.
2589 2651 2630 2704 Ε
2710 2655 2911 2706 contra
2976 2652 3024 2707 si
3100 2653 3354 2710 scienter
3411 2657 3746 2715 mentiendo

2098 2747 2430 2798 commenta
2459 2741 2782 2796 machinati
2811 2759 3040 2809 sumus,
3064 2748 3204 2800 tunc
3236 2748 3405 2817 quasi
3437 2748 3509 2804 de
3540 2752 3750 2821 agendi

2099 2830 2324 2892 ratione
2376 2829 2779 2900 meritissima,
2825 2847 2961 2886 cum
3019 2831 3285 2889 absolute
3333 2834 3750 2894 innocentibus

2100 2919 2440 2990 gloriamur,
2494 2916 2648 2973 sicut
2698 2935 2802 2974 nec
2848 2919 3136 2991 gloriatur
3181 2926 3271 2977 ter
3317 2930 3629 2982 coronatus
3678 2928 3750 2984 de

2102 3007 2377 3063 similiter
2402 3008 2676 3079 praeclare
2699 3008 2870 3077 facto,
2898 3009 3153 3066 victoriae
3175 3029 3457 3084 magnum
3481 3016 3748 3074 bravium

2105 3095 2399 3160 referens;
2459 3111 2564 3150 nec
2593 3095 2676 3150 sic
2732 3094 2964 3151 laetatus
3013 3102 3102 3152 est
3157 3116 3410 3172 magnus
3440 3102 3618 3159 David
3652 3110 3756 3161 aut

2105 3201 2167 3239 se
2196 3182 2402 3239 extulit
2445 3200 2580 3239 cum
2630 3183 2782 3238 hanc
2839 3191 3064 3257 pestem
3122 3187 3257 3244 Saul
3316 3191 3589 3260 (Goliath)
3621 3211 3752 3266 pro-

2107 3273 2330 3339 stravit,
2381 3272 2536 3328 sicut
2591 3290 2698 3329 nos
2760 3290 2971 3344 magna
3013 3277 3085 3331 de
3134 3277 3304 3334 nobis
3360 3282 3650 3338 sentimus
3687 3301 3755 3340 eo

342 3384 492 3426 τινος
525 3360 782 3440 ἀδελφοῦ,
841 3359 979 3414 ὅπου
1030 3381 1091 3434 γε
1139 3357 1265 3414 οὐδὲ
1321 3351 1794 3432 ἀλλοτρίουτινὸς
1851 3353 1993 3409 οὕτω

2111 3363 2265 3434 quod
2295 3361 2515 3416 astutia
2535 3363 2873 3432 juramento
2907 3363 3138 3420 ﬁrmata
3167 3367 3406 3424 fratrem
3439 3370 3760 3430 circumve-

344 3451 840 3527 καταστοχάζεσθαι
881 3451 1018 3524 χρὴ,
1063 3451 1139 3522 μὴ
1181 3447 1264 3503 ὅτι
1311 3469 1374 3523 γε
1420 3443 1764 3524 Χριπιανοῦ,
1798 3445 1995 3519 ὁμοίου

347 3544 513 3614 ἡμῖν.

425 3625 530 3685 λ6’.
562 3632 742 3687 Ταῦτα
774 3625 840 3698 δὴ
883 3627 1076 3696 πάντα,
1104 3627 1193 3681 καὶ
1249 3625 1348 3680 ὅσα
1397 3629 1624 3680 τοιαῦτα
1680 3629 2004 3700 χαρακτῆρα

355 3717 586 3793 ψεύδους
645 3715 969 3794 ὑπογράφει,
1023 3713 1236 3789 ψευδεῖς
1288 3713 1420 3769 εἶναι
1463 3711 1748 3782 δείκνυσιν,
1809 3712 1858 3767 εἴ
1914 3711 2005 3766 καὶ

365 3810 441 3881 μὴ
474 3809 676 3868 πάντας
717 3806 1052 3881 ἀνθρώπους,
1087 3803 1234 3859 ἀλλά
1293 3809 1423 3879 γοῦν
1482 3805 1632 3878 ἡμᾶς
1680 3801 1807 3864 τοὺς
1866 3801 2008 3857 οὕτω

364 3895 738 3969 διακειμένους
791 3896 915 3972 περὶ
967 3898 1067 3964 τὴν
1118 3891 1401 3965 ἀλήθειαν.
1435 3894 1642 3950 Ἐκεῖνο
1675 3889 1733 3946 δὲ
1783 3896 1899 3955 πῶς
1947 3888 2006 3944 ἂν

365 3985 450 4058 εἷή
513 3986 874 4060 ἀνθρώπινον,
906 3986 942 4055 ἢ
1002 3985 1078 4057 μὴ
1133 3983 1418 4057 ψευστικὸν
1468 3981 1910 4056 ἁνθρωπὸτητος,
1963 3978 2009 4034 εἷ

361 4079 470 4129 τῶν
524 4070 958 4146 σπουδαιοτέρων
1012 4072 1182 4148 ἔργων
1235 4071 1516 4148 ἀφέμενοι,
1567 4072 1849 4142 καθήμεθα
1911 4068 2010 4141 μά-

361 4185 462 4235 την
493 4163 636 4218 οὕτω
667 4161 792 4237 περὶ
826 4163 1050 4232 ζήτησιν
1109 4160 1206 4214 τοῦ
1255 4161 1370 4213 κατ’
1404 4156 1690 4224 ἀλλήλους
1743 4155 1866 4232 βίου
1910 4177 2010 4210 πο-

361 4253 620 4326 νούμενοι
673 4251 760 4305 καὶ
815 4248 1252 4326 διερευνώμενοι,
1287 4246 1349 4301 οὐ
1378 4246 1460 4308 τίς
1501 4246 1725 4320 ἀγαθὸς,
1754 4244 1838 4306 τίς
1891 4243 2014 4299 ἐνάλ-

364 4362 538 4417 ρετος,
595 4340 677 4403 τίς
735 4337 1010 4417 φιλόθεος,
1069 4334 1216 4392 ἀλλὰ
1281 4335 1362 4400 τίς
1418 4333 1772 4412 ἐφάμαρτοςς
1815 4333 1906 4388 ’ἱνα
1960 4333 2013 4388 τί

363 4430 602 4495 ἐντεῦθεν
634 4426 986 4506 κερδήσωμεν
1014 4446 1027 4497 ;
1052 4427 1116 4482 τὸ
1162 4425 1546 4502 καταγράφειν,
1571 4424 1636 4479 τὸ
1690 4421 2014 4498 καταγελᾷν,

362 4520 426 4574 τὸ
457 4518 747 4591 σκώπτειν,
779 4518 841 4572 τὸ
888 4511 1230 4589 διαϐάλλειν,
1257 4516 1337 4569 οτὸ
1386 4518 1758 4590 συκοφαντεῖν,
1789 4512 1878 4568 καὶ
1929 4509 2019 4566 διὰ

365 4608 582 4664 πάντων
614 4608 819 4663 τούτων
854 4608 1326 4684 ἄνθρωποφαγεῖνο
1363 4604 1425 4660 οὗ
1463 4603 1514 4657 τί
1566 4601 1626 4658 ἂν
1679 4599 1762 4671 εἷῆ
1813 4600 2019 4677 μιαρώ-

362 4718 519 4774 τερον
550 4697 640 4751 καὶ
667 4696 1083 4772 θεομισέστερον
1107 4714 1121 4764 ;

443 4800 545 4878 λγ’·
574 4803 635 4859 Ei
663 4799 720 4856 δὲ
747 4801 837 4856 καὶ
869 4797 1057 4863 ἄλλως
1111 4796 1458 4856 ἰπελευστέον
1510 4796 1574 4852 τὰ
1623 4801 1720 4852 τοῦ
1764 4793 2016 4871 ψεύδους,

369 4889 680 4966 ψευδόμεθα
708 4892 806 4959 τὴν
831 4889 1074 4964 πορείαν,
1107 4888 1234 4943 ἀταν
1268 4889 1321 4942 οἱ
1367 4883 1531 4950 πόδες
1571 4889 1730 4958 ἡμῶν
1791 4884 1866 4948 είς
1924 4907 2019 4940 κα-

366 4980 489 5036 κίαν
519 4981 816 5055 τρέχουσιν.
867 4977 977 5033 Οὐκ
1031 4975 1425 5047 ἐπαληθεύεται
1471 4977 1606 5048 ἡμῖν
1666 4971 1791 5030 οὐδὲ
1829 4977 1864 5044 ἡ
1897 4974 2023 5029 στά-

370 5090 476 5141 σις,
511 5070 600 5124 ὅτε
643 5065 1058 5140 ὑπενδιδόαμεν,
1089 5073 1190 5136 τῆς
1242 5062 1633 5137 σταθερότητος
1680 5064 1743 5118 τὸ
1797 5062 1848 5118 ἐν
1893 5064 2022 5140 ἀγα-

373 5164 492 5222 θοῖς
525 5157 923 5234 ἀπολεγόμενοι
952 5157 1236 5230 στάσιμον.
1271 5151 1600 5226 Ψευδόμεθα
1654 5153 1748 5214 τὰς
1800 5150 2022 5223 ἡδονὰς,

375 5247 464 5302 ὅτε
492 5245 973 5322 παρεξηυλημέναι
1035 5245 1134 5300 οὐκ
1179 5243 1463 5319 εὐρύθμως
1517 5241 1568 5297 ἐν
1623 5245 1756 5315 ἡμῖν
1818 5237 2022 5318 ἁρμότ-

373 5358 578 5393 τονται.
616 5333 939 5408 Ψευδόμεθα
968 5335 1061 5396 τὰς
1095 5332 1291 5404 λύπας,
1323 5334 1488 5402 ἡνίκα
1542 5331 1624 5406 ἐφ’
1655 5333 1743 5394 οἷς
1803 5331 1864 5386 οὗ
1912 5332 2024 5408 χρή

375 5427 771 5499 παθαινόμεθα.
807 5421 1129 5496 Ψευδόμεθα
1176 5424 1239 5477 τὸ
1290 5421 1523 5493 κλαίειν,
1555 5420 1645 5475 ὅτε
1685 5421 1773 5475 καὶ
1833 5441 2029 5492 κροκο-

380 5512 710 5588 δειλίζομεν,
767 5511 846 5592 ἐφ’
896 5513 978 5574 αἷς
1039 5513 1114 5584 μή
1175 5505 1379 5588 ἔχομεν
1437 5509 1731 5565 κατεσθίειν
1784 5507 2031 5580 ὁλοκλή-

382 5623 491 5680 ρως
515 5603 642 5668 τοὺς
673 5600 958 5681 ἀδελφούς.
993 5600 1090 5656 Καὶ
1125 5604 1229 5677 γαρ
1261 5621 1346 5655 τοι
1385 5599 1474 5654 καὶ
1524 5595 1880 5672 κροκόδειλος
1930 5619 2032 5653 πο-

378 5693 576 5765 τάμιος
605 5692 895 5767 ἀνθρώπου
926 5690 1370 5768 περιγενόμενος,
1401 5687 1491 5743 καὶ
1538 5689 1629 5743 τὸν
1690 5681 1821 5744 ὅλον
1872 5708 2034 5742 κατα-

384 5782 590 5849 σπάσας
646 5782 777 5858 ἄχρι
833 5781 922 5837 καὶ
969 5780 1042 5844 εἰς
1095 5777 1357 5859 κεφαλὴν,
1390 5777 1503 5834 εἶτα
1562 5778 1748 5852 μαθὼν
1800 5775 2032 5852 ἅσαρκον

2109 3453 2329 3520 nimus,
2362 3452 2504 3506 dum
2528 3468 2633 3507 nec
2658 3452 2915 3508 alienum
2940 3470 3298 3527 quemquam
3320 3464 3591 3530 appetere
3621 3461 3759 3518 lice-

2113 3545 2221 3606 ret,
2251 3541 2469 3596 nedum
2499 3539 2901 3597 Christianum
2934 3543 3104 3599 nobis
3135 3544 3413 3603 similem.

2183 3631 2275 3686 32.
2309 3635 2439 3685 Haec
2497 3629 2697 3685 omnia
2751 3635 2810 3687 et
2869 3648 3232 3707 quaecunque
3290 3637 3438 3694 tales
3469 3640 3763 3696 mendacii

2117 3725 2269 3776 notae
2300 3721 2634 3792 designant,
2683 3722 2995 3778 mendaces
3039 3741 3169 3780 esse
3215 3729 3538 3784 ostendunt
3566 3729 3616 3785 si
3649 3747 3764 3786 non

2118 3819 2359 3865 cunctos
2389 3809 2680 3877 homines,
2741 3809 2948 3867 saltem
2999 3830 3105 3869 nos
3161 3814 3246 3870 sic
3275 3832 3412 3888 erga
3468 3818 3767 3874 veritatem

2122 3900 2434 3954 animatos.
2488 3899 2637 3954 Illud
2685 3916 2817 3955 vero
2867 3904 3162 3972 quomodo
3219 3905 3544 3963 humanum
3595 3915 3770 3976 esset,

2125 3993 2227 4042 aut
2256 4004 2372 4041 non
2423 3987 2807 4043 humanitatis
2860 3991 3168 4061 mentiens,
3229 3995 3276 4048 si
3337 3997 3533 4052 studio
3563 3998 3774 4068 dignas

2122 4092 2329 4147 operas
2360 4076 2890 4146 praetermittentes,
2921 4095 3067 4136 vane
3113 4081 3386 4138 sedentes
3434 4084 3493 4138 in
3524 4084 3772 4142 aliorum

2121 4167 2249 4221 vitae
2283 4165 2720 4236 indagationem
2763 4165 2998 4222 solliciti
3052 4174 3109 4224 et
3156 4169 3521 4242 inquirentes
3562 4192 3773 4231 sumus

2127 4272 2240 4310 non
2275 4255 2408 4326 quis
2440 4254 2650 4321 bonus,
2685 4255 2820 4326 quis
2869 4254 3206 4322 laudabilis.
3257 4261 3390 4331 quis
3421 4262 3606 4318 Deum
3639 4262 3772 4318 dili-

2126 4360 2292 4424 gens,
2325 4343 2425 4397 sed
2453 4343 2585 4411 quis
2617 4349 2884 4414 peccator
2902 4344 2930 4398 ‘?
2981 4346 3050 4400 Et
3079 4347 3220 4417 quid
3264 4349 3414 4404 lucri
3445 4350 3650 4406 exinde
3677 4367 3777 4407 re-

2129 4431 2541 4504 portabimus?
2581 4448 2877 4499 accusare,
2923 4433 3189 4506 irridere,
3242 4439 3448 4494 acerbe
3495 4438 3778 4511 cavillari,

2129 4518 2495 4591 insimulare,
2527 4519 2898 4587 calumniari,
2947 4524 3345 4598 omnibusque
3399 4528 3530 4585 istis
3575 4530 3781 4585 rodere

2128 4606 2440 4673 homines;
2477 4623 2593 4677 quo
2647 4606 2784 4676 quid
2845 4609 3174 4680 scelestius,
3208 4612 3348 4684 quid
3408 4613 3618 4686 majori
3646 4613 3780 4671 odio

2049 4703 2095 4768 D
2127 4713 2324 4752 coram
2358 4697 2518 4752 Deo?

2199 4806 2289 4860 33.
2322 4796 2464 4860 Siet
2495 4804 2733 4861 aliunde
2786 4806 3004 4863 mentio
3037 4809 3107 4864 de
3151 4811 3457 4868 mendacio
3487 4810 3780 4879 habenda,

2130 4894 2254 4950 vias
2271 4898 2498 4950 nostras
2528 4896 2870 4963 mentimur,
2895 4898 3129 4968 quando
3155 4901 3330 4971 pedes
3352 4901 3537 4957 nostri
3558 4900 3785 4957 veloces

2133 4984 2193 5038 in
2227 4982 2450 5037 malum
2483 4994 2752 5070 currunt.
2786 4984 2902 5041 Nec
2945 4986 3161 5043 veritas
3204 4993 3294 5044 est
3324 4990 3480 5060 apud
3525 5006 3632 5045 nos
3664 4993 3790 5045 sta-

2135 5072 2234 5142 tio,
2268 5073 2504 5142 quando
2535 5078 2690 5126 retro
2721 5073 3008 5143 cedimus,
3043 5078 3380 5133 recedentes
3413 5097 3447 5134 a
3474 5077 3794 5134 stabilitate

2136 5177 2239 5231 per
2294 5160 2605 5214 stationem
2677 5161 2736 5214 in
2790 5162 2982 5218 bonis.
3061 5163 3383 5222 Mentimur
3438 5167 3795 5238 voluptates,

2137 5251 2375 5322 quando
2423 5253 2722 5307 exstinctae
2771 5270 2886 5307 non
2939 5255 3105 5310 nobis
3155 5260 3532 5314 concordant.
3584 5256 3792 5314 Menti-

2139 5357 2276 5395 mur
2335 5356 2613 5395 mmrores
2671 5343 2907 5411 quando
2965 5344 3034 5397 de
3093 5347 3312 5416 quibus
3388 5364 3504 5402 non
3565 5352 3797 5417 oportet

2141 5431 2314 5484 corde
2359 5428 2699 5500 afﬂigimur.
2753 5429 3072 5487 Mentimur
3114 5431 3513 5507 lacrymando,
3561 5437 3796 5507 quando

2144 5517 2438 5572 malitiose
2468 5517 2679 5572 ﬂemus
2701 5519 2981 5575 crocodili
3009 5536 3191 5588 more,
3225 5541 3292 5578 eo
3322 5525 3476 5595 quod
3507 5525 3678 5580 nobis
3709 5525 3804 5580 de—

2145 5606 2225 5662 sit
2271 5606 2510 5660 omnino
2563 5606 2772 5662 fratres
2820 5607 3136 5665 devorandi
3197 5612 3467 5669 facultas.
3514 5613 3610 5668 Sic
3641 5613 3799 5670 enim

2145 5702 2202 5752 et
2245 5695 2574 5754 crocodilus
2626 5697 2926 5753 ﬂuviatilis
2968 5706 3199 5773 arrepto
3258 5702 3518 5771 homine,
3557 5708 3801 5776 totoque

2149 5793 2347 5842 vorato
2382 5803 2566 5860 usque
2597 5787 2669 5841 ad
2702 5793 2878 5860 caput
2900 5806 2914 5858 ;
2939 5789 3149 5846 deinde
3181 5792 3561 5849 macilentam
3593 5809 3722 5850 esse
3743 5798 3800 5850 et
