4066 6370
409 409 558 471 1059

1180 406 1604 473 EUSTATHII
1649 406 2415 472 THESSALONICENSIS
2461 408 3046 476 METBOPOLITE

3663 419 3832 484 1060

405 543 476 597 ad
529 541 978 597 nutricationem
1033 540 1242 598 inutile
1297 551 1470 612 caput
1522 542 1808 615 cogitans,
1861 541 2054 614 laory-

2167 540 2336 610 αύτήν
2368 541 2619 597 εἶναικαὶ
2673 542 2897 618 ἀχρείαν
2953 543 3030 606 εἷς
3078 545 3303 620 βρῶσιν,
3350 546 3561 604 κλαίειν
3618 551 3827 623 tanta,

406 648 567 688 mare
597 631 745 700 vult,
806 647 921 686 non
955 647 1070 703 prae
1132 631 1534 688 misericordia
1580 633 1685 690 sed
1743 633 1882 704 quia
1908 631 2057 688 lucri

402 739 612 796 parum
642 722 853 779 eratin
909 721 1154 792 reliquo.
1207 723 1527 780 Mentimur
1582 730 1811 797 portam
1861 724 1962 781 Dei
1994 723 2054 780 in

401 812 570 868 nobis
601 812 963 878 claudentes,
996 812 1056 866 in
1093 813 1312 884 quibus
1344 813 1642 870 dissolutae
1675 814 1896 870 ostium
1928 828 2054 870 ma-

400 919 586 975 gnum
641 901 862 958 habent
917 906 1124 957 euntes
1183 907 1238 956 et
1294 903 1606 959 redeuntes
1664 903 2051 960 sensationes.

399 991 763 1064 Aspicientes
795 1007 912 1046 non
944 990 1288 1062 aspicimus,
1331 1008 1440 1048 nec
1487 992 1756 1049 novimus
1787 993 2049 1065 quidem,

400 1081 620 1151 Dignos
677 1079 832 1133 enim
888 1079 1272 1150 contemplari
1334 1079 1744 1151 dedignamur.
1801 1081 2051 1136 Hebeta-

400 1186 535 1224 mur
563 1167 699 1224 boni
734 1167 931 1223 odoris
984 1168 1290 1238 incapaces
1341 1168 1398 1222 in
1448 1169 1581 1224 vita;
1630 1169 1753 1225 luto
1783 1169 2050 1240 volutati,

398 1274 502 1312 nec
533 1272 640 1312 nos
670 1255 832 1327 ipsos
864 1255 1214 1311 inclinantes
1266 1257 1338 1311 ad
1387 1257 1489 1312 Dei
1535 1257 1755 1313 bonum
1786 1259 2047 1328 odorem,

395 1348 466 1403 ad
501 1345 792 1402 altissima
838 1345 1173 1400 tendentem
1228 1346 1396 1416 quasi
1452 1345 1794 1418 thymiama.
1831 1347 2046 1402 Auditu

394 1437 671 1493 audimus
702 1441 759 1490 et
790 1454 904 1490 non
939 1436 1351 1508 intelligimus.
1385 1438 1689 1493 Mentimur
1719 1444 1776 1494 et
1805 1445 2046 1511 gustum

394 1526 633 1598 quando
664 1541 779 1580 non
812 1529 1126 1595 gustamus
1158 1525 1300 1579 adeo
1331 1533 1398 1580 ut
1422 1526 1722 1581 videamus
1750 1528 1888 1599 quia
1917 1545 2049 1585 sua-

391 1615 481 1670 vis
509 1613 817 1670 Dominus.
849 1616 1065 1668 Tactus
1097 1629 1268 1683 porro
1292 1613 1549 1685 peccatis
1570 1613 1696 1686 ipse
1722 1631 1838 1671 non
1867 1621 2046 1686 caret,

393 1703 533 1776 quia
603 1702 882 1758 omnibus
956 1701 1234 1757 sensibus
1318 1702 1638 1774 arripimus
1716 1719 1844 1771 qua
1929 1722 2045 1762 non

391 1795 642 1865 oportet.
681 1790 811 1844 Dico
837 1793 894 1845 et
925 1806 1138 1845 novum
1173 1789 1395 1861 aliquid
1427 1808 1532 1862 pro
1582 1791 1822 1848 multis:
1860 1809 2044 1849 mem-

2166 629 2239 716 ού
2261 630 2396 705 πρὸς
2441 632 2638 702 οἶκτον,
2671 629 2799 687 ἀλλ’
2853 634 2936 688 ὅτι
2992 635 3159 710 μικρὰ
3202 633 3469 712 κερδαίνει
3510 644 3608 694 τοῦ
3666 641 3830 716 ἔγκα-

2162 715 2535 792 ταλείμματος
2570 763 2582 777 .
2644 717 2971 794 Ψευδόμεθα
3039 723 3101 778 τὸ
3175 728 3508 801 τεθυρῶσθαι
3570 729 3664 784 τὸν
3708 715 3828 784 τοῦ

2164 811 2298 861 Θεοῦ
2330 807 2381 863 ἐν
2412 811 2548 881 ἡμῖν
2583 811 2752 881 οἶκον,
2803 812 2888 871 οἷς
2937 811 3114 866 ἄνετοι
3163 808 3552 888 διαγάσκουσιν
3603 819 3659 871 αἱ
3703 820 3826 873 κατ’

2165 893 2321 949 αὐτὸν
2375 893 2754 969 εἷ’σοδοὲξοδοι,
2809 898 2863 951 αἱ
2894 896 2983 952 διὰ
3027 903 3135 953 τῶν
3195 899 3521 972 αίσθήσεων.
3578 904 3823 962 Βλίπον-

2161 1003 2248 1047 τες
2297 983 2358 1038 ού
2419 982 2718 1059 βλέπομεν,
2768 984 2883 1041 οὐδ’
2932 987 2996 1042 ού
3049 988 3125 1061 μὴ
3161 985 3387 1063 ἴδωμεν.
3437 993 3824 1070 Παρορώμιθα

2159 1072 2259 1147 γὰρ
2301 1072 2428 1135 τοὺς
2477 1073 2659 1144 ἀξίους
2707 1070 3166 1149 προσϐλέπισθαι.
3222 1083 3699 1155 Δυσαισθητοῦμεν
3749 1085 3822 1139 τὰ

2162 1160 2238 1225 είς
2292 1162 2498 1236 ἀγαθὴν
2547 1160 2748 1241 ὄσφραν
2785 1210 2798 1235 ,
2853 1160 3146 1240 βορϐόροις
3197 1167 3324 1242 βίου
3375 1167 3765 1243 ἐγκυλιόμενοι
3803 1218 3821 1245 ,

2157 1250 2248 1304 καὶ
2280 1249 2340 1304 ού
2400 1251 2746 1321 σκευάζοντες
2806 1255 2954 1325 ἡμᾶς
3015 1254 3208 1317 αὐτοὺς
3261 1255 3335 1318 είς
3366 1255 3597 1313 εὐωδίαν
3642 1261 3822 1329 θείαν,

2157 1340 2624 1413 κατευθυνομὲνην
2658 1341 2734 1403 είς
2764 1342 2856 1396 τὸν
2897 1344 3150 1416 Ὕψιστον
3197 1345 3270 1406 ὡς
3323 1346 3592 1420 θυμίαμα.
3640 1350 3819 1425 Ἀκοῇ

2156 1429 2452 1503 ἀκούομεν,
2501 1431 2592 1484 καί
2637 1431 2697 1485 οὐ
2746 1431 3016 1504 συνίεμεν.
3050 1429 3376 1506 Ψευδόμεθα
3422 1437 3514 1489 καὶ
3537 1438 3637 1506 τὴν
3689 1443 3822 1513 γεῦ-

2157 1539 2262 1594 σι-ν,
2289 1518 2380 1572 ὅτε
2412 1520 2488 1591 μὴ
2536 1517 2824 1592 γευόμεθα,
2878 1519 3017 1575 ὥστε
3061 1523 3153 1576 καὶ
3186 1519 3342 1595 ἰδεῖν,
3375 1525 3458 1580 ὅτι
3503 1527 3752 1600 χρηστὸς
3790 1529 3820 1581 ὁ

2157 1606 2383 1683 Κύριος.
2415 1609 2478 1662 Ἡ
2535 1605 2592 1663 δε
2640 1608 2774 1687 ἁφὴ,
2836 1607 2964 1663 ἀλλ’
2991 1610 3129 1679 αὐτὴ
3187 1611 3678 1688 πολυαμάρτητος,
3729 1615 3825 1693 ἂρ’

2156 1697 2238 1758 οἷς
2285 1694 2625 1773 δραττόμεθα
2669 1698 2806 1752 κατά
2851 1703 3024 1753 πᾶσαν
3083 1698 3354 1770 αἶ’σθησιν,
3404 1702 3475 1755 ὧν
3532 1703 3608 1774 μὴ
3667 1707 3816 1779 χρή,

2154 1781 2310 1841 Εἴπω
2341 1785 2429 1840 καί
2458 1806 2511 1840 τι
2543 1785 2741 1857 ξενίζον
2794 1785 2922 1849 τοὺς
2972 1785 3242 1850 πολλούς.
3301 1787 3626 1863 Ψευδόμεθα
3665 1794 3815 1868 πρὸς

393 1881 578 1937 timur
632 1880 691 1934 in
749 1877 1038 1934 amicitias
1095 1883 1154 1934 et
1208 1877 1573 1949 inimicitias,
1633 1898 1749 1936 non
1808 1881 1938 1938 ideo
1978 1888 2046 1938 ut

2152 1878 2219 1948 τῇ
2253 1873 2528 1980 φιλίᾳλκαῖ
2559 1875 2726 1946 αὐτὴν
2767 1877 2868 1945 τήν
2913 1874 3135 1953 ἔχθραν,
3186 1877 3294 1953 οὐχ
3324 1877 3465 1934 ὥστε
3505 1888 3612 1952 μὴν
3648 1880 3817 1937 ἐπαι-

390 1970 704 2027 laudemur
732 1969 807 2024 ob
863 1966 1001 2024 mali
1048 1967 1362 2039 defectum,
1411 1969 1514 2024 sed
1563 1970 1704 2041 quia
1757 1987 1865 2028 nec
1893 1971 2039 2028 illud

391 2063 548 2115 recta
574 2061 780 2127 regula
827 2056 1098 2127 facimus,
1148 2072 1256 2112 nec
1301 2056 1433 2112 odio
1489 2057 1778 2116 habemus
1808 2077 1908 2118 eos
1937 2062 2041 2133 qui

390 2147 561 2204 nobis
589 2145 723 2201 odio
779 2161 910 2200 esse
968 2145 1201 2200 debent.
1265 2146 1414 2201 Sunt
1471 2146 1648 2216 enim,
1699 2153 1840 2204 sunt
1890 2166 2040 2222 quos

385 2238 519 2292 odio
541 2238 652 2292 Deo
673 2235 840 2291 suavi
862 2233 1097 2290 odimus
1119 2238 1175 2290 et
1196 2234 1579 2307 implacabili,
1614 2253 1764 2309 quos
1780 2243 1838 2295 et
1861 2239 2038 2295 David

385 2325 733 2397 insipienter
759 2324 1021 2378 odientes
1053 2324 1382 2379 detestatur
1411 2325 1544 2380 odio
1577 2343 1877 2398 supremo.

455 2416 544 2469 34.
578 2414 689 2470 Sed
723 2412 866 2467 inibi
899 2412 1228 2468 necessario
1260 2413 1436 2468 ﬁnem
1482 2414 1722 2486 impono
1757 2433 1870 2487 prae
1903 2417 2037 2472 hor-

385 2522 515 2562 rore
535 2505 896 2575 (exsecratus
913 2518 1046 2556 sum
1064 2502 1222 2557 enim
1245 2502 1566 2559 immanem
1584 2503 1736 2560 hanc
1754 2505 2034 2578 belluam,

385 2592 1069 2662 inimicitiam,tanquam
1094 2595 1150 2647 et
1177 2591 1498 2646 daemonem
1525 2592 1720 2664 ipsum
1748 2595 1846 2666 qui
1873 2594 2033 2651 illam

382 2682 537 2738 intra
568 2687 734 2755 septa
760 2680 1062 2751 continet),
1099 2680 1156 2735 in
1207 2680 1396 2750 ipsam
1432 2698 1598 2736 arma
1655 2699 1886 2739 sumam
1921 2683 2033 2740 alio

381 2788 668 2834 sermone,
701 2787 817 2844 quo
865 2771 1113 2842 sagittas
1144 2770 1415 2825 emittens
1468 2776 1642 2842 prout
1671 2779 1910 2828 sanctus
1940 2775 2034 2828 di-

381 2861 525 2933 riget
579 2860 835 2933 Spiritus
885 2859 984 2930 qui
1046 2859 1327 2914 adversus
1359 2861 1651 2930 ejusmodi
1720 2861 1870 2916 mala
1916 2862 2032 2918 tela

378 2951 562 3017 cudit,
596 2967 693 3006 vos
719 2949 953 3018 judices
980 2949 1050 3002 de
1083 2951 1245 3002 tanto
1278 2964 1450 3019 opere
1500 2965 1757 3006 sumam.
1793 2951 2031 3006 lnterim

379 3037 664 3094 auxilium
702 3035 840 3090 mihi
874 3035 932 3090 in
987 3034 1284 3090 molitione
1324 3035 1438 3091 ista
1489 3037 1747 3108 praebere
1793 3039 2032 3110 incipite

379 3144 480 3199 per
513 3142 708 3198 preces
731 3133 788 3180 et
818 3123 1280 3196 supplicationes
1315 3125 1389 3179 ad
1423 3125 1605 3180 Deum
1649 3126 2028 3196 altissimum,

377 3233 526 3286 quas
557 3215 847 3286 erigentes
900 3213 970 3268 ad
1024 3213 1206 3268 Deum
1251 3216 1307 3268 et
1359 3229 1464 3269 vos
1511 3231 1884 3271 communem
1927 3217 2027 3273 ho-

2149 1969 2350 2028 νεῖσθαι
2411 1961 2501 2018 διὰ
2544 1965 2644 2034 τὴν
2702 1968 2798 2020 τοῦ
2853 1968 3022 2020 κακοῦ
3078 1964 3354 2041 στέρησιν,
3405 1965 3534 2024 ἀλλ’
3586 1967 3671 2024 ὅτι
3728 1972 3813 2043 μή

2149 2051 2452 2125 ποιούμεθα
2485 2049 2615 2125 μηδ’
2645 2051 2774 2107 αὐτὸ
2823 2052 2970 2127 ὀρθῷ
2997 2053 3205 2122 κανόνι,
3238 2051 3363 2110 ούδέ
3411 2055 3810 2133 ἰχθραίνομέν,

2150 2143 2229 2203 οἷς
2281 2141 2673 2214 ἀπαιτούμεθα.
2725 2141 2844 2198 Eia?
2892 2144 3016 2219 γὰρ,
3049 2144 3206 2211 εἷ’σὶν,
3261 2146 3344 2206 οῖς
3397 2144 3670 2224 θεοφιλῶς
3702 2147 3814 2223 ἐχ·-

2150 2234 2448 2304 θρανοῦμεν
2496 2228 2901 2300 ἀκατάλλακτα,
2960 2231 3052 2294 οὒς
3107 2233 3196 2287 καὶ
3257 2234 3286 2288 ὁ
3330 2231 3493 2289 Δαυίδ
3555 2237 3813 2308 ματαίως

2148 2319 2532 2394 ἐχθραίνοντας
2569 2325 2717 2392 μισεῖ
2749 2325 2908 2392 μῖσος
2936 2319 3168 2377 τὲλειον.

2220 2406 2320 2463 λδ’.
2351 2407 2510 2464 Ἀλλ’
2561 2408 2783 2462 ἐνταῦθα
2825 2411 3162 2480 καταστήσας
3212 2409 3516 2486 ἀναγκαίως
3563 2413 3655 2467 τὸν
3711 2413 3817 2469 λό-

2143 2517 2236 2571 γον
2267 2494 2357 2551 διὰ
2384 2498 2482 2565 τήν
2515 2497 2712 2574 φρίκην
2764 2498 3023 2575 (πέφρικα
3073 2499 3175 2573 γὰρ
3223 2500 3286 2554 τὸ
3317 2500 3598 2577 κάρχαρον
3640 2507 3816 2559 τοῦτο

2145 2586 2356 2662 θηρίον,
2381 2587 2481 2655 τήν
2515 2582 2734 2661 ἔχθραν,
2783 2589 2919 2651 καθὰ
2966 2589 3054 2642 καὶ
3104 2588 3264 2642 αὐτὸν
3316 2587 3571 2662 δαίμονα,
3621 2591 3684 2655 ὃς
3715 2592 3819 2647 αὐ-

2141 2677 2242 2745 τὴν
2292 2675 2694 2748 λεοντοκομεῖ),
2748 2678 3144 2750 συσκευάσομαι
3195 2679 3311 2732 κατ’
3363 2678 3534 2748 αὐτῆς
3565 2677 3634 2734 δι’
3689 2680 3812 2736 ἒτέ-

2144 2786 2240 2841 ρου
2273 2764 2464 2840 λόγου,
2495 2763 2547 2820 ἐν
2581 2765 2626 2836 ᾧ
2658 2766 3178 2838 κατατοξασάμενος,
3202 2767 3275 2828 ὡς
3303 2766 3366 2822 τὸ
3399 2768 3549 2844 ἅγιον
3577 2774 3815 2842 Πνεῦμα

2142 2856 2472 2929 χορηγήσει,
2514 2854 2542 2907 ὃ
2581 2851 2867 2928 βελοποιεῖ
2894 2855 3032 2909 κατὰ
3056 2859 3164 2909 τῶν
3195 2857 3461 2911 τοιούτων
3485 2861 3810 2928 κακῶν,πα-

2140 2942 2464 3017 ραλήψομαι
2499 2943 2639 3014 ὑμᾶς
2670 2942 3042 3018 ἐπιγνώμονας
3073 2944 3164 2998 καὶ
3194 2949 3290 2999 τοῦ
3326 2945 3580 3001 τοιούτου
3611 2945 3809 3022 ἔργου.

2139 3038 2225 3104 Τῷ
2252 3034 2386 3096 τὲως
2420 3033 2477 3088 δὲ
2508 3030 2734 3107 ἄρξασθὲ
2767 3055 2859 3106 μοι
2893 3029 3456 3108 συνεπιλαμϐάνεσσαι
3487 3043 3587 3107 τῆς
3612 3035 3810 3113 ἐγχει-

2140 3124 2350 3196 ρήσεως
2402 3123 2606 3193 ἐκείνης
2655 3119 2745 3176 διὰ
2795 3127 3000 3198 χειρῶν
3030 3125 3278 3178 ἱκετικῶν
3309 3125 3385 3187 εἵς
3424 3125 3517 3180 τὸν
3569 3125 3807 3200 ὕψιστον

2140 3211 2355 3284 Κύριον,
2389 3211 2448 3274 ἃς
2497 3211 2860 3274 ἀνατείνοντες
2909 3212 2986 3274 εἷς
3015 3211 3216 3268 ἐκεῖνον
3262 3215 3680 3287 κατατοξεύσετε
3710 3217 3804 3272 καὶ

375 3311 524 3358 stem
555 3302 878 3373 configetis.
914 3303 1194 3372 Assurgat
1241 3316 1377 3372 ergo
1411 3301 1571 3358 vobis
1616 3301 1826 3358 intima
1869 3321 2027 3376 spes,

2150 3301 2297 3356 αὐτοὶ
2346 3300 2488 3356 οὕτω
2531 3301 2622 3354 τὸν
2670 3301 2850 3355 κοινὸν
2890 3300 3109 3378 ἐχθρόν.
3160 3304 3569 3378 Ὑποτρεφὲσθω
3611 3303 3806 3361 τοίνυν

375 3409 492 3447 non
538 3390 777 3462 longum
838 3405 1148 3444 evasurum
1208 3394 1445 3460 tempus
1499 3390 1641 3462 quin
1699 3409 2030 3450 sermonem

373 3481 577 3550 alium,
606 3479 722 3535 Deo
755 3480 952 3542 dante,
987 3477 1254 3532 doctrina
1284 3478 1524 3550 plenum
1577 3481 1743 3537 vobis
1774 3483 2027 3554 protule-

372 3571 506 3636 rim,
542 3571 622 3624 ita
655 3574 720 3623 ut
751 3569 834 3623 sic
863 3567 962 3623 alii
995 3567 1125 3622 aliis
1158 3568 1478 3624 concordes
1526 3571 1738 3640 simus,
1779 3570 1914 3627 licet
1941 3572 2025 3628 lo-

375 3676 575 3716 corum
636 3658 855 3712 ﬁnibus
913 3656 1505 3725 circumscribamur,
1557 3664 1615 3715 et
1669 3661 2024 3718 disserentes

373 3751 445 3804 de
475 3749 651 3803 rebus
709 3746 825 3801 lleo
857 3746 1007 3802 caris
1063 3750 1123 3801 et
1159 3746 1438 3813 exauditi,
1495 3752 1553 3803 et
1599 3748 1685 3805 sic
1732 3750 2020 3823 delectati,

372 3837 617 3910 gloriam
651 3835 928 3890 dabimus
977 3834 1164 3890 Verbo
1217 3835 1316 3906 qui
1350 3837 1421 3891 ab
1451 3835 1620 3892 initio
1669 3843 1726 3893 et
1756 3845 1889 3896 ante
1913 3857 2020 3896 sa-

371 3927 503 3983 cula
531 3929 640 3991 est,
697 3924 866 3990 cuius
913 3923 1098 3995 gloria
1152 3924 1209 3978 in
1270 3925 1620 3980 saeculorum
1679 3929 1892 3984 saecula
1922 3946 2016 3987 ex-

372 4021 549 4084 tenta,
584 4015 760 4070 ﬁnem
791 4012 1005 4069 habere
1037 4028 1148 4068 non
1183 4017 1375 4086 potest
1405 4031 1689 4088 unquam.
1724 4019 1928 4075 Amen.

2141 3390 2266 3462 ὑμῖν
2301 3389 2478 3459 ἐλπὶς,
2507 3390 2582 3452 ὡς
2630 3388 2691 3444 ού
2741 3388 2916 3452 πολὺς
2965 3388 3260 3466 παρελάσει
3306 3392 3532 3468 χρόνος,
3565 3393 3657 3448 καὶ
3709 3391 3812 3448 λό-

2136 3502 2228 3557 γον
2259 3477 2466 3552 ἓτερον,
2499 3482 2632 3534 Θεοῦ
2660 3475 2718 3532 δὲ
2739 3475 2928 3540 δόντος
2951 3475 3352 3550 διδασκαλικὸν,
3387 3482 3516 3553 ὑμῖν
3550 3480 3812 3559 ἐκφωνή-

2134 3591 2322 3643 σομεν,
2349 3566 2440 3623 ’ίνα
2468 3568 2558 3623 καὶ
2591 3566 2734 3622 οὕτω
2757 3572 3002 3641 συνῶμεν
3030 3567 3328 3639 ἀλλήλοις,
3361 3570 3409 3625 εί
3430 3570 3520 3625 καὶ
3543 3573 3684 3625 κατὰ
3705 3573 3808 3627 τό-

2133 3680 2232 3713 πον
2267 3657 2638 3736 ἀφωρίσμεθα,
2671 3656 2762 3711 καὶ
2793 3655 3115 3730 ὁμιλοῦντες
3145 3658 3213 3713 τὰ
3237 3662 3318 3730 τῷ
3367 3663 3482 3731 Θεῷ
3511 3658 3668 3736 φίλα,
3705 3661 3808 3717 καὶ

2132 3747 2548 3820 εἰσακουόμενοι
2577 3747 2667 3801 καὶ
2701 3745 2842 3801 οὕτω
2870 3747 3220 3821 τερπόμενοι,
3253 3745 3409 3820 δόξαν
3441 3748 3805 3821 ἀναπέμποι-

2135 3859 2229 3912 μεν
2259 3841 2337 3908 τῷ
2359 3836 2409 3891 ἐν
2435 3836 2583 3911 ἀρχῇ
2605 3837 2711 3909 πρὸ
2735 3840 2840 3890 τῶν
2865 3835 3076 3891 αἰώνων
3102 3837 3286 3912 Λόγῳ,
3309 3838 3480 3913 οὗπερ
3562 3836 3696 3912 δόξα
3718 3840 3805 3904 είς

2128 3927 2324 3988 αἶ’ὧνας
2379 3925 2590 3980 αἰώνων
2641 3926 3100 4001 παρεκτεινομένη
3159 3928 3324 4002 πὲρας
3357 3928 3456 3982 οὐκ
3511 3926 3570 3982 ἂν
3617 3931 3801 4007 σχοίη

2126 4018 2277 4074 ποτὲ.
2308 4017 2510 4090 Ἀμήν.

1226 4361 1368 4423 Alia
1397 4361 1718 4424 Eustathz'i
1739 4363 1968 4445 scripta
1999 4375 2191 4428 tomus
2219 4383 2460 4448 sequens
2489 4361 2911 4444 complectitur.

3769 6367 3771 6370 .
3827 6329 4032 6370 ..νεῖμε-’ἐξά
4052 6181 4064 6356 J
