  <div class='ocr_page' id='page_1' title='image "/cluster/home/n/w/nwhite01/storage/ocr_20150623/135/nnc1.0046979727/011.png"; bbox 0 0 4220 6440; ppageno 0'>
   <div class='ocr_carea' id='block_1_1' title="bbox 1561 403 3148 500">
    <p class='ocr_par' dir='ltr' id='par_1_1' title="bbox 1561 403 3148 500">
     <span class='ocr_line' id='line_1_1' title="bbox 1561 403 3148 500; baseline 0.003 -6"><span class='ocrx_word' id='word_1_1' title='bbox 1561 403 2231 498; x_wconf 81' lang='lat' dir='ltr'><strong><em>&#39;I‘BADI&#39;I‘IO</em></strong></span> <span class='ocrx_word' id='word_1_2' title='bbox 2317 405 3148 500; x_wconf 82' lang='lat' dir='ltr'><strong><em>CATHOLICA.</em></strong></span> 
     </span>
    </p>
   </div>
   <div class='ocr_carea' id='block_1_2' title="bbox 1227 590 3077 839">
    <p class='ocr_par' dir='ltr' id='par_1_2' title="bbox 1227 590 3077 839">
     <span class='ocr_line' id='line_1_2' title="bbox 1227 590 3077 839; baseline 0.003 -191"><span class='ocrx_word' id='word_1_3' title='bbox 1227 698 1253 839; x_wconf 66' lang='grc' dir='ltr'><em>Ι</em></span> <span class='ocrx_word' id='word_1_4' title='bbox 1388 639 1595 707; x_wconf 78' lang='lat'><strong><em>/</em></strong></span> <span class='ocrx_word' id='word_1_5' title='bbox 1644 590 2109 653; x_wconf 51' lang='lat' dir='ltr'><strong><em>Sx-ECULUM</em></strong></span> <span class='ocrx_word' id='word_1_6' title='bbox 2169 592 2337 660; x_wconf 83' lang='lat' dir='ltr'><strong><em>XII,</em></strong></span> <span class='ocrx_word' id='word_1_7' title='bbox 2401 593 2641 652; x_wconf 81' lang='lat' dir='ltr'><strong><em>ANNI</em></strong></span> <span class='ocrx_word' id='word_1_8' title='bbox 2708 593 3077 655; x_wconf 84' lang='lat'><strong>1190-1200.</strong></span> 
     </span>
    </p>
   </div>
   <div class='ocr_carea' id='block_1_3' title="bbox 1141 708 1402 827">
    <p class='ocr_par' dir='ltr' id='par_1_3' title="bbox 1141 708 1402 827">
     <span class='ocr_line' id='line_1_3' title="bbox 1141 708 1402 827; baseline -0.015 -5"><span class='ocrx_word' id='word_1_9' title='bbox 1141 708 1402 827; x_wconf 71' lang='lat'><strong><em>.135</em></strong></span> 
     </span>
    </p>
   </div>
   <div class='ocr_carea' id='block_1_4' title="bbox 952 688 2739 976">
    <p class='ocr_par' dir='ltr' id='par_1_4' title="bbox 952 688 2739 976">
     <span class='ocr_line' id='line_1_4' title="bbox 952 688 2739 976; baseline 0.002 -7"><span class='ocrx_word' id='word_1_10' title='bbox 952 688 1160 857; x_wconf 38' lang='grc' dir='ltr'><strong><em>σθ’</em></strong></span> <span class='ocrx_word' id='word_1_11' title='bbox 1227 698 1402 839; x_wconf 52' lang='lat' dir='ltr'><strong><em>BS</em></strong></span> <span class='ocrx_word' id='word_1_12' title='bbox 2002 853 2739 976; x_wconf 80' lang='lat' dir='ltr'><strong>ELENCHUS</strong></span> 
     </span>
    </p>
   </div>
   <div class='ocr_carea' id='block_1_5' title="bbox 765 1073 3958 1171">
    <p class='ocr_par' dir='ltr' id='par_1_5' title="bbox 765 1073 3958 1171">
     <span class='ocr_line' id='line_1_5' title="bbox 765 1073 3958 1171; baseline 0.002 -28"><span class='ocrx_word' id='word_1_13' title='bbox 765 1073 1273 1145; x_wconf 78' lang='lat' dir='ltr'><strong><em>AUCTOBUM</em></strong></span> <span class='ocrx_word' id='word_1_14' title='bbox 1340 1074 1460 1145; x_wconf 89' lang='lat' dir='ltr'><strong><em>ET</em></strong></span> <span class='ocrx_word' id='word_1_15' title='bbox 1527 1073 1914 1145; x_wconf 80' lang='lat' dir='ltr'><strong><em>OPERUM</em></strong></span> <span class='ocrx_word' id='word_1_16' title='bbox 1986 1075 2136 1157; x_wconf 81' lang='lat' dir='ltr'><strong><em>QUI</em></strong></span> <span class='ocrx_word' id='word_1_17' title='bbox 2210 1076 2296 1146; x_wconf 79' lang='lat' dir='ltr'><strong>IN</strong></span> <span class='ocrx_word' id='word_1_18' title='bbox 2364 1076 2542 1149; x_wconf 84' lang='lat' dir='ltr'><strong><em>HOC</em></strong></span> <span class='ocrx_word' id='word_1_19' title='bbox 2601 1077 2856 1149; x_wconf 76' lang='lat' dir='ltr'><strong><em>TOMO</em></strong></span> <span class='ocrx_word' id='word_1_20' title='bbox 2918 1077 3240 1151; x_wconf 80' lang='lat' dir='ltr'><strong>CXXXV</strong></span> <span class='ocrx_word' id='word_1_21' title='bbox 3295 1078 3958 1171; x_wconf 77' lang='lat' dir='ltr'><strong><em>CONTINENTUB</em></strong></span> 
     </span>
    </p>
   </div>
   <div class='ocr_carea' id='block_1_6' title="bbox 2114 1267 2620 1301">
    <p class='ocr_par' dir='ltr' id='par_1_6' title="bbox 2114 1267 2620 1301">
     <span class='ocr_line' id='line_1_6' title="bbox 2114 1267 2620 1301; baseline 0.012 -15"><span class='ocrx_word' id='word_1_22' title='bbox 2114 1267 2620 1301; x_wconf 43' lang='lat'><strong><em>_.__‘..,__</em></strong></span> 
     </span>
    </p>
   </div>
   <div class='ocr_carea' id='block_1_7' title="bbox 1928 1521 2794 1582">
    <p class='ocr_par' dir='ltr' id='par_1_7' title="bbox 1928 1521 2794 1582">
     <span class='ocr_line' id='line_1_7' title="bbox 1928 1521 2794 1582; baseline 0.002 -2"><span class='ocrx_word' id='word_1_23' title='bbox 1928 1521 2331 1582; x_wconf 75' lang='lat' dir='ltr'><strong><em>JOANNES</em></strong></span> <span class='ocrx_word' id='word_1_24' title='bbox 2390 1522 2794 1582; x_wconf 76' lang='lat' dir='ltr'><strong><em>ZONARAS</em></strong></span> 
     </span>
    </p>
   </div>
   <div class='ocr_carea' id='block_1_8' title="bbox 763 1626 3965 1702">
    <p class='ocr_par' dir='ltr' id='par_1_8' title="bbox 763 1626 3965 1702">
     <span class='ocr_line' id='line_1_8' title="bbox 763 1626 3965 1702; baseline 0.001 -16"><span class='ocrx_word' id='word_1_25' title='bbox 763 1628 1047 1688; x_wconf 77' lang='lat' dir='ltr'><strong><em>Annales</em></strong></span> <span class='ocrx_word' id='word_1_26' title='bbox 1086 1626 1591 1702; x_wconf 89' lang='lat' dir='ltr'><strong><em>(Continuatio).</em></strong></span> <span class='ocrx_word' id='word_1_27' title='bbox 3576 1630 3706 1692; x_wconf 90' lang='lat' dir='ltr'><strong><em>Col.</em></strong></span> <span class='ocrx_word' id='word_1_28' title='bbox 3922 1630 3965 1690; x_wconf 89' lang='lat'><strong>9</strong></span> 
     </span>
    </p>
   </div>
   <div class='ocr_carea' id='block_1_9' title="bbox 768 1706 3966 1785">
    <p class='ocr_par' dir='ltr' id='par_1_9' title="bbox 768 1706 3966 1785">
     <span class='ocr_line' id='line_1_9' title="bbox 768 1706 3966 1785; baseline 0.001 -19"><span class='ocrx_word' id='word_1_29' title='bbox 768 1707 1056 1785; x_wconf 86' lang='lat' dir='ltr'><strong><em>Epitome</em></strong></span> <span class='ocrx_word' id='word_1_30' title='bbox 1078 1724 1387 1766; x_wconf 87' lang='lat' dir='ltr'><strong><em>annorum</em></strong></span> <span class='ocrx_word' id='word_1_31' title='bbox 1412 1706 1485 1766; x_wconf 89' lang='lat' dir='ltr'><strong><em>ab</em></strong></span> <span class='ocrx_word' id='word_1_32' title='bbox 1509 1708 1560 1766; x_wconf 75' lang='grc' dir='ltr'><em>Α</em></span> <span class='ocrx_word' id='word_1_33' title='bbox 1572 1707 1716 1766; x_wconf 90' lang='lat' dir='ltr'><strong><em>dam</em></strong></span> <span class='ocrx_word' id='word_1_34' title='bbox 1741 1726 1932 1785; x_wconf 82' lang='lat' dir='ltr'><strong><em>usque</em></strong></span> <span class='ocrx_word' id='word_1_35' title='bbox 1952 1709 2034 1768; x_wconf 89' lang='lat' dir='ltr'><strong><em>ad</em></strong></span> <span class='ocrx_word' id='word_1_36' title='bbox 2054 1726 2295 1768; x_wconf 88' lang='lat' dir='ltr'><strong><em>annmn</em></strong></span> <span class='ocrx_word' id='word_1_37' title='bbox 2316 1709 2499 1777; x_wconf 78' lang='lat'><strong>6589,</strong></span> <span class='ocrx_word' id='word_1_38' title='bbox 2525 1709 2635 1767; x_wconf 75' lang='lat' dir='ltr'><strong><em>hor</em></strong></span> <span class='ocrx_word' id='word_1_39' title='bbox 2655 1714 2742 1768; x_wconf 74' lang='lat' dir='ltr'><strong><em>cst</em></strong></span> <span class='ocrx_word' id='word_1_40' title='bbox 2761 1711 2844 1769; x_wconf 88' lang='lat' dir='ltr'><strong><em>ad</em></strong></span> <span class='ocrx_word' id='word_1_41' title='bbox 2866 1710 3122 1771; x_wconf 88' lang='lat' dir='ltr'><strong><em>initium</em></strong></span> <span class='ocrx_word' id='word_1_42' title='bbox 3146 1710 3359 1770; x_wconf 68' lang='lat' dir='ltr'><strong><em>Alerii</em></strong></span> <span class='ocrx_word' id='word_1_43' title='bbox 3383 1710 3707 1773; x_wconf 88' lang='lat' dir='ltr'><strong><em>Comneni.</em></strong></span> <span class='ocrx_word' id='word_1_44' title='bbox 3838 1710 3966 1770; x_wconf 85' lang='lat'>327</span> 
     </span>
    </p>
   </div>
   <div class='ocr_carea' id='block_1_10' title="bbox 766 1787 3967 1865">
    <p class='ocr_par' dir='ltr' id='par_1_10' title="bbox 766 1787 3967 1865">
     <span class='ocr_line' id='line_1_10' title="bbox 766 1787 3967 1865; baseline 0.001 -19"><span class='ocrx_word' id='word_1_45' title='bbox 766 1790 1152 1864; x_wconf 80' lang='lat' dir='ltr'><strong><em>Argumenta</em></strong></span> <span class='ocrx_word' id='word_1_46' title='bbox 1182 1805 1386 1847; x_wconf 87' lang='lat' dir='ltr'><strong><em>rerum</em></strong></span> <span class='ocrx_word' id='word_1_47' title='bbox 1417 1805 1555 1865; x_wconf 67' lang='lat' dir='ltr'><strong><em>quae</em></strong></span> <span class='ocrx_word' id='word_1_48' title='bbox 1588 1787 1654 1847; x_wconf 91' lang='lat' dir='ltr'><strong><em>in</em></strong></span> <span class='ocrx_word' id='word_1_49' title='bbox 1688 1787 1966 1848; x_wconf 84' lang='lat' dir='ltr'><strong><em>Joannis</em></strong></span> <span class='ocrx_word' id='word_1_50' title='bbox 1995 1789 2264 1849; x_wconf 65' lang='lat' dir='ltr'><strong><em>Zonaras</em></strong></span> <span class='ocrx_word' id='word_1_51' title='bbox 2294 1789 2657 1850; x_wconf 83' lang='lat' dir='ltr'><strong><em>Annalibus</em></strong></span> <span class='ocrx_word' id='word_1_52' title='bbox 2688 1790 3097 1850; x_wconf 81' lang='lat' dir='ltr'><strong><em>continentur.</em></strong></span> <span class='ocrx_word' id='word_1_53' title='bbox 3840 1789 3967 1850; x_wconf 88' lang='lat'><strong><em>333</em></strong></span> 
     </span>
    </p>
   </div>
   <div class='ocr_carea' id='block_1_11' title="bbox 767 1867 3966 1947">
    <p class='ocr_par' dir='ltr' id='par_1_11' title="bbox 767 1867 3966 1947">
     <span class='ocr_line' id='line_1_11' title="bbox 767 1867 3966 1947; baseline 0.001 -21"><span class='ocrx_word' id='word_1_54' title='bbox 767 1869 860 1926; x_wconf 91' lang='lat' dir='ltr'><strong><em>De</em></strong></span> <span class='ocrx_word' id='word_1_55' title='bbox 906 1867 1220 1927; x_wconf 77' lang='lat' dir='ltr'><strong><em>Hebdomo</em></strong></span> <span class='ocrx_word' id='word_1_56' title='bbox 1266 1867 1601 1947; x_wconf 86' lang='lat' dir='ltr'><strong><em>Cpolitano</em></strong></span> <span class='ocrx_word' id='word_1_57' title='bbox 1646 1867 1752 1927; x_wconf 91' lang='lat' dir='ltr'><strong><em>Du</em></strong></span> <span class='ocrx_word' id='word_1_58' title='bbox 1800 1868 2030 1944; x_wconf 89' lang='lat' dir='ltr'><strong><em>Cangii</em></strong></span> <span class='ocrx_word' id='word_1_59' title='bbox 2075 1868 2455 1947; x_wconf 85' lang='lat' dir='ltr'><strong><em>Disquisitio</em></strong></span> <span class='ocrx_word' id='word_1_60' title='bbox 2498 1869 2961 1947; x_wconf 88' lang='lat' dir='ltr'><strong><em>topographica.</em></strong></span> <span class='ocrx_word' id='word_1_61' title='bbox 3016 1916 3019 1921; x_wconf 49' lang='grc' dir='ltr'><em>ν</em></span> <span class='ocrx_word' id='word_1_62' title='bbox 3839 1868 3966 1930; x_wconf 87' lang='grc'><strong><em>387</em></strong></span> 
     </span>
    </p>
   </div>
   <div class='ocr_carea' id='block_1_12' title="bbox 764 1947 3965 2025">
    <p class='ocr_par' dir='ltr' id='par_1_12' title="bbox 764 1947 3965 2025">
     <span class='ocr_line' id='line_1_12' title="bbox 764 1947 3965 2025; baseline 0 -17"><span class='ocrx_word' id='word_1_63' title='bbox 764 1948 987 2008; x_wconf 89' lang='lat' dir='ltr'><strong><em>Canon</em></strong></span> <span class='ocrx_word' id='word_1_64' title='bbox 1036 1949 1100 2007; x_wconf 91' lang='lat' dir='ltr'><strong><em>in</em></strong></span> <span class='ocrx_word' id='word_1_65' title='bbox 1149 1947 1256 2007; x_wconf 84' lang='lat' dir='ltr'><strong><em>SS.</em></strong></span> <span class='ocrx_word' id='word_1_66' title='bbox 1307 1947 1679 2025; x_wconf 85' lang='lat' dir='ltr'><strong><em>Deiparam.</em></strong></span> <span class='ocrx_word' id='word_1_67' title='bbox 3841 1948 3965 2009; x_wconf 73' lang='lat'><strong><em>413</em></strong></span> 
     </span>
    </p>
   </div>
   <div class='ocr_carea' id='block_1_13' title="bbox 768 2028 3714 2105">
    <p class='ocr_par' dir='ltr' id='par_1_13' title="bbox 768 2028 3714 2105">
     <span class='ocr_line' id='line_1_13' title="bbox 768 2028 3714 2105; baseline 0.001 -18"><span class='ocrx_word' id='word_1_68' title='bbox 768 2028 1108 2105; x_wconf 84' lang='lat' dir='ltr'><strong><em>Expositio</em></strong></span> <span class='ocrx_word' id='word_1_69' title='bbox 1141 2028 1479 2088; x_wconf 89' lang='lat' dir='ltr'><strong><em>Canonum</em></strong></span> <span class='ocrx_word' id='word_1_70' title='bbox 1513 2028 2078 2088; x_wconf 83' lang='lat' dir='ltr'><strong><em>Anastasimorum</em></strong></span> <span class='ocrx_word' id='word_1_71' title='bbox 2114 2028 2524 2096; x_wconf 80' lang='lat' dir='ltr'><strong><em>Damasceni,</em></strong></span> <span class='ocrx_word' id='word_1_72' title='bbox 2555 2047 2635 2088; x_wconf 86' lang='lat' dir='ltr'><strong><em>ex</em></strong></span> <span class='ocrx_word' id='word_1_73' title='bbox 2666 2031 2949 2089; x_wconf 82' lang='lat' dir='ltr'><strong><em>editione</em></strong></span> <span class='ocrx_word' id='word_1_74' title='bbox 2984 2029 3303 2097; x_wconf 82' lang='lat' dir='ltr'><strong><em>Romana,</em></strong></span> <span class='ocrx_word' id='word_1_75' title='bbox 3336 2048 3487 2090; x_wconf 87' lang='lat' dir='ltr'><strong><em>cum</em></strong></span> <span class='ocrx_word' id='word_1_76' title='bbox 3518 2031 3714 2090; x_wconf 87' lang='lat' dir='ltr'><strong><em>inter-</em></strong></span> 
     </span>
    </p>
   </div>
   <div class='ocr_carea' id='block_1_14' title="bbox 851 2109 3959 2187">
    <p class='ocr_par' dir='ltr' id='par_1_14' title="bbox 851 2109 3959 2187">
     <span class='ocr_line' id='line_1_14' title="bbox 851 2109 3959 2187; baseline 0 -20"><span class='ocrx_word' id='word_1_77' title='bbox 851 2109 1217 2187; x_wconf 87' lang='lat' dir='ltr'><strong><em>pretatione</em></strong></span> <span class='ocrx_word' id='word_1_78' title='bbox 1266 2113 1510 2168; x_wconf 87' lang='lat' dir='ltr'><strong><em>nostra.</em></strong></span> <span class='ocrx_word' id='word_1_79' title='bbox 3840 2109 3959 2169; x_wconf 86' lang='lat'><strong><em>421</em></strong></span> 
     </span>
    </p>
   </div>
   <div class='ocr_carea' id='block_1_15' title="bbox 766 2188 3966 2267">
    <p class='ocr_par' dir='ltr' id='par_1_15' title="bbox 766 2188 3966 2267">
     <span class='ocr_line' id='line_1_15' title="bbox 766 2188 3966 2267; baseline 0 -19"><span class='ocrx_word' id='word_1_80' title='bbox 766 2188 954 2263; x_wconf 82' lang='lat' dir='ltr'><strong><em>Quod</em></strong></span> <span class='ocrx_word' id='word_1_81' title='bbox 989 2206 1118 2248; x_wconf 91' lang='lat' dir='ltr'><strong><em>non</em></strong></span> <span class='ocrx_word' id='word_1_82' title='bbox 1152 2188 1435 2249; x_wconf 80' lang='lat' dir='ltr'><strong><em>debeant</em></strong></span> <span class='ocrx_word' id='word_1_83' title='bbox 1469 2188 1599 2247; x_wconf 91' lang='lat' dir='ltr'><strong><em>duo</em></strong></span> <span class='ocrx_word' id='word_1_84' title='bbox 1632 2188 1871 2248; x_wconf 84' lang='lat' dir='ltr'><strong><em>sobrini</em></strong></span> <span class='ocrx_word' id='word_1_85' title='bbox 1906 2189 2203 2248; x_wconf 84' lang='lat' dir='ltr'><strong><em>eamdem</em></strong></span> <span class='ocrx_word' id='word_1_86' title='bbox 2237 2190 2299 2247; x_wconf 91' lang='lat' dir='ltr'><strong><em>in</em></strong></span> <span class='ocrx_word' id='word_1_87' title='bbox 2335 2190 2826 2249; x_wconf 83' lang='lat' dir='ltr'><strong><em>matrimonium</em></strong></span> <span class='ocrx_word' id='word_1_88' title='bbox 2858 2190 3167 2267; x_wconf 87' lang='lat' dir='ltr'><strong><em>accipere.</em></strong></span> <span class='ocrx_word' id='word_1_89' title='bbox 3842 2188 3966 2249; x_wconf 87' lang='lat'><strong>429</strong></span> 
     </span>
    </p>
   </div>
   <div class='ocr_carea' id='block_1_16' title="bbox 766 2268 3188 2330">
    <p class='ocr_par' dir='ltr' id='par_1_16' title="bbox 766 2268 2563 2330">
     <span class='ocr_line' id='line_1_16' title="bbox 766 2268 2563 2330; baseline 0 -2"><span class='ocrx_word' id='word_1_90' title='bbox 766 2268 861 2329; x_wconf 88' lang='lat' dir='ltr'><strong><em>De</em></strong></span> <span class='ocrx_word' id='word_1_91' title='bbox 904 2268 1307 2330; x_wconf 87' lang='lat' dir='ltr'><strong><em>seminiﬂuis.</em></strong></span> <span class='ocrx_word' id='word_1_92' title='bbox 2558 2271 2563 2276; x_wconf 83' lang='grc'><em>’</em></span> 
     </span>
    </p>
   </div>
   <div class='ocr_carea' id='block_1_17' title="bbox 2288 2268 3965 2330">
    <p class='ocr_par' dir='ltr' id='par_1_17' title="bbox 2558 2268 3965 2329">
     <span class='ocr_line' id='line_1_17' title="bbox 2558 2268 3965 2329; baseline -0.001 0"><span class='ocrx_word' id='word_1_93' title='bbox 2558 2271 2563 2276; x_wconf 82' lang='grc'><em>’</em></span> <span class='ocrx_word' id='word_1_94' title='bbox 3842 2268 3965 2329; x_wconf 88' lang='grc'><strong><em>437</em></strong></span> 
     </span>
    </p>
   </div>
   <div class='ocr_carea' id='block_1_18' title="bbox 769 2347 3963 2428">
    <p class='ocr_par' dir='ltr' id='par_1_18' title="bbox 769 2347 3963 2428">
     <span class='ocr_line' id='line_1_18' title="bbox 769 2347 3963 2428; baseline 0 -21"><span class='ocrx_word' id='word_1_95' title='bbox 769 2348 1099 2428; x_wconf 72' lang='lat' dir='ltr'><strong><em>Epistolze.</em></strong></span> <span class='ocrx_word' id='word_1_96' title='bbox 3804 2347 3963 2410; x_wconf 86' lang='lat' dir='ltr'><strong><em>Ibid.</em></strong></span> 
     </span>
    </p>
   </div>
   <div class='ocr_carea' id='block_1_19' title="bbox 903 2455 3755 2517">
    <p class='ocr_par' dir='ltr' id='par_1_19' title="bbox 903 2455 3755 2517">
     <span class='ocr_line' id='line_1_19' title="bbox 903 2455 3755 2517; baseline 0 -14"><span class='ocrx_word' id='word_1_97' title='bbox 903 2455 1179 2516; x_wconf 82' lang='lat' dir='ltr'><strong><em>(Joannis</em></strong></span> <span class='ocrx_word' id='word_1_98' title='bbox 1200 2458 1424 2504; x_wconf 66' lang='lat' dir='ltr'><strong><em>Zonaras</em></strong></span> <span class='ocrx_word' id='word_1_99' title='bbox 1454 2456 1871 2504; x_wconf 86' lang='lat' dir='ltr'><strong><em>Commentarios</em></strong></span> <span class='ocrx_word' id='word_1_100' title='bbox 1900 2456 1955 2503; x_wconf 88' lang='lat' dir='ltr'><strong><em>in</em></strong></span> <span class='ocrx_word' id='word_1_101' title='bbox 1986 2456 2230 2503; x_wconf 89' lang='lat' dir='ltr'><strong><em>Canones</em></strong></span> <span class='ocrx_word' id='word_1_102' title='bbox 2256 2455 2619 2509; x_wconf 85' lang='lat' dir='ltr'><strong><em>conciliorum.</em></strong></span> <span class='ocrx_word' id='word_1_103' title='bbox 2641 2457 2688 2504; x_wconf 92' lang='lat' dir='ltr'><strong><em>et</em></strong></span> <span class='ocrx_word' id='word_1_104' title='bbox 2716 2457 2773 2503; x_wconf 87' lang='lat' dir='ltr'><strong><em>in</em></strong></span> <span class='ocrx_word' id='word_1_105' title='bbox 2799 2455 3073 2517; x_wconf 74' lang='lat' dir='ltr'><strong><em>Epistolas</em></strong></span> <span class='ocrx_word' id='word_1_106' title='bbox 3098 2456 3383 2505; x_wconf 86' lang='lat' dir='ltr'><strong><em>canonicas</em></strong></span> <span class='ocrx_word' id='word_1_107' title='bbox 3406 2456 3505 2506; x_wconf 89' lang='lat' dir='ltr'><strong><em>SS.</em></strong></span> <span class='ocrx_word' id='word_1_108' title='bbox 3530 2457 3755 2506; x_wconf 86' lang='lat' dir='ltr'><strong><em>Patrum</em></strong></span> 
     </span>
    </p>
   </div>
   <div class='ocr_carea' id='block_1_20' title="bbox 831 2517 3755 2633">
    <p class='ocr_par' dir='ltr' id='par_1_20' title="bbox 831 2517 3755 2633">
     <span class='ocr_line' id='line_1_20' title="bbox 831 2517 3755 2633; baseline 0 -67"><span class='ocrx_word' id='word_1_109' title='bbox 980 2517 1409 2633; x_wconf 46' lang='grc' dir='ltr'><strong><em>ἐὲιὲιξέῧτῗὶἰξε</em></strong></span> <span class='ocrx_word' id='word_1_110' title='bbox 1461 2517 1649 2566; x_wconf 88' lang='lat' dir='ltr'><strong><em>Theod.</em></strong></span> <span class='ocrx_word' id='word_1_111' title='bbox 1699 2518 2058 2574; x_wconf 88' lang='lat' dir='ltr'><strong><em>Balsamonis,</em></strong></span> <span class='ocrx_word' id='word_1_112' title='bbox 2104 2517 2297 2579; x_wconf 78' lang='lat' dir='ltr'><strong><em>quibus</em></strong></span> <span class='ocrx_word' id='word_1_113' title='bbox 2346 2518 2401 2565; x_wconf 87' lang='lat' dir='ltr'><strong><em>in</em></strong></span> <span class='ocrx_word' id='word_1_114' title='bbox 2447 2518 2713 2566; x_wconf 79' lang='lat' dir='ltr'><strong><em>codicibus</em></strong></span> <span class='ocrx_word' id='word_1_115' title='bbox 2758 2530 2883 2567; x_wconf 85' lang='lat' dir='ltr'><strong><em>mss.</em></strong></span> <span class='ocrx_word' id='word_1_116' title='bbox 2930 2518 3310 2579; x_wconf 74' lang='lat' dir='ltr'><strong><em>subiiciuntur,</em></strong></span> <span class='ocrx_word' id='word_1_117' title='bbox 3359 2517 3503 2579; x_wconf 72' lang='lat' dir='ltr'><strong><em>intra</em></strong></span> <span class='ocrx_word' id='word_1_118' title='bbox 3547 2518 3755 2567; x_wconf 75' lang='lat' dir='ltr'><strong><em>edimus</em></strong></span> 
     </span>
    </p>
   </div>
   <div class='ocr_carea' id='block_1_21' title="bbox 1226 2723 3510 2783">
    <p class='ocr_par' dir='ltr' id='par_1_21' title="bbox 1226 2723 3510 2783">
     <span class='ocr_line' id='line_1_21' title="bbox 1226 2723 3510 2783; baseline -0 0"><span class='ocrx_word' id='word_1_119' title='bbox 1226 2723 1676 2783; x_wconf 75' lang='lat' dir='ltr'><strong><em>GEORGIL&#39;S</em></strong></span> <span class='ocrx_word' id='word_1_120' title='bbox 1742 2723 2271 2783; x_wconf 66' lang='lat' dir='ltr'><strong>XIPIIILINUS</strong></span> <span class='ocrx_word' id='word_1_121' title='bbox 2331 2723 2878 2783; x_wconf 56' lang='lat' dir='ltr'><strong><em>CPOLITANIFS</em></strong></span> <span class='ocrx_word' id='word_1_122' title='bbox 2940 2723 3510 2783; x_wconf 81' lang='lat' dir='ltr'><strong><em>PATRIARCHA</em></strong></span> 
     </span>
    </p>
   </div>
   <div class='ocr_carea' id='block_1_22' title="bbox 770 2828 3967 2906">
    <p class='ocr_par' dir='ltr' id='par_1_22' title="bbox 770 2828 3967 2906">
     <span class='ocr_line' id='line_1_22' title="bbox 770 2828 3967 2906; baseline -0 -17"><span class='ocrx_word' id='word_1_123' title='bbox 770 2831 1120 2890; x_wconf 76' lang='lat' dir='ltr'><strong><em>Decretum</em></strong></span> <span class='ocrx_word' id='word_1_124' title='bbox 1168 2830 1245 2890; x_wconf 86' lang='lat' dir='ltr'><strong><em>de</em></strong></span> <span class='ocrx_word' id='word_1_125' title='bbox 1289 2830 1546 2906; x_wconf 84' lang='lat' dir='ltr'><strong><em>juribus</em></strong></span> <span class='ocrx_word' id='word_1_126' title='bbox 1593 2831 2086 2890; x_wconf 87' lang='lat' dir='ltr'><strong><em>territoriorum.</em></strong></span> <span class='ocrx_word' id='word_1_127' title='bbox 3805 2828 3967 2889; x_wconf 89' lang='lat' dir='ltr'><strong><em>Ibid.</em></strong></span> 
     </span>
    </p>
   </div>
   <div class='ocr_carea' id='block_1_23' title="bbox 1525 2989 3229 3050">
    <p class='ocr_par' dir='ltr' id='par_1_23' title="bbox 1525 2989 3229 3050">
     <span class='ocr_line' id='line_1_23' title="bbox 1525 2989 3229 3050; baseline 0 -2"><span class='ocrx_word' id='word_1_128' title='bbox 1525 2989 1915 3049; x_wconf 61' lang='lat' dir='ltr'><strong><em>ISAACIL’S</em></strong></span> <span class='ocrx_word' id='word_1_129' title='bbox 1976 2990 2383 3050; x_wconf 71' lang='lat' dir='ltr'>ANGELUS</span> <span class='ocrx_word' id='word_1_130' title='bbox 2442 2989 2990 3049; x_wconf 70' lang='lat' dir='ltr'><strong><em>CPOIJTANUS</em></strong></span> <span class='ocrx_word' id='word_1_131' title='bbox 3057 2989 3229 3050; x_wconf 89' lang='lat' dir='ltr'><strong><em>IMP.</em></strong></span> 
     </span>
    </p>
   </div>
   <div class='ocr_carea' id='block_1_24' title="bbox 769 3095 3972 3165">
    <p class='ocr_par' dir='ltr' id='par_1_24' title="bbox 769 3095 3972 3165">
     <span class='ocr_line' id='line_1_24' title="bbox 769 3095 3972 3165; baseline -0.001 -10"><span class='ocrx_word' id='word_1_132' title='bbox 769 3097 1056 3157; x_wconf 60' lang='lat' dir='ltr'><strong><em>Novella:</em></strong></span> <span class='ocrx_word' id='word_1_133' title='bbox 1102 3098 1639 3156; x_wconf 76' lang='lat' dir='ltr'><strong><em>Constitutiones.</em></strong></span> <span class='ocrx_word' id='word_1_134' title='bbox 2821 3161 2824 3165; x_wconf 47' lang='grc'><em>,</em></span> <span class='ocrx_word' id='word_1_135' title='bbox 3847 3095 3972 3154; x_wconf 81' lang='lat'><strong><em>439</em></strong></span> 
     </span>
    </p>
   </div>
   <div class='ocr_carea' id='block_1_25' title="bbox 1808 3202 2925 3264">
    <p class='ocr_par' dir='ltr' id='par_1_25' title="bbox 1808 3202 2925 3264">
     <span class='ocr_line' id='line_1_25' title="bbox 1808 3202 2925 3264; baseline 0.002 -2"><span class='ocrx_word' id='word_1_136' title='bbox 1808 3204 2341 3264; x_wconf 70' lang='lat' dir='ltr'><strong><em>NEOPHYTUS</em></strong></span> <span class='ocrx_word' id='word_1_137' title='bbox 2405 3202 2925 3264; x_wconf 78' lang='lat' dir='ltr'><strong><em>PRESBYTER</em></strong></span> 
     </span>
    </p>
   </div>
   <div class='ocr_carea' id='block_1_26' title="bbox 769 3308 3972 3390">
    <p class='ocr_par' dir='ltr' id='par_1_26' title="bbox 769 3308 3972 3390">
     <span class='ocr_line' id='line_1_26' title="bbox 769 3308 3972 3390; baseline -0.001 -20"><span class='ocrx_word' id='word_1_138' title='bbox 769 3311 865 3371; x_wconf 89' lang='lat' dir='ltr'><strong><em>De</em></strong></span> <span class='ocrx_word' id='word_1_139' title='bbox 900 3314 1390 3372; x_wconf 69' lang='lat' dir='ltr'><strong><em>calaniil:-*ibus</em></strong></span> <span class='ocrx_word' id='word_1_140' title='bbox 1427 3313 1649 3371; x_wconf 63' lang='lat' dir='ltr'><strong><em>insulae</em></strong></span> <span class='ocrx_word' id='word_1_141' title='bbox 1683 3312 1875 3390; x_wconf 83' lang='lat' dir='ltr'><strong><em>Cypri</em></strong></span> <span class='ocrx_word' id='word_1_142' title='bbox 1913 3312 2388 3390; x_wconf 75' lang='lat' dir='ltr'><strong><em>imperantibus</em></strong></span> <span class='ocrx_word' id='word_1_143' title='bbox 2420 3311 2692 3371; x_wconf 78' lang='lat' dir='ltr'><strong><em>Latinis.</em></strong></span> <span class='ocrx_word' id='word_1_144' title='bbox 3848 3308 3972 3368; x_wconf 83' lang='lat'><strong><em>495</em></strong></span> 
     </span>
    </p>
   </div>
   <div class='ocr_carea' id='block_1_27' title="bbox 1453 3469 3298 3532">
    <p class='ocr_par' dir='ltr' id='par_1_27' title="bbox 1453 3469 3298 3532">
     <span class='ocr_line' id='line_1_27' title="bbox 1453 3469 3298 3532; baseline 0 -1"><span class='ocrx_word' id='word_1_145' title='bbox 1453 3471 1851 3532; x_wconf 72' lang='lat' dir='ltr'><strong><em>JOANNES</em></strong></span> <span class='ocrx_word' id='word_1_146' title='bbox 1910 3470 2226 3532; x_wconf 80' lang='lat' dir='ltr'><strong><em>CHILAS</em></strong></span> <span class='ocrx_word' id='word_1_147' title='bbox 2288 3471 2607 3531; x_wconf 80' lang='lat' dir='ltr'><strong><em>EPHESI</em></strong></span> <span class='ocrx_word' id='word_1_148' title='bbox 2668 3469 3298 3531; x_wconf 81' lang='lat' dir='ltr'><strong><em>METROPOLITA</em></strong></span> 
     </span>
    </p>
   </div>
   <div class='ocr_carea' id='block_1_28' title="bbox 775 3574 3962 3656">
    <p class='ocr_par' dir='ltr' id='par_1_28' title="bbox 775 3574 3962 3656">
     <span class='ocr_line' id='line_1_28' title="bbox 775 3574 3962 3656; baseline 0 -19"><span class='ocrx_word' id='word_1_149' title='bbox 775 3579 1038 3647; x_wconf 89' lang='lat' dir='ltr'><strong><em>.\&#39;otitia,</em></strong></span> <span class='ocrx_word' id='word_1_150' title='bbox 1089 3579 1191 3639; x_wconf 90' lang='lat' dir='ltr'><strong><em>cui</em></strong></span> <span class='ocrx_word' id='word_1_151' title='bbox 1241 3579 1459 3638; x_wconf 84' lang='lat' dir='ltr'><strong><em>insunt</em></strong></span> <span class='ocrx_word' id='word_1_152' title='bbox 1502 3579 1847 3656; x_wconf 81' lang='lat' dir='ltr'><strong><em>lragmenta</em></strong></span> <span class='ocrx_word' id='word_1_153' title='bbox 1891 3578 2255 3655; x_wconf 87' lang='lat' dir='ltr'><strong><em>dogmatica.</em></strong></span> <span class='ocrx_word' id='word_1_154' title='bbox 3848 3574 3962 3656; x_wconf 77' lang='lat'><strong><em>501</em></strong></span> 
     </span>
    </p>
   </div>
   <div class='ocr_carea' id='block_1_29' title="bbox 774 3652 3974 3738">
    <p class='ocr_par' dir='ltr' id='par_1_29' title="bbox 774 3652 3974 3738">
     <span class='ocr_line' id='line_1_29' title="bbox 774 3652 3974 3738; baseline -0 -21"><span class='ocrx_word' id='word_1_155' title='bbox 774 3660 866 3719; x_wconf 91' lang='lat' dir='ltr'><strong><em>De.</em></strong></span> <span class='ocrx_word' id='word_1_156' title='bbox 907 3661 1312 3738; x_wconf 83' lang='lat' dir='ltr'><strong><em>processione</em></strong></span> <span class='ocrx_word' id='word_1_157' title='bbox 1353 3652 1634 3737; x_wconf 78' lang='lat' dir='ltr'><strong><em>Spiritus</em></strong></span> <span class='ocrx_word' id='word_1_158' title='bbox 1671 3660 1880 3719; x_wconf 87' lang='lat' dir='ltr'><strong><em>sancti</em></strong></span> <span class='ocrx_word' id='word_1_159' title='bbox 1918 3652 2001 3719; x_wconf 84' lang='lat' dir='ltr'><strong><em>ad</em></strong></span> <span class='ocrx_word' id='word_1_160' title='bbox 2042 3660 2196 3738; x_wconf 88' lang='lat' dir='ltr'><strong><em>imp.</em></strong></span> <span class='ocrx_word' id='word_1_161' title='bbox 2240 3660 2680 3719; x_wconf 76' lang='lat' dir='ltr'><strong><em>Andronicum</em></strong></span> <span class='ocrx_word' id='word_1_162' title='bbox 2723 3661 3057 3719; x_wconf 81' lang='lat' dir='ltr'><strong><em>seniorem.</em></strong></span> <span class='ocrx_word' id='word_1_163' title='bbox 3849 3652 3974 3716; x_wconf 87' lang='lat'><strong>506</strong></span> 
     </span>
    </p>
   </div>
   <div class='ocr_carea' id='block_1_30' title="bbox 1036 3816 3712 3880">
    <p class='ocr_par' dir='ltr' id='par_1_30' title="bbox 1036 3816 3712 3880">
     <span class='ocr_line' id='line_1_30' title="bbox 1036 3816 3712 3880; baseline -0.001 -1"><span class='ocrx_word' id='word_1_164' title='bbox 1036 3819 1478 3880; x_wconf 75' lang='lat' dir='ltr'><strong><em>NICOLAUS</em></strong></span> <span class='ocrx_word' id='word_1_165' title='bbox 1538 3818 2169 3879; x_wconf 81' lang='lat' dir='ltr'><strong><em>METHONENSIS</em></strong></span> <span class='ocrx_word' id='word_1_166' title='bbox 2237 3819 2323 3878; x_wconf 73' lang='lat' dir='ltr'><strong>IN</strong></span> <span class='ocrx_word' id='word_1_167' title='bbox 2388 3818 3023 3880; x_wconf 77' lang='lat' dir='ltr'><strong><em>PELOPONNESO</em></strong></span> <span class='ocrx_word' id='word_1_168' title='bbox 3083 3816 3712 3878; x_wconf 82' lang='lat' dir='ltr'><strong><em>METROPOLITA</em></strong></span> 
     </span>
    </p>
   </div>
   <div class='ocr_carea' id='block_1_31' title="bbox 771 3924 3975 4006">
    <p class='ocr_par' dir='ltr' id='par_1_31' title="bbox 771 3924 3975 4006">
     <span class='ocr_line' id='line_1_31' title="bbox 771 3924 3975 4006; baseline -0.001 -20"><span class='ocrx_word' id='word_1_169' title='bbox 771 3928 864 3987; x_wconf 82' lang='lat' dir='ltr'><strong><em>De</em></strong></span> <span class='ocrx_word' id='word_1_170' title='bbox 901 3945 1165 4005; x_wconf 88' lang='lat' dir='ltr'><strong><em>corpore</em></strong></span> <span class='ocrx_word' id='word_1_171' title='bbox 1198 3933 1264 3987; x_wconf 86' lang='lat' dir='ltr'><strong><em>et</em></strong></span> <span class='ocrx_word' id='word_1_172' title='bbox 1298 3928 1610 4006; x_wconf 83' lang='lat' dir='ltr'><strong><em>sanguine</em></strong></span> <span class='ocrx_word' id='word_1_173' title='bbox 1644 3927 1903 3988; x_wconf 82' lang='lat' dir='ltr'><strong><em>Christi.</em></strong></span> <span class='ocrx_word' id='word_1_174' title='bbox 3843 3924 3975 3983; x_wconf 71' lang='lat'><strong><em>509</em></strong></span> 
     </span>
    </p>
   </div>
   <div class='ocr_carea' id='block_1_32' title="bbox 907 4032 3764 4096">
    <p class='ocr_par' dir='ltr' id='par_1_32' title="bbox 907 4032 3764 4096">
     <span class='ocr_line' id='line_1_32' title="bbox 907 4032 3764 4096; baseline -0.001 -13"><span class='ocrx_word' id='word_1_175' title='bbox 907 4034 1196 4096; x_wconf 88' lang='lat' dir='ltr'><strong><em>(Consulto</em></strong></span> <span class='ocrx_word' id='word_1_176' title='bbox 1218 4034 1518 4089; x_wconf 89' lang='lat' dir='ltr'><strong><em>omisimus,</em></strong></span> <span class='ocrx_word' id='word_1_177' title='bbox 1544 4034 1601 4081; x_wconf 90' lang='lat' dir='ltr'><strong><em>ut</em></strong></span> <span class='ocrx_word' id='word_1_178' title='bbox 1620 4033 1686 4081; x_wconf 88' lang='lat' dir='ltr'><strong><em>ab</em></strong></span> <span class='ocrx_word' id='word_1_179' title='bbox 1710 4033 1951 4083; x_wconf 86' lang='lat' dir='ltr'><strong><em>instituto</em></strong></span> <span class='ocrx_word' id='word_1_180' title='bbox 1973 4036 2152 4083; x_wconf 86' lang='lat' dir='ltr'><strong><em>nostra</em></strong></span> <span class='ocrx_word' id='word_1_181' title='bbox 2174 4034 2399 4089; x_wconf 86' lang='lat' dir='ltr'><strong><em>alienas.</em></strong></span> <span class='ocrx_word' id='word_1_182' title='bbox 2427 4034 2642 4083; x_wconf 87' lang='lat' dir='ltr'><strong><em>Nicotai</em></strong></span> <span class='ocrx_word' id='word_1_183' title='bbox 2666 4034 3056 4096; x_wconf 86' lang='lat' dir='ltr'><strong><em>Relatationem</em></strong></span> <span class='ocrx_word' id='word_1_184' title='bbox 3083 4032 3448 4096; x_wconf 85' lang='lat' dir='ltr'><strong><em>Institutionis</em></strong></span> <span class='ocrx_word' id='word_1_185' title='bbox 3468 4032 3764 4094; x_wconf 72' lang='lat' dir='ltr'><strong><em>theologicae</em></strong></span> 
     </span>
    </p>
   </div>
   <div class='ocr_carea' id='block_1_33' title="bbox 841 4095 3763 4158">
    <p class='ocr_par' dir='ltr' id='par_1_33' title="bbox 841 4095 3763 4158">
     <span class='ocr_line' id='line_1_33' title="bbox 841 4095 3763 4158; baseline -0 -14"><span class='ocrx_word' id='word_1_186' title='bbox 841 4097 1032 4153; x_wconf 88' lang='lat' dir='ltr'><strong><em>Procli,</em></strong></span> <span class='ocrx_word' id='word_1_187' title='bbox 1062 4110 1222 4158; x_wconf 90' lang='lat' dir='ltr'><strong><em>quam</em></strong></span> <span class='ocrx_word' id='word_1_188' title='bbox 1254 4096 1597 4155; x_wconf 82' lang='lat' dir='ltr'><strong><em>Franco/urti</em></strong></span> <span class='ocrx_word' id='word_1_189' title='bbox 1630 4095 1767 4146; x_wconf 85' lang='lat'><strong>1825</strong></span> <span class='ocrx_word' id='word_1_190' title='bbox 1794 4097 2072 4146; x_wconf 86' lang='lat' dir='ltr'><strong><em>ediderunt</em></strong></span> <span class='ocrx_word' id='word_1_191' title='bbox 2102 4099 2317 4146; x_wconf 86' lang='lat' dir='ltr'><strong><em>Crutzer</em></strong></span> <span class='ocrx_word' id='word_1_192' title='bbox 2341 4099 2389 4146; x_wconf 92' lang='lat' dir='ltr'><strong><em>et</em></strong></span> <span class='ocrx_word' id='word_1_193' title='bbox 2429 4097 2671 4153; x_wconf 83' lang='lat' dir='ltr'><strong><em>Voemel;</em></strong></span> <span class='ocrx_word' id='word_1_194' title='bbox 2703 4097 2823 4145; x_wconf 89' lang='lat' dir='ltr'><strong><em>item</em></strong></span> <span class='ocrx_word' id='word_1_195' title='bbox 2851 4095 3087 4157; x_wconf 85' lang='lat' dir='ltr'><strong><em>ejusdem</em></strong></span> <span class='ocrx_word' id='word_1_196' title='bbox 3118 4095 3446 4157; x_wconf 71' lang='lat' dir='ltr'><strong><em>Quaestiones</em></strong></span> <span class='ocrx_word' id='word_1_197' title='bbox 3474 4095 3521 4144; x_wconf 85' lang='lat' dir='ltr'><strong><em>et</em></strong></span> <span class='ocrx_word' id='word_1_198' title='bbox 3548 4107 3763 4156; x_wconf 80' lang='lat' dir='ltr'><strong><em>respon-</em></strong></span> 
     </span>
    </p>
   </div>
   <div class='ocr_carea' id='block_1_34' title="bbox 834 4159 3303 4221">
    <p class='ocr_par' dir='ltr' id='par_1_34' title="bbox 834 4159 3303 4221">
     <span class='ocr_line' id='line_1_34' title="bbox 834 4159 3303 4221; baseline -0 -14"><span class='ocrx_word' id='word_1_199' title='bbox 834 4159 1011 4207; x_wconf 85' lang='lat' dir='ltr'><strong><em>siones</em></strong></span> <span class='ocrx_word' id='word_1_200' title='bbox 1040 4160 1097 4207; x_wconf 88' lang='lat' dir='ltr'><strong><em>in</em></strong></span> <span class='ocrx_word' id='word_1_201' title='bbox 1124 4161 1508 4221; x_wconf 87' lang='lat' dir='ltr'><strong><em>programmate</em></strong></span> <span class='ocrx_word' id='word_1_202' title='bbox 1538 4159 1854 4208; x_wconf 84' lang='lat' dir='ltr'><strong><em>Academico</em></strong></span> <span class='ocrx_word' id='word_1_203' title='bbox 1885 4160 2095 4216; x_wconf 89' lang='lat' dir='ltr'><strong><em>ibidem,</em></strong></span> <span class='ocrx_word' id='word_1_204' title='bbox 2124 4173 2214 4208; x_wconf 92' lang='lat' dir='ltr'><strong><em>an.</em></strong></span> <span class='ocrx_word' id='word_1_205' title='bbox 2252 4160 2385 4209; x_wconf 87' lang='grc'><strong><em>1825</em></strong></span> <span class='ocrx_word' id='word_1_206' title='bbox 2412 4161 2460 4207; x_wconf 91' lang='lat' dir='ltr'><strong><em>et</em></strong></span> <span class='ocrx_word' id='word_1_207' title='bbox 2486 4160 2573 4217; x_wconf 88' lang='grc'><strong><em>26,</em></strong></span> <span class='ocrx_word' id='word_1_208' title='bbox 2602 4159 2667 4207; x_wconf 90' lang='lat' dir='ltr'><strong><em>ab</em></strong></span> <span class='ocrx_word' id='word_1_209' title='bbox 2697 4160 2815 4221; x_wconf 90' lang='lat' dir='ltr'><strong><em>ipso</em></strong></span> <span class='ocrx_word' id='word_1_210' title='bbox 2854 4159 3059 4207; x_wconf 85' lang='lat' dir='ltr'><strong><em>Voemel</em></strong></span> <span class='ocrx_word' id='word_1_211' title='bbox 3084 4159 3303 4214; x_wconf 88' lang='lat' dir='ltr'><strong><em>editas.)</em></strong></span> 
     </span>
    </p>
   </div>
   <div class='ocr_carea' id='block_1_35' title="bbox 1300 4299 3461 4364">
    <p class='ocr_par' dir='ltr' id='par_1_35' title="bbox 1300 4299 3461 4364">
     <span class='ocr_line' id='line_1_35' title="bbox 1300 4299 3461 4364; baseline -0.001 -3"><span class='ocrx_word' id='word_1_212' title='bbox 1300 4301 1856 4363; x_wconf 86' lang='lat' dir='ltr'><strong><em>EUSTATHIUS</em></strong></span> <span class='ocrx_word' id='word_1_213' title='bbox 1912 4302 2773 4364; x_wconf 76' lang='lat' dir='ltr'><strong><em>THESSALONICENSIS</em></strong></span> <span class='ocrx_word' id='word_1_214' title='bbox 2832 4299 3461 4362; x_wconf 83' lang='lat' dir='ltr'><strong><em>METROPOLITA</em></strong></span> 
     </span>
    </p>
   </div>
   <div class='ocr_carea' id='block_1_36' title="bbox 772 4404 3979 4470">
    <p class='ocr_par' dir='ltr' id='par_1_36' title="bbox 772 4404 3979 4470">
     <span class='ocr_line' id='line_1_36' title="bbox 772 4404 3979 4470; baseline -0.002 0"><span class='ocrx_word' id='word_1_215' title='bbox 772 4410 1041 4470; x_wconf 82' lang='lat' dir='ltr'><strong><em>Notitia.</em></strong></span> <span class='ocrx_word' id='word_1_216' title='bbox 3854 4404 3979 4466; x_wconf 88' lang='lat'><strong><em>517</em></strong></span> 
     </span>
    </p>
   </div>
   <div class='ocr_carea' id='block_1_37' title="bbox 769 4484 3980 4551">
    <p class='ocr_par' dir='ltr' id='par_1_37' title="bbox 769 4484 3980 4551">
     <span class='ocr_line' id='line_1_37' title="bbox 769 4484 3980 4551; baseline -0.001 -1"><span class='ocrx_word' id='word_1_217' title='bbox 769 4490 998 4551; x_wconf 89' lang='lat' dir='ltr'><strong><em>Oratio</em></strong></span> <span class='ocrx_word' id='word_1_218' title='bbox 1043 4490 1111 4550; x_wconf 91' lang='lat' dir='ltr'><strong><em>in</em></strong></span> <span class='ocrx_word' id='word_1_219' title='bbox 1159 4489 1497 4550; x_wconf 89' lang='lat' dir='ltr'><strong><em>Psalmum</em></strong></span> <span class='ocrx_word' id='word_1_220' title='bbox 1548 4488 1859 4549; x_wconf 83' lang='lat' dir='ltr'><strong><em>XLVIII.</em></strong></span> <span class='ocrx_word' id='word_1_221' title='bbox 3854 4484 3980 4546; x_wconf 89' lang='lat'><strong><em>519</em></strong></span> 
     </span>
    </p>
   </div>
   <div class='ocr_carea' id='block_1_38' title="bbox 769 4564 3980 4649">
    <p class='ocr_par' dir='ltr' id='par_1_38' title="bbox 769 4564 3980 4649">
     <span class='ocr_line' id='line_1_38' title="bbox 769 4564 3980 4649; baseline -0.001 -18"><span class='ocrx_word' id='word_1_222' title='bbox 769 4570 998 4631; x_wconf 85' lang='lat' dir='ltr'><strong><em>Oratio</em></strong></span> <span class='ocrx_word' id='word_1_223' title='bbox 1043 4588 1218 4631; x_wconf 92' lang='lat' dir='ltr'><strong><em>anno</em></strong></span> <span class='ocrx_word' id='word_1_224' title='bbox 1264 4570 1668 4649; x_wconf 87' lang='lat' dir='ltr'><strong><em>auspicando</em></strong></span> <span class='ocrx_word' id='word_1_225' title='bbox 1718 4570 1969 4631; x_wconf 88' lang='lat' dir='ltr'><strong><em>habita.</em></strong></span> 
     </span>
    </p>
   </div>
   <div class='ocr_carea' id='block_1_39' title="bbox 769 4643 3974 4729">
    <p class='ocr_par' dir='ltr' id='par_1_39' title="bbox 769 4643 3974 4729">
     <span class='ocr_line' id='line_1_39' title="bbox 769 4643 3974 4729; baseline -0.001 -18"><span class='ocrx_word' id='word_1_226' title='bbox 769 4650 1116 4712; x_wconf 87' lang='lat' dir='ltr'><strong><em>Orationes</em></strong></span> <span class='ocrx_word' id='word_1_227' title='bbox 1162 4643 1450 4729; x_wconf 77' lang='lat' dir='ltr'><strong><em>quatuor</em></strong></span> <span class='ocrx_word' id='word_1_228' title='bbox 1496 4651 1559 4710; x_wconf 92' lang='lat' dir='ltr'><strong><em>in</em></strong></span> <span class='ocrx_word' id='word_1_229' title='bbox 1608 4651 1670 4710; x_wconf 82' lang='lat' dir='ltr'><strong><em>S.</em></strong></span> <span class='ocrx_word' id='word_1_230' title='bbox 1722 4649 2325 4729; x_wconf 85' lang='lat' dir='ltr'><strong><em>Quadragesimam.</em></strong></span> 
     </span>
    </p>
   </div>
   <div class='ocr_carea' id='block_1_40' title="bbox 768 4724 3981 4792">
    <p class='ocr_par' dir='ltr' id='par_1_40' title="bbox 768 4724 3981 4792">
     <span class='ocr_line' id='line_1_40' title="bbox 768 4724 3981 4792; baseline -0.002 0"><span class='ocrx_word' id='word_1_231' title='bbox 768 4732 864 4792; x_wconf 90' lang='lat' dir='ltr'><strong><em>De</em></strong></span> <span class='ocrx_word' id='word_1_232' title='bbox 900 4724 1309 4792; x_wconf 80' lang='lat' dir='ltr'><strong><em>emendanda</em></strong></span> <span class='ocrx_word' id='word_1_233' title='bbox 1347 4732 1485 4791; x_wconf 91' lang='lat' dir='ltr'><strong><em>vita</em></strong></span> <span class='ocrx_word' id='word_1_234' title='bbox 1524 4731 1929 4791; x_wconf 90' lang='lat' dir='ltr'><strong><em>monachica.</em></strong></span> <span class='ocrx_word' id='word_1_235' title='bbox 1991 4724 2023 4729; x_wconf 66' lang='grc'><strong><em>“</em></strong></span> <span class='ocrx_word' id='word_1_236' title='bbox 3857 4724 3981 4786; x_wconf 90' lang='lat'><strong><em>729</em></strong></span> 
     </span>
    </p>
   </div>
   <div class='ocr_carea' id='block_1_41' title="bbox 770 4804 3981 4891">
    <p class='ocr_par' dir='ltr' id='par_1_41' title="bbox 770 4804 3981 4891">
     <span class='ocr_line' id='line_1_41' title="bbox 770 4804 3981 4891; baseline -0.002 -18"><span class='ocrx_word' id='word_1_237' title='bbox 770 4812 1085 4891; x_wconf 85' lang='lat' dir='ltr'><strong><em>Dialogus</em></strong></span> <span class='ocrx_word' id='word_1_238' title='bbox 1117 4811 1520 4891; x_wconf 85' lang='lat' dir='ltr'><strong><em>Theophilus</em></strong></span> <span class='ocrx_word' id='word_1_239' title='bbox 1551 4816 1620 4891; x_wconf 87' lang='lat' dir='ltr'><strong><em>et</em></strong></span> <span class='ocrx_word' id='word_1_240' title='bbox 1653 4810 1985 4874; x_wconf 85' lang='lat' dir='ltr'><strong><em>Hierocles</em></strong></span> <span class='ocrx_word' id='word_1_241' title='bbox 2015 4812 2389 4891; x_wconf 89' lang='lat' dir='ltr'><strong><em>inscriptus.</em></strong></span> <span class='ocrx_word' id='word_1_242' title='bbox 2822 4889 2837 4891; x_wconf 74' lang='lat'><strong><em>_</em></strong></span> <span class='ocrx_word' id='word_1_243' title='bbox 3136 4890 3141 4891; x_wconf 15' lang='grc' dir='ltr'>ί</span> <span class='ocrx_word' id='word_1_244' title='bbox 3332 4890 3341 4891; x_wconf 14' lang='lat'><em>7</em></span> <span class='ocrx_word' id='word_1_245' title='bbox 3546 4889 3557 4891; x_wconf 12' lang='grc' dir='ltr'>μ</span> <span class='ocrx_word' id='word_1_246' title='bbox 3593 4889 3604 4891; x_wconf 92' lang='lat'><em>_</em></span> <span class='ocrx_word' id='word_1_247' title='bbox 3855 4804 3981 4866; x_wconf 87' lang='lat'><strong><em>909</em></strong></span> 
     </span>
    </p>
   </div>
   <div class='ocr_carea' id='block_1_42' title="bbox 773 4889 3726 4972">
    <p class='ocr_par' dir='ltr' id='par_1_42' title="bbox 773 4889 3726 4972">
     <span class='ocr_line' id='line_1_42' title="bbox 773 4889 3726 4972; baseline -0.002 -19"><span class='ocrx_word' id='word_1_248' title='bbox 773 4889 1180 4972; x_wconf 40' lang='lat' dir='ltr'><strong><em>Suppl—icatio</em></strong></span> <span class='ocrx_word' id='word_1_249' title='bbox 1228 4889 1518 4953; x_wconf 83' lang='lat' dir='ltr'><strong><em>Manueli</em></strong></span> <span class='ocrx_word' id='word_1_250' title='bbox 1565 4890 1896 4953; x_wconf 87' lang='lat' dir='ltr'><strong><em>Comneno</em></strong></span> <span class='ocrx_word' id='word_1_251' title='bbox 1943 4892 2124 4972; x_wconf 88' lang='lat' dir='ltr'><strong><em>imp.,</em></strong></span> <span class='ocrx_word' id='word_1_252' title='bbox 2167 4889 2428 4954; x_wconf 81' lang='lat' dir='ltr'><strong><em>nomine</em></strong></span> <span class='ocrx_word' id='word_1_253' title='bbox 2466 4892 2756 4954; x_wconf 82' lang='lat' dir='ltr'><strong><em>civitatis</em></strong></span> <span class='ocrx_word' id='word_1_254' title='bbox 2804 4889 3461 4968; x_wconf 86' lang='lat' dir='ltr'><strong><em>Constantinopoleos</em></strong></span> <span class='ocrx_word' id='word_1_255' title='bbox 3504 4889 3726 4949; x_wconf 90' lang='lat' dir='ltr'><strong><em>oblata</em></strong></span> 
     </span>
    </p>
   </div>
   <div class='ocr_carea' id='block_1_43' title="bbox 855 4964 3983 5034">
    <p class='ocr_par' dir='ltr' id='par_1_43' title="bbox 855 4964 3983 5034">
     <span class='ocr_line' id='line_1_43' title="bbox 855 4964 3983 5034; baseline -0.002 0"><span class='ocrx_word' id='word_1_256' title='bbox 855 4964 1005 5034; x_wconf 63' lang='lat' dir='ltr'><strong><em>eam</em></strong></span> <span class='ocrx_word' id='word_1_257' title='bbox 1041 4974 1337 5034; x_wconf 88' lang='lat' dir='ltr'><strong><em>siccitate</em></strong></span> <span class='ocrx_word' id='word_1_258' title='bbox 1374 4973 1718 5034; x_wconf 89' lang='lat' dir='ltr'><strong><em>laboraret.</em></strong></span> <span class='ocrx_word' id='word_1_259' title='bbox 1879 4984 1885 4991; x_wconf 80' lang='lat'><strong><em>‘</em></strong></span> <span class='ocrx_word' id='word_1_260' title='bbox 2037 4964 2058 4972; x_wconf 82' lang='grc'><strong>’</strong></span> <span class='ocrx_word' id='word_1_261' title='bbox 3246 4964 3261 4968; x_wconf 72' lang='grc'><strong><em>“</em></strong></span> <span class='ocrx_word' id='word_1_262' title='bbox 3857 4964 3983 5028; x_wconf 87' lang='grc'><strong><em>925</em></strong></span> 
     </span>
    </p>
   </div>
   <div class='ocr_carea' id='block_1_44' title="bbox 769 5044 3983 5132">
    <p class='ocr_par' dir='ltr' id='par_1_44' title="bbox 769 5044 3983 5132">
     <span class='ocr_line' id='line_1_44' title="bbox 769 5044 3983 5132; baseline -0.002 -18"><span class='ocrx_word' id='word_1_263' title='bbox 769 5055 1101 5115; x_wconf 90' lang='lat' dir='ltr'><strong><em>Allocutio</em></strong></span> <span class='ocrx_word' id='word_1_264' title='bbox 1127 5054 1212 5115; x_wconf 91' lang='lat' dir='ltr'><strong><em>ad</em></strong></span> <span class='ocrx_word' id='word_1_265' title='bbox 1240 5055 1397 5132; x_wconf 90' lang='lat' dir='ltr'><strong><em>imp.</em></strong></span> <span class='ocrx_word' id='word_1_266' title='bbox 1427 5052 1797 5114; x_wconf 87' lang='lat' dir='ltr'><strong><em>Manuelem</em></strong></span> <span class='ocrx_word' id='word_1_267' title='bbox 1825 5052 2252 5123; x_wconf 86' lang='lat' dir='ltr'><strong><em>Comnenum,</em></strong></span> <span class='ocrx_word' id='word_1_268' title='bbox 2281 5071 2429 5115; x_wconf 91' lang='lat' dir='ltr'><strong><em>cum</em></strong></span> <span class='ocrx_word' id='word_1_269' title='bbox 2456 5057 2630 5114; x_wconf 88' lang='lat' dir='ltr'><strong><em>esset</em></strong></span> <span class='ocrx_word' id='word_1_270' title='bbox 2655 5051 2988 5129; x_wconf 85' lang='lat' dir='ltr'><strong><em>Myrorum</em></strong></span> <span class='ocrx_word' id='word_1_271' title='bbox 3018 5050 3433 5129; x_wconf 90' lang='lat' dir='ltr'><strong><em>metropolita</em></strong></span> <span class='ocrx_word' id='word_1_272' title='bbox 3461 5049 3726 5111; x_wconf 87' lang='lat' dir='ltr'><strong><em>electus.</em></strong></span> 
     </span>
    </p>
   </div>
   <div class='ocr_carea' id='block_1_45' title="bbox 774 5125 3984 5196">
    <p class='ocr_par' dir='ltr' id='par_1_45' title="bbox 774 5125 3984 5196">
     <span class='ocr_line' id='line_1_45' title="bbox 774 5125 3984 5196; baseline -0.002 -1"><span class='ocrx_word' id='word_1_273' title='bbox 774 5135 1103 5196; x_wconf 90' lang='lat' dir='ltr'><strong><em>Laudatio</em></strong></span> <span class='ocrx_word' id='word_1_274' title='bbox 1147 5125 1441 5195; x_wconf 74' lang='lat' dir='ltr'><strong><em>funebris</em></strong></span> <span class='ocrx_word' id='word_1_275' title='bbox 1485 5133 1805 5195; x_wconf 88' lang='lat' dir='ltr'><strong><em>Manuelis</em></strong></span> <span class='ocrx_word' id='word_1_276' title='bbox 1849 5134 2182 5195; x_wconf 84' lang='lat' dir='ltr'><strong><em>Comneni.</em></strong></span> <span class='ocrx_word' id='word_1_277' title='bbox 2725 5125 2742 5129; x_wconf 56' lang='grc'>⁷</span> <span class='ocrx_word' id='word_1_278' title='bbox 3233 5125 3250 5129; x_wconf 61' lang='grc'>⁷</span> <span class='ocrx_word' id='word_1_279' title='bbox 3858 5125 3984 5189; x_wconf 90' lang='lat'><strong><em>973</em></strong></span> 
     </span>
    </p>
   </div>
   <div class='ocr_carea' id='block_1_46' title="bbox 776 5207 3978 5295">
    <p class='ocr_par' dir='ltr' id='par_1_46' title="bbox 776 5207 3978 5295">
     <span class='ocr_line' id='line_1_46' title="bbox 776 5207 3978 5295; baseline -0.002 -20"><span class='ocrx_word' id='word_1_280' title='bbox 776 5215 1073 5295; x_wconf 88' lang='lat' dir='ltr'><strong><em>Epistola</em></strong></span> <span class='ocrx_word' id='word_1_281' title='bbox 1119 5215 1204 5276; x_wconf 88' lang='lat' dir='ltr'><strong><em>ad</em></strong></span> <span class='ocrx_word' id='word_1_282' title='bbox 1249 5214 1875 5276; x_wconf 85' lang='lat' dir='ltr'><strong><em>Thessalonicenses.</em></strong></span> <span class='ocrx_word' id='word_1_283' title='bbox 3516 5240 3519 5241; x_wconf 53' lang='grc' dir='ltr'><em>ν</em></span> <span class='ocrx_word' id='word_1_284' title='bbox 3824 5207 3978 5269; x_wconf 90' lang='lat'><strong>1031</strong></span> 
     </span>
    </p>
   </div>
   <div class='ocr_carea' id='block_1_47' title="bbox 864 5295 2365 5376">
    <p class='ocr_par' dir='ltr' id='par_1_47' title="bbox 864 5295 2365 5376">
     <span class='ocr_line' id='line_1_47' title="bbox 864 5295 2365 5376; baseline -0.001 -20"><span class='ocrx_word' id='word_1_285' title='bbox 864 5295 1172 5376; x_wconf 86' lang='lat' dir='ltr'><strong><em>(Reliqua</em></strong></span> <span class='ocrx_word' id='word_1_286' title='bbox 1221 5296 1287 5357; x_wconf 88' lang='lat' dir='ltr'><strong><em>in</em></strong></span> <span class='ocrx_word' id='word_1_287' title='bbox 1332 5300 1494 5356; x_wconf 94' lang='lat' dir='ltr'><strong><em>tomo</em></strong></span> <span class='ocrx_word' id='word_1_288' title='bbox 1537 5296 1815 5375; x_wconf 84' lang='lat' dir='ltr'><strong><em>sequenti</em></strong></span> <span class='ocrx_word' id='word_1_289' title='bbox 1860 5296 2365 5376; x_wconf 88' lang='lat' dir='ltr'><strong><em>continuantur.)</em></strong></span> 
     </span>
    </p>
   </div>
   <div class='ocr_carea' id='block_1_48' title="bbox 782 5368 3981 5454">
    <p class='ocr_par' dir='ltr' id='par_1_48' title="bbox 782 5368 3981 5454">
     <span class='ocr_line' id='line_1_48' title="bbox 782 5368 3981 5454; baseline -0.003 -17"><span class='ocrx_word' id='word_1_290' title='bbox 782 5368 985 5437; x_wconf 83' lang='lat' dir='ltr'><strong><em>Index</em></strong></span> <span class='ocrx_word' id='word_1_291' title='bbox 1032 5368 1403 5454; x_wconf 78' lang='lat' dir='ltr'><strong><em>analyticus</em></strong></span> <span class='ocrx_word' id='word_1_292' title='bbox 1451 5377 1514 5436; x_wconf 90' lang='lat' dir='ltr'><strong><em>in</em></strong></span> <span class='ocrx_word' id='word_1_293' title='bbox 1561 5368 1838 5437; x_wconf 80' lang='lat' dir='ltr'><strong><em>Joannis</em></strong></span> <span class='ocrx_word' id='word_1_294' title='bbox 1883 5375 2149 5436; x_wconf 64' lang='lat' dir='ltr'><strong><em>Zonaras</em></strong></span> <span class='ocrx_word' id='word_1_295' title='bbox 2177 5368 2483 5435; x_wconf 86' lang='lat' dir='ltr'><strong><em>Annales.</em></strong></span> <span class='ocrx_word' id='word_1_296' title='bbox 3826 5368 3981 5429; x_wconf 89' lang='lat'><strong>1061</strong></span> 
     </span>
    </p>
   </div>
   <div class='ocr_carea' id='block_1_49' title="bbox 2288 5590 3980 5662">
    <p class='ocr_par' dir='ltr' id='par_1_49' title="bbox 2288 5590 3980 5662">
     <span class='ocr_line' id='line_1_49' title="bbox 2288 5590 3980 5662; baseline 0.008 -21"><span class='ocrx_word' id='word_1_297' title='bbox 2288 5590 2533 5653; x_wconf 68' lang='lat' dir='ltr'><strong><em>Originnl</em></strong></span> <span class='ocrx_word' id='word_1_298' title='bbox 2563 5592 2773 5642; x_wconf 77' lang='lat' dir='ltr'><strong><em>edition</em></strong></span> <span class='ocrx_word' id='word_1_299' title='bbox 2805 5594 3096 5660; x_wconf 66' lang='lat' dir='ltr'><strong><em>published</em></strong></span> <span class='ocrx_word' id='word_1_300' title='bbox 3128 5596 3200 5662; x_wconf 66' lang='lat' dir='ltr'><strong><em>by</em></strong></span> <span class='ocrx_word' id='word_1_301' title='bbox 3232 5597 3354 5652; x_wconf 76' lang='grc' dir='ltr'><strong><em>.Ι.1’.</em></strong></span> <span class='ocrx_word' id='word_1_302' title='bbox 3391 5599 3588 5661; x_wconf 70' lang='lat' dir='ltr'><strong><em>“igne.</em></strong></span> <span class='ocrx_word' id='word_1_303' title='bbox 3620 5600 3770 5651; x_wconf 73' lang='lat' dir='ltr'><strong><em>Paris</em></strong></span> <span class='ocrx_word' id='word_1_304' title='bbox 3807 5603 3980 5656; x_wconf 78' lang='lat'><strong><em>1864</em></strong></span> 
     </span>
    </p>
   </div>
   <div class='ocr_carea' id='block_1_50' title="bbox 2395 5689 3875 5763">
    <p class='ocr_par' dir='ltr' id='par_1_50' title="bbox 2395 5689 3875 5763">
     <span class='ocr_line' id='line_1_50' title="bbox 2395 5689 3875 5763; baseline 0.009 -23"><span class='ocrx_word' id='word_1_305' title='bbox 2395 5689 2627 5757; x_wconf 82' lang='lat' dir='ltr'><strong><em>Reprint</em></strong></span> <span class='ocrx_word' id='word_1_306' title='bbox 2660 5692 2729 5757; x_wconf 64' lang='lat' dir='ltr'><strong><em>by</em></strong></span> <span class='ocrx_word' id='word_1_307' title='bbox 2765 5693 3011 5759; x_wconf 80' lang='lat' dir='ltr'><strong><em>Brepuls,</em></strong></span> <span class='ocrx_word' id='word_1_308' title='bbox 3035 5693 3327 5746; x_wconf 78' lang='lat' dir='ltr'><strong><em>Turnlioul</em></strong></span> <span class='ocrx_word' id='word_1_309' title='bbox 3360 5697 3672 5763; x_wconf 70' lang='lat' dir='ltr'><strong><em>(Belgium)</em></strong></span> <span class='ocrx_word' id='word_1_310' title='bbox 3718 5705 3827 5753; x_wconf 87' lang='lat' dir='ltr'><strong>I98</strong></span> <span class='ocrx_word' id='word_1_311' title='bbox 3855 5705 3875 5752; x_wconf 88' lang='lat' dir='ltr'><strong><em>l</em></strong></span> 
     </span>
    </p>
   </div>
  </div>
