4220 6440
620 412 698 474 15
1969 394 2267 458 ,ΙΟΑΝΝῙΞ

2379 395 2673 457 ΟΝΑΒΕ
3947 388 4025 450 16

621 545 883 600 locorum
915 538 1180 610 angustis
1204 537 1584 609 premeretur,
1610 530 1854 587 Romani
1886 528 2009 602 agri
2044 526 2265 599 aliquid

2379 526 2514 597 πρὸς
2567 525 2747 582 αὐτόν’
2809 527 2837 582 6
2894 523 2952 583 δὲ
3006 525 3097 580 καὶ
3156 523 3370 599 ἐμυήθη
3427 520 3519 578 καὶ
3576 516 3894 590 ἰόαπτίσθη.
3949 519 4020 592 οἱ

626 633 737 689 sibi
788 629 1225 694 concederetur,
1259 628 1602 697 perpetuam
1654 636 1854 697 pacem
1901 622 1958 674 et
2000 614 2134 672 belli
2175 632 2269 671 so-

626 724 895 777 cietatem
952 722 1174 789 pactus.
1224 696 1444 767 Annuit
1490 696 1848 781 imperatrix,
1883 711 1938 761 et
1986 703 2267 775 quidquid

628 812 780 866 inter
821 809 1139 878 regionem,
1173 820 1299 874 qum
1355 802 1551 855 Ferrea
1583 799 1817 861 dicitur,
1850 813 1915 850 ac
1965 795 2128 866 prius
2159 793 2269 847 Ro-

628 916 831 956 manos
862 904 916 952 et
962 893 1297 966 Bnlgaricos
1348 892 1491 944 fines
1522 886 1938 965 distinguebat,
1973 900 2038 937 ac
2067 881 2267 936 Debel~

622 995 749 1045 tum
802 987 1125 1055 interjacet,
1157 981 1240 1035 eis
1270 977 1580 1034 concessit.
1614 977 1751 1031 Eam
1796 974 2088 1045 regionem
2136 968 2270 1024 Bul-

624 1079 746 1151 gari
789 1092 919 1131 cum
969 1070 1350 1142 accepissent,
1385 1068 1662 1136 Zagoram
1703 1061 2093 1135 appellarunt.
2128 1059 2272 1114 Hinc

624 1148 734 1239 pax
763 1167 819 1220 in
853 1162 1166 1219 Occidente
1210 1157 1530 1212 constituta
1560 1159 1666 1209 est.
1702 1156 1915 1206 Verum
1948 1152 2005 1204 in
2038 1148 2271 1204 Oriente

623 1238 836 1325 magna
867 1252 976 1306 fuit
1019 1246 1472 1304 Manichaeorum
1505 1241 1842 1309 multitudo,
1875 1239 1970 1310 qui
2022 1242 2077 1292 et
2126 1238 2271 1292 Pau-

618 1342 821 1401 lieiani
862 1339 1036 1411 vulgo
1085 1336 1419 1408 imperitius
1466 1330 1854 1405 appellantur,
1884 1326 2164 1383 vocabulo
2205 1342 2274 1381 ex

624 1431 804 1490 Paulo
835 1434 892 1487 et
919 1429 1143 1485 Joanne
1173 1422 1517 1495 composito,
1554 1421 1652 1493 qui
1691 1419 1797 1473 etsi
1829 1418 1983 1490 apud
2018 1415 2148 1470 illos
2181 1431 2271 1471 ce-

624 1523 837 1591 lebres,
869 1515 1268 1574 haeresiarchte
1312 1518 1507 1567 tamen
1553 1515 1610 1564 et
1653 1523 1931 1581 perversae
1978 1504 2273 1577 opinionis

627 1615 895 1668 auctores
928 1623 1039 1661 non
1075 1606 1330 1671 fuerunt,
1365 1601 1463 1655 sed
1508 1600 1636 1669 ejus
1684 1601 1999 1652 sectatores
2046 1599 2103 1649 ct
2147 1599 2271 1646 stu-

626 1700 775 1756 diosi
813 1713 993 1769 supra
1023 1693 1287 1753 modum.
1320 1695 1377 1745 et
1423 1704 1740 1760 praecones.
1776 1690 1882 1739 Eos
1934 1684 2273 1755 imperatrix

626 1803 759 1843 cum
793 1785 852 1840 in
884 1782 1081 1838 animo
1111 1781 1353 1835 haberet
1401 1778 1471 1831 ab
1520 1774 1723 1830 heresi
1777 1773 1847 1828 ad
1895 1787 2086 1827 veram
2138 1769 2271 1825 reli-

622 1877 854 1949 gionem
901 1870 1219 1933 retrahere,
1250 1868 1405 1922 viros
1453 1864 1713 1920 illustres
1760 1861 1958 1927 mittit,
1991 1859 2091 1931 qui
2138 1875 2271 1913 cum

623 1947 924 2036 negotium
958 1958 1120 2015 nulla
1140 1956 1483 2011 dexteritate
1508 1951 1789 2023 nulloque
1820 1950 2055 2020 ingenio
2085 1947 2272 2003 admi-

622 2055 999 2117 nistrassent,
1031 2065 1143 2103 non
1192 2046 1365 2100 modo
1412 2044 1645 2098 inanem
1680 2041 1936 2095 laborem
1972 2041 2270 2110 ceperunt,

621 2143 724 2198 sed
785 2145 843 2197 et
901 2140 971 2196 ad
1030 2137 1410 2192 defectionem
1471 2130 1754 2204 p0pulum
1808 2143 2062 2194 omnem,
2103 2126 2274 2198 cujus

621 2231 810 2289 multa
850 2228 1035 2285 millia
1079 2224 1563 2286 numerabantur,
1599 2217 1963 2292 impulerunt
1994 2235 2006 2272 :
2041 2220 2107 2269 ut
2138 2231 2271 2270 cum

619 2319 937 2377 Ismaelitis
990 2317 1375 2386 conjunctae,
1427 2316 1483 2366 et
1536 2310 1832 2366 Romanos
1889 2308 2273 2378 oppugnaret,

620 2411 819 2482 eisque
840 2407 1059 2463 multas
1081 2403 1275 2459 clades
1299 2401 1556 2456 inferret.
1577 2401 1646 2454 At
1669 2398 1990 2470 imperator
2009 2392 2272 2457 Michael,

620 2516 807 2556 annos
840 2495 1104 2570 pueritiae
1136 2508 1426 2564 egressus.
1451 2492 1507 2545 et
1530 2489 1651 2558 jam
1685 2485 2046 2553 adolescens,
2075 2483 2273 2553 iniquo

620 2589 843 2645 ferebat
872 2585 1070 2641 animo
1121 2580 1280 2653 regni
1315 2575 1885 2634 administrationem
1937 2589 2065 2629 esse
2098 2588 2273 2645 penes

621 2678 788 2743 alios,
822 2672 1119 2744 simulque
1177 2671 1247 2725 ab
1307 2667 1592 2724 avunculo
1652 2665 1857 2730 Barda,
1904 2681 2020 2718 uno
2069 2679 2099 2715 e
2150 2662 2275 2716 suis

621 2766 945 2831 tutoribus,
996 2763 1065 2817 ad
1120 2758 1504 2833 principatus,
1541 2773 1647 2811 sun
1696 2754 2003 2823 arbitratu,
2036 2749 2273 2825 gerendi

622 2855 1007 2927 cupiditatem
1075 2849 1450 2905 incitabatur.
1511 2845 1739 2900 Manuel
1813 2858 1947 2898 vero
2018 2841 2271 2913 quodam

619 2951 886 3017 tempore
929 2945 1059 2997 orta
1111 2934 1245 2994 cum
1299 2934 1614 3008 Logotheta
1672 2948 1883 2988 cursus
1938 2928 2274 2986 Theoctisto

623 3029 1020 3092 controversia
1049 3029 1235 3102 (erant
1264 3030 1320 3082 et
1358 3025 1416 3080 hi
1469 3023 1640 3079 ambo
1689 3026 1912 3077 tutores
1959 3018 2274 3092 imperato-

622 3124 729 3192 ris)
760 3121 941 3193 regia,
974 3120 1030 3174 in
1091 3132 1208 3189 qua
1265 3120 1388 3172 tum
1442 3113 1710 3186 degebat,
1746 3110 1970 3177 relicta,
2018 3109 2076 3163 in
2136 3125 2276 3165 suas

624 3213 777 3268 aedes
827 3210 1128 3282 remigret,
1173 3211 1349 3277 atque
1407 3203 1543 3258 inde
1596 3201 1814 3271 regiam
1872 3199 2274 3271 frequentans,

2379 612 2679 690 Βοῦλγαροι
2754 613 2811 671 δὲ
2885 615 2959 677 ὡς
3037 620 3137 684 τῆς
3194 613 3426 688 πατρίου
3483 614 3650 684 τιμῆς
3706 607 3797 664 καὶ
3858 605 4026 677 δόξης

2813 703 3273 776 κατεξανῖστανται
3348 705 3446 756 τοῦ
3524 703 3670 778 σιρῶν
3752 698 4025 772 ἀρχηγοῦ,

3373 790 3431 846 'O
3510 786 3566 843 δὲ
3638 792 3719 859 τῷ
3794 788 4028 859 σταυροῦ

3901 895 3929 927 ν
3942 878 4030 943 ικᾷ

2378 701 2704 766 ἀποστάντος
2716 752 2729 774 ,

2378 793 2466 846 καὶ
2546 792 2768 864 ἐζητουν
2844 793 3002 848 αὐτὸν
3059 790 3268 846 ἀνελεῖν
3301 833 3314 849 .

2381 882 2592 955 σημείῳ
2677 882 2946 959 θαρρήσας
3036 877 3499 957 προπορευομὲνῳ
3583 876 3795 946 αὐτοῦ,

2378 971 2505 1033 τοὺς
2571 972 2911 1034 ἀντισταντας
2985 970 3131 1043 αὐτῷ
3204 968 3293 1023 καὶ
3363 966 3506 1022 οὕτω
3559 966 3754 1026 πάντες
3811 962 4030 1018 εἶ’λοντο

2378 1061 2444 1114 τα
2513 1063 2890 1137 Χριστιανῶν.
2967 1059 3100 1117 Εἶτα
3181 1051 3631 1131 διεπρεσϐεύσατο
3710 1054 3738 1108 6
3816 1051 4028 1107 τούτων

2380 1150 2621 1226 ἐξάρχων
2698 1150 2834 1226 πρὸς
2899 1151 2996 1218 τήν
3074 1146 3413 1223 βασίλισσαν,
3482 1143 3648 1199 αἶ’τῶν
3722 1149 3826 1216 γῆς
3884 1140 4034 1212 αὗτῷ

2379 1246 2851 1315 παραχωρηθῆναι
2928 1239 3285 1311 Ῥωμαϊκῆς,
3378 1234 3830 1309 οτενογωρεῖσθαι
3925 1231 4028 1306 γὰρ

2378 1330 2440 1383 τὸ
2498 1326 2648 1390 ἔθνος
2675 1328 2860 1396 αὐτοῦ,
2891 1326 2979 1382 καὶ
3012 1324 3221 1388 ἀϊδίους
3254 1321 3484 1386 σπονδὰς
3541 1322 3676 1398 πρὸς
3726 1319 3855 1382 τοῦς
3893 1320 4031 1372 Ῥω-

2386 1418 2599 1490 μαίους,
2631 1416 2719 1471 καὶ
2752 1415 3057 1492 ὁμαιχμίαν
3109 1411 3606 1488 ἐπαγγελλόμενος.
3654 1411 3756 1466 Καὶ
3810 1411 3839 1478 ἡ
3876 1408 4035 1484 βασι-

2384 1505 2468 1568 λὶς
2502 1506 2772 1578 αὐτῷτὴν
2826 1503 3038 1575 αἴτησιν
3102 1502 3467 1576 ἐξεπλήρωσε,
3521 1500 3610 1554 καὶ
3669 1499 3724 1552 οἱ
3782 1503 3883 1567 τῆς
3924 1495 4035 1550 ἀπὸ

2379 1603 2478 1665 τῆς
2565 1594 2900 1671 ).εγομὲνης’
2951 1591 3189 1667 Σιδηρᾶς
3265 1590 3632 1666 παρεχώρησε
3716 1588 3930 1662 χώρας,

2379 1685 2447 1740 τὰ
2502 1684 2785 1756 Ῥωμαῖων
2843 1681 2933 1737 καὶ
2991 1679 3324 1756 Βουλγάρων
3385 1676 3605 1753 διώριζε
3661 1675 3809 1750 πρὶν,
3863 1676 4035 1748 μέχρι

2382 1781 2481 1843 τῆς
2525 1768 2810 1828 Δεὸελτοῦ·
2871 1775 2936 1841 ἦν
2995 1764 3254 1830 λαϐόντες
3316 1768 3368 1822 οἱ
3428 1764 3760 1841 Βούλγαροι,
3823 1760 4038 1832 κεκλή-

2382 1883 2504 1917 κασι
2564 1861 2801 1938 Ζαγοραν
2862 1863 3012 1934 (41).
3076 1858 3367 1915 Κάντεῦθεν
3422 1855 3613 1931 εἰρήνη
3667 1852 3855 1928 γέγονε
3906 1853 4030 1927 περὶ

2381 1953 2448 2006 τα
2504 1952 2795 2027 Ἑσπέρη.
2858 1951 3000 2004 Κατᾶ
3064 1949 3162 2017 τὴν
3217 1947 3387 2019 Ἑῴαν
3466 1942 3523 2000 δὲ
3594 1943 3656 1998 τὸ
3708 1943 3815 1997 τῶν
3871 1947 4036 1995 Μανι-

2384 2039 2558 2116 χαῖων
2613 2037 2827 2109 πλῆθος
2882 2040 2947 2107 ἦν
3002 2036 3166 2105 πολὺ,
3227 2037 3280 2091 οἳ
3320 2036 3407 2090 καὶ
3457 2030 4036 2106 Παυλικιάνοιάγροι-

2382 2129 2601 2206 κότερον
2650 2129 2796 2203 παρὰ
2851 2132 2946 2182 τοῦ
3009 2122 3304 2200 δημώδους
3364 2120 3541 2199 ὄχλου
3597 2118 3923 2188 καλοῦνται,
3975 2118 4034 2173 ἐκ

2383 2218 2604 2275 Παύλου
2669 2217 2758 2273 καὶ
2841 2218 3092 2274 Ἰωάννου
3156 2221 3256 2284 τῆς
3339 2211 3590 2284 κλήσεως
3667 2210 4035 2285 συγκειμένης

2385 2309 2588 2371 αὐτοῖς’
2645 2309 2724 2363 τὼ
2800 2304 2846 2362 δ’
2904 2303 3061 2383 ἄνδρε
3117 2302 3295 2358 τούτω
3351 2302 3499 2379 παρᾶ
3552 2298 3882 2375 Μανιχαίοις
3914 2296 4034 2374 ἐγε-

2383 2399 2576 2467 νέσθητ
2636 2397 2962 2470 ὀνομαστὼ,
3023 2394 3067 2449 εἰ
3143 2393 3233 2448 καὶ
3295 2392 3370 2466 μή
3439 2388 3610 2461 ἤστην
3682 2386 4031 2463 αἷρεσῖἀρχα,

2382 2487 2472 2543 καὶ
2528 2492 2628 2555 τῆς
2682 2482 3001 2556 κακοδοξίας
3066 2484 3381 2559 γεννήτορε,
3452 2478 3674 2550 ζηλωτᾶ
3726 2474 3783 2532 δὲ
3831 2476 4037 2546 ταύτης

2383 2576 2472 2632 καὶ
2524 2572 2832 2631 σπουδαστᾶ
2889 2571 3274 2650 διαφερόντως,
3333 2568 3421 2624 καὶ
3475 2570 3695 2642 κήρυκε.
3759 2566 3857 2621 Καὶ
3903 2564 4034 2620 τοῦ·

2380 2687 2507 2729 τους
2538 2665 2717 2720 τοίνυν
2776 2667 2811 2734 ἡ
2868 2661 3084 2739 βασιλὶς
3135 2660 3211 2722 εἰς
3259 2664 3384 2715 νοῦν
3428 2652 3652 2713 ἐϐάλετο
3716 2658 4035 2731 μεταγαγεῖν

2384 2754 2459 2816 εἷς
2515 2750 2825 2830 όρθοδοξίαν
2888 2750 2947 2807 ἐκ
2992 2758 3091 2822 τῆς
3152 2750 3433 2826 αἱρέσεως,
3490 2746 3579 2801 καὶ
3638 2743 3854 2800 στέλλει
3900 2742 4036 2806 τοῦς

2382 2848 2548 2900 τοῦτο
2608 2843 2935 2904 σπεῦσοντας
2995 2838 3192 2915 ἄνδρας
3249 2842 3358 2894 τῶν
3439 2834 3888 2914 ἑπιιρανεστὲρων.
3968 2832 4039 2890 Οἱ

2387 2931 2445 2989 δὲ
2501 2930 2722 3004 ἀδεξίως
2797 2932 2860 2987 τὸ
2935 2935 3161 3007 πρᾶγμα
3233 2927 3323 2983 καὶ
3406 2926 3589 3005 ἀφυῶς
3651 2922 4032 2999 μεταχειρισά-

2390 3045 2562 3098 μενοι,
2620 3022 2682 3077 οὐ
2720 3021 2878 3095 μόνον
2910 3022 3167 3091 ἀνήνυτον
3212 3014 3392 3073 ἔθεντο
3429 3017 3528 3086 την
3563 3011 3828 3085 σπουδὴν,
3889 3008 4041 3068 ἀλλὰ

2385 3114 2474 3170 καὶ
2537 3112 2613 3174 εἷς
2689 3110 3019 3167 ἀποστασίαν
3094 3107 3333 3184 ὁρμῆσαι
3408 3106 3471 3160 τὸ
3543 3104 3699 3179 γένος
3766 3099 3899 3156 ὅλον
3961 3100 4041 3162 εἰς

2391 3200 2655 3280 μυριάδας
2730 3198 2945 3262 πολλὰς
3016 3196 3419 3273 ἀριθμούμενον
3469 3189 3771 3249 ἐϐιάσαντο.
3831 3193 3897 3243 "0
3947 3189 4040 3245 καὶ

624 3317 822 3358 rerum
873 3279 1445 3355 administrationem
1497 3291 1768 3363 capessit.
1802 3290 1882 3345 Ea
1933 3305 2026 3344 res
2076 3288 2267 3343 Barda:

2387 3297 2503 3354 τοῖς
2571 3290 2621 3362 ἐξ
2693 3286 2926 3363 Ἰσμαὴλ
3005 3286 3473 3361 συμμιγνύμενον,
3548 3280 3684 3337 κατά
3747 3279 4037 3352 Ῥωμαίων

627 3389 912 3463 singulari
935 3387 1221 3458 voluptati
1254 3384 1381 3453 fuit,
1405 3387 1462 3439 et
1481 3380 1876 3437 Theoctistum
1910 3378 2083 3434 etiam
2117 3393 2277 3432 amo-

625 3495 761 3538 vere
792 3478 1042 3534 studuit.
1073 3476 1219 3531 Nam
1253 3490 1384 3529 cum
1432 3469 1595 3542 regni
1634 3469 1953 3540 cupiditate
1981 3467 2275 3540 ﬂagraret,

616 3569 937 3636 metuebat,
966 3582 1036 3622 ne
1067 3565 1138 3621 ab
1172 3563 1267 3617 illo
1299 3561 1702 3633 impediretur.
1730 3557 2068 3630 Imperatori
2102 3572 2273 3629 porro

615 3660 968 3732 paedagogus
999 3660 1124 3711 erat
1171 3651 1487 3708 homuncio
1518 3650 1653 3704 vilis
1705 3654 1761 3703 et
1809 3647 2137 3719 improbus,
2171 3647 2270 3702 sed

613 3747 969 3806 adolescenti
1003 3745 1147 3799 adeo
1188 3746 1414 3811 gratus,
1450 3744 1513 3794 ut
1544 3754 1677 3794 eum
1724 3736 2041 3793 illustriore
2074 3736 2268 3809 digni-

608 3844 728 3895 tate
787 3842 1061 3893 ornatum
1120 3832 1311 3902 vellet,
1353 3844 1603 3900 eamque
1656 3843 1774 3883 rem
1835 3844 1869 3883 a
1928 3832 2112 3882 matre
2170 3841 2269 3898 pe-

608 3933 777 3986 teret.
811 3926 1027 3981 Verum
1077 3920 1454 3994 Theoctistus
1501 3918 1749 3990 negabat
1797 3918 2113 3992 pzedagogo
2165 3916 2269 3970 tri-

605 4018 903 4075 buendam
938 4015 1310 4086 dignitatem,
1340 4008 1470 4082 qua:
1520 4008 1683 4063 illius
1734 4006 2130 4062 conditionem
2163 4023 2268 4061 su-

607 4110 859 4180 peraret,
894 4121 966 4160 ne
997 4101 1314 4172 dignitates
1360 4098 1712 4167 indignitate
1761 4096 2155 4151 afficerentur.
2190 4095 2269 4150 Ex

607 4212 674 4253 eo
705 4194 1076 4252 Theoetistus
1121 4190 1435 4262 pzedagogo
1468 4187 1691 4241 invisus
1741 4184 1870 4254 fuit,
1903 4183 2079 4255 idque
2128 4189 2266 4239 Bar-

606 4287 691 4340 dze
733 4285 884 4342 151
940 4284 1442 4355 peropportunum
1504 4275 1719 4331 accidit
1775 4275 1844 4329 ad
1905 4273 2263 4330 desiderium

604 4390 781 4430 suum
814 4369 1274 4443 exsequendum.
1311 4367 1417 4421 Per
1450 4365 1831 4436 pmdagogum
1864 4362 2045 4435 igitur
2075 4365 2266 4419 varias

603 4469 809 4521 contra
827 4459 1224 4518 Theoclistum
1260 4455 1589 4511 calumnias
1618 4450 1989 4525 imperatoris
2021 4452 2266 4509 auribus

602 4554 885 4621 instillat,
951 4552 1197 4623 ejusque
1255 4545 1591 4602 facilitatem
1648 4544 1704 4598 in
1762 4541 1928 4597 il'um
1988 4542 2261 4614 concitat,

2387 3380 2479 3437 σῦν
2538 3379 2727 3441 αὑτοῖς
2782 3376 3145 3448 ἐστρατεύετο,
3199 3374 3287 3430 καὶ
3327 3370 3556 3428 πολλῶν
3613 3368 3784 3425 αἷίτιον
3844 3368 4036 3430 αῦτοῖς

2384 3473 2569 3548 γέγονε
2621 3472 2956 3546 συμφορῶν.
3002 3467 3058 3520 Ὁ
3109 3462 3167 3519 δὲ
3223 3484 3287 3539 γε
3345 3459 3598 3537 βασιλεὺς
3651 3456 3881 3535 Μιχαὴλ
3940 3458 4035 3511 τὸν

2389 3561 2617 3637 μείρακα
2690 3555 3019 3634 παρελάσας,
3099 3553 3189 3609 καὶ
3264 3551 3565 3612 νεανίσκοις
3623 3548 3742 3625 ἄρτι
3801 3543 4035 3601 καταλε-

2380 3633 2631 3726 γόμενος,
2682 3633 2900 3723 ἤσχαλε
2963 3645 3090 3720 παρ’
3164 3642 3356 3703 ἄλλοις
3428 3640 3527 3709 την
3595 3644 3697 3706 τῆς
3753 3633 4038 3711 βασιλείας

2385 3738 2605 3816 βλέπων
2638 3735 2930 3808 διοίκησιν,
2980 3732 3235 3809 ἠρέθιστο
3293 3728 3351 3786 δὲ
3404 3729 3493 3784 καὶ
3553 3728 3687 3803 πρὸς
3740 3729 3837 3780 τοῦ
3894 3725 4037 3797 πρὸς

2385 3812 2591 3901 μητρὸς
2668 3826 2815 3890 θείου
2899 3827 2996 3879 τοῦ
3065 3816 3247 3897 Βάρδα
3334 3824 3434 3887 τῆς
3520 3813 3821 3889 αῦταρχίας
3894 3812 4036 3887 πρὸς

2379 3915 2593 3992 ἔρωτα·
2656 3916 2733 3976 εἷς
2793 3909 2838 3967 δ’
2912 3912 2978 3981 ἦν
3045 3909 3136 3965 καὶ
3191 3909 3349 3969 οὗτος
3405 3910 3513 3961 τῶν
3574 3903 3881 3974 ἐπιτρόπων
3937 3903 4039 3955 τοῦ

2378 3988 2635 4083 Μιχαήλ.
2673 4007 2941 4079 Διαφορᾶς
2994 3998 3050 4056 δέ
3105 4019 3239 4054 ποτε
3293 4002 3370 4069 τῷ
3420 3992 3703 4071 μαγίστρῳ
3763 3988 4038 4057 Μανουὴλ

2375 4093 2674 4172 γενομένης
2728 4092 2864 4167 πρὸς
2919 4091 3009 4146 τὸν
3071 4087 3373 4163 λογοθέτην
3425 4086 3523 4139 τοῦ
3572 4079 3781 4157 δρόμου
3811 4078 4037 4134 Θεόκτι-

2377 4206 2501 4240 στον
2581 4183 2691 4257 (καὶ
2771 4179 2936 4260 ἅμιρω
3008 4176 3065 4234 δὲ
3137 4174 3511 4250 συνεπιτρόπω
3584 4173 3683 4225 τοῦ
3763 4166 4035 4244 βασιλέως

2376 4271 2787 4349 ἐτυγχανέτην),
2819 4257 3158 4336 ὁ”Μανουῆλ
3213 4269 3319 4320 τῶν
3371 4262 3681 4335 ἀνακτόρων
3741 4257 4037 4333 ὑποχωρεῖ

2375 4364 2463 4436 (ἦν
2523 4362 2625 4437 γὰρ
2683 4361 2794 4415 ἐκεῖ
2824 4356 3205 4430 διαιτώμενος)
3234 4353 3327 4408 καὶ
3359 4351 3437 4413 εἷς
3479 4350 3571 4405 τὸν
3631 4346 3830 4403 οἰκεῖον
3889 4346 4037 4400 εἶκον

2379 4456 2714 4527 μεταχωρεῖ,
2779 4448 3021 4504 κάκεῖθεν
3100 4443 3177 4506 ε’ς
3224 4442 3292 4497 τὰ
3352 4439 3602 4518 βασίλεια
3658 4436 3859 4504 ἀπιὼν,
3917 4438 4028 4489 τῶν

2375 4540 2699 4611 διοικήσεων
2760 4534 2961 4614 εἷ’χετο.
3019 4538 3186 4590 Τοῦτο
3244 4536 3323 4604 τῷ
3376 4525 3552 4604 Βαρδα
3622 4525 4036 4601 θυμηρὲστατον

602 4645 857 4715 denique
887 4644 1018 4713 ejus
1062 4639 1238 4694 etiam
1272 4633 1578 4691 amovendi
1640 4634 1703 4687 fit
1761 4636 1984 4687 auctor.
2039 4632 2097 4687 ld
2129 4649 2264 4689 vero

2379 4628 2570 4704 ἔδοξεν,
2648 4627 3112 4689 ἀποσκευάσασθαι
3190 4625 3317 4699 γοῦν
3385 4618 3476 4674 καὶ
3547 4618 3640 4671 τὸν
3707 4615 4029 4670 Θεόκτιστον

600 4734 773 4790 aliter
821 4749 992 4803 posse
1046 4730 1162 4783 fieri
1229 4726 1498 4794 negabat,
1532 4738 1708 4794 quam
1770 4722 1818 4777 si
1880 4722 2261 4778 occideretur.

598 4824 744 4879 Nam
798 4838 931 4878 eum
984 4821 1267 4874 viventem
1301 4816 1371 4869 ab
1405 4812 1776 4885 imperatrice
1808 4812 2113 4867 defensum
2168 4812 2260 4879 iri,

598 4918 656 4970 et
685 4912 1031 4969 auctoritate
1061 4908 1401 4964 valiturum.
1432 4904 1670 4957 Decreta
1702 4900 1807 4955 viri
1853 4902 2028 4961 caede.
2062 4901 2260 4959 obser-

595 5008 768 5059 vatur
795 5005 926 5075 ejus
957 5019 989 5058 e
1019 5001 1281 5057 thalamo
1331 4993 1722 5067 imperatrieis
1772 5009 2066 5065 egressus.
2110 4993 2254 5049 Nam

596 5095 667 5150 ad
700 5110 828 5151 eam
880 5098 938 5149 et
987 5091 1124 5163 quid
1183 5092 1411 5153 actum,
1440 5089 1498 5140 et
1529 5084 1669 5156 quid
1727 5085 2020 5156 agendum
2080 5086 2257 5155 esset,

591 5184 902 5240 referebat.
934 5178 1267 5253 Egredienti
1330 5190 1641 5247 percussor
1696 5172 2061 5229 immittitur.
2108 5173 2253 5229 Cum

592 5278 789 5330 autem
823 5272 920 5328 ille
951 5272 1221 5326 strictum
1258 5281 1459 5321 ensem
1485 5267 1687 5318 contra
1719 5279 1779 5318 se
1805 5262 2023 5318 elatum
2057 5278 2254 5319 cerne-

590 5369 701 5433 ret,
735 5377 1043 5420 scamnum
1094 5358 1299 5420 subiit,
1334 5368 1643 5428 percussor
1692 5368 1892 5408 ensem
1943 5352 2001 5406 in
2054 5358 2256 5409 ventre

589 5457 719 5525 ejus
750 5451 973 5524 deligit,
1001 5450 1189 5505 Barda
1220 5446 1398 5502 etiam
1434 5443 1705 5499 strictum
1729 5458 1928 5497 ensem
1963 5441 2250 5512 vibrante,

586 5548 645 5600 et
674 5559 878 5599 necem
901 5542 950 5598 ei
976 5539 1307 5603 minitante,
1333 5534 1430 5607 qui
1457 5531 1727 5588 morienti
1754 5530 1832 5585 illi
1859 5547 2028 5604 opem
2054 5531 2246 5589 ferret.

2375 4719 2463 4776 διὰ
2536 4715 2776 4788 σπουδῆς
2854 4717 2999 4787 αὐτῷ
3073 4714 3160 4783 ἦν’
3243 4708 3536 4786 βασιλειῶν
3596 4705 3699 4782 γὰρ
3768 4701 4031 4759 ἐδεδοίκει

2369 4815 2581 4865 τοῦτον⁶
2646 4809 2722 4872 ὡς
2778 4809 2829 4862 οἱ
2889 4807 3023 4881 πρὸς
3096 4803 3325 4878 τοῦργον
3399 4797 3880 4869 ἀντιστησόμενον.
3937 4797 4037 4865 Τῷ

2379 4899 2593 4977 βασιλεῖ
2616 4899 2798 4954 τοίνυν
2849 4893 3201 4970 παιδαγωγὸς
3225 4894 3316 4962 ἦν,
3376 4885 3661 4963 ἀνδράριόν
3719 4905 3772 4939 τι
3821 4881 4033 4962 φαῦλον

2368 4970 2456 5044 καὶ
2483 4985 2742 5063 πονηρόν·
2801 4986 2860 5040 ’ὸν
2909 4982 2977 5039 δι’
3009 4980 3242 5061 ἐιρὲσεως
3303 4980 3445 5055 εἶχεν
3493 4976 3522 5031 6
3584 4970 3838 5051 βασιλεὺς
3871 4970 4038 5042 ἀξιώ-

2372 5098 2501 5153 ματι
2548 5081 2656 5133 τῶν
2709 5073 3105 5150 λαμπροτὲρων
3153 5067 3386 5144 τιμῆσαί
3443 5086 3573 5134 τινι,
3632 5063 3721 5119 καὶ
3783 5059 4028 5116 ἐποιεῖτο

2366 5170 2489 5245 περὶ
2543 5165 2740 5222 τούτου
2796 5165 2894 5234 τὴν
2949 5163 3085 5238 πρὸς
3136 5161 3234 5230 τήν
3290 5155 3500 5233 μητίρα
3546 5153 3787 5225 ἀξίωσιν.
3842 5152 3906 5207 Ὀ
3968 5147 4029 5205 δὲ

2365 5258 2683 5318 Θεόκτιστος
2747 5256 2824 5330 μή
2879 5251 2988 5308 δεῖν
3049 5251 3207 5326 ἔλεγε
3266 5246 3473 5322 μείζονι
3519 5245 3610 5300 τὸν
3668 5238 4024 5317 παιδαγωγὸν

2363 5357 2464 5420 τῆς
2514 5350 2706 5403 ἑαυτοῦ
2760 5345 3137 5403 καταστάσεως
3211 5340 3513 5413 τιμηθῆναι
3569 5336 3732 5406 τιμῇ,
3798 5327 3892 5385 ’ἵνα
3945 5331 4025 5403 μὴ

2365 5440 2650 5512 ἀτιμοῖντο
2732 5436 2800 5489 τα
2865 5432 3165 5506 ἀξιώματα.
3244 5427 3513 5485 Ἐντεῦθεν
3574 5420 3645 5478 δι’
3698 5416 3899 5497 ἔχθρας
3955 5422 4023 5489 ἦν

2362 5534 2441 5602 τῷ
2500 5523 2837 5601 παιδαγωγῷ
2890 5524 2917 5578 6
2963 5521 3304 5583 Θεόκτιστος.
3363 5519 3533 5572 τοῦτο
3591 5511 3771 5569 τοίνυν
3805 5511 3834 5565 6
3894 5510 4028 5586 Βάρ-

1855 5649 2059 5710 Variae
2102 5648 2406 5712 lectiones
2448 5653 2512 5709 et
2554 5651 2748 5707 notae.

655 5756 915 5833 Ζαγοράν.
952 5756 1096 5811 Vide
1126 5753 1471 5818 Cedrenum,
1507 5764 1563 5820 p.
1596 5746 1724 5815 746,
1757 5749 1815 5802 et
1842 5747 2112 5805 Familia:
2141 5748 2267 5804 Dalz

2379 5748 2503 5815 icas,
2540 5760 2597 5817 p.
2630 5742 2756 5799 310.
