4220 6440
638 396 717 457 l5
1986 387 2310 450 JOANNIS
2352 390 2691 453 ZONARE
3964 394 4036 456 16

639 527 901 584 locorum
932 524 1196 596 angustis
1221 526 1600 596 premeretur,
1627 521 1871 577 Romani
1903 520 2025 594 agri
2060 520 2267 592 aliquid

2395 520 2531 592 πρὸς
2583 521 2764 579 αὐτόν·
2825 525 2854 579 ὁ
2911 521 2969 581 δὲ
3023 525 3113 579 καὶ
3173 523 3386 600 ἐμυήθη
3443 523 3536 579 καὶ
3593 520 3912 595 ἐϐαπτίσθη.
3965 526 4032 598 οἱ

643 617 754 673 sibi
805 615 1242 681 concederetur,
1275 616 1618 684 perpetuam
1669 626 1870 681 pacem
1917 614 1975 666 et
2016 608 2149 664 belli
2190 626 2284 664 so-

643 707 911 761 cietatem
968 707 1190 774 pactus.
1240 701 1460 755 Annuit
1506 685 1864 770 imponatrix,
1898 703 1953 753 et
2001 696 2282 767 quidquid

643 795 796 849 inter
837 793 1155 863 regionem.
1187 807 1314 861 qum
1370 790 1565 843 Ferrea
1598 788 1832 851 dicitur,
1865 804 1929 842 ac
1980 787 2142 858 prius
2174 787 2283 841 Ro-

644 900 845 940 manos
877 889 931 937 et
977 880 1311 952 Bulgaricos
1363 880 1505 932 fines
1536 877 1952 956 distinguqbat,
1987 892 2051 930 ac
2080 875 2282 930 Debel~

637 978 763 1028 tum
816 973 1139 1040 interjacet,
1171 968 1254 1021 eis
1284 966 1593 1021 concessit.
1628 967 1764 1020 Eam
1808 966 2101 1036 regionem
2150 962 2285 1017 Bul-

638 1063 760 1135 gari
803 1076 933 1115 cum
983 1057 1363 1128 accepissent,
1398 1056 1675 1125 Zagoram
1716 1053 2105 1126 appellarunt.
2141 1052 2284 1107 Hinc

637 1169 747 1223 pax
777 1151 833 1204 in
866 1148 1179 1203 Occidente
1224 1145 1543 1200 constituta
1573 1148 1679 1198 est.
1713 1146 1926 1197 Verum
1960 1143 2017 1196 in
2050 1142 2282 1197 Oriente

635 1254 849 1309 magna
879 1237 988 1291 fuit
1032 1233 1484 1290 Manichaeorum
1517 1231 1853 1301 multitudo,
1886 1232 1982 1302 qui
2034 1235 2088 1285 et
2138 1231 2282 1285 Pau-

630 1327 832 1384 liciani
874 1324 1047 1396 vulgo
1096 1323 1430 1395 imperitius
1477 1320 1866 1394 appellantur,
1896 1319 2175 1375 vocabulo
2216 1336 2284 1375 ex

636 1416 816 1472 Paulo
846 1419 903 1471 et
930 1414 1154 1470 Joanne
1184 1410 1527 1483 composito,
1565 1411 1664 1483 qui
1702 1409 1808 1464 etsi
1839 1410 1993 1481 apud
2027 1408 2159 1463 illos
2191 1424 2281 1465 ce-

635 1506 847 1575 lebres,
880 1502 1278 1559 haeresiarchas
1322 1506 1517 1555 tamen
1563 1505 1619 1555 et
1663 1514 1941 1571 perversae
1988 1497 2282 1570 opinionis

637 1599 905 1651 auctores
938 1609 1049 1647 non
1085 1592 1339 1659 fuerunt,
1374 1590 1472 1643 sed
1517 1590 1644 1657 ejus
1693 1593 2008 1642 sectatores
2056 1592 2112 1642 et
2156 1593 2281 1640 stu-

635 1683 783 1740 diosi
822 1698 1003 1754 supra
1033 1680 1296 1743 modum,
1329 1683 1385 1733 et
1432 1694 1748 1749 praecones.
1784 1681 1891 1731 Eos
1943 1677 2282 1748 imperatrix

635 1787 768 1827 cum
801 1770 861 1825 in
893 1767 1089 1824 animo
1120 1768 1361 1822 haberet
1408 1768 1479 1820 ab
1529 1765 1731 1819 haeresi
1785 1765 1855 1819 ad
1903 1780 2095 1819 veram
2146 1763 2279 1819 reli-

630 1860 862 1933 gionem
909 1856 1226 1921 retrahere,
1257 1855 1412 1910 viros
1462 1853 1720 1909 illustres
1767 1853 1965 1919 mittit,
1998 1852 2097 1924 qui
2146 1869 2277 1907 cum

631 1948 931 2020 negotium
966 1944 1127 2001 nulla
1148 1944 1490 1999 dexteritate
1514 1941 1796 2013 nulloque
1826 1942 2063 2013 ingenio
2092 1941 2279 1995 admi-

629 2040 1006 2103 nistrassent,
1038 2052 1150 2089 non
1199 2034 1371 2088 modo
1418 2032 1651 2088 inanem
1686 2031 1943 2087 laborem
1978 2035 2276 2103 ceperunt,

628 2127 730 2182 sed
791 2130 848 2182 et
907 2125 977 2181 ad
1036 2124 1415 2179 defectionem
1476 2120 1760 2193 populum
1814 2136 2067 2187 omnem,
2109 2120 2280 2191 cujus

626 2215 816 2272 multa
856 2213 1040 2270 millia
1084 2213 1568 2277 numerabantur,
1603 2209 1968 2283 impulerunt
1998 2227 2011 2265 :
2046 2213 2111 2263 ut
2143 2225 2277 2264 cum

625 2304 942 2361 Ismaelitis
995 2304 1380 2372 conjunctus,
1432 2305 1487 2354 et
1540 2300 1837 2355 Romanos
1894 2302 2278 2371 oppugnaret,

624 2395 823 2466 eisque
845 2392 1062 2448 multas
1085 2391 1278 2446 clades
1301 2390 1560 2445 inferret.
1581 2391 1650 2444 At
1672 2388 1993 2461 imperator
2012 2386 2276 2452 Michael,

623 2501 811 2539 annos
844 2481 1108 2555 pueritiae
1139 2496 1430 2551 egressus.
1454 2481 1510 2533 et
1534 2479 1654 2548 jam
1688 2476 2049 2545 adolescens,
2079 2477 2276 2547 iniquo

624 2574 846 2628 ferebat
875 2571 1073 2627 animo
1124 2568 1283 2639 regni
1318 2566 1888 2622 administrationem
1939 2582 2068 2622 esse
2100 2583 2276 2639 penes

624 2662 790 2727 alios,
824 2657 1121 2730 simulque
1179 2658 1249 2712 ab
1309 2657 1594 2713 avunculo
1654 2657 1859 2721 Barda,
1906 2673 2022 2710 uno
2070 2672 2101 2709 e
2152 2656 2276 2710 suis

622 2750 946 2817 tutoribus,
998 2749 1066 2803 ad
1122 2746 1506 2819 principatus,
1543 2763 1648 2801 suo
1698 2745 2004 2816 arbitratu,
2038 2744 2275 2818 gerendi

623 2839 1008 2912 cupiditatem
1077 2836 1451 2892 incitabatur.
1512 2835 1741 2890 Manuel
1815 2850 1948 2889 vero
2019 2835 2272 2906 quodam

620 2935 887 3002 tempore
929 2931 1060 2983 orta
1112 2941 1245 2981 cum
1300 2924 1615 2997 Logotheta
1672 2940 1883 2979 cursus
1939 2922 2275 2979 Theoctisto

623 3015 1020 3075 controversia
1049 3015 1235 3087 (erant
1264 3018 1321 3070 et
1358 3013 1417 3068 hi
1468 3013 1641 3069 ambo
1690 3017 1912 3069 tutores
1959 3011 2274 3085 imperato-

623 3107 728 3175 ris)
759 3106 940 3178 regia,
973 3105 1029 3160 in
1091 3118 1208 3176 qua
1264 3109 1387 3159 tum
1442 3102 1710 3175 degebat,
1746 3101 1969 3169 relicta,
2018 3102 2076 3157 in
2136 3119 2275 3159 suas

623 3196 777 3252 (edes
826 3196 1127 3267 remigrat,
1172 3198 1347 3265 atque
1406 3192 1541 3247 inde
1595 3192 1811 3262 regiam
1872 3191 2273 3263 frequentans,

2394 608 2694 686 Βοῦλγαροι
2769 610 2826 668 δὲ
2901 613 2975 676 ὡς
3053 620 3153 684 τῆς
3211 614 3441 690 πατρίου
3498 617 3666 687 τιμῆς
3721 612 3811 668 καὶ
3873 610 4035 683 δόξης

2393 697 2744 771 ἀποστάντος,
2828 702 3288 775 κατεξανῖστανται
3363 707 3461 758 105
3540 707 3686 780 σνρῶν
3766 703 4034 777 ἀρχηγοῦ,

3386 793 3446 848 Ὁ
3524 788 3580 846 δὲ
3653 796 3733 863 τῷ
3808 794 4038 863 σταυροῦ

3918 883 4039 948 νικᾷ

2393 788 2480 841 καῖ
2560 788 2782 860 ἐζητουν
2858 791 3016 846 αὐτὸν
3073 790 3283 846 ἀνελεῖν
3315 835 3329 850 .

2394 878 2606 950 σημεῖῳ
2690 880 2961 956 θαρξῆσας
3050 879 3513 957 προπορευομένῳ
3597 879 3808 950 αὐτοῦ,

2390 966 2518 1028 τοὺς
2584 968 2925 1032 ἀντιστάντας
2998 969 3145 1043 αὖτῷ
3217 969 3306 1024 καὶ
3376 969 3520 1023 οὕτω
3573 970 3767 1030 πάντες
3824 967 4039 1023 εἶ’λοντο

2391 1056 2457 1109 τά
2526 1059 2902 1134 Χριστιανῶν.
2979 1058 3113 1116 Εἶτα
3194 1053 3643 1133 διεπρεσϐεύσατο
3722 1058 3750 1113 ὁ
3829 1057 4037 1112 τούτων

2391 1144 2633 1221 ἐξάρχων
2710 1148 2846 1223 πρὸς
2910 1150 3009 1216 τήν
3087 1147 3425 1222 βασίλισσαν,
3494 1146 3660 1202 αἶ’τῶν
3733 1153 3839 1221 γῆς
3896 1145 4042 1218 αὖτῷ

2390 1244 2863 1311 παραχωρηθῆναι
2941 1238 3297 1309 Ῥωμαϊκῆς,
3389 1238 3841 1312 στενογωρεῖσθαι
3936 1236 4036 1311 γάρ

2389 1325 2451 1378 τὸ
2509 1322 2659 1387 ἔθνος
2685 1326 2870 1394 αὐτοῦ,
2902 1325 2991 1381 καὶ
3024 1323 3232 1388 ἀϊδίους
3266 1322 3495 1388 σπονδάς
3551 1326 3687 1401 πρὸς
3735 1324 3866 1387 τους
3905 1326 4040 1378 Ῥω-

2396 1415 2609 1485 μαίους,
2641 1414 2729 1468 καὶ
2763 1414 3068 1491 ὁμαιχμίαν
3120 1413 3617 1489 ἐπαγγελλόμενος.
3664 1415 3765 1470 Καὶ
3820 1416 3849 1483 ἡ
3886 1413 4043 1489 βασι-

2393 1500 2478 1563 λὶς
2512 1502 2781 1574 αὗτῷτήν
2836 1501 3048 1574 αἷίτησιν
3111 1502 3476 1578 ἐξεπλήρωσε,
3530 1504 3620 1557 καὶ
3679 1503 3733 1556 οἱ
3791 1508 3892 1572 τῆς
3934 1501 4041 1556 ἀπὸ

2388 1598 2488 1660 τῆς
2574 1591 2909 1668 λεγομένης·
2960 1589 3199 1667 Σιδηρᾶς
3275 1592 3641 1668 παρεχώρησε
3725 1592 3939 1666 χώρας,
4003 1590 4037 1658 ἢ

2388 1681 2455 1735 τὰ
2510 1681 2794 1753 Ῥωμαὲων
2853 1680 2941 1735 καὶ
3000 1678 3332 1756 Βουλγάρων
3393 1677 3614 1754 διώριζε
3670 1679 3817 1754 πρὶν)
3871 1680 4043 1754 μέχρι

2390 1776 2489 1838 τῆς
2532 1765 2817 1825 Δεὸελτοῦ·
2878 1773 2944 1840 ἢν
3004 1764 3262 1831 λαϐόντες
3324 1770 3376 1823 οἱ
3437 1767 3768 1844 Βοῦλγαροι,
3830 1765 4045 1839 κεκλή-

2390 1879 2512 1913 κασι
2571 1858 2808 1935 Ζαγοράν
2869 1861 3019 1933 (41).
3083 1859 3374 1914 Ιὶἀντεῦθεν
3430 1857 3620 1933 εἷρήνη
3674 1856 3862 1932 γέγονε
3913 1858 4037 1933 περὶ

2388 1948 2454 2001 τά
2512 1949 2802 2024 Ἑσπέρη.
2864 1950 3007 2003 Κατὰ
3071 1949 3168 2016 τὴν
3224 1948 3394 2020 Έῴαν
3473 1945 3530 2002 δὲ
3600 1947 3663 2001 τὸ
3715 1947 3822 2002 τῶν
3876 1952 4043 2000 Μανι-

2391 2035 2564 2112 χαίων
2619 2034 2833 2107 πλῆθος
2888 2038 2953 2106 ἦν
3008 2037 3173 2106 πολὺ,
3234 2038 3286 2092 οἲ
3326 2038 3414 2092 καὶ
3464 2035 4042 2112 Παυλικιάνοιάγροι-

2387 2125 2606 2202 κότερον
2655 2127 2801 2201 παρᾶ
2857 2131 2951 2181 105
3015 2122 3310 2200 δημώδους
3370 2122 3546 2201 ὄχλου
3602 2122 3927 2191 καλοῦνται,
3980 2124 4040 2179 ἐκ

2389 2214 2609 2270 Παύλου
2674 2215 2763 2271 καὶ
2847 2217 3097 2272 Ἰωάννου
3161 2222 3261 2285 τῆς
3344 2214 3595 2286 κλήσεως
3672 2215 4041 2289 συγκειμένης

2389 2304 2592 2367 αὐτοῖς·
2649 2306 2728 2360 τὼ
2804 2302 2851 2360 δ’
2908 2303 3066 2383 ἄνδρε
3121 2303 3300 2359 τούτω
3356 2305 3504 2381 παρὰ
3557 2303 3887 2379 Μανιχαίοις
3919 2301 4039 2379 ἐγε-

2387 2394 2580 2464 νέσθητ
2639 2394 2965 2468 ὀνομαστὰ),
3026 2394 3071 2449 εἰ
3147 2394 3237 2448 καὶ
3299 2394 3374 2467 μή
3442 2391 3613 2464 ἤστην
3685 2391 4036 2468 αἶρεσίάρχα,

2386 2482 2475 2538 καὶ
2532 2489 2632 2553 τῆς
2686 2481 3005 2555 κακοδοξίας
3070 2485 3384 2559 γεννήτορε,
3455 2480 3676 2553 ζηλωτὰ
3729 2479 3786 2536 δὲ
3834 2481 4042 2552 ταύτης

2385 2573 2474 2626 καὶ
2526 2569 2835 2628 σπουδαστᾶ
2892 2570 3276 2649 διαφερόντως,
3336 2570 3425 2626 καὶ
3477 2573 3697 2645 κήρυκε.
3761 2571 3859 2625 Καὶ
3906 2570 4039 2625 τού-

2383 2683 2509 2725 τους
2540 2662 2719 2716 τοίνυν
2779 2665 2813 2731 ἡ
2870 2660 3086 2738 βασιλὶς
3137 2661 3214 2723 εἰς
3262 2664 3387 2716 νοῦν
3431 2655 3654 2716 ἐϐάλετο
3717 2665 4039 2736 μεταγαγεῖν

2386 2750 2461 2812 εἷς
2517 2748 2827 2827 ὄρθοδοξίαν
2889 2749 2947 2807 ἐκ
2994 2758 3093 2821 τῆς
3154 2751 3435 2827 αἱρέσεως,
3491 2749 3580 2804 καὶ
3640 2748 3854 2804 στέλλει
3902 2748 4040 2812 τοὺς

2383 2844 2549 2895 10510
2609 2841 2936 2903 σπεῦσοντας
2996 2838 3193 2915 ἄνδρας
3250 2844 3360 2895 τῶν
3439 2839 3890 2917 ἐπιφανεστέρων.
3970 2838 4042 2896 Οἱ

2387 2926 2445 2984 δὲ
2501 2928 2722 3002 ἀδεξίως
2798 2931 2860 2985 τὸ
2935 2937 3161 3006 πρᾶγμα
3233 2928 3324 2984 καὶ
3406 2928 3589 3007 ἆιρυῶς
3651 2927 4035 3003 μεταχειρισά-

2390 3041 2562 3093 μενοι,
2620 3019 2681 3075 οὐ
2720 3019 2878 3093 μόνον
2909 3021 3166 3091 ἀνήνυτον
3212 3014 3391 3074 ἔθεντο
3429 3020 3528 3088 τήν
3562 3014 3827 3089 σπουδὴν,
3890 3014 4043 3074 ἀλλὰ

2384 3110 2473 3166 καὶ
2536 3109 2612 3172 εἷς
2688 3109 3018 3165 ἀποστασίαν
3093 3107 3333 3184 ὁρμῆσαι
3408 3108 3470 3162 τὸ
3543 3107 3697 3182 γένος
3765 3104 3898 3161 ὅλον
3960 3105 4043 3168 εἰς

2389 3197 2653 3276 μυριάδας
2729 3197 2944 3262 πολλάς
3014 3197 3417 3273 ἀριθμούμενον
3468 3192 3769 3252 ἐϐιάσαντο.
3829 3198 3896 3248 ’Ὀ
3944 3195 4041 3249 καὶ

622 3301 821 3341 rerum
872 3283 1443 3340 administrationem
1495 3282 1766 3353 capessit.
1800 3281 1880 3337 Ea
1931 3297 2024 3337 res
2074 3283 2267 3336 Bardaz

2384 3293 2501 3350 τοῖς
2569 3287 2619 3359 ἐξ
2691 3286 2924 3361 Ἰσμαήλ
3003 3288 3470 3362 συμμιγνύμενον,
3545 3285 3682 3340 κατᾶ
3745 3284 4036 3357 Ῥωμαίων

624 3374 910 3447 singulari
933 3373 1219 3444 voluptati
1252 3372 1379 3441 fuit,
1403 3375 1459 3428 et
1478 3371 1875 3427 Theoctistum
1907 3370 2081 3426 etiam
2114 3387 2275 3426 amo-

623 3479 759 3521 vere
789 3464 1041 3519 studuit.
1071 3462 1215 3517 Nam
1250 3478 1381 3516 cum
1430 3459 1591 3531 regni
1632 3461 1950 3531 cupiditate
1978 3460 2272 3533 ﬂagraret,

613 3554 934 3621 metuebat,
963 3568 1033 3608 ne
1064 3552 1135 3607 ab
1169 3550 1263 3605 illo
1297 3549 1698 3622 impediretur.
1727 3550 2063 3621 Imperatori
2099 3567 2270 3623 porro

611 3644 965 3715 pmdagogus
996 3647 1120 3697 erat
1167 3639 1483 3695 homuncio
1513 3639 1648 3694 vilis
1701 3645 1757 3693 et
1806 3640 2132 3711 improbus,
2166 3641 2266 3696 sed

608 3732 965 3789 adolescenti
999 3731 1143 3786 adeo
1184 3734 1409 3799 gratus,
1447 3732 1509 3784 ut
1539 3744 1672 3784 eum
1719 3728 2037 3785 illustriore
2069 3730 2263 3803 digni-

604 3827 724 3878 tate
783 3826 1055 3877 ornatum
1115 3820 1306 3889 vellet,
1348 3835 1598 3890 eamque
1651 3834 1769 3874 rem
1830 3836 1863 3874 a
1922 3825 2107 3875 matre
2165 3835 2264 3892 pe-

604 3916 772 3969 teret.
805 3910 1020 3966 Verum
1071 3908 1449 3984 Theoctistus
1494 3908 1744 3979 negabat
1791 3910 2106 3984 pzedagogo
2160 3911 2263 3965 tri-

600 4001 897 4058 buendam
932 4000 1303 4071 dignitatem,
1332 3996 1463 4070 qua:
1515 3998 1677 4053 illius
1728 3998 2124 4054 conditionem
2156 4017 2262 4056 su-

601 4095 852 4162 peraret,
888 4105 959 4145 ne
991 4088 1307 4159 dignitates
1354 4086 1705 4156 indignitate
1753 4087 2148 4144 afficerentur.
2183 4090 2262 4145 Ex

600 4196 666 4235 eo
698 4178 1068 4236 Theoctistus
1113 4178 1428 4249 paedagogo
1461 4176 1683 4231 invisus
1734 4175 1863 4245 fuit,
1895 4176 2072 4248 idque
2120 4183 2258 4232 Bar-

598 4270 682 4323 dae
726 4269 876 4326 151
932 4271 1434 4340 peropportunum
1495 4264 1710 4320 accidit
1767 4266 1835 4320 ad
1896 4266 2254 4323 desiderium

595 4374 772 4413 suum
805 4356 1266 4429 exsequendum.
1303 4354 1409 4409 Per
1442 4354 1823 4425 pmdagogum
1856 4354 2036 4427 igitur
2066 4360 2257 4413 varias

594 4453 800 4503 contra
818 4446 1215 4503 Theoctistum
1252 4442 1580 4498 calumnias
1609 4443 1980 4515 imperatoris
2011 4445 2256 4503 auribus

593 4537 875 4606 instillat,
941 4538 1187 4608 ejusque
1246 4532 1581 4589 facilitatem
1639 4534 1695 4588 in
1752 4533 1918 4589 il'um
1978 4536 2251 4608 concitat,

2385 3376 2476 3432 σὺν
2536 3376 2725 3439 αὑτοῖς
2779 3375 3142 3448 ἐστρατεύετο,
3197 3375 3284 3430 καὶ
3325 3372 3553 3430 πολλῶν
3609 3371 3781 3429 αἴτιον
3841 3373 4036 3436 αὐτοῖς

2381 3468 2567 3544 γέγονε
2618 3470 2953 3545 συμφορῶν.
2999 3467 3055 3520 Ὁ
3106 3463 3163 3520 δὲ
3219 3485 3283 3540 γε
3342 3462 3595 3538 βασιλεὺς
3648 3460 3878 3538 Μιχαὴλ
3936 3463 4034 3516 τὸν

2385 3556 2613 3633 μείρακα
2686 3553 3014 3633 παρελάσας,
3095 3554 3185 3610 καὶ
3260 3553 3561 3615 νεανίσκοις
3618 3551 3738 3629 ἄρτι
3796 3549 4033 3605 καταλε-

2376 3647 2627 3722 γόμενος,
2678 3642 2896 3721 ἤσχαλε
2958 3645 3086 3720 παρ’
3159 3642 3351 3704 ἄλλοις
3423 3643 3523 3711 τήν
3590 3647 3692 3711 τῆς
3748 3638 4037 3715 βασιλείας

2380 3734 2600 3811 βλέπων
2633 3732 2924 3806 διοίκησιν,
2975 3732 3229 3809 ἠρέθιστο
3288 3729 3345 3787 δὲ
3399 3732 3487 3787 καὶ
3548 3730 3682 3806 πρὸς
3735 3733 3831 3784 105
3890 3730 4033 3803 πρὸς

2380 3824 2585 3898 μητρὸς
2663 3825 2810 3888 θείου
2893 3826 2991 3876 105
3058 3817 3241 3897 Βάρδα
3329 3825 3428 3889 τῆς
3514 3816 3815 3893 αὖταρχίας
3888 3817 4033 3891 πρὸς

2374 3911 2586 3987 ἔρωτα·
2650 3913 2728 3974 εἷς
2787 3908 2832 3965 δ’
2905 3911 2972 3980 ἦν
3039 3909 3131 3965 καὶ
3185 3909 3343 3970 οὗτος
3399 3912 3507 3962 τῶν
3568 3905 3875 3978 ἐπιτρόπων
3930 3909 4034 3959 τοῦ

2372 4000 2628 4079 Μιχαήλ.
2666 4006 2934 4078 Διαφορᾶς
2987 3997 3044 4055 δέ
3098 4019 3232 4054 ποτε
3286 4003 3363 4071 τῷ
3413 3994 3696 4074 μαγίστρῳ
3755 3993 4033 4063 Μανουὴλ

2368 4090 2666 4168 γενομένης
2721 4091 2858 4165 πρὸς
2911 4090 3002 4145 τὸν
3064 4086 3365 4163 λογοθὲτην
3418 4089 3516 4141 105
3564 4082 3773 4160 δρόμου
3803 4083 4032 4139 Θεόκτι-

2369 4201 2493 4236 στον
2573 4181 2683 4254 (καὶ
2763 4177 2929 4258 ἄμφω
3001 4176 3057 4234 δὲ
3130 4176 3503 4252 συνεπιτρόπω
3576 4176 3675 4229 105
3755 4171 4028 4247 βασιλέως

2367 4268 2777 4345 ἐτυγχανὲτην),
2811 4270 2840 4324 ὁ
2884 4265 3149 4336 Μανουὴλ
3203 4271 3310 4321 τῶν
3363 4264 3672 4338 ἀνακτόρων
3732 4262 4030 4338 ὑποχωρεῖ

2365 4360 2454 4431 (ἦν
2514 4358 2616 4434 γὰρ
2674 4358 2785 4414 ἐκεῖ
2815 4355 3196 4430 διαιτώμενος)
3225 4354 3317 4410 καὶ
3349 4353 3427 4415 εἷς
3470 4353 3562 4408 τὸν
3620 4350 3820 4407 οἰκεῖον
3879 4351 4030 4405 εἶκον

2369 4453 2704 4524 μεταχωρεῖ,
2770 4447 3011 4502 κάκεῖθεν
3090 4443 3167 4507 ε’ς
3214 4443 3282 4498 τὰ
3342 4441 3592 4519 βασίλεια
3649 4439 3849 4507 ἀπιὼν,
3907 4444 4019 4494 τῶν

2365 4535 2689 4608 διοικήσεων
2749 4533 2951 4612 εἷ’χετο.
3009 4539 3176 4590 T0510
3233 4537 3313 4605 τῷ
3366 4528 3542 4606 Baiqu
3611 4530 4026 4605 θυμηρὲστατον

592 4629 847 4699 denique
877 4628 1008 4698 ejus
1052 4625 1227 4680 etiam
1261 4623 1568 4678 amovendi
1631 4624 1693 4677 ﬁt.
1751 4629 1973 4679 auctor.
2029 4625 2086 4681 ld
2119 4643 2252 4683 vero

2378 4625 2559 4700 ἔδοξεν,
2636 4626 3101 4688 ἀποσκευάσασθαι
3179 4627 3306 4700 γοῦν
3374 4620 3465 4676 καὶ
3536 4621 3630 4675 τὸν
3696 4619 4019 4675 Θεόκτιστον

589 4717 762 4772 aliter
810 4734 981 4788 posse
1034 4716 1151 4770 fieri
1217 4714 1487 4782 negabat,
1521 4729 1696 4783 quam
1759 4714 1807 4768 si
1869 4715 2250 4773 occideretur.

587 4806 733 4863 Nam
786 4823 919 4863 eum
972 4807 1254 4860 viventem
1289 4804 1360 4858 ab
1394 4802 1764 4874 imperatrice
1796 4804 2101 4860 defensum
2156 4806 2248 4874 iri,

586 4901 645 4952 et
673 4896 1019 4953 auctoritate
1050 4895 1389 4950 valiturum.
1420 4893 1657 4947 Decreta
1689 4892 1794 4946 viri
1840 4894 2015 4953 caede.
2049 4894 2247 4951 obser-

582 4992 755 5043 vatur
783 4989 913 5060 ejus
944 5004 976 5044 ο
1006 4988 1267 5043 thalamo
1317 4983 1709 5056 imperatrieis
1759 5000 2053 5057 egressus.
2098 4987 2242 5043 Nam

582 5078 654 5133 ad
687 5095 815 5135 eam
867 5083 925 5135 et
973 5077 1110 5149 quid
1169 5078 1399 5141 actum,
1426 5077 1484 5129 et
1516 5073 1655 5145 quid
1714 5076 2007 5147 agendum
2067 5081 2243 5150 esset,

578 5168 888 5225 referebat.
921 5165 1252 5239 Egredienti
1316 5178 1626 5235 percussor
1682 5163 2047 5220 immittitur.
2094 5166 2238 5222 Cum

578 5262 775 5313 autem
808 5257 906 5314 ille
936 5258 1206 5312 strictum
1243 5270 1444 5309 ensem
1471 5256 1672 5307 contra
1704 5269 1764 5307 se
1790 5253 2008 5309 elatum
2042 5270 2239 5313 cerne-

575 5352 685 5417 ret,
719 5364 1027 5404 scamnum
1078 5345 1283 5408 subiit,
1318 5357 1627 5416 percussor
1677 5358 1876 5399 ensem
1928 5345 1985 5398 in
2039 5352 2240 5404 ventre

573 5440 703 5509 ejus
734 5437 957 5508 defigit,
986 5436 1173 5491 Barda
1204 5434 1381 5489 etiam
1418 5432 1689 5487 strictum
1713 5449 1912 5487 ensem
1947 5433 2233 5506 vibrante,

570 5531 628 5583 et
658 5543 861 5583 necem
884 5527 934 5582 ei
960 5526 1290 5591 minitante,
1316 5523 1413 5594 qui
1441 5521 1710 5577 morienti
1737 5520 1815 5576 illi
1842 5539 2011 5595 opem
2037 5524 2230 5582 ferret.

2363 4714 2452 4772 διὰ
2524 4713 2765 4786 σπουδῆς
2843 4715 2987 4786 αὐτῷ
3060 4715 3149 4783 ἦν·
3232 4710 3524 4786 βασιλειῶν
3584 4708 3687 4785 γὰρ
3756 4705 4021 4763 ἐδεδοίκει

2358 4811 2569 4861 τοῦτονι
2634 4806 2710 4869 ὡς
2767 4806 2817 4859 οἱ
2877 4806 3011 4880 πρὸς
3084 4804 3313 4879 τοῦργον
3387 4800 3867 4873 ἀντιστησόμενον.
3925 4803 4025 4870 Τῷ

2366 4895 2581 4973 βασιλεῖ
2603 4897 2785 4951 τοίνυν
2837 4892 3188 4970 παιδαγωγὸς
3212 4895 3303 4964 ἦν,
3364 4888 3648 4965 ἀνδράριὸν
3706 4909 3759 4943 τι
3808 4886 4020 4967 φαῦλον

2355 4986 2443 5039 καὶ
2469 4982 2728 5059 πονηρόν·
2788 4984 2846 5038 ’ὀν
2895 4980 2964 5037 δι’
2996 4980 3229 5061 ἐφέσεως
3290 4981 3432 5056 εἶχεν
3480 4979 3508 5033 ὁ
3571 4974 3826 5054 βασιλεὺς
3858 4976 4025 5048 ἀξιώ-

2358 5095 2487 5148 ματι
2534 5077 2643 5128 τῶν
2696 5072 3091 5148 λαμπροτέρων
3140 5068 3372 5143 τιμῆσαί
3429 5089 3558 5135 τινι,
3619 5066 3707 5122 καὶ
3768 5062 4013 5120 ἐποιεῖτο

2351 5166 2475 5240 περὶ
2528 5162 2725 5219 τούτου
2781 5163 2879 5232 τὴν
2934 5162 3071 5237 πρὸς
3121 5162 3219 5230 τήν
3276 5157 3486 5235 μητερα
3532 5156 3772 5228 ἀξίωσιν.
3828 5156 3892 5212 Ὀ
3953 5152 4015 5211 δὲ

2351 5254 2668 5316 Θεόκτιστος
2732 5254 2808 5327 μή
2864 5249 2973 5307 δεῖν
3034 5250 3191 5327 ἔλεγε
3250 5248 3457 5322 μείζονι
3504 5247 3595 5302 τὸν
3654 5242 4008 5321 παιδαγωγὸν

2348 5352 2449 5414 τῆς
2498 5346 2690 5399 ἑαυτοῦ
2744 5344 3121 5403 καταστάσεως
3195 5341 3497 5413 τιμηθῆναι
3553 5340 3717 5409 τιμῇ,
3783 5332 3876 5389 ἵνα
3929 5336 4008 5408 μή

2350 5436 2634 5508 ἀτιμοῖντο
2716 5433 2783 5487 τά
2849 5431 3148 5504 ἀξιώματα.
3229 5428 3497 5486 Ἐντεῦθεν
3559 5423 3629 5480 δι’
3681 5419 3883 5501 ἔχθρας
3938 5427 4007 5493 ἦν

2345 5529 2424 5597 τῷ
2483 5520 2820 5598 παιδαγωγῷ
2873 5522 2900 5576 ὁ
2946 5520 3287 5583 Θεόκτιστος.
3346 5521 3516 5573 T0510
3574 5514 3754 5572 τοίνυν
3788 5515 3817 5569 ὁ
3878 5515 4011 5591 Βάρ-

1838 5639 2041 5702 Varice
2084 5641 2388 5705 lectiones
2431 5648 2494 5705 et
2537 5647 2731 5703 notae.

636 5740 897 5816 Ζαγοράν.
934 5742 1079 5797 Vide
1108 5739 1453 5805 Cedrenum,
1489 5752 1545 5808 p.
1578 5736 1706 5804 746,
1740 5739 1797 5792 et
1824 5739 2094 5797 Familia:
2123 5741 2267 5798 Daln

2378 5757 2484 5810 cas,
2522 5757 2578 5813 p.
2612 5739 2737 5796 310.
