  <div class='ocr_page' id='page_1' title='image "/cluster/home/n/w/nwhite01/storage/ocr_20150623/135/nnc1.0046979727/045.png"; bbox 0 0 4220 6440; ppageno 0'>
   <div class='ocr_carea' id='block_1_1' title="bbox 741 417 812 477">
    <p class='ocr_par' dir='ltr' id='par_1_1' title="bbox 741 417 812 477">
     <span class='ocr_line' id='line_1_1' title="bbox 741 417 812 477; baseline -0.028 0"><span class='ocrx_word' id='word_1_1' title='bbox 741 417 812 477; x_wconf 82' lang='grc'>55</span> 
     </span>
    </p>
   </div>
   <div class='ocr_carea' id='block_1_2' title="bbox 2079 409 2761 480">
    <p class='ocr_par' dir='ltr' id='par_1_2' title="bbox 2079 409 2761 480">
     <span class='ocr_line' id='line_1_2' title="bbox 2079 409 2761 480; baseline -0.004 -10"><span class='ocrx_word' id='word_1_2' title='bbox 2079 412 2315 470; x_wconf 70' lang='grc' dir='ltr'><strong><em>ΙΟΑΝΝ</em></strong></span> <span class='ocrx_word' id='word_1_3' title='bbox 2336 412 2400 469; x_wconf 83' lang='lat' dir='ltr'><strong><em>lS</em></strong></span> <span class='ocrx_word' id='word_1_4' title='bbox 2440 411 2577 468; x_wconf 50' lang='lat'><strong><em>7.03</em></strong></span> <span class='ocrx_word' id='word_1_5' title='bbox 2597 413 2630 468; x_wconf 50' lang='grc' dir='ltr'><strong><em>,ἃ</em></strong></span> <span class='ocrx_word' id='word_1_6' title='bbox 2643 409 2761 480; x_wconf 62' lang='lat' dir='ltr'><strong><em>[LE</em></strong></span> 
     </span>
    </p>
   </div>
   <div class='ocr_carea' id='block_1_3' title="bbox 3931 398 3996 464">
    <p class='ocr_par' dir='ltr' id='par_1_3' title="bbox 3931 398 3996 464">
     <span class='ocr_line' id='line_1_3' title="bbox 3931 398 3996 464; baseline -0.077 0"><span class='ocrx_word' id='word_1_7' title='bbox 3931 398 3996 464; x_wconf 79' lang='lat'><strong>56</strong></span> 
     </span>
    </p>
   </div>
   <div class='ocr_carea' id='block_1_4' title="bbox 743 512 2409 592">
    <p class='ocr_par' dir='ltr' id='par_1_4' title="bbox 743 523 2390 592">
     <span class='ocr_line' id='line_1_4' title="bbox 743 523 2390 592; baseline -0.004 -13"><span class='ocrx_word' id='word_1_8' title='bbox 743 535 992 579; x_wconf 66' lang='lat' dir='ltr'><strong><em>antanler</em></strong></span> <span class='ocrx_word' id='word_1_9' title='bbox 1027 525 1261 592; x_wconf 68' lang='lat' dir='ltr'><strong><em>cxcvpit.</em></strong></span> <span class='ocrx_word' id='word_1_10' title='bbox 1309 523 1384 576; x_wconf 82' lang='lat' dir='ltr'><strong><em>Eo</em></strong></span> <span class='ocrx_word' id='word_1_11' title='bbox 1422 523 1617 575; x_wconf 68' lang='lat' dir='ltr'><strong><em>ntulittr</em></strong></span> <span class='ocrx_word' id='word_1_12' title='bbox 1664 523 1906 588; x_wconf 69' lang='grc' dir='ltr'><em>ιμιειῑ-Ιειιιι</em></span> <span class='ocrx_word' id='word_1_13' title='bbox 1961 525 2120 574; x_wconf 65' lang='lat' dir='ltr'><strong><em>vidua</em></strong></span> <span class='ocrx_word' id='word_1_14' title='bbox 2169 523 2317 574; x_wconf 75' lang='lat' dir='ltr'><strong><em>illius</em></strong></span> <span class='ocrx_word' id='word_1_15' title='bbox 2349 526 2390 580; x_wconf 58' lang='grc' dir='ltr'>Α</span> 
     </span>
    </p>
   </div>
   <div class='ocr_carea' id='block_1_5' title="bbox 2327 512 3993 592">
    <p class='ocr_par' dir='ltr' id='par_1_5' title="bbox 2349 512 3993 586">
     <span class='ocr_line' id='line_1_5' title="bbox 2349 512 3993 586; baseline -0.005 -16"><span class='ocrx_word' id='word_1_16' title='bbox 2349 526 2390 580; x_wconf 58' lang='grc' dir='ltr'>Α</span> <span class='ocrx_word' id='word_1_17' title='bbox 2423 523 2597 586; x_wconf 62' lang='grc' dir='ltr'><strong>μάχου</strong></span> <span class='ocrx_word' id='word_1_18' title='bbox 2641 517 3014 585; x_wconf 63' lang='grc' dir='ltr'><strong><em>ἑκττὲπομφευ,</em></strong></span> <span class='ocrx_word' id='word_1_19' title='bbox 3043 514 3212 584; x_wconf 60' lang='grc' dir='ltr'><strong><em>ἄνδρα</em></strong></span> <span class='ocrx_word' id='word_1_20' title='bbox 3245 532 3303 581; x_wconf 76' lang='grc' dir='ltr'><strong><em>γε</em></strong></span> <span class='ocrx_word' id='word_1_21' title='bbox 3325 513 3621 565; x_wconf 53' lang='grc' dir='ltr'><strong><em>σκαιότατόν</em></strong></span> <span class='ocrx_word' id='word_1_22' title='bbox 3647 529 3703 562; x_wconf 60' lang='lat' dir='ltr'><strong><em>rx:</em></strong></span> <span class='ocrx_word' id='word_1_23' title='bbox 3731 512 3871 579; x_wconf 63' lang='grc' dir='ltr'><strong><em>ὁμὺίι</em></strong></span> <span class='ocrx_word' id='word_1_24' title='bbox 3904 514 3993 562; x_wconf 73' lang='grc' dir='ltr'><strong><em>καὶ</em></strong></span> 
     </span>
    </p>
   </div>
   <div class='ocr_carea' id='block_1_6' title="bbox 730 611 2288 682">
    <p class='ocr_par' dir='ltr' id='par_1_6' title="bbox 730 611 2288 682">
     <span class='ocr_line' id='line_1_6' title="bbox 730 611 2288 682; baseline -0.001 -17"><span class='ocrx_word' id='word_1_25' title='bbox 730 611 834 668; x_wconf 74' lang='lat' dir='ltr'><strong><em>loci</em></strong></span> <span class='ocrx_word' id='word_1_26' title='bbox 878 615 1156 682; x_wconf 62' lang='lat' dir='ltr'><strong><em>|&#39;tl&#39;lll|1|l&#39;l3,</em></strong></span> <span class='ocrx_word' id='word_1_27' title='bbox 1191 623 1242 667; x_wconf 77' lang='lat' dir='ltr'><strong><em>et</em></strong></span> <span class='ocrx_word' id='word_1_28' title='bbox 1288 611 1496 678; x_wconf 65' lang='lat' dir='ltr'><strong><em>magnis</em></strong></span> <span class='ocrx_word' id='word_1_29' title='bbox 1538 611 1736 678; x_wconf 64' lang='lat' dir='ltr'><strong><em>opibus</em></strong></span> <span class='ocrx_word' id='word_1_30' title='bbox 1779 612 2006 665; x_wconf 68' lang='lat' dir='ltr'><strong><em>ollim-us</em></strong></span> <span class='ocrx_word' id='word_1_31' title='bbox 2047 614 2288 678; x_wconf 62' lang='lat' dir='ltr'><strong><em>cognito,</em></strong></span> 
     </span>
    </p>
   </div>
   <div class='ocr_carea' id='block_1_7' title="bbox 730 700 2291 770">
    <p class='ocr_par' dir='ltr' id='par_1_7' title="bbox 730 700 2291 770">
     <span class='ocr_line' id='line_1_7' title="bbox 730 700 2291 770; baseline -0.001 -15"><span class='ocrx_word' id='word_1_32' title='bbox 730 704 1008 757; x_wconf 80' lang='lat' dir='ltr'><strong><em>hominem</em></strong></span> <span class='ocrx_word' id='word_1_33' title='bbox 1047 719 1144 770; x_wconf 84' lang='lat' dir='ltr'><strong><em>pro</em></strong></span> <span class='ocrx_word' id='word_1_34' title='bbox 1190 702 1558 756; x_wconf 77' lang='lat' dir='ltr'><strong><em>lautiliurttate</em></strong></span> <span class='ocrx_word' id='word_1_35' title='bbox 1598 701 1924 753; x_wconf 68' lang='lat' dir='ltr'><strong><em>accrrsitum</em></strong></span> <span class='ocrx_word' id='word_1_36' title='bbox 1970 700 2291 770; x_wconf 68' lang='lat' dir='ltr'><strong><em>interrogat,</em></strong></span> 
     </span>
    </p>
   </div>
   <div class='ocr_carea' id='block_1_8' title="bbox 2390 603 3996 677">
    <p class='ocr_par' dir='ltr' id='par_1_8' title="bbox 2390 603 3996 677">
     <span class='ocr_line' id='line_1_8' title="bbox 2390 603 3996 677; baseline -0.003 -17"><span class='ocrx_word' id='word_1_37' title='bbox 2390 608 2912 677; x_wconf 69' lang='grc' dir='ltr'><strong><em>στριτιιγικιὶηατον,</em></strong></span> <span class='ocrx_word' id='word_1_38' title='bbox 2930 607 2988 670; x_wconf 78' lang='grc' dir='ltr'><strong><em>ὃς</em></strong></span> <span class='ocrx_word' id='word_1_39' title='bbox 3023 608 3112 660; x_wconf 69' lang='grc' dir='ltr'><strong><em>καὶ</em></strong></span> <span class='ocrx_word' id='word_1_40' title='bbox 3135 608 3305 659; x_wconf 69' lang='grc' dir='ltr'>πολλὰ</span> <span class='ocrx_word' id='word_1_41' title='bbox 3321 609 3457 659; x_wconf 65' lang='grc' dir='ltr'><strong><em>κατὰ</em></strong></span> <span class='ocrx_word' id='word_1_42' title='bbox 3481 607 3588 658; x_wconf 76' lang='grc' dir='ltr'><strong><em>τῶν</em></strong></span> <span class='ocrx_word' id='word_1_43' title='bbox 3605 606 3698 670; x_wconf 75' lang='grc' dir='ltr'><strong><em>τῆς</em></strong></span> <span class='ocrx_word' id='word_1_44' title='bbox 3719 606 3812 666; x_wconf 67' lang='grc' dir='ltr'><strong><em>’Δζ</em></strong></span> <span class='ocrx_word' id='word_1_45' title='bbox 3827 621 3862 655; x_wconf 77' lang='lat' dir='ltr'><strong><em>at</em></strong></span> <span class='ocrx_word' id='word_1_46' title='bbox 3908 603 3996 656; x_wconf 72' lang='grc' dir='ltr'><strong><em>ὲκ-</em></strong></span> 
     </span>
    </p>
   </div>
   <div class='ocr_carea' id='block_1_9' title="bbox 2392 699 3990 772">
    <p class='ocr_par' dir='ltr' id='par_1_9' title="bbox 2392 699 3990 772">
     <span class='ocr_line' id='line_1_9' title="bbox 2392 699 3990 772; baseline -0.003 -20"><span class='ocrx_word' id='word_1_47' title='bbox 2392 705 2561 769; x_wconf 67' lang='grc' dir='ltr'><strong><em>γύνων</em></strong></span> <span class='ocrx_word' id='word_1_48' title='bbox 2585 705 2846 772; x_wconf 66' lang='grc' dir='ltr'><strong><em>ἐστήσατο</em></strong></span> <span class='ocrx_word' id='word_1_49' title='bbox 2865 700 3253 770; x_wconf 48' lang='grc' dir='ltr'><strong><em>τρόπιιαῖοτε</em></strong></span> <span class='ocrx_word' id='word_1_50' title='bbox 3275 700 3326 753; x_wconf 73' lang='grc' dir='ltr'><strong><em>δὲ</em></strong></span> <span class='ocrx_word' id='word_1_51' title='bbox 3339 699 3843 770; x_wconf 50' lang='grc' dir='ltr'><strong><em>τῴθεοχςιλέτζῃὼμ</em></strong></span> <span class='ocrx_word' id='word_1_52' title='bbox 3864 714 3990 766; x_wconf 72' lang='grc' dir='ltr'><strong><em>προ.</em></strong></span> 
     </span>
    </p>
   </div>
   <div class='ocr_carea' id='block_1_10' title="bbox 1959 841 2839 906">
    <p class='ocr_par' dir='ltr' id='par_1_10' title="bbox 1959 841 2839 906">
     <span class='ocr_line' id='line_1_10' title="bbox 1959 841 2839 906; baseline 0.01 -10"><span class='ocrx_word' id='word_1_53' title='bbox 1959 841 2160 901; x_wconf 69' lang='lat' dir='ltr'><strong><em>\‘arico</em></strong></span> <span class='ocrx_word' id='word_1_54' title='bbox 2199 841 2507 906; x_wconf 80' lang='lat' dir='ltr'><strong><em>lectiones</em></strong></span> <span class='ocrx_word' id='word_1_55' title='bbox 2547 852 2609 905; x_wconf 78' lang='lat' dir='ltr'><strong><em>et</em></strong></span> <span class='ocrx_word' id='word_1_56' title='bbox 2651 853 2839 906; x_wconf 68' lang='lat' dir='ltr'><strong><em>notio.</em></strong></span> 
     </span>
    </p>
   </div>
   <div class='ocr_carea' id='block_1_11' title="bbox 733 964 2307 1032">
    <p class='ocr_par' dir='ltr' id='par_1_11' title="bbox 733 964 2307 1032">
     <span class='ocr_line' id='line_1_11' title="bbox 733 964 2307 1032; baseline 0.001 -17"><span class='ocrx_word' id='word_1_57' title='bbox 733 966 1070 1032; x_wconf 76' lang='lat' dir='ltr'><strong><em>pra&#39;grandia</em></strong></span> <span class='ocrx_word' id='word_1_58' title='bbox 1100 964 1497 1028; x_wconf 71' lang='lat' dir='ltr'><strong><em>iaculabantur.</em></strong></span> <span class='ocrx_word' id='word_1_59' title='bbox 1531 981 1777 1016; x_wconf 85' lang='lat' dir='ltr'><strong><em>concussa</em></strong></span> <span class='ocrx_word' id='word_1_60' title='bbox 1808 967 2057 1030; x_wconf 88' lang='lat' dir='ltr'><strong><em>primum.</em></strong></span> <span class='ocrx_word' id='word_1_61' title='bbox 2095 982 2213 1016; x_wconf 71' lang='lat' dir='ltr'><strong><em>mox</em></strong></span> <span class='ocrx_word' id='word_1_62' title='bbox 2243 981 2307 1018; x_wconf 73' lang='lat' dir='ltr'><strong><em>ea:</em></strong></span> 
     </span>
    </p>
   </div>
   <div class='ocr_carea' id='block_1_12' title="bbox 734 1035 2305 1102">
    <p class='ocr_par' dir='ltr' id='par_1_12' title="bbox 734 1035 2305 1102">
     <span class='ocr_line' id='line_1_12' title="bbox 734 1035 2305 1102; baseline 0.003 -19"><span class='ocrx_word' id='word_1_63' title='bbox 734 1045 885 1102; x_wconf 72' lang='lat' dir='ltr'><strong><em>parte</em></strong></span> <span class='ocrx_word' id='word_1_64' title='bbox 923 1037 1138 1093; x_wconf 83' lang='lat' dir='ltr'><strong><em>cecidit.</em></strong></span> <span class='ocrx_word' id='word_1_65' title='bbox 1191 1037 1256 1088; x_wconf 89' lang='lat' dir='ltr'><strong><em>ab</em></strong></span> <span class='ocrx_word' id='word_1_66' title='bbox 1297 1037 1450 1102; x_wconf 81' lang='lat' dir='ltr'><strong><em>hujus</em></strong></span> <span class='ocrx_word' id='word_1_67' title='bbox 1484 1036 1644 1085; x_wconf 64' lang='lat' dir='ltr'><strong><em>turris</em></strong></span> <span class='ocrx_word' id='word_1_68' title='bbox 1680 1035 1878 1085; x_wconf 69' lang='lat' dir='ltr'><strong><em>excidio</em></strong></span> <span class='ocrx_word' id='word_1_69' title='bbox 1918 1035 2146 1099; x_wconf 87' lang='lat' dir='ltr'><strong><em>quinque</em></strong></span> <span class='ocrx_word' id='word_1_70' title='bbox 2193 1048 2305 1098; x_wconf 82' lang='lat' dir='ltr'><strong><em>post</em></strong></span> 
     </span>
    </p>
   </div>
   <div class='ocr_carea' id='block_1_13' title="bbox 735 1104 2306 1173">
    <p class='ocr_par' dir='ltr' id='par_1_13' title="bbox 735 1104 2306 1173">
     <span class='ocr_line' id='line_1_13' title="bbox 735 1104 2306 1173; baseline 0.003 -19"><span class='ocrx_word' id='word_1_71' title='bbox 735 1106 912 1157; x_wconf 59' lang='lat' dir='ltr'><strong><em>dii-bus</em></strong></span> <span class='ocrx_word' id='word_1_72' title='bbox 957 1123 1138 1159; x_wconf 89' lang='lat' dir='ltr'><strong><em>murus</em></strong></span> <span class='ocrx_word' id='word_1_73' title='bbox 1173 1105 1585 1173; x_wconf 78' lang='lat' dir='ltr'><strong><em>propugnaculi.</em></strong></span> <span class='ocrx_word' id='word_1_74' title='bbox 1631 1105 1718 1170; x_wconf 89' lang='lat' dir='ltr'><strong><em>qui</em></strong></span> <span class='ocrx_word' id='word_1_75' title='bbox 1755 1104 1927 1170; x_wconf 74' lang='lat' dir='ltr'><strong><em>fuerat</em></strong></span> <span class='ocrx_word' id='word_1_76' title='bbox 1969 1115 2126 1156; x_wconf 83' lang='lat' dir='ltr'><strong><em>antea</em></strong></span> <span class='ocrx_word' id='word_1_77' title='bbox 2171 1109 2306 1158; x_wconf 89' lang='lat' dir='ltr'><strong><em>turri</em></strong></span> 
     </span>
    </p>
   </div>
   <div class='ocr_carea' id='block_1_14' title="bbox 735 1174 2304 1241">
    <p class='ocr_par' dir='ltr' id='par_1_14' title="bbox 735 1174 2304 1241">
     <span class='ocr_line' id='line_1_14' title="bbox 735 1174 2304 1241; baseline -0.001 -15"><span class='ocrx_word' id='word_1_78' title='bbox 735 1175 1078 1241; x_wconf 81' lang='lat' dir='ltr'><strong><em>conjunctus.</em></strong></span> <span class='ocrx_word' id='word_1_79' title='bbox 1120 1179 1296 1228; x_wconf 84' lang='lat' dir='ltr'><strong><em>eodem</em></strong></span> <span class='ocrx_word' id='word_1_80' title='bbox 1346 1174 1744 1239; x_wconf 90' lang='lat' dir='ltr'><strong><em>catapultarum</em></strong></span> <span class='ocrx_word' id='word_1_81' title='bbox 1795 1176 1990 1240; x_wconf 88' lang='lat' dir='ltr'><strong><em>impetu</em></strong></span> <span class='ocrx_word' id='word_1_82' title='bbox 2039 1175 2304 1229; x_wconf 76' lang='lat' dir='ltr'><strong><em>disruptus</em></strong></span> 
     </span>
    </p>
   </div>
   <div class='ocr_carea' id='block_1_15' title="bbox 736 1247 2303 1313">
    <p class='ocr_par' dir='ltr' id='par_1_15' title="bbox 736 1247 2303 1313">
     <span class='ocr_line' id='line_1_15' title="bbox 736 1247 2303 1313; baseline 0.001 -19"><span class='ocrx_word' id='word_1_83' title='bbox 736 1255 808 1296; x_wconf 75' lang='lat' dir='ltr'><strong><em>est</em></strong></span> <span class='ocrx_word' id='word_1_84' title='bbox 842 1262 858 1296; x_wconf 89' lang='lat'><em>:</em></span> <span class='ocrx_word' id='word_1_85' title='bbox 897 1262 999 1311; x_wconf 89' lang='lat' dir='ltr'><strong><em>quo</em></strong></span> <span class='ocrx_word' id='word_1_86' title='bbox 1034 1247 1170 1313; x_wconf 76' lang='lat' dir='ltr'><strong><em>facta</em></strong></span> <span class='ocrx_word' id='word_1_87' title='bbox 1202 1261 1420 1312; x_wconf 85' lang='lat' dir='ltr'><strong><em>magnus</em></strong></span> <span class='ocrx_word' id='word_1_88' title='bbox 1461 1247 1616 1296; x_wconf 86' lang='lat' dir='ltr'><strong><em>timor</em></strong></span> <span class='ocrx_word' id='word_1_89' title='bbox 1649 1247 1701 1296; x_wconf 88' lang='lat' dir='ltr'><strong><em>iu</em></strong></span> <span class='ocrx_word' id='word_1_90' title='bbox 1743 1247 2063 1296; x_wconf 76' lang='lat' dir='ltr'><strong><em>olis-&#39;ssorunt</em></strong></span> <span class='ocrx_word' id='word_1_91' title='bbox 2099 1248 2303 1301; x_wconf 62' lang='lat' dir='ltr'><strong><em>attines</em></strong></span> 
     </span>
    </p>
   </div>
   <div class='ocr_carea' id='block_1_16' title="bbox 736 1316 2304 1384">
    <p class='ocr_par' dir='ltr' id='par_1_16' title="bbox 736 1316 2304 1384">
     <span class='ocr_line' id='line_1_16' title="bbox 736 1316 2304 1384; baseline 0.001 -19"><span class='ocrx_word' id='word_1_92' title='bbox 736 1316 961 1384; x_wconf 87' lang='lat' dir='ltr'><strong><em>injectus</em></strong></span> <span class='ocrx_word' id='word_1_93' title='bbox 1009 1325 1105 1369; x_wconf 89' lang='lat' dir='ltr'><strong><em>est.</em></strong></span> <span class='ocrx_word' id='word_1_94' title='bbox 1150 1317 1387 1369; x_wconf 87' lang='lat' dir='ltr'><strong><em>Ilostium</em></strong></span> <span class='ocrx_word' id='word_1_95' title='bbox 1431 1327 1608 1366; x_wconf 88' lang='lat' dir='ltr'><strong><em>tamen</em></strong></span> <span class='ocrx_word' id='word_1_96' title='bbox 1655 1317 2039 1382; x_wconf 71' lang='lat' dir='ltr'><strong><em>apprt&#39;ssiouem</em></strong></span> <span class='ocrx_word' id='word_1_97' title='bbox 2075 1316 2304 1366; x_wconf 81' lang='lat' dir='ltr'><strong><em>sustine-</em></strong></span> 
     </span>
    </p>
   </div>
   <div class='ocr_carea' id='block_1_17' title="bbox 737 1384 2307 1453">
    <p class='ocr_par' dir='ltr' id='par_1_17' title="bbox 737 1384 2307 1453">
     <span class='ocr_line' id='line_1_17' title="bbox 737 1384 2307 1453; baseline 0.003 -18"><span class='ocrx_word' id='word_1_98' title='bbox 737 1386 863 1437; x_wconf 90' lang='lat' dir='ltr'><strong><em>bant</em></strong></span> <span class='ocrx_word' id='word_1_99' title='bbox 903 1389 1097 1453; x_wconf 79' lang='lat' dir='ltr'><strong><em>egregii</em></strong></span> <span class='ocrx_word' id='word_1_100' title='bbox 1135 1387 1214 1439; x_wconf 88' lang='lat' dir='ltr'><strong><em>illi</em></strong></span> <span class='ocrx_word' id='word_1_101' title='bbox 1257 1387 1354 1438; x_wconf 84' lang='lat' dir='ltr'><strong><em>viri</em></strong></span> <span class='ocrx_word' id='word_1_102' title='bbox 1396 1387 1652 1447; x_wconf 80' lang='lat' dir='ltr'><strong><em>valdeque</em></strong></span> <span class='ocrx_word' id='word_1_103' title='bbox 1693 1387 1893 1436; x_wconf 77' lang='lat' dir='ltr'><strong><em>strenui</em></strong></span> <span class='ocrx_word' id='word_1_104' title='bbox 1935 1384 2026 1434; x_wconf 85' lang='lat' dir='ltr'><strong><em>sub</em></strong></span> <span class='ocrx_word' id='word_1_105' title='bbox 2063 1387 2307 1448; x_wconf 75' lang='lat' dir='ltr'><strong><em>auspiciis</em></strong></span> 
     </span>
    </p>
   </div>
   <div class='ocr_carea' id='block_1_18' title="bbox 736 1454 2304 1522">
    <p class='ocr_par' dir='ltr' id='par_1_18' title="bbox 736 1454 2304 1522">
     <span class='ocr_line' id='line_1_18' title="bbox 736 1454 2304 1522; baseline 0.001 -17"><span class='ocrx_word' id='word_1_106' title='bbox 736 1455 1022 1510; x_wconf 69' lang='lat' dir='ltr'><strong><em>beatissimi</em></strong></span> <span class='ocrx_word' id='word_1_107' title='bbox 1068 1458 1213 1510; x_wconf 87' lang='lat' dir='ltr'><strong><em>ducis</em></strong></span> <span class='ocrx_word' id='word_1_108' title='bbox 1250 1459 1491 1522; x_wconf 85' lang='lat' dir='ltr'><strong><em>patricii,</em></strong></span> <span class='ocrx_word' id='word_1_109' title='bbox 1534 1471 1855 1521; x_wconf 69' lang='lat' dir='ltr'><strong><em>summmque</em></strong></span> <span class='ocrx_word' id='word_1_110' title='bbox 1898 1454 2052 1521; x_wconf 85' lang='lat' dir='ltr'><strong><em>hujus</em></strong></span> <span class='ocrx_word' id='word_1_111' title='bbox 2087 1465 2304 1506; x_wconf 81' lang='lat' dir='ltr'><strong><em>conten-</em></strong></span> 
     </span>
    </p>
   </div>
   <div class='ocr_carea' id='block_1_19' title="bbox 737 1526 2309 1594">
    <p class='ocr_par' dir='ltr' id='par_1_19' title="bbox 737 1526 2309 1594">
     <span class='ocr_line' id='line_1_19' title="bbox 737 1526 2309 1594; baseline 0 -18"><span class='ocrx_word' id='word_1_112' title='bbox 737 1526 868 1577; x_wconf 89' lang='lat' dir='ltr'><strong><em>tioni</em></strong></span> <span class='ocrx_word' id='word_1_113' title='bbox 912 1530 1267 1580; x_wconf 70' lang='lat' dir='ltr'><strong><em>obsecundare</em></strong></span> <span class='ocrx_word' id='word_1_114' title='bbox 1299 1531 1645 1582; x_wconf 83' lang='lat' dir='ltr'><strong><em>conabantur.</em></strong></span> <span class='ocrx_word' id='word_1_115' title='bbox 1682 1541 1844 1592; x_wconf 81' lang='lat' dir='ltr'><strong><em>supra</em></strong></span> <span class='ocrx_word' id='word_1_116' title='bbox 1880 1542 2038 1594; x_wconf 90' lang='lat' dir='ltr'><strong><em>quam</em></strong></span> <span class='ocrx_word' id='word_1_117' title='bbox 2070 1527 2309 1576; x_wconf 82' lang='lat' dir='ltr'><strong><em>oratione.</em></strong></span> 
     </span>
    </p>
   </div>
   <div class='ocr_carea' id='block_1_20' title="bbox 735 1596 2310 1666">
    <p class='ocr_par' dir='ltr' id='par_1_20' title="bbox 735 1596 2310 1666">
     <span class='ocr_line' id='line_1_20' title="bbox 735 1596 2310 1666; baseline 0.001 -20"><span class='ocrx_word' id='word_1_118' title='bbox 735 1597 992 1659; x_wconf 74' lang='lat' dir='ltr'><strong><em>explicari</em></strong></span> <span class='ocrx_word' id='word_1_119' title='bbox 1026 1602 1209 1666; x_wconf 86' lang='lat' dir='ltr'><strong><em>possit.</em></strong></span> <span class='ocrx_word' id='word_1_120' title='bbox 1250 1597 1366 1649; x_wconf 81' lang='lat' dir='ltr'><strong><em>Dies</em></strong></span> <span class='ocrx_word' id='word_1_121' title='bbox 1397 1596 1610 1661; x_wconf 82' lang='lat' dir='ltr'><strong><em>viginti.</em></strong></span> <span class='ocrx_word' id='word_1_122' title='bbox 1645 1597 1962 1663; x_wconf 83' lang='lat' dir='ltr'><strong><em>totidemque</em></strong></span> <span class='ocrx_word' id='word_1_123' title='bbox 1997 1606 2188 1666; x_wconf 66' lang='lat' dir='ltr'><strong><em>noctes.</em></strong></span> <span class='ocrx_word' id='word_1_124' title='bbox 2226 1598 2310 1648; x_wconf 88' lang='lat' dir='ltr'><strong><em>ubi</em></strong></span> 
     </span>
    </p>
   </div>
   <div class='ocr_carea' id='block_1_21' title="bbox 739 1665 2311 1734">
    <p class='ocr_par' dir='ltr' id='par_1_21' title="bbox 739 1665 2311 1734">
     <span class='ocr_line' id='line_1_21' title="bbox 739 1665 2311 1734; baseline 0.001 -19"><span class='ocrx_word' id='word_1_125' title='bbox 739 1681 919 1718; x_wconf 83' lang='lat' dir='ltr'><strong><em>murus</em></strong></span> <span class='ocrx_word' id='word_1_126' title='bbox 949 1665 1218 1721; x_wconf 86' lang='lat' dir='ltr'><strong><em>corruerat</em></strong></span> <span class='ocrx_word' id='word_1_127' title='bbox 1250 1679 1434 1720; x_wconf 89' lang='lat' dir='ltr'><strong><em>contra</em></strong></span> <span class='ocrx_word' id='word_1_128' title='bbox 1464 1682 1548 1718; x_wconf 88' lang='lat' dir='ltr'><strong><em>eos</em></strong></span> <span class='ocrx_word' id='word_1_129' title='bbox 1578 1667 1666 1734; x_wconf 91' lang='lat' dir='ltr'><strong><em>qui</em></strong></span> <span class='ocrx_word' id='word_1_130' title='bbox 1699 1667 1901 1718; x_wconf 79' lang='lat' dir='ltr'><strong><em>aditum</em></strong></span> <span class='ocrx_word' id='word_1_131' title='bbox 1935 1681 1998 1716; x_wconf 75' lang='lat' dir='ltr'><strong><em>ex</em></strong></span> <span class='ocrx_word' id='word_1_132' title='bbox 2034 1665 2130 1716; x_wconf 92' lang='lat' dir='ltr'><strong><em>illa</em></strong></span> <span class='ocrx_word' id='word_1_133' title='bbox 2160 1676 2311 1731; x_wconf 75' lang='lat' dir='ltr'><strong><em>parte</em></strong></span> 
     </span>
    </p>
   </div>
   <div class='ocr_carea' id='block_1_22' title="bbox 737 1736 2312 1806">
    <p class='ocr_par' dir='ltr' id='par_1_22' title="bbox 737 1736 2312 1806">
     <span class='ocr_line' id='line_1_22' title="bbox 737 1736 2312 1806; baseline 0.002 -21"><span class='ocrx_word' id='word_1_134' title='bbox 737 1737 1048 1797; x_wconf 88' lang='lat' dir='ltr'><strong><em>tentabant.</em></strong></span> <span class='ocrx_word' id='word_1_135' title='bbox 1091 1741 1290 1806; x_wconf 84' lang='lat' dir='ltr'><strong><em>egregie</em></strong></span> <span class='ocrx_word' id='word_1_136' title='bbox 1335 1749 1652 1804; x_wconf 81' lang='lat' dir='ltr'><strong><em>strenueque</em></strong></span> <span class='ocrx_word' id='word_1_137' title='bbox 1697 1736 2106 1806; x_wconf 80' lang='lat' dir='ltr'><strong><em>depugnabant.</em></strong></span> <span class='ocrx_word' id='word_1_138' title='bbox 2147 1736 2312 1788; x_wconf 91' lang='lat' dir='ltr'><strong><em>auiuti</em></strong></span> 
     </span>
    </p>
   </div>
   <div class='ocr_carea' id='block_1_23' title="bbox 737 1804 2310 1874">
    <p class='ocr_par' dir='ltr' id='par_1_23' title="bbox 737 1804 2310 1874">
     <span class='ocr_line' id='line_1_23' title="bbox 737 1804 2310 1874; baseline 0 -18"><span class='ocrx_word' id='word_1_139' title='bbox 737 1806 1029 1871; x_wconf 85' lang='lat' dir='ltr'><strong><em>ingenitam</em></strong></span> <span class='ocrx_word' id='word_1_140' title='bbox 1060 1804 1390 1862; x_wconf 87' lang='lat' dir='ltr'><strong><em>nobilitatem</em></strong></span> <span class='ocrx_word' id='word_1_141' title='bbox 1421 1825 1529 1874; x_wconf 79' lang='lat' dir='ltr'><strong><em>pra:</em></strong></span> <span class='ocrx_word' id='word_1_142' title='bbox 1551 1824 1607 1859; x_wconf 91' lang='lat' dir='ltr'><strong><em>se</em></strong></span> <span class='ocrx_word' id='word_1_143' title='bbox 1636 1804 2026 1858; x_wconf 87' lang='lat' dir='ltr'><strong><em>declarabant:</em></strong></span> <span class='ocrx_word' id='word_1_144' title='bbox 2056 1807 2310 1874; x_wconf 81' lang='lat' dir='ltr'><strong><em>insignem</em></strong></span> 
     </span>
    </p>
   </div>
   <div class='ocr_carea' id='block_1_24' title="bbox 739 1876 2306 1945">
    <p class='ocr_par' dir='ltr' id='par_1_24' title="bbox 739 1876 2306 1945">
     <span class='ocr_line' id='line_1_24' title="bbox 739 1876 2306 1945; baseline 0.001 -20"><span class='ocrx_word' id='word_1_145' title='bbox 739 1893 943 1944; x_wconf 80' lang='lat' dir='ltr'><strong><em>quoque</em></strong></span> <span class='ocrx_word' id='word_1_146' title='bbox 989 1878 1197 1932; x_wconf 85' lang='lat' dir='ltr'><strong><em>laudem</em></strong></span> <span class='ocrx_word' id='word_1_147' title='bbox 1240 1895 1349 1932; x_wconf 84' lang='lat' dir='ltr'><strong><em>esse</em></strong></span> <span class='ocrx_word' id='word_1_148' title='bbox 1385 1880 1638 1930; x_wconf 87' lang='lat' dir='ltr'><strong><em>ducebant</em></strong></span> <span class='ocrx_word' id='word_1_149' title='bbox 1670 1892 1764 1945; x_wconf 89' lang='lat' dir='ltr'><strong><em>pro</em></strong></span> <span class='ocrx_word' id='word_1_150' title='bbox 1805 1877 1998 1928; x_wconf 85' lang='lat' dir='ltr'><strong><em>tuenda</em></strong></span> <span class='ocrx_word' id='word_1_151' title='bbox 2031 1877 2156 1927; x_wconf 87' lang='lat' dir='ltr'><strong><em>urbe</em></strong></span> <span class='ocrx_word' id='word_1_152' title='bbox 2188 1876 2306 1927; x_wconf 78' lang='lat' dir='ltr'><strong><em>rul-</em></strong></span> 
     </span>
    </p>
   </div>
   <div class='ocr_carea' id='block_1_25' title="bbox 739 1946 2308 2018">
    <p class='ocr_par' dir='ltr' id='par_1_25' title="bbox 739 1946 2308 2018">
     <span class='ocr_line' id='line_1_25' title="bbox 739 1946 2308 2018; baseline 0.001 -22"><span class='ocrx_word' id='word_1_153' title='bbox 739 1962 868 1998; x_wconf 84' lang='lat' dir='ltr'><strong><em>nera</em></strong></span> <span class='ocrx_word' id='word_1_154' title='bbox 899 1956 1005 2001; x_wconf 90' lang='lat' dir='ltr'><strong><em>toto</em></strong></span> <span class='ocrx_word' id='word_1_155' title='bbox 1035 1966 1249 2018; x_wconf 89' lang='lat' dir='ltr'><strong><em>corpore</em></strong></span> <span class='ocrx_word' id='word_1_156' title='bbox 1270 1953 1525 2017; x_wconf 72' lang='lat' dir='ltr'><strong><em>excipere.</em></strong></span> <span class='ocrx_word' id='word_1_157' title='bbox 1555 1947 1674 2000; x_wconf 82' lang='lat' dir='ltr'><strong><em>lam</em></strong></span> <span class='ocrx_word' id='word_1_158' title='bbox 1705 1963 1825 1999; x_wconf 85' lang='lat' dir='ltr'><strong><em>vero</em></strong></span> <span class='ocrx_word' id='word_1_159' title='bbox 1863 1947 1907 2000; x_wconf 90' lang='lat' dir='ltr'><strong><em>si</em></strong></span> <span class='ocrx_word' id='word_1_160' title='bbox 1933 1949 2046 2014; x_wconf 90' lang='lat' dir='ltr'><strong><em>quis</em></strong></span> <span class='ocrx_word' id='word_1_161' title='bbox 2077 1947 2145 1997; x_wconf 88' lang='lat' dir='ltr'><strong><em>ad</em></strong></span> <span class='ocrx_word' id='word_1_162' title='bbox 2179 1946 2308 1998; x_wconf 86' lang='lat' dir='ltr'><strong><em>illud</em></strong></span> 
     </span>
    </p>
   </div>
   <div class='ocr_carea' id='block_1_26' title="bbox 740 2019 2308 2086">
    <p class='ocr_par' dir='ltr' id='par_1_26' title="bbox 740 2019 2308 2086">
     <span class='ocr_line' id='line_1_26' title="bbox 740 2019 2308 2086; baseline 0.001 -20"><span class='ocrx_word' id='word_1_163' title='bbox 740 2019 883 2070; x_wconf 91' lang='lat' dir='ltr'><strong><em>urbis</em></strong></span> <span class='ocrx_word' id='word_1_164' title='bbox 929 2021 1350 2086; x_wconf 83' lang='lat' dir='ltr'><strong><em>papugnuculum</em></strong></span> <span class='ocrx_word' id='word_1_165' title='bbox 1386 2037 1438 2071; x_wconf 84' lang='lat' dir='ltr'><strong><em>se</em></strong></span> <span class='ocrx_word' id='word_1_166' title='bbox 1480 2019 1815 2078; x_wconf 86' lang='lat' dir='ltr'><strong><em>contulisset,</em></strong></span> <span class='ocrx_word' id='word_1_167' title='bbox 1851 2019 1988 2086; x_wconf 85' lang='lat' dir='ltr'><strong><em>quod</em></strong></span> <span class='ocrx_word' id='word_1_168' title='bbox 2030 2019 2308 2070; x_wconf 85' lang='lat' dir='ltr'><strong><em>adversum</em></strong></span> 
     </span>
    </p>
   </div>
   <div class='ocr_carea' id='block_1_27' title="bbox 740 2088 2308 2156">
    <p class='ocr_par' dir='ltr' id='par_1_27' title="bbox 740 2088 2308 2156">
     <span class='ocr_line' id='line_1_27' title="bbox 740 2088 2308 2156; baseline 0 -18"><span class='ocrx_word' id='word_1_169' title='bbox 740 2088 883 2156; x_wconf 87' lang='lat' dir='ltr'><strong><em>vulgi</em></strong></span> <span class='ocrx_word' id='word_1_170' title='bbox 925 2107 1165 2142; x_wconf 86' lang='lat' dir='ltr'><strong><em>sermone</em></strong></span> <span class='ocrx_word' id='word_1_171' title='bbox 1205 2092 1303 2142; x_wconf 88' lang='lat' dir='ltr'><strong><em>dici</em></strong></span> <span class='ocrx_word' id='word_1_172' title='bbox 1345 2098 1716 2147; x_wconf 78' lang='lat' dir='ltr'><strong><em>consueverat.</em></strong></span> <span class='ocrx_word' id='word_1_173' title='bbox 1752 2088 2039 2155; x_wconf 81' lang='lat' dir='ltr'><strong><em>permultos</em></strong></span> <span class='ocrx_word' id='word_1_174' title='bbox 2075 2088 2143 2138; x_wconf 90' lang='lat' dir='ltr'><strong><em>ibi</em></strong></span> <span class='ocrx_word' id='word_1_175' title='bbox 2158 2088 2308 2156; x_wconf 80' lang='lat' dir='ltr'><strong><em>viros</em></strong></span> 
     </span>
    </p>
   </div>
   <div class='ocr_carea' id='block_1_28' title="bbox 741 2155 2306 2224">
    <p class='ocr_par' dir='ltr' id='par_1_28' title="bbox 741 2155 2306 2224">
     <span class='ocr_line' id='line_1_28' title="bbox 741 2155 2306 2224; baseline 0.001 -17"><span class='ocrx_word' id='word_1_176' title='bbox 741 2155 945 2224; x_wconf 77' lang='lat' dir='ltr'><strong><em>poterat</em></strong></span> <span class='ocrx_word' id='word_1_177' title='bbox 995 2162 1187 2212; x_wconf 80' lang='lat' dir='ltr'><strong><em>intueri</em></strong></span> <span class='ocrx_word' id='word_1_178' title='bbox 1239 2164 1385 2212; x_wconf 87' lang='lat' dir='ltr'><strong><em>miris</em></strong></span> <span class='ocrx_word' id='word_1_179' title='bbox 1435 2161 1754 2224; x_wconf 82' lang='lat' dir='ltr'><strong><em>diversisque</em></strong></span> <span class='ocrx_word' id='word_1_180' title='bbox 1797 2159 1962 2209; x_wconf 86' lang='lat' dir='ltr'><strong><em>modis</em></strong></span> <span class='ocrx_word' id='word_1_181' title='bbox 2014 2155 2306 2208; x_wconf 81' lang='lat' dir='ltr'><strong><em>inutilitas.</em></strong></span> 
     </span>
    </p>
   </div>
   <div class='ocr_carea' id='block_1_29' title="bbox 745 2226 2310 2298">
    <p class='ocr_par' dir='ltr' id='par_1_29' title="bbox 745 2226 2310 2298">
     <span class='ocr_line' id='line_1_29' title="bbox 745 2226 2310 2298; baseline 0.001 -22"><span class='ocrx_word' id='word_1_182' title='bbox 745 2226 912 2280; x_wconf 71' lang='lat' dir='ltr'><strong><em>Erant</em></strong></span> <span class='ocrx_word' id='word_1_183' title='bbox 940 2231 1030 2295; x_wconf 90' lang='lat' dir='ltr'><strong><em>qui</em></strong></span> <span class='ocrx_word' id='word_1_184' title='bbox 1060 2231 1264 2298; x_wconf 75' lang='lat' dir='ltr'><strong><em>cﬂ&#39;ussos</em></strong></span> <span class='ocrx_word' id='word_1_185' title='bbox 1292 2229 1468 2284; x_wconf 89' lang='lat' dir='ltr'><strong><em>oculos</em></strong></span> <span class='ocrx_word' id='word_1_186' title='bbox 1503 2232 1774 2290; x_wconf 82' lang='lat' dir='ltr'><strong><em>haberent,</em></strong></span> <span class='ocrx_word' id='word_1_187' title='bbox 1809 2230 1886 2280; x_wconf 89' lang='lat' dir='ltr'><strong><em>his</em></strong></span> <span class='ocrx_word' id='word_1_188' title='bbox 1916 2230 2128 2294; x_wconf 83' lang='lat' dir='ltr'><strong><em>quidam</em></strong></span> <span class='ocrx_word' id='word_1_189' title='bbox 2158 2243 2310 2278; x_wconf 83' lang='lat' dir='ltr'><strong><em>nares</em></strong></span> 
     </span>
    </p>
   </div>
   <div class='ocr_carea' id='block_1_30' title="bbox 741 2299 2310 2364">
    <p class='ocr_par' dir='ltr' id='par_1_30' title="bbox 741 2299 2310 2364">
     <span class='ocr_line' id='line_1_30' title="bbox 741 2299 2310 2364; baseline 0.001 -18"><span class='ocrx_word' id='word_1_190' title='bbox 741 2306 962 2356; x_wconf 64' lang='lat' dir='ltr'><strong><em>truncat.</em></strong></span> <span class='ocrx_word' id='word_1_191' title='bbox 1002 2302 1079 2353; x_wconf 87' lang='lat' dir='ltr'><strong><em>his</em></strong></span> <span class='ocrx_word' id='word_1_192' title='bbox 1119 2318 1237 2354; x_wconf 79' lang='lat' dir='ltr'><strong><em>rcro</em></strong></span> <span class='ocrx_word' id='word_1_193' title='bbox 1269 2317 1420 2353; x_wconf 86' lang='lat' dir='ltr'><strong><em>aures</em></strong></span> <span class='ocrx_word' id='word_1_194' title='bbox 1453 2301 1802 2352; x_wconf 85' lang='lat' dir='ltr'><strong><em>cernebantur</em></strong></span> <span class='ocrx_word' id='word_1_195' title='bbox 1832 2306 2143 2364; x_wconf 65' lang='lat' dir='ltr'><strong><em>atnpctata&#39;,</em></strong></span> <span class='ocrx_word' id='word_1_196' title='bbox 2186 2299 2310 2348; x_wconf 86' lang='lat' dir='ltr'><strong><em>aliis</em></strong></span> 
     </span>
    </p>
   </div>
   <div class='ocr_carea' id='block_1_31' title="bbox 741 2365 2311 2434">
    <p class='ocr_par' dir='ltr' id='par_1_31' title="bbox 741 2365 2311 2434">
     <span class='ocr_line' id='line_1_31' title="bbox 741 2365 2311 2434; baseline -0.003 -11"><span class='ocrx_word' id='word_1_197' title='bbox 741 2365 1036 2434; x_wconf 78' lang='lat' dir='ltr'><strong><em>palpebrtv.</em></strong></span> <span class='ocrx_word' id='word_1_198' title='bbox 1079 2371 1198 2424; x_wconf 77' lang='lat' dir='ltr'><strong><em>aliis</em></strong></span> <span class='ocrx_word' id='word_1_199' title='bbox 1240 2370 1472 2424; x_wconf 62' lang='lat' dir='ltr'><strong><em>maxillai</em></strong></span> <span class='ocrx_word' id='word_1_200' title='bbox 1515 2386 1575 2421; x_wconf 75' lang='lat' dir='ltr'><strong><em>ei;</em></strong></span> <span class='ocrx_word' id='word_1_201' title='bbox 1623 2369 1843 2420; x_wconf 86' lang='lat' dir='ltr'><strong><em>telorum</em></strong></span> <span class='ocrx_word' id='word_1_202' title='bbox 1899 2379 1946 2419; x_wconf 90' lang='lat' dir='ltr'><strong><em>et</em></strong></span> <span class='ocrx_word' id='word_1_203' title='bbox 1993 2377 2311 2432; x_wconf 80' lang='lat' dir='ltr'><strong><em>sagttarum</em></strong></span> 
     </span>
    </p>
   </div>
   <div class='ocr_carea' id='block_1_32' title="bbox 739 2437 2312 2509">
    <p class='ocr_par' dir='ltr' id='par_1_32' title="bbox 739 2437 2312 2509">
     <span class='ocr_line' id='line_1_32' title="bbox 739 2437 2312 2509; baseline 0 -22"><span class='ocrx_word' id='word_1_204' title='bbox 739 2437 923 2509; x_wconf 81' lang='lat' dir='ltr'><strong><em>ictibus</em></strong></span> <span class='ocrx_word' id='word_1_205' title='bbox 951 2444 1208 2509; x_wconf 87' lang='lat' dir='ltr'><strong><em>sanguine</em></strong></span> <span class='ocrx_word' id='word_1_206' title='bbox 1239 2440 1574 2494; x_wconf 84' lang='lat' dir='ltr'><strong><em>rubescebant</em></strong></span> <span class='ocrx_word' id='word_1_207' title='bbox 1634 2440 1946 2508; x_wconf 76' lang='lat' dir='ltr'><strong><em>quibusdam</em></strong></span> <span class='ocrx_word' id='word_1_208' title='bbox 1981 2439 2122 2506; x_wconf 68' lang='lat' dir='ltr'><strong><em>frons</em></strong></span> <span class='ocrx_word' id='word_1_209' title='bbox 2149 2448 2195 2488; x_wconf 85' lang='lat' dir='ltr'><strong><em>et</em></strong></span> <span class='ocrx_word' id='word_1_210' title='bbox 2211 2454 2312 2509; x_wconf 90' lang='lat' dir='ltr'><strong><em>_cor</em></strong></span> 
     </span>
    </p>
   </div>
   <div class='ocr_carea' id='block_1_33' title="bbox 743 2507 2310 2577">
    <p class='ocr_par' dir='ltr' id='par_1_33' title="bbox 743 2507 2310 2577">
     <span class='ocr_line' id='line_1_33' title="bbox 743 2507 2310 2577; baseline 0.001 -19"><span class='ocrx_word' id='word_1_211' title='bbox 743 2508 904 2560; x_wconf 86' lang='lat' dir='ltr'><strong><em>etiam</em></strong></span> <span class='ocrx_word' id='word_1_212' title='bbox 936 2507 1102 2577; x_wconf 80' lang='lat' dir='ltr'><strong><em>ipsum</em></strong></span> <span class='ocrx_word' id='word_1_213' title='bbox 1134 2514 1294 2564; x_wconf 77' lang='lat' dir='ltr'><strong><em>modis</em></strong></span> <span class='ocrx_word' id='word_1_214' title='bbox 1321 2513 1479 2564; x_wconf 83' lang='lat' dir='ltr'><strong><em>variis</em></strong></span> <span class='ocrx_word' id='word_1_215' title='bbox 1506 2507 1924 2570; x_wconf 77' lang='lat' dir='ltr'><strong><em>vulnerabatur;</em></strong></span> <span class='ocrx_word' id='word_1_216' title='bbox 1956 2518 2133 2560; x_wconf 82' lang='lat' dir='ltr'><strong><em>venter</em></strong></span> <span class='ocrx_word' id='word_1_217' title='bbox 2164 2507 2310 2560; x_wconf 78' lang='lat' dir='ltr'><strong><em>aliis.</em></strong></span> 
     </span>
    </p>
   </div>
   <div class='ocr_carea' id='block_1_34' title="bbox 745 2577 2311 2650">
    <p class='ocr_par' dir='ltr' id='par_1_34' title="bbox 745 2577 2311 2650">
     <span class='ocr_line' id='line_1_34' title="bbox 745 2577 2311 2650; baseline -0.001 -22"><span class='ocrx_word' id='word_1_218' title='bbox 745 2577 864 2630; x_wconf 88' lang='lat' dir='ltr'><strong><em>aliis</em></strong></span> <span class='ocrx_word' id='word_1_219' title='bbox 909 2594 1082 2646; x_wconf 89' lang='lat' dir='ltr'><strong><em>pectus</em></strong></span> <span class='ocrx_word' id='word_1_220' title='bbox 1134 2585 1355 2650; x_wconf 78' lang='lat' dir='ltr'><strong><em>acceptis</em></strong></span> <span class='ocrx_word' id='word_1_221' title='bbox 1402 2582 1697 2635; x_wconf 65' lang='lat' dir='ltr'><strong><em>uulneribus</em></strong></span> <span class='ocrx_word' id='word_1_222' title='bbox 1747 2581 1996 2647; x_wconf 69' lang='lat' dir='ltr'><strong><em>patebat.</em></strong></span> <span class='ocrx_word' id='word_1_223' title='bbox 2051 2587 2219 2650; x_wconf 75' lang='lat' dir='ltr'><strong><em>atque</em></strong></span> <span class='ocrx_word' id='word_1_224' title='bbox 2257 2586 2311 2628; x_wconf 83' lang='lat' dir='ltr'><strong><em>ut</em></strong></span> 
     </span>
    </p>
   </div>
   <div class='ocr_carea' id='block_1_35' title="bbox 742 2648 2314 2718">
    <p class='ocr_par' dir='ltr' id='par_1_35' title="bbox 742 2648 2314 2718">
     <span class='ocr_line' id='line_1_35' title="bbox 742 2648 2314 2718; baseline -0.001 -19"><span class='ocrx_word' id='word_1_225' title='bbox 742 2653 1050 2713; x_wconf 84' lang='lat' dir='ltr'><strong><em>compendio</em></strong></span> <span class='ocrx_word' id='word_1_226' title='bbox 1084 2648 1280 2711; x_wconf 68' lang='lat' dir='ltr'><strong><em>dicam.</em></strong></span> <span class='ocrx_word' id='word_1_227' title='bbox 1323 2671 1424 2704; x_wconf 87' lang='lat' dir='ltr'><strong><em>non</em></strong></span> <span class='ocrx_word' id='word_1_228' title='bbox 1467 2653 1648 2718; x_wconf 86' lang='lat' dir='ltr'><strong><em>aliqua</em></strong></span> <span class='ocrx_word' id='word_1_229' title='bbox 1681 2661 1886 2702; x_wconf 86' lang='lat' dir='ltr'><strong><em>tantum</em></strong></span> <span class='ocrx_word' id='word_1_230' title='bbox 1909 2691 1923 2710; x_wconf 92' lang='lat'><strong><em>,</em></strong></span> <span class='ocrx_word' id='word_1_231' title='bbox 1961 2651 2048 2700; x_wconf 80' lang='lat' dir='ltr'><strong><em>sed</em></strong></span> <span class='ocrx_word' id='word_1_232' title='bbox 2079 2648 2220 2718; x_wconf 84' lang='lat' dir='ltr'><strong><em>omni</em></strong></span> <span class='ocrx_word' id='word_1_233' title='bbox 2250 2665 2314 2698; x_wconf 67' lang='lat' dir='ltr'><strong><em>ea:</em></strong></span> 
     </span>
    </p>
   </div>
   <div class='ocr_carea' id='block_1_36' title="bbox 743 2717 2313 2786">
    <p class='ocr_par' dir='ltr' id='par_1_36' title="bbox 743 2717 2313 2786">
     <span class='ocr_line' id='line_1_36' title="bbox 743 2717 2313 2786; baseline -0.001 -15"><span class='ocrx_word' id='word_1_234' title='bbox 743 2730 898 2783; x_wconf 80' lang='lat' dir='ltr'><strong><em>parte</em></strong></span> <span class='ocrx_word' id='word_1_235' title='bbox 946 2721 1280 2774; x_wconf 88' lang='lat' dir='ltr'><strong><em>laborabant.</em></strong></span> <span class='ocrx_word' id='word_1_236' title='bbox 1337 2721 1520 2774; x_wconf 79' lang='lat' dir='ltr'><strong><em>llostes</em></strong></span> <span class='ocrx_word' id='word_1_237' title='bbox 1558 2717 1710 2774; x_wconf 83' lang='lat' dir='ltr'><strong><em>enim</em></strong></span> <span class='ocrx_word' id='word_1_238' title='bbox 1757 2724 1877 2771; x_wconf 87' lang='lat' dir='ltr'><strong><em>totis</em></strong></span> <span class='ocrx_word' id='word_1_239' title='bbox 1921 2720 2081 2786; x_wconf 81' lang='lat' dir='ltr'><strong><em>capiis</em></strong></span> <span class='ocrx_word' id='word_1_240' title='bbox 2135 2717 2313 2769; x_wconf 74' lang='lat' dir='ltr'><strong><em>urbem</em></strong></span> 
     </span>
    </p>
   </div>
   <div class='ocr_carea' id='block_1_37' title="bbox 743 2788 2314 2860">
    <p class='ocr_par' dir='ltr' id='par_1_37' title="bbox 743 2788 2314 2860">
     <span class='ocr_line' id='line_1_37' title="bbox 743 2788 2314 2860; baseline -0.002 -19"><span class='ocrx_word' id='word_1_241' title='bbox 743 2788 1080 2848; x_wconf 81' lang='lat' dir='ltr'><strong><em>obsidebant.</em></strong></span> <span class='ocrx_word' id='word_1_242' title='bbox 1127 2803 1381 2860; x_wconf 83' lang='lat' dir='ltr'><strong><em>erantque</em></strong></span> <span class='ocrx_word' id='word_1_243' title='bbox 1444 2809 1660 2844; x_wconf 83' lang='lat' dir='ltr'><strong><em>numero</em></strong></span> <span class='ocrx_word' id='word_1_244' title='bbox 1707 2792 1999 2860; x_wconf 77' lang='lat' dir='ltr'><strong><em>superiores</em></strong></span> <span class='ocrx_word' id='word_1_245' title='bbox 2046 2789 2178 2840; x_wconf 82' lang='lat' dir='ltr'><strong><em>adeo</em></strong></span> <span class='ocrx_word' id='word_1_246' title='bbox 2259 2797 2314 2838; x_wconf 92' lang='lat' dir='ltr'><strong><em>ut</em></strong></span> 
     </span>
    </p>
   </div>
   <div class='ocr_carea' id='block_1_38' title="bbox 743 2859 2316 2930">
    <p class='ocr_par' dir='ltr' id='par_1_38' title="bbox 743 2859 2316 2930">
     <span class='ocr_line' id='line_1_38' title="bbox 743 2859 2316 2930; baseline -0.001 -21"><span class='ocrx_word' id='word_1_247' title='bbox 743 2869 954 2913; x_wconf 82' lang='lat' dir='ltr'><strong><em>centum</em></strong></span> <span class='ocrx_word' id='word_1_248' title='bbox 982 2878 1044 2914; x_wconf 73' lang='lat' dir='ltr'><strong><em>ex</em></strong></span> <span class='ocrx_word' id='word_1_249' title='bbox 1077 2863 1186 2916; x_wconf 82' lang='lat' dir='ltr'><strong><em>illis</em></strong></span> <span class='ocrx_word' id='word_1_250' title='bbox 1218 2859 1377 2930; x_wconf 84' lang='lat' dir='ltr'><strong><em>(quod</em></strong></span> <span class='ocrx_word' id='word_1_251' title='bbox 1410 2864 1494 2915; x_wconf 71' lang='lat' dir='ltr'><strong><em>vit;</em></strong></span> <span class='ocrx_word' id='word_1_252' title='bbox 1525 2863 1821 2929; x_wconf 74' lang='lat' dir='ltr'><strong><em>assequitur</em></strong></span> <span class='ocrx_word' id='word_1_253' title='bbox 1846 2859 2024 2926; x_wconf 72' lang='lat' dir='ltr'><strong><em>(idem)</em></strong></span> <span class='ocrx_word' id='word_1_254' title='bbox 2060 2873 2192 2930; x_wconf 7' lang='lat' dir='ltr'><strong><em>cum,</em></strong></span> <span class='ocrx_word' id='word_1_255' title='bbox 2213 2873 2316 2908; x_wconf 90' lang='lat' dir='ltr'><strong><em>uno</em></strong></span> 
     </span>
    </p>
   </div>
   <div class='ocr_carea' id='block_1_39' title="bbox 745 2929 2316 2998">
    <p class='ocr_par' dir='ltr' id='par_1_39' title="bbox 745 2929 2316 2998">
     <span class='ocr_line' id='line_1_39' title="bbox 745 2929 2316 2998; baseline -0.001 -19"><span class='ocrx_word' id='word_1_256' title='bbox 745 2942 773 2976; x_wconf 87' lang='lat' dir='ltr'><strong><em>c</em></strong></span> <span class='ocrx_word' id='word_1_257' title='bbox 804 2934 998 2984; x_wconf 87' lang='lat' dir='ltr'><strong><em>nostris</em></strong></span> <span class='ocrx_word' id='word_1_258' title='bbox 1040 2949 1224 2984; x_wconf 87' lang='lat' dir='ltr'><strong><em>manus</em></strong></span> <span class='ocrx_word' id='word_1_259' title='bbox 1255 2944 1620 2998; x_wconf 83' lang='lat' dir='ltr'><strong><em>consererent.</em></strong></span> <span class='ocrx_word' id='word_1_260' title='bbox 1668 2932 1942 2998; x_wconf 78' lang='lat' dir='ltr'><strong><em>gloriaque</em></strong></span> <span class='ocrx_word' id='word_1_261' title='bbox 1973 2946 2073 2980; x_wconf 85' lang='lat' dir='ltr'><strong><em>non</em></strong></span> <span class='ocrx_word' id='word_1_262' title='bbox 2110 2929 2316 2993; x_wconf 78' lang='lat' dir='ltr'><strong><em>uulgari</em></strong></span> 
     </span>
    </p>
   </div>
   <div class='ocr_carea' id='block_1_40' title="bbox 745 3000 2320 3072">
    <p class='ocr_par' dir='ltr' id='par_1_40' title="bbox 745 3000 2320 3072">
     <span class='ocr_line' id='line_1_40' title="bbox 745 3000 2320 3072; baseline -0.001 -23"><span class='ocrx_word' id='word_1_263' title='bbox 745 3004 1109 3072; x_wconf 62' lang='lat' dir='ltr'><strong><em>antagonistas</em></strong></span> <span class='ocrx_word' id='word_1_264' title='bbox 1158 3013 1405 3072; x_wconf 85' lang='lat' dir='ltr'><strong><em>augerent</em></strong></span> <span class='ocrx_word' id='word_1_265' title='bbox 1452 3005 1672 3071; x_wconf 84' lang='lat' dir='ltr'><strong><em>egregia:</em></strong></span> <span class='ocrx_word' id='word_1_266' title='bbox 1726 3000 1929 3054; x_wconf 81' lang='lat' dir='ltr'><strong><em>virtutis</em></strong></span> <span class='ocrx_word' id='word_1_267' title='bbox 1991 3001 2136 3072; x_wconf 70' lang='lat' dir='ltr'><strong><em>facta</em></strong></span> <span class='ocrx_word' id='word_1_268' title='bbox 2180 3000 2320 3064; x_wconf 82' lang='lat' dir='ltr'><strong><em>peri-</em></strong></span> 
     </span>
    </p>
   </div>
   <div class='ocr_carea' id='block_1_41' title="bbox 744 3067 2315 3140">
    <p class='ocr_par' dir='ltr' id='par_1_41' title="bbox 744 3067 2315 3140">
     <span class='ocr_line' id='line_1_41' title="bbox 744 3067 2315 3140; baseline -0.001 -21"><span class='ocrx_word' id='word_1_269' title='bbox 744 3067 893 3123; x_wconf 48' lang='lat' dir='ltr'><strong><em>culo;</em></strong></span> <span class='ocrx_word' id='word_1_270' title='bbox 957 3067 1594 3140; x_wconf 33' lang='lat' dir='ltr'><strong><em>Equidemvathletarnm</em></strong></span> <span class='ocrx_word' id='word_1_271' title='bbox 1657 3073 1887 3123; x_wconf 77' lang='lat' dir='ltr'><strong><em>studium</em></strong></span> <span class='ocrx_word' id='word_1_272' title='bbox 1958 3067 2315 3140; x_wconf 68' lang='lat' dir='ltr'><strong><em>upptllabam.</em></strong></span> 
     </span>
    </p>
   </div>
   <div class='ocr_carea' id='block_1_42' title="bbox 745 3139 2320 3209">
    <p class='ocr_par' dir='ltr' id='par_1_42' title="bbox 745 3139 2320 3209">
     <span class='ocr_line' id='line_1_42' title="bbox 745 3139 2320 3209; baseline -0.001 -19"><span class='ocrx_word' id='word_1_273' title='bbox 745 3144 944 3203; x_wconf 79' lang='lat' dir='ltr'><strong><em>quoties</em></strong></span> <span class='ocrx_word' id='word_1_274' title='bbox 985 3160 1042 3194; x_wconf 83' lang='lat' dir='ltr'><strong><em>eo</em></strong></span> <span class='ocrx_word' id='word_1_275' title='bbox 1092 3143 1189 3196; x_wconf 73' lang='lat' dir='ltr'><strong><em>loci</em></strong></span> <span class='ocrx_word' id='word_1_276' title='bbox 1231 3149 1571 3202; x_wconf 75' lang='lat' dir='ltr'><strong><em>eentitarem.</em></strong></span> <span class='ocrx_word' id='word_1_277' title='bbox 1617 3145 1670 3194; x_wconf 89' lang='lat' dir='ltr'><strong><em>in</em></strong></span> <span class='ocrx_word' id='word_1_278' title='bbox 1713 3157 1812 3209; x_wconf 90' lang='lat' dir='ltr'><strong><em>quo</em></strong></span> <span class='ocrx_word' id='word_1_279' title='bbox 1854 3141 2059 3205; x_wconf 70' lang='lat' dir='ltr'><strong><em>fortiter</em></strong></span> <span class='ocrx_word' id='word_1_280' title='bbox 2095 3153 2190 3204; x_wconf 90' lang='lat' dir='ltr'><strong><em>pra</em></strong></span> <span class='ocrx_word' id='word_1_281' title='bbox 2207 3139 2320 3209; x_wconf 87' lang='lat' dir='ltr'><strong><em>cla-</em></strong></span> 
     </span>
    </p>
   </div>
   <div class='ocr_carea' id='block_1_43' title="bbox 747 3208 2317 3281">
    <p class='ocr_par' dir='ltr' id='par_1_43' title="bbox 747 3208 2317 3281">
     <span class='ocr_line' id='line_1_43' title="bbox 747 3208 2317 3281; baseline -0.004 -16"><span class='ocrx_word' id='word_1_282' title='bbox 747 3225 906 3281; x_wconf 65' lang='lat' dir='ltr'><strong><em>rcque</em></strong></span> <span class='ocrx_word' id='word_1_283' title='bbox 945 3222 1156 3280; x_wconf 82' lang='lat' dir='ltr'><strong><em>agentes</em></strong></span> <span class='ocrx_word' id='word_1_284' title='bbox 1197 3231 1446 3281; x_wconf 88' lang='lat' dir='ltr'><strong><em>ntagnant</em></strong></span> <span class='ocrx_word' id='word_1_285' title='bbox 1479 3214 1575 3265; x_wconf 88' lang='lat' dir='ltr'><strong><em>sibi</em></strong></span> <span class='ocrx_word' id='word_1_286' title='bbox 1609 3227 1671 3264; x_wconf 74' lang='lat' dir='ltr'><strong><em>ea:</em></strong></span> <span class='ocrx_word' id='word_1_287' title='bbox 1714 3213 1970 3277; x_wconf 76' lang='lat' dir='ltr'><strong><em>praclare</em></strong></span> <span class='ocrx_word' id='word_1_288' title='bbox 2010 3209 2164 3277; x_wconf 84' lang='lat' dir='ltr'><strong><em>gestis</em></strong></span> <span class='ocrx_word' id='word_1_289' title='bbox 2208 3208 2317 3274; x_wconf 88' lang='lat' dir='ltr'><strong><em>glo-</em></strong></span> 
     </span>
    </p>
   </div>
   <div class='ocr_carea' id='block_1_44' title="bbox 750 3280 2319 3351">
    <p class='ocr_par' dir='ltr' id='par_1_44' title="bbox 750 3280 2319 3351">
     <span class='ocr_line' id='line_1_44' title="bbox 750 3280 2319 3351; baseline -0.001 -20"><span class='ocrx_word' id='word_1_290' title='bbox 750 3280 886 3334; x_wconf 87' lang='lat' dir='ltr'><strong><em>riam</em></strong></span> <span class='ocrx_word' id='word_1_291' title='bbox 925 3280 1326 3351; x_wconf 86' lang='lat' dir='ltr'><strong><em>comparabaut.</em></strong></span> <span class='ocrx_word' id='word_1_292' title='bbox 1355 3283 1478 3335; x_wconf 82' lang='lat' dir='ltr'><strong><em>Tum</em></strong></span> <span class='ocrx_word' id='word_1_293' title='bbox 1519 3300 1639 3336; x_wconf 88' lang='lat' dir='ltr'><strong><em>vero</em></strong></span> <span class='ocrx_word' id='word_1_294' title='bbox 1669 3281 1989 3351; x_wconf 76' lang='lat' dir='ltr'><strong><em>flagitiorum</em></strong></span> <span class='ocrx_word' id='word_1_295' title='bbox 2019 3289 2319 3351; x_wconf 84' lang='lat' dir='ltr'><strong><em>nostrorum</em></strong></span> 
     </span>
    </p>
   </div>
   <div class='ocr_carea' id='block_1_45' title="bbox 748 3350 2321 3422">
    <p class='ocr_par' dir='ltr' id='par_1_45' title="bbox 748 3350 2321 3422">
     <span class='ocr_line' id='line_1_45' title="bbox 748 3350 2321 3422; baseline 0 -22"><span class='ocrx_word' id='word_1_296' title='bbox 748 3367 996 3422; x_wconf 86' lang='lat' dir='ltr'><strong><em>numerus</em></strong></span> <span class='ocrx_word' id='word_1_297' title='bbox 1044 3350 1207 3422; x_wconf 88' lang='lat' dir='ltr'><strong><em>usque</em></strong></span> <span class='ocrx_word' id='word_1_298' title='bbox 1242 3355 1372 3406; x_wconf 88' lang='lat' dir='ltr'><strong><em>adeo</em></strong></span> <span class='ocrx_word' id='word_1_299' title='bbox 1408 3350 1675 3408; x_wconf 76' lang='lat' dir='ltr'><strong><em>excrevit.</em></strong></span> <span class='ocrx_word' id='word_1_300' title='bbox 1711 3361 1764 3403; x_wconf 82' lang='grc' dir='ltr'><strong><em>ιιι</em></strong></span> <span class='ocrx_word' id='word_1_301' title='bbox 1807 3353 2101 3403; x_wconf 82' lang='lat' dir='ltr'><strong><em>districtum</em></strong></span> <span class='ocrx_word' id='word_1_302' title='bbox 2140 3350 2191 3401; x_wconf 88' lang='lat' dir='ltr'><strong><em>in</em></strong></span> <span class='ocrx_word' id='word_1_303' title='bbox 2229 3363 2321 3400; x_wconf 84' lang='lat' dir='ltr'><strong><em>nos</em></strong></span> 
     </span>
    </p>
   </div>
   <div class='ocr_carea' id='block_1_46' title="bbox 749 3421 2319 3492">
    <p class='ocr_par' dir='ltr' id='par_1_46' title="bbox 749 3421 2319 3492">
     <span class='ocr_line' id='line_1_46' title="bbox 749 3421 2319 3492; baseline 0.002 -23"><span class='ocrx_word' id='word_1_304' title='bbox 749 3421 938 3476; x_wconf 73' lang='lat' dir='ltr'><strong><em>divina:</em></strong></span> <span class='ocrx_word' id='word_1_305' title='bbox 981 3421 1195 3476; x_wconf 84' lang='lat' dir='ltr'><strong><em>ultionis</em></strong></span> <span class='ocrx_word' id='word_1_306' title='bbox 1246 3423 1483 3492; x_wconf 79' lang='lat' dir='ltr'><strong><em>gladium</em></strong></span> <span class='ocrx_word' id='word_1_307' title='bbox 1534 3423 1818 3476; x_wconf 87' lang='lat' dir='ltr'><strong><em>inebriaret</em></strong></span> <span class='ocrx_word' id='word_1_308' title='bbox 1848 3422 1931 3472; x_wconf 88' lang='lat' dir='ltr'><strong><em>die</em></strong></span> <span class='ocrx_word' id='word_1_309' title='bbox 1979 3423 2152 3492; x_wconf 81' lang='lat' dir='ltr'><strong><em>prima</em></strong></span> <span class='ocrx_word' id='word_1_310' title='bbox 2207 3427 2319 3485; x_wconf 80' lang='lat' dir='ltr'><strong><em>post</em></strong></span> 
     </span>
    </p>
   </div>
   <div class='ocr_carea' id='block_1_47' title="bbox 750 3490 2322 3557">
    <p class='ocr_par' dir='ltr' id='par_1_47' title="bbox 750 3490 2322 3557">
     <span class='ocr_line' id='line_1_47' title="bbox 750 3490 2322 3557; baseline -0.001 -16"><span class='ocrx_word' id='word_1_311' title='bbox 750 3492 1051 3546; x_wconf 79' lang='lat' dir='ltr'><strong><em>vicesimam</em></strong></span> <span class='ocrx_word' id='word_1_312' title='bbox 1085 3490 1272 3547; x_wconf 83' lang='lat' dir='ltr'><strong><em>mensis</em></strong></span> <span class='ocrx_word' id='word_1_313' title='bbox 1307 3493 1454 3547; x_wconf 68' lang='lat' dir='ltr'><strong><em>Maii.</em></strong></span> <span class='ocrx_word' id='word_1_314' title='bbox 1481 3493 1693 3557; x_wconf 81' lang='lat' dir='ltr'><strong><em>Quanta</em></strong></span> <span class='ocrx_word' id='word_1_315' title='bbox 1729 3508 1848 3545; x_wconf 89' lang='lat' dir='ltr'><strong><em>vero</em></strong></span> <span class='ocrx_word' id='word_1_316' title='bbox 1889 3493 1952 3542; x_wconf 90' lang='lat' dir='ltr'><strong><em>ab</em></strong></span> <span class='ocrx_word' id='word_1_317' title='bbox 1983 3506 2044 3542; x_wconf 90' lang='lat' dir='ltr'><strong><em>ea</em></strong></span> <span class='ocrx_word' id='word_1_318' title='bbox 2078 3490 2181 3547; x_wconf 89' lang='lat' dir='ltr'><strong><em>die,</em></strong></span> <span class='ocrx_word' id='word_1_319' title='bbox 2219 3505 2322 3556; x_wconf 86' lang='lat' dir='ltr'><strong><em>quo</em></strong></span> 
     </span>
    </p>
   </div>
   <div class='ocr_carea' id='block_1_48' title="bbox 753 3561 2319 3630">
    <p class='ocr_par' dir='ltr' id='par_1_48' title="bbox 753 3561 2319 3630">
     <span class='ocr_line' id='line_1_48' title="bbox 753 3561 2319 3630; baseline -0.001 -19"><span class='ocrx_word' id='word_1_320' title='bbox 753 3579 933 3616; x_wconf 80' lang='lat' dir='ltr'><strong><em>inuras</em></strong></span> <span class='ocrx_word' id='word_1_321' title='bbox 968 3566 1184 3621; x_wconf 86' lang='lat' dir='ltr'><strong><em>corruit.</em></strong></span> <span class='ocrx_word' id='word_1_322' title='bbox 1213 3565 1396 3617; x_wconf 88' lang='lat' dir='ltr'><strong><em>civitas</em></strong></span> <span class='ocrx_word' id='word_1_323' title='bbox 1429 3567 1481 3618; x_wconf 90' lang='lat' dir='ltr'><strong><em>in</em></strong></span> <span class='ocrx_word' id='word_1_324' title='bbox 1513 3565 1736 3615; x_wconf 89' lang='lat' dir='ltr'><strong><em>hostium</em></strong></span> <span class='ocrx_word' id='word_1_325' title='bbox 1771 3570 2074 3630; x_wconf 89' lang='lat' dir='ltr'><strong><em>potestatem</em></strong></span> <span class='ocrx_word' id='word_1_326' title='bbox 2107 3561 2319 3610; x_wconf 81' lang='lat' dir='ltr'><strong><em>redacta</em></strong></span> 
     </span>
    </p>
   </div>
   <div class='ocr_carea' id='block_1_49' title="bbox 753 3633 2323 3703">
    <p class='ocr_par' dir='ltr' id='par_1_49' title="bbox 753 3633 2323 3703">
     <span class='ocr_line' id='line_1_49' title="bbox 753 3633 2323 3703; baseline -0.003 -19"><span class='ocrx_word' id='word_1_327' title='bbox 753 3642 826 3684; x_wconf 85' lang='lat' dir='ltr'><strong><em>est</em></strong></span> <span class='ocrx_word' id='word_1_328' title='bbox 849 3634 874 3685; x_wconf 83' lang='lat'><strong><em>?</em></strong></span> <span class='ocrx_word' id='word_1_329' title='bbox 916 3633 1130 3686; x_wconf 76' lang='lat' dir='ltr'><strong><em>Modum</em></strong></span> <span class='ocrx_word' id='word_1_330' title='bbox 1162 3645 1335 3687; x_wconf 78' lang='lat' dir='ltr'><strong><em>autent</em></strong></span> <span class='ocrx_word' id='word_1_331' title='bbox 1369 3651 1471 3703; x_wconf 91' lang='lat' dir='ltr'><strong><em>quo</em></strong></span> <span class='ocrx_word' id='word_1_332' title='bbox 1503 3635 1600 3700; x_wconf 75' lang='lat' dir='ltr'><strong><em>luit</em></strong></span> <span class='ocrx_word' id='word_1_333' title='bbox 1637 3640 1938 3700; x_wconf 77' lang='lat' dir='ltr'><strong><em>expugnata</em></strong></span> <span class='ocrx_word' id='word_1_334' title='bbox 1974 3645 2146 3703; x_wconf 77' lang='lat' dir='ltr'><strong><em>opera:</em></strong></span> <span class='ocrx_word' id='word_1_335' title='bbox 2184 3644 2323 3703; x_wconf 73' lang='lat' dir='ltr'><strong><em>pra:-</em></strong></span> 
     </span>
    </p>
   </div>
   <div class='ocr_carea' id='block_1_50' title="bbox 753 3698 2324 3771">
    <p class='ocr_par' dir='ltr' id='par_1_50' title="bbox 753 3698 2324 3771">
     <span class='ocr_line' id='line_1_50' title="bbox 753 3698 2324 3771; baseline -0.003 -18"><span class='ocrx_word' id='word_1_336' title='bbox 753 3704 884 3755; x_wconf 89' lang='lat' dir='ltr'><strong><em>tiunt</em></strong></span> <span class='ocrx_word' id='word_1_337' title='bbox 921 3704 1018 3755; x_wconf 85' lang='lat' dir='ltr'><strong><em>erit</em></strong></span> <span class='ocrx_word' id='word_1_338' title='bbox 1062 3705 1276 3756; x_wconf 87' lang='lat' dir='ltr'><strong><em>dicere:</em></strong></span> <span class='ocrx_word' id='word_1_339' title='bbox 1324 3698 1422 3771; x_wconf 80' lang='lat' dir='ltr'><strong><em>fuit</em></strong></span> <span class='ocrx_word' id='word_1_340' title='bbox 1472 3698 1606 3756; x_wconf 84' lang='lat' dir='ltr'><strong><em>enim</em></strong></span> <span class='ocrx_word' id='word_1_341' title='bbox 1652 3698 1886 3754; x_wconf 81' lang='lat' dir='ltr'><strong><em>horroris</em></strong></span> <span class='ocrx_word' id='word_1_342' title='bbox 1935 3701 2138 3766; x_wconf 84' lang='lat' dir='ltr'><strong><em>plenus.</em></strong></span> <span class='ocrx_word' id='word_1_343' title='bbox 2191 3698 2324 3771; x_wconf 60' lang='lat' dir='ltr'><strong><em>tium</em></strong></span> 
     </span>
    </p>
   </div>
   <div class='ocr_carea' id='block_1_51' title="bbox 755 3767 2326 3836">
    <p class='ocr_par' dir='ltr' id='par_1_51' title="bbox 755 3767 2326 3836">
     <span class='ocr_line' id='line_1_51' title="bbox 755 3767 2326 3836; baseline -0.003 -14"><span class='ocrx_word' id='word_1_344' title='bbox 755 3774 891 3825; x_wconf 84' lang='lat' dir='ltr'><strong><em>enim</em></strong></span> <span class='ocrx_word' id='word_1_345' title='bbox 927 3772 1019 3825; x_wconf 90' lang='lat' dir='ltr'><strong><em>Dei</em></strong></span> <span class='ocrx_word' id='word_1_346' title='bbox 1047 3790 1226 3826; x_wconf 88' lang='lat' dir='ltr'><strong><em>severa</em></strong></span> <span class='ocrx_word' id='word_1_347' title='bbox 1258 3767 1437 3826; x_wconf 46' lang='lat' dir='ltr'><strong><em>iu&#39;nos</em></strong></span> <span class='ocrx_word' id='word_1_348' title='bbox 1470 3774 1858 3826; x_wconf 75' lang='lat' dir='ltr'><strong><em>animadversio</em></strong></span> <span class='ocrx_word' id='word_1_349' title='bbox 1889 3787 2069 3824; x_wconf 88' lang='lat' dir='ltr'><strong><em>eorum</em></strong></span> <span class='ocrx_word' id='word_1_350' title='bbox 2099 3771 2188 3836; x_wconf 87' lang='lat' dir='ltr'><strong><em>qui</em></strong></span> <span class='ocrx_word' id='word_1_351' title='bbox 2217 3767 2326 3835; x_wconf 78' lang='lat' dir='ltr'><strong><em>[or-</em></strong></span> 
     </span>
    </p>
   </div>
   <div class='ocr_carea' id='block_1_52' title="bbox 755 3839 2326 3908">
    <p class='ocr_par' dir='ltr' id='par_1_52' title="bbox 755 3839 2326 3908">
     <span class='ocr_line' id='line_1_52' title="bbox 755 3839 2326 3908; baseline -0.001 -18"><span class='ocrx_word' id='word_1_352' title='bbox 755 3844 880 3894; x_wconf 90' lang='lat' dir='ltr'><strong><em>titer</em></strong></span> <span class='ocrx_word' id='word_1_353' title='bbox 904 3845 1134 3896; x_wconf 88' lang='lat' dir='ltr'><strong><em>hostibus</em></strong></span> <span class='ocrx_word' id='word_1_354' title='bbox 1167 3844 1473 3897; x_wconf 77' lang='lat' dir='ltr'><strong><em>resistebant</em></strong></span> <span class='ocrx_word' id='word_1_355' title='bbox 1499 3845 1920 3896; x_wconf 87' lang='lat' dir='ltr'><strong><em>strenuissimum</em></strong></span> <span class='ocrx_word' id='word_1_356' title='bbox 1948 3854 2201 3908; x_wconf 84' lang='lat' dir='ltr'><strong><em>quemque</em></strong></span> <span class='ocrx_word' id='word_1_357' title='bbox 2229 3839 2326 3889; x_wconf 90' lang='lat' dir='ltr'><strong><em>Ituc</em></strong></span> 
     </span>
    </p>
   </div>
   <div class='ocr_carea' id='block_1_53' title="bbox 754 3909 2327 3982">
    <p class='ocr_par' dir='ltr' id='par_1_53' title="bbox 754 3909 2327 3982">
     <span class='ocr_line' id='line_1_53' title="bbox 754 3909 2327 3982; baseline -0.004 -18"><span class='ocrx_word' id='word_1_358' title='bbox 754 3921 913 3980; x_wconf 85' lang='lat' dir='ltr'><strong><em>atque</em></strong></span> <span class='ocrx_word' id='word_1_359' title='bbox 953 3913 1081 3964; x_wconf 89' lang='lat' dir='ltr'><strong><em>illac</em></strong></span> <span class='ocrx_word' id='word_1_360' title='bbox 1120 3915 1458 3976; x_wconf 86' lang='lat' dir='ltr'><strong><em>dissipasset.</em></strong></span> <span class='ocrx_word' id='word_1_361' title='bbox 1499 3922 1546 3965; x_wconf 92' lang='lat' dir='ltr'><strong><em>et</em></strong></span> <span class='ocrx_word' id='word_1_362' title='bbox 1590 3912 1842 3982; x_wconf 77' lang='lat' dir='ltr'><strong><em>inclytum</em></strong></span> <span class='ocrx_word' id='word_1_363' title='bbox 1889 3909 2168 3981; x_wconf 78' lang='lat' dir='ltr'><strong><em>patricium</em></strong></span> <span class='ocrx_word' id='word_1_364' title='bbox 2208 3924 2327 3982; x_wconf 82' lang='lat' dir='ltr'><strong><em>cum</em></strong></span> 
     </span>
    </p>
   </div>
   <div class='ocr_carea' id='block_1_54' title="bbox 755 3979 2329 4050">
    <p class='ocr_par' dir='ltr' id='par_1_54' title="bbox 755 3979 2329 4050">
     <span class='ocr_line' id='line_1_54' title="bbox 755 3979 2329 4050; baseline -0.001 -18"><span class='ocrx_word' id='word_1_365' title='bbox 755 3979 870 4048; x_wconf 81' lang='lat' dir='ltr'><strong><em>ejus</em></strong></span> <span class='ocrx_word' id='word_1_366' title='bbox 899 3983 1337 4036; x_wconf 84' lang='lat' dir='ltr'><strong><em>commilitonibus</em></strong></span> <span class='ocrx_word' id='word_1_367' title='bbox 1371 3985 1441 4036; x_wconf 90' lang='lat' dir='ltr'><strong><em>ad</em></strong></span> <span class='ocrx_word' id='word_1_368' title='bbox 1473 3979 2054 4050; x_wconf 52' lang='lat' dir='ltr'><strong><em>corpora&#39;procurauda</em></strong></span> <span class='ocrx_word' id='word_1_369' title='bbox 2080 3997 2112 4031; x_wconf 92' lang='lat' dir='ltr'><strong><em>a</em></strong></span> <span class='ocrx_word' id='word_1_370' title='bbox 2149 3979 2329 4050; x_wconf 68' lang='lat' dir='ltr'><strong><em>unsui-</em></strong></span> 
     </span>
    </p>
   </div>
   <div class='ocr_carea' id='block_1_55' title="bbox 754 4049 2328 4119">
    <p class='ocr_par' dir='ltr' id='par_1_55' title="bbox 754 4049 2328 4119">
     <span class='ocr_line' id='line_1_55' title="bbox 754 4049 2328 4119; baseline -0.003 -16"><span class='ocrx_word' id='word_1_371' title='bbox 754 4052 849 4105; x_wconf 88' lang='lat' dir='ltr'><strong><em>bus</em></strong></span> <span class='ocrx_word' id='word_1_372' title='bbox 880 4054 932 4104; x_wconf 90' lang='lat' dir='ltr'><strong><em>in</em></strong></span> <span class='ocrx_word' id='word_1_373' title='bbox 960 4055 1138 4105; x_wconf 85' lang='lat' dir='ltr'><strong><em>doaios</em></strong></span> <span class='ocrx_word' id='word_1_374' title='bbox 1161 4055 1399 4119; x_wconf 90' lang='lat' dir='ltr'><strong><em>proprias</em></strong></span> <span class='ocrx_word' id='word_1_375' title='bbox 1426 4049 2097 4111; x_wconf 47' lang='lat' dir='ltr'><strong><em>avocasschb&#39;arbarorum</em></strong></span> <span class='ocrx_word' id='word_1_376' title='bbox 2125 4049 2328 4100; x_wconf 88' lang='lat' dir='ltr'><strong><em>animos</em></strong></span> 
     </span>
    </p>
   </div>
   <div class='ocr_carea' id='block_1_56' title="bbox 755 4121 2326 4192">
    <p class='ocr_par' dir='ltr' id='par_1_56' title="bbox 755 4121 2326 4192">
     <span class='ocr_line' id='line_1_56' title="bbox 755 4121 2326 4192; baseline -0.003 -19"><span class='ocrx_word' id='word_1_377' title='bbox 755 4123 965 4185; x_wconf 83' lang='lat' dir='ltr'><strong><em>impulit</em></strong></span> <span class='ocrx_word' id='word_1_378' title='bbox 1006 4133 1062 4173; x_wconf 91' lang='lat' dir='ltr'><strong><em>ut</em></strong></span> <span class='ocrx_word' id='word_1_379' title='bbox 1094 4125 1163 4174; x_wconf 89' lang='lat' dir='ltr'><strong><em>ad</em></strong></span> <span class='ocrx_word' id='word_1_380' title='bbox 1201 4125 1419 4192; x_wconf 79' lang='lat' dir='ltr'><strong><em>fatalem</em></strong></span> <span class='ocrx_word' id='word_1_381' title='bbox 1464 4124 1616 4176; x_wconf 88' lang='lat' dir='ltr'><strong><em>illaut</em></strong></span> <span class='ocrx_word' id='word_1_382' title='bbox 1661 4123 1882 4178; x_wconf 86' lang='lat' dir='ltr'><strong><em>turrim.</em></strong></span> <span class='ocrx_word' id='word_1_383' title='bbox 1934 4121 1996 4192; x_wconf 85' lang='lat' dir='ltr'><strong><em>de</em></strong></span> <span class='ocrx_word' id='word_1_384' title='bbox 2021 4133 2326 4192; x_wconf 70' lang='lat' dir='ltr'><strong><em>gausape-</em></strong></span> 
     </span>
    </p>
   </div>
   <div class='ocr_carea' id='block_1_57' title="bbox 765 4188 2328 4260">
    <p class='ocr_par' dir='ltr' id='par_1_57' title="bbox 765 4188 2328 4260">
     <span class='ocr_line' id='line_1_57' title="bbox 765 4188 2328 4260; baseline -0.003 -17"><span class='ocrx_word' id='word_1_385' title='bbox 765 4195 902 4255; x_wconf 87' lang='lat' dir='ltr'><strong><em>rius,</em></strong></span> <span class='ocrx_word' id='word_1_386' title='bbox 933 4188 1247 4245; x_wconf 85' lang='lat' dir='ltr'><strong><em>obsidionem</em></strong></span> <span class='ocrx_word' id='word_1_387' title='bbox 1278 4195 1627 4260; x_wconf 86' lang='lat' dir='ltr'><strong><em>integrareut,</em></strong></span> <span class='ocrx_word' id='word_1_388' title='bbox 1663 4194 1916 4244; x_wconf 69' lang='lat' dir='ltr'><strong><em>machinis</em></strong></span> <span class='ocrx_word' id='word_1_389' title='bbox 1951 4190 2071 4260; x_wconf 89' lang='lat' dir='ltr'><strong><em>illis_</em></strong></span> <span class='ocrx_word' id='word_1_390' title='bbox 2087 4188 2328 4260; x_wconf 73' lang='lat' dir='ltr'><strong><em>adhibitis</em></strong></span> 
     </span>
    </p>
   </div>
   <div class='ocr_carea' id='block_1_58' title="bbox 769 4258 2330 4333">
    <p class='ocr_par' dir='ltr' id='par_1_58' title="bbox 769 4258 2330 4333">
     <span class='ocr_line' id='line_1_58' title="bbox 769 4258 2330 4333; baseline -0.004 -18"><span class='ocrx_word' id='word_1_391' title='bbox 769 4272 887 4329; x_wconf 56' lang='lat' dir='ltr'><strong><em>quat</em></strong></span> <span class='ocrx_word' id='word_1_392' title='bbox 925 4265 995 4315; x_wconf 90' lang='lat' dir='ltr'><strong><em>ad</em></strong></span> <span class='ocrx_word' id='word_1_393' title='bbox 1040 4262 1274 4330; x_wconf 83' lang='lat' dir='ltr'><strong><em>lapidum</em></strong></span> <span class='ocrx_word' id='word_1_394' title='bbox 1325 4258 1606 4333; x_wconf 77' lang='lat' dir='ltr'><strong><em>projectum</em></strong></span> <span class='ocrx_word' id='word_1_395' title='bbox 1660 4266 1776 4313; x_wconf 69' lang='lat' dir='ltr'><strong><em>usui</em></strong></span> <span class='ocrx_word' id='word_1_396' title='bbox 1816 4272 1985 4312; x_wconf 84' lang='lat' dir='ltr'><strong><em>erant.</em></strong></span> <span class='ocrx_word' id='word_1_397' title='bbox 2033 4258 2330 4333; x_wconf 39' lang='lat' dir='ltr'><strong><em>Taliueuim</em></strong></span> 
     </span>
    </p>
   </div>
   <div class='ocr_carea' id='block_1_59' title="bbox 768 4326 2332 4398">
    <p class='ocr_par' dir='ltr' id='par_1_59' title="bbox 768 4326 2332 4398">
     <span class='ocr_line' id='line_1_59' title="bbox 768 4326 2332 4398; baseline -0.004 -13"><span class='ocrx_word' id='word_1_398' title='bbox 768 4326 969 4386; x_wconf 83' lang='lat' dir='ltr'><strong><em>ludicro</em></strong></span> <span class='ocrx_word' id='word_1_399' title='bbox 999 4326 1272 4398; x_wconf 72' lang='lat' dir='ltr'><strong><em>parricida:</em></strong></span> <span class='ocrx_word' id='word_1_400' title='bbox 1312 4333 1386 4385; x_wconf 83' lang='lat' dir='ltr'><strong><em>illi</em></strong></span> <span class='ocrx_word' id='word_1_401' title='bbox 1409 4326 1598 4386; x_wconf 68' lang='lat' dir='ltr'><strong><em>urbem</em></strong></span> <span class='ocrx_word' id='word_1_402' title='bbox 1637 4333 1939 4386; x_wconf 86' lang='lat' dir='ltr'><strong><em>invadentes</em></strong></span> <span class='ocrx_word' id='word_1_403' title='bbox 1966 4344 2076 4382; x_wconf 87' lang='lat' dir='ltr'><strong><em>sese</em></strong></span> <span class='ocrx_word' id='word_1_404' title='bbox 2105 4326 2332 4380; x_wconf 86' lang='lat' dir='ltr'><strong><em>oblecta-</em></strong></span> 
     </span>
    </p>
   </div>
   <div class='ocr_carea' id='block_1_60' title="bbox 763 4397 2332 4470">
    <p class='ocr_par' dir='ltr' id='par_1_60' title="bbox 763 4397 2332 4470">
     <span class='ocr_line' id='line_1_60' title="bbox 763 4397 2332 4470; baseline -0.005 -14"><span class='ocrx_word' id='word_1_405' title='bbox 763 4406 890 4456; x_wconf 88' lang='lat' dir='ltr'><strong><em>bant</em></strong></span> <span class='ocrx_word' id='word_1_406' title='bbox 921 4418 939 4456; x_wconf 95' lang='lat'><em>:</em></span> <span class='ocrx_word' id='word_1_407' title='bbox 972 4397 1063 4454; x_wconf 85' lang='lat' dir='ltr'><strong><em>nec</em></strong></span> <span class='ocrx_word' id='word_1_408' title='bbox 1091 4419 1219 4453; x_wconf 84' lang='lat' dir='ltr'><strong><em>sane</em></strong></span> <span class='ocrx_word' id='word_1_409' title='bbox 1250 4402 1450 4470; x_wconf 67' lang='lat' dir='ltr'><strong><em>difﬁcili</em></strong></span> <span class='ocrx_word' id='word_1_410' title='bbox 1486 4405 1690 4470; x_wconf 88' lang='lat' dir='ltr'><strong><em>negotio</em></strong></span> <span class='ocrx_word' id='word_1_411' title='bbox 1719 4401 2117 4470; x_wconf 79' lang='lat' dir='ltr'><strong><em>grassabantur,</em></strong></span> <span class='ocrx_word' id='word_1_412' title='bbox 2149 4397 2332 4463; x_wconf 85' lang='lat' dir='ltr'><strong><em>paucis</em></strong></span> 
     </span>
    </p>
   </div>
   <div class='ocr_carea' id='block_1_61' title="bbox 760 4467 2331 4540">
    <p class='ocr_par' dir='ltr' id='par_1_61' title="bbox 760 4467 2331 4540">
     <span class='ocr_line' id='line_1_61' title="bbox 760 4467 2331 4540; baseline -0.006 -14"><span class='ocrx_word' id='word_1_413' title='bbox 760 4474 1045 4526; x_wconf 79' lang='lat' dir='ltr'><strong><em>admodum</em></strong></span> <span class='ocrx_word' id='word_1_414' title='bbox 1087 4467 1313 4524; x_wconf 82' lang='lat' dir='ltr'><strong><em>millibus</em></strong></span> <span class='ocrx_word' id='word_1_415' title='bbox 1343 4467 1748 4525; x_wconf 71' lang='lat' dir='ltr'><strong><em>custodientibns</em></strong></span> <span class='ocrx_word' id='word_1_416' title='bbox 1773 4481 1976 4540; x_wconf 79' lang='lat' dir='ltr'><strong><em>partem</em></strong></span> <span class='ocrx_word' id='word_1_417' title='bbox 2004 4467 2174 4526; x_wconf 86' lang='lat' dir='ltr'><strong><em>illam,</em></strong></span> <span class='ocrx_word' id='word_1_418' title='bbox 2210 4483 2331 4540; x_wconf 77' lang='lat' dir='ltr'><strong><em>pro-</em></strong></span> 
     </span>
    </p>
   </div>
   <div class='ocr_carea' id='block_1_62' title="bbox 2345 1852 2382 1903">
    <p class='ocr_par' dir='ltr' id='par_1_62' title="bbox 2345 1852 2382 1903">
     <span class='ocr_line' id='line_1_62' title="bbox 2345 1852 2382 1903; baseline -0.081 0"><span class='ocrx_word' id='word_1_419' title='bbox 2345 1852 2382 1903; x_wconf 79' lang='lat' dir='ltr'><strong><em>lt</em></strong></span> 
     </span>
    </p>
   </div>
   <div class='ocr_carea' id='block_1_63' title="bbox 2349 3190 2388 3245">
    <p class='ocr_par' dir='ltr' id='par_1_63' title="bbox 2349 3190 2388 3245">
     <span class='ocr_line' id='line_1_63' title="bbox 2349 3190 2388 3245; baseline 0 0"><span class='ocrx_word' id='word_1_420' title='bbox 2349 3190 2388 3245; x_wconf 81' lang='lat' dir='ltr'><strong><em>C</em></strong></span> 
     </span>
    </p>
   </div>
   <div class='ocr_carea' id='block_1_64' title="bbox 2406 966 3989 1024">
    <p class='ocr_par' dir='ltr' id='par_1_64' title="bbox 2406 966 3989 1024">
     <span class='ocr_line' id='line_1_64' title="bbox 2406 966 3989 1024; baseline -0.003 -3"><span class='ocrx_word' id='word_1_421' title='bbox 2406 973 2535 1023; x_wconf 87' lang='lat' dir='ltr'><strong><em>toris</em></strong></span> <span class='ocrx_word' id='word_1_422' title='bbox 2581 970 2708 1024; x_wconf 74' lang='lat' dir='ltr'><strong><em>tedis</em></strong></span> <span class='ocrx_word' id='word_1_423' title='bbox 2749 967 3058 1021; x_wconf 51' lang='lat' dir='ltr'><strong><em>vestibulum</em></strong></span> <span class='ocrx_word' id='word_1_424' title='bbox 3105 976 3290 1020; x_wconf 86' lang='lat' dir='ltr'><strong><em>contra</em></strong></span> <span class='ocrx_word' id='word_1_425' title='bbox 3323 983 3407 1019; x_wconf 83' lang='lat' dir='ltr'><strong><em>eos</em></strong></span> <span class='ocrx_word' id='word_1_426' title='bbox 3450 969 3614 1020; x_wconf 84' lang='lat' dir='ltr'><strong><em>aciem</em></strong></span> <span class='ocrx_word' id='word_1_427' title='bbox 3657 966 3989 1019; x_wconf 81' lang='lat' dir='ltr'><strong><em>instruebant</em></strong></span> 
     </span>
    </p>
   </div>
   <div class='ocr_carea' id='block_1_65' title="bbox 2405 1036 3986 1104">
    <p class='ocr_par' dir='ltr' id='par_1_65' title="bbox 2405 1036 3986 1104">
     <span class='ocr_line' id='line_1_65' title="bbox 2405 1036 3986 1104; baseline -0.004 -14"><span class='ocrx_word' id='word_1_428' title='bbox 2405 1044 2474 1091; x_wconf 91' lang='lat' dir='ltr'><strong><em>ad</em></strong></span> <span class='ocrx_word' id='word_1_429' title='bbox 2502 1057 2661 1093; x_wconf 88' lang='lat' dir='ltr'><strong><em>unum</em></strong></span> <span class='ocrx_word' id='word_1_430' title='bbox 2696 1040 2991 1094; x_wconf 83' lang='lat' dir='ltr'><strong><em>trucidatis.</em></strong></span> <span class='ocrx_word' id='word_1_431' title='bbox 3023 1055 3214 1104; x_wconf 85' lang='lat' dir='ltr'><strong><em>magno</em></strong></span> <span class='ocrx_word' id='word_1_432' title='bbox 3242 1038 3472 1100; x_wconf 82' lang='lat' dir='ltr'><strong><em>impulsu</em></strong></span> <span class='ocrx_word' id='word_1_433' title='bbox 3503 1036 3686 1089; x_wconf 70' lang='lat' dir='ltr'><strong><em>valvas</em></strong></span> <span class='ocrx_word' id='word_1_434' title='bbox 3717 1038 3986 1101; x_wconf 76' lang='lat' dir='ltr'><strong><em>aperiunt.</em></strong></span> 
     </span>
    </p>
   </div>
   <div class='ocr_carea' id='block_1_66' title="bbox 2404 1107 3987 1178">
    <p class='ocr_par' dir='ltr' id='par_1_66' title="bbox 2404 1107 3987 1178">
     <span class='ocr_line' id='line_1_66' title="bbox 2404 1107 3987 1178; baseline -0.002 -19"><span class='ocrx_word' id='word_1_435' title='bbox 2404 1113 2759 1178; x_wconf 71' lang='lat' dir='ltr'><strong><em>templumque</em></strong></span> <span class='ocrx_word' id='word_1_436' title='bbox 2790 1113 3011 1178; x_wconf 80' lang='lat' dir='ltr'><strong><em>subeunt</em></strong></span> <span class='ocrx_word' id='word_1_437' title='bbox 3046 1109 3237 1160; x_wconf 83' lang='lat' dir='ltr'><strong><em>strictis</em></strong></span> <span class='ocrx_word' id='word_1_438' title='bbox 3276 1108 3486 1161; x_wconf 77' lang='lat' dir='ltr'><strong><em>ensibus</em></strong></span> <span class='ocrx_word' id='word_1_439' title='bbox 3529 1107 3716 1178; x_wconf 63' lang='lat' dir='ltr'><strong><em>crebro</em></strong></span> <span class='ocrx_word' id='word_1_440' title='bbox 3754 1107 3987 1156; x_wconf 78' lang='lat' dir='ltr'><strong><em>enlieli&#39;u</em></strong></span> 
     </span>
    </p>
   </div>
   <div class='ocr_carea' id='block_1_67' title="bbox 2402 1177 3986 1245">
    <p class='ocr_par' dir='ltr' id='par_1_67' title="bbox 2402 1177 3986 1245">
     <span class='ocr_line' id='line_1_67' title="bbox 2402 1177 3986 1245; baseline -0.004 -10"><span class='ocrx_word' id='word_1_441' title='bbox 2402 1183 2572 1234; x_wconf 77' lang='lat' dir='ltr'><strong><em>irtncm</em></strong></span> <span class='ocrx_word' id='word_1_442' title='bbox 2609 1177 2828 1232; x_wconf 85' lang='lat' dir='ltr'><strong><em>naribus</em></strong></span> <span class='ocrx_word' id='word_1_443' title='bbox 2873 1177 3140 1244; x_wconf 77' lang='lat' dir='ltr'><strong><em>oculisque</em></strong></span> <span class='ocrx_word' id='word_1_444' title='bbox 3171 1181 3454 1244; x_wconf 75' lang='lat' dir='ltr'><strong><em>spirantes.</em></strong></span> <span class='ocrx_word' id='word_1_445' title='bbox 3497 1177 3625 1245; x_wconf 82' lang='lat' dir='ltr'><strong><em>Tum</em></strong></span> <span class='ocrx_word' id='word_1_446' title='bbox 3662 1193 3785 1227; x_wconf 70' lang='lat' dir='ltr'><strong><em>vero</em></strong></span> <span class='ocrx_word' id='word_1_447' title='bbox 3818 1179 3986 1228; x_wconf 77' lang='lat' dir='ltr'><strong><em>omnis</em></strong></span> 
     </span>
    </p>
   </div>
   <div class='ocr_carea' id='block_1_68' title="bbox 2403 1247 3982 1315">
    <p class='ocr_par' dir='ltr' id='par_1_68' title="bbox 2403 1247 3982 1315">
     <span class='ocr_line' id='line_1_68' title="bbox 2403 1247 3982 1315; baseline -0.004 -13"><span class='ocrx_word' id='word_1_448' title='bbox 2403 1265 2532 1304; x_wconf 83' lang='lat' dir='ltr'><strong><em>u&#39;tas</em></strong></span> <span class='ocrx_word' id='word_1_449' title='bbox 2569 1255 2742 1303; x_wconf 51' lang='lat' dir='ltr'><strong><em>eodem</em></strong></span> <span class='ocrx_word' id='word_1_450' title='bbox 2779 1251 3026 1315; x_wconf 80' lang='lat' dir='ltr'><strong><em>temporis</em></strong></span> <span class='ocrx_word' id='word_1_451' title='bbox 3051 1260 3309 1300; x_wconf 84' lang='lat' dir='ltr'><strong><em>momento</em></strong></span> <span class='ocrx_word' id='word_1_452' title='bbox 3342 1251 3392 1300; x_wconf 90' lang='lat' dir='ltr'><strong><em>in</em></strong></span> <span class='ocrx_word' id='word_1_453' title='bbox 3427 1251 3536 1301; x_wconf 86' lang='lat' dir='ltr'><strong><em>acie</em></strong></span> <span class='ocrx_word' id='word_1_454' title='bbox 3566 1247 3729 1309; x_wconf 79' lang='lat' dir='ltr'><strong><em>gladii</em></strong></span> <span class='ocrx_word' id='word_1_455' title='bbox 3763 1249 3982 1304; x_wconf 60' lang='lat' dir='ltr'><strong><em>corruit,</em></strong></span> 
     </span>
    </p>
   </div>
   <div class='ocr_carea' id='block_1_69' title="bbox 2405 1315 3986 1387">
    <p class='ocr_par' dir='ltr' id='par_1_69' title="bbox 2405 1315 3986 1387">
     <span class='ocr_line' id='line_1_69' title="bbox 2405 1315 3986 1387; baseline -0.001 -16"><span class='ocrx_word' id='word_1_456' title='bbox 2405 1323 2664 1387; x_wconf 70' lang='lat' dir='ltr'><strong><em>principes</em></strong></span> <span class='ocrx_word' id='word_1_457' title='bbox 2710 1327 2757 1370; x_wconf 83' lang='lat' dir='ltr'><strong><em>et</em></strong></span> <span class='ocrx_word' id='word_1_458' title='bbox 2797 1335 2974 1372; x_wconf 80' lang='lat' dir='ltr'><strong><em>omnes</em></strong></span> <span class='ocrx_word' id='word_1_459' title='bbox 3012 1320 3217 1382; x_wconf 80' lang='lat' dir='ltr'><strong><em>judices</em></strong></span> <span class='ocrx_word' id='word_1_460' title='bbox 3257 1328 3414 1371; x_wconf 73' lang='lat' dir='ltr'><strong><em>terra:</em></strong></span> <span class='ocrx_word' id='word_1_461' title='bbox 3453 1318 3615 1387; x_wconf 90' lang='lat' dir='ltr'><strong><em>(quod</em></strong></span> <span class='ocrx_word' id='word_1_462' title='bbox 3655 1318 3709 1368; x_wconf 90' lang='lat' dir='ltr'><strong><em>in</em></strong></span> <span class='ocrx_word' id='word_1_463' title='bbox 3754 1315 3986 1369; x_wconf 77' lang='lat' dir='ltr'><strong><em>Psalmis</em></strong></span> 
     </span>
    </p>
   </div>
   <div class='ocr_carea' id='block_1_70' title="bbox 2405 1389 3984 1455">
    <p class='ocr_par' dir='ltr' id='par_1_70' title="bbox 2405 1389 3984 1455">
     <span class='ocr_line' id='line_1_70' title="bbox 2405 1389 3984 1455; baseline -0.003 -14"><span class='ocrx_word' id='word_1_464' title='bbox 2405 1409 2594 1444; x_wconf 84' lang='lat' dir='ltr'><strong><em>canere</em></strong></span> <span class='ocrx_word' id='word_1_465' title='bbox 2621 1389 2870 1450; x_wconf 70' lang='lat' dir='ltr'><strong><em>solemus)</em></strong></span> <span class='ocrx_word' id='word_1_466' title='bbox 2894 1391 3109 1455; x_wconf 81' lang='lat' dir='ltr'><strong><em>juvenes</em></strong></span> <span class='ocrx_word' id='word_1_467' title='bbox 3137 1400 3181 1440; x_wconf 90' lang='lat' dir='ltr'><strong><em>et</em></strong></span> <span class='ocrx_word' id='word_1_468' title='bbox 3213 1391 3459 1454; x_wconf 79' lang='lat' dir='ltr'><strong><em>virgines.</em></strong></span> <span class='ocrx_word' id='word_1_469' title='bbox 3490 1404 3637 1440; x_wconf 80' lang='lat' dir='ltr'><strong><em>senes</em></strong></span> <span class='ocrx_word' id='word_1_470' title='bbox 3663 1403 3779 1438; x_wconf 90' lang='lat' dir='ltr'><strong><em>cum</em></strong></span> <span class='ocrx_word' id='word_1_471' title='bbox 3799 1389 3984 1451; x_wconf 80' lang='lat' dir='ltr'><strong><em>junio-</em></strong></span> 
     </span>
    </p>
   </div>
   <div class='ocr_carea' id='block_1_71' title="bbox 2407 1458 3984 1526">
    <p class='ocr_par' dir='ltr' id='par_1_71' title="bbox 2407 1458 3984 1526">
     <span class='ocr_line' id='line_1_71' title="bbox 2407 1458 3984 1526; baseline -0.003 -14"><span class='ocrx_word' id='word_1_472' title='bbox 2407 1463 2579 1521; x_wconf 87' lang='lat' dir='ltr'><strong><em>ribus.</em></strong></span> <span class='ocrx_word' id='word_1_473' title='bbox 2624 1461 2964 1512; x_wconf 82' lang='lat' dir='ltr'><strong><em>monasticam</em></strong></span> <span class='ocrx_word' id='word_1_474' title='bbox 3005 1460 3251 1526; x_wconf 77' lang='lat' dir='ltr'><strong><em>proles-si,</em></strong></span> <span class='ocrx_word' id='word_1_475' title='bbox 3287 1469 3398 1511; x_wconf 82' lang='lat' dir='ltr'><strong><em>tum</em></strong></span> <span class='ocrx_word' id='word_1_476' title='bbox 3443 1458 3784 1510; x_wconf 88' lang='lat' dir='ltr'><strong><em>matrimonio</em></strong></span> <span class='ocrx_word' id='word_1_477' title='bbox 3819 1473 3984 1522; x_wconf 83' lang='lat' dir='ltr'><strong><em>copit—</em></strong></span> 
     </span>
    </p>
   </div>
   <div class='ocr_carea' id='block_1_72' title="bbox 2408 1527 3987 1597">
    <p class='ocr_par' dir='ltr' id='par_1_72' title="bbox 2408 1527 3987 1597">
     <span class='ocr_line' id='line_1_72' title="bbox 2408 1527 3987 1597; baseline -0.003 -15"><span class='ocrx_word' id='word_1_478' title='bbox 2408 1532 2535 1590; x_wconf 88' lang='lat' dir='ltr'><strong><em>luti.</em></strong></span> <span class='ocrx_word' id='word_1_479' title='bbox 2573 1531 2866 1584; x_wconf 76' lang='lat' dir='ltr'><strong><em>sacerdotes</em></strong></span> <span class='ocrx_word' id='word_1_480' title='bbox 2907 1539 2956 1582; x_wconf 88' lang='lat' dir='ltr'><strong><em>et</em></strong></span> <span class='ocrx_word' id='word_1_481' title='bbox 3004 1530 3261 1597; x_wconf 83' lang='lat' dir='ltr'><strong><em>papulas.</em></strong></span> <span class='ocrx_word' id='word_1_482' title='bbox 3306 1545 3484 1580; x_wconf 77' lang='lat' dir='ltr'><strong><em>seri-us</em></strong></span> <span class='ocrx_word' id='word_1_483' title='bbox 3514 1538 3561 1580; x_wconf 78' lang='lat' dir='ltr'><strong><em>et</em></strong></span> <span class='ocrx_word' id='word_1_484' title='bbox 3602 1527 3749 1586; x_wconf 86' lang='lat' dir='ltr'><strong><em>liber,</em></strong></span> <span class='ocrx_word' id='word_1_485' title='bbox 3793 1529 3987 1591; x_wconf 81' lang='lat' dir='ltr'><strong><em>quique</em></strong></span> 
     </span>
    </p>
   </div>
   <div class='ocr_carea' id='block_1_73' title="bbox 2408 1599 3983 1666">
    <p class='ocr_par' dir='ltr' id='par_1_73' title="bbox 2408 1599 3983 1666">
     <span class='ocr_line' id='line_1_73' title="bbox 2408 1599 3983 1666; baseline -0.006 -12"><span class='ocrx_word' id='word_1_486' title='bbox 2408 1604 2458 1654; x_wconf 91' lang='lat' dir='ltr'><strong><em>in</em></strong></span> <span class='ocrx_word' id='word_1_487' title='bbox 2494 1601 2637 1654; x_wconf 79' lang='lat' dir='ltr'><strong><em>lectis</em></strong></span> <span class='ocrx_word' id='word_1_488' title='bbox 2678 1600 2841 1651; x_wconf 87' lang='lat' dir='ltr'><strong><em>multo</em></strong></span> <span class='ocrx_word' id='word_1_489' title='bbox 2873 1600 2991 1666; x_wconf 82' lang='lat' dir='ltr'><strong><em>jam</em></strong></span> <span class='ocrx_word' id='word_1_490' title='bbox 3033 1611 3264 1665; x_wconf 83' lang='lat' dir='ltr'><strong><em>tempore</em></strong></span> <span class='ocrx_word' id='word_1_491' title='bbox 3294 1599 3669 1652; x_wconf 83' lang='lat' dir='ltr'><strong><em>valetudinarii</em></strong></span> <span class='ocrx_word' id='word_1_492' title='bbox 3704 1599 3983 1648; x_wconf 67' lang='lat' dir='ltr'><strong><em>decumbe-</em></strong></span> 
     </span>
    </p>
   </div>
   <div class='ocr_carea' id='block_1_74' title="bbox 2407 1667 3984 1737">
    <p class='ocr_par' dir='ltr' id='par_1_74' title="bbox 2407 1667 3984 1737">
     <span class='ocr_line' id='line_1_74' title="bbox 2407 1667 3984 1737; baseline -0.005 -13"><span class='ocrx_word' id='word_1_493' title='bbox 2407 1673 2554 1724; x_wconf 90' lang='lat' dir='ltr'><strong><em>bant.</em></strong></span> <span class='ocrx_word' id='word_1_494' title='bbox 2590 1671 2726 1725; x_wconf 82' lang='lat' dir='ltr'><strong><em>Nam</em></strong></span> <span class='ocrx_word' id='word_1_495' title='bbox 2761 1686 2824 1722; x_wconf 83' lang='lat' dir='ltr'><strong><em>ne</em></strong></span> <span class='ocrx_word' id='word_1_496' title='bbox 2862 1673 2939 1722; x_wconf 86' lang='lat' dir='ltr'><strong><em>his</em></strong></span> <span class='ocrx_word' id='word_1_497' title='bbox 2969 1669 3176 1737; x_wconf 80' lang='lat' dir='ltr'><strong><em>quidem</em></strong></span> <span class='ocrx_word' id='word_1_498' title='bbox 3213 1685 3457 1736; x_wconf 57' lang='lat' dir='ltr'><strong><em>parcere,</em></strong></span> <span class='ocrx_word' id='word_1_499' title='bbox 3511 1667 3646 1720; x_wconf 82' lang='lat' dir='ltr'><strong><em>Deus</em></strong></span> <span class='ocrx_word' id='word_1_500' title='bbox 3672 1667 3822 1723; x_wconf 85' lang='lat' dir='ltr'><strong><em>bone.</em></strong></span> <span class='ocrx_word' id='word_1_501' title='bbox 3861 1683 3984 1718; x_wconf 87' lang='lat' dir='ltr'><strong><em>car-</em></strong></span> 
     </span>
    </p>
   </div>
   <div class='ocr_carea' id='block_1_75' title="bbox 2410 1739 3988 1805">
    <p class='ocr_par' dir='ltr' id='par_1_75' title="bbox 2410 1739 3988 1805">
     <span class='ocr_line' id='line_1_75' title="bbox 2410 1739 3988 1805; baseline -0.003 -11"><span class='ocrx_word' id='word_1_502' title='bbox 2410 1742 2586 1805; x_wconf 78' lang='lat' dir='ltr'><strong><em>ui/iccs</em></strong></span> <span class='ocrx_word' id='word_1_503' title='bbox 2611 1741 2689 1794; x_wconf 88' lang='lat' dir='ltr'><strong><em>illi</em></strong></span> <span class='ocrx_word' id='word_1_504' title='bbox 2715 1743 3005 1795; x_wconf 86' lang='lat' dir='ltr'><strong><em>didicerunt</em></strong></span> <span class='ocrx_word' id='word_1_505' title='bbox 3029 1759 3043 1792; x_wconf 90' lang='lat'><em>:</em></span> <span class='ocrx_word' id='word_1_506' title='bbox 3073 1741 3284 1791; x_wconf 89' lang='lat' dir='ltr'><strong><em>animus</em></strong></span> <span class='ocrx_word' id='word_1_507' title='bbox 3307 1741 3444 1790; x_wconf 85' lang='lat' dir='ltr'><strong><em>enim</em></strong></span> <span class='ocrx_word' id='word_1_508' title='bbox 3469 1739 3688 1790; x_wconf 87' lang='lat' dir='ltr'><strong><em>humani</em></strong></span> <span class='ocrx_word' id='word_1_509' title='bbox 3713 1739 3988 1804; x_wconf 84' lang='lat' dir='ltr'><strong><em>sanguinis</em></strong></span> 
     </span>
    </p>
   </div>
   <div class='ocr_carea' id='block_1_76' title="bbox 2411 1809 3984 1876">
    <p class='ocr_par' dir='ltr' id='par_1_76' title="bbox 2411 1809 3984 1876">
     <span class='ocr_line' id='line_1_76' title="bbox 2411 1809 3984 1876; baseline -0.003 -12"><span class='ocrx_word' id='word_1_510' title='bbox 2411 1814 2588 1866; x_wconf 88' lang='lat' dir='ltr'><strong><em>sitiens</em></strong></span> <span class='ocrx_word' id='word_1_511' title='bbox 2634 1828 2813 1864; x_wconf 86' lang='lat' dir='ltr'><strong><em>eorum</em></strong></span> <span class='ocrx_word' id='word_1_512' title='bbox 2867 1812 3126 1868; x_wconf 79' lang='lat' dir='ltr'><strong><em>moribus.</em></strong></span> <span class='ocrx_word' id='word_1_513' title='bbox 3175 1811 3261 1875; x_wconf 78' lang='lat' dir='ltr'><strong><em>qui</em></strong></span> <span class='ocrx_word' id='word_1_514' title='bbox 3309 1810 3478 1876; x_wconf 89' lang='lat' dir='ltr'><strong><em>primo</em></strong></span> <span class='ocrx_word' id='word_1_515' title='bbox 3512 1809 3636 1860; x_wconf 91' lang='lat' dir='ltr'><strong><em>irati</em></strong></span> <span class='ocrx_word' id='word_1_516' title='bbox 3681 1817 3984 1868; x_wconf 88' lang='lat' dir='ltr'><strong><em>occurrunt.</em></strong></span> 
     </span>
    </p>
   </div>
   <div class='ocr_carea' id='block_1_77' title="bbox 2415 1877 3984 1938">
    <p class='ocr_par' dir='ltr' id='par_1_77' title="bbox 2415 1877 3984 1938">
     <span class='ocr_line' id='line_1_77' title="bbox 2415 1877 3984 1938; baseline -0.004 -4"><span class='ocrx_word' id='word_1_517' title='bbox 2415 1886 2623 1936; x_wconf 79' lang='lat' dir='ltr'><strong><em>minime</em></strong></span> <span class='ocrx_word' id='word_1_518' title='bbox 2657 1885 2957 1934; x_wconf 79' lang='lat' dir='ltr'><strong><em>satiantur.</em></strong></span> <span class='ocrx_word' id='word_1_519' title='bbox 3006 1881 3136 1933; x_wconf 66' lang='lat' dir='ltr'><strong><em>la‘rat</em></strong></span> <span class='ocrx_word' id='word_1_520' title='bbox 3183 1882 3343 1938; x_wconf 76' lang='lat' dir='ltr'><strong><em>igitur</em></strong></span> <span class='ocrx_word' id='word_1_521' title='bbox 3389 1888 3495 1931; x_wconf 89' lang='lat' dir='ltr'><strong><em>tum</em></strong></span> <span class='ocrx_word' id='word_1_522' title='bbox 3541 1880 3732 1936; x_wconf 86' lang='lat' dir='ltr'><strong><em>videre.</em></strong></span> <span class='ocrx_word' id='word_1_523' title='bbox 3769 1887 3846 1932; x_wconf 88' lang='lat' dir='ltr'><strong><em>(ut</em></strong></span> <span class='ocrx_word' id='word_1_524' title='bbox 3887 1877 3984 1930; x_wconf 79' lang='lat' dir='ltr'><strong><em>So-</em></strong></span> 
     </span>
    </p>
   </div>
   <div class='ocr_carea' id='block_1_78' title="bbox 2413 1949 3984 2022">
    <p class='ocr_par' dir='ltr' id='par_1_78' title="bbox 2413 1949 3984 2022">
     <span class='ocr_line' id='line_1_78' title="bbox 2413 1949 3984 2022; baseline -0.002 -18"><span class='ocrx_word' id='word_1_525' title='bbox 2413 1956 2613 2022; x_wconf 74' lang='lat' dir='ltr'><strong><em>phonite</em></strong></span> <span class='ocrx_word' id='word_1_526' title='bbox 2645 1955 2811 2005; x_wconf 82' lang='lat' dir='ltr'><strong><em>verbis</em></strong></span> <span class='ocrx_word' id='word_1_527' title='bbox 2842 1961 2985 2008; x_wconf 79' lang='lat' dir='ltr'><strong><em>utar)</em></strong></span> <span class='ocrx_word' id='word_1_528' title='bbox 3020 1953 3156 2002; x_wconf 82' lang='lat' dir='ltr'><strong><em>diem</em></strong></span> <span class='ocrx_word' id='word_1_529' title='bbox 3187 1951 3370 2008; x_wconf 86' lang='lat' dir='ltr'><strong><em>ilium.</em></strong></span> <span class='ocrx_word' id='word_1_530' title='bbox 3403 1957 3538 2022; x_wconf 83' lang='lat' dir='ltr'><strong><em>diem</em></strong></span> <span class='ocrx_word' id='word_1_531' title='bbox 3569 1949 3900 2001; x_wconf 87' lang='lat' dir='ltr'><strong><em>calamitatis</em></strong></span> <span class='ocrx_word' id='word_1_532' title='bbox 3934 1958 3984 2001; x_wconf 93' lang='lat' dir='ltr'><strong><em>ct</em></strong></span> 
     </span>
    </p>
   </div>
   <div class='ocr_carea' id='block_1_79' title="bbox 2414 2021 3985 2091">
    <p class='ocr_par' dir='ltr' id='par_1_79' title="bbox 2414 2021 3985 2091">
     <span class='ocr_line' id='line_1_79' title="bbox 2414 2021 3985 2091; baseline -0.003 -15"><span class='ocrx_word' id='word_1_533' title='bbox 2414 2021 2651 2076; x_wconf 67' lang='lat' dir='ltr'><strong><em>mum-5.».</em></strong></span> <span class='ocrx_word' id='word_1_534' title='bbox 2680 2025 2816 2075; x_wconf 86' lang='lat' dir='ltr'><strong><em>diem</em></strong></span> <span class='ocrx_word' id='word_1_535' title='bbox 2845 2024 3097 2091; x_wconf 82' lang='lat' dir='ltr'><strong><em>angustia&#39;</em></strong></span> <span class='ocrx_word' id='word_1_536' title='bbox 3118 2031 3163 2072; x_wconf 83' lang='lat' dir='ltr'><strong><em>et</em></strong></span> <span class='ocrx_word' id='word_1_537' title='bbox 3199 2027 3384 2076; x_wconf 70' lang='lat' dir='ltr'><strong><em>ruinar.</em></strong></span> <span class='ocrx_word' id='word_1_538' title='bbox 3413 2021 3547 2072; x_wconf 78' lang='lat' dir='ltr'><strong><em>client</em></strong></span> <span class='ocrx_word' id='word_1_539' title='bbox 3578 2022 3912 2091; x_wconf 77' lang='lat' dir='ltr'><strong><em>tenebrarum</em></strong></span> <span class='ocrx_word' id='word_1_540' title='bbox 3935 2029 3985 2071; x_wconf 87' lang='lat' dir='ltr'><strong><em>ct</em></strong></span> 
     </span>
    </p>
   </div>
   <div class='ocr_carea' id='block_1_80' title="bbox 2412 2090 3982 2161">
    <p class='ocr_par' dir='ltr' id='par_1_80' title="bbox 2412 2090 3982 2161">
     <span class='ocr_line' id='line_1_80' title="bbox 2412 2090 3982 2161; baseline -0.005 -15"><span class='ocrx_word' id='word_1_541' title='bbox 2412 2095 2673 2161; x_wconf 80' lang='lat' dir='ltr'><strong><em>Caliginis.</em></strong></span> <span class='ocrx_word' id='word_1_542' title='bbox 2710 2094 2829 2146; x_wconf 82' lang='lat' dir='ltr'><strong><em>Post</em></strong></span> <span class='ocrx_word' id='word_1_543' title='bbox 2861 2090 2968 2144; x_wconf 79' lang='lat' dir='ltr'><strong><em>ha&#39;c</em></strong></span> <span class='ocrx_word' id='word_1_544' title='bbox 2996 2101 3171 2143; x_wconf 84' lang='lat' dir='ltr'><strong><em>autem</em></strong></span> <span class='ocrx_word' id='word_1_545' title='bbox 3206 2092 3353 2156; x_wconf 81' lang='lat' dir='ltr'><strong><em>(quid</em></strong></span> <span class='ocrx_word' id='word_1_546' title='bbox 3385 2091 3523 2141; x_wconf 86' lang='lat' dir='ltr'><strong><em>enim</em></strong></span> <span class='ocrx_word' id='word_1_547' title='bbox 3557 2090 3796 2156; x_wconf 89' lang='lat' dir='ltr'><strong><em>pluribus</em></strong></span> <span class='ocrx_word' id='word_1_548' title='bbox 3827 2106 3982 2154; x_wconf 86' lang='lat' dir='ltr'><strong><em>opor-</em></strong></span> 
     </span>
    </p>
   </div>
   <div class='ocr_carea' id='block_1_81' title="bbox 2413 2161 3989 2227">
    <p class='ocr_par' dir='ltr' id='par_1_81' title="bbox 2413 2161 3989 2227">
     <span class='ocr_line' id='line_1_81' title="bbox 2413 2161 3989 2227; baseline -0.003 -12"><span class='ocrx_word' id='word_1_549' title='bbox 2413 2173 2482 2215; x_wconf 66' lang='lat' dir='ltr'><strong><em>tet</em></strong></span> <span class='ocrx_word' id='word_1_550' title='bbox 2507 2205 2518 2218; x_wconf 90' lang='lat'><strong><em>.</em></strong></span> <span class='ocrx_word' id='word_1_551' title='bbox 2559 2164 2769 2222; x_wconf 66' lang='lat' dir='ltr'><strong><em>sinqula</em></strong></span> <span class='ocrx_word' id='word_1_552' title='bbox 2809 2179 2988 2214; x_wconf 84' lang='lat' dir='ltr'><strong><em>eorum</em></strong></span> <span class='ocrx_word' id='word_1_553' title='bbox 3031 2178 3332 2227; x_wconf 59' lang='lat' dir='ltr'><strong><em>percensere</em></strong></span> <span class='ocrx_word' id='word_1_554' title='bbox 3367 2177 3483 2227; x_wconf 76' lang='lat' dir='ltr'><strong><em>qum</em></strong></span> <span class='ocrx_word' id='word_1_555' title='bbox 3528 2161 3794 2225; x_wconf 79' lang='lat' dir='ltr'><strong><em>primariis</em></strong></span> <span class='ocrx_word' id='word_1_556' title='bbox 3846 2161 3989 2211; x_wconf 87' lang='lat' dir='ltr'><strong><em>urbis</em></strong></span> 
     </span>
    </p>
   </div>
   <div class='ocr_carea' id='block_1_82' title="bbox 2413 2229 3989 2296">
    <p class='ocr_par' dir='ltr' id='par_1_82' title="bbox 2413 2229 3989 2296">
     <span class='ocr_line' id='line_1_82' title="bbox 2413 2229 3989 2296; baseline -0.003 -12"><span class='ocrx_word' id='word_1_557' title='bbox 2413 2236 2534 2284; x_wconf 78' lang='lat' dir='ltr'><strong><em>riris</em></strong></span> <span class='ocrx_word' id='word_1_558' title='bbox 2571 2250 2811 2288; x_wconf 79' lang='lat' dir='ltr'><strong><em>creuere.</em></strong></span> <span class='ocrx_word' id='word_1_559' title='bbox 2844 2235 3130 2296; x_wconf 82' lang='lat' dir='ltr'><strong><em>pra&#39;sertiui</em></strong></span> <span class='ocrx_word' id='word_1_560' title='bbox 3170 2248 3283 2282; x_wconf 82' lang='lat' dir='ltr'><strong><em>cum</em></strong></span> <span class='ocrx_word' id='word_1_561' title='bbox 3320 2231 3534 2281; x_wconf 87' lang='lat' dir='ltr'><strong><em>auribus</em></strong></span> <span class='ocrx_word' id='word_1_562' title='bbox 3566 2232 3692 2291; x_wconf 82' lang='lat' dir='ltr'><strong><em>ipsis</em></strong></span> <span class='ocrx_word' id='word_1_563' title='bbox 3712 2272 3722 2282; x_wconf 90' lang='lat'><strong><em>.</em></strong></span> <span class='ocrx_word' id='word_1_564' title='bbox 3771 2245 3836 2278; x_wconf 85' lang='lat' dir='ltr'><strong><em>ne</em></strong></span> <span class='ocrx_word' id='word_1_565' title='bbox 3863 2229 3989 2280; x_wconf 85' lang='lat' dir='ltr'><strong><em>dum</em></strong></span> 
     </span>
    </p>
   </div>
   <div class='ocr_carea' id='block_1_83' title="bbox 2414 2300 3990 2368">
    <p class='ocr_par' dir='ltr' id='par_1_83' title="bbox 2414 2300 3990 2368">
     <span class='ocr_line' id='line_1_83' title="bbox 2414 2300 3990 2368; baseline -0.004 -13"><span class='ocrx_word' id='word_1_566' title='bbox 2414 2305 2604 2355; x_wconf 84' lang='lat' dir='ltr'><strong><em>animis</em></strong></span> <span class='ocrx_word' id='word_1_567' title='bbox 2653 2307 2922 2355; x_wconf 82' lang='lat' dir='ltr'><strong><em>horrerent</em></strong></span> <span class='ocrx_word' id='word_1_568' title='bbox 2965 2303 3270 2355; x_wconf 78' lang='lat' dir='ltr'><strong><em>incutiant?</em></strong></span> <span class='ocrx_word' id='word_1_569' title='bbox 3305 2301 3534 2368; x_wconf 82' lang='lat' dir='ltr'><strong><em>lnclgtus</em></strong></span> <span class='ocrx_word' id='word_1_570' title='bbox 3579 2300 3864 2366; x_wconf 78' lang='lat' dir='ltr'><strong><em>patricius.</em></strong></span> <span class='ocrx_word' id='word_1_571' title='bbox 3899 2301 3990 2365; x_wconf 87' lang='lat' dir='ltr'><strong><em>qui</em></strong></span> 
     </span>
    </p>
   </div>
   <div class='ocr_carea' id='block_1_84' title="bbox 2413 2372 3990 2440">
    <p class='ocr_par' dir='ltr' id='par_1_84' title="bbox 2413 2372 3990 2440">
     <span class='ocr_line' id='line_1_84' title="bbox 2413 2372 3990 2440; baseline -0.004 -15"><span class='ocrx_word' id='word_1_572' title='bbox 2413 2390 2467 2425; x_wconf 86' lang='lat' dir='ltr'><strong><em>se</em></strong></span> <span class='ocrx_word' id='word_1_573' title='bbox 2497 2375 2549 2425; x_wconf 92' lang='lat' dir='ltr'><strong><em>in</em></strong></span> <span class='ocrx_word' id='word_1_574' title='bbox 2588 2390 2758 2425; x_wconf 84' lang='lat' dir='ltr'><strong><em>arcem</em></strong></span> <span class='ocrx_word' id='word_1_575' title='bbox 2798 2375 3083 2440; x_wconf 87' lang='lat' dir='ltr'><strong><em>quamdam</em></strong></span> <span class='ocrx_word' id='word_1_576' title='bbox 3121 2381 3418 2434; x_wconf 75' lang='lat' dir='ltr'><strong><em>receperat.</em></strong></span> <span class='ocrx_word' id='word_1_577' title='bbox 3453 2372 3704 2436; x_wconf 77' lang='lat' dir='ltr'><strong><em>postridie</em></strong></span> <span class='ocrx_word' id='word_1_578' title='bbox 3735 2385 3840 2419; x_wconf 75' lang='lat' dir='ltr'><strong><em>una</em></strong></span> <span class='ocrx_word' id='word_1_579' title='bbox 3871 2387 3990 2420; x_wconf 84' lang='lat' dir='ltr'><strong><em>cum</em></strong></span> 
     </span>
    </p>
   </div>
   <div class='ocr_carea' id='block_1_85' title="bbox 2413 2440 3993 2510">
    <p class='ocr_par' dir='ltr' id='par_1_85' title="bbox 2413 2440 3993 2510">
     <span class='ocr_line' id='line_1_85' title="bbox 2413 2440 3993 2510; baseline -0.003 -16"><span class='ocrx_word' id='word_1_580' title='bbox 2413 2447 2746 2510; x_wconf 76' lang='lat' dir='ltr'><strong><em>scutuuginta</em></strong></span> <span class='ocrx_word' id='word_1_581' title='bbox 2779 2445 2898 2496; x_wconf 76' lang='lat' dir='ltr'><strong><em>viris</em></strong></span> <span class='ocrx_word' id='word_1_582' title='bbox 2934 2445 3076 2496; x_wconf 78' lang='lat' dir='ltr'><strong><em>vivus</em></strong></span> <span class='ocrx_word' id='word_1_583' title='bbox 3103 2443 3328 2508; x_wconf 81' lang='lat' dir='ltr'><strong><em>capitur.</em></strong></span> <span class='ocrx_word' id='word_1_584' title='bbox 3366 2451 3522 2504; x_wconf 82' lang='lat' dir='ltr'><strong><em>atque</em></strong></span> <span class='ocrx_word' id='word_1_585' title='bbox 3554 2451 3736 2492; x_wconf 88' lang='lat' dir='ltr'><strong><em>octavo</em></strong></span> <span class='ocrx_word' id='word_1_586' title='bbox 3772 2441 3834 2489; x_wconf 86' lang='lat' dir='ltr'><strong><em>ab</em></strong></span> <span class='ocrx_word' id='word_1_587' title='bbox 3868 2440 3993 2490; x_wconf 80' lang='lat' dir='ltr'><strong><em>urbe</em></strong></span> 
     </span>
    </p>
   </div>
   <div class='ocr_carea' id='block_1_86' title="bbox 2416 2511 3992 2582">
    <p class='ocr_par' dir='ltr' id='par_1_86' title="bbox 2416 2511 3992 2582">
     <span class='ocr_line' id='line_1_86' title="bbox 2416 2511 3992 2582; baseline -0.003 -19"><span class='ocrx_word' id='word_1_588' title='bbox 2416 2526 2716 2582; x_wconf 70' lang='lat' dir='ltr'><strong><em>expugnata</em></strong></span> <span class='ocrx_word' id='word_1_589' title='bbox 2743 2515 2845 2569; x_wconf 81' lang='lat' dir='ltr'><strong><em>die.</em></strong></span> <span class='ocrx_word' id='word_1_590' title='bbox 2872 2514 3084 2579; x_wconf 86' lang='lat' dir='ltr'><strong><em>capituli</em></strong></span> <span class='ocrx_word' id='word_1_591' title='bbox 3108 2511 3362 2578; x_wconf 79' lang='lat' dir='ltr'><strong><em>supplicio</em></strong></span> <span class='ocrx_word' id='word_1_592' title='bbox 3393 2512 3637 2578; x_wconf 68' lang='lat' dir='ltr'><strong><em>plectitur</em></strong></span> <span class='ocrx_word' id='word_1_593' title='bbox 3694 2511 3845 2570; x_wconf 74' lang='lat' dir='ltr'><strong><em>Quod</em></strong></span> <span class='ocrx_word' id='word_1_594' title='bbox 3873 2513 3992 2582; x_wconf 45' lang='lat' dir='ltr'><strong><em>ouif</em></strong></span> 
     </span>
    </p>
   </div>
   <div class='ocr_carea' id='block_1_87' title="bbox 2415 2580 3994 2651">
    <p class='ocr_par' dir='ltr' id='par_1_87' title="bbox 2415 2580 3994 2651">
     <span class='ocr_line' id='line_1_87' title="bbox 2415 2580 3994 2651; baseline -0.003 -18"><span class='ocrx_word' id='word_1_595' title='bbox 2415 2585 2530 2634; x_wconf 84' lang='lat' dir='ltr'><strong><em>dent</em></strong></span> <span class='ocrx_word' id='word_1_596' title='bbox 2558 2580 2703 2636; x_wconf 78' lang='lat' dir='ltr'><strong><em>adeo</em></strong></span> <span class='ocrx_word' id='word_1_597' title='bbox 2746 2583 2946 2636; x_wconf 68' lang='lat' dir='ltr'><strong><em>excelso</em></strong></span> <span class='ocrx_word' id='word_1_598' title='bbox 2991 2585 3217 2651; x_wconf 79' lang='lat' dir='ltr'><strong><em>fortique</em></strong></span> <span class='ocrx_word' id='word_1_599' title='bbox 3265 2584 3444 2633; x_wconf 87' lang='lat' dir='ltr'><strong><em>animo</em></strong></span> <span class='ocrx_word' id='word_1_600' title='bbox 3491 2582 3736 2642; x_wconf 77' lang='lat' dir='ltr'><strong><em>pertulit.</em></strong></span> <span class='ocrx_word' id='word_1_601' title='bbox 3770 2589 3822 2628; x_wconf 88' lang='lat' dir='ltr'><strong><em>ut</em></strong></span> <span class='ocrx_word' id='word_1_602' title='bbox 3861 2580 3994 2629; x_wconf 67' lang='lat' dir='ltr'><strong><em>nihil</em></strong></span> 
     </span>
    </p>
   </div>
   <div class='ocr_carea' id='block_1_88' title="bbox 2416 2651 3995 2717">
    <p class='ocr_par' dir='ltr' id='par_1_88' title="bbox 2416 2651 3995 2717">
     <span class='ocr_line' id='line_1_88' title="bbox 2416 2651 3995 2717; baseline -0.003 -13"><span class='ocrx_word' id='word_1_603' title='bbox 2416 2653 2638 2711; x_wconf 77' lang='lat' dir='ltr'><strong><em>humile.</em></strong></span> <span class='ocrx_word' id='word_1_604' title='bbox 2679 2654 2808 2706; x_wconf 63' lang='lat' dir='ltr'><strong><em>nihil</em></strong></span> <span class='ocrx_word' id='word_1_605' title='bbox 2841 2671 2935 2706; x_wconf 87' lang='lat' dir='ltr'><strong><em>sua</em></strong></span> <span class='ocrx_word' id='word_1_606' title='bbox 2967 2655 3264 2704; x_wconf 81' lang='lat' dir='ltr'><strong><em>constantia</em></strong></span> <span class='ocrx_word' id='word_1_607' title='bbox 3307 2652 3579 2717; x_wconf 85' lang='lat' dir='ltr'><strong><em>indignum</em></strong></span> <span class='ocrx_word' id='word_1_608' title='bbox 3607 2651 3901 2707; x_wconf 67' lang='lat' dir='ltr'><strong><em>admiserit.</em></strong></span> <span class='ocrx_word' id='word_1_609' title='bbox 3931 2665 3995 2700; x_wconf 89' lang='lat' dir='ltr'><strong><em>ue</em></strong></span> 
     </span>
    </p>
   </div>
   <div class='ocr_carea' id='block_1_89' title="bbox 2419 2723 3996 2791">
    <p class='ocr_par' dir='ltr' id='par_1_89' title="bbox 2419 2723 3996 2791">
     <span class='ocr_line' id='line_1_89' title="bbox 2419 2723 3996 2791; baseline -0.003 -17"><span class='ocrx_word' id='word_1_610' title='bbox 2419 2723 2528 2774; x_wconf 86' lang='lat' dir='ltr'><strong><em>leve</em></strong></span> <span class='ocrx_word' id='word_1_611' title='bbox 2556 2725 2760 2790; x_wconf 84' lang='lat' dir='ltr'><strong><em>quidem</em></strong></span> <span class='ocrx_word' id='word_1_612' title='bbox 2797 2725 3046 2776; x_wconf 86' lang='lat' dir='ltr'><strong><em>timidatis</em></strong></span> <span class='ocrx_word' id='word_1_613' title='bbox 3074 2725 3299 2791; x_wconf 76' lang='lat' dir='ltr'><strong><em>alicujus</em></strong></span> <span class='ocrx_word' id='word_1_614' title='bbox 3328 2731 3698 2791; x_wconf 73' lang='lat' dir='ltr'><strong><em>argumcnlttitt</em></strong></span> <span class='ocrx_word' id='word_1_615' title='bbox 3727 2731 3996 2770; x_wconf 84' lang='lat' dir='ltr'><strong><em>monstra-</em></strong></span> 
     </span>
    </p>
   </div>
   <div class='ocr_carea' id='block_1_90' title="bbox 2417 2790 3992 2860">
    <p class='ocr_par' dir='ltr' id='par_1_90' title="bbox 2417 2790 3992 2860">
     <span class='ocr_line' id='line_1_90' title="bbox 2417 2790 3992 2860; baseline -0.001 -17"><span class='ocrx_word' id='word_1_616' title='bbox 2417 2796 2577 2849; x_wconf 83' lang='lat' dir='ltr'><strong><em>verit.</em></strong></span> <span class='ocrx_word' id='word_1_617' title='bbox 2614 2809 2706 2845; x_wconf 76' lang='lat' dir='ltr'><strong><em>nec</em></strong></span> <span class='ocrx_word' id='word_1_618' title='bbox 2749 2796 2971 2853; x_wconf 89' lang='lat' dir='ltr'><strong><em>mirum.</em></strong></span> <span class='ocrx_word' id='word_1_619' title='bbox 3001 2790 3218 2860; x_wconf 85' lang='lat' dir='ltr'><strong><em>quando</em></strong></span> <span class='ocrx_word' id='word_1_620' title='bbox 3242 2801 3400 2842; x_wconf 79' lang='lat' dir='ltr'><strong><em>antea</em></strong></span> <span class='ocrx_word' id='word_1_621' title='bbox 3439 2790 3585 2842; x_wconf 61' lang='grc' dir='ltr'><em>τινας.</em></span> <span class='ocrx_word' id='word_1_622' title='bbox 3611 2799 3760 2856; x_wconf 72' lang='lat' dir='ltr'><strong><em>pacto</em></strong></span> <span class='ocrx_word' id='word_1_623' title='bbox 3798 2790 3992 2841; x_wconf 83' lang='lat' dir='ltr'><strong><em>adduci</em></strong></span> 
     </span>
    </p>
   </div>
   <div class='ocr_carea' id='block_1_91' title="bbox 2419 2860 3993 2930">
    <p class='ocr_par' dir='ltr' id='par_1_91' title="bbox 2419 2860 3993 2930">
     <span class='ocr_line' id='line_1_91' title="bbox 2419 2860 3993 2930; baseline -0.001 -18"><span class='ocrx_word' id='word_1_624' title='bbox 2419 2865 2584 2930; x_wconf 79' lang='lat' dir='ltr'><strong><em>potuit</em></strong></span> <span class='ocrx_word' id='word_1_625' title='bbox 2629 2877 2682 2914; x_wconf 91' lang='lat' dir='ltr'><strong><em>ut</em></strong></span> <span class='ocrx_word' id='word_1_626' title='bbox 2730 2864 2870 2915; x_wconf 85' lang='lat' dir='ltr'><strong><em>urbis</em></strong></span> <span class='ocrx_word' id='word_1_627' title='bbox 2913 2865 3260 2929; x_wconf 63' lang='lat' dir='ltr'><strong><em>proditionem</em></strong></span> <span class='ocrx_word' id='word_1_628' title='bbox 3312 2860 3505 2914; x_wconf 86' lang='lat' dir='ltr'><strong><em>salutis</em></strong></span> <span class='ocrx_word' id='word_1_629' title='bbox 3548 2864 3779 2928; x_wconf 85' lang='lat' dir='ltr'><strong><em>propria:</em></strong></span> <span class='ocrx_word' id='word_1_630' title='bbox 3824 2875 3993 2910; x_wconf 79' lang='lat' dir='ltr'><strong><em>eausa</em></strong></span> 
     </span>
    </p>
   </div>
   <div class='ocr_carea' id='block_1_92' title="bbox 2419 2931 3996 3001">
    <p class='ocr_par' dir='ltr' id='par_1_92' title="bbox 2419 2931 3996 3001">
     <span class='ocr_line' id='line_1_92' title="bbox 2419 2931 3996 3001; baseline -0.001 -19"><span class='ocrx_word' id='word_1_631' title='bbox 2419 2932 2651 2999; x_wconf 76' lang='lat' dir='ltr'><strong><em>fureret,</em></strong></span> <span class='ocrx_word' id='word_1_632' title='bbox 2708 2938 2997 3001; x_wconf 78' lang='lat' dir='ltr'><strong><em>pra‘sertim</em></strong></span> <span class='ocrx_word' id='word_1_633' title='bbox 3048 2950 3163 2984; x_wconf 86' lang='lat' dir='ltr'><strong><em>cum</em></strong></span> <span class='ocrx_word' id='word_1_634' title='bbox 3221 2931 3508 2999; x_wconf 86' lang='lat' dir='ltr'><strong><em>permultos</em></strong></span> <span class='ocrx_word' id='word_1_635' title='bbox 3564 2932 3774 3001; x_wconf 78' lang='lat' dir='ltr'><strong><em>haberet</em></strong></span> <span class='ocrx_word' id='word_1_636' title='bbox 3823 2933 3996 3001; x_wconf 72' lang='lat' dir='ltr'><strong><em>hujus</em></strong></span> 
     </span>
    </p>
   </div>
   <div class='ocr_carea' id='block_1_93' title="bbox 2419 2997 3996 3069">
    <p class='ocr_par' dir='ltr' id='par_1_93' title="bbox 2419 2997 3996 3069">
     <span class='ocr_line' id='line_1_93' title="bbox 2419 2997 3996 3069; baseline -0.002 -17"><span class='ocrx_word' id='word_1_637' title='bbox 2419 2997 2619 3054; x_wconf 81' lang='lat' dir='ltr'><strong><em>consilii</em></strong></span> <span class='ocrx_word' id='word_1_638' title='bbox 2666 2997 2767 3054; x_wconf 86' lang='lat' dir='ltr'><strong><em>non</em></strong></span> <span class='ocrx_word' id='word_1_639' title='bbox 2818 3005 3119 3069; x_wconf 61' lang='lat' dir='ltr'><strong><em>probator-es</em></strong></span> <span class='ocrx_word' id='word_1_640' title='bbox 3161 2997 3403 3058; x_wconf 84' lang='lat' dir='ltr'><strong><em>tantum.</em></strong></span> <span class='ocrx_word' id='word_1_641' title='bbox 3449 3018 3624 3053; x_wconf 82' lang='lat' dir='ltr'><strong><em>verum</em></strong></span> <span class='ocrx_word' id='word_1_642' title='bbox 3663 3000 3706 3051; x_wconf 88' lang='lat' dir='ltr'><strong><em>si</em></strong></span> <span class='ocrx_word' id='word_1_643' title='bbox 3750 2997 3996 3051; x_wconf 78' lang='lat' dir='ltr'><strong><em>voluisset</em></strong></span> 
     </span>
    </p>
   </div>
   <div class='ocr_carea' id='block_1_94' title="bbox 2420 3071 3997 3127">
    <p class='ocr_par' dir='ltr' id='par_1_94' title="bbox 2420 3071 3997 3127">
     <span class='ocr_line' id='line_1_94' title="bbox 2420 3071 3997 3127; baseline -0.002 -4"><span class='ocrx_word' id='word_1_644' title='bbox 2420 3075 2581 3124; x_wconf 86' lang='lat' dir='ltr'><strong><em>etiam</em></strong></span> <span class='ocrx_word' id='word_1_645' title='bbox 2628 3074 2985 3127; x_wconf 82' lang='lat' dir='ltr'><strong><em>administros.</em></strong></span> <span class='ocrx_word' id='word_1_646' title='bbox 3029 3075 3127 3126; x_wconf 86' lang='lat' dir='ltr'><strong><em>Ille</em></strong></span> <span class='ocrx_word' id='word_1_647' title='bbox 3175 3089 3294 3125; x_wconf 85' lang='lat' dir='ltr'><strong><em>vero</em></strong></span> <span class='ocrx_word' id='word_1_648' title='bbox 3335 3071 3521 3123; x_wconf 88' lang='lat' dir='ltr'><strong><em>maluit</em></strong></span> <span class='ocrx_word' id='word_1_649' title='bbox 3565 3087 3679 3121; x_wconf 88' lang='lat' dir='ltr'><strong><em>cum</em></strong></span> <span class='ocrx_word' id='word_1_650' title='bbox 3725 3074 3997 3120; x_wconf 62' lang='lat' dir='ltr'><strong><em>honestate</em></strong></span> 
     </span>
    </p>
   </div>
   <div class='ocr_carea' id='block_1_95' title="bbox 2425 3141 3998 3212">
    <p class='ocr_par' dir='ltr' id='par_1_95' title="bbox 2425 3141 3998 3212">
     <span class='ocr_line' id='line_1_95' title="bbox 2425 3141 3998 3212; baseline -0.001 -20"><span class='ocrx_word' id='word_1_651' title='bbox 2425 3152 2643 3194; x_wconf 86' lang='lat' dir='ltr'><strong><em>mortem</em></strong></span> <span class='ocrx_word' id='word_1_652' title='bbox 2674 3155 2938 3212; x_wconf 83' lang='lat' dir='ltr'><strong><em>oppetere,</em></strong></span> <span class='ocrx_word' id='word_1_653' title='bbox 2969 3153 3024 3196; x_wconf 90' lang='lat' dir='ltr'><strong><em>ut</em></strong></span> <span class='ocrx_word' id='word_1_654' title='bbox 3050 3159 3230 3197; x_wconf 89' lang='lat' dir='ltr'><strong><em>eornnt</em></strong></span> <span class='ocrx_word' id='word_1_655' title='bbox 3254 3144 3340 3205; x_wconf 89' lang='lat' dir='ltr'><strong><em>qui</em></strong></span> <span class='ocrx_word' id='word_1_656' title='bbox 3369 3159 3485 3193; x_wconf 85' lang='lat' dir='ltr'><strong><em>cum</em></strong></span> <span class='ocrx_word' id='word_1_657' title='bbox 3518 3143 3626 3196; x_wconf 62' lang='lat' dir='ltr'><strong><em>ipsa</em></strong></span> <span class='ocrx_word' id='word_1_658' title='bbox 3652 3150 3800 3189; x_wconf 78' lang='lat' dir='ltr'><strong><em>erant</em></strong></span> <span class='ocrx_word' id='word_1_659' title='bbox 3823 3141 3998 3212; x_wconf 78' lang='lat' dir='ltr'><strong><em>saluti</em></strong></span> 
     </span>
    </p>
   </div>
   <div class='ocr_carea' id='block_1_96' title="bbox 2423 3210 3998 3281">
    <p class='ocr_par' dir='ltr' id='par_1_96' title="bbox 2423 3210 3998 3281">
     <span class='ocr_line' id='line_1_96' title="bbox 2423 3210 3998 3281; baseline -0.001 -19"><span class='ocrx_word' id='word_1_660' title='bbox 2423 3210 2758 3280; x_wconf 67' lang='lat' dir='ltr'><strong><em>prospiceret.</em></strong></span> <span class='ocrx_word' id='word_1_661' title='bbox 2786 3223 2942 3281; x_wconf 88' lang='lat' dir='ltr'><strong><em>atque</em></strong></span> <span class='ocrx_word' id='word_1_662' title='bbox 2964 3232 3123 3266; x_wconf 89' lang='lat' dir='ltr'><strong><em>unum</em></strong></span> <span class='ocrx_word' id='word_1_663' title='bbox 3156 3231 3249 3280; x_wconf 89' lang='lat' dir='ltr'><strong><em>pro</em></strong></span> <span class='ocrx_word' id='word_1_664' title='bbox 3282 3212 3458 3263; x_wconf 89' lang='lat' dir='ltr'><strong><em>ntultis</em></strong></span> <span class='ocrx_word' id='word_1_665' title='bbox 3489 3211 3555 3261; x_wconf 86' lang='lat' dir='ltr'><strong><em>ad</em></strong></span> <span class='ocrx_word' id='word_1_666' title='bbox 3587 3212 3778 3262; x_wconf 75' lang='lat' dir='ltr'><strong><em>Christi</em></strong></span> <span class='ocrx_word' id='word_1_667' title='bbox 3815 3210 3998 3260; x_wconf 72' lang='lat' dir='ltr'><strong><em>imita-</em></strong></span> 
     </span>
    </p>
   </div>
   <div class='ocr_carea' id='block_1_97' title="bbox 2424 3282 3996 3351">
    <p class='ocr_par' dir='ltr' id='par_1_97' title="bbox 2424 3282 3996 3351">
     <span class='ocr_line' id='line_1_97' title="bbox 2424 3282 3996 3351; baseline -0.001 -19"><span class='ocrx_word' id='word_1_668' title='bbox 2424 3284 2617 3333; x_wconf 84' lang='lat' dir='ltr'><strong><em>tionem</em></strong></span> <span class='ocrx_word' id='word_1_669' title='bbox 2650 3293 2804 3351; x_wconf 87' lang='lat' dir='ltr'><strong><em>caput</em></strong></span> <span class='ocrx_word' id='word_1_670' title='bbox 2833 3286 3052 3350; x_wconf 84' lang='lat' dir='ltr'><strong><em>objicere</em></strong></span> <span class='ocrx_word' id='word_1_671' title='bbox 3079 3283 3308 3351; x_wconf 87' lang='lat' dir='ltr'><strong><em>periculo</em></strong></span> <span class='ocrx_word' id='word_1_672' title='bbox 3340 3293 3662 3348; x_wconf 86' lang='lat' dir='ltr'><strong><em>(quanquam</em></strong></span> <span class='ocrx_word' id='word_1_673' title='bbox 3691 3282 3782 3330; x_wconf 88' lang='lat' dir='ltr'><strong><em>hoc</em></strong></span> <span class='ocrx_word' id='word_1_674' title='bbox 3822 3283 3996 3330; x_wconf 85' lang='lat' dir='ltr'><strong><em>homi-</em></strong></span> 
     </span>
    </p>
   </div>
   <div class='ocr_carea' id='block_1_98' title="bbox 2423 3351 3998 3413">
    <p class='ocr_par' dir='ltr' id='par_1_98' title="bbox 2423 3351 3998 3413">
     <span class='ocr_line' id='line_1_98' title="bbox 2423 3351 3998 3413; baseline -0.001 -11"><span class='ocrx_word' id='word_1_675' title='bbox 2423 3354 2665 3404; x_wconf 90' lang='lat' dir='ltr'><strong><em>cidarum</em></strong></span> <span class='ocrx_word' id='word_1_676' title='bbox 2727 3356 2932 3406; x_wconf 86' lang='lat' dir='ltr'><strong><em>animos</em></strong></span> <span class='ocrx_word' id='word_1_677' title='bbox 2987 3358 3056 3406; x_wconf 92' lang='lat' dir='ltr'><strong><em>ad</em></strong></span> <span class='ocrx_word' id='word_1_678' title='bbox 3120 3353 3625 3405; x_wconf 85' lang='lat' dir='ltr'><strong><em>coiitntiseiatiouent</em></strong></span> <span class='ocrx_word' id='word_1_679' title='bbox 3686 3351 3998 3413; x_wconf 89' lang='lat' dir='ltr'><strong><em>nentiqaant</em></strong></span> 
     </span>
    </p>
   </div>
   <div class='ocr_carea' id='block_1_99' title="bbox 2425 3421 4000 3492">
    <p class='ocr_par' dir='ltr' id='par_1_99' title="bbox 2425 3421 4000 3492">
     <span class='ocr_line' id='line_1_99' title="bbox 2425 3421 4000 3492; baseline -0.001 -20"><span class='ocrx_word' id='word_1_680' title='bbox 2425 3424 2592 3481; x_wconf 74' lang='lat' dir='ltr'><strong><em>ﬂexit)</em></strong></span> <span class='ocrx_word' id='word_1_681' title='bbox 2634 3440 2795 3490; x_wconf 88' lang='lat' dir='ltr'><strong><em>quam</em></strong></span> <span class='ocrx_word' id='word_1_682' title='bbox 2840 3425 3042 3492; x_wconf 91' lang='lat' dir='ltr'><strong><em>aliquid</em></strong></span> <span class='ocrx_word' id='word_1_683' title='bbox 3087 3422 3354 3476; x_wconf 85' lang='lat' dir='ltr'><strong><em>nobilitate</em></strong></span> <span class='ocrx_word' id='word_1_684' title='bbox 3377 3438 3475 3473; x_wconf 88' lang='lat' dir='ltr'><strong><em>sua</em></strong></span> <span class='ocrx_word' id='word_1_685' title='bbox 3508 3421 3783 3492; x_wconf 69' lang='lat' dir='ltr'><strong><em>indignant</em></strong></span> <span class='ocrx_word' id='word_1_686' title='bbox 3826 3430 4000 3492; x_wconf 75' lang='lat' dir='ltr'><strong><em>mente</em></strong></span> 
     </span>
    </p>
   </div>
   <div class='ocr_carea' id='block_1_100' title="bbox 2427 3488 3999 3563">
    <p class='ocr_par' dir='ltr' id='par_1_100' title="bbox 2427 3488 3999 3563">
     <span class='ocr_line' id='line_1_100' title="bbox 2427 3488 3999 3563; baseline -0.001 -21"><span class='ocrx_word' id='word_1_687' title='bbox 2427 3488 2720 3554; x_wconf 77' lang='lat' dir='ltr'><strong><em>complecti.</em></strong></span> <span class='ocrx_word' id='word_1_688' title='bbox 2749 3494 2909 3563; x_wconf 77' lang='lat' dir='ltr'><strong><em>Cujus</em></strong></span> <span class='ocrx_word' id='word_1_689' title='bbox 2929 3488 3106 3547; x_wconf 73' lang='lat' dir='ltr'><strong><em>animi</em></strong></span> <span class='ocrx_word' id='word_1_690' title='bbox 3135 3493 3456 3561; x_wconf 86' lang='lat' dir='ltr'><strong><em>magnitudo.</em></strong></span> <span class='ocrx_word' id='word_1_691' title='bbox 3493 3500 3648 3563; x_wconf 74' lang='lat' dir='ltr'><strong><em>atque</em></strong></span> <span class='ocrx_word' id='word_1_692' title='bbox 3673 3488 3740 3540; x_wconf 86' lang='lat' dir='ltr'><strong><em>ad</em></strong></span> <span class='ocrx_word' id='word_1_693' title='bbox 3769 3490 3999 3563; x_wconf 55' lang='lat' dir='ltr'><strong><em>sulcau-</em></strong></span> 
     </span>
    </p>
   </div>
   <div class='ocr_carea' id='block_1_101' title="bbox 2426 3560 4001 3631">
    <p class='ocr_par' dir='ltr' id='par_1_101' title="bbox 2426 3560 4001 3631">
     <span class='ocr_line' id='line_1_101' title="bbox 2426 3560 4001 3631; baseline 0 -20"><span class='ocrx_word' id='word_1_694' title='bbox 2426 3563 2550 3631; x_wconf 68' lang='lat' dir='ltr'><strong><em>dum</em></strong></span> <span class='ocrx_word' id='word_1_695' title='bbox 2591 3560 2904 3631; x_wconf 80' lang='lat' dir='ltr'><strong><em>supplicium</em></strong></span> <span class='ocrx_word' id='word_1_696' title='bbox 2947 3565 3198 3617; x_wconf 81' lang='lat' dir='ltr'><strong><em>alacritas</em></strong></span> <span class='ocrx_word' id='word_1_697' title='bbox 3227 3560 3338 3629; x_wconf 10' lang='lat' dir='ltr'><strong><em>iipxi</em></strong></span> <span class='ocrx_word' id='word_1_698' title='bbox 3366 3576 3568 3628; x_wconf 86' lang='lat' dir='ltr'><strong><em>quoque</em></strong></span> <span class='ocrx_word' id='word_1_699' title='bbox 3613 3560 3766 3610; x_wconf 77' lang='lat' dir='ltr'><strong><em>littsa&#39;</em></strong></span> <span class='ocrx_word' id='word_1_700' title='bbox 3802 3560 4001 3611; x_wconf 74' lang='lat' dir='ltr'><strong><em>A-uirte</em></strong></span> 
     </span>
    </p>
   </div>
   <div class='ocr_carea' id='block_1_102' title="bbox 2427 3630 4000 3700">
    <p class='ocr_par' dir='ltr' id='par_1_102' title="bbox 2427 3630 4000 3700">
     <span class='ocr_line' id='line_1_102' title="bbox 2427 3630 4000 3700; baseline 0 -19"><span class='ocrx_word' id='word_1_701' title='bbox 2427 3630 2840 3700; x_wconf 64' lang='lat' dir='ltr'><strong><em>liitagebislilio.</em></strong></span> <span class='ocrx_word' id='word_1_702' title='bbox 2875 3637 2962 3698; x_wconf 91' lang='lat' dir='ltr'><strong><em>qui</em></strong></span> <span class='ocrx_word' id='word_1_703' title='bbox 2999 3636 3176 3686; x_wconf 87' lang='lat' dir='ltr'><strong><em>mortis</em></strong></span> <span class='ocrx_word' id='word_1_704' title='bbox 3217 3641 3400 3683; x_wconf 87' lang='lat' dir='ltr'><strong><em>auctor</em></strong></span> <span class='ocrx_word' id='word_1_705' title='bbox 3427 3632 3545 3697; x_wconf 74' lang='lat' dir='ltr'><strong><em>fuit,</em></strong></span> <span class='ocrx_word' id='word_1_706' title='bbox 3583 3645 3788 3695; x_wconf 82' lang='lat' dir='ltr'><strong><em>magna:</em></strong></span> <span class='ocrx_word' id='word_1_707' title='bbox 3824 3631 4000 3700; x_wconf 82' lang='lat' dir='ltr'><strong><em>admi-</em></strong></span> 
     </span>
    </p>
   </div>
   <div class='ocr_carea' id='block_1_103' title="bbox 2428 3699 3999 3769">
    <p class='ocr_par' dir='ltr' id='par_1_103' title="bbox 2428 3699 3999 3769">
     <span class='ocr_line' id='line_1_103' title="bbox 2428 3699 3999 3769; baseline -0.002 -18"><span class='ocrx_word' id='word_1_708' title='bbox 2428 3699 2621 3754; x_wconf 80' lang='lat' dir='ltr'><strong><em>rationi</em></strong></span> <span class='ocrx_word' id='word_1_709' title='bbox 2652 3699 2819 3769; x_wconf 10' lang='lat' dir='ltr'><strong><em>furere.</em></strong></span> <span class='ocrx_word' id='word_1_710' title='bbox 2861 3703 3049 3755; x_wconf 86' lang='lat' dir='ltr'><strong><em>Verum</em></strong></span> <span class='ocrx_word' id='word_1_711' title='bbox 3083 3705 3191 3769; x_wconf 85' lang='lat' dir='ltr'><strong><em>ipse</em></strong></span> <span class='ocrx_word' id='word_1_712' title='bbox 3217 3704 3284 3754; x_wconf 91' lang='lat' dir='ltr'><strong><em>ad</em></strong></span> <span class='ocrx_word' id='word_1_713' title='bbox 3317 3702 3442 3751; x_wconf 85' lang='lat' dir='ltr'><strong><em>bene</em></strong></span> <span class='ocrx_word' id='word_1_714' title='bbox 3480 3703 3726 3766; x_wconf 80' lang='lat' dir='ltr'><strong><em>beateque</em></strong></span> <span class='ocrx_word' id='word_1_715' title='bbox 3764 3699 3999 3749; x_wconf 88' lang='lat' dir='ltr'><strong><em>morien-</em></strong></span> 
     </span>
    </p>
   </div>
   <div class='ocr_carea' id='block_1_104' title="bbox 2427 3772 4001 3842">
    <p class='ocr_par' dir='ltr' id='par_1_104' title="bbox 2427 3772 4001 3842">
     <span class='ocr_line' id='line_1_104' title="bbox 2427 3772 4001 3842; baseline 0 -21"><span class='ocrx_word' id='word_1_716' title='bbox 2427 3772 2552 3823; x_wconf 85' lang='lat' dir='ltr'><strong><em>dum</em></strong></span> <span class='ocrx_word' id='word_1_717' title='bbox 2579 3773 2697 3825; x_wconf 88' lang='lat' dir='ltr'><strong><em>hinc</em></strong></span> <span class='ocrx_word' id='word_1_718' title='bbox 2714 3775 2811 3826; x_wconf 87' lang='lat' dir='ltr'><strong><em>sibi</em></strong></span> <span class='ocrx_word' id='word_1_719' title='bbox 2835 3774 2968 3826; x_wconf 89' lang='lat' dir='ltr'><strong><em>talia</em></strong></span> <span class='ocrx_word' id='word_1_720' title='bbox 3000 3774 3242 3842; x_wconf 73' lang='lat' dir='ltr'><strong><em>prarsidia</em></strong></span> <span class='ocrx_word' id='word_1_721' title='bbox 3267 3781 3688 3836; x_wconf 81' lang='lat' dir='ltr'><strong><em>Comparaverat.</em></strong></span> <span class='ocrx_word' id='word_1_722' title='bbox 3723 3778 4001 3842; x_wconf 79' lang='lat' dir='ltr'><strong><em>propterea</em></strong></span> 
     </span>
    </p>
   </div>
   <div class='ocr_carea' id='block_1_105' title="bbox 2428 3839 4002 3911">
    <p class='ocr_par' dir='ltr' id='par_1_105' title="bbox 2428 3839 4002 3911">
     <span class='ocr_line' id='line_1_105' title="bbox 2428 3839 4002 3911; baseline -0.001 -19"><span class='ocrx_word' id='word_1_723' title='bbox 2428 3843 2565 3905; x_wconf 87' lang='lat' dir='ltr'><strong><em>quod</em></strong></span> <span class='ocrx_word' id='word_1_724' title='bbox 2615 3859 2767 3894; x_wconf 85' lang='lat' dir='ltr'><strong><em>omne</em></strong></span> <span class='ocrx_word' id='word_1_725' title='bbox 2811 3843 2931 3895; x_wconf 85' lang='lat' dir='ltr'><strong><em>belli</em></strong></span> <span class='ocrx_word' id='word_1_726' title='bbox 2973 3839 3175 3911; x_wconf 82' lang='lat' dir='ltr'><strong><em>tempus</em></strong></span> <span class='ocrx_word' id='word_1_727' title='bbox 3220 3843 3272 3892; x_wconf 85' lang='lat' dir='ltr'><strong><em>in</em></strong></span> <span class='ocrx_word' id='word_1_728' title='bbox 3326 3843 3507 3891; x_wconf 85' lang='lat' dir='ltr'><strong><em>mortis</em></strong></span> <span class='ocrx_word' id='word_1_729' title='bbox 3557 3839 4002 3911; x_wconf 64' lang='lat' dir='ltr'><strong><em>contemplations</em></strong></span> 
     </span>
    </p>
   </div>
   <div class='ocr_carea' id='block_1_106' title="bbox 2428 3907 4001 3980">
    <p class='ocr_par' dir='ltr' id='par_1_106' title="bbox 2428 3907 4001 3980">
     <span class='ocr_line' id='line_1_106' title="bbox 2428 3907 4001 3980; baseline -0.001 -19"><span class='ocrx_word' id='word_1_730' title='bbox 2428 3920 2779 3980; x_wconf 86' lang='lat' dir='ltr'><strong><em>transegerat.</em></strong></span> <span class='ocrx_word' id='word_1_731' title='bbox 2820 3915 3012 3980; x_wconf 86' lang='lat' dir='ltr'><strong><em>eisque.</em></strong></span> <span class='ocrx_word' id='word_1_732' title='bbox 3057 3907 3142 3976; x_wconf 75' lang='lat' dir='ltr'><strong><em>qui</em></strong></span> <span class='ocrx_word' id='word_1_733' title='bbox 3169 3927 3340 3964; x_wconf 86' lang='lat' dir='ltr'><strong><em>secum</em></strong></span> <span class='ocrx_word' id='word_1_734' title='bbox 3375 3911 3563 3961; x_wconf 81' lang='lat' dir='ltr'><strong><em>obsessi</em></strong></span> <span class='ocrx_word' id='word_1_735' title='bbox 3605 3919 3809 3980; x_wconf 63' lang='lat' dir='ltr'><strong><em>erant,</em></strong></span> <span class='ocrx_word' id='word_1_736' title='bbox 3833 3907 4001 3980; x_wconf 84' lang='lat' dir='ltr'><strong><em>viam.</em></strong></span> 
     </span>
    </p>
   </div>
   <div class='ocr_carea' id='block_1_107' title="bbox 2428 3979 4001 4047">
    <p class='ocr_par' dir='ltr' id='par_1_107' title="bbox 2428 3979 4001 4047">
     <span class='ocr_line' id='line_1_107' title="bbox 2428 3979 4001 4047; baseline 0 -16"><span class='ocrx_word' id='word_1_737' title='bbox 2428 3997 2544 4047; x_wconf 67' lang='lat' dir='ltr'><strong><em>quae</em></strong></span> <span class='ocrx_word' id='word_1_738' title='bbox 2571 3979 2711 4034; x_wconf 83' lang='lat' dir='ltr'><strong><em>ducit</em></strong></span> <span class='ocrx_word' id='word_1_739' title='bbox 2741 3983 2811 4035; x_wconf 90' lang='lat' dir='ltr'><strong><em>ad</em></strong></span> <span class='ocrx_word' id='word_1_740' title='bbox 2833 3979 3286 4035; x_wconf 86' lang='lat' dir='ltr'><strong><em>immortalitatem</em></strong></span> <span class='ocrx_word' id='word_1_741' title='bbox 3320 3982 3529 4046; x_wconf 88' lang='lat' dir='ltr'><strong><em>optimis</em></strong></span> <span class='ocrx_word' id='word_1_742' title='bbox 3553 3979 4001 4031; x_wconf 76' lang='lat' dir='ltr'><strong><em>cohortationibus</em></strong></span> 
     </span>
    </p>
   </div>
   <div class='ocr_carea' id='block_1_108' title="bbox 2428 4049 3996 4117">
    <p class='ocr_par' dir='ltr' id='par_1_108' title="bbox 2428 4049 3996 4117">
     <span class='ocr_line' id='line_1_108' title="bbox 2428 4049 3996 4117; baseline -0.002 -15"><span class='ocrx_word' id='word_1_743' title='bbox 2428 4063 2948 4104; x_wconf 83' lang='lat' dir='ltr'><strong><em>commonstraverut.</em></strong></span> <span class='ocrx_word' id='word_1_744' title='bbox 2979 4055 3122 4106; x_wconf 83' lang='lat' dir='ltr'><strong><em>Unde</em></strong></span> <span class='ocrx_word' id='word_1_745' title='bbox 3145 4068 3236 4116; x_wconf 87' lang='lat' dir='ltr'><strong><em>per</em></strong></span> <span class='ocrx_word' id='word_1_746' title='bbox 3263 4053 3370 4102; x_wconf 72' lang='lat' dir='ltr'><strong><em>hare</em></strong></span> <span class='ocrx_word' id='word_1_747' title='bbox 3397 4052 3605 4117; x_wconf 88' lang='lat' dir='ltr'><strong><em>pietatis</em></strong></span> <span class='ocrx_word' id='word_1_748' title='bbox 3633 4049 3797 4114; x_wconf 74' lang='lat' dir='ltr'><strong><em>ofﬁcia</em></strong></span> <span class='ocrx_word' id='word_1_749' title='bbox 3830 4063 3996 4099; x_wconf 64' lang='lat' dir='ltr'><strong><em>exas-</em></strong></span> 
     </span>
    </p>
   </div>
   <div class='ocr_carea' id='block_1_109' title="bbox 2428 4118 4002 4188">
    <p class='ocr_par' dir='ltr' id='par_1_109' title="bbox 2428 4118 4002 4188">
     <span class='ocr_line' id='line_1_109' title="bbox 2428 4118 4002 4188; baseline -0.001 -17"><span class='ocrx_word' id='word_1_750' title='bbox 2428 4137 2545 4172; x_wconf 89' lang='lat' dir='ltr'><strong><em>sunt</em></strong></span> <span class='ocrx_word' id='word_1_751' title='bbox 2575 4124 2695 4175; x_wconf 83' lang='lat' dir='ltr'><strong><em>vita:</em></strong></span> <span class='ocrx_word' id='word_1_752' title='bbox 2726 4122 2938 4173; x_wconf 86' lang='lat' dir='ltr'><strong><em>minime</em></strong></span> <span class='ocrx_word' id='word_1_753' title='bbox 2968 4125 3148 4176; x_wconf 86' lang='lat' dir='ltr'><strong><em>habuit</em></strong></span> <span class='ocrx_word' id='word_1_754' title='bbox 3189 4120 3600 4188; x_wconf 77' lang='lat' dir='ltr'><strong><em>fonnidandum.</em></strong></span> <span class='ocrx_word' id='word_1_755' title='bbox 3634 4118 3829 4179; x_wconf 73' lang='lat' dir='ltr'><strong><em>Quibus</em></strong></span> <span class='ocrx_word' id='word_1_756' title='bbox 3861 4134 4002 4170; x_wconf 80' lang='lat' dir='ltr'><strong><em>enim</em></strong></span> 
     </span>
    </p>
   </div>
   <div class='ocr_carea' id='block_1_110' title="bbox 2430 4191 4003 4254">
    <p class='ocr_par' dir='ltr' id='par_1_110' title="bbox 2430 4191 4003 4254">
     <span class='ocr_line' id='line_1_110' title="bbox 2430 4191 4003 4254; baseline -0.002 -13"><span class='ocrx_word' id='word_1_757' title='bbox 2430 4193 2642 4243; x_wconf 85' lang='lat' dir='ltr'><strong><em>assidua</em></strong></span> <span class='ocrx_word' id='word_1_758' title='bbox 2670 4193 3008 4244; x_wconf 83' lang='lat' dir='ltr'><strong><em>meditatione</em></strong></span> <span class='ocrx_word' id='word_1_759' title='bbox 3031 4202 3239 4243; x_wconf 86' lang='lat' dir='ltr'><strong><em>cautum</em></strong></span> <span class='ocrx_word' id='word_1_760' title='bbox 3267 4201 3359 4247; x_wconf 83' lang='lat' dir='ltr'><strong><em>est,</em></strong></span> <span class='ocrx_word' id='word_1_761' title='bbox 3387 4205 3448 4240; x_wconf 87' lang='lat' dir='ltr'><strong><em>ne</em></strong></span> <span class='ocrx_word' id='word_1_762' title='bbox 3478 4191 3801 4253; x_wconf 86' lang='lat' dir='ltr'><strong><em>imparatum</em></strong></span> <span class='ocrx_word' id='word_1_763' title='bbox 3823 4198 4003 4254; x_wconf 80' lang='lat' dir='ltr'><strong><em>pectus</em></strong></span> 
     </span>
    </p>
   </div>
   <div class='ocr_carea' id='block_1_111' title="bbox 2429 4257 4000 4318">
    <p class='ocr_par' dir='ltr' id='par_1_111' title="bbox 2429 4257 4000 4318">
     <span class='ocr_line' id='line_1_111' title="bbox 2429 4257 4000 4318; baseline -0.002 -8"><span class='ocrx_word' id='word_1_764' title='bbox 2429 4262 2654 4312; x_wconf 83' lang='lat' dir='ltr'><strong><em>habeant</em></strong></span> <span class='ocrx_word' id='word_1_765' title='bbox 2688 4268 2756 4313; x_wconf 84' lang='lat' dir='ltr'><strong><em>ad</em></strong></span> <span class='ocrx_word' id='word_1_766' title='bbox 2790 4263 2897 4314; x_wconf 74' lang='lat' dir='ltr'><strong><em>ha&#39;c</em></strong></span> <span class='ocrx_word' id='word_1_767' title='bbox 2926 4273 3160 4313; x_wconf 72' lang='lat' dir='ltr'><strong><em>extrema</em></strong></span> <span class='ocrx_word' id='word_1_768' title='bbox 3193 4260 3491 4316; x_wconf 72' lang='lat' dir='ltr'><strong><em>subeunda,</em></strong></span> <span class='ocrx_word' id='word_1_769' title='bbox 3537 4259 3676 4308; x_wconf 83' lang='lat' dir='ltr'><strong><em>hisce</em></strong></span> <span class='ocrx_word' id='word_1_770' title='bbox 3716 4273 3818 4306; x_wconf 88' lang='lat' dir='ltr'><strong><em>non</em></strong></span> <span class='ocrx_word' id='word_1_771' title='bbox 3858 4257 4000 4318; x_wconf 80' lang='lat' dir='ltr'><strong><em>inju-</em></strong></span> 
     </span>
    </p>
   </div>
   <div class='ocr_carea' id='block_1_112' title="bbox 2430 4328 3998 4396">
    <p class='ocr_par' dir='ltr' id='par_1_112' title="bbox 2430 4328 3998 4396">
     <span class='ocr_line' id='line_1_112' title="bbox 2430 4328 3998 4396; baseline -0.001 -17"><span class='ocrx_word' id='word_1_772' title='bbox 2430 4331 2601 4381; x_wconf 90' lang='lat' dir='ltr'><strong><em>cunda</em></strong></span> <span class='ocrx_word' id='word_1_773' title='bbox 2631 4333 2727 4383; x_wconf 84' lang='lat' dir='ltr'><strong><em>erit</em></strong></span> <span class='ocrx_word' id='word_1_774' title='bbox 2752 4333 2819 4382; x_wconf 89' lang='lat' dir='ltr'><strong><em>ad</em></strong></span> <span class='ocrx_word' id='word_1_775' title='bbox 2850 4333 3066 4394; x_wconf 71' lang='lat' dir='ltr'><strong><em>caelum,</em></strong></span> <span class='ocrx_word' id='word_1_776' title='bbox 3099 4347 3215 4382; x_wconf 91' lang='lat' dir='ltr'><strong><em>cum</em></strong></span> <span class='ocrx_word' id='word_1_777' title='bbox 3245 4329 3543 4396; x_wconf 84' lang='lat' dir='ltr'><strong><em>contigerit,</em></strong></span> <span class='ocrx_word' id='word_1_778' title='bbox 3574 4328 3998 4389; x_wconf 79' lang='lat' dir='ltr'><strong><em>transmigratio.</em></strong></span> 
     </span>
    </p>
   </div>
   <div class='ocr_carea' id='block_1_113' title="bbox 2433 4397 4002 4462">
    <p class='ocr_par' dir='ltr' id='par_1_113' title="bbox 2433 4397 4002 4462">
     <span class='ocr_line' id='line_1_113' title="bbox 2433 4397 4002 4462; baseline -0.001 -14"><span class='ocrx_word' id='word_1_779' title='bbox 2433 4399 2690 4452; x_wconf 66' lang='lat' dir='ltr'><strong><em>(Ja&#39;terum</em></strong></span> <span class='ocrx_word' id='word_1_780' title='bbox 2732 4400 2958 4452; x_wconf 80' lang='lat' dir='ltr'><strong><em>Barbari</em></strong></span> <span class='ocrx_word' id='word_1_781' title='bbox 3002 4404 3054 4454; x_wconf 89' lang='lat' dir='ltr'><strong><em>in</em></strong></span> <span class='ocrx_word' id='word_1_782' title='bbox 3101 4401 3219 4452; x_wconf 90' lang='lat' dir='ltr'><strong><em>illos</em></strong></span> <span class='ocrx_word' id='word_1_783' title='bbox 3259 4400 3417 4450; x_wconf 88' lang='lat' dir='ltr'><strong><em>etiam</em></strong></span> <span class='ocrx_word' id='word_1_784' title='bbox 3455 4414 3581 4462; x_wconf 82' lang='lat' dir='ltr'><strong><em>quos</em></strong></span> <span class='ocrx_word' id='word_1_785' title='bbox 3617 4413 3733 4446; x_wconf 86' lang='lat' dir='ltr'><strong><em>cum</em></strong></span> <span class='ocrx_word' id='word_1_786' title='bbox 3777 4397 4002 4460; x_wconf 74' lang='lat' dir='ltr'><strong><em>patrii-to</em></strong></span> 
     </span>
    </p>
   </div>
   <div class='ocr_carea' id='block_1_114' title="bbox 2442 4467 4007 4536">
    <p class='ocr_par' dir='ltr' id='par_1_114' title="bbox 2442 4467 4007 4536">
     <span class='ocr_line' id='line_1_114' title="bbox 2442 4467 4007 4536; baseline -0.001 -18"><span class='ocrx_word' id='word_1_787' title='bbox 2442 4477 2672 4536; x_wconf 69' lang='lat' dir='ltr'><strong><em>teperant</em></strong></span> <span class='ocrx_word' id='word_1_788' title='bbox 2715 4474 2888 4534; x_wconf 77' lang='lat' dir='ltr'><strong><em>(erant</em></strong></span> <span class='ocrx_word' id='word_1_789' title='bbox 2921 4480 3096 4522; x_wconf 88' lang='lat' dir='ltr'><strong><em>autent</em></strong></span> <span class='ocrx_word' id='word_1_790' title='bbox 3131 4485 3309 4521; x_wconf 85' lang='lat' dir='ltr'><strong><em>omnes</em></strong></span> <span class='ocrx_word' id='word_1_791' title='bbox 3347 4471 3398 4520; x_wconf 90' lang='lat' dir='ltr'><strong><em>hi</em></strong></span> <span class='ocrx_word' id='word_1_792' title='bbox 3433 4468 3714 4535; x_wconf 70' lang='lat' dir='ltr'><strong><em>Syracusis</em></strong></span> <span class='ocrx_word' id='word_1_793' title='bbox 3747 4467 4007 4516; x_wconf 81' lang='lat' dir='ltr'><strong><em>honestis-</em></strong></span> 
     </span>
    </p>
   </div>
   <div class='ocr_carea' id='block_1_115' title="bbox 759 4537 4004 4610">
    <p class='ocr_par' dir='ltr' id='par_1_115' title="bbox 759 4537 4004 4610">
     <span class='ocr_line' id='line_1_115' title="bbox 759 4537 4004 4610; baseline -0.002 -14"><span class='ocrx_word' id='word_1_794' title='bbox 759 4553 941 4610; x_wconf 87' lang='lat' dir='ltr'><strong><em>pterea</em></strong></span> <span class='ocrx_word' id='word_1_795' title='bbox 968 4544 1106 4610; x_wconf 89' lang='lat' dir='ltr'><strong><em>quod</em></strong></span> <span class='ocrx_word' id='word_1_796' title='bbox 1133 4553 1481 4609; x_wconf 88' lang='lat' dir='ltr'><strong><em>opportunum</em></strong></span> <span class='ocrx_word' id='word_1_797' title='bbox 1511 4541 1645 4593; x_wconf 90' lang='lat' dir='ltr'><strong><em>illud</em></strong></span> <span class='ocrx_word' id='word_1_798' title='bbox 1672 4537 1942 4610; x_wconf 84' lang='lat' dir='ltr'><strong><em>pugnandi</em></strong></span> <span class='ocrx_word' id='word_1_799' title='bbox 1970 4549 2171 4602; x_wconf 87' lang='lat' dir='ltr'><strong><em>tempus</em></strong></span> <span class='ocrx_word' id='word_1_800' title='bbox 2195 4537 2327 4610; x_wconf 75' lang='lat' dir='ltr'><strong><em>cives</em></strong></span> <span class='ocrx_word' id='word_1_801' title='bbox 2364 4559 2403 4607; x_wconf 74' lang='grc' dir='ltr'><em>ι)</em></span> <span class='ocrx_word' id='word_1_802' title='bbox 2430 4539 2562 4610; x_wconf 83' lang='lat' dir='ltr'><strong><em>sima</em></strong></span> <span class='ocrx_word' id='word_1_803' title='bbox 2598 4539 2707 4591; x_wconf 92' lang='lat' dir='ltr'><strong><em>loco</em></strong></span> <span class='ocrx_word' id='word_1_804' title='bbox 2745 4542 3036 4606; x_wconf 88' lang='lat' dir='ltr'><strong><em>nati),cum</em></strong></span> <span class='ocrx_word' id='word_1_805' title='bbox 3077 4538 3388 4608; x_wconf 89' lang='lat' dir='ltr'><strong><em>quibusdam</em></strong></span> <span class='ocrx_word' id='word_1_806' title='bbox 3430 4538 3552 4610; x_wconf 82' lang='lat' dir='ltr'><strong><em>aliis</em></strong></span> <span class='ocrx_word' id='word_1_807' title='bbox 3589 4537 3808 4610; x_wconf 80' lang='lat' dir='ltr'><strong><em>captivis</em></strong></span> <span class='ocrx_word' id='word_1_808' title='bbox 3845 4545 4004 4610; x_wconf 69' lang='lat' dir='ltr'><strong><em>cxtra</em></strong></span> 
     </span>
    </p>
   </div>
   <div class='ocr_carea' id='block_1_116' title="bbox 761 4609 2324 4681">
    <p class='ocr_par' dir='ltr' id='par_1_116' title="bbox 761 4609 2324 4681">
     <span class='ocr_line' id='line_1_116' title="bbox 761 4609 2324 4681; baseline -0.006 -15"><span class='ocrx_word' id='word_1_809' title='bbox 761 4609 863 4666; x_wconf 88' lang='lat' dir='ltr'><strong><em>non</em></strong></span> <span class='ocrx_word' id='word_1_810' title='bbox 896 4609 1249 4668; x_wconf 75' lang='lat' dir='ltr'><strong><em>(estimabant.</em></strong></span> <span class='ocrx_word' id='word_1_811' title='bbox 1271 4615 1540 4681; x_wconf 86' lang='lat' dir='ltr'><strong><em>securique</em></strong></span> <span class='ocrx_word' id='word_1_812' title='bbox 1565 4609 1980 4680; x_wconf 84' lang='lat' dir='ltr'><strong><em>prapugnatores</em></strong></span> <span class='ocrx_word' id='word_1_813' title='bbox 2007 4610 2122 4681; x_wconf 78' lang='lat' dir='ltr'><strong><em>alia</em></strong></span> <span class='ocrx_word' id='word_1_814' title='bbox 2149 4609 2324 4657; x_wconf 85' lang='lat' dir='ltr'><strong><em>omnia</em></strong></span> 
     </span>
    </p>
   </div>
   <div class='ocr_carea' id='block_1_117' title="bbox 763 4677 2320 4750">
    <p class='ocr_par' dir='ltr' id='par_1_117' title="bbox 763 4677 2320 4750">
     <span class='ocr_line' id='line_1_117' title="bbox 763 4677 2320 4750; baseline -0.005 -16"><span class='ocrx_word' id='word_1_815' title='bbox 763 4700 922 4745; x_wconf 87' lang='lat' dir='ltr'><strong><em>quam</em></strong></span> <span class='ocrx_word' id='word_1_816' title='bbox 963 4683 1030 4736; x_wconf 88' lang='lat' dir='ltr'><strong><em>ad</em></strong></span> <span class='ocrx_word' id='word_1_817' title='bbox 1067 4677 1465 4750; x_wconf 79' lang='lat' dir='ltr'><strong><em>propugnacula</em></strong></span> <span class='ocrx_word' id='word_1_818' title='bbox 1511 4677 1574 4732; x_wconf 75' lang='lat' dir='ltr'><strong><em>se</em></strong></span> <span class='ocrx_word' id='word_1_819' title='bbox 1618 4677 1856 4746; x_wconf 65' lang='lat' dir='ltr'><strong><em>can/ene</em></strong></span> <span class='ocrx_word' id='word_1_820' title='bbox 1910 4677 2320 4750; x_wconf 85' lang='lat' dir='ltr'><strong><em>meditabantur.</em></strong></span> 
     </span>
    </p>
   </div>
   <div class='ocr_carea' id='block_1_118' title="bbox 765 4747 2322 4818">
    <p class='ocr_par' dir='ltr' id='par_1_118' title="bbox 765 4747 2322 4818">
     <span class='ocr_line' id='line_1_118' title="bbox 765 4747 2322 4818; baseline -0.006 -12"><span class='ocrx_word' id='word_1_821' title='bbox 765 4756 899 4806; x_wconf 80' lang='lat' dir='ltr'><strong><em>Dum</em></strong></span> <span class='ocrx_word' id='word_1_822' title='bbox 939 4747 1099 4818; x_wconf 81' lang='lat' dir='ltr'><strong><em>igitur</em></strong></span> <span class='ocrx_word' id='word_1_823' title='bbox 1147 4747 1310 4804; x_wconf 78' lang='lat' dir='ltr'><strong><em>hostes</em></strong></span> <span class='ocrx_word' id='word_1_824' title='bbox 1353 4755 1407 4802; x_wconf 89' lang='lat' dir='ltr'><strong><em>in</em></strong></span> <span class='ocrx_word' id='word_1_825' title='bbox 1449 4754 1624 4803; x_wconf 88' lang='lat' dir='ltr'><strong><em>urbem</em></strong></span> <span class='ocrx_word' id='word_1_826' title='bbox 1673 4750 1874 4816; x_wconf 85' lang='lat' dir='ltr'><strong><em>lapides</em></strong></span> <span class='ocrx_word' id='word_1_827' title='bbox 1914 4748 2229 4801; x_wconf 89' lang='lat' dir='ltr'><strong><em>horrendum</em></strong></span> <span class='ocrx_word' id='word_1_828' title='bbox 2271 4747 2322 4797; x_wconf 89' lang='lat' dir='ltr'><strong><em>in</em></strong></span> 
     </span>
    </p>
   </div>
   <div class='ocr_carea' id='block_1_119' title="bbox 763 4819 2323 4888">
    <p class='ocr_par' dir='ltr' id='par_1_119' title="bbox 763 4819 2323 4888">
     <span class='ocr_line' id='line_1_119' title="bbox 763 4819 2323 4888; baseline -0.006 -14"><span class='ocrx_word' id='word_1_829' title='bbox 763 4825 972 4875; x_wconf 88' lang='lat' dir='ltr'><strong><em>modum</em></strong></span> <span class='ocrx_word' id='word_1_830' title='bbox 1010 4823 1386 4882; x_wconf 79' lang='lat' dir='ltr'><strong><em>coniectarent,</em></strong></span> <span class='ocrx_word' id='word_1_831' title='bbox 1421 4831 1686 4888; x_wconf 89' lang='lat' dir='ltr'><strong><em>totumque</em></strong></span> <span class='ocrx_word' id='word_1_832' title='bbox 1715 4821 1855 4872; x_wconf 87' lang='lat' dir='ltr'><strong><em>illius</em></strong></span> <span class='ocrx_word' id='word_1_833' title='bbox 1886 4819 2139 4872; x_wconf 88' lang='lat' dir='ltr'><strong><em>ambitum</em></strong></span> <span class='ocrx_word' id='word_1_834' title='bbox 2178 4831 2323 4866; x_wconf 83' lang='lat' dir='ltr'><strong><em>com-</em></strong></span> 
     </span>
    </p>
   </div>
   <div class='ocr_carea' id='block_1_120' title="bbox 762 4892 2326 4959">
    <p class='ocr_par' dir='ltr' id='par_1_120' title="bbox 762 4892 2326 4959">
     <span class='ocr_line' id='line_1_120' title="bbox 762 4892 2326 4959; baseline -0.003 -18"><span class='ocrx_word' id='word_1_835' title='bbox 762 4895 985 4959; x_wconf 79' lang='lat' dir='ltr'><strong><em>plerent.</em></strong></span> <span class='ocrx_word' id='word_1_836' title='bbox 1010 4893 1153 4944; x_wconf 87' lang='lat' dir='ltr'><strong><em>scala</em></strong></span> <span class='ocrx_word' id='word_1_837' title='bbox 1189 4892 1429 4957; x_wconf 75' lang='lat' dir='ltr'><strong><em>qua’dam</em></strong></span> <span class='ocrx_word' id='word_1_838' title='bbox 1462 4892 1633 4958; x_wconf 74' lang='lat' dir='ltr'><strong><em>lignea</em></strong></span> <span class='ocrx_word' id='word_1_839' title='bbox 1669 4907 1760 4958; x_wconf 89' lang='lat' dir='ltr'><strong><em>per</em></strong></span> <span class='ocrx_word' id='word_1_840' title='bbox 1788 4905 1945 4952; x_wconf 89' lang='lat' dir='ltr'><strong><em>quam</em></strong></span> <span class='ocrx_word' id='word_1_841' title='bbox 1975 4903 2205 4952; x_wconf 87' lang='lat' dir='ltr'><strong><em>propugu</em></strong></span> <span class='ocrx_word' id='word_1_842' title='bbox 2229 4896 2326 4936; x_wconf 85' lang='grc' dir='ltr'><strong><em>-ιυ-</em></strong></span> 
     </span>
    </p>
   </div>
   <div class='ocr_carea' id='block_1_121' title="bbox 762 4959 2325 5028">
    <p class='ocr_par' dir='ltr' id='par_1_121' title="bbox 762 4959 2325 5028">
     <span class='ocr_line' id='line_1_121' title="bbox 762 4959 2325 5028; baseline -0.004 -16"><span class='ocrx_word' id='word_1_843' title='bbox 762 4965 902 5014; x_wconf 85' lang='lat' dir='ltr'><strong><em>ribus</em></strong></span> <span class='ocrx_word' id='word_1_844' title='bbox 942 4972 1055 5014; x_wconf 87' lang='lat' dir='ltr'><strong><em>erat</em></strong></span> <span class='ocrx_word' id='word_1_845' title='bbox 1085 4965 1282 5028; x_wconf 82' lang='lat' dir='ltr'><strong><em>pervia.</em></strong></span> <span class='ocrx_word' id='word_1_846' title='bbox 1315 4963 1642 5023; x_wconf 87' lang='lat' dir='ltr'><strong><em>semidiruta,</em></strong></span> <span class='ocrx_word' id='word_1_847' title='bbox 1677 4961 1836 5012; x_wconf 82' lang='lat' dir='ltr'><strong><em>turris</em></strong></span> <span class='ocrx_word' id='word_1_848' title='bbox 1867 4959 2156 5028; x_wconf 66' lang='lat' dir='ltr'><strong><em>eﬂ&#39;riugttur</em></strong></span> <span class='ocrx_word' id='word_1_849' title='bbox 2179 4973 2192 5006; x_wconf 87' lang='lat'><em>;</em></span> <span class='ocrx_word' id='word_1_850' title='bbox 2217 4971 2325 5028; x_wconf 93' lang='lat' dir='ltr'><strong><em>quo</em></strong></span> 
     </span>
    </p>
   </div>
   <div class='ocr_carea' id='block_1_122' title="bbox 764 5026 2325 5098">
    <p class='ocr_par' dir='ltr' id='par_1_122' title="bbox 764 5026 2325 5098">
     <span class='ocr_line' id='line_1_122' title="bbox 764 5026 2325 5098; baseline -0.004 -16"><span class='ocrx_word' id='word_1_851' title='bbox 764 5035 902 5098; x_wconf 67' lang='lat' dir='ltr'><strong><em>facta</em></strong></span> <span class='ocrx_word' id='word_1_852' title='bbox 935 5026 1116 5085; x_wconf 85' lang='lat' dir='ltr'><strong><em>rumor</em></strong></span> <span class='ocrx_word' id='word_1_853' title='bbox 1144 5033 1323 5096; x_wconf 85' lang='lat' dir='ltr'><strong><em>ingens</em></strong></span> <span class='ocrx_word' id='word_1_854' title='bbox 1349 5042 1559 5082; x_wconf 61' lang='lat' dir='ltr'><strong><em>exortus</em></strong></span> <span class='ocrx_word' id='word_1_855' title='bbox 1593 5043 1686 5089; x_wconf 85' lang='lat' dir='ltr'><strong><em>est.</em></strong></span> <span class='ocrx_word' id='word_1_856' title='bbox 1719 5046 1871 5098; x_wconf 87' lang='lat' dir='ltr'><strong><em>quem</em></strong></span> <span class='ocrx_word' id='word_1_857' title='bbox 1896 5026 2015 5079; x_wconf 88' lang='lat' dir='ltr'><strong><em>cum</em></strong></span> <span class='ocrx_word' id='word_1_858' title='bbox 2049 5026 2325 5076; x_wconf 86' lang='lat' dir='ltr'><strong><em>audivisset</em></strong></span> 
     </span>
    </p>
   </div>
   <div class='ocr_carea' id='block_1_123' title="bbox 762 5101 2326 5165">
    <p class='ocr_par' dir='ltr' id='par_1_123' title="bbox 762 5101 2326 5165">
     <span class='ocr_line' id='line_1_123' title="bbox 762 5101 2326 5165; baseline -0.005 -11"><span class='ocrx_word' id='word_1_859' title='bbox 762 5104 1031 5165; x_wconf 84' lang='lat' dir='ltr'><strong><em>patricius.</em></strong></span> <span class='ocrx_word' id='word_1_860' title='bbox 1063 5102 1306 5152; x_wconf 75' lang='lat' dir='ltr'><strong><em>continuo</em></strong></span> <span class='ocrx_word' id='word_1_861' title='bbox 1339 5101 1564 5151; x_wconf 67' lang='lat' dir='ltr'><strong><em>surrexit</em></strong></span> <span class='ocrx_word' id='word_1_862' title='bbox 1603 5104 1904 5164; x_wconf 85' lang='lat' dir='ltr'><strong><em>impransus</em></strong></span> <span class='ocrx_word' id='word_1_863' title='bbox 1936 5113 1962 5149; x_wconf 87' lang='lat' dir='ltr'><strong><em>e</em></strong></span> <span class='ocrx_word' id='word_1_864' title='bbox 1995 5111 2194 5150; x_wconf 89' lang='lat' dir='ltr'><strong><em>utensa.</em></strong></span> <span class='ocrx_word' id='word_1_865' title='bbox 2232 5109 2326 5165; x_wconf 83' lang='lat' dir='ltr'><strong><em>pro</em></strong></span> 
     </span>
    </p>
   </div>
   <div class='ocr_carea' id='block_1_124' title="bbox 761 5163 2326 5224">
    <p class='ocr_par' dir='ltr' id='par_1_124' title="bbox 761 5163 2326 5224">
     <span class='ocr_line' id='line_1_124' title="bbox 761 5163 2326 5224; baseline -0.006 -1"><span class='ocrx_word' id='word_1_866' title='bbox 761 5163 909 5224; x_wconf 76' lang='lat' dir='ltr'><strong><em>scala</em></strong></span> <span class='ocrx_word' id='word_1_867' title='bbox 939 5171 1089 5224; x_wconf 86' lang='lat' dir='ltr'><strong><em>valde</em></strong></span> <span class='ocrx_word' id='word_1_868' title='bbox 1116 5171 1368 5221; x_wconf 87' lang='lat' dir='ltr'><strong><em>sollicitus</em></strong></span> <span class='ocrx_word' id='word_1_869' title='bbox 1401 5171 1586 5222; x_wconf 89' lang='lat' dir='ltr'><strong><em>animi.</em></strong></span> <span class='ocrx_word' id='word_1_870' title='bbox 1616 5170 1740 5221; x_wconf 87' lang='lat' dir='ltr'><strong><em>Jam</em></strong></span> <span class='ocrx_word' id='word_1_871' title='bbox 1778 5186 1893 5222; x_wconf 82' lang='lat' dir='ltr'><strong><em>vero</em></strong></span> <span class='ocrx_word' id='word_1_872' title='bbox 1917 5166 2139 5219; x_wconf 70' lang='lat' dir='ltr'><strong><em>Barbari</em></strong></span> <span class='ocrx_word' id='word_1_873' title='bbox 2170 5163 2326 5217; x_wconf 84' lang='lat' dir='ltr'><strong><em>simul</em></strong></span> 
     </span>
    </p>
   </div>
   <div class='ocr_carea' id='block_1_125' title="bbox 763 5237 2326 5307">
    <p class='ocr_par' dir='ltr' id='par_1_125' title="bbox 763 5237 2326 5307">
     <span class='ocr_line' id='line_1_125' title="bbox 763 5237 2326 5307; baseline -0.004 -16"><span class='ocrx_word' id='word_1_874' title='bbox 763 5241 915 5293; x_wconf 84' lang='lat' dir='ltr'><strong><em>illam</em></strong></span> <span class='ocrx_word' id='word_1_875' title='bbox 942 5243 1235 5307; x_wconf 80' lang='lat' dir='ltr'><strong><em>disruptum</em></strong></span> <span class='ocrx_word' id='word_1_876' title='bbox 1267 5256 1569 5307; x_wconf 80' lang='lat' dir='ltr'><strong><em>perseusere</em></strong></span> <span class='ocrx_word' id='word_1_877' title='bbox 1595 5242 1806 5306; x_wconf 87' lang='lat' dir='ltr'><strong><em>(quippe</em></strong></span> <span class='ocrx_word' id='word_1_878' title='bbox 1831 5255 1948 5290; x_wconf 87' lang='lat' dir='ltr'><strong><em>cum</em></strong></span> <span class='ocrx_word' id='word_1_879' title='bbox 1978 5250 2134 5302; x_wconf 86' lang='lat' dir='ltr'><strong><em>prope</em></strong></span> <span class='ocrx_word' id='word_1_880' title='bbox 2159 5237 2326 5307; x_wconf 79' lang='lat' dir='ltr'><strong><em>ipsum</em></strong></span> 
     </span>
    </p>
   </div>
   <div class='ocr_carea' id='block_1_126' title="bbox 765 5304 2326 5377">
    <p class='ocr_par' dir='ltr' id='par_1_126' title="bbox 765 5304 2326 5377">
     <span class='ocr_line' id='line_1_126' title="bbox 765 5304 2326 5377; baseline -0.005 -15"><span class='ocrx_word' id='word_1_881' title='bbox 765 5311 1001 5376; x_wconf 64' lang='lat' dir='ltr'><strong><em>lapidum</em></strong></span> <span class='ocrx_word' id='word_1_882' title='bbox 1031 5304 1277 5377; x_wconf 67' lang='lat' dir='ltr'><strong><em>profectio</em></strong></span> <span class='ocrx_word' id='word_1_883' title='bbox 1313 5304 1804 5376; x_wconf 59' lang='lat' dir='ltr'><strong><em>contigissetimuro</em></strong></span> <span class='ocrx_word' id='word_1_884' title='bbox 1837 5323 2027 5373; x_wconf 85' lang='lat' dir='ltr'><strong><em>magna</em></strong></span> <span class='ocrx_word' id='word_1_885' title='bbox 2062 5321 2178 5377; x_wconf 87' lang='lat' dir='ltr'><strong><em>cum</em></strong></span> <span class='ocrx_word' id='word_1_886' title='bbox 2208 5304 2326 5354; x_wconf 89' lang='lat' dir='ltr'><strong><em>ala-</em></strong></span> 
     </span>
    </p>
   </div>
   <div class='ocr_carea' id='block_1_127' title="bbox 765 5375 2325 5446">
    <p class='ocr_par' dir='ltr' id='par_1_127' title="bbox 765 5375 2325 5446">
     <span class='ocr_line' id='line_1_127' title="bbox 765 5375 2325 5446; baseline -0.005 -15"><span class='ocrx_word' id='word_1_887' title='bbox 765 5375 953 5432; x_wconf 87' lang='lat' dir='ltr'><strong><em>critate</em></strong></span> <span class='ocrx_word' id='word_1_888' title='bbox 985 5375 1334 5446; x_wconf 66' lang='lat' dir='ltr'><strong><em>propinmtan:</em></strong></span> <span class='ocrx_word' id='word_1_889' title='bbox 1363 5393 1378 5428; x_wconf 92' lang='lat'><strong><em>:</em></strong></span> <span class='ocrx_word' id='word_1_890' title='bbox 1411 5375 1625 5444; x_wconf 81' lang='lat' dir='ltr'><strong><em>cumque</em></strong></span> <span class='ocrx_word' id='word_1_891' title='bbox 1664 5379 1868 5430; x_wconf 83' lang='lat' dir='ltr'><strong><em>nonnisi</em></strong></span> <span class='ocrx_word' id='word_1_892' title='bbox 1901 5391 2091 5442; x_wconf 83' lang='lat' dir='ltr'><strong><em>paucos</em></strong></span> <span class='ocrx_word' id='word_1_893' title='bbox 2126 5375 2176 5446; x_wconf 90' lang='lat' dir='ltr'><strong><em>iu</em></strong></span> <span class='ocrx_word' id='word_1_894' title='bbox 2209 5384 2325 5446; x_wconf 84' lang='lat' dir='ltr'><strong><em>tur_-_</em></strong></span> 
     </span>
    </p>
   </div>
   <div class='ocr_carea' id='block_1_128' title="bbox 767 5443 2327 5516">
    <p class='ocr_par' dir='ltr' id='par_1_128' title="bbox 767 5443 2327 5516">
     <span class='ocr_line' id='line_1_128' title="bbox 767 5443 2327 5516; baseline -0.004 -16"><span class='ocrx_word' id='word_1_895' title='bbox 767 5451 840 5501; x_wconf 89' lang='lat' dir='ltr'><strong><em>ris</em></strong></span> <span class='ocrx_word' id='word_1_896' title='bbox 871 5443 1110 5516; x_wconf 71' lang='lat' dir='ltr'><strong><em>prwsidto</em></strong></span> <span class='ocrx_word' id='word_1_897' title='bbox 1142 5443 1329 5516; x_wconf 84' lang='lat' dir='ltr'><strong><em>positos</em></strong></span> <span class='ocrx_word' id='word_1_898' title='bbox 1359 5443 1643 5515; x_wconf 87' lang='lat' dir='ltr'><strong><em>conspirati</em></strong></span> <span class='ocrx_word' id='word_1_899' title='bbox 1676 5457 1862 5502; x_wconf 85' lang='lat' dir='ltr'><strong><em>essent.</em></strong></span> <span class='ocrx_word' id='word_1_900' title='bbox 1896 5449 1984 5497; x_wconf 89' lang='lat' dir='ltr'><strong><em>hos</em></strong></span> <span class='ocrx_word' id='word_1_901' title='bbox 2021 5445 2225 5510; x_wconf 71' lang='lat' dir='ltr'><strong><em>lortiter</em></strong></span> <span class='ocrx_word' id='word_1_902' title='bbox 2261 5443 2327 5494; x_wconf 87' lang='lat' dir='ltr'><strong><em>tbi</em></strong></span> 
     </span>
    </p>
   </div>
   <div class='ocr_carea' id='block_1_129' title="bbox 768 5516 2327 5585">
    <p class='ocr_par' dir='ltr' id='par_1_129' title="bbox 768 5516 2327 5585">
     <span class='ocr_line' id='line_1_129' title="bbox 768 5516 2327 5585; baseline -0.004 -15"><span class='ocrx_word' id='word_1_903' title='bbox 768 5531 1118 5585; x_wconf 79' lang='lat' dir='ltr'><strong><em>repugnantes</em></strong></span> <span class='ocrx_word' id='word_1_904' title='bbox 1158 5523 1622 5578; x_wconf 83' lang='lat' dir='ltr'><strong><em>eontrucidarunt,</em></strong></span> <span class='ocrx_word' id='word_1_905' title='bbox 1663 5520 1798 5570; x_wconf 75' lang='lat' dir='ltr'><strong><em>inter</em></strong></span> <span class='ocrx_word' id='word_1_906' title='bbox 1842 5532 1967 5584; x_wconf 84' lang='lat' dir='ltr'><strong><em>quos</em></strong></span> <span class='ocrx_word' id='word_1_907' title='bbox 2010 5516 2166 5566; x_wconf 87' lang='lat' dir='ltr'><strong><em>etiam</em></strong></span> <span class='ocrx_word' id='word_1_908' title='bbox 2207 5521 2327 5585; x_wconf 76' lang='lat' dir='ltr'><strong><em>erat</em></strong></span> 
     </span>
    </p>
   </div>
   <div class='ocr_carea' id='block_1_130' title="bbox 766 5583 2327 5656">
    <p class='ocr_par' dir='ltr' id='par_1_130' title="bbox 766 5583 2327 5656">
     <span class='ocr_line' id='line_1_130' title="bbox 766 5583 2327 5656; baseline -0.004 -16"><span class='ocrx_word' id='word_1_909' title='bbox 766 5583 947 5642; x_wconf 82' lang='lat' dir='ltr'><strong><em>beatus</em></strong></span> <span class='ocrx_word' id='word_1_910' title='bbox 986 5589 1216 5641; x_wconf 78' lang='lat' dir='ltr'><strong><em>Joannes</em></strong></span> <span class='ocrx_word' id='word_1_911' title='bbox 1253 5592 1532 5656; x_wconf 63' lang='lat' dir='ltr'><strong><em>patricias,</em></strong></span> <span class='ocrx_word' id='word_1_912' title='bbox 1578 5605 1679 5656; x_wconf 85' lang='lat' dir='ltr'><strong><em>quo</em></strong></span> <span class='ocrx_word' id='word_1_913' title='bbox 1721 5583 1860 5655; x_wconf 76' lang='lat' dir='ltr'><strong><em>facta</em></strong></span> <span class='ocrx_word' id='word_1_914' title='bbox 1891 5587 2139 5656; x_wconf 68' lang='lat' dir='ltr'><strong><em>libet-ein</em></strong></span> <span class='ocrx_word' id='word_1_915' title='bbox 2176 5583 2327 5634; x_wconf 82' lang='lat' dir='ltr'><strong><em>illaut</em></strong></span> 
     </span>
    </p>
   </div>
   <div class='ocr_carea' id='block_1_131' title="bbox 769 5654 2327 5726">
    <p class='ocr_par' dir='ltr' id='par_1_131' title="bbox 769 5654 2327 5726">
     <span class='ocr_line' id='line_1_131' title="bbox 769 5654 2327 5726; baseline -0.004 -18"><span class='ocrx_word' id='word_1_916' title='bbox 769 5663 1150 5716; x_wconf 81' lang='lat' dir='ltr'><strong><em>conscendunt.</em></strong></span> <span class='ocrx_word' id='word_1_917' title='bbox 1197 5654 1358 5726; x_wconf 85' lang='lat' dir='ltr'><strong><em>eaque</em></strong></span> <span class='ocrx_word' id='word_1_918' title='bbox 1399 5654 1605 5709; x_wconf 84' lang='lat' dir='ltr'><strong><em>demum</em></strong></span> <span class='ocrx_word' id='word_1_919' title='bbox 1650 5654 1797 5724; x_wconf 82' lang='lat' dir='ltr'><strong><em>potiti</em></strong></span> <span class='ocrx_word' id='word_1_920' title='bbox 1839 5666 1980 5708; x_wconf 88' lang='lat' dir='ltr'><strong><em>sunt.</em></strong></span> <span class='ocrx_word' id='word_1_921' title='bbox 2035 5654 2327 5726; x_wconf 10' lang='lat' dir='ltr'><strong><em>Ilincrvero</em></strong></span> 
     </span>
    </p>
   </div>
   <div class='ocr_carea' id='block_1_132' title="bbox 771 5725 2329 5796">
    <p class='ocr_par' dir='ltr' id='par_1_132' title="bbox 771 5725 2329 5796">
     <span class='ocr_line' id='line_1_132' title="bbox 771 5725 2329 5796; baseline -0.002 -19"><span class='ocrx_word' id='word_1_922' title='bbox 771 5730 1004 5794; x_wconf 49' lang='lat' dir='ltr'><strong><em>deinceps</em></strong></span> <span class='ocrx_word' id='word_1_923' title='bbox 1039 5732 1088 5781; x_wconf 91' lang='lat' dir='ltr'><strong><em>ia</em></strong></span> <span class='ocrx_word' id='word_1_924' title='bbox 1121 5725 1328 5781; x_wconf 67' lang='lat' dir='ltr'><strong><em>modum</em></strong></span> <span class='ocrx_word' id='word_1_925' title='bbox 1366 5731 1594 5796; x_wconf 80' lang='lat' dir='ltr'><strong><em>[luminis</em></strong></span> <span class='ocrx_word' id='word_1_926' title='bbox 1625 5745 1716 5794; x_wconf 77' lang='lat' dir='ltr'><strong><em>per</em></strong></span> <span class='ocrx_word' id='word_1_927' title='bbox 1749 5738 1915 5779; x_wconf 84' lang='lat' dir='ltr'><strong><em>totam</em></strong></span> <span class='ocrx_word' id='word_1_928' title='bbox 1946 5729 2122 5778; x_wconf 80' lang='lat' dir='ltr'><strong><em>urbem</em></strong></span> <span class='ocrx_word' id='word_1_929' title='bbox 2157 5725 2329 5790; x_wconf 58' lang='lat' dir='ltr'><strong><em>diffusi</em></strong></span> 
     </span>
    </p>
   </div>
   <div class='ocr_carea' id='block_1_133' title="bbox 775 5796 2328 5866">
    <p class='ocr_par' dir='ltr' id='par_1_133' title="bbox 775 5796 2328 5866">
     <span class='ocr_line' id='line_1_133' title="bbox 775 5796 2328 5866; baseline -0.003 -17"><span class='ocrx_word' id='word_1_930' title='bbox 775 5799 826 5849; x_wconf 85' lang='lat' dir='ltr'><strong><em>iu</em></strong></span> <span class='ocrx_word' id='word_1_931' title='bbox 867 5800 1076 5850; x_wconf 84' lang='lat' dir='ltr'><strong><em>illorum</em></strong></span> <span class='ocrx_word' id='word_1_932' title='bbox 1102 5811 1370 5864; x_wconf 64' lang='lat' dir='ltr'><strong><em>conspectu</em></strong></span> <span class='ocrx_word' id='word_1_933' title='bbox 1398 5798 1679 5850; x_wconf 86' lang='lat' dir='ltr'><strong><em>volitabant</em></strong></span> <span class='ocrx_word' id='word_1_934' title='bbox 1714 5800 1802 5866; x_wconf 89' lang='lat' dir='ltr'><strong><em>qui</em></strong></span> <span class='ocrx_word' id='word_1_935' title='bbox 1830 5800 1897 5847; x_wconf 90' lang='lat' dir='ltr'><strong><em>ad</em></strong></span> <span class='ocrx_word' id='word_1_936' title='bbox 1933 5796 2328 5862; x_wconf 85' lang='lat' dir='ltr'><strong><em>repugnandum</em></strong></span> 
     </span>
    </p>
   </div>
   <div class='ocr_carea' id='block_1_134' title="bbox 776 5867 2326 5939">
    <p class='ocr_par' dir='ltr' id='par_1_134' title="bbox 776 5867 2326 5939">
     <span class='ocr_line' id='line_1_134' title="bbox 776 5867 2326 5939; baseline -0.002 -20"><span class='ocrx_word' id='word_1_937' title='bbox 776 5870 942 5920; x_wconf 81' lang='lat' dir='ltr'><strong><em>adhuc</em></strong></span> <span class='ocrx_word' id='word_1_938' title='bbox 972 5887 1190 5939; x_wconf 66' lang='lat' dir='ltr'><strong><em>caitgrey</em></strong></span> <span class='ocrx_word' id='word_1_939' title='bbox 1213 5872 1258 5923; x_wconf 72' lang='lat' dir='ltr'><strong><em>.b</em></strong></span> <span class='ocrx_word' id='word_1_940' title='bbox 1282 5882 1440 5922; x_wconf 69' lang='lat' dir='ltr'><strong><em>antur.</em></strong></span> <span class='ocrx_word' id='word_1_941' title='bbox 1479 5873 1549 5920; x_wconf 69' lang='lat' dir='ltr'><strong><em>Ac</em></strong></span> <span class='ocrx_word' id='word_1_942' title='bbox 1583 5871 1807 5936; x_wconf 85' lang='lat' dir='ltr'><strong><em>primum</em></strong></span> <span class='ocrx_word' id='word_1_943' title='bbox 1842 5870 1902 5922; x_wconf 88' lang='lat' dir='ltr'><strong><em>iis</em></strong></span> <span class='ocrx_word' id='word_1_944' title='bbox 1931 5869 2016 5937; x_wconf 81' lang='lat' dir='ltr'><strong><em>qui</em></strong></span> <span class='ocrx_word' id='word_1_945' title='bbox 2045 5867 2113 5918; x_wconf 89' lang='lat' dir='ltr'><strong><em>ad</em></strong></span> <span class='ocrx_word' id='word_1_946' title='bbox 2142 5867 2326 5918; x_wconf 73' lang='lat' dir='ltr'><strong><em>Stiua-</em></strong></span> 
     </span>
    </p>
   </div>
   <div class='ocr_carea' id='block_1_135' title="bbox 2435 4606 4004 4674">
    <p class='ocr_par' dir='ltr' id='par_1_135' title="bbox 2435 4606 4004 4674">
     <span class='ocr_line' id='line_1_135' title="bbox 2435 4606 4004 4674; baseline -0.001 -18"><span class='ocrx_word' id='word_1_947' title='bbox 2435 4609 2611 4659; x_wconf 84' lang='lat' dir='ltr'><strong><em>urbem</em></strong></span> <span class='ocrx_word' id='word_1_948' title='bbox 2643 4611 2910 4666; x_wconf 87' lang='lat' dir='ltr'><strong><em>ductos.et</em></strong></span> <span class='ocrx_word' id='word_1_949' title='bbox 2940 4611 2995 4661; x_wconf 90' lang='lat' dir='ltr'><strong><em>in</em></strong></span> <span class='ocrx_word' id='word_1_950' title='bbox 3032 4606 3208 4661; x_wconf 83' lang='lat' dir='ltr'><strong><em>orbem</em></strong></span> <span class='ocrx_word' id='word_1_951' title='bbox 3241 4609 3514 4674; x_wconf 87' lang='lat' dir='ltr'><strong><em>dispositos</em></strong></span> <span class='ocrx_word' id='word_1_952' title='bbox 3555 4621 3658 4656; x_wconf 87' lang='lat' dir='ltr'><strong><em>uno</em></strong></span> <span class='ocrx_word' id='word_1_953' title='bbox 3689 4607 3885 4669; x_wconf 73' lang='lat' dir='ltr'><strong><em>impetu</em></strong></span> <span class='ocrx_word' id='word_1_954' title='bbox 3918 4606 4004 4655; x_wconf 79' lang='lat' dir='ltr'><strong><em>in-</em></strong></span> 
     </span>
    </p>
   </div>
   <div class='ocr_carea' id='block_1_136' title="bbox 2432 4674 4005 4746">
    <p class='ocr_par' dir='ltr' id='par_1_136' title="bbox 2432 4674 4005 4746">
     <span class='ocr_line' id='line_1_136' title="bbox 2432 4674 4005 4746; baseline -0.001 -19"><span class='ocrx_word' id='word_1_955' title='bbox 2432 4678 2626 4729; x_wconf 82' lang='lat' dir='ltr'><strong><em>vadunt</em></strong></span> <span class='ocrx_word' id='word_1_956' title='bbox 2663 4682 2948 4746; x_wconf 61' lang='lat' dir='ltr'><strong><em>agrestium</em></strong></span> <span class='ocrx_word' id='word_1_957' title='bbox 2983 4695 3173 4731; x_wconf 89' lang='lat' dir='ltr'><strong><em>canum</em></strong></span> <span class='ocrx_word' id='word_1_958' title='bbox 3217 4680 3270 4730; x_wconf 89' lang='lat' dir='ltr'><strong><em>in</em></strong></span> <span class='ocrx_word' id='word_1_959' title='bbox 3309 4694 3534 4732; x_wconf 81' lang='lat' dir='ltr'><strong><em>morem.</em></strong></span> <span class='ocrx_word' id='word_1_960' title='bbox 3573 4684 3621 4725; x_wconf 87' lang='lat' dir='ltr'><strong><em>et</em></strong></span> <span class='ocrx_word' id='word_1_961' title='bbox 3672 4676 3761 4725; x_wconf 88' lang='lat' dir='ltr'><strong><em>hos</em></strong></span> <span class='ocrx_word' id='word_1_962' title='bbox 3795 4674 4005 4738; x_wconf 80' lang='lat' dir='ltr'><strong><em>quidem</em></strong></span> 
     </span>
    </p>
   </div>
   <div class='ocr_carea' id='block_1_137' title="bbox 2434 4746 4005 4811">
    <p class='ocr_par' dir='ltr' id='par_1_137' title="bbox 2434 4746 4005 4811">
     <span class='ocr_line' id='line_1_137' title="bbox 2434 4746 4005 4811; baseline -0.001 -15"><span class='ocrx_word' id='word_1_963' title='bbox 2434 4746 2725 4811; x_wconf 82' lang='lat' dir='ltr'><strong><em>lapidibus.</em></strong></span> <span class='ocrx_word' id='word_1_964' title='bbox 2765 4755 2854 4800; x_wconf 90' lang='lat' dir='ltr'><strong><em>hos</em></strong></span> <span class='ocrx_word' id='word_1_965' title='bbox 2894 4765 3012 4802; x_wconf 82' lang='lat' dir='ltr'><strong><em>vero</em></strong></span> <span class='ocrx_word' id='word_1_966' title='bbox 3051 4748 3281 4809; x_wconf 83' lang='lat' dir='ltr'><strong><em>baculis,</em></strong></span> <span class='ocrx_word' id='word_1_967' title='bbox 3317 4748 3449 4798; x_wconf 87' lang='lat' dir='ltr'><strong><em>alios</em></strong></span> <span class='ocrx_word' id='word_1_968' title='bbox 3487 4747 3681 4802; x_wconf 70' lang='lat' dir='ltr'><strong><em>hastis.</em></strong></span> <span class='ocrx_word' id='word_1_969' title='bbox 3726 4760 3859 4809; x_wconf 91' lang='lat' dir='ltr'><strong><em>quas</em></strong></span> <span class='ocrx_word' id='word_1_970' title='bbox 3893 4759 4005 4807; x_wconf 78' lang='lat' dir='ltr'><strong><em>pra&#39;</em></strong></span> 
     </span>
    </p>
   </div>
   <div class='ocr_carea' id='block_1_138' title="bbox 2435 4817 4005 4885">
    <p class='ocr_par' dir='ltr' id='par_1_138' title="bbox 2435 4817 4005 4885">
     <span class='ocr_line' id='line_1_138' title="bbox 2435 4817 4005 4885; baseline 0.001 -24"><span class='ocrx_word' id='word_1_971' title='bbox 2435 4817 2670 4869; x_wconf 67' lang='lat' dir='ltr'><strong><em>&quot;ignibus</em></strong></span> <span class='ocrx_word' id='word_1_972' title='bbox 2701 4820 2979 4880; x_wconf 71' lang='lat' dir='ltr'><strong><em>habebant,</em></strong></span> <span class='ocrx_word' id='word_1_973' title='bbox 3010 4821 3262 4885; x_wconf 90' lang='lat' dir='ltr'><strong><em>quosdam</em></strong></span> <span class='ocrx_word' id='word_1_974' title='bbox 3287 4817 3446 4868; x_wconf 88' lang='lat' dir='ltr'><strong><em>etiam</em></strong></span> <span class='ocrx_word' id='word_1_975' title='bbox 3474 4817 3860 4885; x_wconf 61' lang='lat' dir='ltr'><strong><em>quibuscunque</em></strong></span> <span class='ocrx_word' id='word_1_976' title='bbox 3884 4828 4005 4879; x_wconf 79' lang='lat' dir='ltr'><strong><em>qua:</em></strong></span> 
     </span>
    </p>
   </div>
   <div class='ocr_carea' id='block_1_139' title="bbox 2431 4883 4005 4953">
    <p class='ocr_par' dir='ltr' id='par_1_139' title="bbox 2431 4883 4005 4953">
     <span class='ocr_line' id='line_1_139' title="bbox 2431 4883 4005 4953; baseline -0.003 -17"><span class='ocrx_word' id='word_1_977' title='bbox 2431 4902 2484 4936; x_wconf 91' lang='lat' dir='ltr'><strong><em>se</em></strong></span> <span class='ocrx_word' id='word_1_978' title='bbox 2509 4887 2723 4953; x_wconf 79' lang='lat' dir='ltr'><strong><em>fortuito</em></strong></span> <span class='ocrx_word' id='word_1_979' title='bbox 2769 4883 3072 4940; x_wconf 77' lang='lat' dir='ltr'><strong><em>obtulissent</em></strong></span> <span class='ocrx_word' id='word_1_980' title='bbox 3112 4883 3876 4941; x_wconf 80' lang='lat' dir='ltr'><strong><em>instrumentiscrudelissime</em></strong></span> <span class='ocrx_word' id='word_1_981' title='bbox 3920 4899 4005 4932; x_wconf 84' lang='lat' dir='ltr'><strong><em>iu-</em></strong></span> 
     </span>
    </p>
   </div>
   <div class='ocr_carea' id='block_1_140' title="bbox 2431 4954 4002 5016">
    <p class='ocr_par' dir='ltr' id='par_1_140' title="bbox 2431 4954 4002 5016">
     <span class='ocr_line' id='line_1_140' title="bbox 2431 4954 4002 5016; baseline -0.002 -10"><span class='ocrx_word' id='word_1_982' title='bbox 2431 4967 2717 5014; x_wconf 85' lang='lat' dir='ltr'><strong><em>sectantes.</em></strong></span> <span class='ocrx_word' id='word_1_983' title='bbox 2753 4972 2904 5010; x_wconf 85' lang='lat' dir='ltr'><strong><em>morti</em></strong></span> <span class='ocrx_word' id='word_1_984' title='bbox 2935 4961 3164 5016; x_wconf 83' lang='lat' dir='ltr'><strong><em>dabant.</em></strong></span> <span class='ocrx_word' id='word_1_985' title='bbox 3195 4967 3241 5008; x_wconf 88' lang='lat' dir='ltr'><strong><em>et</em></strong></span> <span class='ocrx_word' id='word_1_986' title='bbox 3286 4959 3452 5008; x_wconf 79' lang='lat' dir='ltr'><strong><em>adhuc</em></strong></span> <span class='ocrx_word' id='word_1_987' title='bbox 3496 4954 3686 5005; x_wconf 80' lang='lat' dir='ltr'><strong><em>animis</em></strong></span> <span class='ocrx_word' id='word_1_988' title='bbox 3721 4955 4002 5003; x_wconf 83' lang='lat' dir='ltr'><strong><em>immanis-</em></strong></span> 
     </span>
    </p>
   </div>
   <div class='ocr_carea' id='block_1_141' title="bbox 2431 5023 4007 5094">
    <p class='ocr_par' dir='ltr' id='par_1_141' title="bbox 2431 5023 4007 5094">
     <span class='ocr_line' id='line_1_141' title="bbox 2431 5023 4007 5094; baseline 0.008 -26"><span class='ocrx_word' id='word_1_989' title='bbox 2431 5027 2560 5077; x_wconf 69' lang='lat' dir='ltr'><strong><em>sima</em></strong></span> <span class='ocrx_word' id='word_1_990' title='bbox 2589 5030 2876 5086; x_wconf 46' lang='lat' dir='ltr'><strong><em>sapientes.</em></strong></span> <span class='ocrx_word' id='word_1_991' title='bbox 2907 5032 3090 5081; x_wconf 92' lang='lat' dir='ltr'><strong><em>horum</em></strong></span> <span class='ocrx_word' id='word_1_992' title='bbox 3130 5043 3349 5094; x_wconf 86' lang='lat' dir='ltr'><strong><em>corpora</em></strong></span> <span class='ocrx_word' id='word_1_993' title='bbox 3383 5034 3731 5094; x_wconf 71' lang='lat' dir='ltr'><strong><em>constitutione</em></strong></span> <span class='ocrx_word' id='word_1_994' title='bbox 3761 5023 4007 5094; x_wconf 48' lang='lat' dir='ltr'><strong><em>absume-</em></strong></span> 
     </span>
    </p>
   </div>
   <div class='ocr_carea' id='block_1_142' title="bbox 2433 5091 4002 5160">
    <p class='ocr_par' dir='ltr' id='par_1_142' title="bbox 2433 5091 4002 5160">
     <span class='ocr_line' id='line_1_142' title="bbox 2433 5091 4002 5160; baseline -0.003 -14"><span class='ocrx_word' id='word_1_995' title='bbox 2433 5096 2578 5147; x_wconf 91' lang='lat' dir='ltr'><strong><em>bant.</em></strong></span> <span class='ocrx_word' id='word_1_996' title='bbox 2634 5096 2736 5149; x_wconf 75' lang='lat' dir='ltr'><strong><em>Nec</em></strong></span> <span class='ocrx_word' id='word_1_997' title='bbox 2785 5115 2902 5150; x_wconf 79' lang='lat' dir='ltr'><strong><em>vero</em></strong></span> <span class='ocrx_word' id='word_1_998' title='bbox 2954 5098 3160 5149; x_wconf 88' lang='lat' dir='ltr'><strong><em>silentio</em></strong></span> <span class='ocrx_word' id='word_1_999' title='bbox 3213 5091 3485 5160; x_wconf 70' lang='lat' dir='ltr'><strong><em>prieteribo</em></strong></span> <span class='ocrx_word' id='word_1_1000' title='bbox 3535 5091 3717 5160; x_wconf 89' lang='lat' dir='ltr'><strong><em>qualia</em></strong></span> <span class='ocrx_word' id='word_1_1001' title='bbox 3767 5092 4002 5142; x_wconf 89' lang='lat' dir='ltr'><strong><em>barbara</em></strong></span> 
     </span>
    </p>
   </div>
   <div class='ocr_carea' id='block_1_143' title="bbox 2433 5160 4002 5232">
    <p class='ocr_par' dir='ltr' id='par_1_143' title="bbox 2433 5160 4002 5232">
     <span class='ocr_line' id='line_1_143' title="bbox 2433 5160 4002 5232; baseline -0.003 -17"><span class='ocrx_word' id='word_1_1002' title='bbox 2433 5165 2760 5219; x_wconf 76' lang='lat' dir='ltr'><strong><em>crudtlitatis</em></strong></span> <span class='ocrx_word' id='word_1_1003' title='bbox 2808 5169 3048 5232; x_wconf 68' lang='lat' dir='ltr'><strong><em>exempla</em></strong></span> <span class='ocrx_word' id='word_1_1004' title='bbox 3089 5169 3141 5220; x_wconf 90' lang='lat' dir='ltr'><strong><em>in</em></strong></span> <span class='ocrx_word' id='word_1_1005' title='bbox 3186 5167 3424 5219; x_wconf 73' lang='lat' dir='ltr'><strong><em>A&#39;icetam</em></strong></span> <span class='ocrx_word' id='word_1_1006' title='bbox 3473 5162 3815 5215; x_wconf 77' lang='lat' dir='ltr'><strong><em>exercueiint.</em></strong></span> <span class='ocrx_word' id='word_1_1007' title='bbox 3866 5160 4002 5212; x_wconf 71' lang='lat' dir='ltr'><strong><em>Erat</em></strong></span> 
     </span>
    </p>
   </div>
   <div class='ocr_carea' id='block_1_144' title="bbox 2433 5233 4002 5306">
    <p class='ocr_par' dir='ltr' id='par_1_144' title="bbox 2433 5233 4002 5306">
     <span class='ocr_line' id='line_1_144' title="bbox 2433 5233 4002 5306; baseline -0.003 -21"><span class='ocrx_word' id='word_1_1008' title='bbox 2433 5237 2513 5285; x_wconf 88' lang='lat' dir='ltr'><strong><em>ltic</em></strong></span> <span class='ocrx_word' id='word_1_1009' title='bbox 2553 5240 2814 5289; x_wconf 73' lang='lat' dir='ltr'><strong><em>Tarsensis</em></strong></span> <span class='ocrx_word' id='word_1_1010' title='bbox 2854 5255 3076 5306; x_wconf 81' lang='lat' dir='ltr'><strong><em>genere.</em></strong></span> <span class='ocrx_word' id='word_1_1011' title='bbox 3114 5248 3272 5305; x_wconf 89' lang='lat' dir='ltr'><strong><em>atque</em></strong></span> <span class='ocrx_word' id='word_1_1012' title='bbox 3308 5240 3358 5286; x_wconf 88' lang='lat' dir='ltr'><strong><em>in</em></strong></span> <span class='ocrx_word' id='word_1_1013' title='bbox 3403 5250 3456 5284; x_wconf 86' lang='lat' dir='ltr'><strong><em>re</em></strong></span> <span class='ocrx_word' id='word_1_1014' title='bbox 3497 5233 3714 5306; x_wconf 78' lang='lat' dir='ltr'><strong><em>militari</em></strong></span> <span class='ocrx_word' id='word_1_1015' title='bbox 3758 5233 4002 5294; x_wconf 83' lang='lat' dir='ltr'><strong><em>apprime</em></strong></span> 
     </span>
    </p>
   </div>
   <div class='ocr_carea' id='block_1_145' title="bbox 2434 5302 4003 5374">
    <p class='ocr_par' dir='ltr' id='par_1_145' title="bbox 2434 5302 4003 5374">
     <span class='ocr_line' id='line_1_145' title="bbox 2434 5302 4003 5374; baseline -0.002 -21"><span class='ocrx_word' id='word_1_1016' title='bbox 2434 5305 2702 5374; x_wconf 87' lang='lat' dir='ltr'><strong><em>eruditus.</em></strong></span> <span class='ocrx_word' id='word_1_1017' title='bbox 2763 5317 2809 5358; x_wconf 93' lang='lat' dir='ltr'><strong><em>et</em></strong></span> <span class='ocrx_word' id='word_1_1018' title='bbox 2855 5302 3132 5366; x_wconf 78' lang='lat' dir='ltr'><strong><em>strenuus.</em></strong></span> <span class='ocrx_word' id='word_1_1019' title='bbox 3183 5302 3270 5374; x_wconf 86' lang='lat' dir='ltr'><strong><em>qui</em></strong></span> <span class='ocrx_word' id='word_1_1020' title='bbox 3322 5302 3724 5372; x_wconf 78' lang='lat' dir='ltr'><strong><em>appagrtatiouis</em></strong></span> <span class='ocrx_word' id='word_1_1021' title='bbox 3766 5309 4003 5374; x_wconf 81' lang='lat' dir='ltr'><strong><em>tempore</em></strong></span> 
     </span>
    </p>
   </div>
   <div class='ocr_carea' id='block_1_146' title="bbox 2433 5371 4002 5442">
    <p class='ocr_par' dir='ltr' id='par_1_146' title="bbox 2433 5371 4002 5442">
     <span class='ocr_line' id='line_1_146' title="bbox 2433 5371 4002 5442; baseline -0.003 -18"><span class='ocrx_word' id='word_1_1022' title='bbox 2433 5373 2645 5439; x_wconf 85' lang='lat' dir='ltr'><strong><em>i-upium</em></strong></span> <span class='ocrx_word' id='word_1_1023' title='bbox 2687 5377 3029 5429; x_wconf 70' lang='lat' dir='ltr'><strong><em>.ilahomctem</em></strong></span> <span class='ocrx_word' id='word_1_1024' title='bbox 3075 5371 3210 5442; x_wconf 84' lang='lat' dir='ltr'><strong><em>apud</em></strong></span> <span class='ocrx_word' id='word_1_1025' title='bbox 3253 5371 3370 5426; x_wconf 90' lang='lat' dir='ltr'><strong><em>eam</em></strong></span> <span class='ocrx_word' id='word_1_1026' title='bbox 3393 5371 3668 5424; x_wconf 68' lang='lat' dir='ltr'><strong><em>tuitionem</em></strong></span> <span class='ocrx_word' id='word_1_1027' title='bbox 3715 5371 4002 5442; x_wconf 51' lang='lat' dir='ltr'><strong><em>prs-pheta-</em></strong></span> 
     </span>
    </p>
   </div>
   <div class='ocr_carea' id='block_1_147' title="bbox 2436 5438 4002 5504">
    <p class='ocr_par' dir='ltr' id='par_1_147' title="bbox 2436 5438 4002 5504">
     <span class='ocr_line' id='line_1_147' title="bbox 2436 5438 4002 5504; baseline -0.001 -12"><span class='ocrx_word' id='word_1_1028' title='bbox 2436 5438 2550 5494; x_wconf 83' lang='lat' dir='ltr'><strong><em>raut</em></strong></span> <span class='ocrx_word' id='word_1_1029' title='bbox 2574 5448 3038 5498; x_wconf 82' lang='lat' dir='ltr'><strong><em>eminentissimum</em></strong></span> <span class='ocrx_word' id='word_1_1030' title='bbox 3065 5438 3295 5497; x_wconf 68' lang='lat' dir='ltr'><strong><em>[subitum</em></strong></span> <span class='ocrx_word' id='word_1_1031' title='bbox 3329 5444 3615 5495; x_wconf 76' lang='lat' dir='ltr'><strong><em>maledictis</em></strong></span> <span class='ocrx_word' id='word_1_1032' title='bbox 3642 5438 4002 5504; x_wconf 81' lang='lat' dir='ltr'><strong><em>compluribus</em></strong></span> 
     </span>
    </p>
   </div>
   <div class='ocr_carea' id='block_1_148' title="bbox 2433 5511 3997 5583">
    <p class='ocr_par' dir='ltr' id='par_1_148' title="bbox 2433 5511 3997 5583">
     <span class='ocr_line' id='line_1_148' title="bbox 2433 5511 3997 5583; baseline -0.002 -22"><span class='ocrx_word' id='word_1_1033' title='bbox 2433 5517 2662 5583; x_wconf 87' lang='lat' dir='ltr'><strong><em>quotidie</em></strong></span> <span class='ocrx_word' id='word_1_1034' title='bbox 2693 5518 3074 5583; x_wconf 84' lang='lat' dir='ltr'><strong><em>proscindebat.</em></strong></span> <span class='ocrx_word' id='word_1_1035' title='bbox 3113 5515 3265 5566; x_wconf 80' lang='lat' dir='ltr'><strong><em>ll-tnc</em></strong></span> <span class='ocrx_word' id='word_1_1036' title='bbox 3294 5515 3356 5566; x_wconf 91' lang='lat' dir='ltr'><strong><em>ab</em></strong></span> <span class='ocrx_word' id='word_1_1037' title='bbox 3388 5511 3864 5583; x_wconf 72' lang='lat' dir='ltr'><strong><em>interﬁciendorum</em></strong></span> <span class='ocrx_word' id='word_1_1038' title='bbox 3894 5525 3997 5558; x_wconf 83' lang='lat' dir='ltr'><strong><em>nu-</em></strong></span> 
     </span>
    </p>
   </div>
   <div class='ocr_carea' id='block_1_149' title="bbox 2437 5579 3998 5647">
    <p class='ocr_par' dir='ltr' id='par_1_149' title="bbox 2437 5579 3998 5647">
     <span class='ocr_line' id='line_1_149' title="bbox 2437 5579 3998 5647; baseline -0.004 -12"><span class='ocrx_word' id='word_1_1039' title='bbox 2437 5579 2910 5638; x_wconf 64' lang='lat' dir='ltr'><strong><em>ntero&#39;setiocatum</em></strong></span> <span class='ocrx_word' id='word_1_1040' title='bbox 2957 5587 3099 5636; x_wconf 76' lang='lat' dir='ltr'><strong><em>nurui</em></strong></span> <span class='ocrx_word' id='word_1_1041' title='bbox 3151 5585 3463 5635; x_wconf 80' lang='lat' dir='ltr'><strong><em>reclinautes</em></strong></span> <span class='ocrx_word' id='word_1_1042' title='bbox 3499 5581 3742 5647; x_wconf 87' lang='lat' dir='ltr'><strong><em>supinum</em></strong></span> <span class='ocrx_word' id='word_1_1043' title='bbox 3790 5579 3998 5644; x_wconf 85' lang='lat' dir='ltr'><strong><em>(tuam.</em></strong></span> 
     </span>
    </p>
   </div>
   <div class='ocr_carea' id='block_1_150' title="bbox 2441 5649 3997 5722">
    <p class='ocr_par' dir='ltr' id='par_1_150' title="bbox 2441 5649 3997 5722">
     <span class='ocr_line' id='line_1_150' title="bbox 2441 5649 3997 5722; baseline -0.001 -21"><span class='ocrx_word' id='word_1_1044' title='bbox 2441 5653 2596 5713; x_wconf 78' lang='lat' dir='ltr'><strong><em>Deus.</em></strong></span> <span class='ocrx_word' id='word_1_1045' title='bbox 2627 5669 2953 5708; x_wconf 58' lang='lat' dir='ltr'><strong><em>dementiam</em></strong></span> <span class='ocrx_word' id='word_1_1046' title='bbox 2976 5655 3220 5722; x_wconf 81' lang='lat' dir='ltr'><strong><em>imploro)</em></strong></span> <span class='ocrx_word' id='word_1_1047' title='bbox 3245 5656 3448 5705; x_wconf 84' lang='lat' dir='ltr'><strong><em>thorace</em></strong></span> <span class='ocrx_word' id='word_1_1048' title='bbox 3472 5651 3687 5717; x_wconf 88' lang='lat' dir='ltr'><strong><em>pectoris</em></strong></span> <span class='ocrx_word' id='word_1_1049' title='bbox 3719 5650 3787 5700; x_wconf 82' lang='lat' dir='ltr'><strong><em>ad</em></strong></span> <span class='ocrx_word' id='word_1_1050' title='bbox 3807 5649 3997 5722; x_wconf 82' lang='lat' dir='ltr'><strong><em>pubem</em></strong></span> 
     </span>
    </p>
   </div>
   <div class='ocr_carea' id='block_1_151' title="bbox 2435 5720 3997 5790">
    <p class='ocr_par' dir='ltr' id='par_1_151' title="bbox 2435 5720 3997 5790">
     <span class='ocr_line' id='line_1_151' title="bbox 2435 5720 3997 5790; baseline -0.003 -17"><span class='ocrx_word' id='word_1_1051' title='bbox 2435 5739 2591 5789; x_wconf 76' lang='lat' dir='ltr'><strong><em>osque</em></strong></span> <span class='ocrx_word' id='word_1_1052' title='bbox 2621 5729 2784 5777; x_wconf 87' lang='lat' dir='ltr'><strong><em>virum</em></strong></span> <span class='ocrx_word' id='word_1_1053' title='bbox 2816 5720 3230 5787; x_wconf 86' lang='lat' dir='ltr'><strong><em>decortiearunt,</em></strong></span> <span class='ocrx_word' id='word_1_1054' title='bbox 3263 5724 3421 5790; x_wconf 78' lang='lat' dir='ltr'><strong><em>eﬂ&#39;usa</em></strong></span> <span class='ocrx_word' id='word_1_1055' title='bbox 3456 5738 3572 5774; x_wconf 87' lang='lat' dir='ltr'><strong><em>vero</em></strong></span> <span class='ocrx_word' id='word_1_1056' title='bbox 3601 5737 3691 5788; x_wconf 88' lang='lat' dir='ltr'><strong><em>per</em></strong></span> <span class='ocrx_word' id='word_1_1057' title='bbox 3719 5720 3997 5770; x_wconf 86' lang='lat' dir='ltr'><strong><em>sectionem</em></strong></span> 
     </span>
    </p>
   </div>
   <div class='ocr_carea' id='block_1_152' title="bbox 2436 5790 3998 5856">
    <p class='ocr_par' dir='ltr' id='par_1_152' title="bbox 2436 5790 3998 5856">
     <span class='ocr_line' id='line_1_152' title="bbox 2436 5790 3998 5856; baseline -0.001 -14"><span class='ocrx_word' id='word_1_1058' title='bbox 2436 5793 2629 5847; x_wconf 82' lang='lat' dir='ltr'><strong><em>viscera</em></strong></span> <span class='ocrx_word' id='word_1_1059' title='bbox 2663 5797 2825 5847; x_wconf 84' lang='lat' dir='ltr'><strong><em>contis</em></strong></span> <span class='ocrx_word' id='word_1_1060' title='bbox 2856 5796 3206 5846; x_wconf 82' lang='lat' dir='ltr'><strong><em>diluitiab.titt.</em></strong></span> <span class='ocrx_word' id='word_1_1061' title='bbox 3250 5797 3326 5845; x_wconf 77' lang='lat' dir='ltr'><strong><em>Ad</em></strong></span> <span class='ocrx_word' id='word_1_1062' title='bbox 3365 5797 3470 5844; x_wconf 78' lang='lat' dir='ltr'><strong><em>litu&#39;</em></strong></span> <span class='ocrx_word' id='word_1_1063' title='bbox 3499 5809 3585 5843; x_wconf 90' lang='lat' dir='ltr'><strong><em>cor</em></strong></span> <span class='ocrx_word' id='word_1_1064' title='bbox 3620 5807 3786 5856; x_wconf 79' lang='lat' dir='ltr'><strong><em>ipsum</em></strong></span> <span class='ocrx_word' id='word_1_1065' title='bbox 3825 5790 3998 5840; x_wconf 88' lang='lat' dir='ltr'><strong><em>mani—</em></strong></span> 
     </span>
    </p>
   </div>
   <div class='ocr_carea' id='block_1_153' title="bbox 2440 5860 3999 5929">
    <p class='ocr_par' dir='ltr' id='par_1_153' title="bbox 2440 5860 3999 5929">
     <span class='ocr_line' id='line_1_153' title="bbox 2440 5860 3999 5929; baseline -0.005 -11"><span class='ocrx_word' id='word_1_1066' title='bbox 2440 5869 2528 5918; x_wconf 81' lang='lat' dir='ltr'><strong><em>bus</em></strong></span> <span class='ocrx_word' id='word_1_1067' title='bbox 2553 5868 2788 5920; x_wconf 85' lang='lat' dir='ltr'><strong><em>avulsum</em></strong></span> <span class='ocrx_word' id='word_1_1068' title='bbox 2825 5867 2885 5918; x_wconf 92' lang='lat' dir='ltr'><strong><em>ab</em></strong></span> <span class='ocrx_word' id='word_1_1069' title='bbox 2909 5869 3112 5919; x_wconf 83' lang='lat' dir='ltr'><strong><em>homine</em></strong></span> <span class='ocrx_word' id='word_1_1070' title='bbox 3137 5866 3306 5918; x_wconf 88' lang='lat' dir='ltr'><strong><em>adhuc</em></strong></span> <span class='ocrx_word' id='word_1_1071' title='bbox 3332 5865 3564 5918; x_wconf 83' lang='lat' dir='ltr'><strong><em>suiraute</em></strong></span> <span class='ocrx_word' id='word_1_1072' title='bbox 3589 5861 3866 5929; x_wconf 73' lang='lat' dir='ltr'><strong><em>plusquam</em></strong></span> <span class='ocrx_word' id='word_1_1073' title='bbox 3897 5860 3999 5911; x_wconf 75' lang='lat' dir='ltr'><strong><em>int-</em></strong></span> 
     </span>
    </p>
   </div>
  </div>
