4220 6440
754 380 858 443 ii9

2029 382 2348 443 JOANNIS
2389 384 2707 445 ZUNARzE

3899 385 4001 446 12-“)

751 493 961 552 'l‘riduo
990 497 1178 567 elapso
1208 497 1401 553 classis
1432 497 1683 567 AEgyptia
1712 496 2079 554 Tarsensibus
2116 498 2325 553 auxilio
2354 512 2395 565 Α

2354 512 2395 565 Α
2431 516 2523 570 ρος
2560 499 2765 568 ταύτης
2798 499 2946 554 ἑάλω
2983 499 3466 572 πολιορκούμενον,
3523 501 3574 553 οῖ
3613 500 3656 553 δ’
3708 499 3767 551 ἐν
3820 498 3995 567 τούτῳ

753 589 938 655 missa,
982 588 1051 643 ad
1107 598 1305 644 terram
1353 588 1664 659 appellendi
1713 589 2027 644 facultatem
2068 605 2176 642 non
2218 601 2307 642 na-

752 679 891 743 buit,
922 679 1232 749 eademque
1286 679 1340 733 in
1395 680 1577 735 reditu
1607 690 1664 736 et
1693 689 1983 734 ventorum
2019 678 2278 749 procellis
2303 716 2320 741 .

748 781 805 826 et
843 770 1213 826 Romanarum
1257 772 1562 825 triremium
1588 772 1995 826 incursionibus
2034 771 2227 841 tnzjori
2254 787 2320 824 ex

754 873 907 923 parte
939 863 1119 931 periit.
1154 862 1457 931 Imperator
1474 863 2002 933 Constantinopolim
2037 878 2318 923 reversus,

748 968 922 1008 aereas
954 953 1107 1008 Tarsi
1152 964 1207 1009 ct
1276 953 1588 1025 Mopvestiae
1656 967 1839 1025 portas
1902 954 2158 1023 exquisiti
2193 955 2322 1008 arti-

752 1044 883 1110 ficii,
911 1046 1069 1100 novis
1106 1047 1447 1101 ornamentis
1485 1047 1718 1112 additis,
1755 1047 1953 1116 partim
1982 1062 2142 1101 muro
2164 1048 2320 1116 juxta

750 1134 1065 1204 Acropolim
1097 1137 1376 1201 orientali,
1410 1141 1607 1207 partim
1641 1138 1971 1193 occidentali
2007 1152 2323 1192 accommo-

750 1225 922 1291 davit,
966 1236 1131 1298 atque
1166 1230 1333 1283 etiam
1365 1231 1477 1283 Deo
1522 1231 1679 1300 quasi
1709 1231 1983 1301 primitias
2014 1229 2323 1298 expeditio-

750 1317 837 1371 nis
864 1334 978 1374 suae
999 1319 1201 1374 obtulit
1227 1338 1239 1373 :
1277 1323 1612 1376 venerandis
1640 1323 1927 1386 crucibus,
1952 1321 2160 1390 quibus
2192 1319 2319 1372 Bar-

750 1409 867 1464 bari
912 1412 1070 1480 potiti
1122 1412 1374 1473 fuerant.
1426 1429 1550 1468 cum
1616 1414 1863 1485 Stypiola
1904 1414 2183 1483 legionum
2222 1411 2319 1466 do-

750 1503 1028 1567 mesticus,
1075 1504 1129 1558 in
1181 1506 1468 1560 obsidione
1508 1506 1694 1570 Tarsi,
1735 1522 1795 1560 re
1844 1522 1942 1575 per
2006 1505 2322 1573 impruden-

751 1593 879 1646 tiam
905 1595 1047 1650 male
1069 1605 1239 1664 gesta.
1270 1596 1481 1651 cladem
1505 1597 1826 1664 accepisset.
1852 1596 2064 1649 Sanctae
2092 1594 2312 1664 Sophia:

749 1687 953 1755 templo
979 1688 1264 1752 dedicatis,
1286 1688 1525 1759 Cyprum
1560 1704 1781 1758 quoque
1807 1690 1874 1742 ab
1903 1689 2163 1758 Agarcnis
2206 1704 2301 1740 oe-

746 1787 1023 1847 cupatam,
1048 1779 1294 1834 Romano
1321 1780 1551 1850 imperio
1576 1780 1836 1835 restituit.
1869 1780 2075 1834 Deinde
2106 1779 2315 1849 Syriam

2425 591 2725 661 ’Δγαρηνοὶ
2756 590 2895 662 πρὸς
2930 592 2992 645 τὸ
3040 592 3228 645 λοιπὸν
3257 590 3671 663 μετεχώρησαν,
3720 590 3800 659 τῷ
3826 605 4002 642 κατα-

2425 682 2765 753 λελειμμένῳ
2818 682 2927 755 πῦρ
2973 684 3301 755 ἐμϐαλόντες
3332 702 3346 716 ·
3393 679 3513 737 εἶτα
3556 682 3651 735 καὶ
3698 681 3759 734 τδ
3806 681 3998 748 ἕτερον

2425 774 2678 833 ἑαλώκει.
2706 776 2799 829 καὶ
2828 775 3005 839 οὐδεὶς
3032 776 3243 830 ἐκεῖθεν
3271 776 3474 847 διέδρα.
3516 776 3626 843 Τὴν
3656 774 3712 827 δὲ
3749 774 3849 838 τῆς
3879 773 3998 826 Μο-

2423 865 2717 933 ψουεστίας
2748 867 3085 937 ἐκπόρθησιν
3133 869 3184 922 οῖ
3238 871 3296 920 ἐν
3341 871 3406 938 τῇ
3455 865 3656 937 Ταρσῷ
3708 865 3997 935 μαθόντες,

2421 955 2514 1008 τὸν
2549 955 2773 1025 βασιλέα
2805 956 3229 1019 ἐπεκαλέσαντο,
3265 957 3360 1009 καὶ
3399 958 3500 1027 τὴν
3553 955 3709 1007 πόλιν
3753 952 3998 1023 παραδε-

2423 1047 2686 1100 δώκασιν.
2737 1048 2996 1118 Ἦμερῶν
3027 1048 3083 1101 δὲ
3122 1047 3291 1118 τριῶν
3334 1045 3678 1110 διελθουσῶν,
3715 1047 3900 1107 στόλος
3925 1043 3988 1108 ἐξ

2423 1140 2703 1206 Αἰγύπτου
2731 1142 2794 1207 τῇ
2842 1139 3042 1210 Ταρσῷ
3077 1139 3360 1209 βοηθήσων
3409 1138 3769 1201 κατέπλευσε,
3824 1152 3999 1206 προσ-

2422 1232 2631 1286 οκεῖλαι
2661 1233 2717 1285 δέ
2738 1234 2803 1301 τῇ
2842 1232 3023 1302 χέρσῳ
3052 1233 3114 1286 οὐ
3152 1232 3568 1301 συγκεχώρητοο
3594 1232 3674 1283 διὸ
3707 1230 3802 1283 καὶ
3839 1225 3999 1291 αὖθις

2424 1324 2798 1378 ἀπέπλευσεν
2831 1325 3050 1394 ἀνέμων
3092 1325 3147 1377 δέ
3202 1324 3406 1393 βιαῖαις
3475 1326 3687 1386 πνοιαῖς
3768 1338 4000 1391 περιπε-

2423 1414 2657 1475 πτωκὼς
2688 1416 2780 1467 καὶ
2808 1432 2836 1467 τ
2845 1414 3411 1484 ριὴρεσιῬωμαῖκαῖς
3441 1418 3470 1468 ὁ
3495 1414 3590 1468 πλε
3602 1414 3693 1467 ian
3717 1413 3997 1466 ἀπώλετο.

2435 1509 2493 1560 ὐ
2533 1509 2587 1559 δὲ
2618 1506 2873 1575 βασιλεὺς
2907 1507 3269 1572 ἐπανέζευξεν
3296 1510 3375 1569 εἰς
3416 1507 3514 1578 τὴν
3563 1505 3998 1568 Κωνσταντίνου,

2423 1601 2521 1661 τὰς
2552 1601 2650 1668 τῆς
2693 1600 2910 1668 Ταρσοῦ
2963 1600 3135 1663 πύλας
3192 1601 3287 1654 καὶ
3339 1600 3441 1664 τὰς
3480 1600 3582 1667 τῆς
3611 1597 3997 1668 Μοψουεστίας

2425 1689 2787 1758 ἐπαγόμενος,
2846 1691 2909 1741 ἐκ
2949 1690 3157 1758 χαλκοῦ
3204 1689 3605 1757 πεποιημένας.
3645 1689 3743 1743 καὶ
3800 1688 4000 1757 τέχνης

2425 1781 2780 1842 ὄεικνυούσας
2827 1780 3133 1849 ἀκρίϐειαν,
3179 1779 3246 1843 ἃς
3284 1781 3538 1841 κάκεῖνος
3592 1779 3999 1847 ἐπικοσμήσας.

749 1870 967 1933 invasit,
1014 1880 1069 1924 et
1120 1870 1355 1925 urbibus
1398 1846 1471 1927 ad
1535 1872 1833 1936 Libanum,
1866 1880 1921 1925 ct
1962 1872 2120 1940 juxta
2146 1846 2319 1923 'mare
2353 1846 2393 1904 Β

2353 1846 2393 1904 Β
2423 1871 2521 1933 τὰς
2555 1872 2655 1939 μὲν
2682 1871 2761 1940 τῷ
2794 1846 2934 1925 κατᾶ
2959 1874 3057 1941 τὴν
3099 1872 3422 1942 Ἀκρόπολιν
3467 1870 3587 1943 ἑῴῳ
3615 1846 3997 1940 τεὶχεινπροσ-

746 1960 868 2015 ι-ἰῐίε
897 1961 1095 2031 partim
1139 1962 1485 2033 expugnatis,
1522 1963 1719 2031 partim
1763 1964 2011 2023 vadatis,
2075 1963 2139 2015 ad
2197 1963 2309 2015 An-

745 2051 1004 2107 tiochiam
1050 2053 1222 2107 venit.
1261 2053 1365 2108 Sed
1400 2054 1762 2107 Antiochenis
1794 2055 1975 2108 acrius
2006 2072 2061 2107 re
2080 2054 2314 2106 .istenti-

747 2142 880 2207 bus,
918 2144 1218 2198 accedente
1262 2148 1428 2198 etiam
1455 2153 1797 2199 commeatus
1825 2144 2075 2214 penuria,
2111 2152 2167 2196 et
2195 2144 2314 2197 solo

746 2234 1015 2289 imbribus
1062 2235 1372 2297 inundate.
1432 2237 1608 2291 soluta
1670 2237 1957 2291 obsidione
2004 2237 2056 2289 in
2120 2236 2311 2290 urbem

744 2325 1051 2394 principem
1094 2337 1176 2380 est
1217 2343 1495 2393 reversus,
1576 2328 1737 2381 ailata
1766 2327 2074 2382 Servatoris
2108 2326 2311 2382 Christi

747 2430 900 2470 sacra
948 2417 1244 2487 divinaque
1305 2416 1504 2486 emgie.
1554 2417 1826 2486 liierapoli
1874 2418 2042 2489 Syria:
2099 2419 2151 2471 in
2206 2418 2312 2472 olla

749 2516 989 2575 reperta,
1070 2522 1125 2562 et
1182 2522 1334 2578 parte
1393 2510 1715 2576 capillorum
1771 2509 1997 2564 Joannis
2047 2509 2304 2578 Baptista

747 2596 1015 2664 sanguine
1060 2608 1336 2653 concreta.
1371 2598 1447 2651 Ae
1499 2599 1554 2651 in
1603 2599 1769 2652 rebus
1798 2598 2009 2652 bellicis
2056 2599 2178 2652 talis
2213 2598 2314 2651 fuit

744 2688 835 2742 hic
865 2688 1186 2758 imperator,
1231 2691 1573 2760 Romanique
1616 2691 1829 2760 imperii
1866 2691 2000 2744 lines
2047 2691 2205 2759 longe
2232 2690 2313 2743 la-

747 2789 909 2849 teque
955 2782 1300 2849 propagavit.
1346 2782 1450 2835 Sed
1488 2784 1654 2836 certis
1701 2782 1768 2835 de
1813 2782 2018 2845 causis,
2069 2782 2313 2835 omnium

745 2869 871 2923 odia
926 2873 1191 2940 suscepit.
1230 2872 1319 2925 Eae
1356 2874 1603 2934 fuerunt,
1627 2874 1771 2942 quod
1805 2890 1928 2926 cum
1999 2874 2033 2926 ii
2088 2874 2313 2934 milites,

744 2976 887 3029 quos
929 2961 1257 3017 defeetionis
1308 2966 1489 3017 socios
1531 2965 1819 3030 habuerat,
1870 2965 2029 3018 obvia
2082 2979 2315 3034 quaeque

746 3062 1047 3119 vastarent,
1092 3070 1189 3108 eos
1221 3055 1312 3123 qui
1348 3056 1543 3110 damna
1601 3055 1865 3115 fecerant,
1915 3074 2021 3109 non
2066 3057 2312 3119 curabat,

744 3153 801 3195 et
870 3145 1059 3198 multis
1083 3147 1296 3200 :edibns
1351 3156 1463 3200 tum
1518 3148 1679 3216 202
1715 3148 2008 3201 illustrium
2047 3157 2157 3199 tum
2196 3147 2312 3215 pie-

749 3235 995 3289 Leiornm
1031 3237 1314 3291 hominum
1345 3238 1599 3307 direptis.
1630 3239 1709 3291 sic
1734 3239 1967 3292 affectus
1997 3248 2137 3301 erat,
2160 3238 2315 3307 quasi

746 3326 887 3379 nihil
921 3328 1047 3383 mali
1077 3329 1412 3384 accidisset:
1450 3329 1544 3383 sed
1587 3330 1964 3383 delectabatur
2004 3334 2187 3398 potius
2233 3330 2317 3381 in-

740 3417 926 3486 juriis,
982 3419 1188 3488 quibus
1224 3422 1376 3474 cives
1405 3420 1801 3483 oncrabantur,
1847 3420 2099 3490 quamvis
2125 3436 2315 3476 eorum

744 3522 850 3576 ope
880 3508 947 3563 ad
980 3509 1271 3577 imperium
1298 3512 1665 3579 pervenisset.
1705 3512 2000 3575 Pratterea,
2032 3512 2320 3566 continen—

748 3600 883 3653 lium
925 3599 1196 3654 bellorum
1250 3610 1517 3670 prwtextu
1571 3602 1724 3656 novis
1765 3603 1986 3658 tributis
2018 3603 2316 3657 instituen-

746 3690 857 3749 dis.
890 3699 947 3745 et
975 3691 1258 3745 veteribus
1285 3692 1573 3760 augendis,
1600 3696 1783 3747 onmis
1817 3694 2036 3763 generis
2076 3696 2319 3749 exactio-

748 3783 909 3835 nibus
937 3781 1188 3835 subditos
1217 3783 1522 3850 premebat,
1552 3800 1691 3854 quos
1727 3785 1931 3839 milites
1984 3802 2318 3856 quocunque

748 3884 1015 3928 venerant
1058 3874 1235 3928 nihilo
1277 3876 1607 3932 clementius
1647 3878 1960 3932 tractabant
2004 3894 2167 3947 quam
2215 3879 2317 3933 ho-

748 3979 878 4024 stes.
918 3968 998 4022 Ad
1027 3969 1142 4023 haec
1166 3970 1239 4022 ob
1269 3970 1594 4039 frequentes
1631 3972 2035 4041 expeditiones,
2066 3973 2317 4041 pecuniae

748 4060 988 4130 inopiam
1024 4060 1303 4115 causando
1343 4062 1728 4131 imperatorias
1755 4062 2071 4133 largitiones
2092 4062 2308 4117 senatui

746 4151 864 4204 dari
904 4152 1118 4215 solitas,
1167 4168 1233 4205 ex
1262 4162 1415 4220 parte
1447 4153 1832 4215 imminuebat,
1869 4161 1925 4208 et
1951 4167 2131 4205 annua
2162 4152 2305 4206 dona

748 4243 818 4295 ab
850 4242 1097 4310 antiquis
1125 4243 1467 4312 temporibus
1500 4244 1721 4312 templis
1754 4252 1812 4298 et
1840 4242 1965 4297 aliis
1999 4243 2104 4312 piis
2134 4243 2316 4296 domi-

748 4333 854 4387 bus
904 4334 1170 4388 attributa
1231 4336 1454 4405 penitus
1521 4336 1766 4390 sustulit.
1810 4336 2041 4389 Decreto
2092 4350 2314 4405 quoque

744 4426 946 4489 sanxit,
978 4442 1047 4482 ne
1079 4426 1236 4481 fundi
1271 4428 1633 4483 ecclesiarum
1663 4428 2017 4497 augerentitr,
2054 4426 2201 4497 quod
2231 4430 2315 4496 (nt

745 4517 862 4586 ipse
879 4517 1183 4586 asserebat)
1199 4535 1226 4570 a
1248 4518 1745 4574 sacerdotibusnon
1767 4521 1819 4572 in
1836 4519 2188 4574 ecclesiarum
2208 4519 2316 4573 uti-

743 4608 951 4662 litatem
971 4622 1103 4677 opes
1134 4608 1239 4663 illa:
1269 4609 1678 4664 conferrentur.
1699 4608 1830 4663 Orta
1857 4624 2022 4679 porro
2048 4610 2194 4663 inter
2219 4625 2313 4680 pa-

746 4697 1043 4752 triarebam
1075 4708 1133 4753 et
1163 4700 1453 4769 episcopos
1503 4699 1571 4755 de
1604 4700 1882 4770 suffragiis
1921 4701 2276 4755 contentione
2296 4740 2313 4763 ,

742 4804 867 4843 cum
894 4789 948 4843 hi
968 4790 1298 4845 decernendi
1323 4790 1608 4846 licentiam
1643 4800 1701 4845 et
1717 4791 2057 4861 approbandi
2076 4800 2318 4861 potesta.

744 4889 852 4934 tem
871 4880 976 4934 sibi
997 4882 1048 4935 vi
1065 4880 1374 4942 ndicarent,
1397 4882 1488 4937 iile
1506 4881 2230 4951 suffragiaxeprebcnderet,
2254 4890 2316 4935 ut

741 4989 864 5040 qua:
893 4989 994 5028 nec
1038 4974 1158 5029 sine
1186 4974 1495 5039 affectibus,
1529 4990 1633 5029 nec
1678 4983 1826 5028 recto
1846 4973 2057 5045 judicio
2100 4973 2313 5029 ferren-

746 5074 853 5124 tur.
881 5081 1218 5135 cperamque
1246 5066 1422 5129 daret,
1448 5076 1507 5121 ut
1530 5067 1598 5120 ab
1624 5067 1689 5119 iis
1711 5066 1980 5136 judicium
1997 5065 2228 5120 facturis
2259 5074 2311 5119 et

742 5154 861 5225 ipse
887 5157 941 5209 in
974 5157 1668 5212 eonsilium.adhiberctur
1701 5174 1714 5211 :
1765 5159 2067 5227 imperator
2107 5164 2174 5211 c‘x
2207 5157 2312 5211 hoc

742 5255 961 5315 sumpta
993 5247 1305 5313 occasione,
1346 5257 1402 5302 et
1433 5248 1581 5301 onmi
1631 5246 1958 5301 auctoritate
1987 5245 2307 5315 designandi

742 5338 1036 5408 episcopos
1086 5338 1191 5392 sibi
1241 5340 1539 5403 vindicata,
1573 5338 1747 5393 edixit
1794 5352 1864 5391 ne
1908 5336 2200 5407 quisquam
2231 5337 2313 5390 in-

741 5427 897 5495 jussu
937 5444 1039 5483 suo
1072 5428 1128 5483 in
1162 5429 1325 5483 ullam
1363 5430 1661 5484 Ecclesiam
1700 5428 2037 5484 mitteretur.
2097 5428 2312 5482 Mortuo

743 5519 910 5588 igitur
943 5522 1200 5590 episeOpo
1220 5564 1234 5586 ,
1255 5538 1318 5576 ex
1340 5522 1608 5575 ministris
1628 5521 1743 5577 suis
1777 5521 1831 5578 in
1875 5521 2177 5576 Eccicsiam
2213 5535 2310 5573 va-

742 5621 956 5665 cantem
1009 5614 1261 5669 mittebat
1316 5614 1575 5683 aliquem,
1611 5629 1721 5682 quo
1762 5624 2015 5682 sumptus
2065 5626 2314 5665 necessa-

742 5708 857 5758 rios
889 5722 1049 5773 parce.
1092 5706 1354 5767 faciente,
1408 5708 1523 5776 ipse
1561 5708 1771 5776 reliqua
1821 5708 1925 5761 sibi
1970 5707 2305 5762 vindicabat.

740 5794 927 5867 Neque
975 5814 1109 5856 vero
1147 5813 1214 5855 co
1248 5799 1552 5869 imperante
1599 5800 1653 5854 in
1709 5799 1831 5854 ullis
1865 5800 2158 5871 provinciis
2206 5818 2304 5855 nn-

2424 1963 2652 2030 ήρμοσε,
2690 1961 2790 2023 τας
2854 1960 2909 2014 δὲ
2945 1962 3019 2030 τῷ
3044 1963 3210 2030 τείχει
3243 1963 3320 2031 τῷ
3353 1962 3583 2032 δυτικῷ.
3625 1964 3732 2015 Καὶ
3770 1961 3848 2031 τῷ
3875 1959 3998 2025 Θεῷ

2421 2053 2477 2106 δὲ
2509 2054 2763 2123 ἀπαρχὰς
2808 2050 2919 2107 οἷον
2968 2057 3067 2123 τῆς
3117 2053 3286 2108 αὑτοῦ
3335 2052 3626 2122 στρατείας
3677 2051 3995 2115 ἀποδιδοὺς,

2420 2146 2547 2206 τοὺς
2591 2145 2806 2213 τιμίους
2838 2145 3128 2213 σταυροὺς,
3185 2144 3279 2207 οὒς
3329 2146 3379 2197 οἱ
3438 2143 3716 2215 Βάρόαροι
3773 2142 3995 2205 ἔλαῦον,

2421 2235 2657 2307 ὁπηνίκα
2688 2237 2716 2288 ό
2746 2236 3091 2305 Στυπειώτης
3138 2236 3247 2288 τῶν
3293 2235 3499 2306 σχολῶν
3546 2235 3862 2304 δομέστικος
3894 2234 3994 2296 ὢν,

2424 2330 2517 2381 καὶ
2550 2327 2858 2396 πολιορκῶν
2886 2326 2986 2396 τὴν
3032 2327 3266 2396 Ταρσὸν,
3301 2331 3365 2380 ἐκ
3400 2325 3757 2387 κακοδουλίας
3804 2325 4001 2377 δυστυ-

2422 2419 2633 2488 χήματι
2663 2420 2984 2489 περιέπεσε,
3014 2418 3248 2488 τῷοεξῳ
3289 2420 3513 2488 τεμένει
3553 2417 3653 2485 τῆς
3706 2415 3801 2468 τοῦ
3857 2414 3997 2467 Θεοῦ

2423 2509 2603 2575 Λόγου
2649 2506 2850 2576 Σοφίας
2877 2508 3120 2561 ἀνέθετο.
3172 2508 3280 2560 Καὶ
3329 2508 3429 2576 τὴν
3468 2506 3694 2574 Κύπρον
3734 2503 3790 2555 δὲ
3843 2501 3999 2569 παρᾶ

2423 2596 2742 2667 Ἀγαρηνῶν
2803 2597 3200 2666 κατεχομένην,
3260 2596 3328 2648 δι’
3377 2593 3544 2648 αξ,τοῦ
3609 2597 3642 2664 ἡ
3704 2592 3996 2661 Ῥωμαίων

2424 2692 2568 2761 ἁρχὴ
2616 2693 3047 2760 προσεκτήσατο.
3098 2685 3231 2741 Εἶτα
3290 2690 3354 2757 τῇ
3416 2687 3589 2757 Συρίᾳ
3637 2683 3863 2753 ἐπῆλθε,
3903 2682 4013 2735 καὶ.

2424 2782 2611 2844 πόλεις
2642 2781 3014 2851 ἐκπορθήσας,
3060 2781 3153 2832 καὶ
3200 2779 3387 2847 χώρας
3446 2775 3584 2829 ἐλὼν
3620 2775 3758 2844 πρὸς
3785 2772 3864 2842 τῷ
3893 2773 3997 2826 At-

2423 2874 2573 2942 σὰνῳ
2612 2874 2704 2925 καὶ
2732 2876 2796 2942 τῇ
2843 2872 3091 2943 παραλία
3129 2870 3410 2939 κειμένας,
3452 2864 3617 2938 ἦλθεν
3661 2869 3741 2929 είς
3778 2865 3996 2919 Ἀντιό-

2423 2982 2596 3033 χειαν.
2639 2963 2761 3015 Τῶν
2796 2964 2863 3015 δ’·
2893 2961 3441 3025 ἀντικαθισταμένων
3482 2957 3992 3032 ἐρρωμενέστερον,

2422 3056 2524 3125 ἠδη
2550 3055 2604 3108 δὲ
2641 3055 2733 3107 καὶ
2769 3054 2879 3106 τῶν
2910 3052 3236 3121 ἐπιτηδείων
3266 3051 3656 3104 ἐπιλειπόντων
3685 3052 3800 3105 τοῖς
3825 3064 4002 3117 στρα-

2423 3145 2671 3209 τιώταις,
2714 3144 2809 3198 καὶ
2841 3144 3109 3213 τέλματος
3136 3141 3195 3206 ἐξ
3225 3140 3384 3194 ὑετοῦ
3436 3141 3724 3207 γεγονότος
3762 3135 3989 3198 πολλοῦ,

2423 3238 2645 3304 ἀπέστη
2675 3236 2772 3304 τῆς
2810 3233 3147 3305 πολιορκίας,
3182 3234 3277 3285 καὶ
3326 3232 3463 3302 πρὸς
3508 3235 3607 3300 τὴν
3639 3230 3750 3283 τῶν
3786 3229 3999 3282 πόλεων

2423 3328 2832 3398 ὑπερκειμένην
2875 3325 3298 3395 ἐπανελήλυθεν,
3331 3322 3643 3393 ἐπηγμένος
3672 3323 3766 3375 καὶ
3802 3321 3863 3373 τὸ
3896 3319 3994 3372 τοῦ

2424 3419 2679 3489 Σωτῆρος
2706 3416 2943 3489 Χριστοῦ
2994 3415 3138 3486 ἱερὸν
3173 3417 3266 3468 καὶ
3320 3414 3466 3467 Θεῖον
3523 3413 3850 3481 ἐκτύπωμα,
3882 3410 3911 3463 δ
3937 3412 3997 3462 ἐν

2421 3513 2651 3581 κεράμῳ
2681 3504 2808 3580 εὗρε
2844 3513 2985 3563 κατὰ
3023 3510 3123 3579 τὴν
3169 3507 3475 3578 Ἰεράπολιν
3500 3505 3599 3577 τὴν
3626 3506 3737 3558 τῶν
3767 3506 3986 3574 Σύρων,

2420 3604 2515 3658 καὶ
2538 3602 2835 3672 βόστρυλον
2880 3600 2977 3653 τοῦ
3005 3598 3320 3656 Βαπτιστοῦ
3352 3597 3604 3651 Ἰωάννου
3659 3597 3855 3665 αἵματι
3889 3611 3993 3647 πε-

2421 3695 2720 3766 φυρμένον.
2752 3694 2843 3747 Ἐν
2882 3693 2983 3763 μὶν
3043 3687 3142 3745 οὖν
3193 3691 3553 3761 στρατηγίαις
3596 3688 3837 3750 τοιοῦτος
3870 3689 3998 3755 ἐγε-

2419 3788 2568 3856 γόνει
2599 3789 2627 3841 ό
2654 3784 3041 3855 αὐτοκράτωρ,
3070 3784 3164 3838 καὶ
3192 3784 3287 3835 ἐπὶ
3325 3782 3539 3852 μακρόν
3585 3780 3816 3850 ηὐξήκει
3855 3779 3998 3831 Ῥω-

2422 3877 2605 3948 μαίοις
2640 3878 2709 3929 τὰ
2735 3877 2883 3947 ὅρια,
2914 3876 3136 3945 καὶτῆς
3169 3871 3353 3925 αὐτῶν
3401 3870 3701 3940 ἡγεμονίας
3752 3868 3997 3933 ἐξέτεινε

2419 3968 2487 4022 τὰ
2517 3968 2900 4037 σχοινίσματα.
2944 3964 3111 4017 Ἀλλὰ
3161 3964 3230 4017 δι’
3263 3963 3447 4023 αίτίας
3486 3964 3641 4023 τινὰς
3695 3961 3865 4013 πᾶσιν
3923 3954 3996 4028 ἦν

2422 4059 2706 4129 στυγητός.
2744 4058 2809 4111 Δί
2840 4057 2885 4110 δ’
2916 4055 3107 4118 αίτίαι,
3142 4057 3225 4108 ὅτι
3256 4054 3367 4106 τῶν
3414 4054 3510 4106 σὺν
3557 4051 3711 4121 αὐτῷ
3746 4053 3812 4120 τῇ
3847 4053 3992 4104 ἁπο-

2420 4152 2617 4222 στασία
2644 4152 3113 4221 ἐπιχειρησάντων
3138 4145 3493 4218 στρατιωτῶν
3522 4143 3711 4207 κακῶς
3751 4142 3998 4196 διατιθε-

2420 4242 2600 4311 μένων
2622 4241 2747 4302 τοὺς
2769 4233 2854 4301 οἷς
2887 4238 2952 4291 ἂν
2997 4238 3294 4308 ἐντύχοιεν,
3330 4235 3439 4288 τῶν
3474 4234 3833 4301 κακουμένων
3890 4233 3994 4285 οὐκ

2417 4326 2806 4396 ἐπεστρέφετο,
2835 4327 2931 4379 καὶ
2958 4325 3147 4378 οἰκιῶν
3185 4324 3402 4375 πολλῶν
3442 4322 3759 4390 περιφανῶν
3789 4338 3845 4373 τε
3891 4321 3999 4372 ἁν-

2416 4418 2560 4489 δρῶν
2590 4421 2685 4470 καὶ
2705 4415 3019 4487 δημοτικῶν
3049 4413 3485 4484 διαρπαγεισῶν,
3515 4414 3590 4474 ὡς
3636 4413 3853 4473 οὐδενος
3884 4429 3988 4464 κα.-

2353 4546 2393 4598 D
2420 4508 2518 4565 κοῦ
2546 4508 2858 4578 γεγονότος,
2890 4508 3150 4570 διέκειτο,
3199 4505 3405 4573 μᾶλλον
3458 4505 3558 4573 μὲν
3612 4500 3705 4556 οὖν
3747 4502 3843 4556 καὶ
3873 4504 3996 4554 ἐνε-

2416 4599 2611 4670 τρύφαι
2635 4602 2757 4662 ταῖς
2786 4600 2867 4662 εἰς
2897 4599 3022 4661 τοὺς
3051 4599 3252 4659 ἀστοδς
3307 4597 3643 4667 παροινίαις,
3680 4595 3776 4647 καὶ
3810 4594 3992 4648 ταῦτα

2421 4692 2838 4763 συναραμένους
2870 4690 3019 4760 αὐτῷ
3043 4689 3181 4759 πρὶς
3210 4689 3307 4756 τῆς
3334 4687 3614 4755 βασιλείας
3636 4689 3843 4755 τυχεῖν.
3881 4687 3996 4738 Καὶ

2416 4786 2500 4838 ὅτι
2532 4786 2804 4856 προφάσει
2857 4782 2966 4836 τῶν
3002 4782 3241 4852 συνεχῶν
3293 4781 3570 4850 πολέμων,
3608 4781 3822 4841 καιναῖς
3871 4782 3994 4830 εἰτ-

2418 4880 2612 4947 φοραῖς
2641 4876 2736 4928 καὶ
2782 4873 2893 4926 τῶν
2933 4873 3179 4942 ἀρχαίων
3200 4870 3487 4942 αὐξήσεσι,
3547 4873 3640 4922 καὶ
3671 4868 3828 4921 είόῶν
3877 4871 3994 4921 εἰσ-

2417 4967 2615 5039 πράξει
2644 4965 3005 5021 παντοδαπῶν
3049 4964 3308 5033 ἐξέτρυχε
3336 4963 3679 5031 τὸῦπήκοον,
3714 4962 3807 5013 καὶ
3832 4961 3991 5014 οὐδὲν

2415 5062 2638 5130 ἄμεινον
2672 5058 2952 5127 πολεμίων
3008 5056 3070 5107 τὸ
3100 5055 3497 5123 στρατιωτικὸν
3544 5053 3809 5107 ειετὶθετο
3850 5055 3989 5120 πρὸς

2415 5153 2509 5216 οὓς
2537 5152 2602 5205 ἂν
2628 5150 2740 5203 τῶν
2773 5148 3032 5220 ὑπηκόων
3053 5144 3453 5215 ἐπεχωρίασεν.
3489 5145 3617 5198 Ἐπὶ
3649 5144 3863 5206 τούτοις
3897 5145 3991 5197 δια

2416 5245 2515 5309 τὰς
2564 5242 2773 5305 πυκνὰς
2814 5238 3175 5309 ἐκστρατείας
3221 5237 3432 5291 ἔνδειαν
3489 5236 3638 5306 ἔχειν
3684 5236 3990 5307 χρημάτων

2419 5336 2912 5409 προφασιζόμενος,
2960 5336 3059 5396 τὰς
3099 5332 3198 5401 μὲν
3247 5330 3645 5400 διανεμομένας
3679 5331 3745 5398 τῇ
3784 5345 3989 5399 γερου-

2418 5431 2509 5502 σίᾳ
2544 5427 2831 5499 βασιλικὰς
2860 5424 3073 5495 δωρεὰς
3102 5423 3245 5475 κατὰ
3285 5424 3449 5493 μέρος
3480 5421 3782 5490 ἠλάττωσε,
3810 5420 3912 5481 τὰς
3942 5419 3990 5471 δ’

2417 5521 2842 5590 ἀπονεμημένας
2873 5516 3135 5571 ἀνέκαθεν
3163 5515 3448 5584 τεμένεσιν
3480 5515 3642 5581 ἱεροῖς
3677 5512 3769 5564 καὶ
3791 5511 3992 5577 εὒὰγεο

2420 5633 2505 5669 σιν
2534 5613 2706 5673 οἴκοις
2741 5610 3023 5671 ἐπετείους
3074 5608 3250 5670 δόσεις
3303 5607 3561 5675 ἐσχόλασε
3605 5606 3812 5657 τέλεον.
3855 5599 3992 5655 Εἶτα

2419 5709 2513 5762 καὶ
2540 5707 2802 5775 ψήφισμα
2836 5702 3107 5771 βασίλειον
3139 5700 3310 5759 εθετο,
3343 5700 3400 5748 ὲν
3433 5698 3710 5765 ἀκινήτοις
3737 5695 3838 5757 τὰς
3860 5694 3993 5747 Ἐκ-

2420 5802 2649 5870 κλησίας
2683 5796 2755 5867 μὴ
2812 5790 3278 5865 ἐμπλατύνεσυαι,
3327 5790 3419 5843 καὶ
3462 5790 3492 5858 ἡ
3551 5788 3839 5859 τρόφασις,
3898 5787 3986 5839 δτι
