4220 6440
207 363 307 426 liii

201 474 551 545 ἀγχωμάλως
577 470 866 540 ἐμάχοντο.
905 469 1041 537 Περὶ
1073 466 1130 520 δὲ
1152 465 1335 533 δείλην
1367 462 1525 532 ὀψίαν
1554 463 1784 530 ἀπειρη·
1824 466 1844 527 ρ’

1446 348 1845 409 ANNALIUM
1886 349 2034 408 Llli.
2083 350 2241 406 XV”

3361 341 3459 401 152

1894 463 2066 514 iratus
2106 471 2336 513 inertem
2375 469 2759 525 minitaretur,
2802 459 2846 512 si
2881 459 3063 513 denuo
3097 456 3461 512 Barbarorum

204 571 362 627 κὸτες
399 566 449 616 οί
480 564 614 625 Ῥὼς
633 562 910 615 ἐνέκλιναν
931 560 1065 631 πρὸς
1106 556 1417 626 φυγὴν,καὶ
1436 554 1485 605 οἱ
1529 554 1788 621 Ῥωμαῖοι

1926 567 2177 622 gressum
2226 551 2645 620 neglexissent:
2700 565 2939 619 cumque
2994 549 3183 603 urbem
3238 546 3467 614 integris

203 660 454 719 ἐδίωκον,
475 656 711 708 πλεῖστοι
735 656 833 724 μὲν
864 651 956 705 οὖν
972 651 1079 704 τῶν
1108 646 1407 719 Βαρϐάρων
1424 643 1788 705 ἁπιὶλοντο,οὑ

210 749 398 814 μείους
450 748 507 800 δὲ
568 744 983 815 ἐζωγρήθησαν,
1031 744 1083 795 0i
1146 742 1192 793 δ’
1233 740 1313 802 εἰς
1357 739 1422 790 τὸ
1470 734 1793 807 Δορόστολιιγ

204 840 612 909 ἐπανήλθοσαψ
641 838 735 891 καὶ
765 838 793 889 ὁ
830 836 1090 897 Βασιλεὺς
1125 832 1233 902 πρὸ
1264 830 1368 900 τῆς
1387 830 1591 891 πόλεως
1613 825 1788 895 πηξά-

208 947 369 998 μενος
398 931 638 999 χάρακα,
670 927 767 989 τὰς
791 928 1036 997 τριήρεις
1070 923 1169 986 τὰς
1207 924 1419 990 Ἵστρον
1445 918 1788 988 φυλαξούσας

204 1024 574 1090 προσέμενεν,
623 1020 707 1071 ἵνα
758 1020 833 1088 μὴ
883 1021 932 1070 oi
972 1015 1109 1078 Ῥὼς
1166 1015 1557 1083 ἁποδράσαιεν.
1627 1010 1686 1061 ’0
1732 1010 1789 1062 δὲ

205 1110 652 1177 Σφενδΰσθλαὸος
693 1111 793 1174 οὓς
824 1112 1048 1177 κατεῖχε
1086 1104 1451 1175 Βουλγάρους,
1492 1102 1573 1164 εἰς
1616 1100 1788 1153 εἴκοσι

1893 643 2171 710 sexaginta
2203 641 2404 696 diebus
2430 642 2630 697 frustra
2661 643 3005 703 obsedisset,
3036 655 3157 693 earn
3188 640 3330 694 fame
3361 638 3463 692 do-

1896 748 2048 787 mare
2106 734 2335 798 statuit,
2403 748 2718 802 coronaque
2775 733 3157 795 circumdata,
3210 742 3466 786 accurate

1896 824 2214 879 observavit
2260 842 2327 880 ne
2371 826 2626 880 alicunde
2666 839 3006 879 commeatus
3052 826 3464 894 importaretur.

1897 918 1965 971 At
2009 916 2231 971 Barbari
2275 919 2462 971 multis
2505 916 2892 986 eruptionibus
2935 919 3092 982 victi,
3128 926 3469 986 urgenteque

1897 1009 2070 1067 fame.
2110 1023 2207 1076 Spe
2250 1019 2305 1061 et
2344 1018 2682 1063 commeatus
2724 1019 2780 1064 et
2817 1009 3148 1062 arixiliorum
3178 1009 3467 1062 destituti:

1900 1100 2098 1169 partim
2137 1108 2301 1152 noctu
2340 1099 2682 1166 fugiendum,
2715 1102 2913 1170 partim
2953 1099 3232 1155 deditione
3270 1098 3473 1153 Roma-

1904 1190 1991 1243 nis
2029 1188 2202 1245 facta.
2239 1188 2304 1241 ad
2337 1203 2433 1242 sua
2474 1189 2673 1257 cuique
2713 1188 3060 1244 redeundum
3100 1203 3242 1253 esse,
3276 1189 3472 1256 partim

1898 1281 2005 1335 alia
2041 1282 2287 1350 quamam
2316 1291 2675 1337 censuerunt.

201 1203 453 1270 χιλιάδας
479 1202 662 1265 ὂντας,
688 1202 760 1264 ὼς
785 1202 1021 1267 λέγεται,
1043 1198 1252 1259 πάντας
1269 1194 1372 1247 ὑπὸ
1397 1195 1616 1263 δεσμοῖς
1645 1194 1792 1244 ἐποι-

203 1293 404 1359 ήσατο,
458 1292 645 1356 δείσας
676 1293 756 1360 μὴ
784 1293 1149 1343 ἐπανασταῖεν
1182 1286 1352 1357 αὐτῷ,
1388 1287 1420 1356 ἢ
1452 1283 1529 1353 τῷ
1574 1283 1792 1353 βασιλεῖ

204 1388 703 1456 προσχωρὴσωσιν.
744 1386 829 1446 Ὠς
856 1387 913 1439 δὲ
944 1386 1042 1438 καὶ
1066 1386 1093 1437 ὁ
1118 1382 1304 1445 στόλος
1326 1382 1538 1451 παρῆν,
1621 1376 1943 1456 ἐπολιόρκει
2008 1378 2107 1446 τὴν
2168 1378 2325 1430 πόλιν
2362 1380 2389 1430 ὁ
2415 1376 2686 1446 βασιλεύς.
2738 1377 2831 1429 Ἐκ
2884 1376 3273 1439 Κωνσταντίας
3293 1375 3349 1428 δέ
3383 1392 3476 1444 καὶ

206 1452 724 1547 φρουρίωνίὲτέρων
754 1476 1012 1547 πρέσϐεις
1058 1474 1191 1543 πρὸς
1237 1473 1331 1525 τὸν
1379 1468 1605 1540 βασιλέα
1659 1452 1922 1533 ἀφίκοντο
1984 1465 2264 1526 αἰτοῦντες
2335 1468 2696 1535 συγγνώμην,
2729 1467 2822 1519 καὶ
2879 1468 3110 1531 ἐαυτους
3162 1465 3479 1535 παραδδόν-

206 1587 297 1632 τες
329 1570 486 1639 αὑτῷ
536 1575 628 1623 καὶ
686 1573 759 1624 τι
788 1571 1043 1639 φρούρια.
1091 1572 1201 1624 Καὶ
1229 1570 1404 1621 ταῦτα
1441 1565 1617 1635 μένοί
1693 1563 1958 1630 Ῥωμαῖοι
2028 1561 2357 1630 παρέλαϐον.
2432 1565 2494 1615 ΊΙ
2561 1562 2617 1616 δέ
2649 1562 2745 1615 τοῦ
2795 1563 3122 1633 Δορσστόλου
3194 1561 3478 1632 πολιορκία

207 1665 295 1733 ἐφ’
329 1667 547 1735 ἡμέρας
577 1667 832 1736 διήρκεσε
854 1666 1128 1731 πλείονας,
1157 1665 1269 1716 τῶν
1330 1660 1641 1731 Βαρϐάρων
1696 1656 1950 1726 εὐψύχως
2019 1658 2563 1726 ἀνταγωνιζομένων.
2616 1660 2702 1721 Ὠς
2735 1658 2781 1711 δ’
2815 1660 2878 1710 ἐκ
2932 1658 3042 1711 τῶν
3078 1658 3331 1725 πολέμων
3369 1659 3479 1711 τῶν

208 1760 456 1828 συνεχῶν
514 1758 702 1812 πολλοὶ
768 1760 1109 1829 τραυματίαι
1185 1757 1497 1824 γεγόνασιν,
1570 1754 1672 1824 ήδη
1732 1751 1791 1803 δὲ
1830 1751 2028 1813 αὐτοὺς
2068 1752 2163 1804 καὶ
2222 1752 2291 1805 τὰ
2349 1751 2580 1821 ζωαρκῆ
2630 1752 2995 1817 ἐπιλέλοιπεν,
3032 1753 3276 1822 ἧρξαντο
3328 1751 3479 1819 σφίσι

208 1851 515 1920 θραύεσθαι
568 1851 636 1903 τά
692 1853 1045 1920 φρονήματα.
1100 1849 1242 1902 Ἀλλ’
1279 1850 1309 1900 ὁ
1352 1845 1787 1916 Σφενδόσθλαϐος
1824 1841 1996 1897 νύκτα
2058 1844 2437 1912 φυλαξάμενος
2498 1843 2763 1913 ἀσέληνον
2806 1845 2897 1899 καὶ
2936 1847 3240 1918 χειμέριον,
3273 1847 3333 1897 ἐν
3376 1862 3474 1915 μο-

208 1941 459 2003 νοξύλοις
523 1940 727 2008 ἄνδρας
784 1937 1092 2006 ἐμὸιὸάσας
1150 1936 1282 1988 ὡσεὶ
1341 1935 1660 2004 δισχιλίους,
1711 1937 1803 1987 καί
1843 1934 2008 1994 αὐτὸς
2058 1934 2289 1993 ἐκείνοις
2359 1934 2809 2003 συνεμῢεδηκὼς,
2875 1935 3118 2004 ἀπῆλθεν
3173 1936 3478 1988 ἐπισιτίσα-

214 2032 364 2095 σθαι,
396 2032 496 2083 καὶ
530 2029 882 2093 συλλέξαντες
898 2030 965 2081 τὰ
996 2030 1259 2108 χρειώδη,
1287 2028 1368 2091 είς
1428 2028 1489 2079 τὸ
1551 2027 1878 2094 Δορόστολον
1917 2025 2252 2095 ἐπανῄεσαν.
2301 2028 2409 2079 Καί
2462 2044 2615 2089 τινας
2653 2027 2761 2080 τῶν
2798 2029 3092 2097 Ῥωμαίων
3143 2027 3480 2096 θεράποντας

216 2122 350 2189 περὶ
402 2120 499 2171 τὸν
554 2119 802 2185 ποταμὸν
852 2118 1289 2184 ἐσκεδασμένους
1345 2114 1466 2167 κατ’
1519 2114 1687 2177 ἄλλας
1754 2118 1844 2169 καὶ
1884 2116 2049 2177 ἄλλας
2105 2116 2294 2185 χρείας
2348 2116 2571 2179 ἰδόντες,
2626 2118 2887 2183 ἐκσάντες
2911 2120 3020 2172 τῶν
3078 2119 3282 2172 πλοίων
3308 2119 3483 2183 ἐνίους

215 2207 579 2271 ἀπέκτειναν,
609 2209 706 2260 καὶ
739 2206 1017 2267 λαθόντες,
1059 2203 1219 2269 αὖθις
1267 2207 1348 2268 είς
1377 2206 1437 2258 τὺ
1470 2206 1800 2274 Δορόστολον
1838 2207 2241 2277 ἐπανήλθοσαν.
2304 2207 2476 2260 Τοῦτο
2541 2208 2686 2262 πάνυ
2716 2210 2806 2263 τὸν
2835 2211 3068 2265 Βασιλέα
3097 2211 3363 2283 ἐλύπησε,
3392 2228 3487 2278 καὶ

220 2302 336 2360 τοῖς
368 2298 469 2349 τοὶ
524 2297 714 2350 στόλου
750 2296 1122 2366 κατάρχουσιν
1159 2296 1425 2366 ἐπιχόλως
1460 2291 1598 2364 εἶχε,
1671 2298 1767 2351 καὶ
1835 2298 1883 2349 εί
1921 2296 2001 2350 ἐτι
2063 2298 2275 2351 λάθοιεν
2327 2299 2526 2361 αὐτοὺς
2580 2301 2630 2351 oi
2674 2300 2951 2373 Βάρδαροι
3016 2303 3485 2365 ἀποπλεύσαντες,

219 2388 491 2459 ἠπείλησε
551 2388 783 2440 Θάνατον
833 2384 974 2441 εἷναί
1020 2404 1173 2455 σφισι
1223 2388 1285 2441 τὸ
1338 2387 1616 2456 ἐπιτίμιον
1686 2385 1803 2456 Ἐφ’
1842 2389 1991 2450 ὅλαις
2051 2389 2107 2442 δὲ
2140 2391 2376 2459 ἡμέραις
2440 2390 2705 2458 ἐξήκοντα
2745 2391 3121 2463 πολιορκήσας
3158 2395 3260 2463 τὴν
3310 2395 3487 2453 πόλιν,

224 2481 321 2535 καὶ
360 2484 532 2551 μήπω
557 2480 764 2544 ταύτην
789 2480 950 2543 ἐλὼν,
984 2480 1126 2548 ἔγνω
1189 2481 1333 2550 λιμῷ
1359 2481 1486 2543 τοὺς
1547 2481 1695 2533 ἔνδον
1788 2482 2294 2549 καταγωνίσασθαι,
2356 2484 2450 2537 καὶ
2506 2485 2873 2554 περιεκάθητο
2921 2486 3148 2558 ταύτην,
3211 2488 3490 2560 ἐπιτηρῶν

226 2571 502 2640 ἀκριεῶς,
537 2573 624 2622 ἵνα
661 2571 911 2638 ιήτνοθεν
974 2572 1159 2632 αὐτοῖς
1202 2570 1463 2639 χρειιῖ.δές
1503 2586 1556 2620 τι
1589 2568 1851 2639 κομισθῇ.
1892 2573 1954 2623 ΟΞ
1997 2572 2050 2623 δὲ
2118 2572 2396 2644 Βάρὸαροι
2460 2576 2725 2639 πολλάκις
2799 2576 3075 2647 ἐκδρομὰς
3134 2582 3490 2649 ποιησάμενοι

225 2666 486 2731 ἥττηντο,
529 2663 653 2712 ἐπεὶ
699 2662 758 2712 δὲ
810 2664 905 2712 καὶ
950 2661 1031 2729 τῷ
1074 2662 1220 2731 λιμῴ
1245 2662 1303 2714 δέ
1353 2660 1656 2724 ἐπιέζοντο,
1728 2663 1824 2714 καὶ
1864 2660 1989 2714 οὔτε
2052 2664 2151 2732 τῆς
2184 2665 2295 2718 τῶν
2329 2668 2643 2735 ἀναγκαίων
2678 2664 2747 2739 ἦν
2797 2670 2982 2733 αὐτοῖς
3022 2672 3287 2740 χορηγίας
3314 2671 3489 2738 ἐλπὶς,

226 2754 287 2806 οὗ
337 2753 532 2823 μέντοι
585 2757 932 2822 συμμαχίας,
994 2756 1042 2807 oi
1116 2754 1217 2823 μὲν
1286 2755 1588 2824 ἀποδράναι
1655 2754 1849 2814 νυκτὸς
1883 2753 2293 2821 συνεϐούλευον,
2349 2760 2396 2810 οί
2463 2759 2520 2811 δὲ
2571 2760 2862 2828 Ῥωμαίοις
2909 2761 3134 2824 ἑαυτοὺς
3181 2761 3493 2829 πιστεῦσαι,

230 2848 323 2902 καὶ
350 2845 531 2910 οὕτως
561 2848 883 2901 ἐπανελθεῖν
907 2849 987 2906 είς
1011 2849 1079 2900 τα
1110 2850 1239 2913 Eata,
1277 2850 1325 2900 οί
1359 2848 1405 2901 δ’
1434 2849 1564 2901 ἄλλο
1593 2865 1645 2899 τι
1676 2849 1986 2901 ύπετίθουν.

296 2988 374 3042 Γ.
422 2988 484 3040 ’0
523 2988 581 3041 δέ
618 3004 681 3054 γε
729 2986 1164 3055 Σφενδόσθλαόος
1199 2988 1279 3039 ἐτι
1321 2986 1467 3053 ἅπαξ
1523 2986 1817 3057 Ῥωμαίοις

1995 2986 2082 3041 lll.
2147 2988 2662 3057 Spltendosthlavus
2715 3004 2899 3048 autem
2956 2998 3171 3053 monuit
3223 3015 3386 3068 suos,
3434 3015 3497 3061 ut

230 3081 471 3150 παρῄνει
518 3078 881 3146 μαχέσασθαι,
921 3081 1016 3130 καὶ
1067 3079 1100 3146 ἢ
1164 3079 1552 3147 περιγενέσθαι
1609 3095 1666 3129 τε
1723 3078 1815 3130 καὶ

230 3170 584 3240 σωθήσεσθαι
632 3169 665 3238 ἦ
732 3170 1069 3237 προτιμῆσαι
1125 3166 1358 3221 θάνατον
1414 3168 1617 3221 εὐκλεᾶ
1672 3166 1816 3237 ζωῆς

228 3262 550 3331 δυστυχοῦς.
584 3260 771 3312 Ταῦτα
799 3262 827 3312 ὁ
857 3261 954 3328 μὲν
989 3255 1131 3323 εἷπε,
1161 3259 1220 3311 τὸ
1244 3259 1299 3311 δὲ
1332 3259 1534 3326 πλῆθος
1562 3260 1812 3328 ἐπῄνεσε,

230 3353 324 3403 καὶ
352 3354 422 3419 τῇ
474 3348 601 3417 ἐξῆς
655 3349 1017 3410 θανατῶντες,
1068 3349 1181 3404 τοῖς
1244 3346 1534 3414 Ῥωμαίοις
1567 3345 1816 3411 συμπλέ-

230 3457 441 3503 κενται,
476 3444 573 3494 καὶ
619 3442 781 3509 μέχρι
805 3437 1001 3490 πολλοῦ
1034 3439 1161 3491 ποτὲ
1212 3438 1310 3508 μὲν
1343 3439 1390 3490 oi
1439 3436 1693 3504 Ῥωμαῖοι
1728 3454 1824 3488 πε-

231 3535 540 3602 ριεγίνοντο
599 3531 709 3583 τῶν
761 3530 1008 3595 Σκυθῶν,
1072 3529 1205 3582 ποτέ
1261 3530 1317 3584 δὲ
1362 3530 1471 3581 τῶν
1531 3529 1821 3595 Ῥωμαίων

230 3628 282 3676 οἱ
347 3623 652 3693 Βάρὸαροι.
713 3622 805 3684 Ὠς
861 3620 907 3673 δ’
967 3619 1293 3689 ἐφωράσατο
1346 3619 1446 3688 τὴν
1502 3618 1597 3670 τοῦ
1648 3618 1817 3671 τόπου

234 3713 607 3781 στενοχωρίαν
650 3714 676 3764 ὁ
729 3711 987 3780 βασιλεὺς
1029 3711 1143 3772 τοῖς
1181 3709 1447 3772 ἐναντίοις
1497 3705 1636 3762 εἶναι
1680 3709 1814 3778 πρὶς

235 3804 600 3865 λυσιτέλειαν,
639 3802 714 3870 μὴ
738 3802 868 3853 οἴων
904 3817 962 3851 τε
1000 3800 1171 3852 ὄντων
1194 3798 1305 3852 τῶν
1351 3797 1637 3867 Ῥωμαίων
1670 3800 1820 3851 ἐπιέ-

236 3912 326 3946 ναι
372 3896 562 3956 αὺτοῖς
609 3894 827 3964 ἀθρόον,
860 3894 973 3952 τοῖς
1011 3891 1341 3960 στρατηγοῖς
1384 3890 1692 3951 ὑπετίθετο,
1751 3888 1817 3940 τὰ

1921 3082 2103 3133 denuo
2135 3079 2322 3134 Martis
2360 3081 2533 3136 aleam
2575 3083 2982 3153 experirentur,
3012 3088 3112 3143 ‘ch
3147 3090 3376 3148 victoria
3402 3111 3493 3151 sa-

1921 3169 2090 3224 lutem
2122 3172 2427 3241 quaesituri,
2464 3174 2546 3229 vcl
2575 3175 2858 3231 honestam
2899 3189 3132 3234 mortem
3161 3185 3497 3244 calamitosas

1926 3262 2046 3316 vita:
2070 3264 2369 3332 prwlaturi.
2395 3266 2471 3319 Ea
2495 3267 2767 3323 sententia
2791 3270 2997 3339 populo
3020 3273 3266 3339 probata,
3296 3283 3498 3345 postri-

1924 3350 2013 3403 die
2060 3353 2197 3405 mori
2246 3370 2355 3407 non
2402 3366 2755 3424 recusantes,
2798 3375 2922 3413 cum
2969 3361 3229 3418 Romanis
3267 3382 3498 3437 congre-

1924 3442 2180 3507 duntur,
2226 3460 2289 3498 ac
2333 3446 2425 3499 diu
2476 3464 2623 3503 nunc
2664 3450 2749 3504 his
2790 3468 2936 3507 nunc
2973 3453 3080 3509 illis
3126 3457 3498 3527 vincentibus,

1926 3534 2223 3603 imperator
2250 3536 2342 3605 qui
2379 3537 2479 3592 loci
2511 3542 2794 3609 angustias
2825 3543 3078 3601 hostibus
3104 3549 3352 3605 subsidio
3379 3568 3500 3610 esse

1927 3626 2418 3689 animadverterat,
2450 3630 2500 3682 in
2532 3631 2737 3701 quibus
2768 3636 2852 3688 sui
2885 3637 3115 3691 conferti
3149 3640 3360 3697 irrucre
3389 3658 3499 3697 non

1927 3725 2172 3780 possent,
2209 3718 2378 3773 duces
2418 3721 2631 3774 monuit
2665 3731 2723 3775 ut
2754 3724 3015 3780 cohortes
3045 3729 3305 3795 paulatim
3343 3748 3500 3789 rece-

1925 3804 2107 3858 dendo
2133 3808 2186 3860 in
2216 3810 2501 3878 planitiem
2545 3813 2939 3871 subducerent.
2979 3817 3135 3883 Quod
3165 3838 3287 3875 cum
3323 3823 3498 3885 ﬁeret.

1928 3894 2156 3950 Barbari
2195 3900 2405 3968 opinati
2455 3902 2731 3961 Romanos
2772 3915 2917 3959 metu
2962 3905 3179 3975 fugere,
3224 3925 3349 3963 cum
3394 3913 3505 3965 ela-

235 3986 498 4054 τάγματα
548 3984 683 4052 πρὸς
735 3984 799 4035 τδ
843 3982 1027 4035 πεδίον
1077 3981 1259 4050 ἡρέμα
1309 3981 1565 4048 ὑπάγειν,
1606 3981 1818 4048 ὑποχω-

1929 4002 2080 4041 more
2121 4001 2251 4044 sunt
2290 3992 2543 4046 insecuti.
2579 3993 2712 4047 Cum
2743 3995 2797 4048 in
2835 3999 3202 4064 patentiorem
3246 4010 3502 4071 campum
3544 4060 3547 4063 Α

242 4078 444 4147 ροῦντα
508 4076 650 4128 κατὰ
709 4074 908 4145 βραχύ.
946 4074 1118 4127 Τοῦτο
1151 4073 1465 4143 γενόμενον,
1514 4074 1626 4129 τοῖς
1684 4074 1826 4143 Βαρ-

239 4170 434 4233 Sapor;
470 4167 673 4230 δειλίας
698 4166 807 4220 τῶν
848 4166 1139 4235 Ῥωμαίων
1170 4165 1266 4218 καὶ
1310 4164 1491 4234 φυγῆς
1517 4165 1827 4233 παρέσχετο

239 4262 493 4328 δόκησιν,
558 4260 652 4311 καὶ
702 4259 921 4310 εἵποντο
977 4256 1372 4323 ἀλαλάξαντες.
1445 4256 1529 4319 Ὠς
1578 4257 1635 4309 δὲ
1691 4256 1826 4326 πρὸς

242 4352 548 4420 εὐρύτερον
577 4349 761 4401 πεδίον
785 4350 1058 4415 ἐγένοντο,
1083 4347 1340 4418 σύνθημα
1377 4352 1490 4411 τοῖς
1531 4347 1826 4417 Ῥωμαίοις

240 4445 269 4495 ὁ
303 4440 567 4510 βασιλεὺς
598 4441 937 4508 ἐπιστροφῆς
975 4438 1196 4501 δέδωκε,
1233 4438 1329 4490 καὶ
1365 4439 1824 4509 ἀναστρέψαντες,

241 4530 646 4603 προσϐάλλουσι
677 4531 790 4590 τοῖς
821 4530 1153 4599 Βαρϐάροις,
1202 4530 1296 4581 καὶ
1345 4529 1560 4597 γίνεται
1612 4529 1824 4598 φρικώ-

240 4624 337 4692 δης
400 4625 431 4675 ὁ
489 4623 749 4689 πῦλεμος.
830 4620 889 4672 Ὀ
944 4619 1202 4689 βασιλεὺς
1256 4621 1313 4673 δὲ
1370 4622 1462 4675 τὸν
1528 4622 1827 4690 μάγιστρον

241 4715 464 4783 Βάρδαν
488 4714 579 4765 τὸν
613 4712 859 4781 Σκληρδν
889 4712 1027 4780 μετὰ
1058 4712 1170 4763 τῶν
1203 4713 1295 4764 ὑπ’
1336 4712 1499 4766 αὐτὸν
1532 4713 1828 4783 ταγμάτων

240 4805 573 4857 ἀποκλεῖσαι
622 4803 722 4871 τὴν
777 4803 915 4872 πρὸς
957 4802 1055 4871 τὴν
1083 4801 1239 4854 πόλιν
1270 4802 1478 4857 εῐσοδον
1527 4807 1642 4865 τοῖς
1687 4803 1829 4873 Βαρ-

240 4896 436 4965 ϐάροις
464 4894 847 4962 ἐκπέπομφεν.
894 4893 960 4946 Ἠ
985 4893 1041 4946 δὲ
1072 4893 1221 4963 μάχη
1261 4894 1423 4964 μέχρι
1449 4893 1644 4947 πολλοῦ
1680 4894 1829 4962 ἰσόρ-

242 4992 416 5058 ροπος
472 4981 565 5054 ἦν.
620 4985 852 5051 Λέγεται
905 4983 963 5037 δέ
1023 4985 1119 5037 καὶ
1182 4983 1464 5053 θειοτέρας
1509 4985 1829 5056 ἐπικουρίας

1928 4089 2153 4132 ventum
2195 4091 2376 4143 esset,
2420 4083 2716 4153 imperator
2750 4096 3013 4142 tesseram
3053 4089 3204 4143 dedit
3238 4089 3505 4148 Romanis

1927 4177 1986 4222 ut
2035 4184 2093 4223 se
2144 4182 2530 4227 converterent
2574 4191 2586 4226 :
2636 4185 2691 4228 et
2743 4192 2921 4244 pugna
2969 4182 3318 4236 atrocissima
3362 4193 3502 4247 orta.

1923 4260 2160 4314 Bardam
2206 4261 2454 4316 Sclcrum
2503 4265 2821 4335 magistrum
2863 4283 2984 4322 cum
3030 4272 3146 4325 suis
3182 4275 3509 4330 cohortibus

1924 4354 1991 4407 ad
2026 4353 2511 4409 intercludendum
2555 4356 2816 4414 Barbaris
2851 4360 3061 4415 aditum
3099 4363 3273 4429 urbis,
3313 4382 3505 4421 antan-

1933 4444 2104 4498 davit.
2143 4444 2279 4498 Cum
2319 4445 2412 4499 diu
2445 4447 2675 4502 victoria
2714 4465 2916 4518 anceps
2955 4461 3122 4517 esset,
3159 4454 3392 4511 Romani
3428 4460 3509 4514 di-

1935 4535 2143 4589 vinitus
2174 4536 2347 4605 adjuti
2375 4552 2496 4591 esse
2526 4540 2911 4606 perhibentur.
2951 4542 3087 4596 Nam
3119 4554 3176 4599 et
3210 4549 3506 4615 procellam

1936 4625 2262 4697 Scytharum
2292 4627 2459 4683 facies
2491 4628 2831 4693 verberasse,
2864 4640 2921 4687 et
2955 4635 3248 4702 quemdam
3278 4638 3336 4692 in
3364 4655 3509 4711 equo

1934 4733 1965 4771 a
1996 4717 2181 4771 multis
2219 4718 2419 4785 visum,
2462 4720 2555 4788 qui
2589 4722 2865 4777 Romanos
2896 4723 3249 4791 defenderet,
3286 4740 3343 4784 et
3374 4731 3507 4786 Bar-

1937 4808 2199 4862 barorum
2261 4810 2562 4879 phalanges
2630 4814 3010 4870 conturbaret.
3059 4817 3139 4871 Eo
3200 4835 3366 4888 porro
3418 4822 3508 4877 dic

1937 4902 2202 4956 memoria
2225 4904 2400 4957 sancti
2424 4903 2700 4959 Theodori
2724 4906 2971 4975 magistri
2992 4908 3255 4977 militum,
3281 4912 3511 4984 insignis

1937 4994 2197 5062 martyris
2217 4993 2619 5048 celebrabatur.
2646 4994 2863 5066 Scytha:
2887 4996 3053 5067 igitur
3073 4999 3128 5052 in
3152 5000 3332 5070 fugam
3360 5016 3509 5057 com.

240 5082 367 5131 τότε
426 5076 557 5137 τοὺς
618 5075 929 5145 Ῥωμαίους
991 5078 1197 5145 τυχεῖν.
1253 5075 1464 5129 Θύελλα
1525 5075 1635 5146 γὰρ
1689 5076 1818 5129 κατὰ

1935 5082 2078 5151 pulsi
2118 5082 2312 5136 urbem
2355 5098 2546 5137 versus
2587 5083 2893 5155 fugiebant,
2934 5104 3097 5157 quam
3132 5104 3258 5144 cum
3304 5093 3511 5147 intrare

241 5170 543 5242 πρόσωπον
588 5170 701 5230 τοῖς
726 5166 962 5230 Σκύθαις
1009 5167 1368 5237 προσέϐαλλε,
1404 5168 1498 5221 καί
1544 5185 1628 5229 τις
1675 5168 1833 5236 ἔφιπ-

245 5280 348 5325 πος
420 5261 635 5329 ἑωρᾶτο
691 5258 949 5323 πολλοῖς,
1018 5260 1127 5312 τῶν
1192 5260 1480 5330 Ῥωμαίων
1538 5261 1831 5328 ύπεραγωυ

652 5353 748 5406 καὶ
810 5353 1121 5421 συγκλονῶν
1187 5354 1298 5407 τῶν
1371 5353 1674 5423 Βαρϐάρων
1734 5354 1832 5414 τὰς

243 5444 563 5511 φάλαγγας.
617 5440 725 5497 Ἦν
773 5442 830 5495 δὲ
876 5445 1016 5497 κατὰ
1044 5445 1142 5515 τὴν
1198 5446 1419 5516 ἡμέραν
1467 5446 1683 5516 ἐκείνην
1727 5444 1826 5513 τῆς

245 5537 437 5605 μάχης
486 5536 522 5604 ἠ
586 5532 682 5585 τοῦ
739 5535 1110 5604 στρατηλάτου
1163 5536 1322 5604 ἁγίου
1371 5536 1672 5605 Θεοδώρου,
1731 5534 1827 5587 τοῦ

243 5630 299 5679 ἐν
349 5629 597 5697 μάρτυσι
655 5625 1028 5698 περιωνύμου,
1076 5628 1375 5698 τελουμένη
1436 5628 1650 5699 μνήμη.
1690 5625 1833 5696 Τρέ-

247 5740 444 5777 πονται
474 5723 607 5777 γοῦν
664 5725 713 5776 οἱ
778 5724 1007 5791 Σκύθαι,
1062 5727 1155 5780 καὶ
1206 5726 1343 5796 πρὸς
1384 5726 1485 5797 τὴν
1536 5727 1692 5782 πόλιν
1725 5726 1835 5799 ὼρ·

242 5356 537 5422 νλζὸμενος
560 5393 576 5417 ,

1938 5188 2049 5227 non
2088 5183 2343 5243 possent,
2384 5189 2414 5227 a
2456 5172 2643 5230 Sclero
2683 5176 2987 5245 interclusi,
3020 5180 3076 5234 in
3102 5180 3372 5238 suburbia
3400 5182 3511 5238 dis-

1937 5269 2086 5337 persi
2128 5268 2446 5332 caeduntur,
2490 5277 2547 5323 et
2582 5284 2612 5321 a
2648 5283 2709 5323 se
2754 5269 2989 5324 invicem
3028 5274 3418 5343 opprimuntur
3455 5286 3513 5332 et

1939 5359 2369 5422 coneulcantur,
2439 5369 2499 5413 ut
2557 5361 2975 5418 interfectorum
3034 5380 3303 5420 numerus
3362 5367 3512 5423 haud

1937 5450 2098 5505 facile
2132 5450 2256 5504 iniri
2289 5460 2471 5519 queat.
2505 5453 2723 5523 Reliqui
2757 5469 2951 5510 omnes
2979 5457 3303 5513 vulneribus
3327 5460 3512 5520 aﬂ‘ecti

1938 5542 2183 5596 fuerunt.
2248 5541 2601 5597 Theodorum
2661 5560 2827 5614 porro
2890 5547 3213 5616 magistrum
3272 5551 3513 5605 militum

1940 5635 2205 5690 Romanis
2252 5642 2443 5689 contra
2488 5635 2770 5715 .Barbaros
2817 5639 3023 5693 auxilio
3078 5639 3285 5704 fuisse.
3334 5657 3402 5696 ex
3444 5657 3513 5697 eo

1945 5727 2225 5798 cognitum
2257 5735 2362 5784 est.
2402 5726 2725 5784 Muliercula
2767 5730 3014 5799 quietiam
3061 5731 3346 5803 Byzantia,
3383 5731 3512 5786 reli-
