4220 6440
228 370 326 435 ΗΕ)

1445 370 1841 430 ΛΝΝΑΙᾸΗΜ
1877 371 2018 428 LIB.
2067 372 2251 430 XVII.

3386 373 3486 434 159

221 487 470 554 ϐιελίχθη
506 487 678 556 αὐτῷ,
718 487 834 541 ἀλλ’
895 487 993 540 οὐκ
1033 487 1241 540 ἔπεισε.
1282 486 1469 549 Δείξας
1507 486 1612 556 γὰρ
1661 485 1799 552 αὑτᾷ

1910 487 1974 538 ad
2015 500 2142 538 eum
2174 486 2517 540 confluxere.
2552 487 2685 552 Quae
2730 501 2854 539 cum
2910 488 3202 554 prmposito
3238 489 3482 544 cubicnii

222 580 248 630 6
300 579 547 649 Σκληρὸς
590 581 648 631 τὸ
693 579 1037 648 κοκκοόαφὲς
1093 578 1329 641 πέδιλον,
1377 579 1638 632 ἀδύνατον
1689 572 1807 628 εἷπε

222 671 312 721 τὸν
372 672 523 734 ama
586 672 743 723 τοῦτο
801 670 1217 740 ὑποδησάμενον
1294 672 1426 741 ῥᾷον
1490 669 1805 723 ἀποϐαλείν.

221 759 444 828 Ταύτην
475 763 574 825 τὴν
595 761 892 830 ἀπόκρισιν
912 761 986 822 ὡς
1007 762 1180 826 ἑγνων
1209 762 1258 813 οἱ
1291 763 1420 829 περὶ
1443 761 1510 812 τά
1540 761 1804 837 βασίλεια,

219 851 279 915 ἐξ
327 853 580 920 ἀνάγκης
628 853 764 920 πρὸς
821 853 1000 923 μάχην
1048 853 1408 922 ὡρμήκεσαν.
1453 850 1560 905 Ἠν
1613 853 1668 904 δὲ
1710 853 1806 921 τῆς

221 945 518 1011 βασιλικῆς
585 945 871 1014 δυνάμεως
927 945 1410 1014 στρατοπεδάρχης
1464 948 1490 997 6
1544 946 1806 1013 ἐκτομίας

220 1036 453 1102 Πέτρος,
507 1040 535 1090 6
585 1036 680 1090 τοῦ
734 1039 916 1100 ﬂexi,
967 1032 1028 1089 οὗ
1057 1039 1152 1091 καὶ
1189 1037 1380 1108 πρώην
1427 1038 1802 1106 ἐμνήσθημεν.

229 1129 318 1192 Ὠς
375 1131 473 1184 οὖν
506 1131 755 1201 ἀλλήλοις
800 1132 1467 1200 ἀντεστρατοπεδεύσαντο
1517 1132 1587 1184 τά
1645 1149 1806 1199 στρα-

215 1219 504 1290 τεύματα,
567 1225 696 1292 περὶ
755 1225 1043 1291 Λίπαραν,
1105 1225 1138 1293 ἢ
1192 1225 1284 1276 καὶ
1341 1224 1606 1276 Λικανδὸν
1670 1223 1803 1274 ὠνο-

220 1315 470 1382 μάζετο,
541 1317 678 1382 πρὸς
749 1315 952 1384 ἄλληλα
1017 1315 1478 1385 συνερράγησαν,
1547 1317 1642 1368 καὶ
1713 1319 1804 1367 ἐπὶ

220 1401 322 1472 μὲν
358 1423 482 1458 τινα
536 1407 730 1476 καιρὸν
785 1408 1029 1478 ἀντεῖχον
1085 1407 1136 1459 οἱ
1195 1408 1470 1476 βασιλικοὶ
1517 1409 1801 1473 γενναίως,

217 1495 414 1549 ἔπειτα
474 1497 790 1565 τρέπονται,
847 1498 942 1550 καὶ
1012 1499 1365 1567 ἀναιροῦνται
1429 1498 1654 1560 πολλοὶ,
1711 1503 1807 1551 καὶ.

214 1587 276 1639 τὸ
359 1589 730 1656 στρατόπεδον
794 1588 898 1642 ὑπὸ
962 1591 1089 1650 τοὺς
1157 1591 1435 1652 ἐναντίους
1511 1593 1806 1659 γενόμενον

212 1679 608 1745 διαρπάζεται.
685 1675 818 1734 Εἶτα
896 1680 992 1732 καὶ
1066 1682 1166 1748 τὴν
1234 1682 1556 1751 Τζαμανδδν
1645 1683 1803 1735 πολυ-

213 1771 402 1840 πληθῆ
459 1773 618 1823 πόλιν
697 1774 761 1824 ἐκ
815 1773 1229 1842 προσελεύσεως
1315 1775 1426 1826 τῶν
1505 1776 1802 1829 οἰκούντων

211 1863 387 1931 αὐτὴν
417 1863 682 1934 εἰληφὼς,
706 1866 1008 1934 χρημάτων
1033 1867 1201 1936 ἐσμὸν
1223 1867 1280 1932 ἐξ
1307 1868 1477 1934 αὐτῆς
1513 1869 1802 1937 συνηθροί-

212 1977 319 2014 κει.
347 1959 510 2012 οὕτω
553 1960 610 2013 δὲ
644 1963 1073 2031 περιγενόμενος
1116 1963 1211 2015 τοῦ
1269 1963 1680 2034 στρατεύματος
1707 1963 1800 2015 τοῦ

213 2049 525 2116 βασιλικοῦ,
578 2052 810 2114 πολλοὺς
857 2054 920 2104 ἐκ
943 2053 1138 2105 τούτου
1189 2055 1324 2124 πρὸς
1353 2055 1804 2107 ἐαυτδνὲπεσπά-

212 2156 372 2202 σατο,
402 2142 802 2207 ἀπεγνωκότας
834 2143 934 2212 ήδη
959 2145 1061 2208 τὰς
1093 2146 1375 2210 σωζούσας
1399 2147 1621 2210 ἐλπίδας
1652 2151 1802 2218 παρά

210 2233 329 2292 τοῖς
356 2232 666 2300 βασιλεῦσι,
705 2235 802 2288 καὶ
863 2237 1013 2308 αύτῷ
1074 2239 1499 2308 προσερῤύησαν
1544 2241 1606 2293 ού
1694 2243 1802 2294 τῶν

213 2322 528 2391 ἀνωνύμων
560 2326 722 2393 μόνον
744 2329 1120 2396 στρατιωτῶν,
1167 2331 1304 2383 ἀλλά
1333 2333 1428 2384 καὶ
1463 2332 1573 2384 τῶν
1597 2350 1802 2400 περιωο

212 2415 406 2484 νύμων
433 2417 644 2472 πολλοί.
708 2421 794 2481 Ὠς
838 2420 896 2472 δὲ
953 2420 1129 2476 ταῦτα
1178 2422 1256 2494 τῷ
1320 2427 1804 2496 παρακοιμωμένῳ

210 2508 594 2577 ἠγγέλθησαν,
619 2511 905 2564 στέλλεται
937 2511 1094 2575 αὖθις
1127 2515 1282 2567 Λέων
1315 2516 1343 2568 6
1374 2517 1800 2588 πρωτοόεστιά-

217 2618 355 2669 ριος,
405 2602 650 2671 ἄκρατον
703 2603 954 2668 ἐξουσίαν
1014 2606 1426 2672 ἐμπιστευθεὶς,
1487 2611 1583 2662 καὶ
1626 2610 1805 2666 πάντα

214 2693 486 2760 πράττειν
515 2694 615 2745 ὅσα
646 2694 743 2745 καὶ
767 2693 1083 2761 βασιλεῦσιν
1098 2697 1313 2751 ἀνεῖται
1339 2699 1525 2753 ἄδειαν
1539 2701 1800 2772 είληηςὼκ

208 2785 364 2836 εἴποι
423 2785 491 2838 ἄν
544 2803 632 2846 τις
662 2791 727 2857 τῇ
763 2788 1018 2840 Λατίνων
1058 2791 1210 2858 φωνῇ
1267 2790 1359 2843 τὸν
1426 2792 1594 2862 ἄνδρα
1623 2795 1806 2849 δικτάο

211 2894 371 2947 τορα,
405 2878 505 2931 καὶ
542 2879 818 2932 συνελθὼν
873 2878 950 2948 τῷ
988 2881 1447 2953 στρατοπεδάρχῃ
1512 2885 1540 2936 6
1590 2902 1800 2953 πρωτο-

215 2969 562 3038 6εστιάριος,
597 2972 864 3040 ἐπειράθη
908 2974 1007 3039 μὲν
1064 2975 1396 3042 ὑποσχέσεσι
1447 2975 1543 3028 καὶ
1611 2977 1800 3044 τιμαῖς

212 3064 340 3124 τοὺς
372 3063 505 3130 περὶ
537 3063 627 3116 τὸν
661 3065 906 3133 Σκληρδν
946 3065 1382 3119 ἐπισπάσασθαι.
1420 3068 1507 3128 Ὠς
1528 3067 1572 3120 δ’
1603 3068 1800 3136 ἀνηνύ-

1911 579 2157 632 nuntiata
2194 588 2400 643 essent,
2434 579 2542 633 Leo
2598 580 3054 648 protovestiarius
3091 597 3214 633 cum
3268 598 3484 636 summo

1911 673 2142 740 imperio
2217 685 2274 726 et
2342 673 2691 736 auctoritate,
2760 688 2861 725 suo
2915 672 3180 726 arbitratu
3254 673 3479 742 gerendi

1909 765 2094 818 omnia
2139 781 2261 832 qnte
2295 766 2614 831 imperatori
2663 767 2846 827 licent,
2879 767 3139 829 mittitur,
3171 781 3334 835 quam
3386 783 3483 836 po-

1910 865 2160 910 testatem
2221 857 2399 910 Latini
2453 858 2786 910 dictaturam
2859 859 3169 912 nominant.
3243 859 3292 913 Is
3345 875 3476 913 cum

1907 948 2355 1015 stratopedarclia
2388 964 2732 1016 congressus,
2772 948 3262 1013 pollicitationibus
3291 959 3348 1003 et
3380 949 3483 1004 bo-

1909 1039 2139 1094 noribus
2195 1038 2396 1093 frustra
2446 1041 2670 1092 tentatis
2725 1039 2962 1092 militum
3023 1040 3246 1100 animis,
3312 1051 3478 1095 noctu

1909 1141 2332 1201 praetergressus
2375 1131 2621 1185 Sclerum
2668 1130 2889 1183 invasit.
2935 1130 3120 1195 Quare
3158 1130 3360 1184 factum
3398 1143 3484 1184 est

1910 1234 1970 1278 ut
2011 1225 2210 1278 milites
2253 1223 2369 1278 suis
2411 1222 2756 1276 cliarissimis
2801 1223 3081 1286 timentes,
3130 1223 3320 1278 Sclcro
3361 1224 3486 1277 reli-

1909 1327 1999 1370 cto
2046 1315 2112 1367 ad
2151 1315 2302 1368 illum
2353 1329 2411 1367 se
2459 1313 2820 1367 conferrent:
2860 1321 2916 1365 et
2955 1313 3176 1368 Sclerus
3234 1314 3483 1373 territus.

1909 1407 2228 1460 Micliaelem
2321 1406 2553 1458 Burzem
2642 1407 2966 1473 magistrum
3040 1422 3170 1460 suas
3235 1416 3484 1461 secutum

1907 1512 2113 1567 partes,
2167 1506 2222 1550 et
2270 1498 2575 1550 Romanum
2640 1497 2956 1549 Taronitetn
3011 1497 3300 1566 patricittm
3359 1515 3482 1552 cum

1906 1589 2176 1649 exercitu,
2212 1597 2402 1640 contra
2440 1588 2924 1655 protovcstiarium
2957 1589 3198 1642 mitteret
3231 1608 3245 1646 ι
3281 1590 3486 1658 quibus

1909 1679 2097 1748 prgulio
2138 1679 2439 1746 superatis,
2479 1681 2591 1747 ipse
2636 1695 2760 1732 cum
2813 1681 3069 1733 omnibus
3103 1682 3278 1747 copiis
3327 1699 3481 1734 cum-

1908 1769 2032 1822 dem
2064 1784 2357 1837 aggressus
2396 1769 2548 1831 vicit,
2580 1769 2877 1835 vivumque
2914 1771 3082 1836 cepit,
3127 1771 3290 1823 Petro
3340 1781 3483 1823 stra-

1913 1860 2244 1928 topedarclia
2281 1860 2600 1914 interfecto.
2640 1861 2714 1913 Ea
2761 1861 3015 1920 victoria,
3053 1871 3107 1914 ut
3143 1862 3317 1916 Scleri
3353 1878 3486 1932 opes

1907 1955 2141 2006 multum
2174 1953 2346 2014 auxit,
2392 1953 2471 2006 sic
2517 1953 2910 2021 imperatorum
2951 1973 3064 2010 rem
3108 1958 3172 2010 ad
3228 1959 3485 2026 despera-

1907 2048 2110 2100 tionem
2148 2044 2440 2113 depressit,
2468 2046 2787 2113 'przesertim
2837 2064 2960 2101 cum
3022 2060 3289 2118 tyrannus
3337 2066 3484 2104 mare

1904 2153 2126 2206 quoque
2178 2145 2410 2190 teneret.
2459 2138 2829 2201 Quamobrem
2869 2141 3197 2209 praipositus
3244 2142 3483 2196 cubiculi

1905 2228 2079 2280 classe
2104 2226 2287 2290 missa,
2319 2226 2612 2281 commisso
2640 2244 2765 2282 cum
2800 2229 2970 2284 Scleri
3000 2232 3235 2285 navibus
3271 2233 3479 2300 praelio,

1904 2321 2134 2373 classem
2169 2321 2286 2388 ejus
2335 2318 2538 2372 devicit
2585 2329 2640 2374 et
2685 2321 2997 2391 dissipavit,
3045 2323 3299 2392 idemque
3345 2326 3480 2378 mari

1908 2425 2097 2479 pacato
2136 2413 2548 2481 provinciarum
2585 2422 2840 2482 suscepta
2874 2429 3030 2477 cura,
3084 2414 3368 2469 Eroticmn
3417 2418 3483 2469 ad

1906 2505 2140 2558 Nicmam
2158 2506 2430 2576 Bithynia:
2451 2507 2801 2575 metropolim
2819 2507 3078 2560 tuendam
3102 2508 3250 2562 misit
3274 2525 3288 2562 :
3317 2524 3481 2577 quam

1906 2594 2129 2648 Sclerus
2161 2597 2210 2647 vi
2246 2611 2563 2667 expugnare
2597 2595 2799 2650 frustra
2830 2605 3083 2658 conatus,
3129 2597 3271 2650 fame
3303 2599 3483 2669 subigi

1907 2701 2004 2752 per
2057 2689 2422 2755 proditionem
2471 2705 2630 2756 posse
2671 2698 2842 2750 ratus,
2898 2689 3249 2746 obsidionem
3298 2693 3484 2749 traxit.

1906 2779 2164 2833 Erotieus
2204 2796 2334 2834 vero
2362 2782 2488 2834 dolo
2549 2784 2951 2836 circumvenire
3001 2783 3214 2838 hostem
3269 2786 3484 2849 statuit,

1905 2870 2164 2940 illataque
2214 2872 2267 2924 in
2311 2873 2562 2941 granaria
2607 2890 2773 2927 arena
2827 2886 2881 2927 et
2924 2875 3203 2930 frumento
3245 2891 3486 2946 superne

1905 2961 2126 3032 injecto,
2184 2972 2244 3016 ut
2297 2972 2444 3016 totus
2495 2981 2730 3018 acervus
2783 2965 3126 3020 frumentum
3180 2967 3483 3030 videretur,

1904 3055 2137 3122 captivis
2171 3056 2422 3122 granaria
2467 3056 2815 3111 demonstrat
2842 3059 3169 3127 semiplena,
3207 3068 3261 3114 et
3295 3059 3485 3115 Sclero

214 3171 328 3215 τοις
360 3154 506 3220 ἔγνω
537 3157 860 3223 ἐπιχειρεῖν.
885 3160 1208 3226 παρελάσας
1229 3159 1422 3220 νυκτὸς
1456 3159 1547 3212 τὸν
1575 3161 1799 3230 Σληρῖιν,

1909 3145 2363 3211 nuntiarejubet,
2402 3148 2662 3216 quamvis
2687 3164 2714 3200 a
2751 3149 2893 3202 fame
2939 3150 3076 3203 nihil
3110 3151 3214 3204 sibi
3250 3152 3484 3220 periculi

211 3245 432 3315 ἐχώρει.
475 3247 621 3316 Πρός
651 3251 699 3300 τ’
734 3248 986 3302 ἐντεῦθεν
1009 3249 1127 3307 δέος
1147 3251 1274 3312 τοὺς
1313 3251 1440 3319 περὶ
1466 3253 1560 3304 τὸν
1591 3252 1798 3322 Σληρδν

211 3331 325 3387 εἷλε
363 3339 494 3403 περὶ
538 3338 648 3388 τῶν
673 3338 948 3405 φιλτάτων
981 3339 1182 3398 αὐτῶν,
1218 3341 1313 3392 καὶ
1338 3343 1426 3392 τὸν
1481 3343 1798 3410 ἀποστάτην

214 3425 755 3494 καταλιμπάνοντες,
788 3428 866 3495 τῷ
924 3429 1412 3498 πρωτοόεστιαρίῳ
1469 3432 1792 3500 προσῄεσαν.

210 3516 336 3570 Κάκ
358 3515 554 3568 τούτου
581 3517 766 3580 δείσας
793 3521 818 3570 6
847 3519 1110 3588 Σκληρδ·,
1133 3519 1224 3572 τὸν
1256 3522 1557 3591 μαγιστρον
1581 3524 1798 3592 Μιχαὴλ

210 3609 300 3662 τὸν
333 3608 617 3677 Βούρτζην
641 3612 1146 3681 προσκεχωρηκότα
1175 3612 1346 3682 αὐτῷ,
1378 3615 1474 3665 καὶ
1521 3615 1801 3682 Ῥωμανὸν

211 3701 512 3770 πατρίκιον
543 3701 997 3770 τὸνΤαρωνίτην
1054 3705 1191 3772 μετά
1267 3708 1526 3773 στρατιᾶς
1584 3708 1799 3778 ἔπεμψε

215 3793 357 3845 κατᾶ
386 3790 484 3844 τοῦ
512 3792 1038 3862 πριιιτοΰεστιαρίου,
1072 3795 1120 3844 οἳ
1161 3796 1570 3863 προσϐαλόντες
1603 3799 1796 3868 ἐκείνῳ

208 3885 555 3954 ἡττήθησαν.
591 3885 679 3944 Ὠς
709 3886 753 3937 δ’
784 3885 1028 3954 ἐγνώσθη
1064 3886 1138 3954 τῷ
1167 3887 1399 3956 Eulogii)
1431 3889 1461 3956 ή
1492 3888 1601 3940 τῶν
1653 3906 1797 3959 πεμ-

210 3977 469 4044 φθέντων
508 3972 668 4048 ἧττα,
703 3977 864 4039 αὐτὸς
893 3980 986 4030 σὺν
1009 3981 1171 4030 παντὶ
1198 3979 1276 4047 τῷ
1332 3981 1424 4031 ὑπ’
1444 3981 1606 4033 αὑτὸν
1637 3999 1801 4052 στραο

207 4066 453 4134 τεύματι
511 4065 652 4117 κατά
701 4066 796 4117 τοῦ
882 4066 1382 4136 πριστοῦεσειαρίευ
1445 4072 1633 4138 χωρεῖ,
1708 4071 1804 4123 καὶ⁹

208 4158 594 4227 συρρήγνυται
625 4161 691 4226 τῇ
717 4157 1032 4225 ’μετάὐτοῦ
1070 4161 1326 4228 στρατιᾷ,
1371 4163 1463 4212 καὶ
1520 4163 1669 4230 νικᾷ,
1703 4163 1799 4215 καὶ

207 4250 234 4302 6
261 4249 364 4317 μὲν
398 4249 890 4318 στρατοπεδάρχης
914 4244 1123 4318 Πέτρος
1161 4250 1425 4321 ἀνῄρητο,
1456 4255 1483 4305 6
1517 4254 1573 4305 δὲ
1641 4270 1796 4323 πρω-

206 4341 594 4408 τοεεστιάριος
618 4340 871 4392 ἑαλώκει.
903 4340 1051 4409 Αὕτη
1083 4342 1115 4409 ή
1152 4341 1276 4411 νίκη
1339 4343 1432 4395 ἐπὶ
1482 4344 1629 4414 μέγα
1695 4346 1798 4415 μὲν

204 4427 306 4502 ἦρε
324 4434 396 4484 τά
424 4431 520 4484 τοῦ
552 4429 820 4501 Σκληρολ
847 4433 915 4484 τά
948 4433 1004 4484 δὲ
1035 4433 1147 4484 τῶν
1178 4433 1449 4501 βασιλέων
1504 4440 1584 4499 εἰς
1650 4439 1798 4491 ἀπό-

1905 3236 1997 3299 sit,
2019 3245 2196 3289 tamen
2225 3238 2270 3290 si
2299 3246 2417 3291 tuto
2441 3254 2565 3291 cum
2584 3241 2753 3293 certis
2783 3241 3098 3295 hominibus
3122 3242 3274 3295 exire
3297 3243 3484 3309 liceat,

1901 3344 1960 3382 se
1997 3331 2134 3382 urbe
2165 3330 2361 3383 tradita
2393 3341 2576 3398 partes
2602 3334 2721 3400 ejus
2751 3342 3093 3385 secuturum.
3130 3332 3250 3397 Quo
3276 3334 3476 3388 nuntio

1900 3422 2116 3475 laetatus
2150 3424 2393 3487 Sclerus,
2423 3439 2547 3476 cum
2579 3424 2738 3478 fidem
2775 3425 3040 3488 dedisset,
3075 3427 3165 3480 ille
3192 3442 3316 3479 cum
3361 3442 3484 3480 ma-

1897 3515 2001 3581 jori
2059 3516 2261 3568 civium
2306 3525 2362 3568 et
2409 3516 2641 3570 militum
2695 3532 2920 3570 suorum
2973 3531 3124 3586 parte
3165 3519 3484 3573 Constanti-

1903 3605 2146 3672 nopolim
2199 3605 2356 3657 abiit.
2403 3605 2624 3659 Sclerus
2675 3617 2856 3660 autem
2906 3609 3144 3662 Nicmam
3191 3610 3357 3678 218
3402 3610 3486 3663 in-

1901 3710 2145 3761 gressus,
2209 3695 2338 3748 dolo
2400 3711 2457 3750 se
2511 3697 2953 3750 circumventum
3009 3712 3130 3752 esse
3187 3698 3480 3753 intellexit.

1900 3785 2152 3840 Cubiculi
2196 3803 2326 3840 vero
2372 3790 2700 3856 praepositus
2737 3789 2926 3843 Sclero
2976 3790 3104 3843 inde
3135 3789 3383 3857 digresso
3427 3801 3483 3846 ct

1903 3877 2025 3930 urbi
2065 3879 2564 3948 appropinquante,
2607 3881 2863 3948 quamvis
2899 3881 3068 3933 animi
3129 3881 3334 3936 dubius
3371 3881 3483 3938 lia:-

1904 3979 2073 4031 reret,
2134 3977 2316 4024 tamen
2351 3979 2556 4024 mutata
2613 3973 2910 4034 sententia,
2954 3974 3194 4028 Pliocam
3249 3973 3480 4029 Bardam

1901 4060 1971 4113 ab
2015 4062 2213 4114 exsilio
2262 4071 2598 4125 revocatum,
2631 4072 2686 4116 et
2730 4065 3078 4118 sanctissimo
3119 4065 3482 4136 jurejurando

1899 4153 2176 4214 adactum,
2205 4169 2272 4206 ne
2312 4170 2550 4223 unquam
2597 4170 2826 4224 regnum
2856 4155 3139 4221 affectare,
3171 4163 3267 4210 aut
3302 4159 3482 4212 consi-

1898 4245 1970 4299 lia
2027 4256 2221 4299 contra
2285 4247 2646 4314 imperatores
2706 4247 2851 4304 inire
2911 4247 3097 4311 vellet,
3155 4249 3479 4315 magistrum

1901 4335 2161 4404 appellat,
2186 4343 2241 4388 et
2269 4335 2519 4404 reliquiis
2547 4335 2834 4406 copiarum
2861 4337 3110 4406 praeﬁcit,
3137 4339 3482 4409 pecuniaque

1902 4428 2213 4482 liberaliter
2239 4427 2587 4497 suppeditata
2624 4436 2817 4482 contra
2851 4428 3104 4482 Sclerum
3140 4430 3332 4484 mittit.
3360 4431 3480 4496 Quo

207 4540 413 4590 γνωσιν
450 4524 678 4593 ἧνεγκε,
726 4527 824 4577 καὶ
858 4524 1063 4592 μᾶλλον
1092 4526 1176 4577 ὅτι
1211 4527 1304 4579 καὶ
1327 4528 1795 4599 ἐθαλασσοκράτει

1903 4519 1993 4573 ille
2041 4520 2286 4588 cognito,
2330 4530 2444 4572 tum
2491 4519 2712 4574 demum
2749 4534 2809 4573 se
2857 4534 3044 4588 parem
3099 4520 3475 4574 adversarium

205 4618 232 4667 6
259 4616 600 4683 ἀποστάτης.
643 4616 835 4667 Στόλον
878 4612 969 4668 οὖν
995 4619 1022 4670 6
1074 4619 1574 4689 παρακοιμώμενος
1632 4622 1786 4675 ἐτοι-

207 4705 417 4773 μάτας,
471 4705 749 4771 ἐκπέμπει
799 4705 948 4759 κατά
977 4707 1072 4760 τοῦ
1112 4710 1300 4761 στόλου
1330 4710 1422 4762 τοῦ
1463 4712 1792 4778 ἀποστάτου,

206 4799 302 4851 καὶ
336 4797 653 4866 ναυμαχίας
686 4800 1015 4870 γενομένης,
1051 4802 1079 4853 6
1111 4802 1296 4864 στόλος
1337 4806 1364 4856 6
1414 4803 1510 4856 τοῦ
1546 4805 1792 4874 Σκληροῦ

209 4887 687 4958 κατεναυμαχήθη
715 4891 812 4944 καὶ
840 4892 1210 4948 διεσκέδαστο.
1274 4894 1363 4955 Ὠς
1415 4895 1509 4947 οὖν
1593 4897 1791 4965 ἠρέμει

205 4982 270 5033 τά
298 4983 448 5034 κατά
468 4983 767 5043 θάλασσαν.
793 4987 862 5037 τά
896 4986 1039 5038 κατᾶ
1075 4986 1174 5050 τὴν
1200 4988 1432 5058 ἦπειρον
1454 4991 1482 5041 6
1519 5006 1789 5056 παρακοι-

209 5073 470 5142 μὼμενος
495 5075 782 5141 διετίθετο,
817 5077 1034 5130 καὶτὸν
1076 5077 1377 5147 Ἐρωτικὸν
1433 5081 1514 5140 εἰς
1552 5080 1789 5134 Νίκαιαν

205 5165 427 5233 έπεμψε
456 5165 557 5232 τῆς
587 5167 841 5229 Βιθυνίας
877 5171 1236 5238 μητρόπολινν
1285 5172 1494 5240 ταύτην
1542 5175 1787 5242 φρθυρή“

205 5253 435 5329 σοντα,ᾖ
463 5257 788 5325 προσϐαλὼν
803 5261 832 5310 6
861 5261 1004 5326 Σκλη
1014 5261 1123 5330 ρδς,
1145 5263 1517 5332 ἀπεκρούσθη,
1534 5263 1628 5316 καὶ
1644 5264 1789 5332 λιμῷ

207 5350 332 5411 τοὺς
364 5351 426 5401 ἐν
458 5350 596 5418 αὐτῇ
625 5351 918 5420 προδοῦναι
947 5352 1151 5422 ταύτην
1189 5353 1439 5421 ἠλπίκει,
1475 5357 1566 5407 καὶ
1600 5356 1786 5423 μέντοι

205 5442 299 5493 καὶ
381 5443 814 5512 χρονοτριϐῆσας
885 5446 1049 5508 ἐκεῖ,
1134 5448 1370 5518 σιτοδείᾳ
1443 5447 1568 5508 τοὺς
1642 5448 1788 5499 ἔνδον

205 5531 502 5595 πιέζεσθαι
537 5534 974 5600 παρεσκεύασεν.
1013 5536 1200 5604 Ἔγνω
1243 5537 1338 5592 οὖν
1398 5540 1426 5590 6
1497 5538 1788 5606 Ἐρωτικὸς

203 5623 393 5690 ἀπάτῃ
426 5625 959 5694 καταστρατηγῆσαι
984 5627 1076 5679 τὸν
1117 5627 1384 5692 ἐναντίον,
1419 5629 1512 5680 καὶ
1548 5630 1674 5690 τοὺς
1703 5646 1786 5681 σι-

203 5714 382 5777 τῶνας
411 5715 646 5784 ψάμμου
675 5715 987 5786 ἐπλήρωσε,
1036 5719 1131 5773 καὶ
1199 5719 1299 5789 τὴν
1361 5719 1590 5790 ψάμμον
1652 5720 1785 5792 σίτῳ

206 5804 513 5875 ἐτιέχωσεν,
544 5804 618 5868 ὡς
650 5803 830 5861 δοκεῖν
860 5807 948 5862 τὸν
977 5808 1143 5877 δγκον
1189 5807 1405 5865 ἅπαντα
1439 5811 1585 5865 σῖτον
1618 5805 1782 5870 εἶναι.

1905 4613 2225 4666 habiturum
2274 4621 2448 4678 ratus,
2499 4613 2626 4665 inde
2663 4611 2995 4682 digreditur,
3029 4621 3084 4667 et
3129 4614 3274 4667 circa
3313 4614 3479 4668 Amo-

1904 4705 2046 4759 rium
2083 4719 2258 4773 pugna
2299 4703 2593 4757 commissa
2642 4703 2899 4772 superior
2929 4705 3132 4768 evadit,
3177 4705 3478 4775 proﬂigatis

1901 4797 2252 4854 adversariis.
2288 4795 2589 4851 Prostridie
2609 4796 2781 4851 duces
2809 4797 3150 4852 exercituum
3183 4799 3476 4852 decrevere

1900 4889 2157 4958 singulari
2217 4888 2518 4942 certamine
2557 4889 2838 4956 congredi,
2892 4889 3072 4958 deque
3119 4905 3330 4944 summa
3383 4907 3476 4944 re-

1901 4997 2021 5034 rum
2053 4980 2378 5035 decernere.
2411 4980 2632 5034 Sclerus
2661 4981 2834 5048 prior,
2871 4989 2931 5034 ut
2966 4981 3191 5049 quidam
3227 4983 3472 5045 tradunt,

1899 5075 2106 5128 clavam
2137 5075 2190 5127 in
2221 5074 2415 5128 Phocm
2450 5082 2612 5141 caput
2637 5073 2866 5142 impegit
2899 5091 2912 5126 :
2950 5082 3009 5124 ut
3039 5074 3158 5135 alii,
3192 5089 3384 5128 ensem
3418 5075 3471 5128 in

1899 5181 2023 5219 eum
2053 5164 2295 5228 libravit,
2328 5165 2422 5234 qui
2458 5179 2580 5218 cum
2619 5164 2787 5218 ictum
2829 5164 3186 5230 declinasset,
3225 5177 3473 5220 extremo

1897 5278 2028 5317 ense
2068 5277 2256 5315 aurem
2305 5264 2432 5330 equi
2477 5265 2598 5331 ejus
2634 5263 2892 5316 resecuit.
2931 5263 3000 5315 At
3032 5264 3243 5318 Pliocas
3283 5273 3471 5318 contra

1899 5356 2068 5410 Scleri
2099 5357 2263 5424 capiti
2295 5357 2500 5411 clavam
2531 5355 2606 5410 ita
2656 5356 2836 5418 illisit,
2868 5366 2928 5410 ut
2962 5356 3160 5410 oborta
3199 5358 3471 5424 vertigine

1899 5447 1952 5499 in
1985 5447 2116 5515 equi
2153 5447 2353 5499 collum
2382 5446 2700 5515 prolapsum
2733 5456 2790 5500 et
2819 5457 3173 5501 cruentatum
3201 5450 3470 5504 satellites

1896 5539 2196 5607 eriperent,
2238 5554 2302 5593 ac
2331 5537 2656 5593 destitutum
2701 5538 2918 5592 viribus
2959 5555 3102 5606 equo
3135 5539 3468 5609 depositum,

1897 5630 2162 5699 sanguine
2213 5629 2461 5684 absterso
2504 5629 2575 5683 ad
2617 5628 2824 5683 fontem
2877 5640 3210 5684 recrearent.
3254 5632 3468 5687 Interea

1896 5721 2017 5792 ejus
2039 5735 2238 5790 equus,
2278 5717 2409 5772 dum
2457 5719 2532 5774 illi
2562 5719 2664 5773 hac
2692 5733 2825 5774 cura
2849 5729 3216 5788 occupantur,
3246 5721 3469 5790 elapsus

1897 5811 2018 5881 ejus
2047 5810 2301 5867 manibus
2333 5824 2362 5864 a
2385 5825 2496 5883 quo
2538 5809 2850 5878 tenebatur,
2881 5810 3000 5868 sine
3032 5825 3253 5868 sessore
3285 5812 3340 5866 in
3379 5827 3468 5868 ca-
