4220 6440
733 400 836 464 155

2025 393 2354 456 JOANNIS
2387 391 2712 455 ZONAR/E

3887 387 3993 454 156

731 527 847 572 sus.
883 520 1065 564 tamen
1097 521 1378 575 nunquam
1411 519 1520 559 non
1550 504 1808 560 discessit
1841 505 2092 569 inferior,
2121 505 2316 574 despe-

2426 504 2645 567 νιῶντες
2665 503 2747 572 τῷ
2772 500 3003 574 βασιλεῖ,
3061 499 3092 552 6
3151 499 3252 571 μιν
3319 499 3514 562 Φωκᾶς
3579 498 3664 553 ὅτι
3732 497 3884 569 αὐτῷ
3938 502 3997 552 αἱ

733 612 961 670 rataque
995 599 1225 654 victoria
1257 598 1322 651 ad
1354 597 1631 650 Romanos
1657 597 1751 667 qui
1780 597 1834 651 in
1862 596 2128 652 custodiis
2158 607 2316 651 erant

733 691 1022 762 confugit:
1056 689 1256 759 quibus
1300 703 1524 742 carcere
1565 688 1803 752 eductis,
1851 703 1977 742 cum
2025 688 2213 744 Sclcro
2245 688 2315 743 de

735 781 952 835 ratione
998 777 1222 848 gerendi
1273 777 1402 831 belli
1437 778 1568 846 agit,
1604 780 1772 848 petita
1821 779 1980 834 venia
2017 780 2170 834 make
2203 786 2316 834 tra-

738 870 1012 930 ctationis,
1039 868 1133 937 qui
1167 867 1442 937 principio
1476 868 1620 923 bello
1651 879 1926 936 recusato,
1974 869 2194 924 tandem
2223 870 2316 924 illo

739 969 966 1029 urgente
1012 959 1255 1012 annuit:
1287 958 1379 1012 sed
1432 974 1496 1012 ca
1545 957 1884 1023 conditione,
1919 967 1979 1012 ut
2017 959 2164 1014 solos
2212 960 2318 1014 llo-

740 1068 931 1105 manos
964 1052 1017 1106 in
1049 1053 1222 1107 aciem
1253 1053 1476 1107 educat.
1528 1052 1859 1108 Carceribus
1889 1053 2054 1122 igitur
2098 1055 2317 1124 perqui-

738 1143 882 1203 sitis.
922 1143 988 1198 ad
1027 1144 1130 1198 tria
1181 1142 1353 1196 millia
1407 1143 1782 1197 Romanorum
1835 1154 1964 1198 sunt
1995 1145 2236 1209 inventa,
2264 1157 2320 1201 et

739 1251 892 1289 arma
936 1237 1017 1290 eis
1047 1235 1196 1299 data,
1235 1235 1330 1304 qui
1381 1251 1506 1290 cum
1545 1235 1717 1290 Scleri
1756 1234 1924 1289 ductu
1958 1245 2014 1289 et
2058 1237 2321 1306 ausp'ciis

743 1327 934 1382 Persas
983 1326 1268 1392 vicissent,
1317 1341 1422 1382 nec
1467 1327 1605 1396 ipsi,
1653 1341 1756 1380 nec
1791 1327 1882 1381 ille
1924 1327 1990 1382 ad
2035 1327 2319 1384 Cbosroen

742 1419 1082 1472 redeundum
1111 1434 1234 1474 esse
1257 1427 1593 1482 statuerunt,
1627 1418 1788 1472 veriti
1817 1433 1885 1472 ne
1913 1419 2096 1472 denuo
2119 1435 2148 1473 a
2185 1421 2320 1475 Bar-

739 1509 874 1563 baro
904 1509 958 1562 iu
986 1525 1266 1565 carcerem
1295 1509 1797 1578 compingerentur,
1840 1509 2142 1578 praesertim
2171 1519 2323 1565 tanto

738 1602 966 1656 virtutis
1004 1617 1118 1656 sua:
1146 1601 1448 1671 specimine
1495 1601 1668 1655 edito.
1704 1603 1773 1653 At
1797 1600 2072 1655 Cbosrocs
2103 1600 2233 1655 dum
2266 1601 2320 1654 in

741 1693 922 1758 fugam
965 1691 1161 1745 intenti
1193 1699 1344 1752 sunt.
1379 1705 1631 1761 magnam
1666 1691 1885 1745 turbam
1913 1690 1978 1744 ad
2007 1706 2104 1744 eos
2133 1706 2320 1759 perse-

741 1784 991 1852 qucndos
1019 1783 1196 1838 mittit
1223 1800 1238 1836 :
1271 1784 1365 1854 qui
1400 1783 1506 1838 etsi
1534 1798 1770 1837 numero
1799 1784 1956 1852 longe
1986 1783 2320 1851 superiores,

2420 595 2633 657 ἐλπίδες
2668 594 2964 665 ὑπέρρεον,
2989 593 3087 646 καὶ
3132 591 3194 644 τὸ
3248 590 3352 661 τῆς
3402 589 3726 660 παροιμίας,
3781 589 3876 643 ἐπὶ
3929 588 4001 641 τὰ

2419 686 2806 758 Μανδραϐόλου
2841 687 2956 754 (ει)
2983 683 3229 755 ἐχώρουν
3265 701 3280 716 ο
3303 683 3352 737 oi
3383 683 3441 736 δὲ
3463 683 3547 736 ὅτι
3624 681 4000 753 ὑπερηφάνως

2420 777 2603 840 αὐτοῖς
2625 776 3020 848 προσεφέρετο,
3047 774 3143 828 καὶ
3188 775 3290 828 οὐκ
3343 773 3623 828 ἐκοινώνει
3685 772 3841 840 σφίσι
3889 771 4005 824 τῶν

2421 867 2835 938 βουλευμάτων.
2869 870 2919 922 οἱ
2959 868 3015 922 δὲ
3047 867 3146 922 καὶ
3194 867 3264 920 δι’
3290 866 3586 938 ἐτεράττα,
3626 867 3684 918 ἐν
3716 864 3796 934 τῷ
3845 864 4002 932 Χαρ-

2421 959 2588 1030 σιανῷ
2628 959 3098 1032 συναθροίζονται,
3135 959 3321 1030 καὶτῷ
3344 960 3510 1030 Φωκᾷ
3541 956 3727 1028 Βάρδᾳ
3758 956 4006 1024 διάδημα

2418 1052 2760 1122 περιέθεντο,
2802 1053 2898 1106 καί
2930 1053 3032 1121 τῆς
3069 1050 3352 1118 βασιλείας
3379 1049 3646 1118 ἠξίωσαν,
3703 1049 3800 1101 καὶ
3844 1048 3873 1099 6
3901 1048 4005 1118 μὲν

2418 1146 2488 1199 τὰ
2515 1148 2616 1216 τῆς
2643 1146 3006 1210 ἀποστασίιις⁹
3052 1147 3129 1209 ὡς
3153 1147 3339 1208 αὐτοῖς
3371 1144 3567 1208 ἐδόκει,
3593 1142 3656 1195 οὐ
3687 1139 4007 1194 διετίθεντο.

2427 1236 2491 1290 '0
2543 1236 2602 1290 δέ
2651 1255 2716 1305 γε
2777 1237 3024 1305 Σκληρὸς
3098 1238 3158 1288 ἐν
3226 1233 3508 1288 Βαϐυλῶνι
3574 1235 4008 1302 φρουρούμενος.

2421 1327 2762 1391 ἀνελπίστως
2813 1328 3072 1394 ἐξάγεται
3120 1327 3221 1394 τῆς
3264 1325 3532 1396 φρουρᾶς.
3565 1323 3675 1392 Τῆς
3728 1321 3840 1390 γὰρ
3895 1319 4011 1372 τῶν

2423 1419 2648 1490 Περσῶν
2685 1420 2860 1489 ἀρχῆς
2899 1417 3302 1486 καταλυθείσης
3337 1418 3446 1470 ὑπὸ
3507 1416 3620 1469 τῶν
3671 1411 4011 1482 Σαρακηνῶν

2421 1512 2563 1582 ἀνήρ
2588 1529 2670 1573 τις
2695 1512 2936 1580 Πέρσης,
2970 1513 3224 1582 Ἴναργος
3275 1509 3470 1578 ὄνομα,
3529 1507 3714 1574 λόγοις
3762 1520 4009 1574 παρακι-

2422 1603 2593 1670 νήσας
2616 1604 2677 1653 τὺ
2711 1602 3007 1671 Περσικὸν,
3064 1601 3246 1654 πείθει
3303 1601 3688 1666 ἀποστατῆσαι
3729 1597 3829 1662 τῆς
3895 1596 4012 1647 τῶν

2422 1695 2761 1762 Σαρακηνῶν
2787 1693 3058 1757 δουλείας,
3092 1695 3189 1746 καὶ
3219 1693 3362 1746 ὅπλα
3386 1693 3626 1762 ἄρασθαι
3649 1690 3772 1742 κατ’
3797 1687 4010 1752 αὐτῶν,

2424 1783 2591 1836 αὑτοῦ
2615 1783 2711 1838 τοῦ
2752 1785 2999 1855 Ίνάργου
3033 1783 3468 1855 στρατηγοῦντος
3498 1781 3703 1835 αὐτῶν.
3739 1778 4012 1841 Πολλάκις

739 1877 1036 1931 commisso
1094 1876 1322 1946 praelia,
1380 1876 1671 1945 pauciores
1724 1885 2018 1930 evaserunt
2066 1876 2134 1936 iis
2185 1890 2326 1944 quos

2431 1873 2531 1940 μὲν
2556 1868 2650 1926 οὖν
2688 1874 2717 1925 6
2781 1874 3030 1944 Χοσρόης
3087 1876 3202 1936 τοῖς
3282 1873 3522 1942 Πέρσαις
3575 1867 4012 1940 ἀντηγωνίσατο,

740 1968 1232 2036 persequebantur,
1283 1968 1498 2024 exteris
1533 1968 1610 2022 ibi
1656 1968 2026 2022 Romanorum
2064 1967 2317 2023 manibus

2426 1967 2754 2029 τοσαυτάκις
2777 1966 2823 2019 δ’
2852 1965 3088 2036 ἡττήθη.
3111 1965 3304 2028 ὁσάκις
3350 1964 3507 2032 σφίσι
3558 1962 3885 2031 προσέμιξε,
3915 1960 4013 2011 καὶ

739 2059 1070 2115 interfectis.

2426 2059 2698 2127 ἀπογνοὺς
2739 2060 2873 2127 πρὸς
2899 2061 3029 2122 τοὺς
3059 2057 3413 2129 ἐμφρούρους
3453 2053 3800 2124 καταφεύγει
3872 2052 4012 2105 Ῥω-

745 2153 962 2221 μαίους,
995 2153 1088 2204 καὶ
1112 2152 1296 2222 ἀνίησι
1331 2153 1431 2222 μιν
1461 2151 1662 2214 αὐτοὺς
1727 2151 1828 2218 τῆς
1900 2150 2150 2218 εἱρκτῆς,
2227 2150 2537 2219 διαλέγεται
2604 2151 2661 2206 δὲ
2733 2151 2810 2221 τῷ
2877 2150 3108 2220 Σκληρῷ
3153 2151 3286 2220 περὶ
3329 2149 3426 2205 τοῦ
3477 2148 3741 2218 πολέμου,
3787 2145 3882 2198 καὶ
3937 2143 4016 2212 μὴ

741 2246 1155 2316 μνησικακῆσαι
1187 2246 1284 2315 τῆς
1325 2246 1624 2308 κακώσεως
1685 2245 1838 2313 αύτῷ
1913 2241 2075 2308 ἀξιοῖ.
2134 2242 2193 2298 Ὀ
2246 2244 2302 2296 δὲ
2341 2245 2608 2315 πρότερον
2676 2244 2775 2313 μὲν
2842 2247 3149 2316 παρῃτεῖτο
3182 2243 3276 2296 τὸν
3329 2243 3596 2309 πόλεμον,
3659 2235 3763 2294 εἶτ’
3819 2239 4014 2306 ἐγκειο

742 2338 904 2406 μένου
925 2337 1018 2390 τοῦ
1047 2337 1411 2398 Βαϐυλωνίου.
1446 2338 1739 2391 κατανεύει
1789 2337 1910 2407 μὲν,
1972 2338 2072 2390 σὺν
2139 2337 2322 2406 μόνοις
2362 2337 2418 2389 δέ
2492 2338 2607 2398 τοῖς
2679 2336 2974 2405 Ῥωμαίοις
3005 2337 3279 2405 ὑπέσχετο
3315 2334 3408 2389 τδν
3450 2334 3691 2404 πόλεμον
3730 2329 4012 2383 ὑπελθεῖν.

751 2435 1091 2502 Ἥρευνῶντο
1119 2435 1302 2488 τοίνυν
1334 2435 1402 2488 τὰ
1463 2435 1844 2506 δεσμωτήρια,
1923 2435 2016 2486 καὶ
2069 2435 2186 2487 ὅσοι
2253 2434 2488 2504 εὕρηντο
2551 2436 2608 2487 ἐν
2667 2434 2855 2498 αὐτοῖς
2925 2432 3502 2503 Ῥωμαϊοι,ἐεήγοντο
3529 2431 3626 2484 καὶ
3677 2427 4012 2488 ὡπλίζοντο.

739 2531 834 2582 καὶ
862 2528 993 2582 ὡσεὶ
1025 2529 1314 2599 τρισχίλιοι
1343 2529 1836 2601 συνηθροίσθησαν.
1894 2530 1989 2592 οὓς
2080 2527 2436 2600 παρειληφὼς
2522 2531 2552 2581 6
2615 2529 2857 2598 Σκληρδς
2907 2527 3156 2598 ἐχώρησε
3209 2527 3354 2582 κατά
3439 2524 3550 2578 τῶν
3603 2521 3856 2588 Περσῶν,
3919 2518 4018 2571 καὶ

744 2621 1035 2691 συμϐαλὼν
1065 2625 1190 2693 νικᾷ
1221 2640 1236 2654 ·
1264 2622 1556 2690 ἀναζεῦξαι
1587 2623 1644 2676 δὲ
1674 2625 1811 2693 πρὸς
1842 2624 1934 2676 τὸν
1968 2623 2216 2691 Χοσρόην
2246 2620 2430 2675 οὗκέτ’
2457 2621 2670 2691 ἔκρινεν
2704 2621 2814 2675 οὔτ’
2843 2622 3005 2684 αὐτὸς
3043 2621 3220 2675 οὗθόί
3255 2637 3356 2691 μετ
3403 2618 3598 2673 αὐτοῦ.
3638 2615 3985 2670 Ἑδεδοίκεσα
4005 2636 4018 2661 ο

743 2717 854 2783 γάρ
886 2717 961 2784 μὴ
983 2715 1075 2770 καὶ
1106 2710 1263 2779 αὖθις
1298 2715 1498 2779 αὐτοὺς
1527 2716 1807 2784 καθείρξει
1839 2717 1868 2768 6
1933 2714 2232 2784 βάρϐαρος,
2292 2714 2389 2766 καὶ
2434 2715 2634 2782 μᾶλλον
2657 2715 2743 2766 ὅτι
2766 2715 2825 2766 ἐν
2843 2715 3009 2782 πείρᾳ
3037 2713 3228 2779 γέγονε
3253 2713 3351 2782 τῆς
3390 2710 3573 2764 αὐτῶν
3600 2709 4012 2777 γενναιότητος.

745 2806 970 2875 Εἶχοντο
1039 2807 1173 2875 γοῦν
1223 2809 1323 2874 τῆς
1386 2807 1585 2876 φυγῆς,
1639 2807 1734 2858 καὶ
1793 2808 1821 2859 6
1895 2807 2144 2876 Χοσρόης
2194 2804 2400 2873 πλῆθος
2435 2806 2516 2867 είς
2581 2805 2760 2856 αὐτῶν
2816 2804 3095 2870 ἐπιδίωξιν
3139 2803 3370 2868 ἔστειλε,
3439 2801 3540 2856 καὶ
3611 2802 3662 2854 oi
3723 2801 4013 2859 σταλέντες

745 2898 1143 2968 κατειληφότες
1207 2899 1335 2960 τοὺς
1386 2898 1711 2966 φεύγοντας.
1759 2900 1986 2953 ἐκείνων
2044 2898 2384 2967 ὑπάρχοντες
2426 2897 2846 2961 πολλαπλάσιοι,
2895 2896 3085 2965 μείους
3132 2895 3243 2950 τῶν
3327 2895 3645 2965 φευγόντων
3703 2893 4015 2962 ἀποδρᾶναι

744 2986 1052 3055 δεδύνηντο,
1082 2988 1190 3039 τῶν
1220 2987 1397 3040 ἄλλων
1426 2989 1546 3041 ἐκεῖ
1579 2989 1875 3051 πεσόντων,
1921 2989 2016 3041 καὶ
2060 2989 2394 3058 Ῥωμαϊκαῖς
2419 2987 2703 3056 δαμέντων
2735 2987 2945 3058 χερσίν.

816 3081 929 3136 VII.
962 3081 1184 3136 Sclerus
1224 3083 1394 3151 igitur
1443 3099 1567 3138 cum
1617 3085 1733 3137 suis
1765 3085 2137 3137 Romanorum
2193 3083 2327 3137 ﬁnes

2505 3085 2579 3136 Z'.
2632 3082 2691 3135 '0
2718 3084 2818 3150 μὲν
2847 3081 2942 3135 οὖν
2971 3080 3216 3152 Σκληρδς
3245 3081 3339 3135 καὶ
3373 3080 3424 3134 οἱ
3451 3081 3556 3134 σὺν
3603 3079 3756 3148 αὐτῷ
3810 3081 3892 3142 είς
3943 3080 4014 3134 τὲ

745 3172 1064 3242 ingressus,
1120 3173 1186 3226 ad
1241 3174 1478 3228 Phocam
1533 3175 1690 3243 221
1749 3189 1808 3228 se
1857 3175 2101 3238 confert,
2157 3189 2322 3243 quem

2441 3176 2732 3244 Ῥωμαίων
2757 3175 3026 3245 ἑπανελη)
3040 3175 3238 3228 ύθεσαν
3271 3176 3418 3245 ὅρια.
3459 3173 3668 3228 Μαθὼν
3713 3174 3771 3227 δὲ
3799 3175 3896 3227 καὶ
3921 3174 4015 3226 τὸν

747 3279 974 3332 regnum
1053 3274 1303 3332 spectare
1356 3281 1420 3320 ac
1471 3267 1814 3336 tyrannidem
1874 3269 1980 3336 jam
2039 3266 2327 3322 affectasse

2426 3267 2620 3320 Φωκᾶν
2650 3266 2751 3335 ἢδη
2777 3265 3138 3335 βασιλειῶντα
3169 3265 3263 3320 καὶ
3299 3264 3620 3335 τυραννίδος
3662 3263 4002 3331 ἀρξάμενον,

749 3363 1030 3425 cognorat,
1081 3365 1138 3409 et
1186 3355 1312 3410 belli
1361 3365 1415 3411 et
1463 3357 1676 3426 imperii
1714 3357 1898 3411 sorius
1949 3357 2188 3412 futurus.
2232 3358 2327 3411 Ille

2427 3357 2784 3410 ἀπονενεύκει
2820 3357 2954 3427 πρὸς
2989 3357 3081 3409 τὸν
3101 3357 3320 3419 Φωκᾶν,
3357 3355 3614 3414 κοινωνὸς
3637 3353 3805 3418 ἀξιῶν
3860 3349 4007 3406 εἶναι

747 3448 1065 3502 societatem
1101 3448 1408 3516 amplexus,
1435 3449 1480 3502 si
1508 3459 1760 3502 votorum
1794 3461 2077 3516 compotes
2111 3450 2326 3509 ﬁerent.

2430 3451 2524 3503 aut
2548 3449 2642 3502 τοῦ
2675 3449 2916 3520 πολέμου
2939 3449 3034 3502 καὶ
3066 3448 3166 3518 τῆς
3204 3447 3484 3517 βασιλείας
3509 3447 3698 3514 αὐτῆς.
3745 3445 3804 3498 ὐ
3829 3447 3885 3500 δέ
3914 3449 4017 3514 τὴν

748 3536 852 3591 sibi
898 3539 1092 3592 urbem
1140 3539 1544 3607 imperatoriam
1572 3550 1626 3594 et
1653 3542 1952 3608 plurimum
1987 3543 2233 3611 gentium
2265 3558 2327 3598 ac

2430 3541 2825 3611 κοινοπραγίαν
2857 3542 3098 3607 ἐδέξατο,
3147 3543 3243 3596 καὶ
3276 3544 3324 3596 εί
3355 3541 3465 3595 τῶν
3507 3542 3750 3610 ἐφέσεων
3775 3543 4015 3612 τύχοιεν,

750 3629 1160 3695 provinciarum
1208 3632 1502 3700 imperium
1572 3633 1815 3687 vindicat
1851 3654 1861 3687 :
1895 3633 2082 3688 Sclero
2136 3633 2328 3688 Antio-

749 3719 954 3783 chiam,
991 3720 1366 3791 leesyrfam,
1416 3723 1779 3786 thniciam,
1821 3722 2188 3790 f'alzrstinam,
2222 3726 2332 3779 Me-

747 3813 1108 3879 ειροιωηίαιη
1155 3823 1211 3867 et
1253 3812 1547 3884 Egyptum
1611 3815 1889 3874 attribuit,
1942 3830 2119 3884 eaque
2174 3824 2330 3882 pacta

742 3899 1104 3969 jurejurando
1151 3904 1350 3960 sam-it.
1391 3903 1510 3970 Quo
1564 3905 1790 3959 Sclerus
1845 3905 2039 3969 frctus,
2087 3920 2213 3959 cum
2260 3905 2329 3960 ad

749 3989 902 4045 ilium
948 4008 1006 4048 se
1057 3998 1409 4060 contulisset,
1455 4010 1519 4050 ac
1559 3998 1669 4067 jam
1726 3998 1868 4051 intra
1926 4013 2111 4053 casses
2158 4007 2327 4064 esset,

753 4084 988 4150 primum
1020 4085 1208 4140 habitu
1244 4087 1394 4156 regio
1431 4088 1697 4156 privatur,
1739 4088 1938 4144 deinde
1967 4089 2020 4143 in
2050 4106 2328 4146 carcerem

753 4177 1003 4244 conjecto
1032 4179 1279 4232 custodia
1307 4180 1604 4234 adhibetur
1629 4197 1642 4233 :
1672 4191 1726 4235 et
1748 4182 1922 4248 copiis
1951 4182 2098 4236 illius
2119 4183 2329 4249 ascitis,

752 4269 965 4324 Phocas
1001 4272 1343 4342 tyrannidem
1377 4288 1527 4326 suam
1561 4273 1761 4328 ﬁrmat.
1795 4273 2085 4328 Enimvero
2113 4274 2331 4331 Sclerus

752 4362 1069 4430 priusquam
1125 4364 1194 4416 ab
1253 4364 1346 4417 illo
1399 4365 1982 4433 comprehenderetur,
2035 4376 2092 4420 ut
2141 4368 2186 4421 si
2240 4384 2330 4424 res

756 4453 894 4504 male
929 4453 1205 4512 cessisset,
1244 4464 1524 4519 receptum
1553 4455 1791 4522 aliquem
1821 4455 2053 4511 haberet
2081 4473 2146 4511 ac
2174 4473 2329 4527 spem

753 4543 968 4605 salutis,
1017 4555 1236 4599 curarat
1271 4554 1332 4599 ut
1363 4545 1506 4600 ﬁlius
1537 4561 1670 4600 suus
1717 4547 2028 4611 Romanus,
2076 4550 2214 4603 clarn
2244 4565 2334 4603 ar-

758 4645 909 4702 νρειτι
959 4636 1106 4707 fuga,
1147 4639 1213 4692 ad
1251 4638 1638 4709 imperatorem
1675 4641 1955 4706 deficeret,
1987 4658 2015 4696 a
2052 4658 2163 4711 quo
2204 4658 2329 4697 cum

754 4729 956 4793 gaudio
1003 4741 1264 4800 exceptus
1295 4740 1400 4797 est,
1432 4741 1488 4787 et
1520 4734 1704 4788 statim
1765 4734 2023 4802 magister
2079 4734 2334 4804 designa-

757 4828 865 4874 l'lS.
919 4821 1132 4876 Phoeas
1173 4834 1357 4877 autem
1408 4824 1672 4893 Delphina
1724 4825 1953 4894 patricio
1999 4840 2122 4879 cum
2178 4836 2330 4894 parte

756 4913 1036 4979 copiarum
1083 4915 1486 4988 Chrysopolim,
1537 4932 1659 4984 qua:
1711 4926 1795 4973 cst
1837 4933 1868 4972 e
1916 4919 2136 4985 regione
2181 4917 2336 4973 urbis

755 5003 940 5068 τομίων
989 5005 1180 5070 misse,
1229 5007 1342 5075 ipse
1372 5022 1495 5060 eum
1532 5009 1744 5078 reliquo
1787 5007 2031 5061 exercitu
2084 5007 2333 5077 Abydum

759 5091 1145 5156 proﬁciscitur.
1196 5094 1501 5162 Imperator
1547 5110 1678 5148 vero
1717 5095 2038 5163 Delphinam
2063 5093 2131 5146 ad
2161 5092 2336 5163 Chry-

757 5182 987 5248 sopolim
1033 5195 1502 5246 castramctatum,
1543 5185 1726 5239 subito
1754 5201 1878 5238 cum
1920 5184 2150 5239 Russico
2177 5199 2340 5238 exer-

759 5271 872 5324 citu
905 5273 1129 5328 adortus
1169 5277 1317 5344 (nam
1363 5291 1487 5330 eum
1528 5276 1842 5331 liladimero
1881 5275 2076 5329 ducem
2119 5289 2338 5339 eorum,

758 5377 948 5418 sorore
1009 5366 1162 5421 Anna
1215 5367 1379 5422 ducta
1410 5407 1424 5426 .
1483 5367 1802 5421 afﬁnitatem
1851 5368 2129 5436 iunxerat,
2175 5375 2340 5435 atque

757 5456 960 5510 auxilia
993 5456 1118 5511 inde
1149 5459 1521 5523 accersierat),
1556 5457 1805 5513 hostibus
1841 5457 1998 5512 facile
2043 5456 2342 5524 superatis,

2429 3631 2610 3703 ἑαυτῷ
2656 3631 2756 3702 μὲν
2806 3633 2906 3702 τὴν
2936 3632 3186 3703 βασιλίδα
3227 3633 3337 3685 τῶν
3377 3633 3586 3686 πόλεων
3620 3633 3886 3703 ἀπένειμε
3921 3636 4019 3686 καὶ

2427 3724 2539 3776 τῶν
2591 3723 2854 3777 πλειόνων
2897 3723 3067 3777 ἐθνῶν
3097 3723 3191 3778 καὶ
3238 3725 3436 3794 χωρῶν
3465 3730 3527 3777 τδ
3571 3724 3770 3794 κράτος
3794 3741 3810 3757 ο
3847 3724 3926 3793 τῷ
3959 3723 4019 3777 δὲ

2431 3813 2664 3883 Σκληρῷ
2695 3815 3075 3884 προσεκλήρου
3106 3815 3206 3885 τὴν
3241 3815 3594 3885 Ἀντιόχειαν,
3635 3817 3738 3885 τήν
3786 3833 3845 3869 τε
3880 3817 4017 3870 Κοί-

2429 3905 2531 3976 λην
2578 3905 2801 3976 Συρίαν,
2866 3907 2962 3959 καὶ
3005 3906 3282 3976 Φοινίκην,
3328 3907 3424 3961 καὶ
3481 3906 3879 3976 Παλαιστίνην,
3915 3908 4016 3959 καὶ

2430 3997 2888 4066 Μεσοποταμίαν,
2933 3997 3030 4050 καὶ
3073 3996 3379 4065 Αἴγυπτον,
3435 3998 3530 4051 καὶ
3587 3999 3686 4060 τὰς
3738 3997 4018 4068 συνθήκας

2430 4089 2614 4156 ὅρκοις
2647 4088 2928 4158 καθιερῶν
2957 4089 3373 4161 ἐμπεπέδωκεν.
3411 4088 3537 4142 Ἐπὶ
3569 4089 3780 4151 τούτοις
3801 4089 4013 4161 τεθαρ-

2435 4179 2619 4251 ρηκὼς
2650 4183 2679 4234 6
2724 4180 2988 4250 Σκληρὺς,
3031 4179 3285 4249 πρόσεισι
3333 4179 3412 4252 τῷ
3458 4181 3642 4252 eme.
3686 4181 3748 4234 '0
3789 4180 4017 4243 δ’ἐντὲς

2430 4273 2654 4342 ἀρκύων
2701 4272 2892 4326 τοῦτον
2920 4266 3146 4338 λαϐὼν,
3200 4273 3520 4344 ἀφαιρεῖται
3582 4274 3682 4342 μέν
3731 4272 3902 4326 αὑτοῦ
3952 4275 4017 4323 τδ

2435 4361 2621 4429 σχῆμα
2645 4359 2710 4430 δὴ
2731 4360 2792 4412 τδ
2825 4359 3123 4429 βασίλειον,
3154 4360 3514 4430 καθείργνυσι
3548 4358 3627 4423 δὲ,
3655 4361 3750 4412 καλ⁸
3769 4359 4019 4429 φρουράν

2441 4451 2608 4520 ἀὑτῷ
2628 4452 2992 4522 περιίστησιν.
3009 4450 3129 4520 Ὑφ’
3157 4451 3350 4504 ἐαυτὸν
3375 4450 3431 4503 δέ
3457 4451 3552 4504 καὶ
3568 4451 3666 4520 τὴν
3693 4451 3792 4503 σῖιν
3823 4450 4020 4519 ἐκείνῳ

2435 4540 2698 4610 στρατιὰν
2731 4541 3119 4611 ποιησάμενος,
3145 4541 3241 4594 τοῦ
3271 4539 3622 4610 τυραννεύειν
3660 4542 3841 4610 εἴχετο
3883 4557 4011 4608 κραο

2425 4633 2724 4702 ταιότερον.
2757 4631 2816 4684 '0
2837 4631 3021 4701 μέντοι
3038 4632 3300 4702 Σκληρδς,
3318 4631 3802 4702 προμηθευόμενος
3825 4633 3851 4684 ἐ
3869 4632 4019 4700 αυτῷ

2427 4717 2566 4788 πρὸς
2602 4718 2664 4771 τὺ
2717 4717 2914 4788 μέλλον
2950 4716 3012 4782 ἐξ
3059 4718 3362 4788 ἀποτυχίας
3409 4719 3692 4788 σωτηρίαν
3723 4718 3871 4780 τινὰ,
3914 4720 4019 4791 πρὸ

2424 4812 2522 4866 τοῦ
2561 4811 2967 4884 κατασχεθῆναι
2999 4814 3137 4884 πρὸς
3169 4813 3265 4867 τοῦ
3298 4807 3484 4878 Ornata,
3514 4813 3608 4866 τὸν
3635 4813 3753 4866 υἱὸν
3788 4813 4016 4880 Ῥωμα-

2437 4903 2528 4958 νὶη
2571 4903 2747 4974 λάθρα
2780 4908 2969 4973 φυγεῖν
3000 4905 3436 4975 παρεσκεύασεν,
3491 4904 3566 4965 ὼς
3607 4904 4019 4972 αὐτομολοῦντα

2440 4995 2521 5064 τῷ
2551 4995 2781 5066 βασιλεῖ,
2815 4995 2874 5058 ὃς
2904 4997 3001 5050 καὶ
3029 4994 3347 5068 περιχαρῶς
3376 4995 3530 5064 παρὰ
3554 4993 3650 5048 τοῦ
3682 4995 4016 5063 κρατοῦντος

2436 5085 2654 5157 ἐδέχθη,
2700 5088 2796 5140 καὶ⁵
2839 5088 3141 5158 μάγιστρος
3187 5088 3424 5157 ἐτιμήθη
3471 5087 3658 5150 εὐθύς.
3725 5087 3786 5140 ’0
3819 5089 4016 5151 Φωκεῖς

2435 5177 2514 5242 δέ,
2551 5179 2862 5250 ἀπόμοιράν
2905 5197 3030 5233 τινα
3056 5181 3154 5249 τῆς
3185 5181 3443 5249 στρατιᾶς
3475 5179 3581 5233 ὑπὸ
3613 5180 3704 5232 τὸν
3726 5182 4017 5248 πατρέκιον

2435 5266 2606 5332 τάξας
2641 5268 2732 5321 τὸν
2764 5270 3052 5337 Δελφινᾶν,
3091 5271 3176 5332 είς
3209 5269 3309 5340 τὴν
3352 5270 3582 5338 ἀντικρὺ
3611 5269 3711 5336 τῆς
3744 5269 4013 5337 βασιλὶὗος

2437 5358 2714 5429 ἐκπέμπει
2733 5361 3096 5428 Χρυσόπολιν,
3117 5361 3278 5435 αὐτὸς
3305 5361 3363 5414 δέ
3387 5362 3485 5414 σὺν
3505 5364 3572 5430 τῇ
3587 5360 3672 5412 λοι
3687 5363 3755 5430 πῇ
3781 5361 4015 5430 δυνάμει

2438 5448 2666 5518 ἀφίκετο
2724 5452 2862 5523 πρὸς
2920 5453 3018 5522 τὴν
3073 5453 3324 5507 Ἄϐυδον.
3377 5453 3470 5523 Τῷ
3531 5454 3722 5523 μέντοι
3781 5454 4014 5526 Δελςινᾷ

1937 5591 2140 5652 Varias
2168 5589 2474 5652 lectiones
2515 5597 2579 5652 et
2621 5598 2815 5655 noue.

837 5738 946 5803 (Μ)
998 5739 1123 5790 Ἐπὶ
1175 5742 1244 5796 τὰ
1291 5742 1738 5811 Μανθραΰυλου.
1779 5739 1916 5795 Vide
1964 5736 2325 5809 Apostolium,

2426 5738 2615 5794 'nturia
2655 5737 2710 5806 8,
2744 5755 2799 5795 n.
2837 5741 2928 5805 93,
2969 5750 3025 5796 ct
3092 5741 3434 5798 Maussacum
3484 5741 3550 5797 ad
3624 5739 4005 5810 llarpocratic~

1039 5811 1154 5864 HS.

808 5827 912 5869 ειη,
943 5826 976 5869 ιι
