4220 6440
751 401 856 468 159

2046 407 2374 470 JOANNIS
2405 407 2729 469 ZONAR/E

3916 411 4024 482 150

744 523 931 596 priore
981 524 1238 581 instituto
1284 541 1394 580 non
1445 522 1772 590 recedebat,
1818 541 2048 598 regnum
2101 541 2336 596 prepere

2443 524 2729 592 βασιλικῆς
2780 522 3086 593 ἁδρότητος
3141 521 3540 592 κατεφρόνησε,
3595 524 3692 578 xui
3739 525 3851 579 τῶν
3879 527 4028 596 λαμ-

744 617 1126 673 aﬂ‘ectaturus.
1172 618 1278 674 Sed
1317 619 1386 671 ab
1415 620 1744 688 imperatore
1781 628 1880 690 per
1907 621 2119 674 litteras
2152 620 2330 673 moni-

746 717 857 772 tus,
893 718 956 764 ut
985 713 1204 766 tandem
1242 713 1443 765 omissa
1485 711 1890 782 desperatione.
1925 711 2326 766 continentium

745 798 1022 854 bellorum
1097 812 1290 855 auctor
1337 818 1458 857 esse
1519 803 1830 863 desineret.
1891 818 2070 872 neque
2123 811 2326 858 terram

744 891 1012 959 sanguine
1058 891 1344 961 pollueret,
1392 909 1567 962 eoque
1612 893 2049 949 Christianorum
2079 911 2094 950 :
2121 904 2328 951 cumet

747 991 1031 1036 senectute
1059 983 1171 1052 jam
1221 983 1578 1054 amigerctur,
1607 994 1663 1040 et
1699 999 1850 1052 spem
1904 1001 2014 1041 non
2061 988 2326 1057 optimam

745 1073 999 1138 foveret,
1055 1093 1154 1146 per
1209 1081 1491 1146 pactiones
1536 1078 1604 1132 ad
1653 1080 1805 1134 illum
1849 1096 1907 1136 se
1942 1080 2327 1153 confertzqui

743 1181 871 1222 cum
910 1167 964 1220 in
995 1169 1147 1238 regio
1187 1168 1542 1224 tabernacqu
1577 1172 1779 1228 sedens
1807 1173 2054 1228 Sclerum
2085 1174 2324 1244 peditem

747 1260 1008 1314 accedere
1059 1260 1292 1322 videret.
1340 1261 1601 1333 utrinque
1647 1265 1953 1329 suﬂ‘ultum,
1990 1282 2114 1321 cum
2142 1267 2215 1322 ob
2244 1283 2330 1323 se-

746 1349 920 1412 nium,
959 1359 1071 1402 tum
1101 1349 1173 1403 ob
1203 1350 1404 1404 molem
1451 1353 1696 1421 corporis
1734 1353 1979 1422 (grandis
2013 1355 2160 1410 enim
2186 1357 2327 1428 erat)

746 1439 1082 1493 celebratum
1126 1441 1260 1495 illud
1311 1442 1512 1498 dixisse
1555 1443 1769 1498 fertur:
1813 1447 1978 1509 Quem
2018 1448 2326 1513 timueram,

748 1529 883 1582 isad
913 1546 993 1584 me
1024 1549 1185 1585 manu
1203 1534 1430 1588 ducitur.
1471 1535 1574 1588 Alii
1611 1534 1860 1590 Sclerum
1895 1537 1948 1591 in
1977 1538 2069 1592 illo
2102 1553 2326 1594 accessu

747 1623 814 1676 ad
844 1627 1226 1692 imperatorem
1275 1630 1452 1683 visum
1503 1631 1753 1686 amisisse
1799 1631 2006 1693 ferunt,
2050 1648 2225 1702 eaque
2257 1633 2326 1688 de

749 1730 913 1770 causa
944 1717 1264 1776 ductOt-ibus
1299 1720 1468 1776 fuisse
1503 1737 1683 1779 usum.
1710 1723 1844 1778 Cum
1871 1739 2042 1793 prope
2073 1724 2327 1782 taberna-

748 1809 934 1862 culum
981 1811 1244 1876 vcnisset,
1299 1812 1597 1882 imperator
1620 1815 1780 1884 223
1806 1816 2204 1873 animadversis
2229 1834 2328 1889 pu-

2433 615 2586 685 πρῶν
2651 614 3041 682 ἐπιόλημάτων
3113 612 3406 683 ἀπέσχετο,
3468 616 3563 668 xui
3637 614 4022 686 γλυκυθυμίαν

2437 707 2658 761 ἃπασαν
2679 707 3040 765 ἀπεσείσατο.
3075 705 3167 759 καί
3207 723 3290 758 τοι
3331 705 3526 776 πρώην
3563 706 3640 777 μὴ
3667 706 3812 761 οῦτω
3841 709 4022 777 βιοὺς,

2431 797 2568 851 ἀλλά
2591 797 2686 851 xui
2703 796 2928 867 ἐρώτων
2954 795 3287 867 ἡττώμενος,
3313 798 3408 850 xui
3435 797 3642 864 κώμοις
3661 799 3757 852 καὶ
3788 803 4027 870 τρυφαῖς

2431 891 2621 945 ἑαυτὸν
2649 889 2889 950 ἐκδιδοὺς
2920 889 3014 943 xui
3043 888 3318 959 βασιλείας
3349 891 3730 960 περιττότησιν
3760 892 4032 961 ἐνηδόμε-

2431 1001 2542 1046 νος.
2584 980 2795 1051 Ἑαυτῷ
2844 980 2902 1034 δὲ
2959 979 3109 1049 μόνῳ
3169 978 3602 1050 προσκληρώσας
3629 979 3727 1050 τὴν
3755 981 4031 1046 ἐξουσίαν,

2428 1074 2525 1127 τοῦ
2556 1075 2819 1143 ὀνόματος
2855 1072 3018 1141 μόνον
3047 1073 3146 1142 τῆς
3177 1070 3458 1141 βασιλείας
3485 1072 3581 1126 xui
3609 1071 3703 1125 τοῦ
3745 1073 4030 1143 ἐπισήμου

2429 1161 2722 1233 χρώματος
2753 1162 3024 1232 μετεδίδου
3047 1163 3128 1233 τῷ
3147 1161 3386 1234 ἀδελφῷ,
3416 1161 3511 1216 καί
3540 1180 3664 1216 τινα
3693 1164 4031 1234 δορυφορίαν

2431 1253 2625 1324 ἐκείνῳ
2667 1252 2927 1318 ἀπέταξε,
2981 1253 3241 1324 βραχεῖαν
3269 1254 3458 1324 μέντοι
3511 1255 3606 1306 καὶ
3638 1257 3736 1323 οὐχ
3790 1255 4035 1324 ύπέρογυ

2429 1364 2543 1400 κον.
2589 1345 2649 1398 ὐ
2695 1348 2752 1400 δὲ
2787 1347 2974 1416 ἔφερε,
3025 1347 3120 1398 καὶ
3156 1345 3258 1399 οὐκ
3310 1345 3651 1416 ἠμφισϐήτει
3683 1346 3760 1416 τῷ
3788 1346 4030 1417 ἀδελφῷ,

2431 1439 2595 1510 ήθους
2639 1439 2922 1508 ἀνειμένου
2951 1437 3150 1506 τυχὼν,
3197 1433 3374 1507 οἶμαι,
3403 1438 3499 1490 xui
3519 1437 3727 1507 χαίρων
3759 1440 4037 1509 ὑγροτέρᾳ

2432 1528 2545 1599 ζωῇ
2578 1529 2671 1581 xui
2716 1526 2958 1598 διαγωγῇ
3003 1529 3272 1597 τρυφερᾷ,
3301 1527 3394 1579 xui
3419 1527 3617 1596 θήραις
3645 1529 3739 1580 καὶ
3799 1529 4038 1596 ἡλικιω-

2429 1619 2540 1672 τῶν
2582 1617 2839 1686 συνουσίᾳ
2866 1619 2976 1670 τῶν
3015 1612 3096 1680 οἷς
3129 1619 3509 1688 συνετρέφετο.
3528 1617 3620 1669 Τὼ
3643 1618 3744 1685 μὲν
3770 1617 4037 1672 οὗνάδεὶ-

2432 1711 2520 1782 φὼ
2552 1712 2646 1765 καὶ
2678 1710 2845 1780 ἄμφω
2874 1709 3088 1778 εἰχέτην
3117 1709 3311 1772 οὕτως.
3356 1709 3415 1760 ’0
3441 1709 3497 1761 δέ
3530 1726 3592 1776 γε
3629 1709 3888 1777 Σκληρός,
3935 1711 4034 1762 τοῦ

2431 1804 2596 1857 Φωκᾶ
2645 1802 2918 1866 θανόντος,
2972 1800 3154 1863 λυθεὶς
3203 1799 3302 1868 τῆς
3381 1799 3626 1868 εἱρκτῆς,
3689 1799 3863 1868 εῖχετο
3937 1803 4038 1854 καὶ

748 1901 926 1954 niceis
971 1902 1024 1956 in
1075 1919 1142 1957 eo
1188 1905 1387 1960 calceis
1432 1907 1580 1972 (nam
1629 1917 1826 1964 caetera
1890 1910 2126 1980 insignia
2177 1912 2326 1983 regia

2437 1893 2582 1959 ιῦθις
2606 1894 2701 1948 τοῦ
2745 1894 2875 1962 πρὶν
2907 1895 3331 1963 ἐγχειρήματος,
3359 1892 3452 1944 καὶ
3480 1895 3766 1960 τυραννεῖν
3799 1895 3891 1944 καὶ
3927 1895 4038 1945 πάι

751 1990 1100 2059 deposuerat,
1133 1994 1331 2050 calceis
1377 1996 1508 2051 solis
1546 1997 1663 2052 sive
1695 2015 1793 2068 per
1824 2001 2185 2068 oblivionem,
2219 2006 2336 2062 sive

751 2096 853 2150 per
898 2081 1308 2153 incogitantiam
1360 2089 1611 2156 retentis)
1650 2091 1832 2146 statim
1884 2095 2084 2150 aver‘it
2125 2099 2335 2164 oculos,

754 2185 935 2240 neque
963 2189 1087 2228 eum
1110 2188 1178 2230 eo
1202 2175 1307 2229 nisi
1333 2177 1520 2231 habitu
1556 2179 1750 2247 privati
1782 2183 2021 2242 colloqui
2051 2187 2334 2242 sustinuit.

754 2259 890 2314 Cum
957 2263 1124 2331 igitur
1171 2275 1296 2319 ante
1363 2267 1776 2324 tabernaculum
1857 2273 2158 2329 invidiosos
2218 2276 2340 2333 illos

754 2352 970 2406 calceos
1018 2355 1329 2424 abjeci-sset,
1381 2357 1629 2429 ingresso
1677 2363 1974 2431 imperator
2013 2371 2336 2435 assurrexit,

755 2454 1122 2515 porrectaque
1153 2447 1402 2516 dextera,
1445 2454 1769 2515 colIOcutus.
1803 2466 1858 2510 et
1887 2458 2077 2512 eadem
2107 2468 2339 2531 uterque

759 2549 952 2590 mensa
1001 2554 1132 2593 usus
1170 2551 1274 2602 est,
1309 2551 1473 2612 atque
1501 2561 1566 2600 ex
1601 2547 1791 2601 eodem
1839 2550 2008 2604 calice
2056 2551 2338 2608 biberunt.

759 2624 875 2679 lloc
907 2626 1070 2680 modo
1111 2630 1284 2698 sopita
1329 2631 1499 2686 Sclcri
1538 2637 1846 2704 tyrannide,
1887 2638 1999 2707 ipse
2024 2643 2340 2710 curopalata

760 2725 848 2768 est
890 2717 1246 2788 designatus,
1289 2733 1345 2778 ct
1391 2739 1555 2793 quem
1593 2727 1824 2794 quisque
1867 2731 2177 2797 adjutornm
2225 2737 2343 2803 ejus

763 2806 1050 2875 dignitatis
1070 2817 1127 2863 et
1149 2814 1439 2880 potestatis
1465 2816 1713 2885 gradum.
1741 2834 1942 2886 quasve
1969 2823 2344 2890 possessiones

761 2897 833 2950 ab
862 2897 957 2952 illo
986 2912 1248 2969 regnante
1303 2919 1612 2975 acceperat,
1646 2924 1710 2962 ea
1741 2911 1979 2965 retinere
2032 2912 2207 2968 licuit.
2245 2916 2346 2970 Im-

764 2999 988 3056 perator
1030 2991 1180 3045 curis
1227 2993 1596 3049 defectionum
1663 2998 1908 3064 levatus,
1956 3000 2008 3053 in
2053 3001 2342 3059 Thraciam

765 3080 920 3138 abiit.
962 3090 1018 3134 et
1049 3083 1497 3142 Thessalonicam
1547 3093 1800 3153 accessit.
1849 3104 1909 3146 ut
1951 3095 2152 3149 celebri
2204 3115 2345 3152 mar-

766 3173 870 3240 tyri
902 3175 1106 3238 gratias
1134 3188 1339 3246 ageret,
1393 3180 1579 3250 ibique
1609 3183 1724 3235 viro
1753 3183 1950 3236 illustri
1985 3201 2108 3238 cum
2138 3187 2346 3256 magnis

767 3264 947 3332 copiis
992 3266 1132 3321 duce
1183 3269 1372 3324 relicto
1398 3272 1461 3324 ad
1491 3274 1846 3329 excursiones
1889 3274 2159 3330 Samuelis
2199 3293 2350 3333 coer-

2439 1987 2527 2039 λιν
2555 1987 2655 2039 οὐκ
2697 1983 3047 2038 ἀνεϐάλλετο.
3089 1983 3148 2035 '0
3187 1982 3244 2035 δὲ
3273 1981 3527 2051 βασιλεὺς
3558 1982 3852 2050 γράμμασι
3886 1984 4033 2045 πρὸς

2438 2080 2602 2133 αὑτὸν
2695 2077 3084 2147 ἐγχαραχθεῖσι
3146 2074 3382 2145 παρῄνει
3458 2075 3551 2126 τὸν

2440 2172 2638 2226 σασθαι
2689 2171 2789 2238 τῆς
2835 2169 3094 2230 ἀπονοίας
3145 2167 3296 2229 ποτὲ,
3334 2166 3429 2218 xui
3489 2167 3563 2236 μὴ
3606 2167 3692 2218 ἀεὶ
3740 2165 4037 2233 βούλεσθαι

2439 2265 2614 2317 αῐτιον
2639 2258 2782 2315 εἶναι
2813 2261 3069 2329 πολέμων
3089 2260 3399 2327 δμογενέσι.
3436 2257 3532 2308 xui
3565 2258 3663 2326 τὴν
3689 2258 3793 2323 γῆν
3824 2257 4031 2324 αἵμασι

2439 2358 2702 2428 χραίνειν,
2731 2354 2825 2407 xui
2847 2352 3056 2413 τούτοις
3085 2348 3446 2418 Χριστιανῶν.
3483 2348 3542 2400 Ὀ
3567 2347 3622 2399 δὲ
3658 2348 3730 2416 τῷ
3775 2364 3835 2398 τε
3882 2347 4040 2417 γήρᾳ

2439 2446 2778 2518 τρυχόμενος
2815 2444 2940 2513 ἤδη,
2997 2441 3091 2494 καὶ
3137 2441 3274 2510 πρὸς
3323 2440 3384 2491 τὸ
3432 2438 3627 2508 μέλλον
3683 2438 4024 2506 ἰλιγγιάσας,

2444 2536 2751 2597 σπένδεται,
2779 2535 2874 2586 καὶ
2907 2533 3157 2602 πρόσεισι
3187 2529 3264 2599 τῷ
3283 2527 3575 2600 κρατοῦντι
3603 2543 3617 2558 ⁸
3643 2529 3896 2590 κάκεῖνος
3924 2527 4038 2580 ὑπ’)

2445 2631 2649 2700 σκηνὴν
2694 2629 2938 2694 καθῆστο
2982 2627 3278 2697 βασίλειον,
3309 2627 3400 2678 καὶ
3434 2625 3721 2692 ὁΣκληρος
3755 2622 3927 2692 βάδην
3948 2622 4040 2693 ᾔει

2443 2722 2578 2785 πρὸς
2618 2722 2718 2788 τὴν
2761 2721 2983 2788 σκηνὴν,
3033 2717 3517 2787 ύπερερειδόμενος
3557 2715 3921 2778 ἑκατέρωθεν,
3977 2717 4043 2767 τό

2450 2813 2632 2881 μέντοι
2657 2813 2742 2864 διά
2769 2811 2828 2864 τὸ
2851 2811 3117 2880 γῆρας,τδ
3149 2811 3204 2863 δὲ
3229 2809 3315 2861 διὰ
3339 2809 3430 2861 τὸν
3457 2808 3621 2871 δγκον
3653 2805 3747 2859 τοῦ
3776 2805 4039 2873 σώματος

2445 2901 2537 2975 (ἦν
2564 2904 2672 2972 γὰρ
2693 2903 3018 2971 εὐμεγέθης)
3043 2905 3131 2955 ὅτε
3168 2903 3264 2954 καὶ
3289 2900 3348 2953 τὸ
3381 2901 3638 2970 ᾀδόμενον
3664 2900 3838 2952 εἰπεῖν
3859 2900 3888 2950 6
3938 2896 4045 2966 βα-

2449 2998 2627 3059 σιλεὺς
2687 2996 2968 3056 Βασίλειος
3018 2995 3263 3053 λέγεται’
3330 2995 3440 3068 Ὃν
3466 2992 3815 3061 ἐδεδοίκειν,
3847 3009 4045 3062 προσ-

2446 3089 2650 3155 άγεται
2675 3106 2775 3156 μοι
2816 3087 3381 3156 χειραγωγούμενος.
3411 3089 3475 3140 οι
3529 3087 3587 3138 δὲ
3633 3089 3869 3157 ἀορασία
3895 3087 4046 3157 πλη-

2448 3177 2612 3248 γῆναί
2674 3195 2808 3246 φασι
2848 3178 2941 3230 τὸν
2987 3177 3228 3244 Σκληρὶν
3272 3179 3330 3228 ἐν
3380 3175 3458 3244 τῷ
3504 3175 3726 3229 ἀπιέναι
3776 3179 3916 3246 προς
3949 3177 4047 3230 τὸν

2449 3269 2847 3340 αὐτοκράτορα,
2889 3269 2982 3320 καὶ
3037 3268 3124 3320 διά
3152 3266 3311 3319 τοῦτο
3357 3267 3845 3336 χειραγωγεῖσθαι.
3913 3268 4046 3336 Ἐγ-

3626 2075 3794 2143 ἄνδρα
3877 2076 4031 2126 παύ-

769 3355 1012 3420 cemlas,
1065 3357 1382 3428 Byzantium
1446 3364 1775 3431 regreditur.
1833 3365 1962 3418 Inde
2016 3367 2068 3421 in
2121 3369 2336 3422 lberian

2451 3363 2704 3430 γίσαντος
2727 3361 2784 3414 δὲ
2820 3350 2906 3412 τοῦ
2937 3360 3128 3428 ἀνδρδς
3157 3361 3221 3429 τῇ
3252 3361 3446 3428 σκηνῇ,
3482 3361 3824 3428 κατανοήσας
3873 3363 3902 3414 6
3945 3361 4049 3426 βα-

770 3443 1160 3513 prollciscitur,
1189 3450 1389 3506 Davide
1428 3457 1750 3522 curopalata
1788 3467 2021 3516 mortuo.
2054 3475 2082 3512 a
2108 3475 2218 3525 quo
2242 3461 2336 3529 oju

2459 3449 2640 3512 σιλεῦς
2691 3451 2772 3501 ἔτι
2799 3449 2925 3510 τοὺς
2977 3450 3142 3510 πόδας
3189 3447 3356 3501 αὐτοῦ
3409 3448 3809 3514 ὑποδουμένους
3849 3449 4054 3519 ὕποδήο

773 3533 1006 3590 ditionis
1035 3537 1208 3592 haeres
1238 3541 1521 3597 institutus
1547 3545 1742 3606 fuerat,
1773 3563 1934 3612 qnam
1971 3549 2058 3602 ille
2085 3559 2336 3604 tenuerat

2466 3558 2598 3610 μασι
2632 3543 2896 3609 φοινικοῖς
2921 3540 3012 3606 (τά
3041 3542 3142 3609 μὲν
3171 3542 3280 3610 γὰρ
3307 3541 3443 3594 ἄλλα
3470 3541 3570 3610 τῆς
3597 3541 3875 3610 βασιλείας
3902 3558 4050 3609 γνω-

775 3623 857 3675 lbi
905 3625 1096 3679 relicta
1151 3628 1256 3681 sibi
1312 3629 1522 3684 ditione
1575 3642 1863 3700 occupata,
1897 3649 2021 3687 cum
2067 3635 2336 3702 Georgium

2469 3633 2714 3703 ρίσματα
2751 3633 2780 3685 6
2837 3631 3080 3703 Σκληρός
3139 3631 3474 3695 ἀπεδύσατο,
3531 3632 3599 3685 τά
3643 3631 3700 3684 δέ
3749 3648 3813 3697 γε
3854 3632 4053 3686 πέδιλα

777 3713 1002 3769 liavidis
1055 3716 1281 3772 fratrem
1315 3719 1598 3775 interioris
1647 3723 1836 3776 Iberia:
1877 3725 2179 3793 principem
2213 3743 2333 3780 com

2463 3725 2566 3776 οὐκ
2617 3722 2878 3788 ἀπέθετο,
2927 3724 2961 3792 ἦ
3023 3723 3134 3791 γὰρ
3185 3721 3368 3776 λάθετ’
3414 3722 3448 3794 ἢ
3505 3723 3607 3776 οὐκ
3652 3723 3877 3792 ἐνόησεν
3933 3723 4052 3792 (86)

778 3807 1104 3872 pescuisset,
1159 3820 1220 3862 ut
1267 3811 1384 3866 suis
1439 3813 1642 3867 finibus
1695 3824 1990 3868 contentus
2033 3828 2192 3870 esset.
2253 3819 2336 3870 ίὶΙῙ‹

2469 3813 2749 3883 ἀπέστεψε
2774 3815 2873 3876 τὰς
2903 3813 3262 3882 ὄψειςιεῦθὺς,
3301 3813 3376 3882 μὴ
3413 3811 3588 3873 ἄλλως
3623 3813 3775 3882 αὐτῷ
3805 3815 4054 3882 ἐντυχεῖν

778 3899 901 3957 eius
925 3899 1117 3956 obside
1142 3913 1366 3972 accepto
1394 3920 1407 3956 :
1440 3905 1771 3960 Phoenicium
1799 3907 1955 3971 adiit,
1983 3920 2036 3962 et
2063 3910 2336 3978 principem

2466 3905 2799 3975 ἀνεχόμενος
2853 3907 2902 3956 εί
2940 3905 3016 3974 μὴ
3047 3905 3106 3957 ἐν
3150 3904 3362 3956 ἰδιώτου
3391 3903 3574 3972 στολῇ.
3610 3901 3671 3955 '0
3697 3903 3774 3962 δέ.
3811 3904 3919 3972 προ
3952 3903 4055 3969 τῆς

782 3988 1207 4059 Tripolitanum,
1250 3997 1671 4060 Damascenum,
1709 3999 1934 4070 Tyrium
1979 4010 2034 4055 et
2065 4002 2336 4073 Bcrytium

2467 3994 2674 4061 σκηνῆς
2703 3992 3016 4065 ἀπορρίψας
3046 3992 3116 4044 τὰ
3143 3992 3413 4060 ἐπίφθονα
3445 3991 3657 4052 πέδιλα,
3707 3990 3884 4053 οὕτως
3922 3992 4057 4046 ὑπιο

785 4081 880 4148 qui
913 4085 1328 4152 conspiratione
1361 4089 1518 4150 inita,
1541 4089 1813 4158 Daphnea:
1841 4090 2149 4146 Antiochia:
2180 4108 2336 4162 agrur

2470 4088 2531 4140 δυ
2553 4087 2748 4154 αὐτὴν,
2780 4088 2876 4138 xui
2913 4089 2942 4137 6
2974 4084 3229 4154 βασιλεὺς
3274 4084 3563 4152 ἐξανέστη,
3599 4083 3693 4137 xui
3739 4083 3834 4136 τὸν
3880 4084 4058 4152 ἄνδρα

785 4169 1200 4230 incursionibus
1223 4179 1514 4243 vexabant,
1550 4182 1818 4243 coercuit,
1855 4190 1911 4234 et
1951 4182 2216 4237 Romanis
2257 4199 2336 4237 set

2472 4177 2823 4241 ἐδεξιώσατο,
2857 4176 2951 4228 καὶ
2977 4176 3337 4245 ὡμιλησάτην
3371 4173 3649 4242 ἀλλήλοιν,
3699 4174 3797 4227 καὶ
3828 4174 4060 4228 ἐκοινώ-

787 4261 905 4316 vire
957 4265 1160 4334 coegit.
1213 4269 1565 4338 acceptisque
1613 4270 1682 4323 ab
1729 4271 1816 4324 his
1861 4272 2026 4325 etiam
2063 4272 2336 4328 obsidihus

2469 4285 2602 4322 σατο
2631 4268 2938 4340 τραπέζης,
2986 4272 3083 4320 xui
3113 4267 3341 4335 ἐπιέτην
3379 4267 3446 4319 ἐκ
3474 4265 3576 4332 τῆς
3599 4265 3772 4334 αὐτῆς
3808 4265 4058 4328 κύλικος.

787 4351 1012 4408 domum
1041 4357 1224 4412 rediit.
1257 4359 1319 4411 iit
1343 4360 1447 4413 hoc
1470 4360 1695 4429 quidem
1723 4361 1796 4416 ita
1819 4377 1879 4416 se
1922 4363 2260 4418 habuerunt.

2465 4361 2670 4414 Τοῦτον
2725 4361 2824 4429 μὲν
2886 4357 2982 4414 οὖν
3032 4359 3122 4412 τὸν
3178 4357 3385 4428 τρόπον
3432 4356 3528 4410 καί.
3577 4357 3612 4426 ή
3655 4354 3751 4408 τοῦ
3805 4354 4060 4425 Σκληροῦ

788 4449 1046 4510 τυραννὶς
1116 4451 1511 4514 καταλέλυται,
1583 4453 1748 4505 αὑτοῦ
1783 4454 1880 4521 μὲν
1941 4455 2362 4523 κουροπαλάτου
2406 4453 2751 4522 τιμηθέντος,
2785 4452 2894 4504 τῶν
2957 4452 3014 4504 δὲ
3082 4447 3476 4518 συναραμένων
3527 4447 3678 4516 αὐτῷ
3721 4462 4063 4517 παραχωρη-

787 4535 992 4590 θέντων
1017 4538 1163 4608 ἔχειν
1191 4542 1219 4594 6
1262 4542 1328 4594 ἂν
1357 4543 1591 4605 ἕκαστος
1623 4542 1682 4608 ἐξ
1713 4547 1924 4596 ἐκείνου
1970 4545 2360 4615 τυραννοῦντος
2402 4545 2637 4614 εἰλήφει,
2694 4545 2791 4596 εἴτ’
2818 4544 2877 4595 ἐν
2931 4542 3110 4606 ἀξίαις
3133 4538 3225 4612 ἦν,
3256 4541 3358 4594 εῖτ*
3383 4544 3442 4593 ἐν
3473 4541 3694 4608 ἀρχαῖς,
3730 4539 3843 4590 εἴτε
3868 4539 4059 4605 μέντο,⁵

788 4628 849 4677 ἐν
883 4631 1161 4699 κτήσεσιν.
1209 4633 1269 4686 Ὁ
1299 4633 1354 4686 δὲ
1389 4632 1664 4702 βασιλεὺς,
1713 4635 1810 4697 τὰς
1847 4635 1956 4687 τῶν
2014 4634 2362 4688 ἀποστασιών
2401 4635 2690 4706 φροντίδας
2755 4633 3286 4702 ἀποφορτισάμενος,
3330 4632 3424 4684 ἐπὶ
3469 4629 3568 4698 τὴν
3635 4631 3860 4700 Θρᾴκην
3890 4628 4063 4698 ἐξῄει.

787 4720 884 4773 xui
905 4721 986 4782 είς
1019 4720 1421 4792 Θεσσαλονίκην
1449 4725 1730 4794 ἐφοίτησε,
1766 4726 1843 4794 τῷ
1901 4725 2238 4797 περιωνύμῳ
2293 4727 2534 4796 μάρτυρι
2553 4723 3107 4795 ἁνθομολογούμενος.
3141 4724 3488 4790 Καταλείψας
3537 4723 3583 4776 δ’
3661 4724 4061 4793 ἐκεῑστρατάρο

791 4830 894 4881 χην
923 4813 1034 4865 τῶν
1071 4815 1359 4883 ἐπισήμων
1379 4816 1519 4886 μετά
1554 4815 1780 4887 βαρείας
1813 4818 2115 4886 δυνάμεως.
2180 4817 2266 4870 ῖνα
2317 4816 2504 4888 κωλύῃ
2574 4814 2674 4875 τὰς
2742 4814 2835 4866 τοῦ
2904 4813 3153 4883 Σαμουὴλ
3185 4814 3478 4883 ἐκδρομὰς,
3513 4813 3760 4866 ἐπάνεισι
3791 4812 3932 4881 πρὸς
3966 4815 4065 4880 τὴν

792 4903 1087 4966 Βύζαντος.
1119 4907 1212 4958 καὶ
1262 4909 1343 4969 είς
1406 4907 1645 4979 Ἰϐηρίαν
1679 4908 1867 4977 ἀπῄει,
1908 4909 2242 4979 κληρονόμος
2308 4906 2697 4975 καταλειφθεὶς
2760 4905 2912 4975 παρά
2981 4903 3078 4956 τοῦ
3137 4902 3550 4973 κουροπαλάτου
3591 4901 3756 4954 Δασὶδ
3813 4902 4066 4962 θανόντος

794 4995 897 5062 τῆς
926 4997 1119 5067 ἐκείνῳ
1141 4999 1511 5068 διαφερούσης
1548 4999 1746 5069 ἀρχῆς.
1790 4999 2073 5070 Ἔνθαπερ
2108 5000 2369 5067 γεγονὼς,
2413 5000 2506 5053 καὶ
2571 4999 2673 5065 τῆς
2741 4995 3207 5093 καταλειφθείσης
3238 4993 3387 5062 αὐτῷ
3416 4994 3604 5062 χώρας
3637 4992 4062 5093 επιλαὸόμενρς,

796 5086 894 5138 xui
925 5086 1016 5140 τὸν
1041 5088 1135 5140 τοῦ
1175 5089 1336 5142 Δαῦὶδ
1361 5089 1592 5156 ἀδελφὸν
1618 5089 1708 5141 τὸν
1743 5088 2017 5158 Γεώργιον
2066 5088 2165 5157 τῆς
2228 5088 2512 5157 ἐνδοτέρας
2589 5085 2826 5154 Ἰϐηρίας
2865 5082 3268 5153 ἡγεμονεύοντα
3333 5082 3761 5151 παρασκευάσας
3833 5081 4063 5147 ήσυχίαν

800 5180 980 5246 ἄγειν,
1031 5185 1125 5237 καὶ
1178 5187 1289 5246 τοῖς
1345 5185 1496 5248 ἰδίοις
1550 5186 1864 5256 ἀρκεῖσθαι,
1916 5185 2010 5240 xui
2040 5186 2248 5255 ὅμηρον
2325 5185 2414 5236 τὸν
2453 5185 2667 5236 ἐκείνου
2717 5181 2882 5234 παῖδα
2961 5178 3162 5238 λαϐὼν,
3210 5179 3305 5232 ἐπὶ
3343 5178 3601 5245 Φοινίκην
3651 5176 3929 5246 ἐχώρησε,
3971 5174 4067 5227 καὶ

801 5275 894 5326 τόν
922 5292 978 5327 τε
1032 5275 1131 5344 τῆς
1167 5276 1486 5345 Τριπόλεως
1535 5281 1773 5348 ἄρχοντα
1817 5280 1912 5332 καὶ
1946 5279 2035 5331 τὸν
2105 5279 2204 5347 τῆς
2296 5276 2594 5344 Δαμασκοῦ
2625 5315 2641 5338 ,
2717 5275 2808 5327 καὶ
2846 5273 2937 5327 τὸν
2974 5273 3074 5340 τῆς
3114 5269 3293 5341 Τύρου
3335 5272 3427 5324 καὶ
3461 5269 3730 5338 Βηρυτοῦ,
3767 5270 3912 5321 κατά
3943 5285 4066 5320 συν-

807 5368 987 5437 θήκας
1019 5372 1083 5438 τῇ
1135 5372 1269 5441 πρὸς
1309 5375 1376 5443 τῇ
1417 5375 1604 5444 Δάφνῃ
1644 5373 1947 5444 Ἀντιοχείᾳ
1979 5373 2254 5434 ἐπιόντας,
2318 5373 2412 5424 καὶ
2453 5370 2758 5432 κακοῦντας
2821 5370 2890 5422 τὰ
2933 5368 3023 5420 ὑπ’
3073 5368 3266 5436 αὐτὴν,
3301 5363 3754 5471 ἀνέστειλεκκαὶ
3806 5362 4070 5471 δούλωσιν

818 5460 1118 5530 Ῥωμαίοις
1159 5466 1345 5535 τηρεῖν
1380 5465 1657 5532 ἀνέπεισε,
1695 5467 1791 5519 xui
1861 5466 2107 5535 ὁμήρους
2154 5464 2262 5517 κάκ
2329 5465 2536 5517 τούτων
2581 5461 2786 5526 λαϐὼν,
2845 5457 3224 5524 ἐπανέζευξεν.
3301 5456 3466 5511 Ἀλλά
3547 5455 3718 5510 ταῦτα
3773 5457 3878 5527 μὲν
3925 5455 4070 5527 εἶχον

812 5573 874 5609 0'.)
881 5575 976 5612 τω.

1946 5673 2148 5737 Varite
2189 5671 2498 5734 lectiones
2539 5675 2602 5732 et
2646 5675 2835 5732 notae.

897 5833 1008 5908 (86)
1037 5835 1116 5890 Ἦ
1135 5837 1245 5906 τὰρ
1269 5833 1464 5891 λάθετ’
1491 5835 1528 5903 ii
1550 5837 1659 5890 οὐκ
1683 5835 1959 5904 ἐνόησεν.
1984 5833 2336 5890 llcmistichiu

2439 5830 2790 5887 Homericum
2818 5844 2884 5884 ex
2920 5826 3082 5883 Iliad.
3119 5842 3156 5889 I,
3192 5839 3339 5880 vers.
3375 5822 3497 5878 535.
