4248 6442
763 354 857 419 175

2029 357 2352 420 JUANNIS
2391 358 2716 420 ZONARE

3909 356 4017 422 176

753 493 874 530 neut
909 484 955 527 t'l
995 471 1314 544 pensionem
1345 488 1451 525 non
1487 472 1792 526 solutorum
1831 468 2188 532 tributorum,
2213 482 2334 537 qua:
2366 471 2408 527 Α

2366 471 2408 527 Α
2444 468 2703 538 σάμενοι,
2764 469 2920 526 αὐτοὶ
2969 473 3078 526 τῶν
3130 471 3341 525 πόλεων
3373 468 3664 539 γεγόνασιν
3712 469 4033 540 ἐγκρατεῖς.

749 569 804 622 iu
843 577 1124 636 posterum
1174 565 1338 618 etiam
1405 565 1544 617 citra
1595 562 2101 633 tergiversationem
2146 558 2328 614 daturi

747 664 955 716 essent,
979 656 1300 724 pollicentes
1328 671 1340 706 :
1379 655 1634 722 quamvis
1664 653 1848 706 multis
1885 652 2194 706 illustribus
2224 650 2328 704 du-

749 749 908 802 cibus
943 747 1012 800 ab
1061 746 1325 800 ulteriore
1371 761 1666 816 progressu
1710 754 1969 815 tanquam
2014 743 2194 797 inutili
2235 742 2331 796 de-

751 838 1107 903 terrentibus,
1143 852 1446 906 pacemque
1475 836 1858 902 suadentibus,
1913 843 2096 888 tamen
2137 833 2332 903 emptis

747 949 858 987 non
906 931 1155 994 destitit,
1207 930 1488 998 Agarcnos
1535 928 1694 984 facile
1732 943 1794 983 se
1832 928 2104 980 victurum
2139 926 2332 995 Opina-

748 1035 868 1085 tus,
909 1025 1066 1094 231
1101 1031 1158 1078 et
1195 1040 1251 1076 re
1281 1025 1420 1075 bene
1453 1029 1606 1091 gesta
1642 1035 1900 1091 magnum
1947 1026 2003 1072 et
2049 1033 2328 1072 memora-

746 1118 857 1171 bile
906 1132 1110 1170 nomen
1156 1123 1608 1169 consccuturum.
1666 1113 1996 1180 Progressus
2047 1109 2216 1180 igitur
2274 1108 2327 1161 in

746 1208 962 1277 Syriam
1012 1207 1216 1260 vallum
1266 1206 1599 1258 communit.
1655 1203 1760 1257 Sed
1806 1201 2044 1262 Arabes,
2077 1200 2330 1253 homines

745 1301 989 1354 audaces
1016 1309 1180 1368 atque
1212 1297 1458 1367 expediti
1490 1298 1543 1350 in
1571 1295 1851 1350 celeribus
1877 1293 2057 1363 equis,
2087 1301 2145 1347 et
2171 1292 2329 1355 nudi,

746 1393 815 1446 ah
865 1403 1098 1460 utraque
1139 1390 1271 1445 valli
1317 1400 1470 1459 parte
1519 1386 1804 1442 collocatis
1853 1385 2107 1449 insidiis,
2144 1385 2190 1440 si
2234 1384 2328 1453 qui

746 1483 1067 1553 pabulatum
1105 1492 1200 1536 aut
1229 1490 1490 1550 aquatum
1523 1479 1769 1541 exibant,
1803 1494 1900 1533 eos
1932 1479 2138 1545 impetu
2185 1477 2330 1530 facto

747 1577 1034 1631 caedebant
1064 1583 1159 1628 aut
1190 1574 1513 1644 capiebant,
1551 1589 1659 1642 qua
1691 1588 1748 1626 re
1782 1573 1974 1634 fiebat,
2011 1579 2071 1624 ut
2100 1578 2156 1624 et
2185 1569 2330 1623 mili-

746 1681 828 1724 tes
870 1679 926 1723 et
965 1668 1093 1737 equi
1142 1683 1253 1738 pra:
1296 1667 1388 1721 siti
1436 1665 1758 1720 deficerent.
1808 1663 2017 1718 Deinde
2059 1663 2330 1718 incursio-

743 1763 911 1815 nibus
941 1761 1048 1814 illis
1097 1760 1271 1830 magis
1308 1757 1636 1821 assuefacti,
1680 1767 1738 1810 et
1780 1757 2062 1810 Romanos
2101 1751 2331 1824 ignaviae

745 1854 1094 1917 danmantes,
1131 1851 1318 1906 subito
1352 1866 1420 1904 ex
1461 1850 1746 1904 montibus
1785 1851 2104 1914 decurrere,
2138 1859 2191 1904 et
2219 1849 2331 1904 cla-

743 1960 899 2000 more
935 1944 1231 1998 barbarico
1266 1942 1484 1998 sublato
1507 1983 1520 2008 ,
1561 1941 1797 2011 speciem
1837 1941 2216 1996 multitudinis
2248 1942 2332 1996 in-

745 2046 1023 2107 gerentes,
1071 2036 1220 2106 quod
1272 2051 1382 2089 non
1428 2033 1657 2088 densata
1699 2033 1852 2098 acie,
1893 2033 1987 2088 sed
2020 2035 2197 2088 laxata
2235 2048 2332 2088 ex-

745 2138 1072 2192 currerent,
1122 2129 1372 2197 citraque
1415 2127 1668 2182 ordinem
1715 2126 1917 2181 vallum
1981 2125 2327 2188 invaderent,

746 2237 966 2275 omnem
1017 2222 1323 2276 exercitum
1375 2221 1631 2275 territum
1679 2220 1734 2274 in
1785 2219 1970 2290 fugam
2019 2227 2327 2284 verterunt,

745 2322 913 2383 atque
957 2313 1074 2383 ipse
1119 2313 1420 2382 imperator
1455 2321 1649 2382 captus
1688 2322 1856 2376 esset,
1909 2327 1940 2365 a
1982 2311 2198 2366 turbata
2235 2327 2333 2366 eu-

747 2406 930 2460 stodia
986 2404 1360 2459 incustoditus
1392 2405 1650 2470 relictus,
1701 2404 1805 2458 nisi
1837 2403 2060 2472 quidam
2109 2419 2234 2457 eum
2277 2403 2330 2456 in

748 2513 953 2567 equum
997 2497 1276 2550 sublatum
1319 2496 1385 2551 ad
1423 2496 1603 2560 fugam
1640 2497 1964 2550 cohortatus
2005 2505 2150 2549 esset
2183 2505 2329 2549 metu

749 2603 888 2656 pene
918 2588 1317 2641 exanimatum.
1353 2586 1584 2640 Romani
1623 2587 1789 2656 igitur
1821 2588 1972 2639 nullo
2015 2587 2210 2640 ordine
2251 2595 2332 2640 te-

749 2695 1010 2748 mereque
1071 2679 1417 2749 fugiebant:
1472 2679 1702 2734 Barbari
1762 2696 1895 2734 vero
1955 2681 2330 2750 inexspectata

749 2773 874 2842 fuga
903 2770 1216 2840 stupefacti,
1257 2770 1528 2840 fugientes
1573 2787 1684 2824 non
1721 2783 1852 2825 sunt
1893 2772 2194 2841 persecuti,
2232 2771 2329 2826 sed

747 2866 951 2918 vallum
998 2863 1266 2932 ingressi,
1319 2864 1512 2932 paucis
1555 2863 1864 2918 illustribus
1912 2865 2122 2934 captis,
2155 2865 2332 2932 direp-

751 2965 917 3024 toquc
954 2954 1309 3023 imperatorio
1348 2948 1725 3020 tabernaculo,
1765 2957 2038 3008 variarum
2071 2971 2236 3025 opum
2273 2966 2331 3010 et

753 3049 912 3115 regia:
982 3046 1402 3116 magniﬁcentia:
1465 3047 1661 3116 plena,
1728 3048 2052 3116 exterisque
2099 3047 2334 3118 impedi-

751 3140 953 3192 mentis
979 3140 1031 3191 in
1062 3153 1236 3208 equos
1265 3153 1394 3193 suos
1424 3139 1696 3207 impositis
1728 3150 2096 3193 recesserunt.

2447 561 2506 612 Ὅ
2538 561 2590 614 δέ
2615 561 2705 614 τοῦ
2731 563 2920 618 Χάλεπ
2955 565 3220 635 ἀρχηγὸς,
3253 564 3346 617 καὶ
3380 563 3654 635 ἐκδρομὰς
3703 563 4035 632 ποιούμενος

2437 658 2701 724 συνεχεῖς,
2739 657 2910 728 αὑτήν
2936 675 2995 711 τε
3031 660 3129 730 τὴν
3179 657 3532 728 Ἀντιόχειαν,
3587 657 3683 710 καὶ
3717 651 3818 710 ὃσα
3847 657 4032 727 πρόσ-

2435 763 2560 800 οικα
2607 746 2732 816 ἔθνη
2795 750 2862 818 τῇ
2897 749 3084 817 Σύρων
3116 751 3185 820 γῇ
3211 789 3228 814 ,
3287 750 3383 802 καὶ
3413 749 3521 811 τοῖς
3559 747 3853 818 Ῥωμαίοις
3882 748 4036 818 ὑπή-

2435 854 2557 903 κοα,
2589 838 2856 908 ἐληῖζετο.
2887 833 2958 911 ’ᾫ
3009 840 3589 910 ἀντιπαραταξάμενος
3617 843 3646 894 ὁ
3678 841 3777 910 τῆς
3822 843 4036 894 Ἀντιοο

2434 930 2586 1001 χεεας
2635 931 2780 996 δοὺξ,
2811 931 2892 984 ἔτι
2956 933 3236 1002 περιόντος
3279 931 3374 984 τού
3427 933 3834 1004 αὐτοκράτορος
3870 933 4034 984 Κων-

2435 1021 2740 1086 σταντίνου,
2791 1024 3036 1091 αἰσχρῶς
3075 1024 3306 1095 ἡττήθη,
3343 1025 3436 1077 καὶ
3467 1026 3594 1086 τοὺς
3646 1025 3865 1086 πλείους
3914 1023 4033 1077 τῶν

2435 1115 2532 1166 σὺν
2559 1113 2709 1184 αύτῷ
2745 1105 3160 1185 ἀποϐεϐληκὼς,
3195 1116 3348 1186 μόλις
3376 1117 3616 1185 ἠδυνήθη
3653 1119 3849 1185 φυγεῖν
3880 1117 4033 1168 ἐκεῖ·

2433 1225 2544 1272 νος.
2576 1207 2777 1262 Τοῦτον
2840 1213 2868 1263 ό
2931 1208 3214 1277 Ῥωμανδς
3277 1207 3612 1277 ἀφελόμενος
3664 1211 3765 1275 τὴν
3823 1205 4028 1277 ἀρχὴν,

2441 1301 2868 1371 προεχειρίσατο
2919 1301 3109 1370 ἕτερον
3140 1313 3154 1326 ⁶
3191 1299 3480 1370 ἐξώρμησε
3533 1297 3587 1350 δὲ
3626 1299 3900 1360 κάκεῖνος,
3937 1297 4038 1349 καὶ

2433 1391 2651 1445 ἀπιόντι
2681 1391 2944 1462 προσίασι
2977 1391 3240 1460 πρέσϐεις
3275 1391 3415 1459 μετὰ
3448 1388 3639 1459 δώρων
3687 1390 4031 1451 πολυτελῶν,

2436 1483 2574 1554 πρὸς
2613 1484 2708 1537 τοῦ
2766 1483 3076 1536 Χαλεπῖτου
3138 1482 3480 1552 ἐσταλμένοι,
3524 1482 3838 1550 αἰτούμενοι
3896 1497 4036 1548 συγ-

2433 1575 2662 1645 γνώμης
2690 1576 2895 1644 τυχεῖν,
2924 1574 3020 1626 καὶ
3045 1574 3144 1643 τὴν
3181 1573 3428 1626 δουλείαν
3465 1573 3902 1635 ἀνανεώσασθαι,
3935 1575 4035 1624 καὶ

2432 1666 2727 1720 ἀποδοῦναι
2754 1666 2852 1726 τὰς
2887 1665 3170 1735 εἰσφορὰς,
3195 1665 3363 1736 αἵπερ
3399 1664 3591 1734 ἔτυχον
3624 1666 4030 1734 ὑστερήσασαι,

2434 1761 2531 1813 καὶ
2567 1760 2775 1822 ταύτας
2803 1759 3036 1828 ἐτησεως
3083 1759 3362 1827 εἰσφέρειν
3421 1757 3537 1826 μετ’
3591 1754 4037 1825 εὐγνωμοσύνης

2438 1854 2516 1918 εἰς
2546 1854 2604 1905 τὸ
2630 1853 2800 1906 ἐπιόν.
2858 1853 2916 1905 '0
2946 1852 3026 1918 δὲ,
3071 1834 3245 1905 καίτοι
3289 1850 3504 1903 πολλῶν
3535 1850 3628 1903 καὶ
3666 1849 4037 1920 στρατηγίαις

2437 1945 2717 2014 ἐπιφανῶν
2769 1943 3199 2015 ἀποτρεπόντων
3257 1942 3408 2012 αὐτῷ
3459 1941 3560 2010 τὴν
3610 1943 3691 2004 εἰς
3721 1943 3787 1993 τὰ
3838 1942 4037 2011 πρόσω

2439 2039 2614 2109 φορὰν
2643 2038 2719 2101 ὡς
2751 2038 3093 2106 ἀσύμφορον,
3123 2035 3216 2088 καὶ
3261 2035 3592 2089 σπείσασθαι
3627 2033 4038 2104 συμϐουλευόν-

2437 2146 2568 2193 των,
2604 2129 2704 2182 ούκ
2734 2128 3021 2197 ἀνεῖργετο
3045 2128 3145 2197 τῆς
3175 2129 3376 2198 όρμῆς,
3409 2126 3546 2180 ἀλλά
3593 2129 3733 2197 ῥᾷον
3761 2127 4042 2195 κρατῆσαι

2436 2223 2545 2275 τῶν
2583 2221 2904 2292 Ἀγαρηνῶν
2934 2220 3293 2288 ἐφαντάζετο,
3333 2221 3430 2274 καὶ
3455 2220 3616 2273 τοῦτο
3651 2219 4042 2289 κατωρθωκὼς

2441 2316 2583 2386 μέγα
2613 2332 2665 2367 τι
2699 2316 2794 2368 καὶ
2825 2315 3137 2386 ὑπέρογκον
3183 2316 3322 2387 ῴετο
3355 2317 3534 2387 ἑαυτῷ
3565 2317 4038 2386 περιποιήσασθαι

2437 2406 2844 2476 σεμνολόγημα.
2881 2408 3137 2460 Ἀπεισιν
3189 2408 3284 2461 οὖν
3327 2411 3382 2462 ἐν
3420 2410 3611 2480 Συρίᾳ,
3644 2411 3738 2463 καὶ
3771 2409 4036 2478 βάλλεται

2436 2498 2676 2568 χάρακα.
2711 2499 2951 2563 Ἀραϐες
2998 2497 3054 2552 δέ
3085 2499 3406 2552 αύτόσκευοξ
3436 2517 3582 2564 τινες
3628 2499 3903 2571 ἄνθρωποι
3938 2503 4040 2553 καὶ

2433 2590 2724 2659 τολμητιαι
2757 2575 2983 2661 κέλητες
3017 2593 3104 2657 ἐφ’
3145 2591 3329 2646 ἵππων
3359 2594 3659 2646 ὠκυπόδων
3679 2595 3876 2664 γυμνοὶ
3905 2595 4039 2646 ἐκα-

2436 2681 2674 2752 τέρωθεν
2707 2681 2909 2751 ἐλόχων
2946 2684 3041 2735 τοῦ
3070 2684 3337 2754 χάρακος.
3367 2687 3463 2738 καὶ
3493 2687 3620 2748 τοὺς
3652 2689 3731 2748 εἱς
3763 2685 4041 2753 συλλογὴν

2437 2774 2704 2837 ἀπιόντας
2737 2774 2888 2844 χιλοῦ
2929 2774 3120 2839 ὕδατός
3154 2793 3212 2829 τε
3258 2777 3479 2847 ἀρδείαν
3519 2777 3834 2846 ἐκθορόντες
3888 2777 4027 2846 ἀνῄ-

2443 2883 2571 2936 ρουν
2599 2867 2630 2936 ἢ
2665 2867 2761 2919 καὶ
2795 2867 3168 2936 συνήρπαζον,
3198 2867 3273 2930 ὡς
3298 2870 3426 2930 τούς
3472 2885 3532 2920 τε
3569 2867 3912 2937 στρατιώτας
3939 2869 4039 2920 καὶ

2438 2961 2540 3025 τὴν
2571 2959 2742 3012 ἵππον
2770 2958 2950 3012 αὐτῶν
2993 2960 3361 3030 ἀπειρηκέναι
3392 2960 3470 3030 τῷ
3501 2960 3665 3028 δίψει.
3699 2956 3829 3013 Εἶτα
3860 2975 4034 3028 συνη-

2442 3050 2692 3120 θέστεροι
2755 3050 3040 3118 γεγονότες
3119 3053 3240 3112 ταῖς
3306 3038 3638 3120 ἐκδρομαῖξ
3681 3054 3818 3122 πρὸς
3905 3051 4038 3112 τοὺς

2361 3136 2404 3194 C
2451 3142 2760 3211 Ῥωμαίους
2785 3144 2832 3195 οἱ
2864 3142 3126 3215 Ἄραϐες,
3168 3144 3261 3196 καὶ
3289 3141 3405 3196 οἷον
3433 3144 3798 3212 καταγνόντες
3828 3143 4036 3199 δειλία-ι

752 3232 951 3296 αὐτῶν,
981 3229 1174 3299 ἀθρόον
1208 3231 1314 3283 ἀπὸ
1341 3231 1448 3283 τῶν
1478 3232 1770 3302 μετεώρων
1841 3232 2248 3304 ἐξωρμηκότες,
2309 3235 2406 3287 καὶ
2443 3234 2780 3306 βαρϐαρικὸν
2829 3236 3216 3302 ἀλαλάξαντες,
3276 3237 3373 3290 καὶ
3426 3236 3665 3305 πλήθους
3722 3237 4036 3303 φαντασίαν

751 3329 1202 3399 ἀπεργασάμενοι
1231 3329 1306 3398 τῷ
1355 3328 1432 3398 μὴ
1486 3330 1862 3398 συνασπισμὸν
1921 3331 2130 3399 τηρεῖν,
2187 3329 2324 3382 ἀλλᾶ
2356 3330 2774 3401 διεσπασμένως
2840 3331 3152 3402 ἐκτρέχειν,
3173 3331 3268 3385 καὶ
3333 3330 3544 3383 ἐπιέναι
3569 3331 3924 3393 ἀσυντάκτως
3957 3331 4035 3399 τῷ

753 3425 958 3493 χάρακι
981 3465 996 3488 ,
1031 3421 1446 3492 ἐκδειματοῦσ.ν
1493 3421 1640 3476 ἀπαν
1679 3423 1740 3473 τὸ
1764 3421 2183 3494 στρατιωτικὸν,
2237 3423 2332 3475 καὶ
2372 3423 2452 3486 εἰς
2507 3423 2688 3493 φυγὴν
2728 3422 3014 3493 τρέπουσι,
3047 3425 3144 3476 καὶ
3174 3423 3239 3475 ἂν
3267 3423 3408 3475 ἑάλω
3445 3423 3537 3475 καὶ
3603 3424 3632 3474 ό
3665 3423 4038 3494 αὐτοκράτωρ

753 3515 936 3578 αὐτὸς,
971 3515 1067 3583 τῆς
1107 3516 1235 3584 περὶ
1268 3514 1432 3566 αὑτὸν
1468 3514 1900 3585 ἐκταραχθείσης
1941 3515 2206 3585 φρουρᾶς,
2270 3513 2368 3568 καὶ
2400 3515 2713 3577 λελοιπυίας
2743 3514 3090 3585 ἀφρούρητον
3152 3513 3246 3566 τὸν
3288 3514 3718 3584 φρουρούμενον,
3749 3517 3796 3566 εἰ
3833 3515 3907 3583 μή
3946 3529 4037 3570 τις

755 3609 916 3662 αὑτὸν
963 3607 1057 3660 ἐπὶ
1091 3609 1183 3660 τὸν
1216 3607 1381 3659 ἵππον
1412 3606 1661 3670 ἀνέλαϐε,
1701 3607 1796 3660 καὶ
1826 3607 2046 3674 φεύγειν
2080 3609 2394 3678 ἐπέρρωσεν
2451 3606 2866 3660 ἐκπεπνευκότα
2929 3605 3005 3676 τῷ
3070 3604 3180 3657 δέει
3216 3606 3438 3675 μικροῦ.
3490 3605 3766 3675 Ἀπῄεσαν
3803 3606 3902 3674 μὲν
3940 3599 4037 3657 οὖν

755 3709 803 3758 οἱ
840 3708 1098 3775 Ῥωμαῖοι
1130 3703 1404 3766 ἀτάκτως.
1434 3704 1508 3766 ὡς
1537 3704 1764 3768 ἕκαστος
1809 3703 1968 3774 ἔτυχε
1999 3704 2236 3768 θέοντες.
2310 3707 2370 3758 Οἱ
2411 3705 2466 3757 δέ
2543 3704 2821 3774 Βαρϐαροι
2855 3705 2915 3756 τὸ
2972 3704 3284 3773 παράλογον
3316 3705 3415 3772 τῆς
3448 3703 3660 3773 τροπῆς
3706 3702 4036 3772 τεθηπότες,

757 3803 902 3859 κατὰ
918 3804 1022 3856 τῶν
1046 3799 1552 3870 ἀποδιδρασκόντων
1572 3801 1672 3852 οὐκ
1708 3799 2018 3865 ἐπεξέθεον,
2076 3801 2214 3854 ἀλλὰ
2273 3803 2415 3854 κατά
2453 3800 2546 3853 τοῦ
2580 3803 2820 3871 χάρακος
2845 3785 3269 3865 ἐθεον,όλίγους
3299 3797 3410 3850 τῶν
3445 3798 3892 3866 ἐπιφανεστέρων
3927 3796 4038 3858 ζω-

758 3901 1083 3970 γρήσαντες,
1111 3893 1204 3946 καὶ
1226 3895 1325 3962 τήν
1358 3909 1415 3944 τε
1443 3894 1646 3960 σκηνὴν
1679 3892 2020 3964 διηρπάκασι
2051 3894 2148 3963 τὴν
2206 3894 2502 3963 βασίλειον,
2576 3896 2782 3964 μεστὴν
2841 3889 3007 3946 οὖσαν
3077 3891 3311 3946 πλούτου
3347 3890 3690 3944 παντοδαποῦ
3741 3890 3838 3943 καὶ
3866 3891 4039 3943 πολύ-

761 3991 975 4051 τελείας
1024 3986 1330 4053 {aanimi};
1357 3985 1453 4036 καὶ
1489 3986 1587 4054 τὴν
1625 3984 1790 4048 ἀλλην
1825 3987 2133 4053 ἀποσκευὴν
2164 3987 2247 4052 ἐφ’
2273 3987 2500 4049 ἑαυτοὺς
2522 3985 2868 4055 ἀναθέμενοι,
2896 3981 3285 4049 ἐπανέζευξαν.

838 4083 952 4135 ΧΙΙ.
997 4081 1299 4147 imperator
1333 4094 1462 4130 vero
1493 4078 1678 4131 studio
1711 4079 1947 4132 militum
1963 4093 2200 4132 suorum
2231 4080 2343 4132 An-
2380 4091 2422 4144 ι)

765 4175 1024 4232 tioehiam
1063 4169 1383 4240 perductus,
1411 4177 1580 4236 atquc
1613 4168 1737 4221 inde
1761 4185 1990 4238 propere
2023 4170 2342 4240 Byzmtium

768 4279 1070 4333 regzcssth,
1115 4277 1224 4312 non
1265 4259 1519 4312 eumdem
1559 4259 1726 4312 animi
1761 4259 2008 4314 habitum
2051 4275 2344 4314 conserva-

768 4359 868 4419 vit,
904 4355 1000 4409 sed
1050 4362 1294 4405 mutatus
1337 4352 1391 4404 in
1423 4350 1690 4415 deterius,
1737 4362 1797 4404 ut
1831 4354 2030 4405 amissa
2063 4360 2342 4420 pensaret,

771 4466 870 4519 pro
924 4449 1255 4516 imperatore
1313 4442 1494 4496 factus
1566 4450 1652 4496 est
1719 4453 1939 4496 exactor
2010 4451 2065 4496 ct
2111 4443 2348 4496 acerbus

771 4549 1032 4610 qumstor,
1069 4535 1320 4588 obsoleta
1355 4544 1571 4602 patrum
1607 4533 1794 4587 debita
1825 4549 1854 4587 a
1885 4534 2076 4588 liberis
2097 4536 2344 4603 exigens,

774 4631 922 4699 rogis
962 4638 1152 4683 contra
1187 4627 1442 4681 subditos
1484 4624 1860 4689 redaeccnsis,
1902 4641 2041 4692 quos
2087 4627 2348 4695 temporis

774 4722 1112 4775 diuturnitas
1142 4721 1224 4774 vel
1254 4717 1613 4779 exstinxerat,
1641 4717 1726 4770 vel
1753 4717 2036 4771 cineribus
2058 4717 2325 4771 obruerat

770 4814 906 4867 Inde
943 4813 1102 4866 tnulti
1151 4810 1396 4881 paternis
1429 4809 1644 4863 ardibus
1679 4817 1734 4862 et
1764 4808 1948 4864 fundis
1980 4809 2346 4878 Pellebantur,

775 4916 831 4960 ct
861 4904 1110 4973 pristinis
1140 4903 1342 4973 opibus
1373 4900 1594 4970 spoliati
1643 4900 1711 4954 ad
1749 4901 2020 4970 insignem
2051 4908 2346 4970 egestatem

773 4998 1153 5068 adigebantur.
1197 4995 1328 5062 Qua:
1373 5010 1543 5064 quum
1582 4994 1812 5058 tierent,
1868 4993 2006 5047 nihil
2054 4994 2109 5046 in
2158 4992 2347 5047 fiscum

776 5091 1067 5153 inferebat,
1100 5089 1196 5144 sed
1226 5089 1563 5143 monasterio
1595 5085 1884 5157 magnifico
1913 5095 1968 5139 et
1997 5085 2111 5138 ante
2143 5084 2197 5137 in
2231 5099 2348 5137 ma-

775 5181 876 5236 tris
908 5181 1001 5234 Dci
1040 5182 1310 5234 honorem
1349 5188 1629 5233 exstructa
1649 5219 1662 5242 ,
1702 5193 1810 5230 non
1839 5191 1959 5231 eam
1991 5175 2153 5228 modo
2185 5190 2351 5244 pecu-

775 5273 946 5333 niam,
981 5281 1173 5325 venum
1205 5282 1261 5326 et
1293 5285 1325 5325 e
1366 5270 1497 5325 fisco
1539 5269 1920 5340 depromptam
1967 5267 2347 5333 consumebat,

776 5365 929 5428 dum,
963 5372 1021 5417 ut
1062 5363 1150 5416 ille
1179 5363 1294 5428 ait,

2525 4077 2624 4132 IB'.
2660 4080 2720 4130 Ὀ
2769 4078 2824 4131 δέ
2875 4078 3130 4147 βασιλεὺς
3178 4079 3264 4139 εις
3324 4078 3654 4147 ’Δντιόχειαν
3701 4077 4043 4130 διασέσωστο

2449 4171 2651 4240 σπουδῇ
2689 4173 2798 4222 τῶν
2818 4170 2947 4240 περὶ
2969 4170 3157 4232 αὑτὸν,
3195 4169 3454 4222 κάκεῖθεν
3487 4171 3578 4220 ἐπὶ
3611 4169 3707 4239 τὴν
3740 4171 4041 4222 Κώνσταν-

2445 4263 2751 4317 τινούπολιν
2778 4263 3099 4332 ἀνέδραμεν,
3127 4262 3311 4313 οὐκέτι
3339 4264 3438 4328 τὴν
3464 4260 3703 4330 πρόσθεν
3722 4265 3822 4327 τῆς
3853 4260 4038 4328 ψυχῆς

2446 4355 2705 4408 δεικνύων
2735 4353 2997 4415 διάθεσιν,
3033 4352 3147 4404 ἀλλ’
3181 4351 3498 4414 ἀλλοιωθεὶς
3546 4353 3644 4421 τὴν
3676 4353 3773 4404 ἐπὶ
3803 4353 3864 4404 τὸ
3923 4355 4036 4420 χεῖ-

2452 4463 2542 4516 ρον
2568 4445 2872 4499 ἀλλοίωσιν.
2919 4444 3039 4496 Ἷνα
3077 4446 3187 4512 γὰρ
3219 4443 3328 4494 τῶν
3352 4443 3712 4494 ἀπολωλότων
3745 4445 4036 4494 Ισοστὰσια

2449 4537 2742 4611 κτήσηται,
2762 4534 3029 4604 πράκτωρ
3056 4533 3177 4585 ἀντὶ
3201 4533 3533 4602 κρατοῦντος
3554 4533 3772 4600 ἐγένετο
3795 4533 3922 4601 (5⁵),
3944 4537 4040 4586 καὶ

2449 4629 2644 4697 πικρὸς
2677 4624 2951 4694 λογιστὴς,
2981 4625 3177 4686 παῖδας
3208 4625 3466 4693 πατέρων
3507 4624 3862 4694 γεγηρακότα
3893 4627 4039 4694 χρέα

2449 4719 2842 4787 πραττόμενος,
2871 4717 2965 4771 καὶ
2997 4717 3273 4790 πυρκαϊὰς
3304 4718 3562 4772 ἀνάπτων
3588 4720 3729 4772 κατά
3755 4720 3862 4772 τῶν
3896 4721 4038 4788 ὑπη-

2449 4811 2610 4876 κόων,
2645 4811 2823 4879 ἇσπερ
2851 4811 2879 4862 ό
2931 4809 3116 4878 χρόνος
3146 4809 3248 4880 ἠδη
3285 4810 3451 4874 πολὺς
3490 4811 3836 4881 πρεσϐεύσας
3874 4813 4042 4864 κατέ·

2453 4904 2662 4966 σϐεσεν,
2711 4903 2908 4972 ἢτέως
2959 4903 3272 4972 κατέχωσεν
3326 4903 3431 4956 ὐπδ
3490 4903 3705 4974 σποδιᾷ.
3753 4903 4039 4957 Ἐντεῦθεν

2451 4996 2635 5049 πολλοὶ
2656 4997 2765 5048 τῶν
2791 4997 3062 5067 πατρῴων
3085 4997 3273 5048 οἰκιῶν
3295 4999 3391 5050 καὶ
3417 4997 3604 5066 ἀγρῶν
3636 4995 4036 5066 ἀπηλαύνοντο,

2451 5087 2544 5139 καὶ
2585 5086 2682 5156 τὴν
2712 5088 2838 5155 πρὶν
2868 5087 3164 5156 εύκληρίαν
3208 5086 3680 5155 ἐκδιδυσκόμενοι,
3734 5091 3814 5150 εἰς
3843 5090 4038 5140 πενίαν

2450 5178 2708 5248 λαμπρὰν
2741 5179 3157 5248 συνηλαύνοντο.
3191 5179 3313 5232 Τῶν
3345 5180 3386 5232 δ’
3410 5179 3584 5242 οὕτως
3635 5182 4038 5249 εἰσπραττομέ-

2450 5287 2556 5323 νων
2604 5271 2755 5323 ούδέν
2806 5272 2885 5332 εἰς
2943 5271 3004 5323 τὸ
3051 5271 3310 5340 δημόσιον
3363 5274 3697 5344 εἰσεφέρετο,
3759 5272 3897 5326 ἀλλὰ
3950 5287 4037 5324 σεο

2455 5362 2636 5430 μνεῖον
2653 5362 3032 5432 οἰκοδομῆσαι,
3067 5363 3162 5416 καὶ
3181 5363 3308 5417 ναὸν
3337 5367 3403 5433 τῇ
3427 5364 3736 5433 Θεομήτορι
3760 5364 3928 5434 προθέ
3938 5380 4032 5432 μευ

1965 5490 2168 5551 Variae
2192 5489 2504 5553 lectiones
2528 5499 2590 5552 et
2620 5498 2815 5554 nota).

845 5619 944 5688 (5')
979 5617 1252 5688 Πράκτωρ
1279 5616 1413 5669 ἀντὶ
1441 5615 1805 5688 κρατοῦντος
1841 5615 2110 5688 érérsto.
2135 5615 2348 5670 Psellus

780 5685 1081 5742 inlaudata
1133 5686 1374 5755 Epistola
1401 5687 1466 5739 ad
1507 5685 1948 5748 Monomachum,
1991 5685 2059 5738 de
2085 5685 2297 5756 Argyro
2327 5703 2339 5738 :

786 5758 1180 5827 Ἀπαραίτητός
1225 5775 1280 5808 τε
1324 5759 1382 5808 τὸ
1425 5756 1777 5824 ὀφειλόμενον
1808 5761 1965 5808 εἰσεπ
2007 5757 2213 5816 αττετο,
2248 5756 2343 5807 καὶ

786 5830 832 5877 ὲν
853 5829 917 5877 δα
931 5831 1120 5877 adiuv..-
1146 5827 1204 5877 τὸ
1229 5846 1257 5877 ν
1270 5831 1503 5877 οεωστού
1516 5844 1676 5877 μενον
1726 5774 2113 5877 κατεϐάλλετο.
2143 5825 2286 5877 Infra
2317 5843 2334 5877 :

773 5829 832 5882 ἐν
853 5825 1120 5893 δαπάναις
1146 5827 1204 5880 τὸ
1228 5831 1676 5898 χρεί-σστούμενον
1726 5825 2113 5880 κατεϐάλλετο.
2143 5825 2286 5880 Infra
2317 5843 2334 5879 :

2471 5616 3053 5690 ‘vaﬁOsayvmaat;
3107 5621 3342 5690 φαύλαις
3389 5620 3728 5690 συνομιλῶν,
3782 5621 3878 5674 καὶ
3917 5620 4032 5674 δια-

2452 5690 2622 5760 νοίσιις
2676 5689 3135 5760 συνδιαιτώμενος
3195 5689 3534 5758 κακοήθεσι,
3573 5693 3885 5760 μετεϐλήθη
3935 5694 4031 5759 τὴν

2449 5758 2780 5841 ψςδχὴδξνβαὶ
2829 5758 2986 5830 πρὸς
3018 5763 3247 5832 πράξεις
3289 5763 3378 5815 τὸν
3427 5758 3688 5832 λογισμὸν
3733 5758 4033 5832 ὴλλοίωσεν

2449 5845 2510 5878 ου
2545 5844 2740 5891 καλας.
