  <div class='ocr_page' id='page_1' title='image "/cluster/home/n/w/nwhite01/storage/ocr_20150623/135/nnc1.0046979727/109.png"; bbox 0 0 4248 6442; ppageno 0'>
   <div class='ocr_carea' id='block_1_1' title="bbox 821 396 920 458">
    <p class='ocr_par' dir='ltr' id='par_1_1' title="bbox 821 396 920 458">
     <span class='ocr_line' id='line_1_1' title="bbox 821 396 920 458; baseline 0 -1"><span class='ocrx_word' id='word_1_1' title='bbox 821 396 920 458; x_wconf 77' lang='lat'><strong>183</strong></span> 
     </span>
    </p>
   </div>
   <div class='ocr_carea' id='block_1_2' title="bbox 2067 402 2751 464">
    <p class='ocr_par' dir='ltr' id='par_1_2' title="bbox 2067 402 2751 464">
     <span class='ocr_line' id='line_1_2' title="bbox 2067 402 2751 464; baseline 0.006 -4"><span class='ocrx_word' id='word_1_2' title='bbox 2067 402 2394 460; x_wconf 66' lang='lat' dir='ltr'><strong>JOANN‘LS</strong></span> <span class='ocrx_word' id='word_1_3' title='bbox 2431 405 2751 464; x_wconf 65' lang='lat' dir='ltr'><strong>ZUNAILE</strong></span> 
     </span>
    </p>
   </div>
   <div class='ocr_carea' id='block_1_3' title="bbox 3957 412 4065 479">
    <p class='ocr_par' dir='ltr' id='par_1_3' title="bbox 3957 412 4065 479">
     <span class='ocr_line' id='line_1_3' title="bbox 3957 412 4065 479; baseline -0.028 0"><span class='ocrx_word' id='word_1_4' title='bbox 3957 412 4065 479; x_wconf 72' lang='grc'><strong>184</strong></span> 
     </span>
    </p>
   </div>
   <div class='ocr_carea' id='block_1_4' title="bbox 811 510 2488 594">
    <p class='ocr_par' dir='ltr' id='par_1_4' title="bbox 811 510 2488 582">
     <span class='ocr_line' id='line_1_4' title="bbox 811 510 2488 582; baseline 0 -20"><span class='ocrx_word' id='word_1_5' title='bbox 811 510 1193 568; x_wconf 63' lang='lat' dir='ltr'><strong>consalutavit.</strong></span> <span class='ocrx_word' id='word_1_6' title='bbox 1223 514 1418 580; x_wconf 78' lang='lat' dir='ltr'><strong>partim</strong></span> <span class='ocrx_word' id='word_1_7' title='bbox 1446 513 1574 566; x_wconf 86' lang='lat' dir='ltr'><strong>huic</strong></span> <span class='ocrx_word' id='word_1_8' title='bbox 1601 511 1991 582; x_wconf 83' lang='lat' dir='ltr'><strong>gratificantes,</strong></span> <span class='ocrx_word' id='word_1_9' title='bbox 2023 512 2220 580; x_wconf 88' lang='lat' dir='ltr'><strong>partim</strong></span> <span class='ocrx_word' id='word_1_10' title='bbox 2250 511 2377 576; x_wconf 66' lang='lat' dir='ltr'><strong>laeti,</strong></span> <span class='ocrx_word' id='word_1_11' title='bbox 2409 519 2457 576; x_wconf 74' lang='grc' dir='ltr'><strong>Α</strong></span> <span class='ocrx_word' id='word_1_12' title='bbox 2484 535 2488 547; x_wconf 76' lang='grc' dir='ltr'><strong>ι</strong></span> 
     </span>
    </p>
   </div>
   <div class='ocr_carea' id='block_1_5' title="bbox 2384 510 4061 594">
    <p class='ocr_par' dir='ltr' id='par_1_5' title="bbox 2409 515 4061 594">
     <span class='ocr_line' id='line_1_5' title="bbox 2409 515 4061 594; baseline 0.008 -28"><span class='ocrx_word' id='word_1_13' title='bbox 2409 515 2742 586; x_wconf 78' lang='grc' dir='ltr'>Ατριάρχου</span> <span class='ocrx_word' id='word_1_14' title='bbox 2792 517 3029 583; x_wconf 80' lang='grc' dir='ltr'>Ἀλεξίου</span> <span class='ocrx_word' id='word_1_15' title='bbox 3080 521 3416 592; x_wconf 62' lang='grc' dir='ltr'>ἀφικομένου</span> <span class='ocrx_word' id='word_1_16' title='bbox 3470 523 3606 593; x_wconf 75' lang='grc' dir='ltr'>πρὸς</span> <span class='ocrx_word' id='word_1_17' title='bbox 3657 523 3725 578; x_wconf 72' lang='grc' dir='ltr'><strong>τὰ</strong></span> <span class='ocrx_word' id='word_1_18' title='bbox 3782 525 4061 594; x_wconf 82' lang='grc' dir='ltr'>βασίλεια,</span> 
     </span>
    </p>
   </div>
   <div class='ocr_carea' id='block_1_6' title="bbox 810 600 2376 672">
    <p class='ocr_par' dir='ltr' id='par_1_6' title="bbox 810 600 2376 672">
     <span class='ocr_line' id='line_1_6' title="bbox 810 600 2376 672; baseline 0.002 -19"><span class='ocrx_word' id='word_1_19' title='bbox 810 602 904 668; x_wconf 88' lang='lat' dir='ltr'><strong>qui</strong></span> <span class='ocrx_word' id='word_1_20' title='bbox 928 600 1170 655; x_wconf 90' lang='lat' dir='ltr'><strong>defuncti</strong></span> <span class='ocrx_word' id='word_1_21' title='bbox 1211 603 1338 654; x_wconf 87' lang='lat' dir='ltr'><strong>odio</strong></span> <span class='ocrx_word' id='word_1_22' title='bbox 1375 601 1591 657; x_wconf 86' lang='lat' dir='ltr'><strong>liberati</strong></span> <span class='ocrx_word' id='word_1_23' title='bbox 1624 613 1830 660; x_wconf 90' lang='lat' dir='ltr'><strong>essent.</strong></span> <span class='ocrx_word' id='word_1_24' title='bbox 1863 603 2185 672; x_wconf 73' lang='lat' dir='ltr'><strong>Imperatrix</strong></span> <span class='ocrx_word' id='word_1_25' title='bbox 2215 618 2376 672; x_wconf 86' lang='lat' dir='ltr'><strong>porro</strong></span> 
     </span>
    </p>
   </div>
   <div class='ocr_carea' id='block_1_7' title="bbox 809 695 2378 765">
    <p class='ocr_par' dir='ltr' id='par_1_7' title="bbox 809 695 2378 765">
     <span class='ocr_line' id='line_1_7' title="bbox 809 695 2378 765; baseline 0.002 -19"><span class='ocrx_word' id='word_1_26' title='bbox 809 709 932 747; x_wconf 89' lang='lat' dir='ltr'><strong>cum</strong></span> <span class='ocrx_word' id='word_1_27' title='bbox 965 711 1022 748; x_wconf 92' lang='lat' dir='ltr'><strong>se</strong></span> <span class='ocrx_word' id='word_1_28' title='bbox 1060 710 1220 763; x_wconf 91' lang='lat' dir='ltr'><strong>quam</strong></span> <span class='ocrx_word' id='word_1_29' title='bbox 1255 695 1561 750; x_wconf 90' lang='lat' dir='ltr'><strong>reetissime</strong></span> <span class='ocrx_word' id='word_1_30' title='bbox 1594 697 1698 750; x_wconf 86' lang='lat' dir='ltr'><strong>sibi</strong></span> <span class='ocrx_word' id='word_1_31' title='bbox 1725 695 2088 765; x_wconf 81' lang='lat' dir='ltr'><strong>prospexisse.</strong></span> <span class='ocrx_word' id='word_1_32' title='bbox 2115 696 2378 764; x_wconf 90' lang='lat' dir='ltr'><strong>omnique</strong></span> 
     </span>
    </p>
   </div>
   <div class='ocr_carea' id='block_1_8' title="bbox 809 782 2377 852">
    <p class='ocr_par' dir='ltr' id='par_1_8' title="bbox 809 782 2377 852">
     <span class='ocr_line' id='line_1_8' title="bbox 809 782 2377 852; baseline 0.004 -20"><span class='ocrx_word' id='word_1_33' title='bbox 809 789 1079 852; x_wconf 88' lang='lat' dir='ltr'><strong>potestate</strong></span> <span class='ocrx_word' id='word_1_34' title='bbox 1109 782 1162 835; x_wconf 93' lang='lat' dir='ltr'><strong>in</strong></span> <span class='ocrx_word' id='word_1_35' title='bbox 1199 797 1256 836; x_wconf 84' lang='lat' dir='ltr'><strong>se</strong></span> <span class='ocrx_word' id='word_1_36' title='bbox 1299 785 1586 847; x_wconf 79' lang='lat' dir='ltr'><strong>translata,</strong></span> <span class='ocrx_word' id='word_1_37' title='bbox 1631 785 1952 838; x_wconf 76' lang='lat' dir='ltr'><strong>Michaelem</strong></span> <span class='ocrx_word' id='word_1_38' title='bbox 1987 783 2225 837; x_wconf 81' lang='lat' dir='ltr'><strong>ministri</strong></span> <span class='ocrx_word' id='word_1_39' title='bbox 2261 785 2377 838; x_wconf 84' lang='lat' dir='ltr'><strong>vice</strong></span> 
     </span>
    </p>
   </div>
   <div class='ocr_carea' id='block_1_9' title="bbox 810 875 2375 945">
    <p class='ocr_par' dir='ltr' id='par_1_9' title="bbox 810 875 2375 945">
     <span class='ocr_line' id='line_1_9' title="bbox 810 875 2375 945; baseline -0.001 -17"><span class='ocrx_word' id='word_1_40' title='bbox 810 877 1124 935; x_wconf 85' lang='lat' dir='ltr'><strong>habiturum</strong></span> <span class='ocrx_word' id='word_1_41' title='bbox 1158 883 1396 943; x_wconf 93' lang='lat' dir='ltr'><strong>putaret,</strong></span> <span class='ocrx_word' id='word_1_42' title='bbox 1457 876 1715 945; x_wconf 83' lang='lat' dir='ltr'><strong>opinione</strong></span> <span class='ocrx_word' id='word_1_43' title='bbox 1742 891 1838 930; x_wconf 90' lang='lat' dir='ltr'><strong>sua</strong></span> <span class='ocrx_word' id='word_1_44' title='bbox 1861 875 2084 945; x_wconf 88' lang='lat' dir='ltr'><strong>decepta</strong></span> <span class='ocrx_word' id='word_1_45' title='bbox 2111 884 2216 930; x_wconf 90' lang='lat' dir='ltr'><strong>est.</strong></span> <span class='ocrx_word' id='word_1_46' title='bbox 2241 876 2375 929; x_wconf 82' lang='lat' dir='ltr'><strong>Nam</strong></span> 
     </span>
    </p>
   </div>
   <div class='ocr_carea' id='block_1_10' title="bbox 808 966 2378 1036">
    <p class='ocr_par' dir='ltr' id='par_1_10' title="bbox 808 966 2378 1036">
     <span class='ocr_line' id='line_1_10' title="bbox 808 966 2378 1036; baseline 0.001 -17"><span class='ocrx_word' id='word_1_47' title='bbox 808 967 872 1019; x_wconf 92' lang='lat' dir='ltr'><strong>ad</strong></span> <span class='ocrx_word' id='word_1_48' title='bbox 901 976 1114 1035; x_wconf 85' lang='lat' dir='ltr'><strong>tempus</strong></span> <span class='ocrx_word' id='word_1_49' title='bbox 1139 966 1229 1020; x_wconf 87' lang='lat' dir='ltr'><strong>ille</strong></span> <span class='ocrx_word' id='word_1_50' title='bbox 1251 967 1474 1036; x_wconf 87' lang='lat' dir='ltr'><strong>quidem</strong></span> <span class='ocrx_word' id='word_1_51' title='bbox 1503 967 1791 1036; x_wconf 86' lang='lat' dir='ltr'><strong>pristinum</strong></span> <span class='ocrx_word' id='word_1_52' title='bbox 1825 983 2064 1021; x_wconf 88' lang='lat' dir='ltr'><strong>amorem</strong></span> <span class='ocrx_word' id='word_1_53' title='bbox 2091 967 2378 1030; x_wconf 83' lang='lat' dir='ltr'><strong>simulans,</strong></span> 
     </span>
    </p>
   </div>
   <div class='ocr_carea' id='block_1_11' title="bbox 807 1058 2380 1127">
    <p class='ocr_par' dir='ltr' id='par_1_11' title="bbox 807 1058 2380 1127">
     <span class='ocr_line' id='line_1_11' title="bbox 807 1058 2380 1127; baseline -0.001 -16"><span class='ocrx_word' id='word_1_54' title='bbox 807 1058 1090 1127; x_wconf 75' lang='lat' dir='ltr'><strong>obsequiis</strong></span> <span class='ocrx_word' id='word_1_55' title='bbox 1120 1060 1404 1112; x_wconf 88' lang='lat' dir='ltr'><strong>mulierem</strong></span> <span class='ocrx_word' id='word_1_56' title='bbox 1441 1059 1777 1120; x_wconf 86' lang='lat' dir='ltr'><strong>demulcere,</strong></span> <span class='ocrx_word' id='word_1_57' title='bbox 1817 1075 1987 1125; x_wconf 78' lang='lat' dir='ltr'><strong>eaque</strong></span> <span class='ocrx_word' id='word_1_58' title='bbox 2036 1059 2218 1111; x_wconf 76' lang='lat' dir='ltr'><strong>facere</strong></span> <span class='ocrx_word' id='word_1_59' title='bbox 2258 1073 2380 1127; x_wconf 72' lang='lat' dir='ltr'><strong>qua:</strong></span> 
     </span>
    </p>
   </div>
   <div class='ocr_carea' id='block_1_12' title="bbox 808 1150 2379 1219">
    <p class='ocr_par' dir='ltr' id='par_1_12' title="bbox 808 1150 2379 1219">
     <span class='ocr_line' id='line_1_12' title="bbox 808 1150 2379 1219; baseline 0 -17"><span class='ocrx_word' id='word_1_60' title='bbox 808 1151 884 1203; x_wconf 91' lang='lat' dir='ltr'><strong>illi</strong></span> <span class='ocrx_word' id='word_1_61' title='bbox 920 1159 1074 1219; x_wconf 84' lang='lat' dir='ltr'><strong>grata</strong></span> <span class='ocrx_word' id='word_1_62' title='bbox 1110 1160 1165 1203; x_wconf 91' lang='lat' dir='ltr'><strong>ct</strong></span> <span class='ocrx_word' id='word_1_63' title='bbox 1188 1150 1432 1218; x_wconf 83' lang='lat' dir='ltr'><strong>jucunda</strong></span> <span class='ocrx_word' id='word_1_64' title='bbox 1455 1161 1663 1205; x_wconf 86' lang='lat' dir='ltr'><strong>essent.</strong></span> <span class='ocrx_word' id='word_1_65' title='bbox 1691 1152 1795 1206; x_wconf 86' lang='lat' dir='ltr'><strong>Sed</strong></span> <span class='ocrx_word' id='word_1_66' title='bbox 1827 1167 1949 1205; x_wconf 92' lang='lat' dir='ltr'><strong>cum</strong></span> <span class='ocrx_word' id='word_1_67' title='bbox 1973 1151 2379 1204; x_wconf 87' lang='lat' dir='ltr'><strong>sinmlationem</strong></span> 
     </span>
    </p>
   </div>
   <div class='ocr_carea' id='block_1_13' title="bbox 807 1241 2379 1313">
    <p class='ocr_par' dir='ltr' id='par_1_13' title="bbox 807 1241 2379 1313">
     <span class='ocr_line' id='line_1_13' title="bbox 807 1241 2379 1313; baseline -0.001 -16"><span class='ocrx_word' id='word_1_68' title='bbox 807 1244 1023 1313; x_wconf 75' lang='lat' dir='ltr'><strong>longius</strong></span> <span class='ocrx_word' id='word_1_69' title='bbox 1068 1241 1375 1311; x_wconf 87' lang='lat' dir='ltr'><strong>producere</strong></span> <span class='ocrx_word' id='word_1_70' title='bbox 1439 1259 1547 1297; x_wconf 93' lang='lat' dir='ltr'><strong>non</strong></span> <span class='ocrx_word' id='word_1_71' title='bbox 1609 1251 1814 1312; x_wconf 73' lang='lat' dir='ltr'><strong>posset,</strong></span> <span class='ocrx_word' id='word_1_72' title='bbox 1865 1244 2090 1296; x_wconf 86' lang='lat' dir='ltr'><strong>mutatis</strong></span> <span class='ocrx_word' id='word_1_73' title='bbox 2133 1243 2379 1296; x_wconf 87' lang='lat' dir='ltr'><strong>moribus</strong></span> 
     </span>
    </p>
   </div>
   <div class='ocr_carea' id='block_1_14' title="bbox 806 1331 2380 1400">
    <p class='ocr_par' dir='ltr' id='par_1_14' title="bbox 806 1331 2380 1400">
     <span class='ocr_line' id='line_1_14' title="bbox 806 1331 2380 1400; baseline 0.001 -16"><span class='ocrx_word' id='word_1_74' title='bbox 806 1345 926 1384; x_wconf 89' lang='lat' dir='ltr'><strong>eam</strong></span> <span class='ocrx_word' id='word_1_75' title='bbox 955 1339 1262 1398; x_wconf 89' lang='lat' dir='ltr'><strong>suspectam</strong></span> <span class='ocrx_word' id='word_1_76' title='bbox 1294 1331 1497 1385; x_wconf 86' lang='lat' dir='ltr'><strong>habere</strong></span> <span class='ocrx_word' id='word_1_77' title='bbox 1528 1347 1540 1382; x_wconf 93' lang='lat'>:</span> <span class='ocrx_word' id='word_1_78' title='bbox 1572 1332 1785 1400; x_wconf 86' lang='lat' dir='ltr'><strong>sibique</strong></span> <span class='ocrx_word' id='word_1_79' title='bbox 1811 1341 2060 1386; x_wconf 85' lang='lat' dir='ltr'><strong>metuens</strong></span> <span class='ocrx_word' id='word_1_80' title='bbox 2087 1331 2380 1400; x_wconf 88' lang='lat' dir='ltr'><strong>primarios</strong></span> 
     </span>
    </p>
   </div>
   <div class='ocr_carea' id='block_1_15' title="bbox 807 1420 2380 1493">
    <p class='ocr_par' dir='ltr' id='par_1_15' title="bbox 807 1420 2380 1493">
     <span class='ocr_line' id='line_1_15' title="bbox 807 1420 2380 1493; baseline 0.003 -20"><span class='ocrx_word' id='word_1_81' title='bbox 807 1420 956 1476; x_wconf 89' lang='lat' dir='ltr'><strong>illius</strong></span> <span class='ocrx_word' id='word_1_82' title='bbox 1004 1421 1291 1476; x_wconf 87' lang='lat' dir='ltr'><strong>ministros</strong></span> <span class='ocrx_word' id='word_1_83' title='bbox 1327 1425 1474 1492; x_wconf 89' lang='lat' dir='ltr'><strong>regia</strong></span> <span class='ocrx_word' id='word_1_84' title='bbox 1513 1424 1739 1493; x_wconf 87' lang='lat' dir='ltr'><strong>ejicere,</strong></span> <span class='ocrx_word' id='word_1_85' title='bbox 1792 1423 2006 1477; x_wconf 87' lang='lat' dir='ltr'><strong>ancillis</strong></span> <span class='ocrx_word' id='word_1_86' title='bbox 2054 1424 2182 1476; x_wconf 86' lang='lat' dir='ltr'><strong>item</strong></span> <span class='ocrx_word' id='word_1_87' title='bbox 2221 1424 2380 1477; x_wconf 79' lang='lat' dir='ltr'><strong>lanti-</strong></span> 
     </span>
    </p>
   </div>
   <div class='ocr_carea' id='block_1_16' title="bbox 805 1513 2378 1584">
    <p class='ocr_par' dir='ltr' id='par_1_16' title="bbox 805 1513 2378 1584">
     <span class='ocr_line' id='line_1_16' title="bbox 805 1513 2378 1584; baseline 0 -17"><span class='ocrx_word' id='word_1_88' title='bbox 805 1514 1040 1568; x_wconf 86' lang='lat' dir='ltr'><strong>liaribus</strong></span> <span class='ocrx_word' id='word_1_89' title='bbox 1073 1515 1294 1580; x_wconf 85' lang='lat' dir='ltr'><strong>amotis,</strong></span> <span class='ocrx_word' id='word_1_90' title='bbox 1338 1514 1472 1568; x_wconf 84' lang='lat' dir='ltr'><strong>alias</strong></span> <span class='ocrx_word' id='word_1_91' title='bbox 1504 1513 1842 1567; x_wconf 87' lang='lat' dir='ltr'><strong>substituere</strong></span> <span class='ocrx_word' id='word_1_92' title='bbox 1875 1533 1887 1568; x_wconf 91' lang='lat'><strong>:</strong></span> <span class='ocrx_word' id='word_1_93' title='bbox 1917 1514 2158 1583; x_wconf 87' lang='lat' dir='ltr'><strong>denique</strong></span> <span class='ocrx_word' id='word_1_94' title='bbox 2193 1529 2378 1584; x_wconf 64' lang='lat' dir='ltr'><strong>gynae-</strong></span> 
     </span>
    </p>
   </div>
   <div class='ocr_carea' id='block_1_17' title="bbox 802 1604 2379 1674">
    <p class='ocr_par' dir='ltr' id='par_1_17' title="bbox 802 1604 2379 1674">
     <span class='ocr_line' id='line_1_17' title="bbox 802 1604 2379 1674; baseline -0.001 -15"><span class='ocrx_word' id='word_1_95' title='bbox 802 1605 1101 1660; x_wconf 89' lang='lat' dir='ltr'><strong>conitidem</strong></span> <span class='ocrx_word' id='word_1_96' title='bbox 1122 1606 1404 1667; x_wconf 88' lang='lat' dir='ltr'><strong>claudere,</strong></span> <span class='ocrx_word' id='word_1_97' title='bbox 1432 1604 1793 1674; x_wconf 87' lang='lat' dir='ltr'><strong>custodiaque</strong></span> <span class='ocrx_word' id='word_1_98' title='bbox 1814 1604 2082 1668; x_wconf 87' lang='lat' dir='ltr'><strong>adhibita,</strong></span> <span class='ocrx_word' id='word_1_99' title='bbox 2105 1620 2131 1657; x_wconf 89' lang='lat' dir='ltr'><strong>a</strong></span> <span class='ocrx_word' id='word_1_100' title='bbox 2156 1604 2379 1658; x_wconf 86' lang='lat' dir='ltr'><strong>nemine</strong></span> 
     </span>
    </p>
   </div>
   <div class='ocr_carea' id='block_1_18' title="bbox 808 1695 2378 1766">
    <p class='ocr_par' dir='ltr' id='par_1_18' title="bbox 808 1695 2378 1766">
     <span class='ocr_line' id='line_1_18' title="bbox 808 1695 2378 1766; baseline -0.001 -16"><span class='ocrx_word' id='word_1_101' title='bbox 808 1697 955 1751; x_wconf 89' lang='lat' dir='ltr'><strong>illam</strong></span> <span class='ocrx_word' id='word_1_102' title='bbox 987 1697 1127 1752; x_wconf 89' lang='lat' dir='ltr'><strong>adiri</strong></span> <span class='ocrx_word' id='word_1_103' title='bbox 1155 1697 1288 1766; x_wconf 88' lang='lat' dir='ltr'><strong>pati,</strong></span> <span class='ocrx_word' id='word_1_104' title='bbox 1321 1699 1375 1750; x_wconf 94' lang='lat' dir='ltr'><strong>ni</strong></span> <span class='ocrx_word' id='word_1_105' title='bbox 1402 1697 1701 1751; x_wconf 88' lang='lat' dir='ltr'><strong>satellitum</strong></span> <span class='ocrx_word' id='word_1_106' title='bbox 1729 1695 1989 1766; x_wconf 79' lang='lat' dir='ltr'><strong>pra-fecto</strong></span> <span class='ocrx_word' id='word_1_107' title='bbox 2012 1696 2378 1765; x_wconf 77' lang='lat' dir='ltr'><strong>exposuisset,</strong></span> 
     </span>
    </p>
   </div>
   <div class='ocr_carea' id='block_1_19' title="bbox 807 1785 2382 1857">
    <p class='ocr_par' dir='ltr' id='par_1_19' title="bbox 807 1785 2382 1857">
     <span class='ocr_line' id='line_1_19' title="bbox 807 1785 2382 1857; baseline -0.002 -15"><span class='ocrx_word' id='word_1_108' title='bbox 807 1788 953 1842; x_wconf 88' lang='lat' dir='ltr'><strong>unde</strong></span> <span class='ocrx_word' id='word_1_109' title='bbox 981 1787 1122 1842; x_wconf 86' lang='lat' dir='ltr'><strong>etad</strong></span> <span class='ocrx_word' id='word_1_110' title='bbox 1145 1787 1275 1857; x_wconf 91' lang='lat' dir='ltr'><strong>quid</strong></span> <span class='ocrx_word' id='word_1_111' title='bbox 1301 1788 1536 1842; x_wconf 89' lang='lat' dir='ltr'><strong>veniret.</strong></span> <span class='ocrx_word' id='word_1_112' title='bbox 1566 1785 1698 1841; x_wconf 76' lang='lat' dir='ltr'><strong>Nam</strong></span> <span class='ocrx_word' id='word_1_113' title='bbox 1720 1797 1772 1840; x_wconf 94' lang='lat' dir='ltr'><strong>ct</strong></span> <span class='ocrx_word' id='word_1_114' title='bbox 1790 1797 1983 1856; x_wconf 87' lang='lat' dir='ltr'><strong>suopte</strong></span> <span class='ocrx_word' id='word_1_115' title='bbox 2000 1787 2252 1857; x_wconf 81' lang='lat' dir='ltr'><strong>exemplo</strong></span> <span class='ocrx_word' id='word_1_116' title='bbox 2273 1796 2382 1841; x_wconf 86' lang='lat' dir='ltr'><strong>ter-</strong></span> 
     </span>
    </p>
   </div>
   <div class='ocr_carea' id='block_1_20' title="bbox 2480 607 4066 680">
    <p class='ocr_par' dir='ltr' id='par_1_20' title="bbox 2480 607 4066 680">
     <span class='ocr_line' id='line_1_20' title="bbox 2480 607 4066 680; baseline 0.006 -21"><span class='ocrx_word' id='word_1_117' title='bbox 2480 611 2576 660; x_wconf 72' lang='grc' dir='ltr'>καὶ</span> <span class='ocrx_word' id='word_1_118' title='bbox 2606 607 2696 660; x_wconf 76' lang='grc' dir='ltr'><strong>τὸν</strong></span> <span class='ocrx_word' id='word_1_119' title='bbox 2725 607 2824 676; x_wconf 88' lang='grc' dir='ltr'>μὲν</span> <span class='ocrx_word' id='word_1_120' title='bbox 2871 608 3153 680; x_wconf 80' lang='grc' dir='ltr'>Ῥωμανὸν</span> <span class='ocrx_word' id='word_1_121' title='bbox 3181 613 3452 667; x_wconf 84' lang='grc' dir='ltr'>τεθνεῶτα</span> <span class='ocrx_word' id='word_1_122' title='bbox 3489 613 3917 679; x_wconf 73' lang='grc' dir='ltr'>καταλαϐόντος,</span> <span class='ocrx_word' id='word_1_123' title='bbox 3967 619 4066 670; x_wconf 79' lang='grc' dir='ltr'>τὸν</span> 
     </span>
    </p>
   </div>
   <div class='ocr_carea' id='block_1_21' title="bbox 2478 700 4060 780">
    <p class='ocr_par' dir='ltr' id='par_1_21' title="bbox 2478 700 4060 780">
     <span class='ocr_line' id='line_1_21' title="bbox 2478 700 4060 780; baseline 0.008 -27"><span class='ocrx_word' id='word_1_124' title='bbox 2478 700 2535 754; x_wconf 77' lang='grc' dir='ltr'>δέ</span> <span class='ocrx_word' id='word_1_125' title='bbox 2584 717 2646 769; x_wconf 88' lang='grc' dir='ltr'><strong>γε</strong></span> <span class='ocrx_word' id='word_1_126' title='bbox 2690 703 2910 774; x_wconf 78' lang='grc' dir='ltr'><strong>Μιχαὴλ</strong></span> <span class='ocrx_word' id='word_1_127' title='bbox 2954 704 3034 759; x_wconf 74' lang='grc' dir='ltr'><strong>ἔτι</strong></span> <span class='ocrx_word' id='word_1_128' title='bbox 3073 707 3141 760; x_wconf 76' lang='grc' dir='ltr'><strong>τὰ</strong></span> <span class='ocrx_word' id='word_1_129' title='bbox 3180 708 3272 759; x_wconf 73' lang='grc' dir='ltr'>ἐπὶ</span> <span class='ocrx_word' id='word_1_130' title='bbox 3300 710 3365 777; x_wconf 83' lang='grc' dir='ltr'>τῇ</span> <span class='ocrx_word' id='word_1_131' title='bbox 3417 707 3666 779; x_wconf 72' lang='grc' dir='ltr'><strong>βασιλείᾳ</strong></span> <span class='ocrx_word' id='word_1_132' title='bbox 3706 709 4060 780; x_wconf 83' lang='grc' dir='ltr'><strong>τελούμενον.</strong></span> 
     </span>
    </p>
   </div>
   <div class='ocr_carea' id='block_1_22' title="bbox 2484 789 4063 869">
    <p class='ocr_par' dir='ltr' id='par_1_22' title="bbox 2484 789 4063 869">
     <span class='ocr_line' id='line_1_22' title="bbox 2484 789 4063 869; baseline 0.007 -28"><span class='ocrx_word' id='word_1_133' title='bbox 2484 789 2622 860; x_wconf 84' lang='grc' dir='ltr'><strong>Ἤδη</strong></span> <span class='ocrx_word' id='word_1_134' title='bbox 2661 791 2716 844; x_wconf 82' lang='grc' dir='ltr'>δὲ</span> <span class='ocrx_word' id='word_1_135' title='bbox 2762 795 2857 845; x_wconf 74' lang='grc' dir='ltr'>καὶ</span> <span class='ocrx_word' id='word_1_136' title='bbox 2902 795 3013 857; x_wconf 82' lang='grc' dir='ltr'>τοῖς</span> <span class='ocrx_word' id='word_1_137' title='bbox 3064 795 3168 862; x_wconf 76' lang='grc' dir='ltr'><strong>ἔξω</strong></span> <span class='ocrx_word' id='word_1_138' title='bbox 3215 797 3557 861; x_wconf 67' lang='grc' dir='ltr'><strong>διαδοθέντος</strong></span> <span class='ocrx_word' id='word_1_139' title='bbox 3599 800 3690 854; x_wconf 76' lang='grc' dir='ltr'><strong>τοῦ</strong></span> <span class='ocrx_word' id='word_1_140' title='bbox 3746 803 4063 869; x_wconf 73' lang='grc' dir='ltr'>γεγονότος,</span> 
     </span>
    </p>
   </div>
   <div class='ocr_carea' id='block_1_23' title="bbox 2479 882 4062 960">
    <p class='ocr_par' dir='ltr' id='par_1_23' title="bbox 2479 882 4062 960">
     <span class='ocr_line' id='line_1_23' title="bbox 2479 882 4062 960; baseline 0.007 -28"><span class='ocrx_word' id='word_1_141' title='bbox 2479 882 2574 934; x_wconf 73' lang='grc' dir='ltr'><strong>καὶ</strong></span> <span class='ocrx_word' id='word_1_142' title='bbox 2606 884 2753 935; x_wconf 78' lang='grc' dir='ltr'>πᾶσα</span> <span class='ocrx_word' id='word_1_143' title='bbox 2784 885 2818 952; x_wconf 79' lang='grc' dir='ltr'>ὴ</span> <span class='ocrx_word' id='word_1_144' title='bbox 2850 885 3003 948; x_wconf 83' lang='grc' dir='ltr'>πόλις</span> <span class='ocrx_word' id='word_1_145' title='bbox 3031 887 3125 940; x_wconf 75' lang='grc' dir='ltr'><strong>τὸν</strong></span> <span class='ocrx_word' id='word_1_146' title='bbox 3149 888 3268 940; x_wconf 80' lang='grc' dir='ltr'>νέον</span> <span class='ocrx_word' id='word_1_147' title='bbox 3296 889 3629 960; x_wconf 81' lang='grc' dir='ltr'>ἀνηγόρευεν</span> <span class='ocrx_word' id='word_1_148' title='bbox 3653 891 4062 960; x_wconf 76' lang='grc' dir='ltr'>αὐτοκράτορα,</span> 
     </span>
    </p>
   </div>
   <div class='ocr_carea' id='block_1_24' title="bbox 2477 969 4062 1048">
    <p class='ocr_par' dir='ltr' id='par_1_24' title="bbox 2477 969 4062 1048">
     <span class='ocr_line' id='line_1_24' title="bbox 2477 969 4062 1048; baseline 0.005 -24"><span class='ocrx_word' id='word_1_149' title='bbox 2477 971 2539 1024; x_wconf 83' lang='grc' dir='ltr'><strong>τὸ</strong></span> <span class='ocrx_word' id='word_1_150' title='bbox 2594 973 2694 1041; x_wconf 85' lang='grc' dir='ltr'>μὲν</span> <span class='ocrx_word' id='word_1_151' title='bbox 2734 975 2882 1043; x_wconf 79' lang='grc' dir='ltr'><strong>αύτῷ</strong></span> <span class='ocrx_word' id='word_1_152' title='bbox 2927 976 3316 1048; x_wconf 78' lang='grc' dir='ltr'>χαριζόμενοι,</span> <span class='ocrx_word' id='word_1_153' title='bbox 3373 979 3434 1032; x_wconf 74' lang='grc' dir='ltr'>τὸ</span> <span class='ocrx_word' id='word_1_154' title='bbox 3470 979 3516 1032; x_wconf 77' lang='grc' dir='ltr'>δ’</span> <span class='ocrx_word' id='word_1_155' title='bbox 3550 981 3631 1033; x_wconf 84' lang='grc' dir='ltr'>ὅτι</span> <span class='ocrx_word' id='word_1_156' title='bbox 3682 969 3778 1033; x_wconf 77' lang='grc' dir='ltr'><strong>τὸν</strong></span> <span class='ocrx_word' id='word_1_157' title='bbox 3820 981 4062 1034; x_wconf 82' lang='grc' dir='ltr'>ἀπιόντα</span> 
     </span>
    </p>
   </div>
   <div class='ocr_carea' id='block_1_25' title="bbox 2479 1063 4065 1140">
    <p class='ocr_par' dir='ltr' id='par_1_25' title="bbox 2479 1063 4065 1140">
     <span class='ocr_line' id='line_1_25' title="bbox 2479 1063 4065 1140; baseline 0.004 -24"><span class='ocrx_word' id='word_1_158' title='bbox 2479 1063 2916 1133; x_wconf 80' lang='grc' dir='ltr'>ἀπεφορτίσαντο</span> <span class='ocrx_word' id='word_1_159' title='bbox 2945 1069 3248 1137; x_wconf 83' lang='grc' dir='ltr'>χαίροντες.</span> <span class='ocrx_word' id='word_1_160' title='bbox 3293 1069 3354 1120; x_wconf 83' lang='grc' dir='ltr'><strong>Ἦ</strong></span> <span class='ocrx_word' id='word_1_161' title='bbox 3389 1069 3489 1138; x_wconf 80' lang='grc' dir='ltr'>μὲν</span> <span class='ocrx_word' id='word_1_162' title='bbox 3521 1066 3616 1122; x_wconf 81' lang='grc' dir='ltr'>οὖν</span> <span class='ocrx_word' id='word_1_163' title='bbox 3671 1069 3881 1140; x_wconf 65' lang='grc' dir='ltr'>βασιλὶς</span> <span class='ocrx_word' id='word_1_164' title='bbox 3917 1070 4065 1139; x_wconf 78' lang='grc' dir='ltr'>ᾤετο</span> 
     </span>
    </p>
   </div>
   <div class='ocr_carea' id='block_1_26' title="bbox 2480 1155 4064 1230">
    <p class='ocr_par' dir='ltr' id='par_1_26' title="bbox 2480 1155 4064 1230">
     <span class='ocr_line' id='line_1_26' title="bbox 2480 1155 4064 1230; baseline 0.004 -22"><span class='ocrx_word' id='word_1_165' title='bbox 2480 1155 2870 1226; x_wconf 83' lang='grc' dir='ltr'>βουλεύσασθαι</span> <span class='ocrx_word' id='word_1_166' title='bbox 2893 1158 3113 1228; x_wconf 76' lang='grc' dir='ltr'>ἄριστα,</span> <span class='ocrx_word' id='word_1_167' title='bbox 3145 1159 3238 1212; x_wconf 71' lang='grc' dir='ltr'>καὶ</span> <span class='ocrx_word' id='word_1_168' title='bbox 3269 1162 3435 1230; x_wconf 77' lang='grc' dir='ltr'>ἑαυτῇ</span> <span class='ocrx_word' id='word_1_169' title='bbox 3465 1163 3566 1229; x_wconf 84' lang='grc' dir='ltr'>τὴν</span> <span class='ocrx_word' id='word_1_170' title='bbox 3596 1164 3777 1216; x_wconf 74' lang='grc' dir='ltr'>πᾶσαν</span> <span class='ocrx_word' id='word_1_171' title='bbox 3807 1163 4064 1229; x_wconf 75' lang='grc' dir='ltr'>ἐξουσίαν</span> 
     </span>
    </p>
   </div>
   <div class='ocr_carea' id='block_1_27' title="bbox 2479 1248 4058 1324">
    <p class='ocr_par' dir='ltr' id='par_1_27' title="bbox 2479 1248 4058 1324">
     <span class='ocr_line' id='line_1_27' title="bbox 2479 1248 4058 1324; baseline 0.005 -25"><span class='ocrx_word' id='word_1_172' title='bbox 2479 1248 2963 1318; x_wconf 76' lang='grc' dir='ltr'>περιποιήσασθαι,</span> <span class='ocrx_word' id='word_1_173' title='bbox 3003 1251 3096 1304; x_wconf 76' lang='grc' dir='ltr'>καὶ</span> <span class='ocrx_word' id='word_1_174' title='bbox 3137 1251 3230 1303; x_wconf 76' lang='grc' dir='ltr'><strong>τὸν</strong></span> <span class='ocrx_word' id='word_1_175' title='bbox 3279 1253 3501 1322; x_wconf 79' lang='grc' dir='ltr'>Μιχαὴλ</span> <span class='ocrx_word' id='word_1_176' title='bbox 3552 1254 3830 1324; x_wconf 74' lang='grc' dir='ltr'><strong>ὑπηρέτην</strong></span> <span class='ocrx_word' id='word_1_177' title='bbox 3884 1255 4058 1320; x_wconf 80' lang='grc' dir='ltr'>ἒξειν’</span> 
     </span>
    </p>
   </div>
   <div class='ocr_carea' id='block_1_28' title="bbox 2478 1335 4062 1410">
    <p class='ocr_par' dir='ltr' id='par_1_28' title="bbox 2478 1335 4062 1410">
     <span class='ocr_line' id='line_1_28' title="bbox 2478 1335 4062 1410; baseline 0.003 -22"><span class='ocrx_word' id='word_1_178' title='bbox 2478 1339 2536 1390; x_wconf 79' lang='grc' dir='ltr'>τὸ</span> <span class='ocrx_word' id='word_1_179' title='bbox 2566 1335 2622 1390; x_wconf 82' lang='grc' dir='ltr'>δέ</span> <span class='ocrx_word' id='word_1_180' title='bbox 2655 1355 2705 1391; x_wconf 89' lang='grc' dir='ltr'><strong>τι</strong></span> <span class='ocrx_word' id='word_1_181' title='bbox 2739 1339 2976 1408; x_wconf 79' lang='grc' dir='ltr'>ἑτεροῖον</span> <span class='ocrx_word' id='word_1_182' title='bbox 3008 1339 3342 1410; x_wconf 70' lang='grc' dir='ltr'>συμϐέϐηκε.</span> <span class='ocrx_word' id='word_1_183' title='bbox 3380 1343 3557 1410; x_wconf 73' lang='grc' dir='ltr'>Μέχρι</span> <span class='ocrx_word' id='word_1_184' title='bbox 3601 1343 3699 1410; x_wconf 82' lang='grc' dir='ltr'>μὲν</span> <span class='ocrx_word' id='word_1_185' title='bbox 3751 1342 3857 1409; x_wconf 74' lang='grc' dir='ltr'>γάρ</span> <span class='ocrx_word' id='word_1_186' title='bbox 3909 1358 4062 1402; x_wconf 90' lang='grc' dir='ltr'>τινος</span> 
     </span>
    </p>
   </div>
   <div class='ocr_carea' id='block_1_29' title="bbox 2479 1428 4064 1502">
    <p class='ocr_par' dir='ltr' id='par_1_29' title="bbox 2479 1428 4064 1502">
     <span class='ocr_line' id='line_1_29' title="bbox 2479 1428 4064 1502; baseline -0.008 -6"><span class='ocrx_word' id='word_1_187' title='bbox 2479 1428 2878 1498; x_wconf 75' lang='grc' dir='ltr'>ἐσχηματεξετο</span> <span class='ocrx_word' id='word_1_188' title='bbox 2930 1431 3120 1500; x_wconf 80' lang='grc' dir='ltr'>τηρεῖν</span> <span class='ocrx_word' id='word_1_189' title='bbox 3149 1430 3248 1501; x_wconf 76' lang='grc' dir='ltr'>τὴν</span> <span class='ocrx_word' id='word_1_190' title='bbox 3282 1431 3418 1501; x_wconf 72' lang='grc' dir='ltr'>πρδς</span> <span class='ocrx_word' id='word_1_191' title='bbox 3460 1433 3561 1502; x_wconf 80' lang='grc' dir='ltr'>τὴν</span> <span class='ocrx_word' id='word_1_192' title='bbox 3597 1432 3844 1502; x_wconf 80' lang='grc' dir='ltr'>βασιλίδα</span> <span class='ocrx_word' id='word_1_193' title='bbox 3877 1433 4064 1485; x_wconf 75' lang='grc' dir='ltr'>διάθε-</span> 
     </span>
    </p>
   </div>
   <div class='ocr_carea' id='block_1_30' title="bbox 2482 1521 4062 1596">
    <p class='ocr_par' dir='ltr' id='par_1_30' title="bbox 2482 1521 4062 1596">
     <span class='ocr_line' id='line_1_30' title="bbox 2482 1521 4062 1596; baseline 0.003 -23"><span class='ocrx_word' id='word_1_194' title='bbox 2482 1538 2588 1587; x_wconf 91' lang='grc' dir='ltr'>σιν,</span> <span class='ocrx_word' id='word_1_195' title='bbox 2637 1521 2735 1574; x_wconf 80' lang='grc' dir='ltr'>καὶ</span> <span class='ocrx_word' id='word_1_196' title='bbox 2778 1521 2951 1592; x_wconf 81' lang='grc' dir='ltr'>ταύτῃ</span> <span class='ocrx_word' id='word_1_197' title='bbox 2997 1523 3342 1593; x_wconf 74' lang='grc' dir='ltr'>χαρίζεσθαι,</span> <span class='ocrx_word' id='word_1_198' title='bbox 3378 1525 3470 1577; x_wconf 76' lang='grc' dir='ltr'>καὶ</span> <span class='ocrx_word' id='word_1_199' title='bbox 3518 1528 3586 1578; x_wconf 68' lang='grc' dir='ltr'>τὰ</span> <span class='ocrx_word' id='word_1_200' title='bbox 3615 1527 3802 1596; x_wconf 79' lang='grc' dir='ltr'>ἐκείνῃ</span> <span class='ocrx_word' id='word_1_201' title='bbox 3833 1525 4062 1594; x_wconf 76' lang='grc' dir='ltr'>θυμήρη</span> 
     </span>
    </p>
   </div>
   <div class='ocr_carea' id='block_1_31' title="bbox 2480 1610 4062 1689">
    <p class='ocr_par' dir='ltr' id='par_1_31' title="bbox 2480 1610 4062 1689">
     <span class='ocr_line' id='line_1_31' title="bbox 2480 1610 4062 1689; baseline 0.003 -24"><span class='ocrx_word' id='word_1_202' title='bbox 2480 1616 2678 1677; x_wconf 79' lang='grc' dir='ltr'>ποιεῖν,</span> <span class='ocrx_word' id='word_1_203' title='bbox 2707 1610 2824 1666; x_wconf 76' lang='grc' dir='ltr'>εἶτα</span> <span class='ocrx_word' id='word_1_204' title='bbox 2857 1613 2957 1666; x_wconf 84' lang='grc' dir='ltr'>οὑκ</span> <span class='ocrx_word' id='word_1_205' title='bbox 2986 1614 3066 1676; x_wconf 86' lang='grc' dir='ltr'><strong>είς</strong></span> <span class='ocrx_word' id='word_1_206' title='bbox 3099 1615 3319 1684; x_wconf 75' lang='grc' dir='ltr'>μακρὰν</span> <span class='ocrx_word' id='word_1_207' title='bbox 3352 1615 3592 1670; x_wconf 74' lang='grc' dir='ltr'>ἐκτεῖναι</span> <span class='ocrx_word' id='word_1_208' title='bbox 3624 1619 3722 1689; x_wconf 79' lang='grc' dir='ltr'>τὴν</span> <span class='ocrx_word' id='word_1_209' title='bbox 3749 1619 4062 1688; x_wconf 83' lang='grc' dir='ltr'>προσποίη-</span> 
     </span>
    </p>
   </div>
   <div class='ocr_carea' id='block_1_32' title="bbox 2483 1704 4064 1776">
    <p class='ocr_par' dir='ltr' id='par_1_32' title="bbox 2483 1704 4064 1776">
     <span class='ocr_line' id='line_1_32' title="bbox 2483 1704 4064 1776; baseline 0.003 -21"><span class='ocrx_word' id='word_1_210' title='bbox 2483 1719 2572 1756; x_wconf 87' lang='grc' dir='ltr'><strong>σιν</strong></span> <span class='ocrx_word' id='word_1_211' title='bbox 2635 1704 3024 1774; x_wconf 81' lang='grc' dir='ltr'>ἀνασχόμενος,</span> <span class='ocrx_word' id='word_1_212' title='bbox 3060 1704 3545 1776; x_wconf 83' lang='grc' dir='ltr'>μεθαρμόττεται,</span> <span class='ocrx_word' id='word_1_213' title='bbox 3597 1709 3694 1763; x_wconf 72' lang='grc' dir='ltr'>καὶ</span> <span class='ocrx_word' id='word_1_214' title='bbox 3755 1709 4064 1761; x_wconf 76' lang='grc' dir='ltr'>ὑποπτεύει</span> 
     </span>
    </p>
   </div>
   <div class='ocr_carea' id='block_1_33' title="bbox 2481 1794 4064 1869">
    <p class='ocr_par' dir='ltr' id='par_1_33' title="bbox 2481 1794 4064 1869">
     <span class='ocr_line' id='line_1_33' title="bbox 2481 1794 4064 1869; baseline 0.003 -23"><span class='ocrx_word' id='word_1_215' title='bbox 2481 1794 2672 1864; x_wconf 69' lang='grc' dir='ltr'>αὐτὴν,</span> <span class='ocrx_word' id='word_1_216' title='bbox 2715 1797 2810 1848; x_wconf 75' lang='grc' dir='ltr'><strong>καὶ</strong></span> <span class='ocrx_word' id='word_1_217' title='bbox 2851 1796 3036 1857; x_wconf 88' lang='grc' dir='ltr'>δείσας</span> <span class='ocrx_word' id='word_1_218' title='bbox 3078 1797 3206 1867; x_wconf 72' lang='grc' dir='ltr'>περὶ</span> <span class='ocrx_word' id='word_1_219' title='bbox 3241 1797 3445 1868; x_wconf 82' lang='grc' dir='ltr'>ἐαυτῷ,</span> <span class='ocrx_word' id='word_1_220' title='bbox 3476 1799 3764 1869; x_wconf 77' lang='grc' dir='ltr'>μεθίστησι</span> <span class='ocrx_word' id='word_1_221' title='bbox 3800 1802 3899 1869; x_wconf 83' lang='grc' dir='ltr'>μὲν</span> <span class='ocrx_word' id='word_1_222' title='bbox 3948 1801 4064 1851; x_wconf 71' lang='grc' dir='ltr'>τῶν</span> 
     </span>
    </p>
   </div>
   <div class='ocr_carea' id='block_1_34' title="bbox 807 1873 2484 1961">
    <p class='ocr_par' dir='ltr' id='par_1_34' title="bbox 807 1873 2484 1952">
     <span class='ocr_line' id='line_1_34' title="bbox 807 1873 2484 1952; baseline -0.001 -19"><span class='ocrx_word' id='word_1_223' title='bbox 807 1882 1048 1946; x_wconf 88' lang='lat' dir='ltr'><strong>rebatur,</strong></span> <span class='ocrx_word' id='word_1_224' title='bbox 1081 1890 1137 1934; x_wconf 90' lang='lat' dir='ltr'><strong>et</strong></span> <span class='ocrx_word' id='word_1_225' title='bbox 1175 1881 1362 1934; x_wconf 82' lang='lat' dir='ltr'><strong>fratris</strong></span> <span class='ocrx_word' id='word_1_226' title='bbox 1393 1879 1618 1935; x_wconf 82' lang='lat' dir='ltr'><strong>Joannis</strong></span> <span class='ocrx_word' id='word_1_227' title='bbox 1647 1878 1910 1949; x_wconf 86' lang='lat' dir='ltr'><strong>spadonis</strong></span> <span class='ocrx_word' id='word_1_228' title='bbox 1938 1878 2176 1948; x_wconf 88' lang='lat' dir='ltr'><strong>impulsu</strong></span> <span class='ocrx_word' id='word_1_229' title='bbox 2209 1878 2379 1947; x_wconf 86' lang='lat' dir='ltr'><strong>potis-</strong></span> <span class='ocrx_word' id='word_1_230' title='bbox 2405 1873 2453 1932; x_wconf 90' lang='lat' dir='ltr'><strong>B</strong></span> <span class='ocrx_word' id='word_1_231' title='bbox 2483 1945 2484 1952; x_wconf 12' lang='grc' dir='ltr'><strong>γ</strong></span> 
     </span>
    </p>
   </div>
   <div class='ocr_carea' id='block_1_35' title="bbox 2388 1873 4065 1961">
    <p class='ocr_par' dir='ltr' id='par_1_35' title="bbox 2405 1873 4065 1961">
     <span class='ocr_line' id='line_1_35' title="bbox 2405 1873 4065 1961; baseline 0.002 -22"><span class='ocrx_word' id='word_1_232' title='bbox 2405 1873 2453 1932; x_wconf 86' lang='grc' dir='ltr'><strong>Β</strong></span> <span class='ocrx_word' id='word_1_233' title='bbox 2483 1885 2772 1956; x_wconf 82' lang='grc' dir='ltr'>βασιλείων</span> <span class='ocrx_word' id='word_1_234' title='bbox 2805 1888 2931 1949; x_wconf 68' lang='grc' dir='ltr'>τοὺς</span> <span class='ocrx_word' id='word_1_235' title='bbox 2965 1889 3226 1958; x_wconf 76' lang='grc' dir='ltr'>ἐκτομίας</span> <span class='ocrx_word' id='word_1_236' title='bbox 3258 1891 3385 1952; x_wconf 75' lang='grc' dir='ltr'>τοὺς</span> <span class='ocrx_word' id='word_1_237' title='bbox 3423 1890 3594 1959; x_wconf 82' lang='grc' dir='ltr'>αὐτῆς</span> <span class='ocrx_word' id='word_1_238' title='bbox 3628 1891 3913 1961; x_wconf 80' lang='grc' dir='ltr'>πατρῴους</span> <span class='ocrx_word' id='word_1_239' title='bbox 3968 1891 4065 1943; x_wconf 78' lang='grc' dir='ltr'>θε-</span> 
     </span>
    </p>
   </div>
   <div class='ocr_carea' id='block_1_36' title="bbox 805 1969 2378 2041">
    <p class='ocr_par' dir='ltr' id='par_1_36' title="bbox 805 1969 2378 2041">
     <span class='ocr_line' id='line_1_36' title="bbox 805 1969 2378 2041; baseline -0.001 -15"><span class='ocrx_word' id='word_1_240' title='bbox 805 1975 1005 2026; x_wconf 89' lang='lat' dir='ltr'><strong>simum</strong></span> <span class='ocrx_word' id='word_1_241' title='bbox 1038 1970 1091 2026; x_wconf 90' lang='lat' dir='ltr'><strong>id</strong></span> <span class='ocrx_word' id='word_1_242' title='bbox 1117 1971 1299 2026; x_wconf 86' lang='lat' dir='ltr'><strong>facere</strong></span> <span class='ocrx_word' id='word_1_243' title='bbox 1340 1971 1659 2041; x_wconf 84' lang='lat' dir='ltr'><strong>putabatur.</strong></span> <span class='ocrx_word' id='word_1_244' title='bbox 1707 1970 1810 2036; x_wconf 86' lang='lat' dir='ltr'><strong>Qui</strong></span> <span class='ocrx_word' id='word_1_245' title='bbox 1849 1969 2024 2040; x_wconf 92' lang='lat' dir='ltr'><strong>spado</strong></span> <span class='ocrx_word' id='word_1_246' title='bbox 2066 1969 2233 2023; x_wconf 88' lang='lat' dir='ltr'><strong>homo</strong></span> <span class='ocrx_word' id='word_1_247' title='bbox 2257 1978 2378 2024; x_wconf 86' lang='lat' dir='ltr'><strong>erat</strong></span> 
     </span>
    </p>
   </div>
   <div class='ocr_carea' id='block_1_37' title="bbox 807 2064 2376 2134">
    <p class='ocr_par' dir='ltr' id='par_1_37' title="bbox 807 2064 2376 2134">
     <span class='ocr_line' id='line_1_37' title="bbox 807 2064 2376 2134; baseline -0.003 -13"><span class='ocrx_word' id='word_1_248' title='bbox 807 2077 1004 2122; x_wconf 65' lang='lat' dir='ltr'><strong>acutus</strong></span> <span class='ocrx_word' id='word_1_249' title='bbox 1033 2081 1090 2123; x_wconf 86' lang='lat' dir='ltr'><strong>et</strong></span> <span class='ocrx_word' id='word_1_250' title='bbox 1134 2083 1282 2132; x_wconf 85' lang='lat' dir='ltr'><strong>acer,</strong></span> <span class='ocrx_word' id='word_1_251' title='bbox 1331 2067 1680 2134; x_wconf 75' lang='lat' dir='ltr'><strong>obscuraque</strong></span> <span class='ocrx_word' id='word_1_252' title='bbox 1726 2065 1970 2132; x_wconf 85' lang='lat' dir='ltr'><strong>ingenio,</strong></span> <span class='ocrx_word' id='word_1_253' title='bbox 2011 2064 2199 2118; x_wconf 91' lang='lat' dir='ltr'><strong>varius</strong></span> <span class='ocrx_word' id='word_1_254' title='bbox 2249 2079 2376 2134; x_wconf 86' lang='lat' dir='ltr'><strong>erga</strong></span> 
     </span>
    </p>
   </div>
   <div class='ocr_carea' id='block_1_38' title="bbox 805 2160 2376 2232">
    <p class='ocr_par' dir='ltr' id='par_1_38' title="bbox 805 2160 2376 2232">
     <span class='ocr_line' id='line_1_38' title="bbox 805 2160 2376 2232; baseline -0.004 -15"><span class='ocrx_word' id='word_1_255' title='bbox 805 2178 903 2217; x_wconf 79' lang='lat' dir='ltr'><strong>eos</strong></span> <span class='ocrx_word' id='word_1_256' title='bbox 930 2162 1260 2230; x_wconf 90' lang='lat' dir='ltr'><strong>quibuscum</strong></span> <span class='ocrx_word' id='word_1_257' title='bbox 1314 2162 1527 2232; x_wconf 78' lang='lat' dir='ltr'><strong>agebat,</strong></span> <span class='ocrx_word' id='word_1_258' title='bbox 1577 2171 1889 2231; x_wconf 87' lang='lat' dir='ltr'><strong>promptus,</strong></span> <span class='ocrx_word' id='word_1_259' title='bbox 1939 2160 2080 2214; x_wconf 90' lang='lat' dir='ltr'><strong>mole</strong></span> <span class='ocrx_word' id='word_1_260' title='bbox 2118 2172 2376 2213; x_wconf 90' lang='lat' dir='ltr'><strong>curarum</strong></span> 
     </span>
    </p>
   </div>
   <div class='ocr_carea' id='block_1_39' title="bbox 811 2251 2376 2323">
    <p class='ocr_par' dir='ltr' id='par_1_39' title="bbox 811 2251 2376 2323">
     <span class='ocr_line' id='line_1_39' title="bbox 811 2251 2376 2323; baseline -0.001 -17"><span class='ocrx_word' id='word_1_261' title='bbox 811 2253 1155 2318; x_wconf 77' lang='lat' dir='ltr'><strong>indefessus,</strong></span> <span class='ocrx_word' id='word_1_262' title='bbox 1199 2268 1400 2323; x_wconf 79' lang='lat' dir='ltr'><strong>neque</strong></span> <span class='ocrx_word' id='word_1_263' title='bbox 1456 2254 1636 2323; x_wconf 88' lang='lat' dir='ltr'><strong>epulis</strong></span> <span class='ocrx_word' id='word_1_264' title='bbox 1695 2268 1876 2322; x_wconf 83' lang='lat' dir='ltr'><strong>neque</strong></span> <span class='ocrx_word' id='word_1_265' title='bbox 1933 2253 2060 2306; x_wconf 91' lang='lat' dir='ltr'><strong>vino</strong></span> <span class='ocrx_word' id='word_1_266' title='bbox 2135 2251 2376 2304; x_wconf 85' lang='lat' dir='ltr'><strong>deditus.</strong></span> 
     </span>
    </p>
   </div>
   <div class='ocr_carea' id='block_1_40' title="bbox 810 2344 2382 2416">
    <p class='ocr_par' dir='ltr' id='par_1_40' title="bbox 810 2344 2382 2416">
     <span class='ocr_line' id='line_1_40' title="bbox 810 2344 2382 2416; baseline -0.002 -14"><span class='ocrx_word' id='word_1_267' title='bbox 810 2347 1046 2402; x_wconf 85' lang='lat' dir='ltr'><strong>Proinde</strong></span> <span class='ocrx_word' id='word_1_268' title='bbox 1097 2347 1232 2402; x_wconf 80' lang='lat' dir='ltr'><strong>nihil</strong></span> <span class='ocrx_word' id='word_1_269' title='bbox 1275 2345 1342 2401; x_wconf 91' lang='lat' dir='ltr'><strong>de</strong></span> <span class='ocrx_word' id='word_1_270' title='bbox 1393 2347 1707 2416; x_wconf 62' lang='lat' dir='ltr'><strong>reipublicae</strong></span> <span class='ocrx_word' id='word_1_271' title='bbox 1755 2345 2006 2416; x_wconf 61' lang='lat' dir='ltr'><strong>gerenda</strong></span> <span class='ocrx_word' id='word_1_272' title='bbox 2060 2344 2244 2399; x_wconf 90' lang='lat' dir='ltr'><strong>studio</strong></span> <span class='ocrx_word' id='word_1_273' title='bbox 2295 2358 2382 2399; x_wconf 85' lang='lat' dir='ltr'><strong>re-</strong></span> 
     </span>
    </p>
   </div>
   <div class='ocr_carea' id='block_1_41' title="bbox 811 2436 2377 2508">
    <p class='ocr_par' dir='ltr' id='par_1_41' title="bbox 811 2436 2377 2508">
     <span class='ocr_line' id='line_1_41' title="bbox 811 2436 2377 2508; baseline -0.002 -15"><span class='ocrx_word' id='word_1_274' title='bbox 811 2439 1088 2494; x_wconf 87' lang='lat' dir='ltr'><strong>mittebat.</strong></span> <span class='ocrx_word' id='word_1_275' title='bbox 1119 2437 1196 2493; x_wconf 82' lang='lat' dir='ltr'><strong>Ac</strong></span> <span class='ocrx_word' id='word_1_276' title='bbox 1227 2438 1596 2508; x_wconf 90' lang='lat' dir='ltr'><strong>imperatricis</strong></span> <span class='ocrx_word' id='word_1_277' title='bbox 1626 2438 1718 2492; x_wconf 86' lang='lat' dir='ltr'><strong>hic</strong></span> <span class='ocrx_word' id='word_1_278' title='bbox 1760 2447 1939 2492; x_wconf 90' lang='lat' dir='ltr'><strong>status</strong></span> <span class='ocrx_word' id='word_1_279' title='bbox 1981 2437 2104 2490; x_wconf 87' lang='lat' dir='ltr'><strong>fuit.</strong></span> <span class='ocrx_word' id='word_1_280' title='bbox 2147 2436 2377 2491; x_wconf 81' lang='lat' dir='ltr'><strong>Michael</strong></span> 
     </span>
    </p>
   </div>
   <div class='ocr_carea' id='block_1_42' title="bbox 811 2531 2380 2598">
    <p class='ocr_par' dir='ltr' id='par_1_42' title="bbox 811 2531 2380 2598">
     <span class='ocr_line' id='line_1_42' title="bbox 811 2531 2380 2598; baseline -0.003 -14"><span class='ocrx_word' id='word_1_281' title='bbox 811 2547 942 2586; x_wconf 69' lang='grc' dir='ltr'>νει-ο</span> <span class='ocrx_word' id='word_1_282' title='bbox 989 2531 1365 2584; x_wconf 71' lang='lat' dir='ltr'><strong>communium</strong></span> <span class='ocrx_word' id='word_1_283' title='bbox 1397 2545 1583 2584; x_wconf 88' lang='lat' dir='ltr'><strong>rerum</strong></span> <span class='ocrx_word' id='word_1_284' title='bbox 1612 2544 1744 2584; x_wconf 90' lang='lat' dir='ltr'><strong>cura</strong></span> <span class='ocrx_word' id='word_1_285' title='bbox 1769 2539 2043 2598; x_wconf 89' lang='lat' dir='ltr'><strong>suscepta,</strong></span> <span class='ocrx_word' id='word_1_286' title='bbox 2073 2543 2198 2582; x_wconf 88' lang='lat' dir='ltr'><strong>cum</strong></span> <span class='ocrx_word' id='word_1_287' title='bbox 2232 2543 2380 2581; x_wconf 82' lang='lat' dir='ltr'><strong>tuor-</strong></span> 
     </span>
    </p>
   </div>
   <div class='ocr_carea' id='block_1_43' title="bbox 811 2617 2382 2690">
    <p class='ocr_par' dir='ltr' id='par_1_43' title="bbox 811 2617 2382 2690">
     <span class='ocr_line' id='line_1_43' title="bbox 811 2617 2382 2690; baseline -0.002 -16"><span class='ocrx_word' id='word_1_288' title='bbox 811 2622 914 2674; x_wconf 88' lang='lat' dir='ltr'><strong>bus</strong></span> <span class='ocrx_word' id='word_1_289' title='bbox 946 2621 1066 2690; x_wconf 86' lang='lat' dir='ltr'><strong>ejus</strong></span> <span class='ocrx_word' id='word_1_290' title='bbox 1107 2620 1533 2690; x_wconf 80' lang='lat' dir='ltr'><strong>ingravesceret,</strong></span> <span class='ocrx_word' id='word_1_291' title='bbox 1584 2634 1748 2688; x_wconf 92' lang='lat' dir='ltr'><strong>quem</strong></span> <span class='ocrx_word' id='word_1_292' title='bbox 1790 2619 1879 2672; x_wconf 86' lang='lat' dir='ltr'><strong>alii</strong></span> <span class='ocrx_word' id='word_1_293' title='bbox 1929 2618 2226 2672; x_wconf 87' lang='lat' dir='ltr'><strong>vindictam</strong></span> <span class='ocrx_word' id='word_1_294' title='bbox 2273 2617 2382 2672; x_wconf 82' lang='lat' dir='ltr'><strong>Nu-</strong></span> 
     </span>
    </p>
   </div>
   <div class='ocr_carea' id='block_1_44' title="bbox 814 2711 2378 2780">
    <p class='ocr_par' dir='ltr' id='par_1_44' title="bbox 814 2711 2378 2780">
     <span class='ocr_line' id='line_1_44' title="bbox 814 2711 2378 2780; baseline -0.003 -14"><span class='ocrx_word' id='word_1_295' title='bbox 814 2712 976 2766; x_wconf 90' lang='lat' dir='ltr'><strong>minis</strong></span> <span class='ocrx_word' id='word_1_296' title='bbox 1015 2711 1212 2766; x_wconf 84' lang='lat' dir='ltr'><strong>olfensi</strong></span> <span class='ocrx_word' id='word_1_297' title='bbox 1252 2711 1495 2780; x_wconf 79' lang='lat' dir='ltr'><strong>perjurio</strong></span> <span class='ocrx_word' id='word_1_298' title='bbox 1546 2711 2071 2780; x_wconf 88' lang='lat' dir='ltr'><strong>interpretabantur,</strong></span> <span class='ocrx_word' id='word_1_299' title='bbox 2117 2725 2227 2780; x_wconf 90' lang='lat' dir='ltr'><strong>quo</strong></span> <span class='ocrx_word' id='word_1_300' title='bbox 2269 2724 2378 2763; x_wconf 92' lang='lat' dir='ltr'><strong>non</strong></span> 
     </span>
    </p>
   </div>
   <div class='ocr_carea' id='block_1_45' title="bbox 812 2801 2382 2872">
    <p class='ocr_par' dir='ltr' id='par_1_45' title="bbox 812 2801 2382 2872">
     <span class='ocr_line' id='line_1_45' title="bbox 812 2801 2382 2872; baseline -0.001 -16"><span class='ocrx_word' id='word_1_301' title='bbox 812 2818 972 2858; x_wconf 90' lang='lat' dir='ltr'><strong>secus</strong></span> <span class='ocrx_word' id='word_1_302' title='bbox 999 2813 1162 2872; x_wconf 87' lang='lat' dir='ltr'><strong>atque</strong></span> <span class='ocrx_word' id='word_1_303' title='bbox 1193 2803 1323 2856; x_wconf 89' lang='lat' dir='ltr'><strong>olim</strong></span> <span class='ocrx_word' id='word_1_304' title='bbox 1354 2801 1482 2856; x_wconf 83' lang='lat' dir='ltr'><strong>Saul</strong></span> <span class='ocrx_word' id='word_1_305' title='bbox 1510 2801 1834 2871; x_wconf 81' lang='lat' dir='ltr'><strong>angebatur,</strong></span> <span class='ocrx_word' id='word_1_306' title='bbox 1865 2801 1956 2854; x_wconf 89' lang='lat' dir='ltr'><strong>alii</strong></span> <span class='ocrx_word' id='word_1_307' title='bbox 1991 2801 2287 2855; x_wconf 85' lang='lat' dir='ltr'><strong>amentiam</strong></span> <span class='ocrx_word' id='word_1_308' title='bbox 2325 2809 2382 2854; x_wconf 90' lang='lat' dir='ltr'><strong>et</strong></span> 
     </span>
    </p>
   </div>
   <div class='ocr_carea' id='block_1_46' title="bbox 813 2890 2381 2960">
    <p class='ocr_par' dir='ltr' id='par_1_46' title="bbox 813 2890 2381 2960">
     <span class='ocr_line' id='line_1_46' title="bbox 813 2890 2381 2960; baseline -0.002 -14"><span class='ocrx_word' id='word_1_309' title='bbox 813 2893 1134 2949; x_wconf 83' lang='lat' dir='ltr'><strong>insaniam:</strong></span> <span class='ocrx_word' id='word_1_310' title='bbox 1181 2893 1236 2948; x_wconf 93' lang='lat' dir='ltr'><strong>in</strong></span> <span class='ocrx_word' id='word_1_311' title='bbox 1269 2892 1537 2948; x_wconf 81' lang='lat' dir='ltr'><strong>Joannem</strong></span> <span class='ocrx_word' id='word_1_312' title='bbox 1597 2893 1893 2960; x_wconf 78' lang='lat' dir='ltr'><strong>spadonem</strong></span> <span class='ocrx_word' id='word_1_313' title='bbox 1944 2891 2112 2946; x_wconf 89' lang='lat' dir='ltr'><strong>totius</strong></span> <span class='ocrx_word' id='word_1_314' title='bbox 2168 2890 2381 2958; x_wconf 90' lang='lat' dir='ltr'><strong>imperii</strong></span> 
     </span>
    </p>
   </div>
   <div class='ocr_carea' id='block_1_47' title="bbox 811 2981 2377 3055">
    <p class='ocr_par' dir='ltr' id='par_1_47' title="bbox 811 2981 2377 3055">
     <span class='ocr_line' id='line_1_47' title="bbox 811 2981 2377 3055; baseline -0.004 -14"><span class='ocrx_word' id='word_1_315' title='bbox 811 2987 1134 3055; x_wconf 78' lang='lat' dir='ltr'><strong>gubernatio</strong></span> <span class='ocrx_word' id='word_1_316' title='bbox 1161 2986 1432 3048; x_wconf 87' lang='lat' dir='ltr'><strong>incubuit,</strong></span> <span class='ocrx_word' id='word_1_317' title='bbox 1467 3000 1594 3039; x_wconf 94' lang='lat' dir='ltr'><strong>eum</strong></span> <span class='ocrx_word' id='word_1_318' title='bbox 1631 2984 1854 3054; x_wconf 91' lang='lat' dir='ltr'><strong>quidem</strong></span> <span class='ocrx_word' id='word_1_319' title='bbox 1885 2981 2140 3037; x_wconf 91' lang='lat' dir='ltr'><strong>monachi</strong></span> <span class='ocrx_word' id='word_1_320' title='bbox 2172 2991 2377 3036; x_wconf 84' lang='lat' dir='ltr'><strong>vestem</strong></span> 
     </span>
    </p>
   </div>
   <div class='ocr_carea' id='block_1_48' title="bbox 808 3071 2380 3150">
    <p class='ocr_par' dir='ltr' id='par_1_48' title="bbox 808 3071 2380 3150">
     <span class='ocr_line' id='line_1_48' title="bbox 808 3071 2380 3150; baseline -0.004 -18"><span class='ocrx_word' id='word_1_321' title='bbox 808 3081 920 3150; x_wconf 85' lang='lat' dir='ltr'><strong>jam</strong></span> <span class='ocrx_word' id='word_1_322' title='bbox 970 3079 1100 3132; x_wconf 92' lang='lat' dir='ltr'><strong>olim</strong></span> <span class='ocrx_word' id='word_1_323' title='bbox 1144 3077 1494 3147; x_wconf 88' lang='lat' dir='ltr'><strong>sumpsisset,</strong></span> <span class='ocrx_word' id='word_1_324' title='bbox 1549 3076 1642 3131; x_wconf 89' lang='lat' dir='ltr'><strong>sed</strong></span> <span class='ocrx_word' id='word_1_325' title='bbox 1693 3076 1883 3130; x_wconf 89' lang='lat' dir='ltr'><strong>habitu</strong></span> <span class='ocrx_word' id='word_1_326' title='bbox 1924 3077 2193 3128; x_wconf 81' lang='lat' dir='ltr'><strong>duntaxat</strong></span> <span class='ocrx_word' id='word_1_327' title='bbox 2244 3071 2380 3126; x_wconf 90' lang='lat' dir='ltr'><strong>illud</strong></span> 
     </span>
    </p>
   </div>
   <div class='ocr_carea' id='block_1_49' title="bbox 813 3165 2384 3236">
    <p class='ocr_par' dir='ltr' id='par_1_49' title="bbox 813 3165 2384 3236">
     <span class='ocr_line' id='line_1_49' title="bbox 813 3165 2384 3236; baseline -0.002 -15"><span class='ocrx_word' id='word_1_328' title='bbox 813 3169 938 3221; x_wconf 63' lang='lat' dir='ltr'><strong>vitae</strong></span> <span class='ocrx_word' id='word_1_329' title='bbox 987 3183 1162 3236; x_wconf 84' lang='lat' dir='ltr'><strong>genus</strong></span> <span class='ocrx_word' id='word_1_330' title='bbox 1210 3167 1588 3235; x_wconf 81' lang='lat' dir='ltr'><strong>profiteretur.</strong></span> <span class='ocrx_word' id='word_1_331' title='bbox 1654 3166 1950 3220; x_wconf 87' lang='lat' dir='ltr'><strong>Enimvero</strong></span> <span class='ocrx_word' id='word_1_332' title='bbox 1988 3165 2384 3219; x_wconf 78' lang='lat' dir='ltr'><strong>Constantinus</strong></span> 
     </span>
    </p>
   </div>
   <div class='ocr_carea' id='block_1_50' title="bbox 813 3256 2382 3327">
    <p class='ocr_par' dir='ltr' id='par_1_50' title="bbox 813 3256 2382 3327">
     <span class='ocr_line' id='line_1_50' title="bbox 813 3256 2382 3327; baseline -0.002 -14"><span class='ocrx_word' id='word_1_333' title='bbox 813 3259 1140 3313; x_wconf 82' lang='lat' dir='ltr'><strong>Dalassenus</strong></span> <span class='ocrx_word' id='word_1_334' title='bbox 1171 3257 1454 3327; x_wconf 85' lang='lat' dir='ltr'><strong>patricius,</strong></span> <span class='ocrx_word' id='word_1_335' title='bbox 1504 3257 1653 3311; x_wconf 90' lang='lat' dir='ltr'><strong>domi</strong></span> <span class='ocrx_word' id='word_1_336' title='bbox 1695 3257 1919 3326; x_wconf 79' lang='lat' dir='ltr'><strong>degens,</strong></span> <span class='ocrx_word' id='word_1_337' title='bbox 1951 3271 2073 3309; x_wconf 91' lang='lat' dir='ltr'><strong>cum</strong></span> <span class='ocrx_word' id='word_1_338' title='bbox 2126 3256 2192 3309; x_wconf 90' lang='lat' dir='ltr'><strong>de</strong></span> <span class='ocrx_word' id='word_1_339' title='bbox 2240 3270 2382 3310; x_wconf 91' lang='lat' dir='ltr'><strong>novo</strong></span> 
     </span>
    </p>
   </div>
   <div class='ocr_carea' id='block_1_51' title="bbox 815 3348 2383 3419">
    <p class='ocr_par' dir='ltr' id='par_1_51' title="bbox 815 3348 2383 3419">
     <span class='ocr_line' id='line_1_51' title="bbox 815 3348 2383 3419; baseline -0.003 -17"><span class='ocrx_word' id='word_1_340' title='bbox 815 3351 1145 3419; x_wconf 89' lang='lat' dir='ltr'><strong>imperatore</strong></span> <span class='ocrx_word' id='word_1_341' title='bbox 1185 3348 1508 3412; x_wconf 80' lang='lat' dir='ltr'><strong>audivisset,</strong></span> <span class='ocrx_word' id='word_1_342' title='bbox 1543 3348 1936 3419; x_wconf 77' lang='lat' dir='ltr'><strong>indignabatur</strong></span> <span class='ocrx_word' id='word_1_343' title='bbox 1971 3361 2242 3401; x_wconf 87' lang='lat' dir='ltr'><strong>summam</strong></span> <span class='ocrx_word' id='word_1_344' title='bbox 2297 3361 2383 3399; x_wconf 85' lang='lat' dir='ltr'><strong>re-</strong></span> 
     </span>
    </p>
   </div>
   <div class='ocr_carea' id='block_1_52' title="bbox 816 3434 2383 3500">
    <p class='ocr_par' dir='ltr' id='par_1_52' title="bbox 816 3434 2383 3500">
     <span class='ocr_line' id='line_1_52' title="bbox 816 3434 2383 3500; baseline 0 -12"><span class='ocrx_word' id='word_1_345' title='bbox 816 3453 936 3490; x_wconf 91' lang='lat' dir='ltr'><strong>rum</strong></span> <span class='ocrx_word' id='word_1_346' title='bbox 970 3439 1036 3491; x_wconf 90' lang='lat' dir='ltr'><strong>ad</strong></span> <span class='ocrx_word' id='word_1_347' title='bbox 1092 3438 1256 3492; x_wconf 89' lang='lat' dir='ltr'><strong>talem</strong></span> <span class='ocrx_word' id='word_1_348' title='bbox 1310 3439 1589 3492; x_wconf 89' lang='lat' dir='ltr'><strong>hominem</strong></span> <span class='ocrx_word' id='word_1_349' title='bbox 1639 3453 1760 3492; x_wconf 83' lang='lat' dir='ltr'><strong>esse</strong></span> <span class='ocrx_word' id='word_1_350' title='bbox 1816 3437 2154 3491; x_wconf 88' lang='lat' dir='ltr'><strong>devolutam.</strong></span> <span class='ocrx_word' id='word_1_351' title='bbox 2203 3434 2383 3500; x_wconf 86' lang='lat' dir='ltr'><strong>Quare</strong></span> 
     </span>
    </p>
   </div>
   <div class='ocr_carea' id='block_1_53' title="bbox 815 3527 2386 3598">
    <p class='ocr_par' dir='ltr' id='par_1_53' title="bbox 815 3527 2386 3598">
     <span class='ocr_line' id='line_1_53' title="bbox 815 3527 2386 3598; baseline -0.002 -17"><span class='ocrx_word' id='word_1_352' title='bbox 815 3529 1043 3583; x_wconf 73' lang='lat' dir='ltr'><strong>Michael</strong></span> <span class='ocrx_word' id='word_1_353' title='bbox 1091 3545 1215 3584; x_wconf 93' lang='lat' dir='ltr'><strong>cum</strong></span> <span class='ocrx_word' id='word_1_354' title='bbox 1257 3531 1372 3584; x_wconf 82' lang='lat' dir='ltr'><strong>suis</strong></span> <span class='ocrx_word' id='word_1_355' title='bbox 1420 3531 1776 3584; x_wconf 72' lang='lat' dir='ltr'><strong>vehementer</strong></span> <span class='ocrx_word' id='word_1_356' title='bbox 1821 3527 2177 3598; x_wconf 88' lang='lat' dir='ltr'><strong>perturbatus</strong></span> <span class='ocrx_word' id='word_1_357' title='bbox 2230 3540 2386 3579; x_wconf 90' lang='lat' dir='ltr'><strong>vere-</strong></span> 
     </span>
    </p>
   </div>
   <div class='ocr_carea' id='block_1_54' title="bbox 814 3619 2384 3693">
    <p class='ocr_par' dir='ltr' id='par_1_54' title="bbox 814 3619 2384 3693">
     <span class='ocr_line' id='line_1_54' title="bbox 814 3619 2384 3693; baseline -0.004 -17"><span class='ocrx_word' id='word_1_358' title='bbox 814 3623 974 3676; x_wconf 90' lang='lat' dir='ltr'><strong>hatur</strong></span> <span class='ocrx_word' id='word_1_359' title='bbox 1031 3639 1098 3678; x_wconf 92' lang='lat' dir='ltr'><strong>ne</strong></span> <span class='ocrx_word' id='word_1_360' title='bbox 1150 3624 1476 3677; x_wconf 85' lang='lat' dir='ltr'><strong>Dalassenus</strong></span> <span class='ocrx_word' id='word_1_361' title='bbox 1534 3639 1763 3693; x_wconf 79' lang='lat' dir='ltr'><strong>regnum</strong></span> <span class='ocrx_word' id='word_1_362' title='bbox 1831 3622 2135 3675; x_wconf 81' lang='lat' dir='ltr'><strong>alIeetaret.</strong></span> <span class='ocrx_word' id='word_1_363' title='bbox 2191 3619 2384 3687; x_wconf 84' lang='lat' dir='ltr'><strong>Itaque</strong></span> 
     </span>
    </p>
   </div>
   <div class='ocr_carea' id='block_1_55' title="bbox 813 3709 2384 3784">
    <p class='ocr_par' dir='ltr' id='par_1_55' title="bbox 813 3709 2384 3784">
     <span class='ocr_line' id='line_1_55' title="bbox 813 3709 2384 3784; baseline -0.004 -16"><span class='ocrx_word' id='word_1_364' title='bbox 813 3716 1055 3769; x_wconf 81' lang='lat' dir='ltr'><strong>Joannes</strong></span> <span class='ocrx_word' id='word_1_365' title='bbox 1080 3715 1372 3784; x_wconf 86' lang='lat' dir='ltr'><strong>quemdam</strong></span> <span class='ocrx_word' id='word_1_366' title='bbox 1411 3715 1606 3780; x_wconf 88' lang='lat' dir='ltr'><strong>mittit,</strong></span> <span class='ocrx_word' id='word_1_367' title='bbox 1637 3715 1730 3784; x_wconf 91' lang='lat' dir='ltr'><strong>qui</strong></span> <span class='ocrx_word' id='word_1_368' title='bbox 1761 3711 2120 3783; x_wconf 92' lang='lat' dir='ltr'><strong>jurejurando</strong></span> <span class='ocrx_word' id='word_1_369' title='bbox 2145 3709 2384 3763; x_wconf 76' lang='lat' dir='ltr'><strong>afﬁrma-</strong></span> 
     </span>
    </p>
   </div>
   <div class='ocr_carea' id='block_1_56' title="bbox 819 3805 2386 3871">
    <p class='ocr_par' dir='ltr' id='par_1_56' title="bbox 819 3805 2386 3871">
     <span class='ocr_line' id='line_1_56' title="bbox 819 3805 2386 3871; baseline -0.005 -10"><span class='ocrx_word' id='word_1_370' title='bbox 819 3819 900 3862; x_wconf 89' lang='lat' dir='ltr'><strong>ret</strong></span> <span class='ocrx_word' id='word_1_371' title='bbox 927 3809 1062 3862; x_wconf 90' lang='lat' dir='ltr'><strong>nihil</strong></span> <span class='ocrx_word' id='word_1_372' title='bbox 1089 3808 1138 3860; x_wconf 93' lang='lat' dir='ltr'><strong>ci</strong></span> <span class='ocrx_word' id='word_1_373' title='bbox 1172 3808 1530 3862; x_wconf 90' lang='lat' dir='ltr'><strong>metuendum</strong></span> <span class='ocrx_word' id='word_1_374' title='bbox 1565 3821 1684 3860; x_wconf 91' lang='lat' dir='ltr'><strong>esse</strong></span> <span class='ocrx_word' id='word_1_375' title='bbox 1711 3805 1866 3869; x_wconf 90' lang='lat' dir='ltr'><strong>mali,</strong></span> <span class='ocrx_word' id='word_1_376' title='bbox 1901 3805 2131 3871; x_wconf 89' lang='lat' dir='ltr'><strong>viroque</strong></span> <span class='ocrx_word' id='word_1_377' title='bbox 2158 3815 2386 3870; x_wconf 84' lang='lat' dir='ltr'><strong>persua—</strong></span> 
     </span>
    </p>
   </div>
   <div class='ocr_carea' id='block_1_57' title="bbox 815 3879 2384 3967">
    <p class='ocr_par' dir='ltr' id='par_1_57' title="bbox 815 3879 2384 3967">
     <span class='ocr_line' id='line_1_57' title="bbox 815 3879 2384 3967; baseline -0.004 -18"><span class='ocrx_word' id='word_1_378' title='bbox 815 3899 970 3952; x_wconf 82' lang='lat' dir='ltr'><strong>deret</strong></span> <span class='ocrx_word' id='word_1_379' title='bbox 1000 3908 1060 3952; x_wconf 91' lang='lat' dir='ltr'><strong>ut</strong></span> <span class='ocrx_word' id='word_1_380' title='bbox 1106 3898 1492 3967; x_wconf 81' lang='lat' dir='ltr'><strong>imperatorem</strong></span> <span class='ocrx_word' id='word_1_381' title='bbox 1523 3879 1866 3950; x_wconf 81' lang='lat' dir='ltr'><strong>conveniret.</strong></span> <span class='ocrx_word' id='word_1_382' title='bbox 1919 3894 2083 3963; x_wconf 76' lang='lat'><strong>236</strong></span> <span class='ocrx_word' id='word_1_383' title='bbox 2125 3891 2227 3957; x_wconf 89' lang='lat' dir='ltr'><strong>Qui</strong></span> <span class='ocrx_word' id='word_1_384' title='bbox 2261 3905 2384 3944; x_wconf 91' lang='lat' dir='ltr'><strong>cum</strong></span> 
     </span>
    </p>
   </div>
   <div class='ocr_carea' id='block_1_58' title="bbox 815 3986 2388 4057">
    <p class='ocr_par' dir='ltr' id='par_1_58' title="bbox 815 3986 2388 4057">
     <span class='ocr_line' id='line_1_58' title="bbox 815 3986 2388 4057; baseline -0.004 -17"><span class='ocrx_word' id='word_1_385' title='bbox 815 3991 1076 4053; x_wconf 85' lang='lat' dir='ltr'><strong>venisset,</strong></span> <span class='ocrx_word' id='word_1_386' title='bbox 1135 3988 1204 4042; x_wconf 88' lang='lat' dir='ltr'><strong>ab</strong></span> <span class='ocrx_word' id='word_1_387' title='bbox 1272 3987 1608 4057; x_wconf 88' lang='lat' dir='ltr'><strong>imperatore</strong></span> <span class='ocrx_word' id='word_1_388' title='bbox 1667 3986 1902 4054; x_wconf 80' lang='lat' dir='ltr'><strong>benigne</strong></span> <span class='ocrx_word' id='word_1_389' title='bbox 1951 3992 2264 4053; x_wconf 86' lang='lat' dir='ltr'><strong>susceptus,</strong></span> <span class='ocrx_word' id='word_1_390' title='bbox 2323 3996 2388 4034; x_wconf 93' lang='lat' dir='ltr'><strong>ac</strong></span> 
     </span>
    </p>
   </div>
   <div class='ocr_carea' id='block_1_59' title="bbox 818 4073 2388 4147">
    <p class='ocr_par' dir='ltr' id='par_1_59' title="bbox 818 4073 2388 4147">
     <span class='ocr_line' id='line_1_59' title="bbox 818 4073 2388 4147; baseline -0.004 -15"><span class='ocrx_word' id='word_1_391' title='bbox 818 4080 1140 4134; x_wconf 87' lang='lat' dir='ltr'><strong>muneribus</strong></span> <span class='ocrx_word' id='word_1_392' title='bbox 1182 4088 1237 4134; x_wconf 91' lang='lat' dir='ltr'><strong>et</strong></span> <span class='ocrx_word' id='word_1_393' title='bbox 1283 4078 1551 4147; x_wconf 83' lang='lat' dir='ltr'><strong>dignitate</strong></span> <span class='ocrx_word' id='word_1_394' title='bbox 1606 4087 1824 4138; x_wconf 88' lang='lat' dir='ltr'><strong>auctus,</strong></span> <span class='ocrx_word' id='word_1_395' title='bbox 1871 4075 1925 4128; x_wconf 91' lang='lat' dir='ltr'><strong>in</strong></span> <span class='ocrx_word' id='word_1_396' title='bbox 1992 4075 2130 4128; x_wconf 89' lang='lat' dir='ltr'><strong>urbe</strong></span> <span class='ocrx_word' id='word_1_397' title='bbox 2188 4073 2388 4142; x_wconf 80' lang='lat' dir='ltr'><strong>degere</strong></span> 
     </span>
    </p>
   </div>
   <div class='ocr_carea' id='block_1_60' title="bbox 812 4160 2386 4234">
    <p class='ocr_par' dir='ltr' id='par_1_60' title="bbox 812 4160 2386 4234">
     <span class='ocr_line' id='line_1_60' title="bbox 812 4160 2386 4234; baseline -0.003 -16"><span class='ocrx_word' id='word_1_398' title='bbox 812 4167 1001 4234; x_wconf 87' lang='lat' dir='ltr'><strong>jussus</strong></span> <span class='ocrx_word' id='word_1_399' title='bbox 1044 4175 1151 4220; x_wconf 89' lang='lat' dir='ltr'><strong>est.</strong></span> <span class='ocrx_word' id='word_1_400' title='bbox 1202 4165 1418 4220; x_wconf 85' lang='lat' dir='ltr'><strong>Nieetas</strong></span> <span class='ocrx_word' id='word_1_401' title='bbox 1461 4179 1595 4218; x_wconf 90' lang='lat' dir='ltr'><strong>vero</strong></span> <span class='ocrx_word' id='word_1_402' title='bbox 1639 4162 1983 4232; x_wconf 85' lang='lat' dir='ltr'><strong>imperatoris</strong></span> <span class='ocrx_word' id='word_1_403' title='bbox 2035 4162 2223 4221; x_wconf 89' lang='lat' dir='ltr'><strong>frater,</strong></span> <span class='ocrx_word' id='word_1_404' title='bbox 2277 4160 2386 4214; x_wconf 80' lang='lat' dir='ltr'><strong>dux</strong></span> 
     </span>
    </p>
   </div>
   <div class='ocr_carea' id='block_1_61' title="bbox 818 4252 2386 4326">
    <p class='ocr_par' dir='ltr' id='par_1_61' title="bbox 818 4252 2386 4326">
     <span class='ocr_line' id='line_1_61' title="bbox 818 4252 2386 4326; baseline -0.003 -16"><span class='ocrx_word' id='word_1_405' title='bbox 818 4257 1090 4326; x_wconf 73' lang='lat' dir='ltr'><strong>Daphneze</strong></span> <span class='ocrx_word' id='word_1_406' title='bbox 1121 4257 1426 4311; x_wconf 76' lang='lat' dir='ltr'><strong>Antiochia:</strong></span> <span class='ocrx_word' id='word_1_407' title='bbox 1480 4256 1815 4325; x_wconf 87' lang='lat' dir='ltr'><strong>designatus,</strong></span> <span class='ocrx_word' id='word_1_408' title='bbox 1861 4270 1969 4308; x_wconf 92' lang='lat' dir='ltr'><strong>non</strong></span> <span class='ocrx_word' id='word_1_409' title='bbox 1996 4261 2081 4307; x_wconf 87' lang='lat' dir='ltr'><strong>est</strong></span> <span class='ocrx_word' id='word_1_410' title='bbox 2113 4254 2165 4306; x_wconf 92' lang='lat' dir='ltr'><strong>in</strong></span> <span class='ocrx_word' id='word_1_411' title='bbox 2198 4252 2386 4306; x_wconf 91' lang='lat' dir='ltr'><strong>urbem</strong></span> 
     </span>
    </p>
   </div>
   <div class='ocr_carea' id='block_1_62' title="bbox 817 4347 2391 4418">
    <p class='ocr_par' dir='ltr' id='par_1_62' title="bbox 817 4347 2391 4418">
     <span class='ocr_line' id='line_1_62' title="bbox 817 4347 2391 4418; baseline -0.002 -15"><span class='ocrx_word' id='word_1_412' title='bbox 817 4350 884 4405; x_wconf 90' lang='lat' dir='ltr'><strong>ab</strong></span> <span class='ocrx_word' id='word_1_413' title='bbox 911 4350 1270 4404; x_wconf 80' lang='lat' dir='ltr'><strong>Antiochenis</strong></span> <span class='ocrx_word' id='word_1_414' title='bbox 1303 4349 1594 4403; x_wconf 85' lang='lat' dir='ltr'><strong>admissus.</strong></span> <span class='ocrx_word' id='word_1_415' title='bbox 1642 4347 1775 4400; x_wconf 88' lang='lat' dir='ltr'><strong>Nam</strong></span> <span class='ocrx_word' id='word_1_416' title='bbox 1830 4347 2172 4418; x_wconf 73' lang='lat' dir='ltr'><strong>publicorum</strong></span> <span class='ocrx_word' id='word_1_417' title='bbox 2221 4347 2391 4400; x_wconf 60' lang='lat' dir='ltr'><strong>vecti.</strong></span> 
     </span>
    </p>
   </div>
   <div class='ocr_carea' id='block_1_63' title="bbox 817 4438 2386 4509">
    <p class='ocr_par' dir='ltr' id='par_1_63' title="bbox 817 4438 2386 4509">
     <span class='ocr_line' id='line_1_63' title="bbox 817 4438 2386 4509; baseline -0.004 -13"><span class='ocrx_word' id='word_1_418' title='bbox 817 4442 1018 4509; x_wconf 73' lang='lat' dir='ltr'><strong>galium</strong></span> <span class='ocrx_word' id='word_1_419' title='bbox 1053 4450 1332 4505; x_wconf 82' lang='lat' dir='ltr'><strong>exactore,</strong></span> <span class='ocrx_word' id='word_1_420' title='bbox 1363 4456 1391 4494; x_wconf 92' lang='lat' dir='ltr'><strong>a</strong></span> <span class='ocrx_word' id='word_1_421' title='bbox 1423 4456 1533 4509; x_wconf 88' lang='lat' dir='ltr'><strong>quo</strong></span> <span class='ocrx_word' id='word_1_422' title='bbox 1579 4455 1636 4494; x_wconf 87' lang='lat' dir='ltr'><strong>se</strong></span> <span class='ocrx_word' id='word_1_423' title='bbox 1689 4438 1887 4492; x_wconf 90' lang='lat' dir='ltr'><strong>durius</strong></span> <span class='ocrx_word' id='word_1_424' title='bbox 1923 4447 2186 4491; x_wconf 89' lang='lat' dir='ltr'><strong>tractatos</strong></span> <span class='ocrx_word' id='word_1_425' title='bbox 2228 4447 2386 4504; x_wconf 88' lang='lat' dir='ltr'><strong>puta-</strong></span> 
     </span>
    </p>
   </div>
   <div class='ocr_carea' id='block_1_64' title="bbox 2483 1979 4066 2051">
    <p class='ocr_par' dir='ltr' id='par_1_64' title="bbox 2483 1979 4066 2051">
     <span class='ocr_line' id='line_1_64' title="bbox 2483 1979 4066 2051; baseline 0.001 -20"><span class='ocrx_word' id='word_1_426' title='bbox 2483 1979 2887 2048; x_wconf 76' lang='grc' dir='ltr'>ραποντας,καὶ</span> <span class='ocrx_word' id='word_1_427' title='bbox 2915 1979 3014 2040; x_wconf 76' lang='grc' dir='ltr'>τὰς</span> <span class='ocrx_word' id='word_1_428' title='bbox 3044 1979 3181 2048; x_wconf 80' lang='grc' dir='ltr'>αὐτῇ</span> <span class='ocrx_word' id='word_1_429' title='bbox 3220 1979 3472 2050; x_wconf 80' lang='grc' dir='ltr'>συνήθεις</span> <span class='ocrx_word' id='word_1_430' title='bbox 3495 1981 3833 2051; x_wconf 86' lang='grc' dir='ltr'>θεραπαίνας</span> <span class='ocrx_word' id='word_1_431' title='bbox 3885 1982 4066 2050; x_wconf 74' lang='grc' dir='ltr'>αὐτῆς</span> 
     </span>
    </p>
   </div>
   <div class='ocr_carea' id='block_1_65' title="bbox 2478 2069 4066 2142">
    <p class='ocr_par' dir='ltr' id='par_1_65' title="bbox 2478 2069 4066 2142">
     <span class='ocr_line' id='line_1_65' title="bbox 2478 2069 4066 2142; baseline -0.001 -18"><span class='ocrx_word' id='word_1_432' title='bbox 2478 2071 2698 2139; x_wconf 81' lang='grc' dir='ltr'>διαιρεῖ,</span> <span class='ocrx_word' id='word_1_433' title='bbox 2732 2069 2928 2138; x_wconf 81' lang='grc' dir='ltr'>ἐτέρας</span> <span class='ocrx_word' id='word_1_434' title='bbox 2979 2069 3024 2122; x_wconf 80' lang='grc' dir='ltr'>δ’</span> <span class='ocrx_word' id='word_1_435' title='bbox 3061 2070 3199 2142; x_wconf 79' lang='grc' dir='ltr'>αὐτῇ</span> <span class='ocrx_word' id='word_1_436' title='bbox 3237 2071 3372 2141; x_wconf 80' lang='grc' dir='ltr'>πρδς</span> <span class='ocrx_word' id='word_1_437' title='bbox 3425 2071 3724 2137; x_wconf 77' lang='grc' dir='ltr'>θεραπείαν</span> <span class='ocrx_word' id='word_1_438' title='bbox 3773 2071 4066 2125; x_wconf 85' lang='grc' dir='ltr'>ἀντικαθί-</span> 
     </span>
    </p>
   </div>
   <div class='ocr_carea' id='block_1_66' title="bbox 2481 2161 4067 2233">
    <p class='ocr_par' dir='ltr' id='par_1_66' title="bbox 2481 2161 4067 2233">
     <span class='ocr_line' id='line_1_66' title="bbox 2481 2161 4067 2233; baseline 0.001 -19"><span class='ocrx_word' id='word_1_439' title='bbox 2481 2178 2656 2231; x_wconf 78' lang='grc' dir='ltr'>στησι.</span> <span class='ocrx_word' id='word_1_440' title='bbox 2685 2162 2790 2213; x_wconf 68' lang='grc' dir='ltr'><strong>Καὶ</strong></span> <span class='ocrx_word' id='word_1_441' title='bbox 2820 2162 2912 2214; x_wconf 77' lang='grc' dir='ltr'>ἐπὶ</span> <span class='ocrx_word' id='word_1_442' title='bbox 2938 2161 3144 2223; x_wconf 76' lang='grc' dir='ltr'>τούτοις</span> <span class='ocrx_word' id='word_1_443' title='bbox 3174 2163 3272 2227; x_wconf 75' lang='grc' dir='ltr'>τὴν</span> <span class='ocrx_word' id='word_1_444' title='bbox 3301 2165 3682 2230; x_wconf 76' lang='grc' dir='ltr'>γυναικωνῖτιν</span> <span class='ocrx_word' id='word_1_445' title='bbox 3727 2165 3864 2233; x_wconf 74' lang='grc' dir='ltr'>αὐτῇ</span> <span class='ocrx_word' id='word_1_446' title='bbox 3919 2167 4067 2216; x_wconf 74' lang='lat' dir='ltr'><strong>dmo-</strong></span> 
     </span>
    </p>
   </div>
   <div class='ocr_carea' id='block_1_67' title="bbox 2481 2252 4067 2324">
    <p class='ocr_par' dir='ltr' id='par_1_67' title="bbox 2481 2252 4067 2324">
     <span class='ocr_line' id='line_1_67' title="bbox 2481 2252 4067 2324; baseline -0.001 -16"><span class='ocrx_word' id='word_1_447' title='bbox 2481 2256 2772 2323; x_wconf 82' lang='grc' dir='ltr'>φράγνυσι,</span> <span class='ocrx_word' id='word_1_448' title='bbox 2801 2252 2898 2305; x_wconf 82' lang='grc' dir='ltr'>καὶ</span> <span class='ocrx_word' id='word_1_449' title='bbox 2939 2253 3181 2324; x_wconf 78' lang='grc' dir='ltr'>φρουρὰν</span> <span class='ocrx_word' id='word_1_450' title='bbox 3209 2254 3542 2324; x_wconf 87' lang='grc' dir='ltr'>περιίστησι,</span> <span class='ocrx_word' id='word_1_451' title='bbox 3573 2255 3667 2306; x_wconf 79' lang='grc' dir='ltr'>καὶ</span> <span class='ocrx_word' id='word_1_452' title='bbox 3690 2255 3865 2308; x_wconf 74' lang='grc' dir='ltr'>οὐδενὶ</span> <span class='ocrx_word' id='word_1_453' title='bbox 3885 2271 4067 2323; x_wconf 84' lang='grc' dir='ltr'>προσ-</span> 
     </span>
    </p>
   </div>
   <div class='ocr_carea' id='block_1_68' title="bbox 2485 2345 4068 2417">
    <p class='ocr_par' dir='ltr' id='par_1_68' title="bbox 2485 2345 4068 2417">
     <span class='ocr_line' id='line_1_68' title="bbox 2485 2345 4068 2417; baseline -0.001 -17"><span class='ocrx_word' id='word_1_454' title='bbox 2485 2347 2622 2400; x_wconf 80' lang='grc' dir='ltr'>ιέναι</span> <span class='ocrx_word' id='word_1_455' title='bbox 2689 2346 2863 2417; x_wconf 83' lang='grc' dir='ltr'>ταύτῃ</span> <span class='ocrx_word' id='word_1_456' title='bbox 2896 2345 3352 2416; x_wconf 82' lang='grc' dir='ltr'>παρακεχώρητο,</span> <span class='ocrx_word' id='word_1_457' title='bbox 3386 2346 3434 2397; x_wconf 88' lang='grc' dir='ltr'><strong>εἰ</strong></span> <span class='ocrx_word' id='word_1_458' title='bbox 3469 2346 3544 2417; x_wconf 75' lang='grc' dir='ltr'>μὴ</span> <span class='ocrx_word' id='word_1_459' title='bbox 3577 2346 3669 2399; x_wconf 82' lang='grc' dir='ltr'>τὸν</span> <span class='ocrx_word' id='word_1_460' title='bbox 3703 2347 4000 2415; x_wconf 78' lang='grc' dir='ltr'>προσιόντα</span> <span class='ocrx_word' id='word_1_461' title='bbox 4037 2347 4068 2398; x_wconf 88' lang='lat'><strong>6</strong></span> 
     </span>
    </p>
   </div>
   <div class='ocr_carea' id='block_1_69' title="bbox 2483 2436 4067 2508">
    <p class='ocr_par' dir='ltr' id='par_1_69' title="bbox 2483 2436 4067 2508">
     <span class='ocr_line' id='line_1_69' title="bbox 2483 2436 4067 2508; baseline -0.001 -18"><span class='ocrx_word' id='word_1_462' title='bbox 2483 2437 2822 2508; x_wconf 81' lang='grc' dir='ltr'>φρούραρχος</span> <span class='ocrx_word' id='word_1_463' title='bbox 2856 2436 3243 2506; x_wconf 81' lang='grc' dir='ltr'>κατεξὴτασεν,</span> <span class='ocrx_word' id='word_1_464' title='bbox 3276 2437 3398 2490; x_wconf 74' lang='grc' dir='ltr'>ὅθεν</span> <span class='ocrx_word' id='word_1_465' title='bbox 3428 2439 3575 2508; x_wconf 77' lang='grc' dir='ltr'>ἥκοι,</span> <span class='ocrx_word' id='word_1_466' title='bbox 3611 2440 3703 2490; x_wconf 74' lang='grc' dir='ltr'>καὶ</span> <span class='ocrx_word' id='word_1_467' title='bbox 3750 2438 3896 2499; x_wconf 87' lang='grc' dir='ltr'>τίνος</span> <span class='ocrx_word' id='word_1_468' title='bbox 3941 2438 4067 2490; x_wconf 77' lang='grc' dir='ltr'>δεό-</span> 
     </span>
    </p>
   </div>
   <div class='ocr_carea' id='block_1_70' title="bbox 2489 2527 4066 2599">
    <p class='ocr_par' dir='ltr' id='par_1_70' title="bbox 2489 2527 4066 2599">
     <span class='ocr_line' id='line_1_70' title="bbox 2489 2527 4066 2599; baseline -0.001 -18"><span class='ocrx_word' id='word_1_469' title='bbox 2489 2546 2646 2598; x_wconf 90' lang='grc' dir='ltr'>μενος</span> <span class='ocrx_word' id='word_1_470' title='bbox 2687 2528 3074 2599; x_wconf 80' lang='grc' dir='ltr'>παραγένοιτο.</span> <span class='ocrx_word' id='word_1_471' title='bbox 3121 2528 3336 2580; x_wconf 84' lang='grc' dir='ltr'>Ἐδεδίει</span> <span class='ocrx_word' id='word_1_472' title='bbox 3397 2530 3506 2599; x_wconf 78' lang='grc' dir='ltr'><strong>γὰρ</strong></span> <span class='ocrx_word' id='word_1_473' title='bbox 3540 2529 3750 2582; x_wconf 74' lang='grc' dir='ltr'>οἴκοθεν</span> <span class='ocrx_word' id='word_1_474' title='bbox 3790 2529 3930 2598; x_wconf 76' lang='grc' dir='ltr'>ἔχων</span> <span class='ocrx_word' id='word_1_475' title='bbox 3965 2527 4066 2580; x_wconf 82' lang='grc' dir='ltr'>τοῦ</span> 
     </span>
    </p>
   </div>
   <div class='ocr_carea' id='block_1_71' title="bbox 2483 2619 4068 2690">
    <p class='ocr_par' dir='ltr' id='par_1_71' title="bbox 2483 2619 4068 2690">
     <span class='ocr_line' id='line_1_71' title="bbox 2483 2619 4068 2690; baseline -0.003 -15"><span class='ocrx_word' id='word_1_476' title='bbox 2483 2623 2636 2685; x_wconf 79' lang='grc' dir='ltr'>δέους</span> <span class='ocrx_word' id='word_1_477' title='bbox 2660 2620 2759 2683; x_wconf 78' lang='grc' dir='ltr'><strong>τὰς</strong></span> <span class='ocrx_word' id='word_1_478' title='bbox 2790 2619 3066 2690; x_wconf 81' lang='grc' dir='ltr'>ἀφορμάς.</span> <span class='ocrx_word' id='word_1_479' title='bbox 3100 2622 3193 2683; x_wconf 87' lang='grc' dir='ltr'><strong>Εἰς</strong></span> <span class='ocrx_word' id='word_1_480' title='bbox 3223 2620 3396 2674; x_wconf 77' lang='grc' dir='ltr'>ταῦτα</span> <span class='ocrx_word' id='word_1_481' title='bbox 3426 2621 3472 2672; x_wconf 79' lang='grc' dir='ltr'>δ’</span> <span class='ocrx_word' id='word_1_482' title='bbox 3503 2621 3793 2688; x_wconf 81' lang='grc' dir='ltr'>ἐνάγεσθαι</span> <span class='ocrx_word' id='word_1_483' title='bbox 3827 2621 3992 2671; x_wconf 80' lang='grc' dir='ltr'>πλέον</span> <span class='ocrx_word' id='word_1_484' title='bbox 4038 2621 4068 2671; x_wconf 91' lang='lat'><strong>6</strong></span> 
     </span>
    </p>
   </div>
   <div class='ocr_carea' id='block_1_72' title="bbox 2485 2712 4067 2785">
    <p class='ocr_par' dir='ltr' id='par_1_72' title="bbox 2485 2712 4067 2785">
     <span class='ocr_line' id='line_1_72' title="bbox 2485 2712 4067 2785; baseline -0.004 -16"><span class='ocrx_word' id='word_1_485' title='bbox 2485 2714 2706 2785; x_wconf 81' lang='grc' dir='ltr'>Μιχαὴλ</span> <span class='ocrx_word' id='word_1_486' title='bbox 2732 2713 2952 2780; x_wconf 84' lang='grc' dir='ltr'>λέγεται</span> <span class='ocrx_word' id='word_1_487' title='bbox 2981 2713 3130 2783; x_wconf 85' lang='grc' dir='ltr'>παρὰ</span> <span class='ocrx_word' id='word_1_488' title='bbox 3159 2712 3252 2765; x_wconf 82' lang='grc' dir='ltr'><strong>τοῦ</strong></span> <span class='ocrx_word' id='word_1_489' title='bbox 3284 2713 3548 2781; x_wconf 85' lang='grc' dir='ltr'>συγγόνου</span> <span class='ocrx_word' id='word_1_490' title='bbox 3603 2712 3769 2765; x_wconf 79' lang='grc' dir='ltr'>αὑτοῦ</span> <span class='ocrx_word' id='word_1_491' title='bbox 3811 2714 4067 2766; x_wconf 72' lang='grc' dir='ltr'>Ἰωάννου</span> 
     </span>
    </p>
   </div>
   <div class='ocr_carea' id='block_1_73' title="bbox 2483 2799 4069 2874">
    <p class='ocr_par' dir='ltr' id='par_1_73' title="bbox 2483 2799 4069 2874">
     <span class='ocr_line' id='line_1_73' title="bbox 2483 2799 4069 2874; baseline -0.003 -14"><span class='ocrx_word' id='word_1_492' title='bbox 2483 2806 2579 2860; x_wconf 80' lang='grc' dir='ltr'><strong>τοῦ</strong></span> <span class='ocrx_word' id='word_1_493' title='bbox 2612 2805 2890 2874; x_wconf 80' lang='grc' dir='ltr'>ἐκτομίου.</span> <span class='ocrx_word' id='word_1_494' title='bbox 2925 2799 3031 2856; x_wconf 92' lang='grc' dir='ltr'><strong>ἾΙν</strong></span> <span class='ocrx_word' id='word_1_495' title='bbox 3069 2804 3176 2874; x_wconf 74' lang='grc' dir='ltr'><strong>γὰρ</strong></span> <span class='ocrx_word' id='word_1_496' title='bbox 3201 2805 3370 2866; x_wconf 61' lang='grc' dir='ltr'>δεινὸς</span> <span class='ocrx_word' id='word_1_497' title='bbox 3399 2807 3427 2857; x_wconf 97' lang='lat'><strong>6</strong></span> <span class='ocrx_word' id='word_1_498' title='bbox 3456 2806 3742 2874; x_wconf 73' lang='grc' dir='ltr'>ἄνθρωπος</span> <span class='ocrx_word' id='word_1_499' title='bbox 3793 2807 3885 2856; x_wconf 77' lang='grc' dir='ltr'>καὶ</span> <span class='ocrx_word' id='word_1_500' title='bbox 3932 2805 4069 2873; x_wconf 82' lang='grc' dir='ltr'>δραο</span> 
     </span>
    </p>
   </div>
   <div class='ocr_carea' id='block_1_74' title="bbox 2487 2890 4065 2966">
    <p class='ocr_par' dir='ltr' id='par_1_74' title="bbox 2487 2890 4065 2966">
     <span class='ocr_line' id='line_1_74' title="bbox 2487 2890 4065 2966; baseline -0.002 -18"><span class='ocrx_word' id='word_1_501' title='bbox 2487 2897 2728 2966; x_wconf 72' lang='grc' dir='ltr'>σεὴριος,</span> <span class='ocrx_word' id='word_1_502' title='bbox 2765 2895 2857 2946; x_wconf 66' lang='grc' dir='ltr'><strong>καὶ</strong></span> <span class='ocrx_word' id='word_1_503' title='bbox 2884 2895 2946 2947; x_wconf 83' lang='grc' dir='ltr'><strong>τδ</strong></span> <span class='ocrx_word' id='word_1_504' title='bbox 2978 2890 3107 2963; x_wconf 84' lang='grc' dir='ltr'>ἦθος</span> <span class='ocrx_word' id='word_1_505' title='bbox 3137 2895 3574 2964; x_wconf 76' lang='grc' dir='ltr'>ὑποκαθήμενος.</span> <span class='ocrx_word' id='word_1_506' title='bbox 3609 2900 3704 2948; x_wconf 76' lang='grc' dir='ltr'>καὶ</span> <span class='ocrx_word' id='word_1_507' title='bbox 3747 2895 3880 2964; x_wconf 77' lang='grc' dir='ltr'>προς</span> <span class='ocrx_word' id='word_1_508' title='bbox 3929 2896 4065 2956; x_wconf 78' lang='grc' dir='ltr'>τοὺς</span> 
     </span>
    </p>
   </div>
   <div class='ocr_carea' id='block_1_75' title="bbox 2485 2985 4069 3058">
    <p class='ocr_par' dir='ltr' id='par_1_75' title="bbox 2485 2985 4069 3058">
     <span class='ocr_line' id='line_1_75' title="bbox 2485 2985 4069 3058; baseline -0.003 -17"><span class='ocrx_word' id='word_1_509' title='bbox 2485 2988 2912 3056; x_wconf 81' lang='grc' dir='ltr'>ἐντυγχάνοντας</span> <span class='ocrx_word' id='word_1_510' title='bbox 2962 2985 3396 3054; x_wconf 83' lang='grc' dir='ltr'>ποικιλλόμενος,</span> <span class='ocrx_word' id='word_1_511' title='bbox 3446 2989 3826 3058; x_wconf 70' lang='grc' dir='ltr'>περισπερχὴς</span> <span class='ocrx_word' id='word_1_512' title='bbox 3857 3003 3916 3038; x_wconf 90' lang='grc' dir='ltr'><strong>τε</strong></span> <span class='ocrx_word' id='word_1_513' title='bbox 3969 2988 4069 3038; x_wconf 74' lang='grc' dir='ltr'>καὶ</span> 
     </span>
    </p>
   </div>
   <div class='ocr_carea' id='block_1_76' title="bbox 2488 3076 4065 3146">
    <p class='ocr_par' dir='ltr' id='par_1_76' title="bbox 2488 3076 4065 3146">
     <span class='ocr_line' id='line_1_76' title="bbox 2488 3076 4065 3146; baseline -0.003 -16"><span class='ocrx_word' id='word_1_514' title='bbox 2488 3078 2622 3146; x_wconf 73' lang='grc' dir='ltr'>πρὸς</span> <span class='ocrx_word' id='word_1_515' title='bbox 2671 3076 2966 3144; x_wconf 79' lang='grc' dir='ltr'>φροντίδων</span> <span class='ocrx_word' id='word_1_516' title='bbox 3014 3076 3176 3142; x_wconf 74' lang='grc' dir='ltr'>ὄγκον</span> <span class='ocrx_word' id='word_1_517' title='bbox 3204 3077 3507 3145; x_wconf 79' lang='grc' dir='ltr'>ἀκάματος,</span> <span class='ocrx_word' id='word_1_518' title='bbox 3541 3078 3635 3128; x_wconf 78' lang='grc' dir='ltr'>καὶ</span> <span class='ocrx_word' id='word_1_519' title='bbox 3673 3077 3790 3129; x_wconf 80' lang='grc' dir='ltr'>οὐδὲ</span> <span class='ocrx_word' id='word_1_520' title='bbox 3829 3093 4065 3144; x_wconf 78' lang='grc' dir='ltr'>γαστρι.</span> 
     </span>
    </p>
   </div>
   <div class='ocr_carea' id='block_1_77' title="bbox 2487 3167 4071 3238">
    <p class='ocr_par' dir='ltr' id='par_1_77' title="bbox 2487 3167 4071 3238">
     <span class='ocr_line' id='line_1_77' title="bbox 2487 3167 4071 3238; baseline -0.003 -16"><span class='ocrx_word' id='word_1_521' title='bbox 2487 3169 2736 3238; x_wconf 79' lang='grc' dir='ltr'>ςόμενος,</span> <span class='ocrx_word' id='word_1_522' title='bbox 2765 3167 2886 3221; x_wconf 81' lang='grc' dir='ltr'>οὐδὲ</span> <span class='ocrx_word' id='word_1_523' title='bbox 2919 3167 3044 3236; x_wconf 73' lang='grc' dir='ltr'>περὶ</span> <span class='ocrx_word' id='word_1_524' title='bbox 3070 3167 3162 3220; x_wconf 78' lang='grc' dir='ltr'>τὸν</span> <span class='ocrx_word' id='word_1_525' title='bbox 3192 3169 3428 3238; x_wconf 83' lang='grc' dir='ltr'>ἄκρατον</span> <span class='ocrx_word' id='word_1_526' title='bbox 3460 3168 3844 3238; x_wconf 84' lang='grc' dir='ltr'>λιχνευόμενος</span> <span class='ocrx_word' id='word_1_527' title='bbox 3871 3207 3884 3228; x_wconf 92' lang='grc'><strong>,</strong></span> <span class='ocrx_word' id='word_1_528' title='bbox 3945 3167 4071 3218; x_wconf 72' lang='grc' dir='ltr'>οὐδὲ</span> 
     </span>
    </p>
   </div>
   <div class='ocr_carea' id='block_1_78' title="bbox 2488 3257 4066 3329">
    <p class='ocr_par' dir='ltr' id='par_1_78' title="bbox 2488 3257 4066 3329">
     <span class='ocr_line' id='line_1_78' title="bbox 2488 3257 4066 3329; baseline -0.001 -18"><span class='ocrx_word' id='word_1_529' title='bbox 2488 3259 2796 3329; x_wconf 76' lang='grc' dir='ltr'>ἡττώμενος</span> <span class='ocrx_word' id='word_1_530' title='bbox 2827 3257 2996 3321; x_wconf 81' lang='grc' dir='ltr'>οἴνου,</span> <span class='ocrx_word' id='word_1_531' title='bbox 3027 3258 3125 3326; x_wconf 82' lang='grc' dir='ltr'>τῆς</span> <span class='ocrx_word' id='word_1_532' title='bbox 3159 3259 3288 3328; x_wconf 70' lang='grc' dir='ltr'>περὶ</span> <span class='ocrx_word' id='word_1_533' title='bbox 3319 3260 3415 3320; x_wconf 73' lang='grc' dir='ltr'><strong>τας</strong></span> <span class='ocrx_word' id='word_1_534' title='bbox 3443 3259 3709 3328; x_wconf 77' lang='grc' dir='ltr'>δημοσίας</span> <span class='ocrx_word' id='word_1_535' title='bbox 3761 3259 4066 3327; x_wconf 77' lang='grc' dir='ltr'>διοικήσεις</span> 
     </span>
    </p>
   </div>
   <div class='ocr_carea' id='block_1_79' title="bbox 2487 3345 4069 3418">
    <p class='ocr_par' dir='ltr' id='par_1_79' title="bbox 2487 3345 4069 3418">
     <span class='ocr_line' id='line_1_79' title="bbox 2487 3345 4069 3418; baseline -0.001 -16"><span class='ocrx_word' id='word_1_536' title='bbox 2487 3349 2740 3417; x_wconf 85' lang='grc' dir='ltr'>καθυφίει</span> <span class='ocrx_word' id='word_1_537' title='bbox 2769 3347 3027 3416; x_wconf 80' lang='grc' dir='ltr'>σπουδῆς.</span> <span class='ocrx_word' id='word_1_538' title='bbox 3059 3348 3142 3400; x_wconf 74' lang='grc' dir='ltr'>Τὰ</span> <span class='ocrx_word' id='word_1_539' title='bbox 3175 3349 3274 3417; x_wconf 83' lang='grc' dir='ltr'>μὲν</span> <span class='ocrx_word' id='word_1_540' title='bbox 3300 3345 3395 3401; x_wconf 76' lang='grc' dir='ltr'>οὖν</span> <span class='ocrx_word' id='word_1_541' title='bbox 3425 3352 3553 3418; x_wconf 73' lang='grc' dir='ltr'>περὶ</span> <span class='ocrx_word' id='word_1_542' title='bbox 3606 3350 3704 3418; x_wconf 82' lang='grc' dir='ltr'>τὴν</span> <span class='ocrx_word' id='word_1_543' title='bbox 3744 3348 4069 3418; x_wconf 69' lang='grc' dir='ltr'>βασίλισσαν</span> 
     </span>
    </p>
   </div>
   <div class='ocr_carea' id='block_1_80' title="bbox 2485 3439 4071 3511">
    <p class='ocr_par' dir='ltr' id='par_1_80' title="bbox 2485 3439 4071 3511">
     <span class='ocr_line' id='line_1_80' title="bbox 2485 3439 4071 3511; baseline -0.002 -18"><span class='ocrx_word' id='word_1_544' title='bbox 2485 3440 2800 3509; x_wconf 76' lang='grc' dir='ltr'>ιξικονόμητο</span> <span class='ocrx_word' id='word_1_545' title='bbox 2850 3439 3054 3492; x_wconf 74' lang='grc' dir='ltr'>οὑτωσί</span> <span class='ocrx_word' id='word_1_546' title='bbox 3081 3455 3094 3469; x_wconf 88' lang='grc'><strong>·</strong></span> <span class='ocrx_word' id='word_1_547' title='bbox 3137 3439 3166 3492; x_wconf 93' lang='lat'><strong>6</strong></span> <span class='ocrx_word' id='word_1_548' title='bbox 3215 3441 3272 3494; x_wconf 84' lang='grc' dir='ltr'>δὲ</span> <span class='ocrx_word' id='word_1_549' title='bbox 3303 3441 3530 3511; x_wconf 71' lang='grc' dir='ltr'>Μιχαὴλ</span> <span class='ocrx_word' id='word_1_550' title='bbox 3569 3441 3666 3509; x_wconf 74' lang='grc' dir='ltr'>τῆς</span> <span class='ocrx_word' id='word_1_551' title='bbox 3716 3441 3825 3493; x_wconf 83' lang='grc' dir='ltr'>τῶν</span> <span class='ocrx_word' id='word_1_552' title='bbox 3871 3441 4071 3492; x_wconf 81' lang='grc' dir='ltr'>κοινῶν</span> 
     </span>
    </p>
   </div>
   <div class='ocr_carea' id='block_1_81' title="bbox 2486 3526 4073 3599">
    <p class='ocr_par' dir='ltr' id='par_1_81' title="bbox 2486 3526 4073 3599">
     <span class='ocr_line' id='line_1_81' title="bbox 2486 3526 4073 3599; baseline -0.001 -17"><span class='ocrx_word' id='word_1_553' title='bbox 2486 3531 2828 3599; x_wconf 83' lang='grc' dir='ltr'>πραγμάτων</span> <span class='ocrx_word' id='word_1_554' title='bbox 2859 3529 3172 3598; x_wconf 79' lang='grc' dir='ltr'>οἰκονομίας</span> <span class='ocrx_word' id='word_1_555' title='bbox 3198 3531 3496 3599; x_wconf 75' lang='grc' dir='ltr'>ἀντείχετο·</span> <span class='ocrx_word' id='word_1_556' title='bbox 3523 3526 3644 3582; x_wconf 68' lang='grc' dir='ltr'>εἶτα</span> <span class='ocrx_word' id='word_1_557' title='bbox 3674 3530 3748 3599; x_wconf 84' lang='grc' dir='ltr'>τῷ</span> <span class='ocrx_word' id='word_1_558' title='bbox 3781 3530 3882 3598; x_wconf 80' lang='grc' dir='ltr'>μὲν</span> <span class='ocrx_word' id='word_1_559' title='bbox 3907 3533 4073 3598; x_wconf 69' lang='lat' dir='ltr'><strong>Expa-</strong></span> 
     </span>
    </p>
   </div>
   <div class='ocr_carea' id='block_1_82' title="bbox 2487 3621 4071 3692">
    <p class='ocr_par' dir='ltr' id='par_1_82' title="bbox 2487 3621 4071 3692">
     <span class='ocr_line' id='line_1_82' title="bbox 2487 3621 4071 3692; baseline -0.003 -17"><span class='ocrx_word' id='word_1_560' title='bbox 2487 3622 2708 3675; x_wconf 82' lang='grc' dir='ltr'>ταιοῦτο</span> <span class='ocrx_word' id='word_1_561' title='bbox 2735 3625 2766 3691; x_wconf 78' lang='grc' dir='ltr'><strong>ἡ</strong></span> <span class='ocrx_word' id='word_1_562' title='bbox 2792 3623 2967 3685; x_wconf 85' lang='grc' dir='ltr'>νόσος,</span> <span class='ocrx_word' id='word_1_563' title='bbox 2993 3623 3058 3690; x_wconf 83' lang='grc' dir='ltr'>ῆν</span> <span class='ocrx_word' id='word_1_564' title='bbox 3082 3623 3132 3673; x_wconf 84' lang='lat' dir='ltr'><strong>oi.</strong></span> <span class='ocrx_word' id='word_1_565' title='bbox 3167 3621 3265 3690; x_wconf 85' lang='grc' dir='ltr'>μὲν</span> <span class='ocrx_word' id='word_1_566' title='bbox 3291 3622 3521 3674; x_wconf 74' lang='grc' dir='ltr'>ἐκάλουν</span> <span class='ocrx_word' id='word_1_567' title='bbox 3542 3623 3817 3692; x_wconf 87' lang='grc' dir='ltr'>δαιμόνιον</span> <span class='ocrx_word' id='word_1_568' title='bbox 3853 3622 4071 3690; x_wconf 75' lang='grc' dir='ltr'>μήνιμα</span> 
     </span>
    </p>
   </div>
   <div class='ocr_carea' id='block_1_83' title="bbox 2486 3713 4070 3784">
    <p class='ocr_par' dir='ltr' id='par_1_83' title="bbox 2486 3713 4070 3784">
     <span class='ocr_line' id='line_1_83' title="bbox 2486 3713 4070 3784; baseline -0.004 -18"><span class='ocrx_word' id='word_1_569' title='bbox 2486 3714 2575 3767; x_wconf 76' lang='grc' dir='ltr'><strong>διά</strong></span> <span class='ocrx_word' id='word_1_570' title='bbox 2607 3713 2707 3783; x_wconf 80' lang='grc' dir='ltr'>τὴν</span> <span class='ocrx_word' id='word_1_571' title='bbox 2740 3713 3025 3781; x_wconf 81' lang='grc' dir='ltr'>ἐπιορκίαν</span> <span class='ocrx_word' id='word_1_572' title='bbox 3079 3713 3358 3782; x_wconf 80' lang='grc' dir='ltr'>ἐνσκῆψαν</span> <span class='ocrx_word' id='word_1_573' title='bbox 3407 3714 3576 3784; x_wconf 84' lang='grc' dir='ltr'>αὐτῷ,</span> <span class='ocrx_word' id='word_1_574' title='bbox 3613 3715 3708 3766; x_wconf 78' lang='grc' dir='ltr'>καὶ</span> <span class='ocrx_word' id='word_1_575' title='bbox 3760 3714 4070 3782; x_wconf 83' lang='grc' dir='ltr'>συμπνίγον</span> 
     </span>
    </p>
   </div>
   <div class='ocr_carea' id='block_1_84' title="bbox 2487 3803 4071 3875">
    <p class='ocr_par' dir='ltr' id='par_1_84' title="bbox 2487 3803 4071 3875">
     <span class='ocr_line' id='line_1_84' title="bbox 2487 3803 4071 3875; baseline -0.004 -17"><span class='ocrx_word' id='word_1_576' title='bbox 2487 3807 2579 3858; x_wconf 81' lang='grc' dir='ltr'>τὸν</span> <span class='ocrx_word' id='word_1_577' title='bbox 2607 3805 2913 3875; x_wconf 78' lang='grc' dir='ltr'>ἄνθρωπον,</span> <span class='ocrx_word' id='word_1_578' title='bbox 2945 3805 3021 3866; x_wconf 87' lang='grc' dir='ltr'>ὼς</span> <span class='ocrx_word' id='word_1_579' title='bbox 3057 3803 3223 3858; x_wconf 79' lang='grc' dir='ltr'>πάλαι</span> <span class='ocrx_word' id='word_1_580' title='bbox 3256 3804 3321 3873; x_wconf 77' lang='grc' dir='ltr'>δὴ</span> <span class='ocrx_word' id='word_1_581' title='bbox 3347 3805 3440 3857; x_wconf 60' lang='grc' dir='ltr'>τὸν</span> <span class='ocrx_word' id='word_1_582' title='bbox 3468 3804 3660 3868; x_wconf 66' lang='grc' dir='ltr'>Σαοὺλ,</span> <span class='ocrx_word' id='word_1_583' title='bbox 3699 3805 3746 3856; x_wconf 79' lang='lat' dir='ltr'><strong>oi</strong></span> <span class='ocrx_word' id='word_1_584' title='bbox 3779 3805 3834 3856; x_wconf 74' lang='grc' dir='ltr'>δὲ</span> <span class='ocrx_word' id='word_1_585' title='bbox 3870 3805 4071 3871; x_wconf 86' lang='grc' dir='ltr'>μανίαν</span> 
     </span>
    </p>
   </div>
   <div class='ocr_carea' id='block_1_85' title="bbox 2488 3894 4071 3967">
    <p class='ocr_par' dir='ltr' id='par_1_85' title="bbox 2488 3894 4071 3967">
     <span class='ocr_line' id='line_1_85' title="bbox 2488 3894 4071 3967; baseline -0.004 -17"><span class='ocrx_word' id='word_1_586' title='bbox 2488 3914 2547 3950; x_wconf 84' lang='grc' dir='ltr'><strong>τε</strong></span> <span class='ocrx_word' id='word_1_587' title='bbox 2579 3897 2672 3949; x_wconf 83' lang='grc' dir='ltr'>καὶ</span> <span class='ocrx_word' id='word_1_588' title='bbox 2703 3897 3052 3967; x_wconf 74' lang='grc' dir='ltr'>παραφορὰν·</span> <span class='ocrx_word' id='word_1_589' title='bbox 3087 3897 3114 3947; x_wconf 93' lang='lat'><strong>6</strong></span> <span class='ocrx_word' id='word_1_590' title='bbox 3142 3897 3188 3948; x_wconf 86' lang='grc' dir='ltr'>δ’</span> <span class='ocrx_word' id='word_1_591' title='bbox 3221 3897 3482 3966; x_wconf 80' lang='grc' dir='ltr'>ἐκτομίας</span> <span class='ocrx_word' id='word_1_592' title='bbox 3525 3895 3776 3964; x_wconf 74' lang='grc' dir='ltr'>Ἰωάννης</span> <span class='ocrx_word' id='word_1_593' title='bbox 3810 3895 3910 3962; x_wconf 79' lang='grc' dir='ltr'>τὴν</span> <span class='ocrx_word' id='word_1_594' title='bbox 3940 3894 4071 3962; x_wconf 72' lang='grc' dir='ltr'>ὅλην</span> 
     </span>
    </p>
   </div>
   <div class='ocr_carea' id='block_1_86' title="bbox 2490 3981 4070 4056">
    <p class='ocr_par' dir='ltr' id='par_1_86' title="bbox 2490 3981 4070 4056">
     <span class='ocr_line' id='line_1_86' title="bbox 2490 3981 4070 4056; baseline -0.006 -15"><span class='ocrx_word' id='word_1_595' title='bbox 2490 3986 2776 4049; x_wconf 85' lang='grc' dir='ltr'>ἀνεδέξατο</span> <span class='ocrx_word' id='word_1_596' title='bbox 2833 3985 2934 4054; x_wconf 77' lang='grc' dir='ltr'>τῆς</span> <span class='ocrx_word' id='word_1_597' title='bbox 2989 3985 3265 4056; x_wconf 82' lang='grc' dir='ltr'>βασιλείας</span> <span class='ocrx_word' id='word_1_598' title='bbox 3330 3985 3697 4054; x_wconf 80' lang='grc' dir='ltr'>κυδέρνησιν,</span> <span class='ocrx_word' id='word_1_599' title='bbox 3769 3981 4070 4050; x_wconf 71' lang='grc' dir='ltr'>μοναχικδν</span> 
     </span>
    </p>
   </div>
   <div class='ocr_carea' id='block_1_87' title="bbox 2493 4074 4070 4148">
    <p class='ocr_par' dir='ltr' id='par_1_87' title="bbox 2493 4074 4070 4148">
     <span class='ocr_line' id='line_1_87' title="bbox 2493 4074 4070 4148; baseline -0.004 -18"><span class='ocrx_word' id='word_1_600' title='bbox 2493 4079 2593 4148; x_wconf 76' lang='grc' dir='ltr'>μὲν</span> <span class='ocrx_word' id='word_1_601' title='bbox 2631 4076 2834 4146; x_wconf 74' lang='grc' dir='ltr'>ἔνδυμα</span> <span class='ocrx_word' id='word_1_602' title='bbox 2882 4077 3050 4131; x_wconf 81' lang='grc' dir='ltr'>πάλαι</span> <span class='ocrx_word' id='word_1_603' title='bbox 3096 4077 3540 4147; x_wconf 73' lang='grc' dir='ltr'>ἀμφιασάμενος,</span> <span class='ocrx_word' id='word_1_604' title='bbox 3578 4075 3736 4127; x_wconf 78' lang='grc' dir='ltr'>τοῦτο</span> <span class='ocrx_word' id='word_1_605' title='bbox 3781 4075 3837 4126; x_wconf 82' lang='grc' dir='ltr'>δὲ</span> <span class='ocrx_word' id='word_1_606' title='bbox 3885 4074 4070 4143; x_wconf 71' lang='grc' dir='ltr'>τηριίι</span> 
     </span>
    </p>
   </div>
   <div class='ocr_carea' id='block_1_88' title="bbox 2491 4166 4068 4240">
    <p class='ocr_par' dir='ltr' id='par_1_88' title="bbox 2491 4166 4068 4240">
     <span class='ocr_line' id='line_1_88' title="bbox 2491 4166 4068 4240; baseline -0.004 -19"><span class='ocrx_word' id='word_1_607' title='bbox 2491 4170 2619 4240; x_wconf 81' lang='grc' dir='ltr'>ἄχρι</span> <span class='ocrx_word' id='word_1_608' title='bbox 2655 4169 2818 4238; x_wconf 90' lang='grc' dir='ltr'>μόνου</span> <span class='ocrx_word' id='word_1_609' title='bbox 2853 4167 2948 4220; x_wconf 82' lang='grc' dir='ltr'>τοῦ</span> <span class='ocrx_word' id='word_1_610' title='bbox 2983 4169 3282 4239; x_wconf 82' lang='grc' dir='ltr'>σχήματος.</span> <span class='ocrx_word' id='word_1_611' title='bbox 3314 4169 3724 4228; x_wconf 82' lang='grc' dir='ltr'>Κωνσταντίνος</span> <span class='ocrx_word' id='word_1_612' title='bbox 3755 4166 3810 4217; x_wconf 83' lang='grc' dir='ltr'>δὲ</span> <span class='ocrx_word' id='word_1_613' title='bbox 3869 4166 4068 4231; x_wconf 81' lang='grc' dir='ltr'>πατρί-</span> 
     </span>
    </p>
   </div>
   <div class='ocr_carea' id='block_1_89' title="bbox 2493 4255 4068 4330">
    <p class='ocr_par' dir='ltr' id='par_1_89' title="bbox 2493 4255 4068 4330">
     <span class='ocr_line' id='line_1_89' title="bbox 2493 4255 4068 4330; baseline -0.004 -16"><span class='ocrx_word' id='word_1_614' title='bbox 2493 4278 2608 4322; x_wconf 87' lang='grc' dir='ltr'>κιος</span> <span class='ocrx_word' id='word_1_615' title='bbox 2648 4261 2675 4312; x_wconf 91' lang='lat'><strong>6</strong></span> <span class='ocrx_word' id='word_1_616' title='bbox 2713 4258 3080 4330; x_wconf 78' lang='grc' dir='ltr'>Δαλασσηνὸς,</span> <span class='ocrx_word' id='word_1_617' title='bbox 3121 4259 3259 4311; x_wconf 84' lang='grc' dir='ltr'>οίκοι</span> <span class='ocrx_word' id='word_1_618' title='bbox 3293 4257 3610 4327; x_wconf 71' lang='grc' dir='ltr'>διατρίϐων,</span> <span class='ocrx_word' id='word_1_619' title='bbox 3645 4257 3736 4308; x_wconf 77' lang='grc' dir='ltr'>καὶ</span> <span class='ocrx_word' id='word_1_620' title='bbox 3784 4257 3916 4322; x_wconf 73' lang='grc' dir='ltr'>περὶ</span> <span class='ocrx_word' id='word_1_621' title='bbox 3974 4255 4068 4307; x_wconf 73' lang='grc' dir='ltr'>τοῦ</span> 
     </span>
    </p>
   </div>
   <div class='ocr_carea' id='block_1_90' title="bbox 2494 4343 4069 4421">
    <p class='ocr_par' dir='ltr' id='par_1_90' title="bbox 2494 4343 4069 4421">
     <span class='ocr_line' id='line_1_90' title="bbox 2494 4343 4069 4421; baseline -0.005 -17"><span class='ocrx_word' id='word_1_622' title='bbox 2494 4353 2614 4404; x_wconf 83' lang='grc' dir='ltr'>νέου</span> <span class='ocrx_word' id='word_1_623' title='bbox 2646 4350 2910 4421; x_wconf 84' lang='grc' dir='ltr'>βασιλέως</span> <span class='ocrx_word' id='word_1_624' title='bbox 2947 4351 3270 4419; x_wconf 86' lang='grc' dir='ltr'>πυθόμενος,</span> <span class='ocrx_word' id='word_1_625' title='bbox 3302 4349 3720 4416; x_wconf 84' lang='grc' dir='ltr'>δυσανασχετῶν</span> <span class='ocrx_word' id='word_1_626' title='bbox 3749 4343 3836 4415; x_wconf 72' lang='grc' dir='ltr'>ἦν,</span> <span class='ocrx_word' id='word_1_627' title='bbox 3878 4347 3962 4398; x_wconf 81' lang='grc' dir='ltr'><strong>δτι</strong></span> <span class='ocrx_word' id='word_1_628' title='bbox 3993 4349 4069 4408; x_wconf 89' lang='grc' dir='ltr'><strong>είς</strong></span> 
     </span>
    </p>
   </div>
   <div class='ocr_carea' id='block_1_91' title="bbox 2494 4437 4068 4512">
    <p class='ocr_par' dir='ltr' id='par_1_91' title="bbox 2494 4437 4068 4512">
     <span class='ocr_line' id='line_1_91' title="bbox 2494 4437 4068 4512; baseline -0.003 -17"><span class='ocrx_word' id='word_1_629' title='bbox 2494 4444 2663 4512; x_wconf 81' lang='grc' dir='ltr'>ἄνδρα</span> <span class='ocrx_word' id='word_1_630' title='bbox 2721 4441 2962 4494; x_wconf 81' lang='grc' dir='ltr'>τοιοῦτον</span> <span class='ocrx_word' id='word_1_631' title='bbox 3021 4444 3054 4512; x_wconf 85' lang='grc' dir='ltr'><strong>ἡ</strong></span> <span class='ocrx_word' id='word_1_632' title='bbox 3117 4441 3365 4510; x_wconf 88' lang='grc' dir='ltr'>βασιλεία</span> <span class='ocrx_word' id='word_1_633' title='bbox 3421 4441 3681 4509; x_wconf 82' lang='grc' dir='ltr'>περιέστη</span> <span class='ocrx_word' id='word_1_634' title='bbox 3752 4437 4068 4506; x_wconf 84' lang='grc' dir='ltr'>Ῥωμαίων.</span> 
     </span>
    </p>
   </div>
   <div class='ocr_carea' id='block_1_92' title="bbox 818 4529 2495 4604">
    <p class='ocr_par' dir='ltr' id='par_1_92' title="bbox 818 4529 2468 4599">
     <span class='ocr_line' id='line_1_92' title="bbox 818 4529 2468 4599; baseline -0.002 -13"><span class='ocrx_word' id='word_1_635' title='bbox 818 4535 971 4597; x_wconf 89' lang='lat' dir='ltr'><strong>bant,</strong></span> <span class='ocrx_word' id='word_1_636' title='bbox 1025 4533 1340 4596; x_wconf 88' lang='lat' dir='ltr'><strong>interfecto,</strong></span> <span class='ocrx_word' id='word_1_637' title='bbox 1387 4532 1548 4585; x_wconf 88' lang='lat' dir='ltr'><strong>veriti</strong></span> <span class='ocrx_word' id='word_1_638' title='bbox 1601 4545 1670 4584; x_wconf 92' lang='lat' dir='ltr'><strong>ne</strong></span> <span class='ocrx_word' id='word_1_639' title='bbox 1715 4531 1834 4599; x_wconf 87' lang='lat' dir='ltr'><strong>ejus</strong></span> <span class='ocrx_word' id='word_1_640' title='bbox 1882 4529 2146 4582; x_wconf 81' lang='lat' dir='ltr'><strong>facinoris</strong></span> <span class='ocrx_word' id='word_1_641' title='bbox 2197 4544 2386 4595; x_wconf 66' lang='lat' dir='ltr'><strong>poenas</strong></span> <span class='ocrx_word' id='word_1_642' title='bbox 2416 4531 2468 4589; x_wconf 93' lang='lat' dir='ltr'><strong>D</strong></span> 
     </span>
    </p>
   </div>
   <div class='ocr_carea' id='block_1_93' title="bbox 2386 4529 4063 4604">
    <p class='ocr_par' dir='ltr' id='par_1_93' title="bbox 2416 4529 4063 4604">
     <span class='ocr_line' id='line_1_93' title="bbox 2416 4529 4063 4604; baseline -0.006 -15"><span class='ocrx_word' id='word_1_643' title='bbox 2416 4531 2468 4589; x_wconf 88' lang='lat' dir='ltr'><strong>D</strong></span> <span class='ocrx_word' id='word_1_644' title='bbox 2496 4533 2666 4586; x_wconf 80' lang='grc' dir='ltr'>Τοῦτο</span> <span class='ocrx_word' id='word_1_645' title='bbox 2714 4533 2946 4604; x_wconf 75' lang='grc' dir='ltr'>θορύϐου</span> <span class='ocrx_word' id='word_1_646' title='bbox 2994 4533 3120 4594; x_wconf 79' lang='grc' dir='ltr'>τοὺς</span> <span class='ocrx_word' id='word_1_647' title='bbox 3172 4533 3302 4602; x_wconf 71' lang='grc' dir='ltr'>περὶ</span> <span class='ocrx_word' id='word_1_648' title='bbox 3353 4531 3444 4583; x_wconf 80' lang='grc' dir='ltr'>τὸν</span> <span class='ocrx_word' id='word_1_649' title='bbox 3493 4529 3716 4598; x_wconf 75' lang='grc' dir='ltr'>βασιλέα</span> <span class='ocrx_word' id='word_1_650' title='bbox 3761 4530 4063 4597; x_wconf 83' lang='grc' dir='ltr'>ἐμέστωσε.</span> 
     </span>
    </p>
   </div>
   <div class='ocr_carea' id='block_1_94' title="bbox 818 4619 2383 4690">
    <p class='ocr_par' dir='ltr' id='par_1_94' title="bbox 818 4619 2383 4690">
     <span class='ocr_line' id='line_1_94' title="bbox 818 4619 2383 4690; baseline 0 -16"><span class='ocrx_word' id='word_1_651' title='bbox 818 4623 1038 4684; x_wconf 89' lang='lat' dir='ltr'><strong>darent,</strong></span> <span class='ocrx_word' id='word_1_652' title='bbox 1073 4631 1260 4690; x_wconf 91' lang='lat' dir='ltr'><strong>portas</strong></span> <span class='ocrx_word' id='word_1_653' title='bbox 1293 4622 1342 4674; x_wconf 92' lang='lat' dir='ltr'><strong>ei</strong></span> <span class='ocrx_word' id='word_1_654' title='bbox 1378 4623 1729 4675; x_wconf 87' lang='lat' dir='ltr'><strong>clauserant:</strong></span> <span class='ocrx_word' id='word_1_655' title='bbox 1765 4636 1868 4675; x_wconf 89' lang='lat' dir='ltr'><strong>nec</strong></span> <span class='ocrx_word' id='word_1_656' title='bbox 1906 4620 2060 4689; x_wconf 92' lang='lat' dir='ltr'><strong>prius</strong></span> <span class='ocrx_word' id='word_1_657' title='bbox 2107 4619 2383 4674; x_wconf 89' lang='lat' dir='ltr'><strong>admisere</strong></span> 
     </span>
    </p>
   </div>
   <div class='ocr_carea' id='block_1_95' title="bbox 817 4710 2388 4784">
    <p class='ocr_par' dir='ltr' id='par_1_95' title="bbox 817 4710 2388 4784">
     <span class='ocr_line' id='line_1_95' title="bbox 817 4710 2388 4784; baseline -0.001 -18"><span class='ocrx_word' id='word_1_658' title='bbox 817 4729 981 4783; x_wconf 83' lang='lat' dir='ltr'><strong>quam</strong></span> <span class='ocrx_word' id='word_1_659' title='bbox 1018 4714 1380 4784; x_wconf 85' lang='lat' dir='ltr'><strong>jurejurando</strong></span> <span class='ocrx_word' id='word_1_660' title='bbox 1413 4713 1794 4768; x_wconf 67' lang='lat' dir='ltr'><strong>confirmasset</strong></span> <span class='ocrx_word' id='word_1_661' title='bbox 1845 4713 2050 4765; x_wconf 77' lang='lat' dir='ltr'><strong>ea-dem</strong></span> <span class='ocrx_word' id='word_1_662' title='bbox 2109 4711 2255 4764; x_wconf 88' lang='lat' dir='ltr'><strong>illam</strong></span> <span class='ocrx_word' id='word_1_663' title='bbox 2306 4710 2388 4764; x_wconf 84' lang='lat' dir='ltr'><strong>eis</strong></span> 
     </span>
    </p>
   </div>
   <div class='ocr_carea' id='block_1_96' title="bbox 819 4801 2386 4872">
    <p class='ocr_par' dir='ltr' id='par_1_96' title="bbox 819 4801 2386 4872">
     <span class='ocr_line' id='line_1_96' title="bbox 819 4801 2386 4872; baseline -0.003 -14"><span class='ocrx_word' id='word_1_664' title='bbox 819 4807 996 4860; x_wconf 88' lang='lat' dir='ltr'><strong>fraudi</strong></span> <span class='ocrx_word' id='word_1_665' title='bbox 1042 4822 1151 4860; x_wconf 85' lang='lat' dir='ltr'><strong>non</strong></span> <span class='ocrx_word' id='word_1_666' title='bbox 1205 4805 1466 4860; x_wconf 83' lang='lat' dir='ltr'><strong>futuram.</strong></span> <span class='ocrx_word' id='word_1_667' title='bbox 1522 4806 1724 4860; x_wconf 78' lang='lat' dir='ltr'><strong>Verum</strong></span> <span class='ocrx_word' id='word_1_668' title='bbox 1756 4819 1822 4860; x_wconf 89' lang='lat' dir='ltr'><strong>eo</strong></span> <span class='ocrx_word' id='word_1_669' title='bbox 1862 4801 2223 4872; x_wconf 85' lang='lat' dir='ltr'><strong>jurejurando</strong></span> <span class='ocrx_word' id='word_1_670' title='bbox 2253 4801 2386 4854; x_wconf 91' lang='lat' dir='ltr'><strong>nihil</strong></span> 
     </span>
    </p>
   </div>
   <div class='ocr_carea' id='block_1_97' title="bbox 819 4892 2390 4963">
    <p class='ocr_par' dir='ltr' id='par_1_97' title="bbox 819 4892 2390 4963">
     <span class='ocr_line' id='line_1_97' title="bbox 819 4892 2390 4963; baseline -0.005 -11"><span class='ocrx_word' id='word_1_671' title='bbox 819 4898 1141 4963; x_wconf 87' lang='lat' dir='ltr'><strong>deterritus,</strong></span> <span class='ocrx_word' id='word_1_672' title='bbox 1180 4898 1386 4952; x_wconf 90' lang='lat' dir='ltr'><strong>multos</strong></span> <span class='ocrx_word' id='word_1_673' title='bbox 1418 4896 1645 4960; x_wconf 88' lang='lat' dir='ltr'><strong>occidit,</strong></span> <span class='ocrx_word' id='word_1_674' title='bbox 1686 4903 1742 4949; x_wconf 90' lang='lat' dir='ltr'><strong>et</strong></span> <span class='ocrx_word' id='word_1_675' title='bbox 1768 4894 2098 4963; x_wconf 88' lang='lat' dir='ltr'><strong>quibusdam</strong></span> <span class='ocrx_word' id='word_1_676' title='bbox 2161 4892 2390 4962; x_wconf 87' lang='lat' dir='ltr'><strong>insigni-</strong></span> 
     </span>
    </p>
   </div>
   <div class='ocr_carea' id='block_1_98' title="bbox 821 4983 2388 5054">
    <p class='ocr_par' dir='ltr' id='par_1_98' title="bbox 821 4983 2388 5054">
     <span class='ocr_line' id='line_1_98' title="bbox 821 4983 2388 5054; baseline -0.004 -11"><span class='ocrx_word' id='word_1_677' title='bbox 821 4991 926 5043; x_wconf 87' lang='lat' dir='ltr'><strong>bus</strong></span> <span class='ocrx_word' id='word_1_678' title='bbox 974 4988 1190 5042; x_wconf 84' lang='lat' dir='ltr'><strong>civibus</strong></span> <span class='ocrx_word' id='word_1_679' title='bbox 1237 4989 1459 5053; x_wconf 89' lang='lat' dir='ltr'><strong>vinctis,</strong></span> <span class='ocrx_word' id='word_1_680' title='bbox 1523 4988 1578 5041; x_wconf 89' lang='lat' dir='ltr'><strong>in</strong></span> <span class='ocrx_word' id='word_1_681' title='bbox 1639 5001 1888 5054; x_wconf 82' lang='lat' dir='ltr'><strong>magnam</strong></span> <span class='ocrx_word' id='word_1_682' title='bbox 1939 4986 2134 5038; x_wconf 92' lang='lat' dir='ltr'><strong>urbem</strong></span> <span class='ocrx_word' id='word_1_683' title='bbox 2184 4983 2388 5048; x_wconf 85' lang='lat' dir='ltr'><strong>missis,</strong></span> 
     </span>
    </p>
   </div>
   <div class='ocr_carea' id='block_1_99' title="bbox 822 5077 2392 5150">
    <p class='ocr_par' dir='ltr' id='par_1_99' title="bbox 822 5077 2392 5150">
     <span class='ocr_line' id='line_1_99' title="bbox 822 5077 2392 5150; baseline -0.003 -17"><span class='ocrx_word' id='word_1_684' title='bbox 822 5083 974 5136; x_wconf 84' lang='lat' dir='ltr'><strong>fratri</strong></span> <span class='ocrx_word' id='word_1_685' title='bbox 1005 5081 1202 5136; x_wconf 78' lang='lat' dir='ltr'><strong>Joanni</strong></span> <span class='ocrx_word' id='word_1_686' title='bbox 1232 5081 1454 5150; x_wconf 88' lang='lat' dir='ltr'><strong>scripsit</strong></span> <span class='ocrx_word' id='word_1_687' title='bbox 1485 5095 1542 5135; x_wconf 90' lang='lat' dir='ltr'><strong>se</strong></span> <span class='ocrx_word' id='word_1_688' title='bbox 1577 5079 1646 5132; x_wconf 86' lang='lat' dir='ltr'><strong>ab</strong></span> <span class='ocrx_word' id='word_1_689' title='bbox 1670 5078 2028 5133; x_wconf 82' lang='lat' dir='ltr'><strong>Antiochenis</strong></span> <span class='ocrx_word' id='word_1_690' title='bbox 2051 5078 2122 5130; x_wconf 92' lang='lat' dir='ltr'><strong>ob</strong></span> <span class='ocrx_word' id='word_1_691' title='bbox 2154 5077 2392 5129; x_wconf 82' lang='lat' dir='ltr'><strong>benevo-</strong></span> 
     </span>
    </p>
   </div>
   <div class='ocr_carea' id='block_1_100' title="bbox 829 5169 2384 5242">
    <p class='ocr_par' dir='ltr' id='par_1_100' title="bbox 829 5169 2384 5242">
     <span class='ocr_line' id='line_1_100' title="bbox 829 5169 2384 5242; baseline -0.001 -18"><span class='ocrx_word' id='word_1_692' title='bbox 829 5172 1056 5225; x_wconf 89' lang='lat' dir='ltr'><strong>lentiam</strong></span> <span class='ocrx_word' id='word_1_693' title='bbox 1088 5187 1280 5226; x_wconf 88' lang='lat' dir='ltr'><strong>eorum</strong></span> <span class='ocrx_word' id='word_1_694' title='bbox 1309 5188 1435 5242; x_wconf 78' lang='lat' dir='ltr'><strong>erga</strong></span> <span class='ocrx_word' id='word_1_695' title='bbox 1475 5171 1831 5225; x_wconf 80' lang='lat' dir='ltr'><strong>Dalassenum</strong></span> <span class='ocrx_word' id='word_1_696' title='bbox 1863 5171 2145 5224; x_wconf 83' lang='lat' dir='ltr'><strong>exclusum</strong></span> <span class='ocrx_word' id='word_1_697' title='bbox 2193 5169 2384 5222; x_wconf 89' lang='lat' dir='ltr'><strong>fuisse.</strong></span> 
     </span>
    </p>
   </div>
   <div class='ocr_carea' id='block_1_101' title="bbox 824 5262 2392 5330">
    <p class='ocr_par' dir='ltr' id='par_1_101' title="bbox 824 5262 2392 5330">
     <span class='ocr_line' id='line_1_101' title="bbox 824 5262 2392 5330; baseline -0.001 -14"><span class='ocrx_word' id='word_1_698' title='bbox 824 5263 964 5317; x_wconf 85' lang='lat' dir='ltr'><strong>llinc</strong></span> <span class='ocrx_word' id='word_1_699' title='bbox 1016 5263 1338 5319; x_wconf 84' lang='lat' dir='ltr'><strong>Dalassenus</strong></span> <span class='ocrx_word' id='word_1_700' title='bbox 1387 5265 1442 5316; x_wconf 92' lang='lat' dir='ltr'><strong>in</strong></span> <span class='ocrx_word' id='word_1_701' title='bbox 1491 5263 1722 5316; x_wconf 89' lang='lat' dir='ltr'><strong>insulam</strong></span> <span class='ocrx_word' id='word_1_702' title='bbox 1775 5263 1961 5315; x_wconf 83' lang='lat' dir='ltr'><strong>Platen</strong></span> <span class='ocrx_word' id='word_1_703' title='bbox 2008 5262 2302 5330; x_wconf 86' lang='lat' dir='ltr'><strong>relegatur,</strong></span> <span class='ocrx_word' id='word_1_704' title='bbox 2337 5269 2392 5314; x_wconf 91' lang='lat' dir='ltr'><strong>et</strong></span> 
     </span>
    </p>
   </div>
   <div class='ocr_carea' id='block_1_102' title="bbox 823 5352 2393 5424">
    <p class='ocr_par' dir='ltr' id='par_1_102' title="bbox 823 5352 2393 5424">
     <span class='ocr_line' id='line_1_102' title="bbox 823 5352 2393 5424; baseline -0.003 -16"><span class='ocrx_word' id='word_1_705' title='bbox 823 5354 1218 5409; x_wconf 85' lang='lat' dir='ltr'><strong>Constantinus</strong></span> <span class='ocrx_word' id='word_1_706' title='bbox 1264 5357 1438 5410; x_wconf 86' lang='lat' dir='ltr'><strong>Ducas</strong></span> <span class='ocrx_word' id='word_1_707' title='bbox 1476 5357 1596 5424; x_wconf 84' lang='lat' dir='ltr'><strong>ejus</strong></span> <span class='ocrx_word' id='word_1_708' title='bbox 1626 5371 1813 5423; x_wconf 84' lang='lat' dir='ltr'><strong>gener,</strong></span> <span class='ocrx_word' id='word_1_709' title='bbox 1860 5354 1927 5407; x_wconf 90' lang='lat' dir='ltr'><strong>de</strong></span> <span class='ocrx_word' id='word_1_710' title='bbox 1970 5353 2166 5422; x_wconf 90' lang='lat' dir='ltr'><strong>injuria</strong></span> <span class='ocrx_word' id='word_1_711' title='bbox 2207 5352 2393 5421; x_wconf 85' lang='lat' dir='ltr'><strong>queri-</strong></span> 
     </span>
    </p>
   </div>
   <div class='ocr_carea' id='block_1_103' title="bbox 826 5443 2390 5516">
    <p class='ocr_par' dir='ltr' id='par_1_103' title="bbox 826 5443 2390 5516">
     <span class='ocr_line' id='line_1_103' title="bbox 826 5443 2390 5516; baseline -0.003 -17"><span class='ocrx_word' id='word_1_712' title='bbox 826 5457 948 5500; x_wconf 87' lang='lat' dir='ltr'><strong>tans</strong></span> <span class='ocrx_word' id='word_1_713' title='bbox 972 5455 1026 5500; x_wconf 91' lang='lat' dir='ltr'><strong>et</strong></span> <span class='ocrx_word' id='word_1_714' title='bbox 1078 5446 1378 5516; x_wconf 86' lang='lat' dir='ltr'><strong>perjurium</strong></span> <span class='ocrx_word' id='word_1_715' title='bbox 1436 5462 1543 5500; x_wconf 91' lang='lat' dir='ltr'><strong>non</strong></span> <span class='ocrx_word' id='word_1_716' title='bbox 1577 5447 1933 5499; x_wconf 85' lang='lat' dir='ltr'><strong>dissimulans</strong></span> <span class='ocrx_word' id='word_1_717' title='bbox 1987 5444 2126 5498; x_wconf 91' lang='lat' dir='ltr'><strong>turri</strong></span> <span class='ocrx_word' id='word_1_718' title='bbox 2174 5443 2390 5496; x_wconf 85' lang='lat' dir='ltr'><strong>cuidam</strong></span> 
     </span>
    </p>
   </div>
   <div class='ocr_carea' id='block_1_104' title="bbox 825 5533 2392 5591">
    <p class='ocr_par' dir='ltr' id='par_1_104' title="bbox 825 5533 2392 5591">
     <span class='ocr_line' id='line_1_104' title="bbox 825 5533 2392 5591; baseline -0.002 -2"><span class='ocrx_word' id='word_1_719' title='bbox 825 5537 1147 5591; x_wconf 86' lang='lat' dir='ltr'><strong>includitur.</strong></span> <span class='ocrx_word' id='word_1_720' title='bbox 1180 5536 1303 5590; x_wconf 84' lang='lat' dir='ltr'><strong>Post</strong></span> <span class='ocrx_word' id='word_1_721' title='bbox 1333 5537 1658 5590; x_wconf 86' lang='lat' dir='ltr'><strong>Dalassenus</strong></span> <span class='ocrx_word' id='word_1_722' title='bbox 1682 5537 1844 5588; x_wconf 83' lang='lat' dir='ltr'><strong>etiam</strong></span> <span class='ocrx_word' id='word_1_723' title='bbox 1870 5550 1899 5587; x_wconf 94' lang='lat' dir='ltr'><strong>e</strong></span> <span class='ocrx_word' id='word_1_724' title='bbox 1928 5535 2074 5588; x_wconf 79' lang='lat' dir='ltr'><strong>Plata</strong></span> <span class='ocrx_word' id='word_1_725' title='bbox 2101 5533 2392 5586; x_wconf 80' lang='lat' dir='ltr'><strong>translatus</strong></span> 
     </span>
    </p>
   </div>
   <div class='ocr_carea' id='block_1_105' title="bbox 825 5627 2387 5698">
    <p class='ocr_par' dir='ltr' id='par_1_105' title="bbox 825 5627 2387 5698">
     <span class='ocr_line' id='line_1_105' title="bbox 825 5627 2387 5698; baseline -0.001 -18"><span class='ocrx_word' id='word_1_726' title='bbox 825 5628 879 5680; x_wconf 87' lang='lat' dir='ltr'><strong>in</strong></span> <span class='ocrx_word' id='word_1_727' title='bbox 941 5633 1134 5684; x_wconf 91' lang='lat' dir='ltr'><strong>turrim</strong></span> <span class='ocrx_word' id='word_1_728' title='bbox 1179 5631 1568 5698; x_wconf 84' lang='lat' dir='ltr'><strong>compingitur.</strong></span> <span class='ocrx_word' id='word_1_729' title='bbox 1624 5630 1737 5682; x_wconf 89' lang='lat' dir='ltr'><strong>Sub</strong></span> <span class='ocrx_word' id='word_1_730' title='bbox 1783 5629 1833 5681; x_wconf 93' lang='lat' dir='ltr'><strong>id</strong></span> <span class='ocrx_word' id='word_1_731' title='bbox 1889 5636 2102 5696; x_wconf 87' lang='lat' dir='ltr'><strong>tempus</strong></span> <span class='ocrx_word' id='word_1_732' title='bbox 2154 5627 2387 5696; x_wconf 81' lang='lat' dir='ltr'><strong>Agareni</strong></span> 
     </span>
    </p>
   </div>
   <div class='ocr_carea' id='block_1_106' title="bbox 824 5719 2389 5791">
    <p class='ocr_par' dir='ltr' id='par_1_106' title="bbox 824 5719 2389 5791">
     <span class='ocr_line' id='line_1_106' title="bbox 824 5719 2389 5791; baseline 0 -18"><span class='ocrx_word' id='word_1_733' title='bbox 824 5719 970 5789; x_wconf 79' lang='lat' dir='ltr'><strong>Myra</strong></span> <span class='ocrx_word' id='word_1_734' title='bbox 995 5732 1260 5791; x_wconf 90' lang='lat' dir='ltr'><strong>ceperunt</strong></span> <span class='ocrx_word' id='word_1_735' title='bbox 1291 5742 1302 5776; x_wconf 86' lang='lat'>:</span> <span class='ocrx_word' id='word_1_736' title='bbox 1332 5721 1632 5776; x_wconf 65' lang='lat' dir='ltr'><strong>Patzinaezc</strong></span> <span class='ocrx_word' id='word_1_737' title='bbox 1669 5723 1865 5791; x_wconf 83' lang='lat' dir='ltr'><strong>passim</strong></span> <span class='ocrx_word' id='word_1_738' title='bbox 1907 5736 1936 5774; x_wconf 92' lang='lat' dir='ltr'><strong>e</strong></span> <span class='ocrx_word' id='word_1_739' title='bbox 1982 5720 2239 5773; x_wconf 78' lang='lat' dir='ltr'><strong>Romanis</strong></span> <span class='ocrx_word' id='word_1_740' title='bbox 2269 5735 2389 5788; x_wconf 92' lang='lat' dir='ltr'><strong>pro-</strong></span> 
     </span>
    </p>
   </div>
   <div class='ocr_carea' id='block_1_107' title="bbox 830 5811 2385 5881">
    <p class='ocr_par' dir='ltr' id='par_1_107' title="bbox 830 5811 2385 5881">
     <span class='ocr_line' id='line_1_107' title="bbox 830 5811 2385 5881; baseline 0.002 -19"><span class='ocrx_word' id='word_1_741' title='bbox 830 5812 1020 5868; x_wconf 78' lang='lat' dir='ltr'><strong>vinciis</strong></span> <span class='ocrx_word' id='word_1_742' title='bbox 1070 5813 1278 5881; x_wconf 68' lang='lat' dir='ltr'><strong>prredas</strong></span> <span class='ocrx_word' id='word_1_743' title='bbox 1325 5821 1577 5881; x_wconf 75' lang='lat' dir='ltr'><strong>egerunt.</strong></span> <span class='ocrx_word' id='word_1_744' title='bbox 1625 5812 1966 5867; x_wconf 77' lang='lat' dir='ltr'><strong>Autiocheno</strong></span> <span class='ocrx_word' id='word_1_745' title='bbox 2005 5811 2144 5866; x_wconf 89' lang='lat' dir='ltr'><strong>duce</strong></span> <span class='ocrx_word' id='word_1_746' title='bbox 2199 5811 2385 5866; x_wconf 84' lang='lat' dir='ltr'><strong>Niceta</strong></span> 
     </span>
    </p>
   </div>
   <div class='ocr_carea' id='block_1_108' title="bbox 2491 4619 4062 4693">
    <p class='ocr_par' dir='ltr' id='par_1_108' title="bbox 2491 4619 4062 4693">
     <span class='ocr_line' id='line_1_108' title="bbox 2491 4619 4062 4693; baseline -0.005 -17"><span class='ocrx_word' id='word_1_747' title='bbox 2491 4623 2827 4693; x_wconf 79' lang='grc' dir='ltr'>πτοηθέντας</span> <span class='ocrx_word' id='word_1_748' title='bbox 2881 4623 2956 4692; x_wconf 80' lang='grc' dir='ltr'>μή</span> <span class='ocrx_word' id='word_1_749' title='bbox 3005 4639 3136 4676; x_wconf 89' lang='grc' dir='ltr'>ποτε</span> <span class='ocrx_word' id='word_1_750' title='bbox 3180 4624 3208 4676; x_wconf 90' lang='lat'><strong>6</strong></span> <span class='ocrx_word' id='word_1_751' title='bbox 3255 4621 3598 4690; x_wconf 81' lang='grc' dir='ltr'>Δαλασσηνδς</span> <span class='ocrx_word' id='word_1_752' title='bbox 3633 4619 3907 4687; x_wconf 78' lang='grc' dir='ltr'>τυραννίδι</span> <span class='ocrx_word' id='word_1_753' title='bbox 3948 4619 4062 4672; x_wconf 77' lang='grc' dir='ltr'>ἐπίο</span> 
     </span>
    </p>
   </div>
   <div class='ocr_carea' id='block_1_109' title="bbox 2492 4709 4067 4781">
    <p class='ocr_par' dir='ltr' id='par_1_109' title="bbox 2492 4709 4067 4781">
     <span class='ocr_line' id='line_1_109' title="bbox 2492 4709 4067 4781; baseline -0.004 -15"><span class='ocrx_word' id='word_1_754' title='bbox 2492 4714 2672 4781; x_wconf 82' lang='grc' dir='ltr'>θηται.</span> <span class='ocrx_word' id='word_1_755' title='bbox 2723 4713 2832 4766; x_wconf 76' lang='grc' dir='ltr'><strong>Καὶ</strong></span> <span class='ocrx_word' id='word_1_756' title='bbox 2887 4713 3096 4766; x_wconf 76' lang='grc' dir='ltr'>στέλλει</span> <span class='ocrx_word' id='word_1_757' title='bbox 3148 4714 3177 4766; x_wconf 94' lang='lat'><strong>6</strong></span> <span class='ocrx_word' id='word_1_758' title='bbox 3225 4713 3480 4781; x_wconf 76' lang='grc' dir='ltr'>Ἰωάννης</span> <span class='ocrx_word' id='word_1_759' title='bbox 3514 4712 3606 4764; x_wconf 71' lang='grc' dir='ltr'>τὸν</span> <span class='ocrx_word' id='word_1_760' title='bbox 3663 4711 3846 4780; x_wconf 78' lang='grc' dir='ltr'>ὅρκοις</span> <span class='ocrx_word' id='word_1_761' title='bbox 3902 4709 4067 4762; x_wconf 69' lang='grc' dir='ltr'>αὑτὸν</span> 
     </span>
    </p>
   </div>
   <div class='ocr_carea' id='block_1_110' title="bbox 2493 4799 4069 4874">
    <p class='ocr_par' dir='ltr' id='par_1_110' title="bbox 2493 4799 4069 4874">
     <span class='ocr_line' id='line_1_110' title="bbox 2493 4799 4069 4874; baseline -0.004 -18"><span class='ocrx_word' id='word_1_762' title='bbox 2493 4803 2856 4874; x_wconf 81' lang='grc' dir='ltr'>βεδαιὼσοντα</span> <span class='ocrx_word' id='word_1_763' title='bbox 2893 4803 2968 4866; x_wconf 85' lang='grc' dir='ltr'>ὡς</span> <span class='ocrx_word' id='word_1_764' title='bbox 3012 4803 3228 4866; x_wconf 82' lang='grc' dir='ltr'>οὐδενὸς</span> <span class='ocrx_word' id='word_1_765' title='bbox 3261 4802 3488 4872; x_wconf 80' lang='grc' dir='ltr'>ἀνιαροῦ</span> <span class='ocrx_word' id='word_1_766' title='bbox 3517 4801 3942 4871; x_wconf 84' lang='grc' dir='ltr'>πειραθήσεται,</span> <span class='ocrx_word' id='word_1_767' title='bbox 3976 4799 4069 4851; x_wconf 76' lang='grc' dir='ltr'>καὶ</span> 
     </span>
    </p>
   </div>
   <div class='ocr_carea' id='block_1_111' title="bbox 2492 4889 4068 4963">
    <p class='ocr_par' dir='ltr' id='par_1_111' title="bbox 2492 4889 4068 4963">
     <span class='ocr_line' id='line_1_111' title="bbox 2492 4889 4068 4963; baseline -0.005 -17"><span class='ocrx_word' id='word_1_768' title='bbox 2492 4894 2746 4946; x_wconf 89' lang='grc' dir='ltr'>πείσοντα</span> <span class='ocrx_word' id='word_1_769' title='bbox 2775 4893 2866 4946; x_wconf 85' lang='grc' dir='ltr'><strong>τδν</strong></span> <span class='ocrx_word' id='word_1_770' title='bbox 2900 4893 3067 4963; x_wconf 78' lang='grc' dir='ltr'>ἄνδρα</span> <span class='ocrx_word' id='word_1_771' title='bbox 3107 4893 3184 4962; x_wconf 83' lang='grc' dir='ltr'>τῷ</span> <span class='ocrx_word' id='word_1_772' title='bbox 3217 4892 3430 4962; x_wconf 87' lang='grc' dir='ltr'>βασιλεῖ</span> <span class='ocrx_word' id='word_1_773' title='bbox 3474 4889 3812 4961; x_wconf 78' lang='grc' dir='ltr'>προσελθεῖν.</span> <span class='ocrx_word' id='word_1_774' title='bbox 3878 4891 3989 4942; x_wconf 75' lang='grc' dir='ltr'><strong>Καὶ</strong></span> <span class='ocrx_word' id='word_1_775' title='bbox 4043 4890 4068 4939; x_wconf 87' lang='lat'><strong>6</strong></span> 
     </span>
    </p>
   </div>
   <div class='ocr_carea' id='block_1_112' title="bbox 2495 4979 4064 5053">
    <p class='ocr_par' dir='ltr' id='par_1_112' title="bbox 2495 4979 4064 5053">
     <span class='ocr_line' id='line_1_112' title="bbox 2495 4979 4064 5053; baseline -0.005 -17"><span class='ocrx_word' id='word_1_776' title='bbox 2495 4984 2592 5052; x_wconf 84' lang='grc' dir='ltr'>μὲν</span> <span class='ocrx_word' id='word_1_777' title='bbox 2623 4982 3028 5053; x_wconf 75' lang='grc' dir='ltr'>προσῆλθε,καὶ</span> <span class='ocrx_word' id='word_1_778' title='bbox 3057 4982 3355 5052; x_wconf 81' lang='grc' dir='ltr'>όβασιλεὺς</span> <span class='ocrx_word' id='word_1_779' title='bbox 3386 4982 3550 5035; x_wconf 77' lang='grc' dir='ltr'>αὑτὸν</span> <span class='ocrx_word' id='word_1_780' title='bbox 3585 4979 3866 5041; x_wconf 83' lang='grc' dir='ltr'>ἀσπασίως</span> <span class='ocrx_word' id='word_1_781' title='bbox 3899 4994 4064 5047; x_wconf 78' lang='grc' dir='ltr'>προσο</span> 
     </span>
    </p>
   </div>
   <div class='ocr_carea' id='block_1_113' title="bbox 2493 5069 4067 5144">
    <p class='ocr_par' dir='ltr' id='par_1_113' title="bbox 2493 5069 4067 5144">
     <span class='ocr_line' id='line_1_113' title="bbox 2493 5069 4067 5144; baseline -0.006 -14"><span class='ocrx_word' id='word_1_782' title='bbox 2493 5081 2688 5144; x_wconf 84' lang='grc' dir='ltr'>ήκατο,</span> <span class='ocrx_word' id='word_1_783' title='bbox 2722 5077 2814 5129; x_wconf 78' lang='grc' dir='ltr'>καὶ</span> <span class='ocrx_word' id='word_1_784' title='bbox 2848 5075 3168 5141; x_wconf 77' lang='grc' dir='ltr'>ἐδεξιώσατο</span> <span class='ocrx_word' id='word_1_785' title='bbox 3225 5074 3478 5143; x_wconf 84' lang='grc' dir='ltr'>δωρεαῖς,</span> <span class='ocrx_word' id='word_1_786' title='bbox 3517 5072 3608 5126; x_wconf 73' lang='grc' dir='ltr'>καὶ</span> <span class='ocrx_word' id='word_1_787' title='bbox 3641 5069 3847 5140; x_wconf 72' lang='grc' dir='ltr'>μείζονι</span> <span class='ocrx_word' id='word_1_788' title='bbox 3905 5069 4067 5132; x_wconf 78' lang='grc' dir='ltr'>ἀξιώ-</span> 
     </span>
    </p>
   </div>
   <div class='ocr_carea' id='block_1_114' title="bbox 2495 5160 4059 5238">
    <p class='ocr_par' dir='ltr' id='par_1_114' title="bbox 2495 5160 4059 5238">
     <span class='ocr_line' id='line_1_114' title="bbox 2495 5160 4059 5238; baseline -0.008 -15"><span class='ocrx_word' id='word_1_789' title='bbox 2495 5187 2626 5238; x_wconf 86' lang='grc' dir='ltr'>ματι</span> <span class='ocrx_word' id='word_1_790' title='bbox 2676 5168 2923 5238; x_wconf 79' lang='grc' dir='ltr'>ἐτίμησε,</span> <span class='ocrx_word' id='word_1_791' title='bbox 2974 5169 3067 5220; x_wconf 75' lang='grc' dir='ltr'><strong>καὶ</strong></span> <span class='ocrx_word' id='word_1_792' title='bbox 3109 5167 3167 5218; x_wconf 85' lang='grc' dir='ltr'><strong>ἐν</strong></span> <span class='ocrx_word' id='word_1_793' title='bbox 3213 5169 3280 5236; x_wconf 80' lang='grc' dir='ltr'>τῇ</span> <span class='ocrx_word' id='word_1_794' title='bbox 3339 5165 3490 5218; x_wconf 87' lang='grc' dir='ltr'>πόλει</span> <span class='ocrx_word' id='word_1_795' title='bbox 3532 5163 3742 5228; x_wconf 76' lang='grc' dir='ltr'>διάγειν</span> <span class='ocrx_word' id='word_1_796' title='bbox 3786 5160 4059 5212; x_wconf 79' lang='grc' dir='ltr'>ἐκέλευσε.</span> 
     </span>
    </p>
   </div>
   <div class='ocr_carea' id='block_1_115' title="bbox 2494 5253 4063 5331">
    <p class='ocr_par' dir='ltr' id='par_1_115' title="bbox 2494 5253 4063 5331">
     <span class='ocr_line' id='line_1_115' title="bbox 2494 5253 4063 5331; baseline -0.006 -19"><span class='ocrx_word' id='word_1_797' title='bbox 2494 5261 2738 5331; x_wconf 74' lang='grc' dir='ltr'>Νικήτας</span> <span class='ocrx_word' id='word_1_798' title='bbox 2767 5261 2824 5313; x_wconf 83' lang='grc' dir='ltr'>δὲ</span> <span class='ocrx_word' id='word_1_799' title='bbox 2858 5261 2886 5313; x_wconf 95' lang='lat'><strong>6</strong></span> <span class='ocrx_word' id='word_1_800' title='bbox 2919 5259 3012 5312; x_wconf 83' lang='grc' dir='ltr'>τοῦ</span> <span class='ocrx_word' id='word_1_801' title='bbox 3041 5258 3308 5329; x_wconf 86' lang='grc' dir='ltr'>βασιλέως</span> <span class='ocrx_word' id='word_1_802' title='bbox 3338 5257 3615 5326; x_wconf 81' lang='grc' dir='ltr'>ὁμαίμων,</span> <span class='ocrx_word' id='word_1_803' title='bbox 3646 5255 3771 5319; x_wconf 63' lang='grc' dir='ltr'>δοὺξ</span> <span class='ocrx_word' id='word_1_804' title='bbox 3821 5253 3926 5320; x_wconf 70' lang='grc' dir='ltr'>τῆς</span> <span class='ocrx_word' id='word_1_805' title='bbox 3977 5254 4063 5304; x_wconf 70' lang='grc' dir='ltr'>ἐπὶ</span> 
     </span>
    </p>
   </div>
   <div class='ocr_carea' id='block_1_116' title="bbox 2494 5343 4060 5423">
    <p class='ocr_par' dir='ltr' id='par_1_116' title="bbox 2494 5343 4060 5423">
     <span class='ocr_line' id='line_1_116' title="bbox 2494 5343 4060 5423; baseline -0.008 -19"><span class='ocrx_word' id='word_1_806' title='bbox 2494 5354 2678 5423; x_wconf 67' lang='grc' dir='ltr'>Δάφνῃ</span> <span class='ocrx_word' id='word_1_807' title='bbox 2723 5351 3049 5420; x_wconf 83' lang='grc' dir='ltr'>Ἀντιοχείας</span> <span class='ocrx_word' id='word_1_808' title='bbox 3076 5349 3500 5420; x_wconf 69' lang='grc' dir='ltr'>προχειρισθεὶς,</span> <span class='ocrx_word' id='word_1_809' title='bbox 3552 5345 3741 5415; x_wconf 82' lang='grc' dir='ltr'>εἴρχθη</span> <span class='ocrx_word' id='word_1_810' title='bbox 3777 5346 3929 5410; x_wconf 76' lang='grc' dir='ltr'>παρα</span> <span class='ocrx_word' id='word_1_811' title='bbox 3962 5343 4060 5394; x_wconf 76' lang='grc' dir='ltr'>τῶν</span> 
     </span>
    </p>
   </div>
   <div class='ocr_carea' id='block_1_117' title="bbox 2507 5435 4059 5512">
    <p class='ocr_par' dir='ltr' id='par_1_117' title="bbox 2507 5435 4059 5512">
     <span class='ocr_line' id='line_1_117' title="bbox 2507 5435 4059 5512; baseline -0.008 -17"><span class='ocrx_word' id='word_1_812' title='bbox 2507 5443 2820 5512; x_wconf 83' lang='grc' dir='ltr'>Ἀντιοχέων</span> <span class='ocrx_word' id='word_1_813' title='bbox 2871 5443 2969 5508; x_wconf 74' lang='grc' dir='ltr'>τῆς</span> <span class='ocrx_word' id='word_1_814' title='bbox 3008 5442 3086 5502; x_wconf 87' lang='grc' dir='ltr'><strong>είς</strong></span> <span class='ocrx_word' id='word_1_815' title='bbox 3138 5440 3237 5510; x_wconf 80' lang='grc' dir='ltr'>τὴν</span> <span class='ocrx_word' id='word_1_816' title='bbox 3291 5439 3445 5491; x_wconf 88' lang='grc' dir='ltr'>πόλιν</span> <span class='ocrx_word' id='word_1_817' title='bbox 3482 5437 3710 5490; x_wconf 74' lang='grc' dir='ltr'>εἰσόδου.</span> <span class='ocrx_word' id='word_1_818' title='bbox 3775 5435 4059 5504; x_wconf 71' lang='grc' dir='ltr'>Πράκτορα</span> 
     </span>
    </p>
   </div>
   <div class='ocr_carea' id='block_1_118' title="bbox 2493 5524 4059 5603">
    <p class='ocr_par' dir='ltr' id='par_1_118' title="bbox 2493 5524 4059 5603">
     <span class='ocr_line' id='line_1_118' title="bbox 2493 5524 4059 5603; baseline -0.008 -17"><span class='ocrx_word' id='word_1_819' title='bbox 2493 5535 2600 5603; x_wconf 74' lang='grc' dir='ltr'>γάρ</span> <span class='ocrx_word' id='word_1_820' title='bbox 2625 5552 2745 5586; x_wconf 91' lang='grc' dir='ltr'>τινα</span> <span class='ocrx_word' id='word_1_821' title='bbox 2784 5533 2891 5585; x_wconf 84' lang='grc' dir='ltr'><strong>τῶν</strong></span> <span class='ocrx_word' id='word_1_822' title='bbox 2918 5533 3195 5603; x_wconf 79' lang='grc' dir='ltr'>δημοσίων</span> <span class='ocrx_word' id='word_1_823' title='bbox 3227 5531 3416 5591; x_wconf 78' lang='grc' dir='ltr'>τελῶν,</span> <span class='ocrx_word' id='word_1_824' title='bbox 3448 5530 3522 5592; x_wconf 84' lang='grc' dir='ltr'><strong>ὡς</strong></span> <span class='ocrx_word' id='word_1_825' title='bbox 3549 5529 3733 5588; x_wconf 72' lang='grc' dir='ltr'>αὐτοῖς</span> <span class='ocrx_word' id='word_1_826' title='bbox 3792 5524 4059 5592; x_wconf 69' lang='grc' dir='ltr'>φορτικῶς</span> 
     </span>
    </p>
   </div>
   <div class='ocr_carea' id='block_1_119' title="bbox 2495 5619 4058 5696">
    <p class='ocr_par' dir='ltr' id='par_1_119' title="bbox 2495 5619 4058 5696">
     <span class='ocr_line' id='line_1_119' title="bbox 2495 5619 4058 5696; baseline -0.008 -18"><span class='ocrx_word' id='word_1_827' title='bbox 2495 5629 3017 5696; x_wconf 83' lang='grc' dir='ltr'>προσενηνεγμένον,</span> <span class='ocrx_word' id='word_1_828' title='bbox 3065 5624 3344 5683; x_wconf 86' lang='grc' dir='ltr'>ἀνελόντες</span> <span class='ocrx_word' id='word_1_829' title='bbox 3389 5623 3434 5673; x_wconf 88' lang='grc' dir='ltr'>οἱ</span> <span class='ocrx_word' id='word_1_830' title='bbox 3466 5623 3561 5689; x_wconf 76' lang='grc' dir='ltr'>τῆς</span> <span class='ocrx_word' id='word_1_831' title='bbox 3608 5619 3942 5686; x_wconf 80' lang='grc' dir='ltr'>Ἀντιοχείας</span> <span class='ocrx_word' id='word_1_832' title='bbox 3976 5632 4058 5666; x_wconf 84' lang='grc' dir='ltr'>πο-</span> 
     </span>
    </p>
   </div>
   <div class='ocr_carea' id='block_1_120' title="bbox 2492 5708 4058 5786">
    <p class='ocr_par' dir='ltr' id='par_1_120' title="bbox 2492 5708 4058 5786">
     <span class='ocr_line' id='line_1_120' title="bbox 2492 5708 4058 5786; baseline -0.009 -15"><span class='ocrx_word' id='word_1_833' title='bbox 2492 5720 2654 5780; x_wconf 85' lang='grc' dir='ltr'>λῖται,</span> <span class='ocrx_word' id='word_1_834' title='bbox 2689 5719 2782 5770; x_wconf 78' lang='grc' dir='ltr'>καὶ</span> <span class='ocrx_word' id='word_1_835' title='bbox 2825 5718 3124 5780; x_wconf 83' lang='grc' dir='ltr'>δεδοικότες</span> <span class='ocrx_word' id='word_1_836' title='bbox 3183 5716 3258 5786; x_wconf 78' lang='grc' dir='ltr'>μὴ</span> <span class='ocrx_word' id='word_1_837' title='bbox 3296 5717 3449 5777; x_wconf 82' lang='grc' dir='ltr'>δίκας</span> <span class='ocrx_word' id='word_1_838' title='bbox 3493 5712 3568 5781; x_wconf 83' lang='grc' dir='ltr'>τῷ</span> <span class='ocrx_word' id='word_1_839' title='bbox 3619 5712 3770 5764; x_wconf 79' lang='grc' dir='ltr'>δουκὶ</span> <span class='ocrx_word' id='word_1_840' title='bbox 3808 5709 3900 5762; x_wconf 78' lang='grc' dir='ltr'><strong>τνιῦ</strong></span> <span class='ocrx_word' id='word_1_841' title='bbox 3950 5708 4058 5761; x_wconf 82' lang='grc' dir='ltr'>τολ-</span> 
     </span>
    </p>
   </div>
   <div class='ocr_carea' id='block_1_121' title="bbox 2499 5800 4055 5875">
    <p class='ocr_par' dir='ltr' id='par_1_121' title="bbox 2499 5800 4055 5875">
     <span class='ocr_line' id='line_1_121' title="bbox 2499 5800 4055 5875; baseline -0.01 -8"><span class='ocrx_word' id='word_1_842' title='bbox 2499 5812 2746 5875; x_wconf 53' lang='lat' dir='ltr'><strong>militum;</strong></span> <span class='ocrx_word' id='word_1_843' title='bbox 2791 5811 3020 5864; x_wconf 78' lang='grc' dir='ltr'>διδῶσιν.</span> <span class='ocrx_word' id='word_1_844' title='bbox 3060 5809 3412 5873; x_wconf 80' lang='grc' dir='ltr'>ἐπεζύγωσαν</span> <span class='ocrx_word' id='word_1_845' title='bbox 3441 5804 3588 5873; x_wconf 67' lang='grc' dir='ltr'>αὐτῷ</span> <span class='ocrx_word' id='word_1_846' title='bbox 3620 5805 3716 5865; x_wconf 69' lang='grc' dir='ltr'>τὰς</span> <span class='ocrx_word' id='word_1_847' title='bbox 3748 5803 3926 5865; x_wconf 64' lang='grc' dir='ltr'>πύλας</span> <span class='ocrx_word' id='word_1_848' title='bbox 3965 5800 4055 5866; x_wconf 77' lang='grc' dir='ltr'>τῆς</span> 
     </span>
    </p>
   </div>
  </div>
