4248 6442
167 393 264 457 193

1397 393 1799 456 ANNALIUM
1840 392 1911 453 LI
1925 393 1984 455 Β.
2028 394 2219 457 XVII.

3358 395 3457 461 194

163 515 258 568 καί
288 515 337 567 οἱ
375 512 477 582 τὴν
507 510 793 583 βασιλείαν
824 510 1147 583 ξύμπαντες
1176 510 1611 583 ἐπευφήμησαν,
1658 514 1755 567 καὶ

1859 520 1977 565 erat
2012 512 2343 581 (invalnerat
2381 512 2531 567 enim
2573 511 2817 586 hydrops
2850 518 3146 575 tumefacto
3175 526 3453 594 corpore),

161 614 188 662 ὀ
210 605 560 675 Τειχομηρὸς
586 602 951 673 κατελεύσθη.
988 604 1050 657 Ὀ
1079 604 1135 657 δὲ
1167 603 1442 669 Δολιάνος,
1476 603 1753 674 αὐτοκρά-

162 718 274 771 τωρ
312 700 634 767 γενόμενος,
660 693 772 749 εἷλέ
807 715 867 749 τε
898 698 959 750 τδ
986 699 1317 769 Δυρράχιον,
1346 698 1443 749 καὶ
1471 697 1616 750 κατά
1652 696 1757 765 τῆς

172 793 426 854 Ἑλλάδος
450 790 729 859 ἐχώρησε,
780 792 876 843 καὶ
906 789 1007 861 τὴν
1060 789 1362 843 Νικόπολιν
1417 790 1511 842 καὶ⁵
1560 789 1627 842 τὰ
1665 787 1758 858 ὑπ’

162 886 331 955 αὐτὴν
413 884 885 953 προσεποιήσατο,
945 882 1058 937 τῶν
1136 884 1195 935 ὲν
1252 882 1443 945 αὐτοῖς
1519 882 1758 934 ἑκόντων

163 976 684 1047 προσχωρησάντων
702 975 875 1045 αὐτῷ,
906 975 1030 1027 ἐπεὶ
1061 974 1135 1043 μὴ
1172 974 1370 1043 ἔφερον
1388 975 1487 1043 τὴν
1504 971 1598 1026 τοῦ
1630 972 1758 1041 ’ορ-

162 1070 513 1139 cauom-53909
538 1068 850 1137 ἀπληστίαν
879 1069 973 1121 καὶ
1007 1067 1070 1119 τὸ
1099 1068 1428 1137 ἀκόρεστον.
1467 1066 1577 1118 Καὶ
1608 1066 1637 1117 ὀ
1658 1065 1757 1136 μὲν

163 1162 306 1213 οὕτω
330 1162 484 1213 λείαν
516 1160 744 1224 Μυσῶν,
774 1160 834 1212 τδ
857 1159 948 1213 τοῦ
972 1159 1159 1227 λόγου,
1190 1160 1260 1212 τά
1304 1158 1594 1229 Ῥωμαίων
1643 1158 1758 1209 ἐτί-

163 1253 307 1305 θετο.
368 1252 432 1304 Ὀ
500 1253 557 1305 δὲ
612 1251 899 1321 βασιλεὺς,
942 1252 1043 1321 τῆς
1094 1251 1357 1320 ἀγγελίας
1402 1249 1759 1319 κομισθείσης

164 1346 309 1415 αύτῴ
340 1346 484 1413 (15),
546 1345 744 1396 αὐτίκα
785 1345 947 1413 ὥρμα
998 1342 1335 1397 καταλαϐεῖν
1377 1344 1468 1395 τὸν
1516 1344 1760 1396 ἀποστα-

161 1455 431 1508 τησαντα,
466 1437 645 1490 δεινὸν
674 1436 930 1507 ἡγεῖσθαι
971 1436 1170 1503 λέγων,
1196 1436 1245 1487 εί
1281 1434 1451 1506 μηδὲν
1493 1435 1657 1496 αὐτὸς
1692 1437 1755 1505 τῇ

164 1531 420 1600 βασιλεία
478 1528 898 1597 προσενεγκὼν,
936 1534 1133 1599 μοῖραν
1182 1529 1392 1599 ταύτης
1436 1527 1759 1597 ἀφαιρεθεῖ-

166 1624 259 1676 σάν
286 1640 419 1675 τινα
474 1621 915 1691 παραϐλέψεται.
968 1622 1095 1674 Ὅτι
1134 1620 1193 1673 δέ
1232 1622 1283 1674 οἱ
1341 1622 1667 1689 ἀπέγνωστο
1699 1621 1758 1673 rb

165 1715 435 1785 βιώσιμον
456 1715 580 1785 (ήδη
614 1716 717 1783 γὰρ
752 1718 779 1766 ὁ
812 1714 1003 1784 ὕδερος
1034 1713 1204 1766 αὐτοῦ
1231 1715 1634 1784 κατεκράτησε,
1665 1715 1759 1767 καὶ

164 1806 326 1859 αὑτοῦ
345 1808 408 1858 τὸ
435 1809 596 1874 σςῦμα
618 1806 950 1874 ἐξώγκωτο),
968 1807 1028 1859 τό
1051 1824 1107 1858 τε
1130 1810 1393 1877 συγγενὲς
1414 1809 1644 1877 ἀπεῖργε
1662 1809 1759 1879 τὴν

165 1902 535 1970 ἐκστρατείαν
581 1901 731 1969 αὐτῷ
762 1901 1172 1971 παρακλήσεσι,
1204 1902 1301 1954 καὶ
1335 1903 1383 1953 οί
1423 1901 1756 1971 προῦχοντες

162 1994 257 2063 τῆς
291 1994 498 2063 βουλῆς
539 1993 639 2046 οὐκ
672 1993 907 2064 ἐπῄνουν
939 1994 999 2045 τὸ
1030 1993 1329 2063 βούλευμα.
1375 1994 1520 2046 Ἀλλ’
1548 1997 1757 2058 ἐκεῖνος

167 2084 314 2155 ζήλῳ
351 2084 725 2155 ῥωννύμενες,
758 2086 850 2137 καὶ
901 2086 1228 2154 άντεπάγων
1280 2087 1347 2156 τῇ
1391 2084 1651 2155 ἀσθενείᾳ
1699 2085 1760 2137 τὸ

167 2177 483 2247 πρόθυμον,
541 2180 635 2230 ἐπὶ
687 2179 813 2240 τοὺς
860 2178 1176 2241 ἀποστάτας
1227 2178 1420 2249 χωρεῖ,
1456 2177 1551 2229 καὶ
1595 2172 1664 2247 ἦν
1699 2178 1758 2229 τὸ

166 2274 405 2341 πρᾶγμα
443 2271 726 2339 θαύματος
768 2270 939 2335 ἀξιον.
977 2269 1190 2334 Νυκτὸς
1225 2270 1337 2341 γάρ
1371 2274 1435 2341 τῇ
1479 2270 1620 2342 νόσῳ
1654 2289 1758 2323 κα-

165 2362 601 2433 ταπονούμενος,
658 2365 752 2416 καὶ
786 2365 888 2417 οὐκ
926 2362 994 2417 ἂν
1021 2366 1078 2426 ἐς
1124 2364 1316 2434 αὔριον
1346 2363 1757 2433 ἀναστήσεσθαι

166 2456 644 2526 προσδοκώμενος,
670 2459 697 2508 6
718 2456 774 2510 δὲ
800 2458 1011 2526 ἡμέρας
1036 2457 1160 2525 ἀρτι
1182 2455 1570 2525 διαφαινούσης
1600 2456 1760 2524 ἔφιπ-

165 2552 263 2615 πος
291 2569 353 2605 τε
389 2553 626 2621 ἑωρᾶτο,
664 2553 758 2604 καὶ
794 2549 987 2621 προῄει
1017 2550 1112 2620 τῆς
1145 2551 1431 2620 στρατιᾶς.
1475 2548 1561 2612 Ὠς
1608 2548 1653 2601 δ’
1702 2551 1758 2601 ἐν

163 2647 275 2707 τοῖς
329 2643 447 2696 τῶν
500 2644 830 2714 Βουλγαρων
880 2643 1049 2713 ὁρίοις
1099 2643 1357 2710 ἐγένετο,
1417 2642 1749 2712 ἡτοιμάζετο

165 2741 300 2803 πρὸς
332 2736 803 2806 ἀντιπαράταξιν.
840 2734 1010 2789 Οῠπω
1035 2735 1081 2787 δ’
1114 2734 1365 2806 ἀλλήλοις
1397 2736 1465 2788 τὰ
1496 2735 1753 2803 τάγματα

165 2831 611 2900 συνερῤὠγεσαν,
640 2829 733 2883 καί
759 2847 808 2882 τι
835 2830 1052 2898 συμϐάν
1101 2829 1317 2889 ἀπόνως
1342 2826 1482 2897 τάχα
1504 2826 1580 2896 τῷ
1602 2827 1761 2897 βασι-

165 2924 245 2975 λεῖ
272 2926 373 2993 τὴν
406 2924 570 2994 νίκην
612 2923 998 2994 προσένειμεν.
1041 2922 1098 2974 Ὀ
1130 2922 1239 2991 γάρ
1265 2939 1350 2974 τοι
1401 2921 1496 2974 τοῦ
1542 2920 1757 2991 Ἀαρὼν

164 3017 375 3069 ἐκείνου
417 3017 609 3081 uligo
642 3016 935 3086 πατρίκιος
980 3014 1351 3077 Ἀλουσιάνος,
1402 3013 1555 3085 παρά
1612 3013 1753 3067 Ῥω-

166 3109 351 3178 μαίοις
392 3107 497 3174 ὣν,
548 3109 640 3161 καί
685 3127 737 3160 τι
789 3106 1249 3179 προσκεκρουκὼς
1302 3105 1381 3177 τῷ
1421 3108 1751 3178 κρατοῦντι,

1861 611 1977 655 tum
2012 602 2229 671 cognati
2260 604 2670 672 expeditionem
2700 608 2821 679 ejus
2846 609 3304 680 deprecabantur,
3340 625 3454 670 tum

1857 694 2133 764 primores
2180 695 2337 767 241
2396 708 2615 753 senatus
2680 703 2973 756 consilium
3050 705 3455 774 improbabant.

1858 785 1953 841 Ille
1990 803 2121 840 vero
2166 788 2517 843 aemulatione
2557 792 2934 855 confirmatus,
2966 803 3023 849 et
3052 800 3302 865 corporis
3354 803 3453 855 im-

1860 879 2217 934 becillitatem
2253 882 2425 936 anitni
2463 882 2672 937 viribus
2703 897 3041 951 sustentans,
3089 899 3278 944 contra
3311 894 3452 947 sedi-

1860 972 2028 1027 tiosos
2076 973 2468 1041 proliciscitur,
2518 991 2581 1028 ac
2616 992 2703 1030 res
2744 977 2879 1031 mira
2931 982 3181 1048 quadam
3232 984 3455 1039 accidit.

1859 1064 1992 1117 Nam
2033 1081 2157 1118 cum
2195 1076 2359 1121 noctu
2399 1068 2593 1121 morbo
2642 1070 3071 1138 opprimeretur,
3120 1090 3219 1128 nec
3253 1081 3451 1145 postri-

1859 1156 1948 1210 die
1985 1166 2339 1212 surrecturus
2388 1170 2696 1228 putaretur,
2754 1163 2999 1217 diluculo
3042 1167 3094 1219 in
3123 1185 3266 1237 equo
3320 1188 3446 1224 eon-

1859 1250 2221 1319 spiciebatur,
2254 1262 2309 1306 et
2341 1254 2644 1308 exercitum
2692 1257 3057 1325 przecedebat.
3090 1260 3157 1315 Ut
3185 1262 3235 1315 in
3266 1263 3456 1335 Bulga-

1860 1356 2049 1395 rorum
2105 1343 2240 1396 lines
2275 1354 2521 1409 venerat,
2574 1362 2742 1416 seque
2788 1352 2854 1403 ad
2903 1352 3022 1405 acie
3056 1352 3453 1410 decertandum

1860 1434 2113 1503 parabat,
2193 1437 2515 1507 priusquam
2598 1441 2871 1496 exercitus
2940 1445 3455 1514 congrederentur,

1859 1526 2120 1595 quiddam
2161 1528 2458 1580 intervenit
2486 1530 2633 1597 quod
2668 1533 2981 1598 imperatori
3008 1534 3242 1588 celerem
3272 1537 3453 1590 victo-

1861 1620 1998 1671 riam
2037 1619 2157 1673 sine
2205 1619 2392 1673 labore
2440 1622 2549 1673 ullo
2598 1624 2830 1691 peperit.
2860 1624 2991 1677 Nam
3043 1626 3277 1681 Aaronis
3312 1628 3455 1682 illius

1861 1711 2009 1765 filius
2060 1711 2357 1765 Alusianus
2432 1713 2734 1780 patricius,
2797 1731 2922 1768 cum
2983 1718 3125 1785 apud
3182 1719 3456 1776 Roman-is

1862 1814 2027 1867 esst-t,
2063 1814 2227 1873 atque
2280 1804 2671 1874 imperatorem
2723 1808 2971 1862 nonnihil
3023 1810 3453 1873 oﬂettdisset,ea

1865 1913 2024 1967 poma
2088 1899 2354 1952 multatus
2406 1912 2548 1966 erat,
2593 1910 2650 1955 ut
2698 1903 2843 1956 don:i
2898 1919 2955 1958 se
3006 1913 3220 1971 tenens,
3275 1923 3456 1977 neque

1861 1991 2063 2061 regiam
2119 1991 2537 2060 frequentaret,
2594 2010 2771 2065 neque
2830 1996 3148 2067 Byzantium
3203 2000 3451 2066 intraret,

1858 2082 1975 2136 sine
2022 2084 2293 2152 permissu
2350 2083 2724 2153 imperatoris.
2773 2087 2846 2139 Ea
2883 2088 3193 2142 calamitate
3239 2089 3453 2155 dolens,

1860 2177 1952 2231 ubi
2002 2178 2181 2248 gentis
2232 2194 2344 2232 suae
2392 2179 2757 2234 defectionem
2814 2184 3091 2252 cognovit,
3134 2195 3186 2239 et
3240 2184 3454 2239 Doliani

1857 2271 2208 2335 electionem,
2262 2272 2351 2326 cui
2398 2273 2701 2342 parendum
2755 2284 2901 2329 esset
2951 2286 2965 2329 :
3018 2280 3182 2332 domo
3237 2280 3451 2349 etl'ugit,

1861 2371 2185 2431 mutatoque
2240 2364 2483 2429 vestitu,
2539 2372 2593 2417 et
2647 2365 2891 2419 Armenii
2946 2367 3135 2421 habitu
3189 2380 3451 2439 sumpto,

1860 2455 2278 2510 Theodorocani
2331 2472 2390 2510 se
2435 2455 2699 2510 famulum
2756 2472 2899 2519 esse,
2942 2468 2998 2513 et
3033 2460 3085 2513 in
3138 2471 3319 2515 castra
3374 2462 3453 2516 ira

1858 2547 2149 2613 simulans,
2177 2563 2206 2601 a
2237 2547 2455 2602 nemine
2487 2550 2708 2617 agnitus
2738 2561 2823 2605 est
2854 2551 3027 2605 donec
3058 2552 3112 2606 in
3142 2553 3451 2624 Bulgariam

1858 2642 2198 2709 pervenisset
2232 2659 2245 2695 :
2278 2658 2342 2695 ac
2390 2657 2458 2695 ne
2491 2642 2562 2695 ibi
2612 2644 2836 2713 quidem
2892 2647 3076 2699 statim
3133 2662 3191 2699 se
3246 2663 3451 2717 cogno-

1858 2732 2122 2787 scendum
2160 2734 2413 2802 praebuit,
2446 2735 2541 2788 sed
2573 2735 2717 2789 inter
2758 2737 3184 2807 colloquendum
3218 2740 3455 2794 Aaronis

1860 2825 2197 2879 mentionem
2246 2827 2391 2895 apud
2445 2828 2713 2897 quosdam
2754 2828 3053 2899 interiecit,
3080 2846 3143 2883 ac
3175 2832 3354 2886 dixit:
3390 2834 3452 2886 Si

1857 2919 1974 2987 quis
2006 2917 2148 2971 illius
2200 2918 2483 2971 liberorum
2532 2921 2779 2972 adesset:
2813 2923 3068 2991 numquid
3101 2924 3239 2977 vobis
3288 2924 3453 2995 legiti-

1860 3028 1973 3063 mus
2002 3012 2181 3079 spurio
2211 3012 2267 3065 in
2302 3014 2446 3081 regni
2474 3014 2738 3083 suﬂ'ragiis
2769 3016 3124 3083 pra-ferendus
3151 3017 3454 3071 videretur!

1859 3104 1994 3157 Cum
2025 3119 2214 3157 omnes
2263 3120 2581 3174 germanum
2620 3106 2853 3159 Aaronis
2891 3108 3059 3160 filium
3092 3124 3271 3177 regem
3297 3120 3453 3177 opta-

165 3201 252 3254 ἑπ⁹
290 3204 450 3255 οῐκου
486 3201 677 3270 μένειν
727 3200 1177 3266 καταδεδίκαστο,
1208 3200 1301 3253 καὶ
1338 3200 1477 3271 μήτε
1532 3199 1753 3269 προσιέ-

1861 3205 2003 3257 rent,
2044 3204 2102 3249 ut
2133 3195 2476 3264 principatus
2519 3196 2570 3250 in
2618 3197 2796 3251 virum
2843 3200 3001 3268 cujus
3053 3203 3265 3254 natales
3304 3202 3449 3255 haud

163 3313 250 3348 ναι
291 3295 438 3365 πρὸς
472 3294 542 3347 τὰ
573 3294 875 3362 ἀνάκτορα,
914 3294 1044 3364 μήθ’
1077 3293 1216 3356 ὅλως
1248 3291 1480 3346 εἰσιέναι
1515 3292 1655 3361 πρὸς
1693 3291 1755 3344 τὸ

166 3386 496 3451 Βυζάντιον,
536 3386 582 3437 εί
616 3386 693 3457 μὴ
725 3387 1059 3457 ἐπιτραπείη
1091 3386 1191 3454 τὴν
1239 3385 1465 3439 είοοδον.
1523 3384 1756 3453 Ἦθύμει

162 3477 291 3545 γοῦν
343 3477 443 3530 διὰ
487 3477 687 3542 ταῦτα,
742 3479 867 3530 ἐπεὶ
890 3477 938 3529 δ’
976 3476 1208 3545 ἐγνώκει
1256 3478 1357 3547 τὴν
1415 3475 1510 3529 τοῦ
1564 3476 1755 3539 ἔθνους

162 3568 541 3633 ἀποστασίαν,
580 3571 675 3622 καὶ
724 3571 822 3638 τὴν
856 3568 949 3622 τοῦ
998 3570 1254 3623 Δολιάνου
1291 3570 1505 3639 αἵρεσιν
1564 3572 1642 3632 εἰς
1696 3570 1757 3622 τὸ

161 3666 357 3733 ἄρχειν
385 3662 562 3715 αὑτοῦ
590 3680 603 3695 ·
640 3664 1028 3733 ἀποδιδράσκει
1064 3663 1164 3733 μὲν
1210 3663 1305 3734 τῆς
1354 3663 1534 3726 οίκίας
1563 3662 1753 3726 αὑτοῦ,

162 3758 253 3807 καὶ
289 3755 803 3826 μεταμφιέννυται,
856 3755 1150 3824 Ἀρμενίου
1187 3771 1245 3807 τε
1300 3755 1494 3824 στολὴν
1533 3752 1755 3818 περιθέ-

165 3866 326 3917 μενος
376 3846 584 3916 ἐαυτῴ,
653 3848 910 3916 Θεράπων
970 3841 1111 3898 εἶναι
1177 3846 1271 3899 τοῦ
1330 3847 1749 3918 Θεοδωροκάνου

164 3940 568 4006 πλαττόμενος,
594 3940 687 3990 καὶ
706 3939 926 3990 ἀπιέναι
955 3939 1091 4007 πρδς
1110 3940 1169 3991 τὸ
1194 3940 1579 4009 στρατόπεδον,
1597 3940 1754 3992 ἔλαθε

162 4032 402 4093 πάντας,
451 4033 547 4082 καὶ
596 4029 732 4099 πρὸς
786 4031 1130 4101 Βοω.γαρίαν
1178 4031 1537 4101 κατήντησεν.
1616 4033 1758 4083 Ἀλλ’

162 4126 259 4176 ούκ
286 4124 499 4176 αὐτίκα
531 4123 688 4192 δῆλον
714 4123 865 4176 ἔθετο
899 4125 1115 4187 ἑαυτὸν,
1148 4126 1501 4195 προσομιλῶν
1531 4126 1586 4179 δέ
1622 4145 1755 4192 τισι,

160 4219 254 4270 τοῦ
296 4216 522 4286 Ἀαρὼν
551 4217 954 4286 ἀνεμίμνησκε,
991 4220 1103 4284 καὶ,
1137 4214 1317 4285 Ἀρα,
1348 4221 1634 4289 ἐλεγεν,εῖ
1666 4239 1752 4286 τις

162 4312 282 4363 τῶν
313 4311 563 4363 ἐκείνου
602 4309 831 4362 παίδων
875 4310 1099 4379 παρῆν,
1131 4312 1345 4375 ἔδοξεν
1375 4312 1452 4365 ἂν
1489 4315 1634 4381 ὑμῖν
1671 4317 1759 4378 είς

162 4402 278 4468 τὴν
312 4402 429 4455 τοῦ
466 4402 683 4463 ἔθνους
715 4400 916 4468 ἀρχὴν
964 4405 1389 4469 προτιμότερος
1437 4402 1543 4456 τοῦ
1574 4404 1758 4455 νόθου

166 4497 196 4546 ό
249 4493 562 4561 γνήσιοςς
606 4492 694 4553 Ὠς
753 4491 810 4544 δὲ
861 4493 1062 4554 πάντες
1113 4494 1413 4564 πεποίηντο
1464 4495 1531 4546 δι’
1587 4492 1755 4564 εὐχῆς

1860 3288 2099 3355 ambigui
2162 3298 2381 3352 essent,
2438 3290 2644 3359 quique
2691 3307 2757 3343 ex
2808 3300 3020 3345 vetusta
3080 3293 3227 3363 regia
3282 3296 3455 3364 stirpe

1859 3380 1997 3434 citra
2054 3381 2488 3435 controversiam
2541 3382 2812 3451 originem
2863 3383 3131 3438 duceret:
3185 3402 3449 3440 arcanum

1860 3471 2077 3525 cuidam
2111 3488 2177 3525 ex
2209 3472 2275 3527 iis
2307 3473 2512 3542 quibus
2561 3474 2797 3528 Aaronia
2838 3474 3042 3529 familia
3088 3477 3271 3530 notior
3310 3488 3453 3545 erat,

1859 3565 2035 3635 aperit
2063 3584 2073 3618 :
2104 3567 2198 3635 qui
2233 3582 2355 3619 cum
2390 3566 2579 3621 faciem
2634 3569 2779 3622 illius
2817 3571 2993 3624 oculis
3024 3572 3298 3627 curiosius
3327 3589 3453 3643 per-

1860 3656 2167 3716 lustrasset,
2216 3654 2431 3709 tandem
2480 3656 2694 3726 signum
2742 3658 2904 3711 etiam
2953 3658 3320 3714 indubitatum
3361 3661 3446 3713 vi-

1860 3748 1992 3802 dere
2043 3747 2218 3816 cupit.
2254 3747 2307 3801 Id
2328 3763 2471 3802 -vero
2526 3758 2644 3803 erat
2698 3750 2849 3819 nigra
2904 3752 3116 3804 macula
3159 3752 3213 3805 in
3261 3751 3453 3806 cubito

1860 3840 2075 3901 dextro,
2110 3840 2294 3894 densis
2316 3840 2440 3909 pilis
2466 3841 2829 3896 circumdata.
2858 3842 3013 3909 Quod
3043 3860 3167 3898 cum
3192 3844 3442 3905 vidisset,

1856 3934 1965 4003 jam
2003 3932 2148 3984 omni
2181 3931 2440 3999 scrupulo
2488 3940 2743 3999 exempto
2784 3942 3112 3998 prostratus,
3146 3932 3247 3985 viri
3280 3932 3446 4001 pedes

1860 4022 2227 4090 amplectitur,
2259 4037 2321 4075 ac
2351 4030 2581 4074 eteteros
2632 4038 2852 4090 qttoque
2884 4021 3042 4076 docet
3086 4021 3278 4075 adesse
3309 4022 3444 4091 regii

1861 4116 2077 4185 generis
2143 4114 2442 4168 hominem.
2514 4113 2667 4166 Multi
2724 4113 2890 4181 igitur
2936 4112 3004 4164 ab
3052 4113 3309 4181 ambiguo
3360 4112 3441 4165 illc

1862 4207 2039 4260 avulsi
2099 4205 2164 4258 ad
2231 4219 2550 4273 germanum
2600 4220 2658 4257 se
2704 4204 3079 4257 contulerunt.
3145 4202 3251 4256 Sed
3324 4218 3448 4257 cun.

1861 4296 2039 4349 diviso
2090 4295 2343 4364 imperio,
2396 4296 2739 4364 principibus
2791 4294 2933 4347 inter
2962 4310 3019 4347 se
3056 4294 3451 4348 dissidentibus

1863 4403 2092 4457 regnum
2141 4387 2444 4441 consistere
2478 4387 2703 4439 omnino
2749 4385 2893 4439 haud
2935 4401 3094 4453 posse
3138 4394 3452 4448 censerent,

1865 4480 2010 4535 inter
2046 4494 2166 4534 sese
2215 4479 2593 4548 paciscuntur,
2623 4488 2681 4532 ut
2709 4480 2987 4533 communi
3038 4478 3269 4531 consilio
3314 4494 3451 4531 rem-

166 4589 225 4638 τὸ
258 4589 368 4638 ὑπὸ
410 4587 639 4652 γνησίου
697 4585 889 4649 παιδὸς
939 4585 1208 4656 ἄρχεσθαι
1244 4588 1337 4639 τοῦ
1383 4586 1622 4657 Ἀαρὼν,
1664 4590 1758 4641 καὶ

1868 4571 2143 4641 publicam
2196 4568 2691 4632 administrarent,
2754 4568 2929 4621 nihilo
2989 4569 3170 4622 secius
3227 4577 3454 4637 uterque

168 4679 265 4745 τὴν
322 4675 611 4745 βασιλείαν
662 4674 820 4737 αὖθις
871 4676 1049 4729 αὐτῶν
1099 4678 1180 4738 είς
1238 4677 1606 4747 ἀναμφίδολον
1663 4695 1761 4731 πε-

177 4774 427 4839 ριστῆναι
454 4768 645 4835 ἄνδρα,
679 4769 771 4820 καὶ
818 4767 895 4838 τῷ
928 4768 1092 4821 πάλαι
1119 4767 1376 4839 βασιλείῳ
1407 4769 1553 4837 γένει
1587 4786 1759 4839 προσ-

182 4868 393 4935 ήκοντα
426 4862 707 4932 καθαρῶς,
736 4862 989 4915 πιστεύει
1045 4864 1152 4914 τινὶ
1202 4861 1263 4915 τὸ
1298 4862 1610 4934 ἀπόρρητον
1650 4862 1758 4915 τῶν

178 4960 380 5029 μᾶλλον
409 4958 632 5011 εἰδότων
670 4957 729 5010 τὸ
753 4959 907 5024 γένος
939 4957 1034 5010 τοῦ
1085 4958 1318 5029 Ἀαρών.
1348 4956 1406 5011 ’0
1430 4961 1508 5022 δέ,
1546 4976 1763 5030 περιερ-

174 5059 398 5125 γάτερον
435 5052 586 5121 αὑτῴ
621 5052 946 5120 ἀνιχνεύσας
981 5051 1043 5104 τὸ
1094 5048 1236 5114 εἶδος
1268 5055 1384 5115 τοῖς
1429 5052 1754 5121 ὀφθαλμοῖς,

174 5147 292 5203 εἶτα
330 5148 429 5201 καί
478 5164 532 5199 τι
568 5149 796 5215 σημεῖον
837 5147 992 5209 εἰδὼς
1042 5146 1244 5217 προσὸν
1274 5147 1423 5218 αὐτῷ
1453 5148 1759 5218 ἀναμφίὸο-

174 5247 285 5309 λον,
343 5246 442 5299 καὶ
488 5240 650 5295 τοῦτο
698 5240 825 5293 ίδείν
877 5241 1121 5295 ἀπαιτεῖ.
1180 5240 1254 5294 Τὸ
1312 5239 1357 5293 δ’
1387 5234 1455 5309 ἦν
1488 5241 1615 5309 περὶ
1667 5240 1758 5293 τὸν

1869 4662 2028 4715 alteri
2062 4670 2350 4729 suspectus
2380 4669 2544 4729 atque
2576 4660 2861 4713 insidians.
2894 4659 3054 4729 242
3088 4659 3283 4713 Verum
3322 4661 3450 4713 Alu-

1868 4757 2057 4811 sianus
2098 4756 2162 4809 ad
2218 4755 2589 4809 insidiandum
2645 4756 2951 4825 promptior
3000 4756 3210 4809 Doliani
3265 4756 3451 4809 dolum

1868 4850 2182 4905 antevertit.
2214 4849 2349 4903 Nam
2382 4850 2636 4903 convivio
2673 4858 2958 4919 apparato,
2991 4858 3044 4902 et
3071 4850 3275 4919 collega
3315 4849 3443 4902 invi-

1868 4958 2002 5011 tato,
2042 4951 2299 5004 miserum
2349 4951 2633 5005 hominum
2682 4952 2829 5004 inter
2860 4951 3052 5019 pocula
3096 4950 3451 5021 comprehen-

1867 5059 1989 5098 snm
2038 5053 2294 5097 excaecat.
2346 5044 2438 5099 Sic
2490 5044 2760 5112 Scythica:
2808 5044 2989 5111 gentis
3030 5043 3260 5111 imperio
3303 5045 3450 5100 solus

1867 5135 2094 5203 potitus,
2134 5136 2447 5204 imperatori
2497 5144 2710 5189 secreto
2757 5133 2999 5187 nuntiari
3049 5134 3227 5203 jttbct,
3273 5150 3330 5188 se
3375 5135 3451 5188 illi

1869 5224 2207 5277 deditionem
2261 5224 2557 5278 facturum.
2601 5224 2645 5279 si
2679 5225 2979 5280 clementer
3022 5224 3367 5291 suscipiatur,
3397 5234 3450 5278 et

1372 5409 1570 5471 Variae
1615 5406 1923 5470 lectiones
1966 5418 2250 5471 etnotae.

242 5538 440 5605 (ΗΓΘ
472 5537 541 5589 δέ
572 5537 895 5602 βασιλεὺς.
920 5535 1027 5603 τῆς
1050 5538 1335 5606 ἀγγελίας
1374 5536 1769 5603 κομισθείσης

172 5611 357 5673 αὐτῷ.
392 5609 463 5664 Ut
495 5608 722 5661 Michael
751 5609 1025 5677 Paphlago
1058 5611 1110 5663 in
1166 5608 1428 5675 Bulgaros
1458 5607 1767 5674 expeditio—

173 5697 297 5734 nem
322 5681 654 5745 Snseeperit,
684 5681 935 5747 quamvis
970 5679 1211 5749 hydrope
1236 5679 1511 5749 laborans,
1543 5688 1766 5749 enarrat

174 5753 387 5806 l’sellns
426 5753 477 5802 in
504 5750 742 5817 Epistula
770 5751 836 5803 ad
868 5747 1292 5804 Monomachum
1328 5766 1340 5801 :
1375 5748 1543 5811 Ζῆλος
1572 5747 1761 5797 ἐντεύ-

171 5825 261 5873 θεν
294 5826 355 5890 τῇ
392 5824 535 5890 νόσῳ
573 5820 938 5887 σόεννύμενον
970 5821 1200 5873 ἀνάπτει
1236 5821 1329 5871 τὸν
1355 5817 1757 5890 αὐτοκράτορα,

175 5895 266 5945 καὶ
299 5886 357 5957 δξ
400 5886 536 5960 μηδέ
570 5893 831 5961 ἐννοήσας
866 5892 933 5944 τὰ
960 5893 1060 5943 ὅσα
1108 5890 1431 5958 μαλακίζειν
1463 5886 1643 5951 εἴωθε,
1682 5890 1756 5956 μὴ

1872 5538 1971 5605 τὴν
2001 5539 2199 5607 διπλῆν
2221 5536 2469 5608 δαπάνην
2496 5537 2591 5588 τοῦ
2624 5538 2897 5604 σώματος,
2960 5540 3034 5608 μὴ
3071 5540 3128 5591 τὸ
3186 5539 3284 5606 τῆς
3324 5538 3446 5590 ὁδοῦ

1916 5611 2066 5675 ἧκος.
2126 5609 2200 5677 μὴ
2237 5608 2297 5659 τὸ
2332 5607 2425 5658 τοῦ
2458 5608 2697 5675 πολέμου
2737 5610 2982 5669 δύσελπι,
3024 5607 3148 5677 μηδ’
3177 5610 3303 5661 ἄλλο
3340 5626 3449 5677 μη.

1898 5678 1976 5742 ὲν,
2010 5680 2109 5747 τῆς
2135 5680 2341 5738 πόλεως
2388 5677 2579 5741 ἔξεισι,
2616 5679 2708 5747 καὶ
2741 5678 2882 5730 κατὰ
2914 5679 3005 5731 τοῦ
3036 5680 3448 5744 ἀποστήσαντος

1865 5747 2051 5818 ἔθνους
2068 5745 2453 5818 στρατεύεται,
2473 5745 2646 5808 ualuit
2670 5748 2773 5799 τῶν
2800 5752 3080 5817 χριμάτων
3100 5751 3221 5801 soul
3253 5752 3449 5817 Κύριε,

1863 5817 2155 5887 λογίζεται,
2199 5820 2627 5887 παρατάττεται,
2663 5820 2879 5872 ἐλαύνει
2918 5819 3000 5887 ἐφ’
3036 5821 3205 5873 ἵππου
3234 5822 3445 5888 νεκρός.
