4248 6442
725 365 829 432 199

1976 376 2304 439 IOANNIS
2340 377 2661 439 ZONARE

3839 384 3951 451 200

719 490 1049 548 querentur.
1110 482 1204 539 sed
1255 492 1315 539 ut
1387 486 1507 555 ejus
1558 484 2000 541 benevolentiam
2064 489 2367 559 collige-5

2287 517 2295 529 -
2324 498 2367 553 Α
2396 489 2497 560 τῆς
2550 490 2874 558 συγγενείας
2910 492 2939 546 6
2970 492 3191 565 Μιχαὴλ
3217 495 3557 565 προσέκειτό,
3588 499 3683 553 καὶ
3734 499 3964 571 ἐτίμησε

718 582 864 625 rent.
916 574 1217 643 Imperator
1240 590 1373 629 vero
1406 577 1705 630 multorum
1750 577 1816 630 ad
1855 578 2009 631 illum
2040 592 2289 632 conven-

725 670 839 716 tum
876 677 1151 723 metuens.
1183 682 1281 736 per
1301 667 1511 721 litteras
1531 668 1582 721 ei
1619 668 1876 738 superbia
1898 668 2114 738 objecta
2152 669 2292 739 petit

723 764 781 806 ut
815 754 880 807 ad
908 771 965 809 se
996 758 1197 809 veniat.
1235 756 1338 811 Sed
1374 772 1498 811 cum
1538 759 1627 813 ille
1656 760 1790 822 iret,
1840 774 1951 813 non
1977 767 2292 829 exspectato

725 846 979 899 avunculi
1026 847 1262 901 adventu
1294 888 1308 908 ,
1354 849 1497 903 ludis
1534 850 1872 906 circensibus
1921 851 1977 906 in
2015 852 2290 906 theatrum

725 956 784 993 se
836 941 1165 995 contulerat.
1206 944 1285 997 Eo
1317 944 1481 1013 igitur
1512 960 1618 997 non
1647 943 1872 999 invento
1896 984 1912 1008 ,
1972 945 2043 999 ob
2092 952 2295 999 contu-

727 1032 945 1084 meliam
986 1033 1168 1088 adhuc
1215 1036 1295 1088 ira
1335 1047 1574 1090 mstuans
1608 1036 2104 1107 Orphanotrophus
2139 1050 2296 1089 rece-

727 1121 829 1175 dit.
863 1122 1000 1175 Tum
1031 1140 1162 1178 vero
1192 1126 1488 1194 imperator
1523 1126 1575 1180 in
1611 1128 1929 1182 manifestas
1974 1127 2295 1181 inimicitias

726 1214 991 1281 erumpit,
1039 1216 1309 1284 missaque
1351 1232 1488 1271 nave
1519 1232 1645 1271 euin
1671 1218 1861 1271 adesse
1883 1218 2060 1287 jubet,
2106 1229 2168 1271 ut
2196 1232 2293 1271 su-

728 1304 933 1373 perbia:
967 1321 1077 1359 sua:
1127 1307 1400 1361 rationem
1439 1308 1653 1370 reddat,
1693 1317 1749 1362 et
1778 1307 1844 1361 ad
1896 1307 2104 1378 regiam
2143 1310 2301 1363 navi-

729 1403 968 1461 gantem,
1012 1411 1077 1448 ex
1115 1397 1399 1466 superiore
1437 1399 1590 1461 loco,
1639 1406 1769 1450 nota
1805 1397 1871 1451 iis
1909 1412 1939 1451 a
1967 1398 2171 1466 quibus
2204 1413 2299 1452 ve-

731 1482 966 1536 hebatur
1011 1492 1237 1547 tessera,
1298 1486 1446 1539 aditu
1483 1486 1739 1553 prohibet
1790 1489 2087 1557 statimque
2136 1489 2300 1541 missa

733 1574 941 1629 triremi
980 1576 1256 1629 hominem
1304 1577 1503 1647 relegat
1533 1595 1546 1631 :
1584 1578 1691 1632 hoc
1721 1578 1885 1632 modo
1914 1588 2304 1633 remuneratus

731 1681 880 1729 cum,
933 1668 1088 1735 cujus
1127 1665 1395 1720 beneﬁcio
1449 1668 1683 1738 primum
1717 1670 1931 1731 Caesar,
1974 1678 2097 1737 post
2138 1670 2302 1724 etiam

736 1754 1039 1822 imperator
1077 1755 1256 1809 fuerat
1294 1754 1633 1824 designatus.
1691 1756 1865 1821 Quem
1895 1771 2019 1809 cum
2069 1756 2306 1810 amovis-

2393 577 2805 649 νωϐελλίσιμον,
2838 581 2931 635 καὶ
2959 584 3355 653 τραχυνθέντος
3403 588 3616 641 ἐκείνου
3671 590 3815 643 κατὰ
3856 592 3956 645 τοῦ

2404 668 2650 723 Ἰωάννου
2698 670 2794 724 τού
2840 670 3107 742 βασιλέως
3160 675 3410 741 ἐνώπιον,
3454 678 3485 730 6
3524 678 3780 751 Ἰωάννης
3843 684 3959 746 τοῖς

2393 761 2575 830 λόγοις
2604 761 2825 832 δηχθεὶς
2873 766 2965 818 καὶ
3010 765 3214 835 μᾶλλον
3254 768 3337 821 ὅτι
3384 767 3460 839 μὴ
3500 769 3635 839 πρὸς
3676 772 3768 825 τού
3801 772 3951 843 βασι-

2394 848 2530 911 λέως
2576 849 2664 902 διὰ
2730 850 2829 913 τάς
2888 852 3027 922 πρὸς
3079 853 3245 905 αὐτὸν
3284 853 3554 926 λοιδορίας
3581 859 3963 929 ἑπιτετίμητο,

2395 939 2811 1011 άπεδυσπέτησέ
2843 959 2902 993 τε
2931 945 3028 996 καὶ
3062 944 3253 1016 πόρρω
3282 962 3369 999 ποι
3397 948 3493 1000 τοῦ
3523 947 3717 1009 ἄστεος
3747 950 3966 1018 γέγονε.

2397 1031 2569 1084 Τοῦτο
2599 1031 2656 1084 δὲ
2679 1032 2941 1098 γνωσθὲν,
2958 1034 3088 1086 πολύ
3119 1053 3172 1088 τι
3200 1036 3299 1105 τῆς
3329 1038 3618 1104 γερουσίας
3642 1039 3808 1109 μέρος
3837 1058 3968 1094 συν-

2398 1123 2772 1190 επεσπάσατο,
2813 1123 2956 1177 ὥστε
3000 1124 3148 1196 αὐτῷ
3188 1130 3553 1199 προσφοιτᾷν,
3603 1132 3705 1186 οὐκ
3762 1132 3970 1203 εὐνοίᾳ,

2399 1212 2518 1266 ἀλλ’
2548 1213 2617 1265 ἶν’
2658 1214 2745 1283 ἐφ’
2792 1215 3021 1277 ἑαυτοὺς
3046 1217 3149 1287 τὴν
3178 1218 3347 1271 αὐτοῦ
3396 1220 3683 1289 εὐμένειαν
3733 1223 3971 1290 ἐφελκύ-

2402 1317 2625 1357 σωνται.
2659 1305 2767 1357 Καὶ
2798 1306 2825 1357 ὁ
2858 1305 3137 1376 βασιλεὺς,
3161 1310 3260 1378 τήν
3308 1310 3442 1379 πρὸς
3472 1311 3680 1364 ἐκεῖνον
3714 1314 3970 1368 συνέλευ-

2405 1410 2489 1445 σιν
2527 1394 2637 1446 τῶν
2669 1394 2883 1449 πολλῶν
2913 1397 3259 1467 εὐλαϐηθεὶς,
3309 1402 3397 1453 διά
3444 1405 3793 1473 γραμμάτων
3822 1407 3975 1476 αὐτῷ

2403 1482 2503 1554 τήν
2536 1485 2843 1554 ὑπεροψίαν
2892 1489 3299 1557 προσωνείδισε,
3339 1491 3434 1544 καὶ
3482 1494 3773 1563 κακοήθως
3814 1496 3973 1564 ήξίου

2403 1572 2711 1640 ἀφίξεσθαι.
2749 1574 2859 1627 Καὶ
2892 1576 2921 1628 6
2953 1577 3053 1646 μὶν
3097 1578 3183 1648 ᾔει
3206 1594 3221 1608 ⁶
3259 1579 3288 1631 6
3316 1578 3393 1646 δὲ,
3425 1582 3501 1649 μή
3531 1583 3832 1653 ἀναμείνας
3878 1584 3978 1637 τοῦ

2407 1666 2551 1719 θείου
2606 1667 2705 1736 τήν
2764 1668 2975 1737 ἄφιξιν,
3003 1673 3309 1740 πεπόρευτο
3353 1672 3489 1743 πρὸς
3517 1674 3870 1744 τδθέατρον·
3906 1671 3980 1746 ἧν

2408 1760 2519 1830 γάρ
2569 1759 2753 1829 ἡμέρα
2806 1760 2998 1824 ἵπποις
3049 1763 3471 1834 ἁμιλλητήριος.
3536 1764 3625 1828 Ὠς
3676 1765 3720 1817 δ’
3751 1764 3982 1820 ὲλθὼνό

734 1857 838 1906 set,
867 1856 1129 1915 cognatos
1169 1848 1393 1901 invadit.
1422 1856 1478 1900 et
1510 1847 1657 1900 viros
1706 1863 1814 1901 non
1844 1862 1974 1900 sexu
2004 1847 2304 1910 duntaxat,
2341 1869 2381 1922 Β

2289 1888 2304 1910 ,
2341 1869 2381 1922 Β
2411 1849 2554 1912 θεῖος
2585 1851 2685 1919 οὐχ
2725 1847 2850 1920 εὗρε
2876 1850 2968 1904 τὸν
3003 1851 3379 1921 βασιλεύοντα,
3412 1854 3491 1907 ἔτι
3510 1855 3587 1924 τῷ
3605 1854 3763 1924 θυμῷ
3791 1857 3966 1924 ὑπερ-

734 1938 827 1990 scil
864 1948 1024 1991 mtate
1062 1939 1225 1990 etiam
1259 1938 1516 1990 barbatos
1555 1939 1668 2008 jam
1715 1938 1943 1993 maritos
1995 1948 2051 1992 et
2095 1947 2302 2007 patres,

735 2020 982 2082 virilibus
1002 2030 1236 2084 exsectis
1268 2030 1554 2085 eunuchos
1589 2030 1739 2084 facit.

736 2122 945 2176 στέλλει
974 2125 1075 2192 νῆα
1106 2124 1348 2179 κελεύων
1384 2125 1534 2194 αὐτῷ
1561 2126 1626 2178 δι’
1658 2125 1826 2195 αὐτῆς
1855 2126 2037 2197 ἥξειν,
2072 2126 2301 2181 δώσοντι
2337 2126 2531 2194 λόγους
2598 2126 2695 2193 τῆς
2734 2126 2814 2187 είς
2857 2126 3066 2177 ἐκεῖνον
3096 2126 3422 2197 ὑπεροψίας.

2410 1940 2573 2004 ζέσας
2618 1939 2696 2002 ὼς
2732 1940 3193 2011 περιυϐρισμένος
3231 1941 3504 1997 ἐπάνεισι.
3538 1944 3698 1997 Καὶό
3723 1943 3982 2013 βασιλεὺς

2413 2028 2567 2098 αὐτῷ
2602 2030 2703 2099 τὴν
2732 2030 3059 2099 δυσμένειαν
3098 2032 3178 2093 είς
3215 2030 3492 2102 προῦπτον
3529 2034 3851 2103 ὲκρήγνυσι,
3884 2033 3984 2085 καὶ

3503 2126 3612 2178 Καὶ
3635 2127 3664 2179 6
3695 2127 3797 2195 μὲν
3823 2124 3985 2178 ἔπλει

736 2220 875 2288 πρὸς
924 2223 995 2273 τὰ
1028 2221 1278 2291 βασίλεια
1308 2236 1319 2249 ·
1353 2220 1381 2270 ὁ
1412 2221 1466 2272 δὲ
1508 2220 1766 2290 βασιλεὺς
1795 2221 2005 2273 ἄνωθεν
2035 2222 2123 2274 διά
2185 2238 2331 2283 τινος
2372 2219 2739 2289 συνθήματος,
2773 2217 2803 2271 δ
2861 2221 2974 2282 τοῖς
3024 2219 3220 2287 ἄγουσι
3263 2218 3355 2271 τὸν
3401 2218 3654 2288 Ἰωάννην
3689 2219 3981 2291 προέγνω-

752 2328 877 2373 στο,
910 2313 1098 2381 ἐπέχει
1149 2315 1212 2380 τῇ
1262 2312 1352 2381 νηῒ
1400 2313 1499 2381 τήν
1540 2315 1621 2375 είς
1677 2313 1745 2365 τά
1806 2312 2059 2382 βασίλεια
2103 2313 2380 2381 πάροδον·
2416 2311 2617 2364 αὐτίκα
2681 2310 2739 2363 δὲ
2793 2312 3026 2383 τριήρης
3084 2307 3388 2363 ἐπελθοῦσα
3444 2308 3710 2378 λαμϐάνει
3763 2310 3981 2363 τοῦτον»

734 2407 830 2458 καὶ
862 2405 1151 2474 ὑπερόριον
1187 2406 1390 2472 τίθησι.
1426 2403 1703 2466 Τοιούτοις
1726 2403 2002 2472 ἠμείψατο
2060 2403 2152 2456 τὸν
2207 2403 2507 2472 εὐεργέτην
2564 2403 2593 2455 6
2653 2403 2722 2455 δι’
2784 2403 2995 2456 ἐκείνου
3043 2403 3284 2472 Καῖσαρ,
3312 2397 3432 2454 εἶτα
3462 2403 3557 2455 καὶ
3588 2402 3840 2472 βασιλεὺς
3889 2420 3987 2470 γε·-

735 2496 926 2565 γονὼς.
970 2495 1121 2546 Ἐπεὶ
1146 2494 1189 2545 δ’
1220 2496 1425 2546 ἐκεῖνον
1456 2498 1519 2547 ἐκ
1544 2495 1710 2563 μέσου
1749 2494 2041 2564 πεποίηκε,
2076 2495 2287 2564 μέτεισι
2315 2494 2429 2565 (20)
2455 2495 2514 2547 τ’)
2554 2493 2836 2562 συγγενὲς,
2863 2494 2956 2546 καὶ
2991 2493 3191 2562 ἄνδρας
3214 2494 3338 2563 οὐχὶ
3363 2495 3431 2563 τῇ
3461 2495 3559 2563 τῆς
3596 2492 3809 2561 φύσεως
3842 2497 3986 2565 μάνη

735 2591 1005 2659 δηλωτικῇ
1041 2590 1310 2658 σημαπίᾳ,
1341 2590 1476 2642 ἀλλὰ
1515 2590 1606 2641 καὶ
1639 2591 1703 2659 τῇ
1743 2588 2085 2659 σημαινούσῃ
2110 2590 2235 2650 τοὺς
2261 2589 2551 2658 γήμαντας
2581 2590 2675 2641 καὶ
2700 2590 2781 2651 είς
2816 2588 2942 2651 τοὺς
2968 2587 3176 2656 ἀνδρῶν
3203 2587 3417 2656 ήλικίαν
3449 2587 3742 2649 ἐλάσαντας
3769 2588 3989 2659 ὑπηνή-

735 2700 831 2746 τας
860 2683 961 2752 ήδη
1011 2680 1106 2733 καὶ
1139 2680 1344 2733 παίδων
1390 2681 1683 2749 γεγονότας
1723 2679 1971 2751 πατέρας
2006 2681 2116 2734 τῶν
2154 2681 2495 2752 παιδογόνων
2533 2680 2738 2751 μορίων
2762 2683 3079 2750 ἀποστερεῖ,
3109 2680 3204 2733 καὶ
3239 2680 3496 2750 ἐκτομίας
3524 2681 3836 2751 ἐργάζεται.

806 2775 950 2830 XIX.
992 2773 1129 2828 Cum
1168 2772 1236 2825 de
1273 2781 1505 2841 cognato
1545 2772 1809 2842 sanguine
1857 2774 1929 2826 ita
1968 2774 2306 2843 triumphas-

738 2878 843 2932 set,
896 2881 1067 2922 unum
1129 2866 1236 2920 sibi
1285 2864 1656 2919 Ilerculanum
1690 2874 1968 2918 certamen
2017 2879 2308 2934 superesse

739 2972 914 3023 ratus,
948 2957 1318 3027 imperatricis
1349 2958 1515 3010 etiam
1550 2956 1853 3025 exigendae.
1905 2957 1970 3010 ad
2010 2956 2063 3010 id
2090 2971 2312 3026 quoque

739 3068 799 3105 se
832 3060 1007 3120 parat,
1044 3064 1208 3103 suasu
1255 3056 1312 3102 et
1360 3047 1594 3116 impulsu
1628 3046 1981 3102 Constantini
2025 3048 2309 3103 avunculi.

738 3141 913 3194 Filius
956 3139 1120 3208 igitur
1165 3138 1595 3207 ignobilissimos
1632 3147 2105 3199 contrarmatrem
2148 3138 2309 3192 nobi-

738 3233 999 3286 lissimam
1028 3244 1277 3282 rumores
1302 3230 1531 3297 spargit,
1571 3238 1627 3283 et
1659 3228 1890 3282 crimina
1937 3229 2312 3283 comminisci-

2484 2774 2587 2829 18⁸.
2632 2773 2721 2837 '0;
2749 2774 2807 2827 δὲ
2847 2774 2991 2826 κατά
3036 2772 3133 2826 τοῦ
3158 2774 3454 2843 ὁμογενοῦς
3479 2774 3709 2843 αἵματος
3742 2774 3990 2829 τοιοῦτον

2410 2866 2585 2936 ἤρατο
2632 2864 2922 2935 τρόπαιον,
2954 2864 3050 2917 ἕνα
3108 2865 3189 2917 ἔτι
3234 2865 3639 2937 περιλελεῖφθαι
3684 2866 3832 2938 αὐτῷ
3872 2871 3991 2923 ἑνό-

2418 2954 2578 3026 μιζεν
2621 2954 2947 3024 Ἡράκλειον
2980 2953 3194 3020 ἄεθλον,
3230 2955 3291 3007 τὺ
3324 2956 3416 3007 καὶ
3444 2954 3544 3026 τήν
3576 2956 3820 3025 βασιλίδα
3848 2959 3994 3011 ἀπο-

2417 3044 2818 3108 σκευάσασθαι,
2875 3044 2971 3096 καὶ
3020 3044 3160 3114 πρὸς
3210 3044 3404 3097 τοῦτον
3452 3045 3638 3098 λοιπὸν
3690 3046 3995 3101 ἀποδύεται

2415 3136 2679 3203 ἰνάγοντα
2733 3135 2871 3204 πρὸς
2916 3133 3147 3206 τοῦργον
3187 3135 3282 3187 καὶ
3324 3134 3415 3187 τὸν
3460 3134 3605 3187 θεῖον
3644 3134 3783 3204 ἔχων
3826 3137 3994 3189 Κων-

2417 3228 2693 3279 σταντίνον
2722 3226 2816 3276 καὶ
2843 3225 3259 3295 παραθήγοντα.
3295 3226 3590 3291 Λογοποιεῖ
3614 3226 3795 3280 τοίνυν
3822 3228 3995 3281 ὀδυσ-

741 3333 851 3385 tur,
890 3336 1122 3390 eamque
1175 3321 1447 3373 insontem
1498 3318 1796 3373 veneﬁcam
1841 3328 2036 3381 vocat,
2076 3319 2311 3387 vitaeque
2336 3317 2382 3379 C
2416 3335 2418 3343 ί

2336 3317 2382 3379 C
2416 3316 2741 3383 γενέστατος
2792 3316 2924 3376 παῖς
2972 3315 3111 3366 κατὰ
3155 3313 3255 3381 τῆς
3306 3315 3705 3385 εὐγενεστάτης
3750 3317 3989 3388 μητρὸς,

739 3429 853 3468 θυῖε
908 3411 1155 3466 insidiari
1195 3411 1466 3479 queritur.
1522 3410 1589 3463 Et
1636 3409 1768 3479 quid
1817 3409 2072 3479 ambages
2116 3410 2312 3478 agam?

738 3500 903 3570 Ejieit
935 3517 1055 3556 eam
1102 3500 1250 3570 regia
1288 3510 1343 3554 et
1385 3500 1439 3554 in
1489 3499 1760 3569 Principis
1806 3499 2039 3553 insulam
2082 3500 2308 3570 relegat,

738 3591 978 3661 denique
1016 3593 1152 3645 bene
1183 3591 1251 3645 de
1291 3606 1349 3644 se
1376 3590 1625 3643 meritam
1659 3588 1870 3651 tondet,
1894 3588 2172 3658 aliumque
2218 3590 2314 3642 ha-

741 3683 915 3737 bitum
956 3698 1176 3737 sumere
1199 3683 1365 3752 cogit,
1400 3691 1455 3735 et
1490 3698 1590 3751 pro
1624 3696 1870 3751 purpura
1901 3696 2023 3749 quae
2046 3680 2115 3734 ab
2139 3682 2315 3734 atavis

741 3775 867 3829 inde
909 3776 984 3829 illi
1018 3777 1408 3837 conveniebat,
1440 3775 1717 3828 lacernam
1768 3773 2023 3827 induere.
2069 3773 2188 3838 Quo
2222 3772 2313 3827 ille

743 3863 913 3927 facto,
947 3867 1101 3934 quasi
1150 3866 1314 3918 rebus
1348 3864 1607 3917 omnibus
1641 3862 1908 3917 confectis
1951 3848 2108 3915 laeuis
2147 3870 2314 3930 atque

744 3955 1004 4017 insolens,
1035 3956 1247 4009 lusibus
1284 3963 1341 4010 et
1384 3954 1598 4009 deliciis
1643 3968 1702 4007 se
1747 3952 2003 4006 dedebat.
2040 3950 2311 4005 Cazterutn

744 4045 986 4098 vindicta
1032 4061 1140 4099 non
1182 4046 1511 4109 dormitans,
1558 4043 1814 4098 celeriter
1846 4042 2097 4110 iniquum
2146 4051 2203 4095 et
2239 4043 2319 4094 ἰη-

747 4147 964 4207 gratum
1002 4139 1284 4191 hominem
1327 4146 1410 4191 est
1448 4144 1721 4191 assecuta.
1771 4135 1904 4187 Nam
1940 4132 2183 4187 facinore
2224 4133 2318 4187 illo

748 4230 803 4283 in
832 4231 967 4284 urbe
999 4230 1240 4299 vulgato,
1274 4240 1463 4283 omnes
1498 4236 1721 4283 mmslos
1747 4235 1803 4281 et
1835 4227 2018 4280 tristes
2045 4234 2163 4279 erat
2196 4239 2319 4279 cera

761 4337 921 4386 nere,
969 4337 1071 4376 nec
1125 4337 1283 4375 secus
1325 4333 1487 4390 atque
1532 4323 1588 4374 in
1628 4320 1849 4390 propria
1895 4319 2206 4372 calamitate
2242 4315 2321 4371 af-

748 4412 939 4466 fectos.
986 4412 1227 4466 Tandem
1273 4415 1435 4466 etiam
1459 4412 1709 4466 convicia
1746 4411 1802 4464 in
1835 4420 2127 4481 tyrannum
2151 4408 2318 4478 iacie-

747 4504 899 4558 bant.
935 4504 1215 4557 Mulierem
1243 4520 1375 4558 vero
1407 4514 1584 4557 ccetus
1613 4502 1889 4570 lugebant,
1929 4509 1984 4554 et
2015 4497 2323 4567 imperatri-

746 4611 866 4649 cem
898 4597 1186 4649 vocabant.
1243 4597 1528 4649 Postremo
1581 4603 1693 4647 tota
1743 4594 1937 4647 civitas
1987 4594 2042 4646 in
2084 4589 2318 4645 manife-

747 4696 887 4738 stam
941 4687 1124 4755 erupit
1177 4684 1529 4739 scditionem.
1583 4685 1650 4737 Et
1707 4693 1767 4738 ut
1816 4683 2101 4736 audaciam
2166 4682 2317 4736 illius

749 4774 1174 4837 ulciscerentur,
1210 4775 1319 4829 vita
1346 4776 1593 4845 neglecta
1623 4773 1891 4844 quidquid
1920 4780 2042 4827 erat
2064 4772 2311 4835 obvium,

748 4879 815 4918 co
846 4864 1008 4935 245
1033 4863 1285 4920 dexteras
1312 4876 1609 4931 armantes,
1655 4866 1723 4919 ad
1770 4866 1975 4934 regiam
2020 4877 2319 4918 concurre-

752 4968 901 5009 runt.
948 4957 1101 5010 Illum
1136 4974 1264 5011 vero
1296 4959 1565 5027 principio
1602 4966 1784 5011 motus
1808 4955 1996 5026 populi
2031 4969 2137 5008 non
2173 4955 2313 5008 adeo

752 5046 1075 5108 commovit,
1123 5048 1217 5099 sed
1253 5061 1374 5100 cum
1403 5047 1618 5115 plebem
1650 5044 1837 5099 furere
1872 5044 2099 5106 videret,
2148 5057 2321 5112 seque

2418 3408 2515 3459 καὶ
2548 3405 2855 3475 συμπλέκει
2887 3405 3011 3456 κατ’
3041 3406 3213 3474 αὐτῆς
3250 3405 3575 3474 αἰτιάματα,
3603 3407 3902 3476 φάρμακόν
3928 3425 3997 3460 τε

2417 3496 2595 3562 καλεῖ,
2628 3495 2722 3549 καὶ
2762 3494 3142 3549 ὲπιδουλεύειν
3179 3495 3347 3548 αὐτοῦ
3395 3499 3461 3567 τῇ
3507 3497 3620 3567 ζωῇ
3661 3497 3761 3567 τῆς
3808 3498 3996 3550 άθώου

2419 3589 2740 3657 κατηγορεῖ.
2790 3589 2899 3638 Καὶ
2945 3587 2998 3638 τί
3047 3586 3130 3639 δεῖ
3156 3586 3390 3650 κύκλους
3440 3590 3704 3653 ἑλίττεινς
3766 3590 4000 3652 Ἐξωθεῖ

2418 3679 2532 3731 τῶν
2581 3678 2869 3747 βασιλείων
2902 3677 3092 3746 αὐτὴν,
3125 3679 3219 3730 καὶ
3273 3679 3574 3749 περιορίζει
3602 3683 3668 3749 τῇ
3712 3681 3864 3750 νήσῳ
3899 3682 4001 3734 τού

2421 3771 2733 3841 Πρίγκιπος
2757 3771 3051 3841 λεγομένῃ,
3082 3771 3178 3824 καὶ
3208 3770 3359 3832 τέλος
3397 3771 3684 3841 ἀποκείρει
3715 3772 3813 3844 τὴν
3840 3774 4002 3841 chap.

2422 3866 2600 3932 γέτιν,
2634 3864 2729 3917 καὶ
2757 3864 3221 3933 μεταμφιέννυσι,
3272 3864 3366 3913 καὶ
3389 3863 3511 3915 ἀντὶ
3544 3866 3641 3931 τῆς
3675 3866 3739 3916 ἐκ
3793 3881 4002 3932 ι-ρογο⁹

2419 3956 2540 4017 νίας
2569 3956 2961 4025 προσηκούσης
3012 3955 3149 4022 αὐτῇ
3183 3954 3470 4022 πορψύρας
3518 3953 3816 4007 ἐνδιδύσκει
3870 3971 3999 4024 τρι-

2421 4046 2635 4100 ϐώνιον.
2681 4048 2788 4099 Καὶ
2810 4046 2838 4097 6
2870 4046 2992 4114 μὲν,
3033 4047 3109 4107 ὡς
3136 4046 3239 4116 ήδη
3290 4044 3351 4097 τὸ
3394 4047 3504 4097 πᾶν
3536 4045 3773 4114 ἡνυκὼς,
3807 4046 4003 4115 ἔχαιρέ

2420 4154 2481 4191 τε
2510 4138 2607 4191 καὶ
2633 4136 2839 4207 γαῦρος
2869 4130 3043 4200 ὧπτο,
3108 4136 3207 4189 καὶ
3233 4135 3473 4197 παιδιαῖς
3520 4136 3714 4188 ἑαυτὸν
3754 4138 4002 4189 ἐπέδωκε

2421 4228 2519 4281 καὶ
2562 4230 2823 4297 τρυφαῖςο
2856 4228 2889 4297 ή
2944 4226 3000 4278 δὲ
3026 4226 3149 4297 δίκη
3190 4226 3290 4278 οὐκ
3315 4226 3699 4291 ὲπενύσταξεν,
3749 4227 3867 4279 ἀλλ’
3898 4228 4005 4280 αὐ-

2420 4319 2547 4372 τίκα
2582 4318 2819 4389 μετῆλθε
2852 4317 2940 4370 τὸν
2988 4318 3290 4386 ἀλιτήριον.
3337 4316 3427 4379 '0;
3467 4317 3577 4386 γὰρ
3616 4316 3677 4369 τὸ
3718 4319 3849 4384 περὶ
3901 4317 4006 4386 τὴν

2425 4409 2677 4479 βασιλίδα
2708 4409 2895 4478 δρᾶμα
2920 4410 3033 4469 τοῖς
3065 4409 3123 4459 ἐν
3150 4409 3217 4476 τῇ
3250 4407 3408 4458 πόλει
3448 4408 3782 4476 κεκήρυκτο,
3816 4409 4005 4477 κατή-

2425 4520 2586 4572 φειαν
2614 4499 2682 4573 ἦν
2736 4502 2868 4572 ὁρᾷν
2915 4501 3067 4572 παρά
3095 4501 3231 4553 πᾶσι
3262 4500 3354 4551 καὶ
3387 4498 3845 4568 σκυθρωπότητα,
3900 4499 4000 4551 καὶ

2424 4597 2499 4659 ὼς
2530 4599 2590 4649 ἑν
2612 4596 2796 4665 οἰκεία
2845 4593 3104 4665 συμφορᾷ
3152 4591 3418 4644 διετίθετο
3460 4591 3715 4655 ἕκαστος,
3750 4589 3875 4642 εἶτα
3906 4591 4007 4643 καὶ

2433 4690 2683 4760 φανερῶς
2717 4686 3084 4758 ἐλοιδοροῦντο
3126 4686 3203 4756 τῷ
3234 4693 3654 4755 τυραννήσαντι.
3688 4686 3755 4738 Αἱ
3788 4685 3846 4737 δὲ
3904 4703 4006 4753 γυ-

2425 4782 2613 4843 ναῖκες
2684 4780 2780 4832 καὶ
2832 4778 3062 4849 θρήνους
3106 4778 3374 4831 συνίστων
3418 4775 3859 4845 ἀνακαλούμεναι
3903 4778 4008 4846 τὴν

2427 4870 2768 4940 βασίλισσαν.
2825 4870 2934 4945 καὶ
2981 4870 3134 4932 τέλος
3188 4870 3269 4931 εἰς
3322 4869 3513 4921 στάσιν
3557 4868 3801 4937 φανεράν
3840 4868 4007 4939 άνερ-

2429 4964 2680 5035 ράγησαν
2735 4963 2787 5015 οι
2844 4962 2943 5031 τῆς
2998 4962 3207 5023 πόλεως
3242 4960 3580 5029 ξύμπαντες.
3635 4959 3744 5012 Καὶ
3775 4958 3869 5012 ἴνα
3914 4960 4008 5010 τὸν

2427 5057 2728 5127 τολμητίαν
2776 5054 3223 5125 τιμωρήσωνται,
3264 5054 3441 5115 οὐδεὶς
3468 5050 3716 5120 ἐφείδετο
3770 5052 3875 5121 τῆς
3927 5051 4005 5103 oi-

1870 5173 2072 5236 νοτία)
2090 5174 2404 5236 lectiones
2446 5181 2508 5234 et
2564 5180 2758 5233 notos.

824 5294 937 5362 (-20)
984 5296 1245 5359 Μέτεισι,
1281 5301 1389 5347 etc.
1424 5292 1637 5347 Pscllus
1669 5309 1681 5345 :
1725 5292 1785 5342 Ὀ
1832 5290 1891 5362 δὲ
1926 5288 2324 5362 ᾼσαλευὸμενος,

750 5358 893 5435 ὀρῶν
921 5358 1130 5435 ίάκμὴν
1173 5358 1350 5433 ἐαυτῷ
1392 5364 1487 5435 τῆς
1528 5362 1727 5435 ἀρχῆς,
1760 5359 2048 5435 κμξίᾼπῆξαι
2084 5358 2317 5435 βεβαίω-

759 5426 843 5486 σιν
883 5434 985 5485 οὐκ
1015 5426 1263 5501 ἐχὶυσαν.
1303 5426 1534 5501 κρύπτει
1567 5426 1756 5501 μὲνίέν
1784 5428 1935 5498 βάθει
1989 5428 2098 5501 τῆς.
2140 5426 2321 5501 ψυχῆς

753 5507 814 5554 τὸ
845 5496 1135 5572 κακόηθες,
1158 5496 1457 5571 θεραπείαν
1486 5501 1541 5552 δὲ
1568 5496 1725 5569 ’πρὸς
1749 5496 1819 5572 Δτὸ
1874 5496 2142 5572 συγγενὲς
2190 5498 2329 5572 ὑπο-

756 5567 1021 5641 κρίνεταιζ
1077 5572 1172 5625 καὶ
1218 5567 1337 5632 ταῖς
1406 5567 1692 5641 μεγίσταις
1749 5567 2323 5641 λαμπρύνειλτιμαϊέ.

763 5594 788 5623 l'.
832 5594 1021 5629 ινεται,
1077 5594 1172 5625 και
1218 5594 1337 5632 ταις
1406 5594 1691 5641 μεγιῖῐταις
1752 5594 2058 5636 Λαμῖιρυνιι
2119 5594 2323 5634 uiuas"

763 5594 993 5694 "Emam
1018 5641 1240 5710 ῥηγνύει
1265 5642 1324 5692 τὸ
1371 5640 1795 5710 καταπέτασμα.
1848 5639 1962 5710 τὰς
2000 5635 2169 5710 πύλας
2226 5636 2326 5710 τῆς

758 5713 983 5780 καρδίας
1012 5706 1440 5775 ἀναπετάννυσι,
1473 5711 1567 5762 καὶ
1595 5706 1920 5780 τδνξὲκεῖσε
1944 5706 2188 5780 δείκνυσι
2227 5707 2328 5780 ὲμ-

759 5775 1074 5848 ςωλεύοντα
1104 5781 1394 5851 δράκοντα,
1425 5782 1515 5832 καὶ
1541 5778 1644 5847 πρὸ
1676 5778 1784 5831 τῶν
1842 5777 2040 5839 ἄλλων,
2071 5775 2166 5825 ἐπὶ
2202 5776 2330 5835 τοὺς

2433 5287 2668 5345 οἰκείους
2708 5284 2996 5350 συγγενεῖς
3025 5283 3123 5365 τῆς
3151 5280 3722 5365 κακίαςαίὸνελέκκε-νοῖ,
3764 5281 3877 5363 καί⁵
3911 5278 4004 5365 οὐς

2423 5356 2520 5424 μὲν
2576 5348 2843 5424 ὑπερορίᾳ
2886 5348 3273 5424 καταδικάσας,
3324 5348 3518 5424 οὐς
3566 5351 3674 5401 τῶν
3745 5349 4004 5424 παιὲυγόο

2419 5423 2527 5478 νων
2599 5423 2823 5493 μορίων
2894 5423 3346 5493 ἀποτεμόμενος,

2421 5490 2800 5563 ἔχονταςίκαλ.
2832 5493 3007 5553 υίὲας,
3052 5492 3207 5563 ὄντας
3244 5493 3443 5563 τοκεῖς,
3474 5491 3871 5563 στεςξανοφορεῑ
3900 5490 3996 5538 καὶ

2422 5562 2829 5633 λαμπρύνεται,
2849 5563 2910 5612 ού
2937 5563 3049 5631 Περ

2423 5626 2544 5685 οὐδὲ
2574 5626 2624 5685 τι
2646 5632 2926 5702 βάρϐαρον
2958 5626 3281 5702 άτΞελαύνων
3321 5629 3509 5702 φύλον,
3558 5626 3693 5680 ἀλλὰ
3715 5630 3843 5689 τοὺς
3909 5627 4001 5695 ἀφ’

3433 5421 3530 5489 ήδη
3609 5435 3711 5470 που
3785 5422 4001 5485 γενεξας

3059 5562 3154 5612 sia
3202 5559 3601 5623 anai.tbv,036'
3667 5560 3998 5624 Ἀντίγονον,

2429 5699 2661 5774 αἵματος
2695 5699 2731 5753 ὁί
2751 5699 3023 5770 δυσμενὴς
3055 5699 3589 5767 καταγωνισάμενος.
