4248 6442
758 456 866 526 22']

2025 450 2350 513 JOANNIS
2382 447 2707 509 ZONARIE

3916 429 4027 494 228

761 586 926 627 mano
964 571 1112 627 Boila
1141 571 1455 626 instructas.
1483 570 1534 624 ls
1565 569 1651 624 vir
1679 567 1948 622 obscurus
1979 574 2119 624 erat.
2148 565 2336 634 lingua
2368 566 2409 620 Α

2452 561 2667 630 ιρέιτωρ
2727 557 3034 628 ἐφώρασεν,
3090 557 3159 628 ἢν
3225 551 3504 624 Ῥωμανδς
3549 550 3578 603 ὁ
3627 546 3822 604 Bona;
3873 559 4034 598 συνε-

761 661 1080 728 semimuta,
1109 673 1164 716 ct
1196 660 1247 714 vi
1282 660 1569 714 articulate
1605 656 1865 727 loquendi
1899 655 2184 718 destituta,
2215 668 2338 722 paro

765 755 861 806 tim
898 763 1106 807 natura:
1155 753 1327 812 vitio.
1373 752 1568 821 partim
1620 750 1969 804 simulatione
2011 755 2066 801 et
2113 745 2339 799 aﬂ‘ecta-

767 848 938 906 tione.
963 862 1070 915 qua
1101 846 1324 900 insitum
1354 843 1459 898 sibi
1495 843 1687 897 vilium
1714 840 1966 911 augebat.
1993 838 2072 893 Eo
2118 837 2340 891 homine

769 938 1065 1006 imperator
1091 937 1212 1005 plus
1245 951 1409 1005 quam
1444 936 1558 989 ullo
1580 935 1688 988 alio
1711 933 2119 994 delectabatur,
2149 943 2206 982 et
2236 945 2338 982 nu-

766 1045 864 1099 gas
894 1031 1038 1084 illius
1094 1043 1383 1100 perperam
1410 1036 1467 1082 et
1498 1026 1722 1081 confuse
1771 1024 2050 1095 loquentis
2087 1022 2344 1076 omnibus

770 1122 894 1173 aliis
927 1121 1299 1190 voluptatibus
1341 1117 1668 1189 praeferebat
1701 1131 1714 1169 :
1753 1117 1896 1170 unde
1937 1118 2010 1170 Ita
2061 1113 2345 1179 familiaris

772 1210 849 1263 illi
881 1211 1059 1265 factus
1091 1220 1195 1274 est,
1237 1219 1296 1264 ut
1329 1210 1525 1279 quavis
1568 1210 1701 1264 hora
1746 1207 1899 1261 illum
1947 1204 2244 1260 convenire
2289 1211 2347 1257 et

770 1301 972 1368 alloqui
1010 1302 1260 1356 auderet.
1305 1301 1420 1356 Nec
1457 1300 1642 1354 minus
1690 1299 1766 1352 illi
1807 1311 2122 1368 gynaeceum
2177 1310 2344 1366 quam

771 1389 1117 1458 imperatoris
1151 1395 1409 1447 conclave
1445 1392 1685 1461 patebat,
1713 1389 2154 1460 quandocunque
2193 1388 2345 1441 vale-

771 1481 883 1541 bat.
920 1494 977 1538 et
1002 1487 1255 1554 utrinque
1286 1486 1334 1538 ei
1372 1485 1580 1540 divitia:
1611 1484 1928 1544 afﬂuebant.
1960 1482 2033 1535 ita
2073 1491 2131 1535 ut
2157 1481 2285 1534 licet
2317 1495 2346 1533 a

772 1579 982 1644 triviis,
1011 1579 1080 1631 ad
1120 1581 1455 1632 senatorium
1487 1577 1758 1646 fastigium
1784 1577 2008 1630 evectus
2051 1583 2196 1628 esset
2224 1591 2239 1627 :
2284 1589 2348 1626 ea

772 1679 956 1724 tamen
987 1671 1244 1724 felicitate
1279 1686 1387 1724 non
1419 1678 1732 1733 contentus,
1759 1683 1984 1737 regnum
2021 1666 2186 1719 etiam
2216 1679 2350 1718 con-

773 1763 1026 1832 cupiscit.
1070 1763 1234 1830 idque
1269 1762 1372 1815 sibi
1414 1761 1699 1817 vindicare
1746 1759 2063 1820 contendit,
2117 1757 2352 1827 impera-

775 1862 894 1908 tore
923 1853 1229 1908 interfecto.
1263 1853 1412 1919 Quos
1443 1853 1610 1922 igitur
1658 1851 1975 1920 imperatori
2026 1850 2165 1903 male
2211 1850 2349 1903 velle

775 1946 1004 2004 sciebat.
1049 1945 1118 1999 iis
1142 1960 1400 1999 arcanum
1437 1943 1768 2013 detegebat:
1810 1941 1901 2010 qui
1957 1941 2002 1993 si
2044 1941 2349 1994 orationem

776 2037 896 2106 ejus
935 2035 1265 2104 probarent,
1300 2048 1396 2087 eos
1429 2048 1621 2102 magna
1671 2047 1769 2100 spe
1824 2031 2103 2101 proposita
2152 2029 2218 2083 ad
2272 2029 2353 2082 fa-

774 2128 933 2180 cinus
964 2123 1342 2180 confirmabat.
1376 2123 1471 2176 Sin
1502 2138 1629 2177 eum
1655 2130 1910 2177 conatum
1937 2131 2350 2182 aversarentur,

775 2217 994 2279 aiebat,
1047 2231 1106 2269 se
1159 2215 1210 2269 id
1271 2215 1514 2270 tentandi
1562 2215 1736 2284 gratia
1769 2214 1996 2274 dixisse.
2043 2220 2109 2266 ut
2156 2226 2350 2269 eorum

777 2308 938 2362 fidem
967 2323 1094 2377 erga
1123 2307 1503 2376 imperatorem
1532 2303 1840 2374 exploraret
1859 2343 1874 2366 ,
1913 2318 2218 2372 eorumque
2266 2302 2352 2356 in-

775 2401 1028 2470 tegritate
1057 2399 1389 2460 collaudata.
1421 2396 1861 2453 benevolentiam
1901 2396 2124 2450 illorum
2171 2395 2352 2464 impe-

776 2491 945 2546 ratori
997 2501 1324 2547 testaturum
1375 2499 1564 2546 sancte
1610 2488 1935 2543 atlirmabat.
1980 2487 2118 2543 Cum
2166 2495 2351 2542 autem

774 2585 855 2638 sic
899 2583 1188 2653 plerosque
1235 2591 1515 2645 tractaret,
1561 2581 1830 2652 coniurati
1879 2581 1997 2651 ejus
2056 2595 2170 2634 rem
2205 2579 2352 2634 facil-

774 2675 905 2731 lime
934 2689 1092 2745 posse
1117 2673 1314 2729 confici
1343 2673 1731 2742 opinabantur.
1764 2672 1877 2726 Nec
1899 2672 2047 2726 enim
2082 2672 2135 2724 in
2178 2671 2355 2740 impe-

777 2767 979 2820 ratoris
1016 2766 1283 2820 duntaxat
1313 2765 1653 2822 cubiculum.
1709 2765 1827 2833 ipso
1867 2764 2176 2818 dormiente
2202 2801 2219 2826 ,
2259 2771 2356 2818 aut

775 2869 903 2910 cum
935 2853 1283 2922 imperatrice
1313 2853 1584 2914 cubante,
1617 2851 1826 2906 homini
1880 2852 2099 2920 patebat
2147 2851 2352 2915 aditus,

778 2945 873 3000 sed
905 2954 963 2998 et
998 2945 1344 2998 occultorum
1391 2943 1640 2996 adituum
1687 2943 1869 2998 claves
1912 2941 2138 2997 creditae
2170 2951 2352 2997 erant.

776 3037 958 3104 Quare
988 3037 1214 3091 omnino
1238 3035 1508 3090 destinata
1552 3043 1846 3090 exsecutus
1891 3035 2126 3100 fuisset,
2170 3035 2276 3089 nisi
2324 3051 2354 3090 a

777 3127 1015 3198 quodam
1049 3141 1114 3180 ex
1155 3127 1394 3180 consciis
1429 3125 1679 3184 delatus.
1725 3125 1782 3178 in
1821 3124 2109 3179 manifesto
2148 3125 2355 3180 scelere

779 3218 1154 3286 deprehensus
1203 3228 1385 3278 esset,
1433 3217 1673 3285 gladium
1728 3216 1904 3285 ipsum
1963 3217 2142 3270 adhuc
2196 3217 2357 3286 260
2383 3261 2426 3318 ϐ

780 3317 1008 3370 tenens,
1042 3324 1152 3378 quo
1203 3309 1588 3377 imperatorem
1638 3323 2003 3376 percussurus
2051 3317 2187 3361 erat.
2236 3311 2352 3361 (ἐξε-

780 3405 960 3452 teruni
1017 3399 1130 3468 ipse
1164 3397 1234 3451 ob
1265 3398 1410 3452 illius
1444 3399 1751 3452 vecordiam
1800 3398 1980 3450 nullas
2023 3413 2212 3465 poenas
2263 3398 2358 3452 de-

780 3486 884 3549 dit,
911 3487 1232 3541 insidiarum
1261 3488 1498 3541 consciis
1526 3487 1791 3540 duntaxat
1817 3486 2086 3555 supplicio
2119 3486 2354 3543 allectis.

780 3577 880 3632 llic
921 3580 1217 3648 imperator
1247 3594 1371 3633 cum
1396 3593 1458 3634 se
1499 3577 1792 3648 benignum
1821 3586 1877 3631 et
1910 3577 2185 3633 liberalem
2227 3593 2356 3647 per-

780 3671 960 3724 hiberi
1007 3671 1191 3733 vellet,
1251 3670 1306 3722 in
1356 3684 1423 3723 eo
1477 3677 1660 3723 tamen
1712 3683 1890 3737 neque
1945 3678 2118 3722 artem
2176 3683 2357 3738 neque

780 3760 1005 3813 modum
1052 3760 1342 3814 adhiberet
1392 3797 1410 3826 ,
1455 3777 1485 3814 a
1536 3760 1740 3815 virtute
1819 3761 2235 3829 magnificentiae
2300 3761 2356 3814 in

779 3848 974 3901 vitium
1006 3848 1341 3916 profusionis
1383 3857 1470 3903 est
1519 3848 1833 3904 devolutus.
1878 3849 2156 3904 Publicam
2206 3851 2357 3907 enim

785 3937 1078 4005 pecuniam
1107 3938 1179 3991 ita
1208 3937 1632 4008 dilargiebatur,
1664 3948 1726 3994 ut
1774 3954 1954 4008 neque
1981 3940 2184 4008 quibus
2207 3983 2222 4001 .
2259 3955 2358 3998 lie-.-

780 4042 889 4096 que
922 4038 1188 4096 quantum
1209 4070 1225 4091 ,
1277 4044 1456 4096 neque
1490 4031 1710 4098 quando
1759 4039 1908 4086 esset
1958 4031 2312 4086 tribuendum
2339 4071 2356 4098 ,

778 4119 1124 4174 observaret.
1172 4121 1307 4174 Nam
1339 4137 1463 4176 cum
1523 4122 1914 4188 Manganorum
1962 4124 2355 4179 monasterium

781 4211 1117 4265 edificaret.
1166 4215 1311 4282 quod
1368 4217 1440 4267 ob
1506 4216 1811 4269 adamatam
1879 4215 2208 4271 Sclerzenam
2277 4219 2361 4271 in-

785 4301 1011 4356 choasse
1039 4303 1246 4367 fertur,
1280 4314 1338 4359 ut
1377 4322 1494 4360 eam
1525 4317 1639 4361 tum
1685 4308 1737 4361 in
1771 4307 2072 4378 Cynegesio
2109 4309 2362 4362 habitan-

788 4403 918 4456 tem,
952 4408 1051 4461 per
1073 4396 1314 4463 speciem
1353 4408 1650 4452 structura:
1679 4399 2030 4467 inspicienda
2051 4441 2066 4462 ,
2111 4402 2360 4456 crebrius

783 4479 990 4534 viseret
1021 4521 1034 4542 ,
1065 4482 1195 4536 tisco
1233 4492 1288 4536 et
1337 4486 1569 4552 publicis
1614 4487 1887 4541 thesauris
1932 4490 2248 4556 exhaustis,
2289 4491 2358 4544 ad

2443 657 2700 726 στήσατο.
2762 651 2873 707 Ἦν
2927 653 2975 707 δ’
3032 646 3193 714 οὗτος
3245 650 3358 702 τῶν
3417 647 3654 716 ἀσήμων
3697 640 3873 711 ίάνὴρ,
3929 637 4032 690 καὶ

2441 747 2540 818 τὴν
2598 747 2852 816 γλῶσσαν
2929 740 3077 813 εἶχεν
3135 743 3456 812 ἡμίφωνον,
3522 735 3646 806 μηδ’
3697 737 3817 788 οταν
3868 730 4034 800 ὀρθο-

2446 841 2626 903 επεῖν,
2648 837 3066 893 ὀλισθαίνουσαν
3105 835 3149 887 δ’
3205 836 3264 886 ἐν
3293 834 3410 894 sal;
3437 829 3706 902 ὁμιλίαις,
3736 828 3830 881 καὶ
3857 826 4032 878 ἀνεπ-

2443 928 2680 997 αίσθητα
2727 932 2840 992 τοῖς
2865 929 3165 998 ἀκροατσίς
3190 924 3607 994 φθεγγομένην.
3651 919 3826 974 Τοῦτο
3866 916 3912 968 δ’
3963 911 4037 981 ἦν

2442 1021 2506 1074 τὸ
2561 1019 2663 1088 μὲν
2713 1020 3001 1090 ἐλάττωμα
3033 1017 3285 1088 φυσικὸν,
3321 1017 3383 1070 τὸ
3408 1016 3467 1070 δέ
3515 1011 3884 1084 προσποίησις
3929 1009 4032 1063 καὶ

2448 1110 2646 1182 σκηνὴ,
2694 1111 2794 1181 τὴν
2837 1111 2932 1181 τῆς
2988 1110 3206 1179 φύσεως
3254 1107 3592 1176 διαμαρτίαν
3638 1107 3706 1176 τῇ
3737 1102 4035 1173 ὑποκρίσει

2446 1203 2542 1256 τοῦ
2593 1203 2934 1275 σκηνουργοῦ
2986 1203 3372 1264 ἐπιτείνοντος.
3403 1200 3496 1271 Τῷ
3553 1199 3787 1268 τοιούτῳ
3838 1198 4032 1251 τοίνυν

2448 1295 2602 1368 ἀνδρὶ
2632 1295 2707 1357 ὡς
2736 1296 2914 1352 οὐδενί
2963 1312 3041 1363 τῳ
3082 1296 3113 1346 ὀ
3163 1294 3420 1366 βασιλεὺς
3462 1293 3643 1365 ἥδετο,
3697 1292 3798 1345 καὶ
3823 1293 3875 1344 εί
3909 1290 4037 1359 διη-

2453 1387 2781 1458 μαρτημένα
2841 1389 2938 1442 καὶ⁵
2995 1388 3346 1459 ἀδιάρθρωτα
3406 1388 3576 1459 ἤκουε
3649 1385 4039 1455 φθεγγομένου

2451 1479 2638 1536 uiso-3.
2702 1481 2841 1547 ὑπὲρ
2888 1482 3071 1540 πᾶσαν
3123 1482 3309 1548 ἡγεῖτο
3359 1479 3460 1542 τὰς
3515 1477 3726 1531 ἐκείνου
3765 1475 4042 1546 φλυαρίας

2450 1570 2853 1638 γλυκυθυμίαν.
2934 1573 3046 1625 Καὶ
3107 1571 3253 1628 οὕτω
3311 1570 3401 1625 διὰ
3461 1571 3637 1625 ταῦτα
3691 1570 3770 1640 τῷ
3823 1569 4042 1637 βασιλεῖ

2452 1659 2865 1730 προσῳκείωτο,
2919 1661 2997 1724 ὡς
3048 1661 3228 1714 πάντα
3279 1661 3473 1728 καιρὸν
3533 1657 3677 1715 εῖναι
3735 1660 3888 1729 αὐτῷ
3939 1661 4042 1727 τῆς

2452 1751 2586 1818 πρὸς
2607 1754 2822 1806 ἐκεῖνον
2852 1753 3062 1806 εἰσόδου
3108 1755 3204 1806 καὶ
3264 1755 3365 1822 τῆς
3417 1752 3737 1816 ἐντεύξεως.
3787 1753 3900 1807 Καὶ
3936 1751 4042 1820 οὐχ

2451 1842 2626 1905 οὕτως
2664 1843 2814 1914 αὐτῷ
2858 1845 2926 1896 τὰ
2978 1845 3110 1916 περὶ
3155 1845 3252 1897 τὸν
3302 1847 3556 1916 ἀνδρῶνα
3595 1845 3849 1907 διέκειτο,
3896 1845 3930 1912 ἡ
3982 1841 4043 1894 δέ

2453 1934 2842 2000 γυναικωνῖτίς
2904 1935 2954 1987 oi
2981 1936 3397 2000 ἀπεκέκλειστο,
3427 1935 3526 1988 ἀλλ
3578 1935 3766 1997 ἄνετος
3789 1929 3858 2006 ἦν
3887 1931 4043 2000 αὐτῷ

2454 2025 2707 2093 κάκείνη.
2749 2028 2846 2085 καὶ
2887 2026 2966 2079 ὅτ’
2991 2027 3246 2087 ἐϐούλετο
3284 2028 3538 2097 βάσιμος.
3591 2026 3686 2080 καὶ
3735 2029 3764 2079 ὀ
3808 2023 4044 2086 πλοῦος

2457 2116 2686 2186 ἐπίρρει
2717 2118 2796 2187 τῷ
2822 2118 2980 2188 ἀνδρὶ
3025 2119 3389 2190 ἑκατέρωθεν,
3430 2119 3528 2174 καὶ
3575 2121 3641 2173 ἐκ
3666 2118 3778 2171 τῶν
3809 2117 4044 2186 τριόδων

2453 2207 2852 2277 ἀναρπασθεὶς,
2904 2210 2987 2272 είς
3033 2209 3207 2279 αὐτὴν
3257 2209 3471 2281 ἀνήχθη
3505 2209 3609 2278 τὴν
3659 2206 4044 2275 συγκλητικὴν

2455 2299 2727 2368 κορυφήν.
2774 2299 2835 2353 '0
2866 2299 2924 2352 δέ
2985 2300 3087 2353 οὐκ
3145 2301 3341 2371 ἠγάπα
3395 2299 3591 2354 τοῦτον
3639 2298 4045 2367 εὐδαιμονήσας

2454 2392 2544 2442 τὸν
2596 2392 2838 2461 τρόπον,
2901 2393 3040 2449 ἀλλὰ
3097 2393 3196 2448 καὶ
3242 2395 3344 2465 τῆς
3414 2393 3690 2465 βασιλείας
3744 2393 3848 2463 ἐρᾷ
3872 2429 3888 2453 ,
3943 2391 4047 2445 καὶ

2459 2480 2660 2551 μελετᾷ
2715 2482 2924 2552 ταύτην
2985 2482 3169 2554 ἐαυτῷ
3245 2487 3612 2554 προσνεῖμαι,
3676 2483 3894 2543 κτείνας
3946 2479 4046 2534 τδν

2455 2572 2855 2642 αὐτοκράτορα.
2911 2576 3021 2629 Καὶ
3071 2575 3166 2638 οὓς
3221 2576 3340 2646 ᾔδει
3387 2576 3614 2638 δύσνους
3669 2572 3748 2644 τῷ
3802 2573 4042 2644 βασιλεῖ.

2453 2663 2668 2728 τούτοις
2719 2667 2782 2719 τὸ
2834 2667 3153 2738 ἀπόρρητον
3201 2670 3567 2724 ἀνεκάλυπτε.
3599 2667 3706 2722 Καὶ
3756 2666 3885 2727 τοὺς
3940 2664 4047 2729 μὲν

2455 2753 2547 2805 τδν
2589 2752 2750 2823 λὸγον
2822 2757 3218 2828 προσιεμένους
3282 2757 3551 2826 μεγάλαις
3622 2755 3836 2808 ἐλπίσιν
3889 2753 4047 2817 ἐξατο

2459 2864 2589 2918 ρωνο
2653 2849 2790 2917 πρὸς
2842 2849 3074 2918 τοῦργον
3142 2849 3433 2921 ἐρώννυεν.
3489 2849 3550 2904 ΕΙ
3592 2848 3650 2902 δέ
3725 2863 3870 2908 τινες
3945 2847 4046 2896 καὶ

2457 2940 2594 3011 πρὸς
2638 2942 2740 3008 τὴν
2797 2941 3109 3012 προσϐολὴν
3167 2941 3590 3009 ἐδυσχέραινον,
3649 2940 3678 2994 ὁ
3729 2939 3788 2990 δέ
3840 2939 4044 3005 πεῖραν

2457 3031 2610 3100 ἔλεγε
2636 3031 2728 3084 τὸν
2755 3031 2915 3100 λόγον
2952 3035 3353 3101 προσαγαγεῖν,
3407 3032 3495 3084 ἵνα
3543 3029 3656 3100 γνῷ
3685 3030 3784 3097 τὴν
3812 3027 4044 3080 ἐκείνων

2459 3124 2646 3176 πίστιν
2691 3122 2792 3190 τὴν
2827 3125 2906 3186 είς
2955 3124 3048 3176 τὸν
3073 3123 3475 3193 αὐτοκράτορα,
3523 3124 3619 3174 καὶ
3673 3117 3864 3189 ἐπῄνει
3914 3119 4048 3180 τοὺς

2459 3217 2656 3285 ἄνδρας
2710 3219 2807 3285 τῆς
2866 3216 3183 3277 διαθέσεως.
3240 3216 3336 3269 καὶ
3390 3215 3656 3284 γνωρίσαι
3699 3212 3778 3281 τῷ
3831 3209 4051 3278 βασιλεῖ

2460 3310 2649 3373 εύνους
2671 3311 2819 3379 αὐτῷ
2848 3311 3142 3378 τυγχάνειν
3176 3309 3474 3376 διώμνυτο.
3534 3305 3595 3359 '0
3643 3306 3740 3374 μὲν
3773 3299 3868 3355 οὖν
3895 3302 4047 3354 οὕτω

2461 3401 2651 3471 μετῄει
2681 3402 2805 3460 τοὺς
2853 3401 3131 3461 πλείονας,
3163 3400 3259 3452 καὶ
3289 3401 3338 3451 οἱ
3372 3398 3567 3467 ἐκείνῳ
3611 3395 4049 3465 συνομοσάμενοι

2459 3493 2634 3562 ῥᾷστα
2691 3493 2749 3544 τὸ
2803 3491 3077 3561 βούλευμα
3110 3490 3280 3560 ᾤοντο
3314 3489 3571 3559 γενέσθαι
3621 3489 3906 3553 ἀνύσιμον.
3965 3485 4046 3534 υύ

2462 3585 2623 3650 μόνον
2654 3583 2758 3653 γὰρ
2783 3585 2813 3653 ἡ
2847 3583 2983 3654 πρὸς
3001 3583 3094 3635 τὸν
3125 3581 3405 3654 βασιλικὸν
3428 3581 3679 3634 κοιτωνῖσ
3718 3596 3776 3631 οι
3806 3577 4050 3645 πάροδος

2462 3673 2656 3742 ἐκείνῳ
2707 3676 2892 3734 ἄνετος
2942 3669 3032 3741 ἦν,
3090 3673 3194 3724 κᾶν
3247 3671 3437 3741 ἔτυχεν
3497 3672 3794 3724 ὑπνώτιων
3837 3669 4053 3736 6,816-

2459 3764 2606 3827 λεὺς,
2635 3763 2738 3817 κᾶν
2788 3765 2886 3818 καὶ
2937 3760 3004 3835 τῇ
3059 3764 3294 3832 βασιλίδι
3340 3763 3619 3824 συνίαυεν,
3657 3761 3792 3812 ἀλλὰ
3819 3761 4051 3820 καὶτὰς

2461 3859 2571 3909 τῶν
2609 3859 2939 3930 ἀπορρήτων
2972 3856 3194 3910 εἰσόδων
3252 3857 3402 3918 κλεῖς
3445 3855 3874 3925 ἐμπεπίστευτο.
3937 3854 4052 3906 Καὶ
4100 3846 4108 3854 ’

2463 3945 2604 4016 ἤχθη
2635 3948 2701 3999 διν
2751 3948 2830 4008 εἰς
2871 3946 3034 4015 ἔργον
3080 3947 3142 3998 τὸ
3176 3944 3507 4008 διαὸούλιον,
3559 3946 3607 3998 εί
3643 3945 3720 4014 μή
3780 3961 3862 4007 τις
3915 3944 4052 3996 αὐτὸ

2460 4038 2541 4104 τῷ
2607 4037 2818 4106 βασιλεῖ
2875 4038 3224 4107 κατεμήνυσε
3283 4037 3392 4090 τῶν
3445 4037 3900 4105 κοινωνησάντων
3949 4035 4050 4088 τοῦ

2464 4129 2809 4197 σκέμματος.
2870 4129 3023 4182 Ἥλω
3079 4129 3261 4182 τοίνυν
3323 4127 3410 4181 ἐπ’
3469 4127 3929 4208 αὐτοφώρῳ.καὶ
3985 4129 4050 4180 τὸ

2464 4220 2614 4287 ξίφος
2666 4220 2800 4272 αὐτὸ
2851 4220 3102 4289 κατέχων
3147 4215 3191 4285 ᾧ
3239 4219 3329 4271 τὸν
3379 4219 3765 4288 αὐτοκράτορα.
3818 4218 4051 4284 agas.”

2461 4312 2663 4364 αὐτίκα
2715 4304 3182 4380 διαχειρίσασθαι.
3255 4310 3395 4362 Ἀλλ’
3452 4312 3480 4362 ὁ
3540 4310 3636 4377 μὲν
3697 4311 3790 4362 διὰ
3834 4312 3896 4361 τὸ
3949 4311 4048 4361 τοῦ

2464 4401 2796 4469 κρατοῦντος
2847 4400 3164 4471 ἀϐέλτερον.
3210 4401 3366 4454 οὐδὲν
3418 4401 3632 4467 ὑπέστη
3691 4402 3937 4467 ἀνιαρὸν,
3997 4403 4048 4452 οἱ

2461 4493 2520 4545 δὲ
2568 4496 2668 4557 τῆς
2727 4491 3021 4560 ἐπιϐουλῆς
3069 4492 3265 4560 ἐκείνῳ
3295 4493 3611 4560 συνίστορες
3666 4493 3767 4544 οὐκ
3817 4493 4049 4560 ἔμεινεν

788 4569 1030 4636 pecuniae
1065 4572 1303 4640 impiam
1337 4573 1591 4634 redactus
1614 4617 1629 4638 ,
1658 4591 1761 4630 nec
1806 4577 2013 4632 illicitis
2059 4580 2362 4649 qumstibus
2394 4598 2426 4653 ι]

2467 4581 2832 4650 ἁτιμὼρητοι.
2883 4573 3057 4641 Οὗτος
3127 4583 3155 4633 ὁ
3215 4579 3474 4648 βασιλεὺς
3529 4581 3814 4649 φιλότιμος
3863 4582 4050 4633 δοκεῖν

784 4657 1067 4713 abstinuit.
1102 4662 1206 4715 Sed
1235 4679 1358 4717 eum
1402 4667 1700 4733 provincia:
1725 4670 1973 4737 quaedam
2018 4681 2204 4725 essent
2252 4674 2356 4727 im-

787 4764 1000 4813 munes,
1036 4767 1156 4820 quae
1208 4770 1307 4822 pro
1345 4757 1604 4812 omnibus
1653 4760 2055 4829 vectigalibus,
2111 4763 2358 4819 locorum

785 4843 1064 4907 angustias
1093 4853 1398 4909 tuerentur,
1427 4858 1482 4902 et
1513 4849 1778 4903 Barbaros
1807 4851 1958 4903 aditu
1992 4852 2359 4908 Romanarum

789 4926 1060 4982 ditionum
1107 4935 1509 5000 prohiberent:
1551 4940 1818 4992 custodiis
1859 4941 2117 5004 abolitis,
2154 4943 2360 4997 tributa

787 5016 855 5070 iis
896 5019 1195 5087 provinciis
1240 5024 1571 5094 imperavit:
1599 5029 1744 5082 unde
1795 5029 2050 5085 Barbaris
2095 5036 2214 5086 sine
2251 5035 2361 5086 ullo

787 5108 1007 5174 negotio
1056 5121 1372 5181 patuerunt.
1424 5117 1562 5172 lllud
1609 5131 1762 5174 certe
1815 5121 2080 5190 quidem,
2132 5124 2176 5177 si
2233 5126 2360 5193 quis

783 5211 913 5252 vere
955 5205 1303 5272 consideret,
1342 5208 1394 5261 ei
1438 5221 1724 5279 acceptum
1771 5212 1902 5266 ferri
1952 5223 2170 5284 potest,
2212 5215 2360 5285 quod

783 5287 980 5345 Oriens
1009 5291 1180 5349 Marte
1203 5296 1500 5354 Barbarico
1531 5310 1616 5354 est
1646 5303 1928 5358 subactus.

2460 4672 2663 4724 ἐθέλων
2695 4674 2788 4723 καὶ
2819 4670 3152 4742 ἐλευθέριοε,
3190 4676 3264 4741 μὴ
3303 4671 3508 4741 μετιὼν
3544 4672 3603 4724 δὲ
3635 4672 3734 4724 σὺν
3763 4674 4048 4743 ἐπιστήμῃ

2458 4762 2558 4823 τὴν
2614 4761 2820 4831 ἀρετὴν
2871 4761 2947 4822 ὡς
2997 4763 3188 4830 ἐχρῆν,
3249 4763 3328 4821 εἰς
3377 4761 3578 4814 κακίαν
3636 4761 3840 4826 ταύτην
3879 4771 4052 4832 μετή-

2459 4866 2672 4915 νεγκεν.
2720 4848 2868 4901 ’Λντὶ
2907 4849 3015 4918 γὰρ
3049 4851 3530 4920 μεγαλοπρεπείας
3570 4852 3649 4911 εἰς
3683 4855 3930 4904 ἀσωτίαν
3963 4873 4048 4920 μι.

2459 4941 2844 5002 τακεκύλιστο,
2908 4940 3031 4992 οὔτε
3085 4935 3163 5002 οἷς
3219 4942 3326 4993 ἔδει
3375 4946 3633 5011 παρέχων
3685 4945 3750 4994 τὰ
3811 4945 4049 5012 anguiis

2463 5036 2723 5104 χρήματα
2780 5031 2906 5085 οὔτε
2965 5033 3178 5101 ὅσαπερ
3223 5033 3331 5084 ἔδει
3380 5032 3492 5084 οῧυ⁹
3543 5035 3631 5086 ὅτε
3682 5035 3878 5104 χρεών.
3937 5038 4052 5089 Καὶ

2463 5121 2562 5188 τὴν
2593 5121 2761 5189 μονὴν
2810 5120 2868 5172 δὲ
2915 5120 3014 5190 τὴν
3066 5121 3176 5173 τῶν
3226 5123 3541 5188 Μαγγάνων
3592 5123 3706 5192 (40)
3740 5125 4050 5193 οἰκοδομῶν

2467 5211 2714 5280 (λέγεται
2736 5212 2793 5263 δὲ
2820 5211 2917 5279 τῆς
2952 5211 3244 5280 οἰκοδομῆς
3282 5213 3556 5281 ἄρξασθαι
3591 5213 3682 5266 διὰ
3710 5214 3806 5283 τὴν
3834 5217 4052 5285 ἐρωμέ-

2467 5320 2564 5372 νην
2611 5303 2784 5372 αὐτῷ,
2831 5305 2932 5372 τὴν
2976 5304 3318 5373 Σκλήραιναν
3367 5303 3531 5373 λέγω.
3557 5303 3622 5357 ἶν’
3653 5305 3838 5378 ἐκείνῃ
3877 5325 4052 5378 προισ-

1971 5441 2165 5502 νδιὶω
2198 5442 2502 5507 lectiones
2549 5455 2611 5509 et
2642 5461 2806 5509 noue

857 5550 968 5630 (ill)
1016 5551 1372 5630 Mpriirusér
1432 5554 1791 5625 llandrwr.
1844 5560 1912 5615 Ut
1958 5564 2011 5616 in
2066 5567 2353 5621 condendo

784 5621 820 5677 S
884 5622 1098 5702 Georgii
1123 5623 1189 5675 ad
1212 5623 1481 5702 .Mangana
1518 5621 1849 5702 monasterio
1885 5633 2098 5701 imperii
2130 5637 2354 5691 thesau-

785 5708 874 5744 ros
937 5693 1251 5770 exhauserit
1287 5693 1724 5770 .MOIIOIIIEICIIIIS,
1773 5693 2019 5770 qualisve
2082 5711 2248 5759 Illt‘l‘ll
2293 5721 2348 5762 et

785 5775 949 5838 quam
978 5762 1263 5838 magnifica
1286 5763 1434 5838 illius
1457 5762 1757 5838 structura,
1788 5762 1897 5838 pra:
1923 5779 2138 5828 ueteris
2160 5789 2344 5832 narrat

782 5831 1011 5886 Michael
1044 5831 1278 5900 Paullus,
1298 5833 1392 5890 lib.
1427 5852 1457 5890 v
1488 5835 1624 5894 llist.
1671 5831 1993 5913 utsin-nequc
2024 5847 2075 5898 in
2105 5862 2167 5900 ea
2195 5857 2336 5901 dun-

2465 5579 2634 5632 taxat,
2655 5573 2751 5623 Sed
2787 5580 2842 5624 et
2875 5573 2928 5624 in
2959 5569 3084 5624 aliis
3116 5569 3228 5624 Deo
3255 5570 3338 5624 vel
3377 5571 3583 5624 sanctis
3610 5571 3811 5626 dicatis
3833 5572 4052 5629 aedibus

2459 5644 2812 5694 exstruvndis
2836 5662 2847 5696 ;
2875 5641 3006 5695 Εἶτα
3036 5641 3098 5709 δὴ
3132 5641 3229 5712 καί
3265 5645 3586 5709 πρυτανεῖον
3625 5643 3744 5694 vi);
3773 5644 4051 5712 ἐπῳκοδό-

2460 5728 2621 5777 μησε.
2664 5713 3099 5782 πτωχοτρουείυν
3144 5710 3299 5763 τοῦτο
3324 5712 3805 5781 επονομάσας.καὶ
3841 5710 4050 5782 χρυσοῦ

2457 5781 2638 5847 ῥεῦμα
2702 5780 2956 5834 sas-305v
3017 5780 3152 5835 πολὺ
3210 5783 3320 5845 τοῖς
3372 5780 3559 5836 ἀσκεῖν
3637 5780 4050 5853 προῃρημένος

2451 5853 2679 5921 αφὴκεν.
