4248 6442
675 364 787 423 251

2025 365 2352 426 JOANNIS
2398 365 2739 426 ΖΟΝΑΒιΕ

3960 373 4085 431 252

683 495 915 549 toribus
975 499 1198 566 agente,
1243 495 1509 551 funditus
1567 511 1825 552 eversam
1884 512 2013 553 esse
2078 499 2325 563 constat,

2441 498 2573 568 γὼν,
2620 493 2768 558 ὅπως
2823 517 2882 551 τε
2928 496 3018 551 καὶ
3073 499 3201 572 παρ’
3258 495 3330 552 ὧν
3376 500 3411 568 ἡ
3471 494 3739 568 ἐπιϐουλή
3798 501 4083 556 συνεσκεῦ-

680 582 840 637 nullo
870 599 1029 638 mare
1059 582 1280 639 relicto.
1315 584 1502 655 Hujus
1534 585 1713 656 igitur
1729 587 1999 656 majores,
2024 589 2087 639 ut
2119 587 2319 655 fertur,

679 688 711 725 a
744 671 960 727 femina
991 673 1245 743 quadam
1279 673 1563 744 originem
1614 675 1925 729 duxerunt.
1986 673 2147 729 Unde
2204 690 2318 727 non

677 777 993 830 germanus
1053 761 1241 816 Ducas
1301 763 1668 831 censebatur,
1747 764 1846 817 sed
1926 762 2317 833 promiscuus,

677 850 1020 918 c0gnatione
1055 849 1151 905 illa
1182 851 1337 906 velut
1367 852 1713 906 adulterata.
1743 854 1938 923 Itaque
1971 871 2003 907 a
2027 852 2320 923 plerisque

677 954 791 992 non
825 939 976 993 273
1012 944 1220 1005 Ducas,
1253 940 1351 994 sed
1389 940 1652 995 Ducitzes
1712 958 1813 1012 per
1869 941 2318 994 diminutionem

676 1027 1012 1081 vocabatur.
1073 1028 1353 1083 Caeterum
1440 1029 1528 1083 vir
1580 1028 1710 1100 pius
1770 1030 1878 1083 fuit
1925 1045 2062 1100 erga
2114 1034 2316 1096 Deum,

676 1117 941 1170 moribus
974 1117 1593 1187 commodis,justitia3
1651 1135 1879 1181 amans,
1937 1118 2035 1174 sed
2084 1117 2319 1189 ingenio

676 1205 843 1260 tardo
890 1210 945 1260 et
994 1205 1222 1273 hebeti;
1266 1211 1322 1261 et
1351 1212 1416 1262 ut
1463 1207 1534 1263 iis
1592 1206 2007 1276 delectabatur,
2067 1222 2318 1278 quorum

676 1298 939 1364 spectata
964 1300 1089 1349 erat
1146 1295 1469 1366 integritas,
1501 1297 1583 1351 sic
1632 1297 1940 1367 pecuniam
1972 1313 2151 1368 supra
2191 1310 2321 1349 mo-

677 1381 819 1435 dum
867 1383 1124 1449 amabat,
1204 1388 1260 1439 et
1348 1383 1602 1440 rationes
1661 1385 2044 1455 excogitabat,
2104 1384 2320 1455 quibus

677 1470 895 1525 multos
930 1472 1237 1527 thesauros
1265 1479 1648 1527 coacervaret.
1670 1474 2056 1535 Quamobrem
2090 1472 2321 1526 duabus

678 1562 851 1615 rebus
884 1578 1159 1633 magnum
1209 1564 1499 1634 impendit
1557 1565 1843 1631 studium,
1901 1580 2151 1635 quarum
2204 1580 2322 1617 una

677 1653 819 1715 erat,
856 1655 918 1704 ut
943 1651 1177 1721 publica
1197 1652 1505 1722 vectigalia
1536 1659 1791 1724 augeret,
1824 1669 2008 1724 eaque
2045 1652 2115 1706 de
2146 1668 2323 1706 causa

678 1737 873 1793 curias
902 1738 1226 1794 rationibus
1267 1741 1598 1811 quaestoriis
1647 1741 1971 1796 destinatas
2015 1740 2329 1812 quibusvis

675 1829 987 1894 vendebat,
1017 1834 1074 1883 et
1113 1829 1480 1900 vectigalium
1532 1831 1933 1886 collectionem
1992 1829 2322 1901 publicanis

679 1933 808 1971 cum
842 1925 1006 1986 pacto
1031 1918 1270 1972 auetarii
1302 1920 1601 1986 credebat;
1634 1919 1833 1988 altera,
1896 1924 1961 1974 ut
1990 1924 2322 1975 controver-

680 2005 797 2060 sias
822 2007 1069 2074 audiret,
1095 2010 1152 2062 et
1180 2008 1411 2063 decreta
1449 2007 1748 2063 scriberet.
1808 2008 2024 2064 Verum
2084 2008 2141 2062 in
2189 2008 2326 2078 jure

680 2095 927 2150 dicendo
960 2113 1073 2151 non
1106 2113 1339 2167 semper
1368 2098 1701 2169 preseripta
1730 2098 1926 2170 legum
1958 2099 2326 2164 observabat,

684 2185 782 2238 sed
816 2184 1029 2239 alicubi
1069 2186 1248 2241 etiam
1308 2190 1433 2242 erat
1488 2203 1592 2258 pro
1647 2187 1871 2242 ratione
1914 2186 2205 2253 voluntas,
2265 2178 2330 2240 ut

685 2275 1060 2328 commutatis
1090 2273 1331 2331 calculis
1365 2276 1421 2330 in
1455 2276 1890 2346 pronuntiando
1946 2290 2327 2348 personarum

685 2362 969 2419 rationem
1002 2364 1262 2437 haberet.
1286 2365 1417 2419 Jam
1437 2370 1499 2420 ut
1529 2370 1653 2421 erat
1668 2370 1840 2421 tenax
1869 2370 1926 2421 et
1958 2380 2327 2437 pareus,cum

681 2450 879 2508 animo
909 2470 1017 2510 suo
1048 2453 1375 2524 constituit,
1409 2455 1563 2510 nolle
1592 2472 1653 2510 se
1684 2453 1852 2510 bellis
1881 2453 2332 2523 conllictari,sed

680 2545 884 2611 gentes
917 2542 1263 2598 muneribus
1306 2549 1364 2599 et
1394 2544 1522 2599 aliis
1581 2543 1876 2616 obsequiis
1928 2543 2241 2611 devincire,
2272 2546 2331 2599 et

682 2632 947 2686 Romano
977 2631 1220 2702 imperio
1270 2632 1682 2701 reconciliare;
1715 2650 1833 2704 qua
1891 2649 1951 2689 re
2006 2634 2121 2689 duo
2179 2649 2334 2687 com-

684 2720 859 2773 moda
886 2721 1230 2788 venabatur,
1257 2721 1507 2776 alterum
1543 2738 1614 2776 ne
1647 2721 1814 2792 plura
1846 2722 1903 2776 in
1954 2721 2332 2793 expeditioni-

684 2810 796 2863 bus
827 2814 1235 2864 consumeret:
1272 2813 1546 2875 alterum,
1579 2814 1644 2865 ut
1676 2826 1777 2882 per
1808 2826 2111 2865 summum
2144 2809 2330 2864 otium

683 2896 1058 2953 cumulandis
1108 2898 1404 2953 thesauris
1469 2898 1820 2970 invigilaret.
1876 2901 1956 2954 Ita
2015 2901 2209 2966 fiebat,
2269 2902 2333 2953 ut

681 2985 1275 3058 militarescatalogos
1314 2987 1653 3059 negligeret,
1678 3004 1745 3044 ac
1764 2988 1956 3059 potius
1984 2988 2331 3045 fortissimos

682 3092 946 3145 quosque
976 3077 1048 3131 ob
1085 3076 1361 3146 stipendii
1396 3077 1861 3148 magnitudinem
1894 3077 2131 3133 deleret.
2169 3077 2332 3133 Unde

681 3164 918 3219 Barbari
955 3165 1262 3221 ferociores
1295 3167 1653 3222 evadebant:
1688 3167 1956 3222 Romanae
1988 3183 2121 3223 vero
2150 3166 2331 3239 legio-

683 3270 789 3309 nes
822 3254 1147 3310 timidiores
1178 3260 1234 3310 et
1264 3254 1633 3323 humiliores,
1670 3260 1844 3327 atque
1874 3255 2188 3328 imperium
2224 3256 2331 3311 mi-
2364 3238 2407 3306 C

684 3344 996 3398 nuebatur.
1031 3344 1177 3399 Nam
1212 3345 1410 3400 multa:
1469 3351 1595 3399 tum
1658 3344 1982 3401 Orientales
2027 3346 2336 3417 provinciae

683 3432 900 3503 partim
952 3433 1385 3505 diripiebantur
1440 3439 1496 3489 et
1542 3436 1949 3502 vastabantur,
2003 3436 2213 3508 partim
2266 3435 2337 3491 ab

686 3522 957 3577 hostibus
988 3522 1447 3593 occupabantur.

2430 603 2580 652 αστο,
2636 581 2793 659 ἔγνω,
2852 584 2942 638 καὶ
3013 584 3138 646 τοὺς
3212 584 3419 647 αἰτίους

3503 589 3535 655 ἡ
3549 588 3647 658 μύν
3657 609 3751 643 ατο
3829 591 3989 662 στερνή
3998 610 4081 643 σει

2433 671 2569 745 μόνῃ
2620 677 2726 726 τῶν
2778 672 2996 728 οὐσιῶν.
3032 674 3204 736 Οὗτος
3255 676 3282 728 ὁ
3336 672 3587 749 βασιλεὺς
3635 675 3795 752 ηὔχει
3850 679 3968 748 μὲν,
4002 679 4080 738 ὡς

2428 760 2513 814 ἐπὶ
2556 761 2848 836 προγονοις
2892 767 3008 824 τοῖς
3055 761 3223 816 παλαι
3280 763 3349 837 τῇ
3394 769 3502 818 τῶν
3533 767 3746 819 Δουκῶν
3800 767 4084 837 κεκλημέ-

2426 871 2540 910 νοις
2627 840 2925 923 ἐπωνυμίᾳ,
2982 856 3062 922 τῷ
3118 851 3446 927 Ἀνδρονίκῳ
3530 851 3769 924 δηλαδὴ,
3820 854 3911 908 καὶ
4000 853 4083 925 τῷ

2431 938 2742 1014 Πανθτ,ρίῳ,
2775 939 2861 993 καὶ
2920 939 3004 994 ἐπὶ
3062 940 3277 1005 τούτοις
3324 947 3401 1013 τῷ
3452 944 3863 1016 Κωνσταντίνῳ.
3897 941 4087 999 Ἀλλὰ

2424 1030 2522 1081 105
2578 1029 2765 1101 γένους
2815 1027 3028 1083 ἐκείνων
3078 1028 3246 1085 πάλαι
3305 1032 3519 1085 πανοικὶ
3581 1029 4082 1106 ἐξολοθρευθίντος,

2429 1115 2518 1169 ὅτε
2574 1116 2601 1169 6
2658 1119 3060 1180 Κωνσταντῖνος
3141 1116 3409 1195 τυραννίδι
3496 1119 3907 1196 ἐπικεχείρηκεν
3978 1121 4083 1191 (ὡς

2428 1203 2728 1277 ἔμπροσθεν
2778 1204 3009 1281 εἶ’ρηται)
3067 1211 3164 1262 105
3231 1211 3743 1285 Πορφυρογεννήτου
3798 1215 4086 1264 Κωνσταν-

2427 1291 2578 1346 τίνου
2606 1291 2701 1347 105
2733 1291 2925 1356 παιδὸς
2954 1299 3050 1350 105
3082 1294 3306 1357 ἄνακτος
3335 1299 3585 1364 ⁵λέοντος,
3612 1298 3709 1352 105
3756 1292 4085 1376 Φιλοσόιξου

2430 1381 2598 1455 φημὶ,
2637 1382 3037 1458 βασιλεύοντος,
3097 1384 3185 1439 καὶ
3249 1386 3353 1440 ὑπὸ
3413 1384 3737 1461 ἱπιτρόπους
3793 1384 4087 1448 τελοῦντος

2432 1469 2507 1525 ἔτι
2569 1469 2657 1525 διὰ
2696 1473 2794 1540 τήν
2846 1473 3171 1544 νηπιότητα,
3215 1475 3303 1529 καὶ
3361 1472 3592 1548 μηδενὸς
3646 1475 3869 1551 ἄρρενος
3926 1497 4085 1551 περι-

2432 1559 2766 1636 λειφθέντος.
2803 1563 2896 1618 Ἐκ
2951 1562 3176 1632 Θηλείας
3230 1565 3399 1633 τινος,
3434 1566 3505 1625 ὡς
3564 1563 3748 1639 λόγος,
3783 1566 3833 1618 οἱ
3883 1566 4087 1618 τούτου

2431 1653 2733 1725 κατήγοντο
2790 1651 3071 1727 πρόγονοι,
3123 1652 3240 1706 ὅθεν
3323 1650 3451 1707 οὐδὲ
3504 1657 3707 1714 Δοῦκας
3768 1651 4085 1728 λελόγιστο,

2430 1740 2678 1815 καθαρὸς,
2727 1739 2851 1795 ἀλλ’
2896 1740 3178 1813 ἑπίμικτος
3231 1741 3319 1795 καὶ
3378 1737 3880 1814 κεκιϐδηλευμένην
3933 1738 4084 1816 ἔχων

2429 1831 2528 1896 τὴν
2587 1830 2723 1904 πρὸς
2780 1828 2907 1891 τοὺς
2976 1830 3178 1892 Δούκας
3249 1832 3577 1905 συγγένειαν.
3637 1830 3729 1884 Διὸ
3796 1830 3884 1883 καὶ
3959 1835 4083 1890 τοῖς

2431 1915 2675 1972 πλείοσιν
2731 1917 2793 1971 οὗ
2851 1917 3075 1988 Δούκας,
3135 1918 3430 1988 Δουκίτζης
3652 1916 3699 1973 δ’
3762 1918 4089 1991 ὑποκοριζό-

2438 2027 2595 2080 μενος
2653 2005 3030 2080 ἐπωνὸμαστο.
3090 2008 3192 2065 Ἦν
3252 2005 3310 2062 δὶ
3365 2009 3393 2062 6
3449 2008 3585 2084 ἀνὴρ
3635 2009 3703 2062 τὰ
3754 2009 3891 2083 πρὸς
3948 2008 4082 2062 Θεὸν

2436 2093 2680 2164 εὐσεϐής,
2739 2097 2801 2150 τὸ
2875 2096 3009 2163 ἦθος
3078 2095 3341 2168 ἐπιεικής,
3401 2094 3750 2168 δικαιοσύνης
3824 2097 4083 2171 ἑραστὴς,

2435 2186 2534 2253 τήν
2593 2185 2817 2259 γνώμην
2869 2182 2928 2239 δὲ
2980 2187 3189 2261 νωθρὸς
3260 2185 3349 2241 καὶ
3400 2181 3642 2260 ἀμϐλὺς,
3702 2184 3910 2261 χαίρων
3970 2191 4089 2245 τοῖς

2440 2269 2526 2326 ἐπὶ
2613 2270 2732 2339 βίου
2813 2272 3275 2347 μαρτυρουμένοις
3363 2275 3675 2346 σεμνότητι,
3735 2272 3982 2335 ἐκτόπως
4045 2271 4090 2326 δ’

2440 2360 2901 2434 ἰρασιχρήματος,
2961 2361 3051 2416 καὶ
3135 2364 3337 2437 πόρους
3415 2362 3646 2419 ιπινοῶν
3733 2362 3884 2425 ὅπως
3941 2363 4093 2435 αὐτῷ

2437 2452 2672 2527 γένοιντο
2738 2448 2943 2505 πολλοὶ
3009 2452 3291 2526 θησαυροί.
3341 2453 3499 2510 ’Όθεν
3561 2452 3650 2507 καὶ
3702 2454 3809 2528 πρὸ
3863 2453 4091 2507 πάντων

2441 2539 2516 2602 εἷς
2576 2537 2671 2594 δύο
2729 2539 2893 2594 ταῦτα
2948 2539 3215 2596 κατέτεινε
3264 2543 3364 2611 τήν
3423 2538 3689 2611 σπουδὴν,
3743 2539 3827 2602 εἴς
3881 2562 3942 2596 τε
3994 2542 4094 2609 τὴν

2438 2633 2545 2683 τῶν
2580 2626 2863 2701 δημοσίων
2893 2625 3074 2705 φόρων
3107 2629 3418 2701 ἐπαύξησιν,
3459 2628 3544 2685 διὸ
3599 2631 3689 2686 καὶ
3744 2630 3812 2686 τὰ
3868 2631 4095 2705 ἀρχεῖα,

2438 2719 2506 2773 τὰ
2535 2718 2660 2780 τοὺς
2705 2717 3042 2796 φορολόγους
3093 2716 3588 2795 λογοπραττοῦντα,
3621 2719 3806 2790 ὠνητὰ
3854 2725 4096 2794 παρεῖχε

2438 2813 2555 2868 τοῖς
2610 2806 2992 2882 βουλομένοις,
3037 2807 3126 2862 καὶ
3178 2807 3444 2869 τελώναις
3499 2811 3598 2877 τὴν
3653 2807 3940 2882 συλλογὴν
3989 2813 4099 2863 τῶν

2442 2896 2621 2972 φόρων
2678 2893 2765 2950 ἐπὶ
2825 2898 3113 2966 συνθήκαις
3171 2901 3497 2972 προσθηκῶν
3556 2896 3879 2953 ἐνεπίστευε.
3942 2901 4098 2968 Πρῶ-

2438 3005 2531 3040 τον
2596 2985 2689 3057 μὶν
2749 2982 2839 3039 05v
2892 2987 3041 3039 1051'
3073 2984 3258 3059 ἐκείνῳ
3315 2986 3381 3054 ἦν
3438 2984 3760 3059 σπούδασμα
3795 3003 3806 3016 ’
3843 2983 4099 3061 δεύτερον

2443 3073 2500 3129 δὲ
2544 3070 2708 3128 δικῶν
2734 3069 2987 3150 ἀκρόασις
3044 3074 3136 3128 καὶ
3192 3076 3537 3153 ψηφίσματα.
3581 3075 3653 3130 Οὐ
3712 3076 3851 3129 πάνυ
3911 3073 3972 3130 δὲ

2441 3159 2688 3236 ἀκριϐείᾳ
2744 3170 3006 3239 προσεῖχε
3062 3161 3318 3234 δικάζων,
3364 3163 3490 3220 ἀλλ’
3522 3164 3743 3240 ἐνιαχοῦ
3793 3164 3883 3219 καὶ
3943 3163 4105 3233 ἐνηυ-

2448 3254 2639 3324 θὲντει,
2680 3253 2767 3307 καὶ
2819 3253 2915 3315 τὰς
2960 3255 3173 3332 ψήφους
3226 3251 3561 3326 ὑπήλλαττε,
3612 3255 3749 3330 πρὸς
3804 3252 3873 3309 τᾶ
3928 3254 4102 3329 πρόσ-

2447 3365 2569 3397 ωπα
2614 3343 2711 3404 τὰς
2754 3342 3053 3420 ἀποτείσεις
3103 3343 3411 3416 τιθέμενος.
3448 3340 3723 3419 Γλίσχρος
3779 3338 3836 3397 δὲ
3887 3342 4102 3416 τυγχά-

2446 3454 2553 3486 νων
2628 3431 2716 3487 καὶ
2792 3429 3082 3511 φειδωλὸς,
3135 3428 3283 3496 ἔθετο
3339 3433 3465 3501 παρ’
3524 3433 3696 3504 ἑαυτῷ
3755 3432 3831 3504 μή
3896 3433 4105 3506 μάχαις

2447 3522 2582 3595 πρὸς
2614 3522 2679 3574 τὰ
2708 3516 2830 3591 ἔθνη
2880 3520 3299 3597 συῤῥήγνυσθαι,
3332 3520 3480 3576 ἀλλὰ
3534 3519 3732 3596 δώροις
3790 3521 3883 3574 καὶ
3942 3519 4105 3597 φιλο-

687 3607 977 3685 φροσύναις
1013 3605 1208 3671 ἄλλαις
1242 3608 1375 3664 αὐτὰ
1404 3608 1754 3683 οἰκειοῦσθαι,
1788 3610 1877 3666 καὶ
1907 3609 2294 3668 καταλλάττειν
2326 3614 2395 3685 τῇ
2425 3610 2713 3682 Ἱύ›μαίων
2744 3610 2914 3686 ἀρχῇ.
2946 3610 3050 3665 Δύο
3082 3609 3317 3675 ἐντεῦθεν
3356 3615 3523 3665 ταῦτα
3576 3609 3860 3684 μνώμενος
3902 3609 4105 3680 ἑαυτῷ,

685 3698 746 3752 τό
795 3718 852 3751 τε
904 3698 979 3770 μὴ
1025 3696 1202 3753 πλείω
1253 3695 1490 3769 δαπανᾷν
1537 3699 1586 3754 ἐν
1633 3700 2018 3776 ἐκστρατείαις,
2052 3702 2140 3755 καὶ
2189 3702 2250 3756 τὸ
2302 3700 2458 3762 αὐτὸς
2490 3701 2736 3775 ἠρεμεῖν,
2775 3701 2864 3754 καὶ
2896 3699 3187 3776 σχολάζειν
3221 3700 3295 3762 ὡς
3325 3699 3519 3754 ἐπίπαν
3547 3703 3655 3754 τῶν
3687 3699 3999 3775 χρημάτων
4038 3700 4107 3771 τῇ

688 3784 961 3862 συλλογῇ·
997 3784 1080 3841 διὸ
1136 3788 1225 3841 καὶ
1279 3793 1384 3842 τῶν
1448 3795 1846 3863 στρατιωτικῶν
1907 3790 2230 3865 καταλόγων
2289 3788 2591 3864 ἠμέλησεν,
2624 3790 2658 3858 ἢ
2695 3787 2908 3861 μᾶλλον
2965 3786 3213 3853 πολλοὺς
3259 3787 3503 3851 καὶτοὺς
3557 3786 3966 3864 γενναιοτέρους
3999 3791 4108 3841 τῶν

691 3877 1015 3954 ἀπογραφῶν
1070 3876 1343 3951 ἀπήλειψε
1390 3875 1479 3932 διὰ
1527 3878 1588 3933 τὸ
1644 3880 1995 3953 βαρύμισθον.
2029 3882 2190 3934 ’Ὡστε
2237 3875 2552 3953 συμϐαίνειν
2606 3878 2956 3954 θρασύνεσθαι
2994 3878 3087 3951 μὲν
3130 3878 3192 3932 τὸ
3244 3872 3596 3954 βαρϐαρικὸν,
3631 3873 4022 3940 συστέλλεσθαι
4055 3872 4111 3929 δὶ

691 3968 780 4021 καὶ
840 3969 1255 4022 καταπονεῖσοαι
1316 3969 1383 4023 τὰ
1428 3973 1534 4023 τῶν
1585 3970 1871 4041 Ῥωμαίων
1921 3970 2312 4045 στρατεύματα,
2343 3969 2434 4024 καὶ
2488 3969 2767 4043 μειοῦσθαι
2809 3970 2907 4038 τήν
2940 3967 3235 4044 ἡγεμονίαν
3258 3968 3355 4036 τήν
3389 3967 3726 4039 Ῥωμαϊκήν.
3763 3964 3981 4022 Πολλαὶ
4010 3982 4111 4041 γαρ

692 4054 816 4111 τότε
863 4060 970 4111 τῶν
1031 4057 1214 4129 Ἐῴων
1274 4059 1475 4134 χωρῶν
1532 4058 1585 4112 αἱ
1647 4058 1741 4131 μὶν
1801 4058 2087 4129 ἐληίζοντο
2145 4059 2235 4114 καὶ
2295 4058 2371 4122 εἰς
2431 4058 2732 4137 ἀφανισμὸν
2780 4057 3256 4134 προύχώρουν,αἳ
3309 4053 3366 4112 δὲ
3394 4055 3483 4111 καὶ
3516 4056 3618 4111 ὑπὸ
3645 4054 3773 4118 τοὺς
3800 4052 4113 4128 πολεμίους

696 4145 931 4203 ἐγίνοντο
941 4192 953 4203 .

721 4168 953 4222 γινοντο.

768 4238 861 4292 ΙΧ.
894 4237 1093 4309 Neque
1125 4237 1302 4293 etiam
1337 4238 1393 4292 in
1445 4238 1758 4294 Occidente
1813 4240 2013 4295 omnia
2038 4257 2100 4296 se
2141 4240 2343 4296 rectis-

693 4328 841 4382 sime
873 4326 1187 4394 habebant,
1220 4329 1292 4383 ob
1327 4327 1581 4383 militum
1614 4334 1670 4383 et
1701 4329 2056 4399 paucitatem
2089 4335 2145 4385 et
2175 4330 2346 4402 igna-

693 4417 870 4472 viam.
906 4415 1051 4472 Uzos
1080 4418 1236 4472 enim
1269 4418 1377 4487 (est
1411 4422 1608 4472 autem
1640 4416 1760 4472 haec
1805 4434 2039 4490 quoque
2077 4419 2345 4493 Scythica

2527 4238 2599 4294 Θ’.
2635 4235 2732 4291 Καὶ
2786 4237 2855 4291 τὰ
2914 4237 3008 4310 μὲν
3033 4237 3168 4308 πρὸς
3200 4236 3492 4312 ἀνίυχοντα
3526 4233 3687 4306 ἥλιον
3731 4233 3907 4298 οὕτως
3965 4234 4114 4308 εἶχον

2454 4331 2656 4395 κακῶς,
2686 4325 2755 4380 τὰ
2799 4322 2844 4380 δ’
2879 4324 3119 4401 Εσπὲριία
3166 4325 3254 4380 καὶ
3297 4330 3464 4380 ταῦτα
3512 4329 3692 4385 κακῶς
3740 4320 3973 4397 ἔπασχε,
4031 4321 4118 4376 διὰ

2456 4418 2800 4490 στρατιωτῶν
2858 4414 2947 4469 καὶ
3008 4413 3202 4469 σπάσιν
3278 4415 3370 4469 καὶ
3426 4413 3782 4489 ἀχρειότητα.
3841 4414 3956 4469 T05
4014 4411 4115 4487 γὰρ

693 4522 858 4576 gens,
884 4522 1012 4577 qua
1041 4506 1367 4562 Patzinacis
1395 4512 1453 4562 et
1481 4507 1713 4578 generis
1746 4507 2081 4578 praestantia
2110 4518 2167 4563 et
2191 4508 2333 4563 mul-

2453 4508 2561 4558 τῶν
2595 4502 2783 4573 Οῧζων
2810 4500 2996 4565 ἔθνους
3031 4505 3257 4576 (Σκύθαι
3299 4503 3390 4557 καὶ
3436 4507 3599 4557 τοῦτο
3645 4502 3756 4557 ἐστι
3804 4505 3915 4556 τῶν
3977 4507 4117 4556 Πατ-

696 4596 951 4650 titudine
1009 4595 1126 4651 illis
1182 4596 1238 4650 in
1298 4595 1440 4651 locis
1495 4598 1864 4665 antefertur).
1927 4598 2141 4653 Istrum
2208 4614 2345 4653 cum

699 4685 980 4751 uxoribus
1012 4689 1068 4741 et
1097 4685 1297 4742 liberis
1326 4685 1704 4755 trajicientes,
1763 4691 2019 4742 rectores
2069 4688 2347 4743 ﬁnitima-

699 4792 830 4830 rum
879 4774 1113 4829 urbium
1156 4775 1436 4847 magister
1480 4775 1845 4847 Nicephorus
1886 4777 2242 4842 Botaniates,
2292 4780 2351 4832 et

699 4864 983 4936 magister
1037 4865 1289 4920 Basilius
1346 4870 1668 4936 Apocapes,
1725 4865 1973 4921 transitu
2042 4866 2351 4938 prohibere

700 4954 922 5010 frustra
953 4954 1168 5021 conati,
1199 4954 1370 5009 victis
1401 4953 1755 5026 legionibus,
1787 4955 1961 5009 ambo
2018 4955 2172 5026 capti
2212 4959 2354 5011 sunt

698 5047 755 5099 et
784 5043 1018 5099 abducti
1050 5061 1083 5099 a
1112 5043 1412 5114 Barbaris,
1442 5043 1541 5115 qui
1596 5043 1865 5099 Danubio
1897 5049 2193 5115 superato,
2225 5060 2352 5099 om-

700 5149 832 5188 nem
880 5135 1011 5201 ejus
1064 5138 1314 5189 tractum
1382 5132 1840 5204 compleverunt.
1894 5133 2038 5188 Nam
2088 5134 2354 5205 plerique

701 5223 1102 5292 consentiunt,
1138 5241 1340 5280 eorum
1375 5223 1471 5294 qui
1530 5240 1696 5278 arma
1727 5222 1874 5278 ferre
1906 5227 2169 5295 possent,
2201 5222 2357 5279 ultra

701 5313 1005 5385 sexaginta
1025 5313 1210 5369 millia
1228 5313 1576 5371 fuisse.lnde
1589 5312 1884 5386 progressi
1901 5329 1969 5370 ex
1999 5312 2356 5383 Macedonia,

2460 4595 2708 4662 ζινοὶκων,
2740 4593 2829 4649 καὶ
2886 4594 3022 4648 κατᾶ
3068 4592 3256 4669 γένους
3299 4590 3575 4669 ἐπεροχὴν
3628 4592 3716 4646 καὶ
3776 4591 3917 4645 κατὰ
3976 4588 4117 4659 πλή-

2456 4684 2584 4745 θους
2617 4678 2927 4758 ὑπερϐολὴν
2971 4681 3117 4757 παρᾶ
3169 4687 3288 4744 τοῖς
3338 4683 3632 4742 Σκυθικοῖς
3682 4679 4113 4756 προτιμώμενον

2458 4767 2652 4844 ἔθνεσι)
2699 4773 2793 4827 τὸν
2838 4775 3051 4848 ’Ἰστρον
3098 4770 3353 4847 παγγενεὶ
3398 4764 3801 4841 διαϐαίνοντος,
3828 4766 4119 4846 ἐπειράθη-

2461 4882 2553 4915 σαν
2610 4861 2702 4935 μὲν
2754 4862 2810 4916 οἱ
2865 4882 2973 4916 των
3031 4860 3368 4936 παριστρίων
3408 4858 3627 4915 πόλεων
3658 4857 3926 4935 ἄρχοντες
3959 4859 4115 4933 (ἦσαν

2463 4949 2507 5007 δ’
2534 4952 2683 5006 οὗτοι
2743 4952 2770 5006 6
2832 4950 3125 5027 μάγιστρος
3182 4948 3502 5027 Νικηφόρος
3553 4949 3580 5004 6
3614 4947 4001 5021 Βοτανειάτης,
4030 4946 4117 5002 καὶ

2463 5042 2491 5096 6
2527 5040 2824 5117 μάγιστρος
2879 5038 3172 5103 Βασίλειος
3227 5040 3256 5095 6
3308 5040 3653 5111 Ἀποκάπης)
3709 5038 3960 5114 ἀπεῖρξαι
4023 5037 4119 5092 αύ-

2462 5136 2579 5193 τοῖς
2622 5131 2723 5199 τήν
2778 5126 3046 5199 διάϐασιν,
3082 5128 3143 5184 οὗ
3197 5127 3381 5203 μέντοι
3426 5149 3490 5205 γε
3539 5124 3919 5200 ἠδυνήθησαν,
3950 5126 4122 5185 Ἀλλὰ

2464 5219 2734 5293 συμμίξαν
2790 5218 2936 5297 σφίσι
2993 5218 3057 5275 τὸ
3118 5212 3413 5294 βάρϐαρον,
3446 5218 3544 5288 τήν
3598 5236 3657 5272 τε
3714 5219 3980 5272 συνοῦσαν
4031 5213 4120 5271 αὖ·

2466 5315 2581 5372 τοῖς
2635 5308 3048 5384 κατηγωνίσατο
3106 5309 3382 5384 στρατιὰν,
3439 5305 3529 5361 καὶ
3584 5304 3713 5369 τοὺς
3797 5304 4120 5379 εἰρημένους

1987 5475 2190 5538 νεηνίαι
2220 5475 2519 5537 lectiones
2550 5480 2611 5536 et
2638 5478 2829 5537 notae.

770 5630 881 5702 (56)
915 5628 1231 5702 Δουκίτζης.
1267 5632 1348 5689 Ita
1376 5628 1714 5705 appellatur
1734 5628 1793 5687 in
1825 5628 2109 5687 Chronico
2133 5627 2412 5703 annoymi
2442 5627 2717 5687 Barensis
2748 5626 2875 5685 loco
2904 5624 3164 5684 laudato.
3204 5625 3349 5684 Vide
3394 5623 3663 5683 Familia:
3692 5623 4120 5699 Byzantinasin

702 5725 937 5780 Ducena
966 5722 1211 5781 familia.
