4248 6442
763 409 865 474 271

2073 393 2399 455 JOANNIS
2439 389 2760 450 ΖΟΝΛῐὶίΕ

3915 387 4033 450 272

763 522 890 578 Ilaec
911 517 1258 591 arrogantius
1279 517 1519 571 locutus.
1548 511 1759 582 legatos
1782 507 1968 564 statim
1989 506 2143 560 abire
2159 504 2343 576 jussit.

2471 499 2695 591 τρέψατο
2724 500 2818 552 καὶ
2838 494 3170 566 ἀπαγγεῖλιι
3195 495 3271 560 ὡς
3297 497 3364 550 El
3387 496 3678 561 ,βούλοιτο
3703 496 3838 566 περὶ
3890 513 4018 566 (mp
4037 527 4059 539 ο

763 618 870 685 Qui
904 631 1029 671 cum
1064 613 1284 668 sultano
1323 605 1676 677 imperatoris
1712 603 1875 657 verba
1917 598 2350 654 renuntiassent,

767 711 864 766 illo
905 723 1029 764 cum
1071 704 1186 760 suis
1229 701 1299 756 de
1339 697 1491 770 pacis
1530 693 1946 752 conditionibus
1989 688 2350 751 deliberan'e,

770 803 1073 871 imperator
1096 791 1354 864 superbia
1385 792 1584 854 elatus,
1613 787 1772 842 ﬁdem
1806 783 2133 854 quibusdam
2164 781 2355 834 habuit

769 889 1123 948 familiarium
1170 900 1431 947 suorum,
1483 881 1576 952 qui
1633 879 1909 932 sultanum
1963 875 2159 928 limere
2206 871 2356 924 dice-

2456 590 2692 643 ϐάσεων
2723 588 3142 653 διαλέξασθαι,
3187 589 3570 643 καταλιπὲτω
3614 593 3723 642 τὸν
3761 592 3955 644 τόποι·
3985 591 4064 642 ἐν

2455 677 2616 750 ᾧπερ
2637 679 3296 750 ἐστρατοπέδευται,καὶ
3323 685 3522 751 πόρῤω
3543 700 3641 736 ποι
3662 700 4064 750 κατασκηνω-

2455 775 2641 835 σὰτω,
2663 773 2822 828 ὥστε
2846 791 2923 843 με
2945 774 3096 843 μετὰ
3121 773 3228 844 τῆς
3273 771 3610 844 Ῥωμαῖκῆς
3628 771 3916 843 στρατιᾶς
3941 782 3996 826 τ(
4015 789 4058 825 ι’

2458 867 2692 938 χάρακα
2715 867 2916 934 πήξιιο
2931 869 3040 926 θαι,
3071 866 3225 920 ὅπου
3260 867 3378 920 νῦν
3421 867 3594 919 ἐστιν
3621 866 3659 933 ἡ
3687 865 3801 919 τῶν
3822 865 4064 931 Βαρϐά-

773 985 930 1044 bant,
959 989 1012 1035 et
1043 978 1191 1050 quod
1220 979 1397 1048 justas
1420 976 1608 1044 copias
1639 987 1746 1024 non
1777 969 2029 1028 haberet.
2061 975 2353 1037 propterea

2471 977 2578 1011 acor
2607 959 2975 1027 παρεμϐολή.
3015 956 3202 1010 Ταῦτα
3254 961 3368 1021 τοῖς
3416 957 3684 1027 πρέσϐεσι
3739 955 4053 1026 διαλεχθεὶς

773 1076 841 1128 de
884 1088 1017 1144 pace
1061 1085 1253 1142 agerc,
1300 1077 1360 1121 ut
1405 1082 1504 1135 per
1550 1062 1806 1116 inducias
1843 1060 2010 1114 alium
2049 1057 2355 1111 exercitum

775 1167 1078 1220 adduceret
1111 1180 1124 1216 :
1163 1177 1272 1216 non
1303 1165 1623 1227 exspectato
1658 1156 1964 1225 legatorum
2004 1149 2216 1215 reditu,
2257 1162 2360 1203 nec

769 1261 888 1316 ulla
921 1274 980 1314 re
1013 1257 1115 1313 alia
1149 1252 1533 1314 considerata,
1571 1250 1724 1319 signa
1764 1260 1964 1300 canere
2000 1243 2186 1316 jussit.
2226 1242 2360 1297 Bar-

769 1353 943 1407 baros
970 1348 1073 1405 etsi
1113 1361 1202 1402 res
1245 1343 1546 1416 improvisa
1589 1337 1918 1402 commovit,
1960 1346 2143 1391 tamen
2184 1335 2360 1389 aciem

767 1444 1194 1503 instruxerunt,
1238 1451 1342 1490 nec
1376 1431 1627 1504 quamvis
1661 1447 1690 1484 a
1728 1429 1996 1484 Rouunis
2033 1426 2360 1481 invaderen-

767 1548 906 1598 tur,
941 1530 1324 1592 contraibant,
1383 1525 1480 1580 sed
1523 1524 1730 1579 sensim
1777 1519 2134 1581 recedebant,
2182 1530 2363 1585 neque

779 1626 1076 1696 fugientes,
1098 1633 1280 1690 neque
1305 1623 1632 1687 pugnantes.
1661 1611 1798 1667 Cum
1827 1621 2010 1664 autem
2040 1622 2224 1660 serum
2253 1603 2361 1658 diei

774 1722 950 1780 esset,
984 1715 1306 1782 imperator,
1341 1717 1400 1762 ut
1425 1705 1844 1777 quicastrorum
1878 1697 2184 1754 custodiam
2215 1697 2366 1767 justo

783 1807 1053 1862 minorem
1087 1815 1210 1858 esse
1241 1801 1438 1863 sciret,
1476 1797 1688 1850 veritus
1721 1807 1790 1847 ne
1832 1791 1904 1846 ab
1947 1789 2202 1844 hostibus
2230 1787 2365 1841 diri-

2463 1050 2949 1121 ἁλαζονικὼτεροι,
3000 1051 3281 1121 συντόμως
3349 1052 3674 1104 ἐπανελθεῖν
3719 1051 4057 1105 ἐνετείλατο.

2462 1143 2526 1193 Ol
2576 1141 2674 1210 μὲν
2707 1139 2797 1193 οὖν
2849 1138 2928 1208 τῷ
2988 1141 3220 1192 σουλτάν
3256 1141 3383 1194 τοὺς
3436 1140 3530 1192 τοῦ
3570 1138 3834 1209 βασιλέως
3862 1140 4067 1204 λόγους

2462 1231 2832 1300 ἀπήγγελλον.
2861 1231 3112 1292 κάκεῖνος
3151 1232 3288 1301 μετά
3313 1231 3421 1284 τῶν
3445 1231 3576 1302 περὶ
3605 1233 3774 1283 αὑτὸν
3800 1245 3867 1282 πε
3877 1228 3932 1300 pl.
3948 1228 4067 1280 τῶν

2465 1325 2566 1393 τῆς
2620 1325 2847 1395 εἰρήνης
2889 1322 3176 1394 συνθηκῶν
3224 1325 3564 1377 ἐϐουλεύετο.
3609 1324 3670 1377 Ὀ
3699 1323 3756 1377 δέ
3788 1340 3851 1391 γε
3900 1322 4072 1393 βασι-

2463 1417 2610 1484 λεὺς,
2631 1418 3080 1489 ὑπερφρονήσας,
3100 1416 3192 1469 καί
3213 1433 3320 1469 τισι
3338 1418 3707 1488 πεπεισμένος
3723 1416 3830 1467 τῶν
3849 1415 4070 1484 ᾠκειω-

2468 1511 2648 1579 μένων
2669 1509 2842 1579 αὐτῷ,
2869 1509 3259 1562 δεδει).ιακέναι
3307 1508 3530 1574 λέγουσι
3559 1509 3652 1560 τὸν
3694 1507 3960 1570 σουλτὰν,
3986 1507 4069 1566 ὡς

2472 1603 2547 1672 μὴ
2586 1599 2886 1671 ἀξιόμαχον
2935 1602 3280 1671 ἐπαγόμενον
3327 1600 3586 1668 δύναμιν,
3621 1603 3716 1652 καὶ
3747 1601 3836 1653 διὰ
3893 1598 4069 1651 τοῦτο

2465 1695 2564 1765 τὴν
2613 1693 2836 1764 είρήνην
2876 1692 3085 1762 ζητεῖν,
3113 1695 3224 1761 ἵνα,
3273 1695 3372 1764 τῆς
3428 1694 3610 1762 μάχης
3641 1691 4068 1763 ὑπερτεθείσης,

2474 1788 2572 1840 καὶ
2622 1787 2792 1856 ἄλλην
2854 1785 3088 1856 δύναμιν
3140 1786 3586 1855 προσαγάγηται,
3640 1786 3776 1855 μήτε
3809 1785 3910 1854 τήν
3953 1787 4072 1837 td»

785 1907 1084 1970 perentur,
1124 1895 1318 1950 statuit
1357 1892 1558 1948 omissa
1597 1904 1776 1960 pugna
1811 1887 1994 1941 redire
2031 1884 2099 1938 ad
2141 1884 2366 1936 vallum.

2477 1878 2764 1947 πρέσϐεων
2807 1877 3108 1946 ἀναμείνας
3163 1879 3538 1946 ὑποστροφὴν,
3578 1877 3707 1947 μήθ’
3755 1877 3948 1946 ἕτερόν
4010 1891 4073 1926 τι

779 1991 918 2047 Cum
950 1989 1119 2059 igitur
1155 1983 1509 2056 imperatorio
1538 1980 1742 2034 vexillo
1773 1991 2066 2032 converso.
2098 1971 2369 2028 exercitui

779 2084 1196 2142 denuntiasset,
1233 2087 1290 2132 ut
1324 2076 1465 2130 idem
1501 2073 1753 2128 faceret:
1793 2071 1830 2126 ii
1865 2069 1958 2140 qui
2011 2068 2156 2121 circa
2193 2066 2372 2136 ipsum

777 2189 962 2242 erant,
985 2177 1124 2231 citra
1149 2169 1442 2228 tumultum
1462 2169 1614 2240 jussa
1642 2175 1772 2220 sunt
1793 2162 2062 2224 exsecuti,
2118 2162 2213 2214 sed
2238 2174 2374 2228 quo-

775 2284 908 2325 rum
947 2265 1174 2324 ordines
1216 2263 1436 2333 longius
1471 2258 1776 2324 distabant,
1818 2269 2096 2310 recessum
2139 2253 2377 2321 impera-

785 2363 949 2427 toris,
986 2361 1167 2432 fttgam
1204 2355 1551 2427 interpretati
1592 2363 1742 2412 sunt.
1774 2366 1842 2406 eo
1871 2363 2129 2404 sermone
2160 2346 2230 2400 ab
2265 2347 2376 2399 An-

786 2453 1020 2510 dronico
1054 2450 1289 2506 Caesaris
1333 2449 1444 2500 lilio
1476 2445 1620 2515 apud
1654 2442 1954 2512 phalanges
1987 2454 2197 2508 Sparso.
2237 2437 2375 2492 Nam

785 2549 972 2604 Cmsar
1015 2545 1247 2615 ejusque
1292 2539 1388 2594 filii
1435 2536 1670 2594 subinde
1723 2532 2048 2604 imperatori
2098 2538 2378 2586 obtrecta-

788 2642 954 2705 bant,
991 2646 1047 2693 et
1075 2635 1388 2690 clanculum
1423 2629 1851 2686 insidiabantur.
1885 2627 1936 2682 ls
1961 2626 2131 2694 igitur
2161 2623 2379 2676 Andro-

783 2729 974 2790 nicus,
1007 2739 1132 2779 cum
1161 2738 1268 2778 non
1300 2721 1541 2774 minima:
1572 2719 1714 2788 parti
1749 2716 2028 2770 exercitus
2058 2714 2374 2782 imperaret,

791 2818 978 2874 statim
1013 2830 1138 2870 cum
1176 2813 1294 2867 suis
1326 2825 1471 2881 equo
1509 2809 1819 2872 concitato,
1855 2807 1909 2860 in
1945 2806 2150 2860 vallum
2191 2802 2375 2866 rediit,

792 2927 915 2983 qua:
962 2923 1052 2963 res
1088 2913 1318 2962 eaateros
1360 2903 1528 2959 etiam
1573 2900 1628 2954 in
1677 2901 1859 2971 fugam
1904 2898 2197 2954 convertit.
2231 2895 2380 2962 Quos

794 3017 921 3058 cum
955 3000 1028 3054 ita
1057 2994 1378 3068 perturbate
1408 2993 1612 3047 reverti
1644 2992 1856 3044 videret
1889 2989 2213 3056 imperator,
2242 2986 2380 3039 sub-

795 3091 960 3153 stitit,
989 3097 1042 3144 et
1075 3088 1346 3154 abeuntes
1388 3084 1555 3138 etiam
1589 3091 1650 3136 ut
1685 3081 2090 3142 subsisterent,
2125 3078 2379 3132 hortatus

2481 1971 2788 2040 σκοπήσας,
2835 1973 2948 2033 τοῖς
2999 1971 3358 2038 σαλπιγκταῖς
3400 1971 3688 2022 ἐκέιευσεν
3745 1972 3951 2039 ήχῇσαι
4007 1972 4074 2019 τὸ

2476 2064 2742 2116 ἐνυάλιον.
2758 2063 2896 2123 Τοὺς
2929 2063 2986 2115 δὲ
3010 2062 3328 2132 Βαρϐάρους
3352 2061 3698 2139 xeat-mam
3723 2062 4072 2130 διεθρόησεν,

2476 2156 2613 2210 ἀλλά
2688 2157 2782 2209 καὶ
2835 2156 2980 2208 οὓτω
3045 2155 3127 2218 εἰς
3182 2155 3620 2226 ἀντιπαράταξιν
3675 2153 3941 2222 ἔστησαν,
3974 2157 4076 2206 καὶ

2477 2250 2744 2303 ἐπιόντων
2806 2248 2992 2306 αὐτοῖς
3024 2246 3134 2300 τῶν
3197 2246 3494 2316 Ῥωμαίων
3533 2247 3635 2300 οὐκ
3695 2246 4075 2315 ἀντεπῄεσαν,

2476 2339 2592 2396 ἀλλ’
2620 2340 2970 2410 ἀνεχάζοντο,
2991 2339 3132 2409 μήτε
3161 2337 3230 2391 τὰ
3251 2337 3400 2391 νῶτα
3421 2337 3744 2408 τρέποντες,
3766 2339 3905 2407 μήτε
3931 2337 4070 2406 μέν·

2476 2452 2560 2488 τοι
2626 2433 2950 2504 μαχόμενοι.
2995 2433 3082 2494 Ὠς
3111 2431 3168 2485 δέ
3227 2432 3356 2501 περὶ
3405 2431 3590 2502 δείλην
3628 2431 3790 2498 ὀψίαν
3821 2433 3855 2502 ή
3882 2430 4081 2500 ήμέρα

2479 2528 2719 2598 ἐγένετο,
2747 2523 2905 2588 εἰδὼς
2937 2526 2965 2579 ό
2999 2523 3257 2594 βασιλεὺς
3288 2527 3371 2577 ὅτι
3401 2522 3618 2592 φυλακὴ
3641 2523 3771 2592 περὶ
3800 2525 3862 2574 τὸ
3897 2540 4075 2592 στρα-

2479 2620 2702 2672 τόπεδον
2723 2619 2822 2671 οὐκ
2847 2612 2914 2684 ἦν
2933 2616 3243 2684 ἀξιόλογος,
3279 2617 3464 2680 δείσας
3491 2620 3568 2687 μὴ
3601 2617 3942 2669 ἐπελθόντων
3964 2614 4081 2669 τῶν

2479 2712 2743 2765 ἐναντίων
2761 2711 2912 2779 αὐτῷ
2945 2709 3250 2778 διαρπαγῇ,
3277 2711 3539 2777 ἐγνωτὴν
3573 2710 3754 2778 μάχην
3783 2707 3950 2762 λῦσαι
3977 2710 4080 2760 καὶ

2485 2801 2858 2867 ἐπα-ιαζεῦξαι
2893 2801 3020 2870 περὶ
3043 2801 3134 2853 τὸν
3165 2801 3408 2870 χάρακα.
3443 2799 3811 2867 Ἐπιστρέψας
3847 2797 3946 2854 οὖν
3975 2803 4082 2867 τὴν

2483 2895 2773 2966 βασιλικὴν
2807 2894 3072 2963 σημαίαν,
3098 2893 3260 2954 αὑτός
3293 2892 3338 2944 τ’
3374 2891 3604 2964 ἐπανῄει
3649 2895 3743 2943 καὶ
3770 2893 3872 2960 τὴν
3904 2908 4081 2962 στρα-

2481 2989 2604 3040 τιάν
2679 2987 2850 3039 ταυτὸ
2910 2985 3086 3036 ποιεῖν
3143 2984 3520 3053 διεσήμαινεν.
3565 2985 3628 3036 υἱ
3659 2985 3758 3051 μὲν
3801 2981 3900 3034 οὖν
3951 2985 4084 3050 περὶ

2481 3080 2646 3136 αὐτὸν
2671 3079 2824 3141 ὄντες
2879 3077 3161 3148 ἀθορύϐως
3180 3075 3466 3129 ἐποιοῦντο
3493 3077 3553 3128 τδ
3586 3076 3897 3128 κελευσθέν.
3920 3075 4084 3128 "030s

797 3196 885 3242 est
915 3202 929 3238 :
968 3182 1063 3237 sed
1096 3178 1506 3235 obsurduerant
1537 3187 1762 3236 omnes,
1794 3188 1895 3226 nec
1922 3171 2103 3240 fugam
2138 3170 2370 3222 remitte-

2486 3174 2541 3226 δέ
2559 3173 2752 3242 πῦῥρω
2779 3188 2870 3224 ποι
2908 3168 3007 3232 τὰς
3042 3167 3382 3238 παρατάξεις
3414 3166 3733 3237 ἐκέιξτηντο,
3759 3168 3944 3236 φυγὴν
3985 3166 4083 3220 τοῦ

802 3281 956 3332 lant.
994 3275 1138 3330 Cum
1169 3281 1354 3325 autem
1394 3267 1586 3322 hostes
1633 3263 1969 3334 inopinatam
2013 3261 2384 3315 Romanorum

802 3371 985 3440 fugam
1028 3381 1096 3420 cx
1133 3362 1319 3417 divina
1344 3359 1426 3413 ira
1465 3367 1711 3413 coortam
1753 3354 2160 3423 intelligerent,
2203 3353 2388 3405 statim

804 3461 1196 3531 imperatorem
1244 3453 1584 3507 invaserunt.
1632 3448 1681 3502 Is
1726 3461 1858 3500 vero
1885 3461 2006 3499 cum
2051 3443 2167 3498 suis
2210 3457 2389 3511 pugna

806 3569 917 3608 non
948 3551 1274 3608 detrectata.
1316 3544 1384 3598 ad
1421 3553 1636 3613 tempus
1669 3539 1886 3594 fortiter
1925 3537 2144 3592 restitit.
2183 3533 2388 3588 Deinde

807 3645 932 3700 aliis
963 3639 1119 3697 casis
1139 3680 1154 3704 ,
1194 3637 1319 3695 aliis
1356 3635 1536 3706 captis
1559 3675 1576 3698 ,
1608 3633 2024 3688 circumventus
2047 3645 2078 3682 a
2114 3627 2388 3690 Barbaris,

809 3753 880 3792 ne
913 3735 994 3790 sic
1027 3732 1253 3804 quidem
1288 3729 1475 3786 cessit.
1509 3726 1810 3781 Enimvero
1844 3739 1972 3778 eum
2016 3721 2225 3776 multos
2267 3721 2394 3773 vul-

812 3831 1085 3887 nerasset,
1115 3820 1323 3874 multos
1356 3816 1676 3881 occidisset,
1711 3813 1933 3868 tandem
1967 3822 2022 3867 et
2054 3811 2170 3880 ipse
2204 3810 2399 3878 fatiga-

815 3929 926 3981 tus,
953 3931 1078 3971 cum
1108 3928 1272 3967 manu
1300 3911 1611 3973 vulnerata,
1640 3921 1745 3961 nec
1771 3906 1880 3960 vim
1915 3903 2150 3974 amplius
2176 3901 2400 3973 pr0pul—

815 4023 961 4071 sare.
994 4021 1118 4068 nec,
1148 4019 1294 4072 equo
1327 4016 1488 4065 caeso,
1521 4007 1677 4054 extra
1705 3997 1940 4053 telorum
1973 3996 2181 4062 jactutn
2211 3993 2400 4063 fugere

820 4108 1030 4169 posset,
1085 4096 1337 4165 captivus
1367 4101 1451 4147 est
1488 4090 1760 4145 abductus
1792 4087 1856 4142 ad
1898 4086 2166 4141 Barbaros
2199 4086 2404 4140 Roma-

824 4207 1019 4251 norum
1077 4189 1398 4259 imperator.
1443 4183 1563 4250 Quo
1609 4182 1805 4236 nuntio
1856 4189 2113 4248 accepto,
2155 4180 2406 4232 sultanus

823 4281 1047 4338 nomine
1099 4281 1271 4343 Axan,
1317 4275 1540 4347 gavisus
1583 4281 1688 4334 est,
1732 4269 1899 4342 284
1942 4279 2002 4324 ιιι
2041 4277 2235 4324 natura
2275 4267 2403 4332 fert,

826 4387 1006 4442 neque
1053 4379 1236 4424 tamen
1279 4366 1541 4438 superbia
1581 4365 1778 4419 elatus.
1834 4363 1910 4417 Dc
1952 4363 2110 4432 cujus
2153 4360 2410 4415 modera-

825 4466 977 4519 tione
1011 4471 1067 4516 et
1091 4459 1305 4531 justitia
1335 4457 1508 4512 multa
1547 4463 1948 4509 memorantur.
1986 4453 2140 4510 Unde
2171 4452 2407 4522 captivi—

827 4563 999 4610 tatem
1035 4550 1389 4622 imperatoris
1429 4547 1576 4602 ltaud
1622 4545 1911 4608 credebat,
1957 4545 2029 4599 ob
2077 4543 2409 4598 immodera—

831 4662 948 4701 tum
977 4656 1296 4699 successum
1330 4656 1345 4694 :
1391 4655 1567 4709 eoque
1601 4637 1719 4693 viso
1763 4653 1872 4691 non
1914 4637 2070 4705 prius
2112 4633 2412 4705 acquievit.

833 4751 997 4808 quam
1030 4733 1190 4801 legati
1218 4747 1359 4802 quos
1389 4729 1595 4784 dudum
1623 4728 1869 4793 miserat,
1895 4743 2020 4780 cum
2045 4735 2411 4795 agnoverunt:

2493 3264 2761 3335 βασιλέως
2791 3264 2892 3331 τὴν
2921 3259 3270 3330 ὑποστροφὴν
3298 3260 3680 3320 ὑπετόπασαν,
3734 3259 4084 3326 Ἀνδρονίκου

2492 3355 2588 3409 τοῦ
2625 3353 2743 3407 υίοῦ
2782 3351 2874 3407 τοῦ
2907 3353 3186 3421 Καίσαρος
3212 3354 3304 3404 τὸν
3337 3351 3497 3419 λόγον
3529 3351 3901 3412 ὑποϐαλόντος
3959 3353 4083 3410 ταῖς

2494 3447 2783 3520 φάλαγξιν.
2822 3447 2936 3499 ’Δεὶ
2960 3446 3069 3516 γὰρ
3089 3447 3118 3499 ὃ
3144 3461 3203 3498 τε
3249 3446 3468 3513 Καῖσαρ
3501 3446 3596 3497 καὶ
3624 3445 3675 3496 ol.
3724 3443 3918 3496 τούτου
3947 3443 4086 3503 υἱεῖς

2496 3542 2793 3613 ἐφήδρευον
2836 3538 2916 3609 τῷ
2978 3537 3211 3608 βασιλεῖ,
3263 3539 3359 3589 καὶ
3416 3536 3642 3605 ἀφανῶς
3692 3534 4083 3588 ἐπεϐούλευον.

2500 3637 2676 3705 Ἀρας
2702 3628 2796 3687 οὖν
2830 3631 3032 3685 αὐτίκα
3066 3630 3207 3698 μετά
3255 3628 3364 3682 τῶν
3398 3627 3528 3698 περὶ
3548 3627 3711 3682 αὑτὸν
3739 3630 3767 3680 ό
3804 3626 4085 3695 Ἀνδρόνι-

2499 3745 2593 3791 κος
2625 3725 2842 3798 (ἐξῆρχε
2875 3727 2984 3795 γάρ
3014 3725 3115 3776 οὐκ
3146 3721 3437 3792 ἐλαχίστης
3465 3721 3660 3789 μοίρας
3695 3736 3980 3789 στρατιωτ
4000 3720 4081 3785 ὒν)

2500 3821 2611 3876 ἀπὸ
2667 3819 2904 3888 ῥυτῆρος
2957 3814 3358 3884 ἐπανελήλυθεν
3385 3815 3464 3876 εἰς
3509 3812 3600 3863 τὸν
3650 3813 3887 3880 χάρακα.
3915 3809 4092 3862 Τοῦτο

2503 3915 2597 3965 καὶ
2621 3911 2742 3974 τοὺς
2765 3909 2986 3970 λοιποὺς
3008 3907 3277 3977 ἐτρέψατο
3297 3907 3377 3968 είς
3402 3905 3602 3974 φυγήν,
3626 3903 3720 3966 οὓς
3753 3901 3813 3954 οὗ
3824 3919 3928 3966 τως
3953 3901 4084 3954 ἀκό-

2508 4021 2660 4073 σμως
2689 4002 3006 4061 ἐπανιόντας
3035 4002 3064 4053 ό
3104 3998 3358 4069 βασιλεὺς
3400 3999 3761 4064 θεασάμενος.
3779 3994 3936 4063 ἔστη.
3964 3992 4093 4060 στῆ-

2509 4098 2596 4150 ναί
2627 4112 2684 4148 τε
2711 4097 2806 4147 καὶ
2852 4095 2963 4154 τοῖς
2998 4089 3255 4144 ἀπιοῦσιν
3293 4087 3666 4141 ἐνεκελεύετο.
3731 4083 3876 4137 Ἀλλ’
3908 4084 4093 4147 ἐξεκε-

2510 4187 2785 4256 κὼφεισαν
2819 4186 3078 4245 ᾶπαντες,
3110 4181 3207 4234 καὶ
3239 4183 3336 4250 τῆς
3372 4178 3554 4246 φυγῆς
3581 4177 3644 4228 οὐ
3681 4174 3962 4244 μεθίεντο.
4006 4173 4092 4234 Ὠς

2511 4283 2566 4337 δέ
2597 4282 2659 4334 τὸ
2691 4276 3006 4349 παράλογον
3034 4273 3136 4342 τῆς
3185 4274 3364 4341 φυγῆς
3424 4267 3750 4336 δυστύχημα
3801 4262 3914 4316 τῶν
3956 4262 4096 4314 Ῥω-

2517 4370 2714 4440 μαίων,
2746 4367 2840 4419 καὶ
2875 4367 3091 4434 μήνιμα
3112 4362 3255 4415 θεῖον
3285 4360 3534 4426 ἔγνωσαν
3558 4358 3608 4408 οἱ
3639 4354 3912 4422 πολέμιοι,
3932 4351 4094 4411 εὐθὺς

2513 4460 2750 4530 ἐπῆλθον
2776 4457 2854 4526 τῷ
2892 4455 3121 4525 βασιλεῖ.
3153 4454 3212 4504 Ὀ
3245 4451 3301 4502 δὲ
3331 4451 3470 4518 μετὰ
3503 4447 3612 4500 τῶν
3644 4447 3774 4515 περὶ
3805 4444 3976 4497 αὐτὸν
3996 4442 4096 4510 τήν

2515 4553 2696 4622 μάχην
2759 4547 2998 4611 ἐδέξατο,
3038 4546 3131 4598 καὶ
3185 4543 3350 4612 μέχρι
3411 4541 3513 4608 μέν
3560 4552 3704 4598 τινος
3761 4532 4095 4604 ἐρρωμένως

2509 4645 2779 4712 ἀντεῖχονο
2806 4637 2927 4692 εἶτα
2959 4636 3066 4689 τῶν
3098 4635 3195 4704 μὲν
3235 4633 3534 4691 πεσόντων,
3553 4628 3879 4680 ἑαλωκότων
3901 4624 3948 4676 δ’
3978 4625 4091 4674 ἐτεο

2514 4754 2645 4807 ρων,
2678 4728 3122 4802 περιεστοιχίσθη
3151 4725 3278 4797 πρὸ,
3311 4725 3421 4776 τῶν
3442 4723 3710 4790 Βαρϐαρω
3727 4743 3740 4764 ι
3763 4721 3790 4768 ό
3813 4715 4092 4785 βασιλεὺς.

833 4807 890 4882 et
915 4823 1234 4880 Basilacius.
1265 4822 1358 4891 qui
1397 4820 1473 4874 ibi
1501 4819 1814 4884 tenebatur,
1843 4817 2136 4878 adductus,
2161 4817 2226 4868 ad
2251 4815 2370 4883 νεὼ

2528 4825 2669 4878 Ἀλλ’
2719 4822 2843 4875 οὑδέ
2890 4819 3062 4880 οὕτως
3101 4818 3355 4870 ἐνέδωκε.
3391 4813 3622 4874 Πολλοὺς
3653 4811 3709 4861 δὲ
3740 4809 3948 4876 πλήξα,
4006 4807 4098 4857 καὶ

837 4918 959 4988 ejus
995 4915 1130 4970 flens
1151 4929 1211 4969 se
1245 4911 1562 4983 prostravit.
1591 4909 1732 4963 Tum
1761 4909 1916 4979 quasi
1953 4908 2179 4963 numine
2202 4905 2370 4962 amati

2515 4913 2740 4976 ἀνελὼν,
2774 4911 2990 4982 ἐπλήγη
3022 4910 3270 4968 κάκεῖνος
3309 4907 3407 4973 τὴν
3431 4905 3609 4972 χεῖρα,
3629 4900 3722 4952 καὶ
3754 4898 3930 4958 οὕτως
3963 4900 4099 4950 ἀπο·

841 5027 873 5063 e
901 5007 1040 5063 solio
1062 5005 1294 5070 exsiliit,
1317 5003 1467 5060 etde
1498 5017 1653 5058 more
1681 5002 1834 5056 humi
1865 5001 2138 5072 jacentem
2169 4998 2370 5054 calcari

2520 5006 2738 5077 καμὼν,
2763 5004 2860 5058 καὶ
2908 5002 3106 5072 μηκέτι
3141 4996 3444 5069 ἀμύνεσθαι
3473 4997 3598 5054 τοὺς
3649 4991 3905 5050 ἐπιόντας
3935 4987 4101 5040 δύνει

842 5094 1054 5151 Deinde
1086 5095 1265 5148 erexit
1296 5102 1460 5162 atque
1490 5093 1774 5161 amplexus
1806 5101 1914 5154 est,
1949 5105 2073 5144 cum
2106 5089 2370 5159 ltujusmm

2526 5119 2710 5173 μενος,
2765 5101 2907 5171 μήτε
2962 5097 3145 5168 μέντοι
3180 5095 3394 5162 φυγεῖν,
3429 5091 3530 5162 ήδη
3589 5086 3684 5141 τοῦ
3738 5087 3908 5137 ἰππου
3938 5081 4100 5138 αὑτοῦ

842 5187 1066 5243 verbis:
1107 5185 1228 5241 Noli
1272 5202 1508 5248 maerere.
1551 5187 1864 5256 imperator,
1902 5185 1979 5238 ita
2009 5185 2301 5238 enimsunt
2344 5199 2368 5234 ι·

2523 5195 2877 5256 πεπτωκότος
2909 5195 2972 5244 ἐκ
3012 5191 3120 5243 τῶν
3157 5187 3344 5258 βελῶν,
3388 5185 3531 5237 ἑάλω
3568 5181 3662 5234 καὶ
3717 5181 3937 5246 απῆιιτο
3996 5179 4102 5236 τοῖς

844 5281 1111 5333 humanm.
1145 5278 1257 5349 Ego
1281 5295 1400 5332 vero
1432 5290 1481 5331 te
1514 5295 1619 5332 non
1650 5289 1706 5332 ut
1737 5279 2024 5348 captivum,
2056 5278 2146 5331 sed
2178 5286 2232 5328 ut
2260 5279 2370 5344 imp

2526 5281 2830 5352 Βαρόἁροις
2862 5280 2890 5331 ό
2927 5278 3181 5348 βασιλεὺς
3229 5272 3520 5342 Ῥωμαίων
3577 5269 3922 5336 αὶχμαλωτος
3967 5263 4098 5330 (δθ).

847 5379 1080 5425 ratorem
1116 5372 1376 5427 tractabo.
1413 5371 1481 5426 Et
1512 5373 1697 5427 statim
1732 5372 1782 5426 ei
1825 5371 2243 5425 tabernaculum
2280 5370 2370 5423 des

2538 5373 2897 5440 Ἀγγελθείσα
2919 5370 2974 5422 δέ
3004 5372 3037 5438 ή
3070 5367 3164 5421 τοῦ
3200 5367 3468 5435 βασιλέως
3502 5362 3705 5424 ἀὶωτις
3731 5360 3809 5428 τῷ
3843 5361 4096 5419 “altu,

849 5471 1002 5534 gnat,
1025 5472 1082 5519 et
1117 5464 1422 5521 ministeria
1455 5465 1834 5536 imperatoria,
1870 5477 2181 5532 mensaeque
2212 5462 2370 5518 adtrib

2530 5465 2708 5536 χαρὰν
2742 5463 2864 5534 μὲν,
2892 5464 2966 5525 ὡς
2995 5460 3166 5525 εἰκὸς,
3198 5457 3541 5528 ἐνεποίησεν,
3570 5456 3633 5508 οὺ
3684 5457 3871 5524 μέντοι
3902 5455 4102 5522 ἐπῆρεν

2034 5623 2236 5684 \‘arim
2283 5621 2586 5685 lectiones
2615 5629 2676 5684 et
2705 5629 2894 5685 ηοιω.

859 5741 1475 5869 ΐθξὲθῒὶηαιχμὰλωτος.
1506 5745 1722 5803 Accidit
1769 5746 1887 5800 bare
1945 5744 2162 5801 clades
2199 5758 2370 5798 monet

2471 5744 2575 5799 alio
2613 5761 2703 5799 an.
2747 5744 2908 5808 l072,
2943 5741 3055 5798 ind.
3089 5741 3176 5809 10,
3212 5750 3272 5798 ιιι
3300 5747 3385 5797 est
3414 5739 3559 5811 apud
3622 5754 3960 5814 anonymutu
4009 5740 4106 5796 Ba-
