4248 6442
193 418 283 478 281

1398 416 1794 476 ΑΝΧΑΜΗΜ
1844 424 1981 475 Illi.
2043 431 2070 474 \
2100 455 2110 472 ι
2141 427 2217 471 ι..

3367 420 3472 486 282

192 533 492 600 λελυμένον
545 533 940 600 αἰχμαλωσίας,
1003 549 1069 582 κα
1151 534 1175 598 ὴ
1237 532 1566 598 λρυσόπολι,
1638 531 1852 604 εἶχενΑ

1811 550 1852 604 Α
1885 535 2292 586 multitudinem
2327 552 2445 601 qum:
2485 546 2649 588 nmtta
2690 554 2852 587 unum
2887 537 3222 604 Coniplcbat,
3254 537 3466 592 incide-

189 624 278 674 τὸν
301 623 650 689 ἀποστάτην,
675 623 768 674 καὶ
797 621 995 673 αὐτίκα
1051 620 1162 688 πῦρ
1203 624 1319 681 ταῖς
1377 622 1550 672 ἐκεῖσε
1591 625 1786 685 οτκίαις

190 714 413 780 ἐνῆκεν.
479 714 537 764 ’0
581 713 636 765 δὲ
691 713 947 778 βασιλεὺς
980 712 1199 780 ἀξίωμά
1249 729 1306 763 τε
1365 714 1774 780 κουροπαλάτου

189 803 341 868 αὐτῷ
368 803 775 870 ἐπηγγέλλετο,
819 804 867 854 εἰ
914 803 982 853 τὰ
1025 802 1166 854 ὅπλα
1216 801 1529 865 κατάθοιτο,
1568 805 1659 854 καὶ
1690 804 1787 872 τὴν

188 897 436 957 γυναῖκα
472 895 636 948 αὑτοῦ
677 896 817 962 μετὰ
861 895 968 948 τῶν
1003 897 1208 948 τέκνων
1236 897 1544 966 ἐξέπεμψεν
1573 913 1588 926 ·
1621 898 1738 950 ἀλλ’
1759 900 1787 950 6

191 986 484 1054 βάρϐαρος
539 986 838 1048 ἀτίθασσος
897 982 986 1055 ἦν.
1051 987 1462 1056 Μετεπέμψατο
1526 989 1704 1040 τοίνυν
1759 990 1786 1042 6

189 1079 456 1145 βασιλεὺς
482 1079 625 1129 κατά
653 1079 748 1129 τοῦ
792 1078 1105 1130 Ῥουσελίου
1132 1078 1414 1148 Τούρκους
1443 1082 1536 1133 ἐπὶ
1570 1081 1782 1149 μισθῷ·

186 1173 214 1223 ὁ
247 1171 332 1236 δὲ,
365 1172 444 1238 μὴ
480 1170 788 1237 ἀξιόχρεως
837 1170 914 1222 ὣν
941 1171 1080 1238 πρδς
1132 1171 1225 1223 τὸν
1264 1174 1520 1239 πόλεμον,
1548 1172 1666 1224 λύει
1695 1174 1785 1226 τὸν

191 1262 463 1329 Καίσαρα
510 1263 620 1312 τῶν
675 1261 912 1328 δεσμῶν,
980 1262 1076 1312 καὶ
1131 1262 1433 1331 εὐφημίαις
1462 1264 1784 1332 ἀναγορεύει

191 1351 535 1419 βασιλικαῖς,
569 1353 818 1419 οἰόμενος
871 1353 1247 1421 προσθήσεθαί
1304 1355 1353 1406 οί
1407 1354 1654 1418 πολλούς.
1691 1357 1782 1408 Ai-

191 1458 332 1509 φνης
383 1441 446 1493 δὲ
493 1441 757 1509 Τούρκων
797 1441 1206 1508 ἀναφανέντων,
1242 1444 1270 1494 6
1318 1443 1624 1506 Ῥουσέλιος
1663 1445 1784 1497 κατ’

189 1535 376 1585 αὐτῶν
405 1533 720 1602 βαρϐαρικῇ
741 1534 1045 1604 θρασύτητι
1068 1537 1489 1604 ἀπερισκέπτως
1512 1536 1780 1607 ἐχώρησε,

191 1623 287 1673 καὶ
333 1623 574 1684 πολλοὺς
625 1624 726 1689 μὲν
772 1625 821 1675 oi
863 1623 1112 1692 Φράγγοι
1165 1624 1275 1676 τῶν
1321 1624 1580 1693 Τούρκων
1620 1624 1780 1676 κατέ-

191 1715 384 1779 ϐαλον,
421 1717 552 1777 τοὺς
611 1717 656 1768 δ’
713 1716 906 1778 ἀλλους
956 1715 1258 1785 ἐτρέψαντο
1305 1718 1385 1778 είς
1422 1717 1624 1785 φυγὴν,
1681 1717 1779 1769 καὶ

191 1806 460 1875 ἀκρατῶς
490 1805 741 1861 ἐδίωκον.
795 1807 860 1859 Οί
924 1809 1025 1877 μέν
1057 1804 1152 1860 οὖν
1199 1807 1422 1870 πλείους
1474 1809 1649 1860 ὀπίσω
1678 1824 1779 1860 που

1894 637 2058 677 runt:
2099 641 2220 677 cum
2254 625 2454 692 quibus
2490 625 2569 676 vel
2610 625 2762 676 inviti
2799 641 3038 693 pugnare
3086 627 3294 692 coacti,
3340 637 3396 682 et
3429 643 3459 682 ι

1891 717 2241 769 nmltitudine
2286 716 2682 774 circumventi.
2724 717 2939 770 amissis
2977 718 3138 786 equis
3180 719 3342 771 ambo
3371 734 3463 772 ca-

1891 808 2135 876 piuntur.
2168 807 2242 860 Ac
2269 806 2551 860 IIuselinm
2585 821 2720 857 uxor
2757 815 2965 859 mature
2998 806 3254 864 redemit,
3291 807 3438 860 Ca‘sa

1891 914 2001 953 rem
2054 913 2184 949 vero
2235 898 2560 965 imperator;
2616 896 2680 949 ad
2735 912 2896 963 quem
2951 897 3078 949 dum
3125 898 3465 966 perducitur,

1888 1005 2012 1041 cum
2061 987 2125 1038 ad
2166 985 2554 1052 Propontidem
2607 987 2881 1046 venisset,
2920 985 3118 1052 capillo
3155 1000 3307 1049 raso,
3345 1002 3468 1038 mn-

1891 1089 2108 1145 tataqnc
2139 1078 2307 1146 288
2336 1087 2521 1137 veste,
2559 1077 2919 1129 monasticam
2967 1076 3240 1128 lucernam
3277 1080 3464 1139 sumit,

1888 1180 2140 1224 metuens
2171 1187 2236 1222 ne
2275 1169 2344 1221 ob
2381 1169 2612 1237 impcrii'
2636 1169 2857 1220 titulum
2893 1184 2920 1218 ιι
2962 1177 3161 1236 nepote
3194 1167 3468 1234 supplicio

1886 1261 2213 1315 allici-retur.
2265 1261 2330 1312 At
2374 1259 2637 1313 Rusclius
2681 1274 2708 1309 a
2759 1258 3075 1324 captivitate
3125 1257 3464 1324 redemptus,

1887 1363 1948 1405 ut
1995 1353 2202 1406 dictum
2244 1361 2363 1417 est,
2407 1369 2529 1404 cum
2577 1366 2746 1404 uxore
2781 1357 2835 1401 et
2882 1348 3109 1415 reliquis
3154 1348 3377 1401 Francis
3409 1349 3463 1400 in

1889 1448 2228 1516 provinciam
2272 1447 2725 1500 Armeniacorum
2764 1458 2820 1497 se
2869 1443 3133 1507 contulit,
3183 1441 3276 1495 ubi
3316 1441 3472 1509 prius

1883 1541 2049 1596 etiam
2079 1541 2240 1593 vitam
2266 1548 2476 1606 egerat.
2506 1538 2810 1603 Imperator
2842 1535 3008 1602 igitur
3030 1534 3280 1588 Alexium
3307 1531 3468 1586 Com-

1886 1647 2090 1685 nenum
2123 1629 2440 1700 praasidem,
2469 1627 2878 1681 adolescentem
2911 1629 3064 1681 illum
3093 1625 3339 1696 quidem,
3368 1623 3465 1679 sed

1886 1722 2213 1791 prudentem
2256 1729 2312 1774 et
2357 1728 2674 1776 strenuum.
2702 1727 2894 1771 contra
2945 1733 3070 1771 eum
3120 1717 3312 1769 mittit.
3357 1716 3461 1778 Qui

1887 1831 2013 1869 cum
2060 1814 2333 1868 Amasiam
2377 1815 2740 1881 pervenisset,
2775 1810 2976 1864 Turcis
3010 1809 3225 1863 occulte
3258 1807 3467 1876 signiti-

192 1897 642 1964 ἀπελείφθησαν,
679 1900 788 1951 τῶν
849 1900 1036 1952 ίππων
1095 1901 1249 1966 σφίσι
1298 1900 1372 1967 μὴ
1419 1899 1782 1952 εὐτονούντων
1813 1887 1854 1941 Β

1813 1887 1854 1941 Β
1883 1917 2002 1968 cat,
2049 1907 2094 1958 si
2143 1906 2425 1959 Ruselium
2461 1904 2564 1958 sibi
2605 1905 2908 1966 traderent,
2947 1917 3005 1956 se
3057 1902 3167 1956 illis
3201 1899 3464 1971 grandem

191 1990 333 2058 πρὸς
363 1990 430 2043 τδ
459 1991 598 2044 πολὺ
633 1993 732 2059 τῆς
775 1991 1032 2055 διώξεως.
1090 1990 1148 2044 '0
1224 1992 1526 2054 Ῥουσέλιος
1555 1992 1611 2044 δὲ
1640 1991 1779 2059 μετά

1877 1999 2124 2066 pecunia:
2172 2010 2440 2049 summam
2503 1994 2782 2047 daturum.
2839 1994 3027 2061 Itaque
3081 1991 3159 2045 illi
3219 1990 3462 2044 amicitia

191 2081 286 2133 τοῦ
316 2083 604 2152 Καίσαρος
648 2083 745 2135 σὺν
783 2084 988 2150 ὀλίγοις
1037 2084 1363 2153 ἐπήλαυνον.
1416 2085 1554 2148 Ἤδη
1591 2085 1646 2136 δὲ
1673 2085 1782 2134 τῶν

1880 2090 2170 2149 simulata,
2229 2088 2409 2141 virum
2463 2086 2922 2154 comprehensum
2978 2096 3174 2151 magna
3233 2080 3465 2146 pecunia

192 2171 414 2223 οίκείων
464 2173 856 2242 ἐκμηκυνθεῖσι
889 2175 1052 2237 πολὺ,
1104 2175 1267 2244 ἑτέρα
1304 2174 1513 2244 πληθὺς
1542 2175 1781 2244 ἀνεφάνη

1877 2187 2310 2240 commutarunt,
2332 2180 2425 2248 qui
2458 2179 2643 2231 statim
2673 2177 2740 2230 ab
2771 2176 2962 2229 Alexio
2989 2173 3310 2243 Byzantium
3338 2187 3468 2240 per-

195 2263 469 2331 Τούρκων
499 2265 579 2325 είς
616 2264 817 2326 πολλὰς
862 2266 1004 2319 πάνυ
1057 2266 1302 2335 χιλιάδας
1351 2265 1736 2335 ἀριθμουμένη
1765 2282 1780 2296 ⁸

1880 2270 2117 2331 ductus.
2162 2278 2217 2323 et
2253 2279 2375 2337 post
2406 2268 2613 2322 atrocia
2653 2275 2923 2320 tormenta
2959 2265 3011 2316 in
3051 2261 3188 2316 turri
3228 2260 3466 2330 quadam

191 2355 266 2416 ῶς
284 2354 332 2406 δ’
362 2355 604 2423 ἐπῆλθον
635 2358 820 2421 αὐτοῖς
845 2359 891 2409 οί
922 2358 1205 2426 φανέντες,
1237 2357 1332 2409 καὶ
1356 2358 1580 2420 ἀκοντες
1603 2359 1790 2420 αὐτοῖς

1880 2370 1966 2416 est
1993 2360 2255 2414 inclusus.
2289 2360 2426 2425 Quia
2451 2373 2582 2412 vero
2609 2359 2712 2411 sub
2737 2358 2844 2410 hoc
2873 2357 3204 2424 imperatore
3235 2364 3468 2404 annonae

194 2449 646 2516 συνερράγησαν,
672 2450 1116 2518 περιειληθέντες
1143 2449 1189 2500 δ’
1224 2449 1327 2500 ὐπδ
1363 2447 1458 2501 τοῦ
1514 2449 1780 2518 πλήθους,

193 2539 291 2590 καὶ
317 2540 450 2600 τοὺς
477 2539 681 2602 ἴππους
705 2539 1092 2603 ἀποόαλόντες,
1138 2540 1389 2594 ἑάλωσαν
1417 2541 1445 2592 6
1468 2557 1528 2593 τε
1571 2541 1787 2610 Καίσαρ

195 2628 292 2680 καὶ
355 2630 386 2680 6
457 2630 786 2691 Ῥουσέλιος.
859 2631 1023 2682 Ἀλλὰ
1076 2630 1172 2683 τὸν
1206 2630 1310 2699 μὲν
1386 2629 1696 2682 Ῥουσέλιον
1754 2629 1788 2698 ἡ

197 2720 458 2783 σύνευνος
519 2721 866 2792 προλαϐοῦσα
927 2722 1190 2792 ἐπρίατο,
1267 2721 1361 2774 τὸν
1420 2719 1476 2772 δὲ
1533 2720 1788 2789 Καίσαρα

191 2810 221 2858 6
261 2807 527 2878 βασιλεὺς
582 2811 951 2880 ἐλυτρὼσατο.
1011 2810 1072 2863 '0
1129 2811 1213 2875 δὲ,
1245 2809 1602 2878 ἀπαγόμενος
1652 2809 1789 2879 πρὸς

1884 2449 2113 2502 caritate
2146 2448 2454 2501 laboratum
2491 2457 2604 2509 est,
2649 2455 2708 2499 ut
2747 2460 2856 2498 non
2894 2445 3109 2512 integer
3155 2439 3471 2495 medimnus

1884 2538 2222 2592 numismate
2252 2538 2610 2602 venderetur,
2639 2536 2733 2591 sed
2772 2534 2989 2604 pinacio
3023 2533 3228 2595 minus,
3257 2529 3352 2598 qui
3384 2537 3469 2582 est

1884 2628 2148 2682 medimni
2208 2627 2527 2697 quadrans:
2565 2628 2781 2696 publica
2836 2627 3114 2679 calamitas
3160 2634 3464 2688 cognomen

1886 2718 1966 2774 illi
1996 2719 2154 2779 fecit,
2200 2729 2257 2771 ut
2291 2719 2455 2771 etiam
2490 2719 2653 2773 hodie
2684 2719 2762 2772 sic
2795 2727 3024 2772 vocetur
3046 2757 3060 2779 ,
3093 2729 3272 2783 neque
3305 2712 3468 2766 aliter

1892 2820 2244 2878 agnoscatur.
2272 2809 2373 2862 nisi
2408 2808 2818 2877 l'arapinacium
2849 2806 3076 2861 dixeris.

188 2899 284 2950 τὸν
339 2899 600 2967 βασιλέα,
666 2901 762 2954 καὶ
826 2902 883 2954 ἐν
937 2904 1006 2970 τῇ
1069 2902 1391 2972 Προποντίδι
1449 2902 1762 2972 γενόμενος,
1796 2901 2043 2970 κείρεται
2107 2902 2205 2969 τὴν
2251 2903 2413 2972 τρίχα
2464 2902 2556 2954 καὶ
2593 2900 3062 2970 μεταμφιέννυται
3105 2895 3203 2966 τὴν
3256 2891 3468 2960 στολὴν,

193 2995 366 3064 ῥάκος
402 2994 698 3062 μοναχικδν
731 2996 1095 3065 μεταθέμενος
1115 3013 1130 3026 ο
1157 2996 1445 3064 ηὑλαϐεῐτο
1476 2995 1585 3065 γὰρ
1621 2997 1694 3063 μή
1730 3015 1782 3048 τι
1814 2995 1974 3048 πάθοι
2001 2995 2133 3065 πρὸς
2160 2996 2252 3048 τοῦ
2284 2995 2508 3061 ἀνεψιοῦ
2537 2996 2623 3047 διὰ
2654 2996 2751 3064 τὴν
2782 2994 3101 3063 ἀνάρρησιν.
3159 2989 3217 3040 '0
3234 2988 3290 3041 δὲ
3313 2987 3468 3039 Ῥου-

194 3089 399 3151 οὲλιοε,
431 3087 633 3148 λυθεὶς,
659 3089 737 3150 ὡς
766 3090 1002 3156 εἴρηται,
1033 3090 1130 3157 τῆς
1157 3089 1556 3157 αἰχμαλωσίας,
1585 3089 1681 3164 τὴν
1709 3091 1945 3153 γυναῖκα
1979 3091 2116 3154 μετά
2149 3087 2256 3138 τῶν
2278 3086 2736 3155 περιλειφθέντων
2769 3085 3036 3152 ⁴Ινριίγγων
3060 3079 3262 3141 λαϐὼν,
3299 3077 3375 3139 εἰς
3408 3073 3469 3129 τὸ

189 3177 305 3229 τῶν
345 3177 721 3245 Ἀρμενιακῶν
753 3177 808 3230 θέ
819 3196 894 3247 μα
925 3179 1161 3244 ἐγένετο,
1194 3180 1251 3228 ἐν
1273 3170 1317 3243 ᾧ
1337 3178 1490 3244 διῆγε
1520 3177 1614 3228 καὶ
1640 3177 1923 3245 πρότερον.
1952 3176 2168 3228 Στέλλει
2200 3176 2379 3228 τοίνυν
2414 3177 2442 3227 6
2476 3174 2722 3242 βασιλεὺς
2755 3175 2875 3225 κατ’
2902 3172 3064 3224 αὑτοῦ
3088 3171 3180 3224 τὸν
3207 3167 3470 3238 πρόεδρον

201 3274 450 3336 Ἀλέξιον
475 3276 565 3326 τὸν
585 3277 890 3344 Κομνηνδν,
921 3277 1037 3328 νέον
1062 3278 1158 3345 μὲν
1179 3277 1330 3336 ὄντα,
1359 3275 1526 3342 ἄνδρα
1545 3276 1598 3328 δέ
1620 3292 1682 3338 γε
1703 3274 1918 3327 συνετὸν
1939 3275 2030 3327 καὶ
2050 3274 2529 3344 δραστήριον.’ος,
2548 3275 2836 3342 γενόμενος
2870 3269 3006 3323 κατὰ
3035 3268 3132 3332 τὴν
3149 3265 3203 3316 ’Δ
3213 3263 3470 3332 μάσειανι

189 3364 287 3456 δι’,
310 3368 644 3437 ἀπθέρἷων
695 3367 845 3435 δηλοῖ
899 3370 1011 3429 τοῖς
1063 3368 1326 3438 Τούρκοις
1360 3367 1455 3432 ὡς,
1487 3367 1538 3419 εί
1567 3365 1933 3434 κατασχόντες
1960 3366 2050 3418 τὸν
2089 3365 2388 3418 Ῥουσέλιον
2415 3365 2700 3433 παραδοῖεν
2723 3362 2910 3415 τοῦτον
2935 3357 3102 3426 αὐτῷ,
3136 3354 3345 3408 πολλῶν
3374 3352 3473 3403 αύ-

191 3445 322 3521 105;
367 3461 643 3528 ἐμπλήσει
684 3460 1002 3528 χρημάτων.
1069 3460 1256 3512 Φιλίαν
1306 3459 1398 3512 οὖν
1439 3457 1826 3526 ὑποκριθέντες
1865 3459 2065 3510 ἐκείνοι
2129 3455 2264 3523 πρὸς
2322 3455 2411 3506 τὸν
2473 3455 2772 3508 Ἰ”ουσέ).ιον
2831 3451 3094 3519 κατέσχον
3148 3447 3242 3499 τὸν
3300 3445 3468 3510 ἄνδρα

193 3555 292 3605 καὶ
330 3552 545 3605 πολλῶν
574 3553 736 3604 αὑτὸν
769 3553 1070 3621 χρημάτων
1122 3551 1443 3622 ἠλλάξαντο,
1510 3551 1568 3612 ὃς
1639 3552 1838 3601 αὐτίκα
1911 3549 2063 3616 παρὰ
2119 3549 2215 3600 τοῦ
2266 3548 2503 3612 Ἀλεξίου
2546 3549 2765 3615 δέσμιος
2812 3543 3031 3613 ἀπήχθη
3086 3541 3222 3610 πρὸς
3270 3539 3330 3591 τὸ
3362 3539 3466 3590 Βυ··

193 3646 441 3709 ζάντιον,
477 3647 574 3697 καὶ
607 3644 851 3712 σφοδρῶς
882 3643 1149 3704 αἰκισῦεὶς
1179 3645 1259 3703 είς
1298 3642 1506 3711 πύργον
1543 3642 1762 3707 δέσμιος
1845 3641 2299 3694 κατακέκλειστυ.
2338 3641 2492 3692 Σίτου
2553 3641 2608 3692 δέ
2640 3638 2936 3706 γενομένης
2978 3634 3183 3695 ἐνδείας
3239 3634 3298 3684 ἐν
3344 3636 3466 3692 ταῖς

195 3740 442 3808 ἡμέραις
501 3737 594 3790 τοῦ
651 3738 916 3807 βασιλέως
961 3737 1178 3802 τούτου,
1224 3735 1366 3788 ὥστε
1455 3735 1529 3804 μὴ
1622 3735 1743 3787 ὅλον
1817 3734 2078 3803 μέδιμνον
2124 3735 2203 3794 είς
2264 3734 2504 3802 νόμισμα
2548 3735 2923 3797 ἀποδίδοσθαι,
2952 3733 3090 3787 ἀλλά
3145 3734 3298 3801 παρὰ
3361 3749 3458 3784 πι-

193 3833 411 3894 νάκιον,
457 3833 484 3884 6
515 3835 632 3884 ἐστι
669 3833 928 3901 μεδίμνου
956 3830 1017 3882 16
1049 3829 1334 3897 τέταρτον,
1403 3829 1483 3888 είς
1551 3826 1838 3892 ἐπώνυμον
1877 3823 1955 3892 τῷ
2003 3824 2215 3892 βασιλεῖ
2249 3824 2309 3875 τὸ
2367 3823 2544 3875 κοινὸν
2595 3823 2922 3892 δυστύχημα
2984 3826 3342 3894 ἐχρημάτισε,
3388 3822 3466 3881 ὡς

194 3928 478 3994 καὶμέχρι
510 3925 664 3977 τοῦδε
699 3923 841 3975 οὕτω
873 3920 1063 3972 τοῦτον
1091 3918 1376 3971 καλεῖσθαι
1445 3918 1537 3968 τὸν
1599 3916 1809 3967 ἄνακτα
1832 3930 1848 3947 °
1889 3915 1951 3966 ού
1992 3913 2103 3983 γάρ
2135 3931 2220 3973 τις
2250 3912 2425 3974 ἄλλως
2463 3915 2686 3980 γνωριεῖ
2741 3912 2927 3964 τοῦτον
2977 3913 3088 3974 τοῖς
3136 3911 3265 3982 περὶ
3297 3911 3462 3968 αὐτοῦ

191 4024 473 4088 λέγουσιν,
505 4017 554 4067 εί
585 4017 658 4083 μὴ
691 4014 779 4065 τὸν
805 4012 1217 4080 Παραπινάκιον
1246 4011 1394 4080 είπῃ.

270 4153 374 4209 ΙΖ’.
404 4151 498 4221 Τῷ
554 4150 723 4220 τρίτῳ
782 4147 826 4198 δ’
874 4146 1114 4213 ἕτειτῆς
1165 4141 1439 4213 βασιλείας
1493 4140 1661 4194 αὐτοῦ
1713 4140 1774 4192 16
1807 4145 1851 4204 ο

1807 4145 1851 4204 c
1955 4141 2117 4195 XVII.
2155 4141 2342 4194 Tertio
2372 4155 2541 4208 porro
2572 4156 2716 4193 anno
2746 4139 2960 4208 imperii
2998 4138 3144 4192 illius
3175 4155 3306 4208 gens
3327 4139 3466 4194 Cro-

194 4251 309 4303 τῶν
334 4243 639 4314 Χροόἁτων
668 4240 843 4302 ἔθνος,
871 4237 963 4300 οὓς
1000 4237 1063 4306 δὴ
1103 4236 1197 4288 καὶ
1228 4235 1463 4304 Σέρὸους
1496 4235 1638 4296 τινὲς
1673 4250 1775 4285 κα⁶

191 4341 371 4403 λοῦσι,
423 4334 774 4400 ἐκκεκίνητο,
811 4332 908 4400 τὴν
942 4329 1052 4381 τῶν
1088 4329 1412 4397 Βουλγάρων
1444 4326 1628 4395 χώραν
1659 4326 1779 4376 ἐπι-

193 4427 526 4498 κεχειρηκδς
568 4422 881 4489 κατασχεῖν.
926 4417 1087 4469 Ἀλλὰ
1144 4417 1251 4485 μὴν
1281 4415 1374 4466 καί
1414 4431 1541 4466 τινα
1570 4411 1780 4479 ταύτης

193 4516 568 4586 κατεσχηκδς,
606 4513 826 4572 πολλαῖς
865 4510 922 4560 δὲ
970 4509 1173 4577 μάχαις
1230 4507 1322 4560 καὶ
1369 4504 1545 4573 φθορᾷ
1573 4501 1780 4554 πολλῶν

192 4607 568 4677 ἑκατέρωθεν,
601 4604 709 4656 τῶν
743 4619 800 4654 τε
833 4599 1256 4668 κατεσχημένων
1286 4596 1637 4657 ὲκπέπτωκε,
1684 4592 1782 4645 καὶ

194 4696 670 4764 καταπολεμηθὲν
696 4694 804 4745 τῶν
841 4690 1168 4759 Ῥωμαϊκῶν
1195 4689 1363 4757 ὁρίων
1408 4687 1641 4755 ἐξώσθη,
1685 4685 1780 4738 καὶ

193 4795 278 4855 εἰς
337 4791 408 4842 τὰ
447 4788 687 4856 σφέτερα
720 4785 826 4854 ἢθη
874 4783 1060 4853 μένειν
1095 4774 1433 4847 ἠνάγκαστο.
1480 4777 1674 4838 Δοῦλος
1722 4777 1779 4829 δέ

196 4903 285 4946 τις
339 4883 438 4935 τοῦ
500 4880 706 4945 πατρδς
733 4875 926 4928 τούτου
953 4873 1048 4926 τοῦ
1095 4873 1495 4940 αὐτοκράτορος
1548 4870 1779 4938 Νέστωρ

193 4979 395 5042 δνομα,
450 4971 757 5041 βεστάρχης
812 4967 868 5018 δὲ
911 4966 973 5018 16
1014 4964 1250 5033 ἀξίωμα,
1311 4962 1437 5024 δοὺξ
1489 4960 1597 5012 τῶν
1675 4961 1780 5010 Ila.

198 5063 465 5132 ρτστρίων
510 5055 936 5127 προχειρισθεὶς,
969 5051 1102 5126 ἦρεν
1154 5053 1296 5106 ὅπλα
1342 5052 1485 5104 κατά
1535 5050 1634 5102 τοῦ
1678 5050 1778 5119 βα-

197 5155 422 5212 σιλέως.
491 5149 828 5218 Ὀμαιχμίαν
875 5151 982 5215 γάρ
1027 5147 1255 5210 θέμενος
1298 5145 1435 5212 μετά
1482 5159 1625 5203 τινος
1681 5143 1777 5208 ἀρε

196 5243 376 5314 χηγοῦ
429 5242 806 5305 Πατζινάκων,
855 5239 913 5298 ὃς
971 5239 1217 5290 ἐκαλεῖτο
1265 5235 1496 5296 Τατοῦς,
1550 5235 1634 5294 είς
1679 5233 1777 5299 τὴν

194 5338 310 5388 τῶν
360 5335 575 5386 πόλεων
617 5331 1006 5402 βασιλεύουσαν
1042 5329 1430 5398 παρεγένοντο,
1489 5327 1582 5380 καὶ
1618 5342 1731 5393 παρ

195 5425 458 5478 ἐνέϐαλον
490 5426 596 5491 πρὸ
645 5423 838 5491 αὐτῆς.
884 5422 1229 5475 Καταθὲσῦαι
1289 5421 1344 5470 δὲ
1394 5421 1463 5472 τὰ
1510 5420 1648 5472 ὅπλα
1683 5419 1775 5470 τοῦ

1883 4242 2158 4293 vatorum,
2193 4246 2332 4300 quos
2359 4230 2611 4284 nonnulli
2648 4231 2870 4284 Servios
2901 4240 3120 4291 vocant,
3156 4229 3459 4297 Bulgariam

1881 4338 2149 4391 occupare
2182 4338 2435 4393 aggressa
2469 4331 2552 4377 est
2574 4364 2588 4385 ,
2621 4338 2684 4377 ac.
2717 4324 2963 4391 quaedam
2999 4325 3114 4377 loca
3147 4326 3327 4393 cepit,
3361 4325 3457 4378 sed

1881 4416 2068 4468 multis
2100 4416 2300 4483 prteliis
2342 4416 2536 4478 factis,
2581 4416 2767 4469 multis
2815 4419 3078 4485 utrinque
3118 4417 3307 4476 caesis.
3342 4429 3455 4470 tum

1882 4502 1950 4556 iis
1978 4503 2200 4562 excidit.
2235 4519 2356 4571 qua:
2403 4514 2673 4567 tenuerat,
2711 4514 2821 4557 tum
2855 4505 3091 4565 devicta.
3126 4515 3184 4557 ct
3216 4505 3458 4560 Romana

1882 4594 2090 4647 ditione
2133 4595 2385 4662 expulsa,
2433 4595 2484 4646 in
2521 4611 2649 4648 suas
2693 4597 2870 4648 redire
2916 4597 3074 4649 sedes
3118 4608 3303 4648 coacta
3350 4605 3456 4650 est.

1883 4684 2087 4739 Servus
2112 4700 2281 4753 porro
2307 4687 2529 4755 quidam
2563 4695 2827 4756 paternus
2862 4688 3230 4755 imperatoris,
3263 4688 3460 4742 Nestor

1882 4777 2126 4838 nomine.
2163 4777 2428 4847 dignitate
2460 4779 2778 4833 vestarcbes
2800 4821 2813 4841 ,
2856 4779 2986 4848 ripae
3019 4779 3140 4832 lstri
3175 4780 3281 4832 dux
3314 4778 3460 4833 desi-

1881 4875 2079 4933 gnatus
2102 4905 2114 4925 .
2156 4882 2308 4919 artua
2340 4876 2530 4921 contra
2564 4868 2714 4921 illum
2748 4869 2918 4935 cepit,
2959 4879 3013 4921 et
3046 4869 3457 4937 conspiratione

1879 4972 2001 5009 cum
2030 4957 2266 5024 quodam
2300 4959 2715 5012 Patzinacarum
2748 4960 2887 5011 duce
2919 4958 3056 5012 Tato
3085 4959 3243 5023 inita,
3275 4969 3454 5013 castra

1881 5061 2007 5102 ante
2051 5051 2244 5102 urbem
2294 5051 2698 5118 imperatricem
2746 5052 2950 5118 posuit.
2995 5051 3232 5103 llionitus
3269 5060 3452 5104 autem

1879 5139 1948 5191 ab
1973 5141 2318 5206 imperatore,
2343 5150 2399 5191 ut
2425 5141 2492 5192 ab
2517 5141 2682 5194 armis
2709 5141 3038 5206 discederet,
3103 5142 3155 5195 id
3187 5156 3245 5193 se
3275 5141 3455 5195 factu-

1882 5245 2000 5280 rum
2026 5230 2336 5297 respondit,
2369 5231 2413 5283 si
2451 5229 2727 5299 logotbeta
2759 5232 3103 5300 Nicephorus
3136 5232 3453 5299 reipublicaz

1883 5321 2051 5385 pestis
2096 5329 2150 5372 et
2189 5321 2370 5373 clades
2412 5323 2621 5388 populi,
2673 5323 2777 5375 sibi
2824 5323 2909 5374 vel
2953 5321 3270 5384 dederetur,
3304 5321 3390 5375 vel
3420 5336 3453 5376 ο

1881 5411 2064 5462 medio
2096 5411 2404 5464 excl-dcrct.
2441 5412 2518 5465 Eo
2549 5414 2615 5465 ab
2647 5416 2976 5480 imperatore
3014 5423 3234 5480 negato,
3264 5411 3453 5466 relicta

200 5516 476 5585 βασιλέως
539 5513 826 5581 δηλοῦντος
883 5513 1052 5581 αύτῷ,
1107 5516 1312 5576 ἐκεῖνος
1366 5516 1581 5582 ἕτοιμος
1638 5506 1777 5562 εἶναι
1816 5485 1855 5537 D

1816 5485 1855 5537 θ
1889 5503 2045 5566 urbe,
2075 5503 2361 5556 Thraciam
2391 5515 2446 5555 et
2469 5504 2840 5557 .‘ilacedoniani
2871 5512 2924 5556 et
2958 5502 3042 5555 his
3069 5501 3298 5554 ﬁnitima
3327 5499 3456 5552 Bul-

197 5607 362 5656 τοῦτο
395 5606 621 5672 ποιῆσαι
656 5606 862 5670 ἔλεγεν,
898 5607 945 5657 εί
971 5605 1119 5674 αὐτῷ
1142 5608 1170 5659 6
1202 5605 1493 5672 λογοθέτης
1531 5602 1776 5672 ἐκδοθείη

1773 5626 1776 5671 Ι
1876 5595 2038 5662 garia:
2085 5595 2203 5646 loca
2256 5594 2563 5660 pratdatus,
2620 5595 2685 5646 ad
2738 5594 3054 5647 Patzinacas
3104 5607 3161 5644 se
3212 5587 3450 5642 confert.

201 5696 545 5765 Νικηφόρος,
611 5696 642 5764 ἢ
697 5694 831 5756 τέως
871 5699 934 5748 ἐκ
984 5696 1152 5763 μέσου
1207 5697 1456 5765 γένηται,
1491 5696 1566 5755 ὡς
1625 5695 1777 5758 κοινὴ

1768 5711 1777 5758 κ
1877 5685 2104 5737 Michael
2157 5686 2327 5737 lilium
2381 5703 2445 5739 ex
2490 5687 2656 5740 Maria
2706 5687 2909 5740 Alana.
2951 5701 3111 5753 quam
3153 5684 3445 5750 Augustam

202 5789 464 5858 mappa
527 5790 618 5839 καὶ
693 5789 861 5840 κακὶν
936 5790 1240 5856 ἐπιδήμιον.
1332 5788 1502 5839 Τοῦτο
1567 5788 1615 5837 5‘:
1679 5786 1768 5836 1'...

1888 5779 2213 5846 appellat-zu.
2277 5790 2620 5845 susceptum.
2675 5778 3095 5833 Constantinum
3148 5773 3220 5826 ob
3277 5769 3450 5840 patri:
