4248 6442
168 405 270 470 28')

1365 394 1776 456 ANNALIUM
1817 394 1945 453 lui}
2004 394 2226 453 Xi’lll.

3316 398 3425 462 290

171 519 437 592 μέστικον
468 556 483 578 ,
532 517 633 569 καὶ
694 512 806 566 τῶν
868 510 1200 581 Ῥωμαϊκῶν
1250 508 1418 562 αὐτὸν
1464 508 1748 575 δυνάμεων

1854 503 2078 568 dicitur,
2128 506 2275 559 illius
2324 506 2568 561 exercitu
2622 507 2781 562 facile
2821 517 3103 578 superato,
3145 519 3435 581 tyrannum

169 608 657 679 προστησάμενος,
694 603 837 657 κατά
865 601 961 654 τοῦ
991 600 1251 670 Βρυενίου
1294 598 1603 666 ἐξέπεμψεν
1626 614 1640 627 ·
1667 597 1749 662 ὃς,

165 702 343 769 τούτῳ
374 700 684 768 συμϐαλὼν
771 698 915 751 κατά
961 715 1016 749 τι
1073 695 1276 765 χωρίον
1314 691 1646 762 Καλασρύην
1676 692 1753 761 (4)

166 794 496 862 λεγόμενον.
516 791 604 843 διὰ
639 789 700 841 τὸ
733 790 1084 860 κατάρρυτον
1115 783 1259 838 εἶναι
1294 784 1386 838 τὸν
1426 784 1593 837 τόπον
1625 783 1755 854 βρύ-

166 904 324 939 σεσιν
378 885 593 938 ὑδάτων
647 881 861 935 πολλῶν
899 897 960 933 τε
1009 882 1101 932 καὶ
1144 878 1388 945 ἀγαθῶν,
1424 876 1623 947 ῥαδίως
1654 877 1754 944 τῆς

164 978 386 1031 ἐκείνου
407 975 761 1043 περιεγένετο
784 973 1067 1042 στρατιᾶς,
1084 973 1175 1024 καὶ
1198 970 1309 1021 τῶν
1335 969 1434 1037 μὲν
1458 968 1751 1029 πεσόντων,

162 1068 271 1120 τῶι
296 1067 354 1119 δὲ
378 1068 689 1133 φυγόντων,
712 1057 824 1115 εἷλε
852 1062 1164 1130 μονωθέντα
1195 1060 1281 1112 τὸν
1312 1060 1750 1127 τυραννήσαντα,

166 1158 262 1210 καὶ
282 1156 384 1209 τοῦ
406 1157 590 1224 φωτὸς
611 1155 704 1206 τὸν
727 1153 964 1205 δείλαιον
988 1151 1356 1220 ἀπεστέρησε,
1384 1149 1753 1215 καὶείσήγαγε

161 1248 371 1313 τυτλδν
403 1248 489 1308 είς
522 1245 620 1313 τὴν
654 1243 1073 1314 βασιλεύουσαν.
1102 1242 1210 1294 Καὶ
1245 1242 1276 1311 ή
1304 1242 1405 1310 μὲν
1431 1240 1525 1292 τοῦ
1552 1240 1753 1307 Βρυεν-

162 1336 281 1387 νίου
349 1339 435 1397 εἰς
496 1334 658 1386 τοῦτο
715 1332 905 1394 τέλους
954 1333 1301 1402 κατήντησεν
1354 1330 1750 1390 ἐπανάστασις.

159 1426 588 1494 Ἐπανὲστησαν
638 1424 694 1475 δὲ
740 1424 834 1474 καὶ
891 1422 943 1473 oi
1002 1421 1285 1489 Βάραγγοι
1336 1418 1413 1488 (5)
1465 1421 1603 1471 κατᾶ
1656 1420 1750 1470 τοῦ

160 1515 465 1584 βασιλέως,
497 1516 718 1566 ἀνελεῖν
757 1512 921 1565 αὐτὸν
961 1511 1385 1579 μελετήσαντες.
1434 1511 1752 1574 Ἀντιταξα-

161 1610 333 1675 μὲι-ης
357 1607 405 1659 δ’
434 1608 625 1667 αὐτοῖς
653 1605 833 1676 χειρὸς
864 1605 1058 1673 ἐτέρας
1087 1602 1423 1671 Ῥωμαῖκῆς,
1443 1606 1520 1664 εἰς
1539 1603 1750 1654 ἱκεσίαν

156 1699 497 1765 ἐτράποντο,
526 1698 623 1750 καὶ
658 1695 993 1764 συγγνώμης
1020 1694 1308 1764 ἐπέτυχον.
1331 1695 1422 1763 Τῷ
1452 1694 1507 1745 δὲ
1540 1691 1751 1761 βασιλεῖ

157 1791 339 1859 τούτῳ
393 1790 499 1857 τῆς
556 1788 833 1857 ὁμοζύγου
889 1786 1325 1855 τελευτησάσης,
1392 1784 1587 1837 πολλαὶ
1649 1786 1747 1854 μὲν

155 1884 575 1951 ἐμνηστεύοντο
606 1878 872 1947 παρθένοι
895 1916 909 1937 ,
943 1878 1040 1929 καὶ
1074 1876 1181 1946 πρὸ
1212 1875 1324 1927 τῶν
1370 1876 1546 1929 ἄλλων
1576 1878 1607 1946 ή
1648 1877 1741 1927 τοῦ

153 1972 433 2037 βασιλέως
484 1970 580 2022 τοῦ
640 1968 820 2020 Δούκα
876 1969 1123 2035 θυγάτηρ
1179 1968 1322 2036 Ζωή.
1358 1966 1418 2020 Ὀ
1457 1966 1512 2019 δὲ
1567 1967 1600 2037 ἢ
1645 1966 1745 2036 τὴν

155 2062 417 2129 βασιλίδα
472 2060 740 2112 Εὑδοκίαν
794 2060 986 2129 ἤθελεν
1039 2060 1388 2125 ἀγαγέσθαι,
1455 2059 1488 2128 ἢ
1540 2059 1642 2127 τὴν
1686 2058 1744 2123 ἐξ

164 2152 419 2206 Ἀλανῶν
444 2153 691 2222 Μαρίαν,
720 2150 821 2220 τήν
843 2152 922 2220 τῷ
958 2152 1064 2221 πρὸ
1124 2149 1290 2203 αὑτοῦ
1322 2152 1742 2218 συνοικήσασαν.

154 2243 387 2297 Στέλλει
420 2243 555 2311 γοῦν
578 2245 676 2313 τὴν
709 2243 973 2295 Εὑδοκίαν
1008 2242 1520 2312 μετακαλοὺμενος.
1572 2240 1633 2292 Ἢ
1664 2239 1740 2303 δι,

153 2334 223 2394 ῶς
254 2334 451 2400 λόγος,
480 2336 581 2386 οὐκ
607 2335 955 2404 ἀπηνήνατο,
991 2334 1242 2401 ἐκωλύθη
1297 2333 1355 2385 δὲ
1401 2331 1538 2399 πρὸς
1584 2329 1745 2383 τοῦτο

152 2426 179 2476 ὁ
210 2424 484 2493 βασιλεὺς
522 2426 676 2493 παρά
714 2442 881 2476 τινων
922 2423 1201 2493 μοναχῶν.
1255 2422 1365 2477 Καὶ
1413 2424 1605 2490 ἄγεται
1643 2420 1744 2490 τὴν

156 2514 421 2586 βασιλίδα
460 2516 702 2586 Μαρίαν,
736 2515 836 2584 τὴν
868 2515 948 2584 τῷ
978 2518 1085 2585 πρὸ
1115 2515 1281 2567 αὑτοῦ
1317 2519 1742 2583 συνοικήσασιν,

151 2606 318 2658 οὐδὲν
369 2600 537 2675 ἧττον
623 2608 1030 2676 παρανομήσας
1099 2607 1131 2675 ἦ
1204 2606 1253 2656 εί
1335 2604 1433 2673 τὴν
1482 2604 1743 2657 Εὑδοκίαν

150 2698 427 2763 ἢγαγετο.
455 2696 689 2765 Μοιχεία
720 2697 828 2767 γὰρ
853 2694 919 2767 ἦν
959 2696 1466 2766 ἁπηρυθριασμένη
1535 2696 1595 2747 τὸ
1620 2696 1741 2747 τολ-

154 2787 359 2856 μηθέν.
393 2786 488 2839 Διὸ
515 2787 610 2839 καὶ
672 2789 700 2838 ὀ
754 2788 856 2858 τὴν
908 2787 1217 2856 ίερολογίαν
1273 2784 1573 2846 τετελεκὼς
1658 2785 1745 2837 ἐπ’

152 2880 348 2941 αὐτοῖς
370 2878 471 2947 τῆς
500 2878 797 2949 ἱερωσύνης
826 2880 1210 2932 ἐκπέπτωκεν.
1240 2876 1303 2930 '0
1328 2877 1511 2946 μέντοι
1544 2876 1749 2947 προϐε-

152 2969 512 3034 ϐασιλευκὼς
538 2970 779 3040 Μιχαὴλ,
804 2971 879 3032 ὡς
905 2971 1143 3041 εἴρηται,
1174 2972 1273 3039 τὴν
1338 2971 1496 3039 τρίχα
1533 2972 1742 3037 καρεὲς,

154 3063 255 3112 καὶ
284 3062 462 3131 qui)qu
494 3063 762 3152 συνοόικῇ
818 3061 1224 3131 μητροπολίτης
1268 3061 1503 3129 Ἐφέσου
1535 3060 1612 3131 (6)
1651 3078 1743 3113 κε-

1858 596 1978 649 aliis
2006 598 2184 659 caesis,
2219 596 2343 651 aliis
2373 598 2572 668 fugatis
2602 598 2946 665 destitutum,
2978 600 3146 670 cepit,
3176 617 3241 656 ae
3276 602 3443 657 mise-

1858 704 1976 742 rum
2019 689 2295 742 hominem
2347 700 2608 744 ea-catum
2644 691 2699 744 in
2732 692 2922 748 urbem
2957 694 3238 763 perduxit.
3283 694 3440 750 Hunc

1860 780 2077 851 Brycnii
2145 789 2329 834 motus
2384 782 2591 836 exitum
2653 782 2866 837 habuit.
2926 785 3032 839 Sed
3093 794 3153 841 et
3202 786 3435 856 Varangi

1857 871 2243 940 imperatorem
2276 887 2376 943 per
2406 872 2731 928 seditionem
2791 872 3101 928 interﬁcere
3130 876 3337 938 conati,
3370 874 3440 930 ab

1854 963 1958 1016 alia
1995 963 2237 1017 Romana
2277 980 2441 1018 manu
2493 964 2763 1033 oppressi,
2812 963 3180 1033 conversique
3205 966 3272 1019 ad
3309 979 3438 1034 pre-

1854 1070 1968 1119 ces,
2018 1056 2235 1109 veniam
2284 1056 2668 1125 impetrarunt.
2720 1057 2856 1111 Cum
2904 1064 3089 1111 autem
3142 1054 3439 1110 Botauiasa‘.

1857 1160 1994 1199 uxor
2027 1144 2283 1207 obiisset,
2329 1146 2514 1199 multa:
2548 1146 2814 1215 virgines,
2862 1148 3112 1214 quamvis
3143 1144 3309 1199 ell‘eto
3340 1145 3438 1198 im-

1854 1237 2095 1307 peratori
2140 1236 2540 1301 offerebantur,
2577 1253 2642 1292 ac
2670 1254 2780 1308 pra:
2833 1238 3048 1293 caeteris
3089 1238 3437 1293 Constantini

1855 1329 2015 1382 Duce
2046 1328 2153 1380 lilia
2184 1326 2313 1381 Zoe.
2345 1325 2548 1381 Verum
2585 1329 2660 1382 illi
2690 1328 2962 1399 placebat.
3001 1339 3093 1382 aut
3120 1330 3437 1397 imperatri-

1853 1434 1973 1471 cem
2014 1418 2309 1473 Eudoeiam
2362 1418 2585 1484 ducere,
2617 1429 2712 1472 aut
2744 1419 2969 1473 Mariam
3007 1419 3316 1474 decessoris
3354 1403 3439 1473 sui

1853 1512 2159 1581 conjugem.
2190 1511 2334 1565 Misit
2384 1510 2554 1580 igitur
2578 1510 2647 1564 ad
2679 1510 3003 1578 Eudociam,
3037 1526 3161 1581 quae
3191 1526 3318 1569 cum
3354 1518 3441 1579 (ut

1852 1602 2049 1671 fertur)
2094 1603 2407 1673 coniugium
2460 1617 2571 1656 non
2631 1612 2931 1665 recusaret,
2994 1602 3280 1657 monachis
3312 1603 3440 1671 qui-

1850 1695 2082 1750 busdam
2134 1695 2467 1760 vetantibus,
2523 1694 2750 1750 Mariam
2799 1696 3204 1766 imperatricem
3260 1695 3436 1758 ducit,

1853 1789 1905 1843 in
1954 1805 2065 1858 quo
2115 1789 2288 1843 nihilo
2346 1790 2552 1843 rectius
2605 1788 2771 1853 fecit,
2831 1804 2995 1858 quam
3042 1791 3089 1843 si
3135 1787 3438 1842 Eudoeiam

1849 1879 2173 1947 accepisset,
2229 1889 2325 1933 aut
2370 1880 2617 1933 deterius
2662 1879 2851 1933 etiam.
2901 1878 2959 1932 Id
3023 1878 3171 1932 enim
3227 1877 3440 1932 facinus

1848 1969 2137 2039 impudens
2181 1978 2300 2024 erat
2341 1969 2691 2024 adulterium.
2742 1970 2837 2023 llle
2876 1979 3026 2023 certe
3077 1970 3171 2038 qui
3212 1983 3432 2023 sacrum

1848 2062 2092 2131 nuptiale
2161 2070 2489 2131 peregerat,
2560 2061 2872 2115 sacerdotio
2924 2060 3151 2114 excidit.
3205 2060 3436 2114 Michael

1846 2166 1977 2205 vero
2008 2150 2219 2221 pridem
2254 2152 2577 2220 imperator,
2609 2159 2764 2204 tonsa
2795 2164 2972 2207 coma.
3004 2158 3063 2202 ut
3091 2149 3301 2203 dictum
3328 2157 3436 2212 est,

1845 2241 2065 2297 concilii
2117 2241 2397 2311 suffragiis
2435 2241 2633 2310 Ephesi
2686 2241 3141 2310 metropolitanus
3173 2248 3256 2293 est
3279 2255 3440 2293 crea-

1848 2340 1956 2399 tus,
2007 2343 2064 2387 et
2110 2348 2236 2387 cum
2287 2335 2455 2387 semel
2491 2350 2557 2386 eo
2600 2334 2863 2398 venisset,
2911 2348 3185 2397 reversus,
3220 2333 3275 2385 in
3324 2332 3437 2385 Ma-

1846 2425 2028 2479 nuelis
2071 2425 2409 2479 monasterio
2458 2425 2622 2479 vitam
2654 2425 2785 2493 egit.
2818 2424 2945 2478 Post
2971 2424 3233 2478 amissum
3268 2439 3298 2477 a
3331 2423 3437 2478 Bo-

1848 2517 2051 2572 taniata
2114 2517 2443 2588 imperium,
2496 2532 2525 2571 a
2577 2516 2741 2571 Maria
2791 2516 3161 2585 imperatrice,
3215 2524 3274 2570 et
3320 2514 3436 2584 ipsa

1840 2608 1951 2677 jam
1990 2610 2257 2663 monacha
2296 2607 2459 2667 facta,
2508 2605 2877 2661 moribundus
2916 2607 3132 2660 veniam
3170 2605 3438 2675 supplici-

1848 2710 1930 2754 ter
1975 2711 2185 2764 oratus,
2242 2700 2449 2768 ignovit
2498 2699 2737 2762 mulieri,
2776 2714 2841 2753 ac
2870 2698 3042 2751 Deum
3094 2698 3324 2766 rogavit,
3373 2704 3433 2752 ut

1848 2791 2036 2846 itidem
2069 2792 2120 2845 ei
2165 2791 2493 2859 ign0sceret.
2545 2790 2817 2843 Caeterum
2858 2788 3296 2858 Protoproedrus
3337 2788 3435 2842 Ni-

1848 2882 2125 2952 cephorus
2179 2881 2520 2947 Basilaeius,
2575 2882 2668 2951 qui
2722 2881 2957 2951 Bryenio
3024 2881 3078 2935 in
3149 2880 3433 2952 Dyrrachii

1847 2974 2173 3043 praefectura
2230 2985 2598 3038 successerat,
2638 2982 2693 3028 et
2742 2974 2828 3043 ipe
2870 2972 3085 3042 imperii
3135 2973 3434 3044 cupiditate

1846 3076 2105 3130 azstuans,
2136 3066 2368 3121 collecto
2403 3070 2647 3121 exercitu
2701 3066 3152 3121 Thessalonicam
3182 3066 3433 3135 proﬁcis-

150 3154 536 3223 χειροτόνητο,
570 3156 665 3204 καὶ
695 3152 844 3216 ἅπαξ
870 3156 1134 3218 φοιτήσας
1158 3155 1293 3213 ἐκεῖ,
1322 3154 1619 3220 ἐπανῆλθε,
1654 3155 1747 3204 καὶ

1850 3156 2013 3209 citur.
2050 3155 2148 3210 Ubi
2180 3170 2303 3209 cum
2338 3155 2643 3216 didicisset,
2675 3155 3017 3208 Botaniatem
3067 3170 3250 3207 rerum
3288 3157 3430 3223 poti-

151 3246 213 3294 ιν
244 3246 318 3312 τῇ
376 3243 475 3295 τοῦ
506 3244 763 3312 Μανουὴλ
788 3246 924 3313 μονῇ
957 3242 1035 3312 (7)
1066 3244 1306 3296 ἐποιεῖτο
1358 3245 1458 3313 τὴν
1517 3244 1747 3300 δίαιταν.

1857 3252 1971 3296 tum
2003 3259 2143 3305 esse,
2202 3245 2431 3298 serviles
2460 3244 2526 3298 ad
2557 3259 2683 3298 eum
2735 3242 2949 3296 litteras
2984 3244 3157 3307 dedit,
3210 3244 3427 3296 interim

151 3335 325 3387 Μιτὰ
363 3335 419 3386 δὲ
447 3336 509 3386 τὸ
536 3337 625 3386 τὸν
650 3335 1017 3404 Βοτρνειᾴτην
1047 3335 1144 3404 τῆς
1168 3335 1443 3404 βασιλείας
1469 3338 1748 3388 ἐκπεπτω-

1854 3351 1986 3391 vcro
2030 3337 2169 3391 clam
2210 3337 2573 3390 defectionem
2630 3336 2855 3389 molitus
2880 3345 2983 3397 est,
3026 3334 3325 3388 Patzinacis
3376 3335 3431 3388 in

151 3427 346 3489 κέναι,
378 3426 631 3495 θνήσκων
657 3419 815 3488 οὗτος
870 3425 900 3477 ὁ
949 3426 1192 3496 Μιχαὴλ,
1246 3425 1418 3480 πολλὰ
1469 3426 1750 3496 δεηθείσης

149 3517 332 3570 αὑτοῦ
368 3518 471 3585 τῆς
519 3517 843 3585 βασιλίσσης
876 3518 1120 3586 Μαρίας,
1146 3517 1245 3589 ἤδη
1286 3520 1552 3588 κάκείνης
1584 3537 1751 3586 μονα-

149 3609 259 3677 χῆς
297 3609 620 3675 γεγονυίας,
652 3607 983 3679 συγγνώμηι
1019 3610 1205 3678 ἔνειμε
1236 3609 1427 3678 ταύτῃ,
1466 3612 1559 3661 καὶ
1620 3627 1747 3676 συγ-

147 3700 416 3769 χώρησιν
441 3700 719 3769 ἐπηύξατο
741 3702 805 3751 ὲκ
833 3700 992 3753 Θεοῦ.
1010 3698 1071 3751 ’0
1096 3699 1152 3752 δὲ
1177 3700 1626 3771 πρωτοπρόεδρος
1650 3702 1749 3754 Νι-

148 3793 408 3861 κηφόρος
437 3793 464 3841 ὁ
495 3791 822 3853 Βισιλὰκιος
871 3790 975 3859 (8),
1020 3789 1116 3842 τοῦ
1162 3790 1422 3860 Βρυενίου
1456 3794 1688 3860 γενόμεν
1720 3808 1747 3852 ς

150 3880 251 3931 ἐπὶ
280 3877 366 3947 τῷ
416 3879 711 3947 Δυρραχίῳ
757 3877 1025 3947 διάδοχος,
1084 3880 1178 3931 καὶ
1232 3878 1394 3941 αὐτὸς
1417 3878 1595 3949 ἔρωτα
1650 3880 1745 3949 τῆς

150 3971 454 4040 βασιλείας
478 3972 877 4039 ὲνεκυμόνησε,
911 3969 1007 4022 καὶ
1036 3970 1298 4041 στρατιὰν
1344 3968 1624 4037 ἀθροίσας,
1651 3970 1746 4021 σὺν

148 4068 305 4135 αὐτῇ
368 4063 512 4133 πρὸς
548 4061 956 4133 Θεσσαλονίκην
1002 4062 1183 4132 ἀνῄει.
1238 4061 1410 4116 Ἔνθα
1462 4061 1650 4127 μαθὼν
1673 4063 1747 4125 ὡς

145 4162 178 4213 ὁ
208 4157 588 4224 Βοτανειάτης
614 4154 1018 4223 βεϐασιλεύκει,
1051 4155 1250 4222 ἐκείνῳ
1306 4153 1408 4222 μὲν
1464 4153 1747 4206 ἐπέστειλε

146 4248 456 4309 δουλικῶς,
488 4246 663 4315 λάθρα
691 4244 748 4297 δὲ
812 4246 880 4296 τὰ
937 4243 1037 4313 τῆς
1103 4245 1448 4307 ἀποστασίας
1498 4245 1745 4314 ἐτύρευε,

149 4334 252 4387 καὶ
281 4333 429 4400 πρὸ,
489 4331 815 4399 συμμαχίαν
867 4330 1296 4398 μεταπέμπεται
1345 4329 1746 4393 Πατζινὰκους.

154 4427 227 4475 ’0
253 4423 432 4490 γνοὺς
452 4424 481 4473 ὁ
519 4420 905 4489 Βοτανειάτης,
939 4420 1336 4489 χρυσὸὁουλλον
1364 4421 1514 4490 αὑτῷ
1539 4422 1746 4474 στέλλει

1850 3428 2113 3482 auxilium
2161 3429 2421 3482 evocatis.
2452 3429 2572 3494 Quo
2621 3426 2933 3481 Botaniates
2978 3432 3220 3495 cognito,
3265 3442 3429 3479 aurea

1852 3521 1997 3575 bulla
2051 3522 2237 3585 missa,
2281 3529 2337 3574 et
2381 3519 2761 3588 impunitatem
2787 3519 2837 3573 ei
2866 3529 2923 3574 et
2949 3517 3284 3572 Nobilissimi
3331 3517 3432 3571 ho-

1851 3628 2041 3666 norem
2077 3614 2387 3682 pollicetur.
2439 3613 2636 3667 Verum
2668 3626 2793 3664 cum
2826 3610 2917 3664 ille
2948 3625 3057 3663 non
3095 3609 3428 3662 ﬂecteretur.

1852 3703 2101 3756 Alexium
2146 3702 2509 3766 Conmenum,
2560 3716 2723 3771 quem
2774 3699 3065 3755 Sebastum
3106 3699 3429 3768 appellarat,

1853 3802 2042 3847 contra
2097 3793 2250 3849 illum
2304 3792 2492 3846 mittit.
2542 3791 2594 3846 ls
2640 3790 3087 3844 Thessalonicam
3132 3788 3429 3857 prolectus,

1852 3882 2023 3949 copiis
2068 3882 2190 3949 ejus
2233 3879 2557 3950 proﬂigatis,
2614 3879 2815 3947 ipsum,
2868 3892 2994 3931 arce
3050 3876 3222 3930 urbis.
3260 3890 3434 3944 expu—

1852 3976 2032 4035 gnata,
2069 3977 2311 4035 captum,
2341 3967 2497 4035 jussu
2540 3966 2910 4034 imperatoris,
2949 3965 3123 4018 oculis
3173 3964 3428 4034 privavit.

1853 4063 1969 4124 Qua
2024 4058 2237 4129 Bryenii
2279 4068 2335 4113 et
2380 4057 2629 4112 Basilacii
2680 4058 2856 4120 clade,
2909 4056 3070 4127 293
3116 4057 3282 4108 etiam
3314 4055 3429 4118 alii,

1850 4152 1943 4219 qui
2002 4151 2327 4204 seditionem
2382 4159 2573 4203 contra
2634 4148 3022 4217 imperatorem
3106 4158 3429 4206 moverant,

1849 4242 2212 4296 modestiores
2280 4242 2429 4303 facti,
2477 4255 2628 4293 arma
2682 4246 3006 4309 posuerunt.
3051 4239 3251 4293 Contra
3292 4236 3431 4290 Tur-

1848 4348 1945 4388 cos
1997 4347 2163 4402 porro
2217 4330 2497 4386 Orientem
2558 4332 2923 4393 incursantes,
2984 4329 3134 4399 jusw
3186 4327 3428 4382 exercitu

1850 4425 2116 4479 attributo
2182 4425 2480 4491 imperator
2549 4420 3015 4483 Constantinum,
3085 4417 3429 4472 Constantini

148 4512 413 4583 γραφὴν,
440 4512 557 4581 ᾶμα
582 4510 684 4581 μὲν
698 4513 1102 4581 περιποιοῦσαν
1125 4511 1275 4582 αὐτῷ
1339 4513 1426 4580 ἐφ’
1452 4509 1533 4575 οἷς
1595 4512 1748 4564 ἐτόλ-

1858 4517 2017 4570 υιιαε
2086 4516 2298 4585 pridem
2353 4515 2700 4583 imperatoris
2754 4513 2968 4575 lilium,
3017 4526 3142 4565 cum
3197 4509 3431 4578 imperio

153 4622 316 4678 μησε
336 4605 399 4658 τὸ
415 4605 745 4674 ἀμέριμνον,
777 4604 895 4674 ἅμα
920 4604 977 4658 δὲ
1005 4609 1106 4658 καὶ
1136 4608 1303 4676 τιμὴν
1362 4604 1515 4675 αὐτῷ
1582 4605 1754 4662 νωϐε-

148 4697 432 4766 λισσίμου
494 4695 873 4765 βραόεύουσαν
902 4711 917 4727 ·
962 4696 1080 4749 ἀλλ’
1107 4700 1312 4759 ἐκεῖνος
1338 4697 1601 4765 ἄτεγκτος
1660 4690 1752 4765 ἦν.

150 4790 339 4845 Ὅθεν
368 4787 471 4839 καὶ
496 4787 619 4839 κατ’
645 4788 813 4839 αὑτοῦ
849 4792 877 4841 ό
943 4788 1230 4857 Κομνηνδς
1267 4787 1508 4852 Ἀλέξιος
1536 4788 1753 4840 στέλλε-

1853 4606 2020 4662 misit.
2051 4607 2102 4660 ls
2130 4621 2262 4660 vero
2291 4621 2415 4659 cum
2447 4603 2827 4674 Chrysopolim
2879 4602 3202 4670 trajecisset,
3246 4600 3429 4653 statim

1850 4703 2009 4755 novis
2053 4697 2219 4752 rebus
2261 4697 2467 4759 studet,
2512 4704 2569 4749 et
2610 4709 2640 4748 a
2686 4694 2914 4748 militari
2956 4694 3116 4745 turba
3156 4706 3277 4759 quae
3320 4690 3430 4741 illie

1846 4796 1986 4853 erat,
2024 4788 2322 4855 imperator
2355 4784 2645 4838 salutatur.
2674 4783 2876 4838 Verum
2915 4781 3215 4850 imperator
3250 4780 3430 4831 militi-

147 4898 279 4944 ται,
333 4878 605 4948 τιμηθεὶς
691 4878 1111 4944 Σεϐαστὸς,καὶ
1165 4882 1308 4933 κατὰ
1348 4878 1748 4946 Θεσσαλονίκην

1851 4880 1956 4935 bus
1991 4880 2187 4949 partim
2217 4877 2539 4932 muneribus
2574 4875 2844 4936 adductis,
2872 4876 3071 4943 partim
3103 4870 3430 4941 dignitatum

148 4973 487 5043 γενόμενος,
518 4970 613 5025 καὶ
635 4969 714 5040 τῷ
758 4970 1075 5042 Βασιλακίῳ
1125 4971 1423 5042 συμμίξας,
1454 4973 1582 5034 τοὺς
1620 4972 1748 5041 περὶ

1853 4970 2160 5024 honoribus
2214 4967 2543 5031 conciliatis,
2599 4965 2796 5036 partim
2852 4963 3014 5017 aliter
3060 4971 3224 5030 atque
3270 4960 3431 5015 aliter

1373 5177 1569 5239 Variae
1604 5179 1911 5241 lectiones
1951 5187 2011 5239 et
2054 5186 2243 5238 noue.

232 5368 319 5438 (4)
352 5365 738 5444 Καᾷαξριᾷηγ.
760 5365 895 5444 Vide
930 5367 1073 5423 idem
1116 5366 1293 5444 Gloss.
1314 5442 1321 5444 Α
1344 5373 1398 5425 in
1452 5372 1670 5441 Βρύσις,
1704 5384 1748 5429 el

1863 5373 2199 5429 monasterio
2221 5374 2434 5444 agimus
2460 5373 2515 5427 in
2543 5380 2731 5426 nostra
2748 5362 3202 5437 Constantinopoli
3229 5360 3424 5417 Christ.

155 5436 508 5510 Diascrt.»de
529 5436 996 5510 _Hebdomo_liisce
1030 5441 1173 5493 notis
1203 5436 1525 5510 subjectam'.

236 5510 322 5582 (_5_)
361 5508 430 5559 οι
457 5506 767 5582 Regina.
799 5507 903 5582 _D_e
940 5508 1207 5582 Varangis
1260 5506 1482 5582 copiose
1543 5512 1756 5582 egimus

156 5580 218 5634 in
248 5580 419 5633 Not.s
448 5576 515 5628 ad
567 5577 1030 5639 Villharduinum,
1061 5576 1210 5634 et'ad
1238 5576 1567 5636 Aleiiadem.

1893 5448 1903 5457 .
2231 5446 2293 5473 ,η

1868 5446 2384 5584 Μίέῖγδῖιῗιῆξέος
2437 5515 2470 5566 ὁ
2506 5509 2895 5584 Βασιλάκιος.
2944 5501 3430 5584 Cujusurebellio-

1860 5575 2001 5640 nem
2038 5594 2094 5638 et
2146 5575 2424 5638 fortunam
2467 5583 2719 5651 pluribus
2770 5575 3036 5651 enarrant
3085 5575 3432 5651 Nicepliorus

368 5648 832 5725 Μητροπολίτης
895 5648 1173 5717 Ἐφέσου.
1214 5651 1348 5706 Vide
1369 5652 1626 5706 Allatium
1672 5651 1748 5706 De

1855 5655 2122 5725 Bryeuius
2151 5655 2208 5711 in
2263 5656 2399 5709 Hist.
2448 5642 2505 5710 et
2532 5652 2731 5722 conjux
2765 5653 2921 5707 Anna
2950 5642 3254 5712 Colunena,
3290 5642 3384 5696 lib.
3412 5656 3431 5697 ι

155 5715 388 5775 Psellis,
425 5731 474 5782 ι).
503 5715 590 5769 41.

237 5788 321 5857 (7)
393 5786 498 5839 Ἐν
540 5784 610 5854 τῇ
659 5786 767 5840 τοῦ
813 5788 1103 5858 Marci/ip!
1148 5788 1329 5859 μονῇ.
1360 5790 1435 5848 De
1484 5791 1749 5849 Mauuelis

1850 5725 2091 5781 Alexiad.
