4248 6442
777 414 886 480 323
2017 399 2341 464 JOANNIS
2381 400 2704 461 ZONARE
3946 392 4060 459 324

776 529 1040 608 γενέσθαι
1082 529 1181 598 τῆς
1226 523 1518 598 βασιλίδος,
1550 524 1646 576 καὶ
1679 519 1984 590 ἀγνοούσης
2013 520 2098 572 ὅτι
2128 516 2444 584 γεγόνασιν.
2520 514 2581 569 ’0
2633 516 2732 586 μὲν
2796 511 2892 569 οὖν
2967 514 3158 588 ἀπῄει.
3213 512 3331 583 Τῆς
3376 512 3569 584 φήμης
3632 511 3693 566 δὲ
3743 509 4078 582 κηρυξάσης

780 600 923 695 ταχὺ
952 624 1012 677 τὸ
1038 619 1308 692 πραχθὲν,
1330 617 1407 687 τῷ
1440 615 1656 686 βασιλεῖ
1679 613 1854 684 τούτῳ
1880 613 1978 667 καὶ
2003 611 2065 664 τὸ
2093 608 2360 679 συγγενὲς
2401 604 2656 676 προσῄει,
2707 607 2803 660 καὶ
2850 604 2964 660 τῶν
3053 605 3468 676 στρατιωτικῶν
3541 601 3828 674 ἀρχόντων
3884 600 4080 656 πολλοὶ

783 720 880 774 καὶ
913 716 1023 770 τῶν
1052 715 1154 784 τῆς
1183 711 1492 781 συγκλήτου
1529 709 1749 781 βουλῆς.
1787 751 1793 759 .

847 809 1044 866 XXIX.
1084 783 1354 864 Caeterum
1400 805 1465 858 ad
1510 816 1760 872 magnam
1803 799 2008 871 regiam
2047 793 2411 867 properanti,

2549 788 2680 845 KG'.
2713 790 2807 860 Τῷ
2830 789 2877 844 δ’
2915 783 3042 860 ἧνή
3077 788 3224 860 ὁρμὴ
3258 786 3396 858 πρὸς
3425 786 3487 838 τὸ
3542 785 3690 854 μέγα
3721 783 4034 851 ἀνάκτορον
4059 791 4078 807 ⁸

777 902 1116 960 nuntiatur,
1171 897 1453 964 Varangos
1504 891 1761 947 stationis
1815 889 2219 949 excubitorum,
2274 883 2369 938 ubi

2493 887 2688 940 ίπιόντι
2739 885 2798 938 δι
2835 883 3161 952 ἀγγέλλεται
3201 882 3279 946 ὡς
3318 881 3368 933 al
3409 880 3693 949 Βάραγγοι
3741 875 3844 947 τὴν
3871 878 3934 928 ὲν
3963 876 4082 934 tot;

781 995 946 1049 iidem
1007 991 1368 1048 habitabant,
1427 985 1514 1038 via
1565 993 1875 1054 occupata.
1923 981 2203 1036 neminem
2248 977 2373 1030 illae

2493 979 2812 1044 ιξκουόίτοις
2875 976 3219 1047 διειληφότες
3284 972 3427 1034 ὁδόν,
3503 971 3634 1024 ἔνθα
3689 986 3800 1039 περ
3855 967 4081 1028 τούτοις

782 1088 1020 1144 transire
1058 1083 1202 1154 pati,
1231 1090 1324 1137 aut
1365 1081 1531 1150 309
1565 1077 1830 1134 accedere
1869 1075 1937 1130 ad
1988 1074 2212 1145 regiam.
2250 1070 2375 1136 Quo

2493 1073 2574 1124 ιαί
2636 1073 2670 1142 ὴ
2727 1069 3100 1139 κατοίκησις,
3144 1065 3407 1120 ἀπελθεῖν
3471 1063 3541 1117 δι’
3599 1062 3821 1130 ἐκείνης
3867 1060 3931 1112 οὗ
3973 1076 4075 1111 παι

784 1178 980 1232 ηυηιίο
1013 1174 1410 1246 perturbatus,
1453 1169 1746 1241 quemdam
1781 1168 1848 1221 ad
1888 1168 2011 1221 illos
2053 1165 2223 1220 mittit
2252 1179 2376 1232 per-

784 1279 1066 1326 contatum
1089 1311 1104 1333 ,
1139 1265 1273 1336 quid
1305 1265 1412 1319 sibi
1438 1263 1632 1318 velint.
1680 1260 1848 1314 Mittit
1874 1270 1934 1314 et
1971 1257 2039 1312 ad
2073 1256 2374 1312 Ecclesiam

786 1363 880 1434 qui
906 1361 1137 1421 diceret,
1168 1359 1565 1427 imperatorem
1592 1369 1716 1428 esse
1745 1361 2051 1415 mortuum,
2085 1363 2255 1417 seque
2284 1361 2375 1401 ce-

752 1513 757 1518 ,
788 1453 989 1509 lebrari
1017 1451 1159 1505 velle
1186 1459 1246 1504 ut
1272 1452 1689 1518 imperatorem.
1722 1445 1801 1499 Ac
1827 1444 1879 1498 id
1911 1443 2135 1512 quidem
2163 1456 2193 1496 a
2225 1441 2380 1494 clero

787 1557 844 1602 et
879 1561 1094 1599 summo
1131 1553 1349 1614 pastore
1380 1541 1606 1595 factum.
1644 1536 1751 1594 Sed
1798 1534 2030 1605 Varangi
2080 1532 2382 1603 respondeo

789 1649 915 1694 runt
943 1640 992 1692 ei
1030 1639 1124 1707 qui
1171 1636 1402 1705 rogabat
1428 1675 1441 1700 ,
1473 1649 1575 1688 cur
1605 1631 1767 1702 regia:
1797 1629 1951 1684 aditu
1988 1629 2378 1698 imperatorem

791 1731 1184 1790 excluderent,
1220 1743 1281 1782 se
1320 1728 1654 1796 imperatore
1688 1724 1910 1777 vivente
1943 1721 2221 1777 neminem
2257 1733 2383 1789 pas-

793 1836 955 1876 suros
987 1821 1228 1888 ingredi.
1270 1819 1368 1872 Illo
1408 1832 1540 1870 vero
1571 1814 1900 1874 affirmante,
1935 1814 2047 1882 jam
2075 1827 2197 1867 esse
2236 1826 2385 1864 mor-

796 1923 949 1968 tuttm
979 1931 993 1966 :
1028 1912 1266 1980 Varangi
1311 1908 1684 1980 jurejurando
1730 1906 1940 1960 sancita
1969 1906 2090 1975 ejus
2130 1903 2208 1957 rei
2253 1903 2382 1965 tide,

797 2003 1120 2073 imperatori
1170 2003 1373 2071 regiam
1409 2000 1617 2070 ingredi
1650 2008 2067 2052 concesserunt.
2103 1995 2223 2062 Quo
2255 2010 2382 2049 cum

796 2095 1174 2165 pervenisset,
1211 2109 1335 2147 cum
1381 2092 1497 2146 suis
1534 2091 1909 2153 deliberabat,
1950 2087 2230 2158 quomodo
2271 2095 2387 2141 tra-

795 2187 994 2243 ctanda
1036 2195 1189 2241 esset
1228 2197 1426 2245 mater,
1457 2183 1690 2243 fratres,
1717 2196 2052 2250 sororesque
2076 2220 2091 2243 ,
2121 2190 2177 2235 et
2205 2179 2386 2235 Caesar

798 2276 1108 2348 Bryenius:
1147 2275 1269 2329 illos
1294 2275 1444 2328 enim
1517 2272 1706 2326 adhuc
1733 2270 2036 2334 metuebat,
2070 2281 2386 2340 suspeetos-

799 2387 907 2439 que
941 2369 1212 2428 habebat.
1267 2383 1333 2422 ne
1377 2381 1464 2421 res
1503 2381 1675 2421 novas
1719 2364 2072 2420 molirentur.
2119 2365 2186 2418 At
2233 2375 2390 2434 pater

803 2477 980 2519 totum
1010 2465 1191 2518 adhuc
1225 2462 1370 2517 diem
1399 2461 1681 2530 spirabat,
1728 2459 2143 2530 difﬁculterque
2187 2460 2391 2513 morie-

803 2564 984 2621 batur,
1021 2557 1124 2612 sub
1159 2571 1442 2624 ve-perarn
1474 2555 1696 2609 demum
1743 2555 2072 2608 exstinctus.
2108 2553 2256 2608 Vixit
2288 2568 2388 2606 an-

803 2667 904 2706 nos
935 2649 1314 2719 septuaginta,
1364 2657 1459 2702 aut
1501 2646 1758 2709 circiter,
1801 2647 2052 2715 regnavit
2086 2655 2294 2714 septem
2337 2654 2392 2698 et

805 2743 1024 2811 triginta
1046 2780 1061 2801 ,
1094 2754 1312 2792 menses
1340 2749 1600 2806 quatuor,
1625 2748 1676 2791 et
1717 2735 1836 2790 dies
1852 2737 2083 2805 aliquot.
2109 2734 2259 2789 Obiit
2290 2751 2390 2788 an-

804 2831 1085 2886 nomundi
1132 2831 1312 2884 sexies
1365 2828 1682 2891 millesimo,
1703 2830 2106 2882 sexcentesimo
2127 2827 2392 2880 vicesimo

805 2932 981 2985 sexto,
1009 2923 1240 2992 imperio
1273 2921 1511 2976 feliciter
1552 2919 1943 2974 administrnto
1966 2959 1980 2983 ,
2029 2919 2155 2972 vita:
2184 2918 2392 2971 exitum

808 3032 918 3070 non
961 3030 1116 3085 aeque
1163 3028 1484 3084 prosperum
1532 3012 1786 3066 sortitus.
1836 3011 1879 3064 Α
1930 3009 2198 3064 ministris
2244 3009 2392 3063 enim

807 3105 923 3162 fere
959 3105 1218 3159 omnibus
1260 3116 1343 3158 est
1386 3090 1672 3166 desertus,
1711 3111 1773 3156 ut
1806 3118 1978 3171 prope
2012 3101 2147 3154 nttlli
2187 3111 2392 3164 essent,

807 3199 903 3269 qui
947 3198 1184 3254 cadaver
1239 3198 1360 3267 ejus
1417 3197 1709 3266 postremis
1759 3195 1996 3248 lavacris
2055 3204 2392 3264 purgarent;

809 3306 990 3360 neque
1019 3301 1246 3343 ornatus
1282 3288 1670 3358 imperatorius
1714 3294 1916 3355 praesto
1948 3285 2030 3340 eis
2064 3294 2249 3349 esset,
2285 3300 2395 3353 quo

808 3384 1045 3439 cadaver
1074 3383 1196 3454 ejus
1228 3397 1326 3452 pro
1365 3381 1634 3451 dignitate
1661 3390 1978 3443 ornaretur,
2010 3395 2190 3449 neque
2224 3379 2395 3434 funus

2481 1163 2792 1236 ραχωροῦσί
2853 1180 2961 1216 τινι
2997 1203 3013 1228 ,
3081 1161 3204 1215 οὐδὲ
3273 1158 3382 1231 μὴν
3448 1155 3753 1228 πλησιάσαι
3802 1156 3915 1216 τοῖς
3979 1150 4082 1220 βαο

2480 1253 2721 1316 σιλείοις.
2755 1252 2926 1306 Τοῦτο
2967 1254 3050 1316 εἰς
3093 1250 3338 1320 ἀγωνίαν
3378 1249 3472 1302 τὸν
3533 1245 3764 1317 βασιλέα
3825 1242 4078 1297 ἀνέϐαλε.

2483 1349 2594 1401 Καὶ
2673 1347 2886 1400 στέλλει
2960 1347 3101 1417 πρὸς
3167 1344 3411 1405 ἐκείνους
3486 1342 3610 1395 τινὰ
3679 1337 3973 1410 ἐρωτῶντα
4029 1333 4083 1388 τί

2479 1439 2541 1493 τὸ
2607 1439 2761 1505 σφίσι
2824 1437 3150 1508 βουλόμενον
3193 1453 3209 1469 ο
3265 1434 3474 1488 στέλλει
3523 1433 3582 1486 δὲ
3638 1431 3736 1485 καὶ
3787 1430 3926 1501 πρὸς
3981 1427 4083 1498 τὴν

2494 1533 2820 1601 Ἐκκλησίαν
2849 1571 2866 1595 ,
2930 1529 3190 1584 τεθνάναι
3264 1528 3440 1595 λέγων
3501 1526 3594 1578 τὸν
3654 1523 4081 1591 αὐτοκράτορα,

2483 1629 2577 1682 καὶ
2600 1626 2781 1698 ζητῶν
2811 1626 2975 1686 αὐτὸς
3009 1621 3398 1694 εύφημηθῆναι
3437 1621 3513 1680 ὼς
3542 1617 3930 1684 αὐτοκράτωρ.
3963 1615 4077 1666 Καὶ

2481 1722 2644 1777 τοῦτο
2683 1723 2780 1791 μὲν
2800 1722 3021 1792 ήνυστο,
3057 1719 3155 1772 καὶ
3191 1714 3577 1786 αὐτοκράτορα
3607 1711 3775 1765 αὑτὸν
3816 1709 3846 1761 ό
3876 1709 4084 1777 κλῆρος

2482 1817 2582 1885 τῆς
2624 1814 2954 1883 Ἑκκλησίας
2986 1810 3183 1881 γνώμῃ
3221 1810 3318 1862 καὶ
3351 1806 3448 1860 τοῦ
3508 1804 3905 1876 ἀρχιποιμὲνοε
3948 1803 4082 1865 ἀνη-

2487 1909 2773 1978 γόρευσεν.
2822 1905 2884 1959 '0
2932 1904 2988 1956 δὲ
3035 1902 3175 1974 πρὸς
3209 1902 3336 1964 τοὺς
3381 1899 3703 1968 Βαράγγους
3749 1893 4085 1962 ἐσταλμένος

2487 2001 2678 2070 ἠρώτα
2733 2000 3010 2062 ἐκείνους,
3061 1997 3186 2048 ὂτου
3225 1993 3392 2065 χάριν
3429 1991 3705 2046 καλύουσι
3754 1985 3831 2056 τῷ
3871 1986 4087 2056 βασιὶεί

2487 2095 2588 2163 τὴν
2608 2097 2688 2156 είς
2710 2092 2778 2146 τὰ
2803 2089 3056 2161 βασίλεια
3088 2088 3347 2159 πάροδον·
3377 2087 3426 2139 ot
3453 2085 3512 2139 δὲ
3543 2088 3621 2154 μή
3651 2098 3787 2135 ποτε
3813 2097 4085 2163 παραχωέ

2500 2192 2670 2262 ρῆσαι
2705 2189 2815 2242 τῶν
2865 2182 3156 2256 βασιλείων
3191 2177 3392 2251 ἑτέρῳ,
3430 2179 3633 2244 ζῶντος
3665 2173 3762 2229 τοῦ
3801 2161 4098 2240 αὐτοκρα)

2488 2300 2669 2354 τορος,
2701 2281 2938 2350 ἔφασαν.
2979 2277 3218 2338 Ἐκεῖνος
3255 2274 3311 2328 δὲ
3339 2273 3666 2344 τεθνηκέναι
3697 2265 4080 2322 διεϐεϐαιοῦτο

2498 2377 2592 2430 τὸν
2644 2373 3047 2443 αὐτοκράτορα.
3100 2369 3213 2422 Καὶ
3257 2367 3309 2420 ol
3360 2366 3639 2436 Βάραγγοι
3684 2364 3833 2431 ὅρκῳ
3879 2360 4077 2412 τοῦτον

2491 2465 2916 2539 πληροφορῆσαι
2970 2463 3169 2524 αὐτοὺς
3206 2461 3521 2532 ἀπῄτησαν.
3557 2459 3667 2512 Καὶ
3695 2455 3753 2517 δς
3789 2453 4012 2524 ὤμοσεν
4052 2449 4087 2522 ἦ

2498 2562 2604 2633 μὴν
2638 2558 2901 2614 τεθνάναι
2941 2556 3039 2608 τὸν
3078 2552 3329 2623 βασιλέα,
3370 2551 3619 2604 κάκεῖνοι
3657 2546 3934 2606 ἐνέδοσαν,
3994 2547 4090 2594 καὶ

2491 2657 2595 2724 τῆς
2627 2653 2867 2724 παρόδου
2892 2650 2970 2717 τῷ
2999 2648 3213 2720 βασιλεῖ
3246 2643 3678 2713 παρεχώρησαν.
3727 2637 3788 2692 ὐ
3822 2638 3879 2690 δὲ
3916 2635 4090 2706 ἀπῄει

2495 2747 2640 2817 πρδξ
2660 2749 2728 2798 τα
2763 2743 3037 2814 βασίλεια,
3080 2741 3179 2793 καὶ
3214 2736 3424 2789 τούτων
3457 2734 3612 2797 ἐντος
3643 2729 3916 2800 γεγονὼς,
3961 2730 4085 2789 πῖις

2494 2843 2562 2892 αν
2588 2857 2702 2910 χρη
2719 2854 2870 2889 σαιτο
2903 2838 2971 2905 τῇ
3013 2832 3181 2902 μητρὶ
3219 2831 3318 2882 καὶ
3354 2829 3469 2890 τοῖς
3515 2824 3824 2895 όμογνίοις,
3873 2825 3976 2875 καὶ
4013 2818 4096 2889 τῷ

2495 2930 2607 2982 τῶν
2684 2926 2966 2997 κηδεστῶν
3012 2924 3095 2976 ἑνὶ
3142 2921 3222 2992 τῷ
3269 2919 3536 2990 Βρυ;νίῳ,
3591 2916 3731 2984 μετὰ
3781 2914 3897 2967 τῶν
3957 2915 4096 2982 περὶ

2495 3020 2663 3074 αὑτὸν
2695 3017 3041 3071 ἐϐουλεύετο.
3080 3013 3206 3066 Ἔτι
3252 3011 3364 3080 γὰρ
3398 3006 3662 3060 ἐδεδοίκει
3696 3003 3950 3067 τούτους,
3998 3012 4088 3055 καί

2495 3117 2545 3169 oi
2593 3111 2733 3184 ἦσαν
2777 3114 2834 3165 ὲν
2891 3107 3175 3178 ὑποψίαις,
3230 3102 3504 3168 ἐλπίζοντι
3541 3099 3896 3169 νεωτερίσειν
3950 3098 4087 3158 ἴσως

2497 3209 2716 3270 αὐτούς.
2775 3207 2834 3258 ’0
2874 3205 2932 3258 δὲ
2959 3201 3167 3272 ,τούτου
3211 3199 3395 3267 πατὴρ
3451 3196 3587 3267 παρ’
3637 3194 3771 3262 ὃλην
3827 3192 3931 3261 μὲν
3988 3190 4093 3258 τὴν

2499 3302 2714 3373 ἡμέραν
2749 3298 3006 3368 ἐμπνέων
3053 3290 3144 3366 ἦν,
3189 3293 3284 3345 καὶ
3318 3288 3696 3352 δυσθανατῶν,
3723 3289 3853 3355 περὶ
3895 3286 3955 3338 δὲ
3991 3285 4092 3355 τὴν

2499 3397 2741 3464 ἑσπέραν
2782 3391 3002 3456 ἐξέλιπε
3025 3404 3040 3419 ο
3073 3388 3248 3459 (ﬁcta;
3283 3384 3386 3455 μὲν
3429 3382 3524 3453 ἔτη
3570 3379 3953 3449 ἑόδομὴκοντά
3991 3395 4096 3429 που

808 3477 859 3532 ei
905 3476 1107 3530 factum
1160 3485 1245 3529 est
1290 3473 1608 3543 imperatori
1661 3472 2022 3526 conveniens.
2075 3471 2245 3540 quue
2285 3489 2392 3526 non

2499 3493 2568 3545 τὰ
2603 3490 2782 3543 πάντα
2811 3486 2949 3557 ῆότι
2993 3482 3307 3552 ἐγγυτάτω,
3338 3477 3672 3550 βασιλεύσας
3695 3474 3742 3528 δ’
3773 3476 3841 3527 ὲκ
3874 3472 4094 3526 τούτων

809 3568 1024 3628 alieno.
1072 3565 1168 3621 sed
1217 3566 1330 3620 tilio
1376 3564 1594 3634 imperii
1643 3578 1967 3619 successore
2005 3580 2020 3617 :
2055 3572 2112 3617 et
2146 3579 2214 3618 eo
2259 3563 2390 3630 ﬁlio,

809 3673 972 3727 quem
1001 3657 1118 3726 ipse
1147 3656 1377 3725 imperio
1406 3664 1646 3708 ornarat.
1674 3653 1766 3708 Sic
1798 3669 1988 3707 rerum
2028 3653 2394 3708 humanarum

2498 3581 2782 3644 ἐνιαυτοὺς
2811 3579 2952 3632 ἑπτα
3005 3577 3102 3630 καὶ¹
3146 3575 3469 3646 τριάκοντα,
3502 3570 3599 3624 ἐπὶ
3656 3571 3792 3639 μησὶ
3821 3569 4096 3634 τέσσαρσι

2498 3674 2593 3725 καὶ
2619 3671 2855 3740 ἡμέραις
2881 3667 3046 3720 τισίν.
3076 3664 3273 3718 Ἐθανε
3295 3661 3351 3714 δὲ
3374 3663 3516 3713 κατα
3541 3657 3605 3712 το
3629 3657 4036 3726 ἑξακισχιλιοστ
4069 3673 4099 3707 ν

811 3748 948 3803 nihil
989 3747 1187 3802 Sttzbile
1229 3756 1285 3801 et
1331 3747 1549 3799 ﬁrmum
1595 3756 1711 3809 est,
1748 3744 1844 3799 sed
1887 3744 2053 3798 inﬁda
2098 3743 2313 3810 omnia,
2344 3757 2399 3801 et

2501 3762 2887 3832 ἑξακοσιοστὸν
2909 3757 3153 3812 είκοστδν
3175 3756 3335 3809 ἕκτον
3364 3753 3486 3816 ἔτος
3503 3769 3518 3782 ·
3549 3751 3650 3822 τὴν
3672 3750 3775 3820 μὲν
3810 3748 4098 3818 βασιἰ.είαν

810 3850 1016 3896 tessera
1049 3841 1420 3895 mutabiliora.
1457 3839 1584 3892 Fuit
1617 3849 1802 3892 autem
1837 3839 1929 3893 ille
1962 3839 2067 3902 vir,
2097 3849 2158 3893 ut
2189 3848 2246 3893 et
2269 3855 2390 3893 mo-

813 3947 904 3986 res
937 3932 1056 4002 ejus
1092 3946 1388 4000 expressos
1424 3929 1491 3984 ad
1533 3931 1874 4000 posteritatis
1910 3931 2231 3984 memoriam
2267 3945 2397 4000 pro-

811 4039 1096 4095 pagemus,
1133 4037 1312 4090 neque
1348 4021 1501 4076 ferox
1533 4032 1588 4076 et
1627 4036 1918 4091 arrogans,
1951 4037 2137 4091 neque
2173 4021 2399 4076 iracun-

811 4117 938 4180 dus,
973 4131 1153 4184 neque
1183 4129 1402 4179 avarus,
1448 4129 1556 4169 nec
1595 4115 1843 4184 pecunia:
1872 4115 2106 4168 nimium
2137 4113 2396 4183 cupidus,

816 4217 875 4262 ut
901 4223 1020 4262 eam
1051 4205 1338 4269 conﬂaret,
1379 4216 1439 4259 et
1480 4205 1536 4258 in
1575 4205 1864 4260 thesauros
1891 4205 2138 4260 occultos
2177 4215 2234 4259 et
2268 4203 2402 4258 sub-

815 4309 1101 4353 terraneas
1122 4312 1255 4368 opes
1279 4296 1632 4352 reconderet.
1658 4297 1814 4353 Unde
1840 4312 2019 4367 neque
2041 4306 2167 4367 post
2185 4296 2398 4351 obitum

812 4391 935 4461 ejus
992 4393 1048 4444 in
1100 4390 1300 4445 aerario
1351 4405 1548 4461 magna
1597 4390 1832 4460 pecunia
1875 4399 1960 4444 est
2007 4403 2224 4458 reperta
2274 4406 2288 4442 :
2334 4391 2400 4442 ad

815 4481 1256 4537 misericordiam
1288 4476 1619 4552 propensus,
1646 4479 1714 4534 ad
1743 4480 2041 4535 sumendas
2067 4495 2258 4550 ptnnas
2289 4492 2398 4534 tar-

817 4572 950 4636 dus,
989 4570 1239 4625 moribus
1277 4569 1612 4635 moderatis,
1648 4584 1878 4625 accessu
1909 4569 2122 4633 facilis,
2166 4571 2220 4624 in
2254 4571 2399 4623 victu

817 4680 928 4720 non
966 4665 1366 4734 intemperans,
1398 4679 1508 4719 non
1545 4664 1674 4719 vino
1705 4663 1926 4719 deditus
1959 4680 1974 4718 :
2019 4664 2222 4718 virtute
2264 4680 2403 4734 pne-

817 4757 950 4811 ditis
983 4757 1293 4811 auscultare
1337 4765 1394 4810 et
1427 4755 1692 4811 honorem
1739 4756 1942 4811 habere
2005 4756 2222 4812 solitus.
2261 4757 2401 4810 Eru-

816 4849 1081 4903 ditionem
1111 4863 1221 4903 non
1265 4859 1325 4903 ut
1361 4849 1730 4934 conveniebat
1752 4890 1767 4914 ,
1807 4851 1904 4904 sed
1933 4857 2219 4920 utcunque
2248 4851 2398 4904 cole-
2429 4837 2473 4890 ι)

819 4940 912 4996 bat
939 4961 952 4996 :
983 4941 1327 5006 commodus,
1356 4942 1521 5012 310
1557 4958 1666 4996 non
1708 4942 1953 4996 insolens
1981 4957 2110 5013 erga
2146 4957 2244 4997 eos
2271 4942 2399 5010 qui-

2498 3853 2766 3926 διηνυκὼς
2783 3851 3026 3920 εὐτυχῶς
3039 3890 3052 3912 ,
3085 3848 3146 3901 τδ
3163 3849 3217 3900 δέ
3235 3864 3298 3916 γε
3319 3845 3471 3907 τέλος
3493 3843 3592 3914 οὐχ
3611 3843 3800 3909 ὅμοιον
3817 3841 4094 3908 ἐσχηκώς.

2501 3947 2917 4005 Καταλέλειπτο
2966 3944 3078 4012 γὰρ
3137 3940 3276 4011 πρὸς
3319 3937 3429 3991 τῶν
3487 3935 3842 4006 θεραπόντων
3903 3933 4036 4001 σχεδ
4069 3950 4095 3982 ν

2501 4041 2778 4101 ἁπάντων,
2813 4035 2890 4099 ὡς
2927 4033 3050 4104 μηδ’
3077 4026 3218 4084 εἶναι
3248 4030 3392 4098 τάχα
3447 4027 3627 4091 τινας,
3653 4025 3786 4088 τοὺς
3815 4023 3911 4074 τὸν
3942 4023 4092 4074 ἐκεί-

2503 4150 2595 4187 νυυ
2639 4130 2834 4200 νεκρὸν
2879 4130 2992 4188 τοῖς
3025 4125 3286 4182 λοισθίοις
3335 4123 3591 4190 λουτροῖς
3636 4116 4094 4189 ἀπορρύψαντις,

2502 4225 2598 4276 καὶ⁸
2631 4221 2756 4276 οὔτε
2791 4221 2997 4289 κόσμος
3025 4216 3300 4288 βασίλειος
3335 4212 3551 4282 προσῆν
3588 4211 3704 4270 τοῖς
3735 4211 3866 4278 περὶ
3901 4208 4094 4271 away,

2506 4319 2571 4372 ἵν’
2613 4315 2763 4385 αὐτῷ
2805 4313 2868 4366 τὸ
2911 4311 3077 4380 σῶμα
3122 4307 3429 4377 κοσμηθείη
3462 4303 3787 4375 βασιλικῶς,
3818 4299 3951 4352 οὔτε
3989 4305 4096 4368 μὴν

2506 4410 2750 4480 ἐκφορᾶς
2789 4407 2946 4475 ἔτυχε
2981 4403 3192 4472 βασιλεῖ
3239 4398 3604 4466 καταλλήλου.
3631 4396 3744 4448 Καὶ
3782 4393 3960 4446 ταῦτα
3997 4395 4097 4445 οἰκ

2503 4501 2832 4571 ἀλλοτρίου,
2877 4497 2995 4551 ἀλλ’
3064 4494 3227 4554 υίὲως
3286 4489 3587 4558 δεξαμένου
3648 4487 3748 4552 τὴν
3813 4486 4098 4555 βασιλεῖαι

2505 4595 2672 4666 αὐτῷ,
2699 4592 2795 4647 καὶ
2821 4589 3004 4651 υίέως,
3043 4587 3103 4640 δν
3127 4585 3342 4646 ἐκεῖνος
3370 4585 3472 4651 τῆς
3504 4578 3790 4648 βασιλείας
3825 4579 4090 4647 ἠξίωσεν,

2506 4685 2694 4746 υῦτως
2718 4681 2870 4735 οὐδὲν
2893 4679 3002 4730 τῶν
3026 4674 3388 4745 ἀνθρωπίνων
3415 4671 3667 4740 μόνιμον,
3692 4669 3817 4723 οὐδὲ
3866 4670 4095 4733 πάγιον,

2505 4779 2626 4834 οὐδὲ
2660 4775 2848 4829 πιστόν
2876 4789 2935 4824 τε
2964 4769 3062 4822 καὶ
3089 4767 3332 4838 βέϐαιον,
3357 4763 3474 4817 ἀλλ’
3507 4763 3718 4818 ἄπιστα
3750 4760 3962 4817 πάντα.
4004 4762 4097 4811 καὶ

2503 4872 2675 4930 κύσου
2709 4866 2912 4937 μᾶλλον
2941 4863 3071 4932 ῥᾷον
3113 4856 3517 4928 μετατιθέμενα
3546 4855 3641 4908 καὶ
3686 4852 3906 4922 μεταῤῥ
3938 4853 4099 4903 πτονᾷ-

2501 4979 2658 5018 nava.
2689 4954 2798 5012 Ἦν
2848 4954 2894 5008 δ’
2935 4953 2964 5005 ὀ
3011 4951 3152 5020 ἀνὴρ
3207 4948 3321 5018 (ἵνα
3372 4946 3467 4998 καὶ
3516 4944 3607 4996 τὸν
3637 4944 3839 5014 τρόπον
3876 4944 4094 4994 ἐκείνοι

817 5035 1048 5091 buscum
1097 5037 1348 5101 vivebat,
1397 5037 1573 5092 comis
1611 5048 1668 5092 et
1711 5037 2024 5108 jucundus,
2067 5037 2224 5106 quasi
2265 5053 2394 5092 cum

2493 5053 2654 5122 δῆλον
2703 5047 2934 5115 θείημεν
2982 5044 3094 5104 τοῖς
3154 5041 3481 5106 μετέπειτα,
3538 5036 3635 5087 καὶ
3684 5035 3746 5086 τὸ
3793 5029 3931 5102 ἦθος
3981 5036 4093 5094 τοίς

816 5130 1123 5199 aequalibus
1153 5131 1379 5185 viveret.
1422 5129 1576 5186 Unde
1609 5130 1689 5184 illi
1723 5131 1936 5184 securis
1969 5140 2130 5184 erant
2175 5130 2397 5195 animis,

817 5239 995 5293 neque
1023 5234 1171 5278 metu
1193 5224 1410 5278 attoniti
1437 5223 1514 5279 illi
1540 5224 1812 5285 astabant,
1838 5223 2140 5292 praesertim
2163 5225 2399 5280 absente

819 5316 1190 5385 imperatrice,
1224 5331 1346 5385 quae
1381 5317 1736 5387 imperiosum
1769 5317 1994 5386 aliquidl
2023 5328 2080 5372 et
2134 5332 2390 5372 severum

817 5423 930 5477 prae
978 5423 1036 5462 se
1068 5408 1278 5462 ferebat
1298 5449 1313 5471 ,
1354 5416 1412 5461 et
1441 5408 1722 5463 modestiae
1752 5408 1955 5463 oblitos
1991 5409 2176 5464 aerius
2205 5409 2392 5464 incre-

817 5494 1000 5562 pabat.
1054 5495 1132 5548 Ac
1169 5496 1401 5566 pulchra
1443 5499 1663 5565 quidem
1710 5500 1810 5553 ista
1855 5508 1988 5553 sunt
2023 5517 2039 5554 :
2085 5502 2210 5569 quis
2250 5501 2397 5556 enim

816 5585 1014 5655 neget?
1060 5602 1288 5655 quasque
1336 5587 1533 5656 privati
1577 5588 1821 5643 hominis
1868 5588 2056 5643 laudes
2092 5589 2400 5652 absolvant,

817 5693 922 5730 non
973 5686 1153 5731 tamen
1202 5679 1510 5747 ejusmodi,
1557 5696 1678 5750 que
1728 5680 2121 5750 imperatorem
2174 5681 2400 5735 omnino

818 5766 1021 5822 bonum
1073 5768 1478 5825 demonstrent.
1533 5772 1666 5826 Nam
1731 5774 1942 5827 Itontiui
1997 5774 2212 5842 privato
2267 5785 2402 5828 satis

817 5871 902 5915 est
941 5863 1267 5931 moderatio,
1315 5867 1576 5935 aequitas,
1620 5868 1992 5938 placabilius,
2044 5876 2098 5920 ct
2149 5868 2201 5919 in
2245 5867 2394 5921 omni

2496 5141 2771 5214 ὀψιγόνοις
2796 5133 3322 5208 χαρακτηρίσωμεν)
3350 5129 3464 5183 οὗθ’
3495 5127 3869 5196 ύπεροπτικός
3905 5145 3967 5180 τε
4001 5129 4094 5179 καὶ

2501 5234 2748 5299 ἀλαζὼν,
2780 5229 2906 5284 οὔτε
2967 5227 3077 5297 μὴν
3108 5225 3235 5289 ὀξὺς
3282 5224 3364 5285 είς
3405 5221 3602 5291 θυμὸν,
3646 5218 3765 5273 ἀλλ’
3791 5219 3919 5272 οὐδὲ
3965 5237 4098 5288 χρη-

2505 5325 2689 5393 μάτων
2721 5321 2924 5391 ἧττων,
2949 5314 3062 5370 οὐδ’
3101 5316 3242 5382 ἄγαν
3279 5313 3748 5384 ἐρασιχρήματος,
3783 5310 3934 5363 ὥστε
3971 5312 4094 5380 βού-

2501 5414 2692 5466 λεσθαι
2746 5407 3152 5478 καταχωννύειν
3200 5406 3341 5458 αὐτὰ
3390 5407 3486 5457 καὶ
3527 5403 3834 5472 ταμιεύειν,
3873 5403 3946 5456 ἶν’
3987 5400 4094 5456 εἶεν

2499 5505 2648 5574 αύτῷ
2681 5503 2952 5572 θησαυροὶ
2981 5502 3380 5570 κεκρυμμένοι,
3404 5499 3500 5552 καὶ
3533 5499 3773 5565 ὑπόγαια
3803 5501 4058 5567 χρήματ;
4080 5533 4094 5560 ,

2498 5599 2622 5652 ὅθεν
2681 5596 2802 5650 οὐδὲ
2855 5595 3110 5655 θανόντος
3172 5593 3400 5645 πλείστα
3467 5595 3618 5660 παρὰ
3668 5593 3781 5654 τοῖς
3837 5608 4093 5660 ταμειοις

2501 5689 2810 5757 εὑρέθησαν
2833 5701 2845 5713 ·
2886 5688 3028 5754 προς
3076 5683 3227 5736 ἔλεον
3254 5683 3660 5751 εὐκατάφορος,
3692 5681 3829 5750 πρὸς
3866 5682 4094 5734 κόλασιν

2499 5782 2598 5832 οὐκ
2645 5779 2969 5849 ὀξύρροπος,
3001 5778 3222 5846 μέτριος
3264 5776 3325 5827 τὸ
3377 5771 3527 5844 ἦθος.
3565 5775 3775 5842 εύπρὸσ
3803 5789 3922 5834 το;,
3971 5774 4093 5839 περὶ

2499 5870 2596 5940 τὴν
2630 5867 2840 5921 δίαιταν
2889 5867 2987 5919 οὐκ
3033 5866 3358 5930 ἀκόλαστος,
3405 5859 3502 5917 οὐκ
3547 5866 3689 5917 οἶνον
3747 5867 4090 5933 ἠττσέιειξσος,
