4248 6442
244 409 349 471 350

1382 408 1783 470 ANNALIUM
1820 408 2325 480 ARGUMENTA.

3393 408 3502 467 310

246 518 515 587 φανέντος
579 519 658 587 τῷ
714 519 938 589 μεγάλῳ
994 516 1395 587 κωνσταντίνῳ
1455 516 1523 569 δι’
1576 515 1823 582 ἀστέρων
1854 513 1895 568 Α
1928 513 2265 567 Ἀποστασία
2301 519 2570 571 Σιλὸάνου
2607 519 2699 570 1:61
2728 518 3032 588 ἀναίρεσις.
3064 521 3208 573 Ὅσα
3249 520 3278 570 6
3316 520 3511 573 Σαπώεο

250 603 523 670 σταυροῦ,
559 603 653 655 καὶ
680 602 833 665 ὅπως
859 601 1113 655 ἀπώλετο
1148 605 1177 655 6
1213 601 1539 665 Μαξέντιος.
1579 599 1701 648 '01:
1736 596 1830 646 1:61

243 689 346 755 τῆς
390 687 616 757 Ῥώμης
665 688 759 739 1:61
800 688 902 756 τῆς
935 687 1173 748 Ἰταλίας
1227 686 1538 756 ἐκράτησεν
1586 683 1616 736 6
1656 682 1832 750 μέγας

247 773 689 834 Κωνσταντῖνος.
717 772 841 825 '01:
872 772 1016 824 1:616
1066 772 1315 825 Λικινίου
1352 767 1763 837 ἐκστρατεύσας
1802 766 1830 815 6

245 858 440 924 Μέγας
466 856 880 918 Κωνσταντῖνος
911 858 1168 923 ἐνίκησεν
1186 874 1199 888 ο
1227 857 1305 918 είς
1332 856 1388 907 δέ
1420 853 1830 919 Θεσσαλονίκην

243 941 411 992 αὐτον
439 940 791 1009 περιώρισεν,
819 941 948 994 ἔνθα
980 944 1073 993 καὶ
1098 940 1359 1010 ἀνῃρέθη.
1394 939 1527 1009 Περὶ
1550 936 1831 990 ὁπτασιῶν

242 1025 321 1092 τῷ
344 1024 588 1091 Μεγάλῳ
614 1026 1014 1094 Κωνσταντίνῳ
1042 1024 1342 1090 φανεισῶν.

314 1111 388 1163 Ν.
416 1112 487 1164 II.
528 1112 651 1163 '01:
682 1111 960 1179 λελώϐητο
985 1111 1046 1163 τὸ
1074 1110 1235 1178 σῶμα
1278 1104 1435 1170 66:6;
1474 1110 1502 1161 6
1546 1106 1826 1175 βασιλεὺς,

243 1195 342 1248 καὶ
370 1198 524 1259 ὅπως
554 1197 765 1248 παίδων
788 1197 982 1265 αἵματι
1010 1193 1310 1247 λούσασθαι
1341 1193 1702 1261 προτραπεὶς,
1727 1192 1830 1246 οὐκ

243 1279 540 1345 ἠθέλησεν.
571 1281 697 1331 Ὅτι
720 1282 769 1331 οί
800 1281 1091 1349 κορυφαῖοι
1112 1280 1220 1329 τῶν
1244 1277 1563 1331 ἀποστόλων
1592 1276 1727 1344 δναρ
1750 1273 1831 1341 τῷ

245 1364 463 1429 βασιλεῖ
528 1365 832 1432 ἐφάνησαν,
886 1364 984 1416 καὶ
1046 1364 1312 1416 ὑπέθεντο
1376 1363 1600 1429 τρόπον,
1664 1363 1732 1414 δι’
1766 1352 1829 1413 66

244 1448 538 1513 ίαθήσεται
560 1464 573 1478 ⁸
600 1450 697 1501 1:61
728 1447 802 1507 ὡς
835 1446 1153 1516 βαπτισθεὶς
1178 1447 1329 1515 ίάθη.
1366 1449 1474 1500 K61
1492 1448 1558 1499 τὰ
1582 1446 1830 1499 είδωλεῖα

242 1533 601 1585 ἀπέκλεισεν.
651 1535 790 1600 Περὶ
819 1534 929 1586 τῶν
978 1533 1253 1585 Ἰουδαίων
1284 1534 1378 1585 1:6".
1414 1532 1517 1599 τῆς
1546 1532 1682 1598 1:96;
1727 1530 1829 1582 66-

239 1618 369 1679 τούς
408 1617 703 1679 διαλέξεως
749 1619 843 1671 τοῦ
891 1619 1048 1683 ἁγίου
1086 1617 1442 1685 Σιλϐέστρου,
1468 1616 1561 1669 καὶ
1614 1614 1705 1667 :66
1738 1616 1830 1666 ἐπὶ

241 1700 318 1768 τῷ
351 1701 542 1769 ταύρῳ
569 1701 873 1768 θαύματος.
914 1702 1050 1769 Περὶ
1080 1702 1180 1769 τῆς
1214 1701 1487 1767 εὑρέσεως
1536 1698 1632 1750 τοῦ
1684 1697 1829 1750 θείου

243 1786 511 1849 σταυροῦ.
538 1786 673 1853 Περὶ
699 1786 810 1838 τῶν
845 1786 1052 1837 παίδων
1072 1786 1165 1837 166
1194 1785 1450 1851 Μεγάλου
1486 1782 1827 1835 Κωνσταντί-

1936 612 2034 664 ρης
2078 598 2155 667 τῷ
2184 601 2551 668 Κωνσταντιῳ
2599 601 2908 666 ἐπέστειλε,
2943 603 3038 657 καὶ
3067 604 3095 655 6
3129 603 3512 664 Κωνστὰντιος

1932 678 2087 744 αὖθις
2123 682 2343 753 ἐκείνῳ.

2000 763 2070 817 Ν.
2112 766 2181 817 Χ.
2224 765 2351 818 Ὅτι
2382 766 2641 834 Καίσαρα
2672 769 2765 820 16v
2795 768 3089 821 Ἰουλιανδν
3114 769 3305 822 ἁνεϊπε
3350 769 3511 821 Κων-

1935 849 2185 910 στάντιος
2213 890 2229 913 ,
2264 849 2362 903 καὶ
2393 850 2494 919 τὴν
2524 851 2763 920 ἀδελφὴν
2806 850 3030 921 Ἑλένην
3059 851 3210 923 αὐτῷ
3253 852 3512 916 συνέζευ-

1933 930 2047 993 ξεν.
2095 932 2220 983 Ὅτι
2259 935 2316 985 ἐν
2366 933 2624 1003 πολέμοις
2676 934 2974 1005 εὐτύχησεν
3031 935 3338 998 Ἰουλιανός.
3386 934 3511 989 '01:

1930 1014 2313 1085 ἁπεστὰτησεν
2334 1015 2625 1080 Ἰουλιανὸς
2660 1020 2752 1071 1:61
2775 1018 3084 1086 Δύγουστος
3104 1019 3210 1070 ὐπὸ
3225 1018 3319 1072 τοῦ
3342 1034 3509 1087 στρα-

1929 1098 2024 1149 τοῦ
2047 1100 2412 1168 ἀνηγορεύθη.
2434 1095 2535 1153 Οἷα
2556 1100 2635 1169 τῷ
2659 1102 3024 1170 Κωνσταντίῳ
3046 1100 3512 1154 ἐπέστειλενῚου-

1937 1170 2140 1245 λὶανός.
2175 1178 2295 1248 ;Οἷα
2338 1181 2496 1246 αὖθις
2542 1187 2781 1255 ἐμήνυσε
2840 1186 2918 1253 τῷ
2959 1185 3233 1257 Ἰουλιανῷ
3288 1186 3316 1237 6
3359 1186 3514 1239 κων-

1933 1260 2325 1327 στάντιος.οἷα
2368 1270 2504 1334 1:96;
2542 1272 2611 1320 τά
2639 1268 2733 1321 τοῦ
2779 1269 3164 1321 Κωνσταντίου
3212 1267 3511 1338 μηνύματα

1931 1348 2187 1401 ἀντέθετο
2229 1351 2258 1402 6
2298 1350 2607 1412 Ἰουλιανὸς,
2646 1354 2742 1404 καὶ
2780 1354 2881 1404 ὅσα
2926 1350 3078 1421 αὐτῷ
3104 1352 3438 1405 ἐπέστειλεν.

2002 1435 2070 1489 Ν.
2110 1437 2336 1491 ΧΙ.”Οτι
2361 1438 2504 1491 κατὰ
2535 1439 2632 1492 τοῦ
2669 1440 3055 1493 Κωνσταντίου
3078 1440 3237 1511 ἐπῄει
3269 1440 3297 1492 6
3321 1436 3517 1509 τύραν-

1933 1536 2022 1581 νος
2055 1522 2223 1589 μήπω
2256 1523 2357 1589 τὴν
2403 1522 2600 1575 ἑαυτοῦ
2652 1525 2896 1594 ἐκφήνας
2941 1523 3224 1577 ἀσέϐειαν.
3270 1519 3513 1583 Τελευτὴ

1933 1603 2344 1657 Κωνσταντίου.
2394 1599 2522 1658 Οἷος
2585 1608 2612 1656 6
2661 1607 3044 1667 Κωνστάντιος
3085 1602 3175 1675 ἦν.
3238 1607 3376 1676 Περὶ
3412 1603 3512 1672 τῆς

1932 1686 2149 1758 Ἀρείου
2179 1688 2502 1759 διαφθορᾶς.
2541 1690 2678 1758 Περὶ
2705 1690 3089 1761 πατριάρχῶν,
3118 1691 3245 1743 '01:
3271 1691 3515 1760 δΜακε-

1936 1765 2111 1828 δὸνιος
2146 1767 2206 1819 16
2235 1768 2395 1835 σῶμα
2422 1768 2517 1822 τοῦ
2557 1769 2817 1836 Μεγάλου
2867 1771 3283 1824 Κωνσταντίνου
3310 1770 3389 1832 είς
3422 1768 3513 1819 τὸν

240 1885 358 1920 νου.
390 1847 505 1919 και
532 1847 682 1927 61:61;
708 1869 892 1920 ἁνείλε
924 1868 1017 1920 τὸν
1052 1869 1169 1921 υιδν
1198 1847 1368 1921 αὐτοῦ
1401 1867 1673 1937 Κρίσπον.
1713 1866 1826 1918 δια·
1856 1870 1905 1931 Β
1936 1847 2066 1937 ξιξιδν
2108 1849 2203 1937 αξῦ
2247 1852 2408 1937 ἁγίοιξ
2458 1853 3131 1937 μετήνεγκενζμακίου,
3172 1851 3335 1937 ᾳγῦοις
3377 1850 3435 1937 ᾆὲ
3485 1851 3516 1901 6

242 1950 373 2016 ϐολῇ
419 1951 519 2018 τῆς
564 1953 795 2021 μητρὶς,
828 1948 948 2005 εἶτα
979 1954 1263 2019 κάκείνην.
1304 1953 1425 2005 Ὅτι
1455 1951 1584 2011 τοὺς
1613 1951 1830 2021 Σαρμά-

240 2053 337 2085 16:
371 2036 472 2087 1:61
507 2036 637 2097 τούς
670 2037 903 2099 Γότθους
947 2037 1223 2106 ἐνίκησεν.

312 2119 384 2172 Ν.
436 2118 531 2171 III.
576 2122 710 2187 Περὶ
738 2122 837 2186 τῆς
884 2120 1115 2182 κτίσεως
1170 2118 1823 2178 Κωνσταντινουπὸλεως.

242 2204 354 2255 K61
385 2198 502 2254 οἷον
528 2199 596 2272 ἦν
622 2205 684 2256 τὸ
715 2204 1029 2267 Βυζάντιον.
1060 2204 1192 2274 Περὶ
1224 2202 1321 2255 τοῦ
1348 2204 1439 2256 ἐπὶ
1464 2202 1544 2271 τῷ
1567 2202 1830 2271 γενεθλίῳ

240 2287 341 2349 τῆς
387 2285 599 2348 πόλεως
653 2289 951 2355 γενομένου
987 2286 1458 2354 θεματίου.·ῐῐερὶ
1489 2288 1583 2338 τοῦ
1616 2286 1823 2349 Βυζανο

238 2368 382 2429 τίον,
422 2370 514 2421 1:61
538 2370 639 2422 666
670 2373 695 2421 6
724 2370 865 2422 Δίων
908 2372 1039 2439 περὶ
1080 2370 1246 2423 αὐτοῦ
1286 2372 1512 2438 ίστορεῖ.
1567 2371 1701 2440 Περὶ
1735 2369 1830 2423 τοῦ

239 2453 300 2501 ἐν
322 2452 403 2514 τῷ
426 2452 707 2521 Πλακωτῷ
741 2453 941 2514 κίονος,
973 2455 1066 2506 καὶ
1095 2453 1188 2507 166
1228 2456 1283 2506 ἐν
1314 2452 1464 2520 αὐτῷ
1490 2453 1825 2521 ἀγάλματος.

240 2538 383 2603 Περὶ
416 2536 511 2588 τοῦ
564 2536 971 2607 πατριαρχικοῦ
1027 2538 1223 2609 θρόνου
1263 2538 1364 2607 τῆς
1410 2539 1536 2602 νέας
1582 2538 1823 2608 Ῥώμης.

242 2620 381 2683 Περὶ
406 2620 501 2673 τοῦ
532 2621 693 2685 ἁγίου
722 2622 1153 2692 Μητροφάνους.

312 2704 377 2754 Ν.
414 2702 505 2756 IV.
548 2705 683 2772 Περὶ
726 2704 945 2775 ’Λρείου
994 2707 1089 2758 1:61
1133 2706 1233 2773 τῆς
1273 2705 1595 2765 κακοδοξίας
1632 2706 1821 2759 αὐτοῦ.

242 2786 381 2854 Περὶ
414 2788 512 2854 τῆς
547 2790 604 2839 ἐν
634 2788 837 2856 Νικαίᾳ
870 2787 1089 2859 πρώτης
1126 2789 1366 2841 συνόδου.
1391 2789 1522 2857 Περὶ
1562 2788 1824 2842 Εὐσεϐίου

243 2865 343 2916 :66
396 2866 711 2933 Παμφίλου.
762 2867 898 2934 Περὶ
952 2867 1048 2919 τοῦ
1093 2868 1250 2935 ἁγίου
1308 2867 1603 2932 συμϐόλου.
1638 2867 1826 2928 Ὅπως

247 2949 483 3017 ἐτίμησε
523 2952 650 3013 τούς
687 2951 879 3019 ἁγίους
906 2952 1157 3022 Πατέρας
1194 2955 1222 3005 6
1257 2952 1535 3021 βασιλεύς.
1570 2953 1694 3005 Ὅτι
1730 2952 1823 3004 τοῦ

243 3032 408 3095 ἁγίου
447 3034 845 3104 Μητροφάνους
880 3036 1161 3097 θανόντος,
1211 3039 1239 3088 6
1290 3036 1432 3096 θεῖος
1469 3035 1825 3103 Ἀλέξανδρος

243 3116 441 3175 γέγονε
488 3118 853 3186 πατριάρχης.
887 3119 1129 3187 Τελευτὴ
1200 3119 1301 3186 τῆς
1361 3120 1524 3185 ἁγίας
1576 3118 1822 3186 Ἑλένης.

1940 1930 2325 1994 Κωνστάντιος
2361 1933 2444 1995 είς
2483 1934 2576 1986 τὸν
2621 1934 2751 1986 ναὸν
2776 1935 2887 1987 τῶν
2926 1935 3127 2003 Ἀγίων
3171 1931 3514 1988 Ἀποστόλων

1931 2012 2067 2063 66:6
2100 2014 2488 2084 μετεκόμισεν.
2525 2016 2663 2085 Περὶ
2687 2018 2797 2067 τῶν
2824 2017 2996 2082 ἁγίων
3023 2018 3341 2071 ἀποστόλων
3386 2018 3509 2068 Ἀν-

1936 2094 2095 2163 δρέου
2131 2099 2228 2149 1:61
2260 2099 2467 2154 Λουκᾶ.
2492 2101 2628 2170 Περὶ
2657 2100 2926 2164 Εὐσεϐίας
2951 2104 3050 2172 τῆς
3079 2102 3327 2172 γαμετῆς
3361 2101 3517 2154 Κων-

1930 2179 2204 2233 σταντίου.

2003 2262 2071 2316 Ν.
2112 2263 2363 2319 ΧΙΙ.”οτι
2394 2266 2625 2337 ἐτίμησε
2648 2267 2742 2321 τὸν
2771 2267 2868 2321 τοῦ
2899 2268 3288 2324 Κωνσταντίου
3317 2267 3516 2338 νεκρδν

1930 2348 1958 2399 6
1990 2346 2299 2410 Ἰουλιανός.
2362 2349 2487 2402 Ὅτι
2515 2350 2794 2424 ιλιτότητα
2831 2354 2861 2405 6
2912 2352 3241 2423 παραϐάτης
3298 2353 3511 2423 μετῄει.

1934 2430 2057 2483 Ὅτι
2088 2432 2225 2502 μετὰ
2253 2432 2354 2503 τὴν
2380 2436 2684 2506 μοναρχίαν
2714 2436 2965 2506 φανερῶς
2988 2437 3058 2493 τὰ
3090 2436 3365 2508 Ἐλλήνων
3392 2436 3512 2490 ἐσέ-

1931 2514 2076 2568 ϐετο.
2115 2517 2238 2569 Ὀτι
2284 2516 2553 2570 ἐκώλυσε·
2573 2520 2703 2582 τούς
2760 2521 3127 2591 Χριστιανοὺς
3169 2519 3514 2591 μαθημάτων

1929 2598 2205 2667 μετέχειν.
2245 2601 2371 2654 Ὅτι
2408 2602 2682 2672 ἐπέτρεψε
2712 2606 2829 2665 τοῖς
2860 2603 3144 2665 Ἰουδαίοις
3182 2601 3274 2657 τὸν
3310 2606 3369 2657 ἐν
3412 2602 3513 2658 Ἱε-

1928 2682 2123 2750 ροσολύ
2133 2699 2260 2751 μοις
2295 2685 2425 2737 ναὸν
2457 2687 2764 2757 ἀνεγεῖραι.
2790 2688 2927 2759 Περὶ
2952 2686 3246 2751 Εὐσεϐίου,
3274 2688 3374 2742 1:61
3400 2686 3510 2741 τῶν

1926 2763 2106 2816 ἄλλων
2158 2767 2452 2838 εὐνούχων.
2517 2770 2643 2823 Ὅτι
2701 2772 2767 2824 :6
2825 2773 2885 2824 ἐν
2928 2774 3052 2836 ταῖς
3115 2772 3356 2840 Δάφναις
3412 2771 3509 2825 τοῦ

1948 2846 2288 2913 Ἀπόλλωνος
2314 2851 2581 2921 ἁγαλρα,
2621 2854 2716 2908 1:61
2747 2856 2843 2907 τὸν
2879 2857 3009 2909 ναὸν
3058 2854 3301 2924 σκηπτὸς
3344 2856 3508 2909 κατέ-

1928 2946 2151 2986 καυσεν.
2185 2935 2332 3005 Περὶ
2367 2935 2479 2989 τῶν
2503 2935 2678 3005 ἁγίων
2731 2938 3047 3008 Ἀρτεμίου,
3094 2940 3187 2993 καὶ
3222 2939 3504 3008 Εὐγενίου,

1929 3015 2021 3065 καὶ
2046 3015 2360 3086 Μακαρίου.

2002 3096 2064 3151 Ν.
2099 3100 2241 3153 XIII.
2286 3102 2479 3165 Ὅπως
2510 3105 2537 3156 6
2567 3105 2894 3176 παραϐάτης
2919 3109 3035 3169 τοῖς
3061 3106 3300 3175 Πέρσαις
3336 3106 3506 3177 μαχό-

241 3197 489 3266 τελευτή
539 3198 632 3251 τοῦ
682 3201 939 3267 Μεγάλου
988 3186 1424 3257 Κωνσταντίνου.
1476 3198 1603 3265 υἷος
1647 3198 1716 3271 ἦν
1754 3203 1823 3256 :6
1850 3215 1893 3271 ο
1933 3199 2112 3252 μινοςν
2142 3186 2365 3254 ἀφανῶς
2398 3190 2542 3241 κατὰ
2574 3191 2674 3257 τῆς
2708 3192 2952 3262 πλευρᾶς
2974 3192 3212 3264 ἐτρώθης
3245 3192 3340 3247 καὶ
3375 3190 3506 3264 θνή⁶

243 3281 350 3349 ἤθη
390 3285 421 3334 6
456 3282 601 3343 θεῖος
638 3286 828 3338 661661
868 3289 1251 3358 αὐτοκράτωρ.

307 3365 380 3419 Ν.
414 3366 478 3419 ν.
513 3367 705 3422 Ὅπως
739 3371 769 3436 ἡ
804 3369 1051 3438 βασιλεία
1091 3371 1382 3440 Ῥωμαίων
1403 3374 1484 3435 είς
1521 3379 1647 3431 τούς
1673 3376 1821 3441 τρεῖς

241 3450 516 3519 ἐμερίσθη
608 3453 805 3514 παῖδας
885 3457 981 3509 166
1048 3458 1303 3523 Μεγάλου
1373 3459 1815 3513 Κωνσταντίνου.

240 3533 471 3585 Κοττίαι
513 3534 917 3604 ὠνομάσθησαν
968 3540 1075 3592 61:6
1118 3542 1349 3593 Κοττίου
1398 3541 1668 3610 βασιλέως
1710 3542 1821 3595 τῶν

233 3615 422 3666 τόπων
483 3619 696 3671 τούτων
759 3623 1082 3689 γενομένου.
1141 3624 1267 3678 '01:
1318 3628 1347 3678 6
1403 3626 1820 3686 Κωνσταντϊνος

237 3697 489 3750 ἐπελθὼν
539 3700 618 3769 τῷ
666 3703 762 3755 :66
821 3704 1182 3769 Κώνσταντος
1239 3709 1419 3780 λάχει.
1465 3708 1674 3779 ἡττήθη
1724 3709 1818 3762 καὶ

234 3782 503 3851 ἀνῃρέθη.
537 3783 661 3839 Ὅτι
697 3788 727 3838 6
759 3788 1024 3853 Κώνστας
1057 3791 1151 3843 1:61
1186 3792 1285 3861 τῆς
1318 3792 1615 3859 ἁδελφικῆς
1661 3793 1819 3858 ἐκρά-

234 3882 373 3947 τησε
413 3868 632 3937 μοίρας,
678 3873 775 3923 1:61
818 3874 923 3925 ὑπὸ
969 3875 1313 3942 Μαγνεντίου
1355 3875 1621 3947 ἀνῃρέθη.
1682 3876 1819 3944 Περὶ

233 3946 338 4013 τῆς
387 3951 525 4017 πρὸς
574 3952 791 4023 Πέρσας
856 3957 1037 4026 μάχης
1092 3957 1187 4010 τοῦ
1235 3946 1659 4012 Κώνσταντίου.’
1709 3959 1819 4012 K61

233 4032 367 4098 περὶ
408 4033 705 4101 Ὀρμίσδου
754 4037 848 4090 166
879 4039 1114 4107 Πέρσου.

308 4113 381 4165 Ν.
417 4115 502 4168 VI.
536 4117 729 4182 Ὅπως
760 4122 788 4172 6
827 4122 1167 4195 Mayvévuo;
1218 4124 1499 4195 τυραννίδι
1550 4126 1818 4195 ἐπικεχείο

237 4213 438 4263 ρηκεν.
473 4198 784 4269 Ἀναίρεσις
833 4189 1217 4269 Κώνσταντος.
1258 4207 1385 4261 Ὅτι
1425 4208 1655 4273 πολλοὺς
1709 4209 1817 4261 τῶν

232 4278 675 4351 ἁξιολογωτέρων
705 4286 986 4340 ἀπώλεσεν
1014 4291 1042 4341 6
1068 4290 1426 4357 Μαγνέντιος.

306 4363 372 4413 Ν.
408 4364 524 4417 VII.
580 4369 999 4440 ὍτιΣαπώρης
1053 4374 1081 4424 6
1138 4374 1368 4442 Περσῶν
1423 4372 1700 4443 βασιλεὺς,
1749 4377 1812 4446 τῇ

241 4448 543 4516 Ῥωμαίων
573 4450 734 4521 χώρα
768 4454 998 4508 ἐπέθετο
1024 4457 1122 4511 καὶ
1148 4460 1365 4512 Νίσιϐιν
1400 4460 1773 4529 πολιορκήσας
1798 4500 1811 4519 .

1928 3285 2073 3320 σκων
2108 3271 2249 3322 κατὰ
2280 3272 2375 3323 τοῦ
2422 3274 2662 3342 Χριστοῦ
2710 3275 3110 3346 ἐϐλασφήμησε
3135 3318 3150 3341 ,
3188 3278 3285 3330 1:61
3319 3277 3501 3339 οὕτως

1924 3351 2024 3418 τὴν
2071 3351 2265 3409 ἁθλίαν
2300 3356 2470 3408 αὐτοῦ
2500 3358 2684 3427 ψυχὴν
2736 3359 3115 3430 ἁπηρεύξατο.
3162 3356 3290 3426 υἷος
3327 3357 3396 3433 ἦν
3434 3362 3507 3417 τὰ

1924 3433 2027 3503 ηθη
2056 3435 2085 3488 6
2121 3434 2613 3510 'Iouk:6v6;.‘[1191
2660 3443 2755 3495 :66
2792 3443 3035 3514 ὀνείρου.
3088 3447 3228 3518 Περὶ⁵
3270 3447 3500 3515 σημείου

1922 3518 2210 3588 δηλοῦντος
2239 3522 2332 3575 τὸν
2361 3524 2458 3576 τοῦ
2500 3527 2827 3595 παραϐάτου
2854 3528 3109 3583 θάνατον.

1992 3611 2061 3666 Ν.
2102 3613 2243 3669 XIV.
2293 3615 2427 3679 016;
2477 3619 2506 3670 6
2559 3616 2813 3682 Ἰοϐιανὸς
2871 3619 3026 3674 ἔθετο
3078 3621 3219 3690 1:96;
3284 3623 3503 3692 Πέρσας

1924 3700 2178 3763 σπονδάς.
2218 3702 2355 3773 Περὶ
2386 3705 2488 3774 τῆς
2520 3706 2786 3776 τελευτῆς
2826 3706 3108 3761 Ἰοϐιανοῦ.
3140 3708 3501 3779 [159121166-

1924 3783 2099 3838 στίου.
2135 3786 2259 3840 '01:
2301 3788 2454 3858 1:696
2490 3791 2712 3843 πάντων
2748 3790 3007 3861 βασιλεὺς
3056 3791 3501 3853 Οὐαλεντινιανὺς

1922 3869 2222 3941 ἐψηφίσθη.
2251 3866 2380 3935 Οἷος
2401 3869 2470 3944 ἦν
2494 3874 2779 3939 Ἰοϐιανός.

1991 3952 2057 4009 Ν.
2094 3954 2208 4011 XV.
2244 3959 2379 4029 Περὶ
2404 3960 2783 4031 πατριαρχῶν.
2816 3962 2941 4018 Ὅτι
2973 3962 3335 4029 τὸνὰδελοφδν.
3358 3958 3498 4015 066-

1920 4036 2079 4090 λεντα
2168 4041 2424 4095 κοινωνὸν
2486 4043 2583 4112 τῆς
2644 4043 2920 4113 βασιλείας
2971 4048 3000 4099 6
3058 4044 3502 4107 Οὐαλεντινιανὺς

1924 4123 2309 4192 προσελάϐετο.
2334 4128 2470 4194 Περὶ
2513 4128 2788 4194 Ῥοδάνου,
2842 4131 2937 4183 καὶ
2970 4132 3120 4191 ὅπως
3162 4130 3353 4186 τοῦτον
3382 4130 3500 4182 ἁδι-

1922 4205 2122 4260 κοῦντα
2157 4210 2415 4262 ἐκόλασεν
2441 4212 2912 4277 Οὐαλεντινιανός.
2944 4211 3308 4284 Τελευτὴτοῦ
3352 4211 3497 4264 Οὐα-

1920 4285 2272 4344 λεντινιανοῦ.

1989 4371 2056 4425 Ν.
2084 4372 2224 4430 XVI.
2262 4378 2396 4444 Περὶ
2435 4379 2529 4432 166
2580 4379 2847 4447 βασιλέως
2888 4380 3212 4443 Οὐάλεντος,
3239 4379 3333 4433 1:61
3383 4376 3494 4431 τῶν

1920 4457 2060 4508 κατὰ
2096 4458 2371 4514 θάλασσαν
2401 4463 2831 4532 ἐμπρησθέντων
2859 4464 3009 4534 παρὰ
3051 4463 3221 4518 αὐτοῦ
3276 4462 3493 4534 ἱερέων.

232 4531 522 4617 άπρακτος
544 4533 1046 4604 ἀνεχώρησεν.Ὅτι
1072 4543 1165 4594 καὶ
1193 4542 1505 4612 Βρετανίων
1534 4540 1813 4609 τυραννίδι
1847 4546 1892 4601 ι)
1925 4539 2058 4608 [1591
2104 4542 2203 4610 τῆς
2253 4547 2310 4597 ἐν
2350 4531 2553 4617 Νικαία
2578 4531 2875 4616 Ἐκκλησία
2894 4531 2950 4609 ·,’
2981 4547 3075 4599 1:61
3121 4548 3215 4598 :66
3252 4531 3491 4614 μεγάλου

232 4614 683 4684 ἐπικεχείρηκεν.
724 4620 898 4688 Ὅναρ
940 4622 1018 4690 τῷ
1067 4626 1434 4695 Κωνσταντίῳ
1458 4626 1646 4695 ὀφθέν.
1687 4626 1812 4679 ’Ότι

232 4698 549 4765 προσῆλθεν
577 4702 604 4750 6
628 4700 936 4767 Βρετανίων
958 4706 1037 4774 τῷ
1065 4708 1454 4779 Κωνσταντίῳ.

302 4780 377 4862 Ν.
435 4780 573 4834 VIII.
633 4784 768 4856 Περὶ
817 4788 1161 4856 Μαγνεντίου
1221 4794 1660 4862 τυραννήσαντος
1718 4798 1813 4849 1:61

232 4861 613 4929 συμϐαλόντος
692 4867 770 4937 τῷ
861 4872 1224 4941 Κωνσταντίῳ
1280 4876 1627 4945 ἡττηθέντος.
1687 4877 1812 4930 '01:

230 4945 494 5012 ἡττηθεὶς
550 4947 579 4997 6
640 4949 981 5016 Μαγνέντιος
1042 4956 1270 5025 ἔφυγεν.
1327 4957 1453 5011 Ὅτι
1508 4958 1603 5011 1:61
1653 4958 1812 5023 660:;

231 5026 377 5110 προς
408 5029 651 5098 πόλεμον
696 5036 724 5085 6
765 5036 1103 5103 Μαγνέντιος
1132 5040 1480 5110 ἡτοιμάζετο.
1506 5043 1629 5095 '01:
1665 5044 1800 5095 ἐπε·

232 5108 537 5163 ϐούλευσεν
565 5114 593 5165 6
615 5114 961 5183 Μαγνέντιος
981 5120 1060 5190 τῷ
1085 5108 1292 5192 Γάλλῳ.
1325 5125 1460 5194 Περὶ
1481 5124 1575 5177 τοῦ
1615 5127 1809 5196 Ὅρόνυ

229 5210 331 5247 του
401 5198 675 5266 ποταμοῦ.
733 5201 925 5268 Ὅπως
987 5206 1237 5277 ἐγνώσθη
1292 5210 1324 5278 ἡ
1394 5210 1535 5264 κατὰ
1604 5212 1811 5267 Γάλλου

231 5278 500 5348 ἐπιδουλή
513 5321 527 5333 .

309 5364 378 5415 Ν.
418 5365 509 5418 ΙΧ.
545 5366 673 5420 Ὅτι
702 5371 797 5423 καὶ
822 5368 981 5434 αὖθις
1010 5372 1217 5444 ἡττήθη
1251 5378 1278 5429 6
1304 5378 1667 5447 Μαγνέντιος,
1713 5381 1812 5435 καὶ

232 5447 435 5531 ἑαυτὸν
465 5450 819 5521 διεχρήσατο.
871 5456 997 5509 '01:
1042 5458 1312 5528 μόναρχος
1355 5464 1382 5514 6
1430 5464 1812 5531 κωνστάντιος

231 5530 481 5617 κατέστη
508 5535 602 5585 καὶ
648 5536 945 5607 ὁλοκλήρου
974 5538 1071 5607 τῆς
1103 5541 1279 5611 ἀρχῆς
1333 5544 1560 5613 γέγονεν
1608 5530 1812 5617 ἐγκραέ

230 5614 358 5700 τῇς.
399 5614 597 5679 Ὅπως
623 5619 651 5670 6
684 5618 883 5682 Γάλλος
917 5621 1330 5695 ὑπερεφρόνησε
1358 5669 1373 5691 ν
1408 5630 1500 5681 καὶ
1524 5614 1656 5692 τοὺς
1683 5614 1813 5700 σδγ,

234 5697 537 5783 κλητικούς
572 5702 787 5755 ἁνεῖλεν
813 5704 1039 5774 ἄνδρας,
1074 5707 1169 5760 καὶ
1196 5709 1368 5777 αὐτῆς
1401 5711 1496 5764 τοῦ
1531 5697 1809 5783 Καίσαρος

238 5782 402 5839 ἀξίας
434 5785 658 5844 ἐξέπεσε
695 5788 789 5841 καὶ
825 5788 925 5852 τῆς
965 5788 1109 5854 ζωῆς
1151 5793 1420 5857 ἐστερήθη
1469 5782 1803 5860 ἀναιρεθείς.

1920 4622 2200 4676 Βασιλείου
2242 4630 2537 4697 γενομένου
2569 4628 2870 4699 θαύματος.
2908 4632 3042 4701 Περὶ
3085 4629 3188 4699 τῆς
3233 4628 3494 4695 τελευτῆς

1915 4705 2011 4758 τοῦ
2063 4708 2382 4775 Οὐάλεντος,
2432 4714 2527 4765 καὶ
2575 4715 2674 4782 τῆς
2726 4716 2854 4784 περὶ
2888 4715 3093 4786 ταύτης
3128 4715 3494 4787 προρρήσεως

1915 4788 2010 4840 166
2053 4792 2203 4843 ὁσίου
2236 4792 2531 4851 Ἰσαακίου.
2570 4798 2705 4868 Περὶ
2743 4802 2841 4867 τῆς
2878 4799 3187 4870 Προκοπίου
3232 4786 3491 4866 τυραννί-

1914 4873 2024 4938 δος,
2058 4878 2154 4929 καὶ
2203 4879 2301 4947 τῆς
2335 4880 2709 4952 καθαιρέσεως
2745 4884 2850 4935 τῶν
2884 4882 3077 4953 τειχῶν
3124 4882 3490 4951 Χαλκηδόνος.

1916 4959 2053 5029 Περὶ
2083 4963 2183 5027 τῆς
2210 4962 3052 5036 άλεκτορομιντείαςΊαμϐλίχου
3079 4968 3175 5019 καὶ
3202 4966 3487 5022 Λιϐανίου.

1990 5044 2055 5097 Ν.
2084 5043 2243 5100 XVII.
2279 5048 2401 5100 Ὅτι
2438 5049 2531 5099 τὸν
2559 5049 2677 5101 νέον
2716 5050 3160 5104 Οὐαλεντινιανδν
3192 5052 3224 5117 ἡ
3257 5050 3487 5119 στρατιὰ

1916 5127 2144 5197 βασιλέα
2181 5132 2422 5186 ἀνεῖπεν.
2467 5134 2598 5200 Περὶ
2637 5133 2919 5186 Θεηδοσίου
2950 5135 3045 5188 166
3099 5135 3159 5199 ἐξ
3189 5135 3488 5199 Ἱσπανίας,

1913 5212 2009 5262 1:61
2069 5212 2218 5274 61:61;
2271 5217 2395 5277 τούς
2450 5214 2663 5278 Σκύθας
2724 5218 2997 5288 ἐνίκησεν.
3052 5218 3299 5289 Τελευτὴ
3347 5218 3387 5271 Γ
3392 5235 3492 5290 ρα-

1912 5308 2118 5348 τιανου.

1984 5375 2050 5431 Ν.
2088 5376 2277 5434 XVIII.
2316 5380 2435 5432 '01:
2468 5381 2497 5432 6
2529 5378 2782 5451 Μάξιμος
2808 5385 3089 5452 τυραννίδι
3133 5385 3486 5459 ἐπικεχείρη-

1913 5475 2009 5511 κεν
2036 5460 2389 5531 ἀπανθρώπῳ
2429 5463 2569 5516 1:616
2597 5465 2690 5517 :66
2718 5464 2840 5518 νεοῦ
2877 5467 3353 5535 Οὐαλεντινιανοῢ,
3391 5472 3495 5528 1:61

1915 5542 2207 5612 κρατηθεὶς
2264 5546 2414 5613 παρὰ
2463 5545 2748 5601 Θεοδοσίου
2795 5549 3060 5620 ἀνῃρέθη.
3113 5551 3236 5606 Ὅτι
3290 5554 3497 5608 ἑαυτὸν

1911 5631 2122 5683 ἁνεῖλεν
2151 5632 2178 5684 6
2209 5632 2677 5698 Οὐαλεντινιανός.
2717 5637 2841 5691 Ὅτι
2864 5638 3155 5693 ἐστασίασε
3183 5643 3322 5694 κατὰ
3352 5643 3486 5696 Θεο-

1913 5715 2091 5768 δοσίου
2137 5718 2164 5769 6
2201 5716 2373 5786 δῆμος
2420 5717 2529 5770 τῶν
2577 5718 3015 5778 Θεσσαλονικέων
3043 5741 3056 5754 ·
3096 5727 3124 5777 6
3152 5727 3207 5779 δέ
3241 5726 3483 5781 ἔκτεινεν

1914 5798 2092 5853 αὐτῶν
2117 5801 2247 5855 ὡσεὶ
2276 5802 2671 5858 πεντεκαίδεκα
2701 5805 2946 5873 χιλιάδας
2973 5848 2986 5873 ,
3024 5810 3119 5863 1:61
3147 5811 3293 5875 ὅπως
3321 5810 3483 5882 ἠλέγ-
