4236 6442
720 412 825 476 379

1976 404 2305 467 JOANNIS
2335 402 2659 463 ZONAIME

3848 409 3967 473 380

719 530 840 576 τεία
895 524 1036 579 κατὰ
1068 522 1409 594 ’Λγαρηνῶν.
1459 522 1551 575 καὶ
1597 521 1754 581 αὖθις
1792 514 1928 593 ἧττα
1986 515 2295 586 Ῥωμαίων.
2326 516 2374 573 Α
2402 511 2544 565 λείου
2567 516 2874 586 προσῆλθεν
2898 518 3045 585 αύτῷ
3078 519 3108 587 ἡ
3154 518 3292 588 γυνή
3325 520 3465 588 μετά
3501 520 3594 573 τοῦ
3626 521 3742 574 υίοῦ
3777 524 3975 595 αὐτῆς,

723 609 848 661 '01:.
880 611 909 661 6
944 608 1234 677 Πετρωνάς
1272 607 1476 671 ἐστάλη
1511 605 1651 660 κατὰ
1684 608 1793 660 τῶν
1833 603 2173 674 ’Λγαρηνῶν,
2206 599 2301 651 καὶ

724 697 807 745 ὅτι
843 691 1141 763 συμϐαλὼν
1194 692 1381 752 αὐτοῖς
1429 689 1671 759 ἐνίκησε.
1723 688 1961 759 μοναχοῦ
2009 702 2156 748 τινος
2200 682 2301 752 τὴν

728 778 886 843 νίκην
914 775 1063 846 αὐτῷ
1091 776 1469 845 προειπόντος.
1498 775 1621 826 Ὅτι
1650 773 1743 826 τοῦ
1771 772 2027 841 Μανονὴλ
2047 768 2302 831 θανόντος

726 864 753 912 6
791 860 1078 928 Πετρωνᾶς
1110 857 1423 928 προεϐλήθη
1454 858 1770 926 δομέστικος
1791 856 1901 909 τῶν
1931 852 2158 924 σχολῶν.

796 942 863 997 Ν.
906 942 995 997 ιν.
1035 942 1157 993 Ὅτι
1207 942 1415 1011 ήνιόχει
1470 940 1499 992 6
1545 940 1802 1009 βασιλεὺς
1846 938 2065 1009 Μιχαὴλ
2112 938 2206 990 καὶ
2247 939 2301 992 οἱ

729 1027 988 1091 ἄρχοντες
1027 1021 1214 1076 αὑτοῦ.
1261 1024 1451 1086 Ὅπως
1488 1023 1600 1075 τῶν
1650 1023 1855 1093 κριτῶν
1911 1023 2226 1092 ἐφρόντιζεν
2272 1023 2303 1075 6

731 1107 1009 1174 βέλτιστος
1033 1105 1287 1175 βασιλεὺς
1319 1100 1491 1168 οὗτος.
1516 1104 1709 1163 Ὅπως
1736 1104 1863 1173 περὶ
1893 1104 2082 1172 λόγους
2110 1104 2303 1157 ἐσπού-

728 1189 891 1240 δασεν
925 1189 953 1239 6
1005 1188 1236 1258 Βάρδας.
1284 1188 1419 1256 Περὶ⁵
1465 1186 1562 1239 τοῦ
1593 1186 1889 1255 Φιλοσόφου
1921 1189 2168 1249 Λέοντος,
2206 1188 2302 1239 καὶ

728 1269 821 1321 τοῦ
870 1268 1400 1339 αἰχμαλωτισθέντος
1460 1268 1704 1339 μαθητοῦ
1754 1268 1944 1324 αὐτοῦ.
2006 1269 2142 1339 Περὶ
2196 1287 2303 1322 πα-

732 1354 1030 1422 τριαρχῶν.
1064 1353 1205 1411 Ὅσα
1236 1356 1264 1405 6
1315 1354 1458 1416 θεῖος
1501 1351 1769 1420 Ἰγνάτιος
1796 1350 1999 1407 ἔπαθεν
2032 1353 2303 1423 ἀφορίσας

730 1437 818 1486 τὴν
856 1438 1113 1505 Καίσαρα
1151 1437 1389 1507 Βάρδαν.

804 1518 868 1571 Ν.
927 1518 989 1573 ν.
1052 1519 1186 1588 Περὶ
1243 1519 1353 1572 τῶν
1400 1517 1558 1584 Ῥὼς.
1597 1520 1733 1587 Περὶ
1794 1519 1901 1573 τῶν
1959 1521 2025 1572 ἐκ
2076 1521 2304 1591 Κρήτης

735 1603 1068 1671 Ἀγαρηνῶν.
1099 1603 1233 1672 Περὶ
1263 1604 1373 1656 τῶν
1391 1604 1573 1656 τόπων
1605 1605 1664 1656 ἐν
1702 1598 1785 1665 οἷς
1819 1603 2123 1672 ἀνήπτοντο
2160 1621 2305 1672 πυρ-

734 1685 843 1741 σοί.
873 1686 1005 1755 Περὶ
1035 1687 1129 1755 τῆς
1163 1689 1393 1755 ἀνοήτου
1427 1686 1521 1739 τοῦ
1553 1686 1773 1756 Μιχαὴλ
1804 1686 2175 1754 μετριότητος,
2208 1687 2303 1740 καὶ

731 1770 841 1820 τ’ἷιν
883 1769 1254 1840 ἀνοητοτέρων
1302 1769 1573 1838 παιγνίων
1616 1768 1804 1823 αὐτοῦ.
1841 1771 1976 1839 Περὶ
2012 1768 2295 1822 Βασιλείω

732 1852 824 1903 τοῦ
856 1853 1189 1915 Μακεδόνος.

800 1933 865 1987 Ν.
912 1936 1001 1989 Vl.
1039 1936 1270 2003 Σημεῖον
1301 1937 1430 2007 περὶ
1459 1936 1551 1989 τὸν
1583 1936 1868 1990 Βασίλειον
1900 1937 2123 2005 γεγονὸς
2172 1954 2305 2009 προ-

730 2017 925 2085 δηλοῦν
949 2018 1024 2080 ὡς
1050 2018 1383 2087 βασιλεύσει.
1410 2020 1542 2089 Περὶ
1563 2019 1656 2073 τοῦ
1681 2020 1890 2090 ὀνείρου
1918 2020 2011 2072 τοῦ
2043 2021 2302 2088 φανέντος

729 2100 806 2165 τῷ
856 2102 1113 2172 νεωκόρῳ
1154 2102 1249 2155 τοῦ
1295 2102 1420 2156 ναοῦ
1477 2101 1571 2155 τοῦ
1608 2102 1765 2171 ἁγίου
1819 2102 2142 2172 Διομήδους.
2179 2103 2304 2157 Ὅτι

730 2180 996 2251 πρότερον
1041 2184 1068 2232 6
1098 2180 1373 2241 Βασίλειος
1414 2180 1491 2249 τῷ
1518 2180 1842 2254 Θεοφιλίτζῃ
1874 2179 2302 2252 ἐξυπηρέτησεν.

734 2263 897 2313 Ὅθεν
928 2265 1019 2317 καὶ
1044 2265 1193 2326 ὅπως
1219 2266 1298 2327 εἰς
1326 2262 1395 2317 16
1427 2264 1675 2333 βασίλεια
1714 2264 1941 2334 εἰσήχθη
1968 2268 1994 2316 6
2030 2265 2302 2337 βασιλεὺς,

730 2345 827 2396 καὶ
855 2345 1004 2408 ὅπως
1047 2345 1333 2416 ᾠκειώθη,
1388 2348 1483 2402 καὶ
1526 2346 1783 2416 ἐτιμήθη.
1826 2346 1963 2416 Περὶ
1999 2348 2096 2419 τῆς
2134 2350 2306 2420 προρ-

732 2428 946 2495 ⁸δήσεως
982 2430 1081 2498 τῆς
1113 2430 1318 2501 μητρὸς
1359 2428 1455 2483 τοῦ
1490 2428 1752 2501 βασιλέως
1780 2431 1881 2501 τῆς
1912 2430 2045 2503 περὶ
2073 2430 2169 2485 τοῦ
2204 2433 2308 2486 Βα-

736 2511 961 2565 σιλείου.

799 2594 864 2648 Ν.
914 2595 1022 2649 VII.
1066 2597 1202 2665 Περὶ
1248 2596 1348 2667 τῆς
1399 2598 1759 2668 προρρήσεως
1809 2597 1909 2667 τῆς
1967 2598 2173 2666 μητρὸς
2209 2599 2305 2653 τοῦ

731 2676 998 2746 βασιλέως
1025 2681 1125 2746 τῆς
1153 2680 1283 2747 περὶ
1311 2679 1407 2732 τοῦ
1443 2679 1748 2733 Βασιλείου.
1788 2680 1914 2732 '01:
1944 2681 2304 2735 ἐπεϐούλευον

729 2760 995 2828 ἀλλήλους
1016 2762 1045 2813 6
1076 2763 1293 2832 Καῖσαρ
1324 2762 1422 2815 καὶ
1446 2764 1474 2814 6
1501 2763 1799 2825 Βασίλειος.
1829 2764 2061 2830 Σημεῖόν
2095 2782 2146 2818 τι
2174 2767 2306 2835 περὶ

728 2842 822 2893 τὸν
879 2844 1137 2913 Καίσαρα
1173 2845 1418 2913 γεγονός.
1460 2846 1586 2898 '01:
1640 2844 1813 2899 πολλὰ
1866 2847 1976 2899 τῶν
2027 2846 2309 2917 ᾠκονομη-

733 2928 915 2992 μένων
964 2927 1262 2996 ἀνέτρεπεν
1290 2930 1319 2981 6
1364 2928 1642 2997 βασιλεύς.
1689 2928 1995 3000 ’Λναίρεσις
2038 2930 2133 2983 τοῦ
2170 2931 2307 2983 Καί-

733 3025 901 3079 σαρος
952 3009 1156 3080 Βάρδα.
1190 3014 1526 3083 ’Λνάρῤησις
1592 3011 1686 3066 τοῦ
1719 3013 2023 3067 Βασιλείου.
2068 3014 2233 3068 Ὅθεν
2276 3017 2306 3069 6

731 3092 1011 3155 Βασίλειος
1054 3094 1263 3147 ἀνελεῖν
1303 3095 1568 3166 ἠρεθίσθη
1593 3095 1687 3151 τὸν
1712 3096 1951 3167 Μιχαήλ.
1998 3098 2307 3169 ’Λναίρεσις

729 3174 824 3227 τοῦ
855 3176 1118 3244 βασιλέως
1154 3179 1207 3231 Μ
1214 3179 1401 3249 ιχαήλ.

803 3258 870 3315 Ν.
913 3259 1045 3314 Vlll.
1089 3262 1212 3314 '01:
1261 3262 1371 3315 τῶν
1416 3261 1603 3326 κακῶς
1630 3262 2053 3329 δαπανηθέντων
2087 3265 2304 3335 χρημά-

727 3358 858 3408 των,
878 3345 905 3394 6
922 3343 1175 3411 βασιλεὺς
1191 3345 1422 3410 συνάξας
1444 3347 1523 3409 είς
1538 3340 1679 3415 τρίαΔ
1694 3345 1935 3403 ἐπέσωσε
1952 3348 2303 3417 ηντηνὰρια.

730 3425 919 3487 Ὅπως
948 3428 977 3479 6
1006 3428 1209 3491 Φὼτιος
1246 3429 1455 3497 ἐξώσθη
1498 3432 1596 3498 τῆς
1625 3428 1975 3499 Ἐκκλησίας.
2016 3431 2149 3498 Περὶ
2183 3433 2306 3485 ἐπι-

733 3508 958 3576 ϐουλῆς.
988 3511 1112 3564 '01:
1143 3512 1334 3582 ἐστεψε
1367 3512 1606 3580 βασιλεῖς
1639 3513 1765 3567 τοὺς
1792 3514 1940 3572 υἱοὺς
1984 3514 2172 3576 αὑτοῦ,
2207 3517 2305 3578 τὰς

728 3590 785 3641 δέ
816 3591 1125 3661 θυγατέρας
1163 3594 1448 3664 ἀπέκειρε.
1487 3594 1613 3647 '01:
1647 3597 1706 3646 ἐν
1735 3597 1802 3665 τῇ
1848 3596 2039 3666 Κρήτῃ
2071 3595 2305 3666 ἐκστρα-

730 3673 931 3738 τεύσας
976 3676 1209 3747 ήττήθη.
1260 3678 1447 3740 Ὅπως
1490 3680 1518 3731 6
1556 3679 1862 3747 Χρυσόχειρ
1906 3680 2116 3750 ήττήθη
2154 3682 2304 3752 παρά

743 3757 1031 3826 Ῥωμαίων
1072 3761 1166 3813 καὶ
1212 3760 1475 3833 ἀνῃρέθη.
1507 3761 1656 3823 '01:,
1690 3760 1785 3813 τοῦ
1824 3762 2090 3829 Ἰγνατίου
2118 3763 2303 3819 τελευ-

730 3842 1014 3908 τήσαντος,
1040 3844 1069 3895 6
1103 3844 1307 3906 Φώτιος
1339 3842 1493 3906 αὖθις
1528 3843 1742 3916 ἀνήχθη
1769 3848 1846 3907 είς
1874 3846 1965 3899 τὸν
1992 3847 2183 3919 θρόνον
2210 3851 2303 3904 τὸν

731 3928 1155 3995 πατριαρχικόν.

802 4008 866 4062 Ν.
885 4009 973 4064 ΙΧ.
1001 4012 1135 4079 Περὶ
1156 4011 1473 4080 ἐπιϐουλῆς.
1517 4011 1877 4081 Ἐκστρατεία
1898 4013 2039 4067 κατὰ
2066 4015 2295 4085 Συρίας.

733 4090 878 4154 Ὅτι,
915 4094 1218 4164 πολιορκῶν
1253 4096 1353 4164 τήν
1384 4096 1621 4151 ’Λδαταν
1649 4097 1677 4150 6
1710 4096 1992 4166 βασιλεὺς,
2027 4099 2125 4151 καὶ
2156 4101 2301 4167 ὀρῶν

731 4175 856 4236 τοὺς
885 4175 1034 4239 ἐντὸς
1081 4176 1157 4248 μὴ
1191 4176 1575 4247 φροντίζοντας
1610 4177 1709 4247 τῆς
1738 4180 2080 4250 πολιορκίας,
2134 4183 2301 4253 ἤρετο

728 4256 820 4307 τὸν
844 4258 1064 4326 τρόπον,
1098 4262 1193 4315 καὶ
1216 4263 1503 4334 ἀπηγγέλη
1552 4262 1720 4332 αὐτῷ.
1749 4263 1936 4325 Ὅπως
1978 4266 2030 4318 οί
2062 4266 2126 4319 ἐκ
2155 4267 2300 4336 Ταρ-

734 4340 828 4391 σοῦ
863 4345 955 4393 καὶ
986 4344 1293 4414 Μελιτηνῆς
1335 4348 1627 4419 Ἀγαρηνοὶ
1652 4346 1988 4416 ἡττήθησαν.
2024 4348 2159 4418 Περὶ
2189 4350 2298 4404 τῶν

732 4424 797 4475 ἐκ
846 4426 1197 4495 Καρχηδόνος
1247 4430 1590 4499 ’Λγαρηνῶν.
1636 4428 1759 4482 '01:
1808 4432 1837 4483 6
1873 4429 1974 4500 ρήξ
2018 4432 2297 4501 Φραγγίας

2405 599 2494 649 καὶ
2526 601 2887 670 ἐτιμήθησαν.
2922 602 3111 666 Ὅπως
3151 603 3213 655 τὸ
3244 603 3398 665 ἔθνος
3429 603 3538 657 τῶν
3582 605 3718 669 Ῥὼς
3743 609 3823 670 εἰς
3852 610 3945 661 ἐπί

2402 698 2604 748 γνωσιν
2630 679 2759 752 ἦλθε
2792 685 3052 755 Χριστοῦ.

2471 765 2536 820 Ν.
2579 766 2671 823 XI.
2714 769 2860 834 '01:,
2903 770 3155 832 θανόντος
3185 770 3281 823 τοῦ
3324 770 3442 824 υῑοῦ
3491 771 3657 825 αὐτοῦ
3686 773 3980 824 Κωνστανο

2400 851 2576 910 τίνου.
2629 855 2658 907 6
2702 853 2959 922 βασιλεὺς
3008 854 3439 926 ἀπαρηγόρητος
3484 852 3573 924 ἦν,
3623 857 3715 908 καὶ
3751 858 3902 918 ὅπως
3952 858 3983 908 6

2398 935 2819 1009 Σανταϐαρηνὸς
2858 936 3058 1005 ἔδειξεν
3090 939 3240 1005 αὐτῷ
3268 939 3361 993 τὸν
3407 939 3678 994 τεθνεῶτα
3710 942 3981 1009 ἔφιππον.

2405 1017 2543 1072 Ὅσα
2584 1020 2613 1071 6
2648 1019 3069 1092 Σανταϐαρηνὺς
3119 1022 3262 1075 κατά
3296 1021 3389 1073 τοῦ
3439 1021 3556 1075 υίοῦ
3584 1022 3679 1074 τοῦ
3710 1022 3981 1089 βασιλέως

2400 1100 2630 1164 Λέοντος
2682 1103 2976 1173 ἐτύρευσε,
3027 1105 3124 1156 καὶ
3170 1104 3320 1167 ὅπως
3368 1103 3534 1157 αὐτοῦ
3571 1106 3797 1157 κατεῖπε
3840 1103 3984 1171 πρὸς

2401 1184 2495 1237 τὸν
2520 1187 2753 1255 πατέρα,
2784 1187 2880 1240 καὶ
2907 1186 3008 1239 ὅσα
3028 1188 3056 1240 6
3089 1185 3245 1240 Λέων
3278 1186 3502 1241 ἔπαθεν.
3542 1186 3631 1252 Ἐξ
3657 1186 3772 1248 οῖας
3800 1185 3985 1253 λαϐῆς

2403 1268 2754 1336 ἐτελεύτησεν
2783 1272 2811 1322 ό
2851 1270 3127 1336 βασιλεὺς,
3163 1271 3256 1324 καὶ
3314 1271 3444 1342 περὶ
3479 1270 3575 1324 τοῦ
3607 1272 3984 1333 διασώσαντος

2364 1415 2368 1418 γ
2403 1349 2566 1402 αὑτὸν
2596 1351 2659 1403 ἐκ
2687 1352 2781 1407 τοῦ
2809 1352 3030 1419 ἐλάφου.

2472 1429 2538 1485 Ν.
2588 1430 2704 1486 XII.
2743 1434 2868 1488 '01:
2896 1433 3136 1505 ἐξὼθησε
3165 1435 3266 1503 τῆς
3302 1434 3629 1503 Ἐκκλησίας
3651 1434 3680 1486 6
3712 1433 3865 1487 Λέων
3886 1432 3987 1485 τὸν

2402 1513 2628 1578 Φώτιον,
2662 1516 2872 1570 καὶτὸν
2892 1519 3121 1588 ἀδελφὸν
3152 1518 3423 1585 Στέφανον
3464 1517 3812 1586 πατριάρχην
3843 1532 3979 1583 προ-

2404 1599 2733 1667 εχειρίσατο.
2760 1601 2950 1665 Ὅπως
2979 1602 3207 1671 ἐτίμησε
3237 1602 3328 1653 τὸν
3356 1600 3455 1654 τοῦ
3476 1600 3740 1669 βασιλέως
3760 1596 3990 1667 Μιχαὴλ

2405 1682 2617 1751 νεκρόν.
2675 1684 2801 1737 '01:
2854 1685 3274 1755 πυρποληθέντα
3321 1686 3414 1736 τὸν
3459 1683 3551 1736 τοῦ
3601 1684 3761 1750 ἁγίου
3808 1682 3990 1750 Θωμά

2410 1766 2537 1816 ναὸν
2565 1769 2592 1819 6
2624 1765 2877 1836 βασιλεὺς
2897 1764 3049 1830 οὗτος
3085 1769 3415 1823 ἀνεκαίνισε.
3443 1769 3633 1828 ὀπως
3660 1765 3753 1817 16v
3778 1767 3992 1817 Σαντα-

2329 1826 2377 1902 Β
2406 1826 2644 1919 ϐαρηνδν
2701 1826 2967 1920 ἠμύνατο.
3027 1826 3164 1922 ίιερὶ
3212 1851 3587 1921 πατριαρχῶν.
3616 1826 3779 1919 ⁷Περὶ
3817 1847 3993 1899 Βουλ-

2405 1932 2592 2000 γάρων
2640 1933 2857 1986 καὶτοῦ
2905 1936 3166 2003 ἄρχοντος
3214 1934 3397 1988 αὐτῶν
3450 1931 3701 2002 Συμεὼν,
3742 1932 3838 1983 καὶ
3886 1931 3993 1983 ὅσα

2407 2015 2606 2086 συνέϐη
2673 2015 2732 2080 ἐξ
2786 2016 2997 2071 ἐκείνου
3052 2017 3365 2087 Ῥωμαίοις.
3430 2018 3555 2070 '01:
3601 2016 3841 2086 ἐπῆλθον
3872 2017 3993 2075 τοῖς

2405 2096 2735 2166 Βουλγάροις
2778 2101 2828 2152 οἱ
2861 2099 3121 2169 Οῦγγροι.
3187 2099 3478 2168 Ἐπιϐουλὴ
3517 2099 3660 2152 κατά
3693 2096 3791 2150 τοῦ
3827 2096 3995 2167 βασι-

2402 2180 2539 2242 λέως
2586 2182 2839 2246 Λέοντος.
2868 2184 2992 2237 Ὅτι
3018 2185 3118 2254 τήν
3171 2184 3265 2237 τοῦ
3304 2183 3567 2251 Ῥαούτζη
3600 2183 3760 2254 Ζωὴν
3793 2180 3993 2249 ἐστεψε

2402 2267 2431 2319 6
2464 2266 2639 2320 Λέων.

2480 2350 2547 2403 Ν.
2580 2347 2723 2405 XIII.
2760 2351 2883 2404 '01:
2903 2349 3000 2404 καῖ⁵
3020 2349 3214 2419 τρίτην
3235 2348 3483 2419 γαμετὴν
3505 2352 3532 2400 6
3552 2349 3704 2402 Λέων
3722 2350 3993 2418 ἠγάγετο.

2408 2434 2533 2486 '01:
2570 2435 2664 2485 καὶ
2708 2435 2948 2505 τετάρτῃ
2989 2432 3233 2502 ὡμίλησε
3262 2434 3505 2501 γυναικί.
3540 2434 3675 2503 Περὶ
3710 2449 3995 2506 πατριαρα

2404 2515 2539 2587 χῶν.
2595 2516 2718 2568 Ὅτι
2774 2519 2833 2569 ἐν
2894 2519 2964 2585 τῇ
3015 2519 3097 2577 είς
3152 2516 3307 2579 ἅγιον
3364 2518 3589 2569 Μώκιον
3658 2520 3999 2585 προελεύσει

2405 2600 2619 2670 ἐπλήγη
2650 2601 2679 2653 6
2717 2600 2974 2667 βασιλεὺς
3020 2600 3119 2664 τὴν
3164 2601 3434 2668 κεφαλήν.
3470 2599 3608 2667 Περὶ
3658 2600 3761 2668 τῆς
3811 2604 3996 2670 προρ-

2409 2685 2624 2753 ρήσεως
2656 2682 2752 2734 τοῦ
2787 2681 3026 2752 μοναχοῦ
3057 2682 3308 2751 Μάρκου.
3354 2684 3478 2734 Ὅτι
3509 2682 3931 2751 ἀποδιδράσκων
3964 2683 3995 2733 6

2406 2767 2673 2835 Σαμωνάς
2708 2766 3050 2835 κατελήφθη.
3086 2766 3212 2818 Ὅτι
3254 2766 3483 2836 ἐξώρισε
3512 2765 3603 2817 τὸν
3633 2765 3999 2836 πατριάρχην

2405 2849 2676 2903 Νικόλαον
2712 2853 2739 2901 6
2779 2850 2954 2904 Λέων.

2475 2934 2545 2988 Ν.
2586 2932 2725 2986 XIV.
2768 2933 2887 2985 '01:
2930 2935 2988 2998 ἐξ
3033 2932 3322 2999 ἐπιϐουλῆς
3370 2930 3466 2983 τοῦ
3504 2932 3741 2999 Σαμωνά
3794 2934 3823 2983 6
3854 2932 3991 2998 δοὺξ

2420 3017 2755 3088 ’Λνδρόνικος
2783 3020 2897 3080 τοῖς
2930 3017 3252 3086 Ἀγαρηνοῖς
3282 3014 3673 3083 προσελήλυθε.
3704 3010 3814 3068 Οἷα
3845 3018 3994 3084 ἐμη-

2407 3102 2612 3169 χανᾶτο
2636 3102 2664 3151 6
2695 3101 2953 3168 Σαμωνᾶς
2982 3100 3119 3152 κατὰ
3146 3097 3237 3150 τοῦ
3280 3098 3618 3166 ’Δνδρονίκου
3644 3097 3736 3149 τοῦ
3764 3097 3987 3161 δουκός.

2331 3176 2379 3235 C
2411 3183 2536 3235 '01:
2583 3182 2766 3252 διέδρα
2816 3184 3226 3241 Κωνσταντῖνος
3258 3181 3286 3232 6
3334 3180 3426 3231 τοῦ
3458 3178 3808 3249 Ἀνδρονίκου
3842 3180 3989 3243 υἱὸς,

2407 3268 2502 3318 καὶ
2530 3267 2631 3317 ὅσα
2659 3265 2867 3318 ἐλθόντι
2912 3262 3062 3333 αύτῷ
3089 3264 3117 3315 6
3151 3261 3403 3325 βασιλεὺς
3440 3260 3826 3329 προεφοίϐασε.
3859 3263 3993 3315 '01:

2406 3346 2631 3417 ἔστεψεν
2655 3349 2683 3399 6
2720 3349 2874 3400 Λέων
2916 3347 3007 3398 τὸν
3054 3348 3255 3399 οίκεῖον
3282 3345 3417 3397 υίόν.
3455 3343 3599 3395 "030.
3632 3346 3905 3396 κατεῖπεν
3958 3347 3990 3394 ὁ

2407 3434 2672 3496 Σαμωνᾶς
2709 3431 2808 3484 τοῦ
2844 3431 3101 3499 ἐκτομίου
3141 3429 3581 3487 Κωνσταντίνου.
3613 3430 3708 3480 καὶ
3745 3429 3851 3481 ὅσα
3903 3431 3996 3491 είς

2406 3516 2615 3568 ἐκεῖνον
2668 3517 2912 3583 ἐγένετο.
2944 3513 3248 3582 Ἐξὼθησις
3288 3514 3352 3565 ἐκ
3403 3512 3511 3565 τῶν
3546 3511 3839 3581 βασιλείων
3887 3512 3991 3565 τοῦ

2406 3598 2663 3664 Σαμωνᾶ.
2698 3597 2939 3667 Τελευτὴ
2963 3595 3058 3649 τοῦ
3091 3594 3359 3666 βασιλέως
3386 3594 3637 3655 Λέοντος.

2472 3680 2539 3733 Ν.
2582 3681 2698 3734 XV.
2737 3681 2863 3735 '01:
2895 3681 2988 3732 τὸν
3019 3680 3240 3748 ἀνεψιὸν
3268 3681 3684 3732 Κωνσταντῖνον
3715 3678 3994 3743 ἐκτομίαν

2403 3763 2629 3832 ποιῆσαι
2656 3763 3007 3833 Ἀλέξανδρος
3029 3762 3302 3815 ἐϐούλετο.
3323 3761 3563 3829 Τελευτή
3594 3760 3688 3812 τοῦ
3727 3759 3991 3825 Ἀλεξάν-

2401 3846 2553 3913 ὅρου.
2617 3847 2785 3909 Τίνας
2837 3847 3173 3915 ἐπιτρόπους
3228 3843 3490 3898 κατέλιπε
3550 3844 3627 3913 τῷ
3682 3842 3901 3913 ἀνεψιῷ
3963 3846 3993 3895 6

2417 3930 2786 3999 Ἀλέξανδρος.

2470 4010 2536 4067 Ν.
2578 4012 2718 4073 XV}.
2766 4010 3100 4064 ’Λποστασία
3145 4008 3561 4063 Κωνσταντίνου
3612 4007 3706 4060 τοῦ
3764 4009 3989 4073 δουκός.

2404 4096 2713 4164 ’Λναίρεσις
2761 4094 2858 4148 τοῦ
2892 4093 3062 4146 δούκα
3099 4093 3541 4146 Κωνσταντίνου.
3589 4090 3714 4143 Ὅτι
3748 4091 3994 4153 πολλοὺς

2400 4182 2451 4234 οί
2503 4181 2599 4232 τοῦ
2658 4178 2922 4249 βασιλέως
2986 4178 3275 4248 ἐπίτροποι
3326 4175 3437 4228 τῶν
3462 4175 3861 4244 συναραμένων
3913 4177 3994 4242 τῷ

2400 4264 2682 4334 ἀποστάτῃ
2710 4262 3001 4315 ἐκόλασαν.
3029 4262 3155 4313 Ὅτι
3182 4259 3497 4329 διεφέροντο
3531 4259 3780 4328 ἀλλήλων
3810 4262 3865 4312 οἱ
3889 4263 3990 4313 τοῦ

2403 4346 2667 4416 βασιλέως
2699 4346 3005 4412 ἐπίτροποι.
3040 4344 3165 4397 '01:
3193 4336 3403 4413 ἀνήχθη
3429 4344 3526 4397 τοῦ
3565 4342 3837 4412 βασιλέως
3875 4345 3987 4413 μή-

2400 4448 2506 4500 τηρ
2529 4431 2606 4491 είς
2639 4429 2707 4481 τὰ
2734 4427 3003 4497 βασίλεια,
3031 4427 3128 4480 καὶ
3156 4426 3255 4495 τῆς
3282 4426 3601 4493 διοικήσεως
3627 4427 3835 4495 εῖχετο.

733 4508 1075 4578 συνεμάχησε
1114 4513 1229 4572 τοῖς
1287 4510 1580 4581 Ῥωμαίοις
1629 4514 1770 4564 κατὰ
1798 4512 1908 4563 τῶν
1955 4512 2293 4585 Ἀγαρηνῶν,
2328 4509 2377 4571 D
2475 4512 2543 4563 Ν.
2584 4510 2746 4565 XVII.
2783 4511 2973 4570 Ὅπως
3002 4510 3031 4560 6
3061 4508 3391 4578 Λακαπηνδς
3415 4509 3567 4577 παρὰ
3592 4509 3689 4561 τοῦ
3716 4509 3993 4573 βασιλέως

734 4591 827 4643 καὶ
880 4592 1241 4660 ήττηθέντων,
1285 4595 1429 4649 έάλω
1468 4596 1563 4650 καὶ
1591 4598 1619 4649 6
1653 4594 1895 4665 ἀρχηγὸς
1925 4595 2107 4650 αὐτῶν
2151 4600 2303 4669 παρά

729 4671 826 4724 τοῦ
860 4674 1051 4743 ρηγδς,
1095 4677 1188 4728 καὶ
1232 4678 1331 4730 ὅσα
1375 4679 1789 4747 ἐμηχανήσατο,
1839 4680 1937 4731 καὶ
1973 4678 2177 4750 διέδρα,
2207 4682 2299 4734 καὶ

728 4758 829 4808 ὅσα
880 4758 1155 4829 ἐποίησεν.
1187 4762 1311 4816 '01:
1366 4764 1429 4815 ἐκ
1485 4761 1701 4831 Ταρσοῦ
1753 4763 1911 4816 πλοῖα
1947 4764 2300 4835 ἐπολιόρκουν

731 4840 831 4920 τήν
855 4839 1111 4908 Εὔριπον.
1140 4845 1344 4913 ήνυσαν
1371 4846 1427 4898 δέ
1456 4847 1630 4909 οὐδὲν,
1661 4848 1754 4899 καὶ
1783 4847 1846 4899 ἐκ
1889 4846 2111 4918 Κρήτης
2138 4850 2300 4920 ἔτερα

731 4918 827 4979 τὰς
874 4922 1142 4989 παραλίας
1189 4922 1502 4990 Ῥωμαϊκὰς
1543 4924 1733 4995 ἐδῄουν
1773 4926 1978 4996 χώρας,
2032 4927 2168 4981 ἀλλὰ
2196 4918 2297 4982 κά.

732 5004 889 5054 κεῖνα
934 5005 1116 5069 κακῶς
1162 5007 1577 5076 ἀπηλλάγησαν.
1628 5008 1766 5077 Περῖ
1791 5009 1900 5059 τῶν
1934 5007 1992 5074 ἐξ
2034 5011 2300 5080 Ἀφρικὴς

733 5086 899 5154 νηῶν,
934 5090 1027 5141 καὶ
1060 5092 1319 5160 περὶτῶν
1349 5094 1410 5143 ἐκ
1441 5091 1534 5143 τοῦ
1569 5092 1887 5159 Ῥωμαϊκοῦ
1933 5093 2120 5145 στόλου
2166 5096 2301 5147 ἀπο-

732 5170 997 5232 δράντων.
1030 5177 1122 5227 καὶ
1149 5177 1297 5238 ὅπως
1319 5177 1507 5230 οὐδένα
1537 5175 1764 5229 ἐκείνων
1796 5176 2001 5229 ἀνελὼν
2032 5181 2143 5241 τοῖς
2186 5178 2302 5231 10:-

734 5256 853 5314 ποῖς
886 5256 1169 5325 ἐνεποίησε
1195 5260 1381 5327 φόϐον.

805 5334 869 5388 Ν.
907 5337 973 5391 Χ.
1017 5339 1137 5394 Ὅτι
1186 5344 1448 5411 ἐνίκησαν
1498 5344 1546 5395 οἱ
1596 5343 1855 5412 Ῥωμαίοι
1907 5344 2030 5404 τοὺς
2061 5343 2301 5416 ’Λγσρη-

732 5418 857 5499 νοῦς
886 5421 943 5471 ἐν
970 5427 1035 5491 τῇ
1067 5429 1361 5499 ναυμαχία.
1393 5427 1517 5479 Ὅτι
1545 5427 1655 5478 τῶν
1703 5427 1797 5479 τοῦ
1830 5425 2019 5481 στόλου
2044 5430 2123 5489 είς
2152 5433 2298 5482 οἱκο-

731 5498 902 5572 ὡμά·
942 5498 1457 5578 ἀσχολουμένων,ὀί
1503 5512 1789 5582 ’Λγαρηνοὶ
1820 5512 1991 5574 ἀδεῶς
2018 5513 2086 5564 τά
2118 5516 2299 5581 παρά-

731 5584 820 5643 λια
853 5590 1106 5644 ἐκάκουν.
1143 5592 1280 5661 Περὶ
1307 5596 1405 5663 τῆς
1450 5595 1708 5661 γυναικὸς
1751 5596 1784 5664 ἢ
1832 5598 2092 5665 προεῖπεν
2132 5597 2189 5648 ἐν
2220 5597 2297 5668 τῷ

733 5668 844 5738 ναῷ
886 5670 979 5724 τοῦ
1027 5673 1182 5739 ἁγίου
1242 5676 1488 5747 Ἀνδρέου
1539 5677 1758 5747 μοναχῷ
1802 5677 1930 5746 περὶ
1981 5677 2075 5731 τοῦ
2132 5676 2295 5729 Βασι-

732 5749 896 5821 λείου,
924 5755 1000 5820 ὡς
1034 5755 1368 5825 βασιλεύσει.
1406 5759 1528 5813 '01:
1551 5757 1976 5829 βασιλεύσαντος
2003 5758 2098 5814 τοῦ
2132 5761 2293 5815 Bac:-

2404 4595 2814 4648 Κωνσταντίνου
2848 4594 2928 4654 είς
2960 4592 3282 4661 ἐπικουρίαν
3310 4592 3687 4661 προσελήφθη.
3719 4590 3920 4656 Ὅπως
3963 4599 3994 4646 i,

2404 4675 2902 4745 παρακοιμώμενος
2950 4673 3258 4743 κατεσχέθη
3303 4673 3454 4741 παρὰ
3494 4672 3588 4724 τοῦ
3619 4676 3990 4744 Λακαπηνοῦ.

2402 4760 2528 4811 '01:
2554 4761 2581 4811 6
2623 4758 2873 4827 βασιλεὺς
2900 4758 3251 4823 κατενεγκεῖν
3274 4756 3372 4824 τὴν
3401 4754 3597 4808 ἐαυτοῦ
3630 4756 3848 4824 μητέρα
3882 4757 3983 4808 τοῦ

2400 4842 2663 4895 παλατίου
2715 4841 3028 4911 ἐπεχείρει,
3058 4842 3171 4901 τοῖς
3197 4838 3253 4891 δέ
3297 4838 3563 4908 δάκρυσιν
3606 4839 3824 4907 ἐκείνης
3878 4856 3992 4907 μα-

2400 4924 2618 4994 λαχθεὶς
2651 4924 2862 4993 ἀφῆκεν
2912 4924 3107 4992 αΰτήν.
3136 4922 3262 4974 Ὅτι
3307 4920 3407 4991 τὴν
3441 4920 3635 4973 ἐαυτοῦ
3690 4920 3985 4991 θυγατέρα

2400 5007 2806 5078 ἐμνηστεύσατο
2826 5009 2853 5060 6
2870 5006 3198 5072 Λακαπηνὸς
3218 5004 3295 5073 τῷ
3317 5003 3526 5072 βασιλεῖ
3551 5004 3984 5072 Κωνσταντίνῳ.

2401 5089 2524 5142 '01:
2565 5093 2594 5143 6
2635 5091 2829 5151 Φωκᾶς
2879 5090 3033 5141 Λέων
3086 5087 3368 5155 τυραννίδι
3422 5087 3837 5157 ἐπικεχείρηκε,
3884 5092 3989 5141 καὶ

2399 5172 2559 5234 ἁλοὺς
2590 5170 2899 5241 ἐτυφλώθη.
2944 5171 3236 5238 Ἐπιϐουλὴ
3268 5171 3411 5223 κατά
3443 5171 3537 5222 τοῦ
3573 5170 3867 5238 βασιλέως.

2468 5253 2533 5309 Ν.
2575 5254 2757 5310 XVIII.
2822 5256 2946 5307 '01:
3003 5255 3119 5323 ἥλω
3177 5254 3327 5320 παρὰ
3395 5254 3503 5306 τῶν
3561 5254 3893 5323 Βονλγάρων
3950 5258 3990 5327 ὴ

2399 5338 2864 5407 ’Δδριανούπολιᾳ
2898 5338 3022 5390 Ὅτι
3057 5340 3085 5389 6
3131 5341 3198 5390 ἐκ
3235 5338 3551 5407 Τριπόλεως
3595 5338 3781 5398 στόλος
3817 5340 3989 5393 amb-

2398 5425 2537 5476 λετο.
2576 5424 2698 5476 Ὀτι
2731 5422 3021 5490 ὡμίλησαν
3051 5422 3302 5489 ἀλλήλοις
3332 5426 3358 5471 ὀ
3390 5420 3643 5489 βασιλεὺς
3679 5421 3991 5489 Ῥωμαίων

2397 5511 2490 5563 καὶ
2517 5511 2544 5561 6
2588 5506 2835 5576 Συμεὼν,
2885 5510 2985 5559 οὑκ
3026 5508 3351 5576 είρήνευσαν
3391 5505 3467 5559 δέ.
3523 5506 3835 5568 Μετάθεσις
3866 5508 3993 5562 τῶν

2396 5594 2719 5662 ἀρχιερέων.
2767 5591 2894 5645 '01:
2940 5592 3147 5658 Πέτρος
3192 5593 3220 5642 6
3249 5591 3341 5642 τοῦ
3368 5586 3597 5656 Συμεὼν
3643 5589 3761 5649 υίὸς
3788 5592 3987 5643 ἐσπεί-

2398 5695 2551 5740 σατο,
2584 5678 2682 5729 καὶ
2709 5676 2956 5746 συνήφθη
2989 5675 3138 5743 αὐτῷ
3164 5676 3197 5744 ή
3233 5673 3328 5726 τοῦ
3354 5673 3619 5743 βασιλέως
3654 5675 3884 5743 ἐγγόνη.

2470 5760 2533 5815 Ν.
2579 5758 2718 5816 ΜΚ.
2756 5760 2946 5821 Ὅπως
2981 5757 3075 5812 καλ⁵
3114 5757 3205 5809 τὸν
3242 5757 3353 5809 υἱὸν
3389 5756 3555 5810 αὑτοῦ
3602 5755 3993 5827 Χριστοᾳόρον
