  <div class='ocr_page' id='page_1' title='image "/cluster/home/n/w/nwhite01/storage/ocr_20150623/135/nnc1.0046979727/209.png"; bbox 0 0 4236 6442; ppageno 0'>
   <div class='ocr_carea' id='block_1_1' title="bbox 744 388 2417 453">
    <p class='ocr_par' dir='ltr' id='par_1_1' title="bbox 744 388 2417 452">
     <span class='ocr_line' id='line_1_1' title="bbox 744 388 2417 452; baseline 0 -3"><span class='ocrx_word' id='word_1_1' title='bbox 744 390 850 449; x_wconf 74' lang='grc' dir='ltr'>38ῗῖ</span> <span class='ocrx_word' id='word_1_2' title='bbox 2005 388 2328 452; x_wconf 80' lang='lat' dir='ltr'>JOANNIS</span> <span class='ocrx_word' id='word_1_3' title='bbox 2358 392 2417 450; x_wconf 87' lang='grc' dir='ltr'>Ζ(</span> 
     </span>
    </p>
   </div>
   <div class='ocr_carea' id='block_1_2' title="bbox 1004 388 2677 453">
    <p class='ocr_par' dir='ltr' id='par_1_2' title="bbox 2005 388 2677 453">
     <span class='ocr_line' id='line_1_2' title="bbox 2005 388 2677 453; baseline 0.001 -1"><span class='ocrx_word' id='word_1_4' title='bbox 2005 388 2328 452; x_wconf 80' lang='lat' dir='ltr'>JOANNIS</span> <span class='ocrx_word' id='word_1_5' title='bbox 2358 391 2677 453; x_wconf 69' lang='grc' dir='ltr'>ΖΟΝΑΒΛΞ</span> 
     </span>
    </p>
   </div>
   <div class='ocr_carea' id='block_1_3' title="bbox 3900 394 4006 458">
    <p class='ocr_par' dir='ltr' id='par_1_3' title="bbox 3900 394 4006 458">
     <span class='ocr_line' id='line_1_3' title="bbox 3900 394 4006 458; baseline 0.047 -6"><span class='ocrx_word' id='word_1_6' title='bbox 3900 394 4006 458; x_wconf 70' lang='grc'>384</span> 
     </span>
    </p>
   </div>
   <div class='ocr_carea' id='block_1_4' title="bbox 747 497 4009 573">
    <p class='ocr_par' dir='ltr' id='par_1_4' title="bbox 747 497 4009 573">
     <span class='ocr_line' id='line_1_4' title="bbox 747 497 4009 573; baseline 0.002 -22"><span class='ocrx_word' id='word_1_7' title='bbox 747 498 1043 563; x_wconf 70' lang='grc' dir='ltr'>αὐτόμολον</span> <span class='ocrx_word' id='word_1_8' title='bbox 1072 497 1282 566; x_wconf 77' lang='grc' dir='ltr'>ἔπεμψε</span> <span class='ocrx_word' id='word_1_9' title='bbox 1325 498 1419 552; x_wconf 71' lang='grc' dir='ltr'>τον</span> <span class='ocrx_word' id='word_1_10' title='bbox 1458 499 1572 552; x_wconf 84' lang='grc' dir='ltr'>υίδν</span> <span class='ocrx_word' id='word_1_11' title='bbox 1599 499 1765 554; x_wconf 76' lang='grc' dir='ltr'>αὐτοῦ</span> <span class='ocrx_word' id='word_1_12' title='bbox 1799 502 1931 571; x_wconf 70' lang='grc' dir='ltr'>πρὸς</span> <span class='ocrx_word' id='word_1_13' title='bbox 1960 501 2053 555; x_wconf 84' lang='grc' dir='ltr'>τδν</span> <span class='ocrx_word' id='word_1_14' title='bbox 2103 500 2408 572; x_wconf 77' lang='grc' dir='ltr'>βασιλέαΑ</span> <span class='ocrx_word' id='word_1_15' title='bbox 2433 501 2773 572; x_wconf 79' lang='grc' dir='ltr'>ἀντιγράφου</span> <span class='ocrx_word' id='word_1_16' title='bbox 2848 502 3145 571; x_wconf 73' lang='grc' dir='ltr'>ἐπιστολῆς</span> <span class='ocrx_word' id='word_1_17' title='bbox 3204 501 3298 556; x_wconf 83' lang='grc' dir='ltr'>τοῦ</span> <span class='ocrx_word' id='word_1_18' title='bbox 3363 502 3625 573; x_wconf 83' lang='grc' dir='ltr'>Χριστοῦ.</span> <span class='ocrx_word' id='word_1_19' title='bbox 3693 504 3829 572; x_wconf 69' lang='grc' dir='ltr'>Περὶ</span> <span class='ocrx_word' id='word_1_20' title='bbox 3898 503 4009 552; x_wconf 74' lang='grc' dir='ltr'>τιίν</span> 
     </span>
    </p>
   </div>
   <div class='ocr_carea' id='block_1_5' title="bbox 745 581 2325 650">
    <p class='ocr_par' dir='ltr' id='par_1_5' title="bbox 745 581 2325 650">
     <span class='ocr_line' id='line_1_5' title="bbox 745 581 2325 650; baseline 0.003 -20"><span class='ocrx_word' id='word_1_21' title='bbox 745 597 774 630; x_wconf 92' lang='grc' dir='ltr'>ο</span> <span class='ocrx_word' id='word_1_22' title='bbox 806 581 1065 649; x_wconf 71' lang='grc' dir='ltr'>Σκληρός.</span> <span class='ocrx_word' id='word_1_23' title='bbox 1105 582 1235 648; x_wconf 76' lang='grc' dir='ltr'>Περὶ</span> <span class='ocrx_word' id='word_1_24' title='bbox 1266 581 1358 634; x_wconf 81' lang='grc' dir='ltr'>τοῦ</span> <span class='ocrx_word' id='word_1_25' title='bbox 1393 582 1647 650; x_wconf 76' lang='grc' dir='ltr'>Δελφινᾶ.</span> <span class='ocrx_word' id='word_1_26' title='bbox 1676 585 1864 648; x_wconf 81' lang='grc' dir='ltr'>’Ὀπως</span> <span class='ocrx_word' id='word_1_27' title='bbox 1893 585 2039 638; x_wconf 76' lang='grc' dir='ltr'>ἑάλω</span> <span class='ocrx_word' id='word_1_28' title='bbox 2067 587 2164 638; x_wconf 78' lang='grc' dir='ltr'>καὶ</span> <span class='ocrx_word' id='word_1_29' title='bbox 2203 585 2325 636; x_wconf 78' lang='grc' dir='ltr'>ἀνε-</span> 
     </span>
    </p>
   </div>
   <div class='ocr_carea' id='block_1_6' title="bbox 753 663 2323 737">
    <p class='ocr_par' dir='ltr' id='par_1_6' title="bbox 753 663 2323 737">
     <span class='ocr_line' id='line_1_6' title="bbox 753 663 2323 737; baseline 0.004 -23"><span class='ocrx_word' id='word_1_30' title='bbox 753 663 1101 731; x_wconf 78' lang='grc' dir='ltr'>σκολοπίσθη.</span> <span class='ocrx_word' id='word_1_31' title='bbox 1140 665 1329 726; x_wconf 83' lang='grc' dir='ltr'>Ὅπως</span> <span class='ocrx_word' id='word_1_32' title='bbox 1361 666 1390 718; x_wconf 91' lang='lat'>6</span> <span class='ocrx_word' id='word_1_33' title='bbox 1412 666 1608 729; x_wconf 74' lang='grc' dir='ltr'>Φωκᾶς</span> <span class='ocrx_word' id='word_1_34' title='bbox 1640 667 1982 736; x_wconf 77' lang='grc' dir='ltr'>κατέστρεψε</span> <span class='ocrx_word' id='word_1_35' title='bbox 2019 669 2118 737; x_wconf 81' lang='grc' dir='ltr'>τὴν</span> <span class='ocrx_word' id='word_1_36' title='bbox 2147 667 2323 735; x_wconf 81' lang='grc' dir='ltr'>ζωήν.</span> 
     </span>
    </p>
   </div>
   <div class='ocr_carea' id='block_1_7' title="bbox 750 741 2327 821">
    <p class='ocr_par' dir='ltr' id='par_1_7' title="bbox 750 741 2327 821">
     <span class='ocr_line' id='line_1_7' title="bbox 750 741 2327 821; baseline 0.003 -24"><span class='ocrx_word' id='word_1_37' title='bbox 750 741 873 808; x_wconf 76' lang='grc' dir='ltr'>υἷος</span> <span class='ocrx_word' id='word_1_38' title='bbox 907 749 933 798; x_wconf 97' lang='lat'>6</span> <span class='ocrx_word' id='word_1_39' title='bbox 969 746 1223 816; x_wconf 88' lang='grc' dir='ltr'>βασιλεὺς</span> <span class='ocrx_word' id='word_1_40' title='bbox 1253 748 1534 812; x_wconf 87' lang='grc' dir='ltr'>Βασίλειος</span> <span class='ocrx_word' id='word_1_41' title='bbox 1554 751 1611 801; x_wconf 88' lang='lat'>:6</span> <span class='ocrx_word' id='word_1_42' title='bbox 1628 745 1760 821; x_wconf 79' lang='grc' dir='ltr'>ἦθος</span> <span class='ocrx_word' id='word_1_43' title='bbox 1791 751 2012 817; x_wconf 83' lang='grc' dir='ltr'>ἐγένετο</span> <span class='ocrx_word' id='word_1_44' title='bbox 2039 751 2180 819; x_wconf 75' lang='grc' dir='ltr'>μετὰ</span> <span class='ocrx_word' id='word_1_45' title='bbox 2225 751 2327 818; x_wconf 81' lang='grc' dir='ltr'>τὴν</span> 
     </span>
    </p>
   </div>
   <div class='ocr_carea' id='block_1_8' title="bbox 749 829 2327 905">
    <p class='ocr_par' dir='ltr' id='par_1_8' title="bbox 749 829 2327 905">
     <span class='ocr_line' id='line_1_8' title="bbox 749 829 2327 905; baseline 0.003 -23"><span class='ocrx_word' id='word_1_46' title='bbox 749 832 1043 884; x_wconf 76' lang='grc' dir='ltr'>κατάλυσιν</span> <span class='ocrx_word' id='word_1_47' title='bbox 1076 829 1172 883; x_wconf 82' lang='grc' dir='ltr'>τοῦ</span> <span class='ocrx_word' id='word_1_48' title='bbox 1218 833 1403 886; x_wconf 79' lang='grc' dir='ltr'>Φωκά.</span> <span class='ocrx_word' id='word_1_49' title='bbox 1457 833 1645 897; x_wconf 81' lang='grc' dir='ltr'>Ὅπως</span> <span class='ocrx_word' id='word_1_50' title='bbox 1682 835 1774 886; x_wconf 79' lang='grc' dir='ltr'>τὸν</span> <span class='ocrx_word' id='word_1_51' title='bbox 1824 833 2327 905; x_wconf 84' lang='grc' dir='ltr'>παρακοιμώμενον</span> 
     </span>
    </p>
   </div>
   <div class='ocr_carea' id='block_1_9' title="bbox 746 914 2326 988">
    <p class='ocr_par' dir='ltr' id='par_1_9' title="bbox 746 914 2326 988">
     <span class='ocr_line' id='line_1_9' title="bbox 746 914 2326 988; baseline 0.003 -22"><span class='ocrx_word' id='word_1_52' title='bbox 746 919 774 966; x_wconf 82' lang='lat'>6</span> <span class='ocrx_word' id='word_1_53' title='bbox 823 914 1080 983; x_wconf 86' lang='grc' dir='ltr'>βασιλεὺς</span> <span class='ocrx_word' id='word_1_54' title='bbox 1136 918 1575 980; x_wconf 82' lang='grc' dir='ltr'>ἀπεσκευάσατο,</span> <span class='ocrx_word' id='word_1_55' title='bbox 1609 919 1707 972; x_wconf 75' lang='grc' dir='ltr'>καὶ</span> <span class='ocrx_word' id='word_1_56' title='bbox 1753 919 1903 980; x_wconf 82' lang='grc' dir='ltr'>ὅπως</span> <span class='ocrx_word' id='word_1_57' title='bbox 1935 919 2076 988; x_wconf 77' lang='grc' dir='ltr'>πρὸς</span> <span class='ocrx_word' id='word_1_58' title='bbox 2115 920 2326 972; x_wconf 84' lang='grc' dir='ltr'>ἐκεῖνον</span> 
     </span>
    </p>
   </div>
   <div class='ocr_carea' id='block_1_10' title="bbox 745 997 2328 1081">
    <p class='ocr_par' dir='ltr' id='par_1_10' title="bbox 745 997 2328 1081">
     <span class='ocr_line' id='line_1_10' title="bbox 745 997 2328 1081; baseline 0.002 -31"><span class='ocrx_word' id='word_1_59' title='bbox 745 999 980 1068; x_wconf 80' lang='grc' dir='ltr'>διετέθη.</span> <span class='ocrx_word' id='word_1_60' title='bbox 1035 999 1275 1069; x_wconf 80' lang='grc' dir='ltr'>Τελευτὴ</span> <span class='ocrx_word' id='word_1_61' title='bbox 1325 999 1420 1052; x_wconf 85' lang='grc' dir='ltr'>τοῦ</span> <span class='ocrx_word' id='word_1_62' title='bbox 1461 1001 1994 1081; x_wconf 62' lang='grc' dir='ltr'>παρακοιμωμὲνου.</span> <span class='ocrx_word' id='word_1_63' title='bbox 2029 997 2152 1064; x_wconf 77' lang='grc' dir='ltr'>Οἷος</span> <span class='ocrx_word' id='word_1_64' title='bbox 2191 997 2260 1072; x_wconf 80' lang='grc' dir='ltr'>ἦν</span> <span class='ocrx_word' id='word_1_65' title='bbox 2298 1003 2328 1053; x_wconf 90' lang='lat'>6</span> 
     </span>
    </p>
   </div>
   <div class='ocr_carea' id='block_1_11' title="bbox 749 1082 2327 1153">
    <p class='ocr_par' dir='ltr' id='par_1_11' title="bbox 749 1082 2327 1153">
     <span class='ocr_line' id='line_1_11' title="bbox 749 1082 2327 1153; baseline 0.003 -19"><span class='ocrx_word' id='word_1_66' title='bbox 749 1082 1004 1150; x_wconf 79' lang='grc' dir='ltr'>βασιλεὺς</span> <span class='ocrx_word' id='word_1_67' title='bbox 1049 1086 1157 1153; x_wconf 83' lang='grc' dir='ltr'>πρὸ</span> <span class='ocrx_word' id='word_1_68' title='bbox 1198 1084 1291 1135; x_wconf 82' lang='grc' dir='ltr'>τοῦ</span> <span class='ocrx_word' id='word_1_69' title='bbox 1339 1085 1439 1153; x_wconf 84' lang='grc' dir='ltr'>τῆς</span> <span class='ocrx_word' id='word_1_70' title='bbox 1481 1083 1732 1148; x_wconf 81' lang='grc' dir='ltr'>ἐξουσίας</span> <span class='ocrx_word' id='word_1_71' title='bbox 1781 1085 2166 1149; x_wconf 80' lang='grc' dir='ltr'>ἐπιλαϐέσθαι,</span> <span class='ocrx_word' id='word_1_72' title='bbox 2230 1087 2327 1138; x_wconf 83' lang='grc' dir='ltr'>καὶ</span> 
     </span>
    </p>
   </div>
   <div class='ocr_carea' id='block_1_12' title="bbox 745 1163 2325 1240">
    <p class='ocr_par' dir='ltr' id='par_1_12' title="bbox 745 1163 2325 1240">
     <span class='ocr_line' id='line_1_12' title="bbox 745 1163 2325 1240; baseline 0 -21"><span class='ocrx_word' id='word_1_73' title='bbox 745 1163 857 1231; x_wconf 74' lang='grc' dir='ltr'>οἷος</span> <span class='ocrx_word' id='word_1_74' title='bbox 911 1169 1050 1236; x_wconf 86' lang='grc' dir='ltr'>μετά</span> <span class='ocrx_word' id='word_1_75' title='bbox 1108 1169 1282 1222; x_wconf 80' lang='grc' dir='ltr'>ταῦτα</span> <span class='ocrx_word' id='word_1_76' title='bbox 1326 1171 1563 1234; x_wconf 76' lang='grc' dir='ltr'>ἐγένετο.</span> <span class='ocrx_word' id='word_1_77' title='bbox 1597 1169 1692 1222; x_wconf 80' lang='grc' dir='ltr'>καὶ</span> <span class='ocrx_word' id='word_1_78' title='bbox 1735 1171 1883 1229; x_wconf 83' lang='grc' dir='ltr'>ὅπως</span> <span class='ocrx_word' id='word_1_79' title='bbox 1934 1169 2203 1240; x_wconf 81' lang='grc' dir='ltr'>ἐκέχρητο</span> <span class='ocrx_word' id='word_1_80' title='bbox 2247 1169 2325 1238; x_wconf 83' lang='grc' dir='ltr'>τῷ</span> 
     </span>
    </p>
   </div>
   <div class='ocr_carea' id='block_1_13' title="bbox 749 1247 2326 1322">
    <p class='ocr_par' dir='ltr' id='par_1_13' title="bbox 749 1247 2326 1322">
     <span class='ocr_line' id='line_1_13' title="bbox 749 1247 2326 1322; baseline 0.002 -19"><span class='ocrx_word' id='word_1_81' title='bbox 749 1252 983 1321; x_wconf 85' lang='grc' dir='ltr'>ἀδελφῷ,</span> <span class='ocrx_word' id='word_1_82' title='bbox 1039 1255 1130 1303; x_wconf 78' lang='grc' dir='ltr'>καὶ</span> <span class='ocrx_word' id='word_1_83' title='bbox 1161 1248 1274 1314; x_wconf 74' lang='grc' dir='ltr'>οἷος</span> <span class='ocrx_word' id='word_1_84' title='bbox 1313 1249 1379 1322; x_wconf 81' lang='grc' dir='ltr'>ἦν</span> <span class='ocrx_word' id='word_1_85' title='bbox 1410 1255 1617 1311; x_wconf 83' lang='grc' dir='ltr'>ἐκεῖνος</span> <span class='ocrx_word' id='word_1_86' title='bbox 1651 1252 1713 1305; x_wconf 91' lang='lat'>:6</span> <span class='ocrx_word' id='word_1_87' title='bbox 1755 1249 1906 1321; x_wconf 80' lang='grc' dir='ltr'>ἦθος.</span> <span class='ocrx_word' id='word_1_88' title='bbox 1945 1253 2068 1303; x_wconf 82' lang='grc' dir='ltr'>Ὅτι</span> <span class='ocrx_word' id='word_1_89' title='bbox 2097 1247 2252 1316; x_wconf 76' lang='grc' dir='ltr'>αὖθις</span> <span class='ocrx_word' id='word_1_90' title='bbox 2298 1255 2326 1306; x_wconf 90' lang='lat'>6</span> 
     </span>
    </p>
   </div>
   <div class='ocr_carea' id='block_1_14' title="bbox 748 1335 2322 1404">
    <p class='ocr_par' dir='ltr' id='par_1_14' title="bbox 748 1335 2322 1404">
     <span class='ocr_line' id='line_1_14' title="bbox 748 1335 2322 1404; baseline 0.003 -19"><span class='ocrx_word' id='word_1_91' title='bbox 748 1335 990 1403; x_wconf 74' lang='grc' dir='ltr'>Σκληρός</span> <span class='ocrx_word' id='word_1_92' title='bbox 1014 1335 1113 1402; x_wconf 81' lang='grc' dir='ltr'>τῆς</span> <span class='ocrx_word' id='word_1_93' title='bbox 1141 1336 1454 1404; x_wconf 78' lang='grc' dir='ltr'>τυραννίδος</span> <span class='ocrx_word' id='word_1_94' title='bbox 1473 1337 1678 1404; x_wconf 75' lang='grc' dir='ltr'>εἴχετο,</span> <span class='ocrx_word' id='word_1_95' title='bbox 1708 1337 1803 1388; x_wconf 74' lang='grc' dir='ltr'>καὶ</span> <span class='ocrx_word' id='word_1_96' title='bbox 1832 1336 1982 1396; x_wconf 83' lang='grc' dir='ltr'>ὅπως</span> <span class='ocrx_word' id='word_1_97' title='bbox 2008 1335 2322 1401; x_wconf 80' lang='grc' dir='ltr'>ἐσπείσατο,</span> 
     </span>
    </p>
   </div>
   <div class='ocr_carea' id='block_1_15' title="bbox 750 1416 2326 1487">
    <p class='ocr_par' dir='ltr' id='par_1_15' title="bbox 750 1416 2326 1487">
     <span class='ocr_line' id='line_1_15' title="bbox 750 1416 2326 1487; baseline 0.001 -21"><span class='ocrx_word' id='word_1_98' title='bbox 750 1419 842 1468; x_wconf 79' lang='grc' dir='ltr'>καὶ</span> <span class='ocrx_word' id='word_1_99' title='bbox 876 1416 1146 1484; x_wconf 66' lang='grc' dir='ltr'>προσῆλθε</span> <span class='ocrx_word' id='word_1_100' title='bbox 1193 1419 1266 1487; x_wconf 81' lang='grc' dir='ltr'>τῷ</span> <span class='ocrx_word' id='word_1_101' title='bbox 1303 1417 1537 1484; x_wconf 84' lang='grc' dir='ltr'>βασιλεῖ,</span> <span class='ocrx_word' id='word_1_102' title='bbox 1578 1419 1671 1471; x_wconf 75' lang='grc' dir='ltr'>καὶ</span> <span class='ocrx_word' id='word_1_103' title='bbox 1708 1418 1926 1487; x_wconf 77' lang='grc' dir='ltr'>ἐδέχθη.</span> <span class='ocrx_word' id='word_1_104' title='bbox 1969 1418 2092 1471; x_wconf 74' lang='grc' dir='ltr'>Ὀτι</span> <span class='ocrx_word' id='word_1_105' title='bbox 2127 1418 2326 1486; x_wconf 88' lang='grc' dir='ltr'>κληρο-</span> 
     </span>
    </p>
   </div>
   <div class='ocr_carea' id='block_1_16' title="bbox 749 1498 2324 1569">
    <p class='ocr_par' dir='ltr' id='par_1_16' title="bbox 749 1498 2324 1569">
     <span class='ocr_line' id='line_1_16' title="bbox 749 1498 2324 1569; baseline 0.002 -21"><span class='ocrx_word' id='word_1_106' title='bbox 749 1498 913 1565; x_wconf 79' lang='grc' dir='ltr'>νόμος</span> <span class='ocrx_word' id='word_1_107' title='bbox 955 1499 1055 1565; x_wconf 81' lang='grc' dir='ltr'>τῆς</span> <span class='ocrx_word' id='word_1_108' title='bbox 1093 1499 1336 1568; x_wconf 82' lang='grc' dir='ltr'>Ἰϐηρίας</span> <span class='ocrx_word' id='word_1_109' title='bbox 1379 1501 1764 1566; x_wconf 75' lang='grc' dir='ltr'>καταλειφθεὶς</span> <span class='ocrx_word' id='word_1_110' title='bbox 1801 1503 1828 1552; x_wconf 90' lang='lat'>6</span> <span class='ocrx_word' id='word_1_111' title='bbox 1860 1499 2116 1569; x_wconf 80' lang='grc' dir='ltr'>βασιλεὺς</span> <span class='ocrx_word' id='word_1_112' title='bbox 2144 1500 2324 1567; x_wconf 78' lang='grc' dir='ltr'>ἀπῆλ-</span> 
     </span>
    </p>
   </div>
   <div class='ocr_carea' id='block_1_17' title="bbox 748 1581 2319 1656">
    <p class='ocr_par' dir='ltr' id='par_1_17' title="bbox 748 1581 2319 1656">
     <span class='ocr_line' id='line_1_17' title="bbox 748 1581 2319 1656; baseline 0.003 -24"><span class='ocrx_word' id='word_1_113' title='bbox 748 1581 840 1632; x_wconf 88' lang='grc' dir='ltr'>θεν</span> <span class='ocrx_word' id='word_1_114' title='bbox 884 1581 1017 1634; x_wconf 84' lang='grc' dir='ltr'>ἐκεῖ.</span> <span class='ocrx_word' id='word_1_115' title='bbox 1074 1583 1208 1634; x_wconf 58' lang='grc' dir='ltr'>Ὅσα</span> <span class='ocrx_word' id='word_1_116' title='bbox 1242 1584 1299 1633; x_wconf 82' lang='grc' dir='ltr'>ἐν</span> <span class='ocrx_word' id='word_1_117' title='bbox 1339 1583 1545 1654; x_wconf 74' lang='grc' dir='ltr'>Ἰϐηρίᾳ</span> <span class='ocrx_word' id='word_1_118' title='bbox 1583 1585 1674 1636; x_wconf 78' lang='grc' dir='ltr'>καὶ</span> <span class='ocrx_word' id='word_1_119' title='bbox 1709 1585 1931 1656; x_wconf 77' lang='grc' dir='ltr'>Φοινίκῃ</span> <span class='ocrx_word' id='word_1_120' title='bbox 1971 1583 2319 1654; x_wconf 79' lang='grc' dir='ltr'>κατώρθωσε.</span> 
     </span>
    </p>
   </div>
   <div class='ocr_carea' id='block_1_18' title="bbox 822 1673 2326 1746">
    <p class='ocr_par' dir='ltr' id='par_1_18' title="bbox 822 1673 2326 1746">
     <span class='ocr_line' id='line_1_18' title="bbox 822 1673 2326 1746; baseline 0.003 -22"><span class='ocrx_word' id='word_1_121' title='bbox 822 1674 890 1726; x_wconf 91' lang='grc' dir='ltr'>Ν.</span> <span class='ocrx_word' id='word_1_122' title='bbox 927 1673 1036 1726; x_wconf 83' lang='lat' dir='ltr'><strong>VIII</strong></span> <span class='ocrx_word' id='word_1_123' title='bbox 1097 1674 1232 1742; x_wconf 77' lang='grc' dir='ltr'>Περὶ</span> <span class='ocrx_word' id='word_1_124' title='bbox 1289 1678 1660 1744; x_wconf 79' lang='grc' dir='ltr'>πατριαρχῶν.</span> <span class='ocrx_word' id='word_1_125' title='bbox 1719 1677 1854 1745; x_wconf 76' lang='grc' dir='ltr'>Περὶ</span> <span class='ocrx_word' id='word_1_126' title='bbox 1919 1676 2016 1729; x_wconf 83' lang='grc' dir='ltr'>τοῦ</span> <span class='ocrx_word' id='word_1_127' title='bbox 2071 1677 2326 1746; x_wconf 77' lang='grc' dir='ltr'>Σαμουὴλ</span> 
     </span>
    </p>
   </div>
   <div class='ocr_carea' id='block_1_19' title="bbox 751 1755 2321 1828">
    <p class='ocr_par' dir='ltr' id='par_1_19' title="bbox 751 1755 2321 1828">
     <span class='ocr_line' id='line_1_19' title="bbox 751 1755 2321 1828; baseline 0.004 -22"><span class='ocrx_word' id='word_1_128' title='bbox 751 1757 844 1806; x_wconf 73' lang='grc' dir='ltr'>καὶ</span> <span class='ocrx_word' id='word_1_129' title='bbox 888 1755 999 1806; x_wconf 90' lang='grc' dir='ltr'>τῶν</span> <span class='ocrx_word' id='word_1_130' title='bbox 1036 1756 1378 1825; x_wconf 69' lang='grc' dir='ltr'>Ιὶουλγάρων,</span> <span class='ocrx_word' id='word_1_131' title='bbox 1417 1758 1510 1809; x_wconf 79' lang='grc' dir='ltr'>καὶ</span> <span class='ocrx_word' id='word_1_132' title='bbox 1551 1759 1651 1811; x_wconf 76' lang='grc' dir='ltr'>ὅσα</span> <span class='ocrx_word' id='word_1_133' title='bbox 1697 1762 1817 1811; x_wconf 84' lang='grc' dir='ltr'>κατ’</span> <span class='ocrx_word' id='word_1_134' title='bbox 1873 1760 2054 1812; x_wconf 73' lang='grc' dir='ltr'>αὐτῶν</span> <span class='ocrx_word' id='word_1_135' title='bbox 2091 1761 2120 1812; x_wconf 91' lang='lat'>6</span> <span class='ocrx_word' id='word_1_136' title='bbox 2170 1758 2321 1828; x_wconf 87' lang='grc' dir='ltr'>βασι-</span> 
     </span>
    </p>
   </div>
   <div class='ocr_carea' id='block_1_20' title="bbox 2432 585 3850 656">
    <p class='ocr_par' dir='ltr' id='par_1_20' title="bbox 2432 585 3850 656">
     <span class='ocr_line' id='line_1_20' title="bbox 2432 585 3850 656; baseline 0.002 -21"><span class='ocrx_word' id='word_1_137' title='bbox 2432 585 2946 652; x_wconf 79' lang='grc' dir='ltr'>μεταναστευόντων</span> <span class='ocrx_word' id='word_1_138' title='bbox 2987 585 3076 637; x_wconf 83' lang='grc' dir='ltr'>διὰ</span> <span class='ocrx_word' id='word_1_139' title='bbox 3111 585 3200 638; x_wconf 74' lang='grc' dir='ltr'>τὸν</span> <span class='ocrx_word' id='word_1_140' title='bbox 3229 586 3408 656; x_wconf 85' lang='grc' dir='ltr'>λιμόν.</span> <span class='ocrx_word' id='word_1_141' title='bbox 3445 588 3579 656; x_wconf 75' lang='grc' dir='ltr'>Περὶ</span> <span class='ocrx_word' id='word_1_142' title='bbox 3607 588 3850 652; x_wconf 81' lang='grc' dir='ltr'>σεισμῶν</span> 
     </span>
    </p>
   </div>
   <div class='ocr_carea' id='block_1_21' title="bbox 2503 667 4007 738">
    <p class='ocr_par' dir='ltr' id='par_1_21' title="bbox 2503 667 4007 738">
     <span class='ocr_line' id='line_1_21' title="bbox 2503 667 4007 738; baseline -0.001 -17"><span class='ocrx_word' id='word_1_143' title='bbox 2503 668 2566 723; x_wconf 83' lang='grc' dir='ltr'>Ν.</span> <span class='ocrx_word' id='word_1_144' title='bbox 2603 667 2742 722; x_wconf 77' lang='lat' dir='ltr'><strong>XIII.</strong></span> <span class='ocrx_word' id='word_1_145' title='bbox 2791 671 2911 721; x_wconf 82' lang='grc' dir='ltr'>Ὅτι</span> <span class='ocrx_word' id='word_1_146' title='bbox 2959 670 3226 738; x_wconf 85' lang='grc' dir='ltr'>πρότερον</span> <span class='ocrx_word' id='word_1_147' title='bbox 3280 671 3308 721; x_wconf 90' lang='lat'>6</span> <span class='ocrx_word' id='word_1_148' title='bbox 3366 669 3626 738; x_wconf 83' lang='grc' dir='ltr'>βασιλεὺς</span> <span class='ocrx_word' id='word_1_149' title='bbox 3681 670 4007 720; x_wconf 68' lang='grc' dir='ltr'>κατέτεινεν</span> 
     </span>
    </p>
   </div>
   <div class='ocr_carea' id='block_1_22' title="bbox 2427 750 4009 820">
    <p class='ocr_par' dir='ltr' id='par_1_22' title="bbox 2427 750 4009 820">
     <span class='ocr_line' id='line_1_22' title="bbox 2427 750 4009 820; baseline 0.001 -19"><span class='ocrx_word' id='word_1_150' title='bbox 2427 750 2644 816; x_wconf 86' lang='grc' dir='ltr'>ἐαυτὸν,</span> <span class='ocrx_word' id='word_1_151' title='bbox 2670 751 2799 818; x_wconf 80' lang='grc' dir='ltr'>περὶ</span> <span class='ocrx_word' id='word_1_152' title='bbox 2834 750 2984 820; x_wconf 80' lang='grc' dir='ltr'>μίξιν</span> <span class='ocrx_word' id='word_1_153' title='bbox 3010 751 3358 814; x_wconf 83' lang='grc' dir='ltr'>παιδοποιίας</span> <span class='ocrx_word' id='word_1_154' title='bbox 3393 753 3702 820; x_wconf 82' lang='grc' dir='ltr'>ἐφιέμενος,</span> <span class='ocrx_word' id='word_1_155' title='bbox 3728 754 4009 819; x_wconf 74' lang='grc' dir='ltr'>ἀπογνοὺς</span> 
     </span>
    </p>
   </div>
   <div class='ocr_carea' id='block_1_23' title="bbox 2423 832 4011 905">
    <p class='ocr_par' dir='ltr' id='par_1_23' title="bbox 2423 832 4011 905">
     <span class='ocr_line' id='line_1_23' title="bbox 2423 832 4011 905; baseline 0 -21"><span class='ocrx_word' id='word_1_156' title='bbox 2423 832 2482 885; x_wconf 88' lang='grc' dir='ltr'>δέ</span> <span class='ocrx_word' id='word_1_157' title='bbox 2511 835 2735 903; x_wconf 83' lang='grc' dir='ltr'>ταύτης,</span> <span class='ocrx_word' id='word_1_158' title='bbox 2779 835 2842 886; x_wconf 84' lang='grc' dir='ltr'>ού</span> <span class='ocrx_word' id='word_1_159' title='bbox 2885 835 3124 902; x_wconf 85' lang='grc' dir='ltr'>συνεχῶς</span> <span class='ocrx_word' id='word_1_160' title='bbox 3161 835 3390 904; x_wconf 78' lang='grc' dir='ltr'>προσῄει</span> <span class='ocrx_word' id='word_1_161' title='bbox 3428 838 3492 905; x_wconf 78' lang='grc' dir='ltr'>τῇ</span> <span class='ocrx_word' id='word_1_162' title='bbox 3530 835 3840 905; x_wconf 78' lang='grc' dir='ltr'>βασιλίσσῃ,</span> <span class='ocrx_word' id='word_1_163' title='bbox 3878 839 3913 904; x_wconf 83' lang='grc' dir='ltr'><strong>ὴ</strong></span> <span class='ocrx_word' id='word_1_164' title='bbox 3952 833 4011 884; x_wconf 84' lang='grc' dir='ltr'>δέ</span> 
     </span>
    </p>
   </div>
   <div class='ocr_carea' id='block_1_24' title="bbox 2425 918 4013 988">
    <p class='ocr_par' dir='ltr' id='par_1_24' title="bbox 2425 918 4013 988">
     <span class='ocr_line' id='line_1_24' title="bbox 2425 918 4013 988; baseline 0 -19"><span class='ocrx_word' id='word_1_165' title='bbox 2425 918 2591 970; x_wconf 82' lang='grc' dir='ltr'>αὐτὸν</span> <span class='ocrx_word' id='word_1_166' title='bbox 2619 919 2904 988; x_wconf 84' lang='grc' dir='ltr'>ἐμίσησεν.</span> <span class='ocrx_word' id='word_1_167' title='bbox 2937 918 3128 980; x_wconf 83' lang='grc' dir='ltr'>Ὅπως</span> <span class='ocrx_word' id='word_1_168' title='bbox 3151 919 3181 971; x_wconf 97' lang='lat'>6</span> <span class='ocrx_word' id='word_1_169' title='bbox 3213 919 3521 987; x_wconf 84' lang='grc' dir='ltr'>Παφλαγὼν</span> <span class='ocrx_word' id='word_1_170' title='bbox 3551 918 3771 988; x_wconf 82' lang='grc' dir='ltr'>Μιχαὴλ</span> <span class='ocrx_word' id='word_1_171' title='bbox 3802 935 4013 988; x_wconf 84' lang='grc' dir='ltr'>προσε-</span> 
     </span>
    </p>
   </div>
   <div class='ocr_carea' id='block_1_25' title="bbox 2425 1001 4007 1072">
    <p class='ocr_par' dir='ltr' id='par_1_25' title="bbox 2425 1001 4007 1072">
     <span class='ocr_line' id='line_1_25' title="bbox 2425 1001 4007 1072; baseline -0.001 -16"><span class='ocrx_word' id='word_1_172' title='bbox 2425 1002 2606 1072; x_wconf 86' lang='grc' dir='ltr'>λήφθη</span> <span class='ocrx_word' id='word_1_173' title='bbox 2640 1004 2792 1070; x_wconf 83' lang='grc' dir='ltr'>παρά</span> <span class='ocrx_word' id='word_1_174' title='bbox 2824 1002 2916 1055; x_wconf 82' lang='grc' dir='ltr'>τοῦ</span> <span class='ocrx_word' id='word_1_175' title='bbox 2951 1002 3241 1072; x_wconf 81' lang='grc' dir='ltr'>βασιλέως,</span> <span class='ocrx_word' id='word_1_176' title='bbox 3283 1005 3378 1056; x_wconf 72' lang='grc' dir='ltr'>καὶ</span> <span class='ocrx_word' id='word_1_177' title='bbox 3405 1003 3480 1066; x_wconf 85' lang='grc' dir='ltr'>ὼς</span> <span class='ocrx_word' id='word_1_178' title='bbox 3515 1005 3732 1072; x_wconf 78' lang='grc' dir='ltr'>ἠράσθη</span> <span class='ocrx_word' id='word_1_179' title='bbox 3769 1001 3940 1055; x_wconf 78' lang='grc' dir='ltr'>αὐτοῦ</span> <span class='ocrx_word' id='word_1_180' title='bbox 3971 1003 4007 1070; x_wconf 82' lang='grc' dir='ltr'>ή</span> 
     </span>
    </p>
   </div>
   <div class='ocr_carea' id='block_1_26' title="bbox 2425 1084 4005 1155">
    <p class='ocr_par' dir='ltr' id='par_1_26' title="bbox 2425 1084 4005 1155">
     <span class='ocr_line' id='line_1_26' title="bbox 2425 1084 4005 1155; baseline 0 -18"><span class='ocrx_word' id='word_1_181' title='bbox 2425 1085 2572 1154; x_wconf 85' lang='grc' dir='ltr'>Ζωὴ,</span> <span class='ocrx_word' id='word_1_182' title='bbox 2610 1087 2703 1138; x_wconf 78' lang='grc' dir='ltr'>καὶ</span> <span class='ocrx_word' id='word_1_183' title='bbox 2726 1087 2809 1138; x_wconf 83' lang='grc' dir='ltr'>ὅτι</span> <span class='ocrx_word' id='word_1_184' title='bbox 2859 1084 2947 1137; x_wconf 83' lang='grc' dir='ltr'>διὰ</span> <span class='ocrx_word' id='word_1_185' title='bbox 2992 1084 3085 1135; x_wconf 75' lang='grc' dir='ltr'>τὸν</span> <span class='ocrx_word' id='word_1_186' title='bbox 3118 1085 3302 1155; x_wconf 83' lang='grc' dir='ltr'>ἐρωτα</span> <span class='ocrx_word' id='word_1_187' title='bbox 3340 1088 3369 1138; x_wconf 91' lang='lat'>6</span> <span class='ocrx_word' id='word_1_188' title='bbox 3421 1085 3674 1153; x_wconf 76' lang='grc' dir='ltr'>βασιλεὺς</span> <span class='ocrx_word' id='word_1_189' title='bbox 3719 1084 4005 1154; x_wconf 68' lang='grc' dir='ltr'>Ῥωμανδς</span> 
     </span>
    </p>
   </div>
   <div class='ocr_carea' id='block_1_27' title="bbox 2425 1165 4004 1238">
    <p class='ocr_par' dir='ltr' id='par_1_27' title="bbox 2425 1165 4004 1238">
     <span class='ocr_line' id='line_1_27' title="bbox 2425 1165 4004 1238; baseline 0 -19"><span class='ocrx_word' id='word_1_190' title='bbox 2425 1169 2797 1238; x_wconf 83' lang='grc' dir='ltr'>ἐπεϐουλεύθη</span> <span class='ocrx_word' id='word_1_191' title='bbox 2846 1169 2941 1222; x_wconf 80' lang='grc' dir='ltr'>καὶ</span> <span class='ocrx_word' id='word_1_192' title='bbox 2986 1165 3240 1236; x_wconf 81' lang='grc' dir='ltr'>τέθνηκε.</span> <span class='ocrx_word' id='word_1_193' title='bbox 3283 1168 3525 1238; x_wconf 81' lang='grc' dir='ltr'>Τελευτὴ</span> <span class='ocrx_word' id='word_1_194' title='bbox 3574 1168 3670 1221; x_wconf 81' lang='grc' dir='ltr'>τοῦ</span> <span class='ocrx_word' id='word_1_195' title='bbox 3725 1166 4004 1236; x_wconf 79' lang='grc' dir='ltr'>βασιλέως</span> 
     </span>
    </p>
   </div>
   <div class='ocr_carea' id='block_1_28' title="bbox 2439 1250 2744 1318">
    <p class='ocr_par' dir='ltr' id='par_1_28' title="bbox 2439 1250 2744 1318">
     <span class='ocr_line' id='line_1_28' title="bbox 2439 1250 2744 1318; baseline 0.003 -13"><span class='ocrx_word' id='word_1_196' title='bbox 2439 1250 2718 1318; x_wconf 82' lang='grc' dir='ltr'>Ῥωμανοῠ</span> <span class='ocrx_word' id='word_1_197' title='bbox 2729 1293 2744 1307; x_wconf 93' lang='grc'>.</span> 
     </span>
    </p>
   </div>
   <div class='ocr_carea' id='block_1_29' title="bbox 2498 1333 4011 1408">
    <p class='ocr_par' dir='ltr' id='par_1_29' title="bbox 2498 1333 4011 1408">
     <span class='ocr_line' id='line_1_29' title="bbox 2498 1333 4011 1408; baseline 0.001 -22"><span class='ocrx_word' id='word_1_198' title='bbox 2498 1335 2564 1386; x_wconf 89' lang='grc' dir='ltr'>Ν.</span> <span class='ocrx_word' id='word_1_199' title='bbox 2621 1333 2755 1388; x_wconf 78' lang='lat' dir='ltr'>XIV.</span> <span class='ocrx_word' id='word_1_200' title='bbox 2818 1336 2962 1400; x_wconf 84' lang='grc' dir='ltr'>Οἴως</span> <span class='ocrx_word' id='word_1_201' title='bbox 3018 1338 3234 1408; x_wconf 79' lang='grc' dir='ltr'>διετέθη</span> <span class='ocrx_word' id='word_1_202' title='bbox 3302 1337 3441 1405; x_wconf 74' lang='grc' dir='ltr'>πρὸς</span> <span class='ocrx_word' id='word_1_203' title='bbox 3510 1337 3612 1406; x_wconf 79' lang='grc' dir='ltr'>τὴν</span> <span class='ocrx_word' id='word_1_204' title='bbox 3667 1336 3920 1403; x_wconf 81' lang='grc' dir='ltr'>βασιλίδα</span> <span class='ocrx_word' id='word_1_205' title='bbox 3980 1338 4011 1387; x_wconf 92' lang='lat'>6</span> 
     </span>
    </p>
   </div>
   <div class='ocr_carea' id='block_1_30' title="bbox 2425 1415 4009 1492">
    <p class='ocr_par' dir='ltr' id='par_1_30' title="bbox 2425 1415 4009 1492">
     <span class='ocr_line' id='line_1_30' title="bbox 2425 1415 4009 1492; baseline 0 -23"><span class='ocrx_word' id='word_1_206' title='bbox 2425 1418 2664 1488; x_wconf 80' lang='grc' dir='ltr'>Μιχαήλ.</span> <span class='ocrx_word' id='word_1_207' title='bbox 2706 1415 2832 1481; x_wconf 74' lang='grc' dir='ltr'>Οἷος</span> <span class='ocrx_word' id='word_1_208' title='bbox 2875 1417 2942 1491; x_wconf 82' lang='grc' dir='ltr'>ἦν</span> <span class='ocrx_word' id='word_1_209' title='bbox 2985 1423 3048 1474; x_wconf 85' lang='lat'>:6</span> <span class='ocrx_word' id='word_1_210' title='bbox 3094 1417 3227 1492; x_wconf 78' lang='grc' dir='ltr'>ἦθος</span> <span class='ocrx_word' id='word_1_211' title='bbox 3265 1422 3294 1474; x_wconf 89' lang='lat'>6</span> <span class='ocrx_word' id='word_1_212' title='bbox 3327 1421 3424 1473; x_wconf 90' lang='lat'>:06</span> <span class='ocrx_word' id='word_1_213' title='bbox 3473 1419 3740 1489; x_wconf 80' lang='grc' dir='ltr'>βασιλέως</span> <span class='ocrx_word' id='word_1_214' title='bbox 3773 1419 4009 1485; x_wconf 75' lang='grc' dir='ltr'>ἁδελφὸς</span> 
     </span>
    </p>
   </div>
   <div class='ocr_carea' id='block_1_31' title="bbox 2438 1501 4002 1574">
    <p class='ocr_par' dir='ltr' id='par_1_31' title="bbox 2438 1501 4002 1574">
     <span class='ocr_line' id='line_1_31' title="bbox 2438 1501 4002 1574; baseline -0.001 -20"><span class='ocrx_word' id='word_1_215' title='bbox 2438 1503 2710 1572; x_wconf 83' lang='grc' dir='ltr'>Ἰωάννης.</span> <span class='ocrx_word' id='word_1_216' title='bbox 2761 1504 2898 1573; x_wconf 76' lang='grc' dir='ltr'>Περὶ</span> <span class='ocrx_word' id='word_1_217' title='bbox 2941 1506 3042 1574; x_wconf 86' lang='grc' dir='ltr'>τῆς</span> <span class='ocrx_word' id='word_1_218' title='bbox 3088 1507 3250 1558; x_wconf 77' lang='grc' dir='ltr'>νόσου</span> <span class='ocrx_word' id='word_1_219' title='bbox 3302 1504 3398 1556; x_wconf 80' lang='grc' dir='ltr'>τοῦ</span> <span class='ocrx_word' id='word_1_220' title='bbox 3447 1503 3712 1572; x_wconf 76' lang='grc' dir='ltr'>βασιλέως</span> <span class='ocrx_word' id='word_1_221' title='bbox 3752 1501 4002 1570; x_wconf 84' lang='grc' dir='ltr'>Μιχαὴλ.</span> 
     </span>
    </p>
   </div>
   <div class='ocr_carea' id='block_1_32' title="bbox 2428 1585 4005 1656">
    <p class='ocr_par' dir='ltr' id='par_1_32' title="bbox 2428 1585 4005 1656">
     <span class='ocr_line' id='line_1_32' title="bbox 2428 1585 4005 1656; baseline -0.001 -18"><span class='ocrx_word' id='word_1_222' title='bbox 2428 1587 2566 1654; x_wconf 79' lang='grc' dir='ltr'>Περὶ</span> <span class='ocrx_word' id='word_1_223' title='bbox 2592 1586 2686 1638; x_wconf 86' lang='grc' dir='ltr'>τοῦ</span> <span class='ocrx_word' id='word_1_224' title='bbox 2711 1587 3066 1654; x_wconf 78' lang='grc' dir='ltr'>Δαλασσηνοῦ</span> <span class='ocrx_word' id='word_1_225' title='bbox 3089 1589 3185 1642; x_wconf 69' lang='grc' dir='ltr'>καὶ</span> <span class='ocrx_word' id='word_1_226' title='bbox 3205 1587 3294 1641; x_wconf 84' lang='grc' dir='ltr'>διὰ</span> <span class='ocrx_word' id='word_1_227' title='bbox 3319 1588 3439 1640; x_wconf 88' lang='grc' dir='ltr'>τίνα</span> <span class='ocrx_word' id='word_1_228' title='bbox 3466 1588 3651 1640; x_wconf 89' lang='grc' dir='ltr'>αἰτίαν</span> <span class='ocrx_word' id='word_1_229' title='bbox 3671 1585 4005 1656; x_wconf 79' lang='grc' dir='ltr'>καθείρχθη.</span> 
     </span>
    </p>
   </div>
   <div class='ocr_carea' id='block_1_33' title="bbox 2425 1669 4008 1740">
    <p class='ocr_par' dir='ltr' id='par_1_33' title="bbox 2425 1669 4008 1740">
     <span class='ocr_line' id='line_1_33' title="bbox 2425 1669 4008 1740; baseline 0 -20"><span class='ocrx_word' id='word_1_230' title='bbox 2425 1669 2562 1736; x_wconf 74' lang='grc' dir='ltr'>Περὶ</span> <span class='ocrx_word' id='word_1_231' title='bbox 2592 1671 2686 1721; x_wconf 84' lang='grc' dir='ltr'>τοῦ</span> <span class='ocrx_word' id='word_1_232' title='bbox 2719 1670 2777 1734; x_wconf 80' lang='grc' dir='ltr'>ἐξ</span> <span class='ocrx_word' id='word_1_233' title='bbox 2818 1671 3082 1740; x_wconf 77' lang='grc' dir='ltr'>’Δφρικῆς</span> <span class='ocrx_word' id='word_1_234' title='bbox 3113 1672 3326 1724; x_wconf 81' lang='grc' dir='ltr'>στόλου.</span> <span class='ocrx_word' id='word_1_235' title='bbox 3358 1673 3493 1739; x_wconf 74' lang='grc' dir='ltr'>Περὶ</span> <span class='ocrx_word' id='word_1_236' title='bbox 3525 1669 3880 1738; x_wconf 87' lang='grc' dir='ltr'>Παγκρατίου</span> <span class='ocrx_word' id='word_1_237' title='bbox 3909 1669 4008 1721; x_wconf 83' lang='lat'>:06</span> 
     </span>
    </p>
   </div>
   <div class='ocr_carea' id='block_1_34' title="bbox 2427 1751 4006 1826">
    <p class='ocr_par' dir='ltr' id='par_1_34' title="bbox 2427 1751 4006 1826">
     <span class='ocr_line' id='line_1_34' title="bbox 2427 1751 4006 1826; baseline 0 -22"><span class='ocrx_word' id='word_1_238' title='bbox 2427 1753 2689 1820; x_wconf 79' lang='grc' dir='ltr'>ἄρχοντος</span> <span class='ocrx_word' id='word_1_239' title='bbox 2734 1753 3051 1822; x_wconf 79' lang='grc' dir='ltr'>’Δϐασγίας.</span> <span class='ocrx_word' id='word_1_240' title='bbox 3091 1755 3228 1826; x_wconf 79' lang='grc' dir='ltr'>Περὶ</span> <span class='ocrx_word' id='word_1_241' title='bbox 3262 1753 3509 1807; x_wconf 83' lang='grc' dir='ltr'>Σκυθῶν.</span> <span class='ocrx_word' id='word_1_242' title='bbox 3554 1753 3687 1823; x_wconf 75' lang='grc' dir='ltr'>Περὶ</span> <span class='ocrx_word' id='word_1_243' title='bbox 3731 1751 4006 1820; x_wconf 83' lang='grc' dir='ltr'>Ἀράϐων.</span> 
     </span>
    </p>
   </div>
   <div class='ocr_carea' id='block_1_35' title="bbox 750 1835 4009 1911">
    <p class='ocr_par' dir='ltr' id='par_1_35' title="bbox 750 1835 4009 1911">
     <span class='ocr_line' id='line_1_35' title="bbox 750 1835 4009 1911; baseline -0 -23"><span class='ocrx_word' id='word_1_244' title='bbox 750 1838 877 1893; x_wconf 76' lang='grc' dir='ltr'>λεὺς</span> <span class='ocrx_word' id='word_1_245' title='bbox 927 1839 1194 1905; x_wconf 78' lang='grc' dir='ltr'>ἐστήσατο</span> <span class='ocrx_word' id='word_1_246' title='bbox 1227 1840 1488 1907; x_wconf 88' lang='grc' dir='ltr'>τρόπαια,</span> <span class='ocrx_word' id='word_1_247' title='bbox 1539 1842 1605 1895; x_wconf 86' lang='grc' dir='ltr'>τά</span> <span class='ocrx_word' id='word_1_248' title='bbox 1643 1842 1744 1911; x_wconf 83' lang='grc' dir='ltr'>μὲν</span> <span class='ocrx_word' id='word_1_249' title='bbox 1796 1843 1864 1894; x_wconf 86' lang='grc' dir='ltr'>δι’</span> <span class='ocrx_word' id='word_1_250' title='bbox 1896 1841 2117 1903; x_wconf 81' lang='grc' dir='ltr'>ἐαυτοῦ,</span> <span class='ocrx_word' id='word_1_251' title='bbox 2157 1844 2226 1896; x_wconf 82' lang='grc' dir='ltr'>τὰ</span> <span class='ocrx_word' id='word_1_252' title='bbox 2259 1844 2320 1897; x_wconf 89' lang='grc' dir='ltr'>δέ</span> <span class='ocrx_word' id='word_1_253' title='bbox 2356 1841 2398 1896; x_wconf 89' lang='grc' dir='ltr'><strong>Β</strong></span> <span class='ocrx_word' id='word_1_254' title='bbox 2495 1837 2559 1891; x_wconf 81' lang='grc' dir='ltr'>Ν.</span> <span class='ocrx_word' id='word_1_255' title='bbox 2610 1836 2726 1891; x_wconf 78' lang='lat' dir='ltr'>XV.</span> <span class='ocrx_word' id='word_1_256' title='bbox 2778 1838 2903 1891; x_wconf 77' lang='grc' dir='ltr'>Ὀτι</span> <span class='ocrx_word' id='word_1_257' title='bbox 2951 1839 3091 1908; x_wconf 87' lang='grc' dir='ltr'>μετά</span> <span class='ocrx_word' id='word_1_258' title='bbox 3131 1838 3242 1890; x_wconf 89' lang='grc' dir='ltr'>τῶν</span> <span class='ocrx_word' id='word_1_259' title='bbox 3270 1836 3590 1904; x_wconf 79' lang='grc' dir='ltr'>Αἰγυπτίων</span> <span class='ocrx_word' id='word_1_260' title='bbox 3639 1838 3690 1888; x_wconf 81' lang='grc' dir='ltr'>οἱ</span> <span class='ocrx_word' id='word_1_261' title='bbox 3741 1835 4009 1900; x_wconf 75' lang='grc' dir='ltr'>Ῥωμαῖοι</span> 
     </span>
    </p>
   </div>
   <div class='ocr_carea' id='block_1_36' title="bbox 749 1915 2324 1994">
    <p class='ocr_par' dir='ltr' id='par_1_36' title="bbox 749 1915 2324 1994">
     <span class='ocr_line' id='line_1_36' title="bbox 749 1915 2324 1994; baseline 0.005 -23"><span class='ocrx_word' id='word_1_262' title='bbox 749 1921 836 1972; x_wconf 74' lang='grc' dir='ltr'>διὰ</span> <span class='ocrx_word' id='word_1_263' title='bbox 867 1921 978 1973; x_wconf 89' lang='grc' dir='ltr'>τῶν</span> <span class='ocrx_word' id='word_1_264' title='bbox 1010 1922 1354 1988; x_wconf 81' lang='grc' dir='ltr'>στρατηγῶν,</span> <span class='ocrx_word' id='word_1_265' title='bbox 1385 1925 1480 1975; x_wconf 75' lang='grc' dir='ltr'>καὶ</span> <span class='ocrx_word' id='word_1_266' title='bbox 1525 1925 1656 1986; x_wconf 83' lang='grc' dir='ltr'>ὅσας</span> <span class='ocrx_word' id='word_1_267' title='bbox 1684 1924 1864 1986; x_wconf 85' lang='grc' dir='ltr'>πόλεις</span> <span class='ocrx_word' id='word_1_268' title='bbox 1891 1919 2002 1977; x_wconf 79' lang='grc' dir='ltr'>εἷλε</span> <span class='ocrx_word' id='word_1_269' title='bbox 2034 1915 2127 1978; x_wconf 76' lang='grc' dir='ltr'>καὶ</span> <span class='ocrx_word' id='word_1_270' title='bbox 2156 1927 2324 1994; x_wconf 81' lang='grc' dir='ltr'>φρού-</span> 
     </span>
    </p>
   </div>
   <div class='ocr_carea' id='block_1_37' title="bbox 753 1999 2324 2076">
    <p class='ocr_par' dir='ltr' id='par_1_37' title="bbox 753 1999 2324 2076">
     <span class='ocr_line' id='line_1_37' title="bbox 753 1999 2324 2076; baseline 0.004 -22"><span class='ocrx_word' id='word_1_271' title='bbox 753 2021 863 2070; x_wconf 89' lang='grc' dir='ltr'>ρια.</span> <span class='ocrx_word' id='word_1_272' title='bbox 893 1999 993 2056; x_wconf 77' lang='grc' dir='ltr'>υἷα</span> <span class='ocrx_word' id='word_1_273' title='bbox 1021 2006 1047 2055; x_wconf 90' lang='lat'>6</span> <span class='ocrx_word' id='word_1_274' title='bbox 1081 2005 1333 2072; x_wconf 82' lang='grc' dir='ltr'>βασιλεὺς</span> <span class='ocrx_word' id='word_1_275' title='bbox 1366 2006 1713 2072; x_wconf 78' lang='grc' dir='ltr'>ἐδογμάτισε.</span> <span class='ocrx_word' id='word_1_276' title='bbox 1749 2004 1874 2067; x_wconf 77' lang='grc' dir='ltr'>Οἷος</span> <span class='ocrx_word' id='word_1_277' title='bbox 1902 2003 1969 2074; x_wconf 87' lang='grc' dir='ltr'>ἦν</span> <span class='ocrx_word' id='word_1_278' title='bbox 2009 2011 2036 2059; x_wconf 88' lang='lat'>6</span> <span class='ocrx_word' id='word_1_279' title='bbox 2067 2008 2324 2076; x_wconf 81' lang='grc' dir='ltr'>βασιλεὺς</span> 
     </span>
    </p>
   </div>
   <div class='ocr_carea' id='block_1_38' title="bbox 749 2080 2324 2161">
    <p class='ocr_par' dir='ltr' id='par_1_38' title="bbox 749 2080 2324 2161">
     <span class='ocr_line' id='line_1_38' title="bbox 749 2080 2324 2161; baseline 0.005 -23"><span class='ocrx_word' id='word_1_280' title='bbox 749 2080 904 2148; x_wconf 83' lang='lat'><em>06:0;</em></span> <span class='ocrx_word' id='word_1_281' title='bbox 941 2089 1002 2138; x_wconf 87' lang='lat'>:6</span> <span class='ocrx_word' id='word_1_282' title='bbox 1033 2083 1184 2156; x_wconf 85' lang='grc' dir='ltr'>ἦθος.</span> <span class='ocrx_word' id='word_1_283' title='bbox 1218 2090 1323 2139; x_wconf 82' lang='grc' dir='ltr'>Καὶ</span> <span class='ocrx_word' id='word_1_284' title='bbox 1352 2087 1463 2150; x_wconf 78' lang='grc' dir='ltr'>οἶος</span> <span class='ocrx_word' id='word_1_285' title='bbox 1487 2086 1555 2159; x_wconf 83' lang='grc' dir='ltr'>ἦν</span> <span class='ocrx_word' id='word_1_286' title='bbox 1603 2093 1729 2158; x_wconf 69' lang='grc' dir='ltr'>περὶ</span> <span class='ocrx_word' id='word_1_287' title='bbox 1771 2094 2051 2161; x_wconf 88' lang='grc' dir='ltr'>χρήματα,</span> <span class='ocrx_word' id='word_1_288' title='bbox 2090 2093 2186 2147; x_wconf 73' lang='grc' dir='ltr'>καὶ</span> <span class='ocrx_word' id='word_1_289' title='bbox 2220 2094 2324 2146; x_wconf 85' lang='grc' dir='ltr'>ὅσα</span> 
     </span>
    </p>
   </div>
   <div class='ocr_carea' id='block_1_39' title="bbox 751 2170 1489 2240">
    <p class='ocr_par' dir='ltr' id='par_1_39' title="bbox 751 2170 1489 2240">
     <span class='ocr_line' id='line_1_39' title="bbox 751 2170 1489 2240; baseline 0.001 -17"><span class='ocrx_word' id='word_1_290' title='bbox 751 2172 942 2239; x_wconf 82' lang='grc' dir='ltr'>συνῆξε</span> <span class='ocrx_word' id='word_1_291' title='bbox 977 2172 1071 2222; x_wconf 84' lang='grc' dir='ltr'>καὶ</span> <span class='ocrx_word' id='word_1_292' title='bbox 1105 2170 1489 2240; x_wconf 64' lang='grc' dir='ltr'>ἐθησαύρισεν.</span> 
     </span>
    </p>
   </div>
   <div class='ocr_carea' id='block_1_40' title="bbox 818 2251 2324 2329">
    <p class='ocr_par' dir='ltr' id='par_1_40' title="bbox 818 2251 2324 2329">
     <span class='ocr_line' id='line_1_40' title="bbox 818 2251 2324 2329; baseline 0.006 -23"><span class='ocrx_word' id='word_1_293' title='bbox 818 2253 885 2306; x_wconf 88' lang='grc' dir='ltr'>Ν.</span> <span class='ocrx_word' id='word_1_294' title='bbox 924 2251 1012 2306; x_wconf 82' lang='grc' dir='ltr'>ΙΧ.</span> <span class='ocrx_word' id='word_1_295' title='bbox 1041 2253 1164 2304; x_wconf 84' lang='grc' dir='ltr'>’Ότι</span> <span class='ocrx_word' id='word_1_296' title='bbox 1203 2256 1251 2306; x_wconf 81' lang='grc' dir='ltr'>οι</span> <span class='ocrx_word' id='word_1_297' title='bbox 1295 2255 1586 2323; x_wconf 83' lang='grc' dir='ltr'>Ἀγαρηνοὶ</span> <span class='ocrx_word' id='word_1_298' title='bbox 1622 2255 1712 2307; x_wconf 80' lang='grc' dir='ltr'>τὸν</span> <span class='ocrx_word' id='word_1_299' title='bbox 1741 2257 1798 2306; x_wconf 85' lang='grc' dir='ltr'>ἐν</span> <span class='ocrx_word' id='word_1_300' title='bbox 1841 2257 2197 2329; x_wconf 71' lang='grc' dir='ltr'>Ἰερουσαλὴμ</span> <span class='ocrx_word' id='word_1_301' title='bbox 2228 2278 2324 2314; x_wconf 88' lang='grc' dir='ltr'>κα-</span> 
     </span>
    </p>
   </div>
   <div class='ocr_carea' id='block_1_41' title="bbox 750 2335 2325 2412">
    <p class='ocr_par' dir='ltr' id='par_1_41' title="bbox 750 2335 2325 2412">
     <span class='ocr_line' id='line_1_41' title="bbox 750 2335 2325 2412; baseline 0.008 -27"><span class='ocrx_word' id='word_1_302' title='bbox 750 2335 928 2386; x_wconf 88' lang='grc' dir='ltr'>θεῖλον</span> <span class='ocrx_word' id='word_1_303' title='bbox 960 2335 1106 2388; x_wconf 87' lang='grc' dir='ltr'>ναόν.</span> <span class='ocrx_word' id='word_1_304' title='bbox 1142 2336 1282 2387; x_wconf 83' lang='grc' dir='ltr'>’Ὀσα</span> <span class='ocrx_word' id='word_1_305' title='bbox 1302 2337 1359 2386; x_wconf 87' lang='grc' dir='ltr'>ἐν</span> <span class='ocrx_word' id='word_1_306' title='bbox 1392 2337 1702 2408; x_wconf 70' lang='grc' dir='ltr'>Βουλγαρία</span> <span class='ocrx_word' id='word_1_307' title='bbox 1733 2339 1991 2407; x_wconf 83' lang='grc' dir='ltr'>ἐποίησεν</span> <span class='ocrx_word' id='word_1_308' title='bbox 2015 2342 2041 2392; x_wconf 89' lang='lat'>6</span> <span class='ocrx_word' id='word_1_309' title='bbox 2071 2343 2325 2412; x_wconf 79' lang='grc' dir='ltr'>βασιλεὺς</span> 
     </span>
    </p>
   </div>
   <div class='ocr_carea' id='block_1_42' title="bbox 752 2417 2324 2490">
    <p class='ocr_par' dir='ltr' id='par_1_42' title="bbox 752 2417 2324 2490">
     <span class='ocr_line' id='line_1_42' title="bbox 752 2417 2324 2490; baseline 0.007 -22"><span class='ocrx_word' id='word_1_310' title='bbox 752 2417 1055 2479; x_wconf 82' lang='grc' dir='ltr'>Βασίλειος.</span> <span class='ocrx_word' id='word_1_311' title='bbox 1085 2418 1271 2480; x_wconf 80' lang='grc' dir='ltr'>’Ὅπως</span> <span class='ocrx_word' id='word_1_312' title='bbox 1305 2419 1434 2480; x_wconf 80' lang='grc' dir='ltr'>τοὺς</span> <span class='ocrx_word' id='word_1_313' title='bbox 1468 2423 1756 2489; x_wconf 83' lang='grc' dir='ltr'>φραγμοὺς</span> <span class='ocrx_word' id='word_1_314' title='bbox 1782 2422 1889 2473; x_wconf 88' lang='grc' dir='ltr'>τῶν</span> <span class='ocrx_word' id='word_1_315' title='bbox 1910 2423 2051 2490; x_wconf 80' lang='grc' dir='ltr'>ὀρῶν</span> <span class='ocrx_word' id='word_1_316' title='bbox 2077 2424 2324 2479; x_wconf 78' lang='grc' dir='ltr'>καθεῖλεν</span> 
     </span>
    </p>
   </div>
   <div class='ocr_carea' id='block_1_43' title="bbox 751 2500 2326 2578">
    <p class='ocr_par' dir='ltr' id='par_1_43' title="bbox 751 2500 2326 2578">
     <span class='ocr_line' id='line_1_43' title="bbox 751 2500 2326 2578; baseline 0.006 -27"><span class='ocrx_word' id='word_1_317' title='bbox 751 2502 778 2551; x_wconf 73' lang='grc' dir='ltr'><strong>ὁ</strong></span> <span class='ocrx_word' id='word_1_318' title='bbox 809 2500 1085 2568; x_wconf 82' lang='grc' dir='ltr'>βασιλεὺς,</span> <span class='ocrx_word' id='word_1_319' title='bbox 1119 2502 1211 2552; x_wconf 80' lang='grc' dir='ltr'>καὶ</span> <span class='ocrx_word' id='word_1_320' title='bbox 1261 2502 1341 2563; x_wconf 84' lang='grc' dir='ltr'>είς</span> <span class='ocrx_word' id='word_1_321' title='bbox 1375 2503 1718 2573; x_wconf 83' lang='grc' dir='ltr'>Βουλγαρίαν</span> <span class='ocrx_word' id='word_1_322' title='bbox 1762 2507 2035 2572; x_wconf 78' lang='grc' dir='ltr'>εξσέϐαλε,</span> <span class='ocrx_word' id='word_1_323' title='bbox 2067 2509 2159 2560; x_wconf 78' lang='grc' dir='ltr'>καὶ</span> <span class='ocrx_word' id='word_1_324' title='bbox 2194 2511 2326 2578; x_wconf 71' lang='grc' dir='ltr'>περὶ</span> 
     </span>
    </p>
   </div>
   <div class='ocr_carea' id='block_1_44' title="bbox 750 2585 2324 2660">
    <p class='ocr_par' dir='ltr' id='par_1_44' title="bbox 750 2585 2324 2660">
     <span class='ocr_line' id='line_1_44' title="bbox 750 2585 2324 2660; baseline 0.009 -28"><span class='ocrx_word' id='word_1_325' title='bbox 750 2586 848 2651; x_wconf 77' lang='grc' dir='ltr'>τῆς</span> <span class='ocrx_word' id='word_1_326' title='bbox 902 2585 1158 2653; x_wconf 80' lang='grc' dir='ltr'>τελευτῆς</span> <span class='ocrx_word' id='word_1_327' title='bbox 1205 2588 1474 2656; x_wconf 84' lang='grc' dir='ltr'>Σαμουήλ,</span> <span class='ocrx_word' id='word_1_328' title='bbox 1532 2589 1655 2640; x_wconf 81' lang='grc' dir='ltr'>Ὀτι</span> <span class='ocrx_word' id='word_1_329' title='bbox 1693 2590 1721 2640; x_wconf 90' lang='lat'>6</span> <span class='ocrx_word' id='word_1_330' title='bbox 1769 2589 1860 2640; x_wconf 86' lang='lat'>:06</span> <span class='ocrx_word' id='word_1_331' title='bbox 1914 2591 2170 2660; x_wconf 85' lang='grc' dir='ltr'>Σαμουὴλ</span> <span class='ocrx_word' id='word_1_332' title='bbox 2209 2593 2324 2654; x_wconf 83' lang='grc' dir='ltr'>υίὸς</span> 
     </span>
    </p>
   </div>
   <div class='ocr_carea' id='block_1_45' title="bbox 751 2669 2326 2736">
    <p class='ocr_par' dir='ltr' id='par_1_45' title="bbox 751 2669 2326 2736">
     <span class='ocr_line' id='line_1_45' title="bbox 751 2669 2326 2736; baseline 0.006 -19"><span class='ocrx_word' id='word_1_333' title='bbox 751 2669 994 2736; x_wconf 78' lang='grc' dir='ltr'>ἀνῃρέθη</span> <span class='ocrx_word' id='word_1_334' title='bbox 1032 2670 1181 2734; x_wconf 66' lang='grc' dir='ltr'>παρὰ</span> <span class='ocrx_word' id='word_1_335' title='bbox 1239 2671 1532 2736; x_wconf 85' lang='grc' dir='ltr'>συγγενοῦς</span> <span class='ocrx_word' id='word_1_336' title='bbox 1584 2671 1774 2724; x_wconf 76' lang='grc' dir='ltr'>αὑτοῦ.</span> <span class='ocrx_word' id='word_1_337' title='bbox 1819 2673 1940 2725; x_wconf 81' lang='grc' dir='ltr'>Ὀτι</span> <span class='ocrx_word' id='word_1_338' title='bbox 1979 2675 2166 2728; x_wconf 72' lang='grc' dir='ltr'>πολλοὶ</span> <span class='ocrx_word' id='word_1_339' title='bbox 2211 2676 2326 2729; x_wconf 87' lang='grc' dir='ltr'>τῶν</span> 
     </span>
    </p>
   </div>
   <div class='ocr_carea' id='block_1_46' title="bbox 755 2753 2322 2828">
    <p class='ocr_par' dir='ltr' id='par_1_46' title="bbox 755 2753 2322 2828">
     <span class='ocr_line' id='line_1_46' title="bbox 755 2753 2322 2828; baseline 0.008 -26"><span class='ocrx_word' id='word_1_340' title='bbox 755 2754 1044 2820; x_wconf 82' lang='grc' dir='ltr'>ἐπισήμων</span> <span class='ocrx_word' id='word_1_341' title='bbox 1095 2753 1423 2821; x_wconf 63' lang='grc' dir='ltr'>Βηυλγάρων</span> <span class='ocrx_word' id='word_1_342' title='bbox 1477 2755 1901 2824; x_wconf 75' lang='grc' dir='ltr'>προσερῤύησαν</span> <span class='ocrx_word' id='word_1_343' title='bbox 1957 2759 2033 2827; x_wconf 81' lang='grc' dir='ltr'>τῷ</span> <span class='ocrx_word' id='word_1_344' title='bbox 2091 2759 2322 2828; x_wconf 87' lang='grc' dir='ltr'>βασιλεῖ.</span> 
     </span>
    </p>
   </div>
   <div class='ocr_carea' id='block_1_47' title="bbox 756 2835 2329 2908">
    <p class='ocr_par' dir='ltr' id='par_1_47' title="bbox 756 2835 2329 2908">
     <span class='ocr_line' id='line_1_47' title="bbox 756 2835 2329 2908; baseline 0.007 -23"><span class='ocrx_word' id='word_1_345' title='bbox 756 2835 880 2886; x_wconf 81' lang='grc' dir='ltr'>’Ότι</span> <span class='ocrx_word' id='word_1_346' title='bbox 917 2837 1011 2888; x_wconf 78' lang='grc' dir='ltr'>καὶ</span> <span class='ocrx_word' id='word_1_347' title='bbox 1041 2836 1195 2899; x_wconf 81' lang='grc' dir='ltr'>αὖθις</span> <span class='ocrx_word' id='word_1_348' title='bbox 1227 2839 1255 2888; x_wconf 91' lang='lat'>6</span> <span class='ocrx_word' id='word_1_349' title='bbox 1279 2837 1532 2905; x_wconf 82' lang='grc' dir='ltr'>βασιλεὺς</span> <span class='ocrx_word' id='word_1_350' title='bbox 1563 2837 1951 2908; x_wconf 80' lang='grc' dir='ltr'>ἐξεστράτευσε</span> <span class='ocrx_word' id='word_1_351' title='bbox 1986 2845 2126 2896; x_wconf 82' lang='grc' dir='ltr'>κατὰ</span> <span class='ocrx_word' id='word_1_352' title='bbox 2168 2844 2329 2896; x_wconf 87' lang='grc' dir='ltr'>Βουλ-</span> 
     </span>
    </p>
   </div>
   <div class='ocr_carea' id='block_1_48' title="bbox 753 2918 2329 2995">
    <p class='ocr_par' dir='ltr' id='par_1_48' title="bbox 753 2918 2329 2995">
     <span class='ocr_line' id='line_1_48' title="bbox 753 2918 2329 2995; baseline 0.007 -28"><span class='ocrx_word' id='word_1_353' title='bbox 753 2919 958 2984; x_wconf 68' lang='grc' dir='ltr'>γάρων,</span> <span class='ocrx_word' id='word_1_354' title='bbox 987 2918 1081 2970; x_wconf 73' lang='grc' dir='ltr'>καὶ</span> <span class='ocrx_word' id='word_1_355' title='bbox 1104 2920 1203 2971; x_wconf 84' lang='grc' dir='ltr'>ὅσα</span> <span class='ocrx_word' id='word_1_356' title='bbox 1227 2920 1472 2986; x_wconf 83' lang='grc' dir='ltr'>ἐποίησε.</span> <span class='ocrx_word' id='word_1_357' title='bbox 1507 2923 1627 2972; x_wconf 82' lang='grc' dir='ltr'>Ὀτι</span> <span class='ocrx_word' id='word_1_358' title='bbox 1651 2924 1970 2994; x_wconf 75' lang='grc' dir='ltr'>προσερῤύη</span> <span class='ocrx_word' id='word_1_359' title='bbox 2003 2927 2081 2992; x_wconf 82' lang='grc' dir='ltr'>τῷ</span> <span class='ocrx_word' id='word_1_360' title='bbox 2115 2926 2329 2995; x_wconf 89' lang='grc' dir='ltr'>βασιλεῖ</span> 
     </span>
    </p>
   </div>
   <div class='ocr_carea' id='block_1_49' title="bbox 751 2999 2323 3074">
    <p class='ocr_par' dir='ltr' id='par_1_49' title="bbox 751 2999 2323 3074">
     <span class='ocr_line' id='line_1_49' title="bbox 751 2999 2323 3074; baseline 0.01 -26"><span class='ocrx_word' id='word_1_361' title='bbox 751 3002 785 3063; x_wconf 75' lang='grc' dir='ltr'>ἡ</span> <span class='ocrx_word' id='word_1_362' title='bbox 823 2999 956 3068; x_wconf 82' lang='grc' dir='ltr'>γυνὴ</span> <span class='ocrx_word' id='word_1_363' title='bbox 977 3003 1069 3050; x_wconf 70' lang='grc' dir='ltr'>καὶ</span> <span class='ocrx_word' id='word_1_364' title='bbox 1095 3003 1143 3052; x_wconf 80' lang='grc' dir='ltr'>οἱ</span> <span class='ocrx_word' id='word_1_365' title='bbox 1175 3003 1355 3064; x_wconf 84' lang='grc' dir='ltr'>παῖδες</span> <span class='ocrx_word' id='word_1_366' title='bbox 1380 3004 1472 3055; x_wconf 82' lang='grc' dir='ltr'>τοῦ</span> <span class='ocrx_word' id='word_1_367' title='bbox 1507 3004 1902 3059; x_wconf 72' lang='grc' dir='ltr'>Βλαδισθλάϐον</span> <span class='ocrx_word' id='word_1_368' title='bbox 1938 3009 2208 3074; x_wconf 79' lang='grc' dir='ltr'>Ἰωάννου,</span> <span class='ocrx_word' id='word_1_369' title='bbox 2232 3012 2323 3063; x_wconf 85' lang='lat'>:06</span> 
     </span>
    </p>
   </div>
   <div class='ocr_carea' id='block_1_50' title="bbox 756 3080 2324 3162">
    <p class='ocr_par' dir='ltr' id='par_1_50' title="bbox 756 3080 2324 3162">
     <span class='ocr_line' id='line_1_50' title="bbox 756 3080 2324 3162; baseline 0.01 -30"><span class='ocrx_word' id='word_1_370' title='bbox 756 3081 874 3132; x_wconf 75' lang='grc' dir='ltr'>υἱοῦ</span> <span class='ocrx_word' id='word_1_371' title='bbox 927 3082 1155 3151; x_wconf 54' lang='grc' dir='ltr'>’.λαρόν</span> <span class='ocrx_word' id='word_1_372' title='bbox 1202 3080 1310 3136; x_wconf 86' lang='grc' dir='ltr'><strong>Ὀτί</strong></span> <span class='ocrx_word' id='word_1_373' title='bbox 1350 3089 1638 3157; x_wconf 83' lang='grc' dir='ltr'>κατασχὼν</span> <span class='ocrx_word' id='word_1_374' title='bbox 1669 3090 1769 3156; x_wconf 80' lang='grc' dir='ltr'>τὴν</span> <span class='ocrx_word' id='word_1_375' title='bbox 1799 3091 2134 3160; x_wconf 85' lang='grc' dir='ltr'>Βουλγαρίαν</span> <span class='ocrx_word' id='word_1_376' title='bbox 2161 3095 2189 3146; x_wconf 88' lang='lat'>6</span> <span class='ocrx_word' id='word_1_377' title='bbox 2227 3097 2324 3162; x_wconf 85' lang='grc' dir='ltr'>βα-</span> 
     </span>
    </p>
   </div>
   <div class='ocr_carea' id='block_1_51' title="bbox 2427 1917 4009 1988">
    <p class='ocr_par' dir='ltr' id='par_1_51' title="bbox 2427 1917 4009 1988">
     <span class='ocr_line' id='line_1_51' title="bbox 2427 1917 4009 1988; baseline -0.003 -16"><span class='ocrx_word' id='word_1_378' title='bbox 2427 1920 2777 1974; x_wconf 86' lang='grc' dir='ltr'>ἐσπείσαντο.</span> <span class='ocrx_word' id='word_1_379' title='bbox 2839 1922 2964 1972; x_wconf 86' lang='grc' dir='ltr'>Ὀτι</span> <span class='ocrx_word' id='word_1_380' title='bbox 3008 1923 3035 1972; x_wconf 91' lang='lat'>6</span> <span class='ocrx_word' id='word_1_381' title='bbox 3087 1921 3380 1988; x_wconf 86' lang='grc' dir='ltr'>Μανιάκης</span> <span class='ocrx_word' id='word_1_382' title='bbox 3433 1920 3535 1988; x_wconf 82' lang='grc' dir='ltr'>τὴν</span> <span class='ocrx_word' id='word_1_383' title='bbox 3589 1917 3842 1970; x_wconf 80' lang='grc' dir='ltr'>Σικελίαν</span> <span class='ocrx_word' id='word_1_384' title='bbox 3897 1917 4009 1970; x_wconf 78' lang='lat'><em>61:6</em></span> 
     </span>
    </p>
   </div>
   <div class='ocr_carea' id='block_1_52' title="bbox 2427 1999 4009 2074">
    <p class='ocr_par' dir='ltr' id='par_1_52' title="bbox 2427 1999 4009 2074">
     <span class='ocr_line' id='line_1_52' title="bbox 2427 1999 4009 2074; baseline -0.004 -18"><span class='ocrx_word' id='word_1_385' title='bbox 2427 2002 2764 2072; x_wconf 84' lang='grc' dir='ltr'>Σαρακηνῶν</span> <span class='ocrx_word' id='word_1_386' title='bbox 2788 2007 3168 2074; x_wconf 80' lang='grc' dir='ltr'>κατεχομένην</span> <span class='ocrx_word' id='word_1_387' title='bbox 3205 2002 3496 2072; x_wconf 85' lang='grc' dir='ltr'>Ῥωμαίοις</span> <span class='ocrx_word' id='word_1_388' title='bbox 3524 1999 3781 2062; x_wconf 79' lang='grc' dir='ltr'>ὑπέταξε.</span> <span class='ocrx_word' id='word_1_389' title='bbox 3809 1999 4009 2060; x_wconf 86' lang='grc' dir='ltr'>Ὅπως</span> 
     </span>
    </p>
   </div>
   <div class='ocr_carea' id='block_1_53' title="bbox 2428 2081 4007 2156">
    <p class='ocr_par' dir='ltr' id='par_1_53' title="bbox 2428 2081 4007 2156">
     <span class='ocr_line' id='line_1_53' title="bbox 2428 2081 4007 2156; baseline -0.005 -17"><span class='ocrx_word' id='word_1_390' title='bbox 2428 2086 2531 2140; x_wconf 90' lang='lat'><em>61:6</em></span> <span class='ocrx_word' id='word_1_391' title='bbox 2595 2087 2849 2156; x_wconf 82' lang='grc' dir='ltr'>’Δράϐων</span> <span class='ocrx_word' id='word_1_392' title='bbox 2894 2086 3270 2152; x_wconf 83' lang='grc' dir='ltr'>ἐπεϐουλεύθη</span> <span class='ocrx_word' id='word_1_393' title='bbox 3333 2087 3364 2152; x_wconf 88' lang='grc' dir='ltr'>ή</span> <span class='ocrx_word' id='word_1_394' title='bbox 3427 2084 3648 2144; x_wconf 86' lang='grc' dir='ltr'>Ἐδεσα,</span> <span class='ocrx_word' id='word_1_395' title='bbox 3705 2081 3800 2133; x_wconf 86' lang='grc' dir='ltr'>καὶ</span> <span class='ocrx_word' id='word_1_396' title='bbox 3853 2081 4007 2138; x_wconf 86' lang='grc' dir='ltr'>ὅπως</span> 
     </span>
    </p>
   </div>
   <div class='ocr_carea' id='block_1_54' title="bbox 2426 2166 4010 2238">
    <p class='ocr_par' dir='ltr' id='par_1_54' title="bbox 2426 2166 4010 2238">
     <span class='ocr_line' id='line_1_54' title="bbox 2426 2166 4010 2238; baseline -0.005 -16"><span class='ocrx_word' id='word_1_397' title='bbox 2426 2167 2675 2236; x_wconf 84' lang='grc' dir='ltr'>ἐγνώσθη</span> <span class='ocrx_word' id='word_1_398' title='bbox 2708 2169 2770 2222; x_wconf 87' lang='lat'>:6</span> <span class='ocrx_word' id='word_1_399' title='bbox 2796 2170 2895 2238; x_wconf 85' lang='grc' dir='ltr'>τῆς</span> <span class='ocrx_word' id='word_1_400' title='bbox 2925 2168 3242 2237; x_wconf 76' lang='grc' dir='ltr'>ἐπιϐουλῆς.</span> <span class='ocrx_word' id='word_1_401' title='bbox 3279 2168 3402 2219; x_wconf 73' lang='grc' dir='ltr'>Ὀτι</span> <span class='ocrx_word' id='word_1_402' title='bbox 3429 2168 3456 2218; x_wconf 90' lang='lat'>6</span> <span class='ocrx_word' id='word_1_403' title='bbox 3484 2166 3835 2236; x_wconf 77' lang='grc' dir='ltr'>Καρχηδόνος</span> <span class='ocrx_word' id='word_1_404' title='bbox 3871 2181 4010 2232; x_wconf 84' lang='grc' dir='ltr'>κρα-</span> 
     </span>
    </p>
   </div>
   <div class='ocr_carea' id='block_1_55' title="bbox 2424 2247 4000 2320">
    <p class='ocr_par' dir='ltr' id='par_1_55' title="bbox 2424 2247 4000 2320">
     <span class='ocr_line' id='line_1_55' title="bbox 2424 2247 4000 2320; baseline -0.003 -15"><span class='ocrx_word' id='word_1_405' title='bbox 2424 2251 2534 2305; x_wconf 85' lang='grc' dir='ltr'>τῶν</span> <span class='ocrx_word' id='word_1_406' title='bbox 2567 2252 2708 2305; x_wconf 73' lang='grc' dir='ltr'>κατὰ</span> <span class='ocrx_word' id='word_1_407' title='bbox 2742 2255 2842 2320; x_wconf 80' lang='grc' dir='ltr'>τῆς</span> <span class='ocrx_word' id='word_1_408' title='bbox 2891 2252 3139 2313; x_wconf 85' lang='grc' dir='ltr'>Σικελίας</span> <span class='ocrx_word' id='word_1_409' title='bbox 3171 2251 3399 2320; x_wconf 82' lang='grc' dir='ltr'>ἐπῆλθε.</span> <span class='ocrx_word' id='word_1_410' title='bbox 3451 2251 3557 2302; x_wconf 76' lang='grc' dir='ltr'>Καὶ</span> <span class='ocrx_word' id='word_1_411' title='bbox 3595 2251 3744 2310; x_wconf 79' lang='grc' dir='ltr'>ὅπως</span> <span class='ocrx_word' id='word_1_412' title='bbox 3779 2247 4000 2317; x_wconf 74' lang='grc' dir='ltr'>ἡττήθη</span> 
     </span>
    </p>
   </div>
   <div class='ocr_carea' id='block_1_56' title="bbox 2427 2333 4010 2402">
    <p class='ocr_par' dir='ltr' id='par_1_56' title="bbox 2427 2333 4010 2402">
     <span class='ocr_line' id='line_1_56' title="bbox 2427 2333 4010 2402; baseline -0.001 -16"><span class='ocrx_word' id='word_1_413' title='bbox 2427 2334 2580 2401; x_wconf 85' lang='grc' dir='ltr'>παρὰ</span> <span class='ocrx_word' id='word_1_414' title='bbox 2600 2335 2696 2388; x_wconf 86' lang='lat'>:06</span> <span class='ocrx_word' id='word_1_415' title='bbox 2720 2336 3005 2402; x_wconf 82' lang='grc' dir='ltr'>Μανιάκη,</span> <span class='ocrx_word' id='word_1_416' title='bbox 3033 2335 3128 2388; x_wconf 64' lang='grc' dir='ltr'>καὶ</span> <span class='ocrx_word' id='word_1_417' title='bbox 3149 2334 3345 2401; x_wconf 73' lang='grc' dir='ltr'>ἔφυγε,</span> <span class='ocrx_word' id='word_1_418' title='bbox 3374 2333 3470 2386; x_wconf 77' lang='grc' dir='ltr'>καὶ</span> <span class='ocrx_word' id='word_1_419' title='bbox 3489 2333 3638 2392; x_wconf 80' lang='grc' dir='ltr'>ὅπως</span> <span class='ocrx_word' id='word_1_420' title='bbox 3661 2334 3690 2385; x_wconf 91' lang='lat'>6</span> <span class='ocrx_word' id='word_1_421' title='bbox 3713 2333 4010 2397; x_wconf 73' lang='grc' dir='ltr'>Μανιάκηε</span> 
     </span>
    </p>
   </div>
   <div class='ocr_carea' id='block_1_57' title="bbox 2425 2413 4008 2486">
    <p class='ocr_par' dir='ltr' id='par_1_57' title="bbox 2425 2413 4008 2486">
     <span class='ocr_line' id='line_1_57' title="bbox 2425 2413 4008 2486; baseline -0.004 -18"><span class='ocrx_word' id='word_1_422' title='bbox 2425 2417 2645 2485; x_wconf 77' lang='grc' dir='ltr'>δέσμιος</span> <span class='ocrx_word' id='word_1_423' title='bbox 2685 2418 2892 2470; x_wconf 85' lang='grc' dir='ltr'>ἐκεῖθεν</span> <span class='ocrx_word' id='word_1_424' title='bbox 2923 2418 3129 2486; x_wconf 78' lang='grc' dir='ltr'>ἀχθεὶς,</span> <span class='ocrx_word' id='word_1_425' title='bbox 3171 2415 3495 2486; x_wconf 85' lang='grc' dir='ltr'>καθείρχθη.</span> <span class='ocrx_word' id='word_1_426' title='bbox 3531 2415 3658 2467; x_wconf 80' lang='grc' dir='ltr'>Ὅτι</span> <span class='ocrx_word' id='word_1_427' title='bbox 3693 2417 3727 2480; x_wconf 79' lang='grc' dir='ltr'><strong>ἡ</strong></span> <span class='ocrx_word' id='word_1_428' title='bbox 3775 2413 4008 2465; x_wconf 77' lang='grc' dir='ltr'>Σικελία</span> 
     </span>
    </p>
   </div>
   <div class='ocr_carea' id='block_1_58' title="bbox 2428 2497 4012 2572">
    <p class='ocr_par' dir='ltr' id='par_1_58' title="bbox 2428 2497 4012 2572">
     <span class='ocr_line' id='line_1_58' title="bbox 2428 2497 4012 2572; baseline -0.004 -19"><span class='ocrx_word' id='word_1_429' title='bbox 2428 2499 2585 2562; x_wconf 76' lang='grc' dir='ltr'>αὖθις</span> <span class='ocrx_word' id='word_1_430' title='bbox 2626 2502 2834 2570; x_wconf 81' lang='grc' dir='ltr'>ἐλήφθη</span> <span class='ocrx_word' id='word_1_431' title='bbox 2868 2501 2972 2555; x_wconf 88' lang='lat'><em>61:6</em></span> <span class='ocrx_word' id='word_1_432' title='bbox 2993 2502 3102 2554; x_wconf 86' lang='grc' dir='ltr'>τῶν</span> <span class='ocrx_word' id='word_1_433' title='bbox 3137 2502 3457 2572; x_wconf 79' lang='grc' dir='ltr'>’Λγαρηνῶν</span> <span class='ocrx_word' id='word_1_434' title='bbox 3483 2500 3614 2553; x_wconf 75' lang='grc' dir='ltr'>ἄνευ</span> <span class='ocrx_word' id='word_1_435' title='bbox 3645 2501 3774 2567; x_wconf 80' lang='grc' dir='ltr'>μιᾶς</span> <span class='ocrx_word' id='word_1_436' title='bbox 3793 2497 4012 2556; x_wconf 85' lang='grc' dir='ltr'>πόλεως</span> 
     </span>
    </p>
   </div>
   <div class='ocr_carea' id='block_1_59' title="bbox 2428 2579 4012 2652">
    <p class='ocr_par' dir='ltr' id='par_1_59' title="bbox 2428 2579 4012 2652">
     <span class='ocr_line' id='line_1_59' title="bbox 2428 2579 4012 2652; baseline -0.004 -17"><span class='ocrx_word' id='word_1_437' title='bbox 2428 2584 2527 2650; x_wconf 79' lang='grc' dir='ltr'>τῆς</span> <span class='ocrx_word' id='word_1_438' title='bbox 2594 2581 2866 2652; x_wconf 80' lang='grc' dir='ltr'>Μεσήνης.</span> <span class='ocrx_word' id='word_1_439' title='bbox 2948 2584 3073 2636; x_wconf 89' lang='grc' dir='ltr'>Ὅτι</span> <span class='ocrx_word' id='word_1_440' title='bbox 3130 2584 3314 2652; x_wconf 84' lang='grc' dir='ltr'>ἐφίετο</span> <span class='ocrx_word' id='word_1_441' title='bbox 3373 2583 3469 2636; x_wconf 81' lang='grc' dir='ltr'>τοῦ</span> <span class='ocrx_word' id='word_1_442' title='bbox 3522 2580 3923 2651; x_wconf 75' lang='grc' dir='ltr'>πατριάρχείου</span> <span class='ocrx_word' id='word_1_443' title='bbox 3981 2579 4012 2630; x_wconf 87' lang='lat'>6</span> 
     </span>
    </p>
   </div>
   <div class='ocr_carea' id='block_1_60' title="bbox 2439 2662 4014 2734">
    <p class='ocr_par' dir='ltr' id='par_1_60' title="bbox 2439 2662 4014 2734">
     <span class='ocr_line' id='line_1_60' title="bbox 2439 2662 4014 2734; baseline -0.002 -20"><span class='ocrx_word' id='word_1_444' title='bbox 2439 2666 2895 2733; x_wconf 78' lang='grc' dir='ltr'>ὐρφανοτρόφος.</span> <span class='ocrx_word' id='word_1_445' title='bbox 2930 2666 3119 2729; x_wconf 87' lang='grc' dir='ltr'>Ὅπως</span> <span class='ocrx_word' id='word_1_446' title='bbox 3166 2667 3300 2734; x_wconf 83' lang='grc' dir='ltr'>πρὸς</span> <span class='ocrx_word' id='word_1_447' title='bbox 3330 2667 3392 2716; x_wconf 91' lang='lat'>:6</span> <span class='ocrx_word' id='word_1_448' title='bbox 3420 2666 3665 2728; x_wconf 74' lang='grc' dir='ltr'>ὑπήκοον</span> <span class='ocrx_word' id='word_1_449' title='bbox 3695 2664 3938 2715; x_wconf 83' lang='grc' dir='ltr'>διέκειτο</span> <span class='ocrx_word' id='word_1_450' title='bbox 3981 2662 4014 2712; x_wconf 97' lang='lat'>6</span> 
     </span>
    </p>
   </div>
   <div class='ocr_carea' id='block_1_61' title="bbox 2440 2745 4011 2817">
    <p class='ocr_par' dir='ltr' id='par_1_61' title="bbox 2440 2745 4011 2817">
     <span class='ocr_line' id='line_1_61' title="bbox 2440 2745 4011 2817; baseline -0.003 -19"><span class='ocrx_word' id='word_1_451' title='bbox 2440 2747 2901 2817; x_wconf 77' lang='grc' dir='ltr'>Ὀρφανοτρόφος,</span> <span class='ocrx_word' id='word_1_452' title='bbox 2935 2750 3030 2802; x_wconf 73' lang='grc' dir='ltr'>καὶ</span> <span class='ocrx_word' id='word_1_453' title='bbox 3065 2751 3098 2816; x_wconf 84' lang='grc' dir='ltr'><strong>ἡ</strong></span> <span class='ocrx_word' id='word_1_454' title='bbox 3131 2749 3336 2817; x_wconf 84' lang='grc' dir='ltr'>ἀδελφὴ</span> <span class='ocrx_word' id='word_1_455' title='bbox 3369 2747 3560 2800; x_wconf 83' lang='grc' dir='ltr'>αὑτοῦ.</span> <span class='ocrx_word' id='word_1_456' title='bbox 3604 2747 3728 2798; x_wconf 81' lang='grc' dir='ltr'>Ὀτι</span> <span class='ocrx_word' id='word_1_457' title='bbox 3762 2745 4011 2795; x_wconf 82' lang='grc' dir='ltr'>ἐπεϐου-</span> 
     </span>
    </p>
   </div>
   <div class='ocr_carea' id='block_1_62' title="bbox 2425 2829 4003 2900">
    <p class='ocr_par' dir='ltr' id='par_1_62' title="bbox 2425 2829 4003 2900">
     <span class='ocr_line' id='line_1_62' title="bbox 2425 2829 4003 2900; baseline 0 -18"><span class='ocrx_word' id='word_1_458' title='bbox 2425 2829 2589 2899; x_wconf 85' lang='grc' dir='ltr'>λεύθη</span> <span class='ocrx_word' id='word_1_459' title='bbox 2627 2831 2780 2900; x_wconf 81' lang='grc' dir='ltr'>παρά</span> <span class='ocrx_word' id='word_1_460' title='bbox 2811 2833 2908 2898; x_wconf 81' lang='grc' dir='ltr'>τῆς</span> <span class='ocrx_word' id='word_1_461' title='bbox 2949 2831 3218 2900; x_wconf 87' lang='grc' dir='ltr'>βασιλίδος</span> <span class='ocrx_word' id='word_1_462' title='bbox 3263 2833 3418 2900; x_wconf 83' lang='grc' dir='ltr'>Ζωῆς</span> <span class='ocrx_word' id='word_1_463' title='bbox 3448 2833 3475 2882; x_wconf 92' lang='lat'>6</span> <span class='ocrx_word' id='word_1_464' title='bbox 3531 2829 4003 2897; x_wconf 77' lang='grc' dir='ltr'>’ορφανοτρόφος.</span> 
     </span>
    </p>
   </div>
   <div class='ocr_carea' id='block_1_63' title="bbox 2499 2910 4010 2982">
    <p class='ocr_par' dir='ltr' id='par_1_63' title="bbox 2499 2910 4010 2982">
     <span class='ocr_line' id='line_1_63' title="bbox 2499 2910 4010 2982; baseline -0.005 -14"><span class='ocrx_word' id='word_1_465' title='bbox 2499 2915 2564 2968; x_wconf 84' lang='grc' dir='ltr'>Ν.</span> <span class='ocrx_word' id='word_1_466' title='bbox 2593 2914 2729 2967; x_wconf 74' lang='lat' dir='ltr'><strong>XVI.</strong></span> <span class='ocrx_word' id='word_1_467' title='bbox 2754 2914 2878 2965; x_wconf 81' lang='grc' dir='ltr'>Ὅτι</span> <span class='ocrx_word' id='word_1_468' title='bbox 2900 2915 2931 2982; x_wconf 84' lang='grc' dir='ltr'>ή</span> <span class='ocrx_word' id='word_1_469' title='bbox 2955 2914 3108 2974; x_wconf 81' lang='grc' dir='ltr'>νόσος</span> <span class='ocrx_word' id='word_1_470' title='bbox 3133 2914 3232 2982; x_wconf 83' lang='grc' dir='ltr'>τῆς</span> <span class='ocrx_word' id='word_1_471' title='bbox 3258 2915 3590 2981; x_wconf 82' lang='grc' dir='ltr'>παραφορᾶς</span> <span class='ocrx_word' id='word_1_472' title='bbox 3617 2910 4010 2980; x_wconf 82' lang='grc' dir='ltr'>κατεκράτησε</span> 
     </span>
    </p>
   </div>
   <div class='ocr_carea' id='block_1_64' title="bbox 2430 2992 4009 3065">
    <p class='ocr_par' dir='ltr' id='par_1_64' title="bbox 2430 2992 4009 3065">
     <span class='ocr_line' id='line_1_64' title="bbox 2430 2992 4009 3065; baseline -0.004 -17"><span class='ocrx_word' id='word_1_473' title='bbox 2430 2998 2634 3065; x_wconf 71' lang='grc' dir='ltr'>σφόδρα</span> <span class='ocrx_word' id='word_1_474' title='bbox 2657 2996 2752 3048; x_wconf 84' lang='grc' dir='ltr'>τοῦ</span> <span class='ocrx_word' id='word_1_475' title='bbox 2780 2995 3068 3064; x_wconf 72' lang='grc' dir='ltr'>βασιλέως.</span> <span class='ocrx_word' id='word_1_476' title='bbox 3102 2996 3292 3057; x_wconf 72' lang='grc' dir='ltr'>’Ὅπως</span> <span class='ocrx_word' id='word_1_477' title='bbox 3323 2994 3449 3064; x_wconf 79' lang='grc' dir='ltr'>ἔσχε</span> <span class='ocrx_word' id='word_1_478' title='bbox 3475 2996 3602 3064; x_wconf 82' lang='grc' dir='ltr'>περὶ</span> <span class='ocrx_word' id='word_1_479' title='bbox 3629 2995 3728 3064; x_wconf 81' lang='grc' dir='ltr'>τὴν</span> <span class='ocrx_word' id='word_1_480' title='bbox 3749 2992 4009 3062; x_wconf 83' lang='grc' dir='ltr'>βασίλισ-</span> 
     </span>
    </p>
   </div>
   <div class='ocr_carea' id='block_1_65' title="bbox 2435 3079 4013 3149">
    <p class='ocr_par' dir='ltr' id='par_1_65' title="bbox 2435 3079 4013 3149">
     <span class='ocr_line' id='line_1_65' title="bbox 2435 3079 4013 3149; baseline -0.004 -16"><span class='ocrx_word' id='word_1_481' title='bbox 2435 3099 2534 3133; x_wconf 82' lang='grc' dir='ltr'>σαν</span> <span class='ocrx_word' id='word_1_482' title='bbox 2563 3083 2590 3132; x_wconf 88' lang='lat'>6</span> <span class='ocrx_word' id='word_1_483' title='bbox 2621 3081 2873 3149; x_wconf 84' lang='grc' dir='ltr'>βασιλεὺς</span> <span class='ocrx_word' id='word_1_484' title='bbox 2911 3079 3151 3148; x_wconf 88' lang='grc' dir='ltr'>Μιχαήλ.</span> <span class='ocrx_word' id='word_1_485' title='bbox 3192 3082 3315 3132; x_wconf 81' lang='grc' dir='ltr'>Ὀτι</span> <span class='ocrx_word' id='word_1_486' title='bbox 3350 3082 3440 3132; x_wconf 69' lang='grc' dir='ltr'>καὶ</span> <span class='ocrx_word' id='word_1_487' title='bbox 3472 3081 3646 3148; x_wconf 81' lang='grc' dir='ltr'>ὑδέρῳ</span> <span class='ocrx_word' id='word_1_488' title='bbox 3675 3079 4013 3146; x_wconf 85' lang='grc' dir='ltr'>περιέπεσεν</span> 
     </span>
    </p>
   </div>
   <div class='ocr_carea' id='block_1_66' title="bbox 757 3162 4012 3246">
    <p class='ocr_par' dir='ltr' id='par_1_66' title="bbox 757 3162 4012 3246">
     <span class='ocr_line' id='line_1_66' title="bbox 757 3162 4012 3246; baseline -0.001 -31"><span class='ocrx_word' id='word_1_489' title='bbox 757 3165 962 3229; x_wconf 83' lang='grc' dir='ltr'>σιλεὺς,</span> <span class='ocrx_word' id='word_1_490' title='bbox 1007 3169 1086 3230; x_wconf 82' lang='grc' dir='ltr'>είς</span> <span class='ocrx_word' id='word_1_491' title='bbox 1130 3169 1359 3236; x_wconf 76' lang='grc' dir='ltr'>Ἀθήνας</span> <span class='ocrx_word' id='word_1_492' title='bbox 1393 3171 1601 3236; x_wconf 76' lang='grc' dir='ltr'>ἀπῆλίιε</span> <span class='ocrx_word' id='word_1_493' title='bbox 1635 3175 1700 3239; x_wconf 72' lang='grc' dir='ltr'>τῇ</span> <span class='ocrx_word' id='word_1_494' title='bbox 1742 3175 2046 3246; x_wconf 68' lang='grc' dir='ltr'>θεομήτορι</span> <span class='ocrx_word' id='word_1_495' title='bbox 2092 3177 2323 3246; x_wconf 76' lang='grc' dir='ltr'>ἀνθομο-</span> <span class='ocrx_word' id='word_1_496' title='bbox 2352 3176 2394 3229; x_wconf 67' lang='grc' dir='ltr'>(ς</span> <span class='ocrx_word' id='word_1_497' title='bbox 2426 3168 2452 3216; x_wconf 91' lang='lat'>6</span> <span class='ocrx_word' id='word_1_498' title='bbox 2474 3164 2726 3232; x_wconf 80' lang='grc' dir='ltr'>βασιλεὺς</span> <span class='ocrx_word' id='word_1_499' title='bbox 2746 3166 2988 3232; x_wconf 81' lang='grc' dir='ltr'>Μιχαὴλ.</span> <span class='ocrx_word' id='word_1_500' title='bbox 3017 3163 3190 3216; x_wconf 86' lang='grc' dir='ltr'>Ὅτιὸ</span> <span class='ocrx_word' id='word_1_501' title='bbox 3220 3165 3553 3230; x_wconf 75' lang='grc' dir='ltr'>Καλαφάτης</span> <span class='ocrx_word' id='word_1_502' title='bbox 3581 3162 3802 3232; x_wconf 81' lang='grc' dir='ltr'>Μιχαὴλ</span> <span class='ocrx_word' id='word_1_503' title='bbox 3828 3163 4012 3214; x_wconf 78' lang='grc' dir='ltr'>υἱοθεο</span> 
     </span>
    </p>
   </div>
   <div class='ocr_carea' id='block_1_67' title="bbox 755 3247 2324 3325">
    <p class='ocr_par' dir='ltr' id='par_1_67' title="bbox 755 3247 2324 3325">
     <span class='ocr_line' id='line_1_67' title="bbox 755 3247 2324 3325; baseline 0.009 -27"><span class='ocrx_word' id='word_1_504' title='bbox 755 3247 1106 3314; x_wconf 84' lang='grc' dir='ltr'>λογούμενος.</span> <span class='ocrx_word' id='word_1_505' title='bbox 1157 3250 1292 3318; x_wconf 82' lang='grc' dir='ltr'>Περὶ</span> <span class='ocrx_word' id='word_1_506' title='bbox 1329 3253 1710 3322; x_wconf 85' lang='grc' dir='ltr'>πατριαρχῶν.</span> <span class='ocrx_word' id='word_1_507' title='bbox 1780 3254 2139 3325; x_wconf 83' lang='grc' dir='ltr'>Ἐκστρατεία</span> <span class='ocrx_word' id='word_1_508' title='bbox 2186 3260 2324 3312; x_wconf 75' lang='grc' dir='ltr'>κατὰ</span> 
     </span>
    </p>
   </div>
   <div class='ocr_carea' id='block_1_68' title="bbox 770 3329 2328 3411">
    <p class='ocr_par' dir='ltr' id='par_1_68' title="bbox 770 3329 2328 3411">
     <span class='ocr_line' id='line_1_68' title="bbox 770 3329 2328 3411; baseline 0.009 -31"><span class='ocrx_word' id='word_1_509' title='bbox 770 3329 1088 3397; x_wconf 79' lang='grc' dir='ltr'>Ἀϐασγίας.</span> <span class='ocrx_word' id='word_1_510' title='bbox 1115 3331 1256 3399; x_wconf 85' lang='grc' dir='ltr'>Νίκη</span> <span class='ocrx_word' id='word_1_511' title='bbox 1288 3332 1575 3401; x_wconf 86' lang='grc' dir='ltr'>Ῥωμαίων</span> <span class='ocrx_word' id='word_1_512' title='bbox 1605 3335 1746 3388; x_wconf 84' lang='grc' dir='ltr'>κατά</span> <span class='ocrx_word' id='word_1_513' title='bbox 1772 3337 1881 3390; x_wconf 87' lang='grc' dir='ltr'>τῶν</span> <span class='ocrx_word' id='word_1_514' title='bbox 1919 3339 2167 3408; x_wconf 88' lang='grc' dir='ltr'>Ἰϐήρων.</span> <span class='ocrx_word' id='word_1_515' title='bbox 2196 3343 2328 3411; x_wconf 75' lang='grc' dir='ltr'>Περὶ</span> 
     </span>
    </p>
   </div>
   <div class='ocr_carea' id='block_1_69' title="bbox 755 3415 1746 3482">
    <p class='ocr_par' dir='ltr' id='par_1_69' title="bbox 755 3415 1746 3482">
     <span class='ocr_line' id='line_1_69' title="bbox 755 3415 1746 3482; baseline 0.006 -18"><span class='ocrx_word' id='word_1_516' title='bbox 755 3415 1135 3482; x_wconf 78' lang='grc' dir='ltr'>πατριαρχῶν.</span> <span class='ocrx_word' id='word_1_517' title='bbox 1170 3415 1408 3482; x_wconf 82' lang='grc' dir='ltr'>Τ-λευτὴ</span> <span class='ocrx_word' id='word_1_518' title='bbox 1440 3418 1746 3470; x_wconf 82' lang='grc' dir='ltr'>Βασιλείου.</span> 
     </span>
    </p>
   </div>
   <div class='ocr_carea' id='block_1_70' title="bbox 829 3491 2330 3577">
    <p class='ocr_par' dir='ltr' id='par_1_70' title="bbox 829 3491 2330 3577">
     <span class='ocr_line' id='line_1_70' title="bbox 829 3491 2330 3577; baseline 0.01 -30"><span class='ocrx_word' id='word_1_519' title='bbox 829 3494 892 3548; x_wconf 89' lang='grc' dir='ltr'>Ν.</span> <span class='ocrx_word' id='word_1_520' title='bbox 923 3495 989 3549; x_wconf 80' lang='grc' dir='ltr'>Χ.</span> <span class='ocrx_word' id='word_1_521' title='bbox 1035 3491 1161 3558; x_wconf 78' lang='grc' dir='ltr'>υἷος</span> <span class='ocrx_word' id='word_1_522' title='bbox 1188 3492 1254 3566; x_wconf 80' lang='grc' dir='ltr'>ἦν</span> <span class='ocrx_word' id='word_1_523' title='bbox 1304 3499 1364 3549; x_wconf 92' lang='lat'>:6</span> <span class='ocrx_word' id='word_1_524' title='bbox 1416 3495 1547 3568; x_wconf 85' lang='grc' dir='ltr'>ἦθος</span> <span class='ocrx_word' id='word_1_525' title='bbox 1587 3503 1614 3553; x_wconf 92' lang='lat'>6</span> <span class='ocrx_word' id='word_1_526' title='bbox 1651 3503 2058 3568; x_wconf 82' lang='grc' dir='ltr'>Κωνσταντῖνος</span> <span class='ocrx_word' id='word_1_527' title='bbox 2106 3507 2200 3559; x_wconf 81' lang='grc' dir='ltr'>καὶ</span> <span class='ocrx_word' id='word_1_528' title='bbox 2231 3507 2330 3577; x_wconf 80' lang='grc' dir='ltr'>τὴν</span> 
     </span>
    </p>
   </div>
   <div class='ocr_carea' id='block_1_71' title="bbox 755 3577 2328 3655">
    <p class='ocr_par' dir='ltr' id='par_1_71' title="bbox 755 3577 2328 3655">
     <span class='ocr_line' id='line_1_71' title="bbox 755 3577 2328 3655; baseline 0.009 -27"><span class='ocrx_word' id='word_1_529' title='bbox 755 3577 1051 3645; x_wconf 84' lang='grc' dir='ltr'>διαγωγήν.</span> <span class='ocrx_word' id='word_1_530' title='bbox 1083 3580 1219 3641; x_wconf 78' lang='grc' dir='ltr'>Περὶ</span> <span class='ocrx_word' id='word_1_531' title='bbox 1269 3580 1376 3631; x_wconf 85' lang='grc' dir='ltr'>τῶν</span> <span class='ocrx_word' id='word_1_532' title='bbox 1418 3580 1734 3650; x_wconf 67' lang='grc' dir='ltr'>θυγατέρων</span> <span class='ocrx_word' id='word_1_533' title='bbox 1767 3577 1860 3638; x_wconf 80' lang='grc' dir='ltr'>τοῦ</span> <span class='ocrx_word' id='word_1_534' title='bbox 1909 3588 2198 3655; x_wconf 82' lang='grc' dir='ltr'>βασιλέως.</span> <span class='ocrx_word' id='word_1_535' title='bbox 2232 3592 2328 3642; x_wconf 77' lang='grc' dir='ltr'>καὶ</span> 
     </span>
    </p>
   </div>
   <div class='ocr_carea' id='block_1_72' title="bbox 759 3658 2327 3738">
    <p class='ocr_par' dir='ltr' id='par_1_72' title="bbox 759 3658 2327 3738">
     <span class='ocr_line' id='line_1_72' title="bbox 759 3658 2327 3738; baseline 0.011 -30"><span class='ocrx_word' id='word_1_536' title='bbox 759 3658 868 3710; x_wconf 85' lang='grc' dir='ltr'>τῶν</span> <span class='ocrx_word' id='word_1_537' title='bbox 933 3660 1204 3729; x_wconf 84' lang='grc' dir='ltr'>ἐκτομιῶν</span> <span class='ocrx_word' id='word_1_538' title='bbox 1243 3661 1410 3716; x_wconf 81' lang='grc' dir='ltr'>αὑτοῦ</span> <span class='ocrx_word' id='word_1_539' title='bbox 1457 3663 1828 3734; x_wconf 84' lang='grc' dir='ltr'>θεραπόντων.</span> <span class='ocrx_word' id='word_1_540' title='bbox 1885 3673 2020 3738; x_wconf 80' lang='grc' dir='ltr'>Περὶ</span> <span class='ocrx_word' id='word_1_541' title='bbox 2069 3672 2327 3735; x_wconf 78' lang='grc' dir='ltr'>Πατζινά-</span> 
     </span>
    </p>
   </div>
   <div class='ocr_carea' id='block_1_73' title="bbox 761 3742 2330 3821">
    <p class='ocr_par' dir='ltr' id='par_1_73' title="bbox 761 3742 2330 3821">
     <span class='ocr_line' id='line_1_73' title="bbox 761 3742 2330 3821; baseline 0.012 -31"><span class='ocrx_word' id='word_1_542' title='bbox 761 3757 895 3796; x_wconf 82' lang='grc' dir='ltr'>κων.</span> <span class='ocrx_word' id='word_1_543' title='bbox 933 3742 1124 3805; x_wconf 85' lang='grc' dir='ltr'>Ὅπως</span> <span class='ocrx_word' id='word_1_544' title='bbox 1153 3748 1272 3806; x_wconf 81' lang='grc' dir='ltr'>ταῖς</span> <span class='ocrx_word' id='word_1_545' title='bbox 1304 3747 1656 3816; x_wconf 84' lang='grc' dir='ltr'>είσπράξεσιν</span> <span class='ocrx_word' id='word_1_546' title='bbox 1688 3753 1716 3802; x_wconf 87' lang='lat'>6</span> <span class='ocrx_word' id='word_1_547' title='bbox 1746 3751 1997 3818; x_wconf 70' lang='grc' dir='ltr'>βασιλεὺς</span> <span class='ocrx_word' id='word_1_548' title='bbox 2027 3748 2179 3815; x_wconf 83' lang='lat'><em>06:0;</em></span> <span class='ocrx_word' id='word_1_549' title='bbox 2213 3757 2330 3821; x_wconf 81' lang='grc' dir='ltr'>ἐξέ-</span> 
     </span>
    </p>
   </div>
   <div class='ocr_carea' id='block_1_74' title="bbox 758 3827 2331 3905">
    <p class='ocr_par' dir='ltr' id='par_1_74' title="bbox 758 3827 2331 3905">
     <span class='ocr_line' id='line_1_74' title="bbox 758 3827 2331 3905; baseline 0.011 -30"><span class='ocrx_word' id='word_1_550' title='bbox 758 3828 914 3892; x_wconf 74' lang='grc' dir='ltr'>τριψε</span> <span class='ocrx_word' id='word_1_551' title='bbox 951 3827 1009 3878; x_wconf 86' lang='lat'>:6</span> <span class='ocrx_word' id='word_1_552' title='bbox 1056 3827 1315 3895; x_wconf 79' lang='grc' dir='ltr'>ὑπήκοον.</span> <span class='ocrx_word' id='word_1_553' title='bbox 1364 3830 1556 3893; x_wconf 84' lang='grc' dir='ltr'>Ὅπως</span> <span class='ocrx_word' id='word_1_554' title='bbox 1601 3834 1693 3884; x_wconf 77' lang='grc' dir='ltr'>τὸν</span> <span class='ocrx_word' id='word_1_555' title='bbox 1739 3835 2160 3905; x_wconf 81' lang='grc' dir='ltr'>Ἀργυρόπωλον</span> <span class='ocrx_word' id='word_1_556' title='bbox 2197 3839 2331 3892; x_wconf 80' lang='grc' dir='ltr'>Ῥω-</span> 
     </span>
    </p>
   </div>
   <div class='ocr_carea' id='block_1_75' title="bbox 765 3910 2327 3991">
    <p class='ocr_par' dir='ltr' id='par_1_75' title="bbox 765 3910 2327 3991">
     <span class='ocr_line' id='line_1_75' title="bbox 765 3910 2327 3991; baseline 0.012 -34"><span class='ocrx_word' id='word_1_557' title='bbox 765 3910 931 3973; x_wconf 73' lang='grc' dir='ltr'>μανὸν</span> <span class='ocrx_word' id='word_1_558' title='bbox 960 3911 1206 3978; x_wconf 72' lang='grc' dir='ltr'>γαμϐρὸν</span> <span class='ocrx_word' id='word_1_559' title='bbox 1238 3915 1318 3975; x_wconf 85' lang='grc' dir='ltr'>είς</span> <span class='ocrx_word' id='word_1_560' title='bbox 1348 3915 1446 3983; x_wconf 85' lang='grc' dir='ltr'>τὴν</span> <span class='ocrx_word' id='word_1_561' title='bbox 1477 3914 1752 3986; x_wconf 74' lang='grc' dir='ltr'>θυγατέρα</span> <span class='ocrx_word' id='word_1_562' title='bbox 1792 3921 1820 3970; x_wconf 90' lang='lat'>6</span> <span class='ocrx_word' id='word_1_563' title='bbox 1848 3919 2103 3988; x_wconf 81' lang='grc' dir='ltr'>βασιλεὺς</span> <span class='ocrx_word' id='word_1_564' title='bbox 2134 3925 2327 3991; x_wconf 86' lang='grc' dir='ltr'>ἐποιή-</span> 
     </span>
    </p>
   </div>
   <div class='ocr_carea' id='block_1_76' title="bbox 762 3994 2326 4073">
    <p class='ocr_par' dir='ltr' id='par_1_76' title="bbox 762 3994 2326 4073">
     <span class='ocr_line' id='line_1_76' title="bbox 762 3994 2326 4073; baseline 0.011 -31"><span class='ocrx_word' id='word_1_565' title='bbox 762 4008 912 4055; x_wconf 83' lang='grc' dir='ltr'>σατο,</span> <span class='ocrx_word' id='word_1_566' title='bbox 969 3994 1070 4063; x_wconf 79' lang='grc' dir='ltr'>τὴν</span> <span class='ocrx_word' id='word_1_567' title='bbox 1128 3996 1337 4046; x_wconf 85' lang='grc' dir='ltr'>ἐκείνου</span> <span class='ocrx_word' id='word_1_568' title='bbox 1396 3997 1624 4066; x_wconf 84' lang='grc' dir='ltr'>σύμϐιον</span> <span class='ocrx_word' id='word_1_569' title='bbox 1678 4003 2024 4072; x_wconf 78' lang='grc' dir='ltr'>ἀποκαρῆναι</span> <span class='ocrx_word' id='word_1_570' title='bbox 2079 4009 2326 4073; x_wconf 82' lang='grc' dir='ltr'>ποιήσας.</span> 
     </span>
    </p>
   </div>
   <div class='ocr_carea' id='block_1_77' title="bbox 761 4076 2329 4160">
    <p class='ocr_par' dir='ltr' id='par_1_77' title="bbox 761 4076 2329 4160">
     <span class='ocr_line' id='line_1_77' title="bbox 761 4076 2329 4160; baseline 0.009 -34"><span class='ocrx_word' id='word_1_571' title='bbox 761 4076 871 4160; x_wconf 53' lang='grc' dir='ltr'>Καὶ</span> <span class='ocrx_word' id='word_1_572' title='bbox 912 4076 1170 4146; x_wconf 83' lang='grc' dir='ltr'>Καίσαρα</span> <span class='ocrx_word' id='word_1_573' title='bbox 1203 4078 1394 4131; x_wconf 85' lang='grc' dir='ltr'>τοῦτον</span> <span class='ocrx_word' id='word_1_574' title='bbox 1426 4081 1616 4133; x_wconf 86' lang='grc' dir='ltr'>ἀνεῖπε</span> <span class='ocrx_word' id='word_1_575' title='bbox 1646 4086 1739 4136; x_wconf 79' lang='grc' dir='ltr'>καὶ</span> <span class='ocrx_word' id='word_1_576' title='bbox 1777 4084 2020 4152; x_wconf 78' lang='grc' dir='ltr'>διάδοχον</span> <span class='ocrx_word' id='word_1_577' title='bbox 2044 4089 2143 4160; x_wconf 70' lang='grc' dir='ltr'>της</span> <span class='ocrx_word' id='word_1_578' title='bbox 2175 4088 2329 4156; x_wconf 85' lang='grc' dir='ltr'>βασι-</span> 
     </span>
    </p>
   </div>
   <div class='ocr_carea' id='block_1_78' title="bbox 761 4157 2332 4235">
    <p class='ocr_par' dir='ltr' id='par_1_78' title="bbox 761 4157 2332 4235">
     <span class='ocr_line' id='line_1_78' title="bbox 761 4157 2332 4235; baseline 0.011 -29"><span class='ocrx_word' id='word_1_579' title='bbox 761 4157 909 4219; x_wconf 78' lang='grc' dir='ltr'>λείας</span> <span class='ocrx_word' id='word_1_580' title='bbox 960 4161 1272 4214; x_wconf 76' lang='grc' dir='ltr'>κατέλιπεν.</span> <span class='ocrx_word' id='word_1_581' title='bbox 1321 4161 1560 4234; x_wconf 85' lang='grc' dir='ltr'>Τελευτὴ</span> <span class='ocrx_word' id='word_1_582' title='bbox 1596 4164 1688 4217; x_wconf 84' lang='grc' dir='ltr'>τοῦ</span> <span class='ocrx_word' id='word_1_583' title='bbox 1735 4166 1999 4235; x_wconf 84' lang='grc' dir='ltr'>βασιλέως</span> <span class='ocrx_word' id='word_1_584' title='bbox 2043 4157 2332 4224; x_wconf 76' lang='grc' dir='ltr'>Κωνσταν-</span> 
     </span>
    </p>
   </div>
   <div class='ocr_carea' id='block_1_79' title="bbox 759 4258 926 4294">
    <p class='ocr_par' dir='ltr' id='par_1_79' title="bbox 759 4258 926 4294">
     <span class='ocr_line' id='line_1_79' title="bbox 759 4258 926 4294; baseline 0.006 -3"><span class='ocrx_word' id='word_1_585' title='bbox 759 4258 926 4294; x_wconf 73' lang='grc' dir='ltr'>τινου.</span> 
     </span>
    </p>
   </div>
   <div class='ocr_carea' id='block_1_80' title="bbox 829 4327 2330 4404">
    <p class='ocr_par' dir='ltr' id='par_1_80' title="bbox 829 4327 2330 4404">
     <span class='ocr_line' id='line_1_80' title="bbox 829 4327 2330 4404; baseline 0.006 -25"><span class='ocrx_word' id='word_1_586' title='bbox 829 4327 891 4379; x_wconf 89' lang='grc' dir='ltr'>Ν.</span> <span class='ocrx_word' id='word_1_587' title='bbox 1000 4327 1091 4382; x_wconf 72' lang='lat' dir='ltr'><strong>XI.</strong></span> <span class='ocrx_word' id='word_1_588' title='bbox 1141 4329 1266 4383; x_wconf 85' lang='grc' dir='ltr'>Ὀτι</span> <span class='ocrx_word' id='word_1_589' title='bbox 1345 4329 1572 4400; x_wconf 72' lang='grc' dir='ltr'>ἐξέκοψε</span> <span class='ocrx_word' id='word_1_590' title='bbox 1638 4332 1698 4385; x_wconf 89' lang='lat'>:6</span> <span class='ocrx_word' id='word_1_591' title='bbox 1764 4333 2171 4404; x_wconf 85' lang='grc' dir='ltr'>ἀλληλέγγυον,</span> <span class='ocrx_word' id='word_1_592' title='bbox 2237 4339 2330 4388; x_wconf 73' lang='grc' dir='ltr'>καὶ</span> 
     </span>
    </p>
   </div>
   <div class='ocr_carea' id='block_1_81' title="bbox 761 4407 2329 4488">
    <p class='ocr_par' dir='ltr' id='par_1_81' title="bbox 761 4407 2329 4488">
     <span class='ocr_line' id='line_1_81' title="bbox 761 4407 2329 4488; baseline 0.006 -29"><span class='ocrx_word' id='word_1_593' title='bbox 761 4407 1038 4480; x_wconf 80' lang='grc' dir='ltr'>ἐπηύξησε</span> <span class='ocrx_word' id='word_1_594' title='bbox 1090 4412 1191 4482; x_wconf 82' lang='grc' dir='ltr'>τὴν</span> <span class='ocrx_word' id='word_1_595' title='bbox 1241 4415 1408 4481; x_wconf 77' lang='grc' dir='ltr'>ῥογὰν</span> <span class='ocrx_word' id='word_1_596' title='bbox 1456 4416 1563 4468; x_wconf 88' lang='grc' dir='ltr'>τῶν</span> <span class='ocrx_word' id='word_1_597' title='bbox 1609 4416 1891 4484; x_wconf 83' lang='grc' dir='ltr'>κληρικῶν</span> <span class='ocrx_word' id='word_1_598' title='bbox 1930 4418 2030 4485; x_wconf 85' lang='grc' dir='ltr'>τῆς</span> <span class='ocrx_word' id='word_1_599' title='bbox 2071 4419 2329 4488; x_wconf 79' lang='grc' dir='ltr'>Μεγάλης</span> 
     </span>
    </p>
   </div>
   <div class='ocr_carea' id='block_1_82' title="bbox 2428 3246 3765 3318">
    <p class='ocr_par' dir='ltr' id='par_1_82' title="bbox 2428 3246 3765 3318">
     <span class='ocr_line' id='line_1_82' title="bbox 2428 3246 3765 3318; baseline 0 -20"><span class='ocrx_word' id='word_1_600' title='bbox 2428 3248 2563 3317; x_wconf 75' lang='grc' dir='ltr'>τήθη</span> <span class='ocrx_word' id='word_1_601' title='bbox 2591 3252 2655 3315; x_wconf 84' lang='grc' dir='ltr'>τῇ</span> <span class='ocrx_word' id='word_1_602' title='bbox 2684 3248 2992 3318; x_wconf 81' lang='grc' dir='ltr'>βασιλίσσῃ,</span> <span class='ocrx_word' id='word_1_603' title='bbox 3026 3249 3114 3298; x_wconf 80' lang='grc' dir='ltr'><strong>καί</strong></span> <span class='ocrx_word' id='word_1_604' title='bbox 3150 3249 3364 3314; x_wconf 85' lang='grc' dir='ltr'>Καῖσαρ</span> <span class='ocrx_word' id='word_1_605' title='bbox 3395 3246 3765 3315; x_wconf 87' lang='grc' dir='ltr'>ἀνηγορεύθη.</span> 
     </span>
    </p>
   </div>
   <div class='ocr_carea' id='block_1_83' title="bbox 2500 3329 4017 3398">
    <p class='ocr_par' dir='ltr' id='par_1_83' title="bbox 2500 3329 4017 3398">
     <span class='ocr_line' id='line_1_83' title="bbox 2500 3329 4017 3398; baseline -0.003 -13"><span class='ocrx_word' id='word_1_606' title='bbox 2500 3333 2564 3385; x_wconf 69' lang='grc' dir='ltr'>ῐξ.</span> <span class='ocrx_word' id='word_1_607' title='bbox 2599 3332 2763 3385; x_wconf 72' lang='lat' dir='ltr'><strong>XVII.</strong></span> <span class='ocrx_word' id='word_1_608' title='bbox 2796 3333 2984 3390; x_wconf 82' lang='grc' dir='ltr'>Ὅπως</span> <span class='ocrx_word' id='word_1_609' title='bbox 3016 3333 3370 3398; x_wconf 84' lang='grc' dir='ltr'>άπεστάτησε</span> <span class='ocrx_word' id='word_1_610' title='bbox 3403 3331 3567 3385; x_wconf 79' lang='grc' dir='ltr'>πάλιν</span> <span class='ocrx_word' id='word_1_611' title='bbox 3599 3332 3659 3383; x_wconf 87' lang='lat'>:6</span> <span class='ocrx_word' id='word_1_612' title='bbox 3691 3330 3804 3382; x_wconf 79' lang='grc' dir='ltr'>τῶν</span> <span class='ocrx_word' id='word_1_613' title='bbox 3839 3329 4017 3382; x_wconf 65' lang='lat' dir='ltr'><strong>Bonl-</strong></span> 
     </span>
    </p>
   </div>
   <div class='ocr_carea' id='block_1_84' title="bbox 2428 3411 4010 3482">
    <p class='ocr_par' dir='ltr' id='par_1_84' title="bbox 2428 3411 4010 3482">
     <span class='ocr_line' id='line_1_84' title="bbox 2428 3411 4010 3482; baseline -0.002 -17"><span class='ocrx_word' id='word_1_614' title='bbox 2428 3414 2613 3482; x_wconf 82' lang='grc' dir='ltr'>γάρων</span> <span class='ocrx_word' id='word_1_615' title='bbox 2641 3415 2820 3479; x_wconf 77' lang='grc' dir='ltr'>ἔθνος,</span> <span class='ocrx_word' id='word_1_616' title='bbox 2854 3415 2950 3466; x_wconf 79' lang='grc' dir='ltr'>καὶ</span> <span class='ocrx_word' id='word_1_617' title='bbox 2980 3416 3125 3476; x_wconf 84' lang='grc' dir='ltr'>ὅπως</span> <span class='ocrx_word' id='word_1_618' title='bbox 3159 3415 3240 3475; x_wconf 81' lang='grc' dir='ltr'>είς</span> <span class='ocrx_word' id='word_1_619' title='bbox 3276 3412 3369 3464; x_wconf 85' lang='grc' dir='ltr'>δύο</span> <span class='ocrx_word' id='word_1_620' title='bbox 3401 3413 3680 3481; x_wconf 82' lang='grc' dir='ltr'>ἀρχηγοὺς</span> <span class='ocrx_word' id='word_1_621' title='bbox 3710 3411 4010 3482; x_wconf 78' lang='grc' dir='ltr'>περιέστη,</span> 
     </span>
    </p>
   </div>
   <div class='ocr_carea' id='block_1_85' title="bbox 2429 3491 4008 3564">
    <p class='ocr_par' dir='ltr' id='par_1_85' title="bbox 2429 3491 4008 3564">
     <span class='ocr_line' id='line_1_85' title="bbox 2429 3491 4008 3564; baseline -0.003 -16"><span class='ocrx_word' id='word_1_622' title='bbox 2429 3498 2523 3548; x_wconf 78' lang='grc' dir='ltr'>καὶ</span> <span class='ocrx_word' id='word_1_623' title='bbox 2551 3497 2698 3558; x_wconf 84' lang='grc' dir='ltr'>ὅπως</span> <span class='ocrx_word' id='word_1_624' title='bbox 2739 3499 2767 3549; x_wconf 91' lang='lat'>6</span> <span class='ocrx_word' id='word_1_625' title='bbox 2812 3491 2891 3559; x_wconf 72' lang='grc' dir='ltr'>εἷς</span> <span class='ocrx_word' id='word_1_626' title='bbox 2921 3497 3012 3549; x_wconf 86' lang='grc' dir='ltr'>τὸν</span> <span class='ocrx_word' id='word_1_627' title='bbox 3057 3497 3216 3550; x_wconf 77' lang='grc' dir='ltr'>ἄλλον</span> <span class='ocrx_word' id='word_1_628' title='bbox 3243 3495 3540 3564; x_wconf 77' lang='grc' dir='ltr'>διέφθειρε,</span> <span class='ocrx_word' id='word_1_629' title='bbox 3572 3494 4008 3562; x_wconf 62' lang='grc' dir='ltr'>παρασκευάσας</span> 
     </span>
    </p>
   </div>
   <div class='ocr_carea' id='block_1_86' title="bbox 2427 3576 4018 3648">
    <p class='ocr_par' dir='ltr' id='par_1_86' title="bbox 2427 3576 4018 3648">
     <span class='ocr_line' id='line_1_86' title="bbox 2427 3576 4018 3648; baseline -0.003 -16"><span class='ocrx_word' id='word_1_630' title='bbox 2427 3580 2489 3632; x_wconf 84' lang='lat'>:6</span> <span class='ocrx_word' id='word_1_631' title='bbox 2521 3579 2721 3647; x_wconf 84' lang='grc' dir='ltr'>πλῆθος</span> <span class='ocrx_word' id='word_1_632' title='bbox 2749 3579 3156 3648; x_wconf 86' lang='grc' dir='ltr'>λιθολευστῆσαι</span> <span class='ocrx_word' id='word_1_633' title='bbox 3192 3582 3376 3632; x_wconf 77' lang='grc' dir='ltr'>αὐτόν.</span> <span class='ocrx_word' id='word_1_634' title='bbox 3410 3581 3532 3632; x_wconf 74' lang='grc' dir='ltr'>Ὀτι</span> <span class='ocrx_word' id='word_1_635' title='bbox 3554 3581 3581 3630; x_wconf 83' lang='lat'>6</span> <span class='ocrx_word' id='word_1_636' title='bbox 3608 3577 3873 3646; x_wconf 72' lang='grc' dir='ltr'>βασιλεὺς</span> <span class='ocrx_word' id='word_1_637' title='bbox 3894 3576 4018 3628; x_wconf 71' lang='lat'><em>66:-</em></span> 
     </span>
    </p>
   </div>
   <div class='ocr_carea' id='block_1_87' title="bbox 2432 3662 4017 3732">
    <p class='ocr_par' dir='ltr' id='par_1_87' title="bbox 2432 3662 4017 3732">
     <span class='ocr_line' id='line_1_87' title="bbox 2432 3662 4017 3732; baseline -0.003 -17"><span class='ocrx_word' id='word_1_638' title='bbox 2432 3663 2560 3732; x_wconf 90' lang='grc' dir='ltr'>ριῶν</span> <span class='ocrx_word' id='word_1_639' title='bbox 2630 3663 3023 3731; x_wconf 78' lang='grc' dir='ltr'>ἐξεστράτευσε</span> <span class='ocrx_word' id='word_1_640' title='bbox 3101 3664 3244 3716; x_wconf 69' lang='grc' dir='ltr'>κατὰ</span> <span class='ocrx_word' id='word_1_641' title='bbox 3313 3663 3665 3731; x_wconf 88' lang='grc' dir='ltr'>Βουλγάρων.</span> <span class='ocrx_word' id='word_1_642' title='bbox 3729 3662 3929 3722; x_wconf 86' lang='grc' dir='ltr'>Ὅπως</span> <span class='ocrx_word' id='word_1_643' title='bbox 3988 3665 4017 3712; x_wconf 97' lang='lat'>6</span> 
     </span>
    </p>
   </div>
   <div class='ocr_carea' id='block_1_88' title="bbox 2443 3745 4016 3816">
    <p class='ocr_par' dir='ltr' id='par_1_88' title="bbox 2443 3745 4016 3816">
     <span class='ocr_line' id='line_1_88' title="bbox 2443 3745 4016 3816; baseline -0.002 -17"><span class='ocrx_word' id='word_1_644' title='bbox 2443 3747 2782 3808; x_wconf 84' lang='grc' dir='ltr'>Ἀλουσιάνος</span> <span class='ocrx_word' id='word_1_645' title='bbox 2837 3746 3041 3814; x_wconf 83' lang='grc' dir='ltr'>ἐφυγεν</span> <span class='ocrx_word' id='word_1_646' title='bbox 3095 3747 3160 3799; x_wconf 87' lang='grc' dir='ltr'>ἐκ</span> <span class='ocrx_word' id='word_1_647' title='bbox 3216 3746 3326 3800; x_wconf 81' lang='grc' dir='ltr'>τῶν</span> <span class='ocrx_word' id='word_1_648' title='bbox 3389 3748 3680 3816; x_wconf 88' lang='grc' dir='ltr'>Ῥωμαίων</span> <span class='ocrx_word' id='word_1_649' title='bbox 3737 3745 3818 3806; x_wconf 80' lang='grc' dir='ltr'>είς</span> <span class='ocrx_word' id='word_1_650' title='bbox 3882 3745 4016 3804; x_wconf 68' lang='lat'><em>:06;</em></span> 
     </span>
    </p>
   </div>
   <div class='ocr_carea' id='block_1_89' title="bbox 2429 3824 4011 3901">
    <p class='ocr_par' dir='ltr' id='par_1_89' title="bbox 2429 3824 4011 3901">
     <span class='ocr_line' id='line_1_89' title="bbox 2429 3824 4011 3901; baseline -0.003 -19"><span class='ocrx_word' id='word_1_651' title='bbox 2429 3830 2797 3899; x_wconf 86' lang='grc' dir='ltr'>Βουλγάρους,</span> <span class='ocrx_word' id='word_1_652' title='bbox 2830 3833 2922 3882; x_wconf 78' lang='grc' dir='ltr'>καὶ</span> <span class='ocrx_word' id='word_1_653' title='bbox 2945 3831 3090 3891; x_wconf 86' lang='grc' dir='ltr'>ὃπως</span> <span class='ocrx_word' id='word_1_654' title='bbox 3131 3830 3443 3901; x_wconf 81' lang='grc' dir='ltr'>ἐγνωρίσθη</span> <span class='ocrx_word' id='word_1_655' title='bbox 3471 3831 3567 3883; x_wconf 82' lang='grc' dir='ltr'>τοῦ</span> <span class='ocrx_word' id='word_1_656' title='bbox 3611 3826 3826 3896; x_wconf 84' lang='grc' dir='ltr'>Ἀαρὼν</span> <span class='ocrx_word' id='word_1_657' title='bbox 3860 3824 4011 3879; x_wconf 77' lang='grc' dir='ltr'>εἶναι</span> 
     </span>
    </p>
   </div>
   <div class='ocr_carea' id='block_1_90' title="bbox 2430 3911 4018 3982">
    <p class='ocr_par' dir='ltr' id='par_1_90' title="bbox 2430 3911 4018 3982">
     <span class='ocr_line' id='line_1_90' title="bbox 2430 3911 4018 3982; baseline -0.003 -17"><span class='ocrx_word' id='word_1_658' title='bbox 2430 3916 2566 3976; x_wconf 81' lang='grc' dir='ltr'>υἱός.</span> <span class='ocrx_word' id='word_1_659' title='bbox 2599 3914 2709 3966; x_wconf 77' lang='grc' dir='ltr'>Καὶ</span> <span class='ocrx_word' id='word_1_660' title='bbox 2746 3914 2893 3978; x_wconf 85' lang='grc' dir='ltr'>ὅπως</span> <span class='ocrx_word' id='word_1_661' title='bbox 2933 3916 3024 3966; x_wconf 83' lang='grc' dir='ltr'>τὸν</span> <span class='ocrx_word' id='word_1_662' title='bbox 3053 3913 3307 3967; x_wconf 87' lang='grc' dir='ltr'>Δολιάνον</span> <span class='ocrx_word' id='word_1_663' title='bbox 3355 3912 3641 3982; x_wconf 81' lang='grc' dir='ltr'>κατασχὼν</span> <span class='ocrx_word' id='word_1_664' title='bbox 3682 3911 4018 3978; x_wconf 72' lang='grc' dir='ltr'>ἀπετύφλωο</span> 
     </span>
    </p>
   </div>
   <div class='ocr_carea' id='block_1_91' title="bbox 2432 3996 4018 4067">
    <p class='ocr_par' dir='ltr' id='par_1_91' title="bbox 2432 3996 4018 4067">
     <span class='ocr_line' id='line_1_91' title="bbox 2432 3996 4018 4067; baseline -0.001 -18"><span class='ocrx_word' id='word_1_665' title='bbox 2432 4015 2512 4050; x_wconf 89' lang='grc' dir='ltr'>σε.</span> <span class='ocrx_word' id='word_1_666' title='bbox 2542 3999 2664 4049; x_wconf 89' lang='grc' dir='ltr'>Ὂτι</span> <span class='ocrx_word' id='word_1_667' title='bbox 2689 3997 3000 4065; x_wconf 78' lang='grc' dir='ltr'>προσῆλθεν</span> <span class='ocrx_word' id='word_1_668' title='bbox 3025 3999 3053 4050; x_wconf 91' lang='lat'>6</span> <span class='ocrx_word' id='word_1_669' title='bbox 3087 3997 3432 4057; x_wconf 78' lang='grc' dir='ltr'>Ἀλουσιάνος</span> <span class='ocrx_word' id='word_1_670' title='bbox 3455 3997 3534 4067; x_wconf 80' lang='grc' dir='ltr'>τῷ</span> <span class='ocrx_word' id='word_1_671' title='bbox 3560 3996 3790 4066; x_wconf 83' lang='grc' dir='ltr'>βασιλεῖ.</span> <span class='ocrx_word' id='word_1_672' title='bbox 3817 3996 4018 4055; x_wconf 84' lang='grc' dir='ltr'>Ὅπως</span> 
     </span>
    </p>
   </div>
   <div class='ocr_carea' id='block_1_92' title="bbox 2430 4079 4017 4148">
    <p class='ocr_par' dir='ltr' id='par_1_92' title="bbox 2430 4079 4017 4148">
     <span class='ocr_line' id='line_1_92' title="bbox 2430 4079 4017 4148; baseline -0.001 -16"><span class='ocrx_word' id='word_1_673' title='bbox 2430 4079 2674 4148; x_wconf 79' lang='grc' dir='ltr'>ἀπῆλθεν</span> <span class='ocrx_word' id='word_1_674' title='bbox 2698 4082 2725 4131; x_wconf 90' lang='lat'>6</span> <span class='ocrx_word' id='word_1_675' title='bbox 2756 4079 3007 4148; x_wconf 70' lang='grc' dir='ltr'>βασιλεὺς</span> <span class='ocrx_word' id='word_1_676' title='bbox 3032 4083 3110 4142; x_wconf 82' lang='grc' dir='ltr'>είς</span> <span class='ocrx_word' id='word_1_677' title='bbox 3148 4079 3246 4148; x_wconf 86' lang='grc' dir='ltr'>τὴν</span> <span class='ocrx_word' id='word_1_678' title='bbox 3276 4082 3444 4148; x_wconf 81' lang='grc' dir='ltr'>μονὴν</span> <span class='ocrx_word' id='word_1_679' title='bbox 3474 4082 3583 4132; x_wconf 84' lang='grc' dir='ltr'>τῶν</span> <span class='ocrx_word' id='word_1_680' title='bbox 3603 4079 3775 4144; x_wconf 80' lang='grc' dir='ltr'>ἁγίων</span> <span class='ocrx_word' id='word_1_681' title='bbox 3810 4079 4017 4145; x_wconf 70' lang='grc' dir='ltr'>’Λναρτ</span> 
     </span>
    </p>
   </div>
   <div class='ocr_carea' id='block_1_93' title="bbox 2430 4160 4015 4233">
    <p class='ocr_par' dir='ltr' id='par_1_93' title="bbox 2430 4160 4015 4233">
     <span class='ocr_line' id='line_1_93' title="bbox 2430 4160 4015 4233; baseline -0.004 -18"><span class='ocrx_word' id='word_1_682' title='bbox 2430 4164 2639 4232; x_wconf 81' lang='grc' dir='ltr'>γύρων,</span> <span class='ocrx_word' id='word_1_683' title='bbox 2668 4166 2765 4215; x_wconf 67' lang='grc' dir='ltr'>καὶ</span> <span class='ocrx_word' id='word_1_684' title='bbox 2795 4163 3075 4233; x_wconf 87' lang='grc' dir='ltr'>ἁπεκάρη.</span> <span class='ocrx_word' id='word_1_685' title='bbox 3106 4164 3350 4233; x_wconf 83' lang='grc' dir='ltr'>Τελευτὴ</span> <span class='ocrx_word' id='word_1_686' title='bbox 3373 4162 3467 4216; x_wconf 88' lang='lat'>:06</span> <span class='ocrx_word' id='word_1_687' title='bbox 3495 4162 3760 4232; x_wconf 80' lang='grc' dir='ltr'>βασιλέως</span> <span class='ocrx_word' id='word_1_688' title='bbox 3785 4160 4015 4230; x_wconf 69' lang='grc' dir='ltr'>Μιχαὴλ</span> 
     </span>
    </p>
   </div>
   <div class='ocr_carea' id='block_1_94' title="bbox 2429 4246 2932 4313">
    <p class='ocr_par' dir='ltr' id='par_1_94' title="bbox 2429 4246 2932 4313">
     <span class='ocr_line' id='line_1_94' title="bbox 2429 4246 2932 4313; baseline -0.002 -14"><span class='ocrx_word' id='word_1_689' title='bbox 2429 4246 2523 4299; x_wconf 80' lang='lat'>:06</span> <span class='ocrx_word' id='word_1_690' title='bbox 2557 4246 2932 4313; x_wconf 79' lang='grc' dir='ltr'>Παφλαγόνος.</span> 
     </span>
    </p>
   </div>
   <div class='ocr_carea' id='block_1_95' title="bbox 2504 4327 4014 4398">
    <p class='ocr_par' dir='ltr' id='par_1_95' title="bbox 2504 4327 4014 4398">
     <span class='ocr_line' id='line_1_95' title="bbox 2504 4327 4014 4398; baseline 0 -18"><span class='ocrx_word' id='word_1_691' title='bbox 2504 4328 2566 4382; x_wconf 83' lang='grc' dir='ltr'>Ν.</span> <span class='ocrx_word' id='word_1_692' title='bbox 2597 4329 2782 4382; x_wconf 73' lang='lat' dir='ltr'><strong>XVIII.</strong></span> <span class='ocrx_word' id='word_1_693' title='bbox 2818 4328 2941 4380; x_wconf 81' lang='grc' dir='ltr'>Ὅτι</span> <span class='ocrx_word' id='word_1_694' title='bbox 2965 4329 3218 4398; x_wconf 76' lang='grc' dir='ltr'>εἰσῆλθεν</span> <span class='ocrx_word' id='word_1_695' title='bbox 3243 4331 3321 4390; x_wconf 83' lang='grc' dir='ltr'>εἰς</span> <span class='ocrx_word' id='word_1_696' title='bbox 3351 4330 3416 4382; x_wconf 79' lang='grc' dir='ltr'>τὰ</span> <span class='ocrx_word' id='word_1_697' title='bbox 3447 4327 3695 4398; x_wconf 85' lang='grc' dir='ltr'>βασίλεια</span> <span class='ocrx_word' id='word_1_698' title='bbox 3727 4329 3756 4379; x_wconf 91' lang='lat'>6</span> <span class='ocrx_word' id='word_1_699' title='bbox 3782 4329 4014 4398; x_wconf 77' lang='grc' dir='ltr'>Καῖσαρ</span> 
     </span>
    </p>
   </div>
   <div class='ocr_carea' id='block_1_96' title="bbox 2432 4411 4010 4482">
    <p class='ocr_par' dir='ltr' id='par_1_96' title="bbox 2432 4411 4010 4482">
     <span class='ocr_line' id='line_1_96' title="bbox 2432 4411 4010 4482; baseline -0.003 -17"><span class='ocrx_word' id='word_1_700' title='bbox 2432 4413 2674 4482; x_wconf 87' lang='grc' dir='ltr'>Μιχαήλ.</span> <span class='ocrx_word' id='word_1_701' title='bbox 2720 4413 3046 4480; x_wconf 73' lang='grc' dir='ltr'>’Λνάρρησις</span> <span class='ocrx_word' id='word_1_702' title='bbox 3076 4413 3155 4471; x_wconf 88' lang='grc' dir='ltr'>εἰς</span> <span class='ocrx_word' id='word_1_703' title='bbox 3183 4412 3409 4478; x_wconf 77' lang='grc' dir='ltr'>βασιλέα</span> <span class='ocrx_word' id='word_1_704' title='bbox 3434 4411 3529 4464; x_wconf 85' lang='lat'>:06</span> <span class='ocrx_word' id='word_1_705' title='bbox 3559 4412 3867 4479; x_wconf 78' lang='grc' dir='ltr'>Καίσαρος,</span> <span class='ocrx_word' id='word_1_706' title='bbox 3910 4411 4010 4462; x_wconf 71' lang='grc' dir='ltr'>καὶ</span> 
     </span>
    </p>
   </div>
   <div class='ocr_carea' id='block_1_97' title="bbox 763 4489 4014 4571">
    <p class='ocr_par' dir='ltr' id='par_1_97' title="bbox 763 4489 4014 4571">
     <span class='ocr_line' id='line_1_97' title="bbox 763 4489 4014 4571; baseline 0.004 -29"><span class='ocrx_word' id='word_1_707' title='bbox 763 4493 1081 4557; x_wconf 79' lang='grc' dir='ltr'>ἐκκλησίας.</span> <span class='ocrx_word' id='word_1_708' title='bbox 1135 4496 1229 4547; x_wconf 77' lang='grc' dir='ltr'>καὶ</span> <span class='ocrx_word' id='word_1_709' title='bbox 1279 4498 1624 4562; x_wconf 84' lang='grc' dir='ltr'>χρεωκοπίαν</span> <span class='ocrx_word' id='word_1_710' title='bbox 1665 4500 1910 4566; x_wconf 86' lang='grc' dir='ltr'>ἐποίησε.</span> <span class='ocrx_word' id='word_1_711' title='bbox 1942 4499 2065 4551; x_wconf 75' lang='grc' dir='ltr'>’ωτι</span> <span class='ocrx_word' id='word_1_712' title='bbox 2103 4504 2128 4553; x_wconf 82' lang='lat'>6</span> <span class='ocrx_word' id='word_1_713' title='bbox 2157 4503 2326 4571; x_wconf 78' lang='grc' dir='ltr'>Ιιρου-</span> <span class='ocrx_word' id='word_1_714' title='bbox 2365 4507 2406 4560; x_wconf 91' lang='lat' dir='ltr'><strong>D</strong></span> <span class='ocrx_word' id='word_1_715' title='bbox 2433 4490 2544 4557; x_wconf 78' lang='grc' dir='ltr'>οἷος</span> <span class='ocrx_word' id='word_1_716' title='bbox 2585 4490 2654 4563; x_wconf 78' lang='grc' dir='ltr'>ἦν</span> <span class='ocrx_word' id='word_1_717' title='bbox 2685 4495 2744 4546; x_wconf 70' lang='grc' dir='ltr'><strong>τὸ</strong></span> <span class='ocrx_word' id='word_1_718' title='bbox 2772 4489 2901 4560; x_wconf 79' lang='grc' dir='ltr'>ἦθος</span> <span class='ocrx_word' id='word_1_719' title='bbox 2927 4497 2952 4544; x_wconf 66' lang='grc' dir='ltr'>ὁ</span> <span class='ocrx_word' id='word_1_720' title='bbox 2980 4493 3222 4561; x_wconf 80' lang='grc' dir='ltr'>Μιχαὴλ.</span> <span class='ocrx_word' id='word_1_721' title='bbox 3267 4495 3455 4555; x_wconf 80' lang='grc' dir='ltr'>Ὅπως</span> <span class='ocrx_word' id='word_1_722' title='bbox 3494 4493 3709 4560; x_wconf 74' lang='grc' dir='ltr'>διετέθη</span> <span class='ocrx_word' id='word_1_723' title='bbox 3742 4494 3881 4562; x_wconf 66' lang='grc' dir='ltr'>πρδς</span> <span class='ocrx_word' id='word_1_724' title='bbox 3919 4494 4014 4544; x_wconf 58' lang='grc' dir='ltr'>τίαν</span> 
     </span>
    </p>
   </div>
   <div class='ocr_carea' id='block_1_98' title="bbox 765 4577 2329 4653">
    <p class='ocr_par' dir='ltr' id='par_1_98' title="bbox 765 4577 2329 4653">
     <span class='ocr_line' id='line_1_98' title="bbox 765 4577 2329 4653; baseline 0.006 -27"><span class='ocrx_word' id='word_1_725' title='bbox 765 4577 948 4636; x_wconf 76' lang='grc' dir='ltr'>σιάνος</span> <span class='ocrx_word' id='word_1_726' title='bbox 987 4577 1352 4638; x_wconf 73' lang='grc' dir='ltr'>ὑποπτευθεὶς</span> <span class='ocrx_word' id='word_1_727' title='bbox 1403 4580 1494 4630; x_wconf 79' lang='grc' dir='ltr'>ἐπὶ</span> <span class='ocrx_word' id='word_1_728' title='bbox 1548 4583 1822 4648; x_wconf 84' lang='grc' dir='ltr'>τυραννίδι</span> <span class='ocrx_word' id='word_1_729' title='bbox 1864 4583 2168 4653; x_wconf 82' lang='grc' dir='ltr'>ἐτυφλώθη.</span> <span class='ocrx_word' id='word_1_730' title='bbox 2221 4588 2329 4638; x_wconf 82' lang='grc' dir='ltr'>Καὶ</span> 
     </span>
    </p>
   </div>
   <div class='ocr_carea' id='block_1_99' title="bbox 760 4663 2325 4739">
    <p class='ocr_par' dir='ltr' id='par_1_99' title="bbox 760 4663 2325 4739">
     <span class='ocr_line' id='line_1_99' title="bbox 760 4663 2325 4739; baseline 0.008 -29"><span class='ocrx_word' id='word_1_731' title='bbox 760 4665 785 4710; x_wconf 84' lang='lat'>6</span> <span class='ocrx_word' id='word_1_732' title='bbox 823 4663 1082 4728; x_wconf 83' lang='grc' dir='ltr'>Διογένης</span> <span class='ocrx_word' id='word_1_733' title='bbox 1134 4663 1542 4724; x_wconf 82' lang='grc' dir='ltr'>Κωνστανττνος</span> <span class='ocrx_word' id='word_1_734' title='bbox 1596 4666 1759 4733; x_wconf 77' lang='grc' dir='ltr'>ὁμοίᾳ</span> <span class='ocrx_word' id='word_1_735' title='bbox 1802 4668 1953 4737; x_wconf 73' lang='grc' dir='ltr'>αἰτίᾳ</span> <span class='ocrx_word' id='word_1_736' title='bbox 2003 4669 2325 4739; x_wconf 86' lang='grc' dir='ltr'>καθείρχθη.</span> 
     </span>
    </p>
   </div>
   <div class='ocr_carea' id='block_1_100' title="bbox 767 4745 2329 4818">
    <p class='ocr_par' dir='ltr' id='par_1_100' title="bbox 767 4745 2329 4818">
     <span class='ocr_line' id='line_1_100' title="bbox 767 4745 2329 4818; baseline 0.008 -26"><span class='ocrx_word' id='word_1_737' title='bbox 767 4746 889 4794; x_wconf 75' lang='grc' dir='ltr'>Ὅτι</span> <span class='ocrx_word' id='word_1_738' title='bbox 921 4745 1212 4796; x_wconf 82' lang='grc' dir='ltr'>ἐσπείσατο</span> <span class='ocrx_word' id='word_1_739' title='bbox 1259 4749 1373 4806; x_wconf 85' lang='grc' dir='ltr'>τοῖς</span> <span class='ocrx_word' id='word_1_740' title='bbox 1415 4747 1722 4813; x_wconf 80' lang='grc' dir='ltr'>’Λϐασγοίς,</span> <span class='ocrx_word' id='word_1_741' title='bbox 1757 4753 1854 4802; x_wconf 81' lang='grc' dir='ltr'>καὶ</span> <span class='ocrx_word' id='word_1_742' title='bbox 1885 4751 1984 4818; x_wconf 82' lang='grc' dir='ltr'>τὴν</span> <span class='ocrx_word' id='word_1_743' title='bbox 2033 4752 2171 4803; x_wconf 83' lang='grc' dir='ltr'>ίδίαν</span> <span class='ocrx_word' id='word_1_744' title='bbox 2202 4754 2329 4804; x_wconf 85' lang='grc' dir='ltr'>ἀνε-</span> 
     </span>
    </p>
   </div>
   <div class='ocr_carea' id='block_1_101' title="bbox 760 4826 2331 4903">
    <p class='ocr_par' dir='ltr' id='par_1_101' title="bbox 760 4826 2331 4903">
     <span class='ocr_line' id='line_1_101' title="bbox 760 4826 2331 4903; baseline 0.007 -26"><span class='ocrx_word' id='word_1_745' title='bbox 760 4826 892 4889; x_wconf 61' lang='grc' dir='ltr'>ψιὰν</span> <span class='ocrx_word' id='word_1_746' title='bbox 924 4826 1138 4896; x_wconf 82' lang='grc' dir='ltr'>νύμφην</span> <span class='ocrx_word' id='word_1_747' title='bbox 1171 4827 1387 4880; x_wconf 76' lang='grc' dir='ltr'>ἔδωκεν.</span> <span class='ocrx_word' id='word_1_748' title='bbox 1419 4829 1537 4880; x_wconf 86' lang='grc' dir='ltr'>’Ότι</span> <span class='ocrx_word' id='word_1_749' title='bbox 1571 4833 1617 4883; x_wconf 81' lang='grc' dir='ltr'>οἱ</span> <span class='ocrx_word' id='word_1_750' title='bbox 1675 4831 1987 4900; x_wconf 64' lang='grc' dir='ltr'>Ἀγαρηνοὶ,</span> <span class='ocrx_word' id='word_1_751' title='bbox 2015 4836 2205 4903; x_wconf 70' lang='grc' dir='ltr'>καιρὸν</span> <span class='ocrx_word' id='word_1_752' title='bbox 2237 4836 2331 4888; x_wconf 80' lang='grc' dir='ltr'>λαο</span> 
     </span>
    </p>
   </div>
   <div class='ocr_carea' id='block_1_102' title="bbox 762 4909 2331 4983">
    <p class='ocr_par' dir='ltr' id='par_1_102' title="bbox 762 4909 2331 4983">
     <span class='ocr_line' id='line_1_102' title="bbox 762 4909 2331 4983; baseline 0.008 -24"><span class='ocrx_word' id='word_1_753' title='bbox 762 4909 1004 4977; x_wconf 80' lang='grc' dir='ltr'>ϐόμενοι.</span> <span class='ocrx_word' id='word_1_754' title='bbox 1029 4910 1137 4961; x_wconf 87' lang='grc' dir='ltr'>τῶν</span> <span class='ocrx_word' id='word_1_755' title='bbox 1169 4913 1372 4963; x_wconf 82' lang='grc' dir='ltr'>πόλεων</span> <span class='ocrx_word' id='word_1_756' title='bbox 1395 4913 1745 4973; x_wconf 79' lang='grc' dir='ltr'>ἐπελάϐοντο,</span> <span class='ocrx_word' id='word_1_757' title='bbox 1773 4914 1836 4974; x_wconf 80' lang='grc' dir='ltr'>ἂς</span> <span class='ocrx_word' id='word_1_758' title='bbox 1870 4916 2020 4983; x_wconf 74' lang='grc' dir='ltr'>παρὰ</span> <span class='ocrx_word' id='word_1_759' title='bbox 2049 4917 2142 4969; x_wconf 86' lang='grc' dir='ltr'>τοῦ</span> <span class='ocrx_word' id='word_1_760' title='bbox 2168 4920 2331 4971; x_wconf 76' lang='grc' dir='ltr'>Φωκᾶ</span> 
     </span>
    </p>
   </div>
   <div class='ocr_carea' id='block_1_103' title="bbox 763 4991 2331 5065">
    <p class='ocr_par' dir='ltr' id='par_1_103' title="bbox 763 4991 2331 5065">
     <span class='ocr_line' id='line_1_103' title="bbox 763 4991 2331 5065; baseline 0.005 -20"><span class='ocrx_word' id='word_1_761' title='bbox 763 4995 855 5064; x_wconf 59' lang='grc' dir='ltr'>καὶ</span> <span class='ocrx_word' id='word_1_762' title='bbox 876 4992 970 5044; x_wconf 87' lang='lat'>:06</span> <span class='ocrx_word' id='word_1_763' title='bbox 994 4991 1267 5062; x_wconf 75' lang='grc' dir='ltr'>Τζιμισκῆ</span> <span class='ocrx_word' id='word_1_764' title='bbox 1292 4996 1671 5064; x_wconf 69' lang='grc' dir='ltr'>ἀφῃρέθησαν.</span> <span class='ocrx_word' id='word_1_765' title='bbox 1703 4997 1823 5048; x_wconf 86' lang='grc' dir='ltr'>’Ότι</span> <span class='ocrx_word' id='word_1_766' title='bbox 1841 4999 2170 5065; x_wconf 87' lang='grc' dir='ltr'>ἐστράτευσε</span> <span class='ocrx_word' id='word_1_767' title='bbox 2190 5003 2331 5054; x_wconf 79' lang='grc' dir='ltr'>κατὰ</span> 
     </span>
    </p>
   </div>
   <div class='ocr_carea' id='block_1_104' title="bbox 763 5075 2332 5153">
    <p class='ocr_par' dir='ltr' id='par_1_104' title="bbox 763 5075 2332 5153">
     <span class='ocr_line' id='line_1_104' title="bbox 763 5075 2332 5153; baseline 0.008 -29"><span class='ocrx_word' id='word_1_768' title='bbox 763 5075 822 5126; x_wconf 79' lang='grc' dir='ltr'>τὸ</span> <span class='ocrx_word' id='word_1_769' title='bbox 870 5075 1077 5137; x_wconf 86' lang='grc' dir='ltr'>Χάλεπ,</span> <span class='ocrx_word' id='word_1_770' title='bbox 1110 5077 1209 5128; x_wconf 69' lang='grc' dir='ltr'>ναὶ</span> <span class='ocrx_word' id='word_1_771' title='bbox 1245 5079 1550 5147; x_wconf 81' lang='grc' dir='ltr'>προσῆλθεν</span> <span class='ocrx_word' id='word_1_772' title='bbox 1597 5080 1753 5147; x_wconf 81' lang='grc' dir='ltr'>αὐτῷ</span> <span class='ocrx_word' id='word_1_773' title='bbox 1793 5082 2068 5148; x_wconf 88' lang='grc' dir='ltr'>πρεσϐεία</span> <span class='ocrx_word' id='word_1_774' title='bbox 2103 5085 2332 5153; x_wconf 84' lang='grc' dir='ltr'>εἰρήνην</span> 
     </span>
    </p>
   </div>
   <div class='ocr_carea' id='block_1_105' title="bbox 763 5158 2332 5236">
    <p class='ocr_par' dir='ltr' id='par_1_105' title="bbox 763 5158 2332 5236">
     <span class='ocr_line' id='line_1_105' title="bbox 763 5158 2332 5236; baseline 0.006 -25"><span class='ocrx_word' id='word_1_775' title='bbox 763 5158 1008 5219; x_wconf 85' lang='grc' dir='ltr'>αἰτοῦσα,</span> <span class='ocrx_word' id='word_1_776' title='bbox 1039 5163 1066 5211; x_wconf 91' lang='lat'>6</span> <span class='ocrx_word' id='word_1_777' title='bbox 1097 5159 1151 5211; x_wconf 80' lang='grc' dir='ltr'>δὲ</span> <span class='ocrx_word' id='word_1_778' title='bbox 1181 5161 1280 5212; x_wconf 83' lang='grc' dir='ltr'>οὐκ</span> <span class='ocrx_word' id='word_1_779' title='bbox 1313 5161 1626 5214; x_wconf 82' lang='grc' dir='ltr'>ἐσπείσατο.</span> <span class='ocrx_word' id='word_1_780' title='bbox 1665 5163 1788 5215; x_wconf 75' lang='grc' dir='ltr'>Ὀτι</span> <span class='ocrx_word' id='word_1_781' title='bbox 1850 5165 2088 5232; x_wconf 79' lang='grc' dir='ltr'>’Ἄραϐες</span> <span class='ocrx_word' id='word_1_782' title='bbox 2137 5166 2332 5236; x_wconf 76' lang='grc' dir='ltr'>ἀθρόον</span> 
     </span>
    </p>
   </div>
   <div class='ocr_carea' id='block_1_106' title="bbox 765 5241 2329 5324">
    <p class='ocr_par' dir='ltr' id='par_1_106' title="bbox 765 5241 2329 5324">
     <span class='ocr_line' id='line_1_106' title="bbox 765 5241 2329 5324; baseline 0.007 -33"><span class='ocrx_word' id='word_1_783' title='bbox 765 5241 839 5308; x_wconf 81' lang='grc' dir='ltr'>τῷ</span> <span class='ocrx_word' id='word_1_784' title='bbox 885 5242 1095 5309; x_wconf 82' lang='grc' dir='ltr'>χάρακι</span> <span class='ocrx_word' id='word_1_785' title='bbox 1122 5242 1457 5324; x_wconf 66' lang='grc' dir='ltr'>ἐπελθόντες,</span> <span class='ocrx_word' id='word_1_786' title='bbox 1492 5245 1791 5313; x_wconf 67' lang='grc' dir='ltr'>ἐτρέψαντο</span> <span class='ocrx_word' id='word_1_787' title='bbox 1838 5247 1964 5307; x_wconf 78' lang='grc' dir='ltr'>τοὺς</span> <span class='ocrx_word' id='word_1_788' title='bbox 2006 5249 2329 5316; x_wconf 83' lang='grc' dir='ltr'>Ῥωμαίους,</span> 
     </span>
    </p>
   </div>
   <div class='ocr_carea' id='block_1_107' title="bbox 766 5326 2329 5402">
    <p class='ocr_par' dir='ltr' id='par_1_107' title="bbox 766 5326 2329 5402">
     <span class='ocr_line' id='line_1_107' title="bbox 766 5326 2329 5402; baseline 0.007 -28"><span class='ocrx_word' id='word_1_789' title='bbox 766 5326 859 5375; x_wconf 68' lang='grc' dir='ltr'>καὶ</span> <span class='ocrx_word' id='word_1_790' title='bbox 882 5327 909 5376; x_wconf 93' lang='lat'>6</span> <span class='ocrx_word' id='word_1_791' title='bbox 935 5327 1185 5390; x_wconf 84' lang='grc' dir='ltr'>βασιλεὺς</span> <span class='ocrx_word' id='word_1_792' title='bbox 1213 5327 1404 5395; x_wconf 78' lang='grc' dir='ltr'>ἔφυγε,</span> <span class='ocrx_word' id='word_1_793' title='bbox 1436 5329 1530 5380; x_wconf 77' lang='grc' dir='ltr'>καὶ</span> <span class='ocrx_word' id='word_1_794' title='bbox 1559 5329 1618 5380; x_wconf 91' lang='lat'>:6</span> <span class='ocrx_word' id='word_1_795' title='bbox 1640 5329 2004 5398; x_wconf 77' lang='grc' dir='ltr'>στρατόπεδον</span> <span class='ocrx_word' id='word_1_796' title='bbox 2030 5331 2329 5402; x_wconf 75' lang='grc' dir='ltr'>διηρπάγη.</span> 
     </span>
    </p>
   </div>
   <div class='ocr_carea' id='block_1_108' title="bbox 834 5404 2325 5480">
    <p class='ocr_par' dir='ltr' id='par_1_108' title="bbox 834 5404 2325 5480">
     <span class='ocr_line' id='line_1_108' title="bbox 834 5404 2325 5480; baseline 0.005 -23"><span class='ocrx_word' id='word_1_797' title='bbox 834 5404 898 5458; x_wconf 81' lang='grc' dir='ltr'>Ν.</span> <span class='ocrx_word' id='word_1_798' title='bbox 930 5407 1041 5458; x_wconf 85' lang='grc' dir='ltr'>ΧΗ.</span> <span class='ocrx_word' id='word_1_799' title='bbox 1078 5411 1199 5462; x_wconf 85' lang='grc' dir='ltr'>’Ὁτι</span> <span class='ocrx_word' id='word_1_800' title='bbox 1222 5410 1533 5463; x_wconf 81' lang='grc' dir='ltr'>ἐπανελθὼν</span> <span class='ocrx_word' id='word_1_801' title='bbox 1561 5413 1589 5462; x_wconf 92' lang='lat'>6</span> <span class='ocrx_word' id='word_1_802' title='bbox 1615 5411 1871 5478; x_wconf 83' lang='grc' dir='ltr'>βασιλεὺς</span> <span class='ocrx_word' id='word_1_803' title='bbox 1899 5413 1982 5472; x_wconf 84' lang='grc' dir='ltr'>είς</span> <span class='ocrx_word' id='word_1_804' title='bbox 2011 5415 2111 5480; x_wconf 75' lang='grc' dir='ltr'>την</span> <span class='ocrx_word' id='word_1_805' title='bbox 2147 5414 2325 5478; x_wconf 77' lang='grc' dir='ltr'>πόλιν,</span> 
     </span>
    </p>
   </div>
   <div class='ocr_carea' id='block_1_109' title="bbox 768 5488 2334 5565">
    <p class='ocr_par' dir='ltr' id='par_1_109' title="bbox 768 5488 2334 5565">
     <span class='ocr_line' id='line_1_109' title="bbox 768 5488 2334 5565; baseline 0.004 -23"><span class='ocrx_word' id='word_1_806' title='bbox 768 5488 978 5557; x_wconf 83' lang='grc' dir='ltr'>βαρέως</span> <span class='ocrx_word' id='word_1_807' title='bbox 1014 5494 1123 5552; x_wconf 85' lang='grc' dir='ltr'>τοῖς</span> <span class='ocrx_word' id='word_1_808' title='bbox 1155 5492 1247 5544; x_wconf 83' lang='grc' dir='ltr'>ὑπ’</span> <span class='ocrx_word' id='word_1_809' title='bbox 1277 5493 1443 5545; x_wconf 77' lang='grc' dir='ltr'>αὑτὸν</span> <span class='ocrx_word' id='word_1_810' title='bbox 1476 5495 1862 5564; x_wconf 81' lang='grc' dir='ltr'>προσεφέρετο.</span> <span class='ocrx_word' id='word_1_811' title='bbox 1889 5496 2023 5565; x_wconf 79' lang='grc' dir='ltr'>Περὶ</span> <span class='ocrx_word' id='word_1_812' title='bbox 2054 5495 2153 5563; x_wconf 80' lang='grc' dir='ltr'>τῆς</span> <span class='ocrx_word' id='word_1_813' title='bbox 2183 5498 2334 5565; x_wconf 79' lang='grc' dir='ltr'>παρὰ</span> 
     </span>
    </p>
   </div>
   <div class='ocr_carea' id='block_1_110' title="bbox 769 5573 2331 5647">
    <p class='ocr_par' dir='ltr' id='par_1_110' title="bbox 769 5573 2331 5647">
     <span class='ocr_line' id='line_1_110' title="bbox 769 5573 2331 5647; baseline 0.006 -25"><span class='ocrx_word' id='word_1_814' title='bbox 769 5573 859 5623; x_wconf 85' lang='grc' dir='ltr'>τοῦ</span> <span class='ocrx_word' id='word_1_815' title='bbox 897 5573 1181 5639; x_wconf 80' lang='grc' dir='ltr'>Ῥωμανοῦ</span> <span class='ocrx_word' id='word_1_816' title='bbox 1203 5575 1530 5645; x_wconf 87' lang='grc' dir='ltr'>δομηθείσης</span> <span class='ocrx_word' id='word_1_817' title='bbox 1567 5579 1757 5644; x_wconf 83' lang='grc' dir='ltr'>μονῆς.</span> <span class='ocrx_word' id='word_1_818' title='bbox 1791 5579 1928 5647; x_wconf 76' lang='grc' dir='ltr'>Περὶ</span> <span class='ocrx_word' id='word_1_819' title='bbox 1955 5578 2050 5631; x_wconf 86' lang='grc' dir='ltr'>τοῦ</span> <span class='ocrx_word' id='word_1_820' title='bbox 2088 5578 2205 5631; x_wconf 89' lang='grc' dir='ltr'>υἱοῦ</span> <span class='ocrx_word' id='word_1_821' title='bbox 2239 5579 2331 5632; x_wconf 82' lang='grc' dir='ltr'>τοῦ</span> 
     </span>
    </p>
   </div>
   <div class='ocr_carea' id='block_1_111' title="bbox 771 5655 2332 5732">
    <p class='ocr_par' dir='ltr' id='par_1_111' title="bbox 771 5655 2332 5732">
     <span class='ocr_line' id='line_1_111' title="bbox 771 5655 2332 5732; baseline 0.006 -26"><span class='ocrx_word' id='word_1_822' title='bbox 771 5655 1094 5709; x_wconf 73' lang='grc' dir='ltr'>Χαλεπίτου.</span> <span class='ocrx_word' id='word_1_823' title='bbox 1134 5659 1266 5723; x_wconf 77' lang='grc' dir='ltr'>Περὶ</span> <span class='ocrx_word' id='word_1_824' title='bbox 1291 5661 1704 5712; x_wconf 79' lang='grc' dir='ltr'>Κωνσταντίνου</span> <span class='ocrx_word' id='word_1_825' title='bbox 1733 5659 1828 5712; x_wconf 85' lang='grc' dir='ltr'>τοῦ</span> <span class='ocrx_word' id='word_1_826' title='bbox 1859 5661 2163 5728; x_wconf 82' lang='grc' dir='ltr'>Διογένους.</span> <span class='ocrx_word' id='word_1_827' title='bbox 2200 5663 2332 5732; x_wconf 75' lang='grc' dir='ltr'>Περὶ</span> 
     </span>
    </p>
   </div>
   <div class='ocr_carea' id='block_1_112' title="bbox 770 5736 2328 5814">
    <p class='ocr_par' dir='ltr' id='par_1_112' title="bbox 770 5736 2328 5814">
     <span class='ocr_line' id='line_1_112' title="bbox 770 5736 2328 5814; baseline 0.005 -26"><span class='ocrx_word' id='word_1_828' title='bbox 770 5736 1038 5806; x_wconf 66' lang='grc' dir='ltr'>διατρῦρων</span> <span class='ocrx_word' id='word_1_829' title='bbox 1111 5738 1276 5792; x_wconf 78' lang='grc' dir='ltr'>ἐθνῶν</span> <span class='ocrx_word' id='word_1_830' title='bbox 1344 5741 1450 5794; x_wconf 87' lang='grc' dir='ltr'>τῶν</span> <span class='ocrx_word' id='word_1_831' title='bbox 1512 5742 1603 5793; x_wconf 76' lang='grc' dir='ltr'>ὑπὲ</span> <span class='ocrx_word' id='word_1_832' title='bbox 1673 5740 1992 5812; x_wconf 71' lang='grc' dir='ltr'>Ῥωμαίους.</span> <span class='ocrx_word' id='word_1_833' title='bbox 2054 5744 2188 5813; x_wconf 74' lang='grc' dir='ltr'>Περὶ</span> <span class='ocrx_word' id='word_1_834' title='bbox 2234 5744 2328 5814; x_wconf 81' lang='grc' dir='ltr'>τῆς</span> 
     </span>
    </p>
   </div>
   <div class='ocr_carea' id='block_1_113' title="bbox 2432 4574 4013 4645">
    <p class='ocr_par' dir='ltr' id='par_1_113' title="bbox 2432 4574 4013 4645">
     <span class='ocr_line' id='line_1_113' title="bbox 2432 4574 4013 4645; baseline -0.003 -14"><span class='ocrx_word' id='word_1_835' title='bbox 2432 4578 2575 4631; x_wconf 88' lang='grc' dir='ltr'>θεῖον</span> <span class='ocrx_word' id='word_1_836' title='bbox 2609 4578 2773 4629; x_wconf 72' lang='grc' dir='ltr'>αὐτοῦ</span> <span class='ocrx_word' id='word_1_837' title='bbox 2811 4577 2902 4630; x_wconf 80' lang='grc' dir='ltr'>τὸν</span> <span class='ocrx_word' id='word_1_838' title='bbox 2953 4575 3412 4645; x_wconf 74' lang='grc' dir='ltr'>Ὀρφανοτρόφον.</span> <span class='ocrx_word' id='word_1_839' title='bbox 3477 4574 3696 4643; x_wconf 79' lang='grc' dir='ltr'>Ἐξορία</span> <span class='ocrx_word' id='word_1_840' title='bbox 3727 4574 3824 4626; x_wconf 86' lang='grc' dir='ltr'>τοῦ</span> <span class='ocrx_word' id='word_1_841' title='bbox 3886 4576 4013 4643; x_wconf 79' lang='grc' dir='ltr'>Ὀρ-</span> 
     </span>
    </p>
   </div>
   <div class='ocr_carea' id='block_1_114' title="bbox 2432 4658 4011 4732">
    <p class='ocr_par' dir='ltr' id='par_1_114' title="bbox 2432 4658 4011 4732">
     <span class='ocr_line' id='line_1_114' title="bbox 2432 4658 4011 4732; baseline -0.003 -17"><span class='ocrx_word' id='word_1_842' title='bbox 2432 4665 2798 4732; x_wconf 78' lang='grc' dir='ltr'>φανοτρόφου.</span> <span class='ocrx_word' id='word_1_843' title='bbox 2834 4663 2958 4714; x_wconf 77' lang='grc' dir='ltr'>Ὀτι</span> <span class='ocrx_word' id='word_1_844' title='bbox 2991 4663 3116 4723; x_wconf 66' lang='grc' dir='ltr'>τοὺς</span> <span class='ocrx_word' id='word_1_845' title='bbox 3141 4663 3374 4721; x_wconf 86' lang='grc' dir='ltr'>οἰκείους</span> <span class='ocrx_word' id='word_1_846' title='bbox 3409 4661 3696 4726; x_wconf 79' lang='grc' dir='ltr'>συγγενεῖς</span> <span class='ocrx_word' id='word_1_847' title='bbox 3731 4661 3761 4710; x_wconf 81' lang='grc' dir='ltr'><strong><em>ὁ</em></strong></span> <span class='ocrx_word' id='word_1_848' title='bbox 3786 4658 4011 4727; x_wconf 75' lang='grc' dir='ltr'>Μιχαὴλ</span> 
     </span>
    </p>
   </div>
   <div class='ocr_carea' id='block_1_115' title="bbox 2433 4747 2668 4816">
    <p class='ocr_par' dir='ltr' id='par_1_115' title="bbox 2433 4747 2668 4816">
     <span class='ocr_line' id='line_1_115' title="bbox 2433 4747 2668 4816; baseline 0.013 -19"><span class='ocrx_word' id='word_1_849' title='bbox 2433 4747 2668 4816; x_wconf 62' lang='grc' dir='ltr'>ὑϐρίζει.</span> 
     </span>
    </p>
   </div>
   <div class='ocr_carea' id='block_1_116' title="bbox 2505 4823 4012 4893">
    <p class='ocr_par' dir='ltr' id='par_1_116' title="bbox 2505 4823 4012 4893">
     <span class='ocr_line' id='line_1_116' title="bbox 2505 4823 4012 4893; baseline -0.004 -11"><span class='ocrx_word' id='word_1_850' title='bbox 2505 4830 2568 4882; x_wconf 86' lang='grc' dir='ltr'>Ν.</span> <span class='ocrx_word' id='word_1_851' title='bbox 2608 4828 2746 4882; x_wconf 72' lang='lat' dir='ltr'><strong>XIX.</strong></span> <span class='ocrx_word' id='word_1_852' title='bbox 2779 4830 2903 4880; x_wconf 83' lang='grc' dir='ltr'>Ὀτι</span> <span class='ocrx_word' id='word_1_853' title='bbox 2935 4827 3204 4888; x_wconf 85' lang='grc' dir='ltr'>αίτιὰσεις</span> <span class='ocrx_word' id='word_1_854' title='bbox 3251 4826 3392 4878; x_wconf 85' lang='grc' dir='ltr'>κατά</span> <span class='ocrx_word' id='word_1_855' title='bbox 3423 4824 3523 4891; x_wconf 78' lang='grc' dir='ltr'>τῆς</span> <span class='ocrx_word' id='word_1_856' title='bbox 3553 4823 3826 4893; x_wconf 71' lang='grc' dir='ltr'>βασιλίδος</span> <span class='ocrx_word' id='word_1_857' title='bbox 3847 4825 4012 4891; x_wconf 81' lang='grc' dir='ltr'>Ζωῆς</span> 
     </span>
    </p>
   </div>
   <div class='ocr_carea' id='block_1_117' title="bbox 2435 4908 4013 4982">
    <p class='ocr_par' dir='ltr' id='par_1_117' title="bbox 2435 4908 4013 4982">
     <span class='ocr_line' id='line_1_117' title="bbox 2435 4908 4013 4982; baseline -0.007 -16"><span class='ocrx_word' id='word_1_858' title='bbox 2435 4914 2783 4982; x_wconf 80' lang='grc' dir='ltr'>πλασάμενος</span> <span class='ocrx_word' id='word_1_859' title='bbox 2824 4911 2852 4962; x_wconf 89' lang='lat'>6</span> <span class='ocrx_word' id='word_1_860' title='bbox 2893 4911 3116 4979; x_wconf 79' lang='grc' dir='ltr'>Μιχαὴλ</span> <span class='ocrx_word' id='word_1_861' title='bbox 3152 4912 3439 4977; x_wconf 80' lang='grc' dir='ltr'>ἀποκείρει</span> <span class='ocrx_word' id='word_1_862' title='bbox 3491 4908 3666 4974; x_wconf 78' lang='grc' dir='ltr'>αὐτὴν</span> <span class='ocrx_word' id='word_1_863' title='bbox 3711 4908 4013 4978; x_wconf 71' lang='grc' dir='ltr'>πρότερον,</span> 
     </span>
    </p>
   </div>
   <div class='ocr_carea' id='block_1_118' title="bbox 2432 4990 4011 5065">
    <p class='ocr_par' dir='ltr' id='par_1_118' title="bbox 2432 4990 4011 5065">
     <span class='ocr_line' id='line_1_118' title="bbox 2432 4990 4011 5065; baseline -0.005 -16"><span class='ocrx_word' id='word_1_864' title='bbox 2432 4999 2510 5058; x_wconf 86' lang='grc' dir='ltr'>εἰς</span> <span class='ocrx_word' id='word_1_865' title='bbox 2535 4998 2634 5065; x_wconf 79' lang='grc' dir='ltr'>τὴν</span> <span class='ocrx_word' id='word_1_866' title='bbox 2689 4993 2784 5047; x_wconf 85' lang='grc' dir='ltr'>τοῦ</span> <span class='ocrx_word' id='word_1_867' title='bbox 2844 4995 3150 5061; x_wconf 74' lang='grc' dir='ltr'>Ιῖρὶγκιπος</span> <span class='ocrx_word' id='word_1_868' title='bbox 3209 4993 3372 5058; x_wconf 74' lang='grc' dir='ltr'>νῆσον</span> <span class='ocrx_word' id='word_1_869' title='bbox 3431 4990 3758 5061; x_wconf 85' lang='grc' dir='ltr'>περιορίσας</span> <span class='ocrx_word' id='word_1_870' title='bbox 3807 4991 4011 5060; x_wconf 70' lang='grc' dir='ltr'>αὐτην.</span> 
     </span>
    </p>
   </div>
   <div class='ocr_carea' id='block_1_119' title="bbox 2436 5074 4001 5144">
    <p class='ocr_par' dir='ltr' id='par_1_119' title="bbox 2436 5074 4001 5144">
     <span class='ocr_line' id='line_1_119' title="bbox 2436 5074 4001 5144; baseline -0.004 -13"><span class='ocrx_word' id='word_1_871' title='bbox 2436 5080 2558 5132; x_wconf 76' lang='grc' dir='ltr'>Ὀτι</span> <span class='ocrx_word' id='word_1_872' title='bbox 2596 5077 2681 5130; x_wconf 71' lang='grc' dir='ltr'>δια</span> <span class='ocrx_word' id='word_1_873' title='bbox 2714 5078 2812 5144; x_wconf 83' lang='grc' dir='ltr'>τὴν</span> <span class='ocrx_word' id='word_1_874' title='bbox 2855 5079 3044 5129; x_wconf 81' lang='grc' dir='ltr'>στάσιν</span> <span class='ocrx_word' id='word_1_875' title='bbox 3078 5074 3412 5143; x_wconf 85' lang='grc' dir='ltr'>ἀνεκομίσθη</span> <span class='ocrx_word' id='word_1_876' title='bbox 3460 5077 3492 5144; x_wconf 78' lang='grc' dir='ltr'><strong>ὴ</strong></span> <span class='ocrx_word' id='word_1_877' title='bbox 3539 5074 3776 5142; x_wconf 78' lang='grc' dir='ltr'>βασιλὶς,</span> <span class='ocrx_word' id='word_1_878' title='bbox 3826 5074 3927 5125; x_wconf 78' lang='grc' dir='ltr'>καὶ</span> <span class='ocrx_word' id='word_1_879' title='bbox 3973 5075 4001 5125; x_wconf 90' lang='lat'>6</span> 
     </span>
    </p>
   </div>
   <div class='ocr_carea' id='block_1_120' title="bbox 2432 5156 4009 5230">
    <p class='ocr_par' dir='ltr' id='par_1_120' title="bbox 2432 5156 4009 5230">
     <span class='ocr_line' id='line_1_120' title="bbox 2432 5156 4009 5230; baseline -0.003 -18"><span class='ocrx_word' id='word_1_880' title='bbox 2432 5163 2560 5224; x_wconf 71' lang='grc' dir='ltr'>λαὸς</span> <span class='ocrx_word' id='word_1_881' title='bbox 2583 5157 3012 5230; x_wconf 82' lang='grc' dir='ltr'>μελενδυτοῦσαν</span> <span class='ocrx_word' id='word_1_882' title='bbox 3037 5159 3160 5210; x_wconf 72' lang='grc' dir='ltr'>ἰδὼν</span> <span class='ocrx_word' id='word_1_883' title='bbox 3183 5157 3352 5225; x_wconf 79' lang='grc' dir='ltr'>αὐτὴν</span> <span class='ocrx_word' id='word_1_884' title='bbox 3375 5158 3454 5218; x_wconf 82' lang='grc' dir='ltr'>είς</span> <span class='ocrx_word' id='word_1_885' title='bbox 3477 5156 3642 5209; x_wconf 82' lang='grc' dir='ltr'>πλέον</span> <span class='ocrx_word' id='word_1_886' title='bbox 3665 5156 4009 5225; x_wconf 84' lang='grc' dir='ltr'>τεθύμωται.</span> 
     </span>
    </p>
   </div>
   <div class='ocr_carea' id='block_1_121' title="bbox 2436 5241 4012 5313">
    <p class='ocr_par' dir='ltr' id='par_1_121' title="bbox 2436 5241 4012 5313">
     <span class='ocr_line' id='line_1_121' title="bbox 2436 5241 4012 5313; baseline -0.013 -5"><span class='ocrx_word' id='word_1_887' title='bbox 2436 5247 2559 5300; x_wconf 77' lang='grc' dir='ltr'>Ὅτι</span> <span class='ocrx_word' id='word_1_888' title='bbox 2608 5246 2742 5313; x_wconf 76' lang='grc' dir='ltr'>πρὸς</span> <span class='ocrx_word' id='word_1_889' title='bbox 2775 5242 2874 5312; x_wconf 79' lang='grc' dir='ltr'>τὴν</span> <span class='ocrx_word' id='word_1_890' title='bbox 2903 5243 2998 5310; x_wconf 84' lang='grc' dir='ltr'>τῆς</span> <span class='ocrx_word' id='word_1_891' title='bbox 3023 5245 3182 5311; x_wconf 85' lang='grc' dir='ltr'>Ζωῆς</span> <span class='ocrx_word' id='word_1_892' title='bbox 3215 5242 3452 5311; x_wconf 77' lang='grc' dir='ltr'>ἀδελφὴν</span> <span class='ocrx_word' id='word_1_893' title='bbox 3487 5241 3585 5312; x_wconf 79' lang='grc' dir='ltr'>τὴν</span> <span class='ocrx_word' id='word_1_894' title='bbox 3627 5242 3923 5311; x_wconf 70' lang='grc' dir='ltr'>θεοδὼραν</span> <span class='ocrx_word' id='word_1_895' title='bbox 3952 5243 4012 5295; x_wconf 74' lang='grc' dir='ltr'>τὸ</span> 
     </span>
    </p>
   </div>
   <div class='ocr_carea' id='block_1_122' title="bbox 2433 5325 4008 5397">
    <p class='ocr_par' dir='ltr' id='par_1_122' title="bbox 2433 5325 4008 5397">
     <span class='ocr_line' id='line_1_122' title="bbox 2433 5325 4008 5397; baseline -0.001 -17"><span class='ocrx_word' id='word_1_896' title='bbox 2433 5328 2634 5395; x_wconf 81' lang='grc' dir='ltr'>πλῆθος</span> <span class='ocrx_word' id='word_1_897' title='bbox 2657 5326 2888 5397; x_wconf 82' lang='grc' dir='ltr'>τραπὲν,</span> <span class='ocrx_word' id='word_1_898' title='bbox 2915 5327 3234 5392; x_wconf 76' lang='grc' dir='ltr'>Αύγούσταν</span> <span class='ocrx_word' id='word_1_899' title='bbox 3259 5326 3429 5388; x_wconf 80' lang='grc' dir='ltr'>αὐτὴν</span> <span class='ocrx_word' id='word_1_900' title='bbox 3456 5325 3832 5393; x_wconf 78' lang='grc' dir='ltr'>ἀνηγόρευσεν</span> <span class='ocrx_word' id='word_1_901' title='bbox 3858 5330 3920 5378; x_wconf 89' lang='grc' dir='ltr'>ἐν</span> <span class='ocrx_word' id='word_1_902' title='bbox 3939 5331 4008 5397; x_wconf 74' lang='grc' dir='ltr'>τῇ</span> 
     </span>
    </p>
   </div>
   <div class='ocr_carea' id='block_1_123' title="bbox 2433 5407 4010 5480">
    <p class='ocr_par' dir='ltr' id='par_1_123' title="bbox 2433 5407 4010 5480">
     <span class='ocr_line' id='line_1_123' title="bbox 2433 5407 4010 5480; baseline -0.003 -16"><span class='ocrx_word' id='word_1_903' title='bbox 2433 5411 2660 5480; x_wconf 77' lang='grc' dir='ltr'>Μεγάλῃ</span> <span class='ocrx_word' id='word_1_904' title='bbox 2751 5409 3038 5478; x_wconf 74' lang='grc' dir='ltr'>ἐκκλησίᾳ,</span> <span class='ocrx_word' id='word_1_905' title='bbox 3094 5412 3188 5461; x_wconf 73' lang='grc' dir='ltr'>καὶ</span> <span class='ocrx_word' id='word_1_906' title='bbox 3240 5409 3324 5461; x_wconf 85' lang='grc' dir='ltr'>ὅτι</span> <span class='ocrx_word' id='word_1_907' title='bbox 3379 5409 3459 5470; x_wconf 89' lang='grc' dir='ltr'>εἰς</span> <span class='ocrx_word' id='word_1_908' title='bbox 3514 5407 3614 5476; x_wconf 83' lang='grc' dir='ltr'>τὴν</span> <span class='ocrx_word' id='word_1_909' title='bbox 3676 5408 3852 5477; x_wconf 78' lang='grc' dir='ltr'>μονὴν</span> <span class='ocrx_word' id='word_1_910' title='bbox 3913 5409 4010 5462; x_wconf 86' lang='lat'>:06</span> 
     </span>
    </p>
   </div>
   <div class='ocr_carea' id='block_1_124' title="bbox 2434 5490 4013 5561">
    <p class='ocr_par' dir='ltr' id='par_1_124' title="bbox 2434 5490 4013 5561">
     <span class='ocr_line' id='line_1_124' title="bbox 2434 5490 4013 5561; baseline -0.003 -15"><span class='ocrx_word' id='word_1_911' title='bbox 2434 5494 2683 5546; x_wconf 80' lang='grc' dir='ltr'>Στουδίου</span> <span class='ocrx_word' id='word_1_912' title='bbox 2713 5495 2740 5545; x_wconf 92' lang='lat'>6</span> <span class='ocrx_word' id='word_1_913' title='bbox 2781 5491 3002 5561; x_wconf 74' lang='grc' dir='ltr'>Μιχαὴλ</span> <span class='ocrx_word' id='word_1_914' title='bbox 3035 5491 3132 5544; x_wconf 78' lang='grc' dir='ltr'>καὶ</span> <span class='ocrx_word' id='word_1_915' title='bbox 3173 5491 3203 5544; x_wconf 93' lang='lat'>6</span> <span class='ocrx_word' id='word_1_916' title='bbox 3243 5492 3388 5554; x_wconf 80' lang='grc' dir='ltr'>θεῖος</span> <span class='ocrx_word' id='word_1_917' title='bbox 3429 5490 3598 5544; x_wconf 83' lang='grc' dir='ltr'>αὑτοῦ</span> <span class='ocrx_word' id='word_1_918' title='bbox 3648 5493 3678 5541; x_wconf 80' lang='lat'>6</span> <span class='ocrx_word' id='word_1_919' title='bbox 3719 5493 4013 5545; x_wconf 78' lang='grc' dir='ltr'>Κωνσταν-</span> 
     </span>
    </p>
   </div>
   <div class='ocr_carea' id='block_1_125' title="bbox 2433 5573 4003 5644">
    <p class='ocr_par' dir='ltr' id='par_1_125' title="bbox 2433 5573 4003 5644">
     <span class='ocr_line' id='line_1_125' title="bbox 2433 5573 4003 5644; baseline -0.001 -16"><span class='ocrx_word' id='word_1_920' title='bbox 2433 5579 2574 5638; x_wconf 78' lang='grc' dir='ltr'>τίνος</span> <span class='ocrx_word' id='word_1_921' title='bbox 2601 5575 2860 5644; x_wconf 82' lang='grc' dir='ltr'>ἀπῆλθον.</span> <span class='ocrx_word' id='word_1_922' title='bbox 2889 5577 3009 5628; x_wconf 80' lang='grc' dir='ltr'>Ὅτι</span> <span class='ocrx_word' id='word_1_923' title='bbox 3037 5574 3426 5644; x_wconf 80' lang='grc' dir='ltr'>ἐτυφλώθησαν</span> <span class='ocrx_word' id='word_1_924' title='bbox 3450 5574 3478 5624; x_wconf 84' lang='lat'>6</span> <span class='ocrx_word' id='word_1_925' title='bbox 3499 5573 3757 5642; x_wconf 74' lang='grc' dir='ltr'>βασιλεὺς</span> <span class='ocrx_word' id='word_1_926' title='bbox 3783 5575 4003 5644; x_wconf 67' lang='grc' dir='ltr'>Μιχαὴῖ</span> 
     </span>
    </p>
   </div>
   <div class='ocr_carea' id='block_1_126' title="bbox 2435 5659 4007 5728">
    <p class='ocr_par' dir='ltr' id='par_1_126' title="bbox 2435 5659 4007 5728">
     <span class='ocr_line' id='line_1_126' title="bbox 2435 5659 4007 5728; baseline 0.001 -16"><span class='ocrx_word' id='word_1_927' title='bbox 2435 5662 2586 5714; x_wconf 77' lang='grc' dir='ltr'>καὶὸ</span> <span class='ocrx_word' id='word_1_928' title='bbox 2630 5660 2774 5722; x_wconf 81' lang='grc' dir='ltr'>θεϊος</span> <span class='ocrx_word' id='word_1_929' title='bbox 2830 5659 2996 5711; x_wconf 75' lang='grc' dir='ltr'>αὑτοῦ</span> <span class='ocrx_word' id='word_1_930' title='bbox 3043 5661 3070 5712; x_wconf 87' lang='lat'>6</span> <span class='ocrx_word' id='word_1_931' title='bbox 3129 5659 3502 5728; x_wconf 78' lang='grc' dir='ltr'>νοϐελλίσιμος</span> <span class='ocrx_word' id='word_1_932' title='bbox 3561 5660 4007 5723; x_wconf 71' lang='grc' dir='ltr'>Κωνσταντῖνος,</span> 
     </span>
    </p>
   </div>
   <div class='ocr_carea' id='block_1_127' title="bbox 2438 5740 3184 5812">
    <p class='ocr_par' dir='ltr' id='par_1_127' title="bbox 2438 5740 3184 5812">
     <span class='ocr_line' id='line_1_127' title="bbox 2438 5740 3184 5812; baseline -0.001 -16"><span class='ocrx_word' id='word_1_933' title='bbox 2438 5740 2555 5798; x_wconf 73' lang='grc' dir='ltr'>εἶτα</span> <span class='ocrx_word' id='word_1_934' title='bbox 2585 5746 2677 5796; x_wconf 77' lang='grc' dir='ltr'>κ)ὶ</span> <span class='ocrx_word' id='word_1_935' title='bbox 2711 5744 3184 5812; x_wconf 68' lang='grc' dir='ltr'>-ξιπςρωρίσθησαν.</span> 
     </span>
    </p>
   </div>
  </div>
