  <div class='ocr_page' id='page_1' title='image "/cluster/home/n/w/nwhite01/storage/ocr_20150623/135/nnc1.0046979727/212.png"; bbox 0 0 4236 6442; ppageno 0'>
   <div class='ocr_carea' id='block_1_1' title="bbox 163 384 265 448">
    <p class='ocr_par' dir='ltr' id='par_1_1' title="bbox 163 384 265 448">
     <span class='ocr_line' id='line_1_1' title="bbox 163 384 265 448; baseline 0.029 -3"><span class='ocrx_word' id='word_1_1' title='bbox 163 384 265 448; x_wconf 82' lang='lat'><strong>389</strong></span> 
     </span>
    </p>
   </div>
   <div class='ocr_carea' id='block_1_2' title="bbox 1454 367 2107 431">
    <p class='ocr_par' dir='ltr' id='par_1_2' title="bbox 1454 367 2107 431">
     <span class='ocr_line' id='line_1_2' title="bbox 1454 367 2107 431; baseline 0.005 -3"><span class='ocrx_word' id='word_1_2' title='bbox 1454 368 1552 428; x_wconf 84' lang='lat' dir='ltr'><strong><em>DE</em></strong></span> <span class='ocrx_word' id='word_1_3' title='bbox 1592 367 1694 427; x_wconf 76' lang='lat' dir='ltr'><strong>11F</strong></span> <span class='ocrx_word' id='word_1_4' title='bbox 1704 367 1959 427; x_wconf 79' lang='lat' dir='ltr'><strong>BDOMO</strong></span> <span class='ocrx_word' id='word_1_5' title='bbox 1999 370 2107 431; x_wconf 72' lang='grc' dir='ltr'><strong><em>(ΣΡ.</em></strong></span> 
     </span>
    </p>
   </div>
   <div class='ocr_carea' id='block_1_3' title="bbox 265 476 3408 558">
    <p class='ocr_par' dir='ltr' id='par_1_3' title="bbox 265 476 3408 558">
     <span class='ocr_line' id='line_1_3' title="bbox 265 476 3408 558; baseline -0.001 -15"><span class='ocrx_word' id='word_1_6' title='bbox 265 490 520 558; x_wconf 68' lang='lat' dir='ltr'><strong><em>aediﬁcia,</em></strong></span> <span class='ocrx_word' id='word_1_7' title='bbox 561 498 716 558; x_wconf 68' lang='lat' dir='ltr'><strong><em>atque</em></strong></span> <span class='ocrx_word' id='word_1_8' title='bbox 748 486 820 558; x_wconf 85' lang='lat' dir='ltr'><strong><em>in_</em></strong></span> <span class='ocrx_word' id='word_1_9' title='bbox 842 487 903 558; x_wconf 68' lang='lat' dir='ltr'><strong><em>iis</em></strong></span> <span class='ocrx_word' id='word_1_10' title='bbox 940 482 1201 558; x_wconf 69' lang='lat' dir='ltr'><strong><em>Tribunal</em></strong></span> <span class='ocrx_word' id='word_1_11' title='bbox 1223 490 1273 558; x_wconf 73' lang='lat' dir='ltr'><strong><em>et</em></strong></span> <span class='ocrx_word' id='word_1_12' title='bbox 1301 479 1573 533; x_wconf 78' lang='lat' dir='ltr'><strong><em>P..!atiam</em></strong></span> <span class='ocrx_word' id='word_1_13' title='bbox 1600 478 1732 558; x_wconf 64' lang='lat' dir='ltr'><strong><em>ileb-</em></strong></span> <span class='ocrx_word' id='word_1_14' title='bbox 1762 489 1811 537; x_wconf 74' lang='grc' dir='ltr'>Α</span> <span class='ocrx_word' id='word_1_15' title='bbox 1840 476 2017 558; x_wconf 55' lang='lat' dir='ltr'><strong><em>XVI].</em></strong></span> <span class='ocrx_word' id='word_1_16' title='bbox 2051 484 2131 558; x_wconf 72' lang='grc' dir='ltr'><em>ᾼη</em></span> <span class='ocrx_word' id='word_1_17' title='bbox 2166 481 2465 551; x_wconf 63' lang='lat' dir='ltr'><strong><em>rip-iactata</em></strong></span> <span class='ocrx_word' id='word_1_18' title='bbox 2497 498 2585 534; x_wconf 86' lang='lat' dir='ltr'><strong><em>seu</em></strong></span> <span class='ocrx_word' id='word_1_19' title='bbox 2614 484 2918 539; x_wconf 79' lang='lat' dir='ltr'><strong><em>suburbana</em></strong></span> <span class='ocrx_word' id='word_1_20' title='bbox 2941 486 3145 554; x_wconf 76' lang='lat' dir='ltr'><strong><em>oppidis</em></strong></span> <span class='ocrx_word' id='word_1_21' title='bbox 3163 490 3408 557; x_wconf 72' lang='lat' dir='ltr'><strong><em>proxima</em></strong></span> 
     </span>
    </p>
   </div>
   <div class='ocr_carea' id='block_1_4' title="bbox 264 547 1731 619">
    <p class='ocr_par' dir='ltr' id='par_1_4' title="bbox 264 547 1731 619">
     <span class='ocr_line' id='line_1_4' title="bbox 264 547 1731 619; baseline -0.01 -7"><span class='ocrx_word' id='word_1_22' title='bbox 264 547 430 613; x_wconf 70' lang='lat' dir='ltr'><strong><em>tlouii.</em></strong></span> <span class='ocrx_word' id='word_1_23' title='bbox 471 547 529 613; x_wconf 82' lang='lat' dir='ltr'><strong><em>In</em></strong></span> <span class='ocrx_word' id='word_1_24' title='bbox 564 547 841 609; x_wconf 49' lang='lat' dir='ltr'><strong><em>Tr&#39;ibnnali</em></strong></span> <span class='ocrx_word' id='word_1_25' title='bbox 867 555 1030 607; x_wconf 79' lang='lat' dir='ltr'><strong><em>levari</em></strong></span> <span class='ocrx_word' id='word_1_26' title='bbox 1055 553 1201 603; x_wconf 71' lang='lat' dir='ltr'><strong><em>soliti</em></strong></span> <span class='ocrx_word' id='word_1_27' title='bbox 1221 552 1567 619; x_wconf 80' lang='lat' dir='ltr'><strong><em>imperatores</em></strong></span> <span class='ocrx_word' id='word_1_28' title='bbox 1594 547 1731 619; x_wconf 28' lang='lat' dir='ltr'><strong><em>Cons</em></strong></span> 
     </span>
    </p>
   </div>
   <div class='ocr_carea' id='block_1_5' title="bbox 264 616 1732 695">
    <p class='ocr_par' dir='ltr' id='par_1_5' title="bbox 264 616 1732 695">
     <span class='ocr_line' id='line_1_5' title="bbox 264 616 1732 695; baseline -0.01 -13"><span class='ocrx_word' id='word_1_29' title='bbox 264 630 763 695; x_wconf 76' lang='lat' dir='ltr'><strong><em>stantinupolitani.</em></strong></span> <span class='ocrx_word' id='word_1_30' title='bbox 796 626 905 690; x_wconf 84' lang='lat' dir='ltr'><strong><em>qui,</em></strong></span> <span class='ocrx_word' id='word_1_31' title='bbox 947 624 1084 689; x_wconf 83' lang='lat' dir='ltr'><strong><em>quod</em></strong></span> <span class='ocrx_word' id='word_1_32' title='bbox 1126 622 1265 695; x_wconf 81' lang='lat' dir='ltr'><strong><em>urbis</em></strong></span> <span class='ocrx_word' id='word_1_33' title='bbox 1298 616 1562 695; x_wconf 43' lang='lat' dir='ltr'><strong><em>&#39;nttenibus</em></strong></span> <span class='ocrx_word' id='word_1_34' title='bbox 1595 616 1732 669; x_wconf 84' lang='lat' dir='ltr'><strong><em>illud</em></strong></span> 
     </span>
    </p>
   </div>
   <div class='ocr_carea' id='block_1_6' title="bbox 260 690 1678 767">
    <p class='ocr_par' dir='ltr' id='par_1_6' title="bbox 260 690 1678 767">
     <span class='ocr_line' id='line_1_6' title="bbox 260 690 1678 767; baseline -0.008 -17"><span class='ocrx_word' id='word_1_35' title='bbox 260 690 802 767; x_wconf 7' lang='lat' dir='ltr'><strong><em>tttljaceret,‘injarbe</em></strong></span> <span class='ocrx_word' id='word_1_36' title='bbox 831 695 986 767; x_wconf 56' lang='grc' dir='ltr'><strong><em>(ωιλέὲ</em></strong></span> <span class='ocrx_word' id='word_1_37' title='bbox 1027 692 1291 767; x_wconf 78' lang='lat' dir='ltr'><strong><em>interdum</em></strong></span> <span class='ocrx_word' id='word_1_38' title='bbox 1322 690 1588 767; x_wconf 77' lang='lat' dir='ltr'><strong><em>dicuntur.</em></strong></span> <span class='ocrx_word' id='word_1_39' title='bbox 1666 756 1678 767; x_wconf 44' lang='lat'><strong><em>.</em></strong></span> 
     </span>
    </p>
   </div>
   <div class='ocr_carea' id='block_1_7' title="bbox 166 760 1733 830">
    <p class='ocr_par' dir='ltr' id='par_1_7' title="bbox 166 760 1733 830">
     <span class='ocr_line' id='line_1_7' title="bbox 166 760 1733 830; baseline -0.01 -8"><span class='ocrx_word' id='word_1_40' title='bbox 166 770 252 822; x_wconf 71' lang='grc' dir='ltr'><strong><em>ΙΧ.</em></strong></span> <span class='ocrx_word' id='word_1_41' title='bbox 294 760 359 821; x_wconf 75' lang='lat' dir='ltr'><strong><em>In</em></strong></span> <span class='ocrx_word' id='word_1_42' title='bbox 412 765 689 821; x_wconf 84' lang='lat' dir='ltr'><strong><em>Tribunali</em></strong></span> <span class='ocrx_word' id='word_1_43' title='bbox 734 773 781 814; x_wconf 88' lang='lat' dir='ltr'><strong><em>et</em></strong></span> <span class='ocrx_word' id='word_1_44' title='bbox 827 766 881 816; x_wconf 89' lang='lat' dir='ltr'><strong><em>in</em></strong></span> <span class='ocrx_word' id='word_1_45' title='bbox 921 762 1123 830; x_wconf 85' lang='lat' dir='ltr'><strong><em>Campo</em></strong></span> <span class='ocrx_word' id='word_1_46' title='bbox 1175 761 1486 828; x_wconf 84' lang='lat' dir='ltr'><strong><em>inaugurati</em></strong></span> <span class='ocrx_word' id='word_1_47' title='bbox 1534 760 1733 827; x_wconf 78' lang='lat' dir='ltr'><strong><em>passim</em></strong></span> 
     </span>
    </p>
   </div>
   <div class='ocr_carea' id='block_1_8' title="bbox 268 841 515 890">
    <p class='ocr_par' dir='ltr' id='par_1_8' title="bbox 268 841 515 890">
     <span class='ocr_line' id='line_1_8' title="bbox 268 841 515 890; baseline 0 0"><span class='ocrx_word' id='word_1_48' title='bbox 268 841 515 890; x_wconf 72' lang='lat' dir='ltr'><strong><em>.luausti.</em></strong></span> 
     </span>
    </p>
   </div>
   <div class='ocr_carea' id='block_1_9' title="bbox 163 856 1729 975">
    <p class='ocr_par' dir='ltr' id='par_1_9' title="bbox 163 856 1729 975">
     <span class='ocr_line' id='line_1_9' title="bbox 163 856 1729 975; baseline -0.01 -14"><span class='ocrx_word' id='word_1_49' title='bbox 163 910 220 961; x_wconf 68' lang='grc' dir='ltr'><strong><em>Χ.</em></strong></span> <span class='ocrx_word' id='word_1_50' title='bbox 564 907 822 962; x_wconf 80' lang='lat' dir='ltr'><strong><em>Tribunal</em></strong></span> <span class='ocrx_word' id='word_1_51' title='bbox 862 914 908 957; x_wconf 86' lang='lat' dir='ltr'><strong><em>et</em></strong></span> <span class='ocrx_word' id='word_1_52' title='bbox 946 901 1214 955; x_wconf 85' lang='lat' dir='ltr'><strong><em>Palatium</em></strong></span> <span class='ocrx_word' id='word_1_53' title='bbox 1248 897 1363 975; x_wconf 74' lang='lat' dir='ltr'><strong><em>urbi</em></strong></span> <span class='ocrx_word' id='word_1_54' title='bbox 1398 897 1729 975; x_wconf 80' lang='lat' dir='ltr'><strong><em>adiunctum,</em></strong></span> 
     </span>
    </p>
   </div>
   <div class='ocr_carea' id='block_1_10' title="bbox 263 969 1728 1047">
    <p class='ocr_par' dir='ltr' id='par_1_10' title="bbox 263 969 1728 1047">
     <span class='ocr_line' id='line_1_10' title="bbox 263 969 1728 1047; baseline -0.007 -18"><span class='ocrx_word' id='word_1_55' title='bbox 263 969 563 1047; x_wconf 70' lang='lat' dir='ltr'><strong><em>promiscue</em></strong></span> <span class='ocrx_word' id='word_1_56' title='bbox 598 974 1094 1047; x_wconf 37' lang='lat' dir='ltr'><strong><em>llebdomihnomiue</em></strong></span> <span class='ocrx_word' id='word_1_57' title='bbox 1122 989 1153 1047; x_wconf 67' lang='grc' dir='ltr'><strong>ᾳ</strong></span> <span class='ocrx_word' id='word_1_58' title='bbox 1176 969 1517 1047; x_wconf 72' lang='lat' dir='ltr'><strong><em>scriptoribus</em></strong></span> <span class='ocrx_word' id='word_1_59' title='bbox 1557 970 1728 1047; x_wconf 80' lang='lat' dir='ltr'><strong><em>dona-</em></strong></span> 
     </span>
    </p>
   </div>
   <div class='ocr_carea' id='block_1_11' title="bbox 266 1039 1728 1112">
    <p class='ocr_par' dir='ltr' id='par_1_11' title="bbox 266 1039 1728 1112">
     <span class='ocr_line' id='line_1_11' title="bbox 266 1039 1728 1112; baseline -0.01 -11"><span class='ocrx_word' id='word_1_60' title='bbox 266 1039 381 1101; x_wconf 75' lang='lat' dir='ltr'><strong><em>tur.</em></strong></span> <span class='ocrx_word' id='word_1_61' title='bbox 436 1048 687 1100; x_wconf 76' lang='lat' dir='ltr'><strong><em>llebtlomi</em></strong></span> <span class='ocrx_word' id='word_1_62' title='bbox 710 1065 800 1099; x_wconf 82' lang='lat' dir='ltr'><strong><em>seu</em></strong></span> <span class='ocrx_word' id='word_1_63' title='bbox 836 1043 1020 1112; x_wconf 79' lang='lat' dir='ltr'><strong><em>Campi</em></strong></span> <span class='ocrx_word' id='word_1_64' title='bbox 1049 1040 1398 1093; x_wconf 83' lang='lat' dir='ltr'><strong><em>llebdomiani</em></strong></span> <span class='ocrx_word' id='word_1_65' title='bbox 1425 1053 1550 1107; x_wconf 88' lang='lat' dir='ltr'><strong><em>pars</em></strong></span> <span class='ocrx_word' id='word_1_66' title='bbox 1586 1039 1728 1089; x_wconf 86' lang='lat' dir='ltr'><strong><em>intra</em></strong></span> 
     </span>
    </p>
   </div>
   <div class='ocr_carea' id='block_1_12' title="bbox 274 1116 969 1169">
    <p class='ocr_par' dir='ltr' id='par_1_12' title="bbox 274 1116 969 1169">
     <span class='ocr_line' id='line_1_12' title="bbox 274 1116 969 1169; baseline -0.007 0"><span class='ocrx_word' id='word_1_67' title='bbox 274 1119 459 1169; x_wconf 76' lang='lat' dir='ltr'><strong><em>urbem</em></strong></span> <span class='ocrx_word' id='word_1_68' title='bbox 496 1120 716 1169; x_wconf 82' lang='lat' dir='ltr'><strong><em>subinde</em></strong></span> <span class='ocrx_word' id='word_1_69' title='bbox 743 1116 969 1168; x_wconf 73' lang='lat' dir='ltr'><strong><em>inclusa.</em></strong></span> 
     </span>
    </p>
   </div>
   <div class='ocr_carea' id='block_1_13' title="bbox 163 1176 1727 1248">
    <p class='ocr_par' dir='ltr' id='par_1_13' title="bbox 163 1176 1727 1248">
     <span class='ocr_line' id='line_1_13' title="bbox 163 1176 1727 1248; baseline -0.008 -7"><span class='ocrx_word' id='word_1_70' title='bbox 163 1188 257 1241; x_wconf 77' lang='grc' dir='ltr'><strong><em>ΧΙ.</em></strong></span> <span class='ocrx_word' id='word_1_71' title='bbox 294 1187 725 1239; x_wconf 82' lang='lat' dir='ltr'><strong><em>Promontorium</em></strong></span> <span class='ocrx_word' id='word_1_72' title='bbox 754 1183 1003 1237; x_wconf 84' lang='lat' dir='ltr'><strong><em>Hebdomi</em></strong></span> <span class='ocrx_word' id='word_1_73' title='bbox 1037 1180 1338 1248; x_wconf 76' lang='lat' dir='ltr'><strong><em>proximum</em></strong></span> <span class='ocrx_word' id='word_1_74' title='bbox 1379 1176 1539 1246; x_wconf 80' lang='lat' dir='ltr'><strong><em>fuisse</em></strong></span> <span class='ocrx_word' id='word_1_75' title='bbox 1585 1178 1727 1229; x_wconf 88' lang='lat' dir='ltr'><strong><em>urbis</em></strong></span> 
     </span>
    </p>
   </div>
   <div class='ocr_carea' id='block_1_14' title="bbox 268 1257 1727 1328">
    <p class='ocr_par' dir='ltr' id='par_1_14' title="bbox 268 1257 1727 1328">
     <span class='ocr_line' id='line_1_14' title="bbox 268 1257 1727 1328; baseline 0.008 -21"><span class='ocrx_word' id='word_1_76' title='bbox 268 1258 526 1328; x_wconf 66' lang='lat' dir='ltr'><strong><em>omnibus</em></strong></span> <span class='ocrx_word' id='word_1_77' title='bbox 554 1257 865 1307; x_wconf 85' lang='lat' dir='ltr'><strong><em>ostenditur.</em></strong></span> <span class='ocrx_word' id='word_1_78' title='bbox 909 1320 919 1328; x_wconf 34' lang='grc' dir='ltr'><strong><em>Δ</em></strong></span> <span class='ocrx_word' id='word_1_79' title='bbox 968 1320 1002 1328; x_wconf 81' lang='lat'><em>_</em></span> <span class='ocrx_word' id='word_1_80' title='bbox 1211 1323 1215 1327; x_wconf 19' lang='grc' dir='ltr'><strong><em>ν</em></strong></span> <span class='ocrx_word' id='word_1_81' title='bbox 1246 1318 1255 1328; x_wconf 40' lang='grc' dir='ltr'><strong><em>ι</em></strong></span> <span class='ocrx_word' id='word_1_82' title='bbox 1484 1316 1496 1328; x_wconf 71' lang='grc'><strong><em>,</em></strong></span> <span class='ocrx_word' id='word_1_83' title='bbox 1716 1306 1727 1328; x_wconf 69' lang='lat'><strong><em>,</em></strong></span> 
     </span>
    </p>
   </div>
   <div class='ocr_carea' id='block_1_15' title="bbox 160 1316 1723 1387">
    <p class='ocr_par' dir='ltr' id='par_1_15' title="bbox 160 1316 1723 1387">
     <span class='ocr_line' id='line_1_15' title="bbox 160 1316 1723 1387; baseline -0.004 -9"><span class='ocrx_word' id='word_1_84' title='bbox 160 1325 290 1379; x_wconf 77' lang='grc' dir='ltr'><strong><em>ΧΗ.</em></strong></span> <span class='ocrx_word' id='word_1_85' title='bbox 338 1327 666 1377; x_wconf 81' lang='lat' dir='ltr'><strong><em>Mebdomum</em></strong></span> <span class='ocrx_word' id='word_1_86' title='bbox 712 1342 815 1376; x_wconf 86' lang='lat' dir='ltr'><strong><em>non</em></strong></span> <span class='ocrx_word' id='word_1_87' title='bbox 851 1320 919 1375; x_wconf 86' lang='lat' dir='ltr'><strong><em>ad</em></strong></span> <span class='ocrx_word' id='word_1_88' title='bbox 961 1318 1361 1387; x_wconf 67' lang='lat' dir='ltr'><strong><em>Propontidem,</em></strong></span> <span class='ocrx_word' id='word_1_89' title='bbox 1406 1316 1496 1369; x_wconf 86' lang='lat' dir='ltr'><strong><em>sed</em></strong></span> <span class='ocrx_word' id='word_1_90' title='bbox 1546 1316 1723 1371; x_wconf 79' lang='lat' dir='ltr'><strong><em>versus&#39;</em></strong></span> 
     </span>
    </p>
   </div>
   <div class='ocr_carea' id='block_1_16' title="bbox 269 1392 1117 1459">
    <p class='ocr_par' dir='ltr' id='par_1_16' title="bbox 269 1392 1117 1459">
     <span class='ocr_line' id='line_1_16' title="bbox 269 1392 1117 1459; baseline -0.005 -12"><span class='ocrx_word' id='word_1_91' title='bbox 269 1395 510 1447; x_wconf 86' lang='lat' dir='ltr'><strong><em>Ceratini</em></strong></span> <span class='ocrx_word' id='word_1_92' title='bbox 535 1398 680 1448; x_wconf 81' lang='lat' dir='ltr'><strong><em>sinus</em></strong></span> <span class='ocrx_word' id='word_1_93' title='bbox 712 1403 865 1459; x_wconf 70' lang='lat' dir='ltr'><strong><em>caput</em></strong></span> <span class='ocrx_word' id='word_1_94' title='bbox 898 1392 1117 1443; x_wconf 78' lang='lat' dir='ltr'><strong><em>exstitit.</em></strong></span> 
     </span>
    </p>
   </div>
   <div class='ocr_carea' id='block_1_17' title="bbox 160 1457 1727 1529">
    <p class='ocr_par' dir='ltr' id='par_1_17' title="bbox 160 1457 1727 1529">
     <span class='ocr_line' id='line_1_17' title="bbox 160 1457 1727 1529; baseline -0.006 -12"><span class='ocrx_word' id='word_1_95' title='bbox 160 1466 198 1517; x_wconf 76' lang='grc' dir='ltr'>,ι</span> <span class='ocrx_word' id='word_1_96' title='bbox 213 1465 322 1516; x_wconf 84' lang='grc' dir='ltr'><strong><em>ΙΙΙ.</em></strong></span> <span class='ocrx_word' id='word_1_97' title='bbox 368 1464 436 1515; x_wconf 79' lang='lat' dir='ltr'><strong><em>Id</em></strong></span> <span class='ocrx_word' id='word_1_98' title='bbox 460 1467 722 1517; x_wconf 85' lang='lat' dir='ltr'><strong><em>astruitur</em></strong></span> <span class='ocrx_word' id='word_1_99' title='bbox 744 1457 1057 1529; x_wconf 81' lang='lat' dir='ltr'><strong><em>scriptorum</em></strong></span> <span class='ocrx_word' id='word_1_100' title='bbox 1084 1458 1266 1511; x_wconf 77' lang='lat' dir='ltr'><strong><em>allatis</em></strong></span> <span class='ocrx_word' id='word_1_101' title='bbox 1297 1457 1727 1529; x_wconf 80' lang='lat' dir='ltr'><strong><em>auctoritatibus.</em></strong></span> 
     </span>
    </p>
   </div>
   <div class='ocr_carea' id='block_1_18' title="bbox 162 1527 1727 1599">
    <p class='ocr_par' dir='ltr' id='par_1_18' title="bbox 162 1527 1727 1599">
     <span class='ocr_line' id='line_1_18' title="bbox 162 1527 1727 1599; baseline -0.006 -14"><span class='ocrx_word' id='word_1_102' title='bbox 162 1534 232 1585; x_wconf 77' lang='lat' dir='ltr'><strong><em>XI</em></strong></span> <span class='ocrx_word' id='word_1_103' title='bbox 252 1534 305 1586; x_wconf 82' lang='grc' dir='ltr'><strong><em>γ.</em></strong></span> <span class='ocrx_word' id='word_1_104' title='bbox 352 1534 433 1585; x_wconf 74' lang='lat' dir='ltr'><strong><em>De</em></strong></span> <span class='ocrx_word' id='word_1_105' title='bbox 464 1534 683 1596; x_wconf 79' lang='lat' dir='ltr'><strong><em>Palatii,</em></strong></span> <span class='ocrx_word' id='word_1_106' title='bbox 736 1527 874 1599; x_wconf 77' lang='lat' dir='ltr'><strong><em>quod</em></strong></span> <span class='ocrx_word' id='word_1_107' title='bbox 914 1530 1054 1582; x_wconf 86' lang='lat' dir='ltr'><strong><em>nude</em></strong></span> <span class='ocrx_word' id='word_1_108' title='bbox 1101 1530 1361 1581; x_wconf 82' lang='lat' dir='ltr'><strong><em>interdum</em></strong></span> <span class='ocrx_word' id='word_1_109' title='bbox 1402 1527 1727 1599; x_wconf 68' lang='lat' dir='ltr'><strong><em>ﬂebdomum</em></strong></span> 
     </span>
    </p>
   </div>
   <div class='ocr_carea' id='block_1_19' title="bbox 270 1596 1725 1673">
    <p class='ocr_par' dir='ltr' id='par_1_19' title="bbox 270 1596 1725 1673">
     <span class='ocr_line' id='line_1_19' title="bbox 270 1596 1725 1673; baseline -0.006 -17"><span class='ocrx_word' id='word_1_110' title='bbox 270 1605 542 1673; x_wconf 70' lang='lat' dir='ltr'><strong><em>appellat:</em></strong></span> <span class='ocrx_word' id='word_1_111' title='bbox 584 1596 835 1663; x_wconf 72' lang='lat' dir='ltr'><strong><em>diximus,</em></strong></span> <span class='ocrx_word' id='word_1_112' title='bbox 870 1603 1007 1673; x_wconf 82' lang='lat' dir='ltr'><strong><em>situ,_</em></strong></span> <span class='ocrx_word' id='word_1_113' title='bbox 1029 1608 1077 1651; x_wconf 90' lang='lat' dir='ltr'><strong><em>et</em></strong></span> <span class='ocrx_word' id='word_1_114' title='bbox 1103 1617 1191 1673; x_wconf 69' lang='lat' dir='ltr'><strong><em>an</em></strong></span> <span class='ocrx_word' id='word_1_115' title='bbox 1221 1599 1357 1673; x_wconf 79' lang='lat' dir='ltr'><strong><em>idem</em></strong></span> <span class='ocrx_word' id='word_1_116' title='bbox 1406 1596 1571 1673; x_wconf 42' lang='lat' dir='ltr'><strong><em>fuerit.</em></strong></span> <span class='ocrx_word' id='word_1_117' title='bbox 1608 1612 1725 1647; x_wconf 85' lang='lat' dir='ltr'><strong><em>cum</em></strong></span> 
     </span>
    </p>
   </div>
   <div class='ocr_carea' id='block_1_20' title="bbox 265 1664 1571 1727">
    <p class='ocr_par' dir='ltr' id='par_1_20' title="bbox 265 1664 1571 1727">
     <span class='ocr_line' id='line_1_20' title="bbox 265 1664 1571 1727; baseline -0.008 0"><span class='ocrx_word' id='word_1_118' title='bbox 265 1664 595 1727; x_wconf 72' lang='lat' dir='ltr'><strong><em>Loitsistorio</em></strong></span> <span class='ocrx_word' id='word_1_119' title='bbox 620 1672 866 1725; x_wconf 76' lang='lat' dir='ltr'><strong><em>Gratiani</em></strong></span> <span class='ocrx_word' id='word_1_120' title='bbox 903 1678 952 1721; x_wconf 90' lang='lat' dir='ltr'><strong><em>et</em></strong></span> <span class='ocrx_word' id='word_1_121' title='bbox 975 1668 1285 1721; x_wconf 73' lang='lat' dir='ltr'><strong><em>Iustiniani.</em></strong></span> <span class='ocrx_word' id='word_1_122' title='bbox 1563 1664 1571 1683; x_wconf 93' lang='lat'>&#39;</span> 
     </span>
    </p>
   </div>
   <div class='ocr_carea' id='block_1_21' title="bbox 156 1734 1725 1808">
    <p class='ocr_par' dir='ltr' id='par_1_21' title="bbox 156 1734 1725 1808">
     <span class='ocr_line' id='line_1_21' title="bbox 156 1734 1725 1808; baseline -0.004 -14"><span class='ocrx_word' id='word_1_123' title='bbox 156 1742 265 1795; x_wconf 67' lang='lat' dir='ltr'><strong><em>XV.</em></strong></span> <span class='ocrx_word' id='word_1_124' title='bbox 310 1743 633 1796; x_wconf 80' lang='lat' dir='ltr'><strong><em>Hebdomum</em></strong></span> <span class='ocrx_word' id='word_1_125' title='bbox 684 1748 1044 1808; x_wconf 87' lang='lat' dir='ltr'><strong><em>nuncupatum</em></strong></span> <span class='ocrx_word' id='word_1_126' title='bbox 1087 1740 1228 1791; x_wconf 89' lang='lat' dir='ltr'><strong><em>istud</em></strong></span> <span class='ocrx_word' id='word_1_127' title='bbox 1277 1734 1548 1787; x_wconf 82' lang='lat' dir='ltr'><strong><em>Palatium</em></strong></span> <span class='ocrx_word' id='word_1_128' title='bbox 1603 1752 1725 1803; x_wconf 90' lang='lat' dir='ltr'><strong><em>pro-</em></strong></span> 
     </span>
    </p>
   </div>
   <div class='ocr_carea' id='block_1_22' title="bbox 267 1811 1688 1877">
    <p class='ocr_par' dir='ltr' id='par_1_22' title="bbox 267 1811 1688 1877">
     <span class='ocr_line' id='line_1_22' title="bbox 267 1811 1688 1877; baseline 0.004 -13"><span class='ocrx_word' id='word_1_129' title='bbox 267 1813 429 1864; x_wconf 88' lang='lat' dir='ltr'><strong><em>batur</em></strong></span> <span class='ocrx_word' id='word_1_130' title='bbox 451 1828 514 1865; x_wconf 78' lang='lat' dir='ltr'><strong><em>ea:</em></strong></span> <span class='ocrx_word' id='word_1_131' title='bbox 543 1811 901 1877; x_wconf 80' lang='lat' dir='ltr'><strong><em>scriptoribus.</em></strong></span> <span class='ocrx_word' id='word_1_132' title='bbox 1400 1876 1409 1877; x_wconf 19' lang='grc' dir='ltr'>ί</span> <span class='ocrx_word' id='word_1_133' title='bbox 1441 1875 1449 1877; x_wconf 99' lang='lat'>_</span> <span class='ocrx_word' id='word_1_134' title='bbox 1614 1876 1617 1877; x_wconf 21' lang='grc' dir='ltr'><strong><em>ν</em></strong></span> <span class='ocrx_word' id='word_1_135' title='bbox 1685 1844 1688 1846; x_wconf 71' lang='lat'><strong><em>~</em></strong></span> 
     </span>
    </p>
   </div>
   <div class='ocr_carea' id='block_1_23' title="bbox 156 1875 1731 1946">
    <p class='ocr_par' dir='ltr' id='par_1_23' title="bbox 156 1875 1731 1946">
     <span class='ocr_line' id='line_1_23' title="bbox 156 1875 1731 1946; baseline -0.003 -14"><span class='ocrx_word' id='word_1_136' title='bbox 156 1880 303 1934; x_wconf 70' lang='lat' dir='ltr'><strong><em>XVI.</em></strong></span> <span class='ocrx_word' id='word_1_137' title='bbox 326 1882 459 1943; x_wconf 82' lang='lat' dir='ltr'><strong><em>Iluic</em></strong></span> <span class='ocrx_word' id='word_1_138' title='bbox 489 1875 740 1934; x_wconf 80' lang='lat' dir='ltr'><strong><em>Tribunal</em></strong></span> <span class='ocrx_word' id='word_1_139' title='bbox 782 1878 1044 1941; x_wconf 80' lang='lat' dir='ltr'><strong><em>vestibuli,</em></strong></span> <span class='ocrx_word' id='word_1_140' title='bbox 1095 1892 1187 1930; x_wconf 89' lang='lat' dir='ltr'><strong><em>seu</em></strong></span> <span class='ocrx_word' id='word_1_141' title='bbox 1220 1875 1536 1946; x_wconf 82' lang='grc' dir='ltr'><strong><em>προαυλίου,</em></strong></span> <span class='ocrx_word' id='word_1_142' title='bbox 1570 1876 1731 1928; x_wconf 79' lang='lat' dir='ltr'><strong><em>vicem</em></strong></span> 
     </span>
    </p>
   </div>
   <div class='ocr_carea' id='block_1_24' title="bbox 269 1953 518 2021">
    <p class='ocr_par' dir='ltr' id='par_1_24' title="bbox 269 1953 518 2021">
     <span class='ocr_line' id='line_1_24' title="bbox 269 1953 518 2021; baseline 0.004 -19"><span class='ocrx_word' id='word_1_143' title='bbox 269 1953 518 2021; x_wconf 77' lang='lat' dir='ltr'><strong><em>prtvbuil.</em></strong></span> 
     </span>
    </p>
   </div>
   <div class='ocr_carea' id='block_1_25' title="bbox 3289 380 3395 441">
    <p class='ocr_par' dir='ltr' id='par_1_25' title="bbox 3289 380 3395 441">
     <span class='ocr_line' id='line_1_25' title="bbox 3289 380 3395 441; baseline 0.019 -3"><span class='ocrx_word' id='word_1_144' title='bbox 3289 380 3395 441; x_wconf 78' lang='lat'><strong><em>390</em></strong></span> 
     </span>
    </p>
   </div>
   <div class='ocr_carea' id='block_1_26' title="bbox 1942 550 2158 613">
    <p class='ocr_par' dir='ltr' id='par_1_26' title="bbox 1942 550 2158 613">
     <span class='ocr_line' id='line_1_26' title="bbox 1942 550 2158 613; baseline 0.014 -14"><span class='ocrx_word' id='word_1_145' title='bbox 1942 554 2046 613; x_wconf 80' lang='lat' dir='ltr'><strong><em>[uer</em></strong></span> <span class='ocrx_word' id='word_1_146' title='bbox 2060 550 2158 602; x_wconf 89' lang='lat' dir='ltr'><strong><em>int.</em></strong></span> 
     </span>
    </p>
   </div>
   <div class='ocr_carea' id='block_1_27' title="bbox 1836 615 3409 741">
    <p class='ocr_par' dir='ltr' id='par_1_27' title="bbox 1836 615 3409 741">
     <span class='ocr_line' id='line_1_27' title="bbox 1836 615 3409 740; baseline 0.006 -71"><span class='ocrx_word' id='word_1_147' title='bbox 1836 615 2046 740; x_wconf 52' lang='grc' dir='ltr'><strong><em>Χνικ.</em></strong></span> <span class='ocrx_word' id='word_1_148' title='bbox 2089 617 2402 677; x_wconf 84' lang='lat' dir='ltr'><strong><em>Suburbana</em></strong></span> <span class='ocrx_word' id='word_1_149' title='bbox 2433 622 2594 675; x_wconf 87' lang='lat' dir='ltr'><strong><em>etiam</em></strong></span> <span class='ocrx_word' id='word_1_150' title='bbox 2626 624 2892 677; x_wconf 79' lang='lat' dir='ltr'><strong><em>interdum</em></strong></span> <span class='ocrx_word' id='word_1_151' title='bbox 2934 625 3077 678; x_wconf 86' lang='lat' dir='ltr'><strong><em>intra</em></strong></span> <span class='ocrx_word' id='word_1_152' title='bbox 3110 626 3288 678; x_wconf 83' lang='lat' dir='ltr'><strong><em>urbem</em></strong></span> <span class='ocrx_word' id='word_1_153' title='bbox 3321 637 3409 678; x_wconf 72' lang='lat' dir='ltr'><strong><em>ea:-</em></strong></span> 
     </span>
     <span class='ocr_line' id='line_1_28' title="bbox 1942 704 2141 741; baseline 0 0"><span class='ocrx_word' id='word_1_154' title='bbox 1942 704 1966 741; x_wconf 92' lang='lat' dir='ltr'><strong><em>s</em></strong></span> <span class='ocrx_word' id='word_1_155' title='bbox 1992 705 2008 741; x_wconf 77' lang='lat' dir='ltr'><strong><em>i</em></strong></span> <span class='ocrx_word' id='word_1_156' title='bbox 2036 704 2141 741; x_wconf 88' lang='lat' dir='ltr'><strong><em>ere.</em></strong></span> 
     </span>
    </p>
   </div>
   <div class='ocr_carea' id='block_1_28' title="bbox 1837 755 3405 835">
    <p class='ocr_par' dir='ltr' id='par_1_28' title="bbox 1837 755 3405 835">
     <span class='ocr_line' id='line_1_29' title="bbox 1837 755 3405 835; baseline 0.006 -26"><span class='ocrx_word' id='word_1_157' title='bbox 1837 755 1980 811; x_wconf 75' lang='lat' dir='ltr'><strong><em>XIX.</em></strong></span> <span class='ocrx_word' id='word_1_158' title='bbox 2017 758 2079 835; x_wconf 81' lang='lat' dir='ltr'><strong><em>In</em></strong></span> <span class='ocrx_word' id='word_1_159' title='bbox 2105 759 2508 835; x_wconf 66' lang='lat' dir='ltr'><strong><em>Hebdomo._seu</em></strong></span> <span class='ocrx_word' id='word_1_160' title='bbox 2531 764 2584 817; x_wconf 84' lang='lat' dir='ltr'><strong><em>in</em></strong></span> <span class='ocrx_word' id='word_1_161' title='bbox 2612 761 2817 828; x_wconf 84' lang='lat' dir='ltr'><strong><em>Campo</em></strong></span> <span class='ocrx_word' id='word_1_162' title='bbox 2842 766 2917 817; x_wconf 87' lang='lat' dir='ltr'><strong><em>ita</em></strong></span> <span class='ocrx_word' id='word_1_163' title='bbox 2937 763 3229 835; x_wconf 83' lang='lat' dir='ltr'><strong><em>appellato,</em></strong></span> <span class='ocrx_word' id='word_1_164' title='bbox 3252 767 3405 818; x_wconf 77' lang='lat' dir='ltr'><strong><em>uaria</em></strong></span> 
     </span>
    </p>
   </div>
   <div class='ocr_carea' id='block_1_29' title="bbox 1936 830 3403 902">
    <p class='ocr_par' dir='ltr' id='par_1_29' title="bbox 1936 830 3403 902">
     <span class='ocr_line' id='line_1_30' title="bbox 1936 830 3403 902; baseline 0.004 -22"><span class='ocrx_word' id='word_1_165' title='bbox 1936 831 2181 882; x_wconf 69' lang='lat' dir='ltr'><strong><em>exstitere</em></strong></span> <span class='ocrx_word' id='word_1_166' title='bbox 2214 830 2464 897; x_wconf 76' lang='lat' dir='ltr'><strong><em>wdiﬁcia,</em></strong></span> <span class='ocrx_word' id='word_1_167' title='bbox 2506 841 2615 884; x_wconf 89' lang='lat' dir='ltr'><strong><em>tum</em></strong></span> <span class='ocrx_word' id='word_1_168' title='bbox 2660 836 2797 885; x_wconf 86' lang='lat' dir='ltr'><strong><em>a-des</em></strong></span> <span class='ocrx_word' id='word_1_169' title='bbox 2838 830 3026 899; x_wconf 71' lang='lat' dir='ltr'><strong><em>sacrae,</em></strong></span> <span class='ocrx_word' id='word_1_170' title='bbox 3062 851 3177 902; x_wconf 73' lang='lat' dir='ltr'><strong><em>qua</em></strong></span> <span class='ocrx_word' id='word_1_171' title='bbox 3224 849 3403 887; x_wconf 86' lang='lat' dir='ltr'><strong><em>recen-</em></strong></span> 
     </span>
    </p>
   </div>
   <div class='ocr_carea' id='block_1_30' title="bbox 1942 908 2146 953">
    <p class='ocr_par' dir='ltr' id='par_1_30' title="bbox 1942 908 2146 953">
     <span class='ocr_line' id='line_1_31' title="bbox 1942 908 2146 953; baseline 0.01 -2"><span class='ocrx_word' id='word_1_172' title='bbox 1942 908 2146 953; x_wconf 83' lang='lat' dir='ltr'><strong><em>sentur.</em></strong></span> 
     </span>
    </p>
   </div>
   <div class='ocr_carea' id='block_1_31' title="bbox 1833 968 3404 1042">
    <p class='ocr_par' dir='ltr' id='par_1_31' title="bbox 1833 968 3404 1042">
     <span class='ocr_line' id='line_1_32' title="bbox 1833 968 3404 1042; baseline 0.003 -21"><span class='ocrx_word' id='word_1_173' title='bbox 1833 968 1941 1022; x_wconf 73' lang='lat' dir='ltr'><strong><em>XX.</em></strong></span> <span class='ocrx_word' id='word_1_174' title='bbox 1986 968 2146 1042; x_wconf 64' lang='lat' dir='ltr'><strong><em>zEdes</em></strong></span> <span class='ocrx_word' id='word_1_175' title='bbox 2174 969 2232 1024; x_wconf 87' lang='lat' dir='ltr'><strong><em>S.</em></strong></span> <span class='ocrx_word' id='word_1_176' title='bbox 2263 970 2491 1024; x_wconf 83' lang='lat' dir='ltr'><strong><em>Joannis</em></strong></span> <span class='ocrx_word' id='word_1_177' title='bbox 2528 968 2804 1040; x_wconf 65' lang='lat' dir='ltr'><strong><em>Baptism,</em></strong></span> <span class='ocrx_word' id='word_1_178' title='bbox 2860 990 3021 1042; x_wconf 85' lang='lat' dir='ltr'><strong><em>quam</em></strong></span> <span class='ocrx_word' id='word_1_179' title='bbox 3071 972 3404 1026; x_wconf 80' lang='lat' dir='ltr'><strong><em>ﬂebdomum</em></strong></span> 
     </span>
    </p>
   </div>
   <div class='ocr_carea' id='block_1_32' title="bbox 1941 1040 3405 1118">
    <p class='ocr_par' dir='ltr' id='par_1_32' title="bbox 1941 1040 3405 1118">
     <span class='ocr_line' id='line_1_33' title="bbox 1941 1040 3405 1118; baseline 0.003 -27"><span class='ocrx_word' id='word_1_180' title='bbox 1941 1040 2077 1118; x_wconf 77' lang='lat' dir='ltr'><strong><em>nude</em></strong></span> <span class='ocrx_word' id='word_1_181' title='bbox 2112 1041 2373 1118; x_wconf 78' lang='lat' dir='ltr'><strong><em>interdum</em></strong></span> <span class='ocrx_word' id='word_1_182' title='bbox 2404 1052 2589 1094; x_wconf 78' lang='lat' dir='ltr'><strong><em>uocant</em></strong></span> <span class='ocrx_word' id='word_1_183' title='bbox 2614 1040 2913 1111; x_wconf 83' lang='lat' dir='ltr'><strong><em>scriptores,</em></strong></span> <span class='ocrx_word' id='word_1_184' title='bbox 2946 1061 3016 1096; x_wconf 89' lang='lat' dir='ltr'><strong><em>an</em></strong></span> <span class='ocrx_word' id='word_1_185' title='bbox 3050 1045 3192 1095; x_wconf 86' lang='lat' dir='ltr'><strong><em>intra</em></strong></span> <span class='ocrx_word' id='word_1_186' title='bbox 3224 1044 3405 1096; x_wconf 81' lang='lat' dir='ltr'><strong><em>urbem</em></strong></span> 
     </span>
    </p>
   </div>
   <div class='ocr_carea' id='block_1_33' title="bbox 1944 1112 2225 1164">
    <p class='ocr_par' dir='ltr' id='par_1_33' title="bbox 1944 1112 2225 1164">
     <span class='ocr_line' id='line_1_34' title="bbox 1944 1112 2225 1164; baseline 0.011 -4"><span class='ocrx_word' id='word_1_187' title='bbox 1944 1112 2225 1164; x_wconf 68' lang='lat' dir='ltr'><strong><em>exstiterit.</em></strong></span> 
     </span>
    </p>
   </div>
   <div class='ocr_carea' id='block_1_34' title="bbox 1834 1175 3403 1236">
    <p class='ocr_par' dir='ltr' id='par_1_34' title="bbox 1834 1175 3403 1236">
     <span class='ocr_line' id='line_1_35' title="bbox 1834 1175 3403 1236; baseline -0.001 -3"><span class='ocrx_word' id='word_1_188' title='bbox 1834 1179 1974 1233; x_wconf 80' lang='lat' dir='ltr'><strong><em>XXI.</em></strong></span> <span class='ocrx_word' id='word_1_189' title='bbox 2026 1175 2102 1228; x_wconf 87' lang='lat' dir='ltr'><strong><em>De</em></strong></span> <span class='ocrx_word' id='word_1_190' title='bbox 2124 1179 2244 1231; x_wconf 86' lang='lat' dir='ltr'><strong><em>aliis</em></strong></span> <span class='ocrx_word' id='word_1_191' title='bbox 2268 1181 2412 1235; x_wconf 87' lang='lat' dir='ltr'><strong><em>intra</em></strong></span> <span class='ocrx_word' id='word_1_192' title='bbox 2440 1183 2622 1236; x_wconf 82' lang='lat' dir='ltr'><strong><em>urbem</em></strong></span> <span class='ocrx_word' id='word_1_193' title='bbox 2654 1180 2822 1233; x_wconf 83' lang='lat' dir='ltr'><strong><em>eidem</em></strong></span> <span class='ocrx_word' id='word_1_194' title='bbox 2862 1192 3045 1234; x_wconf 87' lang='lat' dir='ltr'><strong><em>sancto</em></strong></span> <span class='ocrx_word' id='word_1_195' title='bbox 3074 1180 3403 1234; x_wconf 73' lang='lat' dir='ltr'><strong><em>Prtecursori</em></strong></span> 
     </span>
    </p>
   </div>
   <div class='ocr_carea' id='block_1_35' title="bbox 1939 1249 2397 1305">
    <p class='ocr_par' dir='ltr' id='par_1_35' title="bbox 1939 1249 2397 1305">
     <span class='ocr_line' id='line_1_36' title="bbox 1939 1249 2397 1305; baseline 0.013 -6"><span class='ocrx_word' id='word_1_196' title='bbox 1939 1249 2127 1301; x_wconf 83' lang='lat' dir='ltr'><strong><em>dicatis</em></strong></span> <span class='ocrx_word' id='word_1_197' title='bbox 2154 1250 2397 1305; x_wconf 69' lang='lat' dir='ltr'><strong><em>ecclesiis.</em></strong></span> 
     </span>
    </p>
   </div>
   <div class='ocr_carea' id='block_1_36' title="bbox 1835 1317 3406 1391">
    <p class='ocr_par' dir='ltr' id='par_1_36' title="bbox 1835 1317 3406 1391">
     <span class='ocr_line' id='line_1_37' title="bbox 1835 1317 3406 1391; baseline -0.001 -20"><span class='ocrx_word' id='word_1_198' title='bbox 1835 1317 2009 1391; x_wconf 74' lang='lat' dir='ltr'><strong><em>XXI_I_.</em></strong></span> <span class='ocrx_word' id='word_1_199' title='bbox 2031 1320 2131 1391; x_wconf 80' lang='lat' dir='ltr'><strong><em>_An</em></strong></span> <span class='ocrx_word' id='word_1_200' title='bbox 2149 1322 2455 1374; x_wconf 79' lang='lat' dir='ltr'><strong><em>dissertator</em></strong></span> <span class='ocrx_word' id='word_1_201' title='bbox 2476 1320 2862 1374; x_wconf 84' lang='lat' dir='ltr'><strong><em>llebdomianus</em></strong></span> <span class='ocrx_word' id='word_1_202' title='bbox 2881 1336 2996 1374; x_wconf 83' lang='lat' dir='ltr'><strong><em>uere</em></strong></span> <span class='ocrx_word' id='word_1_203' title='bbox 3018 1323 3221 1391; x_wconf 84' lang='lat' dir='ltr'><strong><em>primus</em></strong></span> <span class='ocrx_word' id='word_1_204' title='bbox 3246 1323 3406 1373; x_wconf 81' lang='lat' dir='ltr'><strong><em>situm</em></strong></span> 
     </span>
    </p>
   </div>
   <div class='ocr_carea' id='block_1_37' title="bbox 1942 1388 2557 1457">
    <p class='ocr_par' dir='ltr' id='par_1_37' title="bbox 1942 1388 2557 1457">
     <span class='ocr_line' id='line_1_38' title="bbox 1942 1388 2557 1457; baseline 0 -16"><span class='ocrx_word' id='word_1_205' title='bbox 1942 1388 2197 1441; x_wconf 82' lang='lat' dir='ltr'><strong><em>Hebdomi</em></strong></span> <span class='ocrx_word' id='word_1_206' title='bbox 2229 1392 2557 1457; x_wconf 69' lang='lat' dir='ltr'><strong><em>explicuerit.</em></strong></span> 
     </span>
    </p>
   </div>
   <div class='ocr_carea' id='block_1_38' title="bbox 1836 1456 3405 1517">
    <p class='ocr_par' dir='ltr' id='par_1_38' title="bbox 1836 1456 3405 1517">
     <span class='ocr_line' id='line_1_39' title="bbox 1836 1456 3405 1517; baseline 0.004 -7"><span class='ocrx_word' id='word_1_207' title='bbox 1836 1456 2041 1511; x_wconf 76' lang='lat' dir='ltr'><strong><em>XXIII.</em></strong></span> <span class='ocrx_word' id='word_1_208' title='bbox 2084 1459 2146 1512; x_wconf 87' lang='lat' dir='ltr'><strong><em>In</em></strong></span> <span class='ocrx_word' id='word_1_209' title='bbox 2167 1456 2440 1512; x_wconf 81' lang='lat' dir='ltr'><strong><em>litterariis</em></strong></span> <span class='ocrx_word' id='word_1_210' title='bbox 2457 1462 2816 1514; x_wconf 82' lang='lat' dir='ltr'><strong><em>controversiis</em></strong></span> <span class='ocrx_word' id='word_1_211' title='bbox 2841 1468 2952 1514; x_wconf 84' lang='lat' dir='ltr'><strong><em>sine</em></strong></span> <span class='ocrx_word' id='word_1_212' title='bbox 2976 1472 3153 1514; x_wconf 60' lang='lat' dir='ltr'><strong><em>nostra</em></strong></span> <span class='ocrx_word' id='word_1_213' title='bbox 3187 1462 3405 1517; x_wconf 78' lang='lat' dir='ltr'><strong><em>invicem</em></strong></span> 
     </span>
    </p>
   </div>
   <div class='ocr_carea' id='block_1_39' title="bbox 1939 1528 3398 1603">
    <p class='ocr_par' dir='ltr' id='par_1_39' title="bbox 1939 1528 3398 1603">
     <span class='ocr_line' id='line_1_40' title="bbox 1939 1528 3398 1603; baseline 0.005 -23"><span class='ocrx_word' id='word_1_214' title='bbox 1939 1528 2120 1603; x_wconf 81' lang='lat' dir='ltr'><strong><em>dolore</em></strong></span> <span class='ocrx_word' id='word_1_215' title='bbox 2155 1529 2274 1580; x_wconf 88' lang='lat' dir='ltr'><strong><em>licet</em></strong></span> <span class='ocrx_word' id='word_1_216' title='bbox 2308 1528 2509 1603; x_wconf 83' lang='lat' dir='ltr'><strong><em>ludere,</em></strong></span> <span class='ocrx_word' id='word_1_217' title='bbox 2541 1531 2593 1580; x_wconf 87' lang='lat' dir='ltr'><strong><em>id</em></strong></span> <span class='ocrx_word' id='word_1_218' title='bbox 2616 1539 2712 1593; x_wconf 84' lang='lat' dir='ltr'><strong><em>est,</em></strong></span> <span class='ocrx_word' id='word_1_219' title='bbox 2742 1533 3045 1585; x_wconf 87' lang='lat' dir='ltr'><strong><em>urbanitate</em></strong></span> <span class='ocrx_word' id='word_1_220' title='bbox 3070 1548 3132 1583; x_wconf 84' lang='lat' dir='ltr'><strong><em>at:</em></strong></span> <span class='ocrx_word' id='word_1_221' title='bbox 3158 1532 3398 1587; x_wconf 81' lang='lat' dir='ltr'><strong><em>modera-</em></strong></span> 
     </span>
    </p>
   </div>
   <div class='ocr_carea' id='block_1_40' title="bbox 1941 1600 2337 1651">
    <p class='ocr_par' dir='ltr' id='par_1_40' title="bbox 1941 1600 2337 1651">
     <span class='ocr_line' id='line_1_41' title="bbox 1941 1600 2337 1651; baseline 0.003 -2"><span class='ocrx_word' id='word_1_222' title='bbox 1941 1600 2079 1650; x_wconf 88' lang='lat' dir='ltr'><strong><em>tione</em></strong></span> <span class='ocrx_word' id='word_1_223' title='bbox 2108 1607 2337 1651; x_wconf 78' lang='lat' dir='ltr'><strong><em>seruata.</em></strong></span> 
     </span>
    </p>
   </div>
   <div class='ocr_carea' id='block_1_41' title="bbox 1831 1666 3405 1727">
    <p class='ocr_par' dir='ltr' id='par_1_41' title="bbox 1831 1666 3405 1727">
     <span class='ocr_line' id='line_1_42' title="bbox 1831 1666 3405 1727; baseline 0.004 -6"><span class='ocrx_word' id='word_1_224' title='bbox 1831 1667 1953 1721; x_wconf 74' lang='lat' dir='ltr'><strong><em>XXI</em></strong></span> <span class='ocrx_word' id='word_1_225' title='bbox 1975 1666 2031 1721; x_wconf 84' lang='grc' dir='ltr'><strong><em>ν.</em></strong></span> <span class='ocrx_word' id='word_1_226' title='bbox 2084 1670 2281 1721; x_wconf 80' lang='lat' dir='ltr'><strong><em>Auctor</em></strong></span> <span class='ocrx_word' id='word_1_227' title='bbox 2322 1667 2455 1722; x_wconf 82' lang='lat' dir='ltr'><strong><em>nihil</em></strong></span> <span class='ocrx_word' id='word_1_228' title='bbox 2510 1668 2628 1721; x_wconf 81' lang='lat' dir='ltr'><strong><em>novi</em></strong></span> <span class='ocrx_word' id='word_1_229' title='bbox 2677 1668 2890 1724; x_wconf 85' lang='lat' dir='ltr'><strong><em>docetur</em></strong></span> <span class='ocrx_word' id='word_1_230' title='bbox 2938 1686 3004 1724; x_wconf 79' lang='lat' dir='ltr'><strong><em>ea:</em></strong></span> <span class='ocrx_word' id='word_1_231' title='bbox 3048 1670 3405 1727; x_wconf 61' lang='lat' dir='ltr'><strong><em>dissertator»</em></strong></span> 
     </span>
    </p>
   </div>
   <div class='ocr_carea' id='block_1_42' title="bbox 1948 1738 3235 1792">
    <p class='ocr_par' dir='ltr' id='par_1_42' title="bbox 1948 1738 3235 1792">
     <span class='ocr_line' id='line_1_43' title="bbox 1948 1738 3235 1792; baseline -0.001 -2"><span class='ocrx_word' id='word_1_232' title='bbox 1948 1738 2353 1792; x_wconf 79' lang='lat' dir='ltr'><strong><em>Dissertatione.</em></strong></span> <span class='ocrx_word' id='word_1_233' title='bbox 3232 1750 3235 1753; x_wconf 77' lang='lat'><strong>‘</strong></span> 
     </span>
    </p>
   </div>
   <div class='ocr_carea' id='block_1_43' title="bbox 1842 1806 3408 1877">
    <p class='ocr_par' dir='ltr' id='par_1_43' title="bbox 1842 1806 3408 1877">
     <span class='ocr_line' id='line_1_44' title="bbox 1842 1806 3408 1877; baseline 0.001 -16"><span class='ocrx_word' id='word_1_234' title='bbox 1842 1808 1932 1861; x_wconf 76' lang='grc' dir='ltr'><strong><em>ΧΧ</em></strong></span> <span class='ocrx_word' id='word_1_235' title='bbox 1947 1808 2006 1860; x_wconf 89' lang='grc' dir='ltr'><strong><em>γ.</em></strong></span> <span class='ocrx_word' id='word_1_236' title='bbox 2041 1807 2321 1861; x_wconf 83' lang='lat' dir='ltr'><strong><em>Canclusio‘</em></strong></span> <span class='ocrx_word' id='word_1_237' title='bbox 2359 1809 2574 1876; x_wconf 81' lang='lat' dir='ltr'><strong><em>hujusce</em></strong></span> <span class='ocrx_word' id='word_1_238' title='bbox 2620 1806 3028 1877; x_wconf 80' lang='lat' dir='ltr'><strong><em>Diseeptationis</em></strong></span> <span class='ocrx_word' id='word_1_239' title='bbox 3058 1810 3121 1861; x_wconf 89' lang='lat' dir='ltr'><strong><em>de</em></strong></span> <span class='ocrx_word' id='word_1_240' title='bbox 3144 1810 3241 1862; x_wconf 85' lang='lat' dir='ltr'><strong><em>hac</em></strong></span> <span class='ocrx_word' id='word_1_241' title='bbox 3266 1810 3408 1864; x_wconf 38' lang='lat' dir='ltr'><strong><em>Cons</em></strong></span> 
     </span>
    </p>
   </div>
   <div class='ocr_carea' id='block_1_44' title="bbox 1953 1880 3403 2000">
    <p class='ocr_par' dir='ltr' id='par_1_44' title="bbox 1953 1880 3403 2000">
     <span class='ocr_line' id='line_1_45' title="bbox 1953 1880 3403 2000; baseline 0.005 -73"><span class='ocrx_word' id='word_1_242' title='bbox 1953 1880 2245 2000; x_wconf 46' lang='lat' dir='ltr'><strong><em>t‘royer&#39;sia,</em></strong></span> <span class='ocrx_word' id='word_1_243' title='bbox 2294 1894 2451 1945; x_wconf 84' lang='lat' dir='ltr'><strong><em>quam</em></strong></span> <span class='ocrx_word' id='word_1_244' title='bbox 2480 1880 2799 1947; x_wconf 50' lang='lat' dir='ltr'><strong><em>impeditam</em></strong></span> <span class='ocrx_word' id='word_1_245' title='bbox 2847 1881 3177 1933; x_wconf 74' lang='lat' dir='ltr'><strong><em>existimabat</em></strong></span> <span class='ocrx_word' id='word_1_246' title='bbox 3239 1880 3403 1935; x_wconf 77' lang='lat' dir='ltr'><strong><em>Hem.</em></strong></span> 
     </span>
     <span class='ocr_line' id='line_1_46' title="bbox 2001 1962 2389 1999; baseline 0 0"><span class='ocrx_word' id='word_1_247' title='bbox 2001 1964 2032 1999; x_wconf 93' lang='lat' dir='ltr'><strong><em>a</em></strong></span> <span class='ocrx_word' id='word_1_248' title='bbox 2059 1962 2212 1999; x_wconf 83' lang='lat' dir='ltr'><strong><em>estus.</em></strong></span> <span class='ocrx_word' id='word_1_249' title='bbox 2386 1978 2389 1985; x_wconf 76' lang='grc'><strong>›</strong></span> 
     </span>
    </p>
   </div>
   <div class='ocr_carea' id='block_1_45' title="bbox 2001 1962 2212 1999">
    <p class='ocr_par' dir='ltr' id='par_1_45' title="bbox 2001 1962 2212 1999">
     <span class='ocr_line' id='line_1_47' title="bbox 2001 1962 2212 1999; baseline 0 0"><span class='ocrx_word' id='word_1_250' title='bbox 2001 1962 2212 1999; x_wconf 82' lang='lat' dir='ltr'><strong><em>atessus.</em></strong></span> 
     </span>
    </p>
   </div>
   <div class='ocr_carea' id='block_1_46' title="bbox 222 2040 3404 2131">
    <p class='ocr_par' dir='ltr' id='par_1_46' title="bbox 222 2040 3404 2131">
     <span class='ocr_line' id='line_1_48' title="bbox 222 2040 3404 2131; baseline -0 -17"><span class='ocrx_word' id='word_1_251' title='bbox 222 2062 266 2115; x_wconf 86' lang='grc' dir='ltr'><strong>Ι.</strong></span> <span class='ocrx_word' id='word_1_252' title='bbox 313 2064 591 2118; x_wconf 80' lang='lat' dir='ltr'><strong><em>Hactenus</em></strong></span> <span class='ocrx_word' id='word_1_253' title='bbox 617 2060 949 2131; x_wconf 88' lang='lat' dir='ltr'><strong><em>quidem,‘ni</em></strong></span> <span class='ocrx_word' id='word_1_254' title='bbox 979 2040 1162 2126; x_wconf 68' lang='lat' dir='ltr'><strong><em>fallor,</em></strong></span> <span class='ocrx_word' id='word_1_255' title='bbox 1190 2059 1549 2130; x_wconf 64' lang='lat' dir='ltr'><strong><em>prastitimus</em></strong></span> <span class='ocrx_word' id='word_1_256' title='bbox 1579 2059 1725 2128; x_wconf 86' lang='lat' dir='ltr'><strong><em>quod</em></strong></span> <span class='ocrx_word' id='word_1_257' title='bbox 1759 2057 1811 2130; x_wconf 70' lang='lat'><strong><em>3‘</em></strong></span> <span class='ocrx_word' id='word_1_258' title='bbox 1904 2059 1993 2114; x_wconf 90' lang='grc'><strong>111.</strong></span> <span class='ocrx_word' id='word_1_259' title='bbox 2042 2058 2285 2113; x_wconf 82' lang='lat' dir='ltr'><strong><em>Tametsi</em></strong></span> <span class='ocrx_word' id='word_1_260' title='bbox 2337 2058 2505 2129; x_wconf 73' lang='lat' dir='ltr'><strong><em>igitur</em></strong></span> <span class='ocrx_word' id='word_1_261' title='bbox 2553 2058 2897 2114; x_wconf 81' lang='lat' dir='ltr'><strong><em>llebdomum</em></strong></span> <span class='ocrx_word' id='word_1_262' title='bbox 2947 2060 3020 2114; x_wconf 89' lang='lat' dir='ltr'><strong><em>ita</em></strong></span> <span class='ocrx_word' id='word_1_263' title='bbox 3068 2061 3404 2129; x_wconf 81' lang='lat' dir='ltr'><strong><em>appellatum</em></strong></span> 
     </span>
    </p>
   </div>
   <div class='ocr_carea' id='block_1_47' title="bbox 149 2150 1720 2226">
    <p class='ocr_par' dir='ltr' id='par_1_47' title="bbox 149 2150 1720 2226">
     <span class='ocr_line' id='line_1_49' title="bbox 149 2150 1720 2226; baseline -0.002 -21"><span class='ocrx_word' id='word_1_264' title='bbox 149 2154 201 2206; x_wconf 90' lang='lat' dir='ltr'><strong><em>in</em></strong></span> <span class='ocrx_word' id='word_1_265' title='bbox 242 2154 477 2222; x_wconf 82' lang='lat' dir='ltr'><strong><em>hujusce</em></strong></span> <span class='ocrx_word' id='word_1_266' title='bbox 503 2155 692 2226; x_wconf 81' lang='lat' dir='ltr'><strong><em>operis</em></strong></span> <span class='ocrx_word' id='word_1_267' title='bbox 720 2153 1046 2209; x_wconf 72' lang='lat' dir='ltr'><strong><em>Praefatione</em></strong></span> <span class='ocrx_word' id='word_1_268' title='bbox 1072 2167 1271 2206; x_wconf 85' lang='lat' dir='ltr'><strong><em>sumus</em></strong></span> <span class='ocrx_word' id='word_1_269' title='bbox 1304 2151 1556 2220; x_wconf 78' lang='lat' dir='ltr'><strong><em>polliciti,</em></strong></span> <span class='ocrx_word' id='word_1_270' title='bbox 1582 2150 1720 2203; x_wconf 87' lang='lat' dir='ltr'><strong><em>nihil</em></strong></span> 
     </span>
    </p>
   </div>
   <div class='ocr_carea' id='block_1_48' title="bbox 147 2240 1725 2315">
    <p class='ocr_par' dir='ltr' id='par_1_48' title="bbox 147 2240 1725 2315">
     <span class='ocr_line' id='line_1_50' title="bbox 147 2240 1725 2315; baseline 0 -19"><span class='ocrx_word' id='word_1_271' title='bbox 147 2261 248 2298; x_wconf 89' lang='lat' dir='ltr'><strong><em>nos</em></strong></span> <span class='ocrx_word' id='word_1_272' title='bbox 274 2247 381 2297; x_wconf 87' lang='lat' dir='ltr'><strong><em>nisi</em></strong></span> <span class='ocrx_word' id='word_1_273' title='bbox 420 2260 583 2306; x_wconf 82' lang='lat' dir='ltr'><strong><em>nova.</em></strong></span> <span class='ocrx_word' id='word_1_274' title='bbox 616 2261 679 2300; x_wconf 89' lang='lat' dir='ltr'><strong><em>ac</em></strong></span> <span class='ocrx_word' id='word_1_275' title='bbox 715 2248 770 2301; x_wconf 89' lang='lat' dir='ltr'><strong><em>in</em></strong></span> <span class='ocrx_word' id='word_1_276' title='bbox 809 2247 979 2300; x_wconf 90' lang='lat' dir='ltr'><strong><em>hocce</em></strong></span> <span class='ocrx_word' id='word_1_277' title='bbox 1003 2260 1204 2315; x_wconf 77' lang='lat' dir='ltr'><strong><em>genere</em></strong></span> <span class='ocrx_word' id='word_1_278' title='bbox 1224 2240 1529 2315; x_wconf 67' lang='lat' dir='ltr'><strong><em>argumenti</em></strong></span> <span class='ocrx_word' id='word_1_279' title='bbox 1563 2243 1725 2297; x_wconf 84' lang='lat' dir='ltr'><strong><em>nobis</em></strong></span> 
     </span>
    </p>
   </div>
   <div class='ocr_carea' id='block_1_49' title="bbox 147 2335 1725 2407">
    <p class='ocr_par' dir='ltr' id='par_1_49' title="bbox 147 2335 1725 2407">
     <span class='ocr_line' id='line_1_51' title="bbox 147 2335 1725 2407; baseline -0.002 -19"><span class='ocrx_word' id='word_1_280' title='bbox 147 2337 382 2400; x_wconf 79' lang='lat' dir='ltr'><strong><em>indicta,</em></strong></span> <span class='ocrx_word' id='word_1_281' title='bbox 421 2342 487 2391; x_wconf 89' lang='lat' dir='ltr'><strong><em>de</em></strong></span> <span class='ocrx_word' id='word_1_282' title='bbox 536 2338 604 2391; x_wconf 91' lang='lat' dir='ltr'><strong><em>iis</em></strong></span> <span class='ocrx_word' id='word_1_283' title='bbox 650 2354 773 2407; x_wconf 72' lang='lat' dir='ltr'><strong><em>qua:</em></strong></span> <span class='ocrx_word' id='word_1_284' title='bbox 806 2339 874 2391; x_wconf 89' lang='lat' dir='ltr'><strong><em>ad</em></strong></span> <span class='ocrx_word' id='word_1_285' title='bbox 910 2338 1065 2390; x_wconf 86' lang='lat' dir='ltr'><strong><em>urbis</em></strong></span> <span class='ocrx_word' id='word_1_286' title='bbox 1098 2335 1725 2404; x_wconf 71' lang='lat' dir='ltr'><strong><em>ConstantinOpolitana:</em></strong></span> 
     </span>
    </p>
   </div>
   <div class='ocr_carea' id='block_1_50' title="bbox 148 2424 1723 2496">
    <p class='ocr_par' dir='ltr' id='par_1_50' title="bbox 148 2424 1723 2496">
     <span class='ocr_line' id='line_1_52' title="bbox 148 2424 1723 2496; baseline 0 -18"><span class='ocrx_word' id='word_1_287' title='bbox 148 2428 231 2481; x_wconf 89' lang='lat' dir='ltr'><strong><em>vel</em></strong></span> <span class='ocrx_word' id='word_1_288' title='bbox 286 2427 521 2480; x_wconf 67' lang='lat' dir='ltr'><strong><em>aedificia</em></strong></span> <span class='ocrx_word' id='word_1_289' title='bbox 578 2430 664 2482; x_wconf 91' lang='lat' dir='ltr'><strong><em>vel</em></strong></span> <span class='ocrx_word' id='word_1_290' title='bbox 716 2428 968 2496; x_wconf 71' lang='lat' dir='ltr'><strong><em>regiones</em></strong></span> <span class='ocrx_word' id='word_1_291' title='bbox 1011 2428 1310 2496; x_wconf 76' lang='lat' dir='ltr'><strong><em>pertinent,</em></strong></span> <span class='ocrx_word' id='word_1_292' title='bbox 1363 2428 1417 2479; x_wconf 92' lang='lat' dir='ltr'><strong><em>in</em></strong></span> <span class='ocrx_word' id='word_1_293' title='bbox 1465 2426 1621 2478; x_wconf 85' lang='lat' dir='ltr'><strong><em>Notis</em></strong></span> <span class='ocrx_word' id='word_1_294' title='bbox 1656 2424 1723 2478; x_wconf 89' lang='lat' dir='ltr'><strong><em>ad</em></strong></span> 
     </span>
    </p>
   </div>
   <div class='ocr_carea' id='block_1_51' title="bbox 152 2516 1723 2573">
    <p class='ocr_par' dir='ltr' id='par_1_51' title="bbox 152 2516 1723 2573">
     <span class='ocr_line' id='line_1_53' title="bbox 152 2516 1723 2573; baseline 0.001 -6"><span class='ocrx_word' id='word_1_295' title='bbox 152 2516 383 2572; x_wconf 77' lang='lat' dir='ltr'><strong><em>Zonarte</em></strong></span> <span class='ocrx_word' id='word_1_296' title='bbox 435 2518 682 2573; x_wconf 78' lang='lat' dir='ltr'><strong><em>Annales</em></strong></span> <span class='ocrx_word' id='word_1_297' title='bbox 715 2521 1128 2573; x_wconf 81' lang='lat' dir='ltr'><strong><em>observaturos.</em></strong></span> <span class='ocrx_word' id='word_1_298' title='bbox 1186 2519 1387 2572; x_wconf 87' lang='lat' dir='ltr'><strong><em>Verum</em></strong></span> <span class='ocrx_word' id='word_1_299' title='bbox 1425 2526 1484 2570; x_wconf 94' lang='lat' dir='ltr'><strong><em>ut</em></strong></span> <span class='ocrx_word' id='word_1_300' title='bbox 1526 2517 1723 2570; x_wconf 83' lang='lat' dir='ltr'><strong><em>faciam</em></strong></span> 
     </span>
    </p>
   </div>
   <div class='ocr_carea' id='block_1_52' title="bbox 150 2609 1720 2678">
    <p class='ocr_par' dir='ltr' id='par_1_52' title="bbox 150 2609 1720 2678">
     <span class='ocr_line' id='line_1_54' title="bbox 150 2609 1720 2678; baseline 0.001 -19"><span class='ocrx_word' id='word_1_301' title='bbox 150 2611 287 2661; x_wconf 79' lang='lat' dir='ltr'><strong><em>satis</em></strong></span> <span class='ocrx_word' id='word_1_302' title='bbox 324 2610 446 2663; x_wconf 75' lang='lat' dir='ltr'><strong><em>viro</em></strong></span> <span class='ocrx_word' id='word_1_303' title='bbox 478 2611 794 2678; x_wconf 83' lang='lat' dir='ltr'><strong><em>pererudito</em></strong></span> <span class='ocrx_word' id='word_1_304' title='bbox 844 2610 1123 2664; x_wconf 82' lang='lat' dir='ltr'><strong><em>Hadriano</em></strong></span> <span class='ocrx_word' id='word_1_305' title='bbox 1157 2609 1393 2671; x_wconf 80' lang='lat' dir='ltr'><strong><em>Valesio,</em></strong></span> <span class='ocrx_word' id='word_1_306' title='bbox 1446 2610 1535 2662; x_wconf 90' lang='lat' dir='ltr'><strong><em>cui</em></strong></span> <span class='ocrx_word' id='word_1_307' title='bbox 1578 2609 1720 2662; x_wconf 83' lang='lat' dir='ltr'><strong><em>Petri</em></strong></span> 
     </span>
    </p>
   </div>
   <div class='ocr_carea' id='block_1_53' title="bbox 146 2698 1719 2771">
    <p class='ocr_par' dir='ltr' id='par_1_53' title="bbox 146 2698 1719 2771">
     <span class='ocr_line' id='line_1_55' title="bbox 146 2698 1719 2771; baseline 0 -18"><span class='ocrx_word' id='word_1_308' title='bbox 146 2698 307 2769; x_wconf 76' lang='lat' dir='ltr'><strong><em>Cyllit</em></strong></span> <span class='ocrx_word' id='word_1_309' title='bbox 362 2703 526 2771; x_wconf 78' lang='lat' dir='ltr'><strong><em>longe</em></strong></span> <span class='ocrx_word' id='word_1_310' title='bbox 571 2702 903 2765; x_wconf 83' lang='lat' dir='ltr'><strong><em>doctissimi,</em></strong></span> <span class='ocrx_word' id='word_1_311' title='bbox 945 2712 1002 2754; x_wconf 88' lang='lat' dir='ltr'><strong><em>et</em></strong></span> <span class='ocrx_word' id='word_1_312' title='bbox 1058 2712 1303 2755; x_wconf 86' lang='lat' dir='ltr'><strong><em>nostram</em></strong></span> <span class='ocrx_word' id='word_1_313' title='bbox 1341 2702 1409 2755; x_wconf 83' lang='lat' dir='ltr'><strong><em>de</em></strong></span> <span class='ocrx_word' id='word_1_314' title='bbox 1453 2701 1719 2755; x_wconf 87' lang='lat' dir='ltr'><strong><em>Hebdomi</em></strong></span> 
     </span>
    </p>
   </div>
   <div class='ocr_carea' id='block_1_54' title="bbox 145 2790 1721 2867">
    <p class='ocr_par' dir='ltr' id='par_1_54' title="bbox 145 2790 1721 2867">
     <span class='ocr_line' id='line_1_56' title="bbox 145 2790 1721 2867; baseline 0.005 -28"><span class='ocrx_word' id='word_1_315' title='bbox 145 2790 250 2841; x_wconf 87' lang='lat' dir='ltr'><strong><em>situ</em></strong></span> <span class='ocrx_word' id='word_1_316' title='bbox 288 2793 623 2843; x_wconf 85' lang='lat' dir='ltr'><strong><em>sententiam</em></strong></span> <span class='ocrx_word' id='word_1_317' title='bbox 659 2793 887 2845; x_wconf 87' lang='lat' dir='ltr'><strong><em>minime</em></strong></span> <span class='ocrx_word' id='word_1_318' title='bbox 924 2793 1147 2862; x_wconf 86' lang='lat' dir='ltr'><strong><em>probari</em></strong></span> <span class='ocrx_word' id='word_1_319' title='bbox 1193 2793 1549 2867; x_wconf 68' lang='lat' dir='ltr'><strong><em>advertimus,</em></strong></span> <span class='ocrx_word' id='word_1_320' title='bbox 1587 2793 1721 2847; x_wconf 86' lang='lat' dir='ltr'><strong><em>huic</em></strong></span> 
     </span>
    </p>
   </div>
   <div class='ocr_carea' id='block_1_55' title="bbox 146 2883 1722 2953">
    <p class='ocr_par' dir='ltr' id='par_1_55' title="bbox 146 2883 1722 2953">
     <span class='ocr_line' id='line_1_57' title="bbox 146 2883 1722 2953; baseline 0.004 -23"><span class='ocrx_word' id='word_1_321' title='bbox 146 2895 369 2932; x_wconf 82' lang='lat' dir='ltr'><strong><em>rursum</em></strong></span> <span class='ocrx_word' id='word_1_322' title='bbox 401 2883 736 2946; x_wconf 70' lang='lat' dir='ltr'><strong><em>aSserendte,</em></strong></span> <span class='ocrx_word' id='word_1_323' title='bbox 768 2899 940 2953; x_wconf 87' lang='lat' dir='ltr'><strong><em>pauca</em></strong></span> <span class='ocrx_word' id='word_1_324' title='bbox 974 2901 1039 2938; x_wconf 81' lang='lat' dir='ltr'><strong><em>ex</em></strong></span> <span class='ocrx_word' id='word_1_325' title='bbox 1090 2885 1158 2937; x_wconf 89' lang='lat' dir='ltr'><strong><em>iis</em></strong></span> <span class='ocrx_word' id='word_1_326' title='bbox 1183 2900 1306 2953; x_wconf 70' lang='lat' dir='ltr'><strong><em>qua:</em></strong></span> <span class='ocrx_word' id='word_1_327' title='bbox 1334 2884 1389 2937; x_wconf 91' lang='lat' dir='ltr'><strong><em>in</em></strong></span> <span class='ocrx_word' id='word_1_328' title='bbox 1414 2884 1722 2938; x_wconf 84' lang='lat' dir='ltr'><strong><em>Constanti-</em></strong></span> 
     </span>
    </p>
   </div>
   <div class='ocr_carea' id='block_1_56' title="bbox 147 2971 1721 3045">
    <p class='ocr_par' dir='ltr' id='par_1_56' title="bbox 147 2971 1721 3045">
     <span class='ocr_line' id='line_1_58' title="bbox 147 2971 1721 3045; baseline 0.006 -26"><span class='ocrx_word' id='word_1_329' title='bbox 147 2972 325 3036; x_wconf 80' lang='lat' dir='ltr'><strong><em>nOpoli</em></strong></span> <span class='ocrx_word' id='word_1_330' title='bbox 359 2971 670 3026; x_wconf 82' lang='lat' dir='ltr'><strong><em>Christiana</em></strong></span> <span class='ocrx_word' id='word_1_331' title='bbox 722 2976 945 3041; x_wconf 75' lang='lat' dir='ltr'><strong><em>capiose</em></strong></span> <span class='ocrx_word' id='word_1_332' title='bbox 1016 2976 1152 3029; x_wconf 81' lang='lat' dir='ltr'><strong><em>satis</em></strong></span> <span class='ocrx_word' id='word_1_333' title='bbox 1188 2992 1215 3027; x_wconf 85' lang='lat' dir='ltr'><strong><em>a</em></strong></span> <span class='ocrx_word' id='word_1_334' title='bbox 1261 2974 1421 3027; x_wconf 88' lang='lat' dir='ltr'><strong><em>nobis</em></strong></span> <span class='ocrx_word' id='word_1_335' title='bbox 1446 2975 1721 3045; x_wconf 82' lang='lat' dir='ltr'><strong><em>descripta</em></strong></span> 
     </span>
    </p>
   </div>
   <div class='ocr_carea' id='block_1_57' title="bbox 144 3063 1719 3133">
    <p class='ocr_par' dir='ltr' id='par_1_57' title="bbox 144 3063 1719 3133">
     <span class='ocr_line' id='line_1_59' title="bbox 144 3063 1719 3133; baseline 0.004 -22"><span class='ocrx_word' id='word_1_336' title='bbox 144 3071 292 3122; x_wconf 82' lang='lat' dir='ltr'><strong><em>sunt,</em></strong></span> <span class='ocrx_word' id='word_1_337' title='bbox 330 3063 423 3113; x_wconf 90' lang='lat' dir='ltr'><strong><em>hic</em></strong></span> <span class='ocrx_word' id='word_1_338' title='bbox 474 3078 696 3115; x_wconf 77' lang='lat' dir='ltr'><strong><em>rursum</em></strong></span> <span class='ocrx_word' id='word_1_339' title='bbox 732 3063 962 3117; x_wconf 84' lang='lat' dir='ltr'><strong><em>delibari</em></strong></span> <span class='ocrx_word' id='word_1_340' title='bbox 1016 3068 1157 3117; x_wconf 86' lang='lat' dir='ltr'><strong><em>haud</em></strong></span> <span class='ocrx_word' id='word_1_341' title='bbox 1206 3065 1476 3133; x_wconf 77' lang='lat' dir='ltr'><strong><em>ingratum</em></strong></span> <span class='ocrx_word' id='word_1_342' title='bbox 1524 3065 1719 3118; x_wconf 86' lang='lat' dir='ltr'><strong><em>lectori</em></strong></span> 
     </span>
    </p>
   </div>
   <div class='ocr_carea' id='block_1_58' title="bbox 144 3149 1715 3224">
    <p class='ocr_par' dir='ltr' id='par_1_58' title="bbox 144 3149 1715 3224">
     <span class='ocr_line' id='line_1_60' title="bbox 144 3149 1715 3224; baseline 0.005 -25"><span class='ocrx_word' id='word_1_343' title='bbox 144 3149 377 3205; x_wconf 79' lang='lat' dir='ltr'><strong><em>fortasse</em></strong></span> <span class='ocrx_word' id='word_1_344' title='bbox 413 3152 601 3218; x_wconf 85' lang='lat' dir='ltr'><strong><em>fuerit,</em></strong></span> <span class='ocrx_word' id='word_1_345' title='bbox 628 3155 717 3209; x_wconf 85' lang='lat' dir='ltr'><strong><em>cui</em></strong></span> <span class='ocrx_word' id='word_1_346' title='bbox 743 3156 811 3208; x_wconf 89' lang='lat' dir='ltr'><strong><em>de</em></strong></span> <span class='ocrx_word' id='word_1_347' title='bbox 843 3156 945 3208; x_wconf 88' lang='lat' dir='ltr'><strong><em>hac</em></strong></span> <span class='ocrx_word' id='word_1_348' title='bbox 970 3154 1321 3224; x_wconf 83' lang='lat' dir='ltr'><strong><em>dijudicanda</em></strong></span> <span class='ocrx_word' id='word_1_349' title='bbox 1343 3155 1715 3208; x_wconf 84' lang='lat' dir='ltr'><strong><em>controversia</em></strong></span> 
     </span>
    </p>
   </div>
   <div class='ocr_carea' id='block_1_59' title="bbox 144 3242 1713 3313">
    <p class='ocr_par' dir='ltr' id='par_1_59' title="bbox 144 3242 1713 3313">
     <span class='ocr_line' id='line_1_61' title="bbox 144 3242 1713 3313; baseline 0.003 -21"><span class='ocrx_word' id='word_1_350' title='bbox 144 3242 382 3294; x_wconf 84' lang='lat' dir='ltr'><strong><em>liberum</em></strong></span> <span class='ocrx_word' id='word_1_351' title='bbox 426 3246 534 3295; x_wconf 88' lang='lat' dir='ltr'><strong><em>erit</em></strong></span> <span class='ocrx_word' id='word_1_352' title='bbox 568 3247 877 3297; x_wconf 83' lang='lat' dir='ltr'><strong><em>arbitrium.</em></strong></span> <span class='ocrx_word' id='word_1_353' title='bbox 915 3246 971 3299; x_wconf 89' lang='lat' dir='ltr'><strong><em>ln</em></strong></span> <span class='ocrx_word' id='word_1_354' title='bbox 1007 3261 1070 3299; x_wconf 88' lang='lat' dir='ltr'><strong><em>ea</em></strong></span> <span class='ocrx_word' id='word_1_355' title='bbox 1127 3261 1257 3299; x_wconf 92' lang='lat' dir='ltr'><strong><em>vero</em></strong></span> <span class='ocrx_word' id='word_1_356' title='bbox 1304 3245 1713 3313; x_wconf 82' lang='lat' dir='ltr'><strong><em>pertractanda,</em></strong></span> 
     </span>
    </p>
   </div>
   <div class='ocr_carea' id='block_1_60' title="bbox 144 3334 1714 3406">
    <p class='ocr_par' dir='ltr' id='par_1_60' title="bbox 144 3334 1714 3406">
     <span class='ocr_line' id='line_1_62' title="bbox 144 3334 1714 3406; baseline 0.005 -25"><span class='ocrx_word' id='word_1_357' title='bbox 144 3341 201 3382; x_wconf 89' lang='lat' dir='ltr'><strong><em>ut</em></strong></span> <span class='ocrx_word' id='word_1_358' title='bbox 240 3334 424 3385; x_wconf 82' lang='lat' dir='ltr'><strong><em>sancti</em></strong></span> <span class='ocrx_word' id='word_1_359' title='bbox 462 3335 752 3402; x_wconf 79' lang='lat' dir='ltr'><strong><em>Augustini</em></strong></span> <span class='ocrx_word' id='word_1_360' title='bbox 791 3338 973 3391; x_wconf 80' lang='lat' dir='ltr'><strong><em>verbis</em></strong></span> <span class='ocrx_word' id='word_1_361' title='bbox 1004 3338 1136 3397; x_wconf 89' lang='lat' dir='ltr'><strong><em>mihi</em></strong></span> <span class='ocrx_word' id='word_1_362' title='bbox 1166 3336 1385 3405; x_wconf 69' lang='lat' dir='ltr'><strong><em>praefari</em></strong></span> <span class='ocrx_word' id='word_1_363' title='bbox 1425 3337 1591 3390; x_wconf 85' lang='lat' dir='ltr'><strong><em>liceat</em></strong></span> <span class='ocrx_word' id='word_1_364' title='bbox 1632 3338 1714 3406; x_wconf 87' lang='lat' dir='ltr'><strong><em>(in</em></strong></span> 
     </span>
    </p>
   </div>
   <div class='ocr_carea' id='block_1_61' title="bbox 1832 2151 3405 2219">
    <p class='ocr_par' dir='ltr' id='par_1_61' title="bbox 1832 2151 3405 2219">
     <span class='ocr_line' id='line_1_63' title="bbox 1832 2151 3405 2219; baseline 0.004 -14"><span class='ocrx_word' id='word_1_365' title='bbox 1832 2159 2066 2215; x_wconf 86' lang='lat' dir='ltr'><strong><em>constet,</em></strong></span> <span class='ocrx_word' id='word_1_366' title='bbox 2118 2151 2265 2219; x_wconf 89' lang='lat' dir='ltr'><strong><em>quod</em></strong></span> <span class='ocrx_word' id='word_1_367' title='bbox 2303 2154 2543 2217; x_wconf 76' lang='lat' dir='ltr'><strong><em>septimo</em></strong></span> <span class='ocrx_word' id='word_1_368' title='bbox 2583 2151 2649 2204; x_wconf 84' lang='lat' dir='ltr'><strong><em>ad</em></strong></span> <span class='ocrx_word' id='word_1_369' title='bbox 2698 2152 2836 2205; x_wconf 89' lang='lat' dir='ltr'><strong><em>urbe</em></strong></span> <span class='ocrx_word' id='word_1_370' title='bbox 2882 2152 3102 2205; x_wconf 77' lang='lat' dir='ltr'><strong><em>milliari</em></strong></span> <span class='ocrx_word' id='word_1_371' title='bbox 3154 2154 3405 2211; x_wconf 63' lang='lat' dir='ltr'><strong><em>distaret.</em></strong></span> 
     </span>
    </p>
   </div>
   <div class='ocr_carea' id='block_1_62' title="bbox 1832 2218 3404 2313">
    <p class='ocr_par' dir='ltr' id='par_1_62' title="bbox 1832 2218 3404 2313">
     <span class='ocr_line' id='line_1_64' title="bbox 1832 2218 3404 2313; baseline 0 -17"><span class='ocrx_word' id='word_1_372' title='bbox 1832 2218 2338 2297; x_wconf 18' lang='lat' dir='ltr'><strong><em>dilllcultasitamen</em></strong></span> <span class='ocrx_word' id='word_1_373' title='bbox 2376 2242 2443 2294; x_wconf 91' lang='lat' dir='ltr'><strong><em>de</em></strong></span> <span class='ocrx_word' id='word_1_374' title='bbox 2474 2218 2745 2296; x_wconf 76' lang='lat' dir='ltr'><strong><em>ilebdomi</em></strong></span> <span class='ocrx_word' id='word_1_375' title='bbox 2778 2244 2960 2306; x_wconf 89' lang='lat' dir='ltr'><strong><em>istius,</em></strong></span> <span class='ocrx_word' id='word_1_376' title='bbox 3012 2246 3173 2313; x_wconf 85' lang='lat' dir='ltr'><strong><em>cujus</em></strong></span> <span class='ocrx_word' id='word_1_377' title='bbox 3202 2245 3404 2313; x_wconf 84' lang='lat' dir='ltr'><strong><em>passim</em></strong></span> 
     </span>
    </p>
   </div>
   <div class='ocr_carea' id='block_1_63' title="bbox 1834 2333 3401 2411">
    <p class='ocr_par' dir='ltr' id='par_1_63' title="bbox 1834 2333 3401 2411">
     <span class='ocr_line' id='line_1_65' title="bbox 1834 2333 3401 2411; baseline 0.001 -24"><span class='ocrx_word' id='word_1_378' title='bbox 1834 2333 2039 2387; x_wconf 89' lang='lat' dir='ltr'><strong><em>mentio</em></strong></span> <span class='ocrx_word' id='word_1_379' title='bbox 2064 2333 2207 2403; x_wconf 86' lang='lat' dir='ltr'><strong><em>apud</em></strong></span> <span class='ocrx_word' id='word_1_380' title='bbox 2226 2333 2521 2403; x_wconf 83' lang='lat' dir='ltr'><strong><em>scriptores</em></strong></span> <span class='ocrx_word' id='word_1_381' title='bbox 2543 2336 2789 2389; x_wconf 90' lang='lat' dir='ltr'><strong><em>occurrit</em></strong></span> <span class='ocrx_word' id='word_1_382' title='bbox 2812 2375 2825 2395; x_wconf 87' lang='lat'><strong><em>,</em></strong></span> <span class='ocrx_word' id='word_1_383' title='bbox 2852 2336 2984 2411; x_wconf 72' lang='lat' dir='ltr'><strong><em>situ,</em></strong></span> <span class='ocrx_word' id='word_1_384' title='bbox 3015 2337 3241 2389; x_wconf 88' lang='lat' dir='ltr'><strong><em>minime</em></strong></span> <span class='ocrx_word' id='word_1_385' title='bbox 3271 2336 3401 2389; x_wconf 84' lang='lat' dir='ltr'><strong><em>inde</em></strong></span> 
     </span>
    </p>
   </div>
   <div class='ocr_carea' id='block_1_64' title="bbox 1832 2423 3406 2495">
    <p class='ocr_par' dir='ltr' id='par_1_64' title="bbox 1832 2423 3406 2495">
     <span class='ocr_line' id='line_1_66' title="bbox 1832 2423 3406 2495; baseline 0.001 -17"><span class='ocrx_word' id='word_1_386' title='bbox 1832 2425 2082 2489; x_wconf 84' lang='lat' dir='ltr'><strong><em>solvitur,</em></strong></span> <span class='ocrx_word' id='word_1_387' title='bbox 2101 2439 2224 2478; x_wconf 90' lang='lat' dir='ltr'><strong><em>cum</em></strong></span> <span class='ocrx_word' id='word_1_388' title='bbox 2249 2423 2396 2477; x_wconf 84' lang='lat' dir='ltr'><strong><em>aliud</em></strong></span> <span class='ocrx_word' id='word_1_389' title='bbox 2415 2434 2471 2477; x_wconf 89' lang='lat' dir='ltr'><strong><em>et</em></strong></span> <span class='ocrx_word' id='word_1_390' title='bbox 2496 2424 2776 2478; x_wconf 79' lang='lat' dir='ltr'><strong><em>diversum</em></strong></span> <span class='ocrx_word' id='word_1_391' title='bbox 2803 2425 2874 2478; x_wconf 88' lang='lat' dir='ltr'><strong><em>sit</em></strong></span> <span class='ocrx_word' id='word_1_392' title='bbox 2894 2442 2923 2478; x_wconf 92' lang='lat' dir='ltr'><strong><em>a</em></strong></span> <span class='ocrx_word' id='word_1_393' title='bbox 2944 2427 3179 2493; x_wconf 87' lang='lat' dir='ltr'><strong><em>septimo</em></strong></span> <span class='ocrx_word' id='word_1_394' title='bbox 3201 2426 3406 2495; x_wconf 79' lang='lat' dir='ltr'><strong><em>lapide,</em></strong></span> 
     </span>
    </p>
   </div>
   <div class='ocr_carea' id='block_1_65' title="bbox 1834 2516 3403 2585">
    <p class='ocr_par' dir='ltr' id='par_1_65' title="bbox 1834 2516 3403 2585">
     <span class='ocr_line' id='line_1_67' title="bbox 1834 2516 3403 2585; baseline -0.001 -14"><span class='ocrx_word' id='word_1_395' title='bbox 1834 2516 1967 2571; x_wconf 86' lang='lat' dir='ltr'><strong><em>licet</em></strong></span> <span class='ocrx_word' id='word_1_396' title='bbox 2002 2517 2201 2580; x_wconf 89' lang='lat' dir='ltr'><strong><em>eidem,</em></strong></span> <span class='ocrx_word' id='word_1_397' title='bbox 2235 2526 2294 2569; x_wconf 91' lang='lat' dir='ltr'><strong><em>ut</em></strong></span> <span class='ocrx_word' id='word_1_398' title='bbox 2333 2526 2387 2570; x_wconf 90' lang='lat' dir='ltr'><strong><em>et</em></strong></span> <span class='ocrx_word' id='word_1_399' title='bbox 2415 2516 2537 2570; x_wconf 87' lang='lat' dir='ltr'><strong><em>urbi</em></strong></span> <span class='ocrx_word' id='word_1_400' title='bbox 2566 2516 3189 2585; x_wconf 68' lang='lat' dir='ltr'><strong><em>Constantinopolitanae</em></strong></span> <span class='ocrx_word' id='word_1_401' title='bbox 3220 2518 3403 2571; x_wconf 59' lang='lat' dir='ltr'><strong><em>conti-</em></strong></span> 
     </span>
    </p>
   </div>
   <div class='ocr_carea' id='block_1_66' title="bbox 1831 2607 3404 2685">
    <p class='ocr_par' dir='ltr' id='par_1_66' title="bbox 1831 2607 3404 2685">
     <span class='ocr_line' id='line_1_68' title="bbox 1831 2607 3404 2685; baseline 0 -24"><span class='ocrx_word' id='word_1_402' title='bbox 1831 2624 2024 2685; x_wconf 74' lang='lat' dir='ltr'><strong><em>gnum,</em></strong></span> <span class='ocrx_word' id='word_1_403' title='bbox 2053 2624 2177 2663; x_wconf 91' lang='lat' dir='ltr'><strong><em>cum</em></strong></span> <span class='ocrx_word' id='word_1_404' title='bbox 2210 2609 2359 2661; x_wconf 88' lang='lat' dir='ltr'><strong><em>inter</em></strong></span> <span class='ocrx_word' id='word_1_405' title='bbox 2389 2608 2687 2673; x_wconf 83' lang='lat' dir='ltr'><strong><em>septimum</em></strong></span> <span class='ocrx_word' id='word_1_406' title='bbox 2723 2607 2960 2675; x_wconf 87' lang='lat' dir='ltr'><strong><em>lapidem</em></strong></span> <span class='ocrx_word' id='word_1_407' title='bbox 2994 2617 3048 2662; x_wconf 86' lang='lat' dir='ltr'><strong><em>et</em></strong></span> <span class='ocrx_word' id='word_1_408' title='bbox 3077 2608 3273 2661; x_wconf 90' lang='lat' dir='ltr'><strong><em>urbem</em></strong></span> <span class='ocrx_word' id='word_1_409' title='bbox 3317 2609 3404 2661; x_wconf 76' lang='lat' dir='ltr'><strong><em>in-</em></strong></span> 
     </span>
    </p>
   </div>
   <div class='ocr_carea' id='block_1_67' title="bbox 1832 2700 3404 2771">
    <p class='ocr_par' dir='ltr' id='par_1_67' title="bbox 1832 2700 3404 2771">
     <span class='ocr_line' id='line_1_69' title="bbox 1832 2700 3404 2771; baseline 0.001 -18"><span class='ocrx_word' id='word_1_410' title='bbox 1832 2700 2058 2754; x_wconf 87' lang='lat' dir='ltr'><strong><em>tersitus</em></strong></span> <span class='ocrx_word' id='word_1_411' title='bbox 2082 2717 2230 2770; x_wconf 79' lang='lat' dir='ltr'><strong><em>ager,</em></strong></span> <span class='ocrx_word' id='word_1_412' title='bbox 2260 2701 2343 2755; x_wconf 89' lang='lat' dir='ltr'><strong><em>vel</em></strong></span> <span class='ocrx_word' id='word_1_413' title='bbox 2374 2701 2633 2771; x_wconf 86' lang='lat' dir='ltr'><strong><em>Campus.</em></strong></span> <span class='ocrx_word' id='word_1_414' title='bbox 2671 2700 2822 2754; x_wconf 85' lang='lat' dir='ltr'><strong><em>l&#39;lebd</em></strong></span> <span class='ocrx_word' id='word_1_415' title='bbox 2867 2703 2936 2753; x_wconf 91' lang='lat' dir='ltr'><strong><em>mi</em></strong></span> <span class='ocrx_word' id='word_1_416' title='bbox 2969 2702 3179 2769; x_wconf 83' lang='lat' dir='ltr'><strong><em>pariter</em></strong></span> <span class='ocrx_word' id='word_1_417' title='bbox 3203 2701 3404 2770; x_wconf 86' lang='lat' dir='ltr'><strong><em>appel-</em></strong></span> 
     </span>
    </p>
   </div>
   <div class='ocr_carea' id='block_1_68' title="bbox 1829 2792 3403 2871">
    <p class='ocr_par' dir='ltr' id='par_1_68' title="bbox 1829 2792 3403 2871">
     <span class='ocr_line' id='line_1_70' title="bbox 1829 2792 3403 2871; baseline 0.001 -25"><span class='ocrx_word' id='word_1_418' title='bbox 1829 2792 2095 2846; x_wconf 87' lang='lat' dir='ltr'><strong><em>lationem</em></strong></span> <span class='ocrx_word' id='word_1_419' title='bbox 2132 2794 2360 2847; x_wconf 76' lang='lat' dir='ltr'><strong><em>haberet</em></strong></span> <span class='ocrx_word' id='word_1_420' title='bbox 2392 2836 2405 2856; x_wconf 94' lang='lat'><strong><em>,</em></strong></span> <span class='ocrx_word' id='word_1_421' title='bbox 2451 2797 2594 2863; x_wconf 73' lang='lat' dir='ltr'><strong><em>quod</em></strong></span> <span class='ocrx_word' id='word_1_422' title='bbox 2651 2810 2758 2847; x_wconf 91' lang='lat' dir='ltr'><strong><em>non</em></strong></span> <span class='ocrx_word' id='word_1_423' title='bbox 2795 2794 2958 2847; x_wconf 89' lang='lat' dir='ltr'><strong><em>modo</em></strong></span> <span class='ocrx_word' id='word_1_424' title='bbox 2992 2796 3048 2871; x_wconf 82' lang='lat' dir='ltr'><strong><em>in</em></strong></span> <span class='ocrx_word' id='word_1_425' title='bbox 3086 2794 3188 2848; x_wconf 88' lang='lat' dir='ltr'><strong><em>hac</em></strong></span> <span class='ocrx_word' id='word_1_426' title='bbox 3216 2795 3403 2849; x_wconf 79' lang='lat' dir='ltr'><strong><em>Disce-</em></strong></span> 
     </span>
    </p>
   </div>
   <div class='ocr_carea' id='block_1_69' title="bbox 1832 2886 3401 2954">
    <p class='ocr_par' dir='ltr' id='par_1_69' title="bbox 1832 2886 3401 2954">
     <span class='ocr_line' id='line_1_71' title="bbox 1832 2886 3401 2954; baseline 0.002 -18"><span class='ocrx_word' id='word_1_427' title='bbox 1832 2887 2075 2953; x_wconf 82' lang='lat' dir='ltr'><strong><em>ptatione</em></strong></span> <span class='ocrx_word' id='word_1_428' title='bbox 2098 2887 2443 2953; x_wconf 88' lang='lat' dir='ltr'><strong><em>probandum</em></strong></span> <span class='ocrx_word' id='word_1_429' title='bbox 2470 2887 2713 2954; x_wconf 72' lang='lat' dir='ltr'><strong><em>suscepi,</em></strong></span> <span class='ocrx_word' id='word_1_430' title='bbox 2741 2888 2834 2939; x_wconf 87' lang='lat' dir='ltr'><strong><em>sed</em></strong></span> <span class='ocrx_word' id='word_1_431' title='bbox 2857 2899 2913 2940; x_wconf 91' lang='lat' dir='ltr'><strong><em>et</em></strong></span> <span class='ocrx_word' id='word_1_432' title='bbox 2939 2886 3207 2954; x_wconf 87' lang='lat' dir='ltr'><strong><em>Campum</em></strong></span> <span class='ocrx_word' id='word_1_433' title='bbox 3234 2887 3401 2939; x_wconf 76' lang='lat' dir='ltr'><strong><em>istum</em></strong></span> 
     </span>
    </p>
   </div>
   <div class='ocr_carea' id='block_1_70' title="bbox 1830 2974 3401 3044">
    <p class='ocr_par' dir='ltr' id='par_1_70' title="bbox 1830 2974 3401 3044">
     <span class='ocr_line' id='line_1_72' title="bbox 1830 2974 3401 3044; baseline 0.002 -17"><span class='ocrx_word' id='word_1_434' title='bbox 1830 2974 2264 3029; x_wconf 85' lang='lat' dir='ltr'><strong><em>Hebdomianum</em></strong></span> <span class='ocrx_word' id='word_1_435' title='bbox 2303 2993 2409 3029; x_wconf 90' lang='lat' dir='ltr'><strong><em>non</em></strong></span> <span class='ocrx_word' id='word_1_436' title='bbox 2441 2980 2506 3029; x_wconf 82' lang='lat' dir='ltr'><strong><em>ad</em></strong></span> <span class='ocrx_word' id='word_1_437' title='bbox 2555 2977 2969 3044; x_wconf 90' lang='lat' dir='ltr'><strong><em>Propontidem,</em></strong></span> <span class='ocrx_word' id='word_1_438' title='bbox 3005 2978 3100 3030; x_wconf 86' lang='lat' dir='ltr'><strong><em>sed</em></strong></span> <span class='ocrx_word' id='word_1_439' title='bbox 3145 2978 3211 3029; x_wconf 87' lang='lat' dir='ltr'><strong><em>ad</em></strong></span> <span class='ocrx_word' id='word_1_440' title='bbox 3244 2978 3401 3030; x_wconf 82' lang='lat' dir='ltr'><strong><em>sinus</em></strong></span> 
     </span>
    </p>
   </div>
   <div class='ocr_carea' id='block_1_71' title="bbox 1825 3067 3399 3135">
    <p class='ocr_par' dir='ltr' id='par_1_71' title="bbox 1825 3067 3399 3135">
     <span class='ocr_line' id='line_1_73' title="bbox 1825 3067 3399 3135; baseline -0.001 -14"><span class='ocrx_word' id='word_1_441' title='bbox 1825 3067 2094 3128; x_wconf 85' lang='lat' dir='ltr'><strong><em>Ccratini,</em></strong></span> <span class='ocrx_word' id='word_1_442' title='bbox 2118 3083 2311 3121; x_wconf 85' lang='lat' dir='ltr'><strong><em>versus</em></strong></span> <span class='ocrx_word' id='word_1_443' title='bbox 2344 3068 2490 3121; x_wconf 88' lang='lat' dir='ltr'><strong><em>illius</em></strong></span> <span class='ocrx_word' id='word_1_444' title='bbox 2514 3077 2711 3135; x_wconf 86' lang='lat' dir='ltr'><strong><em>caput,</em></strong></span> <span class='ocrx_word' id='word_1_445' title='bbox 2747 3069 2933 3121; x_wconf 84' lang='lat' dir='ltr'><strong><em>littora</em></strong></span> <span class='ocrx_word' id='word_1_446' title='bbox 2963 3108 2977 3130; x_wconf 91' lang='lat'><strong><em>,</em></strong></span> <span class='ocrx_word' id='word_1_447' title='bbox 3020 3068 3298 3131; x_wconf 65' lang='lat' dir='ltr'><strong><em>extitisse,</em></strong></span> <span class='ocrx_word' id='word_1_448' title='bbox 3340 3077 3399 3120; x_wconf 91' lang='lat' dir='ltr'><strong><em>ut</em></strong></span> 
     </span>
    </p>
   </div>
   <div class='ocr_carea' id='block_1_72' title="bbox 1826 3158 3395 3229">
    <p class='ocr_par' dir='ltr' id='par_1_72' title="bbox 1826 3158 3395 3229">
     <span class='ocr_line' id='line_1_74' title="bbox 1826 3158 3395 3229; baseline -0.001 -16"><span class='ocrx_word' id='word_1_449' title='bbox 1826 3170 1880 3213; x_wconf 87' lang='lat' dir='ltr'><strong><em>et</em></strong></span> <span class='ocrx_word' id='word_1_450' title='bbox 1913 3160 2152 3213; x_wconf 85' lang='lat' dir='ltr'><strong><em>tribunal</em></strong></span> <span class='ocrx_word' id='word_1_451' title='bbox 2179 3170 2234 3213; x_wconf 90' lang='lat' dir='ltr'><strong><em>et</em></strong></span> <span class='ocrx_word' id='word_1_452' title='bbox 2259 3161 2519 3229; x_wconf 88' lang='lat' dir='ltr'><strong><em>palatium</em></strong></span> <span class='ocrx_word' id='word_1_453' title='bbox 2560 3159 2848 3219; x_wconf 84' lang='lat' dir='ltr'><strong><em>Hebdomi,</em></strong></span> <span class='ocrx_word' id='word_1_454' title='bbox 2887 3160 3174 3213; x_wconf 88' lang='lat' dir='ltr'><strong><em>ecclesiam</em></strong></span> <span class='ocrx_word' id='word_1_455' title='bbox 3207 3158 3395 3213; x_wconf 83' lang='lat' dir='ltr'><strong><em>Sancti</em></strong></span> 
     </span>
    </p>
   </div>
   <div class='ocr_carea' id='block_1_73' title="bbox 1826 3249 3475 3319">
    <p class='ocr_par' dir='ltr' id='par_1_73' title="bbox 1826 3249 3475 3319">
     <span class='ocr_line' id='line_1_75' title="bbox 1826 3249 3475 3319; baseline -0.002 -15"><span class='ocrx_word' id='word_1_456' title='bbox 1826 3250 2053 3304; x_wconf 85' lang='lat' dir='ltr'><strong><em>Joannis</em></strong></span> <span class='ocrx_word' id='word_1_457' title='bbox 2077 3250 2334 3319; x_wconf 71' lang='lat' dir='ltr'><strong><em>Baptism:</em></strong></span> <span class='ocrx_word' id='word_1_458' title='bbox 2356 3290 2369 3313; x_wconf 92' lang='lat'><strong><em>,</em></strong></span> <span class='ocrx_word' id='word_1_459' title='bbox 2400 3259 2708 3318; x_wconf 53' lang='lat' dir='ltr'><strong><em>lateraque</em></strong></span> <span class='ocrx_word' id='word_1_460' title='bbox 2750 3251 3019 3303; x_wconf 79' lang='lat' dir='ltr'><strong><em>recensita</em></strong></span> <span class='ocrx_word' id='word_1_461' title='bbox 3056 3264 3085 3301; x_wconf 87' lang='lat' dir='ltr'><strong><em>a</em></strong></span> <span class='ocrx_word' id='word_1_462' title='bbox 3109 3249 3398 3317; x_wconf 78' lang='lat' dir='ltr'><strong><em>scriptori-</em></strong></span> <span class='ocrx_word' id='word_1_463' title='bbox 3444 3280 3475 3287; x_wconf 52' lang='grc' dir='ltr'>-ν</span> 
     </span>
    </p>
   </div>
   <div class='ocr_carea' id='block_1_74' title="bbox 1831 3340 3399 3408">
    <p class='ocr_par' dir='ltr' id='par_1_74' title="bbox 1831 3340 3399 3408">
     <span class='ocr_line' id='line_1_76' title="bbox 1831 3340 3399 3408; baseline 0 -14"><span class='ocrx_word' id='word_1_464' title='bbox 1831 3340 1932 3394; x_wconf 87' lang='lat' dir='ltr'><strong><em>bus</em></strong></span> <span class='ocrx_word' id='word_1_465' title='bbox 1968 3342 2018 3393; x_wconf 88' lang='lat' dir='ltr'><strong><em>in</em></strong></span> <span class='ocrx_word' id='word_1_466' title='bbox 2056 3341 2338 3393; x_wconf 86' lang='lat' dir='ltr'><strong><em>Hebdomo</em></strong></span> <span class='ocrx_word' id='word_1_467' title='bbox 2368 3341 2640 3399; x_wconf 66' lang='lat' dir='ltr'><strong><em>aedilicia.</em></strong></span> <span class='ocrx_word' id='word_1_468' title='bbox 2680 3342 2733 3393; x_wconf 86' lang='lat' dir='ltr'><strong><em>in</em></strong></span> <span class='ocrx_word' id='word_1_469' title='bbox 2783 3341 2888 3393; x_wconf 87' lang='lat' dir='ltr'><strong><em>hoc</em></strong></span> <span class='ocrx_word' id='word_1_470' title='bbox 2914 3341 3082 3393; x_wconf 78' lang='lat' dir='ltr'><strong><em>fuisse</em></strong></span> <span class='ocrx_word' id='word_1_471' title='bbox 3122 3350 3399 3408; x_wconf 84' lang='lat' dir='ltr'><strong><em>postremo</em></strong></span> 
     </span>
    </p>
   </div>
   <div class='ocr_carea' id='block_1_75' title="bbox 145 3419 3394 3498">
    <p class='ocr_par' dir='ltr' id='par_1_75' title="bbox 145 3419 3394 3498">
     <span class='ocr_line' id='line_1_77' title="bbox 145 3419 3394 3498; baseline 0.003 -27"><span class='ocrx_word' id='word_1_472' title='bbox 145 3419 314 3487; x_wconf 69' lang='lat' dir='ltr'><strong><em>Epist.</em></strong></span> <span class='ocrx_word' id='word_1_473' title='bbox 340 3425 411 3474; x_wconf 87' lang='lat' dir='ltr'><strong><em>ad</em></strong></span> <span class='ocrx_word' id='word_1_474' title='bbox 436 3424 491 3477; x_wconf 83' lang='lat' dir='ltr'><strong><em>S.</em></strong></span> <span class='ocrx_word' id='word_1_475' title='bbox 528 3426 805 3494; x_wconf 68' lang='lat' dir='ltr'><strong><em>lberam):</em></strong></span> <span class='ocrx_word' id='word_1_476' title='bbox 826 3426 883 3480; x_wconf 87' lang='lat' dir='ltr'><strong><em>Si</em></strong></span> <span class='ocrx_word' id='word_1_477' title='bbox 914 3428 1074 3479; x_wconf 76' lang='lat' dir='ltr'><strong><em>aliter</em></strong></span> <span class='ocrx_word' id='word_1_478' title='bbox 1090 3444 1249 3495; x_wconf 87' lang='lat' dir='ltr'><strong><em>quam</em></strong></span> <span class='ocrx_word' id='word_1_479' title='bbox 1278 3429 1557 3480; x_wconf 82' lang='lat' dir='ltr'><strong><em>issensisse</em></strong></span> <span class='ocrx_word' id='word_1_480' title='bbox 1579 3445 1721 3498; x_wconf 79' lang='lat' dir='ltr'><strong><em>repe-</em></strong></span> <span class='ocrx_word' id='word_1_481' title='bbox 1747 3421 1793 3482; x_wconf 89' lang='lat' dir='ltr'><strong><em>C</em></strong></span> <span class='ocrx_word' id='word_1_482' title='bbox 1830 3428 2134 3495; x_wconf 85' lang='lat' dir='ltr'><strong><em>Hebdomo,</em></strong></span> <span class='ocrx_word' id='word_1_483' title='bbox 2182 3447 2279 3483; x_wconf 83' lang='lat' dir='ltr'><strong><em>seu</em></strong></span> <span class='ocrx_word' id='word_1_484' title='bbox 2334 3430 2388 3483; x_wconf 91' lang='lat' dir='ltr'><strong><em>in</em></strong></span> <span class='ocrx_word' id='word_1_485' title='bbox 2432 3429 2638 3497; x_wconf 81' lang='lat' dir='ltr'><strong><em>Campo</em></strong></span> <span class='ocrx_word' id='word_1_486' title='bbox 2682 3429 2973 3492; x_wconf 76' lang='lat' dir='ltr'><strong><em>lle‘bdomi,</em></strong></span> <span class='ocrx_word' id='word_1_487' title='bbox 3022 3444 3131 3481; x_wconf 90' lang='lat' dir='ltr'><strong><em>non</em></strong></span> <span class='ocrx_word' id='word_1_488' title='bbox 3158 3443 3291 3482; x_wconf 84' lang='lat' dir='ltr'><strong><em>vero</em></strong></span> <span class='ocrx_word' id='word_1_489' title='bbox 3324 3429 3394 3481; x_wconf 84' lang='lat' dir='ltr'><strong><em>ad</em></strong></span> 
     </span>
    </p>
   </div>
   <div class='ocr_carea' id='block_1_76' title="bbox 143 3516 1720 3587">
    <p class='ocr_par' dir='ltr' id='par_1_76' title="bbox 143 3516 1720 3587">
     <span class='ocr_line' id='line_1_78' title="bbox 143 3516 1720 3587; baseline 0.006 -25"><span class='ocrx_word' id='word_1_490' title='bbox 143 3516 272 3575; x_wconf 79' lang='lat' dir='ltr'><strong><em>riar,</em></strong></span> <span class='ocrx_word' id='word_1_491' title='bbox 306 3531 415 3565; x_wconf 90' lang='lat' dir='ltr'><strong><em>non</em></strong></span> <span class='ocrx_word' id='word_1_492' title='bbox 445 3525 630 3568; x_wconf 88' lang='lat' dir='ltr'><strong><em>contra</em></strong></span> <span class='ocrx_word' id='word_1_493' title='bbox 660 3517 810 3569; x_wconf 87' lang='lat' dir='ltr'><strong><em>illum</em></strong></span> <span class='ocrx_word' id='word_1_494' title='bbox 838 3519 1060 3580; x_wconf 91' lang='lat' dir='ltr'><strong><em>dictum,</em></strong></span> <span class='ocrx_word' id='word_1_495' title='bbox 1089 3521 1181 3570; x_wconf 86' lang='lat' dir='ltr'><strong><em>sed</em></strong></span> <span class='ocrx_word' id='word_1_496' title='bbox 1205 3518 1343 3587; x_wconf 85' lang='lat' dir='ltr'><strong><em>quod</em></strong></span> <span class='ocrx_word' id='word_1_497' title='bbox 1364 3520 1490 3569; x_wconf 82' lang='lat' dir='ltr'><strong><em>mihi</em></strong></span> <span class='ocrx_word' id='word_1_498' title='bbox 1513 3520 1720 3572; x_wconf 87' lang='lat' dir='ltr'><strong><em>videba-</em></strong></span> 
     </span>
    </p>
   </div>
   <div class='ocr_carea' id='block_1_77' title="bbox 143 3606 1720 3675">
    <p class='ocr_par' dir='ltr' id='par_1_77' title="bbox 143 3606 1720 3675">
     <span class='ocr_line' id='line_1_79' title="bbox 143 3606 1720 3675; baseline 0.006 -23"><span class='ocrx_word' id='word_1_499' title='bbox 143 3614 227 3653; x_wconf 85' lang='lat' dir='ltr'><strong><em>tur</em></strong></span> <span class='ocrx_word' id='word_1_500' title='bbox 254 3621 285 3654; x_wconf 87' lang='lat' dir='ltr'><strong><em>a</em></strong></span> <span class='ocrx_word' id='word_1_501' title='bbox 334 3620 418 3655; x_wconf 72' lang='lat' dir='ltr'><strong><em>me</em></strong></span> <span class='ocrx_word' id='word_1_502' title='bbox 444 3609 699 3673; x_wconf 77' lang='lat' dir='ltr'><strong><em>seriptum</em></strong></span> <span class='ocrx_word' id='word_1_503' title='bbox 731 3623 848 3659; x_wconf 85' lang='lat' dir='ltr'><strong><em>esse</em></strong></span> <span class='ocrx_word' id='word_1_504' title='bbox 892 3616 1069 3675; x_wconf 84' lang='lat' dir='ltr'><strong><em>putem</em></strong></span> <span class='ocrx_word' id='word_1_505' title='bbox 1118 3606 1364 3659; x_wconf 88' lang='lat' dir='ltr'><strong><em>lectorem</em></strong></span> <span class='ocrx_word' id='word_1_506' title='bbox 1401 3608 1584 3661; x_wconf 85' lang='lat' dir='ltr'><strong><em>debere</em></strong></span> <span class='ocrx_word' id='word_1_507' title='bbox 1629 3626 1720 3662; x_wconf 88' lang='lat' dir='ltr'><strong><em>co-</em></strong></span> 
     </span>
    </p>
   </div>
   <div class='ocr_carea' id='block_1_78' title="bbox 140 3698 1715 3765">
    <p class='ocr_par' dir='ltr' id='par_1_78' title="bbox 140 3698 1715 3765">
     <span class='ocr_line' id='line_1_80' title="bbox 140 3698 1715 3765; baseline 0.006 -22"><span class='ocrx_word' id='word_1_508' title='bbox 140 3711 392 3761; x_wconf 74' lang='lat' dir='ltr'><strong><em>gnoscere</em></strong></span> <span class='ocrx_word' id='word_1_509' title='bbox 415 3710 433 3745; x_wconf 84' lang='lat'><strong><em>.&#39;</em></strong></span> <span class='ocrx_word' id='word_1_510' title='bbox 466 3705 558 3747; x_wconf 89' lang='lat' dir='ltr'><strong><em>aut</em></strong></span> <span class='ocrx_word' id='word_1_511' title='bbox 591 3698 637 3748; x_wconf 90' lang='lat' dir='ltr'><strong><em>si</em></strong></span> <span class='ocrx_word' id='word_1_512' title='bbox 656 3698 893 3765; x_wconf 87' lang='lat' dir='ltr'><strong><em>cognosci</em></strong></span> <span class='ocrx_word' id='word_1_513' title='bbox 922 3705 1240 3765; x_wconf 33' lang='lat' dir='ltr'><strong><em>non‘potest,</em></strong></span> <span class='ocrx_word' id='word_1_514' title='bbox 1271 3698 1482 3751; x_wconf 89' lang='lat' dir='ltr'><strong><em>credere</em></strong></span> <span class='ocrx_word' id='word_1_515' title='bbox 1514 3700 1715 3754; x_wconf 88' lang='lat' dir='ltr'><strong><em>debere.</em></strong></span> 
     </span>
    </p>
   </div>
   <div class='ocr_carea' id='block_1_79' title="bbox 208 3786 1719 3859">
    <p class='ocr_par' dir='ltr' id='par_1_79' title="bbox 208 3786 1719 3859">
     <span class='ocr_line' id='line_1_81' title="bbox 208 3786 1719 3859; baseline 0.003 -21"><span class='ocrx_word' id='word_1_516' title='bbox 208 3786 275 3838; x_wconf 91' lang='lat' dir='ltr'><strong><em>ll.</em></strong></span> <span class='ocrx_word' id='word_1_517' title='bbox 314 3789 497 3856; x_wconf 78' lang='lat' dir='ltr'><strong><em>Atque</em></strong></span> <span class='ocrx_word' id='word_1_518' title='bbox 540 3800 597 3841; x_wconf 90' lang='lat' dir='ltr'><strong><em>ut</em></strong></span> <span class='ocrx_word' id='word_1_519' title='bbox 635 3789 865 3859; x_wconf 84' lang='lat' dir='ltr'><strong><em>hujusce</em></strong></span> <span class='ocrx_word' id='word_1_520' title='bbox 894 3788 1313 3857; x_wconf 88' lang='lat' dir='ltr'><strong><em>disceptationis</em></strong></span> <span class='ocrx_word' id='word_1_521' title='bbox 1339 3791 1575 3845; x_wconf 83' lang='lat' dir='ltr'><strong><em>ducatur</em></strong></span> <span class='ocrx_word' id='word_1_522' title='bbox 1608 3791 1719 3844; x_wconf 90' lang='lat' dir='ltr'><strong><em>ini-</em></strong></span> 
     </span>
    </p>
   </div>
   <div class='ocr_carea' id='block_1_80' title="bbox 142 3877 1719 3946">
    <p class='ocr_par' dir='ltr' id='par_1_80' title="bbox 142 3877 1719 3946">
     <span class='ocr_line' id='line_1_82' title="bbox 142 3877 1719 3946; baseline 0.006 -21"><span class='ocrx_word' id='word_1_523' title='bbox 142 3877 301 3936; x_wconf 86' lang='lat' dir='ltr'><strong><em>tium,</em></strong></span> <span class='ocrx_word' id='word_1_524' title='bbox 353 3878 409 3928; x_wconf 90' lang='lat' dir='ltr'><strong><em>in</em></strong></span> <span class='ocrx_word' id='word_1_525' title='bbox 456 3879 708 3932; x_wconf 86' lang='lat' dir='ltr'><strong><em>confesso</em></strong></span> <span class='ocrx_word' id='word_1_526' title='bbox 738 3879 939 3931; x_wconf 82' lang='lat' dir='ltr'><strong><em>debere</em></strong></span> <span class='ocrx_word' id='word_1_527' title='bbox 972 3894 1093 3933; x_wconf 85' lang='lat' dir='ltr'><strong><em>esse</em></strong></span> <span class='ocrx_word' id='word_1_528' title='bbox 1123 3882 1470 3946; x_wconf 69' lang='lat' dir='ltr'><strong><em>agnoscimus</em></strong></span> <span class='ocrx_word' id='word_1_529' title='bbox 1497 3880 1719 3934; x_wconf 83' lang='lat' dir='ltr'><strong><em>Hebdo-</em></strong></span> 
     </span>
    </p>
   </div>
   <div class='ocr_carea' id='block_1_81' title="bbox 140 3966 1716 4040">
    <p class='ocr_par' dir='ltr' id='par_1_81' title="bbox 140 3966 1716 4040">
     <span class='ocr_line' id='line_1_83' title="bbox 140 3966 1716 4040; baseline 0.006 -24"><span class='ocrx_word' id='word_1_530' title='bbox 140 3982 288 4017; x_wconf 85' lang='lat' dir='ltr'><strong><em>mum</em></strong></span> <span class='ocrx_word' id='word_1_531' title='bbox 323 3966 399 4019; x_wconf 87' lang='lat' dir='ltr'><strong><em>i:a</em></strong></span> <span class='ocrx_word' id='word_1_532' title='bbox 432 3970 789 4036; x_wconf 86' lang='lat' dir='ltr'><strong><em>appellatum,</em></strong></span> <span class='ocrx_word' id='word_1_533' title='bbox 815 3969 963 4038; x_wconf 91' lang='lat' dir='ltr'><strong><em>quod</em></strong></span> <span class='ocrx_word' id='word_1_534' title='bbox 996 3970 1231 4037; x_wconf 89' lang='lat' dir='ltr'><strong><em>septimo</em></strong></span> <span class='ocrx_word' id='word_1_535' title='bbox 1263 3970 1332 4023; x_wconf 87' lang='lat' dir='ltr'><strong><em>ab</em></strong></span> <span class='ocrx_word' id='word_1_536' title='bbox 1360 3971 1495 4024; x_wconf 88' lang='lat' dir='ltr'><strong><em>urbe</em></strong></span> <span class='ocrx_word' id='word_1_537' title='bbox 1520 3972 1716 4040; x_wconf 82' lang='lat' dir='ltr'><strong><em>(veteri</em></strong></span> 
     </span>
    </p>
   </div>
   <div class='ocr_carea' id='block_1_82' title="bbox 139 4060 1716 4133">
    <p class='ocr_par' dir='ltr' id='par_1_82' title="bbox 139 4060 1716 4133">
     <span class='ocr_line' id='line_1_84' title="bbox 139 4060 1716 4133; baseline 0.006 -24"><span class='ocrx_word' id='word_1_538' title='bbox 139 4060 357 4111; x_wconf 68' lang='lat' dir='ltr'><strong><em>scilicet</em></strong></span> <span class='ocrx_word' id='word_1_539' title='bbox 423 4060 683 4129; x_wconf 78' lang='lat' dir='ltr'><strong><em>Byzantio</em></strong></span> <span class='ocrx_word' id='word_1_540' title='bbox 748 4062 816 4113; x_wconf 89' lang='lat' dir='ltr'><strong><em>ad</em></strong></span> <span class='ocrx_word' id='word_1_541' title='bbox 882 4063 1318 4127; x_wconf 82' lang='lat' dir='ltr'><strong><em>promontorium</em></strong></span> <span class='ocrx_word' id='word_1_542' title='bbox 1373 4065 1716 4133; x_wconf 83' lang='lat' dir='ltr'><strong><em>Ceratinum)</em></strong></span> 
     </span>
    </p>
   </div>
   <div class='ocr_carea' id='block_1_83' title="bbox 141 4150 1705 4221">
    <p class='ocr_par' dir='ltr' id='par_1_83' title="bbox 141 4150 1705 4221">
     <span class='ocr_line' id='line_1_85' title="bbox 141 4150 1705 4221; baseline 0.004 -22"><span class='ocrx_word' id='word_1_543' title='bbox 141 4150 361 4201; x_wconf 81' lang='lat' dir='ltr'><strong><em>milliari</em></strong></span> <span class='ocrx_word' id='word_1_544' title='bbox 420 4152 652 4204; x_wconf 83' lang='lat' dir='ltr'><strong><em>distaret</em></strong></span> <span class='ocrx_word' id='word_1_545' title='bbox 698 4169 713 4203; x_wconf 91' lang='lat'><strong>:</strong></span> <span class='ocrx_word' id='word_1_546' title='bbox 762 4151 961 4205; x_wconf 86' lang='lat' dir='ltr'><strong><em>indeve</em></strong></span> <span class='ocrx_word' id='word_1_547' title='bbox 1023 4152 1169 4219; x_wconf 91' lang='lat' dir='ltr'><strong><em>quod</em></strong></span> <span class='ocrx_word' id='word_1_548' title='bbox 1202 4152 1377 4207; x_wconf 67' lang='grc' dir='ltr'><strong><em>ϐταεεὶ</em></strong></span> <span class='ocrx_word' id='word_1_549' title='bbox 1415 4153 1705 4221; x_wconf 76' lang='grc' dir='ltr'><strong><em>Ἔσδομον,</em></strong></span> 
     </span>
    </p>
   </div>
   <div class='ocr_carea' id='block_1_84' title="bbox 140 4236 1715 4312">
    <p class='ocr_par' dir='ltr' id='par_1_84' title="bbox 140 4236 1715 4312">
     <span class='ocr_line' id='line_1_86' title="bbox 140 4236 1715 4312; baseline 0.006 -25"><span class='ocrx_word' id='word_1_550' title='bbox 140 4236 323 4289; x_wconf 79' lang='lat' dir='ltr'><strong><em>Latini</em></strong></span> <span class='ocrx_word' id='word_1_551' title='bbox 377 4238 674 4305; x_wconf 86' lang='lat' dir='ltr'><strong><em>Septimum</em></strong></span> <span class='ocrx_word' id='word_1_552' title='bbox 721 4249 954 4304; x_wconf 79' lang='lat' dir='ltr'><strong><em>Vocant,</em></strong></span> <span class='ocrx_word' id='word_1_553' title='bbox 1014 4241 1282 4308; x_wconf 84' lang='lat' dir='ltr'><strong><em>quosdam</em></strong></span> <span class='ocrx_word' id='word_1_554' title='bbox 1334 4242 1715 4312; x_wconf 79' lang='lat' dir='ltr'><strong><em>Septimilliare</em></strong></span> 
     </span>
    </p>
   </div>
   <div class='ocr_carea' id='block_1_85' title="bbox 140 4333 1713 4404">
    <p class='ocr_par' dir='ltr' id='par_1_85' title="bbox 140 4333 1713 4404">
     <span class='ocr_line' id='line_1_87' title="bbox 140 4333 1713 4404; baseline 0.009 -27"><span class='ocrx_word' id='word_1_555' title='bbox 140 4344 469 4395; x_wconf 81' lang='lat' dir='ltr'><strong><em>nuncupare</em></strong></span> <span class='ocrx_word' id='word_1_556' title='bbox 512 4348 530 4386; x_wconf 85' lang='lat'><strong>:</strong></span> <span class='ocrx_word' id='word_1_557' title='bbox 572 4333 1038 4399; x_wconf 88' lang='lat' dir='ltr'><strong><em>quemadmodum</em></strong></span> <span class='ocrx_word' id='word_1_558' title='bbox 1090 4334 1145 4387; x_wconf 91' lang='lat' dir='ltr'><strong><em>in</em></strong></span> <span class='ocrx_word' id='word_1_559' title='bbox 1191 4342 1427 4404; x_wconf 89' lang='lat' dir='ltr'><strong><em>utroque</em></strong></span> <span class='ocrx_word' id='word_1_560' title='bbox 1477 4336 1713 4402; x_wconf 89' lang='lat' dir='ltr'><strong><em>isthmo,</em></strong></span> 
     </span>
    </p>
   </div>
   <div class='ocr_carea' id='block_1_86' title="bbox 140 4417 1716 4491">
    <p class='ocr_par' dir='ltr' id='par_1_86' title="bbox 140 4417 1716 4491">
     <span class='ocr_line' id='line_1_88' title="bbox 140 4417 1716 4491; baseline 0.008 -22"><span class='ocrx_word' id='word_1_561' title='bbox 140 4417 393 4472; x_wconf 70' lang='lat' dir='ltr'><strong><em>Thraciae</em></strong></span> <span class='ocrx_word' id='word_1_562' title='bbox 439 4420 772 4477; x_wconf 80' lang='lat' dir='ltr'><strong><em>Chersonesi</em></strong></span> <span class='ocrx_word' id='word_1_563' title='bbox 833 4436 890 4479; x_wconf 88' lang='lat' dir='ltr'><strong><em>et</em></strong></span> <span class='ocrx_word' id='word_1_564' title='bbox 939 4426 1320 4491; x_wconf 82' lang='lat' dir='ltr'><strong><em>Corinthiaco,</em></strong></span> <span class='ocrx_word' id='word_1_565' title='bbox 1366 4443 1397 4481; x_wconf 86' lang='lat' dir='ltr'><strong><em>a</em></strong></span> <span class='ocrx_word' id='word_1_566' title='bbox 1457 4431 1596 4482; x_wconf 89' lang='lat' dir='ltr'><strong><em>mari</em></strong></span> <span class='ocrx_word' id='word_1_567' title='bbox 1647 4430 1716 4483; x_wconf 88' lang='lat' dir='ltr'><strong><em>ad</em></strong></span> 
     </span>
    </p>
   </div>
   <div class='ocr_carea' id='block_1_87' title="bbox 141 4513 1714 4574">
    <p class='ocr_par' dir='ltr' id='par_1_87' title="bbox 141 4513 1714 4574">
     <span class='ocr_line' id='line_1_89' title="bbox 141 4513 1714 4574; baseline 0.008 -13"><span class='ocrx_word' id='word_1_568' title='bbox 141 4527 295 4563; x_wconf 84' lang='lat' dir='ltr'><strong><em>mare</em></strong></span> <span class='ocrx_word' id='word_1_569' title='bbox 350 4513 595 4566; x_wconf 89' lang='lat' dir='ltr'><strong><em>deducto</em></strong></span> <span class='ocrx_word' id='word_1_570' title='bbox 662 4531 820 4568; x_wconf 89' lang='lat' dir='ltr'><strong><em>muro</em></strong></span> <span class='ocrx_word' id='word_1_571' title='bbox 871 4517 1158 4572; x_wconf 81' lang='lat' dir='ltr'><strong><em>llexainilii</em></strong></span> <span class='ocrx_word' id='word_1_572' title='bbox 1206 4535 1237 4572; x_wconf 88' lang='lat' dir='ltr'><strong><em>a</em></strong></span> <span class='ocrx_word' id='word_1_573' title='bbox 1280 4535 1375 4573; x_wconf 83' lang='lat' dir='ltr'><strong><em>sex</em></strong></span> <span class='ocrx_word' id='word_1_574' title='bbox 1397 4521 1714 4574; x_wconf 89' lang='lat' dir='ltr'><strong><em>milliarium</em></strong></span> 
     </span>
    </p>
   </div>
   <div class='ocr_carea' id='block_1_88' title="bbox 138 4605 1718 4671">
    <p class='ocr_par' dir='ltr' id='par_1_88' title="bbox 138 4605 1718 4671">
     <span class='ocr_line' id='line_1_90' title="bbox 138 4605 1718 4671; baseline 0.008 -16"><span class='ocrx_word' id='word_1_575' title='bbox 138 4605 319 4671; x_wconf 84' lang='lat' dir='ltr'><strong><em>spatio</em></strong></span> <span class='ocrx_word' id='word_1_576' title='bbox 344 4619 544 4657; x_wconf 89' lang='lat' dir='ltr'><strong><em>nomen</em></strong></span> <span class='ocrx_word' id='word_1_577' title='bbox 579 4606 813 4659; x_wconf 88' lang='lat' dir='ltr'><strong><em>inditum</em></strong></span> <span class='ocrx_word' id='word_1_578' title='bbox 843 4619 946 4661; x_wconf 90' lang='lat' dir='ltr'><strong><em>est.</em></strong></span> <span class='ocrx_word' id='word_1_579' title='bbox 977 4608 1030 4661; x_wconf 90' lang='lat' dir='ltr'><strong><em>Id</em></strong></span> <span class='ocrx_word' id='word_1_580' title='bbox 1074 4618 1131 4662; x_wconf 90' lang='lat' dir='ltr'><strong><em>at</em></strong></span> <span class='ocrx_word' id='word_1_581' title='bbox 1164 4611 1354 4665; x_wconf 91' lang='lat' dir='ltr'><strong><em>multis</em></strong></span> <span class='ocrx_word' id='word_1_582' title='bbox 1390 4613 1445 4664; x_wconf 92' lang='lat' dir='ltr'><strong><em>in</em></strong></span> <span class='ocrx_word' id='word_1_583' title='bbox 1470 4628 1533 4665; x_wconf 89' lang='lat' dir='ltr'><strong><em>ea</em></strong></span> <span class='ocrx_word' id='word_1_584' title='bbox 1561 4614 1718 4667; x_wconf 90' lang='lat' dir='ltr'><strong><em>lucu-</em></strong></span> 
     </span>
    </p>
   </div>
   <div class='ocr_carea' id='block_1_89' title="bbox 1822 3518 3396 3589">
    <p class='ocr_par' dir='ltr' id='par_1_89' title="bbox 1822 3518 3396 3589">
     <span class='ocr_line' id='line_1_91' title="bbox 1822 3518 3396 3589; baseline -0.002 -16"><span class='ocrx_word' id='word_1_585' title='bbox 1822 3523 2115 3589; x_wconf 87' lang='lat' dir='ltr'><strong><em>septimum</em></strong></span> <span class='ocrx_word' id='word_1_586' title='bbox 2157 3520 2227 3574; x_wconf 89' lang='lat' dir='ltr'><strong><em>ab</em></strong></span> <span class='ocrx_word' id='word_1_587' title='bbox 2257 3518 2390 3573; x_wconf 84' lang='lat' dir='ltr'><strong><em>urbe</em></strong></span> <span class='ocrx_word' id='word_1_588' title='bbox 2421 3520 2675 3579; x_wconf 86' lang='lat' dir='ltr'><strong><em>milliare,</em></strong></span> <span class='ocrx_word' id='word_1_589' title='bbox 2723 3520 2869 3587; x_wconf 83' lang='lat' dir='ltr'><strong><em>quod</em></strong></span> <span class='ocrx_word' id='word_1_590' title='bbox 2913 3519 3029 3573; x_wconf 82' lang='lat' dir='ltr'><strong><em>vult</em></strong></span> <span class='ocrx_word' id='word_1_591' title='bbox 3066 3519 3396 3573; x_wconf 85' lang='lat' dir='ltr'><strong><em>dissertator</em></strong></span> 
     </span>
    </p>
   </div>
   <div class='ocr_carea' id='block_1_90' title="bbox 1822 3609 3394 3679">
    <p class='ocr_par' dir='ltr' id='par_1_90' title="bbox 1822 3609 3394 3679">
     <span class='ocr_line' id='line_1_92' title="bbox 1822 3609 3394 3679; baseline -0.001 -16"><span class='ocrx_word' id='word_1_592' title='bbox 1822 3611 2256 3665; x_wconf 83' lang='lat' dir='ltr'><strong><em>chtlomianus.</em></strong></span> <span class='ocrx_word' id='word_1_593' title='bbox 2290 3610 2617 3679; x_wconf 85' lang='lat' dir='ltr'><strong><em>Priusquam</em></strong></span> <span class='ocrx_word' id='word_1_594' title='bbox 2654 3625 2781 3663; x_wconf 90' lang='lat' dir='ltr'><strong><em>vero</em></strong></span> <span class='ocrx_word' id='word_1_595' title='bbox 2820 3626 2932 3662; x_wconf 87' lang='lat' dir='ltr'><strong><em>rem</em></strong></span> <span class='ocrx_word' id='word_1_596' title='bbox 2972 3609 3281 3678; x_wconf 71' lang='lat' dir='ltr'><strong><em>aggrediar,</em></strong></span> <span class='ocrx_word' id='word_1_597' title='bbox 3333 3618 3394 3663; x_wconf 88' lang='lat' dir='ltr'><strong><em>ut</em></strong></span> 
     </span>
    </p>
   </div>
   <div class='ocr_carea' id='block_1_91' title="bbox 1822 3701 3390 3771">
    <p class='ocr_par' dir='ltr' id='par_1_91' title="bbox 1822 3701 3390 3771">
     <span class='ocr_line' id='line_1_93' title="bbox 1822 3701 3390 3771; baseline -0.002 -16"><span class='ocrx_word' id='word_1_598' title='bbox 1822 3718 1910 3755; x_wconf 85' lang='lat' dir='ltr'><strong><em>res</em></strong></span> <span class='ocrx_word' id='word_1_599' title='bbox 1940 3703 2156 3771; x_wconf 90' lang='lat' dir='ltr'><strong><em>planior</em></strong></span> <span class='ocrx_word' id='word_1_600' title='bbox 2206 3702 2469 3769; x_wconf 86' lang='lat' dir='ltr'><strong><em>deinceps</em></strong></span> <span class='ocrx_word' id='word_1_601' title='bbox 2510 3701 2643 3765; x_wconf 87' lang='lat' dir='ltr'><strong><em>fiat,</em></strong></span> <span class='ocrx_word' id='word_1_602' title='bbox 2680 3716 2947 3769; x_wconf 89' lang='lat' dir='ltr'><strong><em>ponemus</em></strong></span> <span class='ocrx_word' id='word_1_603' title='bbox 2992 3702 3045 3753; x_wconf 92' lang='lat' dir='ltr'><strong><em>in</em></strong></span> <span class='ocrx_word' id='word_1_604' title='bbox 3081 3701 3390 3769; x_wconf 82' lang='lat' dir='ltr'><strong><em>exeinplum</em></strong></span> 
     </span>
    </p>
   </div>
   <div class='ocr_carea' id='block_1_92' title="bbox 1823 3790 3395 3859">
    <p class='ocr_par' dir='ltr' id='par_1_92' title="bbox 1823 3790 3395 3859">
     <span class='ocr_line' id='line_1_94' title="bbox 1823 3790 3395 3859; baseline 0 -14"><span class='ocrx_word' id='word_1_605' title='bbox 1823 3792 2205 3846; x_wconf 88' lang='lat' dir='ltr'><strong><em>suburbanum</em></strong></span> <span class='ocrx_word' id='word_1_606' title='bbox 2243 3792 2576 3854; x_wconf 85' lang='lat' dir='ltr'><strong><em>Parisiense,</em></strong></span> <span class='ocrx_word' id='word_1_607' title='bbox 2606 3805 2701 3844; x_wconf 85' lang='lat' dir='ltr'><strong><em>seu</em></strong></span> <span class='ocrx_word' id='word_1_608' title='bbox 2743 3790 2886 3859; x_wconf 81' lang='lat' dir='ltr'><strong><em>regis</em></strong></span> <span class='ocrx_word' id='word_1_609' title='bbox 2921 3792 3093 3843; x_wconf 81' lang='lat' dir='ltr'><strong><em>nostri</em></strong></span> <span class='ocrx_word' id='word_1_610' title='bbox 3124 3790 3395 3845; x_wconf 82' lang='lat' dir='ltr'><strong><em>Christia—</em></strong></span> 
     </span>
    </p>
   </div>
   <div class='ocr_carea' id='block_1_93' title="bbox 1822 3879 3389 3955">
    <p class='ocr_par' dir='ltr' id='par_1_93' title="bbox 1822 3879 3389 3955">
     <span class='ocr_line' id='line_1_95' title="bbox 1822 3879 3389 3955; baseline -0.001 -22"><span class='ocrx_word' id='word_1_611' title='bbox 1822 3882 2042 3955; x_wconf 73' lang='lat' dir='ltr'><strong><em>pissimi</em></strong></span> <span class='ocrx_word' id='word_1_612' title='bbox 2104 3881 2404 3949; x_wconf 87' lang='lat' dir='ltr'><strong><em>palatium,</em></strong></span> <span class='ocrx_word' id='word_1_613' title='bbox 2471 3880 2615 3948; x_wconf 79' lang='lat' dir='ltr'><strong><em>quod</em></strong></span> <span class='ocrx_word' id='word_1_614' title='bbox 2680 3879 2955 3933; x_wconf 77' lang='lat' dir='ltr'><strong><em>Versalias</em></strong></span> <span class='ocrx_word' id='word_1_615' title='bbox 3008 3880 3389 3947; x_wconf 86' lang='lat' dir='ltr'><strong><em>appellamus,</em></strong></span> 
     </span>
    </p>
   </div>
   <div class='ocr_carea' id='block_1_94' title="bbox 1819 3967 3391 4037">
    <p class='ocr_par' dir='ltr' id='par_1_94' title="bbox 1819 3967 3391 4037">
     <span class='ocr_line' id='line_1_96' title="bbox 1819 3967 3391 4037; baseline -0.003 -12"><span class='ocrx_word' id='word_1_616' title='bbox 1819 3971 1985 4025; x_wconf 88' lang='lat' dir='ltr'><strong><em>simili</em></strong></span> <span class='ocrx_word' id='word_1_617' title='bbox 2010 3971 2122 4024; x_wconf 87' lang='lat' dir='ltr'><strong><em>fere</em></strong></span> <span class='ocrx_word' id='word_1_618' title='bbox 2154 3972 2224 4023; x_wconf 85' lang='lat' dir='ltr'><strong><em>ab</em></strong></span> <span class='ocrx_word' id='word_1_619' title='bbox 2258 3970 2393 4023; x_wconf 91' lang='lat' dir='ltr'><strong><em>urbe</em></strong></span> <span class='ocrx_word' id='word_1_620' title='bbox 2427 3968 2725 4023; x_wconf 89' lang='lat' dir='ltr'><strong><em>Galliarum</em></strong></span> <span class='ocrx_word' id='word_1_621' title='bbox 2757 3967 3014 4037; x_wconf 87' lang='lat' dir='ltr'><strong><em>primaria</em></strong></span> <span class='ocrx_word' id='word_1_622' title='bbox 3052 3969 3391 4035; x_wconf 72' lang='lat' dir='ltr'><strong><em>diSparatum</em></strong></span> 
     </span>
    </p>
   </div>
   <div class='ocr_carea' id='block_1_95' title="bbox 1820 4056 3391 4129">
    <p class='ocr_par' dir='ltr' id='par_1_95' title="bbox 1820 4056 3391 4129">
     <span class='ocr_line' id='line_1_97' title="bbox 1820 4056 3391 4129; baseline -0.005 -15"><span class='ocrx_word' id='word_1_623' title='bbox 1820 4061 2024 4129; x_wconf 87' lang='lat' dir='ltr'><strong><em>spatio,</em></strong></span> <span class='ocrx_word' id='word_1_624' title='bbox 2081 4074 2191 4126; x_wconf 81' lang='lat' dir='ltr'><strong><em>quo</em></strong></span> <span class='ocrx_word' id='word_1_625' title='bbox 2241 4060 2588 4113; x_wconf 88' lang='lat' dir='ltr'><strong><em>Hebdomum</em></strong></span> <span class='ocrx_word' id='word_1_626' title='bbox 2637 4074 2665 4111; x_wconf 89' lang='lat' dir='ltr'><strong><em>a</em></strong></span> <span class='ocrx_word' id='word_1_627' title='bbox 2706 4058 2988 4128; x_wconf 78' lang='lat' dir='ltr'><strong><em>Byzantio.</em></strong></span> <span class='ocrx_word' id='word_1_628' title='bbox 3028 4056 3148 4122; x_wconf 84' lang='lat' dir='ltr'><strong><em>Quo</em></strong></span> <span class='ocrx_word' id='word_1_629' title='bbox 3186 4058 3391 4127; x_wconf 79' lang='lat' dir='ltr'><strong><em>posito,</em></strong></span> 
     </span>
    </p>
   </div>
   <div class='ocr_carea' id='block_1_96' title="bbox 1819 4146 3393 4221">
    <p class='ocr_par' dir='ltr' id='par_1_96' title="bbox 1819 4146 3393 4221">
     <span class='ocr_line' id='line_1_98' title="bbox 1819 4146 3393 4221; baseline -0.002 -17"><span class='ocrx_word' id='word_1_630' title='bbox 1819 4153 1998 4221; x_wconf 91' lang='lat' dir='ltr'><strong><em>primo</em></strong></span> <span class='ocrx_word' id='word_1_631' title='bbox 2026 4151 2247 4219; x_wconf 87' lang='lat' dir='ltr'><strong><em>quidem</em></strong></span> <span class='ocrx_word' id='word_1_632' title='bbox 2282 4166 2391 4203; x_wconf 91' lang='lat' dir='ltr'><strong><em>non</em></strong></span> <span class='ocrx_word' id='word_1_633' title='bbox 2419 4164 2724 4219; x_wconf 83' lang='lat' dir='ltr'><strong><em>septimum</em></strong></span> <span class='ocrx_word' id='word_1_634' title='bbox 2766 4150 3029 4203; x_wconf 80' lang='lat' dir='ltr'><strong><em>duntaxat</em></strong></span> <span class='ocrx_word' id='word_1_635' title='bbox 3055 4148 3307 4211; x_wconf 87' lang='lat' dir='ltr'><strong><em>milliare,</em></strong></span> <span class='ocrx_word' id='word_1_636' title='bbox 3335 4146 3393 4201; x_wconf 82' lang='lat' dir='ltr'><strong><em>id</em></strong></span> 
     </span>
    </p>
   </div>
   <div class='ocr_carea' id='block_1_97' title="bbox 1818 4237 3391 4310">
    <p class='ocr_par' dir='ltr' id='par_1_97' title="bbox 1818 4237 3391 4310">
     <span class='ocr_line' id='line_1_99' title="bbox 1818 4237 3391 4310; baseline -0.003 -16"><span class='ocrx_word' id='word_1_637' title='bbox 1818 4250 1903 4295; x_wconf 89' lang='lat' dir='ltr'><strong><em>est</em></strong></span> <span class='ocrx_word' id='word_1_638' title='bbox 1934 4242 2230 4310; x_wconf 89' lang='lat' dir='ltr'><strong><em>septimum</em></strong></span> <span class='ocrx_word' id='word_1_639' title='bbox 2262 4241 2330 4295; x_wconf 89' lang='lat' dir='ltr'><strong><em>ab</em></strong></span> <span class='ocrx_word' id='word_1_640' title='bbox 2363 4241 2497 4293; x_wconf 88' lang='lat' dir='ltr'><strong><em>urbe</em></strong></span> <span class='ocrx_word' id='word_1_641' title='bbox 2532 4240 2795 4309; x_wconf 85' lang='lat' dir='ltr'><strong><em>lapidem,</em></strong></span> <span class='ocrx_word' id='word_1_642' title='bbox 2832 4237 3096 4306; x_wconf 78' lang='grc' dir='ltr'><strong><em>Ἑὸὂόμου</em></strong></span> <span class='ocrx_word' id='word_1_643' title='bbox 3145 4238 3391 4307; x_wconf 88' lang='lat' dir='ltr'><strong><em>appella-</em></strong></span> 
     </span>
    </p>
   </div>
   <div class='ocr_carea' id='block_1_98' title="bbox 1820 4331 3389 4400">
    <p class='ocr_par' dir='ltr' id='par_1_98' title="bbox 1820 4331 3389 4400">
     <span class='ocr_line' id='line_1_100' title="bbox 1820 4331 3389 4400; baseline 0 -15"><span class='ocrx_word' id='word_1_644' title='bbox 1820 4332 2027 4385; x_wconf 88' lang='lat' dir='ltr'><strong><em>tionem</em></strong></span> <span class='ocrx_word' id='word_1_645' title='bbox 2054 4332 2333 4395; x_wconf 90' lang='lat' dir='ltr'><strong><em>habuisse,</em></strong></span> <span class='ocrx_word' id='word_1_646' title='bbox 2364 4331 2460 4385; x_wconf 85' lang='lat' dir='ltr'><strong><em>sed</em></strong></span> <span class='ocrx_word' id='word_1_647' title='bbox 2498 4333 2666 4386; x_wconf 90' lang='lat' dir='ltr'><strong><em>etiam</em></strong></span> <span class='ocrx_word' id='word_1_648' title='bbox 2714 4332 2858 4385; x_wconf 89' lang='lat' dir='ltr'><strong><em>inter</em></strong></span> <span class='ocrx_word' id='word_1_649' title='bbox 2903 4336 3197 4400; x_wconf 82' lang='lat' dir='ltr'><strong><em>septimum</em></strong></span> <span class='ocrx_word' id='word_1_650' title='bbox 3241 4331 3389 4386; x_wconf 83' lang='lat' dir='ltr'><strong><em>istud</em></strong></span> 
     </span>
    </p>
   </div>
   <div class='ocr_carea' id='block_1_99' title="bbox 1818 4422 3390 4490">
    <p class='ocr_par' dir='ltr' id='par_1_99' title="bbox 1818 4422 3390 4490">
     <span class='ocr_line' id='line_1_101' title="bbox 1818 4422 3390 4490; baseline -0.001 -14"><span class='ocrx_word' id='word_1_651' title='bbox 1818 4423 2049 4476; x_wconf 90' lang='lat' dir='ltr'><strong><em>milliare</em></strong></span> <span class='ocrx_word' id='word_1_652' title='bbox 2091 4433 2149 4477; x_wconf 88' lang='lat' dir='ltr'><strong><em>et</em></strong></span> <span class='ocrx_word' id='word_1_653' title='bbox 2200 4423 2392 4476; x_wconf 80' lang='lat' dir='ltr'><strong><em>urbem</em></strong></span> <span class='ocrx_word' id='word_1_654' title='bbox 2443 4422 3107 4490; x_wconf 78' lang='lat' dir='ltr'><strong><em>Constantinopolitanam</em></strong></span> <span class='ocrx_word' id='word_1_655' title='bbox 3159 4422 3390 4490; x_wconf 75' lang='lat' dir='ltr'><strong><em>interje-</em></strong></span> 
     </span>
    </p>
   </div>
   <div class='ocr_carea' id='block_1_100' title="bbox 1817 4498 3392 4591">
    <p class='ocr_par' dir='ltr' id='par_1_100' title="bbox 1817 4498 3392 4591">
     <span class='ocr_line' id='line_1_102' title="bbox 1817 4498 3392 4591; baseline -0.004 -20"><span class='ocrx_word' id='word_1_656' title='bbox 1817 4526 1967 4571; x_wconf 77' lang='lat' dir='ltr'><strong><em>etum</em></strong></span> <span class='ocrx_word' id='word_1_657' title='bbox 1997 4513 2279 4583; x_wconf 89' lang='lat' dir='ltr'><strong><em>Campum.</em></strong></span> <span class='ocrx_word' id='word_1_658' title='bbox 2320 4516 2373 4591; x_wconf 71' lang='lat' dir='ltr'><strong><em>in</em></strong></span> <span class='ocrx_word' id='word_1_659' title='bbox 2406 4529 2516 4583; x_wconf 91' lang='lat' dir='ltr'><strong><em>quo</em></strong></span> <span class='ocrx_word' id='word_1_660' title='bbox 2548 4498 2779 4568; x_wconf 73' lang='lat' dir='ltr'><strong><em>aedilicia</em></strong></span> <span class='ocrx_word' id='word_1_661' title='bbox 2810 4515 2989 4566; x_wconf 88' lang='lat' dir='ltr'><strong><em>omnia</em></strong></span> <span class='ocrx_word' id='word_1_662' title='bbox 3013 4528 3246 4581; x_wconf 87' lang='lat' dir='ltr'><strong><em>quorum</em></strong></span> <span class='ocrx_word' id='word_1_663' title='bbox 3278 4528 3392 4565; x_wconf 64' lang='lat' dir='ltr'><strong><em>meo</em></strong></span> 
     </span>
    </p>
   </div>
   <div class='ocr_carea' id='block_1_101' title="bbox 1817 4604 3389 4677">
    <p class='ocr_par' dir='ltr' id='par_1_101' title="bbox 1817 4604 3389 4677">
     <span class='ocr_line' id='line_1_103' title="bbox 1817 4604 3389 4677; baseline -0.003 -17"><span class='ocrx_word' id='word_1_664' title='bbox 1817 4608 2080 4661; x_wconf 88' lang='lat' dir='ltr'><strong><em>minerint</em></strong></span> <span class='ocrx_word' id='word_1_665' title='bbox 2104 4607 2386 4677; x_wconf 78' lang='lat' dir='ltr'><strong><em>Byzantini</em></strong></span> <span class='ocrx_word' id='word_1_666' title='bbox 2414 4607 2733 4675; x_wconf 85' lang='lat' dir='ltr'><strong><em>scriptores,</em></strong></span> <span class='ocrx_word' id='word_1_667' title='bbox 2765 4605 3025 4674; x_wconf 82' lang='lat' dir='ltr'><strong><em>nullaque</em></strong></span> <span class='ocrx_word' id='word_1_668' title='bbox 3050 4605 3105 4658; x_wconf 90' lang='lat' dir='ltr'><strong><em>in</em></strong></span> <span class='ocrx_word' id='word_1_669' title='bbox 3127 4606 3243 4673; x_wconf 87' lang='lat' dir='ltr'><strong><em>ipso</em></strong></span> <span class='ocrx_word' id='word_1_670' title='bbox 3267 4604 3389 4657; x_wconf 65' lang='lat' dir='ltr'><strong><em>mil«</em></strong></span> 
     </span>
    </p>
   </div>
   <div class='ocr_carea' id='block_1_102' title="bbox 142 4684 3385 4777">
    <p class='ocr_par' dir='ltr' id='par_1_102' title="bbox 142 4684 3385 4777">
     <span class='ocr_line' id='line_1_104' title="bbox 142 4684 3385 4777; baseline 0.002 -34"><span class='ocrx_word' id='word_1_671' title='bbox 142 4695 400 4746; x_wconf 79' lang='lat' dir='ltr'><strong><em>bratione</em></strong></span> <span class='ocrx_word' id='word_1_672' title='bbox 455 4696 770 4760; x_wconf 80' lang='lat' dir='ltr'><strong><em>docuimus,</em></strong></span> <span class='ocrx_word' id='word_1_673' title='bbox 830 4697 1009 4749; x_wconf 85' lang='lat' dir='ltr'><strong><em>allatis</em></strong></span> <span class='ocrx_word' id='word_1_674' title='bbox 1065 4708 1355 4751; x_wconf 89' lang='lat' dir='ltr'><strong><em>auctorum</em></strong></span> <span class='ocrx_word' id='word_1_675' title='bbox 1402 4700 1539 4777; x_wconf 18' lang='lat' dir='ltr'><strong><em>Iocjis</em></strong></span> <span class='ocrx_word' id='word_1_676' title='bbox 1602 4700 1715 4753; x_wconf 87' lang='lat' dir='ltr'><strong><em>fere</em></strong></span> <span class='ocrx_word' id='word_1_677' title='bbox 1748 4703 1790 4756; x_wconf 85' lang='grc' dir='ltr'><strong><em>Ι)</em></strong></span> <span class='ocrx_word' id='word_1_678' title='bbox 1820 4698 1942 4751; x_wconf 90' lang='lat' dir='ltr'><strong><em>liari</em></strong></span> <span class='ocrx_word' id='word_1_679' title='bbox 1985 4698 2219 4768; x_wconf 89' lang='lat' dir='ltr'><strong><em>septimo</em></strong></span> <span class='ocrx_word' id='word_1_680' title='bbox 2261 4699 2481 4752; x_wconf 86' lang='lat' dir='ltr'><strong><em>stetisse</em></strong></span> <span class='ocrx_word' id='word_1_681' title='bbox 2518 4697 2695 4751; x_wconf 86' lang='lat' dir='ltr'><strong><em>ausim</em></strong></span> <span class='ocrx_word' id='word_1_682' title='bbox 2733 4694 2960 4750; x_wconf 87' lang='lat' dir='ltr'><strong><em>omnino</em></strong></span> <span class='ocrx_word' id='word_1_683' title='bbox 3006 4684 3385 4751; x_wconf 79' lang='lat' dir='ltr'><strong><em>contendere:</em></strong></span> 
     </span>
    </p>
   </div>
   <div class='ocr_carea' id='block_1_103' title="bbox 138 4782 1720 4856">
    <p class='ocr_par' dir='ltr' id='par_1_103' title="bbox 138 4782 1720 4856">
     <span class='ocr_line' id='line_1_105' title="bbox 138 4782 1720 4856; baseline 0.004 -19"><span class='ocrx_word' id='word_1_684' title='bbox 138 4788 427 4846; x_wconf 82' lang='lat' dir='ltr'><strong><em>munibus,</em></strong></span> <span class='ocrx_word' id='word_1_685' title='bbox 476 4796 674 4855; x_wconf 62' lang='lat' dir='ltr'><strong><em>praeter</em></strong></span> <span class='ocrx_word' id='word_1_686' title='bbox 708 4804 850 4856; x_wconf 87' lang='lat' dir='ltr'><strong><em>quos</em></strong></span> <span class='ocrx_word' id='word_1_687' title='bbox 876 4782 953 4842; x_wconf 82' lang='lat' dir='ltr'><strong><em>ab</em></strong></span> <span class='ocrx_word' id='word_1_688' title='bbox 995 4796 1191 4843; x_wconf 82' lang='lat' dir='ltr'><strong><em>eodem</em></strong></span> <span class='ocrx_word' id='word_1_689' title='bbox 1224 4790 1345 4843; x_wconf 87' lang='lat' dir='ltr'><strong><em>viro</em></strong></span> <span class='ocrx_word' id='word_1_690' title='bbox 1376 4790 1539 4844; x_wconf 89' lang='lat' dir='ltr'><strong><em>docto</em></strong></span> <span class='ocrx_word' id='word_1_691' title='bbox 1581 4791 1720 4845; x_wconf 88' lang='lat' dir='ltr'><strong><em>alios</em></strong></span> 
     </span>
    </p>
   </div>
   <div class='ocr_carea' id='block_1_104' title="bbox 146 4878 1720 4949">
    <p class='ocr_par' dir='ltr' id='par_1_104' title="bbox 146 4878 1720 4949">
     <span class='ocr_line' id='line_1_106' title="bbox 146 4878 1720 4949; baseline 0.008 -25"><span class='ocrx_word' id='word_1_692' title='bbox 146 4878 385 4944; x_wconf 70' lang='lat' dir='ltr'><strong><em>proferri</em></strong></span> <span class='ocrx_word' id='word_1_693' title='bbox 441 4894 549 4929; x_wconf 88' lang='lat' dir='ltr'><strong><em>non</em></strong></span> <span class='ocrx_word' id='word_1_694' title='bbox 582 4879 962 4943; x_wconf 83' lang='lat' dir='ltr'><strong><em>advertimus,</em></strong></span> <span class='ocrx_word' id='word_1_695' title='bbox 1013 4884 1151 4935; x_wconf 84' lang='lat' dir='ltr'><strong><em>adeo</em></strong></span> <span class='ocrx_word' id='word_1_696' title='bbox 1208 4890 1263 4933; x_wconf 84' lang='grc' dir='ltr'><strong><em>ιιι</em></strong></span> <span class='ocrx_word' id='word_1_697' title='bbox 1304 4880 1507 4949; x_wconf 81' lang='lat' dir='ltr'><strong><em>pudeat</em></strong></span> <span class='ocrx_word' id='word_1_698' title='bbox 1557 4885 1720 4937; x_wconf 87' lang='lat' dir='ltr'><strong><em>toties</em></strong></span> 
     </span>
    </p>
   </div>
   <div class='ocr_carea' id='block_1_105' title="bbox 140 4968 1719 5037">
    <p class='ocr_par' dir='ltr' id='par_1_105' title="bbox 140 4968 1719 5037">
     <span class='ocr_line' id='line_1_107' title="bbox 140 4968 1719 5037; baseline 0.006 -22"><span class='ocrx_word' id='word_1_699' title='bbox 140 4968 406 5018; x_wconf 70' lang='lat' dir='ltr'><strong><em>cramben</em></strong></span> <span class='ocrx_word' id='word_1_700' title='bbox 460 4976 707 5034; x_wconf 71' lang='lat' dir='ltr'><strong><em>repetere</em></strong></span> <span class='ocrx_word' id='word_1_701' title='bbox 734 5009 748 5030; x_wconf 89' lang='lat'><strong><em>,</em></strong></span> <span class='ocrx_word' id='word_1_702' title='bbox 802 4979 961 5037; x_wconf 83' lang='lat' dir='ltr'><strong><em>atque</em></strong></span> <span class='ocrx_word' id='word_1_703' title='bbox 1008 4970 1186 5024; x_wconf 89' lang='lat' dir='ltr'><strong><em>eadem</em></strong></span> <span class='ocrx_word' id='word_1_704' title='bbox 1230 4980 1446 5023; x_wconf 81' lang='lat' dir='ltr'><strong><em>cantare</em></strong></span> <span class='ocrx_word' id='word_1_705' title='bbox 1491 4973 1719 5024; x_wconf 81' lang='lat' dir='ltr'><strong><em>uersibus</em></strong></span> 
     </span>
    </p>
   </div>
   <div class='ocr_carea' id='block_1_106' title="bbox 139 5060 1719 5131">
    <p class='ocr_par' dir='ltr' id='par_1_106' title="bbox 139 5060 1719 5131">
     <span class='ocr_line' id='line_1_108' title="bbox 139 5060 1719 5131; baseline 0.006 -22"><span class='ocrx_word' id='word_1_706' title='bbox 139 5062 346 5109; x_wconf 72' lang='lat' dir='ltr'><strong><em>iisdem.</em></strong></span> <span class='ocrx_word' id='word_1_707' title='bbox 397 5060 519 5109; x_wconf 77' lang='lat' dir='ltr'><strong><em>Sed.</em></strong></span> <span class='ocrx_word' id='word_1_708' title='bbox 546 5075 671 5111; x_wconf 80' lang='lat' dir='ltr'><strong><em>eum</em></strong></span> <span class='ocrx_word' id='word_1_709' title='bbox 724 5060 840 5113; x_wconf 70' lang='lat' dir='ltr'><strong><em>hare</em></strong></span> <span class='ocrx_word' id='word_1_710' title='bbox 882 5064 1113 5128; x_wconf 62' lang='lat' dir='ltr'><strong><em>quaestio</em></strong></span> <span class='ocrx_word' id='word_1_711' title='bbox 1158 5062 1372 5115; x_wconf 86' lang='lat' dir='ltr'><strong><em>deliniri</em></strong></span> <span class='ocrx_word' id='word_1_712' title='bbox 1415 5063 1503 5115; x_wconf 72' lang='lat' dir='ltr'><strong><em>vix</em></strong></span> <span class='ocrx_word' id='word_1_713' title='bbox 1552 5076 1719 5131; x_wconf 85' lang='lat' dir='ltr'><strong><em>queat</em></strong></span> 
     </span>
    </p>
   </div>
   <div class='ocr_carea' id='block_1_107' title="bbox 138 5149 1713 5215">
    <p class='ocr_par' dir='ltr' id='par_1_107' title="bbox 138 5149 1713 5215">
     <span class='ocr_line' id='line_1_109' title="bbox 138 5149 1713 5215; baseline 0.004 -14"><span class='ocrx_word' id='word_1_714' title='bbox 138 5152 354 5215; x_wconf 66' lang='grc' dir='ltr'>υὺδιιιητ</span> <span class='ocrx_word' id='word_1_715' title='bbox 387 5149 617 5213; x_wconf 82' lang='lat' dir='ltr'><strong><em>prolatis</em></strong></span> <span class='ocrx_word' id='word_1_716' title='bbox 650 5162 705 5202; x_wconf 88' lang='lat' dir='ltr'><strong><em>et</em></strong></span> <span class='ocrx_word' id='word_1_717' title='bbox 750 5151 804 5202; x_wconf 88' lang='lat' dir='ltr'><strong><em>in</em></strong></span> <span class='ocrx_word' id='word_1_718' title='bbox 839 5152 1077 5206; x_wconf 56' lang='lat' dir='ltr'><strong><em>medium</em></strong></span> <span class='ocrx_word' id='word_1_719' title='bbox 1107 5153 1361 5207; x_wconf 85' lang='lat' dir='ltr'><strong><em>adductis</em></strong></span> <span class='ocrx_word' id='word_1_720' title='bbox 1395 5156 1713 5208; x_wconf 77' lang='lat' dir='ltr'><strong><em>earumdem</em></strong></span> 
     </span>
    </p>
   </div>
   <div class='ocr_carea' id='block_1_108' title="bbox 140 5242 1716 5313">
    <p class='ocr_par' dir='ltr' id='par_1_108' title="bbox 140 5242 1716 5313">
     <span class='ocr_line' id='line_1_110' title="bbox 140 5242 1716 5313; baseline 0.003 -20"><span class='ocrx_word' id='word_1_721' title='bbox 140 5251 477 5308; x_wconf 73' lang='lat' dir='ltr'><strong><em>scriptorum</em></strong></span> <span class='ocrx_word' id='word_1_722' title='bbox 516 5242 975 5305; x_wconf 78' lang='lat' dir='ltr'><strong><em>anetoritatihus,</em></strong></span> <span class='ocrx_word' id='word_1_723' title='bbox 1008 5260 1071 5296; x_wconf 87' lang='lat' dir='ltr'><strong><em>ac</em></strong></span> <span class='ocrx_word' id='word_1_724' title='bbox 1102 5244 1170 5296; x_wconf 91' lang='lat' dir='ltr'><strong><em>iis</em></strong></span> <span class='ocrx_word' id='word_1_725' title='bbox 1209 5246 1533 5311; x_wconf 72' lang='lat' dir='ltr'><strong><em>prtesertim,</em></strong></span> <span class='ocrx_word' id='word_1_726' title='bbox 1578 5262 1716 5313; x_wconf 85' lang='lat' dir='ltr'><strong><em>quas</em></strong></span> 
     </span>
    </p>
   </div>
   <div class='ocr_carea' id='block_1_109' title="bbox 138 5334 1717 5395">
    <p class='ocr_par' dir='ltr' id='par_1_109' title="bbox 138 5334 1717 5395">
     <span class='ocr_line' id='line_1_111' title="bbox 138 5334 1717 5395; baseline 0.003 -11"><span class='ocrx_word' id='word_1_727' title='bbox 138 5344 234 5384; x_wconf 85' lang='lat' dir='ltr'><strong><em>aut</em></strong></span> <span class='ocrx_word' id='word_1_728' title='bbox 302 5351 415 5385; x_wconf 79' lang='lat' dir='ltr'><strong><em>ttull</em></strong></span> <span class='ocrx_word' id='word_1_729' title='bbox 465 5334 825 5395; x_wconf 76' lang='lat' dir='ltr'><strong><em>observasse,</em></strong></span> <span class='ocrx_word' id='word_1_730' title='bbox 879 5346 975 5389; x_wconf 89' lang='lat' dir='ltr'><strong><em>aut</em></strong></span> <span class='ocrx_word' id='word_1_731' title='bbox 1022 5339 1087 5389; x_wconf 89' lang='lat' dir='ltr'><strong><em>de</em></strong></span> <span class='ocrx_word' id='word_1_732' title='bbox 1148 5337 1419 5391; x_wconf 88' lang='lat' dir='ltr'><strong><em>mdustria</em></strong></span> <span class='ocrx_word' id='word_1_733' title='bbox 1467 5340 1717 5390; x_wconf 68' lang='lat' dir='ltr'><strong><em>omisisse</em></strong></span> 
     </span>
    </p>
   </div>
   <div class='ocr_carea' id='block_1_110' title="bbox 142 5425 1717 5495">
    <p class='ocr_par' dir='ltr' id='par_1_110' title="bbox 142 5425 1717 5495">
     <span class='ocr_line' id='line_1_112' title="bbox 142 5425 1717 5495; baseline 0.004 -21"><span class='ocrx_word' id='word_1_734' title='bbox 142 5425 383 5481; x_wconf 64' lang='lat' dir='ltr'><strong><em>videtur.</em></strong></span> <span class='ocrx_word' id='word_1_735' title='bbox 437 5436 493 5477; x_wconf 88' lang='lat' dir='ltr'><strong><em>ut</em></strong></span> <span class='ocrx_word' id='word_1_736' title='bbox 542 5442 664 5493; x_wconf 71' lang='lat' dir='ltr'><strong><em>quae</em></strong></span> <span class='ocrx_word' id='word_1_737' title='bbox 714 5428 997 5483; x_wconf 64' lang='lat' dir='ltr'><strong><em>sementim</em></strong></span> <span class='ocrx_word' id='word_1_738' title='bbox 1033 5442 1194 5495; x_wconf 84' lang='lat' dir='ltr'><strong><em>quam</em></strong></span> <span class='ocrx_word' id='word_1_739' title='bbox 1231 5428 1486 5480; x_wconf 89' lang='lat' dir='ltr'><strong><em>tuendam</em></strong></span> <span class='ocrx_word' id='word_1_740' title='bbox 1526 5444 1717 5481; x_wconf 80' lang='lat' dir='ltr'><strong><em>susce-</em></strong></span> 
     </span>
    </p>
   </div>
   <div class='ocr_carea' id='block_1_111' title="bbox 138 5513 1716 5585">
    <p class='ocr_par' dir='ltr' id='par_1_111' title="bbox 138 5513 1716 5585">
     <span class='ocr_line' id='line_1_113' title="bbox 138 5513 1716 5585; baseline 0.005 -22"><span class='ocrx_word' id='word_1_741' title='bbox 138 5524 297 5579; x_wconf 86' lang='lat' dir='ltr'><strong><em>perat</em></strong></span> <span class='ocrx_word' id='word_1_742' title='bbox 327 5513 785 5577; x_wconf 83' lang='lat' dir='ltr'><strong><em>adversarentur,</em></strong></span> <span class='ocrx_word' id='word_1_743' title='bbox 817 5515 1058 5567; x_wconf 73' lang='lat' dir='ltr'><strong><em>breviti:r</em></strong></span> <span class='ocrx_word' id='word_1_744' title='bbox 1085 5526 1352 5585; x_wconf 85' lang='lat' dir='ltr'><strong><em>quantum</em></strong></span> <span class='ocrx_word' id='word_1_745' title='bbox 1397 5517 1609 5580; x_wconf 86' lang='lat' dir='ltr'><strong><em>licebit,</em></strong></span> <span class='ocrx_word' id='word_1_746' title='bbox 1659 5527 1716 5571; x_wconf 86' lang='lat' dir='ltr'><strong><em>et</em></strong></span> 
     </span>
    </p>
   </div>
   <div class='ocr_carea' id='block_1_112' title="bbox 138 5604 1718 5675">
    <p class='ocr_par' dir='ltr' id='par_1_112' title="bbox 138 5604 1718 5675">
     <span class='ocr_line' id='line_1_114' title="bbox 138 5604 1718 5675; baseline 0.003 -17"><span class='ocrx_word' id='word_1_747' title='bbox 138 5604 368 5659; x_wconf 72' lang='lat' dir='ltr'><strong><em>Selectis</em></strong></span> <span class='ocrx_word' id='word_1_748' title='bbox 422 5605 691 5657; x_wconf 70' lang='lat' dir='ltr'><strong><em>duntaxat</em></strong></span> <span class='ocrx_word' id='word_1_749' title='bbox 736 5608 830 5675; x_wconf 89' lang='lat' dir='ltr'><strong><em>qui</em></strong></span> <span class='ocrx_word' id='word_1_750' title='bbox 873 5607 940 5659; x_wconf 88' lang='lat' dir='ltr'><strong><em>ad</em></strong></span> <span class='ocrx_word' id='word_1_751' title='bbox 990 5606 1132 5662; x_wconf 89' lang='lat' dir='ltr'><strong><em>hanc</em></strong></span> <span class='ocrx_word' id='word_1_752' title='bbox 1165 5608 1529 5663; x_wconf 77' lang='lat' dir='ltr'><strong><em>dirimendum</em></strong></span> <span class='ocrx_word' id='word_1_753' title='bbox 1583 5627 1718 5664; x_wconf 87' lang='lat' dir='ltr'><strong><em>con-</em></strong></span> 
     </span>
    </p>
   </div>
   <div class='ocr_carea' id='block_1_113' title="bbox 136 5697 1717 5767">
    <p class='ocr_par' dir='ltr' id='par_1_113' title="bbox 136 5697 1717 5767">
     <span class='ocr_line' id='line_1_115' title="bbox 136 5697 1717 5767; baseline 0.004 -19"><span class='ocrx_word' id='word_1_754' title='bbox 136 5699 468 5751; x_wconf 82' lang='lat' dir='ltr'><strong><em>troversiam</em></strong></span> <span class='ocrx_word' id='word_1_755' title='bbox 487 5697 804 5751; x_wconf 84' lang='lat' dir='ltr'><strong><em>conducunt</em></strong></span> <span class='ocrx_word' id='word_1_756' title='bbox 823 5699 979 5760; x_wconf 88' lang='lat' dir='ltr'><strong><em>locis,</em></strong></span> <span class='ocrx_word' id='word_1_757' title='bbox 1000 5714 1119 5767; x_wconf 56' lang='lat' dir='ltr'><strong><em>quge</em></strong></span> <span class='ocrx_word' id='word_1_758' title='bbox 1140 5699 1192 5753; x_wconf 91' lang='lat' dir='ltr'><strong><em>in</em></strong></span> <span class='ocrx_word' id='word_1_759' title='bbox 1216 5700 1355 5756; x_wconf 89' lang='lat' dir='ltr'><strong><em>hanc</em></strong></span> <span class='ocrx_word' id='word_1_760' title='bbox 1375 5717 1487 5755; x_wconf 86' lang='lat' dir='ltr'><strong><em>rem</em></strong></span> <span class='ocrx_word' id='word_1_761' title='bbox 1512 5700 1717 5755; x_wconf 84' lang='lat' dir='ltr'><strong><em>habent</em></strong></span> 
     </span>
    </p>
   </div>
   <div class='ocr_carea' id='block_1_114' title="bbox 135 5789 1162 5860">
    <p class='ocr_par' dir='ltr' id='par_1_114' title="bbox 135 5789 1162 5860">
     <span class='ocr_line' id='line_1_116' title="bbox 135 5789 1162 5860; baseline 0.002 -17"><span class='ocrx_word' id='word_1_762' title='bbox 135 5790 406 5859; x_wconf 73' lang='lat' dir='ltr'><strong><em>expedire</em></strong></span> <span class='ocrx_word' id='word_1_763' title='bbox 434 5804 618 5859; x_wconf 73' lang='lat' dir='ltr'><strong><em>operte</em></strong></span> <span class='ocrx_word' id='word_1_764' title='bbox 644 5789 883 5860; x_wconf 86' lang='lat' dir='ltr'><strong><em>pretium</em></strong></span> <span class='ocrx_word' id='word_1_765' title='bbox 922 5790 1162 5845; x_wconf 82' lang='lat' dir='ltr'><strong><em>videtur.</em></strong></span> 
     </span>
    </p>
   </div>
   <div class='ocr_carea' id='block_1_115' title="bbox 1817 4784 3392 4856">
    <p class='ocr_par' dir='ltr' id='par_1_115' title="bbox 1817 4784 3392 4856">
     <span class='ocr_line' id='line_1_117' title="bbox 1817 4784 3392 4856; baseline -0.004 -15"><span class='ocrx_word' id='word_1_766' title='bbox 1817 4788 1965 4856; x_wconf 88' lang='lat' dir='ltr'><strong><em>quod</em></strong></span> <span class='ocrx_word' id='word_1_767' title='bbox 1996 4787 2127 4841; x_wconf 87' lang='lat' dir='ltr'><strong><em>mihi</em></strong></span> <span class='ocrx_word' id='word_1_768' title='bbox 2161 4787 2465 4855; x_wconf 63' lang='lat' dir='ltr'><strong><em>prasertim</em></strong></span> <span class='ocrx_word' id='word_1_769' title='bbox 2493 4785 2838 4856; x_wconf 81' lang='lat' dir='ltr'><strong><em>probandum</em></strong></span> <span class='ocrx_word' id='word_1_770' title='bbox 2871 4785 3160 4846; x_wconf 84' lang='lat' dir='ltr'><strong><em>incumbit,</em></strong></span> <span class='ocrx_word' id='word_1_771' title='bbox 3195 4792 3257 4836; x_wconf 88' lang='lat' dir='ltr'><strong><em>ut</em></strong></span> <span class='ocrx_word' id='word_1_772' title='bbox 3280 4784 3392 4836; x_wconf 88' lang='lat' dir='ltr'><strong><em>dis-</em></strong></span> 
     </span>
    </p>
   </div>
   <div class='ocr_carea' id='block_1_116' title="bbox 1818 4874 3388 4945">
    <p class='ocr_par' dir='ltr' id='par_1_116' title="bbox 1818 4874 3388 4945">
     <span class='ocr_line' id='line_1_118' title="bbox 1818 4874 3388 4945; baseline -0.003 -15"><span class='ocrx_word' id='word_1_773' title='bbox 1818 4877 2122 4945; x_wconf 78' lang='lat' dir='ltr'><strong><em>putationis</em></strong></span> <span class='ocrx_word' id='word_1_774' title='bbox 2155 4878 2323 4930; x_wconf 89' lang='lat' dir='ltr'><strong><em>totius</em></strong></span> <span class='ocrx_word' id='word_1_775' title='bbox 2365 4878 2820 4931; x_wconf 81' lang='lat' dir='ltr'><strong><em>fundamentum:</em></strong></span> <span class='ocrx_word' id='word_1_776' title='bbox 2867 4874 3015 4945; x_wconf 89' lang='lat' dir='ltr'><strong><em>quod</em></strong></span> <span class='ocrx_word' id='word_1_777' title='bbox 3068 4875 3214 4928; x_wconf 89' lang='lat' dir='ltr'><strong><em>haud</em></strong></span> <span class='ocrx_word' id='word_1_778' title='bbox 3242 4890 3388 4943; x_wconf 67' lang='lat' dir='ltr'><strong><em>aegro</em></strong></span> 
     </span>
    </p>
   </div>
   <div class='ocr_carea' id='block_1_117' title="bbox 1817 4967 3387 5039">
    <p class='ocr_par' dir='ltr' id='par_1_117' title="bbox 1817 4967 3387 5039">
     <span class='ocr_line' id='line_1_119' title="bbox 1817 4967 3387 5039; baseline -0.004 -17"><span class='ocrx_word' id='word_1_779' title='bbox 1817 4970 2072 5031; x_wconf 84' lang='lat' dir='ltr'><strong><em>fecerim,</em></strong></span> <span class='ocrx_word' id='word_1_780' title='bbox 2109 4972 2153 5022; x_wconf 88' lang='lat' dir='ltr'><strong><em>si</em></strong></span> <span class='ocrx_word' id='word_1_781' title='bbox 2190 4970 2260 5022; x_wconf 87' lang='lat' dir='ltr'><strong><em>ita</em></strong></span> <span class='ocrx_word' id='word_1_782' title='bbox 2297 4970 2629 5039; x_wconf 86' lang='lat' dir='ltr'><strong><em>appellatum</em></strong></span> <span class='ocrx_word' id='word_1_783' title='bbox 2673 4968 2743 5021; x_wconf 92' lang='lat' dir='ltr'><strong><em>ab</em></strong></span> <span class='ocrx_word' id='word_1_784' title='bbox 2776 4967 2970 5021; x_wconf 86' lang='lat' dir='ltr'><strong><em>iisdem</em></strong></span> <span class='ocrx_word' id='word_1_785' title='bbox 3015 4967 3387 5035; x_wconf 86' lang='lat' dir='ltr'><strong><em>scriptoribus</em></strong></span> 
     </span>
    </p>
   </div>
   <div class='ocr_carea' id='block_1_118' title="bbox 1818 5061 2177 5113">
    <p class='ocr_par' dir='ltr' id='par_1_118' title="bbox 1818 5061 2177 5113">
     <span class='ocr_line' id='line_1_120' title="bbox 1818 5061 2177 5113; baseline -0.006 0"><span class='ocrx_word' id='word_1_786' title='bbox 1818 5061 2177 5113; x_wconf 84' lang='lat' dir='ltr'><strong><em>ostenderim.</em></strong></span> 
     </span>
    </p>
   </div>
   <div class='ocr_carea' id='block_1_119' title="bbox 1890 5148 3384 5221">
    <p class='ocr_par' dir='ltr' id='par_1_119' title="bbox 1890 5148 3384 5221">
     <span class='ocr_line' id='line_1_121' title="bbox 1890 5148 3384 5221; baseline -0.002 -17"><span class='ocrx_word' id='word_1_787' title='bbox 1890 5152 1979 5206; x_wconf 82' lang='lat' dir='ltr'><strong><em>IV.</em></strong></span> <span class='ocrx_word' id='word_1_788' title='bbox 2025 5154 2243 5205; x_wconf 87' lang='lat' dir='ltr'><strong><em>Primus</em></strong></span> <span class='ocrx_word' id='word_1_789' title='bbox 2276 5154 2443 5221; x_wconf 72' lang='lat' dir='ltr'><strong><em>igitur</em></strong></span> <span class='ocrx_word' id='word_1_790' title='bbox 2474 5167 2541 5204; x_wconf 79' lang='lat' dir='ltr'><strong><em>ex</em></strong></span> <span class='ocrx_word' id='word_1_791' title='bbox 2578 5152 2645 5204; x_wconf 88' lang='lat' dir='ltr'><strong><em>iis</em></strong></span> <span class='ocrx_word' id='word_1_792' title='bbox 2671 5151 2902 5219; x_wconf 85' lang='lat' dir='ltr'><strong><em>prodeat</em></strong></span> <span class='ocrx_word' id='word_1_793' title='bbox 2935 5148 3384 5218; x_wconf 75' lang='lat' dir='ltr'><strong><em>TheOphylactus</em></strong></span> 
     </span>
    </p>
   </div>
   <div class='ocr_carea' id='block_1_120' title="bbox 1823 5232 3385 5312">
    <p class='ocr_par' dir='ltr' id='par_1_120' title="bbox 1823 5232 3385 5312">
     <span class='ocr_line' id='line_1_122' title="bbox 1823 5232 3385 5312; baseline -0.001 -18"><span class='ocrx_word' id='word_1_794' title='bbox 1823 5242 2151 5301; x_wconf 81' lang='lat' dir='ltr'><strong><em>Siinoeatta.</em></strong></span> <span class='ocrx_word' id='word_1_795' title='bbox 2191 5232 2283 5309; x_wconf 64' lang='lat' dir='ltr'><strong><em>(iui</em></strong></span> <span class='ocrx_word' id='word_1_796' title='bbox 2321 5244 2460 5296; x_wconf 91' lang='lat' dir='ltr'><strong><em>libro</em></strong></span> <span class='ocrx_word' id='word_1_797' title='bbox 2506 5259 2627 5305; x_wconf 84' lang='lat' dir='ltr'><strong><em>vut,</em></strong></span> <span class='ocrx_word' id='word_1_798' title='bbox 2679 5258 2800 5312; x_wconf 83' lang='lat' dir='ltr'><strong><em>cap.</em></strong></span> <span class='ocrx_word' id='word_1_799' title='bbox 2841 5244 2927 5300; x_wconf 76' lang='lat' dir='ltr'><strong><em>i5.</em></strong></span> <span class='ocrx_word' id='word_1_800' title='bbox 2969 5241 3166 5294; x_wconf 79' lang='lat' dir='ltr'><strong><em>scribit</em></strong></span> <span class='ocrx_word' id='word_1_801' title='bbox 3207 5234 3385 5307; x_wconf 69' lang='lat' dir='ltr'><strong><em>deﬁxa</em></strong></span> 
     </span>
    </p>
   </div>
   <div class='ocr_carea' id='block_1_121' title="bbox 1820 5331 3387 5404">
    <p class='ocr_par' dir='ltr' id='par_1_121' title="bbox 1820 5331 3387 5404">
     <span class='ocr_line' id='line_1_123' title="bbox 1820 5331 3387 5404; baseline -0.004 -13"><span class='ocrx_word' id='word_1_802' title='bbox 1820 5338 1884 5391; x_wconf 83' lang='lat' dir='ltr'><strong><em>ad</em></strong></span> <span class='ocrx_word' id='word_1_803' title='bbox 1916 5338 2286 5404; x_wconf 84' lang='lat' dir='ltr'><strong><em>spectaculum</em></strong></span> <span class='ocrx_word' id='word_1_804' title='bbox 2320 5353 2348 5388; x_wconf 92' lang='lat' dir='ltr'><strong><em>a</em></strong></span> <span class='ocrx_word' id='word_1_805' title='bbox 2384 5346 2613 5404; x_wconf 80' lang='lat' dir='ltr'><strong><em>tyranno</em></strong></span> <span class='ocrx_word' id='word_1_806' title='bbox 2644 5336 2843 5393; x_wconf 86' lang='lat' dir='ltr'><strong><em>Phoca.</em></strong></span> <span class='ocrx_word' id='word_1_807' title='bbox 2874 5332 3120 5386; x_wconf 80' lang='lat' dir='ltr'><strong><em>Mauricii</em></strong></span> <span class='ocrx_word' id='word_1_808' title='bbox 3156 5341 3212 5386; x_wconf 89' lang='lat' dir='ltr'><strong><em>et</em></strong></span> <span class='ocrx_word' id='word_1_809' title='bbox 3245 5331 3387 5384; x_wconf 72' lang='lat' dir='ltr'><strong><em>lilio-</em></strong></span> 
     </span>
    </p>
   </div>
   <div class='ocr_carea' id='block_1_122' title="bbox 1821 5422 3387 5497">
    <p class='ocr_par' dir='ltr' id='par_1_122' title="bbox 1821 5422 3387 5497">
     <span class='ocr_line' id='line_1_124' title="bbox 1821 5422 3387 5497; baseline -0.004 -16"><span class='ocrx_word' id='word_1_810' title='bbox 1821 5444 1939 5481; x_wconf 81' lang='lat' dir='ltr'><strong><em>rum</em></strong></span> <span class='ocrx_word' id='word_1_811' title='bbox 1964 5427 2161 5497; x_wconf 84' lang='lat' dir='ltr'><strong><em>capita.</em></strong></span> <span class='ocrx_word' id='word_1_812' title='bbox 2197 5430 2331 5496; x_wconf 66' lang='grc' dir='ltr'><strong><em>πρὸς</em></strong></span> <span class='ocrx_word' id='word_1_813' title='bbox 2357 5430 2415 5477; x_wconf 76' lang='grc' dir='ltr'><strong><em>τὸ</em></strong></span> <span class='ocrx_word' id='word_1_814' title='bbox 2442 5428 2623 5479; x_wconf 76' lang='grc' dir='ltr'>πεδίον</span> <span class='ocrx_word' id='word_1_815' title='bbox 2654 5428 2711 5478; x_wconf 76' lang='grc' dir='ltr'>τὸ</span> <span class='ocrx_word' id='word_1_816' title='bbox 2730 5425 3086 5492; x_wconf 71' lang='grc' dir='ltr'><strong><em>ἀνακείμενον</em></strong></span> <span class='ocrx_word' id='word_1_817' title='bbox 3110 5426 3169 5476; x_wconf 78' lang='grc' dir='ltr'>ἐν</span> <span class='ocrx_word' id='word_1_818' title='bbox 3188 5424 3267 5493; x_wconf 83' lang='grc' dir='ltr'><strong><em>τῷ</em></strong></span> <span class='ocrx_word' id='word_1_819' title='bbox 3294 5422 3387 5474; x_wconf 86' lang='grc' dir='ltr'><strong>λε·-</strong></span> 
     </span>
    </p>
   </div>
   <div class='ocr_carea' id='block_1_123' title="bbox 1821 5511 3383 5587">
    <p class='ocr_par' dir='ltr' id='par_1_123' title="bbox 1821 5511 3383 5587">
     <span class='ocr_line' id='line_1_125' title="bbox 1821 5511 3383 5587; baseline -0.004 -18"><span class='ocrx_word' id='word_1_820' title='bbox 1821 5522 2038 5587; x_wconf 74' lang='grc' dir='ltr'>γομένῳ</span> <span class='ocrx_word' id='word_1_821' title='bbox 2078 5517 2346 5585; x_wconf 78' lang='grc' dir='ltr'><strong><em>Ἑϐδόμῳ,</em></strong></span> <span class='ocrx_word' id='word_1_822' title='bbox 2377 5516 2436 5568; x_wconf 80' lang='grc' dir='ltr'>ὃν</span> <span class='ocrx_word' id='word_1_823' title='bbox 2467 5516 2700 5584; x_wconf 46' lang='lat' dir='ltr'><strong><em>limum</em></strong></span> <span class='ocrx_word' id='word_1_824' title='bbox 2752 5513 3015 5583; x_wconf 72' lang='grc' dir='ltr'><strong><em>Ῥωμαῖος</em></strong></span> <span class='ocrx_word' id='word_1_825' title='bbox 3066 5511 3383 5577; x_wconf 73' lang='grc' dir='ltr'><strong><em>κατονομά-</em></strong></span> 
     </span>
    </p>
   </div>
   <div class='ocr_carea' id='block_1_124' title="bbox 1822 5607 3387 5674">
    <p class='ocr_par' dir='ltr' id='par_1_124' title="bbox 1822 5607 3387 5674">
     <span class='ocr_line' id='line_1_126' title="bbox 1822 5607 3387 5674; baseline -0.003 -15"><span class='ocrx_word' id='word_1_826' title='bbox 1822 5612 2022 5674; x_wconf 67' lang='grc' dir='ltr'><strong><em>ζιιυσιν.</em></strong></span> <span class='ocrx_word' id='word_1_827' title='bbox 2050 5608 2155 5664; x_wconf 88' lang='lat' dir='ltr'><strong><em>Ubi</em></strong></span> <span class='ocrx_word' id='word_1_828' title='bbox 2185 5607 2523 5661; x_wconf 83' lang='lat' dir='ltr'><strong><em>observanda</em></strong></span> <span class='ocrx_word' id='word_1_829' title='bbox 2554 5622 2654 5660; x_wconf 80' lang='lat' dir='ltr'><strong><em>vox</em></strong></span> <span class='ocrx_word' id='word_1_830' title='bbox 2678 5607 3061 5673; x_wconf 79' lang='grc' dir='ltr'><strong><em>ἀνακείμενον,</em></strong></span> <span class='ocrx_word' id='word_1_831' title='bbox 3087 5618 3209 5671; x_wconf 72' lang='lat' dir='ltr'><strong><em>qua:</em></strong></span> <span class='ocrx_word' id='word_1_832' title='bbox 3231 5617 3352 5657; x_wconf 82' lang='lat' dir='ltr'><strong><em>cam</em></strong></span> <span class='ocrx_word' id='word_1_833' title='bbox 3375 5628 3387 5640; x_wconf 87' lang='lat'><strong>-</strong></span> 
     </span>
    </p>
   </div>
   <div class='ocr_carea' id='block_1_125' title="bbox 1822 5696 3385 5769">
    <p class='ocr_par' dir='ltr' id='par_1_125' title="bbox 1822 5696 3385 5769">
     <span class='ocr_line' id='line_1_127' title="bbox 1822 5696 3385 5769; baseline -0.003 -18"><span class='ocrx_word' id='word_1_834' title='bbox 1822 5718 1950 5769; x_wconf 85' lang='lat' dir='ltr'><strong><em>pum</em></strong></span> <span class='ocrx_word' id='word_1_835' title='bbox 2022 5701 2142 5751; x_wconf 82' lang='lat' dir='ltr'><strong><em>urbi</em></strong></span> <span class='ocrx_word' id='word_1_836' title='bbox 2189 5699 2494 5767; x_wconf 84' lang='lat' dir='ltr'><strong><em>adjacuisse</em></strong></span> <span class='ocrx_word' id='word_1_837' title='bbox 2546 5699 2682 5750; x_wconf 86' lang='lat' dir='ltr'><strong><em>satis</em></strong></span> <span class='ocrx_word' id='word_1_838' title='bbox 2724 5697 2949 5766; x_wconf 88' lang='lat' dir='ltr'><strong><em>prodit:</em></strong></span> <span class='ocrx_word' id='word_1_839' title='bbox 2998 5709 3175 5762; x_wconf 85' lang='lat' dir='ltr'><strong><em>neque</em></strong></span> <span class='ocrx_word' id='word_1_840' title='bbox 3233 5696 3385 5747; x_wconf 83' lang='lat' dir='ltr'><strong><em>enim</em></strong></span> 
     </span>
    </p>
   </div>
   <div class='ocr_carea' id='block_1_126' title="bbox 1821 5784 3384 5860">
    <p class='ocr_par' dir='ltr' id='par_1_126' title="bbox 1821 5784 3384 5860">
     <span class='ocr_line' id='line_1_128' title="bbox 1821 5784 3384 5860; baseline -0.004 -14"><span class='ocrx_word' id='word_1_841' title='bbox 1821 5792 2057 5860; x_wconf 81' lang='lat' dir='ltr'><strong><em>Campus</em></strong></span> <span class='ocrx_word' id='word_1_842' title='bbox 2087 5790 2141 5844; x_wconf 90' lang='lat' dir='ltr'><strong><em>in</em></strong></span> <span class='ocrx_word' id='word_1_843' title='bbox 2179 5791 2296 5859; x_wconf 87' lang='lat' dir='ltr'><strong><em>ipso</em></strong></span> <span class='ocrx_word' id='word_1_844' title='bbox 2326 5791 2559 5859; x_wconf 87' lang='lat' dir='ltr'><strong><em>septimo</em></strong></span> <span class='ocrx_word' id='word_1_845' title='bbox 2587 5789 2844 5841; x_wconf 87' lang='lat' dir='ltr'><strong><em>miliiario</em></strong></span> <span class='ocrx_word' id='word_1_846' title='bbox 2876 5801 2996 5841; x_wconf 90' lang='lat' dir='ltr'><strong><em>esse</em></strong></span> <span class='ocrx_word' id='word_1_847' title='bbox 3020 5784 3217 5853; x_wconf 85' lang='lat' dir='ltr'><strong><em>potuit,</em></strong></span> <span class='ocrx_word' id='word_1_848' title='bbox 3250 5785 3384 5839; x_wconf 74' lang='lat' dir='ltr'><strong><em>alio-</em></strong></span> 
     </span>
    </p>
   </div>
  </div>
