4236 6442
192 440 295 501 397

1488 440 1582 499 DE
1623 439 1996 500 IlEBDOMO
2028 440 2137 500 (ΣΡ.

3346 444 3454 509 393

187 556 356 611 archa
400 552 634 624 Cyriaro
696 552 911 609 solenni
964 553 1070 608 ritu
1128 562 1426 609 coronatus
1482 563 1589 615 est,
1652 568 1778 607 cum
1812 562 1857 617 Α
1889 552 2084 606 Martio
2131 553 2223 623 qui
2264 552 2387 607 urbi
2422 552 2708 623 proximus
2744 552 2847 607 fuit
2885 570 2898 606 :
2935 552 3029 616 ubi
3060 552 3280 608 locutus
3310 550 3472 629 ride-

187 647 325 701 alias
354 647 721 715 imperatores
750 646 804 698 in
833 645 949 700 aede
978 646 1247 700 duntaxat
1271 644 1547 716 Sophiana
1570 630 1776 698 corona

187 739 389 792 donari
418 739 679 795 solerent.
714 738 768 794 ls
789 753 923 791 vero
957 738 1141 791 triduo
1168 747 1460 809 postquam
1493 737 1547 791 in
1580 736 1775 791 urbem

187 830 365 893 venit.
414 829 713 884 Eudociam
753 843 980 883 uxorem
1031 828 1327 899 Augustam
1378 830 1683 890 coronavit.
1724 828 1776 881 in

186 921 303 974 sede
331 904 548 976 scilicet
576 922 876 991 Sophiana,
910 937 1035 975 rum
1069 922 1157 977 ille
1185 933 1347 977 antea
1380 924 1432 977 in
1468 904 1776 985 Hebdomo,

154 1028 285 1067 .seu
333 1014 389 1067 in
422 1013 539 1067 tcde
578 1014 634 1067 S.
680 1013 910 1068 Joannis
943 1016 1225 1085 Baptism,
1262 1032 1291 1070 a
1335 1016 1648 1086 patriarcha
1680 1030 1777 1068 co-

189 1116 425 1161 ronatus
466 1092 682 1160 luisset.
733 1107 811 1162 lta
846 1124 1014 1177 porro
1068 1107 1471 1161 Constantinus
1498 1108 1782 1178 Coprony—

189 1214 314 1251 mus
370 1214 403 1251 a
466 1209 622 1267 patre
669 1199 855 1253 Leone
909 1200 1101 1253 Isauro
1159 1202 1216 1252 ἐν
1266 1200 1345 1269 τῷ
1397 1200 1778 1270 τριῖουιιαλίῳ,
1825 1226 1833 1232 -

188 1297 244 1341 et
280 1289 393 1341 Leo
435 1290 735 1344 Armenius
786 1293 843 1343 ὲν
890 1291 969 1361 τῷ
1015 1291 1119 1363 πρὸ
1159 1292 1259 1359 τῆς
1311 1293 1518 1355 πόλεως
1569 1293 1784 1362 τριεου-

189 1383 382 1452 ναὶῐῳ,
410 1384 577 1437 levati
605 1385 864 1455 leguntur
888 1385 1036 1459 apud
1081 1385 1339 1439 eumdem
1367 1385 1781 1463 Theophanem,

190 1473 524 1545 Symeonem
556 1475 945 1546 Logodietam,
982 1485 1039 1531 et
1066 1475 1368 1546 Georgium
1401 1476 1780 1529 Hamartolum

191 1566 245 1620 in
279 1567 574 1621 Chronicis
603 1584 763 1633 mss.,
797 1570 854 1621 ὲν
898 1569 977 1637 τῷ
1024 1569 1230 1639 κάμπῳ
1255 1567 1347 1620 τοῦ
1384 1566 1781 1637 τριόουναλίου,

191 1658 245 1710 in
271 1658 553 1712 Cbr0nieo
583 1674 684 1713 ms.
720 1659 789 1713 ab
820 1660 1032 1718 Adamo
1062 1659 1128 1712 ad
1167 1659 1407 1712 Leonem
1444 1658 1779 1728 Sapientem.

192 1750 353 1803 Hisce
389 1751 597 1805 addere
629 1752 807 1820 placet
836 1751 983 1821 quod
1015 1751 1241 1805 tradunt
1278 1749 1604 1808 Simucatta.
1636 1748 1780 1803 idem

190 1838 610 1907 Theophanes.
668 1848 723 1892 et
773 1840 1044 1910 Georgius
1098 1840 1471 1903 llamartolus,
1531 1838 1780 1892 Mauricii

191 1932 329 2000 imp.
358 1940 418 1984 et
446 1932 685 1986 ﬁliorum
716 1934 783 1989 .in
817 1934 1065 2003 Eutropii
1104 1933 1171 1987 ad
1219 1931 1628 1989 Calchedoncm
1657 1946 1785 2001 por-

192 2032 248 2074 tu
288 2039 558 2077 caesorum
599 2026 801 2093 capita,
855 2041 958 2094 per
992 2025 1206 2095 aliquot
1247 2025 1367 2078 dies
1414 2022 1560 2093 plebi
1613 2039 1783 2092 expo-

187 2115 370 2169 suisse
398 2115 629 2173 Phoeam
651 2118 705 2170 in
731 2116 939 2186 Campo
963 2117 1299 2175 Tribunalis.
1328 2115 1485 2181 Quod
1507 2114 1549 2168 si
1579 2113 1781 2167 factum

189 2207 244 2263 id
279 2218 431 2262 esset
460 2211 702 2277 septimo
730 2210 799 2263 ab
832 2210 965 2264 urbe
1004 2209 1251 2270 milliari.
1297 2224 1365 2262 eo
1395 2216 1544 2288 certe
1586 2221 1785 2261 conce~

186 2300 324 2355 dere
404 2303 745 2369 oportuisset
816 2303 1040 2371 plebem
1081 2301 1780 2373 Constantinopolitanam,

186 2393 340 2462 quod
375 2386 539 2450 nemo
561 2395 764 2465 opinor
794 2396 899 2451 sibi
932 2396 1286 2466 persuadeat.
1412 2456 1418 2463 ,

261 2486 355 2539 IX.
412 2488 488 2541 Ex
555 2489 639 2543 bis
695 2489 862 2559 igitur
927 2498 1077 2558 patet
1129 2490 1359 2543 omnino
1412 2487 1780 2548 Hebdomutn.

188 2579 483 2643 Tribunal,
532 2589 589 2634 et
616 2580 909 2649 Campum,
965 2582 1285 2651 promiscue
1335 2583 1594 2651 usurpari
1630 2581 1779 2651 apud

179 2670 445 2747 laudatos
490 2673 792 2742 scriptores
835 2689 935 2743 pro
990 2689 1103 2732 uno
1158 2674 1466 2743 eodemque
1507 2674 1651 2735 loco,
1688 2673 1779 2727 ubi

189 2766 487 2818 acclamari
508 2776 564 2820 et
591 2765 909 2835 inaugurari
940 2766 1191 2821 solebant
1219 2768 1603 2837 imperatores,
1630 2781 1781 2821 more

186 2856 257 2910 ab
298 2860 535 2925 antiquo
580 2867 823 2926 recepto.
872 2872 998 2912 cum
1046 2858 1101 2912 in
1149 2858 1370 2927 Campis
1418 2858 1651 2925 Martiis,
1682 2873 1779 2913 seu

185 2949 283 3016 qui
322 2948 393 3002 ad
436 2950 678 3018 majores
723 2949 978 3005 civitates
1019 2943 1312 3014 erant,'id
1358 2950 1531 3005 ferme
1561 2966 1783 3021 semper

104 3096 109 3105 _
188 3042 375 3111 peragi
429 3043 655 3095 solitum
702 3042 941 3097 doceant
990 3042 1315 3112 scriptores,
1363 3059 1427 3097 ac
1475 3042 1528 3097 in
1588 3043 1781 3112 primis

189 3133 414 3187 Flavius
444 3133 737 3202 Vopiscus.
764 3150 877 3203 quo
903 3135 1027 3189 loco
1056 3135 1275 3196 scribit.
1304 3126 1497 3190 Tacito
1523 3150 1552 3188 a
1578 3145 1775 3189 senatu

1886 655 1977 698 tur
2025 644 2399 713 Theophanes
2448 654 2735 715 more,“ut
2771 645 2846 699 ita
2896 645 3105 705 dicam.
3151 638 3473 699 Constanti-

1883 737 2215 813 nopolitano
2275 755 2288 802 ;
2344 722 2456 808 quo
2517 740 2640 795 loco
2688 740 3001 803 Clironimn
3044 738 3472 801 Alexandrinum

1886 828 2089 891 habet,
2143 832 2201 881 ὲν
2256 829 2333 896 τῷ
2392 818 2632 902 ’Κὰμπιρ
2692 830 3068 900 τριεουνάλιον
3122 828 3211 897 ἐφ’
3265 828 3471 897 ὑψηλοῦ

1886 924 2143 990 ποιήσας.
2186 935 2322 988 etc..
2360 930 2518 995 cujus
2563 897 2787 995 quidem
2832 924 3148 981 Tribunalis
3194 922 3473 979 Constan-

1886 1015 1943 1069 tii
1974 1016 2227 1071 meminit
2255 1018 2595 1073 Thetnistius
2645 1026 2784 1073 orat.
2820 1019 2871 1072 3.
2912 1018 3031 1076 Non
3071 1017 3271 1071 mirum
3304 1018 3473 1088 igitur

1878 1107 1930 1163 isi
1961 1108 2055 1175 qui
2090 1124 2393 1177 purpuram
2433 1110 2795 1187 arripiebaut,
2824 1111 3147 1179 priusquam
3183 1110 3239 1163 in
3274 1110 3470 1167 urbem

1887 1201 2162 1265 Venircnt,
2202 1202 2267 1253 ad
2320 1201 2616 1270 Campum,
2662 1211 2718 1256 et
2758 1202 2835 1255 'ad
2887 1202 3155 1256 Tribunal
3211 1202 3360 1273 quod
3417 1203 3473 1255 in

1886 1288 2093 1359 Campo
2126 1292 2249 1371 urbi
2299 1295 2550 1361 proximo
2580 1285 2720 1353 erat.
2767 1293 3124 1353 secedebant.
3157 1302 3217 1347 ut
3242 1294 3310 1347 ab
3355 1308 3479 1347 orn-

1887 1382 2070 1447 nibus,
2123 1400 2187 1437 ac
2244 1386 2513 1445 militibus
2569 1386 2904 1460 praesertim,
2941 1401 3179 1452 quorum
3222 1401 3288 1440 ea
3333 1394 3475 1439 lem.

1887 1484 2093 1541 pestate
2131 1477 2509 1547 idjuriS'essc
2556 1479 2867 1544 videbatur,
2924 1480 3289 1543 imperatores
3326 1492 3479 1532 more

1888 1567 2111 1629 recepto
2162 1561 2628 1615 acclamaientur.
2690 1562 2835 1629 Quin
2890 1564 3057 1616 etiam
3111 1563 3475 1617 observatqu

1888 1653 2096 1722 pridem
2129 1669 2158 1707 a
2187 1655 2320 1708 viris
2342 1655 2541 1718 doctis.
2561 1653 2854 1727 Egyptios
2871 1670 3031 1725 reges
3052 1670 3176 1725 post
3198 1656 3480 1713 celebrata

1888 1743 2284 1814 ἀνακλητήρια,
2307 1744 2542 1816 Memphi
2582 1746 2634 1799 in
2662 1746 2874 1802 Palatio
2908 1746 3103 1801 solitos
3135 1745 3476 1815 inaugurari,

1888 1850 1997 1889 non
2030 1853 2164 1891 vero
2182 1838 2547 1902 Alexandriae,
2575 1854 2696 1907 quae
2716 1839 2934 1909 {Egypti
2953 1848 3119 1907 caput
3137 1848 3277 1900 erat.
3298 1846 3358 1892 ut
3389 1854 3479 1892 rer

1892 1945 2018 1999 gum
2045 1931 2337 1989 Persarum
2355 1930 2857 2002 inaugurationem,
2874 1948 3038 2000 quam
3057 1931 3482 2002 reisthvappel-

1847 2017 1857 2026 ’
1893 2021 2103 2083 labant.
2132 2020 2331 2076 factam
2376 2023 2698 2092 Parasgadis
2730 2040 2743 2075 :
2785 2022 3069 2091 quomodo
3104 2023 3273 2079 etiam
3323 2039 3481 2093 reges

1893 2112 2066 2166 nostri
2092 2111 2440 2166 Durocottori
2468 2112 2763 2167 Remorum
2785 2112 3106 2183 inaugurari
3135 2123 3192 2168 et
3217 2115 3480 2169 coronari

1891 2204 2089 2267 solent,
2130 2220 2239 2279 non
2290 2219 2423 2259 vero
2466 2204 2714 2264 Parisiis.
2767 2211 2905 2259 urbe
2948 2207 3101 2276 regni
3148 2207 3430 2277 primaria.

1964 2294 2029 2349 Χ.
2067 2294 2230 2348 Aliud
2261 2294 2492 2363 proinde
2532 2294 2636 2348 fuit
2678 2293 3047 2359 Hebdomum.
3080 2313 3178 2351 seu
3206 2298 3482 2367 septimus

1891 2388 1963 2442 ab
1986 2387 2121 2441 urbe
2150 2387 2309 2459 lapis,
2346 2387 2500 2442 aliud
2527 2386 2768 2456 Campus
2822 2388 2888 2442 ad
2938 2389 3159 2445 urbem.
3212 2387 3480 2443 Hebdomi

1848 2472 1849 2475 “
1892 2477 2259 2546 appellatione
2313 2475 2575 2540 donatus,
2636 2476 2785 2530 aliud
2840 2476 3133 2544 Tribunal,
3180 2478 3344 2548 eique
3383 2478 3482 2532 adv

1886 2572 2137 2641 junctum
2202 2569 2473 2624 Palatium
2526 2554 3119 2636 Constantiniaueum,
3181 2580 3482 2642 utrumque

1888 2664 2056 2718 etiam
2092 2662 2284 2716 eadem
2326 2664 2742 2717 nomenelatura
2776 2662 3129 2720 notissimum
3166 2664 3313 2727 apud
3344 2678 3482 2718 seri.

1890 2766 2078 2825 plores
2108 2738 2459 2828 Byzantinos,
2518 2755 2667 2824 quod
2716 2756 2852 2811 satis
2903 2771 3182 2824 superque
3212 2758 3481 2825 probasse

1889 2846 2243 2901 arbitramur.
2276 2844 2407 2909 Qum
2435 2845 2659 2916 quidem
2692 2861 2802 2899 non
2837 2846 3129 2915 observata
3165 2846 3477 2911 distinctio.

1889 2938 2012 2992 viro
2059 2938 2303 3001 erudito,
2353 2937 2588 3007 aliisque
2646 2937 2788 2994 forte
2828 2938 3015 2993 lucum
3068 2940 3220 3003 fecit,
3258 2940 3397 3015 adeo
3421 2950 3482 2996 ut

1888 3030 1976 3085 vix
2008 3046 2071 3085 ac
2106 3047 2176 3085 ne
2226 3033 2312 3085 vix
2355 3031 2575 3102 quidem
2626 3031 2728 3085 sibi
2761 3031 3120 3101 'persuadere
3173 3014 3479 3102 potiuerint,

1890 3122 2233 3179 Hebdomum
2286 3139 2396 3177 non
2451 3124 2617 3178 modo
2644 3123 2710 3178 ad
2750 3127 2944 3177 urbem
2976 3124 3332 3191 pertinuisse,
3383 3127 3481 3179 sed

189 3225 245 3277 in
304 3224 700 3294 imperatorem
762 3226 963 3289 electo,
1021 3227 1145 3279 inde
1192 3227 1326 3279 itum
1391 3228 1461 3279 ad
1514 3225 1779 3295 Campum

1888 3228 1945 3268 ct
1990 3223 2200 3283 partem
2268 3215 2417 3271 illius
2463 3216 2606 3270 intra
2649 3215 2824 3286 ipsius
2852 3193 3073 3270 [muros
3111 3215 3343 3281 includi,
3394 3223 3482 3271 vel

190 3314 244 3369 11
252 3318 479 3381 artium,
502 3318 575 3370 ibi
614 3316 897 3372 Comitiale
922 3316 1180 3372 Tribtmal
1203 3319 1499 3371 ascendisse
1524 3317 1781 3371 eumdem

189 3408 494 3473 Tacitum,
560 3409 979 3478 et‘prrefectum
1025 3408 1150 3463 urbi
1200 3408 1405 3463 Elium
1465 3408 1781 3463 Ctesonium

189 3499 486 3555 nuntiasse
540 3500 815 3554 militibus
873 3513 931 3554 et
982 3500 1201 3554 civibus
1247 3502 1301 3557 in
1365 3502 1659 3570 principem
1719 3501 1783 3553 de

186 3595 457 3647 sententia
509 3596 744 3651 omnium
800 3594 1127 3647 exercituum
1177 3592 1431 3649 Tacitum
1496 3608 1527 3646 a
1582 3603 1780 3647 senatu

187 3685 453 3738 eleg-tum.
514 3684 709 3738 Tradit
757 3684 1223 3754 prmtcrea'idem
1286 3684 1528 3752 scriptor
1598 3684 1779 3737 Probo

189 3778 418 3832 militari
459 3776 696 3845 quodam
746 3792 1017 3830 consensu
1060 3776 1114 3828 in
1166 3775 1553 3844 imperatorem
1604 3775 1781 3829 accla-

189 3881 361 3929 niato.
418 3870 616 3938 factum
659 3884 993 3929 concursum.
1040 3877 1090 3921 et
1137 3869 1452 3937 eespititium
1500 3867 1776 3930 Tribunal,

189 3962 625 4031 appellatumque
665 3962 1068 4030 imperatorem,
1124 3969 1281 4029 atque
1313 3969 1563 4013 ornatum
1608 3958 1776 4028 pallio

186 4070 479 4124 purpureo,
513 4054 652 4115 quod
681 4056 745 4106 de
775 4062 956 4106 statua
987 4052 1167 4119 templi
1202 4052 1444 4105 ablatum
1484 4061 1581 4116 est,
1608 4041 1777 4119 atque

186 4148 308 4197 inde
332 4146 405 4197 ad
434 4144 706 4198 Palatium
744 4144 1036 4196 reductam.
1074 4144 1140 4196 Et
1168 4143 1507 4205 Lactantius,
1542 4143 1595 4195 in
1632 4142 1775 4196 libro

190 4240 264 4292 [3e
315 4239 573 4290 mortibus
618 4246 1013 4306 persecuturum
1069 4254 1124 4290 n.
1179 4236 1272 4298 5'2.
1319 4236 1387 4289 de
1435 4236 1771 4290 Maximino:

190 4331 379 4393 Πρω
412 4332 769 4393 contumacia,
820 4329 957 4382 tollit
1012 4329 1313 4383 thsarettnt
1364 4346 1577 4388 nomen.
1619 4338 1670 4380 et
1718 4344 1774 4381 se

186 4419 557 4489 Liciniumque
588 4420 847 4487 Augustos
884 4419 1145 4488 ιητρείιαι.
1182 4418 1511 4472 Maxentium
1543 4428 1591 4471 et
1634 4416 1770 4473 Con-
1808 4458 1813 4467 ι

184 4515 450 4565 stantium
500 4512 639 4587 ﬁlios
668 4514 1030 4579 Augustorum
1064 4511 1139 4578 (id
1178 4520 1264 4564 est
1295 4510 1561 4579 Cmsares)
1592 4506 1773 4564 Maxi-

1889 3306 2200 3381 saltempad
2267 3298 2381 3378 ipsa
2436 3309 2701 3363 suburhia
2762 3309 3010 3378 potuisse
3077 3310 3363 3378 protendi.
3417 3326 3484 3363 ac

1836 3386 1843 3395 ”
1891 3394 2160 3453 chdomi
2201 3398 2416 3459 servari
2452 3399 2904 3468 appellationem.
2954 3398 3117 3465 Quod
3169 3414 3300 3455 sane
3332 3400 3482 3454 acci-

1885 3490 1990 3553 dit,
2038 3492 2537 3559 quemadmodum,
2596 3500 2656 3551 ut
2680 3542 2687 3559 ,η
2710 3493 3017 3563 attigimus,
3087 3491 3361 3563 Campum,
3408 3494 3476 3547 ad

1884 3566 2115 3635 Lutetiae
2158 3582 2360 3638 mmnia
2411 3597 2603 3638 versus
2635 3581 3106 3653 Septentrionem,
3171 3582 3482 3655 Sandiony-

1885 3672 2101 3727 sianum
2122 3674 2285 3741 vulgo
2316 3675 2678 3743 appellamus,
2709 3675 2779 3729 ab
2816 3676 3021 3745 Oppido
3051 3684 3109 3729 et
3139 3678 3481 3731 monasterio

1885 3764 1944 3819 S.
1981 3765 2248 3835 Dionysii,
2299 3774 2539 3835 quatuor
2593 3760 2921 3822 milliaribus
2967 3766 3038 3821 ab
3077 3767 3216 3822 urbe
3259 3767 3475 3821 dissito.

1884 3854 2023 3907 Vere
2063 3856 2209 3909 enim
2249 3856 2358 3911 diei
2389 3866 2570 3927 petest
2606 3864 2817 3926 partem
2860 3857 3023 3911 istius
3055 3857 3171 3927 agri
3195 3898 3208 3921 .
3248 3858 3476 3927 prolatis

1880 3948 2116 4003 subinde
2144 3940 2385 4003 civitatis
2419 3950 2730 4018 pomoeriis,
2773 3964 2897 4003 esse
2923 3951 3069 4004 intra
3117 3952 3293 4018 ipsam
3325 3950 3480 4002 Pari-

1881 4038 2093 4092 siorum
2126 4040 2342 4099 urbem.
2369 4050 2429 4095 ut
2456 4051 2586 4113 pars
2607 4039 2970 4095 Hebdomiani
2996 4041 3108 4110 agri
3131 4080 3149 4103 ,
3180 4042 3273 4111 qui
3303 4056 3478 4110 usque

1879 4131 1946 4187 ad
1974 4142 2131 4215 vetus
2154 4133 2473 4201 Byzantium
2502 4133 3200 4202 protendcbatur.prolatis
3216 4135 3426 4201 pariter
3443 4149 3476 4187 a

1876 4222 2241 4278 Constantino
2297 4228 2602 4295 pommriis.
2628 4228 2773 4282 intra
2798 4242 2995 4279 novam
3032 4227 3224 4281 urbem
3258 4226 3473 4282 inclusa

1875 4325 1961 4371 est
2017 4334 2032 4370 :
2097 4315 2244 4385 quod
2294 4317 2517 4385 quidem
2588 4318 2813 4387 planum
2866 4317 2985 4383 lict,
3048 4319 3279 4387 prolatis
3331 4320 3477 4373 seri-

1875 4421 2095 4481 ptorum
2129 4411 2575 4474 auctoritatibus,
2597 4428 2665 4465 nc
2688 4411 2858 4480 gratis
2882 4410 2933 4466 id
2962 4412 3193 4480 proferri
3226 4412 3475 4466 dicatur"

1946 4502 2039 4557 XI.
2084 4503 2452 4572 Theophanes
2497 4519 2643 4557 anno
2688 4504 2723 4555 5
2776 4503 3124 4557 Constantini
3184 4504 3475 4574 Pogonati,

187 4598 363 4655 minus
408 4601 739 4669 postmodum
771 4600 955 4652 scribit
990 4600 1145 4668 quasi
1183 4601 1456 4661 nuntians,
1492 4600 1547 4651 in
1580 4598 1779 4667 Campo
1815 4606 1857 4659 ι)
1882 4610 2044 4679 quem
2087 4596 2432 4649 laudavimus
2462 4596 2516 4649 in
2548 4606 2734 4649 nostra
2765 4596 3244 4663 Constantinopoli.
3279 4597 3475 4650 scribit

187 4696 392 4749 Martio
429 4696 669 4764 proxime
711 4695 978 4749 celebrata
1014 4696 1307 4762 Augustum
1350 4710 1406 4746 se
1448 4694 1511 4745 ab
1544 4694 1776 4764 exercitu

188 4760 577 4857 unumpatum.
658 4786 814 4839 Mitto
875 4802 996 4853 qua:
1072 4760 1153 4838 de~
1192 4786 1393 4861 Juli‘ani
1465 4785 1519 4838 in
1569 4760 1776 4853 Campo

183 4878 329 4930 etin
378 4875 670 4929 Tribunali
718 4876 770 4928 in
818 4875 992 4928 Gallia
1041 4874 1362 4930 Ammianus
1400 4874 1773 4931 Marcellinus,

184 4980 242 5023 et
276 4969 345 5022 de
386 4967 634 5023 Gratiani
672 4967 817 5035 apud
852 4968 1136 5020 Ambianos
1163 4967 1218 5018 in
1262 4964 1557 5025 Tribunali,
1594 4973 1649 5019 et
1678 4966 1779 5019 Va-

184 5062 481 5119 lentiniani
510 5060 756 5117 Junioris
784 5060 849 5112 ab
876 5060 1106 5111 exercitat
1147 5063 1201 5111 in
1244 5057 1520 5133 Tribunali
1562 5059 1615 5110 in
1645 5059 1775 5110 ciri-
1822 5052 1825 5059 “

183 5162 295 5205 tata
331 5150 1012 5219 [lcinro,.inauguratione,
1050 5148 1277 5209 Idatius.
1326 5148 1578 5203 scribunt
1610 5166 1624 5210 ;
1682 5149 1775 5201 ubi

185 5245 462 5297 duntaxat
488 5241 784 5295 observare
818 5242 1003 5302 liceat,
1047 5240 1314 5294 Tribunal
1364 5240 1475 5294 dici
1513 5240 1682 5293 fuisse
1722 5239 1775 5292 in

185 5338 441 5395 civitate,
498 5335 715 5387 tametsi
771 5348 887 5387 rem
942 5343 1120 5387 actam
1174 5333 1228 5385 in
1283 5331 1518 5400 Campo,
1591 5333 1777 5400 proxi-

186 5445 340 5483 mum
387 5442 524 5481 vero
556 5426 648 5491 sit,
690 5424 999 5481 secundum
1052 5433 1333 5493 receptum
1380 5439 1612 5477 morem.
1668 5423 1775 5477 Sed

181 5531 239 5575 et
276 5519 550 5588 Campum
592 5506 953 5571 et‘Tribunal
993 5517 1159 5570 etiam
1197 5515 1386 5569 Romae
1428 5514 1572 5579 idem
1610 5513 1778 5568 fuisse
1818 5521 1822 5525 '

182 5613 369 5668 ﬁrmat
434 5610 824 5678 Theophanes,
884 5609 975 5662 ubi
1027 5608 1096 5663 de
1158 5607 1485 5661 Constantio
1544 5607 1776 5661 solemni

183 5720 383 5774 pompa
415 5702 610 5755 urbem
643 5702 891 5771 ingresso
924 5719 935 5754 :
974 5699 1238 5764 Ἐξελῦὼν
1270 5699 1324 5751 δὲ
1361 5703 1418 5753 ἐν
1455 5700 1532 5769 τῷ
1558 5700 1779 5770 τρίϐου-

182 5800 353 5865 νιλὲῳ
412 5796 654 5865 Κάμπῳ.
709 5797 802 5848 καὶ
845 5794 976 5857 uti;
1030 5795 1112 5863 ἐᾷ
1166 5794 1354 5864 ὕψους,
1399 5793 1780 5863 abutar/57:9;

190 5886 342 5955 αὐτῷ
362 5885 459 5939 τοῦ
495 5885 881 5953 στρατοπέδου,
907 5883 1263 5954 ἐδημηγόρει,
1296 5884 1346 5937 id
1373 5893 1455 5940 cst
1483 5885 1535 5937 in
1566 5883 1774 5956 Campo

1861 4875 2030 4942 .domi
2057 4914 2070 4936 ,

1882 4689 2188 4744 Saracenos
2229 4690 2280 4742 in
2327 4690 2622 4744 Thracicas
2660 4700 2848 4758 partes
2900 4691 3201 4760 appulisse,
3254 4691 3481 4744 urbem-

1881 4779 1989 4851 q'uc
2048 4782 2330 4857 obsedisse
2380 4782 2450 4835 ab
2509 4780 2836 4835 Occidentali
2909 4782 3289 4861 promontorio
3329 4783 3479 4837 lleb-

2166 4889 2262 4927 seu
2363 4874 2713 4944 Magnaura,
2790 4890 2964 4944 usque
3045 4875 3112 4929 ad
3205 4875 3477 4930 orientale

1882 4967 2355 5033 promontorium,
2416 4967 2563 5035 quod
2623 4966 2946 5037 Cyt'lobium
3013 4978 3233 5023 vocant.
3318 4969 3475 5025 Illius

1884 5058 2051 5110 verba
2125 5068 2256 5113 sunt
2333 5058 2729 5128 expendenda,
2803 5061 2950 5129 quod
3032 5064 3472 5116 controversiam

1881 5165 2098 5203 omnem
2149 5150 2416 5229 dirimant
2458 5164 2471 5207 :
2529 5151 2718 5223 Τούτῳ
2764 5154 2843 5221 τῷ
2894 5154 3006 5205 ἔτει
3063 5156 3092 5206 ὀ
3144 5155 3469 5224 προλεχοεὶς

1882 5241 1991 5293 τῶν
2050 5241 2339 5312 Θεομάχων
2396 5242 2579 5305 στόλος
2642 5244 2861 5307 ἀντιϐὰς
2931 5247 3340 5317 προσώρμησε-ιι
3410 5248 3470 5298 ἐν

1881 5335 1992 5394 τοῖς
2022 5332 2307 5403 Θρᾳκῴοες
2342 5334 2566 5402 μέρεσιν
2603 5335 2712 5386 ἀπὸ
2750 5334 2850 5402 τῆς
2884 5336 3017 5404 πρὸς
3048 5336 3202 5388 δύσιν
3233 5336 3473 5405 ἀκρότη-

1883 5440 1973 5485 τος
1994 5424 2089 5477 τοῦ
2134 5425 2421 5495 Ἐῖέδόμου,
2484 5428 2603 5497 ἢτοι
2636 5427 2733 5498 τῆς
2759 5427 3061 5499 λεγομένης
3102 5420 3469 5498 Μαγναύρας,

1890 5519 2049 5586 μέχρι
2104 5518 2267 5570 πάλιν
2313 5517 2406 5570 τοῦ
2439 5518 2603 5587 πρὸς·
2643 5520 2907 5589 ἀνατολὴν
2963 5520 3314 5591 ἀκρωτηρίου
3373 5523 3468 5579 τοῦ

1886 5608 2181 5676 λεγομένου
2218 5608 2543 5663 Κυκλοϐίου.
2575 5611 2728 5663 Κατὰ
2757 5614 2939 5665 πᾶσαν
2963 5613 3061 5681 τὴν
3095 5614 3308 5683 ἡμέραν
3333 5631 3474 5683 auus

1883 5700 2014 5770 ϐολὴ
2053 5700 2293 5769 ποὶέμου
2334 5703 2615 5771 ἐκροτεῖῖο
2660 5705 2769 5759 ἀπὸ
2837 5706 2980 5775 τέρωῒ
3036 5705 3140 5769 ἕως
3204 5686 3475 5779 ἑοπέρας,

1883 5793 1993 5846 ἀπὸ
2049 5792 2359 5862 spumam
2421 5798 2522 5863 τῆς
2575 5797 2797 5865 Χρυσῆς
2873 5799 3078 5868 πόρτηπς
3150 5798 3312 5868 μέχρι
3372 5805 3466 5850 τοῦ

1888 5886 2195 5945 Κυκλοϐἰου
2235 5887 2460 5951 ἑαυτοὺς
2502 5888 2791 5954 ὠθοῦντες,
2857 5892 2949 5943 κιὶ
2983 5889 3306 5962 ὠθούμενοι.
3338 5889 3472 5961 Quae
