4236 6442
770 421 883 485 393

765 534 998 602 quidem
1036 532 1108 588 ita
1141 533 1379 587 reddidit
1406 544 1600 588 auctor
1633 534 1884 589 .‘lliscella:
1931 551 1946 588 :

771 629 904 697 perii
949 626 1311 690 Constantini,
1368 628 1650 688 pra'tlictus
1712 627 1880 680 Deum
1925 630 2354 698 impagnantfnm

769 720 937 774 stolas
961 719 1245 772 ascendens
1285 719 1569 789 applicavi!
1603 719 1658 772 in
1682 719 2062 774 Tltracensibus
2092 721 2352 788 partibus,

772 831 802 864 ιι
825 812 1129 864 summitate
1157 810 1394 863 videlicet
1414 812 1648 877 septimi,
1679 827 1796 881 quis
1817 815 1980 880 vergit
2012 813 2083 865 ad
2106 811 2342 866 Cll-riden-

773 911 895 962 tem,
927 902 982 954 id
1004 911 1078 955 est
1104 920 1136 956 a
1171 902 1324 954 domo
1349 919 1468 971 qmc
1502 902 1805 973 Magnaura
1837 905 2051 969 dicitur,
2084 915 2133 958 et
2170 921 2352 958 rursus

769 1009 930 1062 usque
968 993 1037 1046 ad
1072 1009 1272 1058 arcem,
1315 1011 1475 1064 qnmn
1528 993 1834 1064 Cyclobium
1884 996 2088 1063 dicunt,
2138 1015 2355 1069 qua’que

767 1091 968 1153 spectat
995 1085 1063 1136 ad
1089 1083 1380 1138 Orientem.
1442 1085 1542 1138 Per
1579 1093 1749 1140 totum
1793 1089 1972 1157 itaque
2029 1091 2169 1142 dicat
2228 1106 2356 1142 con-

769 1176 964 1244 gressio
1001 1175 1123 1228 belli
1153 1177 1459 1240 tenebatur,.
1483 1177 1538 1229 id
1580 1185 1656 1230 est
1701 1196 1734 1232 a
1774 1195 1929 1232 mane
1969 1196 2134 1250 usque
2161 1182 2232 1234 ad
2263 1199 2356 1234 ve-

770 1283 1005 1336 speram,
1050 1286 1081 1320 a
1117 1266 1411 1320 brachialio
1451 1267 1636 1322 Aureae
1665 1279 1830 1338 portw
1854 1287 2015 1342 usque
2036 1270 2355 1342 Cyclobium,

769 1361 991 1412 invicem
1026 1369 1246 1429 utraque
1270 1369 1422 1427 parte
1445 1360 1498 1412 in
1522 1377 1624 1412 uno
1646 1361 1859 1430 pulvere
1894 1364 2214 1433 impellente.
2250 1365 2356 1418 Ce-

770 1451 976 1503 dreuus
1023 1449 1264 1519 idipsum
1303 1465 1613 1506 enarratis:
1662 1453 1786 1506 Τῶν
1823 1454 2110 1524 θεομάχων
2167 1457 2354 1518 στόλος

772 1538 944 1591 ἐλθὼν
985 1540 1392 1610 προσὼρμησεν
1423 1545 1478 1593 ἐν
1501 1546 1612 1605 τοῖς
1637 1543 1923 1613 Θρᾳκῲοις
1953 1548 2200 1616 μέρεσιν,
2249 1548 2358 1601 ἀπὸ

771 1631 864 1682 ’τυῦ
915 1630 1173 1699 Ἐὅὸόμου
1209 1631 1375 1700 μέχρι
1412 1633 1743 1687 Κυκλοϐίου.
1772 1635 1872 1690 Ubi
1907 1622 2178 1707 Ἕῦδοξιον
2211 1639 2356 1694 nude

771 1730 957 1785 vocat,
988 1721 1135 1790 quod
1177 1722 1544 1791 Theophanes
1574 1729 2015 1794 promontorium
2061 1729 2355 1786 llebdomi.

771 1813 1010 1867 Zonaras
1041 1813 1234 1866 iisdem
1254 1812 1366 1867 fere
1399 1813 1583 1868 verbis
1606 1816 1808 1884 quibus
1840 1818 2206 1888 'l‘l.eopbanes
2241 1837 2356 1876 rem

771 1915 1023 1959 recenset
1068 1921 1080 1950 τ
1119 1901 1251 1957 Εἶτα
1314 1906 1486 1977 στόλῳ
1524 1907 1686 1975 βαρεί
1711 1909 1831 1962 κατ’
1881 1912 2051 1980 αὐτῆς
2112 1913 2355 1983 ἀπῆλθον

772 1997 873 2065 τῆς
935 1995 1205 2065 βασιλίδος
1253 1995 1362 2048 τῶν
1429 1997 1679 2064 πόλεων,
1746 1999 1841 2052 καὶ
1892 2003 2235 2072 ναύσταθμον
2261 2005 2355 2058 τοῦ

773 2088 1036 2156 σφετέρου
1093 2086 1285 2140 στόλου
1352 2088 1648 2160 πεποίηντο
1699 2090 1807 2143 ἀπὸ
1863 2091 1958 2145 τοῦ
2005 2097 2142 2162 πρὸς
2205 2096 2357 2149 δύσιν

771 2181 1143 2250 ἀκρωτηρίου,
1181 2180 1276 2233 τοῦ
1315 2182 1455 2234 κατὰ
1495 2181 1783 2250 Ἔϐδομον,
1827 2184 1992 2254 μέχρι
2015 2187 2108 2240 τοῦ
2145 2189 2356 2242 Κυκλο-

770 2271 910 2325 ϐίου.
945 2272 1046 2327 Ubi
1093 2271 1331 2341 scriptor
1377 2272 1728 2328 Narrationis
1758 2274 2036 2332 historica:
2066 2277 2119 2332 in
2155 2277 2356 2334 festum

767 2365 870 2431 τῆς
905 2363 1249 2429 ’Δκαοίστου,
1286 2362 1354 2418 de
1390 2364 1524 2433 ipsis
1560 2363 1828 2435 Agarenis
1864 2369 2056 2424 urbem
2090 2371 2355 2426 obsiden-

771 2456 917 2510 tibus
940 2456 1044 2512 sub
1067 2455 1260 2510 eodem
1291 2455 1568 2527 Pogonato
1605 2457 1774 2512 verba
1805 2459 2017 2514 faciens
2049 2477 2066 2519 :
2099 2462 2360 2533 Προσώρ-

775 2567 956 2620 μησαν
989 2550 1055 2619 τῇ
1089 2548 1517 2620 πατραοαλαστίῳ
1543 2549 1638 2604 τοῦ
1681 2551 1961 2620 Ἐϐδόμου.
1996 2552 2064 2608 Et
2090 2554 2359 2626 Georgius

771 2641 1120 2696 llamartolt.s
1151 2641 1206 2694 in
1232 2639 1511 2695 Chronico
1548 2656 1652 2697 ms.
1686 2658 1704 2697 :
1739 2643 1848 2695 Καὶ
1871 2647 2359 2716 προσορμήσαντες

771 2737 911 2788 εχατᾶ
968 2735 1068 2802 τὴν
1124 2732 1392 2803 παρᾶλιον
1435 2730 1533 2785 τοῦ
1595 2732 1898 2803 Ἑϐδόμου,
1954 2744 2092 2802 etc.,
2147 2737 2359 2792 scilicet

772 2841 964 2889 versus
987 2825 1334 2894 ἀκρωτήριον
1377 2822 1472 2877 τοῦ
1504 2823 1800 2893 Ἐϐδόμου,
1860 2841 1889 2880 a
1935 2841 2047 2897 quo
2089 2843 2262 2897 usque
2289 2829 2357 2883 ad

772 2918 1119 2989 tiyelobium,
1151 2932 1260 2971 non
1295 2917 1570 2981 terrestri,
1606 2915 1702 2972 sed
1735 2917 2013 2974 maritima
2043 2921 2357 2985 obsidione,

779 3023 841 3067 ut
875 3021 1092 3067 exserte
1125 3013 1323 3066 scribit
1360 3011 1747 3080 Theophanes,
1770 3011 1962 3065 urbem
1992 3013 2362 3069 circumsede-

773 3105 995 3159 derunt.
1022 3105 1268 3174 Denique
1295 3103 1463 3158 tradit
1496 3103 1640 3158 idem
1686 3103 2054 3174 Theophanes
2088 3105 2146 3160 in
2175 3105 2359 3162 Leone

773 3200 960 3255 Isauro
1001 3216 1094 3254 an.
1141 3200 1195 3263 l,
1243 3198 1467 3254 eosdem
1503 3199 1809 3253 Saracenos
1843 3199 2034 3253 urbem
2077 3199 2360 3256 obsedisse

773 3291 882 3345 ἀπὸ
915 3291 1012 3360 τῆς
1042 3291 1384 3360 Μαγναύρας
1441 3290 1546 3351 ἓως
1575 3290 1904 3355 Κυκλοὸίου,
1941 3290 2222 3345 maritima
2251 3291 2360 3345 sci-

773 3385 904 3438 licet
933 3383 1141 3452 pariter
1173 3381 1485 3435 obsidione.
1519 3380 1594 3435 Ex
1631 3381 1836 3450 quibus
1867 3381 1956 3436 hic
1991 3383 2174 3437 allatis
2199 3383 2360 3451 locis,

773 3491 913 3546 qius
971 3475 1134 3546 paulo
1195 3472 1512 3528 accuratius
1554 3487 1680 3527 cum
1749 3474 1904 3528 urbis
1967 3474 2363 3545 topographica

772 3567 1145 3637 descriptione
1182 3581 1245 3620 ac
1276 3565 1690 3635 ichnographia,
1726 3581 1886 3636 quam
1914 3566 1968 3620 in
2003 3577 2192 3621 nostra
2221 3565 2362 3622 Con-

773 3659 1122 3729 stantinopoli
1149 3659 1452 3712 Christiana
1485 3657 1750 3713 deliueari
1777 3659 2116 3722 curavimus,
2151 3675 2361 3727 expen-

775 3751 1050 3806 ilatvclim
1097 3766 1278 3805 novus
1313 3765 1376 3804 ac
1412 3750 1623 3818 primus
1657 3759 1900 3804 assertor
1927 3749 2360 3814 llebdomianus,

775 3861 939 3899 nemo
985 3844 1093 3898 nisi
1146 3843 1378 3897 nimium
1410 3841 1666 3912 pervicax
1703 3840 1942 3896 inliciari
1979 3841 2184 3906 poterit
2212 3842 2359 3896 lleb-

774 3938 1000 3990 doiuum
1039 3937 1104 3988 ad
1138 3934 1330 3988 urbem
1361 3932 1673 4004 pcrtigisse,
1704 3933 1933 4002 ejusque
1968 3941 2180 4002 partem
2217 3934 2359 3988 intra

778 4028 970 4080 urbem
1011 4025 1255 4095 potuisse
1292 4024 1524 4088 includi,
1557 4039 1682 4079 cum
1705 4022 2031 4093 Cyclobium
2063 4023 2132 4078 ad
2167 4039 2358 4080 muros

778 4119 935 4174 urbis
987 4127 1277 4172 terrestres
1325 4131 1514 4172 versus
1548 4117 1816 4170 orientem
1850 4125 1907 4171 et
1947 4116 2359 4186 Propontidem,

775 4212 1068 4281 Magnaura
1100 4225 1233 4264 vero
1254 4209 1324 4263 ad
1348 4210 1570 4264 eosdem
1603 4225 1816 4270 muros.
1864 4209 1974 4263 imo
2005 4209 2149 4264 intra
2182 4211 2354 4279 ipsam

776 4305 968 4356 urbem
1013 4317 1205 4356 versus
1257 4301 1600 4356 occidentem
1643 4310 1698 4354 et
1741 4301 2178 4371 promontorium
2221 4291 2360 4356 lleb-

775 4396 923 4447 dom'.
955 4394 1292 4454 exstiterint,
1351 4393 1498 4462 quod
1545 4392 1732 4446 multis
1786 4393 1840 4446 in
1887 4403 2071 4445 nostra
2100 4393 2358 4446 lucubra-

778 4487 925 4539 tione
955 4485 1260 4539 docuimus.
1322 4483 1375 4537 Si
1416 4484 1563 4538 enim
1598 4485 2034 4552 promontorium
2087 4482 2355 4537 llebdomi

1837 417 2318 488 lili‘QUISITIO
2356 417 2976 479 ΤΟΡΟΘΠΛΡΠΙΩᾹ·

2391 1895 2428 1944 ll

3931 425 4042 484 400

2003 535 2155 587 Anno
2197 534 2229 587 5
2261 535 2332 586 int
2387 544 2428 597 Α
2460 534 2623 590 bilius
2669 535 2886 598 aﬂerat,
2937 550 3000 588 ut
3049 547 3173 590 cum
3221 535 3429 590 Seneca
3487 537 3698 606 loquar,
3754 554 3866 591 tun.
3933 559 4046 592 iu-u

2457 637 2679 695 gravate
2706 629 2774 679 ab
2814 626 3078 695 opinione
3129 641 3250 681 mea
3282 626 3337 681 in
3381 631 3711 685 sententiam
3747 631 3892 684 illius
3925 632 4014 683 dis

2457 717 2766 770 cessionem
2801 716 2917 770 fcce
2926 733 3008 771 ro.

2530 807 2647 860 XII.
2693 807 2798 861 Sed
2857 819 2915 861 ut
2961 823 3062 862 nec
3115 810 3551 879 promontorium
3616 809 3905 869 llebdcmi.
3967 810 4045 864 ita

2461 915 2636 968 neque
2669 899 3012 954 llebdomqu
3045 901 3222 970 ipsum
3253 906 3319 957 ad
3361 904 3751 972 l'ropontidmt
3781 904 3837 957 l'u
3866 915 3903 966 ι,
3944 904 4044 956 se'l

2458 992 2524 1045 ad
2565 991 2720 1046 sinus
2751 993 2990 1046 Ceratiui
3035 1008 3220 1064 caput,
3255 996 3345 1049 ubi
3385 996 3618 1066 Cydaris
3647 1006 3702 1050 et
3735 996 4043 1066 Barbysses

2459 1084 2669 1139 ﬂuvioli
2723 1086 3040 1152 conﬂuunt,
3096 1088 3242 1142 haud
3300 1090 3488 1158 procul
3545 1090 3614 1142 ab
3668 1089 3828 1152 urbe,
3883 1088 4038 1158 quod

2459 1191 2622 1245 supra
2653 1176 2801 1230 allati
2831 1178 2935 1231 loci
2973 1179 3203 1233 omnino
3235 1179 3541 1234 declarant.
3576 1181 3648 1233 Ex
3681 1180 3887 1250 quibus
3923 1181 4044 1233 evi-

2459 1267 2654 1321 denter
2687 1279 2854 1337 patet.
2883 1285 2990 1322 non
3028 1271 3188 1324 modo
3217 1271 3558 1326 llebdomum
3583 1272 3651 1325 ad
3681 1273 4033 1326 occidentem

2459 1375 2651 1414 versus
2684 1360 3037 1430 Magnauraiu
3075 1373 3224 1418 recte
3263 1369 3456 1428 statui,
3500 1365 3647 1434 quod
3683 1365 3907 1434 quidem
3943 1367 4046 1419 Pa-

2457 1451 2650 1505 latium
2699 1453 3010 1520 proximam
3047 1455 3151 1508 fuit
3186 1456 3330 1508 sinui
3379 1454 3666 1522 Ceratino;
3715 1457 3809 1509 sed
3857 1468 3916 1511 et
3944 1473 4045 1524 per

2457 1544 2712 1598 eumdem
2745 1547 2928 1598 sinum
2969 1545 3273 1602 Saracenos
3327 1547 3380 1601 iu
3427 1547 3794 1612 llebdomum,
3846 1564 3946 1602 seu
3987 1549 4042 1602 in

2457 1634 2723 1704 Campqu
2776 1635 2898 1689 urbi
2955 1639 3288 1706 proximum,
3351 1641 3688 1708 pervenisse,
3740 1655 3770 1693 a
3815 1656 3932 1709 quo
3977 1641 4044 1692 ad

2457 1726 2776 1798 Cyclobium
2825 1745 2997 1799 usque
3047 1731 3236 1784 urbem
3275 1733 3412 1785 mari
3458 1733 3752 1787 obsedere.
3801 1733 4046 1785 I’roiude

2459 1834 2584 1874 cum
2630 1821 2895 1890 παράλιον
2942 1821 3036 1874 τοῦ
3093 1823 3394 1892 Ἑϐδόμου,
3442 1824 3714 1896 Georgius
3755 1825 4047 1879 llamarto-

2459 1913 2567 1976 lus,
2601 1923 2652 1966 ct
2697 1914 2979 1981 αἰγιαλοὺς
3013 1915 3108 1968 τοῦ
3147 1915 3411 1986 Ἐϐδόμου
3443 1917 3581 1972 dixit
3629 1919 3865 1987 scriptor
3916 1920 4046 1972 vita:

2463 1999 2520 2055 S.
2556 2001 2739 2056 Basilii
2773 2005 3040 2069 Junioris,
3081 2023 3136 2060 ιι.
3178 2009 3230 2068 7,
3258 2009 3506 2076 ejusdem
3551 2011 3854 2080 superioris
3884 2011 4047 2063 sinus

2461 2094 2642 2150 littora
2681 2097 2908 2168 intelligi
2961 2099 3187 2162 debent.
3252 2101 3344 2156 ubi
3405 2111 3602 2170 portus
3638 2104 3732 2173 qui
3788 2105 3841 2156 iu
3896 2100 4050 2157 llb-

2459 2189 2623 2245 domo
2660 2193 2936 2248 exstitisse
2986 2205 3264 2260 narratur,
3308 2211 3472 2265 quem
3525 2197 3660 2267 πρὸς
3705 2197 4044 2267 Βλαχέρψιις

2461 2281 2659 2338 κόλπον
2699 2295 2860 2340 vocat
2891 2287 3177 2356 Scylitzcs,
3232 2290 3400 2342 statui
3431 2288 3616 2350 debet,
3664 2291 3866 2342 nonad
3906 2288 4046 2343 Pro-

2459 2375 2771 2443 pontidem.
2831 2375 2933 2442 Qui
2991 2378 3214 2447 quidem
3273 2391 3468 2447 portus
3507 2380 3555 2434 is
3599 2380 3842 2441 videtur.
3871 2396 4043 2450 quem

2459 2465 2655 2536 λιμένα
2703 2466 2798 2548 τοῦ
2849 2467 3116 2537 Ἐσδόμου
3170 2481 3351 2532 vocat,
3410 2481 3466 2526 et
3519 2482 3813 2542 purgatum
3867 2472 4046 2526 fuisse

2459 2574 2604 2614 anno
2640 2560 2711 2614 25
2738 2559 3038 2616 Justiniani
3071 2563 3267 2617 scribit
3308 2563 3455 2618 idem
3499 2564 3868 2635 Theophanes
3901 2582 3916 2619 :
3974 2565 4046 2618 ad

2459 2667 2622 2720 quem
2656 2654 2871 2709 scilicet
2910 2654 3118 2709 Tiberii
3147 2653 3498 2711 Constantini
3531 2657 3906 2726 imperatoris,
3945 2658 4045 2726 qui

2459 2742 2517 2795 ὲν
2545 2743 2836 2814 προκέσσῳ
2885 2743 2978 2797 τοῦ
3031 2744 3296 2814 Ἐδδόμου
3330 2745 3569 2808 obierat.
3617 2747 3857 2802 cadaver
3892 2749 4046 2811 πλοῖ,

2461 2848 2556 2889 seu
2600 2835 2837 2905 navigio,
2880 2845 2938 2890 ut
2975 2846 3058 2890 est
3106 2837 3160 2890 in
3193 2837 3446 2892 Chronico
3475 2841 3857 2902 Alexandrino,
3885 2840 4048 2895 dela-

2465 2933 2578 2978 tum
2607 2933 2710 2979 est.
2746 2925 2853 2980 Sed
2881 2935 2936 2980 et
2963 2926 3032 2981 de
3065 2927 3343 2982 similibus
3387 2928 3513 2982 aliis
3559 2929 3614 2983 in
3645 2929 3958 2993 Hebdomo,
3991 2940 4050 2985 et

2461 3016 2529 3070 ad
2585 3017 2765 3071 sinum
2821 3016 3140 3072 Ceratinum
3202 3019 3448 3089 νεωρίοις
3509 3022 3722 3090 egimus
3761 3022 3815 3074 in
3848 3032 4048 3076 nostra

2463 3107 2944 3178 Constantinopoli.
3001 3110 3118 3165 Non
3156 3111 3356 3165 mirum
3409 3112 3574 3182 igitur
3612 3114 3658 3168 si
3693 3113 4048 3167 llebdomum

2466 3203 2910 3273 παραθαλάσσιος
2960 3205 3126 3266 τόπος
3178 3205 3398 3260 dicatur
3449 3207 3718 3275 Procopio
3768 3216 3826 3260 et
3877 3207 4048 3260 Nice-

2467 3295 2641 3364 phoro
2669 3296 3150 3366 Constantinopol.
3177 3297 3231 3350 in
3269 3295 3408 3351 Hist.
3451 3298 3599 3366 quod
3644 3297 3858 3352 scilicet
3889 3299 4051 3352 siuLs

2464 3385 2705 3441 Ceratini
2730 3388 3013 3442 littoribus
3046 3389 3371 3457 adjacuerit.

2537 3478 2675 3533 Xlll.
2715 3479 2923 3534 Scribit
2976 3479 3344 3548 Theophanes
3397 3480 3767 3550 Nicephorum
3802 3481 4048 3536 Phocam

2466 3572 2854 3640 imperatorem
2912 3571 3296 3633 acclamatum,
3375 3570 3718 3642 Clll‘)’SOp0.l,
3751 3588 3864 3640 quo
3915 3589 4048 3626 cum

2464 3661 2637 3715 classe
2663 3660 2969 3739 appulerat,
3007 3660 3368 3727 imperatorio
3419 3659 3686 3712 dromone
3727 3670 4045 3726 assumpto,

2463 3753 2543 3815 el;
2573 3752 2631 3803 τό
2659 3751 2921 3820 Ἐὖδομον
2950 3747 2980 3805 a'
3013 3750 3256 3806 Prasinis
3297 3750 3622 3817 deductum,
3669 3753 3762 3806 ubi
3805 3755 4047 3814 scilicet,

2463 3842 2766 3897 secundum
2802 3852 3083 3911 receptum
3130 3857 3362 3905 morem,
3409 3843 3713 3911 imperator
3753 3843 3807 3896 in
3842 3843 4050 3896 Tribu-

2463 3933 2572 3987 nali
2607 3934 3023 3986 acclamaretur.
3064 3931 3386 4002 ChrySOpoli
3421 3948 3640 4002 nempe,
3697 3948 3820 4001 qua:
3871 3933 4050 3988 (lera-

2465 4024 2580 4078 tino
2641 4023 3015 4090 promontorio
3061 4023 3503 4088 obversabatur,
3568 4041 3674 4078 nou
3729 4025 3781 4077 in
3841 4025 4043 4079 urbem

2465 4118 2702 4177 transiit.
2751 4118 2846 4172 sed
2885 4111 3112 4171 emenso
3139 4116 3258 4186 ipso
3292 4117 3718 4178 sinuCeratino,
3765 4116 3834 4169 ad
3890 4116 4047 4170 lleb-

2462 4211 2687 4263 domum
2737 4209 2992 4279 pervenit
3028 4226 3041 4262 :
3079 4208 3226 4278 quod
3278 4209 3482 4263 clarius
3527 4218 3712 4261 narrat
3744 4208 4044 4276 Setlitu-c,

2463 4303 2687 4357 tradens
2720 4303 3091 4371 Nicephorum
3127 4317 3252 4355 cum
3289 4310 3401 4356 tota
3434 4301 3608 4355 classe
3651 4300 4043 4369 ChrySopolEm

2465 4393 2764 4463 trajecisse,
2802 4393 3042 4461 indeque
3091 4392 3155 4444 ad
3232 4389 3601 4456 llebdomum,
3693 4403 3858 4460 atque
3909 4392 4044 4444 hinc

2462 4490 2638 4540 πάντα
2690 4489 2782 4539 τὸν
2825 4487 2997 4554 δῆμον
3048 4486 3146 4552 τῆς
3195 4486 3399 4548 πόλεως
3442 4487 3560 4552 μετ’
3593 4484 3884 4551 εὖφημιῶι
3949 4487 4047 4536 καὶ

774 4579 841 4631 ad
875 4578 1172 4647 septimum
1212 4577 1447 4630 milliare
1491 4575 1705 4631 exstitit
1755 4591 1950 4630 versus
1975 4575 2258 4630 Orientem
2295 4586 2353 4630 et

2461 4582 2684 4651 κρῧτων,
2730 4580 2992 4649 δημοσίοις
3040 4579 3335 4646 γινομένης
3408 4577 3674 4645 προόδου,
3727 4577 3780 4630 in
3846 4578 4044 4630 urbem

779 4669 1189 4738 l‘r0pontidem,
1223 4668 1368 4736 quod
1403 4670 1449 4721 is
1480 4667 1703 4720 videtur
1728 4666 1887 4730 velle,
1916 4668 2011 4734 qui
2037 4667 2154 4720 tieri
2186 4675 2363 4735 potest

779 4775 837 4816 ut
882 4762 1189 4831 proximum
1248 4758 1416 4812 luerit
1474 4758 1779 4828 Magnaurae
1827 4757 2052 4828 palatio,
2101 4759 2248 4828 quod
2307 4761 2362 4813 in

785 4855 923 4906 urbe
960 4863 1017 4908 et
1053 4851 1118 4906 ad
1153 4851 1306 4904 urbis
1356 4866 1541 4904 umros
1588 4865 1786 4904 versus
1819 4865 2075 4904 occasum
2121 4851 2365 4905 exstitit?

791 4946 926 5010 Quis
957 4942 1191 5012 denique
1231 4942 1286 4996 in
1322 4949 1560 4996 mentem
1604 4941 1709 4995 sibi
1750 4941 2054 5002 induxerit,
2104 4941 2188 4994 vel
2225 4945 2363 4995 scri-

793 5039 925 5092 bere
976 5036 1231 5098 volucrit,
1281 5035 1582 5088 Saracenos
1634 5031 1820 5086 urbem
1872 5033 2152 5085 obsedisse
2199 5048 2228 5085 a
2279 5047 2364 5086 se-

782 5131 956 5198 ptimo
991 5127 1210 5182 milliari
1247 5142 1438 5180 versus
1485 5125 1781 5194 Rhegium,
1826 5124 1994 5193 (quod
2034 5124 2095 5176 li
2119 5124 2186 5176 ab
2222 5125 2360 5176 urbe

777 5222 960 5288 lapide
1005 5220 1073 5273 ad
1120 5217 1510 5286 Propontidem
1575 5216 1630 5269 in
1675 5217 1877 5269 Charta
1936 5216 2361 5290 Pcutingeriaua

778 5312 1079 5380 statuitur)
1101 5310 1166 5362 ad
1198 5308 1542 5378 Cyelohiuut.
1596 5323 1691 5360 seu
1725 5305 2009 5359 castellum
2042 5305 2356 5369 rotundum,

781 5405 928 5475 quod
961 5405 1136 5458 cidem
1169 5400 1490 5469 Propontidi
1535 5398 1797 5467 adjacuit.
1846 5398 2012 5451 hodie
2055 5398 2356 5452 etiamnum

782 5495 1143 5566 lieptapyrgio
1168 5492 1477 5546 inclusum?
1500 5491 1676 5544 Veluti
1707 5489 1749 5542 si
1787 5490 1912 5558 quis
1943 5490 2154 5544 diceret
2183 5490 2362 5544 Lute-

783 5594 908 5643 liam
947 5589 1129 5640 hostes
1152 5583 1554 5639 circumsedere
1585 5599 1614 5635 a
1655 5581 1914 5634 Vcrsaliis
1943 5581 2010 5634 ad
2049 5580 2357 5651 Lupareum

784 5701 954 5751 usque
1008 5681 1314 5741 Palatium,
1371 5681 1418 5733 is
1466 5688 1616 5732 certe
1667 5677 1971 5731 deridiculo
2038 5677 2356 5731 haberetur.

786 5779 973 5832 Videat
1010 5775 1139 5844 quid
1200 5783 1447 5840 reponat,
1497 5782 1553 5826 et
1606 5770 1812 5824 nodum
1847 5771 1992 5824 hunc
2047 5773 2222 5824 solvat
2274 5770 2358 5823 vir

781 5869 1056 5933 eruditus,
1095 5867 1136 5921 si
1173 5876 1353 5921 tamen
1390 5873 1588 5933 potest,
1627 5864 1710 5918 vel
1743 5872 1893 5916 certe
1929 5861 2132 5930 aliquid
2163 5861 2356 5926 proba-

2466 4670 2854 4733 inlroduxisse,
2911 4670 3000 4722 διὰ
3047 4669 3142 4736 τῆς
3165 4667 3389 4736 Χρυσῆς
3434 4668 3656 4734 πόρτας.
3721 4682 3819 4734 per
3873 4683 4047 4736 quant

2466 4763 2674 4816 scilicet
2700 4748 2952 4816 solennes
2995 4759 3272 4829 ingressus
3314 4759 3430 4812 ﬁeri
3471 4760 3665 4812 solitos
3693 4759 3822 4814 alibi
3847 4761 4050 4812 obser-

2466 4853 2732 4913 vavimus,
2784 4850 2931 4920 quod
2965 4859 3022 4904 et
3061 4861 3278 4903 exserte
3331 4848 3496 4902 docet
3535 4847 3944 4902 Constantinus
3994 4849 4046 4900 in

2467 4945 2586 5000 Vita
2617 4943 2800 4998 Basilii
2829 4943 2959 5011 imp.
3007 4956 3064 4995 n.
3109 4941 3176 4994 ιο
3223 4940 3356 4994 edit.
3389 4939 3731 4994 Combetisii.
3764 4938 3831 4992 Et
3863 4938 4052 4992 Zona-

2467 5050 2555 5088 ras
2591 5051 2605 5089 :
2643 5035 2746 5086 Τὸν
2779 5030 3361 5103 ,Νικηφόρονὲκεῖοεν
3424 5029 3794 5099 (Chrysopoli)
3847 5031 3928 5090 εἰς
3984 5031 4046 5080 τὸ

2467 5126 2736 5194 Ἓδδομον
2796 5126 3010 5193 ἄγουσι,
3063 5123 3314 5178 κάκεῖθεν
3349 5128 3444 5175 σὺν
3484 5122 3696 5190 προόδῳ
3745 5121 4050 5190 annonis?

2467 5221 2546 5282 εἰς
2600 5219 2698 5288 τὴν
2729 5219 2988 5286 Μεγάλην
3035 5215 3347 5284 ἐκκλησίαν.
3386 5215 3486 5269 Ubi
3517 5230 3697 5274 nemo,
3728 5215 3954 5281 Opinor,
3980 5230 4045 5268 ex

2466 5311 2534 5365 iis
2569 5311 2769 5380 quibus
2810 5318 2975 5362 notus
3007 5317 3091 5362 est
3133 5307 3694 5375 ConstantinOpoleos
3735 5307 3901 5370 situs,
3937 5308 4047 5360 sibi

2465 5399 2520 5452 iu
2556 5398 2797 5452 animum
2833 5397 3131 5462 induxerit,
3178 5396 3548 5465 Nicephorum
3597 5396 3662 5449 ad
3703 5396 3887 5450 locum
3923 5406 4054 5450 ten-

2464 5493 2708 5555 dentem,
2740 5491 2832 5544 ubi
2873 5489 3282 5557 inaugurandus
3330 5498 3450 5542 erat
3509 5489 3834 5556 imperator,
3870 5489 4053 5557 siqui-

2463 5581 2586 5635 dem
2629 5581 2696 5634 ad
2739 5581 3130 5650 Propontidem
3178 5579 3483 5641 exstiterit,
3540 5594 3664 5632 cum
3699 5588 3814 5632 tota
3867 5580 4051 5634 classe

2462 5671 2844 5742 Chrysopolim
2891 5671 3210 5740 appulisse,
3259 5685 3327 5724 e‘o
3372 5685 3588 5722 rursum
3637 5685 4044 5725 reversurum:

2465 5777 2524 5818 ut
2559 5765 2820 5818 urbanam
2872 5779 3089 5816 omnem
3154 5761 3562 5815 multitudinem
3622 5761 3686 5814 ad
3745 5761 4048 5830 septimqu

2466 5874 2636 5928 usque
2673 5857 2906 5927 lapidein
2936 5871 3228 5926 egressam,
3265 5854 3502 5924 indeque
3521 5853 3750 5910 solemni
3784 5870 4050 5924 preces-.a
