4236 6442
196 449 296 511 ιο]

1506 459 1602 517 DE
1646 457 2017 518 IIEBDOMO
2048 458 2154 517 CP.

3361 463 3472 528 402

193 565 569 635 Nicrphorum
604 567 839 621 Pliocatn
883 570 947 621 ad
996 571 1182 623 urbem
1215 571 1529 626 deduxisse.
1584 574 1770 642 Neque
1808 579 1843 631 Λ
1878 574 1933 627 lii
1997 571 2115 627 Vita
2175 587 2228 623 ιι.
2287 572 2356 624 9t)
2406 572 2676 641 ejusmodi
2730 573 2928 639 palatia
2985 588 3082 629 seu
3138 575 3464 631 suburbana

194 663 349 715 aliter
381 662 786 730 intelligendus
819 662 1144 717 Anastasius
1177 665 1653 726 ltibliotltecarius,
1681 683 1791 732 quo

209 754 326 807 loco
383 762 581 808 narrat
615 754 1036 809 Constantinum
1094 772 1285 825 papam
1326 774 1450 810 eum
1500 760 1564 812 ad
1612 761 1787 814 Casam

195 841 429 893 in~ulam
497 845 843 911 appulisset,
932 846 1227 901 deductum
1316 849 1483 903 fuisse
1546 852 1596 903 in
1649 852 1789 904 llel.-

190 935 442 996 thlttll‘ll,
480 934 718 1004 indeque
751 936 803 989 in
850 938 1040 990 urbem
1081 959 1092 993 :
1123 958 1155 991 a
1192 958 1292 1009 quo
1330 942 1441 993 loco
1480 944 1787 1012 navigantes

189 1034 456 1078 venerunt
492 1044 524 1079 α
565 1029 788 1095 septimo
819 1028 1073 1081 milliaria
1104 1029 1638 1100 Constantinopolim.
1686 1035 1785 1088 libi

191 1116 426 1185 Septimi
474 1119 722 1172 milliaris
750 1120 1017 1174 vocabulo
1066 1123 1374 1191 Magnaurm
1401 1125 1660 1189 palatium
1706 1127 1787 1180 in-

192 1210 489 1275 teliigitur,
520 1210 575 1263 in
603 1227 713 1278 quo
750 1213 927 1280 excipi
964 1214 1139 1282 primo
1169 1216 1416 1269 solebant
1446 1218 1619 1271 exteri
1670 1236 1786 1271 ma-

186 1312 407 1369 guates,
451 1305 533 1356 vel
564 1307 728 1357 etiam
761 1306 949 1374 legali,
985 1307 1131 1374 quod
1178 1324 1288 1376 pne
1314 1312 1526 1363 czeteris
1556 1320 1786 1364 testatur

186 1408 357 1460 supra
380 1394 640 1447 laudatus
665 1396 1066 1451 Constantinus
1092 1399 1144 1451 in
1172 1400 1256 1451 avi
1289 1400 1494 1467 Vita,n.
1522 1403 1611 1464 Ἠ,
1646 1413 1702 1457 et
1730 1403 1782 1456 in

186 1492 381 1535 nostra
460 1486 528 1537 de
590 1485 725 1538 urbe
805 1485 1189 1542 lucubratione
1245 1488 1532 1544 docemus.
1583 1491 1783 1545 Eadem

186 1575 353 1640 plane
385 1577 602 1630 ratione
642 1578 979 1647 intelligendi
1008 1581 1173 1634 etiam
1204 1584 1524 1653 Anonymus
1548 1583 1784 1638 Combe-

187 1665 447 1728 lisianus,
499 1668 784 1738 Scylitzes,
841 1680 895 1725 et
941 1674 1039 1725 alii
1077 1674 1129 1727 in
1177 1674 1424 1729 Romano
1476 1675 1781 1745 Lat-aperto,

184 1753 319 1805 dttm
361 1756 614 1811 scribunt
646 1760 788 1813 Petri
818 1760 1181 1830 Bnlgarorum
1214 1764 1357 1833 regis
1388 1779 1511 1819 cum
1534 1767 1781 1837 ejusdem

188 1847 551 1913 imperatoris
582 1851 691 1905 lilia
744 1852 908 1906 Maria
955 1854 1007 1907 in
1052 1854 1188 1907 urbe
1222 1855 1514 1910 celebratis
1554 1858 1778 1926 nuptiis,

184 1938 445 1993 eamdem
490 1941 714 1995 Mariam
762 1960 868 1996 una
931 1960 1055 1998 cum
1109 1947 1341 2016 conjuge
1374 1947 1427 2001 in
1477 1948 1780 2018 Bulgariam

184 2031 591 2097 profecturam,
616 2035 683 2088 ad
714 2036 1055 2091 llebdomum
1080 2055 1253 2108 usque
1285 2057 1313 2093 a
1341 2042 1661 2110 parentibus
1684 2043 1781 2097 de-

182 2122 417 2176 ductam
449 2165 463 2187 ,
536 2125 734 2195 hieque
787 2129 968 2183 navim
1023 2134 1435 2189 conscendisse.
1485 2136 1783 2203 Appulerat

184 2231 325 2267 \ero
377 2218 576 2272 Pctrus
606 2218 1144 2291 Constantinopolim
1194 2241 1385 2279 versus
1426 2227 1780 2295 Blaclternas,

184 2316 486 2362 utexserte
520 2312 685 2364 tradit
707 2312 973 2384 Georgius
997 2319 1397 2381 monaclius,ad
1426 2320 1648 2375 Portum
1678 2322 1784 2377 sci-

181 2402 319 2457 licet
345 2404 657 2470 proxitnuni
693 2405 1131 2462 llebdomianutn
1167 2427 1181 2463 :
1242 2412 1335 2463 ubi
1370 2421 1422 2466 et
1458 2428 1782 2468 reversurus

182 2491 240 2544 in
274 2494 515 2560 patriam
546 2496 730 2548 navim
755 2499 1099 2552 conscendit.
1139 2500 1243 2554 Sed
1274 2509 1327 2553 et
1362 2502 1503 2556 idem
1543 2507 1782 2574 scriptor

184 2584 402 2643 subdit,
432 2585 600 2641 Maria
624 2604 652 2640 a
695 2590 1012 2656 parentibus
1042 2591 1107 2643 ad
1145 2590 1484 2647 llebdomum
1520 2596 1777 2660 deducta,

183 2672 342 2740 ipsos
374 2690 503 2728 cum
540 2676 703 2730 Petro
736 2679 789 2731 in
834 2680 1028 2734 eodem
1058 2682 1340 2737 llebdomo
1369 2688 1640 2754 epulatos,
1673 2689 1781 2742 sci~

182 2765 319 2819 l'cet
352 2767 407 2818 in
453 2767 827 2824 llebdomiano
881 2772 1105 2828 Palatio.
1148 2775 1443 2831 Enimvero
1494 2780 1638 2847 quod
1671 2781 1782 2835 Leo

181 2858 618 2925 Grammaticus,
639 2862 873 2932 Symeon
899 2864 1229 2934 Logotlicta,
1254 2878 1308 2921 et
1332 2868 1473 2922 idem
1495 2869 1781 2940 Scylitzes,

182 2948 523 3018 Symcowm
554 2952 912 3022 Bulgarorttm
958 2973 1141 3025 regem
1168 2960 1361 3013 urbem
1390 2961 1625 3029 primum
1669 2964 1783 3017 cir-

183 3041 538 3095 cumsedisse
600 3057 1082 3113 commemorant,
1143 3049 1313 3104 ducto
1369 3066 1397 3103 a
1466 3051 1783 3108 Blaehernis

183 3132 331 3184 vallo
360 3131 431 3183 ad
458 3144 668 3201 portam
699 3136 957 3194 Auream.
994 3154 1056 3191 ac
1089 3140 1289 3194 deinde
1318 3142 1471 3194 urbis
1502 3144 1781 3212 potiunda:
1812 3135 1821 3138 ”

1894 663 2148 733 βασιλικὰ
2194 663 2495 733 μεταδολῆς
2529 663 2691 717 ἕνεκα
2715 664 3033 733 καταγώγια
3076 668 3333 735 appellat,
3370 666 3465 721 ubi

1890 758 1959 810 de
1990 757 2205 825 Pegauo
2232 755 2434 824 palatio
2473 758 2603 825 agit,
2651 755 2797 825 quod
2836 757 2900 809 ad
2938 758 3090 809 urbis
3130 773 3316 811 muros
3348 768 3471 813 erat

1890 864 2081 901 versus
2112 856 2321 915 portam
2360 846 2619 910 Auream,
2656 856 2715 900 ut
2750 858 2807 900 et
2838 848 3105 915 palatium
3141 848 3288 918 quod
3318 849 3465 904 Heb-

1890 939 2036 993 dotui
2071 938 2415 1008 appellabant
2440 954 2629 992 versus
2659 937 2985 993 Blacliernas
3005 950 3060 994 et
3089 943 3270 995 sinum
3296 943 3468 996 Cera-

1892 1033 2091 1101 tinnm,
2120 1042 2175 1086 et
2201 1031 2306 1100 πρὸ
2347 1032 2443 1099 τῆς
2484 1032 2693 1093 πόλεως
2725 1043 2865 1095 erat,
2906 1042 2965 1086 ut
2995 1041 3080 1087 est
3109 1035 3249 1103 apud
3289 1035 3469 1090 Theo-

1890 1124 2121 1193 phanem
2162 1123 2216 1177 in
2252 1122 2513 1177 Micbacle
2564 1139 2656 1177 an.
2704 1124 2924 1177 2.111ιιι1
2968 1140 3133 1194 porro
3183 1125 3359 1194 ipsum
3384 1137 3470 1179 est

1887 1217 2031 1285 quod
2065 1217 2117 1269 in
2155 1216 2376 1285 regione
2416 1216 2475 1271 l4
2536 1217 2769 1277 exstitit,
2819 1228 2878 1272 ut
2911 1227 2995 1271 est
3027 1219 3080 1272 in
3112 1218 3285 1272 veteri
3317 1218 3471 1271 urbis

1887 1308 2281 1376 descriptione,
2308 1318 2362 1361 et
2395 1307 2743 1362 Constantini
2772 1323 2971 1361 nomen
3008 1310 3230 1371 retinet,
3264 1325 3292 1363 a
3332 1325 3468 1362 con-

1887 1398 2061 1452 ditore
2091 1397 2451 1452 Constantino
2482 1397 2615 1461 M.,a
2650 1413 2759 1466 quo
2786 1399 3071 1452 conditum
3108 1401 3284 1468 primo
3311 1409 3468 1453 extra

1889 1492 2037 1545 urbis
2063 1491 2283 1554 mmnia,
2332 1482 2531 1560 postea
2553 1492 2618 1545 iis
2653 1492 2935 1560 productis
2964 1493 3105 1546 intra
3135 1493 3350 1555 urbem,
3386 1497 3468 1546 vel

1886 1589 2033 1635 certe
2064 1580 2129 1634 ad
2168 1581 2283 1648 ipsa
2326 1580 2526 1634 moenia
2558 1582 2861 1634 etiamnum
2909 1584 3269 1652 conspicitur.
3318 1582 3373 1635 lu
3400 1597 3470 1635 eo

1888 1688 2016 1725 vero
2062 1671 2714 1726 etstitit'Consistorium
2763 1671 3010 1727 Gratiani
3065 1683 3121 1727 et
3173 1674 3467 1729 Iustiniani

1886 1765 2297 1833 imperatorum,
2328 1762 2395 1816 de
2421 1778 2529 1829 quo
2555 1763 2741 1816 multis
2767 1763 3001 1831 egimus.
3022 1761 3173 1819 Istud
3200 1778 3331 1815 vero
3364 1763 3435 1816 Pa
3453 1793 3465 1802 -

1886 1852 2107 1908 latiutn.
2136 1849 2482 1904 llebdomum
2520 1848 2666 1902 unde
2707 1863 2735 1900 a
2778 1849 3146 1918 scriptoribus
3177 1848 3288 1904 fere
3324 1864 3469 1902 sent-

1887 1958 1983 2011 per
2021 1940 2324 2008 nuncupari
2375 1948 2623 2001 constat;
2684 1940 2829 2008 quod
2869 1941 3173 2007 praesertim
3219 1941 3469 1995 eruimus

1885 2049 1953 2087 ex
1979 2032 2226 2103 ejusdem
2266 2032 2563 2087 Justiniani
2602 2031 3114 2086 Constitutionibus
3152 2032 3205 2085 in
3227 2047 3296 2085 eo
3323 2032 3469 2086 Cou-

1884 2126 2105 2180 sistorio
2127 2126 2384 2188 exaratis,
2415 2139 2537 2193 qua:
2555 2123 2826 2177 subscribi
2857 2125 3035 2178 solent
3064 2124 3166 2176 liae
3191 2122 3423 2176 formula
3448 2140 3461 2176 :

1884 2218 2120 2272 Recitata
2159 2216 2387 2282 Septimo
2425 2216 2675 2270 milliaria
2715 2217 2872 2285 hujus
2911 2215 3122 2285 inclytae
3162 2217 3385 2270 civitatis
3413 2218 3468 2269 in

1884 2311 2028 2365 Novo
2051 2309 2369 2365 Consislorio
2394 2309 2709 2371 Iustiniani,
2739 2308 2819 2360 vel
2846 2306 3226 2375 Septimiliario
3247 2311 3300 2361 in
3324 2307 3467 2361 Nora

1884 2402 2121 2459 Palatio.
2175 2400 2257 2453 vel
2307 2398 2537 2469 Septimo
2580 2400 2633 2451 in
2688 2396 2837 2452 Novo
2900 2397 3241 2452 Consistorio.
3293 2398 3471 2451 Locos

1886 2494 2115 2563 protulit
2182 2490 2420 2546 Jacobus
2480 2490 2774 2559 Cujacius,
2835 2491 2932 2543 lib.
3018 2507 3126 2554 xx,
3176 2489 3462 2544 ObServat.

1884 2602 2004 2655 cap.
2039 2590 2117 2647 iit,
2179 2600 2280 2637 nos
2314 2583 2483 2637 etiam
2526 2583 2622 2636 lib.
2670 2598 2704 2635 ιι
2751 2581 3280 2655 Constantinopoleos
3311 2581 3466 2637 Clari-

1883 2649 2094 2733 stiame.
2136 2676 2215 2729 Ex
2236 2676 2438 2745 quibus
2463 2675 2690 2729 omnino
2716 2649 3007 2728 coniicitur
3041 2649 3383 2735 llebdomum,
3408 2682 3465 2726 et

1883 2770 2177 2838 Septimum
2248 2766 2515 2829 milliare,
2576 2767 2659 2819 vel
2712 2764 3156 2834 Septimiliarium
3237 2766 3464 2818 rivitatis

1882 2857 2507 2926 ConstautinOpolitana:
2535 2856 2659 2910 ideo
2683 2855 2971 2925 appellari,
3005 2853 3152 2923 quod
3179 2870 3374 2909 revera
3395 2854 3464 2909 ad

1886 2952 2076 3005 urbem
2105 2959 2272 3012 esset,
2304 2958 2359 3003 et
2387 2948 2453 3002 ad
2488 2949 2637 3002 illius
2658 2947 2883 3012 mmnia,
2917 2948 2990 3001 ita
3014 2955 3075 3000 ut
3106 2947 3279 3014 ipsius
3310 2946 3467 3001 urbis

1884 3060 2010 3114 pars
2034 3045 2222 3105 luerit,
2258 3042 2361 3097 etsi
2409 3042 2664 3111 primitus
2690 3050 2845 3094 extra
2871 3041 3017 3110 ipsos
3049 3054 3255 3098 muros.
3297 3048 3472 3107 atque-

1884 3138 2022 3192 adeo
2056 3146 2114 3190 ttt
2139 3152 2169 3190 a
2195 3136 2443 3204 Septimo
2471 3135 2540 3188 ab
2564 3134 2709 3189 Urbe
2744 3134 2965 3187 milliari
2994 3133 3461 3200 distingueretur:

181 3237 283 3292 spe
311 3223 555 3293 abjecta,
590 3227 646 3278 ἑν
667 3226 745 3296 τῷ
774 3228 1005 3298 λεγομέν
1027 3256 1052 3295 ε»
1094 3232 1340 3301 Ἐὀδόμῳ
1370 3235 1680 3297 recessisse,
1713 3236 1780 3289 de

1844 3244 1855 3304 ς
1890 3229 2034 3283 unde
2059 3243 2182 3297 qua:
2213 3227 2267 3280 in
2296 3226 2566 3293 Septimo,
2592 3226 2647 3279 id
2677 3233 2782 3291 est,
2817 3225 2901 3278 vel
2932 3225 2987 3279 in
3012 3224 3117 3278 hoc
3141 3221 3351 3276 Palatio
3378 3222 3463 3275 vel

182 3315 341 3381 pacis
439 3317 850 3373 comlitimibus
935 3332 1223 3385 acturam,
1308 3324 1423 3378 hate
1518 3327 1781 3394 capienda

181 3416 315 3459 sunt
347 3422 458 3460 non
492 3408 819 3483 degscptimo
876 3412 1116 3475 milliari,
1165 3414 1260 3467 sed
1305 3415 1373 3469 de
1403 3433 1597 3485 eampo
1634 3418 1781 3471 lleb-

182 3498 366 3560 domi,
395 3501 449 3552 in
480 3516 592 3567 quo
628 3512 809 3556 castra
840 3504 1018 3558 literit
1048 3523 1060 3557 :
1099 3522 1225 3559 eum
1260 3516 1369 3562 tota
1399 3508 1513 3563 hare
1542 3510 1785 3577 interpo-

182 3590 291 3643 sita
369 3590 630 3658 planities
690 3593 764 3646 ita
817 3604 1253 3663 nuncuparetur,
1308 3606 1367 3651 ut
1423 3600 1623 3667 passim
1691 3600 1782 3654 liic

182 3680 574 3735 observamus.
598 3683 753 3738 Unde
770 3700 893 3738 cum
914 3699 1107 3741 auctor
1130 3686 1376 3741 Chronici
1404 3690 1778 3753 Alexandrini,

184 3774 283 3827 ubi
317 3773 391 3827 de
424 3771 853 3829 Vietoriatorum
885 3777 1155 3832 seditione
1182 3779 1287 3832 sub
1307 3780 1618 3833 Justiniano
1646 3782 1774 3849 agit,

184 3865 401 3917 milites
438 3865 656 3919 venisse
711 3867 902 3920 scribit
957 3868 1063 3920 ἀπὸ
1100 3869 1194 3920 τοῦ
1236 3870 1519 3934 Ἐὅδὸμου,
1558 3872 1649 3923 καὶ
1684 3870 1777 3922 τοῦ

191 3954 449 4022 Ῥηγίου,
486 3957 580 4009 κιὶ
613 3958 707 4010 τοῦ
755 3959 997 4030 Ἀθύρα,
1044 3963 1141 4015 καὶ
1190 3963 1299 4014 ἀπὸ
1336 3964 1653 4033 Καλαϐρίας
1676 4005 1689 4023 .
1724 3965 1777 4018 id

183 4044 260 4096 ita
295 4044 744 4113 intelligendum,
800 4057 859 4101 ut
883 4065 947 4103 ex
984 4050 1180 4104 vicinis
1213 4052 1333 4105 urbi
1365 4053 1499 4106 locis
1542 4054 1576 4107 ii
1618 4055 1776 4109 acciti

183 4132 421 4195 fuerint,
456 4143 570 4188 tum
598 4151 661 4189 ex
709 4136 991 4193 Hebdomo
1022 4156 1213 4194 versus
1240 4141 1611 4207 Occidentem,
1662 4154 1776 4198 tum

181 4240 252 4278 es
291 4226 507 4294 Rliegio
541 4237 595 4279 et
618 4228 823 4298 Atliyra
857 4247 1047 4285 versus
1081 4233 1384 4296 Orientem,
1425 4242 1537 4287 tum
1564 4250 1630 4288 ex
1671 4235 1778 4289 Ca-

182 4317 403 4384 labrya,
464 4318 589 4373 loco
638 4321 849 4376 scilicet
896 4324 949 4376 in
1005 4324 1129 4378 Asia
1158 4325 1237 4378 sic
1271 4326 1564 4394 appellato,
1612 4344 1776 4396 quetn

183 4407 521 4479 Καλσῦρύην
553 4420 712 4465 vocat
754 4412 1076 4482 Bryeunius,
1124 4416 1477 4487 Καλαὸρύην,
1510 4416 1778 4489 Scylitzes

182 4510 243 4554 et
272 4499 519 4553 Zonaras
550 4518 563 4553 :
601 4501 755 4556 Anna
786 4520 917 4557 vero
948 4504 1250 4570 Coninetta,
1286 4508 1603 4577 Καλαύρην.

1889 3322 1940 3374 in
1977 3318 2265 3374 Tribunali
2300 3328 2421 3372 acta
2453 3316 2738 3382 dicuntur,
2765 3326 2914 3371 recte
2946 3316 2999 3369 iu
3030 3315 3153 3383 ipsa
3176 3313 3312 3367 urbe
3342 3321 3466 3366 acta

1887 3413 2201 3466 referuntur
2237 3412 2291 3465 in
2319 3425 2483 3478 supra
2526 3410 2707 3463 allatis
2761 3416 3046 3461 auctorum
3081 3405 3240 3460 locis.
3285 3406 3463 3472 Atque

1886 3504 2009 3557 inde
2029 3502 2323 3557 Justiniani
2347 3502 2533 3556 Palatii
2560 3500 2986 3569 appellationem
3013 3497 3274 3566 deinceps
3294 3496 3463 3549 etiam

1882 3595 2133 3658 retinuit,
2168 3602 2229 3647 ut
2257 3610 2322 3647 ex
2355 3586 2777 3647 Bondelmontio
2824 3591 3138 3654 docuimus,
3159 3604 3188 3642 a
3229 3603 3339 3657 quo
3365 3602 3462 3641 su-

1883 3704 1978 3757 pra
2012 3686 2213 3740 mmnia
2241 3685 2521 3748 statuitur,
2555 3694 2611 3739 et
2652 3685 2805 3753 juxta
2844 3682 3017 3735 tndem
3052 3681 3256 3734 Novem
3297 3678 3466 3733 Ordi-

1882 3794 2034 3842 num,
2064 3792 2161 3831 seu
2187 3776 2285 3831 SS.
2335 3776 2692 3845 Angelorum,
2735 3789 2899 3843 quam
2930 3772 3349 3827 Cantaeuzenus
3391 3769 3462 3824 ad

1882 3871 2028 3939 ipsos
2068 3870 2223 3923 urbis
2268 3885 2457 3924 muros
2501 3869 2708 3937 pariter
2752 3867 2966 3929 statuit,
3021 3866 3159 3921 adeo
3191 3874 3250 3919 ut
3278 3864 3462 3917 nullus

1879 3962 2166 4015 dubitandi
2201 3961 2444 4029 supersit
2478 3964 2653 4018 locus.
2685 3962 2817 4028 quin
2851 3957 3255 4013 Consistorium
3283 3956 3458 4010 Justi-

1881 4053 2028 4107 niani
2066 4055 2120 4107 in
2154 4053 2400 4120 Septimo
2448 4051 2695 4114 milliari,
2750 4049 2882 4104 illud
2930 4049 3188 4117 idemque
3226 4048 3300 4101 sit
3331 4062 3461 4100 eum

1879 4145 2072 4198 eodem
2101 4144 2391 4199 Justiniani
2433 4143 2664 4204 Palatio,
2712 4140 2857 4209 quod
2912 4138 3261 4194 Constantini
3291 4138 3461 4192 etiam

1880 4241 2097 4285 vocant.
2143 4232 2247 4285 Sed
2289 4241 2345 4285 ct
2370 4233 2498 4284 hinc
2527 4231 2786 4299 colligere
2819 4230 2949 4285 licet
2982 4247 3081 4285 cur
3115 4228 3463 4283 Marcellinus

1880 4341 2066 4379 comes
2095 4311 2316 4385 scribat,
2360 4323 2654 4377 Honorium
2685 4342 2715 4376 a
2765 4333 2917 4392 patre
2952 4339 3048 4377 suo
3096 4322 3376 4378 Theodosio
3403 4323 3459 4374 in

1880 4418 2056 4471 eodem
2102 4417 2213 4470 loco
2249 4435 2350 4487 quo
2387 4418 2608 4485 fratrem
2661 4418 2775 4485 ejus
2829 4418 3138 4477 Arcadium,
3193 4415 3462 4469 Casuram

1879 4507 2083 4575 fecisse,
2131 4507 2186 4559 id
2226 4517 2303 4559 est
2345 4506 2575 4575 Septimo
2633 4506 2697 4559 ab
2748 4506 2873 4558 urbe
2917 4504 3194 4558 milliaria.
3244 4502 3460 4571 Quippe

260 4589 403 4643 XIV.
452 4590 738 4646 Tribunali
786 4609 971 4662 porro,
1021 4594 1089 4649 de
1123 4611 1234 4663 quo
1262 4613 1385 4651 mox
1412 4599 1647 4665 egimus,
1684 4601 1778 4655 ad-
1810 4599 1853 4654 D
1884 4613 2010 4651 cum
2042 4597 2312 4651 Arcadius
2347 4595 2805 4665 Constantinopoli
2849 4598 2904 4649 in
2945 4594 3204 4649 Milliario
3237 4605 3459 4662 septimo

180 4681 361 4749 iacuit
385 4683 627 4748 amplqu
657 4691 714 4735 et
747 4685 1049 4751 spatiosum
1082 4684 1370 4751 Palatium,
1399 4688 1543 4756 quod
1570 4699 1629 4742 ut
1651 4690 1776 4745 Tri-

186 4773 383 4838 bunal,
438 4774 511 4827 ita
541 4785 598 4827 et
630 4775 764 4829 illud
818 4774 1085 4830 Ilebdomi
1134 4780 1499 4847 appellatione
1537 4782 1773 4837 donatur

187 4864 402 4931 passim
430 4879 461 4916 a
489 4865 874 4929 scriptoribus,
908 4868 999 4921 cui
1027 4866 1295 4922 Tribunal
1339 4870 1514 4924 vicem
1570 4873 1775 4940 praesti-

188 4956 258 5007 tit
285 4956 573 5019 vestibuli,
604 4956 741 5009 adeo
765 4969 823 5009 ut
854 4974 954 5025 pro
982 4974 1090 5012 uno
1115 4960 1422 5030 eodemque
1456 4963 1773 5018 suburbano

186 5045 304 5098 fere
338 5062 559 5114 semper
590 5058 907 5117 usurpetur,
943 5051 1010 5103 ad
1050 5051 1198 5119 quod
1241 5067 1563 5120 processum
1594 5055 1775 5109 facere

189 5140 462 5193 dicuntur
496 5140 877 5207 imperatores,
917 5142 971 5195 iu
1000 5158 1067 5196 eo
1099 5143 1308 5197 scilicet
1344 5160 1549 5198 moram
1572 5146 1771 5208 acturi,

190 5232 244 5283 in
278 5231 544 5284 Chronico
578 5231 961 5297 Alexandrino,
992 5235 1135 5302 apud
1170 5250 1503 5305 anonymqu
1532 5237 1771 5293 Combe-

192 5322 479 5383 lisianutu,
514 5322 751 5378 Leonem
798 5324 1250 5390 Grammaticum,
1293 5337 1347 5381 et
1377 5327 1684 5383 Cedrenum
1718 5332 1772 5386 in

191 5414 447 5467 Romano
470 5413 773 5483 Lacapeno,
808 5417 885 5470 uti
907 5418 959 5470 in
986 5417 1445 5486 Constantinopoli
1472 5420 1775 5477 Christiana

190 5504 505 5556 docuimus.
538 5504 837 5562 Processus
863 5509 1010 5562 enim
1042 5510 1094 5562 in
1126 5510 1230 5563 alia
1261 5512 1460 5579 palatia
1487 5512 1773 5579 duntaxat,

191 5614 289 5651 seu
340 5599 505 5651 etiam
552 5599 892 5661 suburbana,
953 5603 1069 5655 lieri
1122 5605 1469 5666 dicebantur,
1527 5609 1774 5662 mutandi

193 5691 345 5745 aeris
371 5692 543 5759 gratia
576 5709 589 5745 :
624 5694 771 5761 quod
807 5694 986 5748 facere
1018 5696 1197 5750 solt-nt
1220 5699 1419 5751 summi
1460 5701 1773 5768 pontilices,

196 5798 324 5835 eum
383 5798 413 5835 a
464 5782 730 5849 Quirinali
769 5784 835 5839 ad
877 5786 1221 5851 Vaticanum,
1270 5798 1363 5843 aut
1392 5802 1585 5844 contra
1620 5807 1776 5846 sece-

197 5875 362 5930 duut.
396 5873 548 5932 Unde
577 5878 971 5935 Constantinus
1005 5881 1511 5951 l‘erphyrogenitus
1546 5884 1599 5938 in
1628 5884 1774 5940 Basi-

1882 4691 2096 4745 lcvatus
2132 4690 2349 4743 dicatur
2372 4689 2654 4757 Augustus
2695 4688 2764 4741 ab
2795 4687 3000 4751 ldacio,
3033 4688 3286 4755 sequitur
3307 4686 3457 4750 quod

1880 4780 2451 4850 lactumestSeptimo
2476 4781 2544 4834 ab
2565 4780 2700 4834 urbe
2732 4780 3032 4843 milll'tario,
3068 4794 3177 4832 non
3210 4780 3457 4848 potuisse

1844 4896 1861 4911 ο
1882 4874 1998 4927 ﬁeri
2034 4874 2086 4926 in
2116 4874 2275 4937 urbe,
2298 4873 2402 4928 nisi
2434 4874 2535 4927 hac
2563 4874 2860 4927 locutionis
2877 4871 3136 4934 formula,
3164 4880 3278 4924 tum
3308 4872 3456 4939 apud

1881 4964 2275 5028 Marcellinum,
2334 4972 2448 5017 tum
2507 4962 2651 5032 apud
2703 4962 2985 5016 Socratem
3030 4974 3087 5016 et
3120 4963 3456 5021 Cedrenum.

1879 5054 2014 5109 locis
2065 5055 2202 5107 iulra
2238 5054 2437 5117 allatis,
2483 5053 2659 5121 ipsum
2710 5053 2979 5108 Palatium
3037 5053 3327 5116 llebdomi,
3369 5054 3455 5107 vel

1880 5144 2304 5213 Tribunalquod
2338 5145 2403 5197 ad
2435 5143 2627 5197 urbem
2666 5145 2841 5205 stetit,
2878 5141 3241 5212 intelligatur.

1951 5236 2066 5291 XV.
2107 5236 2344 5290 Proinde
2373 5236 2540 5305 igitur
2561 5236 2704 5305 apud
2742 5236 3039 5302 scriptores
3101 5234 3456 5288 llebdomum

1880 5349 1977 5401 pro
2020 5332 2137 5400 ipso
2184 5331 2389 5383 Palatio
2431 5331 2684 5398 usurpari
2732 5328 2960 5382 omnino
3006 5336 3243 5382 constat.
3294 5325 3455 5394 Apud

1879 5425 2148 5478 Zonaraut
2173 5422 2228 5476 in
2261 5422 2571 5476 Theodosio
2603 5421 2833 5476 luniore
2850 5430 2906 5474 et
2934 5420 3307 5489 Nicephorum
3334 5418 3458 5473 Cal-

1879 5515 2011 5574 listi.
2045 5514 2334 5567 Pulcheria
2373 5515 2516 5581 regia
2559 5521 2770 5575 exacta,
2823 5514 2903 5573 ei;
2932 5513 2996 5564 τὸ
3020 5511 3292 5579 Ἕϐδομον
3316 5524 3453 5563 con-

1879 5608 2108 5663 cessisse
2141 5608 2361 5675 legitur,
2392 5606 2444 5658 id
2472 5616 2556 5660 est
2588 5607 2641 5658 in
2664 5606 2933 5660 Palatium
2968 5600 3255 5659 Ilebdomi.
3282 5602 3454 5656 Rulli-

1880 5717 1981 5755 nus
2006 5700 2113 5754 ‘lib.
2154 5715 2211 5754 ιιι
2251 5699 2321 5752 De
2344 5700 2460 5751 vitis
2488 5698 2712 5751 Patrum
2745 5696 2813 5751 de
2842 5696 3079 5765 quodam
3125 5694 3398 5749 monacho
3436 5712 3450 5747 :

1880 5790 2167 5845 llabitubat
2195 5798 2367 5843 autem
2392 5792 2443 5842 in
2476 5806 2641 5858 parva
2668 5787 2800 5841 cella
2831 5788 2959 5859 [oris
2986 5789 3273 5848 civitatem,
3295 5800 3457 5855 prem

1881 5886 2167 5952 proastium
2195 5884 2281 5953 qui
2318 5891 2529 5936 vocatur
2555 5885 2604 5936 in
2624 5882 2875 5953 Septimo,
2903 5881 2989 5935 ubi
3020 5879 3185 5935 solent
3216 5879 3451 5949 impera-
