4236 6442
746 390 852 462 403
1807 400 2032 470 DlSQU
2047 398 2279 458 [Sl'l‘lO
2319 399 2915 462 TOPOGRAPIIICA
3915 389 4029 451 4M

738 517 873 566 lares
897 514 1090 580 egressi
1121 512 1183 562 de
1208 509 1420 562 civitate
1451 499 1674 562 libenter
1696 509 2117 579 degere.Neque
2151 509 2314 563 aliter
2345 517 2388 571 Α
2423 511 2556 564 tium
2599 520 2655 566 et
2686 510 2952 566 Tribunal
2992 508 3307 581 promiscue
3342 515 3404 561 ut
3437 519 3606 560 unum
3663 502 3925 572 idemque
3959 502 4035 555 ab

737 602 1126 686 intelligendus
1156 600 1556 671 Theophanes,
1601 616 1694 658 an.
1743 602 1805 656 51
1845 601 2143 658 lustiniani
2169 643 2183 666 ,
2220 601 2313 656 ubi
2353 587 2357 590 ’

2423 604 2668 659 llimerio
2722 603 2989 658 Παλάτιον
3031 601 3091 656 τὸ
3134 599 3531 672 τριεουνά).ινιν.
3588 605 3644 650 et
3699 595 4034 649 Ilebtlomum

733 697 802 751 de
851 707 1010 748 terra:
1064 703 1218 747 motu
1259 694 1354 763 qui
1408 707 1477 748 eo
1521 708 1668 748 anno
1707 693 1944 759 accidit,
1998 709 2109 762 quo
2159 694 2316 748 urbis
2422 697 2687 766 appellari
2718 697 2789 751 ab
2832 696 2957 751 aliis
3007 693 3396 764 scriptoribus.
3447 691 3566 745 Non
3606 689 3806 742 mirum
3858 687 4037 757 igitur

734 786 880 842 muri
907 801 935 840 a
966 785 1330 840 Constantino
1393 795 1447 841 et
1491 801 1521 840 a
1567 785 1883 840 Theodosio
1929 785 2170 848 conditi,
2209 802 2317 839 non
2423 789 2596 844 videri
2629 786 2790 844 debet
2818 789 2863 844 si
2891 799 3187 856 utrumque
3225 783 3505 838 exstitisse
3543 779 4032 848 Constantinopoli

734 880 897 932 “mdo
937 878 1323 941 θοηοίδθτυηιν
1354 877 1449 932 sed
1482 879 1616 932 θῑέν
1652 878 1918 952 ἐξαιρέτῳ
1972 877 2314 947 (Ρναῖδενιίιη,
2425 883 2643 938 tradant
2681 898 2753 952 qu
2779 897 2822 936 ιε
2871 897 3036 950 supra
3090 877 3440 934 laudavimus
3494 875 3800 941 scriptores
3827 917 3840 936 ,
3895 886 4030 925 cum

733 971 808 1024 ita
846 970 965 1024 huic
1005 985 1108 1023 vox
1145 969 1413 1024 vertenda
1463 969 1592 1034 luit)
1634 969 1947 1040 ἐκκλησίαι,
1986 973 2082 1024 καὶ
2121 972 2190 1024 τὰ
2224 975 2320 1025 ἐπ-

2423 976 2554 1032 Urbi
2587 975 2833 1044 proxime
2874 972 3180 1043 adjacuerit
3209 970 3264 1024 in
3299 967 3681 1024 Hebdomiano
3715 965 3925 1033 Campo
3960 963 4030 1017 ad

735 1059 919 1116 ἐκε.να
952 1063 1045 1116 τοῦ
1086 1063 1377 1132 Ἐὅδόμου,
1427 1062 1573 1118 aedes
1613 1062 1671 1117 S.
1725 1061 2026 1128 Samuelis,
2072 1063 2321 1134 Deipara:

2427 1070 2542 1137 ipsa
2579 1067 2780 1122 muenia
2831 1064 3162 1120 aedificatum
3191 1079 3204 1116 :
3235 1057 3707 1130 quemadmodum
3760 1055 4034 1110 suburba-

735 1153 935 1208 I'ctalze
967 1154 1148 1218 dictae,
1201 1163 1256 1207 et
1283 1153 1342 1208 S.
1378 1153 1673 1218 Vincentii,
1721 1155 2004 1224 multaque
2053 1155 2320 1210 ecclesia-
2430 1175 2559 1213 num
2596 1139 3092 1226 Sangermanense,
3127 1153 3212 1207 vel
3247 1153 3304 1207 S.
3334 1149 3596 1212 Marcelli,
3629 1148 3682 1202 in
3713 1147 3832 1216 ipsa
3872 1147 4031 1200 Pari-

736 1260 858 1297 rum
888 1244 1081 1298 altaria
1117 1253 1174 1298 et
1207 1245 1415 1299 ciboria
1441 1283 1454 1306 ,
1494 1260 1524 1298 a
1561 1254 1714 1314 porta
1756 1244 1939 1300 Aurea
1986 1244 2053 1298 ad
2102 1255 2321 1316 portam
2429 1249 2636 1303 siorum
2685 1248 2821 1302 urbe
2855 1263 2979 1301 esse
3012 1244 3271 1308 dicimus,
3307 1241 3412 1296 etsi
3467 1239 3744 1294 moenibus
3771 1245 3828 1290 ct
3855 1236 4035 1305 portis

736 1336 911 1390 liusii.
961 1336 1061 1392 llic
1091 1338 1240 1392 enim
1279 1353 1377 1407 per
1400 1335 1964 1393 llebdomumexserte
1997 1339 2329 1408 intelligitur
2430 1358 2608 1411 nuper
2655 1343 2722 1396 ab
2750 1357 2815 1396 ea
2854 1349 3152 1408 utrumque
3207 1338 3573 1406 disparatum.
3636 1333 3827 1400 Neque
3875 1331 4034 1384 enim

744 1428 1017 1482 Palatium
1046 1429 1488 1483 llebdomiannm
1519 1430 1642 1483 urbi
1668 1445 1731 1484 ac
1759 1430 1909 1484 illius
1938 1431 2113 1483 muris
2137 1430 2332 1500 adjun-
2431 1434 2796 1500 llcbdomum,
2832 1431 2924 1486 ubi
2972 1429 3288 1500 inaugurari
3337 1426 3591 1480 solebant
3639 1425 4033 1492 imperatores,

744 1533 918 1582 «tum,
952 1535 1076 1572 cum
1113 1520 1179 1574 de
1215 1521 1391 1574 ruinis
1421 1521 1578 1575 urbis
1603 1521 1871 1574 duntaxat
1903 1521 1994 1574 hic
2025 1529 2236 1590 agatur.
2269 1521 2330 1577 ln
2432 1525 2907 1596 Constantinopoli
2959 1538 3081 1579 esse
3133 1520 3330 1593 potuit,
3358 1518 3506 1589 quod
3545 1525 3763 1571 exserte
3805 1512 4037 1567 tradunt

742 1608 1025 1665 Chronico
1062 1626 1163 1664 ms.
1193 1610 1261 1665 ab
1295 1611 1504 1665 Adamo
1536 1611 1602 1664 ad
1637 1610 1877 1665 Leonem
1911 1612 2250 1682 Sapientem,
2276 1614 2331 1668 in
2435 1617 2810 1689 supralaudati
2859 1617 3182 1685 scriptores,
3231 1613 3278 1668 si
3333 1610 3400 1665 ad
3449 1609 3744 1678 septimum
3796 1604 4035 1657 milliare

733 1697 1025 1768 Mauricio,
1081 1703 1324 1772 Campus
1359 1703 1678 1757 'l‘ribunalis
1724 1705 2010 1760 Hebdomo
2046 1707 2335 1776 proximus
2435 1711 2574 1768 cxsti
2605 1710 2689 1766 it:
2725 1709 2883 1780 quasi
2939 1707 3139 1777 aliquis
3172 1704 3320 1776 quod
3354 1712 3538 1756 actum
3584 1699 3786 1769 legitur
3827 1696 4037 1750 Versa-

735 1793 942 1847 tlicitur
973 1810 986 1847 :
1015 1794 1125 1846 Καὶ
1161 1793 1237 1864 μὴ
1270 1793 1428 1847 τοῦτο
1451 1795 1896 1865 καταδεξαμένου
1921 1796 2013 1846 τοῦ
2042 1795 2329 1864 βασιλέως,

2436 1806 2548 1871 liis,
2582 1803 2638 1857 id
2670 1802 2898 1857 Parisiis
2952 1799 3260 1855 factitatum
3311 1794 3618 1855 scriberet,
3671 1787 3818 1859 quod
3867 1800 4036 1840 nemo

737 1883 1012 1954 Θιμωθεὶς
1051 1888 1079 1939 ὁ
1120 1885 1416 1956 βάρϐαρος,
1459 1886 1781 1940 ἀπέκτεινεν
1829 1887 2074 1956 χιλιάδας
2101 1888 2232 1940 δέκα
2267 1889 2324 1943 ἐν
2358 1874 2396 1926 Β

2360 1874 2396 1926 Β
2429 1894 2805 1966 unquam,nisi
2832 1891 3108 1962 stupidus,
3137 1899 3194 1944 et
3226 1887 3411 1944 minus
3439 1899 3586 1940 sanie
3617 1881 3842 1946 mentis,
3871 1877 4033 1931 litte-

735 1977 814 2046 τῷ
857 1978 1080 2049 Κάμπῳ
1135 1977 1538 2048 τριόουναλὶου,
1593 1976 1672 2046 τῷ
1719 1976 1948 2047 πλησίον
1999 1975 2094 2028 τοῦ
2139 1975 2327 2029 Ἐϐδὸο

1399 1977 1538 2040 λὶου,
1593 1976 1672 2046 τῷ
1719 1976 1948 2047 πλησίον
1999 1975 2094 2028 τοῦ
2139 1975 2327 2029 Ἐϐδὸ-
2429 1989 2508 2043 ris
2543 1986 2808 2042 mandare
2840 1984 3067 2040 audeat.

738 2089 863 2141 μου,
893 2072 1000 2128 hoc
1023 2082 1140 2135 est,
1173 2068 1232 2127 Ιιι
1263 2071 1464 2143 Campo
1497 2071 1795 2126 Tribunalis
1830 2070 2044 2124 Palatio
2081 2070 2326 2127 ad.urbis
2499 2071 2664 2129 XVII.
2700 2073 2998 2128 Enimvero
3047 2087 3156 2126 non
3207 2068 3435 2123 omnino
3484 2079 3585 2136 pro
3631 2069 3784 2118 certo
3832 2058 4032 2112 haberi

737 2181 937 2225 muros.
971 2164 1238 2219 Hebdomo
1263 2146 1535 2234 appellato
1557 2204 1571 2225 ,
1599 2165 1861 2233 proximo.
1894 2161 2096 2216 Notant
2124 2163 2324 2216 Nemea
2427 2167 2588 2222 debet
2621 2165 2770 2237 quod
2820 2166 2899 2219 ait
2929 2163 3012 2219 νίι-
3060 2163 3282 2226 ἀοριιις,⁹
3336 2158 3662 2227 Προάστεια,
3718 2163 3774 2208 ει
3823 2151 4032 2205 sum"-

737 2257 806 2311 29
842 2255 995 2322 δυιίίν
1030 2254 1134 2310 55-
1181 2254 1490 2324 Beniamilli
1535 2261 1590 2308 οἱ
1635 2253 1784 2307 νει·ίὶ
1831 2252 2156 2307 ῐηεῐηστίὲίῐη
2182 2251 2326 2306 εοὶο-
2423 2261 2564 2315 bona
2599 2259 2709 2314 dici
2760 2257 3028 2312 duntaxat
3072 2269 3195 2325 quae
3249 2251 3494 2307 millibus
3543 2247 3752 2316 aliquot
3778 2244 3849 2298 ab
3881 2242 4026 2297 urbe

741 2349 887 2401 lirari
924 2347 1155 2418 πλησίον
1193 2345 1289 2398 τοῦ
1326 2345 1592 2398 παλατίου
1640 2343 1735 2395 τοῦ
1789 2343 2078 2412 Ἐϐδόμου.
2134 2341 2324 2411 Neque

2426 2352 2654 2415 distant,
2707 2362 2942 2420 qumque
2997 2346 3300 2418 προάστεια
3357 2343 3456 2409 τῆς
3509 2340 3716 2400 πόλεως
3767 2335 4033 2389 videntur

741 2439 883 2493 forte
916 2437 1065 2492 aliud
1099 2448 1187 2491 est.
1224 2436 1496 2490 Palatium
1548 2435 1618 2489 ab
1673 2433 2074 2498 llebdomiano,
2116 2431 2184 2484 de
2213 2447 2324 2501 quo
2426 2443 2686 2513 appellari
2719 2459 2748 2496 θ
2778 2441 3141 2510 Theophane,
3199 2454 3291 2492 an.
3327 2437 3381 2489 7.
3411 2433 3613 2490 Justini
3662 2429 3934 2488 Juuioris.
3977 2435 4036 2482 et

740 2525 979 2585 Zonaras
1009 2531 1063 2584 in
1086 2529 1452 2585 Constantino
1485 2527 1871 2591 Monomacho,
1907 2524 2157 2581 scribens
2189 2524 2326 2578 Tor-
2426 2551 2660 2607 quorum
2718 2551 2830 2606 pm
2893 2534 3108 2590 οωιετίε
3137 2592 3146 2602 ι
3181 2528 3432 2586 memini;
3495 2523 3792 2582 concilium
3849 2520 4036 2576 Νίρεε-

740 2622 888 2676 nicio
914 2621 1106 2676 urbem
1134 2629 1489 2691 oppugnante
1518 2635 1710 2673 versus
1759 2619 2112 2680 Blacliernas,
2147 2617 2324 2686 impe—
2427 2643 2558 2682 num
2586 2644 2645 2690 η,
2674 2643 2796 2681 ωτι,
2837 2624 3072 2690 ιδ’,ίηιο
3116 2621 3327 2694 quavis
3360 2617 3566 2691 pmdia
3619 2615 3845 2673 rustica,
3878 2620 3944 2664 ut
3976 2614 4036 2665 in

739 2725 978 2770 ratorem
1010 2715 1067 2768 ἐν
1093 2727 1199 2768 τινι
1237 2712 1534 2785 βασιλικῶν
1583 2711 1845 2780 θαλάμων
1895 2708 2324 2780 προϐεϐλημένῳ

2426 2721 2548 2776 Vita
2598 2719 2783 2774 Basilii
2809 2716 3077 2776 Junioris,
3121 2731 3180 2768 n.
3224 2713 3294 2768 42
3333 2720 3390 2766 et
3420 2711 3517 2773 Η,
3556 2704 4032 2778 quemadmodum

739 2805 850 2860 τῶν
879 2806 1077 2872 ἄλλων,
1103 2808 1194 2859 καὶ
1228 2805 1321 2858 ἐπὶ
1357 2806 1432 2873 τῷ
1464 2802 1569 2872 πρὸ
1599 2802 1698 2872 τῆς
1729 2800 1935 2862 πόλεως
1960 2798 2327 2871 ὲστραμμένῳ

2427 2811 2572 2881 apud
2625 2812 2976 2878 Anonymum
3045 2803 3458 2868 Sirmondeum,
3505 2798 3906 2857 Constantinus
3961 2795 4034 2849 id.

741 2900 930 2968 πεδίῳ,
953 2911 1053 2968 pro
1078 2898 1368 2969 majestate
1391 2894 1735 2956 consedisse,
1768 2904 1829 2949 ut
1863 2891 2080 2947 videret
2113 2891 2323 2956 hostes,

2429 2911 2677 2956 mortuus
2707 2900 2911 2955 dicitur
2937 2899 2993 2954 in
3042 2897 3362 2952 suburbano
3392 2890 4035 2960 Constantinopolitano,

742 3005 799 3048 rt
828 2993 896 3047 ab
928 2993 998 3046 iis
1039 2990 1282 3045 vicissim
1316 2989 1620 3043 videretur.
1656 2986 1760 3042 Ubi
1812 2985 2113 3040 observare
2171 2983 2322 3048 licet,
2430 2992 2556 3045 vina
2588 2990 2830 3060 publica,
2865 2991 3023 3060 juxta
3054 2991 3461 3052 Nicomediam.
3495 2988 3702 3043 melius
3754 2995 3942 3040 tamen
3977 2982 4034 3035 in

743 3101 854 3140 non
886 3084 1050 3138 modo
1081 3084 1224 3138 hanc
1253 3081 1558 3137 locutionis
1599 3077 1917 3142 formulam,
1953 3077 2062 3148 πρὸ
2093 3077 2192 3147 τῆς
2225 3077 2325 3128 πό-

2431 3083 2688 3138 Clironico
2721 3082 3109 3147 Alexandrino,
3153 3083 3209 3135 ἐν
3238 3081 3551 3154 προαστείῳ
3590 3079 3691 3148 τῆς
3731 3077 3904 3144 αὐτῆς
3932 3075 4039 3126 πό-

743 3177 904 3240 λεως,
936 3175 1199 3229 denotare
1217 3169 1381 3264 quod
1400 3181 1485 3226 est
1512 3171 1566 3264 in
1597 3171 1752 3224 urbis
1773 3177 2089 3264 prospectu,
2131 3167 2229 3222 sed
2267 3176 2326 3221 et
2349 3177 2395 3264 ὁ
2428 3176 2584 3238 λεως,
2618 3175 2828 3230 scilicet
2857 3174 3212 3237 Nicomediae.
3253 3175 3390 3229 adeo
3421 3181 3480 3227 ut
3505 3171 3634 3226 inde
3667 3170 3869 3225 elicere
3900 3167 4040 3220 velit

745 3268 928 3321 πεδίον
993 3265 1126 3321 illud
1172 3259 1279 3334 πρὸ
1332 3263 1435 3332 τῆς
1481 3262 1697 3324 πόλεως
1747 3275 1858 3314 non
1913 3257 2062 3312 aliud
2118 3272 2240 3311 esse
2295 3270 2324 3309 a
2358 3257 2395 3264 ⁷

2360 3257 2395 3264 ⁷
2428 3263 2811 3318 suburbanum
2867 3261 3214 3317 Hebdomum
3266 3262 3456 3332 procul
3505 3261 3573 3315 ab
3625 3259 3764 3314 urbe
3810 3257 4033 3311 fuisse:

744 3361 952 3428 Campo
983 3356 1250 3413 Hebdomi
1282 3356 1369 3410 vel
1406 3353 1746 3418 Tribunalis,
1790 3367 1954 3422 quem
1997 3352 2062 3406 ad
2107 3350 2324 3414 urbem,
2433 3371 2559 3410 cum
2589 3371 2712 3426 qua;
2746 3354 2868 3409 urbi
2920 3356 3104 3410 statim
3143 3355 3537 3420 obversantur,
3587 3354 3754 3406 etiam
3783 3352 3851 3404 ad
3884 3350 4041 3418 ipsos

745 3462 802 3504 et
831 3461 959 3504 ante
987 3449 1180 3503 urbem
1200 3447 1482 3503 exstitisse
1503 3446 1746 3516 produnt
1773 3442 1974 3513 passim
2002 3441 2324 3509 scriptores.
2435 3449 2592 3504 urbis
2642 3463 2853 3509 ηιιιι-οε,
2893 3450 2967 3503 ita
2997 3449 3272 3519 appellare
3321 3448 3500 3503 εοιεω
3544 3446 3848 3515 scriptores
3890 3444 4041 3512 ipse-

818 3539 958 3595 XVI.
997 3539 1181 3607 Neque
1220 3551 1408 3607 porro,
1442 3537 1589 3606 quod
1639 3548 1806 3603 supra
1844 3533 2020 3604 attigi,
2060 3532 2328 3586 Palatium
2437 3560 2488 3597 m

2437 3551 2548 3597 met
2596 3553 2703 3597 non
2774 3540 3091 3596 dilliteatur.
3143 3541 3278 3595 Nam
3325 3541 3448 3594 ideo
3493 3538 3640 3593 dicta
3692 3537 4031 3606 προάστεια,

748 3622 1016 3686 Hebdotnl
1043 3639 1096 3684 et
1126 3623 1390 3683 Tribunal
1425 3642 1595 3681 unum
1633 3626 1887 3694 idemque
1924 3625 2095 3685 fuere,
2131 3625 2175 3678 si
2202 3622 2323 3676 stri-

2437 3634 2584 3704 quod
2636 3633 2741 3704 πρὸ
2772 3633 2872 3702 τῆς
2907 3633 3138 3696 πόλεως,
3174 3641 3228 3688 et
3261 3633 3316 3686 in
3360 3631 3510 3685 illius
3547 3630 3659 3685 sint
3709 3640 4036 3698 prospectu.

750 3732 839 3779 ctc
885 3738 974 3778 res
1021 3729 1294 3777 sumatur.
1331 3720 1467 3774 Nam
1511 3717 1776 3772 Tribunal
1828 3726 2075 3772 erectum
2125 3724 2244 3770 erat
2278 3715 2330 3766 in
2439 3727 2516 3780 ιω
2561 3725 2708 3779 enim
2760 3724 3085 3794 προάστειον
3139 3723 3282 3793 apud
3325 3721 3656 3793 Hesychium
3712 3719 4040 3788 exponitur,

750 3817 957 3886 Campo
999 3813 1262 3870 llebdomi
1296 3812 1400 3871 sub
1430 3811 1543 3874 dio,
1577 3812 1630 3866 in
1662 3825 1772 3881 quo
1815 3809 1983 3864 levari
2014 3818 2070 3863 et
2100 3808 2333 3877 inaugu-

2440 3819 2548 3888 πρὸ
2577 3823 2676 3887 τῆς
2720 3818 2947 3880 πόλεως,
2979 3826 3035 3872 et
3058 3817 3203 3886 apud
3241 3817 3485 3886 Papiam,
3516 3814 3828 3870 viridarium
3871 3827 4039 3881 prope

751 3913 861 3965 ι’πῖ
897 3910 1149 3965 δοιθὶῖθηε
1201 3909 1584 3978 imperatores,
1618 3907 1706 3961 ουί
1751 3906 2068 3975 adjunClllm
2102 3912 2221 3957 erat
2253 3903 2339 3956 in“
2441 3929 2672 3977 murum,
2699 3911 2842 3981 apud
2875 3910 3244 3980 Hugulionem
3269 3925 3401 3964 vero
3426 3907 3569 3961 locus
3592 3916 3718 3959 ante
3745 3906 4038 3966 civitatem,

753 4017 884 4071 gens
920 4001 1210 4062 P..latium,
1259 4014 1369 4068 quo
1400 4014 1457 4052 se
1491 3997 1836 4067 recipiebant
1875 4003 2064 4051 exacta
2112 3995 2340 4062 inaugu-

2442 4005 2495 4057 itl
2529 4013 2606 4056 est
2640 4003 3022 4057 suburbanum.
3080 4001 3358 4070 Quidquid
3414 3999 3581 4070 igitur
3614 4008 3767 4052 extra
3813 3995 4037 4057 urbem,

758 4096 992 4155 ratione,
1023 4091 1170 4162 quod
1202 4089 1470 4145 llebdomi
1521 4091 1728 4159 pariter
1780 4086 2148 4157 appellabant,
2193 4083 2339 4153 quod

2444 4097 2530 4150 vel
2563 4097 2710 4150 illius
2759 4111 2967 4161 muros,
2994 4104 3050 4150 et
3076 4095 3128 4149 in
3161 4095 3310 4150 illius
3357 4099 3655 4162 conspectu
3695 4099 3804 4157 est,
3839 4089 4039 4142 subur-

757 4190 812 4240 in
863 4201 1055 4256 campo
1109 4184 1376 4238 llebdoml
1417 4190 1564 4238 esset
1610 4182 1960 4235 aediﬁcatum.
2012 4179 2070 4232 ld
2117 4178 2341 4231 omnino
2447 4187 2644 4240 bunum
2683 4186 2926 4250 dicitur,
2975 4185 3192 4240 etiamsi
3244 4182 3522 4238 interdum
3566 4180 3635 4233 ab
3678 4194 3742 4232 ea
3791 4177 4044 4231 millibus

757 4280 999 4332 declarat
1046 4277 1489 4347 Tllcophylactus
1542 4275 1862 4337 Simocatta,
1916 4272 2012 4326 lib.
2052 4287 2085 4336 I,
2117 4285 2240 4340 cap.
2293 4269 2338 4322 Ι.
2447 4277 2653 4344 aliquot
2699 4276 2984 4341 remotius,
3016 4286 3077 4331 ut
3119 4285 3205 4331 est
3237 4275 3289 4329 in
3319 4273 3528 4329 Glossis
3581 4269 4044 4338 interlinearibus

757 4370 894 4424 Nam
929 4367 1022 4424 ubi
1046 4369 1284 4438 scriptor
1315 4366 1563 4421 Chronici
1594 4365 1942 4419 Alexandrini
1965 4363 2042 4417 ait
2068 4373 2342 4416 mortuum
2449 4369 2514 4422 nd
2552 4369 2700 4423 hunc
2728 4384 2949 4424 versum
2997 4369 3247 4438 Gregorii
3294 4366 3558 4437 Theologi
3596 4367 3652 4420 in
3683 4365 3944 4419 Drama“:
3972 4364 4044 4418 de

762 4464 1044 4517 Tiberium
1075 4461 1493 4517 Constantinum
1531 4463 1587 4513 ὲν
1615 4459 1904 4529 προκέσσῳ
1928 4457 2022 4510 τοῦ
2061 4455 2342 4525 Ἑϐδόμω,

2449 4461 2652 4516 Christi
2684 4462 2972 4530 passione:
3013 4460 3412 4529 Ἐτυγχάνομεν
3441 4458 3670 4528 ἀγρόθεν
3701 4455 3889 4508 πυλῶν
3905 4456 4041 4516 ἔσω,

762 4554 818 4608 id
851 4563 934 4608 est
983 4555 1112 4608 dum
1148 4554 1203 4608 in
1244 4552 1454 4606 Palatio
1507 4547 1774 4606 llebdomi
1826 4554 2172 4609 niorarclnr,
2224 4556 2344 4617 post
2385 4571 2425 4624 ι)

2385 4571 2425 4624 ι)
2458 4553 2549 4607 ubi
2596 4553 2897 4618 Glossator,
2942 4553 2976 4623 ἢ
3023 4552 3132 4605 ἀπὸ
3180 4550 3525 4618 προαστείου.
3575 4546 3858 4618 Ejusmodi
3913 4555 4046 4600 sunt

764 4647 1138 4704 renuntiatum
1174 4646 1225 4699 in
1257 4643 1561 4714 Augustum
1614 4641 1936 4696 Mauricium
1987 4655 2247 4709 generum
2291 4637 2344 4691 in
2453 4645 2598 4699 villae
2628 4661 2750 4714 qua!
2787 4643 3170 4699 delectationis
3208 4656 3372 4696 causa
3409 4641 3690 4703 coluntur,
3731 4637 3801 4692 de
3833 4637 4047 4706 quibus

767 4739 1077 4801 T-ibunali,
1110 4745 1170 4791 ut
1211 4737 1410 4791 habent
1464 4735 1828 4804 Theophanes
1863 4743 1918 4788 et
1947 4733 2206 4798 Zonaras,
2235 4732 2349 4785 lia‘c
2451 4748 2670 4794 exstant
2692 4740 2901 4807 aliquot
2939 4737 3341 4807 Epigrammata
3367 4736 3420 4788 in
3452 4732 3795 4800 Anthologia,
3829 4730 3934 4784 lib.
3969 4746 4045 4794 Iv,

767 4833 865 4897 ait,
917 4832 1010 4885 ubi
1054 4830 1121 4883 de
1165 4830 1584 4899 inauguratione
1632 4827 1877 4881 Mauricii
1908 4844 1922 4881 :
1951 4825 2193 4894 Φοράδην
2240 4826 2348 4893 γὰρ

2451 4848 2570 4902 cap.
2603 4832 2690 4893 '50,
2724 4841 2780 4886 et
2805 4831 3053 4892 Tullius,
3101 4827 3423 4898 Deliciarum
3475 4841 3636 4879 causa
3671 4834 3719 4877 et
3751 4823 4047 4892 voluptatis

769 4923 955 4992 ἀχθεὶς
985 4925 1012 4975 ὁ
1053 4922 1303 4992 Secti-sb;
1348 4920 1595 4988 Τιϐέριος
1649 4918 1741 4970 ἐπὶ
1788 4917 1888 4988 τὴν
1932 4916 2197 4985 ὕπαιθρον
2243 4917 2349 4966 τῶν

2452 4926 2706 4990 quosdam
2736 4927 2792 4977 in
2826 4925 2990 4978 hortis
3022 4931 3114 4977 aut
3155 4921 3474 4974 suburbanis
3523 4919 3634 4972 suis
3673 4934 3791 4970 cum
3835 4917 4047 4970 mitella

772 5013 1059 5083 βασιλείων
1107 5011 1310 5083 αὐλὴν,
1358 5011 1479 5081 ἣτις
1523 5010 1844 5081 παρή-ιωται
1892 5011 1958 5077 τῇ
2002 5005 2349 5059 πολυστιϐάξι

2451 5028 2547 5071 sua
2579 5017 2832 5070 videmus.
2865 5014 3021 5069 Unde
3053 5012 3107 5067 in
3139 5013 3336 5066 borum
3388 5009 3657 5080 ejusmodi
3690 5009 4050 5062 suburbano-

769 5107 878 5158 τῶν
903 5104 1217 5174 ἀνακτόρων
1243 5102 1412 5174 οξκῖᾳ,
1439 5102 1714 5173 προαυ).ίῳ
1739 5101 2045 5166 περιφανεῖ,
2072 5098 2164 5150 καὶ
2193 5113 2351 5166 περι-

2456 5120 2574 5157 rum
2615 5103 2905 5173 propylaais
2951 5101 3178 5156 Martem
3213 5100 3470 5170 efﬁngere
3504 5099 3756 5152 solebant
3799 5108 4047 5161 veteres,

771 5199 908 5269 εἴξῃ»
937 5197 1014 5268 τῷ
1054 5197 1373 5266 προσκηνῐῳ
1400 5235 1416 5262 ,
1461 5194 1778 5249 Mauricium
1815 5192 2023 5246 scilicet
2058 5189 2352 5258 imperato-

2455 5196 2600 5264 quod
2645 5211 2770 5250 cum
2810 5203 2965 5249 extra
3016 5194 3234 5249 urbium
3289 5201 3472 5248 essent
3519 5191 3742 5252 mmnia,
3797 5190 4049 5246 hostium

774 5303 890 5346 rem
921 5289 1280 5345 renuntiavit.
1310 5287 1440 5354 Quae
1467 5287 1689 5358 quidem
1741 5283 1908 5339 verba
1940 5282 2012 5336 ita
2042 5281 2234 5336 Laline
2265 5296 2353 5335 50°
2457 5297 2708 5355 paterent
2761 5287 3079 5342 incursibus
3107 5327 3121 5351 ,
3174 5301 3300 5340 cum
3349 5285 3561 5338 :rdibus
3617 5284 4054 5339 intramuraneis

773 5389 948 5438 nant:
981 5381 1191 5452 Raptim
1234 5381 1490 5436 adductus
1529 5378 1761 5433 Tiberius
1812 5379 2101 5447 imperator
2142 5376 2196 5428 in
2232 5375 2355 5427 sul-
2457 5378 2754 5432 Minervam
2797 5379 3180 5448 appingerent,
3226 5377 3378 5446 quia,
3416 5376 3594 5445 inquit
3635 5373 3880 5429 lsaacius
3905 5375 4052 5429 Τιθ-

776 5475 918 5530 diale
955 5473 1278 5544 palatiorum
1322 5472 1541 5534 atrium,
1581 5469 1760 5528 militis
1813 5467 2074 5519 constanti
2113 5461 2352 5517 tricliniis

2459 5481 2571 5526 tres
2601 5473 2666 5525 ad
2699 5471 3137 5541 Lycophronem,
3169 5470 3227 5522 ἐν
3255 5471 3372 5531 ταῖς
3408 5468 3592 5520 πόλεσι
3631 5467 3724 5518 καὶ
3751 5469 3873 5529 ταῖς
3907 5467 4053 5519 oin!-

777 5568 1098 5636 palatiorum
1136 5566 1237 5619 α’άί
1285 5565 1615 5628 adiunctum,
1664 5559 1975 5614 uestibulum
2014 5556 2243 5618 illustre,
2279 5555 2355 5609 vi-

2458 5583 2545 5628 αες
2571 5564 2677 5636 χρὴ
2708 5563 3015 5632 συμϐουλῆς
3044 5563 3138 5616 καὶ
3168 5563 3500 5633 φρονήσεως,
3533 5563 3590 5612 ὲν
3630 5563 3742 5621 τοῖς
3786 5560 3949 5621 ἐκτὸς
3992 5559 4051 5613 δὲ

779 5645 1103 5730 sendumque
1173 5659 1522 5728 prosccnium.
1572 5655 1650 5709 Ex
1696 5653 1784 5707 his
1831 5651 2034 5720 quippe
2079 5649 2355 5718 colligitur

2459 5652 2847 5722 (πφςιστείοις,
2896 5660 2953 5704 ut
2984 5667 3046 5706 ea
3079 5667 3242 5720 snpla
3281 5650 3602 5719 appellarat)
3655 5651 3794 5718 ὑπὲρ
3839 5648 4052 5701 τούτων

780 5752 994 5806 Atrium
1025 5753 1079 5807 in
1107 5763 1214 5820 quo
1244 5759 1580 5804 exstructum
1621 5755 1742 5802 crat
1772 5742 2057 5805 Tribunal,
2094 5740 2354 5796 vestibuli

2459 5743 2759 5812 ἀμύνεσθαι
2813 5744 2938 5806 τοὺς
2993 5743 3304 5812 πολεμίους.
3343 5743 3475 5808 Qute
3507 5742 3670 5810 igitur
3702 5741 3826 5794 urbi
3863 5741 4051 5794 vicina

781 5857 956 5903 vcem
1003 5846 1300 5918 praebuisse
1329 5841 1595 5913 adjaccnti
1647 5839 1892 5898 Palatio:
1926 5836 2160 5924 hincque
2194 5835 2356 5891 Pala-

2460 5846 2607 5904 sunt,
2649 5838 2960 5906 προάστεια,
2994 5845 3047 5892 et
3082 5851 3200 5891 esse
3234 5835 3339 5906 πρὸ
3372 5835 3468 5905 τῆς
3503 5834 3710 5898 πόλεως
3738 5832 4048 5889 dicuntur:
