4236 6442
172 464 275 529 405

1480 447 1577 506 DE
1618 444 1988 508 HERDOMO
2024 445 2131 503 ΕΡ.

3330 425 3435 489 ωδ

170 578 450 653 quomodo
504 571 821 645 accipienda
850 580 1068 627 constat
1116 568 1285 624 verba
1344 562 1742 635 Theophylacti

1872 563 2011 624 ἴητε,
2046 561 2137 613 καὶ
2165 561 2212 611 εἰ
2236 559 2293 610 ὲν
2319 557 2465 609 πόλει
2486 558 2623 613 ἐστὶ.
2656 555 2916 623 πρόσοδον
2936 552 2990 604 δε
3012 551 3255 621 παρέχει,
3285 549 3452 601 σουδ-

176 676 518 733 Simocattae,
573 668 672 721 lib.
710 683 784 730 νι,
839 680 940 733 cap
986 679 1046 726 ιι,
1080 676 1205 715 cum
1257 658 1372 713 ait:
1427 658 1507 719 είς
1547 656 1615 707 τὰ
1653 654 1758 723 πρὸ

166 764 262 829 τῆς
310 761 525 820 πτῖλεως
579 768 702 810 nata
752 754 1033 825 παράδοξοι
1082 753 1304 822 τέρατα,
1335 748 1388 803 id
1418 758 1502 803 est
1548 748 1601 801 in
1630 763 1759 816 agro

166 850 607 922 ci~cumjacenti,
639 857 695 903 et
722 849 776 901 in
803 845 1142 907 suburbanis,
1177 851 1237 897 ut
1272 850 1419 895 recte
1472 839 1636 893 vertit
1673 839 1759 891 in-

168 955 406 1012 terpres.
439 942 561 995 Jam
592 955 727 995 vero
763 936 1080 1008 προάστεια,
1109 931 1761 1000 urbi-ConstantinOpoli-

169 1046 327 1097 tanze,
376 1043 547 1102 atque
584 1031 722 1084 adeo
753 1028 884 1098 ipsis
937 1026 1210 1081 mmnibus
1260 1024 1518 1093 adjuncta
1565 1022 1759 1091 palatia

165 1142 363 1180 vocare
442 1125 743 1195 scriptores
807 1121 1135 1192 Byzantinus
1190 1119 1279 1171 vel
1344 1116 1469 1170 inde
1523 1122 1761 1179 constat,

166 1218 311 1286 quod
368 1215 561 1287 Sycas,
605 1230 701 1267 seu
729 1212 972 1267 Calatam
1027 1211 1189 1264 unico
1216 1208 1357 1261 freto
1388 1208 1455 1260 ab
1482 1206 1616 1259 urbe
1648 1208 1766 1258 dis-

162 1322 400 1368 eretam.
455 1309 614 1377 cuius
675 1307 843 1360 etiam
896 1305 1108 1358 decima
1147 1302 1306 1357 tertia
1340 1302 1489 1369 regio
1533 1299 1763 1359 exstitit,

167 1416 229 1453 ac
266 1398 507 1467 proinde
560 1398 709 1451 illius
752 1412 879 1466 pars
928 1396 1049 1459 fuit,
1082 1395 1152 1447 ita
1181 1394 1419 1463 appellet
1472 1392 1765 1447 Chronicon

168 1492 627 1553 Alerandrinum,
685 1505 776 1542 an.
834 1490 853 1540 l
916 1486 1256 1541 Iustiniani:
1301 1494 1357 1541 et
1403 1484 1764 1547 Cosmidiutn,

171 1601 267 1636 seu
318 1584 615 1645 Palatium,
667 1582 732 1636 ad
786 1582 956 1635 tndem
1004 1579 1102 1635 SS.
1155 1578 1365 1634 Cosma:
1403 1589 1459 1633 et
1500 1577 1765 1641 Damiani,

170 1676 321 1743 quod
375 1675 698 1743 Emporium
754 1675 961 1728 dicitur
995 1673 1229 1743 Georgio
1277 1674 1546 1725 monacho
1578 1671 1631 1725 in
1675 1671 1770 1724 Mi-

171 1768 366 1820 chavle
424 1765 715 1834 Theophili
764 1764 895 1827 ﬁlio.
924 1774 979 1818 et
1016 1763 1380 1833 scriptoribus
1436 1762 1638 1817 nostris
1667 1760 1772 1815 Ca-

168 1859 387 1912 stellam
444 1857 754 1921 Boemundi,
788 1867 846 1910 ut
878 1872 978 1911 suo
1007 1856 1130 1911 loco
1174 1855 1486 1918 docuimus,
1514 1854 1581 1909 ad
1615 1854 1768 1908 littus
1806 1895 1844 1951 Β

166 1948 424 2015 ejusdem
478 1946 719 2001 Ceratini
771 1948 951 2008 sinus.
1005 1949 1261 2017 ipsosque
1314 1961 1501 2001 muros
1557 1946 1768 1999 mariti-

168 2055 314 2101 mos,
355 2037 591 2106 proinde
642 2037 762 2091 urbi
798 2038 1140 2108 contiguum,
1178 2037 1501 2105 προάστειον
1541 2037 1769 2105 perinde

166 2145 196 2184 ιι
226 2131 506 2199 Symeone
556 2130 834 2198 logotheta
862 2131 914 2182 in
951 2129 1145 2183 eodem
1201 2128 1463 2181 Michaele
1498 2144 1552 2180 n.
1586 2128 1651 2182 l3
1677 2143 1772 2196 ap-

170 2222 437 2289 pelletur.
473 2221 564 2276 Sic
595 2222 760 2276 etiam
808 2221 1076 2276 Palatium
1127 2221 1405 2291 Peganum
1437 2219 1504 2273 ad
1555 2227 1769 2287 portam

169 2312 461 2377 Auream,
520 2313 684 2381 eique
731 2313 1055 2368 continuum
1120 2327 1149 2366 a
1231 2313 1501 2365 Cinname
1555 2312 1653 2366 lih.
1715 2326 1770 2376 ιι,

171 2419 229 2456 ιι.
266 2405 331 2457 l7
362 2401 694 2473 appellatur,
748 2419 873 2458 cum
921 2404 1000 2458 ait
1035 2400 1375 2458 Ludovicum
1412 2402 1501 2457 VII
1537 2402 1771 2456 Franco-

172 2510 299 2547 rum
331 2511 543 2565 regem,
570 2496 807 2550 salutato
842 2496 1089 2551 Manuele
1121 2497 1452 2566 imperatore
1486 2493 1539 2549 in
1580 2495 1774 2564 Magno

175 2587 415 2649 Palatio,
447 2589 526 2650 είς
549 2589 894 2656 προάστειον,
924 2589 952 2640 ὃ
975 2588 1297 2641 Φιλοπάτιον
1326 2585 1640 2656 ὠνόμασται
1663 2590 1776 2650 τοῖς

173 2678 422 2740 novak,
470 2678 831 2732 concessisse.
884 2678 1073 2749 Neque
1107 2679 1255 2731 enim
1309 2678 1456 2732 aliud
1485 2688 1569 2733 est
1595 2679 1778 2733 Philo-

173 2768 396 2834 patium
427 2783 454 2821 a
487 2768 698 2822 Palatio
744 2770 982 2840 Pegano,
1024 2769 1171 2837 quod
1208 2770 1457 2839 pluribus
1486 2770 1619 2824 alias
1653 2785 1778 2840 pro-

174 2857 458 2922 bavimus,
522 2870 634 2916 tum
682 2862 735 2915 in
764 2861 922 2916 Notis
950 2861 1017 2916 ad
1049 2861 1514 2927 Villharduinum,
1562 2872 1677 2916 tum
1719 2862 1775 2916 in

174 2961 370 3005 nostra
411 2951 894 3022 Constantinopoli.
932 2952 1079 3008 Idem
1112 2969 1244 3008 vero
1272 2954 1574 3009 Cinnamus
1599 2970 1655 3009 ιι.
1685 2954 1774 3019 Η,

177 3043 316 3095 illud
352 3045 533 3111 ipsum
567 3043 831 3098 Palatium
860 3046 921 3098 τὸ
942 3046 1280 3116 καταντικρὺ
1318 3047 1543 3115 τειχέων
1570 3046 1779 3114 βασιλιο

180 3133 279 3184 κ²ν
334 3134 663 3203 ἐνδιαίτημα
712 3146 891 3191 vocat.
940 3135 1058 3191 Non
1116 3137 1284 3205 igitur
1347 3137 1645 3192 contendat
1691 3137 1777 3192 vir

1861 652 2122 721 ουρϐἁνον
2158 649 2394 714 λέγεται*
2423 646 2515 700 καὶ
2538 646 2641 712 ἔξω
2662 644 2719 696 δὲ
2753 643 2961 702 πόλεως
2983 642 3031 693 εἰ
3051 638 3216 702 ἔστιν,
3246 641 3451 706 dapes-

1861 743 2073 797 ὁδευτον
2115 742 2171 795 δέ
2212 743 2330 793 ἐστι
2362 738 2421 790 τὸ
2463 739 2689 806 οἴκημα,
2740 734 2874 803 πρὸς
2910 732 3094 801 τέρψιν
3125 731 3284 801 μόνον
3316 746 3449 782 κατ-

1864 835 2259 901 εσκευασμένη
2323 831 2562 897 λέγεται.
2615 828 2709 882 Vel
2761 826 2888 879 inde
2951 832 3100 893 patet
3148 821 3455 875 suburbana

1865 931 2007 984 intra
2038 929 2211 996 ipsam
2248 925 2439 977 urbem
2501 920 2798 984 exstitisse,
2837 917 3179 987 proindequc
3209 930 3316 968 non
3349 913 3452 966 mi-

1866 1038 1987 1076 rum
2023 1020 2067 1074 si
2105 1033 2226 1088 qua:
2277 1016 2408 1085 ipsis
2452 1022 2606 1068 extra
2668 1010 2942 1064 moenibus
2988 1006 3245 1077 adjuncta
3297 1011 3459 1059 erant

1867 1114 2114 1169 eamdem
2167 1107 2632 1164 nomenclaturam
2698 1100 3063 1157 obtinuerint.
3118 1098 3295 1166 Atque
3346 1096 3453 1149 hac

1868 1206 2093 1276 quidem
2134 1202 2381 1261 notione,
2424 1198 2476 1251 id
2515 1206 2598 1251 est
2630 1209 2729 1265 pro
2758 1193 3093 1247 suburbanis
3130 1192 3459 1244 intramura-

1870 1298 2009 1359 ncis,
2055 1296 2354 1362 προὲστεια
2399 1289 2636 1358 appellat
2668 1284 2964 1341 concilium
2997 1282 3455 1348 Constantinopo—

1871 1391 2101 1444 litanum
2154 1385 2256 1439 sub
2291 1383 2465 1441 Mena,
2518 1388 2626 1434 aet.
2673 1395 2753 1441 Ill,
2806 1377 2896 1431 ubi
2949 1376 3017 1429 de
3062 1373 3458 1446 perquisitione

1872 1474 2149 1535 Anthemii
2194 1475 2245 1528 in
2281 1475 2415 1528 urbe
2464 1472 2606 1525 facta
2656 1469 2855 1537 agitur,
2909 1475 2967 1521 et
3017 1463 3312 1534 episcopis,
3365 1461 3458 1530 qui

1871 1587 1899 1625 a
1936 1568 2187 1623 Pati-ibus
2236 1563 2454 1618 concilii
2489 1561 2557 1614 ad
2594 1560 2695 1613 hoc
2726 1557 2877 1612 missi
2912 1556 3132 1610 fuerant
3162 1571 3174 1607 :
3209 1554 3461 1619 Ἐφησαν

1872 1662 1929 1714 δὲ
1957 1660 2282 1727 προάστειον
2332 1655 2495 1708 αὐτὸν
2527 1653 2674 1721 ἔχειν
2713 1650 2939 1721 πλησίον
2974 1647 3068 1700 τοῦ
3106 1648 3456 1714 προφητείαν,

1873 1756 1931 1805 ἐν
1978 1744 2022 1818 ᾧ
2071 1750 2458 1817 συνεχέστερον
2510 1744 2796 1813 εὑρίσκετο
2844 1740 3040 1794 ἀπιών.
3094 1736 3460 1804 Propheteum

1875 1857 2056 1900 autem
2106 1842 2252 1897 istud
2312 1840 2449 1894 infra
2480 1837 2537 1892 S.
2569 1838 2720 1891 Isaiae
2769 1834 3078 1903 appellatur
3108 1846 3120 1882 :
3157 1830 3281 1881 Ὀτι
3304 1827 3463 1896 ῐσμεν

1874 1938 2033 1992 αὐτὸν
2058 1938 2248 2007 ἔχοντα.
2288 1932 2611 2000 προάστειον
2635 1928 2861 1996 πλησίον
2884 1924 2979 1978 τοῦ
3012 1921 3343 1994 προφητείου
3366 1919 3462 1970 τοῦ

1887 2031 2070 2098 Ἀγίου
2113 2026 2361 2080 Ἡσαΐου.
2394 2020 2631 2077 Rursum
2661 2039 2673 2072 :
2709 2017 3132 2087 ιιαρεγενόμεοα
3164 2015 3258 2066 καὶ
3301 2014 3357 2065 ὲν
3385 2012 3462 2080 τῷ

1876 2122 2182 2192 προαστείῳ
2215 2119 2293 2189 τῷ
2349 2117 2661 2186 διαφέροντι
2701 2114 2777 2183 τῷ
2814 2111 2961 2177 αὐτῷ
3012 2109 3203 2178 Πέτρῳ
3236 2102 3465 2173 πλησίον

1873 2216 1986 2267 ὄντι
2015 2212 2108 2266 τοῦ
2138 2212 2426 2280 εὐκτηρίου
2448 2208 2600 2261 οἴκου
2630 2204 2724 2257 τοῦ
2755 2203 2909 2270 ἁγίου
2932 2202 3208 2271 μάρτυρος
3225 2197 3462 2266 Θύρσου.

1878 2305 2122 2373 Denique
2152 2318 2165 2353 :
2203 2300 2469 2354 Κάκεῖθεν
2521 2295 2967 2366 παραγενόμενος
2998 2294 3057 2344 ὲν
3083 2290 3160 2359 τῷ
3188 2288 3468 2357 εὐκτηρίῳ

1877 2399 1970 2451 τυῧ
2009 2398 2164 2464 ἁγίου
2198 2394 2473 2464 μάρτυρος
2495 2390 2730 2460 Θύρσου,
2765 2388 3010 2456 ἔγνωμεν
3036 2384 3111 2447 ὡς
3136 2381 3465 2450 προάστειον

1879 2491 2108 2560 πλησίον
2182 2487 2452 2540 διάκειται
2521 2484 2729 2553 Πέτρου
2796 2478 2893 2533 τοῦ
2967 2493 3099 2530 ποτε
3153 2475 3251 2541 τῆς
3295 2473 3464 2525 ’Δπαο

1881 2583 2026 2651 μέων
2076 2579 2419 2640 ἐπισκόπου,
2501 2583 2610 2629 etc.
2658 2575 2749 2628 Eze
2815 2585 2982 2642 porro
3033 2569 3127 2622 hic
3175 2563 3465 2620 recensita

1877 2672 2124 2729 ecclesiae
2161 2671 2305 2724 intra
2377 2668 2533 2723 urbis
2584 2663 3206 2733 Constantinopolitana
3274 2670 3467 2713 muros

1877 2763 2159 2819 :ediﬁcatze
2214 2769 2394 2824 erant,
2444 2760 2512 2814 de
2560 2760 2737 2826 iisque
2792 2765 2877 2812 sat
2926 2752 3118 2808 multis
3165 2750 3379 2821 egimus
3408 2750 3465 2803 in

1878 2864 2066 2910 nostra
2102 2850 2581 2922 Constantinopoli,
2630 2850 2774 2904 libro
2802 2862 2876 2902 tv.
2908 2846 3097 2915 Neque
3136 2843 3283 2898 enim
3310 2849 3466 2896 extra

1882 2946 2076 3000 urbem
2116 2942 2272 2996 missi
2305 2940 2574 3012 episcopi,
2619 2956 2730 3010 quo
2774 2938 3131 2994 Anthemium
3161 2944 3216 2988 et
3244 2934 3466 2988 Petrum

1878 3037 2276 3106 Apameensem
2327 3034 2757 3103 perquirerent,
2814 3046 2937 3085 cum
2985 3028 3037 3083 id
3089 3043 3198 3081 non
3246 3025 3467 3094 exigant

1879 3142 2139 3190 canones,
2164 3125 2260 3180 sed
2288 3126 2343 3179 in
2385 3125 2501 3179 suis
2527 3114 2771 3193 ipsorum
2822 3122 2965 3176 intra
2998 3119 3189 3174 urbem
3228 3116 3466 3175 sedibus.

178 3224 382 3278 ductus
431 3227 749 3281 suburbana
783 3228 960 3282 solum
1015 3203 1279 3297 appellari
1313 3244 1432 3298 qua:
1462 3230 1681 3298 longius
1709 3229 1777 3283 ab
1804 3230 1846 3287 C
1882 3219 1975 3274 ubi
2025 3218 2279 3272 babilare
2331 3215 2605 3271 SOlebam-
2654 3213 2799 3280 Quin
2850 3211 3018 3267 etiam
3053 3209 3122 3263 de
3150 3203 3469 3277 ιιυὶυεπηοάί

174 3317 319 3370 urbe
346 3315 582 3381 distant,
614 3318 698 3373 vel
730 3320 930 3388 praedia
984 3320 1197 3374 deliciis
1224 3330 1281 3375 et
1312 3322 1576 3391 voluptati
1618 3322 1775 3376 addi-

174 3418 289 3471 τιτι,
322 3409 792 3476 quemadmodum
820 3409 1060 3464 Siciliam
1092 3411 1283 3480 populo
1310 3410 1547 3464 Romano
1570 3412 1775 3479 jucun-

174 3497 305 3548 dam
340 3498 805 3553 subnrbanitatem
853 3500 1021 3556 fuisse
1066 3501 1205 3554 dixit
1250 3501 1444 3556 Cicero
1475 3518 1527 3555 IV
1555 3502 1607 3555 in
1640 3503 1776 3558 Ver-

177 3603 294 3641 rem
324 3605 339 3640 :
366 3604 475 3657 qua
506 3589 726 3657 quidem
750 3607 883 3645 voce
914 3608 1047 3647 usus
1072 3595 1237 3648 etiam
1265 3595 1547 3659 Sidonius,
1575 3597 1668 3649 lib.
1695 3612 1774 3657 ιιι.

176 3679 344 3748 epist.
386 3680 409 3731 1
450 3698 463 3733 :
504 3680 792 3736 Ecclesium
823 3686 1045 3738 Arverni
1081 3686 1428 3755 municipioli,
1464 3688 1548 3739 cui
1574 3702 1779 3756 prazpo-

177 3775 314 3823 sitns
349 3772 450 3825 etsi
482 3775 771 3829 immeritus
809 3778 1022 3842 videor,
1080 3789 1470 3848 peropportuna
1520 3779 1780 3834 oblatione

179 3864 580 3931 locupletando,
618 3869 768 3936 cujus
802 3871 1115 3937 possessioni
1153 3870 1444 3938 plurimum
1479 3871 1777 3937 contulisti,

180 3953 562 4009 Cuticiacensis
593 3960 780 4024 prtedii
802 3963 1224 4025 suburbanitate,
1254 3980 1357 4016 non
1383 3964 1555 4016 minus
1587 3969 1780 4017 nostrw

184 4050 533 4117 possessionis
571 4050 961 4119 fraternitatem
994 4053 1095 4106 loci
1144 4056 1483 4119 proximitate
1532 4055 1780 4124 dignatus

182 4142 384 4192 ditare.
426 4139 741 4194 Proximum
768 4143 933 4214 igitur
972 4144 1095 4198 urbi
1133 4145 1392 4199 Arverna:
1419 4144 1519 4199 fuit
1543 4145 1783 4202 Cuticia-

181 4248 356 4285 cense
394 4233 681 4299 praedium.

256 4320 454 4374 XVIII.
491 4322 679 4391 Neque
710 4337 842 4376 vero
878 4324 1123 4393 proxima
1160 4325 1424 4379 duntaxat
1465 4326 1784 4380 civitatibus

191 4419 335 4476 loca,
378 4414 461 4466 vel
504 4415 726 4482 praedia,
766 4424 860 4468 aut
912 4417 1111 4483 palatia
1174 4416 1514 4485 προαστείων
1561 4418 1784 4471 nomine

186 4507 422 4566 donata,
471 4505 565 4558 sed
617 4507 782 4559 etiam
844 4505 991 4560 intra
1031 4508 1201 4576 ipsam
1250 4507 1464 4571 urbem,
1516 4523 1581 4561 ac
1617 4509 1668 4560 in
1702 4523 1786 4561 re-

1878 3310 2311 3368 intramuraneis
2368 3307 2709 3363 suburbanis
2787 3301 3179 3373 intelligendus
3246 3298 3467 3353 videtur

1879 3408 2266 3475 Thmphanes,
2319 3419 2409 3457 an.
2461 3402 2532 3455 22
2587 3397 2885 3459 Anastasii,
2942 3396 3035 3464 qui
3090 3393 3145 3446 in
3194 3390 3474 3445 seditione

1879 3510 1997 3554 orta
2029 3494 2526 3564 Constantinopoli,
2563 3492 2702 3562 luga:
2728 3505 2786 3546 se
2813 3489 2986 3548 dedit,
3014 3480 3463 3564 ὥστεδκρυὸἦναι

1879 3592 1936 3644 ὲν
1969 3587 2275 3657 προαστείῳ
2323 3587 2489 3652 ἐγγὺς
2535 3581 2876 3651 Βλαχερνῶν.
2924 3578 3050 3632 Sive
3078 3572 3224 3628 enim
3255 3572 3466 3627 Subur-

1883 3682 2086 3735 bannm
2129 3680 2272 3732 istud
2305 3676 2444 3729 intra
2474 3683 2569 3728 aut
2593 3682 2745 3728 extra
2798 3670 2991 3723 urbem
3039 3665 3227 3728 fuerit,
3271 3663 3466 3717 saltem

1880 3771 2280 3825 Blacherniano
2329 3765 2557 3831 Palatio,
2601 3763 2748 3834 quod
2785 3763 2928 3816 intra
2978 3759 3168 3813 urbem
3218 3763 3466 3825 postmo-

1882 3865 2013 3919 dum
2046 3863 2317 3917 inclusum
2350 3858 2454 3913 fuit
2484 3857 2736 3912 Heraclio
2778 3856 3105 3923 imperante,
3159 3848 3469 3915 proximum

1883 3957 2052 4010 fuisse
2102 3952 2395 4007 dicendum
2426 3958 2529 4004 est.
2573 3948 2774 4004 Verum
2804 3945 2933 4015 quis
2961 3934 3468 4007 dissertatoﬁ.con-

1885 4047 2044 4101 cedat
2093 4044 2315 4098 Petrum
2368 4041 2611 4113 Gyllium
2655 4038 2770 4093 sola
2824 4034 3111 4105 agnovisse
3152 4016 3469 4113 suburbana

1888 4154 2008 4208 qua:
2066 4137 2189 4189 urbi
2218 4134 2470 4211 contigua
2518 4142 2669 4195 sunt,
2696 4138 2752 4185 et
2781 4129 3059 4198 ignorasse
3093 4123 3167 4177 ita
3201 4093 3463 4190 appeilari

1886 4245 2007 4299 qua:
2032 4230 2241 4298 aliquot
2263 4220 2511 4299 ibillibus
2534 4226 2603 4279 ab
2632 4240 2697 4279 ea
2722 4225 2931 4277 distant
2960 4238 2973 4272 :
3006 4217 3161 4288 quasi
3193 4231 3324 4270 vero
3348 4215 3462 4268 sin-

1886 4320 2090 4389 gularis
2138 4306 2362 4396 omnin?)
2414 4315 2746 4370 eruditionis
2790 4310 3066 4380 scriptori,
3100 4317 3156 4363 et
3197 4319 3361 4376 quem
3398 4318 3466 4357 eo

1891 4414 2107 4465 nomine
2159 4402 2389 4465 summis
2424 4409 2682 4463 laudibus
2711 4423 2818 4461 non
2855 4404 3021 4459 semel
3071 4397 3465 4457 cxtollitJaco—

1889 4509 1992 4560 bus
2033 4504 2306 4573 Cujacius,
2344 4483 2528 4570 ignota
2567 4500 2771 4554 fuerint
2822 4512 2943 4567 qua
2993 4494 3150 4565 pueri
3197 4493 3380 4546 sciunt
3409 4490 3464 4543 in

187 4596 527 4651 motioribus
576 4606 632 4649 et
678 4597 743 4650 ad
798 4599 947 4666 ipsos
996 4614 1184 4652 muros
1235 4598 1479 4667 partibus
1511 4640 1526 4663 ,
1573 4599 1780 4669 quzevis
1814 4612 1854 4665 ς)
1886 4598 2131 4653 scholis:
2166 4596 2262 4650 sed
2303 4597 2348 4649 is
2373 4594 2533 4650 scivit
2569 4593 2717 4663 quod
2775 4592 3095 4660 ignoravere
3146 4586 3261 4647 alii,
3296 4579 3469 4648 προά-

184 4708 233 4747 :c
258 4693 336 4744 lcs
371 4693 584 4759 amplos
631 4692 820 4746 hortos
857 4693 1120 4746 habentes
1165 4690 1546 4745 delectationis
1580 4690 1774 4759 gratia,

187 4795 246 4837 ut
284 4791 417 4836 sunt
464 4783 647 4846 hodie,
708 4799 848 4852 quas
904 4793 1122 4845 vocant,
1190 4782 1365 4836 Vinea:
1403 4784 1543 4837 intra
1588 4782 1775 4836 urbem

189 4876 234 4929 ll
264 4891 452 4939 :mam,
500 4890 622 4943 quae
667 4875 1007 4945 προαστείων
1057 4876 1178 4928 vice
1220 4886 1347 4927 sunt
1384 4874 1727 4942 tnagnatibns
1762 4892 1774 4927 :

189 4985 319 5020 cum
352 4968 427 5020 ita
459 4968 831 5035 appellentur,
852 4968 997 5035 quod
1032 4983 1218 5019 revera
1252 4967 1441 5036 primis
1469 4967 1780 5034 reipublicze

190 5076 255 5113 ac
290 5059 508 5128 imperii
558 5058 788 5113 Romani
826 5060 1162 5127 temporibus
1218 5060 1359 5112 intra
1398 5058 1562 5111 urbes
1611 5058 1781 5111 vineae

191 5154 539 5213 colerentur,
580 5151 725 5220 quod
783 5152 1024 5206 vetuisse
1086 5151 1456 5204 Domitianum
1509 5150 1778 5203 scribunt.

189 5244 359 5307 Nam,
395 5244 546 5295 utait
576 5243 657 5295 lex
689 5242 720 5294 6
751 5241 968 5296 Codde
986 5243 1151 5311 praui.
1181 5253 1237 5296 et
1268 5243 1487 5305 al.reb.,
1520 5242 1781 5293 l’ra'alium

194 5338 454 5389 rusticum
493 5335 570 5387 rel
613 5336 971 5389 suburbanum
1008 5340 1074 5389 ab
1112 5335 1325 5388 urbanis
1366 5352 1469 5387 non
1521 5333 1648 5395 loco,
1694 5335 1782 5385 sed

196 5426 466 5494 qualitate
493 5425 828 5477 discernitur.
860 5424 992 5491 Quae
1025 5425 1252 5479 totidem
1285 5426 1468 5477 verbis
1512 5425 1783 5477 habentur

195 5520 251 5570 in
308 5518 407 5571 lib.
440 5533 641 5569 xxxviii
692 5517 912 5570 Basilio.
961 5518 1025 5571 tit
1074 5519 1128 5583 ξι,
1161 5534 1278 5586 cap.
1312 5518 1379 5571 ’57
1410 5536 1421 5570 :
1458 5518 1785 5586 Προάστειον

196 5612 308 5663 ἀπ’)
362 5609 457 5661 τοῦ
506 5608 787 5662 πολιτικοῦ
828 5613 1124 5679 οἰκήματος
1173 5612 1268 5679 οὔχ
1300 5612 1326 5661 ὁ
1356 5610 1538 5673 τόπος,
1602 5609 1782 5679 ἀλλ’ἢ

197 5700 428 5767 ποιότης
480 5700 719 5768 χωρίζει.
762 5701 861 5757 Ubi
923 5702 1299 5756 Scholiastcs:
1336 5702 1408 5753 Τὸ
1439 5702 1781 5771 προάστειον,

199 5792 359 5857 φασὶ,
389 5791 682 5858 χωρίζεται
706 5791 813 5843 ἀπὸ
841 5791 940 5860 τῆς
967 5791 1060 5843 τοῦ
1091 5793 1254 5844 τόπου
1295 5790 1513 5851 θέσεως,
1540 5789 1619 5839 ὅτι
1655 5787 1781 5855 ἐξῴ-

204 5898 391 5936 κισται
424 5881 523 5952 τῆς
557 5882 779 5949 πόλεως,
820 5882 931 5937 ἀλλ’
964 5885 1025 5938 ἐκ
1053 5882 1145 5937 τοῦ
1203 5882 1488 5952 προσέχειν
1531 5878 1781 5950 πάροδον,

1884 4708 2035 4743 στεια
2064 4704 2170 4742 non
2200 4688 2363 4741 modo
2403 4688 2527 4740 urbi
2558 4685 2843 4747 continua,
2887 4692 3123 4750 quorum
3165 4692 3275 4746 prae
3305 4681 3466 4728 caete-

1882 4784 1958 4837 ris
2016 4780 2266 4836 meminit
2308 4780 2548 4833 Joannes
2595 4777 2944 4831 Biclariensis
2979 4814 2993 4837 ,
3030 4770 3177 4827 an.‘l
3227 4765 3462 4829 Tiberii,

1882 4875 1974 4929 sed
2004 4875 2164 4927 etiam
2188 4889 2307 4941 quae
2342 4873 2395 4924 in
2428 4873 2542 4941 ipsa
2564 4871 2697 4923 urbe
2717 4877 2843 4921 sunt
2867 4866 3142 4919 interdum
3170 4858 3458 4929 appellari.

1955 4966 2093 5021 XIX.
2145 4965 2262 5020 Jam
2318 4981 2449 5017 vero
2503 4978 2625 5016 cuin
2672 4960 3033 5021 llebdoinum,
3082 4972 3178 5010 seu
3225 4954 3465 5021 Campus

1887 5055 2175 5119 licbdomi,
2228 5055 2440 5123 amplus
2495 5060 2640 5106 esset
2692 5065 2842 5119 ager,
2878 5056 2935 5101 ul
2969 5047 3062 5115 qui
3095 5046 3166 5099 ab
3216 5044 3349 5097 urbe
3393 5039 3461 5093 ad

1885 5149 2177 5217 septimum
2231 5160 2404 5213 usque
2456 5143 2696 5212 lapidem
2750 5140 3119 5211 pertingeret,
3174 5134 3348 5196 varia,
3401 5142 3463 5186 ut

1885 5241 2145 5300 diximus,
2196 5238 2249 5290 in
2293 5252 2361 5291 eo
2413 5237 2674 5290 exstitere
2737 5231 2967 5287 aedilicia
3012 5238 3069 5283 et
3122 5224 3459 5281 suburbana.

1886 5348 2006 5399 quae
2035 5332 2088 5383 in
2118 5328 2399 5382 Hebdomo
2452 5326 2686 5380 excitata
2718 5338 2840 5377 esse
2885 5321 3146 5375 dicuntur
3169 5332 3199 5370 a
3227 5315 3463 5382 scripto-

1887 5423 2060 5484 ribus,
2113 5437 2220 5474 non
2270 5419 2509 5473 indicato
2537 5418 2650 5471 fere
2692 5430 2907 5485 semper
2955 5426 3148 5467 eorum
3196 5406 3461 5477 peculiari

1887 5515 2019 5571 situ,
2060 5522 2113 5565 ct
2144 5528 2212 5565 an
2266 5512 2410 5575 urbi,
2463 5510 2544 5564 vel
2594 5525 2663 5563 an
2715 5507 2952 5577 septimo
2998 5502 3166 5573 lapidi
3214 5500 3460 5569 proxima

1886 5604 2111 5657 fuerint.
2160 5602 2292 5655 Nam
2346 5609 2544 5671 ιιι-αξιοι·
2581 5597 2843 5653 Tribunal
2866 5606 2922 5650 et
2950 5595 3266 5664 adjunctum
3311 5589 3458 5646 Con-

1887 5692 2312 5746 stantinianeum
2374 5690 2673 5754 Palatium,
2730 5688 2798 5743 de
2851 5688 3051 5756 quibus
3105 5684 3339 5753 egimus.
3399 5687 3463 5733 ut

1888 5784 2135 5836 omittam
2162 5783 2325 5836 etiam
2369 5782 2664 5837 Castellum
2708 5780 3174 5839 Theodosianum,
3224 5773 3369 5843 quod
3403 5774 3457 5825 in

1890 5875 2172 5932 Hebdomo
2198 5875 2788 5944 statuit'l‘heophancs,
2819 5890 2905 5928 an.
2940 5873 2967 5926 ’ἶ
2992 5870 3187 5925 l‘hoca‘.
3222 5867 3455 5939 legimus
