4236 6442
773 389 870 454 tm

1829 406 2312 476 DlSQUlSlTlO
2352 408 2938 472 'l‘OPOGllAPHILA.

3929 415 4041 478 ἆυ*

765 506 908 574 apud
938 507 1289 580 Procopium,
1319 513 1451 567 l.b.i
1481 513 1557 569 De
1583 517 1772 586 a'diﬁc.
1804 516 2118 580 Justim‘ani,
2145 531 2268 584 cap.
2291 517 2344 584 4,
2382 540 2420 590 Α
2453 520 2645 583 tidem,
2674 521 2767 575 sed
2795 521 2862 574 ad
2892 522 3074 576 siimm
3095 522 3414 577 Ceratinum
3446 521 3722 578 exstitisse
3750 532 3832 577 sat
3864 525 4009 593 plurl
4029 556 4045 564 -

761 599 1085 658 :edilicatam
1109 607 1176 660 ab
1208 608 1400 663 eodem
1423 609 1668 683 Augusto
1694 611 1751 666 S.
1777 612 2073 668 Theodota:
2094 612 2266 667 aedem
2287 614 2344 664 ἐν

759 695 1077 767 προαστείῳ
1109 698 1183 767 τῷ
1209 699 1533 774 καλουμένῳ
1571 704 1817 776 Ἑϐδόμῳ
1843 722 1856 758 :
1887 707 2049 760 aliam
2081 713 2344 775 praeterea

762 782 824 840 S.
848 783 1078 843 Joannis
1125 788 1382 860 Baptista:
1408 797 1467 847 ὲν
1496 795 1572 866 τῷ
1627 797 1874 868 Ἑϐδόμῳ
1917 797 2255 868 καλουμένῳ,
2290 807 2346 854 et

761 874 924 928 aliam
976 877 1216 948 denique
1262 884 1315 937 in
1342 886 1537 940 eodem
1593 887 1875 944 Hebdomo
1925 889 2020 946 SS.
2073 889 2246 945 Mena:
2289 901 2347 945 ct

760 962 968 1022 Memno
995 975 1334 1042 martyribus
1385 976 1648 1034 dicatam.
1695 976 1852 1048 Quod
1881 998 2010 1036 vero
2039 990 2252 1053 spectat
2276 983 2344 1036 ad

756 1060 1049 1116 ecclesiam
1107 1063 1164 1119 S.
1217 1067 1599 1136 Prmcursoris,
1647 1077 1780 1142 quin
1826 1074 1917 1128 illa
1962 1074 2054 1140 sit,
2105 1090 2266 1144 quam
2314 1090 2342 1128 a

757 1149 1075 1210 Theodosio
1123 1156 1194 1212 Μ.
1247 1159 1572 1216 aediﬁcatam
1627 1167 1850 1220 tradunt
1906 1168 2241 1238 scriptorcs.
2289 1179 2346 1222 et

755 1258 920 1312 quam
949 1247 1292 1305 Justinianus
1331 1253 1744 1323 instauravcrit,
1774 1260 2030 1316 dubitare
2054 1275 2161 1315 non
2195 1260 2341 1328 licet,

756 1349 880 1400 quae
913 1339 1050 1407 μονὴ
1085 1341 1178 1392 τοῦ
1219 1341 1482 1412 Ἐὅιῖὸμου
1531 1349 1736 1404 dicitur
1760 1350 2009 1423 Scylitzze
2035 1363 2092 1407 et
2115 1351 2344 1407 Zonara:

755 1425 811 1478 in
847 1425 1056 1492 Alexio.
1089 1443 1144 1485 et
1177 1432 1445 1504 Ἕϐδομον
1489 1440 1636 1495 nude
1669 1442 1723 1496 in
1760 1445 1881 1498 Vita
1929 1444 2188 1498 Ausentii
2241 1443 2344 1498 sub

754 1520 973 1578 initium
999 1541 1012 1578 :
1039 1542 1204 1596 quam
1231 1528 1572 1586 Sozomenus
1600 1533 1696 1588 lib.
1734 1549 1829 1599 vn,
1865 1549 1988 1604 cap.
2018 1535 2079 1587 2|
2119 1533 2224 1603 πρὸ
2250 1533 2344 1586 τοῦ

753 1615 984 1680 ἄστεως,
1019 1619 1164 1676 idem
1201 1639 1322 1692 cap.
1355 1624 1423 1679 26
1457 1628 1514 1678 ἐν
1551 1626 1799 1697 Ἑϐδόμῳ
1831 1629 2020 1698 μιλέῳ,·
2049 1628 2343 1689 ϐΙμ-οηὶευιι

754 1707 1184 1766 Alexandrinum
1215 1729 1305 1769 an.
1333 1716 1401 1772 l3
1425 1717 1719 1774 TheodOsii
1774 1719 1845 1773 Μ.
1879 1721 1937 1773 ἐν
1959 1721 2038 1790 τῷ
2067 1720 2346 1790 λεγομένῳ

764 1802 1018 1874 Ἑϐδόμῳ
1055 1809 1705 1880 Κωνσταντινουπόλεως,
1734 1815 2079 1886 Nicephorus
2105 1816 2344 1884 denique

2449 611 2551 667 bus
2587 628 2753 682 supra
2777 613 3157 685 probavimus.

2519 705 2637 759 XX.
2681 706 2980 761 Praeallatis
3024 724 3154 761 vero
3205 722 3312 763 non
3370 710 3551 763 obstat
3592 711 3738 780 quod
3783 710 4050 764 Socrates

2448 796 2542 850 lib.
2571 813 2647 862 vr,
2693 812 2816 868 cap.
2844 797 2897 860 6,
2927 797 2986 852 8.
3013 798 3299 854 Prodromi
3351 801 3672 872 Μαρτύριον
3717 810 3929 871 septem
3975 801 4048 852 ab

2449 887 2587 942 urbe
2651 886 2980 945 milliaribus
3022 889 3279 945 dissitum
3351 893 3577 957 scribat,
3633 893 3785 948 hisce
3832 893 4048 956 verbis,

2459 980 2630 1035 Ἑπτὰ
2670 981 2725 1035 δὲ
2771 983 3022 1052 σημείοις
3068 982 3225 1037 τοῦτο
3289 984 3496 1056 ἀπέχον
3548 985 3645 1055 τῆς
3694 986 3926 1040 πόλεως.
3981 987 4047 1039 Et

2446 1089 2569 1142 cap.
2601 1073 2708 1128 lli:
2743 1073 2964 1144 Ἀπέχει
2997 1074 3054 1127 δὲ
3077 1073 3234 1127 τοῦτο
3263 1075 3402 1128 ἑπτὰ
3435 1077 3637 1144 σημεῖα
3670 1076 3769 1144 τῆς
3804 1077 4042 1136 πόλεως.

2447 1164 2573 1219 llaec
2610 1166 2757 1219 enim
2809 1166 3189 1238 intelligenda,
3222 1182 3330 1222 non
3356 1166 3425 1222 de
3453 1168 3718 1239 martyrio
3767 1169 3910 1237 ipso,
3945 1169 4044 1222 sed

2445 1258 2514 1312 de
2544 1259 2923 1314 llebdomiano
2974 1277 3191 1331 campo,
3224 1261 3316 1324 qui
3366 1277 3556 1315 revera
3612 1261 3772 1316 initio
3815 1274 4045 1331 sumpto

2446 1369 2474 1406 a
2503 1353 2738 1422 septimo
2786 1353 2964 1424 lapide
2993 1353 3062 1408 ab
3095 1354 3288 1432 urbem
3337 1356 3672 1423 pertinente,
3724 1367 3935 1422 septem
3977 1356 4046 1407 ab

2447 1462 2509 1500 ea
2540 1444 2875 1500 milliaribus
2922 1444 3150 1500 dissitus
3185 1445 3309 1500 fuit.
3359 1445 3702 1499 llebdomum
3747 1447 3915 1516 igitur
3945 1462 4048 1496 vo-

2447 1539 2672 1591 cabatur
2699 1537 2815 1590 haec
2841 1517 3008 1601 aedes,
3035 1537 3184 1607 quod
3212 1539 3266 1592 in
3295 1537 3579 1591 Hebdomo
3604 1538 3840 1591 excitata
3871 1548 4044 1595 esset,

2449 1628 2552 1682 hoc
2597 1636 2682 1682 est
2721 1627 2776 1681 in
2813 1643 3009 1698 campo
3050 1624 3181 1682 Urbi
3227 1627 3499 1698 proximo,
3547 1637 3605 1680 ut
3629 1635 3687 1680 et
3714 1627 3820 1680 alia
3857 1627 4044 1679 cidem

2446 1719 2550 1771 a>di
2583 1719 2863 1783 adjuncta,
2897 1717 2955 1772 S.
2982 1718 3181 1773 Joanni
3220 1718 3572 1788 evangelista:
3619 1718 3822 1781 dicata,
3855 1727 3915 1770 ut
3959 1730 4041 1770 est

2448 1815 2592 1882 apud
2614 1812 2914 1880 Codinum,
2946 1812 3000 1866 in
3025 1791 3320 1884 Originibus
3347 1809 3851 1879 Constantiuopolit.
3884 1813 4048 1881 cujus

751 1891 962 1950 Callisti
988 1899 1096 1968 πρὸ
1120 1902 1219 1970 τῆς
1251 1905 1663 1960 Κωνσταντίνου
1681 1909 1739 1960 ἐν
1766 1907 1843 1976 τῷ
1863 1907 2145 1976 λεγομένῳ
2160 1907 2342 1960 Ἑϐδό-

2452 1907 2614 1962 verba
2677 1907 2965 1962 attulimus
3012 1907 3066 1961 in
3117 1916 3306 1962 nostra
3388 1905 3854 1985 Constantirwpoli
3901 1922 3920 1960 :
3991 1923 4042 1957 l‘l

755 2004 864 2058 μῳ.
902 1991 972 2045 ab
1004 1993 1198 2050 eodem
1247 1997 1560 2055 Theodosio
1621 2003 1914 2056 excitatam
1964 2002 2237 2064 scribunt,
2291 2001 2344 2055 in

754 2079 1041 2138 Hebdomo
1091 2089 1304 2145 scilicet
1337 2093 1484 2160 quod
1518 2093 1643 2147 urbi
1682 2094 1994 2163 proximum
2025 2102 2082 2148 et
2113 2093 2167 2146 in
2197 2093 2345 2146 illius

751 2186 1052 2242 conspectu
1108 2179 1210 2234 luit
1243 2200 1254 2235 :
1290 2198 1440 2248 nam,
1479 2193 1540 2238 ut
1569 2193 1654 2238 est
1697 2185 1840 2252 apud
1866 2183 2166 2253 Georgium
2219 2183 2344 2236 Ale-

750 2267 1082 2324 xandrinum
1132 2275 1186 2327 in
1237 2275 1359 2330 Vita
1412 2276 1467 2330 S.
1524 2277 1754 2331 Joannis
1807 2275 2212 2348 Chrysostomi,
2269 2276 2341 2329 ita

750 2357 1055 2413 vocabatur
1084 2364 1112 2413 ὁ
1143 2363 1304 2426 τόπος
1353 2365 1450 2435 τῆς
1491 2365 1586 2418 τοῦ
1635 2367 1793 2432 ἁγίου
1850 2367 2104 2419 Ἰωάννου
2144 2365 2344 2434 taxiq-

755 2447 895 2512 circ.
938 2451 1098 2508 llisce
1138 2470 1303 2524 porro
1347 2457 1606 2527 loquendi
1657 2459 1909 2514 formulis
1939 2459 2073 2514 sitis
2105 2461 2344 2511 innuunt

752 2541 921 2596 iidem
953 2547 1275 2615 scriptores,
1308 2549 1453 2604 hanc
1504 2551 1677 2606 a:.lem
1707 2568 1816 2604 non
1848 2551 1914 2605 ad
1939 2552 2237 2620 septimum
2273 2547 2344 2602 ab

753 2636 890 2688 urbe
941 2638 1174 2694 milliare
1223 2642 1548 2697 :edilicatam
1607 2643 1804 2700 fuisse.
1846 2643 1991 2709 Quid
2037 2645 2182 2698 enim
2235 2641 2342 2697 sibi

753 2729 866 2780 \ult
901 2727 1076 2790 aliud.
1117 2733 1220 2802 πρδ
1260 2733 1360 2802 τῆς
1409 2737 1640 2801 πόὶεως,
1675 2752 1836 2807 quam
1873 2739 1926 2791 in
1965 2738 2116 2792 urbis
2170 2737 2344 2806 ipsius

749 2828 1108 2889 prospectu?
1201 2826 1284 2879 vel
1364 2826 1710 2882 llebdomum
1785 2828 2344 2898 Constantinopoleos

747 2929 913 2979 quam
956 2929 1101 2983 .pars
1159 2915 1517 2974 Hebdomiani
1594 2919 1784 2989 Campi
1857 2919 1980 2974 urbi
2058 2921 2345 2990 proxima?

748 3004 949 3060 deinde
982 3006 1217 3061 Phocam
1241 3009 1295 3064 in
1326 3009 1429 3064 hac
1454 3011 1569 3066 sede
1603 3021 1926 3066 coronatum
1956 3012 2341 3080 imperatorem

749 3098 978 3153 tradunt
1031 3100 1367 3165 Simocatta,
1424 3104 1724 3160 Chronicou
1776 3106 2238 3170 Alexandrinum,
2287 3116 2344 3161 ct

749 3190 1138 3261 Theophanes,
1186 3197 1399 3252 scilicet
1424 3197 1577 3266 juxta
1611 3199 1899 3261 Tribunal,
1937 3199 2030 3254 ubi
2068 3200 2340 3253 acclama-
2369 3230 2412 3286 ο

748 3295 840 3338 tus
872 3286 1049 3340 fuerat
1073 3289 1375 3359 Augustus.
1423 3291 1691 3344 Tribunal
1719 3307 1850 3345 vero
1884 3291 2036 3345 urbis
2067 3291 2340 3346 nitentibus

747 3378 1062 3446 proximum
1093 3382 1262 3436 fuisse
1293 3397 1458 3452 supra
1497 3385 1810 3439 docuimus.
1858 3386 2058 3440 Verum
2099 3385 2232 3455 quin
2267 3384 2337 3438 ad

748 3471 1044 3539 septimum
1078 3473 1316 3528 milliare
1349 3491 1456 3529 non
1484 3477 1782 3539 exstiterit,
1803 3477 2342 3546 hincpatetomnino

753 3565 904 3631 quod
935 3565 1002 3619 ad
1035 3566 1190 3620 sinus
1237 3567 1482 3624 Ceratini
1526 3570 1686 3624 littus
1732 3579 2006 3625 statuatur
2031 3585 2062 3623 a
2092 3571 2340 3633 Socrate,

749 3656 848 3710 lib.
904 3673 978 3722 vi,
1021 3673 1144 3728 cap.
1195 3659 1283 3723 ll,
1329 3660 1476 3715 unde
1522 3670 1735 3728 septem
1789 3661 1860 3716 ab
1898 3660 2048 3716 Urbe
2101 3662 2345 3716 millibus

751 3751 1031 3820 disparata
1078 3768 1339 3808 essenon
1371 3755 1571 3824 potuit,
1624 3754 1896 3824 siquidem
1943 3756 2098 3810 littus
2133 3755 2344 3809 Cerati-

754 3859 889 3897 num
927 3845 994 3898 ad
1034 3847 1188 3899 sinus
1217 3855 1382 3915 caput
1413 3847 1556 3900 ultra
1605 3864 1774 3901 unum
1813 3845 2048 3900 milliare
2073 3862 2181 3899 non
2217 3861 2345 3915 pro-

757 3935 1025 3998 tenditur,
1051 3939 1146 3990 ubi
1174 3937 1404 4007 Cydaris
1426 3951 1483 3992 et
1510 3939 1776 4010 Barbyses
1802 3939 2007 4008 lluvioli
2034 3937 2344 4001 conﬂuunt,

753 4035 810 4078 et
862 4025 916 4080 in
951 4027 1135 4086 sinum
1185 4028 1506 4081 Ceratinum
1559 4044 1906 4098 aquas-suas
1935 4029 2221 4082 evolvunt.
2267 4027 2345 4081 Ita

753 4135 922 4186 porro
974 4118 1232 4173 Socrates
1278 4121 1370 4174 ubi
1413 4121 1481 4175 de
1523 4121 1833 4190 Epiphanio
1877 4121 2037 4190 Cypri
2085 4121 2346 4189 episcopo

753 4211 821 4262 ad
857 4211 1054 4265 Urbem
1087 4211 1402 4279 appellente
1433 4229 1445 4263 :
1487 4213 1886 4281 Προσορμήσας
1935 4207 2029 4263 οὖν
2061 4211 2118 4261 ὲν
2147 4208 2224 4276 τῷ
2254 4207 2349 4261 ἐπὶ

767 4298 1023 4369 Ἰωάννην
1057 4302 1364 4370 μαρτυρίῳ,
1397 4302 1593 4370 ἀπέχει
1622 4301 1680 4353 δὲ
1723 4302 1880 4352 τοῦτο
1929 4299 2068 4352 ἑπτὰ
2099 4299 2348 4368 σημείοις

753 4393 856 4462 τῆς
886 4393 1118 4455 πόλεως,
1164 4395 1257 4445 καὶ
1287 4391 1518 4457 ἐξελθὼν
1550 4394 1650 4459 τῆς
1689 4390 1847 4452 νεώέ,
1879 4401 1982 4443 etc.
2033 4390 2202 4444 Paulo
2249 4389 2348 4442 ali-

758 4495 842 4538 ter
887 4485 1248 4549 Sozomenus,
1298 4479 1394 4539 liti.
1450 4501 1567 4548 vm,
1610 4500 1732 4554 cap.
1783 4485 1872 4548 14,
1923 4483 2015 4536 ubi
2055 4483 2124 4537 de
2155 4485 2346 4538 eodem

2447 2001 2590 2070 apud
2641 2000 3058 2070 Pachymerem,
3111 2001 3207 2071 qui
3253 1999 3352 2054 lib.
3389 2015 3447 2065 ll,
3478 2015 3600 2068 cap.
3637 1997 3728 2063 2|,
3768 2009 4020 2053 monaste

2449 2094 2613 2156 rium,
2662 2093 2810 2162 quod
2853 2093 2952 2162 τὴν
3001 2092 3144 2146 κατὰ
3191 2092 3284 2146 τὶν
3331 2092 3599 2160 Ἕὸδομον
3643 2091 3737 2144 τοῦ
3776 2091 4047 2160 Θεολὸγευ

2449 2185 2640 2256 μονήν,
2691 2184 2830 2239 infra
2865 2184 2963 2240 lib.
2999 2202 3094 2248 vn,
3146 2201 3265 2255 cap.
3302 2187 3401 2240 ult.
3445 2187 3594 2239 nude
3641 2183 3909 2254 Ἕϐδομον
3946 2201 4040 2239 vo-

2447 2285 2554 2340 cat,
2608 2277 2702 2332 ubi
2758 2279 2823 2332 de
2877 2278 3132 2347 sepulcro
3183 2276 3372 2332 Basilii
3424 2277 3813 2348 Bulgaroctoni
3869 2279 3926 2330 in
3980 2292 4049 2330 eo

2448 2369 2648 2438 sepulti
2695 2371 2828 2440 agit,
2857 2371 3016 2440 cujus
3045 2369 3426 2440 Epitaphium,
3457 2369 3602 2440 quod
3644 2368 4049 2438 descripsimus

2449 2463 2504 2515 in
2555 2461 2708 2516 Notis
2779 2462 2846 2516 ad
2889 2461 3180 2522 Zonaram.
3228 2462 3488 2517 observat
3541 2463 3689 2516 illius
3741 2461 3955 2531 τύμεον
3991 2463 4049 2512 ἐν

2450 2554 2601 2624 μέςῳ
2633 2554 2737 2623 γῆς
2776 2553 3040 2624 Ἑὸδὸμου
3087 2554 3278 2616 fuisse,
3312 2569 3422 2624 qua
3455 2555 3752 2609 verborum
3804 2551 4050 2606 fomiula

2447 2648 2582 2702 satis
2642 2647 3118 2702 inaicatur'hanc
3169 2647 3343 2702 tndem
3408 2647 3687 2702 exstitisse
3736 2646 3790 2700 in
3841 2659 4049 2712 campo

2448 2737 2740 2803 Ilebdomi,
2776 2755 2882 2793 non
2915 2754 3048 2794 vero
3081 2739 3148 2792 ad
3178 2740 3474 2808 septimum
3501 2738 3571 2792 ab
3603 2737 3754 2793 Urbe
3779 2735 4047 2789 milliare.

2447 2831 2554 2887 Sed
2589 2847 2658 2886 an
2707 2831 2766 2886 S.
2802 2830 3090 2886 Prodromi
3147 2829 3524 2885 Hebdomiana
3577 2828 3725 2883 aedes
3771 2829 3918 2880 intra
3956 2842 4053 2877 ur-

2449 2925 2574 2979 bem
2612 2923 2962 2994 postmodum
2994 2923 3204 2978 inclusa
3239 2922 3429 2984 fuerit,
3466 2920 3614 2992 quod
3647 2920 3786 2974 velle
3821 2919 4051 2972 videtur

2445 3018 2676 3089 Gyllius,
2725 3017 2959 3072 dubium
3012 3017 3146 3071 facit
3194 3031 3265 3071 ne
3299 3015 3430 3086 quid
3466 3013 3835 3075 dissimulem,
3892 3011 4050 3079 quod

2446 3109 2844 3166 Constantinus
2942 3110 3445 3181 Porphymgenitus
3521 3106 3700 3161 tradat
3776 3104 4049 3159 Basilium

2447 3221 2606 3294 avum
2658 3206 2828 3259 aedem
2869 3204 2926 3258 S.
2979 3201 3208 3258 Joannis
3261 3201 3556 3267 Baptistae,
3600 3197 3779 3252 eidem
3822 3196 3929 3249 azdi
3985 3195 4048 3248 S.

2448 3291 2677 3351 Joannis
2729 3294 3082 3364 evangelista:
3111 3294 3166 3347 in
3211 3291 3499 3345 llebdomo
3549 3291 3880 3360 proximam,
3917 3297 3976 3342 et
4017 3305 4050 3342 a

2449 3387 2654 3442 Basilio
2705 3387 3092 3451 instauratam,
3127 3393 3283 3439 extra
3325 3383 3527 3439 Urbem
3567 3391 3794 3444 statuat,
3824 3395 3949 3448 cap.
3978 3379 4053 3433 65

2450 3479 2586 3534 edit.
2621 3478 2908 3533 Allatianaa
2936 3494 2949 3529 :
2985 3474 3058 3531 ita
3087 3485 3148 3531 ut
3171 3475 3318 3530 aedes
3345 3473 3403 3529 S.
3432 3473 3827 3534 Prxcursuis,
3875 3487 4052 3540 quam

2452 3582 2551 3621 sua
2580 3576 2739 3621 astate
2780 3567 3021 3620 dirutam
3065 3566 3234 3620 fuisse
3275 3579 3305 3618 a
3336 3565 3532 3618 Turcis
3571 3563 3760 3617 scribit
3811 3561 4050 3633 Gyllius,

2455 3661 2545 3714 illa
2577 3660 2716 3714 forte
2751 3660 2938 3724 fuerit,
2963 3675 3086 3728 quae
3114 3667 3274 3713 vetus
3314 3657 3622 3720 dicebatur,
3653 3666 3706 3710 et
3737 3656 3892 3709 urbis
3921 3673 4053 3710 mn-

2457 3753 2533 3805 ris
2573 3751 2948 3814 incumbebat,
2983 3767 3014 3805 a
3044 3749 3410 3806 Constantino
3437 3749 3507 3802 Μ.
3544 3746 3831 3812 aadilicata,
3863 3757 3925 3800 ut
3966 3757 4054 3802 est

2458 3846 2510 3898 in
2542 3843 2798 3913 Πατριοις
2828 3843 2952 3896 ΚΠ.
2983 3858 3013 3896 a
3044 3841 3205 3896 nobis
3246 3841 3505 3896 laudatis.

2527 3932 2669 3986 XXI.
2706 3932 2890 4004 .‘dirari
2936 3948 3099 4022 pprro
3133 3931 3236 3986 hoc
3281 3932 3401 3986 loco
3445 3929 3614 3996 subit,
3653 3941 3763 3984 tam
3809 3929 4054 3985 ﬁdenter

2455 4024 2726 4079 affirmare
2753 4027 2932 4079 virum
2959 4027 3266 4082 eruditum.
3302 4025 3582 4078 neminem
3631 4032 3881 4078 veterum
3937 4027 4052 4091 (in-

2455 4119 2791 4187 dulgcndum
2855 4118 3233 4186 tamenquod
3298 4116 3576 4170 addiderit
3655 4132 3783 4185 quos
3838 4116 4050 4185 lege'izj

2455 4210 2790 4264 ecclesize'S.
2822 4191 3050 4265 Joannis
3084 4209 3372 4264 Prodromi
3403 4207 3610 4262 Christi
3664 4208 3807 4259 intra
3857 4222 4056 4260 muros

2458 4305 2612 4359 urbis
2656 4303 3213 4372 Constantinopoleos
3249 4303 3412 4356 ullam
3444 4298 3639 4354 fecisse
3665 4309 4008 4353 mentionem
4035 4315 4052 4353 :

2457 4413 2582 4450 cum
2615 4406 2815 4466 pra‘ter
2862 4395 3286 4448 celeberrimum
3340 4391 3474 4445 illud
3511 4390 3803 4444 Studiense
3851 4404 4055 4442 mona-

2458 4490 2686 4542 sterium
2716 4485 2924 4540 nemini
2955 4501 3060 4538 non
3093 4492 3305 4545 notum,
3332 4482 3397 4535 ιιι]
3435 4480 3726 4534 duodecim
3761 4479 3949 4532 eEdc-m
3993 4480 4051 4533 S.

758 4575 1108 4645 Epiphanio:
1155 4577 1492 4638 Ἐκπλεύσας
1545 4577 1644 4644 τῆς
1680 4577 1926 4644 Κύπρου,
1972 4574 2240 4642 κατῆλθεν
2268 4579 2346 4638 εἰς

2455 4581 2788 4634 Prmcursori
2820 4578 2963 4631 intra
2987 4577 3178 4631 urbem
3202 4576 3506 4628 dieatarum
3532 4571 3732 4626 azdium
3755 4571 4053 4625 historiam

757 4669 868 4739 πρὸ
913 4671 1013 4740 τῆς
1057 4670 1264 4732 πόλεως
1309 4669 1646 4737 καλούμενον
1703 4668 2006 4735 *Εεδομονο
2058 4665 2352 4734 εὐξάμενος

757 4764 814 4814 δὲ
844 4766 897 4814 ἐν
926 4765 990 4830 τῇ
1024 4762 1211 4815 ἐνθάδε
1243 4762 1526 4832 ἐκκλησίᾳ,
1561 4756 1696 4831 ἧκεν
1724 4763 1804 4822 εἰς
1831 4761 1930 4828 τὴν
1958 4759 2132 4812 πόλιν.
2164 4761 2353 4828 Appu-

759 4853 901 4906 lcrat
932 4853 1143 4907 scilicet
1189 4853 1534 4922 Epiphanius
1565 4852 1631 4906 ad
1663 4862 1881 4919 portum
1927 4850 2216 4914 llebdomi,
2253 4867 2349 4920 per

760 4949 941 5002 sinum
977 4949 1330 5015 Ceratiuum,
1363 4951 1634 5018 indeque,
1665 4963 1790 5000 eum
1819 4951 1870 4999 in
1898 4947 2014 5000 :edc
2047 4946 2100 5000 S.
2129 4946 2356 5000 Joannis

761 5038 1022 5108 Baptistae
1073 5048 1309 5099 orasset,
1344 5039 1400 5092 in
1439 5038 1631 5092 urbem
1685 5036 1986 5106 proximam
2033 5035 2202 5100 venit,
2243 5053 2352 5090 non

764 5131 1003 5202 navigio,
1067 5132 1162 5186 sed
1214 5135 1412 5186 itinere
1494 5142 1764 5186 terrestri.
1824 5131 2009 5200 Neque
2056 5141 2236 5184 tamen
2287 5132 2352 5184 ad

765 5223 942 5291 ipsum
974 5225 1139 5278 maris
1161 5224 1567 5278 sitiuchratini
1596 5223 2139 5288 littus,versusillius
2163 5231 2356 5290 caput,

764 5316 977 5370 exstitit
1033 5317 1177 5371 :edes
1222 5316 1275 5370 S.
1320 5316 1550 5371 Joannis
1595 5315 1871 5384 Baptistre,
1928 5315 2023 5369 sed
2071 5315 2123 5367 in
2177 5315 2356 5368 conti-

765 5410 940 5471 nenti,
979 5409 1108 5462 licet
1136 5409 1316 5462 eidem
1360 5408 1499 5462 forte
1531 5407 1734 5460 vicina.
1771 5405 1927 5470 Quod
1979 5405 2240 5474 colligere
2273 5411 2358 5456 est

766 5517 835 5555 ex
862 5502 1056 5556 eodem
1107 5499 1394 5569 Procopio,
1435 5499 1530 5552 lib.
1569 5516 1603 5558 ι,
1642 5513 1761 5566 cap.
1795 5499 1848 5562 8,
1904 5497 1995 5550 ubi
2041 5497 2139 5549 οὐκ
2167 5495 2356 5548 ἐπιθει-

767 5595 986 5646 ὶάσσιον
1012 5592 1071 5644 τὸ
1097 5591 1192 5643 τοῦ
1216 5589 1520 5642 Βαπτιστοῦ
1557 5592 1610 5640 ἐν
1634 5607 1662 5638 τ
1685 5592 1708 5657 ξ.
1747 5589 1993 5656 Ἑϐδόμῳ
2037 5587 2356 5656 καλουμένῳ

767 5685 1084 5755 Martyrium
1137 5684 1304 5736 fuisse
1344 5681 1549 5734 diserte
1603 5691 1696 5739 a.t,
1755 5692 1946 5732 contra
1995 5695 2159 5746 quam
2211 5679 2356 5732 uales

770 5780 828 5831 S.
863 5777 1142 5830 Michaelis
1173 5777 1224 5830 in
1253 5775 1484 5842 Anaplo,
1515 5791 1637 5842 qua:
1663 5775 1842 5826 cidem
1889 5773 2068 5842 quoad
2115 5783 2354 5826 structu-

771 5885 885 5927 ritn
914 5871 1107 5927 similis
1138 5868 1259 5923 fuit.
1300 5866 1640 5923 llebdoznum
1668 5881 1833 5936 porro
1866 5882 1973 5920 non
2003 5866 2068 5920 ad
2111 5866 2358 5936 Propon-

2463 4677 2515 4727 in
2549 4683 2735 4728 nostra
2770 4671 3246 4731 Constantinopoli
3276 4667 3804 4737 perstrinxerimus:
3840 4665 4054 4732 quibus

2457 4768 2597 4821 duas
2627 4768 2854 4835 insuper
2883 4765 3017 4818 alias
3060 4762 3267 4816 addere
3313 4761 3463 4820 licet,
3497 4759 3550 4811 in
3588 4773 3726 4828 quas
3760 4772 3873 4810 non
3907 4758 4053 4810 inci-

2457 4859 2736 4923 deramus,
2800 4856 2930 4909 dum
2994 4854 3088 4907 illa
3136 4852 3362 4922 prodiit,
3429 4866 3664 4920 quarum
3735 4850 3916 4902 altera
3970 4858 4055 4902 est

2458 4949 2514 5002 S.
2543 4946 2776 5002 Joannis
2810 4945 3068 5014 Baptista:
3105 4945 3163 4996 ὲν
3199 4943 3278 5010 τῷ
3314 4941 3585 5010 Λοφαὸεῳ,
3615 4941 3769 5010 cujus
3795 4939 4054 5022 meminit

2456 5039 2639 5093 Codex
2664 5037 2949 5093 Caesareus
2988 5035 3133 5104 apud
3181 5035 3408 5089 Petrum
3458 5031 3844 5090 Lambecium,
3879 5030 3988 5084 ιιι).
4023 5046 4053 5083 v

2455 5132 2828 5188 Commentar.
2883 5129 2952 5183 de
3013 5128 3154 5183 Bibl.
3205 5126 3410 5182 Caesar.
3459 5141 3580 5195 pag.
3632 5125 3746 5178 79:
3817 5124 3949 5175 Ἐπὶ
3999 5127 4054 5175 δε

2458 5221 2682 5291 ἡμερῶν
2709 5219 2803 5272 τοῦ
2848 5219 3158 5286 ἁγιωτάτου
3209 5218 3550 5300 πατριάρχου
3601 5217 4054 5267 Κωνςτιιτινου-

2459 5314 2668 5374 «eam
2723 5311 2994 5364 Νικολάου
3063 5309 3158 5363 τοῦ
3213 5308 3611 5386 Κιυρδυνιάτου,
3666 5307 3759 5359 τοῦ
3828 5307 3896 5357 ἐκ
3954 5307 4056 5373 τῆς

2460 5403 2765 5473 σεϐισμίας
2829 5402 3002 5472 μονῆς
3050 5401 3144 5454 τοῦ
3206 5407 3388 5470 τιμίου
3453 5399 3770 5470 Προδρόμου
3837 5396 3936 5450 τοῦ
3999 5400 4057 5450 ἐν

2459 5495 3052 5559 Κωνσταντινουπόὶει,
3090 5492 3490 5562 ἐπιλεγομένης
3536 5491 3629 5544 τοῗ
3677 5488 3883 5556 Λοοςάὀ,
3915 5499 4054 5549 etc.,

2459 5592 2552 5661 qui
2585 5589 2810 5659 quidem
2855 5587 3115 5642 Nicolaus
3161 5584 3472 5655 patriarcha
3510 5599 3617 5638 non
3659 5582 3725 5636 al'
3757 5596 3803 5634 IS
3846 5593 3935 5633 tSl
3987 5580 4057 5634 ab

2460 5700 2527 5738 co
2563 5683 2655 5752 qui
2685 5681 2876 5736 Alexio
2899 5680 3183 5734 Comneno
3218 5679 3525 5748 imperante
3563 5677 3721 5737 \ixit,
3773 5684 3834 5726 ut
3884 5674 4059 5727 doce-

2463 5791 2586 5828 mur
2618 5802 2630 5825 ι
2654 5792 2684 5827 x
2715 5773 2972 5842 Catalogo
2999 5772 3144 5825 Patr.
3166 5769 3646 5838 Constantinopol.
3675 5767 3971 5835 descripto
3997 5781 4051 5818 In

2461 5869 2592 5924 Jure
2626 5867 2942 5924 Grtccorum
2985 5883 2995 5920 ς
3037 5864 3299 5928 Νικόλαος
3348 5862 3578 5932 away)»;
3603 5863 3632 5914 ὁ
3655 5858 4058 5932 γραμματικκ
