4236 6442
182 424 285 478 ιυιι

1444 432 1462 455 ι
1524 396 1622 477 in:
1657 416 2033 498 HEBDOMO
2074 420 2184 481 cr.

3331 416 3441 480 ΗΟ

178 534 206 585 ὁ
240 551 295 586 εν
321 531 582 600 Λοφαδίῳ
614 529 1012 599 Θεοπρόόλητος
1031 528 1332 599 ἀρχιερεὺςι
1356 529 1569 606 ἑπιτοῦ
1596 530 1761 583 αὐτοῦ

1866 534 2129 595 ΤιιΙΙὶιιιιι,
2156 531 2347 587 eadem
2372 531 2541 585 ferme
2562 530 2629 585 de
2655 545 2819 585 causa
2843 529 2913 586 ab
2935 530 3003 587 iis
3021 530 3394 585 insimulatqu
3421 548 3437 586 :

178 624 342 692 ιωψῦ
398 623 670 686 Ἀλεξίου,
714 632 823 676 etc.
868 622 1069 683 Aliam,
1111 607 1233 697 qua?
1270 622 1510 676 Daniclis
1562 622 1761 676 nomen

175 716 440 786 przetnlit,
472 714 647 768 a-dem
673 712 729 767 S.
767 713 1055 767 Prodromi
1086 713 1152 766 ad
1186 713 1245 768 S.
1284 713 1519 767 Mucium
1549 727 1759 767 memo-

182 820 264 861 rat
292 809 543 875 scriptor
578 805 819 859 ineditus
848 806 980 860 Vita:
1020 805 1078 859 S.
1113 805 1368 859 Marciani
1400 806 1698 868 mconomi,
1732 822 1761 859 a

174 913 283 964 quo
316 905 663 950 exstructam
716 896 958 948 scribit:
997 896 1069 947 Τὸ
1119 896 1216 963 μὶν
1258 895 1350 948 οὖν
1396 897 1539 965 ἱερον
1595 896 1760 947 αὑτοῦ

172 992 426 1057 λείψανον
456 989 518 1057 (S
566 988 783 1054 lsidori)
812 990 844 1056 ἡ
870 987 961 1039 τοῦ
986 986 1293 1039 Βαπτιστοῦ
1332 989 1577 1041 Ἰωάννου
1603 988 1761 1054 μονὴ,

170 1083 240 1149 ﬁt
266 1098 292 1142 ς
340 1080 456 1148 ἄρα
484 1080 577 1131 καὶ
608 1078 701 1129 τοῦ
728 1077 923 1146 Δανιὴλ
954 1078 1189 1144 λέγεται,
1213 1078 1447 1148 δέχεται,
1474 1081 1637 1145 ἐγγὺς
1665 1079 1765 1148 μὲν

174 1174 318 1226 Θεὶου
346 1170 483 1222 ναοῦ
504 1171 595 1222 τοῦ
619 1170 867 1238 λαμπροῦ
892 1170 1166 1241 μάρτυρος
1187 1158 1407 1222 Μωκίου
1424 1171 1764 1240 διακειμένη,

174 1269 337 1333 ἔργον
390 1268 490 1318 καὶ
514 1265 653 1332 αὑτὴ
683 1263 818 1316 οὔπα
853 1266 949 1331 τῆς
986 1265 1195 1315 ὲκεὶνιυ
1239 1261 1440 1338 χειρὸς,
1485 1262 1515 1331 ἢ
1566 1262 1766 1331 μᾶλλον

132 1360 273 1426 ιτῆς
330 1357 676 1427 προθέσεως,
731 1356 861 1408 ἔνθα.
912 1352 977 1416 δὴ
1022 1354 1116 1405 καὶ
1161 1354 1237 1413 εἰς
1290 1352 1449 1422 δεῦρο
1499 1352 1767 1439 λῆμπρῶς

170 1448 341 1500 αὐτοῦ
385 1448 485 1499 καὶ
545 1445 809 1513 φιλοθέως
856 1446 889 1513 ἡ
934 1445 1121 1513 μνήμη
1150 1444 1406 1495 τελείτιι.
1439 1444 1616 1513 Atque
1652 1444 1767 1497 haec

169 1541 400 1607 quidem
452 1555 551 1608 per
591 1540 871 1607 πάρεργον
930 1537 1020 1590 hic
1068 1535 1483 1604 descripsimus,
1525 1546 1585 1589 ut
1614 1537 1778 1599 ,biuze

172 1636 291 1686 ista?
328 1632 388 1686 S:
429 1630 797 1684 Prwcursoris
842 1628 989 1681 aedes
1016 1627 1233 1681 crcteris
1269 1642 1297 1679 a
1330 1628 1493 1681 nobis
1524 1642 1766 1683 comme-

172 1725 411 1779 moralis
438 1723 828 1791 adiungantur.
864 1721 940 1774 Ex
965 1719 1244 1789 pnedictis
1278 1720 1443 1789 igitur
1472 1721 1588 1773 ha'c
1614 1735 1765 1773 sum-

1868 627 2006 680 adeo
2034 635 2093 679 ut
2127 641 2195 679 ne
2226 624 2374 678 locos
2398 623 2621 693 quidem
2648 634 2936 677 auctorum
2965 626 3133 677 semel
3167 639 3196 675 a
3222 639 3280 677 se
3320 624 3442 677 lau-

1864 719 2023 773 datos
2070 717 2140 771 ab
2172 717 2294 770 aliis
2330 732 2547 769 rursum
2591 715 2801 769 laudari
2850 715 3153 783 patiantur,
3185 715 3330 785 iure,
3376 724 3439 770 ut

1865 812 2019 863 aiunt
2054 808 2282 879 practici
2306 807 2499 866 nostri,
2521 806 2931 879 przeventionis.
2953 806 3117 872 Quasi
3146 822 3279 861 vero
3311 806 3437 876 pbi-

1865 901 2026 970 lologi
2075 900 2325 969 partibus
2359 899 2508 969 iungi
2560 898 2735 970 cuivis
2768 914 2876 951 non
2910 897 3092 961 liceat,
3140 898 3233 967 qui
3276 898 3344 964 si,
3378 907 3441 952 ut

1868 967 2051 1044 verbis
2076 967 2088 969 _
2114 999 2237 1043 utar
2292 967 2601 1049 Plutarchi,
2652 967 2713 1039 ἓν
2741 989 3006 1058 ἀλλοτρεῳ
3059 988 3223 1058 χώρῳ
3263 988 3439 1042 multo

1866 1083 2061 1151 magis,
2100 1081 2155 1134 in
2183 1096 2250 1133 eo
2282 1081 2374 1150 qni
2425 1080 2685 1134 omnibus
2724 1062 2892 1149 patet:
2943 1084 3305 1148 omniumque
3351 1086 3440 1133 est

1867 1174 2283 1242 disciplinarum
2345 1187 2560 1241 campo,
2610 1172 2749 1224 πόδα
2799 1170 3062 1233 τίθεσθαι,
3116 1171 3269 1225 ιιιιΙΙο
3316 1171 3440 1240 iure

1866 1264 2207 1334 prohibetur.
2242 1264 2383 1329 Quin
2407 1266 2571 1317 etiam
2597 1278 2704 1316 non
2737 1262 2936 1316 desunt
2959 1262 3051 1330 qui
3078 1262 3147 1315 ab
3178 1277 3241 1315 ea
3273 1276 3438 1330 quam

1867 1336 1921 1415 iri
1980 1360 2057 1413 rei
2116 1359 2413 1422 litterariae,
2446 1367 2507 1411 ut
2556 1357 2669 1411 ﬁeri
2706 1358 2869 1417 solet,
2900 1356 3083 1409 dubiis
3117 1371 3181 1409 ac
3211 1365 3438 1409 contro-

1867 1454 2045 1507 versis
2073 1452 2354 1520 protulere
2385 1451 2683 1510 sententia,
2716 1450 2908 1503 decedi
2944 1449 3221 1518 piaculum
3253 1446 3444 1500 existi-

1869 1553 2046 1608 mant,
2086 1560 2211 1599 cum
2269 1545 2325 1598 in
2381 1558 2573 1597 eorum
2627 1542 2796 1596 verba
2838 1544 3121 1611 iuraturos
3169 1546 3443 1608 quotquot

1851 1636 2155 1706 .scriptioni
2190 1635 2454 1703 deinceps
2482 1634 2753 1687 calamum
2787 1640 3087 1701 apponent,
3115 1630 3217 1683 sibi
3244 1628 3297 1681 in
3325 1630 3445 1681 ani.

1819 1757 1828 1774 ι
1867 1742 2015 1781 mum
2053 1726 2337 1790 inducant,
2370 1740 2432 1779 ac
2462 1732 2730 1777 suammet
2756 1721 2808 1775 in
2840 1721 3035 1774 iisdem
3064 1719 3441 1787 conjecturam

170 1816 364 1870 malim
434 1814 695 1883 colligere
748 1812 913 1866 liceat
962 1811 1241 1877 ,Hebdomi
1301 1826 1493 1864 vocem
1550 1813 1699 1867 varie
1733 1828 1763 1867 a

1835 1880 1840 1891 ι
1870 1807 1964 1873 νρῖ
1986 1820 2301 1891 Opinionem
2336 1817 2691 1886 expromendi
2722 1815 3039 1868 facultatem
3074 1803 3295 1865 omnem
3334 1810 3447 1863 sint

168 1907 550 1976 scriptoribus
576 1903 896 1999 Byzantiiiis
923 1902 1111 1956 eﬂ‘erri
1139 1920 1152 1954 :
1187 1916 1288 1971 pro
1312 1902 1433 1957 loco
1462 1904 1678 1958 scilicet
1708 1904 1762 1957 in

169 2014 283 2068 quo
346 2000 506 2053 stetit
555 1994 843 2064 septimus
876 1996 1032 2063 lapis,
1067 1994 1160 2047 ubi
1194 1994 1424 2048 mdilicia
1460 2011 1694 2063 quorum
1729 1995 1763 2049 ii

170 2092 538 2146 meminerint
555 2091 774 2143 stetisse
808 2088 977 2150 nulla,
1006 2098 1063 2141 ut
1089 2087 1346 2156 superius
1372 2087 1508 2152 dixi,
1539 2102 1766 2155 prorsus

169 2194 463 2239 constst':
520 2182 719 2236 deinde
770 2195 871 2249 pro
928 2180 1219 2249 interiecto
1275 2181 1420 2232 inter
1469 2180 1764 2247 septimum

171 2278 342 2331 istum
374 2275 616 2345 lapidem
648 2282 717 2349 et.
747 2272 942 2326 urbem
993 2251 1681 2339 Constantinopolitanani,
1711 2271 1765 2323 in

168 2384 283 2439 quo
305 2386 369 2423 ea
401 2370 587 2422 omnia
618 2382 738 2437 qua:
755 2371 824 2419 ab
848 2365 917 2419 iis
944 2365 997 2418 in
1027 2363 1312 2418 Hebdomo
1338 2379 1456 2417 esse
1479 2363 1762 2429 dicuntur,

169 2462 461 2521 exstitere,
479 2442 792 2527 cuiusmodi
811 2455 965 2508 luere
984 2452 1272 2513 Tribunal.
1294 2452 1562 2507 Palatium
1586 2453 1763 2507 eidem

170 2554 531 2623 adiunctum,
567 2566 634 2605 ac
664 2548 901 2603 subinde
935 2547 1079 2600 intra
1113 2546 1305 2599 urbem
1333 2545 1631 2615 inclusum,
1666 2547 1763 2600 sed

169 2657 228 2700 et
270 2646 427 2700 aedes
477 2644 534 2699 S.
578 2644 809 2699 Joannis
854 2641 1110 2709 Baptista:
1139 2650 1196 2692 et
1238 2638 1466 2692 Joannis
1528 2654 1765 2709 evange-

174 2739 339 2797 lista,
372 2752 501 2805 qua:
529 2735 753 2804 quidem
784 2732 1014 2787 tedilicia
1046 2732 1231 2786 omnia
1273 2731 1540 2785 Ilebdomi
1573 2733 1763 2800 appel-

172 2825 388 2877 latione
424 2824 738 2891 promiscue
771 2821 1051 2875 donantur
1087 2835 1116 2872 a
1145 2821 1530 2888 scriptoribus.
1570 2814 1762 2876 Utrum

173 2931 311 2969 vero
341 2915 481 2969 satis
529 2929 809 2984 superque
852 2914 954 2967 ista
1006 2912 1451 2982 probaverimus,
1496 2912 1764 2983 iudicium

174 3008 360 3061 ferent
396 3006 602 3061 eruditi
646 3007 904 3061 lectores.

245 3098 423 3153 XXII.
468 3098 738 3152 Cancrum
789 3097 994 3166 gratias
1043 3114 1141 3167 per
1197 3113 1283 3151 me
1343 3098 1473 3151 licet
1524 3099 1764 3150 relcraut

173 3205 345 3259 quam
378 3190 649 3242 maximas
683 3188 805 3241 viro
830 3187 1158 3242 doctissimo
1193 3198 1466 3257 quotquot
1510 3197 1640 3242 sunt
1677 3189 1760 3241 lit—

173 3282 362 3344 terati,
424 3267 573 3348 quod
624 3279 829 3347 primus
886 3278 1169 3348 diligenter
1246 3277 1557 3347 explicuerit
1612 3281 1770 3330 situm

172 3372 441 3427 Ilebdomi
478 3387 599 3423 cum
647 3379 878 3437 quatuor
925 3373 1036 3423 suis
1082 3372 1345 3439 partibus.
1394 3369 1617 3447 Campo,
1658 3369 1766 3422 Tri-

173 3465 391 3523 bunali,
425 3464 535 3515 arde
569 3462 628 3516 S.
657 3461 885 3515 Joannis
915 3461 1190 3528 Baptistw,
1219 3471 1270 3534 et
1315 3462 1548 3515 Palatio.
1571 3460 1771 3515 Secun-

171 3557 497 3613 dianarum.
538 3552 735 3623 Gyliio,
794 3551 1090 3621 nobisque,
1148 3556 1191 3607 si
1227 3554 1335 3609 diis
1380 3554 1580 3620 placet,
1622 3553 1772 3605 inco-

171 3647 390 3716 gnitis:
420 3648 579 3715 quasi
609 3662 720 3699 non
750 3646 857 3700 alia
890 3658 947 3700 et
982 3647 1142 3715 longe
1175 3647 1330 3715 plura
1370 3646 1684 3700 exstiterint
1715 3644 1769 3699 in

173 3736 473 3791 Hebdomo
518 3736 773 3797 aedilicia,
832 3737 1141 3807 cuiusmodi
1192 3746 1320 3789 sunt
1368 3738 1436 3791 de
1482 3737 1686 3805 quibus
1717 3737 1773 3790 in

175 3844 438 3897 praesens
460 3831 703 3898 agimus,
729 3844 851 3898 qua:
886 3840 1073 3891 partes
1109 3830 1240 3883 istas
1273 3830 1641 3897 multiplicare
1673 3829 1771 3884 de-

178 3921 431 3982 buerint,
489 3920 761 3987 siquidem
832 3922 904 3974 ita
947 3922 1208 3989 appellari
1256 3919 1518 3975 debeant.
1571 3920 1773 3973 Verum

178 4029 307 4068 cum
344 4014 496 4068 bona
531 4013 682 4067 illius
717 4013 880 4066 venia
913 4012 1103 4066 dicere
1156 4013 1342 4073 liceat,
1376 4013 1513 4065 nihil
1544 4031 1573 4065 a
1613 4012 1775 4065 nobis

179 4104 234 4157 in
269 4118 335 4157 ea
377 4116 546 4170 quam
598 4102 651 4154 in
692 4100 742 4153 id
796 4110 1189 4170 argumentum
1233 4099 1521 4152 contexuit
1560 4098 1775 4151 Disser-

177 4194 394 4247 tatione
412 4190 846 4259 deprehensum,
871 4190 1019 4259 quod
1043 4206 1153 4244 non
1175 4189 1625 4259 videritGyllius,
1651 4189 1777 4241 nul-

177 4285 379 4354 losque
410 4283 480 4336 ab
508 4297 575 4335 eo
592 4282 904 4350 descriptos
924 4293 1216 4347 auctorum
1247 4282 1398 4343 locos
1416 4295 1559 4349 quos
1583 4280 1685 4349 ipsi
1718 4279 1774 4333 ia

177 4374 651 4441 Constantinopoli
719 4372 1029 4428 Christiana
1096 4388 1208 4426 non
1285 4372 1773 4442 descripserimus,

180 4476 388 4535 praeter
414 4466 662 4519 triviales
684 4466 825 4518 forte
856 4464 1071 4534 aliquot
1091 4480 1122 4519 e
1150 4464 1390 4518 Miscella
1418 4468 1638 4533 petitos,
1664 4478 1772 4517 non

1872 1912 2180 1980 adempturi
2214 1930 2225 1963 :
2262 1910 2415 1978 quasi
2442 1909 2680 1976 denique
2715 1907 2813 1975 ipsi
2846 1921 3027 1957 errare
3052 1918 3110 1956 se
3140 1918 3249 1956 non
3287 1916 3445 1970 posse

1875 2015 2090 2074 putent,
2121 2005 2249 2057 licet
2280 2003 2331 2055 id
2361 2017 2539 2071 neque
2571 2000 2828 2068 cuiquam
2866 2010 3106 2063 unquam
3125 1994 3443 2061 contigerit,

1873 2108 1927 2150 et
1963 2099 2139 2166 majus
2170 2097 2427 2165 sitquam
2458 2103 2516 2149 ut
2544 2093 2846 2147 convenire
2872 2093 2926 2145 in
2958 2093 3251 2144 humanam
3282 2088 3449 2155 frugi.

1826 2169 1837 2187 ’
1873 2190 2081 2244 Iitatem
2109 2198 2298 2257 queat.

1942 2283 2134 2337 XXIII.
2178 2282 2362 2351 Longe
2389 2296 2522 2334 vero
2561 2280 2751 2333 sanior
2778 2277 2923 2346 viget
2944 2275 3086 2344 apud
3117 2272 3284 2343 paulo
3311 2269 3450 2340 poli-

1874 2378 2043 2429 tiores
2076 2374 2220 2427 inter
2268 2374 2517 2427 eruditos
2554 2370 2833 2425 scribendi
2864 2372 3023 2429 ratio,
3072 2367 3165 2437 qui
3214 2366 3266 2418 in
3299 2364 3444 2418 litlc~

1874 2468 2034 2521 rariis
2063 2465 2481 2525 controversiis,
2535 2466 2579 2517 si
2633 2461 2931 2516 dissentire
2985 2461 3286 2527 contingat,
3339 2470 3448 2509 non

1871 2560 2139 2635 dico'sine
2162 2558 2496 2611 contumelia
2555 2556 2703 2625 (eum
2741 2554 2796 2607 id
2828 2568 3023 2606 eorum
3063 2551 3135 2605 sit
3158 2550 3448 2608 duntaxat,

1872 2668 2011 2724 quos
2045 2650 2473 2721 ἀγροικοςὸφους
2500 2657 2657 2700 vocat
2681 2647 2841 2702 Philo
2867 2646 3049 2713 (libro.
3087 2640 3447 2708 Περιάποικ.

1872 2755 1929 2799 et
1952 2745 2093 2797 libro
2126 2742 2261 2808 Περὶ
2295 2741 2536 2808 gurdo"
2572 2740 2685 2809 (qui
2718 2738 2931 2793 scilicet
2959 2735 3149 2790 Musis.
3181 2748 3288 2786 non
3320 2745 3450 2783 vero

1874 2834 2037 2887 simul
2060 2840 2115 2885 et
2138 2834 2254 2893 ταῖς
2277 2831 2510 2900 Χάρισιν
2537 2830 2756 2894 ἔθυσαν,
2779 2828 2861 2883 vel
2886 2827 2978 2897 qui
3002 2825 3099 2895 τὴν
3131 2823 3451 2893 ’Ἀφροδίτην

1873 2927 1991 2986 ταῖς
2017 2922 2259 2983 Μούσαις
2288 2922 2347 2971 οὔ
2382 2921 2731 2985 συνέπὶιξιν,
2758 2929 2817 2972 ιιι
2840 2917 3086 2987 loquitur
3110 2912 3451 2973 Themlstius

1914 3024 1991 3068 rat
2074 3015 2166 3077 9i,
2204 3030 2255 3082 ιι.
2293 3014 2419 3076 505,
2455 3014 2538 3066 ed.
2584 3011 2757 3080 Κεφ),
2793 3011 2887 3064 sed
2925 3023 2987 3063 ea
3032 3006 3344 3062 urbanitate
3388 3016 3453 3056 ac

1875 3109 2248 3160 moderatione
2271 3115 2506 3166 servata,
2544 3103 2775 3157 sedtucc
2807 3100 2925 3155 sine
2956 3098 3134 3167 elogio
3156 3096 3365 3164 aliquo.
3396 3092 3450 3147 id

1876 3215 2100 3268 semper
2140 3209 2426 3267 peragant,
2460 3206 2518 3248 ut
2571 3195 2918 3248 imminutam
2970 3208 2999 3245 a
3038 3187 3453 3256 se‘dignitatem

1877 3306 2039 3343 nemo
2073 3290 2335 3357 conqueri
2375 3290 2590 3357 possit:
2644 3286 2789 3355 quod
2845 3283 3100 3336 omittere
3135 3280 3316 3333 solent
3355 3276 3451 3345 qui

1877 3382 2065 3437 nescio
2120 3397 2248 3450 qua,
2312 3391 2372 3433 ut
2411 3379 2672 3439 diximus,
2732 3377 2917 3442 inepta
2964 3369 3267 3441 κακοζηλίᾳ
3347 3367 3452 3423 soli

1877 3487 2070 3543 sapere
2129 3473 2303 3526 videri
2365 3472 2563 3525 volunt
2622 3468 2919 3537 (Stobwus,
2978 3481 3037 3533 p.
3101 3465 3229 3530 57).
3291 3460 3454 3515 Μισῶ

1878 3566 2138 3636 σοφιστὴν
2178 3566 2328 3627 ὅστις
2375 3565 2474 3617 οὐκ
2518 3563 2666 3632 αὐτῷ
2713 3560 2895 3629 σοφός.
2928 3557 2986 3612 Si
3015 3557 3245 3628 placeat,
3274 3553 3457 3608 aiebat

1877 3659 2007 3711 olim
2031 3668 2254 3711 sanctus
2275 3656 2616 3726 Augustinus
2640 3653 2890 3707 scribens
2911 3650 3104 3705 contra
3124 3648 3454 3702 Petilianum

1879 3749 1997 3820 (lib.
2033 3752 2115 3813 ιι),
2151 3758 2197 3799 et
2233 3748 2372 3800 vobis
2408 3763 2504 3815 pro
2548 3743 2842 3798 maledictis
2879 3740 3160 3795 maledicta
3206 3750 3455 3805 reponere

1877 3856 2171 3909 possumus.
2198 3847 2248 3891 et
2278 3819 2369 3891 nos
2394 3839 2587 3891 diserte
2638 3836 2771 3904 forte
2819 3832 3102 3907 conviciari
3152 3842 3455 3898 possumus,

1878 3942 1926 3984 et
1950 3948 2041 3982 nos
2071 3932 2242 3983 dicere
2263 3928 2636 3997 crepitantibus
2663 3928 2891 3996 ﬂammis
2921 3940 2936 3978 :
2976 3923 3067 3976 sed
3103 3921 3249 3974 nullo
3298 3921 3452 3973 modo

1882 4026 2006 4076 mihi
2031 4031 2187 4075 sonat
2218 4022 2427 4080 diserte,
2464 4020 2602 4089 quod
2624 3997 2821 4070 dicilur
2855 4019 3048 4083 inepte.
3079 4015 3140 4066 Et
3169 4010 3459 4065 liessarion

1880 4114 2178 4168 cardiualis
2207 4116 2259 4166 in
2300 4114 2543 4182 Epistula
2573 4111 2778 4163 inedita
2812 4110 2877 4162 ad
2907 4109 3223 4184 Micltaeletn
3252 4106 3461 4175 By'zam

1880 4209 2039 4265 tium.
2118 4204 2268 4257 illius
2324 4202 2695 4256 eruditionem
2766 4201 2820 4253 in
2887 4199 2953 4253 iis
3009 4213 3130 4266 qum
3191 4195 3459 4250 adversus

1879 4292 2231 4365 Theodorum
2272 4292 2490 4345 Gazam
2550 4292 2878 4358 scripserat,
2926 4288 3152 4341 laudare
3207 4285 3458 4355 quidem.

1877 4402 1988 4439 non
2015 4400 2148 4437 vero
2173 4384 2264 4435 τὸν
2292 4382 2389 4449 τῆς
2421 4382 2747 4450 συνηγορίας
2774 4379 2977 4449 τρόπον
3001 4380 3232 4447 probare
3259 4392 3317 4430 se
3341 4376 3417 4429 ait
3443 4392 3457 4428 :

1879 4479 1954 4529 Οὐ
2004 4478 2130 4543 γὰρς
2186 4474 2373 4529 subdit
2402 4474 2519 4535 ille,
2564 4472 2854 4540 λοιδορίαις
2883 4469 2979 4522 τοῦ
3017 4464 3461 4532 ἀντιδίκου,’ἀλλ⁹

177 4559 441 4613 consulto
473 4557 560 4610 vel
604 4558 751 4611 lecto
782 4558 1147 4627 'l'heOpbnnc,
1187 4559 1348 4628 cuius
1390 4559 1536 4612 illius
1582 4570 1769 4613 auctor

1835 4566 2187 4629 »ἀποδείξεσι
2217 4566 2307 4617 καὶ
2358 4564 2609 4630 λογικοῖς
2644 4562 2916 4629 ἀνάγκαις
2944 4560 3021 4629 τῷ
3058 4574 3120 4611 τι
3155 4557 3295 4626 φίλῳ
3335 4572 3462 4608 συν-

177 4653 546 4718 interpretem
578 4650 711 4719 egit.
750 4649 881 4715 Quae
910 4650 1135 4719 quidem
1170 4665 1275 4703 non
1307 4664 1374 4703 eo
1403 4649 1531 4703 dico
1562 4652 1770 4714 animo,

176 4744 335 4812 quasi
379 4742 562 4795 aliena
592 4741 889 4809 expilasse,
924 4720 1009 4795 vel
1042 4740 1190 4810 quod
1226 4742 1294 4795 ab
1328 4743 1454 4796 aliis
1478 4742 1772 4795 observata

177 4849 288 4886 non
344 4847 515 4901 posse
573 4847 797 4885 rursum
859 4832 1187 4900 scriptorem
1237 4832 1555 4895 observare,
1607 4832 1771 4885 velim

134 4916 140 4925 ’
178 4924 529 4979 contendere
562 4943 575 4977 :
608 4939 736 4977 cum
770 4933 1138 4993 praeterquam
1170 4925 1317 4993 quod
1351 4924 1548 4978 iisdem
1578 4939 1775 4979 omnes

180 5021 396 5073 utimur
423 5018 607 5082 libris,
644 5034 765 5088 qua:
793 5018 967 5072 semel
998 5018 1053 5071 in
1082 5017 1362 5087 publicam
1390 5018 1572 5071 lucem
1608 5018 1774 5072 cmit-

179 5108 399 5175 tuntur,
424 5111 729 5182 iurisxliant
760 5111 990 5181 publici.
1021 5110 1213 5179 Neque
1252 5110 1401 5163 enim
1429 5124 1495 5163 ex
1531 5110 1599 5164 iis
1626 5125 1774 5172 sum,

179 5208 274 5277 qui
321 5208 371 5262 si
409 5205 716 5275 quidpiam,
769 5215 865 5259 aut
918 5204 1085 5275 quod-
1108 5204 1402 5273 scripsere,
1430 5211 1527 5257 aut
1577 5204 1631 5256 in
1658 5204 1777 5259 suis

181 5290 343 5351 antea
386 5296 608 5351 emissis
648 5296 1131 5349 lucubrationibus
1166 5295 1253 5347 vel
1284 5295 1481 5347 leviter
1520 5293 1773 5361 attigere,

180 5390 297 5452 alii,
320 5388 645 5458 idexigente
661 5387 809 5455 quod
829 5385 1279 5457 pertractandum
1298 5392 1666 5453 susceperunt
1684 5400 1776 5438 ar—

180 5489 470 5551 gumento,
503 5480 719 5547 pariter
754 5478 1051 5548 attingant,
1083 5477 1232 5531 illico
1262 5476 1452 5531 nescio
1480 5492 1585 5545 qua
1636 5477 1777 5546 lym-

182 5575 292 5644 pba
337 5571 604 5639 correpti,
639 5571 795 5639 quasi
826 5575 881 5624 in
920 5569 1121 5638 publici
1169 5569 1354 5622 a'rarii
1401 5569 1567 5637 fures,
1603 5578 1661 5623 ut
1690 5580 1776 5623 est

182 5668 332 5738 apud
410 5665 829 5736 Hieronymum,
899 5664 1213 5734 insurgunt,
1311 5663 1775 5730 quemadmodum

181 5763 421 5817 Luscius
460 5761 550 5815 ille
579 5758 874 5814 Luscinius
907 5760 958 5811 in
994 5756 1320 5811 Terentium
1369 5756 1772 5810 conuediarum

182 5854 515 5926 κύριοι-ειη
546 5868 560 5908 :
602 5852 688 5907 \el
719 5849 1463 5926 repetundarunt__accusant,
1502 5858 1563 5905 ut
1600 5848 1772 5905 Graeci

1878 4657 2207 4727 mopqtéov,
2236 4658 2326 4708 τόν
2352 4672 2411 4707 τε
2450 4641 2647 4723 ἐχθρὸν
2681 4654 2970 4721 ἀμυντέον.
3013 4650 3068 4705 Si
3110 4647 3333 4718 quando
3362 4647 3463 4715 igi-

1880 4760 1970 4805 tur
2000 4750 2066 4822 ab
2114 4748 2437 4816 quorumvis
2468 4748 2825 4816 scriptorum,
2882 4742 3085 4796 nedum
3128 4742 3459 4802 amicorum,

1877 4839 2150 4895 sententia
2181 4838 2542 4901 discedimus,
2571 4839 2645 4892 ita
2676 4836 2881 4890 versari
2916 4834 3203 4896 debemus,
3234 4840 3295 4884 ut
3314 4846 3463 4884 asse-

1877 4930 2109 4999 quenda:
2154 4907 2425 4983 duntaxat
2454 4928 2725 4999 veritatis
2776 4941 2940 4980 causa
2996 4924 3049 4978 id
3105 4922 3220 4983 liat,
3256 4922 3460 4985 allatis,

1876 4998 2081 5090 quibus
2133 5006 2319 5075 nostra
2353 4998 2556 5073 ﬁrmari
2596 5016 2791 5086 possit,
2849 5015 2935 5069 vel
2981 5013 3343 5083 argumentis,
3375 5012 3462 5065 vel

1876 5116 2208 5181 scriptorum
2240 5103 2685 5171 auctoritatibus,
2716 5126 2841 5165 cum
2873 5110 2927 5163 in
2957 5122 3151 5162 eorum
3184 5104 3370 5169 verba,
3405 5104 3461 5158 in

1878 5222 1936 5260 re
2000 5208 2235 5259 maxime
2294 5204 2582 5266 lrttcraria,
2636 5203 2823 5273 iurare
2881 5198 3107 5252 minime
3159 5205 3253 5249 aut
3302 5206 3461 5263 cogat

1877 5299 2083 5365 qua:st
2116 5295 2483 5357 necessitudo,
2512 5295 2595 5347 vel
2627 5302 2778 5363 parta
2807 5292 2974 5345 etiam
3022 5287 3291 5342 doctrina:
3339 5286 3461 5339 exi-

1877 5388 2139 5441 stimatio.
2198 5388 2337 5440 Tum
2393 5401 2527 5440 vero
2575 5386 2690 5438 sine
2753 5394 2932 5436 nostro
2983 5382 3201 5435 invicem
3254 5377 3458 5441 dolore,

1877 5481 2025 5548 quwl
2097 5480 2281 5533 aiebat
2366 5488 2591 5532 sanctus
2658 5475 3024 5546 Hieronymus
3083 5474 3331 5529 scribens
3389 5471 3458 5526 ad

1878 5581 2125 5626 sanctum
2140 5570 2531 5642 Augustinum,
2567 5570 2746 5623 ludere
2773 5569 2957 5622 liceat.

1882 5703 2055 5759 Multa
2088 5708 2216 5773 iocis
2242 5716 2483 5772 pateant,
2516 5706 2667 5757 licent
2706 5719 2910 5771 quoque
2943 5702 3120 5755 ludere
3150 5700 3310 5769 ﬁctis.
3416 5762 3419 5765 Α

1883 5775 1987 5829 Sed
2025 5780 2207 5843 lingua
2241 5778 2501 5831 mulcente
2542 5792 2754 5845 grauem
2785 5773 3093 5845 interlidere
3114 5774 3349 5837 dentem,

1890 5842 2402 5905 Lndcreblanditiis
2434 5842 2725 5915 urtntibus,
2753 5853 2800 5898 et
2832 5842 2969 5899 male
3000 5842 3177 5896 dulces
