4236 6442
779 387 882 453 lli

782 497 1126 566 Fermentare
1153 496 1301 566 jocos
1334 503 1534 564 satyro:
1575 494 1836 566 mordacis
1867 501 2038 555 aeetO,

778 565 933 634 Sarpe
963 565 1240 635 poetarum
1274 581 1549 635 nunquam
1605 565 1749 618 decet
1781 581 1890 617 esse
1916 571 2221 630 parentum.

779 659 922 723 Quin
960 657 1160 726 potius,

782 771 840 842 Si
871 785 1034 837 pravo
1063 781 1284 833 rectum,
1321 771 1368 824 si
1394 769 1645 842 religiosa
1679 771 1945 841 profanis,

783 841 1014 895 Luxurie
1041 856 1281 910 parcum,
1310 845 1454 911 turpi
1482 841 1722 894 mutatur
1746 843 2042 906 honestum,

784 912 994 979 Segnis.
1022 912 1186 970 iners,
1212 913 1432 964 obcurus
1463 928 1586 976 ago,
1621 915 1872 965 miserere
1897 912 2100 966 sodalis

781 980 847 1051 In
883 979 1029 1032 mala
1063 983 1293 1049 perversi
1319 998 1337 1036 :
1374 982 1632 1034 blandum
1667 983 1785 1035 licet
1816 986 1897 1035 ira
1922 990 2198 1051 parentem

788 1050 1017 1120 Excitet,
1055 1061 1109 1103 ut
1145 1051 1352 1120 lapsum
1389 1053 1544 1104 rectis
1569 1054 1832 1106 instauret
1864 1050 2101 1106 anticum

784 1118 1048 1185 Moribus,
1077 1130 1127 1174 et
1156 1118 1352 1174 monitu
1381 1132 1592 1191 reparet
1619 1122 1838 1175 meliora
1872 1139 2073 1177 severo.

1593 1213 1672 1282 (S.
1704 1213 1920 1279 Paulin,
1954 1230 2139 1282 poem.
2175 1215 2295 1284 xu.)

788 1324 892 1380 Sed
927 1333 1126 1394 praater
1157 1325 1354 1380 allatas
1377 1325 1649 1396 ejusmodi
1679 1337 1756 1381 tot
1774 1343 2098 1398 magnorum
2127 1332 2370 1384 virorum

787 1419 889 1472 hac
915 1419 985 1473 de
1014 1435 1070 1472 re
1105 1419 1430 1480 sententias,
1479 1433 1549 1472 an
1583 1435 1692 1474 non
1751 1421 1923 1476 liceat
1975 1424 2140 1476 aliam
2174 1438 2372 1478 recen-

789 1509 967 1575 tioris,
999 1519 1164 1577 atque
1195 1511 1333 1564 adeo
1373 1512 1666 1581 singularis
1694 1514 2027 1567 eruditionis
2059 1515 2370 1583 scriptoris,

789 1603 881 1657 hic
930 1602 1096 1658 etiam
1146 1603 1496 1672 appingere'l
1552 1602 1600 1658 Is
1651 1612 1734 1658 est
1794 1605 2063 1660 Henricus
2122 1608 2372 1664 Valesius

791 1694 1055 1748 Hadriani
1085 1697 1283 1760 frater,
1319 1696 1411 1764 qui
1451 1695 1515 1749 ad
1553 1697 1824 1765 Excerpta
1862 1699 2073 1770 Polybii
2110 1702 2192 1756 sic
2227 1718 2369 1771 prie.—

791 1786 978 1840 fatur:
1021 1805 1040 1840 ι
1076 1786 1254 1856 Atque
1285 1789 1400 1842 haec
1453 1788 1521 1842 de
1559 1791 1813 1845 versione
1855 1790 2164 1847 Casauboni
2212 1795 2370 1864 quasi

792 1894 890 1947 per
917 1894 1201 1933 excessum
1235 1878 1383 1934 dicta
1427 1881 1557 1945 sint,
1611 1897 1718 1934 non
1787 1881 2138 1938 obtrectandi
2189 1887 2375 1940 studio

791 1969 866 2039 (id
893 1970 1038 2023 enim
1072 1970 1313 2024 alienum
1345 1981 1429 2025 est
1457 1987 1486 2024 a
1519 1973 1726 2040 nobis),
1754 1974 1850 2028 sed
1894 1984 1954 2029 ut
1985 1977 2027 2029 si
2065 1976 2204 2032 forte
2239 1980 2374 2048 quid

791 2076 822 2114 a
855 2078 942 2114 me
977 2069 1264 2130 peccatum
1305 2063 1360 2115 in
1411 2065 1667 2118 versione
1727 2081 1848 2120 mea
1902 2066 2374 2136 deprehendetur.

793 2152 1010 2206 facilius
1043 2154 1214 2209 lector
1246 2155 1492 2224 ignoscat
1529 2174 1542 2210 :
1600 2155 1803 2214 deinde
1834 2171 1966 2214 vero
2001 2171 2061 2215 ut
2109 2163 2378 2219 abstersis

792 2240 880 2294 his
910 2241 1076 2296 mevis
1127 2243 1369 2313 aliquam
1400 2245 1632 2315 gratiam
1677 2263 1708 2302 a
1764 2250 2036 2308 studiosis
2087 2253 2376 2311 iniretnus.

793 2330 1049 2388 llorninis
1073 2335 1216 2388 enim
1241 2334 1464 2405 ingenui
1493 2352 1617 2392 esse
1640 2339 1904 2405 arbitror,
1933 2353 1994 2397 ut
2019 2353 2097 2398 att
2119 2345 2378 2418 Polybius

793 2433 1006 2488 noster,
1041 2442 1152 2480 non
1188 2443 1253 2482 ex
1285 2427 1482 2482 alienis
1510 2430 1713 2486 erratis
1742 2431 1975 2500 gloriam
2004 2445 2252 2506 captare,
2285 2439 2380 2494 sed

794 2529 920 2571 cum
953 2517 1180 2583 nostris,
1210 2527 1325 2574 tum
1361 2521 1529 2575 etiam
1579 2522 1781 2579 alienis
1823 2526 2069 2596 scriptis,
2109 2539 2380 2598 quantum

796 2605 850 2659 in
881 2606 1040 2662 nobis
1063 2617 1167 2670 est,
1204 2623 1394 2661 curam
1424 2619 1590 2678 atque
1619 2611 2066 2670 emendationem
2091 2617 2378 2674 adhibere.

795 2697 966 2768 Cujus
985 2699 1210 2768 quidem
1234 2700 1472 2755 instituti
1501 2701 1674 2755 nostri
1702 2702 1906 2773 ubique
1934 2705 2097 2760 velim
2121 2707 2382 2764 lectorem

798 2789 1136 2853 meminisse,
1162 2789 1209 2842 si
1234 2789 1456 2858 quando
1493 2791 1549 2844 in
1585 2791 1745 2845 Notis
1788 2807 1819 2846 a
1865 2793 2158 2850 doctorum
2206 2797 2386 2854 homi-

799 2893 931 2932 num
964 2877 1224 2947 opinione
1246 2878 1625 2935 dissentimus.
1666 2881 1928 2952 Idemque
1959 2886 2075 2955 ipse
2109 2902 2139 2941 a
2164 2890 2385 2944 caeteris

799 2971 1042 3038 postulo,
1080 2980 1140 3026 ut
1171 2972 1373 3036 sicubi,
1403 2972 1551 3042 quod
1586 2962 1818 3030 nimium
1848 2991 1992 3047 saepe
2022 2978 2274 3036 fortassis
2300 2997 2389 3036 ac-

799 3061 956 3128 cidit,
1020 3077 1052 3117 a
1102 3062 1334 3118 veritate
1397 3065 1806 3132 aberraverim,
1884 3070 2164 3141 corrigere
2221 3081 2386 3142 atque

2053 380 2387 442 JUANNIS
2426 380 2748 442 ZONARAS

2401 497 2446 551 Α
2478 505 2638 546 secus
2670 503 2835 558 quam
2870 489 3074 545 veritas
3109 489 3225 558 ipsa
3273 488 3514 560 postulat
3547 487 3755 544 dictum
3789 489 4069 558 frequen-

3956 374 4070 438 ili!

2470 582 2579 634 tius
2607 581 2793 645 fuerit,
2829 591 3117 636 monentes
3141 581 3342 636 lubens
3371 596 3591 649 sequar,
3613 592 3669 634 et
3692 594 3875 634 ceram
3909 594 4069 633 com-

2471 671 2710 741 planabo
2744 690 2758 726 :
2797 673 2926 727 dico
2962 683 3275 738 monentes,
3310 689 3420 726 non
3472 672 3820 726 invadentes.
3860 670 4067 725 Lecto-

2470 779 2584 818 rcm
2641 774 2773 834 opto
2823 765 3118 827 arbitrum,
3180 780 3290 819 non
3345 764 3748 826 adversarium,
3809 773 3872 817 ut
3929 762 4066 816 olim

2468 856 2677 926 optime
2734 857 3026 925 Stagirites
3078 856 3444 927 philosophus
3496 856 3653 912 dixit.
3709 847 3893 923 Atque
3947 855 4069 908 haec

2469 949 2692 1017 quidem
2749 948 2952 1002 tradita
3008 949 3278 1004 hactenus
3324 965 3356 1003 a
3401 956 3484 1004 tot
3535 947 3668 1002 viris
3717 945 4071 1016 sapientibus

2471 1050 2766 1110 praecepta,
2819 1042 2865 1094 si
2905 1043 2965 1093 ὲν
3004 1043 3118 1103 τοῖς
3149 1041 3260 1094 τῶν
3311 1041 3502 1110 ψυχῶν
3540 1041 3740 1110 ἠρίοις,
3775 1040 3830 1094 id
3865 1050 3975 1103 est,
4013 1040 4070 1093 in

2473 1130 2784 1183 animorum
2812 1139 3132 1184 nostrorum
3167 1131 3566 1196 monumentis,
3595 1129 3676 1183 uti
3705 1129 3878 1184 libros
3908 1137 4073 1184 vocat

2473 1220 2834 1284 Themistius,
2890 1236 2988 1274 seu
3037 1223 3095 1274 ἐν
3125 1221 3329 1286 (dicat;
3378 1222 3552 1274 εἰκόσι
3598 1222 3698 1291 τῆς
3741 1220 3945 1291 ψυχῆς,
3988 1221 4070 1276 uti

2473 1312 2825 1382 appellantur
2854 1328 2885 1366 a
2922 1312 3186 1368 Michaele
3219 1313 3400 1368 Pscllo
3453 1314 3508 1367 in
3560 1313 3815 1367 Monodia
3852 1314 4070 1367 inedita

2476 1406 2530 1460 in
2563 1405 2833 1461 Joannem
2869 1405 3197 1470 Patricium,
3236 1406 3434 1460 sedulo
3481 1412 3878 1474 exsequamur,
3924 1421 4070 1476 pne-

2474 1501 2678 1554 claram
2709 1498 2765 1552 in
2798 1499 2960 1554 nobis
2989 1515 3203 1554 morum
3259 1499 3511 1554 civilium
3545 1499 3871 1568 ellingemus
3908 1510 3968 1554 et
4002 1501 4070 1556 ad

2476 1602 2729 1661 posteros
2758 1593 3201 1646 transtnittemus
3250 1593 3570 1662 imaginem.
3620 1593 3728 1649 Sed
3764 1593 3878 1647 haec
3911 1593 4073 1663 quasi

2477 1699 2574 1753 per
2602 1697 2973 1748 transennam,
3030 1684 3162 1739 licet
3214 1685 3358 1740 forte
3391 1695 3548 1740 extra
3582 1701 3722 1750 rem,
3765 1685 3916 1740 dicta
3963 1685 4073 1739 sint

2477 1777 2546 1830 de
2579 1775 2665 1830 his
2697 1776 2960 1830 duntaxat
2987 1776 3081 1844 qui
3110 1791 3179 1830 ex
3210 1775 3596 1846 hujuscemodi
3626 1777 3898 1830 inurbana
3938 1777 4075 1845 faci-

2481 1869 2627 1922 litate
2663 1885 2727 1922 ac
2757 1867 3104 1922 delectatione
3133 1868 3368 1938 quadam
3417 1870 3852 1939 reprehendendi,
3897 1879 3961 1922 ut
4000 1870 4076 1923 lo-

2479 1964 2670 2030 quitur
2699 1959 2890 2029 Lupus
2929 1959 3102 2014 abbas
3132 1959 3507 2016 Fcrraricnsis
3539 1959 3739 2032 (Epist.
3769 1961 3886 2028 26),
3919 1961 4076 2030 plau-

2481 2068 2602 2107 sum
2639 2061 2860 2121 captare
2886 2052 3090 2106 solent.

2556 2144 2741 2200 XXIV.
2772 2144 2884 2199 Nos
2927 2159 3061 2198 vero
3109 2143 3203 2212 qui
3260 2153 3341 2198 tot
3375 2144 3522 2200 inter
3555 2145 3785 2215 hujusce
3816 2144 3920 2200 aevi
3947 2160 4079 2200 eru-

2481 2235 2630 2291 ditos
2675 2250 2744 2290 ne
2782 2235 3066 2290 minimam
3099 2234 3325 2304 quidem
3365 2237 3621 2291 obtinere
3667 2237 3890 2291 laudem
3929 2237 4075 2292 ultro

2483 2343 2611 2384 cum
2633 2328 2994 2384 dissertatore
3016 2329 3389 2399 agnoscimus,
3421 2337 3642 2384 nostras
3659 2330 4075 2400 qualescunque

2484 2421 3004 2486 commentationes,
3067 2431 3125 2476 et
3171 2435 3310 2489 quas
3367 2419 3646 2476 interdum
3688 2420 3890 2476 damus
3948 2437 4081 2477 cou-

2480 2512 2751 2581 jeeturas,
2785 2513 3036 2566 omnium
3082 2512 3310 2583 judiciis
3352 2511 3595 2568 libentes
3625 2512 3991 2582 exponimus,
4023 2521 4077 2567 ut

2487 2605 2581 2674 qtti
2616 2619 2647 2659 a
2675 2605 3040 2665 doctioribus.
3083 2607 3130 2659 si
3190 2605 3376 2676 lapsos
3408 2619 3512 2660 nos
3538 2607 3859 2676 contigerit,
3883 2607 3959 2662 ab
3989 2622 4084 2662 er-

2488 2696 2708 2751 roribus
2727 2696 2862 2766 erigi
2886 2696 3028 2751 haud
3052 2707 3277 2767 gravate
3304 2698 3567 2754 feramus.
3594 2696 3835 2754 Proinde
3864 2709 4082 2754 tantum

2488 2787 2669 2850 abest,
2705 2797 2764 2842 ut
2793 2789 3127 2843 sententiam
3163 2800 3414 2844 nostram
3463 2791 3532 2846 de
3584 2787 3857 2846 Hebdomi
3910 2791 4023 2844 situ
4055 2805 4084 2843 a

2489 2879 2610 2933 viro
2638 2880 2707 2934 cl.
2747 2880 3049 2950 improbari
3071 2896 3216 2951 aegre
3249 2881 3497 2945 tulerim,
3530 2891 3590 2936 ut
3621 2882 3770 2936 illius
3801 2882 4085 2936 Disserta~

2490 2971 2696 3026 tionem
2724 2973 2927 3042 cupide
2978 2973 3167 3027 statim
3217 2973 3574 3044 arripuerim,
3607 2989 3675 3028 ex
3714 2989 3779 3028 ea
3808 2973 3963 3043 quod
3999 2988 4086 3027 me

2489 3063 2725 3132 fugisset
2767 3063 3052 3133 quidpiam
3121 3074 3563 3130 consecuturus,
3633 3082 3751 3120 cum
3828 3065 4084 3135 qua-dam

799 3154 1096 3210 emendare
1145 3171 1212 3209 ne
1241 3152 1536 3212 dubitent:
1573 3159 1680 3214 hoc
1709 3160 1857 3214 enim
1888 3161 2191 3218 dummodo
2239 3164 2388 3220 bono

2491 3156 2728 3209 scientia
2789 3157 2962 3227 portio
3027 3156 3129 3220 sit,
3206 3155 3389 3222 inquit
3441 3156 3677 3212 Faustus
3744 3155 4085 3226 Rhegiensis

804 3263 956 3303 more
977 3257 1036 3302 et
1071 3251 1210 3304 citra
1243 3252 1554 3306 convicium
1608 3253 1720 3317 liat,
1757 3255 1947 3324 gratiaa
1977 3268 2142 3326 atque
2189 3257 2385 3314 honori

803 3340 1116 3396 habendum
1161 3353 1314 3414 puto.
1355 3363 1373 3396 ι
1421 3338 1611 3414 Neque
1641 3347 1945 3404 omittenda
1976 3350 2142 3405 verba
2173 3350 2387 3422 Polybii

804 3431 895 3486 hic
921 3433 1161 3499 laudata,
1192 3437 1404 3492 caneris
1426 3454 1456 3493 a
1483 3439 1646 3493 nobis
1671 3439 1969 3511 descriptis
1993 3441 2343 3511 adiungenda
2371 3460 2386 3498 :

806 3523 942 3593 Περὶ
971 3525 1028 3578 δὲ
1051 3526 1158 3579 τῶν
1184 3529 1366 3580 τόπων
1388 3528 1614 3596 ἀγνοίας
1632 3531 1738 3583 τῶν
1761 3533 1903 3585 κατὰ
1930 3532 2026 3604 τὴν
2042 3535 2387 3605 Λακωνικὴν,

805 3614 895 3668 διὰ
954 3616 1015 3669 τὸ
1073 3619 1317 3689 μεγάλην
1366 3615 1509 3674 εἶναι
1563 3624 1952 3691 πιράπτωσιν,
2017 3626 2119 3678 οὐκ
2162 3625 2391 3696 ὤκνησα

807 3709 1015 3778 γράψαι
1040 3711 1176 3781 πρὸς
1210 3713 1371 3766 αὐτὸν
1412 3716 1654 3785 Ζήνωνα,
1683 3717 1908 3785 κρίνων,
1941 3719 2108 3772 καλὸν
2166 3714 2392 3772 εἶναιτὸ

815 3800 890 3871 μὴ
939 3800 1038 3865 τὰς
1098 3803 1207 3856 τῶν
1279 3805 1449 3868 πέλας
1506 3807 1781 3877 ἁμαρτίας
1839 3809 1948 3862 ῑδια
1994 3811 2392 3880 προτερήματα.

811 3897 1076 3964 νομίζειν,
1121 3899 1371 3969 καθάπερ
1407 3899 1538 3954 ἔνιοι
1587 3904 1759 3954 ¹ποιεῖν
1808 3902 2090 3968 εἰώθασιν,
2140 3905 2278 3957 ἀλλὰ
2314 3905 2390 3975 μὴ

817 3987 978 4054 μόνον
999 3989 1106 4040 τῶν
1144 3989 1289 4044 ἰδίων
1321 3991 1756 4062 ὑπομνημάτων,
1805 3993 1944 4047 ἀλλὰ
1972 3993 2069 4047 καὶ
2097 3995 2206 4048 τῶν
2236 3996 2395 4050 ἁλλο-

812 4082 1001 4150 τρίων,
1045 4083 1275 4136 καθόσον
1317 4078 1420 4136 οἷοί
1458 4085 1517 4138 τέ
1569 4086 1760 4154 ἐσμεν,
1811 4086 2085 4139 ποιεῖσθαι
2136 4087 2398 4156 πρόνοιαν

819 4174 914 4226 καὶ
957 4173 1246 4242 διόρθωσιν
1304 4177 1465 4244 χάριν
1524 4177 1621 4244 τῆς
1681 4180 1865 4246 κοινῆς
1915 4177 2205 4246 ὠφελείας.
2267 4177 2398 4244 Qum

814 4263 1039 4331 quidem
1072 4264 1144 4317 ita
1181 4264 1374 4318 Latine
1406 4264 1646 4320 reddidit
1689 4266 1888 4321 doctus
1936 4268 2210 4336 interpres
2243 4286 2256 4320 :
2286 4267 2400 4321 Ca:—

816 4369 850 4409 t.
873 4375 991 4411 rum
1018 4358 1083 4410 de
1113 4357 1211 4411 illa
1240 4360 1374 4412 situs
1425 4358 1704 4413 Laconica:
1735 4362 2092 4429 ignoratione,
2147 4375 2209 4412 eo
2261 4361 2397 4429 quod

814 4453 989 4520 gravis
1015 4466 1124 4504 esse
1151 4452 1195 4505 is
1225 4467 1375 4505 error
1402 4451 1689 4514 videretur,
1721 4454 1791 4503 ad
1816 4453 1989 4516 ipsum
2012 4451 2280 4505 Zenonem
2313 4454 2400 4504 lit-

2492 3245 2570 3314 (in
2597 3241 2773 3315 Epist.
2817 3248 2883 3301 ad
2922 3248 3186 3315 Paulin.),
3224 3251 3359 3303 scire
3398 3250 3539 3320 quod
3569 3252 3736 3304 nescis
3779 3259 3828 3303 et
3867 3266 3934 3303 ea
3967 3265 4087 3319 quc

2491 3338 2808 3405 ignorantur
2837 3352 2943 3390 non
2974 3335 3229 3408 intelligis
3253 3338 3542 3408 prudenter
3571 3340 3860 3409 inquirere.
3891 3337 4088 3408 Neque

2491 3443 2640 3482 enim
2677 3441 2798 3484 sum
2842 3447 2852 3472 ⁸

2495 3581 2531 3614 ,Α
2556 3584 2569 3596 .
2619 3581 2633 3595 .
2676 3581 2691 3597 .
2738 3584 2751 3598 .
2797 3552 2906 3596 tam
2923 3544 3083 3596 stulte
3099 3554 3738 3614 repttgnans,atttamans
3761 3561 3923 3612 prave
3943 3562 4084 3606 mea,

2495 3611 2636 3677 Quin
2652 3615 2835 3668 statim
2849 3611 3176 3684 culpandum
3193 3611 3399 3682 dolens,
3421 3616 3687 3685 prwbeam
3708 3611 3860 3669 rectis
3883 3615 4085 3670 locum.

3529 3685 3776 3747 (Terent.
3813 3686 4019 3756 llaur.)

2494 3796 2636 3852 Sicut
2667 3801 2809 3853 enim
2841 3799 3109 3854 laudabile
3128 3809 3206 3854 est
3236 3817 3268 3854 a
3307 3816 3436 3855 vera
3467 3801 3734 3854 sententia
3786 3816 3891 3854 non
3939 3817 4092 3853 anto-

2496 3891 2631 3955 veri,
2676 3892 3243 3960 inquitAugustinus,
3288 3891 3515 3959 (Contra
3551 3891 3826 3953 Crescon.,
3878 3891 3978 3945 lib.
4011 3908 4089 3954 Ill,

2498 3997 2619 4051 cap.
2654 3983 2730 4049 3).
2759 3985 2831 4036 ita
2864 3983 3128 4053 culpabile
3167 3984 3450 4052 persistere
3476 3985 3531 4036 in
3559 3983 3724 4053 falsa,
3747 4000 3909 4051 quam
3948 4001 4090 4034 nun-

2499 4091 2660 4141 quam
2689 4084 2863 4128 tenere
2887 4078 3058 4144 prima
3095 4075 3212 4128 laus
3237 4085 3335 4139 est,
3359 4075 3588 4129 secunda
3623 4083 3859 4132 mutare,
3907 4083 3967 4125 ut
3999 4085 4091 4127 aut

2501 4183 2564 4219 ea:
2614 4168 2763 4220 initio
2815 4185 2935 4221 t-eta
2987 4177 3319 4237 permaneat,
3367 4176 3483 4229 aut,
3511 4176 3719 4220 mutata
3768 4166 3930 4232 falsa.
3968 4183 4092 4219 rere

2500 4261 2765 4313 succedat.
2803 4260 3026 4318 Verum,
3055 4271 3116 4313 ut
3154 4259 3326 4312 fatear
3347 4257 3494 4326 quod
3537 4271 3627 4310 res
3669 4258 3920 4326 est,jure
3944 4255 4091 4308 forte

2504 4353 2826 4405 dubitabam
2855 4367 2923 4404 an
2969 4352 3022 4403 in
3057 4350 3202 4403 istud
3241 4350 3664 4419 disciplinarum
3700 4363 3874 4416 genus
3901 4347 4092 4400 oleum

2505 4458 2663 4496 suum
2711 4443 2979 4497 hactenus
3016 4443 3062 4493 is
3109 4442 3461 4499 contulisset,
3497 4454 3622 4492 cum
3659 4454 3905 4507 persaepe
3957 4453 4095 4491 con-

817 4553 960 4596 teras
980 4543 1208 4596 scribere
1232 4560 1336 4596 non
1363 4543 1623 4607 dubitavi,
1645 4545 1872 4598 hominis
1913 4546 2126 4613 ingenui
2169 4560 2278 4597 esse
2303 4561 2389 4596 ar-

2508 4535 2701 4603 tingat,
2755 4543 2816 4588 ut
2872 4534 2982 4586 illis
3015 4533 3181 4585 etiam
3233 4532 3327 4600 qui
3385 4531 3531 4585 inter
3579 4529 3831 4583 eruditos
3883 4532 4095 4596 primas

821 4631 1071 4690 bitratus,
1103 4647 1206 4684 non
1229 4647 1294 4684 ea:
1325 4633 1510 4687 alienis
1535 4634 1728 4686 erratis
1754 4635 1982 4702 gloriam
2009 4642 2244 4699 captare,
2263 4634 2400 4702 quod

821 4722 1067 4776 nonnulli
1096 4723 1288 4790 solent,
1334 4726 1426 4778 sed
1472 4741 1594 4778 cum
1629 4727 1821 4778 nostris
1854 4734 1964 4778 tum
1999 4726 2159 4777 etiam
2211 4727 2399 4777 alienis

824 4814 1253 4882 Commentariis,
1286 4817 1536 4870 utilitatis
1571 4817 1791 4886 publica:
1822 4816 2021 4886 gratia,
2056 4825 2313 4885 quantum
2345 4819 2400 4868 in

821 4907 969 4960 nobis
1004 4918 1102 4972 est,
1133 4924 1318 4962 curam
1352 4919 1511 4977 atque
1537 4909 1955 4961 emendationent
2007 4907 2274 4982 adhibere:
2323 4907 2402 4960 Ita

822 4999 1033 5052 sentire
1059 5001 1243 5054 solent
1275 5000 1374 5054 viri
1414 5002 1552 5055 bene
1586 4999 1654 5054 de
1682 4999 1884 5054 litteris
1916 4998 2123 5062 meriti,
2159 4999 2252 5067 qui
2294 5000 2404 5053 sci-

825 5090 961 5145 licet
989 5107 1100 5145 non
1133 5093 1439 5147 eathedrali
1487 5093 1723 5162 quadam
1772 5091 2196 5155 declamatione,
2233 5101 2288 5145 et
2323 5100 2405 5162 ty:-

827 5181 1073 5248 rannica,
1107 5192 1168 5238 ut
1211 5184 1283 5238 ita
1319 5185 1536 5254 loquar,
1571 5183 1922 5253 παιδαγωγίᾳ
1971 5181 2110 5236 alios
2157 5183 2405 5237 volentes

830 5276 1080 5330 nolentes
1121 5277 1174 5329 in
1202 5278 1533 5332 sententiam
1563 5291 1718 5331 suam
1750 5290 1944 5346 rapere
1982 5291 2045 5329 ac
2078 5276 2403 5343 pertrahere

824 5377 1124 5422 conantur.
1158 5367 1467 5432 Neminem,
1501 5368 1703 5438 inquit,
1735 5382 1984 5436 nuperos
2017 5366 2257 5434 scriptor
2280 5380 2403 5434 per-

827 5457 958 5511 inde
995 5456 1370 5522 doctissimus,
1424 5459 1788 5526 personaliter
1841 5459 1978 5524 laesi,
2030 5459 2134 5512 etsi
2199 5474 2227 5510 a
2270 5458 2406 5513 viris

828 5551 1062 5621 magnis,
1086 5551 1341 5616 eruditis,
1366 5552 1528 5607 bonis
1549 5553 1764 5617 amicis,
1789 5567 1900 5606 non
1927 5566 2050 5605 raro
2065 5550 2404 5605 dissentiam.

831 5641 948 5698 Hoc
976 5658 1196 5714 semper
1246 5659 1276 5697 a
1335 5660 1420 5698 me
1452 5645 1654 5699 factum
1699 5656 1784 5700 est
1834 5643 2097 5699 incolumi
2145 5642 2407 5706 amicitia,

833 5737 987 5790 cultu
1014 5744 1071 5790 et
1103 5736 1477 5791 observantia.
1509 5737 1910 5792 Dissenticnles
1945 5737 2145 5796 colam,
2185 5745 2241 5788 et
2292 5734 2408 5788 dis-

835 5833 1166 5887 sentientem
1195 5837 1398 5900 mc,sat
1419 5829 1554 5898 scio,
1580 5829 1998 5902 patientur,qui,
2028 5829 2073 5885 si
2103 5827 2236 5900 quid
2261 5842 2290 5884 a
2322 5841 2408 5883 uie

2507 4639 2714 4689 tenent,
2750 4627 2920 4679 multa
2949 4625 3230 4688 excidant,
3264 4624 3462 4692 quibus
3491 4637 3685 4674 vacare
3719 4635 3828 4672 non
3867 4636 4094 4689 semper

2503 4720 2712 4789 patitur
2758 4721 2785 4771 ὁ
2833 4719 2946 4786 βίος
3001 4717 3231 4786 βραχύς,
3275 4715 3328 4766 in
3387 4712 3726 4781 amplissima
3780 4712 4094 4778 praasertim

2503 4810 2685 4864 omnis
2716 4809 2936 4878 generis
2980 4808 3294 4861 litterarum
3343 4813 3551 4873 segete,
3586 4817 3823 4871 quarum
3856 4813 4094 4854 αιτιοι-ιι-

2503 4906 2637 4974 quin
2684 4905 2717 4972 ἡ
2759 4903 2924 4972 τέχνη
2980 4900 3190 4970 μακρὴ.
3227 4900 3260 4967 ἡ
3296 4897 3352 4950 δὲ
3411 4898 3578 4964 πεῖρα
3627 4893 3900 4962 σμικρὴ,
3956 4896 3992 4963 ἡ
4039 4895 4094 4945 6's

2505 4999 2687 5068 κρίσις
2736 4996 2972 5066 χαλεπή,
3035 4991 3308 5062 siquidem
3362 4989 3453 5043 hic
3505 4999 3696 5058 aptare
3727 4987 3893 5040 liceat
3926 4988 4095 5040 verba

2507 5089 2848 5143 medicorum
2875 5085 3146 5156 principis
3172 5101 3186 5136 :
3212 5083 3350 5137 adeo
3377 5092 3438 5136 ut
3465 5081 3510 5134 si
3540 5081 3719 5134 aliena
3747 5078 3890 5132 forte
3914 5079 4097 5133 studia

2506 5188 2801 5242 attentent,
2831 5179 3019 5233 statim
3063 5177 3346 5244 vulgatum
3385 5172 3531 5228 istud
3583 5172 3983 5238 Aristophanis
4035 5172 4098 5223 iis

2507 5273 2819 5332 occinatur,
2855 5269 3043 5338 Ἐρδοι
3073 5286 3155 5329 τις
3182 5269 3248 5338 ἢν
3278 5267 3510 5326 ἕκαστος
3533 5264 3700 5330 εἰδείη
3728 5264 3956 5330 τέχνην.
3992 5261 4096 5316 Sed

2507 5364 2973 5434 exspectationem
3011 5376 3189 5415 meam
3220 5360 3531 5428 speciosum
3583 5357 3781 5409 lemma
3827 5354 4096 5407 fefellisse

2509 5458 2775 5513 continuo
2828 5455 3067 5516 adverti,
3130 5453 3381 5520 nihilque
3435 5450 3564 5503 novi
3625 5449 3692 5501 ab
3729 5462 3796 5500 eo
3840 5448 4094 5508 allatum,

2510 5548 2658 5618 quod
2689 5563 2758 5602 ne
2791 5547 3084 5601 minimum
3114 5545 3338 5614 quidem
3368 5559 3398 5597 a
3426 5543 3659 5612 pristina
3692 5542 3984 5593 sententia
4018 5555 4096 5590 me

2511 5641 2819 5698 dimovere,
2856 5653 2959 5694 nec
2992 5638 3244 5707 quemvis
3278 5635 3362 5690 vel
3396 5634 3593 5688 leviter
3625 5633 3678 5685 in
3711 5629 3968 5683 Historia,
4004 5627 4101 5696 Bg-

2511 5734 2748 5786 zantina:
2795 5732 3036 5784 lectione
3069 5739 3350 5784 versatum
3390 5729 3443 5783 in
3482 5728 3631 5781 illius
3676 5734 3868 5794 partes
3919 5721 4099 5774 abdu-

2515 5841 2640 5882 cere
2671 5823 2929 5881 debuerit
2959 5841 2972 5879 ;
3009 5838 3134 5880 cum
3169 5824 3225 5878 in
3273 5837 3343 5879 eo
3388 5823 3649 5884 maxime,
3687 5815 3840 5887 quod
3884 5812 4092 5868 llebdo
