4236 6442
811 420 920 484 415

1441 523 1730 579 Sabellius.

870 647 953 703 'l‘u
985 641 1272 712 suscepisti
1318 641 1371 694 in
1406 649 1596 700 utero,
1641 636 1888 690 onmium
1935 633 2138 702 Regina
2162 674 2175 697 ,
2213 632 2379 684 unius

805 737 1113 792 divinitatis
1168 743 1279 786 tres
1329 730 1583 784 habentis
1638 728 1958 798 bypostases
2010 739 2138 776 vere
2185 737 2377 784 unum,

806 830 1046 889 Filium;
1089 822 1305 878 etiamsi
1343 821 1614 876 Satn-llius
1650 817 1974 872 confusione
2011 814 2179 883 impie
2216 829 2382 866 exeo-

805 922 996 983 gilata,
1031 918 1084 970 in
1116 931 1281 969 unam
1307 914 1474 966 trimn
1507 910 1790 963 nominum
1816 921 2106 978 personam
2133 903 2382 958 imnrobe

808 1010 1133 1063 Trinitatem
1169 1004 1532 1061 contraxerit.

1417 1115 1777 1171 Macedonius.

877 1239 981 1303 Qui
1031 1247 1082 1292 te
1123 1233 1504 1294 obumbravit,
1548 1229 1932 1290 Immaculata,
1971 1227 2238 1296 Spiritum
2285 1225 2383 1280 Dei

812 1328 1138 1384 increatum.
1173 1325 1349 1378 Verbo
1379 1331 1435 1374 et
1475 1320 1622 1373 l’atri
1657 1318 2184 1373 consubstantialem
2220 1317 2387 1386 glori-

811 1414 1057 1472 ficamus,
1085 1411 1154 1463 ab
1185 1410 1290 1463 hoc
1320 1408 1710 1478 procedentem
1738 1424 1753 1472 ;
1786 1406 2164 1459 Macedonium
2197 1404 2383 1458 cuncti

808 1505 1044 1556 delirare
1082 1503 1351 1565 sitientes,
1383 1500 1478 1569 qui
1512 1499 1647 1553 dicit
1676 1514 1803 1554 eum
1835 1513 1957 1553 esse
1987 1508 2300 1552 creaturam
2327 1503 2385 1550 et

814 1596 976 1650 factm
992 1611 1102 1650 am.

1421 1687 1806 1758 Apollinarius.

883 1799 955 1854 ne
1007 1800 1147 1855 coelo
1196 1799 1538 1855 descendens
1573 1798 2092 1852 Dominusintnum
2141 1807 2382 1862 uterum,

2073 405 2257 466 JOAN
2272 405 2315 464 Ν
2331 404 2396 460 IS
2439 402 2758 462 ZONARJE

3960 397 4071 458 416

3093 512 3436 576 Σαϐάίλιος.

2553 625 2625 677 Σὺ
2654 624 2899 690 ὒπεδέξω
2930 625 2986 676 ὲν
3021 626 3239 694 γαστρὶ,
3276 625 3660 686 ΙΙαντάνασσα,
3687 624 4068 695 τρισυποστά-

2480 735 2574 770 του
2611 719 2765 786 μιᾶς,
2801 717 2876 779 ὡς
2907 716 3123 786 ἀληθῶς
3155 718 3270 782 ἕνα,
3303 717 3395 770 τὸν
3431 717 3580 779 Υίδν,
3625 717 3906 787 Θεότητος·
3963 720 4069 770 κᾶν

2483 813 2796 877 Σαϐελλιος,
2837 812 3100 881 σύγχυσιν
3143 813 3355 876 ἀσεϐῶς
3396 813 3674 882 ἐννοήσας,
3707 813 3784 875 είς
3813 812 3870 864 ἓν
3901 812 4075 880 συνῄ-

2484 923 2568 976 ρει
2599 905 2904 976 τριώνυμον
2933 906 3227 974 πρόσωπον
3265 905 3366 974 τὴν
3397 903 3548 957 Θείαν
3582 905 3792 976 Τριάδα
3844 903 4062 964 κακῶς.

3077 1102 3469 1164 Μακεδόνιος.

2553 1212 2627 1265 To
2657 1213 2750 1265 ἐπὶ
2773 1215 2856 1266 σοὶ
2886 1216 3238 1275 ὲπισκιᾷσαν,
3263 1215 3522 1286 ἄχραντε,
3553 1218 3814 1270 ἄκτιστον
3842 1217 4075 1286 Πνεῦμςι

2483 1300 2641 1363 Θεοῦ,
2677 1303 2916 1370 όμοφυὲς
2969 1303 3126 1374 Λόγῳ
3159 1305 3254 1357 καὶ
3286 1305 3484 1375 Πατρὶ,
3527 1305 3852 1375 δοξάζομεν,
3903 1307 4075 1358 αὑτοῦ

2483 1394 2939 1463 ἐκπορευόμενον·
2975 1396 3308 1449 Μακεδόνων
3362 1397 3564 1458 πάντες
3597 1395 3785 1464 ληρεῖν
3837 1399 4074 1467 ἀφέντες

2484 1481 2575 1534 τὸν
2607 1482 2837 1549 λέγοντα
2870 1482 3074 1553 κτίσμα
3101 1500 3159 1537 τε
3197 1487 3292 1537 καὶ
3319 1485 3533 1554 ποίημα
3561 1483 3705 1538 εἶναι
3738 1486 3892 1540 αὑτό.

3041 1683 3511 1752 Ἀπολλινὰριυς.

2557 1794 2678 1847 Ἀπ’
2712 1794 2945 1864 οὐρα.νοῦ
2979 1797 3328 1863 συγκαταϐὰς
3359 1799 3387 1851 ό
3436 1800 3638 1870 Κύριος
3686 1803 3745 1854 ὲν
3777 1804 3844 1871 σῇ
3895 1801 4074 1870 νηδῦῖ,

811 1904 960 1944 casta
990 1893 1164 1961 virgo,
1197 1899 1252 1945 et
1281 1905 1503 1944 carnem
1538 1905 1846 1948 assumens.
1881 1890 2080 1942 mentis
2103 1897 2159 1942 et
2191 1889 2387 1942 anima:
2416 1856 2460 1915 Β

2416 1856 2460 1915 Β
2488 1886 2650 1953 ἁγνὴ,
2680 1886 2776 1937 καὶ
2813 1886 3132 1955 προσλαϐὼν
3163 1888 3342 1958 σάρκα
3373 1856 3558 1944 ἕννουιν
3591 1909 3650 1943 τε
3677 1895 3773 1944 καὶ
3798 1856 4070 1960 ξιμψυᾶον,

813 1981 1152 2049 participem.
1179 1989 1418 2033 nostram
1441 1980 1669 2032 salvavit
1695 1989 1966 2032 naturam.
1995 1979 2178 2032 Ploret
2201 1989 2386 2032 autem

810 2079 976 2138 atque
1003 2086 1194 2140 poenas
1219 2071 1332 2124 luat
1363 2071 1455 2140 qui
1495 2071 1572 2123 ait
1600 2071 1838 2122 animam
1869 2070 1989 2122 sine
2019 2080 2197 2122 mente
2227 2085 2385 2123 crea-

813 2169 921 2214 tam
951 2175 1073 2216 esse
1107 2161 1427 2224 Dominum,
1457 2175 1649 2214 amens
1685 2158 1945 2212 videlicet
1985 2158 2384 2227 Apollinarius.

1106 2271 1221 2328 Ode
1259 2273 1312 2326 5.
1345 2273 1582 2326 Cwlcstis
1614 2273 1826 2342 fornicis
1860 2272 2091 2327 culmen.

1446 2363 1493 2416 Ν
1499 2365 1742 2419 estorius.

885 2477 945 2530 Ei
988 2475 1081 2544 qui
1128 2489 1178 2530 te
1223 2490 1352 2529 vere
1393 2477 1484 2530 Dei
1521 2476 1854 2532 Ccnitricem
1902 2493 2010 2530 non
2048 2477 2212 2540 dicit,
2261 2491 2386 2532 cum

811 2567 1066 2621 Nestorio
1095 2581 1219 2635 pars
1249 2565 1342 2627 sit,
1368 2577 1693 2620 cunctorum
1726 2568 1963 2637 Regina;
1989 2568 2082 2638 qui
2108 2567 2388 2624 Christum

815 2660 1092 2712 hominem
1128 2675 1324 2727 purum
1365 2674 1486 2712 esse
1525 2658 1856 2724 decernens,
1893 2667 1944 2712 te
1979 2658 2186 2714 Christi
2219 2659 2388 2715 Geni-

815 2752 1008 2806 tricetn
1043 2749 1249 2816 aiebat,
1282 2766 1403 2820 qua:
1437 2765 1496 2804 es
1539 2749 1785 2819 Deipara.

1473 2859 1734 2916 Marcion.

887 2973 1028 3028 Dens
1065 2973 1159 3042 qui
1194 2988 1225 3027 e
1265 2974 1374 3028 tuis
1417 2975 1780 3044 sanguinibus
1817 2990 2039 3030 carnem
2071 2975 2388 3046 assumpsit,

819 3065 1066 3127 hornina,
1102 3081 1208 3118 non
1249 3067 1364 3118 sola
1392 3067 1674 3133 opinione,
1714 3067 1868 3134 juxta
1901 3068 2232 3122 Marcionetn
2290 3070 2394 3123 im-

818 3157 990 3226 pium,
1013 3157 1232 3224 duoque
1250 3157 1520 3225 principia
1543 3158 1732 3213 insane
1755 3159 2220 3226 introducentem,
2249 3161 2392 3216 ovile

819 3258 974 3302 tuum
1005 3246 1108 3302 ﬁde
1140 3249 1430 3303 conﬁrmet
1461 3264 1579 3303 sua.

1450 3364 1763 3422 Eunomius.

889 3479 1024 3533 Tuis
1045 3478 1560 3548 supplicationibus,
1588 3495 1622 3533 ο
1649 3481 1831 3550 Virgo,
1863 3490 2015 3535 tuum
2049 3483 2192 3536 ovilo
2218 3482 2392 3539 libera

816 3589 848 3627 e
887 3573 1171 3642 suppliciis
1203 3574 1447 3637 aeternis,
1487 3589 1608 3642 quae
1643 3575 1985 3644 impiissime,
2020 3576 2170 3629 Velut
2215 3577 2391 3630 indul-

818 3664 1207 3731 gentissimus,
1258 3663 1562 3718 Eunomius
1621 3663 1688 3716 ad
1740 3666 2224 3719 comminationem
2271 3666 2393 3721 solo

820 3754 1078 3821 ﬁgmento
1117 3753 1429 3820 conscripta
1461 3767 1583 3806 esse
1615 3751 1911 3806 delirabat.

927 3865 1041 3920 Ude
1071 3867 1122 3920 4.
1157 3863 1229 3919 Tu
1265 3881 1381 3919 mea
1416 3865 1692 3934 fortitudo,
1724 3865 1970 3928 Domine,
2000 3873 2054 3917 tu
2082 3867 2183 3919 mei
2213 3875 2285 3922 et.

1465 3959 1740 4028 Eutyclm.
2239 3969 2241 3971 '

891 4071 1154 4142 Eutychis
1180 4071 1378 4140 puerili
1405 4073 1684 4141 stultaque
1709 4080 1895 4125 mente
1920 4072 2132 4142 praediti
2160 4073 2388 4127 hmresis

825 4179 986 4218 unam
1019 4171 1269 4217 naturam
1297 4161 1602 4217 afﬁrmabat
1632 4162 1686 4216 in
1710 4162 1932 4217 Christo
1959 4174 2084 4232 post
2109 4165 2390 4217 unionem:

822 4272 1024 4324 corpus
1079 4256 1200 4318 ille,
1249 4271 1283 4308 ο
1328 4255 1529 4323 Virgo,
1575 4255 1721 4323 quod
1766 4256 2028 4310 Dominus
2075 4257 2394 4324 assumpsit,

825 4351 988 4405 unius
1018 4349 1302 4402 nobiscum
1341 4363 1465 4402 esse
1501 4348 1820 4402 substantia:
1850 4364 2197 4418 nequaquam
2230 4349 2396 4402 sentit

822 4460 947 4500 cum
979 4442 1218 4508 Severo;
1265 4455 1500 4511 quorum
1543 4441 1862 4508 opinionem
1908 4455 2008 4495 nos
2050 4441 2392 4510 despuimus.

1508 4553 1710 4610 Manes.

894 4671 1088 4725 Manus
1109 4668 1210 4733 tui,
1244 4667 1616 4729 immaculata,
1643 4667 1763 4720 Filii
1798 4666 2054 4721 formavit
2082 4683 2189 4733 me,
2222 4668 2314 4736 qui
2338 4678 2394 4724 et

825 4763 1144 4815 universum
1199 4757 1466 4811 mundum
1525 4757 1848 4810 constituit:
1903 4757 2157 4826 quamvis
2206 4757 2394 4811 furens

823 4853 1010 4906 Manes
1055 4850 1166 4903 duo
1216 4847 1581 4902 introduxerit
1625 4847 1929 4916 principia,
1977 4848 2223 4917 duosque
2262 4850 2397 4902 deos

823 4942 1115 5007 docuerit;
1169 4955 1337 4994 unum
1392 4940 1615 5010 quidem
1669 4939 1910 4999 bonum.
1974 4940 2206 4994 alterum
2264 4953 2396 4994 vero

828 5035 1070 5096 malum;
1105 5041 1161 5088 et
1191 5042 1477 5087 creaturas
1506 5031 1642 5100 ipsis
1675 5030 1999 5100 dispertitos
2034 5032 2218 5086 fuerit.

1531 5145 1699 5200 Idem.

899 5261 1025 5322 Iste.
1048 5275 1082 5313 ο
1104 5277 1261 5329 pura,
1291 5262 1477 5325 miser,
1505 5261 1597 5330 qui
1625 5270 1680 5314 et
1704 5261 1826 5315 Fiiii
1855 5261 1930 5315 tui
1958 5259 2398 5316 incarnationem

833 5354 887 5406 in
925 5353 1096 5421 ﬁgura
1136 5352 1305 5408 fuisse
1339 5352 1658 5414 afﬁrmavit,
1696 5370 1796 5407 nec
1830 5369 2014 5408 \eram
2051 5364 2136 5408 est
2165 5355 2403 5409 arbitra-

836 5454 945 5508 tus,
976 5460 1216 5514 eumque
1255 5447 1517 5516 opinione
1544 5447 1808 5500 duntaxat
1829 5463 2048 5516 passum
2078 5463 2196 5501 esse
2219 5449 2405 5503 docuit

835 5536 1023 5605 impie,
1050 5552 1214 5589 unam
1253 5537 1614 5591 introducens
1643 5549 1916 5600 naturam,
1947 5539 2117 5594 solius
2146 5538 2403 5596 divinita-

836 5629 925 5682 tis.
961 5629 1039 5679 Ab
1071 5628 1236 5698 hujus
1270 5628 1435 5698 igitur
1466 5629 1652 5684 furore
1686 5631 2007 5685 liberemur.

1405 5744 1784 5814 Apollinei-ius.

906 5831 1122 5902 Corpus
1149 5834 1355 5891 Christi
1396 5835 1758 5892 inanimatum
1794 5836 2103 5895 afﬁrmabat
2130 5839 2408 5910 Apollina-

2489 1976 2646 2045 ήμῶν
2676 1975 2775 2046 τὴν
2810 1975 2972 2044 φύσιν
3029 1977 3252 2033 ἔσωσεν.
3291 1980 3587 2048 Οίμωζέτω
3628 1983 3685 2035 δὲ
3715 1983 3743 2033 ό
3770 1983 3939 2037 ἄνουν
3971 1983 4076 2051 ψυ-

2489 2069 2590 2138 χὴν
2621 2067 2910 2136 κτισθῆναι
2942 2069 3035 2122 τὸν
3063 2070 3269 2142 Κύριον
3303 2072 3501 2140 λέγων,
3529 2072 3594 2142 δὴ
3626 2075 3654 2125 ὁ
3677 2076 3841 2138 ἄνους
3874 2075 4077 2128 Ἀπολ-

2487 2159 2752 2230 λινάριος.

2715 2273 2838 2345 ᾮδὴ
2868 2272 2938 2343 γ’.
2980 2275 3275 2345 Οὐρανίας
3325 2278 3550 2346 ἀψίδος
3614 2279 3869 2350 ὀροφήν.

3104 2370 3446 2437 Νεστόριος.

2562 2475 2652 2546 Τῷ
2689 2478 2764 2547 μή
2825 2495 2883 2530 σε
2954 2478 3219 2533 Θεοτόκον
3263 2483 3338 2544 ὡς
3393 2484 3608 2553 ἀληθῶς
3667 2485 3881 2553 λέγοντι
3942 2490 4082 2553 μετᾶ

2487 2566 2792 2637 Νεστοριου
2825 2571 2854 2622 ό
2893 2571 3092 2640 κλῆρος
3128 2574 3237 2645 εῐη,
3300 2576 3681 2630 Παντάνασσα·
3719 2579 3871 2641 ὅστις
3925 2581 4082 2647 ψιλὸν

2487 2657 2581 2711 τὸν
2613 2659 2848 2730 Χριστὸν
2876 2658 3014 2714 εἶναι
3046 2661 3237 2732 βροτὸν
3277 2667 3658 2736 χρηματίζων,
3712 2670 4084 2739 Χριστοτόκσιν

2490 2749 2645 2821 ἔλεγε
2684 2753 2786 2824 τὴν
2815 2753 3076 2809 Θεοτόκον
3106 2773 3187 2811 σε.

3132 2873 3438 2940 Μαρκίων.

2575 2982 2636 3036 ⁸0
2667 2985 2733 3036 ἐκ
2762 2984 2872 3037 τῶν
2916 2985 3026 3038 σῶν
3061 2987 3314 3057 αἱμάτων
3350 2988 3528 3058 σάρκα
3555 2989 3757 3055 λαϐὼν,
3787 2991 4081 3053 Δέσποινα,

2489 3071 2646 3137 Θεὸς,
2699 3073 2761 3126 οὐ
2790 3074 3012 3143 δοκήσει
3053 3076 3198 3129 κατὰ
3247 3077 3552 3145 Μαρκίωνα
3610 3081 3698 3131 τὸν
3752 3080 3957 3147 ἀσεϐῆ,
3991 3082 4087 3132 καὶ

2497 3162 2675 3232 ἀρχὰς
2716 3164 3080 3232 εἰσαγαγόντα
3114 3167 3368 3236 ἀφρόνως
3399 3170 3496 3232 τὰς
3540 3170 3728 3231 δισσὰς
3763 3171 3890 3236 lint.
3926 3188 4088 3238 τρισ-

2412 3231 2460 3296 c
2495 3253 2642 3324 σᾶςῙ,
2670 3253 2767 3325 τὴν
2802 3256 3041 3326 ποίμνην
3069 3274 3165 3310 σου
3198 3261 3379 3312 πίστει
3404 3261 3649 3330 στηρίξοι
3677 3266 3744 3332 τῇ
3778 3261 3973 3316 αὑτοῦ.

3125 3372 3442 3440 Εὑνόμιος.

2567 3483 2693 3545 Σαίς
2720 3481 2915 3549 λιτατς,
2950 3476 2995 3535 ὦ
3071 3484 3335 3555 Παρθένε,
3375 3485 3537 3556 ῥῦσαι
3597 3486 3659 3539 τδ
3693 3487 3784 3540 σὸν
3825 3490 4086 3557 ποίμνιον

2494 3575 2558 3626 ἑκ
2590 3574 2701 3626 τῶν
2730 3575 2966 3629 αἰωνίων
2990 3575 3266 3645 βασάνων,
3301 3577 3369 3640 ἃς
3402 3578 3767 3642 ἀσεϐέστατα,
3793 3582 3869 3642 ὡς
3900 3584 4086 3648 ἔμπα-

2495 3664 2781 3728 οέστατος,
2846 3667 2983 3736 πρὸς
3039 3667 3268 3735 ἀπειλὴν
3339 3667 3600 3738 ὲληρὼδει
3656 3675 4085 3743 συγγεγράφθαι

2497 3757 2772 3825 πλάσματι
2807 3757 2953 3828 μόνῳ
2984 3759 3268 3829 Εὑνόμιος.

2586 3869 2712 3940 ’ῼδὴ
2738 3868 2797 3927 δ’.
2830 3873 2912 3926 Σύ
2934 3891 3055 3941 μου
3113 3874 3318 3943 ισχὺς,
3366 3879 3561 3943 Κύριε,
3590 3877 3671 3932 σύ
3695 3896 3816 3947 μου
3860 3881 3986 3934 καί.

3132 3969 3433 4036 Εὺτὺχης.

2576 4072 2640 4124 ἸΙ
2672 4073 2944 4142 Εὐτύχους
2974 4075 3186 4146 αἵρεσις
3210 4077 3304 4130 τοῦ
3347 4080 3712 4148 νηπιόφρονος
3755 4082 3888 4150 μίαν
3914 4085 4085 4152 φύσιν

2496 4162 2654 4230 ἔλεγε
2688 4165 2806 4232 μεθ’
2841 4165 3037 4219 ἕνωσιν
3069 4168 3161 4219 ἐπὶ
3189 4169 3450 4237 Χριστοῦ·
3510 4170 3692 4239 σῶμα,
3729 4166 3774 4224 ὦ
3808 4174 4085 4243 Παρθένε,

2494 4254 2524 4304 ὃ
2553 4253 2755 4323 Κύριος
2786 4255 3175 4322 προσελάϐετο,
3233 4259 3362 4324 μιᾶς
3395 4259 3527 4327 ἡμῖν
3594 4262 3784 4324 οὐσίας
3843 4266 3920 4332 μὴ
3954 4284 4090 4334 gap-0.

2497 4345 2603 4398 νῶν
2637 4347 2732 4399 σὺν
2765 4347 3012 4419 Σεϐήρῳο
3065 4342 3142 4404 ὧν
3169 4350 3268 4421 τὴν
3302 4352 3460 4418 δόξαν
3513 4355 3676 4424 ἡμεῑς
3705 4355 4080 4427 διαπτύομεν.

3164 4543 3396 4611 Μάνης.

2572 4653 2707 4723 Χεὶρ
2736 4656 2768 4725 ἠ
2798 4655 2890 4708 τοῦ
2923 4655 3037 4720 σοῦ,
3071 4657 3326 4726 ἇςιραντε,
3359 4659 3563 4713 Τέκνου
3616 4679 3680 4732 με
3739 4662 4009 4716 ἔπλασενο
4035 4667 4092 4728 ὃς

2502 4745 2598 4797 καὶ
2630 4745 2834 4814 κόσμον
2870 4747 2992 4798 ὅλον
3025 4751 3419 4817 συνεστήσατο·
3449 4753 3496 4802 εί
3530 4756 3624 4804 καὶ
3673 4757 3861 4821 μανεὶς
3891 4757 4091 4825 Μάνης

2503 4839 2599 4899 τὰς
2631 4838 2814 4899 διττὰς
2849 4837 3024 4908 ἀρχὰς
3061 4841 3349 4908 ἐπεισῆγε,
3377 4842 3534 4906 θεούς
3567 4860 3625 4896 τε
3649 4845 3744 4897 δύο
3773 4846 4087 4901 ἐδίδασκεν·

2501 4935 2704 5003 ἀγαθὸν
2757 4936 2856 5004 μὲν
2888 4935 2979 4987 τὸν
3009 4937 3128 4998 ἕνα,
3177 4937 3414 5006 πονηρδν
3445 4938 3503 4991 δὲ
3535 4939 3628 4992 τὸν
3649 4940 3834 4995 ἄλλονο
3863 4947 3964 4995 καὶ
3994 4943 4089 5015 τὴν

2503 5028 2679 5080 κτίσιν
2704 5027 2887 5090 αὐτοῖς
2917 5026 3289 5097 συνεμὲριζεν.

3143 5145 3208 5198 '0
3243 5145 3446 5211 αὐτός.

2576 5250 2767 5320 Οὗτος,
2827 5257 2987 5327 ἁγνὴ,
3023 5255 3230 5321 ἄθλιος,
3265 5257 3323 5323 ὃς
3379 5258 3472 5311 καὶ
3521 5258 3620 5329 τὴν
3661 5261 3948 5329 σάρκωσιν
3998 5263 4091 5315 :05

2511 5347 2637 5400 Υίοῦ
2701 5365 2794 5400 σου
2829 5347 3052 5418 εἴρηκεν
3102 5350 3160 5401 ἐν
3213 5351 3478 5418 σχήματι,
3527 5351 3626 5404 οὐκ
3657 5353 3834 5422 άληθῆ
3880 5355 4094 5422 ταύτην

2509 5443 2736 5509 οἰηθεὶς,
2769 5443 2864 5494 καὶ
2905 5441 3100 5494 παθεῖν
3142 5441 3362 5512 δοκήσει
3403 5444 3566 5497 αὐτὸν
3609 5445 3786 5508 ἀθέως
3815 5447 4095 5509 ἐδίδασκε,

2514 5531 2644 5600 μίαν
2677 5530 2838 5599 φύσιν
2868 5530 3127 5598 εἰσάγων,
3159 5533 3258 5600 τῆς
3290 5533 3547 5604 Θεότητος
3589 5537 3776 5606 μόνης.
3816 5537 3936 5606 Τῆς
3996 5557 4096 5608 μα-

2513 5622 2630 5685 νίας
2655 5618 2748 5674 οὖν
2774 5621 2965 5673 τούτου
2995 5620 3344 5691 ρυσοείημεν.

3079 5738 3548 5810 Ἀπολλινιίριος.

2589 5837 2757 5906 Σῦμα
2789 5836 3027 5907 Χριστιλῦ
3064 5837 3264 5907 ﬂuxo-1
3293 5838 3477 5905 ἔλεγεν
3523 5838 3940 5910 ’Λπσλῗοινάξ-ιυς
3975 5837 4090 5913 [int
