4236 6442
188 382 283 447 ιιι

1290 399 1662 463 NOVELL/E
1707 403 2394 467 CONSTITUTIUNES.

3332 406 3442 472 με

187 508 584 576 γενησομένης
640 511 841 581 ψήφοις
908 515 1151 580 ἅπαντες
1182 518 1230 570 oi
1285 520 1647 590 ἐνδημοῦντες
1699 525 1843 590 τῇΑ

1792 527 1843 581 Α
1868 538 1974 591 que
2027 525 2417 584 notmullorum
2463 524 2963 581 comministrorum
3003 531 3061 581 et
3103 524 3441 582 confratrum

192 597 404 668 μεγάλῃ
436 600 598 653 πόλει
631 604 932 674 ἀρχιερεῖς,
962 607 1101 662 ἀλλὰ
1152 611 1246 662 καὶ
1274 610 1409 681 ἀτερ
1459 612 1556 681 τῆς
1606 630 1768 665 τινων

188 689 619 761 συλλειτουργῶν
655 698 748 746 καὶ
768 698 1114 764 συναδὲλφων
1144 704 1533 771 μετακλήσεως
1563 704 1633 755 τὰ
1665 702 1764 772 τῆς

184 780 368 848 ψήφου
393 786 547 851 παρᾶ
565 789 799 849 κανόνας
825 790 1142 859 προὸαίνειο
1170 795 1354 847 ὁποῖον
1398 795 1461 864 δή
1484 813 1535 848 τι
1571 796 1765 862 γέγονε

185 875 276 923 καὶ
303 874 401 925 ἐπὶ
435 878 558 938 ταῖς
602 877 807 947 ψήφοις
839 882 950 933 τῶν
979 884 1374 953 ῥηθησομένων
1409 886 1763 955 Ἐκκλησιῶν.

188 965 294 1016 Καὶ
343 969 639 1037 προΐσχετο
689 971 766 1033 ὡς
797 975 892 1026 ἐπὶ
936 978 999 1044 τῇ
1036 978 1199 1049 ψήφῳ
1240 979 1336 1045 μὲν
1366 980 1464 1047 τῆς
1495 997 1553 1032 τε
1588 980 1767 1033 Κλαυο

187 1054 215 1105 δ
236 1057 411 1110 ουπςλ
445 1077 522 1122 ως
573 1062 669 1113 καὶ
720 1064 820 1133 τῆς
852 1066 1179 1135 Μαρωνείας
1209 1070 1318 1122 οὐδ’
1357 1071 1493 1130 ὅλως
1539 1070 1766 1140 ἠξίωται

186 1144 351 1211 λόγου
391 1151 547 1219 παρὰ
580 1153 690 1205 τῶν
713 1154 1121 1226 ψηφισαμένων
1152 1160 1359 1222 ταύτας
1416 1162 1767 1227 συναδέλφων

183 1242 380 1293 τ-’ύτου
411 1250 506 1295 καὶ
537 1245 989 1317 ουλλειτουργῶν,
1018 1250 1139 1303 οὐδὲ
1174 1251 1484 1322 μετεκλήθη
1516 1256 1651 1321 πρὸς
1669 1252 1767 1320 τὴν

182 1332 370 1400 ψῆφον
407 1339 563 1406 παρά
599 1342 884 1406 τινος,καὶ
920 1343 1096 1395 ταῦτα
1146 1347 1213 1413 τῇ
1253 1346 1464 1415 μεγάλῃ
1508 1345 1657 1397 πόλει
1683 1344 1768 1396 ὲν-

182 1425 399 1493 δημῶν.
446 1430 547 1481 καὶ
571 1432 681 1484 τῶν
711 1434 1009 1488 συνοδικῶν
1032 1436 1404 1505 δικαστηρίων
1428 1437 1502 1505 μὴ
1531 1438 1766 1503 ἀπολιμ-

182 1519 523 1587 πανόμενος,
549 1525 774 1578 καὶτῶν
798 1527 1002 1580 λοιπῶν
1032 1530 1421 1584 συνελεύσειιον⁵
1442 1532 1536 1582 tu".
1564 1532 1618 1582 δὲ
1646 1534 1764 1594 ταῖς

179 1608 386 1677 ψήφοις
416 1616 528 1665 τῶν
563 1615 774 1684 ἐτέρων
800 1619 969 1689 τριῶν
1025 1621 1383 1691 Ἐκκλησιῶν,
1425 1621 1753 1692 Δυρραχίου,

178 1699 434 1769 Μιλήτου
507 1706 599 1758 καὶ
651 1708 1214 1775 Χριστιανουπόλεως,
1279 1712 1527 1780 δοθείσης
1591 1712 1763 1779 τούτῳ

176 1791 466 1860 ξίδήσεως,
486 1799 581 1849 xx“.
613 1799 780 1851 αὐτοῦ
818 1818 905 1853 ποι
926 1802 1197 1870 ςσαμένου
1230 1805 1520 1871 ἀπόλογον,
1552 1807 1642 1855 καί
1676 1807 1756 1856 ἐν·

174 1882 507 1953 δειξαμένιυ
540 1892 787 1960 φανερῶς
810 1895 915 1945 ἀπο
927 1898 1270 1964 πεφασμένον
1294 1898 1351 1948 τὸ
1382 1896 1556 1965 τούτῳ
1579 1898 1746 1947 δυσα-

177 1978 577 2046 ρεστούμενον,
609 1987 702 2033 καὶ
728 1984 790 2035 τὸ
822 1986 987 2054 μέσον
1011 1987 1175 2039 αὑτοῦ
1199 2005 1256 2039 τε
1288 1989 1380 2039 καὶ
1402 1988 1501 2055 τῆς
1527 1988 1757 2053 ἀδελφό-

173 2085 342 2137 τητος
396 2072 488 2125 διὰ
526 2076 623 2144 τὴν
676 2080 1074 2148 περιφρόνησιν
1134 2080 1457 2141 σκάνδαλον,
1500 2080 1597 2132 καὶ
1644 2073 1757 2131 οἷον

175 2162 549 2226 ἀπαιτοῦντος
578 2168 677 2234 τὴν
709 2169 934 2239 εἰρήνην
963 2170 1059 2222 καὶ
1104 2171 1205 2239 τὴν
1255 2171 1529 2239 όμόνοιαν,
1553 2173 1602 2223 οἱ
1637 2171 1761 2223 τού-

172 2268 265 2303 του
303 2254 635 2322 συνάδελφοι
667 2256 819 2326 παρὰ
845 2258 1052 2328 φαῦλον
1095 2258 1282 2311 ἔθεντο
1321 2260 1415 2311 καὶ
1444 2257 1758 2329 ἁπεῤῥάπι-

172 2360 275 2395 σαν
310 2344 414 2401 τὴν
462 2345 756 2415 ἀπόκρισιν
782 2363 797 2378 ⁸
831 2350 925 2402 καὶ
972 2350 1461 2419 ἀποσχοινίσαντες
1527 2351 1758 2413 ἑαυτοὺς

173 2439 352 2504 γωρὶς
383 2438 485 2506 τῆς
515 2438 683 2492 αὑτοῦ
715 2444 1020 2509 παρουσίας
1055 2445 1149 2495 καὶ
1176 2444 1369 2510 ἑτέρας
1416 2444 1565 2506 τινὸς
1616 2444 1753 2495 ὑπο-

176 2529 457 2595 μνήσεως,
477 2530 613 2582 κάπὶ
629 2531 855 2595 ταύταις
882 2536 1003 2597 ταῖς
1033 2534 1230 2604 Ἐκκλη
1240 2537 1379 2598 σὶαις
1390 2536 1516 2596 τοὺς
1535 2533 1759 2588 δοκοῦν·

173 2638 275 2682 τας
314 2622 504 2685 αὐτοῖς
534 2624 893 2695 ἐψηφίσαντο.
926 2628 1049 2681 Ὀτι
1081 2626 1211 2695 γοῦν
1241 2629 1290 2680 oi.
1325 2626 1460 2679 θεῖοι
1492 2626 1587 2679 καὶ
1625 2628 1760 2695 ἱεροὶ

175 2714 407 2778 κανόνες
433 2717 534 2778 τὰς
562 2716 824 2781 τοιαύτας
860 2718 1077 2787 ψήφους
1124 2718 1618 2788 ἀποδοκιμάζοντες
1649 2736 1749 2788 με·

176 2808 476 2874 μσήκασι,
503 2806 796 2878 προτίθησι
832 2808 972 2872 τέως
995 2810 1064 2861 τὰ
1094 2811 1227 2880 περὶ
1259 2809 1474 2871 τούτου.
1504 2811 1601 2863 καὶ
1631 2812 1758 2872 τοὺς

180 2900 419 2961 κανόνας
444 2898 853 2968 παρακλητεύει
877 2899 1379 2968 ἀναγινώσκεσθαι,
1433 2901 1633 2964 οἵτινες
1666 2901 1760 2954 καὶ

176 2990 311 3058 παρ’
339 2989 505 3041 αὑτοῦ
542 2990 855 3054 ἑκδοθέντες
899 2992 993 3045 ἐπὶ
1029 2992 1123 3044 τοῦ
1180 2991 1347 3061 μέσου
1403 2992 1545 3044 κατὰ
1596 2992 1751 3063 ῥῆμα

177 3081 707 3149 ὑπινεγνὼτθησαν.
740 3077 841 3135 Ὧν
872 3085 900 3135 ὁ
960 3084 1058 3153 μιν
1091 3078 1171 3146 εἷς
1216 3085 1255 3137 δ’
1283 3080 1353 3151 ἦν
1414 3084 1594 3138 κανὼν
1659 3084 1760 3153 τῆς

179 3176 348 3239 ἁγίας
382 3176 477 3228 καί
528 3175 917 3244 οἱκουμενικῆς
940 3173 988 3229 α’
1038 3176 1280 3242 συνόδου,
1328 3174 1474 3229 οὕτω
1519 3175 1759 3240 διεξιὼνο
1787 3209 1831 3269 C

185 3288 207 3316 ι
251 3268 585 3320 Ἐπίσκοπον
635 3270 905 3337 προσήκει
969 3268 1205 3337 μάλιστα
1253 3269 1352 3339 μὲν
1381 3269 1485 3321 ὑπὸ
1544 3270 1761 3321 πάντων

184 3360 296 3412 τῶν
318 3361 381 3412 ὲν
402 3362 469 3429 τῇ
502 3360 745 3430 ἐπαρχία
779 3360 1184 3413 καθίστασθαι·
1224 3362 1345 3413 εἰδὲ
1373 3362 1642 3431 δυσχερὲς
1668 3362 1755 3428 εἴη

185 3453 240 3505 εδ
267 3452 513 3505 τοιοῦτον
571 3453 605 3522 ἢ
666 3453 752 3505 διὰ
809 3454 1253 3521 κατεπείγουσαν
1306 3454 1619 3525 ἀνάγκη-ιη
1672 3454 1763 3507 διὰ

179 3549 364 3616 μῆκος
393 3545 533 3609 όδού,
558 3546 616 3610 ἐξ
649 3546 890 3607 ἅπαντος
917 3548 1066 3613 τρεῖς
1094 3546 1189 3597 ἐπὶ
1227 3546 1288 3598 τὸ
1315 3546 1448 3598 αὐτὸ
1485 3546 1759 3615 συνηγμέ-

176 3656 329 3702 νους,
373 3638 683 3706 συμψήφων
721 3636 1028 3705 γινομένων
1084 3636 1178 3687 καὶ
1217 3636 1326 3687 τῶν
1373 3634 1621 3688 ἀπόντων
1664 3635 1760 3687 καὶ

178 3728 586 3798 συντιθεμένων
624 3727 711 3781 διὰ
735 3717 1107 3799 γραμμάτων,
1133 3728 1255 3779 τότε
1287 3727 1387 3797 τὴν
1421 3726 1757 3795 χειροτονίαν

180 3819 481 3873 ποιεῖσθαι.
517 3820 591 3871 Τὸ
624 3820 681 3872 δὲ
707 3820 873 3885 κῦρος
906 3819 1013 3871 τῶν
1038 3820 1342 3888 γινομένων
1364 3818 1603 3870 δίδοσθαι
1635 3818 1758 3869 καθ’

176 3915 425 3981 ἑκάστην
460 3912 731 3980 ἐπαρχίαν
776 3911 855 3980 τῷ
892 3913 1286 3982 μητροπολίτῃ.
1318 3929 1337 3962 ι
1396 3912 1455 3962 '0
1484 3910 1535 3962 δὲ
1569 3910 1758 3979 ἕτερος

179 4002 363 4057 κακῶν
397 3998 466 4072 ἦν
511 4003 605 4054 καὶ
638 4002 801 4065 αὐτὸς
858 4000 925 4054 ιθ⁹
944 4003 1042 4071 τῆς
1075 4004 1133 4053 ὲν
1171 4001 1475 4072 Ἀντιοχέίᾳ
1519 4002 1758 4065 συνόδου,

176 4094 568 4163 δαλαμῦἀνων
629 4094 802 4157 οὕτως
851 4094 1161 4159 αὑτολεξεί·
1233 4114 1253 4145 ι
1298 4095 1631 4149 Ἐπίσκοπον
1682 4096 1757 4166 μὴ

180 4184 610 4254 ιειροτονεῖσθαι
653 4184 776 4253 δίχα
803 4185 1021 4237 συνόδου
1040 4188 1136 4238 καὶ
1158 4185 1459 4258 παρουσίας
1487 4187 1581 4240 τοῦ
1608 4190 1664 4240 ἐν
1694 4192 1757 4258 τῇ

184 4277 527 4347 μητροπόλει
569 4275 673 4344 τῆς
724 4278 1015 4345 ἐπαρχίας.
1061 4279 1266 4330 Τούτου
1293 4280 1346 4331 δὲ
1396 4281 1662 4349 παρόντος
1701 4281 1759 4345 ἐξ

178 4367 451 4428 Ξιπαντος,
478 4365 687 4434 βέλτιον
735 4367 834 4434 μὲν
887 4368 1129 4419 συνεῖναι
1184 4369 1333 4437 αὐτῷ
1367 4370 1575 4433 πάντας
1606 4372 1665 4422 ὲν
1694 4374 1755 4441 τῇ

177 4453 425 4523 ἐπαρχίᾳ
451 4453 921 4521 συλλειτουργοὺς,
947 4454 1043 4506 καὶ
1065 4454 1335 4524 προσήκει
1354 4455 1421 4506 δι’
1451 4456 1755 4507 ἐπιστολῶν

1871 617 2277 680 advocatione,
2351 626 2548 686 prater
2604 632 2842 674 canones
2905 619 3103 674 electio
3158 618 3439 688 procedat.

1871 706 2039 771 Quale
2089 708 2349 778 quiddam
2387 709 2706 764 usuvenerit
2754 709 2919 763 etiam
2973 711 3028 763 in
3074 709 3448 765 electionibus

1868 800 2227 853 ecclesiarum
2285 815 2409 869 qua:
2454 800 2865 855 indicabuntur.
2906 799 3167 870 Adeoque
3204 806 3442 869 praten-

1869 890 2052 951 debat,
2093 892 2143 944 in
2188 891 2459 946 electione
2502 890 2993 960 Claudiopolitana,
3042 898 3099 944 et
3148 891 3437 951 Maronem,

1869 980 2073 1033 nullam
2108 994 2333 1047 prorsus
2376 980 2462 1034 sui
2508 979 2773 1033 rationem
2813 980 3057 1033 habitam
3092 992 3121 1032 a
3147 977 3439 1032 confratri-

1869 1071 1972 1124 bus
1994 1081 2049 1124 et
2078 1071 2470 1125 comministris
2496 1070 2637 1131 suis,
2672 1071 2765 1137 qui
2796 1086 2915 1125 eam
2951 1070 3278 1124 electionem
3308 1083 3438 1121 ροη-

1867 1164 2152 1227 fecissent;
2188 1176 2290 1217 nec
2326 1177 2385 1217 se
2431 1177 2461 1217 a
2504 1176 2777 1231 quoquam
2822 1161 2889 1215 ad
2938 1175 3056 1214 eam
3089 1158 3435 1222 arcessitum,

1868 1270 1991 1308 cum
2022 1254 2245 1323 quidem
2293 1256 2347 1309 in
2400 1254 2533 1309 urbe
2562 1254 2808 1324 degeret.
2835 1267 2937 1307 nec
2979 1267 3008 1305 a
3043 1252 3315 1319 synodicis
3345 1251 3439 1305 tri-

1868 1346 2164 1402 bunalibus
2198 1345 2519 1415 ceterisque
2562 1344 2951 1416 congressibus
2991 1350 3166 1398 semet
3191 1343 3438 1397 abstine-

1869 1453 1969 1496 ret.
2006 1443 2063 1496 ln
2099 1442 2464 1496 electionibus
2508 1451 2687 1495 autem
2720 1440 2948 1494 aliarum
2980 1440 3146 1494 trium
3174 1438 3437 1492 ecclesia-

1868 1548 2013 1593 rum,
2063 1532 2409 1601 Dyrrhachii,
2458 1532 2625 1586 Mileti
2677 1542 2731 1585 et
2784 1530 3261 1599 Christianopolis,
3309 1544 3435 1583 cum

1869 1640 1955 1678 res
1997 1625 2046 1677 ei
2079 1625 2401 1678 denuntiata
2436 1624 2646 1684 fuisset,
2678 1632 2840 1689 atque
2869 1624 2984 1693 ipse
3019 1622 3433 1690 responsionem

1869 1716 2229 1779 instituisset;
2292 1731 2355 1768 ac
2402 1714 2689 1768 manifeste
2749 1714 3087 1782 diserthue,
3143 1712 3293 1787 quid‘
3328 1711 3434 1765 sibi

1866 1805 2200 1874 displiceret,
2252 1804 2619 1869 Ostendisset;
2667 1806 2924 1872 quodque
2971 1804 3258 1858 subortum
3292 1810 3439 1855 esset

1868 1899 2013 1951 inter
2057 1915 2114 1951 se
2190 1896 2529 1965 fratrumque
2580 1904 2807 1958 coetum,
2853 1911 2919 1949 ex
2965 1896 3047 1949 sui
3098 1904 3435 1962 contemptu,

1869 1989 2208 2054 scandalum,
2266 1989 2532 2057 quasique
2592 2002 2779 2055 pacem
2843 1997 2898 2041 et
2964 1984 3312 2040 concordiam
3367 1984 3437 2039 ab

1870 2082 1950 2135 eis
1980 2082 2285 2149 requireret
2320 2098 2332 2133 :
2364 2079 2669 2134 confratres
2697 2094 2825 2133 suos
2864 2078 2916 2132 id
2952 2092 3271 2146 responsum
3303 2075 3436 2130 ﬂoc-

1866 2174 2137 2236 cil‘ecisse,
2175 2181 2339 2242 atque
2391 2172 2648 2225 habuisse
2681 2170 2963 2236 ludibrio;
2998 2183 3236 2238 cumque
3262 2174 3439 2222 semet

1870 2266 1938 2319 ab
1967 2281 2034 2317 eo
2064 2264 2483 2335 disjunxissent,
2519 2277 2627 2316 non
2658 2262 3056 2317 interveniente
3104 2260 3278 2329 ipsius
3302 2272 3441 2326 pra:—

1867 2357 2066 2415 sentia,
2113 2370 2215 2409 nec
2255 2355 2358 2408 alia
2413 2355 2670 2423 quapiam
2736 2351 3182 2413 commonitione,
3235 2349 3291 2405 in
3353 2347 3440 2402 bis

1867 2448 2034 2502 etiam
2077 2447 2326 2501 ecclesiis
2369 2461 2465 2500 eos
2510 2460 2651 2515 quos
2695 2444 2830 2513 ipsis
2863 2445 3037 2498 visum
3071 2441 3287 2505 fuisset,
3328 2440 3437 2495 ele-

1866 2540 2029 2609 gisse.
2086 2537 2241 2605 Quod
2292 2548 2475 2592 autem
2523 2539 2690 2590 divini
2738 2537 2987 2606 sacrique
3036 2548 3276 2588 canones
3340 2532 3441 2586 bu-

1862 2631 2103 2701 jusmodi
2153 2630 2453 2685 electiones
2487 2630 2785 2699 rejicieudo
2819 2628 3148 2697 improbent,
3192 2625 3243 2679 id
3273 2626 3438 2679 etiam

1866 2720 1921 2774 in
1971 2722 2210 2775 medium
2250 2721 2577 2783 adducebat,
2615 2734 2781 2789 utque
2827 2735 3066 2774 canones
3104 2720 3437 2788 legerentur,

1866 2813 2191 2867 obsecrabat
2228 2830 2241 2867 :
2276 2812 2368 2881 qui
2391 2812 2612 2882 quidem
2645 2814 2712 2865 ab
2738 2813 2879 2865 eoin
2912 2811 3150 2864 medium
3180 2808 3438 2875 exhibiti,

1867 2906 1933 2959 ad
1968 2906 2195 2958 vt-rbum
2247 2905 2433 2959 relecti
2491 2903 2738 2958 luerunt.
2793 2904 2995 2957 Eorum
3036 2917 3196 2966 unus,
3237 2909 3440 2954 sanctae

1868 3017 1932 3055 ac
1966 2999 2296 3054 universalis
2352 2998 2543 3068 primae
2596 2996 2788 3066 synodi
2829 3004 3060 3064 quartus
3088 3002 3207 3047 erat
3238 3006 3437 3054 canon,

1868 3091 1985 3144 haec
2016 3091 2306 3143 continens
2339 3106 2352 3140 :
2393 3107 2409 3139 ι
2448 3087 2781 3156 Episcopum
2811 3099 2910 3154 par
2944 3092 3027 3138 est
3060 3082 3293 3136 maxime
3320 3080 3442 3149 qui-

1867 3182 1989 3234 dem
2015 3182 2081 3235 ah
2114 3179 2389 3241 omnibus,
2437 3178 2531 3246 qui
2563 3186 2689 3231 sunt
2723 3178 2776 3229 in
2824 3175 3106 3243 provincia
3156 3170 3439 3226 constitui.

1870 3272 1964 3335 Sin
2008 3270 2061 3324 id
2097 3268 2316 3324 dillirile
2346 3269 2533 3330 fuerit,
2568 3267 2649 3319 vel
2678 3275 2901 3336 propter
2935 3273 3218 3333 urgentem
3251 3277 3440 3316 neces-

1869 3362 2109 3427 sitatem,
2135 3362 2217 3414 vel
2251 3360 2322 3413 ob
2355 3358 2721 3428 prolixitatem
2765 3355 2997 3417 itineris,
3051 3363 3183 3407 tunc
3214 3352 3439 3407 omnino

1870 3464 1981 3509 tres
2015 3456 2068 3508 in
2099 3470 2267 3507 unum
2308 3453 2644 3524 congregati,
2675 3449 3147 3506 consentientibus
3179 3447 3435 3505 electioui

1865 3547 2029 3600 etiam
2066 3547 2134 3600 iis
2165 3548 2257 3615 qui
2304 3545 2526 3608 absunt,
2578 3559 2811 3612 eamque
2863 3559 2959 3611 per
3005 3543 3215 3595 litteras
3241 3556 3440 3608 appro-

1867 3640 2146 3699 bantibus,
2182 3639 2583 3693 ordinationem
2622 3636 2924 3705 perficiant.
2956 3632 3313 3688 Conﬁrmatio
3339 3647 3438 3685 au-

1869 3744 1977 3787 tem
2026 3746 2217 3784 eorum
2269 3745 2390 3797 qua:
2425 3730 2584 3789 liunt.
2634 3728 2688 3781 in
2719 3726 2964 3795 qualibet
3005 3723 3283 3793 provincia
3319 3737 3439 3776 me~

1870 3824 2199 3891 tropolitano
2245 3822 2615 3889 permittatur.
2656 3838 2674 3870 ι
2731 3820 2886 3872 Alius
2936 3818 3064 3871 item
3115 3829 3292 3869 canon
3320 3821 3439 3868 erat

1867 3912 2115 3965 decimus
2167 3923 2346 3962 nonus
2392 3908 2746 3962 Antiochense
2788 3905 3004 3976 synodi,
3046 3906 3138 3973 qui
3174 3905 3288 3959 haec
3320 3903 3437 3972 ipsa

1867 4005 2029 4056 verba
2089 4002 2476 4070 complectitur
2528 4018 2540 4051 :
2605 4018 2623 4050 ι
2673 3999 2975 4067 Episcopus
3025 4012 3092 4050 ne
3150 3996 3437 4049 ordinator

1866 4093 2073 4160 absque
2104 4092 2333 4160 synodo,
2380 4102 2436 4144 et
2467 4090 2589 4158 ejus
2616 4090 2928 4157 praesentia,
2963 4086 3055 4156 qui
3088 4096 3174 4139 est
3215 4087 3267 4138 in
3312 4102 3439 4154 pro-

1871 4183 2060 4236 vincite
2110 4181 2436 4250 metropoli;
2489 4182 2579 4249 qui
2630 4179 2855 4232 omnino
2906 4179 2949 4231 si
3003 4176 3165 4237 adsit,
3216 4184 3437 4243 praestat

1866 4274 2113 4344 quidem,
2139 4288 2260 4327 esse
2294 4288 2417 4326 cum
2444 4287 2509 4326 eo
2539 4281 2769 4326 cunctos
2800 4270 2854 4322 in
2883 4284 2944 4322 ea
2976 4268 3253 4338 provincia
3284 4281 3437 4319 com-

1868 4362 2148 4421 minislros
2199 4378 2364 4434 atque
2421 4381 2521 4434 par
2559 4375 2643 4419 est
2681 4380 2793 4423 eos.
2824 4364 2917 4432 qui
2954 4371 3083 4417 sunt
3132 4363 3184 4414 in
3234 4370 3434 4414 metro-

1869 4458 1998 4524 poli,
2047 4462 2372 4509 convOeare.
2411 4454 2487 4507 Ae
2513 4454 2556 4505 si
2597 4453 2817 4521 quidem
2845 4458 3199 4520 compareant
3243 4463 3437 4501 omnes

184 4546 311 4607 τοὺς
350 4547 411 4596 ἐν
438 4547 504 4613 τῇ
538 4545 871 4615 μητροπόλει
902 4545 1216 4611 συγκαλεῖν.
1237 4546 1341 4597 Καὶ
1365 4549 1413 4598 εἰ
1453 4546 1553 4615 μὲν
1582 4547 1757 4599 ἁπαν·
1790 4560 1833 4613 ι)

1790 4560 1833 4613 ι)
1870 4549 1919 4600 id
1956 4545 2151 4598 melius
2187 4553 2292 4598 est.
2332 4544 2426 4597 Sin
2479 4542 2615 4597 illud
2655 4543 2874 4595 dillicile
2907 4542 2997 4601 sit,
3048 4540 3272 4593 omnino
3315 4553 3431 4590 ma-

187 4639 321 4704 εῴεν
359 4637 581 4696 πάντες,
609 4636 818 4701 βέλτιον
837 4649 853 4665 ο
885 4636 934 4688 εί
964 4636 1021 4689 δὲ
1047 4636 1306 4705 δυσχερὲς
1329 4636 1414 4706 εἴη
1440 4637 1618 4700 τοῦτο,
1636 4638 1761 4702 τούς

184 4748 237 4783 εε
261 4730 485 4789 πλείους
503 4729 563 4793 ἐξ
601 4728 841 4790 ἅπαντος
858 4731 1110 4797 παρεῖναι
1134 4729 1233 4790 δεῖ,
1258 4729 1395 4800 ἢδιά
1419 4734 1763 4801 γραμμάτων

183 4820 514 4891 ὁμοψήφους
544 4819 821 4885 γενέσθαι.
848 4820 957 4872 Καὶ
986 4819 1130 4873 οὕτω
1167 4821 1308 4888 μετά
1332 4822 1431 4889 τῆς
1476 4823 1585 4875 τῶν
1615 4824 1758 4877 πλει-

181 4917 323 4964 όνων
360 4912 479 4979 ἦτοι
513 4908 879 4979 παρουσίαςῆ
920 4909 1102 4979 ψήφου
1155 4910 1391 4978 γίνεσθαι
1450 4915 1548 4982 τὴν
1593 4918 1763 4968 κατά-

183 5021 401 5057 στασιν.
429 5002 562 5055 Είδὲ
581 5001 754 5061 ἄλλως
778 5003 932 5073 παρὰ
956 5003 1023 5055 τὰ
1048 5002 1329 5071 ὡρισμένα
1352 5000 1572 5071 γὶνοιτο,
1598 5007 1765 5075 μηδὲν

194 5096 411 5164 ἰσχύειν
438 5096 538 5160 τὴν
574 5094 932 5162 χειροτονίαν.
967 5092 1030 5146 El
1061 5095 1116 5145 δὲ
1153 5096 1292 5146 κατά
1327 5096 1419 5147 τὸν
1458 5095 1763 5163 ὡρισμένον

196 5182 407 5237 κανόνα
440 5180 705 5248 γίνοιτοὴ
737 5179 1095 5241 κατάστασις.
1146 5180 1480 5246 ἀντιλέγοιεν
1521 5182 1577 5235 δέ
1621 5201 1764 5247 τινες

190 5275 263 5327 δι’
297 5272 509 5324 οἰκείαν
542 5270 893 5336 φιλονεικίαν,
937 5274 1163 5340 κρατεῖν
1210 5273 1308 5341 τὴν
1336 5273 1446 5326 τῶν
1503 5274 1763 5326 πλειόνων

188 5369 398 5435 ψῆφον.
438 5382 457 5415 ι
506 5361 693 5415 Ταῦτα
743 5361 840 5414 τοῦ
876 5362 1169 5430 ίερωτάτου
1202 5364 1596 5432 μητροπολίτου
1649 5366 1763 5417 Κυ-

189 5459 351 5520 (ium
400 5451 867 5525 προϐαλλομένου,
912 5453 963 5504 ol
1018 5453 1534 5522 ἀντικαθιστάμειιοι
1592 5456 1764 5527 τούτῳ

185 5548 496 5618 ἀρχιερεῖς,
522 5546 615 5597 καὶ
645 5543 753 5612 πρὸ
780 5543 888 5594 τῶν
921 5543 1095 5597 ἄλλων
1132 5547 1159 5597 ὁ
1196 5544 1445 5614 Ἐφέσου,
1474 5548 1501 5598 ὁ
1539 5547 1761 5599 Ὶκοιίου

184 5642 280 5695 καὶ
319 5641 352 5691 ὁ
394 5636 645 5700 Ἀὗύδου,
685 5634 763 5705 μὴ
841 5634 1129 5703 ἀληθεύειν
1166 5636 1257 5690 τὸν
1312 5638 1555 5702 Κυζίκου
1603 5642 1762 5705 προϊ-

185 5746 381 5798 σχοντο
410 5729 496 5796 ἐφ’
530 5724 612 5789 οἷς
672 5728 768 5779 καὶ
823 5726 1107 5795 προέθετο,
1138 5728 1197 5780 τὸ
1226 5731 1301 5798 μὴ
1353 5730 1761 5798 μετακληθῆνιι

183 5819 435 5889 δηλονότι
479 5818 573 5872 καὶ
619 5818 780 5870 αὑτὸν
806 5817 900 5870 ἐπὶ
940 5818 1059 5880 ταῖς
1096 5817 1299 5889 ψήφοις
1346 5819 1455 5873 τῶν
1490 5816 1759 5889 ρηθεισῶν

1863 4641 2039 4707 jnrem
2079 4636 2271 4691 adesse
2305 4646 2515 4704 partem
2556 4645 2793 4703 oportet,
2829 4634 2912 4687 vel
2955 4648 3051 4701 per
3082 4632 3295 4686 litteras
3321 4629 3435 4682 suf-

1867 4726 2088 4796 l'ragari.
2128 4727 2306 4793 Atque
2348 4724 2420 4777 ita
2466 4739 2590 4776 cum
2622 4707 2853 4791 plurima
2887 4722 2970 4774 vel
3007 4719 3313 4789 praesentia,
3348 4718 3434 4771 vel

1867 4820 2151 4887 sull'ragio,
2183 4816 2445 4871 constitui
2474 4816 2813 4885 episcopum.
2844 4813 2938 4867 Sin
2968 4812 3126 4865 aliter
3154 4826 3263 4873 res,
3297 4824 3437 4879 pne-

1868 4920 1950 4965 ter
1979 4911 2093 4963 haec
2126 4909 2289 4962 modo
2328 4908 2573 4969 deﬁnita,
2625 4915 2848 4975 geratur
2876 4944 2890 4968 ,
2917 4904 3126 4957 nullum
3161 4899 3437 4954 ordinatio

1868 5003 2037 5056 robur
2069 5000 2282 5054 habeat.
2308 4998 2462 5063 Quod
2496 4998 2538 5051 si
2575 4996 2873 5050 secundum
2896 5008 3159 5047 canonem
3189 4992 3435 5058 praeseri-

1867 5104 2019 5163 ptum
2069 5092 2311 5160 episcopi
2347 5091 2439 5143 fiat
2472 5088 2765 5149 institutio,
2796 5086 3075 5141 nonnullis
3101 5084 3171 5135 ob
3208 5084 3432 5135 insitum

1865 5187 1965 5241 Slili
2002 5183 2210 5236 rixandi
2257 5181 2496 5235 studium
2538 5177 3040 5234 contradicentibus
3070 5192 3083 5227 :
3113 5173 3435 5242 sulfragium

1868 5278 2103 5345 plurium
2138 5275 2366 5327 valeat.»
2411 5272 2534 5326 llmc
2561 5272 2826 5338 allegante
2852 5284 2952 5336 pro
2992 5283 3049 5321 se
3088 5265 3432 5319 sanctissimo

1863 5365 2040 5435 Cyziri
2075 5363 2514 5430 metropditano.
2547 5360 2787 5412 adversae
2834 5358 3003 5425 partis
3031 5346 3338 5425 pontiﬁces,
3366 5370 3431 5407 ac

1866 5473 1973 5526 prae
2007 5455 2217 5509 αξιοι-ξς
2257 5453 2584 5519 Ephesinus,
2631 5450 2946 5511 lconiensis,
2976 5448 3290 5512 Abydenus,
3321 5462 3427 5499 non

1862 5564 1988 5600 vera
2054 5546 2239 5597 dicere
2285 5543 2610 5612 Cyzicenum
2662 5541 2878 5595 aiebant
2906 5541 2972 5597 de
3020 5538 3106 5610 iis,
3143 5553 3263 5605 qua:
3297 5550 3429 5603 pro-

1863 5645 2094 5705 poneret
2148 5634 2294 5703 quod
2355 5632 2564 5685 scilicet
2609 5647 2708 5685 nec
2748 5631 2861 5700 ipse
2913 5628 3429 5684 luissetarccssitua

1862 5731 1926 5782 ad
1962 5728 2260 5783 electiones
2302 5726 2569 5778 dicturum
2606 5722 2981 5777 ecclesiarum.
3017 5720 3227 5789 Quippe
3274 5718 3422 5771 dice—

1862 5822 2015 5883 bant,
2066 5819 2240 5887 ipsum
2290 5816 2625 5869 Lonicnsetn
2651 5830 2772 5868 cum
2800 5811 3141 5869 consobrinus
3174 5808 3422 5866 referen-
