4236 6442
791 419 899 480 455

2025 409 2261 466 IS'..\.\(Zl
2310 406 2585 465 .\.\'CELI
2640 405 2795 462 IMP.

3926 401 4042 461 ιδς

787 530 887 598 ipsi
929 525 1223 580 voluntarie
1259 540 1352 593 pro
1383 526 1453 574 eis
1493 524 1892 575 inimicitiarum
1941 523 2204 572 intersunt
2256 535 2353 586 pu-
2389 527 2427 580 Α
2459 521 2582 568 licus
2638 518 2707 569 ad
2757 511 3036 566 chelundia
3084 510 3226 563 dari.
3271 510 3535 565 Concessit
3564 521 3741 565 autem
3773 513 3963 567 celsitu
3994 531 4042 567 ὀ

787 620 904 689 guis
940 615 966 669 7
998 615 1060 668 Et
1092 613 1293 684 quidem
1326 622 1498 664 nostre
1527 611 1865 664 benivoletz’ie
1893 606 2203 668 liberalitas,
2245 623 2357 658 ma-

790 727 951 779 gnam
992 710 1125 760 hanc
1173 721 1280 757 rem
1325 720 1542 773 ponens,
1600 701 1804 756 nullam
1859 700 2082 769 repperit
2137 697 2361 749 retribu-

794 806 1003 856 tionem.
1075 797 1447 850 Verumtamen
1512 793 1772 855 retribuit,
1833 800 2094 859 quantum
2160 798 2360 854 tempus

792 892 867 958 off
892 900 959 941 rt.
997 896 1043 938 et
1088 903 1184 955 que
1222 887 1404 938 amicis
1444 893 1490 935 et
1531 882 1782 935 ministris
1827 891 1945 932 sunt
1988 874 2357 943 acceptaina.

795 982 928 1033 bant
964 980 1122 1047 igitur
1151 995 1236 1038 ea,
1267 992 1363 1047 que
1403 973 1763 1026 retribuuntur
1807 972 1877 1024 eis
1906 970 2030 1037 [idei
2063 971 2363 1035 sittt'et'cqtte

791 1072 1055 1123 servitu1is
1110 1068 1577 1123 renumerationes.
1650 1076 1832 1117 nostra
1888 1063 2096 1130 quidem
2156 1056 2364 1110 liberali

794 1160 1062 1213 voluntate
1114 1160 1447 1225 benivoloque
1501 1158 1683 1208 animo
1739 1156 1944 1206 minora
1991 1161 2039 1203 ct
2090 1152 2361 1220 pauciora,

798 1271 901 1306 non
942 1262 1116 1304 autem
1148 1251 1403 1318 ignobilia
1456 1250 1660 1315 aliqua,
1718 1262 1811 1298 nec
1842 1246 2024 1298 amicis
2072 1243 2153 1295 vel
2200 1244 2366 1295 s;i'ris

798 1344 1037 1411 indigna.
1099 1340 1288 1394 Verum
1327 1342 1448 1410 quid
1498 1339 1649 1390 michi
1689 1338 1977 1407 proemium
2011 1335 2117 1389 vult
2152 1336 2176 1388 .’
2212 1332 2368 1387 Fide-

800 1433 925 1485 lium
975 1441 1119 1501 gesta
1173 1431 1530 1484 Veneticorum
1566 1429 1743 1481 nullus
1793 1430 1856 1481 de
1885 1427 2181 1480 hominibus
2222 1429 2369 1489 ivno-

803 1528 959 1578 ravit.
1007 1525 1247 1589 Qualiter
1298 1532 1472 1575 autem
1522 1522 1768 1588 miriferis
1805 1521 2118 1573 constructis
2153 1519 2369 1570 navibus

806 1615 1337 1684 Epidamnum,quod
1364 1630 1454 1666 nos
1479 1614 1797 1665 Danaidum
1814 1627 2078 1673 vocamus,
2104 1612 2369 1671 venerint;

803 1716 852 1756 et
891 1707 1024 1756 vires
1061 1706 1180 1756 navi
1211 1712 1500 1771 pugnantes
1525 1703 1824 1753 innumeros
1850 1701 1903 1752 in
1932 1700 2194 1752 auxilium
2228 1699 2369 1749 nobis

806 1792 1125 1853 obtulerant,
1165 1794 1478 1859 proprioque
1512 1789 1671 1842 stollo
1715 1789 1960 1843 scelerosi
1997 1787 2193 1841 stolum
2226 1791 2369 1840 illius

2460 616 2638 659 nostra
2677 616 2725 659 et
2768 622 2850 658 eos
2892 604 3161 657 universas
3194 605 3417 657 mercari
3457 606 3648 671 species
3690 606 3743 657 in
3790 608 4043 659 omnibus

2458 697 2715 752 Romanie
2735 697 2991 767 partibus.
3020 697 3255 749 videlicet
3287 694 3429 763 apud
3446 712 3694 765 magnam
3727 697 3838 750 Leo
3857 700 4045 751 tieiain

2463 790 2613 857 (II),
2676 791 3025 848 Antiochiam,
3088 785 3415 852 blamistam,
3472 789 3739 853 Adimam,
3789 790 4044 850 Tarsum,

2462 883 2723 940 Ataliam,
2769 879 3076 936 Stroi-it'um.
3133 878 3341 943 Chium,
3391 880 3725 949 Theologum,
3791 881 4046 946 Faciam,

2466 973 2806 1034 Durae/unm,
2871 973 3159 1036 Aulonum,
3201 970 3497 1040 Korphum,
3539 972 3869 1027 Bunditiam.
3924 974 4049 1027 He-

2464 1070 2705 1124 thonum,
2743 1063 3045 1125 Coroniam,
3088 1061 3399 1130 Nanplium,
3444 1065 3774 1127 Corinthum,
3816 1064 4047 1127 Thebas,

2468 1158 2702 1210 Athenas
2779 1155 3057 1223 Euripum,
3124 1155 3522 1213 Dimitriadam.
3594 1157 4048 1221 Thessalonicam,

2468 1247 2864 1319 Chrysopolim,
2935 1245 3346 1309 l‘eritheorium,
3414 1246 3669 1311 Avidum,
3729 1247 4053 1314 Rcdestum,

2469 1338 2894 1406 Adrianopolim,
2948 1337 3172 1405 Aprum,
3244 1335 3518 1398 Iracliam,
3581 1335 3934 1402 Silimbrianz,
4001 1347 4055 1391 et

2471 1432 2611 1498 apud
2641 1431 2810 1497 ipsam
2850 1442 3100 1496 magnam
3127 1425 3330 1489 urbem,
3380 1435 3429 1479 et
3453 1426 3762 1495 simpliciter
3795 1431 3850 1482 in
3883 1432 4058 1482 omni-

2471 1521 2561 1573 bus
2597 1519 2835 1589 partibus
2871 1520 2965 1570 sub
3009 1525 3267 1587 potestate
3305 1527 3482 1572 nostre
3513 1522 3594 1588 pie
3628 1520 4053 1589 tranquillitatis

2471 1610 2828 1670 existentibus,
2876 1626 2980 1662 non
3033 1612 3305 1680 prebentes
3348 1625 3454 1679 quo
3486 1619 3639 1663 modo
3677 1628 3773 1679 pro
3809 1613 4055 1681 qualibet

2473 1703 2688 1771 propria
2730 1715 2897 1753 merce
2925 1701 3208 1769 quicquam
3247 1702 3584 1752 commerchii
3623 1704 3799 1771 gratia
3839 1702 3926 1756 vel
3951 1705 4059 1756 ali-

2474 1796 2626 1862 cujus
2655 1791 2796 1846 alius
2828 1791 3187 1855 condictionis,
3226 1808 3325 1861 que
3345 1790 3472 1859 ﬁsco
3503 1792 3775 1858 debeatur,
3805 1797 3953 1863 pacti
3975 1801 4058 1847 vi-

806 1890 1041 1951 potenter
1070 1880 1370 1940 deviceriut,
1402 1879 1673 1947 perdentes
1717 1893 1835 1928 cum
1872 1876 1994 1945 ipsis
2035 1875 2201 1936 viris;
2237 1891 2369 1943 qaa-
2404 1875 2442 1926 Β
2474 1882 2659 1936 deliget
2700 1882 3027 1945 xitocalami,
3076 1881 3403 1943 limeniatici,
3448 1885 3731 1952 portiatici,
3779 1886 4058 1951 canisclsit',

807 1971 1022 2040 liter-que
1055 1970 1223 2023 adhuc
1266 1971 1409 2021 nobis
1455 1969 1686 2036 [aventes
1731 1973 2120 2035 permaneant;
2154 1974 2202 2015 et
2242 1964 2297 2017 ul
2322 1983 2374 2026 τι,

806 2076 902 2127 que
936 2064 987 2113 in
1028 2062 1163 2113 mari
1206 2059 1561 2112 laborantibus
1601 2058 1677 2108 his
1726 2054 1964 2108 videlicet
2010 2056 2135 2108 viris
2164 2066 2377 2120 peracti

806 2159 950 2209 sunt,
1007 2164 1056 2203 et
1101 2168 1196 2220 que
1245 2158 1478 2201 correcta
1520 2162 1699 2200 omnes
1740 2154 2016 2209 noverant,
2071 2161 2377 2215 quanquam

812 2259 904 2294 nos
948 2256 1048 2292 non
1098 2240 1388 2291 dicamus?
1428 2236 1728 2306 Eapropter
1788 2237 1855 2287 ad
1908 2237 2377 2288 remum-rationm

810 2331 964 2398 hujus
986 2329 1105 2381 nodi
1156 2329 1495 2383 servitiorum
1528 2343 1706 2379 eorum
1740 2326 2014 2378 clementia
2049 2335 2229 2377 nostra
2260 2342 2382 2377 eoi:-

810 2422 960 2473 eessit
1002 2437 1094 2488 per
1125 2436 1338 2488 presens
1371 2419 1688 2472 crtsobulnm
1716 2434 1801 2469 cos
1842 2419 2123 2469 annuatim
2152 2427 2303 2485 temp.
2330 2433 2383 2467 re

811 2515 1066 2584 erogativi
1090 2516 1322 2580 accipere
1355 2510 1729 2580 sollempnium
1768 2510 1949 2580 viginti
1980 2507 2164 2570 libras,
2196 2520 2381 2576 quatu-

814 2622 910 2658 nus
941 2621 1032 2674 per
1059 2602 1300 2655 ecclesias
1324 2602 1643 2653 distribuunt
1665 2599 1911 2668 proprias
1936 2598 2226 2651 secundum
2253 2615 2293 2649 ι’.
2315 2597 2385 2649 lle

813 2713 989 2750 suum.
1037 2696 1325 2748 llouoravit
1357 2701 1535 2746 autem
1585 2701 1633 2744 et
1679 2690 2052 2743 nobilissimum
2084 2690 2263 2741 ducem
2298 2696 2388 2739 [.0-

817 2789 1156 2841 uorattssima
1200 2785 1541 2855 protoscvnsti
1583 2785 1839 2854 dignitate
1884 2798 2001 2835 cum
2028 2781 2234 2835 salario
2276 2804 2286 2831 ι
2297 2782 2387 2848 jus

817 2882 1158 2952 plenissimo;
1200 2898 1291 2933 nec
1326 2883 1378 2933 in
1412 2895 1636 2948 persona
1672 2879 1785 2947 ejus
1832 2877 2095 2929 duntaxat
2136 2878 2388 2929 honorem

818 2976 973 3028 istum
1019 2973 1399 3030 determinavit,
1455 2986 1547 3021 nec
1585 2969 1964 3021 indesinentem
1994 2979 2043 3019 et
2080 2976 2388 3035 perpetuam

818 3081 880 3117 uc
911 3066 1194 3135 secundum
1232 3062 1576 3113 successiones
1608 3060 1834 3128 pret-epit
1871 3074 1989 3111 eum
2011 3058 2120 3127 [ore
2151 3058 2385 3119 ducibus,

820 3156 905 3222 qui
927 3170 1015 3223 per
1047 3162 1283 3222 tempora
1312 3160 1485 3204 erant.
1516 3150 1777 3202 Similiter
1808 3151 2084 3203 honoravit
2110 3148 2388 3202 clementia

823 3256 1000 3298 nostra
1036 3245 1397 3310 patriarchxnn
1426 3260 1603 3294 eorum
1642 3242 1982 3311 Ypertimnm.
2018 3242 2070 3293 id
2103 3250 2177 3293 est
2203 3257 2388 3308 snper-

822 3338 1201 3397 honurabilem,
1251 3353 1368 3387 iam
1425 3335 1629 3387 salario
1684 3334 1934 3386 librarum
1983 3331 2119 3395 XX;
2174 3343 2221 3384 et
2256 3333 2393 3384 huic

823 3433 1072 3482 honorem
1113 3431 1401 3480 secundum
1447 3428 1793 3478 successiones
1841 3426 1909 3478 ad
1958 3435 2187 3492 posteros
2233 3425 2394 3491 patri-

829 3525 1014 3575 archas
1065 3521 1379 3576 transmisit.
1431 3535 1684 3589 quatenus
1735 3529 1780 3570 et
1848 3519 1926 3572 his
1979 3518 2277 3570 indesinens
2329 3518 2393 3567 sit

825 3623 876 3666 et
915 3625 1191 3682 perpetuus
1226 3622 1271 3662 et
1313 3628 1414 3663 non
1460 3620 1662 3663 tantum
1698 3626 1913 3680 pursone
1942 3612 2076 3678 ejus.
2115 3607 2393 3661 Consuluit

830 3714 1006 3758 autem
1058 3705 1317 3755 serenitas
1367 3712 1547 3755 nostra
1598 3711 1645 3753 et
1691 3701 2079 3753 sanctissmtam
2124 3699 2392 3750 ecclesiam

830 3796 1000 3848 sateti
1053 3794 1272 3860 apostoli
1323 3802 1369 3845 et
1424 3790 1738 3859 evangeliste
1782 3790 1969 3847 Marri.
2032 3789 2240 3842 Veni-cie
2286 3791 2392 3840 exi-

830 3896 1070 3943 stentem,
1099 3884 1163 3935 ab
1204 3901 1307 3935 uno
1355 3898 1555 3949 quo,uc
1595 3881 2042 3947 Amalﬁtunoram
2091 3882 2397 3933 (.onstanti-

834 3974 1009 4043 nopoli
1054 3983 1099 4027 et
1157 3976 1210 4026 in
1259 3984 1367 4027 tota
1429 3972 1684 4025 Romamn
1736 3975 2021 4039 ergout-ria
2078 3970 2396 4030 habentium,

833 4077 883 4119 et
934 4066 1026 4119 sub
1089 4074 1348 4134 potestate
1388 4066 1516 4117 dicti
1564 4066 1836 4132 patrii-inti
1887 4065 2245 4123 uiuentium,
2295 4077 2399 4111 uno

833 4173 1033 4229 quoque
1068 4174 1209 4209 anno
1244 4159 1482 4226 accipere
1521 4158 1839 4209 ttumisntata
1875 4172 2127 4224 yperpera
2161 4159 2284 4209 tria.
2325 4156 2401 4207 Ad

834 4252 924 4302 hec
958 4251 1181 4318 largitur
1210 4251 1282 4302 eis
1320 4259 1366 4301 et
1406 4250 1693 4318 ergasteria
1745 4249 1797 4300 in
1851 4247 2049 4300 embolo
2105 4247 2401 4300 Peramatis

835 4340 889 4390 id
917 4348 991 4390 est
1024 4341 1278 4391 transitus
1317 4340 1617 4399 existentia,
1668 4355 1783 4390 cum
1816 4355 1994 4390 carum
2026 4338 2261 4397 solariis.
2314 4339 2401 4407 qui

835 4429 1109 4481 introitum
1169 4438 1215 4480 et
1256 4430 1451 4479 exitum
1499 4429 1686 4480 habent
1736 4444 1911 4480 tersus
1958 4428 2237 4486 embolum.
2289 4446 2407 4497 pro-

2476 1971 2711 2042 exafolii,
2761 1972 3071 2025 archonticii
3105 1980 3154 2024 et
3183 1972 3415 2025 aliorum
3460 1974 3787 2040 reddituum,
3824 1992 4061 2046 quorum

2479 2083 2638 2119 causa
2663 2066 2931 2134 negociari
2955 2064 3161 2118 debent.
3212 2063 3276 2117 In
3303 2065 3541 2118 omnibus
3582 2069 3722 2120 enim
3768 2070 4061 2121 mercatio-

2481 2174 2606 2210 num
2637 2157 2761 2211 locis
2809 2157 2937 2210 data
2979 2165 3056 2208 est
3094 2157 3168 2209 eis
3218 2175 3250 2210 a
3289 2166 3471 2210 nostra
3524 2157 3854 2212 sublimitate
3892 2160 3999 2214 libe
4030 2179 4063 2214 a

2481 2247 2715 2311 licentia,
2747 2248 2933 2301 debens
2960 2249 3252 2313 superiores
3295 2263 3381 2300 eos
3414 2248 3585 2317 facere
3606 2257 3654 2300 et
3688 2248 3805 2317 ipsa
3832 2251 4067 2319 inqu—'st-

2483 2339 2642 2390 tione.
2683 2336 2936 2390 Excident
2975 2346 3153 2390 autem
3176 2347 3222 2390 et
3253 2337 3317 2390 ab
3344 2338 3455 2407 ipso
3490 2339 3715 2403 eparclio
3741 2340 4066 2408 parathal::-

2482 2429 2584 2481 sita
2618 2426 2699 2494 (Η
2721 2430 2771 2495 ⁵),
2802 2425 3144 2495 ele0parocho
3182 2427 3417 2496 genicho,
3466 2414 3907 2491 commcrkiariis,
3938 2429 4068 2481 kar-

2486 2512 2718 2574 tulariis,
2758 2512 3028 2584 gppologis
3058 2526 3107 2566 et
3145 2515 3447 2581 hujusmodi
3492 2515 3753 2580 omnibus,
3788 2516 3945 2569 nullo
3975 2535 4071 2587 per

2487 2604 2600 2658 loca
2638 2606 2935 2675 principum
2982 2605 3066 2658 vel
3100 2605 3328 2658 aliorum
3359 2608 3567 2660 servitia
3610 2610 3908 2661 communis
3957 2622 4074 2661 tra-

2486 2696 2751 2747 ctancium
2806 2704 3134 2764 presumente
3189 2695 3393 2765 aliquid
3441 2713 3621 2750 eorum
3675 2709 4072 2766 contempnere,

2489 2799 2586 2852 que
2609 2785 2692 2837 hic
2726 2782 2957 2853 dif/inita
2990 2795 3135 2839 sunt.
3176 2787 3432 2840 Omnium
3490 2790 3630 2842 enim
3669 2792 3972 2858 specierum
4024 2799 4073 2841 et

2490 2876 2764 2941 mercium,
2795 2892 2956 2945 quam
2999 2876 3110 2947 (Ιὲ)
3159 2878 3422 2947 quispiam
3451 2878 3604 2939 dicet,
3636 2879 3837 2932 collata
3878 2891 3957 2934 est
4001 2886 4073 2934 eis

2492 2968 2776 3036 negotiatio
2798 3006 2813 3030 ,
2853 2976 2900 3019 et
2930 2968 3166 3020 omnium
3196 2969 3512 3033 emptionem
3552 2969 3779 3030 faciendi
3806 2973 4073 3025 habebunt

2492 3067 2822 3129 potestatem,
2853 3068 3163 3128 superantes
3208 3073 3415 3110 omnem
3438 3059 3727 3114 datiouem.
3770 3060 3883 3114 llec
3910 3067 4076 3131 igitur

2495 3153 2701 3222 imperii
2739 3153 2904 3205 nostri
2928 3152 3096 3219 pietas
3118 3152 3194 3203 sic
3218 3152 3526 3217 dispensans
3550 3155 3720 3204 sancit
3746 3163 3794 3205 et
3825 3158 4073 3224 μηδι-ἱρᾶν,

2493 3243 2701 3297 nullum
2756 3244 2828 3296 eis
2877 3258 3168 3312 repugnare
3206 3252 3463 3304 t'tnquan
3515 3244 3668 3295 rectis
3703 3254 3750 3295 et
3803 3248 3943 3297 veris
3974 3250 4079 3296 cle-

2495 3335 2685 3386 mentie
2730 3340 2905 3386 nostre
2954 3333 3066 3399 (i5)
3104 3344 3151 3384 et
3199 3342 3384 3385 contra
3416 3335 3588 3386 hostes
3635 3333 4077 3395 auxiliatoribis,

2494 3432 2542 3475 et
2568 3438 2728 3492 usque
2751 3424 2805 3475 in
2830 3420 2991 3488 ﬁnem
3032 3421 3195 3475 seculi
3237 3422 3368 3474 tales
3407 3437 3462 3476 se
3505 3422 3616 3491 fore
3662 3422 3937 3490 polliritis,
3986 3443 4078 3477 nec

2496 3530 2811 3584 quemquam
2861 3514 3073 3567 omnino
3121 3513 3313 3565 idibus
3362 3515 3558 3565 sentire
3620 3518 3941 3577 contraria,
4000 3516 4079 3569 rel

2497 3604 2839 3673 ullegationcs
2894 3605 3100 3674 aliquas
3149 3614 3333 3657 contra
3382 3619 3468 3656 eos
3520 3620 3798 3668 exercere,
3845 3607 4076 3659 (σηοω-

2498 3704 2671 3747 torutn
2700 3697 2772 3747 eis
2801 3696 2881 3748 hic
2914 3697 3090 3765 gratia
3127 3695 3535 3764 ergasteriorum
3570 3696 3808 3748 videlicet
3847 3710 3899 3748 et
3940 3699 4075 3749 scal-

2499 3786 2697 3837 lurum.
2738 3785 3107 3852 Cujuscunque
3150 3785 3287 3837 enim
3332 3783 3474 3853 juris
3510 3786 3602 3836 hec
3622 3785 3752 3847 sint,
3780 3787 3892 3837 sive
3919 3787 4080 3838 eccle-

2497 3875 2697 3926 siastici
2741 3876 2844 3928 sive
2876 3876 3065 3940 privati
3108 3883 3201 3927 aut
3247 3873 3442 3942 publici
3483 3875 3593 3926 sive
3631 3884 3813 3927 sancte
3869 3877 4074 3937 domas,

2502 3964 2677 4015 uultus
2710 3974 2885 4016 tamen
2916 3973 3093 4033 tanget
3124 3980 3209 4026 ea,
3262 3980 3363 4031 que
3404 3973 3526 4017 sunt
3557 3980 3696 4017 nunc
3736 3967 4077 4020 uiuentium

2500 4054 2737 4119 ﬁdeliam
2765 4053 3084 4106 celsitudinis
3121 4063 3297 4105 nostre
3343 4052 3729 4116 Veneticorum,
3761 4065 3811 4108 et
3838 4069 4073 4126 postmo-

2501 4145 2625 4196 dum
2661 4144 2996 4210 futurorum;
3028 4145 3277 4210 quoniam
3323 4146 3546 4196 multam
3577 4146 3989 4201 benivolentiam
4032 4161 4077 4201 et

2504 4241 2699 4285 rectam
2726 4233 3048 4287 voluntatem
3074 4250 3199 4304 erga
3223 4233 3511 4305 Imperium
3544 4249 3780 4289 nostrum
3811 4248 3862 4290 et
3894 4238 4080 4293 Roma-

2506 4328 2655 4378 niam
2685 4327 3048 4389 exhibuerunt,
3096 4334 3147 4379 et
3179 4329 3315 4380 hanc
3353 4337 3461 4380 toto
3499 4328 3653 4380 corde
3679 4329 3734 4381 in
3773 4342 4080 4399 perpetuum

2506 4418 2780 4470 observare
2826 4416 3173 4485 pollicentur,
3225 4430 3273 4471 et
3335 4435 3432 4489 pro
3483 4418 3720 4472 Romano
3771 4422 3964 4475 ordine
4022 4440 4081 4474 ac

836 4519 1125 4587 gredrentia
1169 4520 1234 4571 ub
1279 4519 1516 4585 l-Ibruyca
1559 4534 1719 4586 usque
1743 4520 1795 4569 in
1839 4517 2030 4579 locum,
2074 4520 2165 4588 qui
2213 4519 2405 4570 dicitur
2438 4536 2478 4588 ο
2509 4508 2776 4560 Cristiano
2808 4517 3052 4577 prompte
3100 4524 3340 4578 pugnare
3382 4508 3566 4561 volunt
3614 4517 3665 4560 et
3697 4519 4077 4578 protestantur.

853 4607 1024 4676 Vigla,
1050 4616 1098 4659 et
1129 4624 1227 4676 que
1254 4608 1620 4661 inhabitantur
1659 4620 1708 4660 ct
1735 4625 1831 4677 que
1868 4625 1971 4660 non
2013 4610 2403 4668 inhabitantur,

840 4708 886 4751 et
918 4701 970 4752 in
1002 4700 1188 4768 quibus
1221 4700 1446 4752 Venetici
1485 4708 1696 4752 manent
1726 4709 1772 4751 et
1805 4699 1954 4752 (ἶνα-ἱ
1996 4708 2052 4751 ut
2085 4701 2137 4751 in
2173 4710 2407 4769 ergoste-

842 4792 972 4852 riis;
1003 4798 1050 4841 et
1074 4800 1176 4841 tres
1206 4788 1399 4851 scalas,
1432 4805 1529 4857 que
1572 4805 1719 4841 secus
1771 4804 1918 4841 mare
1956 4797 2100 4850 sunt,
2130 4798 2178 4840 et
2211 4794 2264 4839 in
2296 4805 2412 4840 ma-

843 4880 1027 4947 nifesto
1074 4894 1252 4945 spacio
1280 4877 1802 4930 circumscribuntur.
1849 4874 2099 4943 Largitur
2141 4881 2315 4926 autem
2363 4880 2411 4925 ct

838 4976 1021 5019 sancto
1050 4966 1299 5031 Quintino
1331 4969 1440 5032 ilo)
1469 4966 1775 5035 pistrinum,
1817 4966 1956 5033 quod
1983 4965 2035 5017 in
2077 4963 2242 5016 latere
2266 4964 2411 5032 ejus-

841 5063 959 5112 dem
1002 5058 1212 5111 ecclesie
1253 5067 1349 5116 est,
1387 5068 1436 5110 ct
1481 5058 1661 5110 domui
1688 5061 1880 5109 attinet
1915 5055 2076 5110 Petrii
2116 5065 2164 5108 et
2216 5057 2416 5125 pensio-

845 5165 962 5201 nem
988 5148 1141 5201 habet
1170 5147 1495 5199 numismuta
1552 5147 1760 5215 viginti.
1801 5145 1935 5199 Item
1994 5143 2221 5215 largitur
2262 5148 2336 5198 eis
2368 5155 2417 5198 et

844 5238 1112 5291 ecclesiam
1163 5239 1334 5290 sancti
1395 5237 1619 5296 Andree,
1675 5252 1773 5303 que
1836 5246 1911 5288 est
1967 5235 2241 5295 Durachii,
2301 5252 2418 5287 eum

847 5330 1037 5382 ibidem
1072 5330 1406 5382 existentibus
1457 5326 1811 5395 imperialibus
1851 5325 2261 5395 pensionalibus,
2309 5328 2422 5379 sine

850 5426 1025 5470 tamen
1072 5428 1357 5487 apparatu,
1394 5419 1483 5486 qui
1514 5420 1564 5471 in
1644 5419 1716 5470 eis
1746 5418 2000 5484 repositus
2026 5426 2121 5476 est,
2152 5421 2303 5480 quasi
2336 5418 2422 5469 de-

922 5583 936 5634 l
952 5580 967 5630 Ι
981 5579 1035 5646 0)
1070 5577 1184 5629 lmo
1225 5576 1278 5627 Ἀ
1290 5575 1539 5643 κινδύνῳ.

919 5644 1130 5716 (I|)De
1176 5646 1263 5716 his
1313 5647 1628 5716 umnmiims
1678 5645 2029 5698 conferantur
2082 5644 2412 5702 doctissima

852 5714 1045 5771 Tai'olii
1086 5726 1227 5769 nota:
1255 5714 1291 5767 Ι.
1312 5714 1347 5766 Ι.
1375 5729 1427 5782 p.
1467 5716 1567 5768 H8
1593 5730 1675 5781 sq.

926 5786 972 5853 (1
992 5787 1061 5854 l‘)
1087 5786 1207 5839 Lib.
1247 5784 1439 5837 albus:
1469 5782 1911 5851 pat‘atltalaxica:
1938 5782 2058 5839 Lib.
2088 5782 2408 5838 Factorum:

2507 4600 2706 4654 Contra
2731 4599 2863 4652 tales
2898 4602 3029 4652 viros
3052 4599 3167 4669 quis
3196 4599 3539 4664 contradicet,
3574 4607 3670 4652 aut
3693 4601 3811 4669 quis
3828 4599 4081 4669 placitura

2508 4690 2890 4760 aggredietur.’
2923 4689 3094 4755 Quam
3129 4689 3190 4743 ob
3226 4706 3338 4743 rem
3385 4706 3551 4761 neque
3608 4700 3868 4745 secretum
3928 4693 4081 4747 Petri

2509 4793 2602 4836 aut
2633 4781 2854 4845 Mirelei,
2907 4799 3073 4853 neque
3113 4783 3462 4851 familiarium
3507 4783 3723 4852 aliquis,
3759 4799 3935 4853 neque
3978 4801 4078 4837 nio-

2512 4875 2803 4925 nastcrium
2858 4874 2963 4926 sive
3022 4873 3273 4941 templum
3307 4882 3574 4941 sanctum,
3615 4874 3806 4943 quibus
3846 4875 4080 4927 videlicet

2512 4966 2706 5020 collata
2739 4949 3028 5037 ergasteria
3064 4969 3306 5020 adtinent
3339 4977 3387 5021 et
3412 4968 3599 5032 scalle,
3624 4979 3813 5022 contra
3851 4971 3948 5023 has
3979 4988 4057 5023 uno

2513 5057 2719 5110 vebunt.
2768 5057 2936 5110 Erunt
2981 5067 3160 5111 autem
3189 5058 3402 5111 silentes
3445 5068 3493 5111 et
3524 5061 3579 5112 in
3616 5060 4015 5127 dispensatione
4039 5072 4082 5111 ct

2513 5147 2648 5200 dono
2680 5148 3014 5202 sublimitatis
3064 5157 3239 5203 nostre
3284 5152 3541 5203 veraciter
3587 5162 4006 5220 perseverantes.
4036 5154 4082 5204 δί

2515 5240 2652 5291 enim
2683 5253 2783 5307 que
2815 5246 2996 5291 nostra
3040 5238 3151 5292 vult
3201 5240 3450 5292 celsitudo
3480 5238 3652 5307 dignis
3698 5242 3946 5309 accipere
3987 5257 4080 5292 non

2516 5326 2797 5396 largimur,
2847 5343 2939 5379 ceu
2980 5326 3203 5380 viriliter
3238 5328 3470 5397 operatis
3510 5327 3951 5391 accelerantibus,
3980 5333 4080 5397 qui-

2518 5420 2611 5470 bus
2672 5432 2907 5486 unquam
2965 5416 3297 5488 largiemur?
3344 5415 3423 5472 Ea
3473 5428 3689 5489 propter
3742 5419 4080 5474 donabuntur

2522 5576 2872 5644 peratalisita.

2593 5647 2705 5704 ατε)
2736 5645 2877 5715 Lege
2917 5648 3093 5713 quas.’

2591 5717 2701 5785 (ιὸ)
2732 5713 2885 5768 Adde
2916 5716 3052 5769 aulis
3083 5713 3166 5768 vel
3194 5716 3374 5770 servis.
