4236 6442
198 384 307 458 457

1272 365 1645 428 NOVELLdi
1689 361 2376 423 CONSTITUTIONES.

3341 351 3451 415 458

206 501 529 556 τοιέαεονυηι
554 487 901 547 immobilium
934 481 1336 539 sineablatione
1371 491 1418 533 et
1449 478 1786 548 infestatione
1817 490 1853 540 Α
1896 493 1913 525 ι
1950 473 2262 528 ventioncm
2308 471 2516 542 scripto
2557 467 2922 539 peragendam
2958 480 2986 519 ³³
3018 463 3230 519 nuntiis
3267 477 3456 517 “mm

206 613 237 647 α
272 590 430 646 modo
458 602 552 656 per
574 600 751 637 omnes
788 589 837 634 et
864 577 1103 631 assiduos
1135 590 1302 627 annos
1335 571 1617 625 secundum
1653 584 1791 620 coni-

206 680 611 752 preliensionent
668 672 888 742 practici
938 670 1124 722 horum
1179 665 1503 725 traditionis,
1545 661 1679 731 quod
1720 662 1790 712 eis

207 773 455 841 componi
493 770 635 821 debet
681 784 710 817 a
762 771 913 831 prato
968 762 1206 824 antipato
1241 757 1458 824 Georgio
1504 763 1550 807 et
1587 754 1791 805 notario

207 874 389 918 nostre
425 860 727 915 serenitatis
770 854 1104 915 Machitario,
1134 851 1271 919 quod
1301 860 1346 902 et
1379 849 1591 913 ﬁrmum
1621 847 1719 897 erit
1744 853 1790 896 et

206 955 401 1010 stabile
435 962 595 1020 atque
626 948 927 1002 inviolabile
968 946 1023 998 in
1048 943 1303 1005 omnibus,
1336 957 1435 1009 quc
1460 941 1511 992 in
1532 956 1589 991 eo
1612 941 1751 989 conti
1782 968 1791 973 ς

207 1049 495 1101 nebuntur.
530 1045 780 1111 Idemque
812 1039 957 1092 debet
998 1038 1051 1090 in
1108 1036 1214 1089 illis
1253 1034 1513 1087 substerni
1558 1032 1792 1085 secretis.

208 1142 262 1191 in
297 1138 490 1202 quibus
546 1145 595 1187 et
636 1146 851 1201 presens
900 1130 1065 1182 nostri
1112 1133 1400 1196 potestatus
1438 1123 1795 1176 substernetur

208 1226 609 1297 eltrysobulum,
662 1223 732 1275 ad
785 1223 1033 1274 notieiam
1100 1217 1416 1269 collatorum
1469 1217 1620 1268 rectis
1680 1216 1790 1279 (Η)

210 1317 543 1370 celsitudinis
560 1324 739 1366 nostre
765 1311 1039 1372 Veneticis,
1060 1317 1107 1361 et
1127 1308 1245 1361 reda
1256 1310 1545 1377 rgationem
1560 1306 1791 1367 illorum,

212 1412 303 1476 qui
341 1408 471 1458 istos
516 1408 702 1457 horum
753 1403 930 1472 gratia
973 1401 1227 1467 infestare
1270 1402 1581 1451 niterentur.
1626 1398 1795 1450 Erunt

214 1502 380 1568 igitur
416 1497 575 1551 semel
603 1498 684 1548 hic
720 1494 939 1561 difﬁnita
980 1493 1159 1545 omnia
1202 1490 1357 1557 ﬁrma
1394 1499 1440 1541 et
1468 1488 1796 1541 inviolabilia

213 1601 263 1644 et
296 1609 328 1644 a
362 1593 569 1644 nemine
602 1589 1043 1656 contempnenda.
1097 1581 1155 1636 Si
1216 1598 1331 1635 rero
1360 1583 1624 1652 quispiam
1665 1582 1797 1648 forte

214 1681 423 1748 aliquid
451 1682 504 1732 in
536 1682 633 1732 hoc
665 1676 975 1747 chrysobulo
1002 1676 1371 1727 ordinaturum
1400 1673 1795 1740 contempserit,

212 1772 634 1823 inremisibiliter
665 1778 879 1837 rogetur
909 1765 1036 1818 dare
1065 1784 1097 1818 a
1126 1773 1326 1818 secreto
1362 1766 1445 1832 epi
1473 1776 1560 1816 ton
1587 1763 1796 1816 ikiakon

1900 585 1917 617 ι
1953 566 2247 621 clcmentie
2287 572 2474 617 nostre
2499 571 2630 616 sunt
2657 559 3022 631 jurejurando
3051 558 3314 627 promissa
3338 595 3353 621 ,
3400 563 3461 609 et

1899 676 1916 708 ι
1956 659 2108 711 arma
2137 666 2191 711 et
2227 655 2563 709 inviolabilia
2598 655 2912 708 observare.
2949 648 3129 718 Super
3165 649 3270 703 hoc
3297 655 3464 702 erunt

1898 766 1917 798 ‹
1955 748 2054 816 ipsi
2098 747 2240 817 juris
2283 746 2386 799 sibi
2422 744 2606 798 collati
2643 758 2738 811 per
2788 757 3017 812 presens
3068 739 3460 809 chrysobulum

1899 856 1916 886 ι
1956 840 2074 891 sine
2113 838 2385 891 ablatione
2409 838 2700 897 donantes,
2727 849 2823 902 per
2845 833 3093 888 seculum
3113 845 3277 885 omne
3305 828 3466 883 ﬁrmo

1904 946 1921 976 ι
1958 937 2016 980 et
2091 928 2392 980 inviolabili
2462 934 2719 995 presentc
2782 925 3109 994 chrysobolo
3168 922 3464 982 existente,

1903 1037 1921 1068 ι
1961 1019 2102 1071 laeto
2134 1032 2319 1070 mense
2351 1018 2591 1084 Augusm
2632 1014 2953 1070 indictionis
2993 1023 3184 1082 quarte
3218 1027 3312 1067 sex
3347 1012 3469 1066 mil—

1904 1127 1922 1160 ς
1957 1108 2135 1163 lesimi
2188 1106 2593 1160 sexcentissimi
2638 1106 2903 1175 lrigesimi
2959 1105 3139 1174 quarti
3207 1104 3363 1165 anni,
3408 1105 3464 1159 iu

1904 1223 1922 1255 ι
1958 1219 2070 1274 quo
2097 1217 2154 1257 et
2186 1214 2435 1256 nostrum
2471 1202 2620 1267 pium
2671 1211 2777 1253 eta
2814 1201 2919 1255 deo
2944 1209 3254 1268 promotum
3289 1200 3470 1255 subsi-

1904 1314 1922 1345 t
1954 1293 2140 1362 gnavit
2168 1292 2481 1361 imperium.
2517 1309 2536 1341 ι

1976 1402 1993 1433 ι
2029 1382 2139 1437 Hec
2202 1384 2365 1452 igitur
2423 1390 2575 1444 sunt,
2643 1395 2807 1449 quea
2874 1390 3141 1450 perpetuo
3206 1382 3471 1434 memorie

1900 1474 2229 1535 imperatore
2258 1483 2312 1528 et
2332 1489 2435 1528 avo
2460 1474 2674 1541 imperii
2705 1471 2878 1526 nostri
2914 1481 2969 1525 et
3006 1484 3087 1527 ter
3112 1473 3273 1529 beato
3300 1475 3474 1542 impe-

1900 1575 2079 1619 ratore
2108 1565 2335 1618 domino
2367 1574 2425 1619 et
2454 1576 2606 1633 patre
2642 1562 2987 1617 celsitudinis
3042 1575 3229 1619 nostre
3257 1565 3468 1620 ﬁdelis-

1899 1658 2053 1710 simis
2082 1656 2315 1724 imperio
2340 1666 2530 1710 nostro
2558 1656 2826 1709 Veneticis
2852 1671 2950 1727 per
2980 1656 3318 1726 chrysobula
3348 1660 3473 1712 illo-

1904 1763 2022 1799 rum
2054 1747 2248 1800 collata
2274 1756 2439 1810 sunt;
2468 1763 2575 1816 que
2604 1748 2768 1801 etiam
2799 1748 3098 1818 chysobula
3127 1757 3183 1803 et
3222 1757 3471 1805 nostrum

210 1861 334 1911 auri
360 1859 523 1911 libras
557 1836 774 1919 decent;
810 1867 859 1907 et
896 1871 962 1907 ex
1004 1870 1065 1907 eo
1098 1854 1331 1908 solvetur
1358 1852 1527 1905 ablati
1565 1853 1794 1921 pretium
1829 1836 1870 1888 Β

1829 1836 1870 1888 Β
1903 1840 2049 1907 pium
2079 1839 2367 1909 imperium
2389 1839 2711 1897 corroborat
2733 1855 2830 1909 per
2852 1856 3083 1909 presens
3108 1841 3469 1907 crisobulum,

207 1952 263 2002 in
305 1947 688 2017 quadruplum,
738 1948 893 2013 ﬁrmo
947 1957 996 1999 et
1037 1944 1215 1999 stabili
1265 1946 1520 1998 existente
1554 1953 1794 2013 presente

206 2037 525 2108 elirysobulo
568 2037 892 2090 celsitudinis
940 2046 1118 2089 nostre
1148 2076 1163 2096 ,
1232 2035 1372 2103 [acto
1413 2050 1588 2087 mense
1645 2032 1795 2100 Majo

207 2131 513 2182 indictionis
540 2131 718 2199 quinte
749 2130 944 2180 decime
971 2131 1023 2181 in
1070 2143 1213 2179 anno
1239 2142 1331 2178 sea:
1365 2124 1646 2178 millesimo
1675 2140 1795 2177 sex-

202 2222 517 2283 centesimo,
554 2222 607 2271 in
638 2233 742 2282 quo
776 2225 825 2269 et
858 2226 1099 2269 nostrum
1138 2217 1283 2285 piunt
1311 2224 1359 2266 et
1401 2231 1434 2267 a
1462 2216 1557 2268 deo
1584 2230 1792 2283 promo-

203 2320 323 2363 tum
352 2312 681 2379 subsignavit
710 2310 1013 2378 imperium.

284 2420 302 2452 ι
344 2400 518 2470 Igitur
548 2399 837 2467 imperium
901 2406 1157 2452 nostrum
1212 2398 1529 2468 hujusmodi
1584 2399 1791 2452 conﬁr-

210 2508 234 2541 ε
273 2504 436 2543 mans
465 2487 883 2557 chrysobulum,
912 2487 1165 2541 concedit
1214 2495 1271 2542 et
1308 2502 1527 2541 rursum
1588 2487 1794 2541 habere

214 2601 235 2632 ι
270 2582 564 2640 eﬂ'ectum,
591 2579 894 2632 secundum
938 2578 1085 2647 quod
1126 2578 1391 2633 dictatum
1433 2579 1487 2632 in
1522 2580 1794 2648 principio

211 2691 234 2722 4
274 2673 383 2725 fuit
419 2659 705 2724 tunccutn
736 2670 819 2724 eis
838 2671 1098 2723 collatum
1134 2669 1259 2732 luit,
1296 2679 1569 2739 quatenus
1597 2682 1654 2726 et
1684 2672 1794 2725 sol-

214 2783 236 2814 ι
278 2762 586 2830 lempnium
620 2760 953 2815 beneﬁcium
979 2760 1179 2814 iterum
1205 2761 1500 2831 accipiant,
1531 2771 1588 2817 et
1621 2763 1795 2817 hono-

215 2871 237 2904 ι
274 2867 364 2906 res
390 2852 723 2920 dignitatum
771 2850 1153 2906 nobilissimus
1199 2852 1313 2905 dux
1362 2861 1419 2908 et
1464 2856 1795 2912 sacerrimus

218 2963 241 2996 ι
278 2943 599 3011 patriarcha
653 2957 779 2995 cum
819 2943 936 2996 suis
983 2944 1312 3012 errogativis
1359 2945 1630 3010 habeant,
1691 2964 1795 3003 nec

216 3052 236 3084 ι
270 3049 383 3087 non
412 3042 469 3087 et
500 3033 601 3101 ipsi
635 3034 1037 3102 possessionem
1083 3044 1137 3088 et
1179 3034 1497 3092 lruitionem
1545 3049 1792 3108 ergaste-

216 3144 237 3177 ι
276 3126 488 3179 riorum
517 3135 575 3178 et
598 3125 925 3178 collatorum
962 3134 1018 3179 et
1057 3128 1329 3181 scalarum
1357 3130 1478 3183 sine
1514 3131 1789 3187 ablatione
1822 3164 1866 3225 ρ

218 3233 239 3265 ι
276 3206 617 3283 possideant.
660 3213 924 3267 Similiter
956 3216 1073 3268 vult
1105 3217 1397 3271 clementia
1450 3230 1669 3285 nostra,
1699 3236 1796 3277 eos

214 3321 236 3355 ι
274 3304 481 3356 habere
527 3303 808 3355 licentiam
860 3303 981 3358 sine
1032 3306 1405 3374 prohibitione
1449 3312 1792 3378 negociandi,

216 3412 237 3446 ι
276 3394 400 3449 sine
422 3395 803 3449 com-uerchio
825 3404 879 3449 ct
913 3397 1155 3465 qualibet
1194 3398 1298 3450 alia
1330 3400 1550 3453 datione
1583 3402 1635 3455 in
1671 3418 1795 3457 om-

219 3504 241 3536 ι
278 3486 449 3539 nibus
486 3487 786 3539 numeratis
823 3487 874 3538 iu
911 3488 1205 3541 manifesto
1232 3488 1565 3559 chrysobulo
1604 3493 1796 3547 civita-

220 3592 240 3624 ι
282 3574 432 3627 tibus
463 3583 517 3626 et
565 3572 727 3625 terris
759 3573 860 3626 sub
886 3583 1153 3642 potestate
1203 3586 1391 3630 nostre
1443 3580 1795 3636 sublimitatis

218 3682 238 3713 ι
276 3662 665 3715 existentibus.
694 3662 892 3713 Verum
916 3671 969 3713 et
1000 3664 1341 3718 sanctissime
1366 3669 1594 3722 ccclesic
1618 3673 1792 3725 sancti

221 3772 240 3804 ι
279 3753 516 3820 apostoli
546 3763 601 3804 et
626 3753 963 3822 evangeliste
998 3754 1183 3818 Marci,
1213 3772 1319 3823 que
1347 3768 1431 3811 est
1462 3758 1515 3811 in
1542 3760 1794 3816 Vencciis

216 3857 236 3887 ι
274 3839 621 3896 constituta.
688 3839 754 3891 de
807 3840 1258 3895 Amallitanorum
1328 3849 1638 3913 ergasteriis
1695 3866 1792 3918 per

213 3945 235 3976 ι
278 3926 587 3994 prelactum
632 3925 1020 3995 chrysobulum
1077 3930 1194 3984 sine
1253 3933 1558 4001 privatione
1608 3940 1786 3992 eidem

215 4035 237 4069 ‹
274 4022 568 4071 ιι-ειτριιιυι·
626 4020 883 4074 ecclesie.
968 4020 1243 4086 Quoniam
1302 4040 1432 4079 vero
1487 4035 1612 4082 ante
1678 4045 1788 4084 non

212 4128 234 4159 ‹
271 4124 484 4176 paucos
547 4126 722 4163 annos
770 4111 839 4163 ab
912 4112 1041 4175 hiis,
1098 4115 1190 4182 qui
1243 4116 1506 4184 quasdam
1576 4134 1786 4174 merces

216 4218 236 4250 ι
278 4200 561 4253 Veneticis
594 4201 645 4252 in
682 4201 946 4256 Romanie
979 4204 1296 4273 regionibus
1339 4208 1603 4270 vendunt,
1634 4223 1787 4262 com-

214 4310 235 4340 ι
274 4290 584 4341 merchium
620 4290 763 4360 exigi
810 4294 1062 4358 contigit,
1100 4304 1153 4348 et
1191 4296 1433 4349 obtinuit
1471 4298 1782 4367 hujusmodi

216 4399 235 4427 ε
273 4394 397 4432 mos
434 4388 493 4430 ut
546 4390 694 4446 patet
758 4382 914 4445 annis
976 4384 1393 4450 suﬂicientibus,
1456 4406 1785 4459 rogaverunt

1898 1942 1954 1985 et
1981 1932 2137 2000 jubet
2170 1932 2427 1985 clfcetum
2454 1947 2517 1985 ea
2542 1931 2769 1994 habere,
2826 1938 3127 1986 secundum
3156 1934 3301 2002 quod
3342 1949 3469 1988 eum

1899 2038 2071 2092 usque
2108 2022 2176 2077 ad
2210 2024 2593 2093 migrationem
2626 2022 2693 2075 ad
2724 2023 3010 2077 dominum
3043 2023 3191 2079 inter
3229 2024 3472 2094 impera-

1898 2126 2044 2172 tores
2069 2126 2334 2186 perpetue
2363 2118 2628 2171 memorie
2667 2128 2750 2172 ter
2796 2118 2942 2171 beati
2972 2117 3183 2173 domini
3214 2130 3269 2173 et
3298 2121 3473 2189 patris

1896 2218 2081 2263 nostre
2108 2208 2464 2262 sublimitatis
2494 2209 2652 2261 habe‘
2677 2217 2793 2262 aut.
2821 2210 3066 2263 Venetici
3097 2219 3280 2265 autem
3308 2213 3472 2267 solita

1897 2301 2003 2355 sibi
2059 2310 2398 2355 sacramenta
2461 2300 2729 2354 facientes
2777 2300 3150 2355 observabunt
3206 2302 3366 2357 ﬁdem
3417 2314 3474 2359 et

1897 2392 2255 2453 servitutem,
2315 2408 2478 2460 quam
2530 2402 2721 2445 nostre
2776 2391 3093 2446 celsitudini
3159 2394 3363 2449 debent
3416 2404 3475 2449 et

1898 2484 2185 2545 Romauie,
2226 2484 2360 2553 ipsis
2390 2486 2653 2553 operibus
2705 2499 2899 2554 puram
2947 2494 3004 2538 et
3057 2501 3189 2542 vere
3242 2498 3467 2543 rectam.

1894 2576 2162 2642 Quoniam
2190 2592 2344 2640 vero,
2380 2586 2439 2631 ut
2478 2578 2713 2631 relatum
2746 2577 2849 2630 fuit
2886 2577 3181 2634 clementie
3222 2589 3409 2636 nostre
3436 2599 3467 2637 a

1896 2668 2109 2721 nuntiis
2140 2668 2531 2722 Veneticorum
2588 2669 2643 2721 in
2700 2682 2895 2737 magna
2926 2669 3064 2724 urbe
3095 2672 3469 2738 prcsentihus.

1899 2756 2244 2825 inpetravere
2275 2758 2520 2813 Venetici
2573 2768 2890 2827 preceptum
2937 2760 3162 2829 quidem
3201 2764 3475 2818 interim-

1898 2859 2181 2916 pcratorcs
2221 2864 2440 2919 semper
2468 2850 2811 2905 memorandi
2860 2851 3232 2920 imperatoris,
3261 2855 3473 2911 domini

1897 2948 1954 2992 et
2006 2940 2181 3009 patris
2221 2940 2436 3009 imperii
2472 2941 2671 3005 nostri,
2728 2941 3016 2996 licenciam
3053 2943 3188 3013 ipsis
3236 2945 3475 3014 largiens

1897 3030 2017 3083 sine
2049 3031 2428 3099 prohibitione
2459 3041 2516 3086 ct
2548 3049 2645 3101 per
2676 3033 2884 3088 insulas
2915 3036 3263 3102 uegociandi,
3315 3039 3472 3092 vidc-

1897 3121 2027 3175 licet
2058 3122 2282 3191 Ciprnm
2309 3130 2365 3176 et
2385 3123 2629 3185 Cretam,
2668 3139 2765 3192 per
2786 3125 2934 3192 quod
2966 3134 3021 3179 et
3052 3128 3173 3181 sine
3200 3144 3473 3183 commer-

1902 3210 2008 3264 kiis
2042 3212 2283 3269 debeant
2335 3214 2601 3268 custodiri
2661 3215 2867 3284 ubique
2925 3226 3195 3272 terrarum
3253 3221 3470 3290 imperii

1900 3305 2073 3357 nostri
2108 3321 2206 3371 pro
2240 3305 2348 3358 hiis
2378 3306 2560 3359 omnis
2604 3308 2825 3374 generis
2852 3308 3166 3376 speciebus,
3199 3327 3337 3380 quas
3368 3313 3472 3382 ipsi

1897 3394 1969 3447 ab
1990 3393 2198 3448 eisdem
2223 3394 2416 3447 insulis
2440 3396 2788 3456 mercabunt.
2820 3398 3069 3464 nequivit
3100 3411 3283 3453 autem
3312 3410 3472 3457 tenor

1898 3486 2146 3554 ejusdem
2176 3484 2418 3555 precepti
2463 3485 2641 3539 adhuc
2682 3486 2939 3539 elleetum
2983 3488 3249 3554 recipere,
3303 3506 3468 3560 quam

1897 3577 1968 3629 ob
2000 3592 2115 3630 rem
2164 3586 2221 3630 et
2279 3590 2425 3629 nunc
2474 3592 2647 3643 usque
2683 3578 2927 3633 Venetici
2957 3582 3154 3635 collato
3205 3584 3338 3651 ipsis
3374 3602 3470 3654 per

1897 3667 2213 3737 hujusmodi
2247 3676 2563 3736 preceptum
2599 3668 2867 3721 benelicio
2902 3682 3121 3737 carent;
3162 3675 3470 3741 petierunt-

1895 3776 2003 3827 que
2052 3760 2120 3812 ab
2172 3760 2405 3827 imperio
2448 3770 2636 3813 nostro
2686 3758 2917 3829 precipi.
2963 3773 3235 3830 quatenus
3267 3767 3470 3823 beneﬁ-

1895 3851 2063 3911 cium,
2088 3849 2233 3916 quod
2264 3850 2317 3901 in
2340 3850 2588 3917 predieto
2612 3850 2928 3904 continetur
2958 3863 3223 3922 precepto
3245 3872 3469 3929 semper

1896 3938 2232 3993 memorandi
2288 3939 2638 4008 imperatoris
2679 3940 2889 3993 domini
2925 3953 2979 3996 et
3026 3948 3197 4012 patris
3246 3950 3442 4019 imperi

1893 4032 2091 4093 nostri,
2143 4040 2199 4085 et
2238 4031 2421 4084 adhuc
2489 4040 2641 4084 caret
2684 4031 2906 4092 eﬂ‘eetn.
2970 4038 3169 4091 amodo
3220 4042 3467 4108 potiatur

1891 4122 2126 4184 eﬂcctu;
2186 4122 2480 4175 clementia
2513 4135 2701 4176 nostra
2727 4123 2797 4177 ob
2834 4124 2994 4178 ﬁdem
3028 4135 3085 4182 et
3111 4130 3459 4198 servitutem,

1892 4228 2053 4281 quam
2082 4227 2209 4280 erga
2236 4213 2632 4266 sublimitatem
2659 4221 2901 4267 nostram
2929 4216 3188 4271 exhibent
3215 4231 3271 4275 et
3300 4223 3461 4275 dein-

1889 4318 2017 4368 cens
2054 4302 2315 4356 exhibere
2359 4304 2711 4371 pollicentur,
2764 4303 3076 4373 hujusmodi
3128 4310 3459 4377 peticionen.

1887 4407 2076 4444 eorum
2107 4390 2404 4445 exaudiens
2426 4393 2679 4446 concedit
2702 4402 2757 4445 et
2788 4393 3177 4463 prccipit,siue
3207 4402 3455 4467 prohibi-

214 4490 234 4520 σ
276 4478 539 4523 autemet
563 4486 661 4538 pro
692 4470 795 4525 hoc
823 4473 1171 4528 clementiam
1205 4487 1446 4532 nostram
1479 4481 1778 4538 ﬁdelissimi
1815 4487 1860 4540 ο
1888 4482 2043 4534 ciunt:
2079 4496 2173 4549 per
2216 4482 2532 4535 manifestas
2576 4482 2800 4546 insulas,
2835 4482 3072 4551 Cyprum
3116 4486 3371 4544 videlicet
3401 4502 3459 4546 tt.

216 4581 233 4610 ε
274 4572 333 4613 et
363 4561 527 4613 amici
554 4571 741 4615 nostre
771 4565 1090 4619 serenitatis
1128 4568 1391 4633 Venetici,
1428 4583 1702 4639 quatenus
1734 4591 1791 4632 et

215 4672 232 4700 ι
272 4653 590 4720 hujusmodi
649 4654 959 4723 corrigatur
1002 4657 1326 4723 capitulum,
1379 4663 1571 4731 eisque
1626 4668 1788 4737 hujus

216 4761 234 4791 α
280 4744 448 4793 detur
480 4742 695 4795 licentia
740 4753 795 4796 et
848 4744 1096 4810 libertas,
1151 4748 1439 4805 clementia
1499 4769 1680 4811 nostra
1735 4770 1791 4813 et

214 4853 235 4881 ι
278 4835 423 4885 hanc
459 4847 651 4884 eorum
706 4834 1033 4901 petieionem
1073 4836 1414 4908 adimplevit,
1472 4854 1525 4895 et
1554 4848 1790 4916 preeipit

212 4942 233 4973 ι
275 4938 375 4990 per
402 4938 629 4990 presens
666 4924 1077 4993 chrysobulum,
1132 4939 1190 4982 ut
1237 4931 1418 4985 nullus
1472 4935 1574 4988 sub
1599 4950 1785 4993 nostre

212 5036 232 5061 ι
277 5014 586 5080 majestatis
633 5022 902 5081 potestate
956 5015 1290 5072 Romeorum
1346 5037 1471 5075 cum
1508 5024 1786 5081 Veneticis

214 5124 234 5155 ι
274 5104 694 5172 negociancium
732 5104 784 5156 in
828 5106 1086 5159 omnibus
1141 5108 1403 5166 Romanie
1456 5117 1639 5178 terris,
1691 5128 1786 5173 aut

215 5213 234 5244 ι
275 5193 504 5263 quando
537 5193 615 5245 eis
651 5193 842 5247 vendit
873 5204 968 5247 aut
996 5198 1218 5265 quando
1272 5201 1342 5254 ab
1376 5203 1561 5273 aliquo
1590 5222 1781 5262 eorum

214 5304 233 5335 ς
275 5285 434 5345 emit,
476 5285 568 5338 det
593 5284 912 5339 commerkii
949 5289 1121 5356 gratia
1151 5292 1443 5362 quicquam
1488 5298 1569 5350 vel
1615 5298 1785 5353 alicu-

215 5398 234 5428 i
270 5380 365 5447 jus
401 5376 543 5429 alius
577 5378 916 5441 exactionis;
951 5381 1047 5432 sed
1073 5394 1406 5439 excusentur
1435 5398 1491 5442 et
1538 5390 1660 5458 ipsi,
1692 5407 1787 5445 seu

213 5489 233 5519 ς
275 5470 377 5532 hii,
411 5468 507 5536 qui
539 5469 908 5524 commet'cliia
958 5470 1217 5528 dantibus
1272 5481 1650 5547 negociantnr.
1688 5483 1790 5536 Ve-

209 5579 230 5610 ι
270 5569 587 5615 rumtamen
634 5572 690 5617 et
722 5562 966 5615 Venetici
992 5562 1195 5617 debent
1224 5582 1309 5632 ea,
1353 5585 1459 5638 que
1510 5587 1605 5641 per
1657 5588 1788 5625 con-

283 5745 397 5814 (N)
431 5743 583 5797 Adde
608 5742 746 5795 dulis
772 5743 853 5796 vel
884 5744 1058 5800 servis.

540 5839 808 5899 Pnuoc.
864 5840 976 5898 Gn.
1025 5841 1304 5903 CXXXV.

1887 4572 2127 4631 Cretam.
2164 4587 2258 4625 eos
2317 4572 2623 4641 negociari,
2658 4574 2873 4627 nemine
2902 4575 3201 4643 quidquam
3250 4580 3319 4633 ab
3370 4584 3453 4636 eis

1888 4665 2104 4731 exigere
2130 4674 2477 4731 presumcnte
2506 4665 2698 4717 horum
2726 4665 2919 4734 gratia,
2945 4676 3000 4719 ct
3034 4666 3153 4720 sine
3187 4684 3457 4725 commer—

1890 4755 1995 4810 kiis
2060 4756 2261 4823 ubique
2326 4768 2592 4810 terrarum
2656 4758 3110 4825 imperii-nostri
3191 4764 3457 4821 custodiri

1892 4845 2191 4898 secundum
2223 4844 2476 4914 superius
2499 4846 2733 4915 scriptas
2769 4846 3164 4903 condietiones.
3198 4850 3368 4920 Igitur
3399 4865 3461 4907 ηε

1893 4946 1948 4988 et
1971 4935 2071 5004 ipsi
2103 4936 2492 4989 certitudinem
2520 4937 2753 4990 habeant
2782 4935 2849 4989 de
2885 4936 2936 4988 in
2963 4941 3201 5004 presenti
3233 4941 3459 5011 chryso-

1896 5027 2023 5080 bulo
2060 5026 2323 5092 diﬂinitis,
2362 5044 2587 5096 presens
2626 5028 3017 5097 chrysobulum
3067 5041 3151 5083 est
3180 5036 3457 5100 composi-

1894 5127 2030 5178 tum,
2086 5116 2286 5171 factum
2330 5134 2516 5171 mense
2547 5116 2774 5171 Octubri
2811 5117 3125 5175 indictionis
3167 5122 3456 5177 undecim-3

1895 5208 2020 5261 anui
2074 5223 2165 5261 sex
2230 5209 2499 5263 millesimi
2556 5210 2942 5265 scxcentcsimi
2987 5211 3454 5281 quinquagessimi

1893 5301 2050 5363 sexti,
2091 5300 2144 5353 in
2173 5316 2283 5368 quo
2312 5310 2363 5354 et
2393 5310 2639 5354 nostrum
2672 5300 2820 5370 pium
2852 5310 2910 5354 et
2950 5316 2980 5354 a
3019 5301 3121 5355 deo
3142 5312 3453 5371 promotum

1870 5392 2223 5461 subsignavit
2264 5392 2573 5460 imperium.
2617 5411 2634 5443 ι

1958 5484 2070 5536 Hoc
2103 5484 2270 5552 igitur
2300 5485 2688 5553 chrysobolum
2713 5485 2791 5539 sic
2818 5484 3111 5539 continens
3135 5484 3279 5539 beati
3307 5495 3455 5540 tran-

1883 5576 2020 5629 situs
2053 5585 2108 5629 et
2154 5593 2369 5646 semper
2412 5579 2752 5633 memorandi
2813 5577 3244 5646 imperatoriset
3275 5582 3453 5647 patrui

2989 5840 3056 5901 15
