4236 6442
784 361 888 423 459

2027 368 2270 425 ISAMII
2321 372 2602 430 ANtiElJ
2655 374 2808 433 IMP.

3936 385 4054 446 460

787 471 1002 540 imperii
1036 470 1205 523 nostri
1240 471 1420 539 magni
1449 471 1713 527 Manuelis
1737 474 2070 529 conﬁrmans
2101 485 2158 529 et
2183 486 2369 532 nostra
2403 491 2443 544 Α
2475 481 2767 535 \‘eneticos
2815 490 2865 533 et
2924 483 3179 539 universa
3246 486 3380 554 ipsis
3423 471 3549 541 data
3595 499 3650 542 et
3704 505 3970 548 conceSsa
4025 519 4055 549 δ

783 564 960 634 pietas
988 581 1082 634 per
1115 580 1342 632 presens
1396 567 1789 635 chrysobulum
1853 570 2081 623 verbum
2139 571 2356 639 imperii

780 657 979 720 nostri,
1010 656 1266 710 concedit
1332 669 1387 710 et
1441 659 1696 727 precipit,
1752 661 1929 730 ipsum
1976 646 2253 725 videlicet,
2307 673 2363 717 et

779 765 886 817 quc
912 749 965 800 in
995 748 1114 816 ipso
1140 750 1472 819 chrysobulo
1502 745 1676 805 verbo
1736 752 2094 806 notiﬁcantur
2144 768 2363 822 semper

777 840 1258 893 memorandorum
1292 839 1711 908 lmperatorum,
1735 846 1922 910 proavi
1953 845 2166 897 scilicet
2190 847 2366 912 impe-

779 929 845 980 rii
906 932 1078 984 uestri
1112 930 1287 984 Alt-xii
1323 930 1611 995 Comnani,
1646 946 1696 987 et
1725 940 1904 1003 magni
1940 935 2118 1004 patrui
2146 935 2360 1002 imperii

776 1020 947 1071 nostri
1007 1019 1274 1090 Johannis
1329 1021 1638 1086 Conmani,
1705 1023 1860 1077 ﬁrma
1920 1033 1976 1078 et
2027 1026 2360 1079 inviolabilm

773 1124 1100 1174 permanere
1133 1110 1186 1164 in
1222 1115 1513 1178 omnibus,
1545 1129 1654 1182 que
1691 1115 2016 1179 continent,
2051 1127 2104 1170 et
2130 1132 2361 1172 conser-

773 1202 890 1254 vari
959 1219 1224 1272 personas
1281 1216 1336 1259 et
1394 1223 1480 1261 res
1548 1207 1838 1264 universas
1917 1209 2360 1264 ﬁdelissimorum

770 1294 1083 1346 celsitudini
1119 1305 1303 1349 nostro
1339 1297 1730 1376 Veneticorum
1768 1302 1951 1376 salvas
1988 1313 2041 1357 et
2069 1303 2255 1355 illesas
2287 1304 2358 1355 ab

769 1383 917 1434 omni
950 1387 1170 1438 homine
1213 1387 1570 1443 sublimitatis
1623 1400 1831 1452 nostre,
1889 1406 1992 1454 nec
2032 1405 2140 1443 non
2175 1402 2230 1444 et
2285 1395 2353 1444 ab

770 1474 890 1541 ipso
933 1475 1172 1543 imperio
1213 1487 1405 1532 nostro
1447 1487 1500 1532 In
1535 1479 1802 1539 omnibus,
1835 1482 2125 1536 clementie
2168 1491 2353 1534 nostro.

769 1563 949 1623 terris,
976 1574 1032 1616 et
1069 1565 1120 1617 in
1155 1575 1297 1620 terra
1346 1577 1402 1620 et
1449 1569 1503 1621 in
1543 1571 1704 1634 mari,
1745 1571 2038 1632 habereet
2069 1574 2352 1642 predictos

2345 1744 2430 1798 IV.

2460 574 2768 628 manifcsﬁs
2797 591 3016 644 semper
3050 580 3421 632 memorandis
3465 579 3897 648 imperatoribus
3930 605 4054 638 oin-

2462 665 2682 718 nimode
2749 667 3086 720 inviolabilia
3128 680 3186 722 et
3236 670 3444 737 absque
3504 671 3610 724 ulla
3644 674 4054 728 diminncionc.

2461 755 2763 810 secundum
2792 760 2938 827 quod
2980 761 3060 811 cis
3099 759 3224 812 data
3257 763 3483 812 luerunt
3512 773 3568 814 et
3599 778 3863 819 concessa
3885 807 3898 825 .
3929 785 4055 834 pri--

2441 846 2621 910 ﬁeate
2657 846 2992 918 chrysoliqu
3046 850 3222 917 verbo
3277 852 3491 918 imperii
3552 855 3724 906 nostri
3776 856 3936 906 lirmu
3999 868 4055 909 et

2465 939 2767 992 inviolaliili
2827 955 3151 1007 permanere
3220 943 3459 998 debente
3512 946 3566 998 in
3619 946 3902 1003 omnibus.
3943 963 4051 1014 que

2463 1033 2747 1096 continet;
2777 1033 2924 1085 facto
2958 1049 3144 1088 mense
3172 1035 3474 1089 Februario
3528 1040 3802 1105 presentis
3851 1041 4050 1107 quinte

2467 1122 2784 1179 indictionis
2817 1140 2910 1177 sex
2946 1127 3221 1179 millesimi
3269 1129 3658 1182 sexcentesimi
3703 1134 4046 1198 nonagesinn

2463 1216 2642 1283 quinti
2688 1216 2838 1276 anni,
2899 1217 2952 1268 iti
2986 1220 3099 1285 Quo
3155 1227 3210 1270 et
3273 1229 3525 1271 nostrum
3589 1220 3738 1288 pium
3773 1233 3829 1274 et
3882 1223 4052 1275 ade»

2464 1317 2780 1375 promotum
2810 1307 3152 1377 subsignavit
3189 1310 3505 1379 imperium.

2678 1466 2686 1475 “
2743 1464 3005 1520 Ysuntus
3035 1466 3087 1519 in
3121 1465 3342 1522 Christo
3380 1469 3488 1522 Deo
3523 1468 3700 1522 ﬁdelis
3734 1469 4046 1536 imperator

2850 1565 2903 1606 ct
2936 1558 3251 1611 moderator
3299 1559 3630 1613 [ionicorum
3670 1563 3934 1628 Angelus.

1206 1900 1375 1939 AUREA
1404 1902 1561 1940 noua
1592 1896 1658 1940 ns
1697 1901 1848 1942 LOCIS
1879 1903 1909 1940 Α
1935 1902 2156 1941 νεκετιε
2191 1894 2675 1942 coasrax'rnvoeou
2723 1902 3061 1942 eossmwms
3094 1886 3232 1960 [£5].
3268 1890 3355 1958 (A.
3401 1888 3583 1956 H87).

829 2049 1099 2114 Quoniam
1146 2049 1387 2102 Venetici
1427 2049 1495 2102 ad
1549 2043 1846 2120 imperium’
1891 2059 2140 2103 nostrum
2177 2064 2338 2105 acce-
2369 2057 2412 2112 Β
2441 2047 2619 2116 parati
2655 2055 2712 2101 et
2747 2049 2989 2122 prompti
3025 2060 3429 2118 apparuerunt.
3474 2049 3543 2105 Ut
3571 2052 3720 2117 enim
3752 2053 4044 2120 predicltss

755 2141 952 2195 dentes
999 2139 1147 2194 etab
1197 2153 1270 2212 eo
1320 2139 1388 2193 ad
1433 2140 1700 2194 servitum
1750 2138 2104 2194 celsitudinis
2153 2148 2340 2194 nostre

756 2233 1113 2300 recepticum
1139 2231 1362 2294 ceteris,
1391 2246 1497 2300 quc
1529 2230 1971 2300 postulaverunt,
2004 2231 2074 2285 ab
2105 2231 2339 2302 imperio

757 2334 947 2377 nostro
979 2323 1258 2396 petierunt
1292 2323 1536 2377 nostrain
1564 2323 1932 2393 deposcentes
1955 2325 2355 2406 serenitatem”

751 2415 1068 2468 conﬁrmari
1095 2427 1174 2489 Aet
1201 2403 1352 2482 quod
1405 2429 1570 2489 super
1612 2417 1856 2484 practice
1899 2416 2226 2470 collatorum
2259 2416 2340 2471 eis

751 2510 807 2561 in
846 2524 1036 2576 magna
1071 2485 1204 2560 tirbe
1229 2524 1258 2560 a
1285 2523 1501 2575 semper
1526 2508 1881 2563 memorando
1916 2509 2250 2576 imperatore
2281 2516 2338 2561 ct

749 2587 1226 2664 desideratissimo
1251 2613 1443 2666 patruo
1479 2587 1697 2667 imperii
1728 2600 1934 2665 nostri,
1966 2601 2192 2660 domino
2224 2600 2335 2654 Ma-

750 2693 908 2746 nuele
936 2693 1244 2755 Comnano,
1279 2692 1725 2747 habitaculorum
1752 2675 2016 2747 videiicet
2041 2704 2101 2752 et
2131 2678 2337 2749 libero-

750 2801 871 2838 rum
909 2786 1188 2845 locorum,
1228 2801 1331 2839 nec
1368 2799 1478 2840 non
1519 2794 1577 2839 et
1611 2784 1876 2840 littoralis
1909 2785 2084 2845 SCIlIC‘.
2130 2785 2334 2858 factum

747 2885 832 2930 est
870 2876 1267 2952 ehrysobulum
1313 2876 1544 2930 verbum
1579 2877 1830 2946 ejusdem
1868 2891 2092 2944 semper
2119 2891 2332 2930 inemo-

748 2964 918 3036 randi
941 2963 1318 3031 imperatoris,
1346 2974 1625 3033 quatenus
1657 2967 1740 3019 sic
1771 2966 1922 3019 nullo
1956 2967 2119 3030 modo
2153 2971 2332 3042 susp;-

747 3051 963 3110 cmnem
1013 3057 1257 3126 aliquam
1304 3057 1580 3117 habeant,
1622 3057 1921 3126 quicquam
1973 3059 2170 3112 horum
2217 3062 2331 3114 l'ore

747 3147 1000 3198 avulsum
1029 3154 1044 3197 ξ
1075 3146 1375 3214 Imperium
1416 3147 2025 3217 llOSll‘UlllvlllljllS!“0di
2063 3149 2330 3217 depreca-

745 3239 954 3290 tionem
995 3235 1188 3290 edrum
1217 3237 1409 3311 nolens
1443 3239 1663 3291 abicere
1683 3276 1696 3299 ,
1728 3213 1974 3306 presenti
2007 3239 2332 3324 chrisobulo

745 3344 806 3381 su
830 3344 847 3379 )
880 3329 1172 3404 coiiﬁrmat
1201 3327 1510 3396 predict’um
1547 3328 1944 3397 chrysobulum
1972 3329 2118 3381 inter
2151 3329 2333 3397 impe-’

2447 2138 2637 2192 Sicilie
2675 2135 2936 2193 dominus
2967 2140 3239 2209 Rogerius
3269 2141 3485 2212 didicit,
3522 2144 3886 2197 ineustoditas
3923 2147 4042 2197 fore

2443 2240 2633 2299 partes
2670 2231 2886 2299 imperii
2923 2231 3121 2294 nostri,
3156 2247 3264 2300 que
3297 2233 3483 2286 circha
3511 2233 3769 2288 Greciam
3797 2243 3856 2287 et
3886 2235 4042 2289 Pelo-

2441 2320 2698 2387 ponisurn
2733 2329 2884 2384 sunt,
2914 2330 2970 2374 et
3003 2309 3420 2376 insulas'terras
3453 2325 3668 2392 imperii
3697 2329 3897 2389 nostri,
3929 2343 4040 2394 que

2441 2412 2586 2465 circa
2626 2411 2848 2465 easdem
2897 2422 3078 2466 terras
3105 2422 3265 2477 sunt,
3307 2413 3440 2466 dum
3486 2414 3801 2470 sublimitas
3844 2431 4041 2471 nostra

2441 2513 2656 2556 vacaret
2694 2503 3033 2572 stisceptioni
3077 2515 3135 2558 et
3175 2505 3400 2566 ducatui
3434 2521 3625 2559 earum
3651 2546 3664 2568 ,
3707 2523 3819 2575 que
3867 2510 4040 2575 paulo

2437 2603 2578 2658 ante,
2608 2608 2705 2662 per
2739 2603 2942 2648 terram
2977 2594 3198 2663 imperii
3233 2597 3410 2651 nostri
3447 2599 3819 2658 transierunt.
3866 2599 4003 2652 innu

2437 2685 2792 2738 merabilium
2825 2686 3268 2756 expeditionum,
3303 2689 3736 2743 Alemannorum
3766 2691 4039 2744 Videlicrl

2434 2787 2492 2832 et
2535 2777 2953 2841 Franchorum,
2995 2788 3053 2832 et
3099 2787 3346 2849 paratum
3382 2779 3495 2848 (l8)
3537 2796 3663 2834 cum
3703 2775 3844 2850 ipsis
3884 2795 4039 2836 esset

2434 2880 2630 2924 contra
2661 2873 2857 2939 impios
2875 2874 3156 2938 Agarenos
3179 2873 3246 2925 ad
3273 2872 3680 2941 expeditionem
3708 2872 4035 2926 faciendum

2433 2978 2532 3032 per
2569 2963 2712 3016 stolii
2753 2949 3075 3016 missionem
3101 3003 3113 3025 ,
3154 2964 3427 3032 ejusmodi
3476 2956 3758 3040 regionem
3793 2966 4032 3018 celsitu-

2432 3055 2580 3108 dinis
2629 3065 2852 3114 nostre.
2911 3049 3222 3119 secundum
3256 3057 3426 3124 ,qnod
3479 3057 3529 3109 ei
3584 3057 3846 3123 possibile
3898 3058 4032 3118 fuit,

2431 3146 2802 3214 depopulatus
2828 3158 2956 3218 est;
2986 3162 3225 3217 cumque
3257 3147 3403 3214 quod
3441 3146 3646 3202 factum
3673 3158 3762 3201 est
3793 3151 3867 3202 ad
3897 3159 4030 3218 pre-

2429 3238 2708 3293 dictorum
2753 3237 3144 3292 Veneticorum
3189 3256 3354 3292 aures
3394 3241 3759 3302 pervenisset,
3795 3240 3874 3294 hii
3922 3242 4032 3295 hoc

2431 3340 2690 3399 tanquam
2718 3331 3006 3400 proprium
3032 3332 3332 3399 dampnum
3369 3343 3786 3404 reputaverunt,
3812 3342 3866 3384 et
3890 3347 4032 3384 con-

745 3420 961 3473 ralorcs
996 3419 1202 3474 famosi-
1223 3403 1577 3487 itnpcratoris
1601 3428 1658 3473 et
1686 3420 1869 3487 patrui
1903 3429 2092 3474 nostre
2120 3421 2329 3475 sereni-
2353 3409 2397 3471 C
2429 3420 2612 3498 testim
2639 3422 2704 3474 ad
2735 3434 3022 3491 aparatum
3063 3423 3426 3494 coope'randi,
3460 3435 3516 3475 ut
3550 3423 3600 3475 id
3633 3422 3778 3490 quod
3815 3423 4028 3476 factu."

744 3513 893 3568 tatis.
929 3511 1076 3579 quod
1114 3511 1181 3564 ad
1221 3510 1452 3590 verbum
1484 3504 1565 3565 sic
1602 3510 1890 3590 continet:
2024 3566 2029 3574 _

821 3617 838 3648 α
888 3600 943 3652 Si
975 3615 1094 3672 cosc
1127 3599 1225 3666 qui
1259 3599 1364 3653 ﬁde
1393 3609 1450 3652 et
1478 3599 1778 3655 devotione
1809 3601 2000 3670 Optimi
2038 3611 2329 3674 suntjerga

743 3692 886 3754 illos,
937 3693 1030 3759 qui
1082 3707 1180 3759 per
1219 3701 1465 3760 tempora
1501 3679 1755 3760 optinent
1790 3693 2007 3762 imperii
2050 3695 2327 3775 guberna-

742 3786 889 3847 cula,
927 3793 1266 3853 eportunum
1301 3793 1386 3838 est
1424 3783 1570 3850 larga
1609 3784 1878 3839 beneﬁcia
1911 3786 1980 3839 ab
2023 3787 2158 3855 ipsis
2195 3769 2335 3840 ab}.-.

743 3880 922 3945 sequi,
955 3877 1131 3946 magis
1165 3886 1348 3929 autem
1376 3877 1425 3952 si;
1454 3877 1755 3952 contigerit
1784 3891 1881 3930 eos
1913 3877 2096 3932 anime
2123 3887 2326 3936 statum

742 3985 1070 4038 generosum
1103 3970 1309 4023 habere
1347 3979 1516 4039 atque
1537 3951 1810 4023 audacem
1834 4009 1850 4032 ,
1893 3979 1953 4023 ut
1981 3972 2048 4024 ad
2089 3971 2325 4026 sitnilem

742 4063 920 4114 zelum
967 4061 1162 4130 rcliq‘ui
1209 4061 1534 4123 iriitentur,
1576 4069 1634 4114 et
1663 4075 1733 4114 ne
1769 4043 2088 4130 hujiismodi
2122 4062 2327 4118 virtute

743 4155 1012 4206 inhonora
1042 4153 1372 4221 persistente
1402 4163 1457 4206 et
1483 4153 1764 4226 contrario
1783 4152 1837 4206 ei
1864 4153 1997 4218 vitio
2024 4155 2325 4223 reprehen-

739 4251 950 4300 sionem
991 4246 1399 4314 veritate-(l6),
1445 4246 1641 4300 raritas
1671 4228 1831 4299 valde
1879 4246 2323 4301 necessariarum

740 4339 1214 4408 prerogativarum
1253 4353 1281 4388 a
1314 4335 1420 4390 deo
1453 4336 1663 4390 salvato
1697 4335 2072 4391 Romanorum
2108 4339 2320 4392 exerci-

742 4433 819 4485 ιςιί
873 4433 1016 4487 ﬁat:
1069 4445 1416 4499 nequaquam
1474 4429 1620 4517 qupd
1665 4445 1698 4483 a
1743 4430 1849 4484 deo
1897 4441 1984 4485 est
2030 4432 2346 4507 imperium,

741 4534 991 4576 nostrum
1033 4522 1304 4591 ingenuos
1361 4514 1565 4574 nautas
1592 4528 1648 4572 et
1696 4519 2053 4582 ﬁdelissimos
2097 4523 2321 4576 celsitu-

739 4616 888 4669 dinis
921 4623 1110 4668 nostre
1147 4614 1439 4668 Veneticos
1461 4654 1476 4678 ,
1501 4613 1564 4668 in
1599 4613 1742 4668 hanc
1775 4614 2184 4682 imperatoriam
2227 4631 2319 4668 ur-

741 4711 864 4759 hem
897 4708 1204 4769 venientes,
1241 4707 1404 4760 decet
1438 4722 1665 4775 prorsus
1699 4721 1960 4774 spernere
1986 4721 2017 4759 a
2045 4707 2318 4774 peticione

2430 3520 2516 3565 est
2550 3512 2868 3587 omnimode
2906 3512 3240 3577 vindicetur,
3272 3507 3743 3568 consurrexerunt
3777 3526 3835 3568 et
3862 3530 4026 3567 suum

2428 3593 2718 3658 servitium
2743 3615 3000 3674 prompte
3022 3606 3342 3659 eelsitudini
3367 3615 3554 3660 nostre
3579 3605 4024 3674 speponderant.

2431 3696 2604 3750 Porro
2632 3705 2688 3749 et
2729 3697 2784 3749 in
2820 3697 3060 3767 reliquas
3089 3681 3341 3764 regiones
3374 3694 3590 3764 imperii
3624 3696 3804 3750 nostri
3844 3706 4028 3750 trans-

2431 3771 2720 3852 miserunt,
2751 3786 3050 3858 quatenus,
3092 3791 3188 3860 qui
3233 3791 3620 3860 invenirentur
3647 3789 4026 3860 eiimpatriote

2428 3895 2652 3940 eorum,
2697 3884 2953 3933 venirent
2994 3893 3052 3934 et
3101 3880 3382 3933 servirent
3424 3888 3481 3933 et
3521 3857 3622 3948 ipsi
3657 3881 3710 3932 in
3742 3864 4024 3949 ejusmodi

2430 3971 2698 4026 Romanis
2736 3983 2792 4026 et
2832 3971 3051 4041 imperii
3082 3973 3253 4025 nostri
3293 3971 3522 4024 servitio
3554 3987 3728 4040 usque
3763 3971 3832 4025 ad
3871 3989 4027 4026 corn-

2430 4062 2764 4131 plementum
2814 4062 2994 4116 tocius
3041 4063 3251 4116 mensis
3303 4061 3648 4130 Septembris
3695 4060 3875 4113 futuri
3909 4062 4022 4128 (t9,t

2427 4171 2552 4208 cum
2592 4155 2694 4206 duo
2740 4153 3059 4224 indietionis
3099 4153 3446 4206 duodecime.
3481 4151 3560 4204 Ad
3610 4152 4023 4204 remuneratio-

2431 4260 2558 4312 nem
2595 4245 2765 4314 igitur
2797 4244 3112 4313 hujusmodi
3147 4260 3338 4297 eorum
3375 4244 3611 4303 servitii,
3640 4243 3790 4310 quod
3825 4254 3888 4296 ut
3921 4243 4008 4293 di-

2431 4349 2582 4417 ctum
2619 4347 2704 4390 est
2725 4336 2906 4390 facere
2938 4338 3334 4405 promiserunt,
3364 4335 3622 4404 quoniam
3659 4335 4018 4402 inajorestiﬁj

2428 4423 2545 4484 vice
2579 4431 2862 4493 universe,
2895 4445 3002 4497 que
3035 4445 3132 4497 per
3157 4437 3404 4496 tempora
3441 4429 3549 4480 huc
3578 4428 3747 4496 venit,
3787 4426 4018 4481 \‘enen-

2425 4518 2617 4576 cor'um
2655 4521 3030 4575 multitudinis
3061 4519 3325 4589 adaugeri
3361 4519 3466 4572 sibi
3505 4530 3560 4571 et
3607 4520 3937 4571 mansiones
3965 4530 4018 4569 et

2424 4611 2703 4664 embolum
2729 4620 2783 4671 et
2806 4609 2998 4667 scalas,
3032 4608 3314 4677 inquibus
3339 4619 3508 4661 naves
3538 4621 3731 4660 eorum
3768 4606 3824 4658 in
3856 4617 4014 4672 portu

2426 4709 2595 4763 stant,
2626 4701 3028 4763 certiﬁcantcs.
3064 4705 3135 4752 se’
3162 4713 3271 4751 non
3309 4698 3586 4751 modicum
3614 4699 3928 4765 angustari.
3962 4708 4013 4749 et

742 4798 1062 4864 decidentes
1097 4798 1231 4860 (Π),
1280 4811 1444 4870 quam
1488 4796 1914 4864 nuncvlimperio
1959 4807 2148 4849 nostro
2191 4813 2316 4865 por-
2343 4780 2400 4837 ’Π
2429 4795 2572 4862 quod
2609 4810 2715 4854 non
2752 4794 2960 4860 possint
2991 4791 3300 4873 hiisisolis,
3345 4804 3452 4857 que
3485 4789 3618 4856 ipsis
3656 4789 3784 4840 data
3823 4800 3956 4840 sunt
3986 4805 4014 4838 a

741 4892 1026 4943 ruerunt,
1068 4899 1235 4953 quum
1277 4895 1332 4936 ct
1362 4884 1465 4951 ipsi
1497 4895 1794 4959 consuetas
1825 4886 2178 4952 genitoribus
2209 4887 2322 4939 suis

739 4977 902 5027 [idem
940 4982 994 5026 et
1026 4975 1376 5028 devotionem
1416 4990 1543 5045 erga
1581 4976 1906 5054 Romaniam
1939 4963 2003 5029 et.
2039 4976 2320 5029 celsitudi-

738 5083 860 5136 nem
903 5077 1146 5119 nostram
1197 5078 1412 5120 rursum
1457 5057 1852 5138 ostenderunt,
1888 5059 1946 5121 et
1985 5066 2054 5121 al}
2087 5063 2319 5137 imperio

739 5154 928 5211 nostro
975 5161 1172 5210 vocati
1197 5159 1248 5210 in
1283 5174 1641 5228 congressum
1684 5169 1876 5213 contra
1907 5175 2061 5221 eum,
2095 5176 2187 5228 qui
2221 5179 2307 5228 po-

739 5259 992 5302 testatem
1045 5252 1210 5303 habct
1264 5234 1489 5313 Sieilie,
1542 5262 1594 5304 et
1646 5253 2307 5322 omnimodam.pugnam

736 5356 929 5415 contra
960 5359 1082 5394 eum
1108 5355 1160 5395 et
1185 5342 1407 5411 stellam
1429 5342 1569 5408 ejus,
1598 5358 1697 5396 nec
1726 5359 1830 5397 non
1861 5317 1915 5397 ei
1945 5355 2140 5396 terram
2168 5346 2305 5413 ejus.

808 5504 920 5570 alii)
947 5502 1020 5556 Ex
1060 5501 1199 5552 Iihro
1223 5503 1348 5555 albo
1370 5511 1426 5555 et
1452 5501 1607 5555 libris
1648 5511 1929 5570 pactorum
1971 5514 2091 5569 post
2149 5503 2304 5554 Mari—

737 5576 926 5648 tiuru‘l.
955 5574 992 5626 Ι.
1033 5585 1166 5625 to.n.
1193 5571 1336 5648 |_ll,p,
1365 5573 1470 5648 2υᾷ
1495 5575 1810 5648 nuperrime.
1834 5572 2129 5648 edi-lerunt
2153 5574 2301 5627 'l'afel

736 5655 790 5695 et
817 5640 1057 5696 'l'liniuas
1091 5643 1293 5709 smpius
1323 5640 1696 5701 Iatnlatiftom
1731 5644 1790 5702 ,1,
1829 5660 1880 5710 p.
1916 5645 2171 5696 Nil—193i.

809 5717 916 5776 illi)
961 5715 1216 5767 [Nitor-es
1244 5717 1387 5782 conj.
1428 5711 1785 5766 invenientes.
1823 5716 2103 5766 excitante.

734 5788 1107 5853 Stzsposjulat,
1135 5797 1191 5836 ut
1231 5787 1457 5837 ct'itumc‘
1491 5790 1756 5854 legamus.

2174 5718 2305 5767 Sen-

2400 4876 2584 4947 .fieate‘
2617 4887 2881 4939 memorie
2910 4885 3328 4953 imperatore’et
3355 4897 3458 4935 avo
3491 4880 3705 4948 imperii
3745 4881 3928 4934 nostri
3960 4882 4010 4932 in

2425 4977 2854 5046 liae'civitatum
2889 4976 3262 5045 imperatriee,
3294 4973 3536 5026 contenti
3565 4957 3728 5024 esse:
3774 4972 4012 5037 largitur

2419 5054 2498 5123 eis
2549 5069 3137 5138 impcrium’nostrum
3191 5081 3288 5135 per
3331 5079 3558 5133 presens
3607 5063 4006 5130 ehrysobulum

2418 5179 2576 5214 suum
2623 5177 2731 5230 que
2769 5159 3083 5227 petierunt,
3126 5157 3436 5212 habitacula
3473 5165 3530 5210 et
3572 5155 3746 5208 libera
3779 5155 3902 5207 loca
3953 5165 4006 5206 et

2421 5235 2715 5306 Lttoralem
2741 5250 2986 5311 seallam,
3011 5266 3116 5324 que
3145 5266 3404 5320 expresse
3425 5248 3765 5302 numeranda
3791 5258 3852 5299 et
3871 5262 4009 5299 scr;-

2420 5345 2594 5406 benda
2627 5353 2752 5396 sunt
2790 5343 2842 5394 in
2879 5356 2978 5401 eo,
3008 5345 3153 5408 quod
3195 5343 3410 5415 jussum
3444 5350 3529 5394 est
3561 5340 3710 5402 ﬁeri,
3757 5341 4006 5408 prati-tice

2491 5503 2604 5566 (l7l
2640 5504 2677 5554 1.
2726 5517 2774 5552 e.
2813 5501 3197 5560 ἐκπίπτοντας.

2487 5577 2597 5637 (l3)
2631 5575 2735 5637 Si'il
2798 5573 3091 5637 imperium
3122 5580 3392 5624 nostrum.

2435 5682 2439 5688 -
2488 5635 2598 5707 tl”;
2631 5635 2767 5704 Ι.ι·;ξιτ
2805 5635 3033 5710 μιιίινιιιξ.

2492 5720 2600 5767 (⁸2οι
2643 5716 2762 5764 Litt.
2801 5724 3235 5780 pactonurnpt'r
3277 5714 3528 5779 majores.
3559 5712 3714 5770 Unde
3749 5711 3999 5769 editores

2417 5789 2654 5854 conjot'ei
2677 5798 2794 5843 unt,
2829 5788 3086 5850 petierunt
3118 5785 3368 5844 ηιιιῙυιί’δ.
