4236 6442
204 410 312 473 161

1297 403 1667 467 NOVELLIS
1706 403 2390 468 COSSTiTUTlONES.

3366 412 3483 479 462

204 526 525 583 traditionis
566 540 757 579 eorum
794 527 1102 596 corporalis
1140 524 1209 582 ab
1240 528 1636 583 aedcsimotato
1667 527 1797 597 Epi-
1829 530 1872 587 Α
1902 528 2026 583 cilia
2071 528 2245 583 sancti
2270 527 2553 591 Nicliolai,
2615 542 2646 581 a
2675 526 2919 583 sinistris
2957 528 3281 596 pistoricnm
3320 542 3483 599 erga-

200 619 409 687 phanio
441 618 689 687 Tuglica,
722 618 1012 672 certilicari
1068 619 1307 674 debente
1360 636 1459 690 per
1492 619 1797 689 superscri-

204 710 456 780 ptionem
506 709 795 763 familiaris
821 709 1061 764 hominis
1082 710 1430 766 celsitudinis
1473 722 1659 767 nostre
1702 711 1799 767 Jo-

201 802 403 855 hannis
442 801 809 873 Pepagomeni
841 810 896 856 et
936 803 1107 857 sterni
1152 802 1207 856 in
1254 804 1513 873 congruis
1544 803 1795 867 secretis,

201 893 254 946 in
280 893 488 961 quibus
506 902 565 947 et
594 908 822 961 presens
844 902 1032 948 nostre
1061 895 1375 949 serenitatis
1398 894 1792 966 chrysobulum

198 997 373 1039 sterni
417 985 621 1048 debet,
650 995 925 1055 quatenus
968 994 1025 1040 et
1070 986 1172 1039 hec
1205 985 1524 1053 optineant,
1561 984 1708 1040 sicut
1737 995 1794 1041 et

196 1094 307 1146 que
346 1079 505 1147 prius
537 1093 567 1130 a
603 1094 821 1147 semper
858 1077 1219 1132 memorando
1249 1077 1581 1148 imperatore
1606 1087 1663 1132 et
1691 1094 1793 1133 avo

198 1168 425 1236 imperii
458 1168 632 1222 nostri
665 1169 747 1223 eis
770 1169 896 1223 data
926 1177 1079 1230 sunt,
1117 1170 1330 1224 servire
1354 1168 1706 1235 debentibus,
1730 1179 1794 1223 ut

197 1261 461 1328 superius
479 1269 845 1314 monstratum
862 1267 965 1314 est.
985 1260 1379 1317 Detertninatio
1397 1259 1790 1329 igiturcorum,

196 1368 305 1420 que
350 1367 451 1420 per
489 1352 883 1421 chrysobulum
928 1352 1207 1422 presentis
1241 1352 1432 1421 scripti
1474 1353 1556 1406 eis
1593 1354 1791 1407 collata

193 1454 348 1504 Sunt.
382 1444 546 1497 habet
579 1444 660 1497 sic
684 1460 698 1497 ε

274 1554 291 1584 σ
343 1536 546 1603 Incipit
575 1536 642 1588 ab
675 1536 791 1604 ipsa
820 1536 989 1604 Vigla,
1021 1546 1077 1589 et
1104 1538 1352 1605 procedit
1387 1554 1580 1592 versus
1605 1538 1789 1592 orien-

189 1638 327 1680 tem.
366 1626 547 1679 Tenet
574 1626 856 1679 embolum
889 1635 946 1680 et
983 1642 1091 1696 que
1120 1643 1315 1683 versus
1341 1630 1788 1697 septemtrionem

191 1729 251 1771 et
292 1717 588 1771 meridiem
618 1726 749 1771 sunt
786 1732 913 1771 cum
950 1719 1170 1772 solariis
1200 1718 1534 1784 habitacula,
1569 1729 1624 1774 et
1661 1737 1789 1789 pro-

189 1807 346 1859 cedit
383 1822 562 1875 usque
606 1805 675 1860 ad
707 1805 972 1860 fornicem
1005 1809 1361 1876 conjttnctum
1408 1824 1568 1862 muro
1600 1810 1790 1880 hospi-

1898 621 2132 677 stcrium
2164 622 2337 675 sancti
2370 620 2803 694 Marciani.quod
2838 632 2924 679 est
2954 622 3205 691 junctum
3238 621 3481 677 mansio-

1898 713 2066 767 nibus
2100 714 2273 768 sancti
2312 713 2579 768 Nicholai.
2620 714 3050 785 Supergreditur
3087 728 3278 769 rursus
3315 714 3479 767 aliam

1899 804 2120 857 tertiam
2154 804 2405 858 semitam
2427 847 2440 870 ,
2485 812 2542 859 et
2577 807 2827 874 pervenit
2856 820 3033 874 usque
3067 803 3135 859 ad
3180 820 3321 873 aque
3350 819 3483 858 cur-

1896 912 2048 961 sum,
2097 911 2206 965 que
2236 911 2266 949 a
2302 897 2453 965 Vigla
2489 896 2809 957 descendit,
2852 897 3172 966 relinquens
3201 910 3232 949 a
3271 894 3483 949 dextris

1896 986 2001 1039 alia
2036 984 2351 1039 habitacula
2382 987 2558 1040 sancti
2589 986 2871 1055 Nicholai,
2906 1002 2935 1039 a
2971 983 3213 1039 sinistris
3249 983 3484 1038 domici-

1892 1074 2028 1133 lium
2060 1075 2235 1129 sancti
2273 1076 2540 1129 Marciani
2572 1089 2628 1131 et
2662 1077 3011 1145 pensionales
3066 1077 3261 1132 domos
3289 1092 3482 1131 mona-

1893 1167 2049 1220 sterii
2106 1167 2818 1239 Paraltymomenthernm
2880 1168 3233 1238 progreditur
3287 1183 3483 1224 versus

1895 1257 2206 1323 meridiem,
2251 1260 2726 1329 comprehendens
2760 1276 2991 1314 vacuum
3022 1259 3203 1314 locum
3233 1260 3480 1330 ejusdem

1896 1348 2219 1403 monasterii
2273 1349 2757 1412 Parakimomeni,
2812 1349 2907 1417 qui
2959 1363 3153 1403 versus
3205 1347 3479 1402 orientem

1888 1439 2037 1508 jacet
2070 1438 2366 1492 domorum
2398 1438 2572 1491 sancti
2618 1436 2894 1501 Nicholai,
2932 1447 2988 1491 et
3017 1436 3267 1505 procedit
3298 1444 3357 1490 et
3390 1450 3482 1489 re-

1895 1530 2147 1601 greditur
2174 1546 2348 1599 usque
2376 1529 2443 1584 ad
2486 1530 2719 1598 Viglam,
2754 1529 2900 1585 unde
2936 1539 2995 1582 et
3028 1528 3253 1598 incepit.
3291 1528 3481 1583 dimit-

1895 1633 2015 1677 tens
2069 1622 2292 1693 quidem
2343 1638 2373 1677 a
2430 1620 2641 1675 dextris
2684 1622 2878 1676 domos
2933 1620 3252 1674 monasterii
3303 1620 3477 1674 sancti

1896 1715 2087 1781 Marci,
2120 1732 2149 1769 a
2182 1714 2421 1770 sinistris
2450 1729 2581 1768 vero
2607 1728 2751 1782 aque
2780 1727 3028 1767 cursum.
3062 1706 3344 1780 Ejusmodi
3380 1710 3481 1765 de-

1894 1806 2303 1859 tertninationis
2326 1805 2503 1875 spatio
2530 1806 3078 1874 comprehenduntur
3095 1821 3186 1867 ea,
3212 1819 3320 1875 que
3347 1813 3480 1859 sunt

192 1900 324 1951 talis
367 1898 547 1951 sancti
597 1898 883 1963 Marciani,
929 1901 1411 1969 comprehendens
1454 1911 1511 1955 et
1550 1902 1689 1963 loca,
1735 1902 1787 1954 in
1826 1874 1862 1927 η
1896 1913 2089 1952 versus
2124 1898 2392 1952 orientem
2429 1913 2569 1966 aque
2598 1912 2819 1959 cursus,
2851 1896 3237 1950 descendentis
3260 1911 3289 1949 a
3323 1894 3476 1964 Vigla

188 1989 397 2057 quibus
437 1996 588 2041 stant
622 1998 750 2041 octo
793 1987 1236 2044 nutnulariorum
1280 1989 1489 2043 tabule.
1530 1988 1791 2044 Ascendit

187 2078 486 2145 paululum
523 2093 713 2133 versus
741 2079 1031 2133 meridiem
1065 2079 1136 2133 ab
1168 2080 1287 2149 ipsa
1319 2079 1492 2149 Vigla.
1522 2079 1694 2137 Tenet
1719 2082 1785 2136 ad

193 2169 479 2222 modicum
512 2179 568 2223 et
601 2169 753 2224 aliud
788 2170 1105 2230 embolum.
1140 2179 1197 2223 et
1227 2176 1480 2240 pervenit
1518 2189 1691 2243 usque
1718 2175 1785 2229 ad

186 2261 441 2331 primum
477 2259 744 2314 fornicem
775 2259 1027 2330 ejusdem
1059 2260 1288 2324 emboli,
1326 2264 1788 2333 conprehendens

190 2348 573 2403 triclinarium
610 2349 780 2401 altum
812 2347 1156 2403 domicilium
1188 2350 1324 2405 Mili.
1353 2352 1560 2407 Versus
1598 2353 1787 2408 orien-

185 2450 303 2495 tem
333 2438 586 2511 ejusdem
616 2437 820 2493 emboli
846 2437 1151 2493 secundum
1197 2439 1339 2496 duas
1376 2452 1561 2512 partes
1601 2445 1786 2500 humi-

187 2533 300 2585 lem
349 2528 785 2583 domunicullam
820 2543 944 2583 cum
988 2528 1155 2585 aclini
1185 2539 1335 2586 tecto
1373 2534 1618 2603 ejusdem
1665 2550 1784 2589 mo—

186 2622 458 2685 nasterii,
499 2630 557 2675 et
585 2636 693 2690 que
736 2620 793 2674 in
822 2621 1023 2689 equalli
1054 2621 1221 2693 hujus
1248 2633 1353 2687 est.
1386 2625 1659 2681 modicam
1690 2642 1781 2682 cu-

186 2718 356 2774 riam,
401 2729 511 2782 que
542 2712 750 2767 dicitur
792 2712 1041 2777 Aristini,
1086 2723 1144 2768 et
1182 2715 1345 2771 habet
1384 2716 1781 2787 longitudinem

186 2805 549 2859 brachiorum
582 2814 709 2859 octo
738 2819 864 2858 cum
896 2803 1148 2868 dimidio,
1185 2818 1243 2860 et
1276 2808 1623 2864 latitudinem
1658 2823 1787 2878 sep-

190 2905 308 2949 tem
338 2910 467 2948 cmn
504 2896 694 2949 tercia.
730 2897 925 2952 Preter
949 2913 1037 2963 ea,
1070 2912 1178 2968 que
1214 2908 1344 2952 sunt
1377 2914 1574 2954 versus
1602 2900 1788 2954 orien-

191 2995 308 3056 tem
348 2985 664 3041 habitacula
691 2986 921 3039 dial-one
956 2987 1069 3057 (2t)
1115 2987 1501 3051 Precursoris,
1536 2990 1785 3045 debenti-

187 3079 300 3130 bus
338 3077 591 3131 obturari
619 3078 806 3146 januis
834 3077 1149 3148 hujusmodi
1179 3078 1645 3144 habitaculorum,
1677 3095 1784 3151 que

185 3169 445 3221 educunt
484 3167 537 3220 in
574 3168 919 3222 manifestam
960 3169 1192 3230 curiam.
1237 3170 1437 3225 Versus
1466 3171 1778 3240 aquilonem

191 3261 300 3313 tria
340 3260 643 3328 ergasteria
678 3260 1099 3313 cerulariorum.
1148 3260 1377 3318 Ycanati
1420 3264 1554 3316 duas
1584 3263 1778 3316 statio-

192 3366 315 3415 Des,
350 3351 403 3402 in
436 3349 640 3418 quibus
671 3364 843 3419 panes
873 3349 1212 3413 venduntur,
1243 3360 1296 3404 et
1322 3353 1439 3405 loca
1466 3351 1775 3407 tabularum

190 3444 431 3496 duarum
469 3441 963 3493 nummulariorum
999 3440 1244 3509 ejusdem
1284 3442 1602 3497 monasterii
1640 3442 1773 3495 Mili.

190 3532 398 3600 Incipit
429 3547 650 3585 rursum
682 3531 751 3585 ab
791 3531 908 3600 ipso
942 3531 1152 3586 fornice
1194 3531 1427 3601 predicti
1469 3533 1773 3602 hospitalis;

195 3634 349 3679 tenet
374 3626 649 3694 publicam
685 3626 847 3688 viam,
875 3639 983 3693 que
1016 3638 1208 3677 versus
1233 3637 1491 3676 occasum
1518 3632 1602 3676 est
1624 3624 1775 3693 ejus-

194 3716 323 3769 dem
360 3715 682 3785 hospitalis,
726 3726 781 3769 et
812 3714 1169 3784 progreditur
1214 3728 1387 3781 usque
1427 3714 1493 3769 ad
1538 3724 1774 3782 portam,

192 3826 304 3878 que
331 3820 417 3863 es:
443 3810 591 3878 juxta
617 3824 843 3877 parvum
877 3808 1141 3866 templum
1166 3806 1536 3859 Precursoris.
1567 3808 1776 3862 Exinde

193 3917 393 3955 rursus
421 3901 705 3954 dimittens
739 3909 1198 3963 premoustratatn
1226 3910 1440 3966 portam
1469 3900 1624 3969 quasi
1654 3913 1778 3951 vcr-

193 4006 288 4045 sus
317 3990 587 4044 orientem
621 3988 812 4041 transit
846 4002 943 4055 per
966 4003 1182 4040 murum
1209 3988 1469 4051 civitatis,
1498 3997 1553 4042 et
1582 4003 1776 4056 perve-

196 4082 281 4139 nit
321 4095 495 4149 usque
531 4080 597 4132 ad
633 4078 906 4141 semitam,
941 4094 1047 4147 que
1075 4078 1273 4133 dividit
1300 4080 1424 4149 jura
1455 4079 1774 4133 monasterii

192 4173 520 4243 Akymitero
549 4171 683 4240 (Ξῖ).
727 4168 936 4224 Exinde
977 4169 1225 4222 ascendit
1272 4170 1549 4223 modicum
1585 4185 1778 4223 versus

193 4264 510 4328 meridiem,
550 4273 745 4316 tenens
784 4263 1015 4315 eandem
1059 4261 1335 4330 publicam
1368 4265 1638 4326 :emitam,
1678 4262 1774 4314 ha-

192 4358 422 4412 bcntem
460 4355 515 4408 in
554 4352 847 4407 latitudine
880 4353 1103 4408 brachia
1154 4354 1290 4418 tria,
1342 4365 1427 4415 et,
1474 4363 1532 4407 ut
1562 4354 1770 4408 dictum

191 4458 303 4507 est.
346 4446 683 4499 dividentem
722 4443 1037 4499 mansiones
1077 4444 1397 4497 monasterii
1434 4442 1774 4513 Akymitcro,

1892 2008 2087 2047 versus
2120 2000 2334 2061 portam
2358 1990 2663 2051 Canavuci,
2694 1990 3010 2046 habitacula
3036 2001 3092 2044 et
3123 2004 3331 2043 vacuus
3356 2004 3478 2042 ma-

1890 2098 2035 2153 gnus
2076 2084 2263 2147 locus,
2304 2082 2398 2153 qui
2446 2096 2621 2151 usque
2667 2081 2733 2133 ad
2783 2082 3060 2150 publicam
3104 2080 3249 2133 viam
3280 2093 3476 2134 versus

1889 2176 2236 2230 occidentem
2280 2175 2631 2244 progreditur
2686 2174 2862 2227 sancti
2912 2172 3172 2227 Marciani
3224 2188 3256 2227 a
3312 2186 3472 2225 muro

1889 2264 2131 2319 civitatis
2161 2278 2217 2319 et
2254 2278 2428 2333 usque
2461 2262 2527 2316 ad
2578 2262 2881 2323 embolum,
2932 2277 3027 2329 per
3054 2273 3284 2329 presens
3312 2258 3477 2327 chry-

1890 2356 2147 2409 sobulum
2191 2355 2422 2409 verbum
2473 2353 2685 2407 datmu.
2726 2352 2795 2409 Et
2836 2367 2923 2411 ea,
2965 2364 3072 2419 que
3106 2358 3236 2403 sunt
3274 2364 3475 2403 versus

1890 2445 2236 2499 occidentem
2285 2460 2426 2514 aque
2466 2458 2666 2498 cursus
2709 2459 2738 2495 a
2780 2456 2940 2496 muro
2972 2441 3242 2502 civitatis,
3280 2439 3376 2509 qui
3418 2439 3472 2492 in

1887 2537 2071 2606 equali
2117 2538 2315 2591 semite
2354 2547 2459 2597 est,
2494 2534 2794 2590 dividentis
2823 2533 2944 2603 jura
2984 2530 3306 2585 monasterii
3344 2528 3477 2589 Alti-

1889 2630 2086 2693 miton,
2117 2638 2173 2684 et
2201 2642 2377 2699 usque
2403 2626 2472 2687 ad
2508 2628 2703 2682 domos
2733 2626 2910 2680 sancti
2938 2622 3187 2679 Nicholai
3215 2632 3271 2676 et
3298 2620 3475 2676 sancti

1890 2719 2089 2782 Marci,
2135 2734 2259 2773 cum
2300 2734 2468 2788 parvo
2499 2731 2673 2770 vacuo
2716 2715 2839 2769 loco
2878 2712 3199 2767 monasterii
3232 2709 3475 2779 Paraltvv

1890 2809 2153 2865 momeni.
2186 2809 2254 2863 Et
2286 2808 2611 2877 simpliciter
2636 2807 2840 2871 omnia,
2866 2822 2973 2874 que
3001 2803 3386 2857 inhabitantur
3416 2812 3475 2863 et

1888 2918 1994 2974 que
2023 2918 2132 2956 non
2162 2900 2569 2963 inhabitantur,
2608 2897 2922 2952 habitacula
2950 2907 3006 2951 ct
3035 2911 3207 2950 vacua
3239 2897 3379 2958 loca,
3417 2900 3471 2948 in

1890 2995 2142 3067 predicto
2172 2994 2352 3062 spatio
2382 2991 2787 3063 conprehensa.
2821 2990 3015 3045 Adhuc
3046 3005 3171 3042 cum
3204 2987 3289 3042 his
3323 3002 3475 3041 com-

1888 3087 2252 3159 prehenditur
2281 3094 2337 3140 et
2363 3100 2471 3154 que
2500 3093 2584 3138 est
2615 3084 2669 3136 in
2698 3083 2883 3137 littore
2914 3083 3079 3136 sealla
3113 3080 3288 3135 sancti
3327 3078 3471 3134 Mar.

1889 3181 2063 3241 ciani,
2095 3194 2203 3247 que
2243 3176 2409 3231 hodie
2439 3192 2469 3230 a
2495 3174 2931 3246 Chrysiobasilio
2970 3172 3307 3243 possidetur.
3340 3186 3467 3225 cum

1838 3258 1852 3273 ’
1890 3271 2144 3323 universa
2187 3269 2310 3338 ejus
2352 3264 2845 3335 comprehensione
2894 3274 2949 3317 et
2997 3263 3375 3325 continentia,
3414 3273 3471 3317 et

1886 3376 1993 3431 quc
2026 3360 2079 3413 in
2113 3374 2177 3412 ea
2212 3367 2339 3412 sunt
2371 3356 2630 3410 domibus
2656 3364 2711 3409 et
2742 3356 3079 3426 ergasteriis.

1963 3471 1981 3502 ι
2033 3450 2127 3505 llis
2152 3450 2232 3504 sic
2260 3447 2328 3503 ab
2364 3447 2597 3518 imperio
2631 3456 2823 3501 nostro
2852 3448 3073 3502 donatis
3110 3462 3207 3517 per
3240 3463 3469 3516 presens

1886 3540 2284 3609 cbrysobulum
2319 3538 2548 3592 verbum
2585 3537 2936 3592 celsitudinis
2970 3549 3190 3602 nostre,
3224 3539 3471 3608 exceptis
3503 3577 3512 3586 .

1887 3630 2329 3699 proximantibus
2368 3630 2455 3683 bis
2481 3630 2731 3695 donatis,
2773 3630 2946 3696 portis
2980 3630 3260 3693 videlicet,
3292 3632 3467 3685 muris

1884 3736 1942 3780 et
1978 3725 2208 3779 cortinis
2250 3739 2533 3777 murorum
2577 3722 2845 3784 civitatis,
2891 3722 3171 3776 habebunt
3218 3722 3464 3776 Venetici

1890 3818 2029 3880 hec,
2076 3816 2428 3870 devotionem
2479 3823 2534 3869 et
2566 3814 2758 3875 ﬁdem,
2801 3828 2964 3882 quam
3014 3814 3243 3881 imperio
3280 3824 3467 3866 nostro

1884 3908 2109 3969 debent,
2151 3915 2456 3969 servantes,
2499 3905 2801 3959 secundum
2841 3904 2987 3973 quod
3030 3892 3093 3959 et
3129 3920 3225 3973 per
3257 3921 3319 3959 ea
3357 3921 3466 3974 quo

1887 4000 2044 4070 prius
2072 4000 2255 4070 adepti
2288 4007 2419 4052 sunt
2455 3997 2787 4067 cbrysobula
2824 3996 2965 4053 hanc
3002 4013 3224 4051 servare
3259 4012 3466 4051 conen-

1888 4102 1979 4146 tnr
2009 4093 2142 4161 (24).
2175 4092 2559 4161 cujuscunque
2588 4090 2731 4160 juris
2761 4090 2871 4144 siut
2896 4131 2911 4154 ,
2951 4090 3068 4143 sive
3101 4090 3464 4146 ecclesiastici

1878 4186 2021 4253 juris
2051 4185 2166 4236 sive
2210 4183 2285 4237 rei
2323 4182 2540 4251 publice
2583 4182 2698 4235 sive
2738 4183 2948 4250 private
2982 4181 3098 4233 sive
3139 4191 3326 4234 sancte
3362 4180 3463 4235 do-

1885 4291 2007 4327 mus
2038 4274 2121 4327 vel
2157 4272 2480 4332 monastice,
2517 4272 2664 4325 nulla
2690 4272 2917 4326 accione
2957 4271 3138 4325 locum
3166 4273 3460 4327 exercendi

1886 4366 2123 4419 habente
2145 4374 2336 4418 contra
2358 4378 2455 4417 eos
2479 4364 2661 4434 gracia
2690 4363 2912 4417 horum.
2946 4362 3001 4417 Si
3028 4379 3159 4418 vero
3186 4365 3460 4434 quispiam

1884 4459 2027 4512 forte
2078 4456 2485 4511 infestationem
2538 4456 2621 4510 eis
2671 4454 2947 4508 induxerit
3000 4455 3182 4523 gracia
3232 4456 3463 4509 convin—

194 4551 254 4593 et
304 4538 638 4608 perveniens
694 4551 866 4608 usque
918 4536 972 4589 in
1023 4534 1187 4589 ﬁnem
1239 4535 1502 4589 domicilii
1548 4538 1777 4589 ecclesie
1815 4560 1859 4615 υ
1886 4549 2042 4603 ςρηάί
2076 4559 2171 4602 ειη
2207 4547 2487 4602 auferendi
2520 4547 2814 4615 quicquam
2854 4561 3079 4609 eorum,
3122 4560 3230 4613 que
3264 4546 3367 4606 eis,
3401 4554 3462 4603 ιη

199 4630 501 4687 Perivlevti
533 4628 666 4695 (23).
710 4628 783 4680 ila
826 4636 940 4681 uta
970 4642 1128 4680 muro
1163 4627 1403 4681 civitatis
1435 4643 1532 4693 per
1564 4627 1775 4695 equali-

197 4730 371 4775 tatem
416 4717 684 4785 ejusmodi
735 4718 929 4771 setnite
975 4732 1147 4786 usque
1193 4720 1260 4771 ad
1306 4718 1777 4773 linemdomicillii

199 4821 317 4864 suit
355 4809 575 4862 brachia
609 4808 797 4879 viginti
829 4824 947 4862 sex.
973 4808 1237 4867 Flectitur
1264 4823 1458 4861 versus
1484 4809 1778 4872 orientem,

199 4914 402 4954 tenens
437 4915 655 4954 murum
682 4900 916 4953 ecclesie
947 4900 1122 4954 sancti
1156 4898 1428 4958 Nicholai,
1462 4900 1783 4967 relinquens

200 5012 231 5046 a
269 4993 483 5047 dextris
516 4992 741 5061 quidem
784 4994 1178 5047 monasterimn
1221 4992 1395 5046 sancti
1438 4994 1707 5051 Nicholai.
1752 5009 1780 5045 a

199 5086 450 5141 sinistris
480 5100 613 5138 vero
644 5084 983 5141 domicilium
1026 5086 1341 5139 monasterii
1383 5085 1698 5147 Berivlcvti,
1729 5097 1783 5139 et

201 5174 571 5245 progrediens
627 5190 801 5243 usque
860 5176 926 5229 ad
979 5177 1207 5233 alteram
1272 5180 1525 5233 semitam
1591 5194 1781 5233 versus

202 5272 482 5322 orientem
514 5268 654 5321 inuri
695 5270 871 5323 sancti
903 5269 1173 5324 Nicholai.
1211 5272 1423 5327 Rursus
1458 5274 1697 5328 ﬂectitur
1726 5283 1783 5325 et

201 5360 459 5415 ascendit
485 5376 781 5433 parumper
812 5376 1003 5416 versus
1027 5363 1310 5417 meridiem
1354 5364 1584 5419 eandem
1618 5366 1782 5419 senii-

205 5470 342 5516 tam.
376 5466 433 5510 et
465 5456 715 5510 ascendit
754 5472 945 5511 versus
982 5460 1276 5523 orientem,
1312 5461 1563 5515 dividens
1603 5462 1778 5516 (loud-

274 5611 387 5678 t2l)
422 5610 561 5681 Lege
588 5632 602 5664 :
635 5614 861 5667 diaconi.

258 5683 385 5769 ,(12)
418 5681 533 5736 Lib.
565 5684 855 5738 Pactorum
886 5687 1265 5757 Acymitorum,
1295 5688 1331 5742 i.
1368 5703 1417 5742 c.
1451 5689 1559 5741 τῶν
1603 5690 1780 5743 Ἀκοι-

286 5770 413 5804 των.

249 5772 413 5804 ττων.

201 5773 389 5893 9125)
418 5822 529 5891 Τῇς
564 5825 956 5893 Περιϐλέπτου.

1883 4643 2090 4696 dictum
2122 4649 2229 4703 est,
2264 4641 2389 4692 data
2417 4649 2546 4691 sunt
2588 4637 3054 4692 inrcmissihiliter
3079 4637 3403 4690 multabitur
3428 4654 3457 4689 a

1878 4744 2091 4789 secreto
2131 4734 2216 4801 cpi
2255 4741 2344 4785 ton
2379 4730 2609 4801 ykiacon
2644 4731 2755 4799 (‘23)
2798 4730 2852 4783 in
2892 4730 3080 4783 decem
3120 4729 3275 4783 libris
3310 4730 3458 4787 auri.

1880 4826 2038 4877 ﬁrmo
2068 4834 2122 4878 et
2161 4833 2280 4877 rato
2318 4825 2591 4877 existente
2631 4829 2885 4890 presente
2919 4819 3251 4889 chrysobulo
3287 4822 3456 4871 verbo

1880 4915 2168 4969 clementie
2209 4923 2429 4977 nostre,
2474 4913 2619 4966 facto
2645 4924 2832 4963 mense
2878 4910 3083 4962 Marcio
3132 4909 3451 4962 indictioms

1882 5006 2168 5061 undecime
2198 5020 2289 5058 sex
2324 5004 2594 5059 millesimi
2631 5002 3043 5062 sexcentessimi
3075 5000 3449 5068 quinquages-

1879 5098 2003 5151 simi
2042 5096 2177 5151 sexti
2211 5097 2323 5164 (26)
2363 5098 2489 5150 anni
2513 5137 2527 5158 ,
2560 5097 2613 5150 in
2640 5110 2751 5166 quo
2778 5105 2835 5149 et
2870 5104 3117 5149 nostrum
3154 5095 3305 5164 pium
3334 5101 3391 5145 et
3423 5105 3451 5141 a

1877 5189 1984 5242 deo
2019 5200 2327 5256 promotum
2363 5188 2707 5257 sul-.signavit
2743 5188 3056 5257 imperium.
3107 5204 3126 5237 ι

1952 5279 2099 5333 llanc
2145 5281 2311 5348 igitur
2350 5281 2737 5333 Veneticorum
2783 5277 3227 5347 deprecationem
3274 5274 3450 5340 impc-

1884 5374 2025 5431 rium
2062 5382 2306 5432 nostrum
2355 5389 2699 5443 nequaquam
2743 5374 2987 5432 abieiens
3009 5410 3023 5435 ,
3053 5368 3342 5423 conﬁrmat
3368 5367 3449 5419 sic.

1877 5467 2169 5519 continens
2206 5467 2595 5535 chrysobulum
2638 5467 2865 5521 verbum
2903 5466 3045 5518 inter
3087 5464 3450 5530 imperatores

1960 5618 2067 5684 (‘25)
2098 5618 2350 5675 Editores
2380 5621 2682 5688 conjiciunt
2714 5639 2725 5673 :
2760 5628 3023 5674 tenentur.

1953 5692 2064 5745 (:23)
2108 5690 2231 5741 Ίίῖπὶ
2260 5694 2368 5743 τὼν
2400 5692 2713 5743 οἱκειακώηι.

1952 5764 2062 5819 (2m
2135 5761 2437 5815 Numerum
2505 5767 2634 5814 sexti
2712 5763 2957 5816 editores
3024 5774 3441 5831 sttpp.cvet'tti..t,

1878 5833 2063 5886 “t'tftL‘.

1903 5850 2063 5885 it'tftL‘.
