4236 6442
757 368 784 424 Α
795 368 862 427 li3

1996 365 2246 426 lSAACl
2293 364 2582 424 ANGEIJ
2623 364 2783 424 IMP.

3899 364 4010 426 464

750 492 971 546 semper
1007 477 1344 533 memorandi
1380 477 1560 548 patrui
1599 474 1947 530 celsitudinis
1980 487 2185 538 nostre,
2225 476 2325 530 do-
2360 485 2399 536 Α
2437 476 2610 536 bens,
2673 489 2963 542 quousque
3011 487 3058 526 et
3121 472 3364 526 Venetici
3424 475 3838 529 conservabunt
3889 478 4018 530 sine

750 567 884 624 mini
923 567 1188 623 Manuelis
1210 607 1222 629 ,
1259 584 1358 637 per
1391 584 1616 638 presens
1647 567 2040 637 chrysobulutn
2073 568 2326 630 verbum,

751 665 808 710 et
840 656 995 727 jubet
1024 658 1288 710 intactum
1329 657 1436 710 hoc
1484 670 1704 708 manere
1749 664 1805 707 et
1840 653 2232 707 inviolabiliter
2273 653 2328 706 in

752 749 1037 805 omnibus.
1086 763 1196 817 que
1234 748 1503 818 precipit.
1552 747 1690 801 dans
1732 757 1781 800 ct
1817 745 2127 799 concedens
2159 745 2330 798 Vene-

756 841 903 899 ticis,
955 839 1162 894 habere
1209 849 1266 894 et
1316 854 1508 894 rursus
1555 855 1662 908 que
1712 841 1764 892 in
1813 840 1930 907 ipso
1975 837 2330 891 notificantur

753 933 950 983 domos
977 931 1098 984 sine
1141 930 1488 984 mutilatione
1522 932 1823 984 secundum
1869 929 2040 998 ipsius
2078 943 2329 997 compre-

757 1022 1101 1085 hensionem,
1127 1031 1188 1076 ut
1219 1022 1287 1074 ab
1319 1022 1552 1090 imperio
1578 1032 1764 1075 nostro
1798 1023 1930 1090 ipsis
1953 1027 2123 1075 datas.
2153 1020 2332 1090 Super

756 1112 864 1166 hoc
887 1114 1031 1166 enim
1056 1124 1110 1168 et
1132 1129 1358 1182 presens
1378 1115 1766 1184 chrysobulum
1789 1115 2016 1166 verhtnn
2042 1113 2331 1166 clementie

757 1213 946 1259 nostrc
979 1203 1184 1258 factum
1215 1216 1318 1268 est,
1355 1205 1569 1257 lirmum
1601 1216 1654 1259 et
1686 1215 1860 1258 ratum
1893 1219 2210 1274 permanere
2238 1204 2335 1257 de-

2428 567 2621 620 fraude
2653 576 2708 620 et
2740 567 2881 620 malo
2919 565 3139 634 ingenio
3176 579 3274 624 ea.
3317 580 3426 634 que
3462 581 3559 633 per
3587 569 4018 622 conventionem

2428 669 2485 714 et
2513 668 2914 713 sacramentum
2948 657 3182 726 imperio
3212 673 3311 710 nos
3339 673 3399 710 ro
3427 656 3653 712 debent.

2501 753 2723 805 Factum
2763 765 2952 804 mense
2996 749 3299 803 Februario
3329 751 3522 818 quinte
3565 749 3890 804 indictionis
3919 765 4019 803 sex

2434 841 2710 895 millesimi
2756 840 3141 894 sexcentesimi
3205 841 3573 908 nonagessimi
3618 840 3797 909 quinti
3838 841 4018 900 anni,

2439 933 2494 987 in
2534 950 2645 1004 quo
2688 944 2744 988 et
2792 944 3043 987 nostrum
3086 948 3115 986 a
3159 932 3262 985 dco
3309 945 3626 1000 promotum
3670 929 4022 1002 subsignavit

2439 1022 2752 1091 imperium.

2724 1134 2926 1189 [sanius
2957 1134 3010 1187 in
3039 1133 3262 1188 Christo
3295 1134 3400 1188 deo
3430 1134 3604 1188 lidelis
3635 1136 3940 1203 imperator
3963 1141 4022 1186 et

2849 1210 3163 1258 moderator
3202 1206 3574 1260 Romanorum
3609 1205 3874 1274 Angelus.

1837 1486 2019 1525 meno
2061 1486 2164 1522 cun
2199 1485 2420 1524 vastans
2449 1468 2586 1541 [27}.
2624 1469 2708 1540 (Α.
2760 1469 2941 1539 1187.)

831 1585 1092 1656 Oportuit
1123 1585 1374 1656 equidem
1403 1594 1458 1638 et
1489 1585 1713 1640 Venetie
1749 1587 2156 1640 revocationem
2193 1596 2249 1640 et
2279 1587 2332 1641 in

760 1679 1084 1734 Romaniam
1117 1686 1173 1730 et
1205 1679 1257 1728 in
1287 1675 1576 1744 pristinam
1609 1676 1896 1739 unionem,
1924 1692 2088 1745 quam
2117 1691 2240 1728 cum
2271 1690 2333 1727 ea

761 1769 1020 1831 habebat,
1064 1766 1438 1821 reversionem
1483 1779 1540 1820 et
1589 1767 2017 1829 restitutionem,
2054 1780 2182 1834 sepe
2213 1765 2336 1833 qui.

761 1862 885 1914 dem
935 1861 1323 1929 excogitatam,
1370 1859 1608 1913 diversis
1648 1873 1782 1913 vero
1817 1858 2201 1912 occasionibus
2245 1859 2335 1910 im-

2433 1587 2686 1655 quinque
2741 1587 3081 1656 gallearum;
3123 1589 3216 1657 qui
3253 1599 3310 1644 et
3346 1591 3534 1660 jurare
3585 1589 3810 1652 debent,
3869 1593 4023 1660 quod

2435 1675 2639 1731 facient
2690 1693 2786 1731 eas
2844 1679 2984 1734 bene
3043 1680 3162 1734 fieri
3221 1689 3281 1734 ttt
3325 1695 3490 1733 unam
3521 1697 3800 1752 quamque
3825 1697 4022 1736 carum

2435 1778 2660 1822 centum
2699 1769 3067 1839 quadraginta
3109 1771 3226 1825 fore
3275 1786 3614 1826 romatorum
3652 1775 3768 1841 (50)
3795 1785 3854 1829 et
3887 1792 4021 1827 cum

2434 1864 2584 1915 omni
2638 1873 2903 1932 apparatu
2963 1879 3197 1928 earum,
3261 1880 3386 1918 eum
3440 1866 3726 1920 celeritate
3782 1876 3840 1920 et
3892 1869 4022 1923 sine

758 1953 999 2023 ριιάἱωιιι
1043 1961 1100 2005 et
1141 1952 1197 2004 in
1237 1950 1435 2004 diebus
1481 1950 1781 2018 inspectam
1829 1957 2016 2002 nostrc
2061 1947 2151 2044 pie
2185 1955 2336 2044 ιτεξιι·
2371 1990 2409 2044 Β
2435 1952 2652 2017 fraude,
2682 1955 2990 2010 secundum
3022 1955 3169 2026 quod
3198 1956 3447 2011 facerent
3475 1971 3572 2011 eas
3607 1957 3751 2023 ﬁeri,
3781 1963 3827 2014 si
3862 1961 4024 2029 galea

758 2043 1071 2114 quillitatis,
1106 2055 1270 2111 quam
1309 2040 1467 2103 deus,
1505 2039 1890 2108 interpositum
1919 2037 2210 2092 inimicitie
2236 2037 2335 2090 de-

759 2152 970 2208 ponens
993 2135 1278 2205 parietem,
1299 2141 1406 2185 tam
1426 2147 1595 2200 prope
1616 2146 1780 2200 quam
1803 2130 1960 2200 longe
1976 2130 2339 2184 existentibus

761 2239 1021 2295 tanquatn
1075 2225 1221 2294 pacis
1246 2222 1500 2293 angelum
1550 2220 1721 2283 misit,
1768 2235 1916 2274 nunc
1959 2233 2058 2290 pro
2086 2219 2195 2273 line
2227 2217 2339 2289 (28)

767 2319 1043 2387 accipere,
1071 2315 1325 2386 profecto
1355 2313 1422 2367 ad
1452 2313 1746 2366 utilitatem
1781 2311 2003 2381 quidem
2028 2310 2335 2366 Cristiano-

765 2428 910 2474 rum,
938 2409 1161 2463 minime
1196 2415 1380 2460 autem
1419 2405 1486 2459 ad
1518 2405 1929 2459 incommodum
1980 2402 2248 2456 Romanie
2282 2408 2343 2453 ut

766 2504 1057 2574 imperium
1085 2511 1332 2554 nostrum
1349 2497 1595 2553 conlidit.
1622 2497 1756 2551 Nam
1781 2507 1836 2551 et
1859 2496 1982 2551 aliis
2003 2494 2345 2564 temporibus

769 2593 1114 2650 celsitudinis
1165 2599 1354 2644 nostre
1421 2588 1866 2643 antecessoribus
1920 2587 2168 2642 Venetici
2224 2601 2344 2640 ser-

767 2703 790 2737 v
808 2690 982 2740 ieutes
1011 2683 1175 2737 utiles
1196 2681 1460 2734 Romauie
1487 2688 1882 2747 apparuerunt,
1907 2675 2266 2730 devocionetn
2291 2673 2342 2728 ei

770 2779 1068 2832 maximum
1095 2776 1150 2828 in
1175 2773 1503 2828 necessariis
1533 2769 1873 2838 temporibus
1889 2769 2196 2828 exibentes.
2221 2777 2277 2820 et
2293 2766 2344 2821 ei

771 2884 919 2924 nunc
947 2866 1144 2921 melius
1165 2863 1458 2919 servicium
1485 2861 1828 2930 pollicentes,
1855 2860 1936 2913 sic
1958 2860 2136 2927 ipsum
2159 2871 2346 2910 saera-

772 2969 959 3016 mento
973 2967 1027 3012 et
1043 2955 1418 3011 convencione
1441 2953 1668 3020 imperio
1688 2959 1878 3004 nostro
1889 2948 2344 3003 eorroborantes:

854 3072 874 3104 ι
909 3051 1029 3107 Non
1059 3057 1143 3105 est
1192 3047 1486 3116 conjuncta
1524 3043 1771 3106 Venetia,
1809 3057 1909 3096 nec
1942 3054 2181 3109 unquam
2214 3053 2349 3092 con-

773 3148 1035 3216 jungatur
1065 3139 1228 3194 alicui
1264 3144 1653 3191 coronatorum
1681 3134 1766 3185 vel
1798 3148 1906 3185 non
1935 3139 2346 3194 coronatorum,

774 3249 891 3291 sive
917 3234 1160 3302 gentium
1193 3228 1276 3282 vel
1313 3227 1594 3279 nationum
1627 3223 1792 3277 alicui
1833 3231 2023 3275 contra
2055 3219 2346 3290 imperium

2439 2055 2624 2101 essent
2656 2046 2905 2110 Venetie.
2939 2058 3034 2102 aut
3060 2050 3106 2103 si
3132 2064 3255 2103 cum
3289 2048 3558 2118 peccunia
3604 2048 3722 2104 ﬁeri
3750 2051 4026 2106 deberent

2443 2137 2696 2192 Venetie.
2757 2139 2822 2192 Et
2881 2141 3260 2208 unusquisque
3311 2154 3505 2193 eorum
3556 2138 3724 2193 debet
3763 2142 4025 2210 accipere

2441 2227 2508 2284 de
2537 2230 2799 2285 vestiario
2831 2231 3042 2286 domini
3075 2231 3428 2302 imperatoris
3456 2230 3805 2288 liberalitatis
3835 2235 4029 2304 gracia

2443 2335 2710 2392 yperpera
2740 2321 3046 2390 sexaginta.

2517 2412 2651 2467 ltcm
2681 2413 2916 2468 comites
2938 2412 3258 2484 hujusmodi
3288 2415 3569 2484 galearum
3608 2415 3814 2471 debent
3833 2417 4028 2486 jurare

2444 2516 2614 2570 super
2646 2514 2836 2558 sancta
2869 2505 2959 2558 dei
3006 2505 3315 2574 evangelia,
3352 2509 3501 2576 quod
3560 2508 3613 2562 in
3645 2521 3755 2561 una
3802 2522 4029 2575 quaque

2443 2609 2632 2647 carum
2679 2604 2845 2649 erunt
2873 2606 3100 2650 centum
3129 2598 3498 2668 quadraginta
3546 2600 3824 2663 homines,
3865 2600 3912 2652 si
3949 2607 4030 2653 tet

2445 2687 2730 2740 hominum
2785 2703 2913 2757 roga
2945 2690 3028 2742 eis
3061 2689 3188 2742 data
3235 2689 3424 2753 fuerit,
3472 2692 3717 2759 exceptis
3757 2701 4033 2744 moventi—

2448 2778 2550 2832 bus
2590 2779 2670 2849 (5t
2687 2791 2701 2841 )
2733 2791 2789 2833 et
2818 2780 2940 2834 sine
2969 2781 3174 2835 notieia
3208 2796 3401 2836 eorum
3443 2783 3885 2852 aufugieutibus.
3920 2783 4032 2836 Ve-

2450 2884 2573 2922 rum
2609 2879 2791 2925 tamen
2838 2874 3076 2927 comites
3125 2873 3492 2934 festinabunt,
3551 2875 3691 2927 bona
3732 2874 3841 2927 fide
3874 2889 4034 2927 recu-

2445 2974 2644 3030 perare
2696 2962 2877 3016 datam
2933 2965 3017 3018 eis
3068 2979 3292 3034 rogant;
3340 2973 3397 3020 et
3435 2969 3478 3019 si
3528 2981 3649 3021 eam
3695 2980 4034 3033 recuperare

2447 3057 2702 3119 possunt,
2738 3051 3002 3106 inducent
3051 3053 3191 3108 alios
3243 3069 3344 3122 pro
3392 3057 3474 3108 eis
3506 3055 3560 3108 in
3594 3056 3778 3124 galeas
3808 3069 4034 3117 eorum,

2446 3140 2532 3194 vel
2567 3141 2805 3195 reddent
2829 3157 2950 3197 eam
2989 3144 3199 3198 homini
3231 3145 3444 3199 domini
3476 3146 3847 3213 imperatoris.

2520 3231 2658 3285 Item
2706 3233 2977 3302 jurabunt
3028 3236 3283 3298 comites,
3315 3237 3462 3306 quod
3507 3238 3827 3290 universum
3860 3251 4034 3305 appa-

777 3325 982 3378 dnmiui
1015 3319 1364 3391 imperatoris
1397 3319 1770 3372 Romanorum
1801 3323 1859 3369 et
1885 3328 2105 3382 semper
2134 3310 2345 3380 augusti
2376 3325 2422 3389 ο
2457 3334 2633 3377 ratum
2671 3324 2804 3392 ipsis
2833 3323 3095 3379 "aditum
3142 3327 3457 3381 conducant
3505 3329 3572 3380 ad
3616 3328 3887 3381 ιιοιιοι-ρηι
3925 3345 4032 3380 In...

779 3416 988 3471 domini
1021 3410 1218 3467 Vsaaki
1253 3409 1467 3480 Angeli,
1508 3406 1686 3459 donec
1716 3403 1938 3466 vixerit,
1968 3403 2050 3455 vel
2083 3400 2349 3456 heredum

778 3508 898 3578 ejus
935 3504 1300 3558 masculorum
1340 3499 1426 3553 vel
1474 3497 1824 3559 feminarum,
1855 3494 1950 3563 qui
1993 3493 2076 3546 vel
2105 3507 2213 3561 que
2244 3492 2348 3544 itit-

782 3596 1076 3666 pcrabunt,
1110 3593 1192 3646 vel
1230 3591 1473 3653 illorum,
1500 3587 1593 3658 qui
1625 3602 1692 3640 ex
1732 3593 1996 3655 precepte
2025 3598 2217 3637 eorum
2252 3582 2354 3634 im-

781 3688 1075 3759 perabunt,
1101 3685 1166 3738 ad
1195 3682 1502 3737 nocendum
1538 3678 1804 3734 Romanie
1834 3675 2240 3746 particulariter
2267 3671 2351 3727 vel

783 3777 1199 3840 universaliter;
1227 3787 1330 3826 nec
1358 3786 1452 3840 per
1484 3785 1542 3823 se
1577 3782 1815 3837 unquam
1855 3768 1905 3821 ei
1939 3767 2183 3820 nocebit.

859 3872 1018 3932 Item,
1053 3867 1567 3939 quocienscumque
1595 3862 1904 3930 principum
1949 3859 2151 3927 aliquis
2195 3873 2355 3912 θοι-οο

783 3977 1039 4020 natorum
1088 3962 1172 4015 vel
1227 3975 1335 4014 non
1389 3967 1806 4022 coronatorum,
1851 3954 1936 4008 vel
1973 3952 2218 4024 gentium
2261 3960 2355 4005 aut

784 4074 816 4111 n
835 4059 1070 4110 itionum
1103 4054 1289 4122 aliqua
1317 4059 1508 4104 contra
1540 4047 1863 4102 Romaniam
1893 4046 2046 4100 venit
2072 4043 2351 4098 oll‘enden.

785 4149 916 4201 dum
951 4159 1074 4199 eam
1127 4158 1254 4196 cum
1303 4139 1473 4210 galeis
1527 4137 1889 4206 quadraginta
1940 4134 2026 4190 vel
2079 4134 2355 4204 pluribus,

785 4252 961 4307 usque
991 4237 1057 4288 ad
1096 4243 1319 4286 centum
1353 4231 1489 4299 (29),
1537 4241 1593 4281 et
1644 4227 1852 4296 indiget
1900 4227 2190 4295 imperium
2239 4227 2359 4295 ejus

791 4333 873 4384 vel
913 4329 1144 4382 heredes
1195 4327 1319 4395 ejus
1371 4338 1550 4376 mares
1601 4323 1685 4374 vel
1735 4321 1958 4382 femine,
1993 4321 2086 4388 qui
2137 4320 2218 4372 vel
2251 4335 2357 4388 que

789 4419 1159 4488 imperabunt,
1201 4416 1286 4468 vel
1322 4414 1422 4476 illi,
1457 4413 1552 4480 qui
1604 4426 1671 4463 cx
1724 4418 1983 4478 precepto
2028 4411 2150 4478 ejus
2183 4409 2359 4477 impe-

789 4513 1013 4570 rabunt,
1066 4506 1299 4560 servitio
1328 4503 1720 4558 Veneticorum
1755 4516 1878 4553 cum
1915 4501 2086 4569 galeis
2117 4505 2356 4568 quadra-

791 4602 941 4669 ginta
991 4609 1047 4651 et
1100 4612 1276 4666 usque
1326 4595 1392 4649 ad
1439 4602 1684 4656 centum,
1718 4592 1922 4646 debent
1974 4591 2109 4646 illud
2151 4592 2358 4646 habere

792 4691 932 4745 infra
965 4705 1183 4742 menses
1205 4703 1298 4741 sex
1327 4694 1449 4754 post
1476 4684 1656 4738 datam
1689 4685 1947 4736 notitiam
1982 4683 2114 4737 Duci
2142 4683 2210 4735 ab
2251 4683 2353 4736 int-

792 4796 946 4851 perio
977 4795 1169 4832 eorum
1197 4778 1442 4832 Vcnetie.
1471 4775 1796 4843 llujusmoili
1830 4789 1959 4827 vero
1983 4775 2133 4841 galee
2155 4773 2356 4827 debent

795 4873 1022 4926 Venetie
1058 4871 1175 4924 lieri
1230 4880 1279 4924 ct
1333 4867 1515 4938 parari
1570 4883 1600 4920 a
1634 4867 1912 4922 Veneticis
1947 4881 2070 4919 cum
2108 4867 2366 4919 universo

795 4972 1064 5033 apparatu
1115 4976 1306 5015 earum
1355 4975 1454 5029 per
1507 4959 1828 5028 peccuniam
1877 4958 2006 5011 illuc
2043 4959 2260 5011 missam
2299 4959 2367 5011 ab

797 5055 1032 5124 imperio
1057 5067 1274 5113 eorum,
1315 5051 1400 5104 vel
1437 5052 1712 5103 inventam
1759 5049 1834 5102 ibi
1876 5064 1906 5101 a
1948 5060 2100 5117 parte
2141 5048 2370 5102 celsitu-

2452 3413 2592 3483 perii
2612 3428 2806 3468 eorum
2838 3422 2895 3468 et
2917 3416 3150 3468 salutem
3176 3420 3349 3470 nostri
3375 3417 3521 3471 stoli.
3551 3416 3818 3470 llomiues
3843 3427 4030 3470 autem

2453 3504 2731 3574 galearum
2786 3504 2950 3558 talem
2996 3505 3203 3559 debent
3252 3520 3440 3575 rogatu
3478 3506 3752 3574 accipere,
3805 3507 4030 3576 qualem

2455 3593 2697 3649 Venetici
2729 3594 2871 3662 apud
2897 3591 3210 3663 Coryphum
3236 3594 3600 3662 accipiebant.

2524 3682 2659 3736 Item
2689 3689 2766 3744 et,
2795 3682 2840 3736 si
2877 3683 3170 3751 imperium
3199 3697 3394 3736 eorum
3425 3682 3663 3736 voluerit
3697 3683 3750 3736 in
3793 3699 4033 3738 numero

2458 3771 2770 3841 hujusmodi
2824 3781 3045 3826 centum
3105 3772 3381 3836 galearum
3447 3775 3734 3826 servitium
3800 3775 4030 3828 Veneti-

2457 3877 2647 3916 corum
2685 3863 2739 3916 in
2803 3875 2912 3917 tota
2967 3864 3225 3916 llomania
3277 3864 3653 3927 inventorum,
3687 3865 3859 3919 debet
3898 3867 4032 3919 illud

2457 3951 2659 4007 habere
2687 3967 2813 4006 cum
2855 3961 2937 4006 tot
2969 3952 3182 4006 scilicet
3225 3953 3418 4021 galeis,
3448 3964 3586 4020 quot
3627 3955 3832 4007 armari
3874 3967 4035 4024 pote-

2459 4053 2586 4098 runt
2631 4043 2703 4098 de
2758 4045 2996 4099 inventis
3047 4043 3287 4107 Venetis,
3338 4059 3406 4098 ex
3459 4055 3696 4113 quatuor
3747 4049 3931 4102 tribus
3979 4051 4039 4102 in

2457 4137 2639 4206 galeas
2693 4135 2934 4188 inductis
2983 4134 3287 4188 secundum
3342 4150 3632 4189 numerum
3678 4137 4035 4194 inventorum

2459 4225 2843 4280 Veneticorum
2867 4238 2995 4278 cum
3024 4234 3082 4278 et
3117 4224 3405 4277 manifesta
3453 4240 3605 4294 roga.
3636 4226 4035 4282 Verumtamen

2460 4333 2566 4370 non
2597 4325 2866 4386 cogentur
2898 4315 3104 4384 galleas
3135 4315 3346 4384 ingredi
3383 4315 3576 4384 viginti
3618 4331 3899 4371 annorum
3940 4319 4037 4372 ho-

2462 4410 2638 4461 mines
2664 4417 2718 4459 et
2751 4404 2916 4469 infra,
2950 4419 3129 4472 neque
3162 4406 3441 4473 sexaginta
3473 4421 3746 4461 annorum
3777 4420 3831 4461 et
3866 4410 4032 4463 ultra.

2530 4496 2714 4552 Stolus
2746 4504 2929 4548 autem
2962 4503 3150 4548 noster
3191 4498 3541 4564 eapitaneutn
3591 4498 3673 4551 vel
3708 4501 4038 4566 capitaneos

2465 4587 2756 4642 Veneticos
2778 4586 2944 4641 debet
2967 4586 3193 4648 habere,
3219 4589 3310 4656 qui
3336 4597 3391 4640 et
3418 4587 3604 4657 jurare
3628 4588 3855 4653 debent,
3887 4591 4037 4659 quod

2462 4680 2775 4735 conducent
2799 4693 2925 4733 eum
2969 4677 3037 4732 ad
3068 4679 3334 4734 honorem
3368 4681 3581 4749 imperii
3617 4696 3813 4734 eorum
3849 4694 3909 4735 et
3953 4699 4038 4736 sa-

2460 4775 2632 4827 lutem
2667 4772 2840 4826 nostri
2869 4773 2992 4825 stoli
3028 4777 3166 4824 bona
3195 4769 3300 4824 fide
3324 4779 3379 4825 et
3405 4774 3527 4826 sine
3555 4771 3748 4825 fraude
3771 4789 3950 4843 usque
3971 4777 4036 4827 ad

2463 4863 2664 4918 stolum
2721 4861 3071 4916 celsitudinis
3124 4875 3338 4913 eorum.
3398 4861 3467 4915 Et
3509 4862 3552 4915 si
3595 4862 3772 4915 stolus
3816 4874 4037 4920 noster.

2464 4967 2760 5024 antequam
2813 4954 3028 5023 imperii
3079 4969 3270 5007 eorum
3316 4953 3458 5008 stolo
3509 4954 3748 5016 uniatur,
3795 4956 4036 5022 aliquem

2466 5049 2667 5102 stolum
2721 5049 2928 5101 immici
2991 5047 3205 5116 imperii
3251 5061 3443 5099 eorum
3494 5046 3788 5108 invenerit,
3819 5056 3878 5100 et
3905 5063 4035 5102 eum

800 5147 950 5199 diuis
981 5159 1197 5207 eorum,
1236 5143 1512 5195 Veneticis
1559 5143 1688 5192 dare
1737 5141 2071 5193 debentibus
2118 5139 2369 5194 homines
2465 5141 2744 5195 offendere
2797 5139 2879 5192 vel
2932 5153 3243 5206 expugnare
3301 5137 3558 5197 voluerit,
3589 5138 3748 5190 faciet
3795 5141 3877 5191 sie
3914 5142 4036 5190 sine

797 5250 976 5306 aptos,
1013 5247 1072 5290 ut
1124 5236 1500 5304 unusquisque
1542 5249 1735 5286 eorum
1782 5233 1957 5301 presit'
1993 5233 2362 5300 prcparationi

869 5391 981 5460 (9.7)
1010 5393 1158 5446 Post.
1197 5394 1367 5450 Marin
1392 5395 1430 5448 Ι.
1459 5393 1496 5446 l.
1534 5392 1622 5458 Ill,
1653 5409 1707 5462 p.
1731 5392 1837 5447 289.
1863 5409 1926 5447 cx
1963 5393 2104 5447 libro
2146 5392 2271 5446 albo
2307 5403 2362 5445 et

797 5462 1274 5585 libtjifrpg‘ptortnn
1305 5466 1600 5520 ediderunt
1639 5463 1788 5519 'l‘afcl
1817 5473 1872 5518 et
1898 5464 2138 5516 Thomas
2199 5464 2233 5515 Ι,
2261 5465 2294 5515 Ι.
2325 5479 2359 5525 I,

804 5549 853 5586 ι».
918 5570 930 5584 .
952 5549 1011 5585 τ)-
1089 5551 1139 5586 a.

915 5536 927 5563 t
956 5535 1011 5572 -'_
1091 5535 1116 5559 .9

803 5535 984 5673 ν’(ἓξῖ
1183 5608 1260 5667 εἰς
1289 5605 1444 5669 τέλος
1470 5605 1553 5660 vel
1578 5605 1663 5658 διὰ
1693 5603 1905 5666 τέλους.
1938 5601 2110 5656 Marin
2135 5620 2147 5656 :
2176 5618 2268 5673 per
2295 5603 2365 5667 ﬁ-

804 5687 856 5722 Ἠ
873 5691 990 5812 ⁴ιέθ)
1020 5744 1194 5800 Verba
1212 5761 1372 5815 usque
1403 5747 1471 5799 ad
1493 5754 1702 5800 centum
1731 5745 1835 5799 hoc
1855 5744 1979 5801 loco
2003 5743 2366 5813 expungentla

2467 5232 2659 5285 lraude
2705 5242 2761 5284 et
2815 5231 2956 5282 maio
3013 5230 3233 5296 ingenio
3281 5227 3488 5293 aliquo.
3555 5227 3848 5296 Postquam
3905 5242 4036 5281 vero

2461 5409 2581 5518 pisse
2654 5395 2928 5450 videntur.
3021 5390 3302 5446 llabentur
3393 5398 3574 5444 tamen
3651 5390 3819 5444 ctiam
3893 5390 4038 5444 infra

2512 5481 2696 5518 0V.X|.

2512 5481 2599 5518 ον.
2628 5481 2696 5517 XI.

2537 5536 2646 5602 (30)
2686 5536 2832 5588 Libri
2869 5545 3176 5604 pactorum,
3234 5545 3593 5595 remotorum;
3630 5531 3844 5583 Marin:
3879 5545 4042 5583 rem-

2465 5614 2648 5673 galoru
2660 5624 2706 5657 ιη
2717 5647 2727 5657 .

2539 5677 2648 5745 ιῦῑ)
2678 5676 2870 5739 Mariti,
2915 5676 3272 5728 morientibus.
3308 5675 3398 5730 Sic
3440 5673 3544 5727 infr
3569 5720 3573 5724 .
3598 5672 3729 5726 Nov.
3761 5685 3838 5726 ιι.
