4236 6442
201 376 299 437 itis

1269 380 1632 441 NOVELLJE
1673 377 1944 439 CONST'.
1967 377 2368 440 [‘UTIONES.

3357 383 3466 448 468

194 490 370 539 stolus
423 501 613 543 noster
665 491 806 544 stolo
849 489 1156 559 imperialis
1201 491 1555 545 celsitudinis
1589 499 1781 544 unttns
1815 489 1854 543 Α
1886 497 2073 541 ortum
2106 500 2162 543 et
2189 504 2380 542 versus
2409 503 2687 554 occasum,
2719 500 2774 546 et
2799 491 2866 546 ab
2899 506 2964 546 ea
3006 505 3177 561 usque
3224 490 3461 549 Avidum

193 579 381 639 fuetit,
439 580 646 633 debent
701 583 978 636 numerari
1041 583 1312 644 homines,
1349 583 1442 652 qui
1497 583 1552 637 in
1611 583 1783 652 galeis

192 679 382 731 erunt,
427 687 456 723 a
511 672 810 740 capitaneo
868 673 994 727 stoli
1049 673 1267 744 imperii
1318 690 1533 734 eorum.
1586 673 1630 728 si
1669 673 1784 743 ipse

195 761 438 814 voluerit
474 779 487 815 :
523 773 578 815 et
597 765 808 818 inventi
835 764 1058 834 quidem
1090 773 1255 820 erunt
1290 767 1344 821 in
1371 766 1600 823 servitio
1623 766 1784 822 celsi-

191 851 406 906 tudinis
435 869 666 918 eorum;
696 857 956 913 absentes
980 874 1111 912 vero
1136 859 1274 914 bona
1310 859 1414 914 iide
1446 860 1785 915 festinabunt

191 946 467 1014 reperire.
520 949 564 1001 si
627 961 882 1014 possunt,
935 966 1341 1020 numerumque
1381 953 1660 1022 supplere.
1695 951 1784 1005 ln-

189 1050 360 1102 super
390 1038 716 1104 eapitaneus
747 1041 834 1095 vel
870 1042 1150 1110 capitanei
1200 1043 1377 1097 nostri
1433 1044 1560 1098 stoli
1592 1052 1647 1096 et
1677 1057 1775 1097 co-

191 1130 353 1183 mites
405 1141 462 1184 et
508 1133 772 1187 nauclerii
804 1142 860 1188 et
891 1134 1195 1204 prodenses
1250 1145 1307 1190 et
1357 1136 1657 1190 decemviri
1710 1135 1779 1190 de

192 1236 529 1290 unaquaque
586 1224 871 1292 galearum
939 1227 1243 1294 jurabuut,
1301 1227 1448 1296 quod
1519 1240 1780 1298 prccepto

187 1314 472 1380 capitauei
517 1315 643 1368 stoli
684 1315 1040 1384 imperatorie
1074 1319 1378 1386 maiestatis
1417 1318 1679 1372 obedient
1713 1318 1778 1371 ad

189 1400 462 1457 honorem
491 1405 708 1474 imperii
730 1421 924 1460 eorum
953 1419 1008 1462 et
1032 1409 1264 1462 salutem
1291 1410 1463 1465 nostri
1486 1410 1635 1471 stoli,
1662 1410 1782 1466 sine

187 1494 386 1548 fraude
423 1505 483 1550 et
530 1498 676 1551 malo
726 1498 983 1568 ingenio;
1034 1501 1266 1571 etquod
1309 1517 1415 1556 una
1467 1517 1593 1557 cum
1635 1503 1781 1558 stole

186 1586 408 1654 imperii
452 1602 645 1641 eorum
683 1602 1086 1660 persequentur
1111 1593 1311 1647 stulttm
1345 1594 1551 1649 inimici
1608 1596 1778 1665 maje-

182 1680 348 1732 statis
401 1695 623 1746 eorum,
653 1683 768 1736 sive
818 1683 1080 1739 Cristiani
1138 1686 1250 1740 sint
1304 1687 1420 1740 sive
1474 1689 1692 1758 pagani,
1723 1698 1779 1744 et

183 1769 379 1823 lcdeut
437 1779 496 1824 et
556 1773 951 1842 expugnabunt
1008 1791 1135 1828 eum
1187 1785 1245 1830 et
1295 1777 1590 1846 expellent,
1639 1778 1779 1832 infe—

1887 588 1942 632 ct
1972 579 2024 632 in
2050 579 2243 634 eadem
2282 580 2505 636 civitate
2532 581 2788 636 similiter
2813 582 3087 650 inventos,
3127 599 3228 638 nec
3266 600 3372 640 non
3404 593 3462 641 et

1889 669 1942 723 in
1978 669 2162 733 terris,
2195 685 2303 740 que
2355 670 2496 725 infra
2527 681 2655 726 sunt
2691 687 2864 742 usque
2901 673 3362 747 Phyladelphyam
3405 685 3463 732 et

1887 759 1939 813 in
1970 761 2085 828 ipsa
2113 760 2352 826 civitate,
2387 773 2443 818 et
2474 777 2645 833 usque
2674 764 3085 835 Adrianopolim
3117 774 3173 820 et
3197 765 3251 820 in
3280 781 3343 820 ea
3383 767 3462 820 si-

1887 852 2091 907 militer
2122 853 2515 920 existentes,de
2542 865 2780 925 quatuor
2813 866 2944 916 tres.
2982 870 3107 911 cum
3143 867 3221 913 tot
3252 857 3464 912 scilicet

1885 943 2075 1012 galeis.
2127 953 2260 1014 quot
2319 961 2532 1002 armare
2585 956 2864 1016 poterunt,
2901 949 3106 1004 inventi
3157 950 3461 1005 secundum

1885 1037 2262 1106 supradictuin
2295 1039 2569 1104 ordinem,
2601 1055 2726 1094 eum
2763 1049 2820 1095 et
2849 1040 3134 1096 manifesta
3167 1055 3316 1111 roga.

1956 1128 2071 1182 Tali
2100 1130 2282 1199 itaque
2315 1131 2479 1185 modo
2509 1131 2713 1200 talique
2739 1130 2935 1186 ordine
2960 1131 3232 1201 iuvabunt
3268 1131 3382 1202 (52)
3406 1141 3464 1187 et

1885 1219 2182 1275 defendent
2218 1222 2541 1277 Romaniam
2574 1221 2824 1278 Venetici
2869 1231 3062 1277 contra
3108 1239 3326 1279 onmem
3365 1225 3465 1278 hoc

1886 1312 2089 1366 minem
2151 1321 2476 1367 coronatum
2523 1321 2582 1368 et
2636 1329 2743 1366 non
2784 1325 3129 1378 coronatum,
3166 1323 3223 1370 et
3267 1328 3462 1370 contra

1884 1418 2104 1457 onmem
2135 1413 2375 1473 gentem,
2411 1403 2687 1458 volentem
2726 1403 2912 1458 ledere
2959 1420 3105 1470 eam,
3147 1406 3461 1462 secundum

1883 1492 2028 1561 quod
2060 1491 2318 1561 superius
2343 1501 2630 1546 ostensum
2663 1501 2769 1556 est,
2817 1492 2967 1546 Salva
3001 1503 3182 1547 tamen
3230 1507 3464 1547 concor-

1883 1584 1993 1648 dia,
2019 1599 2183 1654 quant
2207 1599 2331 1636 cum
2356 1583 2720 1639 uoliiFIissimo
2743 1598 2866 1654 rege
2892 1583 3211 1639 Aleutannie
3231 1583 3459 1646 habent,

1883 1690 2174 1743 quousque
2223 1673 2486 1728 dissoluta
2545 1690 2654 1728 non
2705 1673 2916 1730 fuerit:
2981 1684 3292 1745 postquam‘
3327 1689 3463 1728 vero

1884 1769 2150 1822 dissoluta
2190 1766 2381 1830 luerit,
2446 1765 2612 1822 debet
2663 1766 2858 1822 eadem
2917 1775 2975 1821 et
3027 1776 3218 1822 contra
3278 1783 3460 1838 regem

183 1871 426 1929 remque
459 1862 514 1917 ei
546 1840 748 1919 malum
782 1866 929 1936 quod
979 1877 1262 1937 putei-unt,
1307 1840 1452 1923 [uina
1494 1840 1623 1934 ηαξ,
1655 1870 1779 1926 sine
1813 1840 1853 1895 Β
1885 1860 2205 1915 Alemanuie
2227 1859 2411 1914 facere
2437 1873 2536 1928 pro
2565 1858 2801 1928 imperio
2838 1873 3031 1914 eorum
3059 1867 3114 1914 et
3154 1860 3459 1920 Romanis;

182 1952 382 2008 fraude
412 1968 469 2008 et
497 1956 639 2010 ntalo
673 1957 914 2028 ingenio,
939 1967 996 2013 et
1028 1959 1429 2029 impngnabunt
1462 1975 1612 2024 eum,
1643 1976 1778 2032 quo-

183 2059 367 2113 usque
408 2057 470 2101 et
511 2048 686 2102 stolus
717 2049 1080 2117 intperatorte
1133 2049 1494 2104 sublimitatis
1518 2066 1644 2106 eum
1676 2053 1777 2105 im-

183 2134 460 2203 pugnabit
512 2136 656 2190 bona
693 2137 799 2192 fide
833 2146 887 2190 et
919 2139 1038 2191 sine
1073 2137 1290 2194 fraude.
1345 2139 1407 2194 Et
1454 2139 1498 2194 si
1539 2141 1776 2212 aliquam

180 2233 472 2280 terrarum
499 2228 712 2284 iuituici
743 2230 961 2299 imperii
994 2246 1184 2286 eorum
1214 2232 1484 2302 ceperint,
1511 2234 1778 2290 debemus

181 2318 234 2371 ia
281 2334 352 2371 ea
411 2320 618 2376 habere
672 2322 986 2387 ecclesiam,
1032 2322 1314 2378 embolum
1369 2336 1424 2380 et
1474 2327 1776 2393 scalam,et

175 2413 506 2465 conversari
544 2413 664 2468 sine
698 2417 847 2469 onmi
878 2416 1129 2470 datione.
1163 2416 1561 2474 Verumtamen
1599 2419 1775 2475 stolus

177 2502 534 2560 celsitudinis
567 2520 760 2560 eorum
811 2506 980 2562 debet
1033 2517 1220 2564 tantus
1268 2523 1416 2572 esse,
1448 2520 1688 2580 quantus
1720 2522 1775 2566 et

179 2604 376 2648 hoster
401 2604 507 2658 est,
537 2596 622 2649 vel
653 2598 910 2666 amplior.
943 2597 1239 2665 Postquam
1281 2615 1414 2656 vero
1457 2601 1771 2672 ltujusntodi

180 2687 480 2740 servitium
531 2689 746 2759 imperii
796 2706 991 2746 eorum
1045 2697 1383 2763 peregerint.
1440 2693 1644 2748 debent
1705 2696 1773 2751 de

179 2778 359 2844 galeis
388 2779 628 2848 egressis
661 2781 888 2836 Venetia
923 2793 1002 2837 tot
1037 2784 1103 2837 ad
1157 2800 1311 2838 suam
1351 2785 1555 2839 habere
1587 2802 1773 2841 rever-

179 2889 204 2918 s
231 2883 424 2931 onem,
453 2879 585 2939 quot
615 2872 696 2925 eis
728 2875 1046 2929 necessarie
1083 2885 1252 2930 erunt
1294 2877 1689 2932 convenienter
1718 2890 1773 2934 et

178 2961 306 3012 sLne
333 2959 550 3025 fraude,
587 2963 729 3017 bona
749 2963 887 3019 ﬁde.

265 3046 427 3109 item,
464 3061 753 3120 postquam
793 3054 1108 3125 ltujusuiodi
1141 3060 1292 3128 galec
1317 3040 1600 3117 Venetiam
1644 3079 1770 3134 pcr-

181 3141 463 3200 venerint,
496 3140 540 3193 si
592 3141 882 3210 imperium
908 3161 1104 3202 eorum
1143 3151 1380 3206 voluerit
1427 3169 1522 3208 eas
1569 3155 1768 3209 iterum
1802 3167 1844 3226 α

176 3246 209 3281 a
253 3229 534 3283 Veneticis
571 3232 626 3285 iu
673 3233 996 3292 Romaniam
1035 3240 1249 3306 reduci,
1300 3244 1672 3313 reducentur;
1706 3256 1762 3302 et

182 3321 566 3390 unusquisque
625 3339 856 3391 eorum,
919 3329 1012 3396 qui
1076 3345 1171 3384 eas
1224 3333 1528 3397 reducent,
1596 3335 1762 3392 debet

179 3414 394 3468 habere
447 3431 545 3484 pro
596 3420 853 3476 mercede
900 3421 978 3488 id,
1015 3425 1161 3491 quod
1208 3424 1375 3481 fuerit
1424 3429 1762 3484 conveniens

177 3505 490 3557 secundum
522 3515 762 3576 tempus.
793 3508 850 3563 Si
881 3520 1064 3566 autetn
1099 3514 1455 3583 imperatoria
1486 3519 1763 3576 celsitudo

178 3611 278 3654 per
314 3596 454 3649 alias
483 3611 749 3666 personas
779 3602 860 3654 vel
895 3616 992 3670 per
1018 3603 1178 3658 aliam
1215 3608 1449 3676 aliquam
1478 3611 1764 3679 dispensa-

179 3688 391 3739 tionem
425 3688 660 3744 voluerit
699 3690 1020 3759 huiusmodi
1069 3695 1349 3764 galearum
1384 3702 1761 3758 reversionem

177 3779 299 3834 ﬁeri
339 3781 390 3833 itt
441 3790 645 3835 terram
697 3784 914 3853 imperii
948 3800 1167 3850 eorum,
1208 3789 1300 3844 tlet
1348 3799 1404 3845 et
1441 3792 1761 3864 ltujttsmodi

173 3886 368 3926 carum
396 3873 638 3929 reversio
671 3874 840 3932 licite.
891 3877 956 3932 Et
1003 3879 1048 3934 si
1099 3880 1335 3938 voluerit
1397 3899 1490 3939 eas
1535 3885 1762 3944 Venetie

174 3960 473 4025 ettstodiri,
495 3963 883 4020 custodientur
909 3965 976 4021 ad
1007 3966 1271 4025 honorem
1301 3971 1515 4043 imperii
1538 3989 1758 4040 eorum,

173 4067 242 4107 ac
279 4052 326 4108 si
367 4064 556 4110 essent
587 4058 811 4125 proprie
851 4058 1100 4124 Venetie,
1147 4061 1243 4116 sed
1287 4071 1467 4118 tamen
1501 4081 1622 4120 cum
1657 4069 1762 4122 im-

174 4145 372 4213 periali
402 4161 664 4215 expensa.

249 4237 410 4299 Item,
459 4240 503 4291 si
537 4240 607 4291 ob
645 4241 864 4309 aliquod
911 4259 1206 4312 gravamen
1260 4253 1614 4319 nequiverint
1658 4253 1759 4307 hli-

176 4329 416 4394 iusinodi
451 4331 601 4397 galce
633 4334 937 4387 secundum
993 4335 1269 4405 υνωϐιυηι
1323 4343 1619 4396 terminum
1675 4363 1763 4399 vc-

175 4438 207 4473 ιι
240 4437 299 4473 re
365 4421 626 4480 Venetia.
691 4425 897 4480 debent
953 4426 1006 4480 itt
1063 4429 1349 4485 servitium
1384 4436 1506 4487 stoli
1545 4438 1756 4504 imperii

1882 1962 1937 2008 et
1967 1952 2114 2006 salva
2144 1951 2507 2007 conventione
2535 1950 2942 2006 interventione
2984 1950 3131 2006 inter
3165 1951 3461 2006 Veneticos

1881 2053 1937 2099 et
1994 2041 2420 2098 nobillissimum
2477 2058 2660 2113 regem
2703 2041 2890 2097 Sicilie
2925 2042 3239 2098 Vilielmum
3297 2043 3458 2103 facta.

1883 2153 1990 2208 que
2027 2137 2380 2209 protenditur
2412 2151 2583 2206 usque
2626 2137 2680 2191 in
2712 2151 2885 2193 annos
2914 2148 3124 2208 septem
3150 2147 3206 2194 et
3247 2154 3463 2194 menses

1881 2245 2101 2296 novem,
2131 2228 2530 2300 computandas
2579 2243 2608 2283 a
2659 2229 2931 2299 principio
2953 2229 3204 2285 Januarii
3253 2231 3460 2285 mensis

1883 2323 2155 2394 presentis
2180 2331 2333 2377 sexte
2375 2321 2714 2376 indictionis.
2743 2321 3136 2378 Verumtamen
3178 2331 3236 2378 et
3266 2335 3460 2379 contra

1880 2430 2061 2486 regem
2094 2413 2301 2478 Sicilie,
2334 2412 2797 2484 quandocumque
2837 2414 2953 2484 ipse
2980 2415 3462 2485 argumentabitur

1877 2506 2157 2562 offendere
2187 2505 2508 2560 Romaniam
2535 2503 2676 2559 infra
2708 2520 2882 2560 annos
2902 2505 3284 2562 conventionis
3317 2507 3463 2562 inter

1877 2614 1973 2655 eos
2034 2599 2200 2665 facte,
2234 2601 2459 2654 venient
2491 2598 2737 2653 Venetici
2789 2598 2932 2656 infra
2965 2607 3206 2669 quatuor
3241 2615 3462 2656 menses

1879 2697 2000 2758 post
2031 2688 2212 2743 datam
2241 2687 2309 2742 de
2338 2687 2441 2742 hoc
2470 2687 2729 2742 notieiam
2763 2687 2891 2742 duci
2919 2687 2990 2743 ab
3017 2688 3246 2758 imperio
3267 2704 3460 2746 eorum

1877 2781 2101 2837 Venetie
2125 2780 2190 2835 ad
2218 2780 2586 2851 adjuvandum
2617 2779 2938 2836 llomaniam
2969 2790 3024 2836 et
3051 2780 3458 2837 defendendum

1874 2890 1994 2930 eam
2027 2891 2150 2930 eum
2182 2874 2350 2946 galeis
2377 2875 2694 2946 quindecim
2735 2875 2877 2929 bona
2911 2874 3038 2929 fide.
3069 2874 3456 2930 Veruntamen

1875 2968 1942 3022 de
1974 2968 2144 3039 galeis
2169 2977 2224 3021 et
2257 2983 2384 3037 roga
2426 2967 2589 3023 debet
2644 2967 2786 3032 ﬁeri,
2834 2967 3139 3022 secundum
3186 2966 3331 3038 quod
3363 2982 3457 3023 su-

1875 3059 2064 3130 perius
2090 3058 2300 3112 dictum
2338 3067 2442 3112 est.

1948 3151 2107 3212 Item,
2142 3151 2186 3203 si
2230 3149 2520 3222 imperium
2549 3163 2740 3204 eorum
2775 3149 3014 3207 voluerit
3069 3150 3324 3208 homines
3364 3163 3460 3205 aut

1872 3239 2129 3295 vestiaria
2160 3239 2442 3293 Venetiam
2499 3236 2746 3318 mittet-ex
2761 3240 2938 3307 gratia
2969 3237 3317 3292 conducendi
3355 3239 3454 3291 mi-

1866 3331 1993 3386 lites
2030 3345 2059 3384 a
2092 3327 2423 3383 Louibardia
2457 3327 2540 3382 vel
2569 3327 2637 3381 ab
2678 3327 2780 3380 alia
2816 3336 2985 3390 terra,
3019 3336 3076 3381 et
3100 3327 3459 3398 dispensandi

1864 3439 1951 3489 ea,
1985 3438 2091 3494 que
2125 3422 2193 3477 ad
2252 3422 2519 3477 honorem
2568 3430 2626 3476 et
2671 3419 2967 3476 utilitatem
3004 3428 3149 3475 terre
3207 3429 3460 3489 spectant

1864 3515 2212 3571 celsitudinis
2239 3530 2459 3577 eorum,
2490 3514 2640 3569 licite
2669 3513 2832 3568 faciet
2855 3513 2979 3578 hoc,
3016 3513 3061 3568 si
3100 3513 3205 3569 hoc
3233 3528 3342 3567 non
3369 3521 3460 3568 est

1865 3619 2057 3664 contra
2069 3608 2374 3664 Venetiam.
2403 3607 2661 3664 llomines
2685 3617 2868 3662 autem
2884 3606 3112 3662 Venetie
3132 3607 3336 3662 debent
3355 3607 3459 3660 ho-

1866 3702 2042 3756 mines
2072 3707 2128 3754 et
2171 3697 2430 3755 vestiat-ia
2476 3696 2829 3754 sublimitatis
2859 3711 3051 3753 eorum
3101 3696 3370 3767 recipere,
3402 3705 3460 3754 et

1865 3791 2164 3849 defendere
2180 3799 2235 3845 et
2261 3788 2515 3845 homines
2543 3798 2598 3846 et
2626 3788 2946 3860 peccunlam
2976 3788 3044 3843 ab
3077 3789 3335 3844 omnibus
3355 3787 3460 3843 iiii-

1865 3883 2418 3941 micis.Veruntamen
2443 3879 2736 3951 imperium
2753 3868 2946 3936 eorum
2970 3894 3078 3935 non
3101 3878 3265 3935 debet
3285 3879 3458 3936 Vene-

1867 3979 1941 4034 tia
1970 3977 2206 4034 educere
2248 3973 2448 4032 stolum
2484 3973 2568 4030 vel
2621 3971 2925 4029 exercitum
2965 3981 3158 4029 contra
3190 3971 3453 4043 aliquem,

1865 4086 1990 4125 cum
2025 4084 2134 4137 quo
2166 4067 2409 4122 Venetici
2475 4066 2713 4118 habeant
2768 4066 3028 4119 unionem
3088 4073 3144 4117 et
3186 4079 3452 4118 amorem.

1937 4164 2067 4216 Item
2097 4203 2110 4224 ,
2142 4166 2186 4216 si
2214 4159 2564 4229 imperatoria
2598 4158 2870 4213 celsitudo
2899 4157 3140 4211 voluerit
3173 4157 3375 4211 milites
3403 4160 3453 4210 in

1866 4254 2188 4308 Bouianiam
2231 4253 2585 4308 transducere
2609 4267 2705 4320 per
2727 4250 3011 4305 Venetiam
3039 4291 3052 4312 ,
3100 4249 3250 4305 licite
3291 4249 3454 4303 faciet

1862 4359 1917 4402 et
1956 4349 2080 4410 hoc,
2125 4346 2231 4400 nisi
2261 4345 2362 4415 ipsi
2397 4344 2670 4399 manifesti
2710 4343 2920 4398 inimici
2950 4343 3178 4398 Venetie
3209 4342 3451 4400 fuerint.

1865 4449 1960 4493 aut
1983 4438 2212 4492 Venetia
2244 4435 2503 4504 impedita
2536 4435 2726 4488 fuerit.
2755 4434 2891 4488 Nam
2921 4445 3200 4488 transacto
3223 4435 3451 4502 impedi-

172 4531 372 4567 eorunt
417 4516 625 4585 ingredi
659 4534 848 4572 omnes
877 4521 1079 4574 inventi
1110 4523 1162 4576 in
1197 4525 1460 4581 Bouiania
1491 4529 1757 4596 Venetici,
1790 4512 1839 4571 D
1868 4541 2052 4586 mento
2085 4529 2271 4583 licebit
2298 4529 2554 4591 transire,
2595 4525 2710 4580 sive
2742 4526 2844 4580 soli
2888 4525 3131 4589 fuerint,
3167 4525 3282 4580 sive
3322 4540 3450 4578 cum

170 4607 240 4659 de
263 4617 508 4676 quatuor
529 4621 660 4669 tres.
695 4613 1000 4665 secundum
1024 4616 1169 4684 quod
1201 4621 1457 4687 superius
1490 4633 1756 4678 statutum

169 4710 277 4759 cst,
313 4715 440 4752 cum
471 4712 528 4754 et
561 4705 851 4761 manifesta
884 4725 1035 4778 roga.

246 4792 404 4853 Item,
461 4795 504 4847 si
565 4795 796 4866 imperio
851 4816 1045 4855 eorum
1109 4805 1332 4874 expedit
1379 4809 1641 4861 auxilium
1692 4813 1756 4865 ad

169 4885 572 4941 detfensionem
609 4898 756 4945 terre
790 4894 1141 4948 celsitudinis
1169 4913 1362 4952 eurum
1412 4900 1482 4953 ob
1518 4901 1756 4968 aliquem

171 4977 528 5032 inimicorum
563 4981 614 5034 in
655 4983 974 5039 ltumaniam
1013 4986 1388 5056 ingressurum
1436 5009 1558 5047 cum
1591 4997 1760 5062 galeis

170 5070 538 5140 quadraginta
582 5077 664 5127 vel
701 5078 970 5145 pluribus,
1017 5089 1073 5134 et
1124 5083 1438 5152 nequiverit
1475 5088 1754 5142 Venetiam

173 5167 402 5218 mittere
433 5183 530 5235 pro
567 5169 862 5236 adjutorio,
901 5171 1067 5227 debet
1101 5175 1454 5244 imperatoria
1485 5181 1754 5234 Celsitudo

172 5255 440 5309 indui-ere
502 5257 567 5310 ad
628 5259 1026 5314 delleusiouem
1087 5272 1230 5318 terre
1288 5267 1502 5335 imperii
1562 5285 1751 5324 eorum

169 5359 366 5400 eontra
405 5348 716 5416 hujnsmodi
773 5351 1056 5406 inimicum
1110 5354 1421 5421 VenetiCoS,
1460 5359 1512 5412 itt
1560 5378 1750 5430 magna

175 5440 317 5493 urbe
380 5441 635 5496 videliect
696 5455 752 5498 et
810 5446 995 5499 circlta
1049 5463 1167 5501 eam
1221 5452 1520 5507 existentes
1563 5470 1753 5509 versui-

242 5597 358 5662 (3'3)
399 5596 585 5647 Ιιίιιιιιε
624 5600 905 5662 Ῑιιιγιὺηηι.

244 5669 354 5725 iiii;
395 5667 572 5719 .lltlim
606 5670 918 5733 intervenia,
947 5670 1135 5724 Gneca
1167 5673 1428 5728 tltcttozte.
1466 5675 1630 5730 Mariti
1666 5680 1753 5732 in-

169 5749 517 5790 ι.·;·ιοι·ηι‹ἰιιί’.

239 5810 356 5880 itm
405 5806 558 5862 llunc
595 5809 773 5864 locum
804 5810 950 5866 haud
977 5811 1140 5868 dubie
1177 5814 1498 5872 lacunosum
1551 5819 1624 5874 sic
1655 5837 1745 5877 ςκ-

1857 4624 2097 4677 familiis.
2133 4622 2282 4675 Talia
2317 4621 2484 4691 igitur
2512 4620 2736 4674 servitia
2763 4619 2969 4674 debent
3003 4619 3242 4672 Venetici
3273 4620 3444 4687 impc-

1859 4719 1941 4770 rio
1988 4729 2177 4769 eorum
2215 4723 2271 4768 et
2313 4713 2576 4770 liomanie
2601 4712 2780 4766 facere
2800 4752 2814 4773 ,
2851 4712 2954 4766 nisi
2981 4713 3048 4765 ab
3078 4712 3260 4780 aliqua
3285 4726 3446 4764 coro,

1858 4817 2106 4863 natarunt
2137 4821 2498 4876 personarum
2542 4805 2628 4858 VC‘
2671 4819 2993 4874 magnarum
3024 4813 3293 4858 l0l’l‘ill'lllll
3329 4819 3446 4858 Illa-

1851 4902 2106 4956 uifestam
2134 4900 2476 4954 ittimicitia'n
2525 4899 2788 4961 habeant,
2833 4898 2972 4952 adeo
3007 4896 3155 4966 quod
3192 4896 3293 4965 ipsi
3325 4911 3446 4949 set--

1860 4995 2051 5048 vitium
2075 4991 2256 5046 facere
2279 5001 2575 5059 nequeant.
2600 4989 2718 5045 sine
2746 4989 2936 5043 fraude
2955 4999 3012 5042 et
3035 4989 3179 5042 malo
3202 4990 3442 5057 ingenio.

1932 5087 2066 5140 ltetn
2110 5086 2279 5139 duces
2347 5084 2595 5145 Venetie,
2635 5083 2729 5154 qui
2790 5099 2888 5152 per
2943 5093 3191 5152 tempora
3250 5095 3441 5146 erunt,

1853 5181 2141 5251 juraltuut,
2195 5177 2340 5247 quod
2404 5178 2640 5246 imperio
2713 5177 2833 5247 ejus
2860 5186 2916 5230 et
2970 5177 3267 5230 heredibus
3320 5177 3442 5246 ejus

1861 5272 2119 5327 masculis
2172 5280 2228 5323 et
2264 5270 2613 5328 mulieribus.
2652 5269 2748 5338 qui
2796 5278 2852 5322 et
2894 5283 3002 5337 que
3058 5268 3436 5338 imperabunt,

2171 5364 2263 5431 qui
2324 5377 2389 5414 ct:
2446 5376 2719 5431 praecepto
2790 5376 2981 5413 eorum
3044 5359 3436 5430 imperabunt,

2290 5491 2304 5502 .
2358 5450 2637 5505 debebunt
2671 5451 2784 5520 (δι)
2823 5448 3070 5514 Venetie,
3127 5450 3436 5504 secundum

1854 5367 1933 5419 vel
1981 5367 2118 5424 lttts,

1854 5457 2197 5509 ﬁdelitatem.

1865 5610 1966 5675 plet
2009 5608 2144 5655 Non.
2183 5605 2246 5657 XI
2278 5604 2452 5657 infra:
2484 5623 2502 5654 ς
2553 5605 2714 5658 {idem
2766 5605 3066 5658 servabunt
3112 5604 3278 5657 etiam
3312 5621 3432 5658 eam

1854 5689 2045 5732 contra
2083 5692 2298 5728 omnem
2331 5676 2611 5729 hominem
2649 5687 2975 5729 coronatum
3017 5683 3072 5728 et
3123 5691 3231 5727 non
3274 5691 3432 5726 coro-

1854 5761 2068 5809 natum,
2107 5748 2342 5802 saltuco
2371 5746 2517 5816 qttod
2551 5764 2647 5814 per
2703 5755 3052 5800 uramentunt
3076 5747 3280 5799 debent
3329 5744 3436 5800 Vt:-

1851 5832 1993 5876 ttt'ttc
2061 5839 2072 5865 ι
