4236 6442
745 397 850 463 467

1992 393 2236 453 ΙδΑΑαι
2283 388 2564 448 ANGELI
2608 387 2692 443 1M
2707 384 2767 440 Ρ.

3899 349 4012 410 463

747 512 895 582 quod
931 525 1083 565 nunc
1113 509 1222 563 dux
1259 505 1507 569 Venetie,
1554 504 1771 559 Aureus
1811 507 2074 571 magistro
2104 504 2321 562 Petrus,
2354 512 2400 563 Α
2427 492 2692 548 vestiario
2724 485 2943 557 imperii
2967 482 3144 538 nostri
3176 479 3358 531 ablate
3379 477 3582 526 essent.
3609 463 3714 531 Qui
3743 471 3798 513 οι
3819 459 4016 528 iurare

2831 581 2837 582 ,
3086 571 3098 582 .
3344 570 3549 582 -__.-_-...
3584 551 3797 582 κωκηπῖἷ
3834 545 4016 582 nnctri

746 604 973 673 juravit.

823 697 1110 750 Debitores
1166 693 1280 748 fisci
1331 702 1386 746 et
1437 692 1772 745 Romeorum
1825 686 2060 740 reddent
2135 681 2320 735 omnia

751 804 861 858 que
903 803 970 842 ev
999 785 1188 841 debito
1225 785 1450 840 debent.
1499 781 1568 836 Et
1613 780 1658 834 si
1709 778 1927 832 debitor
1975 791 2081 828 non
2132 775 2320 836 habet,

750 881 897 935 unde
931 880 1178 934 debitum
1213 877 1430 939 reddat,
1463 875 1631 929 dubet
1657 871 1899 927 creditor
1939 869 2140 922 habere
2164 869 2328 937 justi-

752 975 884 1027 tiam
918 973 986 1028 de
1021 973 1316 1035 debitore;
1365 969 1411 1024 si
1442 978 1625 1022 autem
1660 967 1746 1020 his
1771 961 2080 1026 obi‘erit,de
2107 961 2326 1015 heredi-
2374 967 2376 970 '

750 1067 853 1120 bus
877 1069 1018 1136 ejus.

823 1181 989 1244 item;
1031 1180 1077 1234 si
1141 1168 1397 1233 inimicus
1449 1173 1801 1243 imperatorio
1841 1169 2188 1225 celsitudinis
2235 1184 2329 1222 su-

749 1270 1067 1349 pervenerit
1089 1269 1156 1322 ad
1183 1263 1612 1337 impugnandutn
1640 1273 1838 1316 terram
1870 1261 2084 1330 imperii
2110 1274 2326 1319 eorum,

752 1364 808 1416 in
843 1378 950 1432 qua
984 1361 1227 1418 Venetici
1287 1367 1439 1420 sunt,
1471 1357 1676 1411 debent
1714 1355 1814 1424 ipsi
1847 1354 2146 1408 defendere
2183 1366 2326 1415 eam,

748 1467 806 1508 et
859 1455 1144 1507 inimicum
1184 1451 1459 1522 expellere
1501 1449 1570 1500 ab
1619 1447 1934 1523 hujusmodi
1986 1454 2128 1498 terra
2156 1484 2173 1509 ,
2214 1441 2328 1496 vel-

752 1547 857 1600 iuti
889 1527 1142 1616 possunt,
1167 1545 1322 1599 'boua
1359 1542 1463 1595 fide
1496 1549 1552 1595 et
1577 1541 1698 1594 sine
1734 1538 1947 1592 fraude.

822 1662 978 1716 lianc
1010 1642 1195 1729 itaque
1231 1657 1654 1710 conventionem
1682 1646 1902 1706 'tirntam
1930 1664 1985 1705 ct
2016 1664 2331 1704 sacrament-

759 1759 873 1806 tum
930 1753 1145 1805 firmum
1195 1748 1439 1804 Venetici
1502 1747 1899 1808 observabunt,
1941 1753 1997 1798 et
2034 1757 2214 1811 neque
2259 1741 2332 1794 ob

757 1846 962 1899 illatam
1009 1843 1090 1896 eis
1133 1841 1271 1894 iram
1321 1853 1536 1907 semper
1579 1835 1922 1890 memorandi
1979 1834 2333 1902 imperatoris
2361 1847 2408 1907 Β

756 1927 1208 2006 porphyrogeuiti
1240 1932 1450 1987 domini
1476 1931 1762 1991 Manuelis,
1793 1941 1971 1996 neque
2000 1926 2071 1978 ob
2100 1925 2336 1993 aliquam

756 2029 918 2082 aliam
954 2027 1302 2082 occasionem
1335 2025 1417 2079 eis
1440 2024 1642 2078 factam
1675 2018 1996 2091 bujusmodi
2026 2015 2340 2072 sacramen-

762 2132 879 2176 tum
914 2120 1246 2188 infringent,
1285 2132 1465 2186 neque
1494 2116 1564 2169 ob
1602 2122 1948 2185 preceptum,
1975 2111 2060 2163 vel
2087 2110 2339 2165 timorem

761 2215 1002 2284 alicujus
1028 2220 1420 2265 coronatorum
1443 2208 1528 2262 vel
1558 2221 1669 2262 non
1701 2196 2114 2284 coronatorum,
2162 2217 2306 2270 nequ
2331 2219 2341 2233 ι

760 2309 832 2363 ob
863 2305 1302 2360 ecclesiasticam
1333 2269 1983 2357 excommunicationeur
2004 2295 2089 2349 vel
2121 2294 2344 2348 absolu-

760 2403 968 2454 tionem
992 2396 1227 2464 alicujus
1243 2392 1587 2464 pontificum,
1615 2402 1712 2445 aut
1732 2389 1906 2458 ipsius
1929 2382 2342 2457 pape'Rotuani.
2374 2416 2385 2446 ι

760 2491 937 2563 igitur
973 2491 1078 2546 hcc
1130 2487 1330 2543 bmnia.
1363 2470 1610 2541 Venetici
1646 2479 2028 2537 observatiurit
2056 2480 2195 2531 bona
2239 2475 2346 2529 ﬁde

762 2595 822 2639 et
845 2585 968 2640 sine
998 2581 1215 2666 fraude,
1236 2593 1526 2650 quousque
1558 2587 1614 2650 et
1647 2574 1715 2629 ab
1751 2573 1985 2642 imperio
2014 2571 2134 2640 ejus
2168 2576 2223 2621 et
2261 2566 2344 2620 fu-

768 2675 912 2729 turis
956 2670 1383 2742 imperatoribus
1435 2667 1646 2734 integre
1686 2668 2087 2718 conserventur
2125 2674 2212 2721 ea,
2239 2671 2347 2726 que

764 2766 1178 2838 ~promittuntur
1214 2761 1378 2816 nobis
1429 2776 1458 2813 a
1495 2758 1723 2812 domino
1759 2755 2092 2824 imperatore
2143 2751 2347 2804 Roma-

767 2874 963 2915 norum
995 2866 1051 2912 et
1085 2869 1306 2923 semper
1334 2860 1567 2921 augusto
1608 2847 1836 2902 domino
1870 2841 2123 2912 Ysaakyo
2145 2841 2350 2910 Angelo
2426 2891 2428 2893 ,

767 2969 868 3021 per
897 2946 1294 3020 chrysobnlum
1328 2942 1545 3012 imperii
1572 2942 1714 3011 ejus.

841 3065 954 3121 ilec
981 3063 1206 3133 quidem
1239 3069 1394 3135 ,suut,
1426 3073 1532 3126 que
1573 3051 1822 3110 Venetici
1869 3051 2105 3119 imperio
2160 3055 2352 3099 nostro

769 3168 823 3212 et
854 3155 1117 3211 Romanie
1143 3170 1238 3222 per
1277 3150 1699 3205 conventionem
1741 3141 2176 3216 spoponderunt,
2211 3135 2354 3202 Quo-

769 3252 916 3305 nia-n
948 3264 1082 3303 vero
1117 3257 1176 3302 et
1221 3261 1320 3315 per
1349 3245 1728 3314 jurameutum
1782 3238 1885 3291 hec
1920 3231 2119 3289 eadem
2171 3227 2349 3282 maui-

769 3347 945 3398 fustus
975 3331 1235 3395 videlicet
1268 3337 1380 3391 dux
1409 3333 1639 3389 Venetle
1668 3341 1724 3386 et
1767 3326 2045 3382 manifesti
2096 3320 2349 3379 Venetici

771 3437 1262 3513 confirmaverunt,
1326 3426 1540 3497 imperii
1594 3424 1765 3480 nostri
1809 3421 2103 3475 clementia
2148 3415 2349 3483 hujus-

775 3528 922 3583 modi
955 3541 1148 3581 eorum
1182 3521 1607 3578 conventionem
1667 3519 1981 3587 juramcnto
2027 3508 2358 3564 corrobora-

781 3634 887 3676 tam
913 3621 1144 3691 benigne
1170 3616 1464 3687 recipiens,
1491 3614 1543 3667 iu
1571 3609 1858 3682 pristinam
1879 3606 2163 3666 unionem,
2190 3613 2356 3668 quam

777 3727 904 3763 eum
939 3683 1205 3763 Bouiania
1239 3683 1534 3764 habebant,
1564 3714 1660 3755 eos
1699 3694 1964 3750 restituit.
1993 3692 2060 3746 Et
2088 3683 2360 3744 renovatis

778 3799 1112 3872 chrysobula
1163 3798 1246 3852 eis
1278 3796 1419 3848 facta
1447 3793 1516 3845 ab
1550 3792 1693 3844 inter
1745 3789 2109 3855 imperatores
2143 3791 2361 3846 semper

783 3892 1143 3956 memorando
1174 3891 1513 3958 imperatore
1551 3893 1605 3938 et
1662 3892 1860 3951 patruo
1897 3875 2115 3946 imperii
2162 3871 2360 3934 nostri,

782 3984 996 4058 domini
1018 3957 1286 4037 Manuelis
1305 3976 1572 4032 Comnani
1601 3974 1739 4043 (⁸55),
1772 3957 2047 4040 promittit
2075 3980 2172 4034 per
2201 3977 2361 4016 suum

786 4075 1184 4148 chrysobulum
1217 4071 1474 4131 verbum,
1511 4082 1607 4122 eos
1641 4059 1964 4118 conversari
1996 4058 2048 4112 in
2081 4053 2365 4110 universis

786 4171 958 4226 terris
994 4177 1182 4222 nostre
1214 4165 1304 4234 pie
1341 4156 1761 4227 tranquillitatis
1813 4168 1909 4222 per
1951 4159 2151 4204 terram
2185 4157 2240 4201 et
2268 4163 2365 4216 per

787 4275 943 4316 mare
977 4259 1188 4327 absque
1217 4253 1366 4309 omni
1399 4252 1630 4305 datione
1661 4245 1966 4301 secundum
1992 4225 2363 4310 comprehen-

790 4365 980 4408 smnes
1011 4345 1330 4419 hujusmodi
1355 4341 1846 4410 chrysobulorum,
1871 4343 1928 4389 et
1956 4333 2074 4386 fore
2104 4331 2286 4384 salvos
2316 4339 2372 4382 et

792 4442 1103 4512 intrepidos
1135 4441 1190 4493 in
1227 4438 1478 4506 personis
1521 4442 1577 4486 et
1615 4427 1897 4500 peccuniis
1929 4439 2124 4479 eorum
2156 4433 2263 4476 tam
2301 4420 2370 4473 ab

795 4533 1118 4589 hominibus
1168 4529 1386 4599 imperii
1436 4525 1607 4580 nostri
1649 4537 1813 4592 quam
1871 4522 1939 4572 ab
1971 4517 2090 4586 ipso
2139 4512 2372 4583 imperio

797 4637 1010 4692 nostro,
1067 4634 1123 4678 et
1159 4624 1361 4677 habere
1414 4633 1608 4673 omnes
1658 4613 1966 4673 districtus,
2007 4622 2148 4678 quos
2206 4605 2372 4660 babe-

800 4721 940 4774 bant
1011 4727 1262 4784 tempore
1306 4713 1455 4766 iiiate
1497 4709 1579 4762 eis
1635 4708 1712 4759 ire
1752 4716 1972 4771 semper
2030 4695 2374 4752 memorandi

804 4810 1156 4880 imperatoris
1179 4817 1235 4861 et
1263 4805 1438 4875 patrui
1474 4799 1688 4870 imperii
1718 4796 1892 4851 nostri
1920 4791 2128 4848 domini
2158 4776 2382 4844 Mauue-
2470 4834 2480 4848 ,

801 4904 873 4958 iis
923 4902 1214 4962 Comnaui,
1258 4897 1504 4967 ipsisque
1555 4890 1832 4970 Venetieis
1888 4885 2043 4940 reddi
2097 4892 2154 4937 et
2192 4895 2386 4935 omnes

809 5013 898 5050 res
928 5009 1143 5057 eorum,
1179 5008 1285 5060 que
1318 4992 1372 5043 in
1418 4987 1635 5057 palatiis
1669 4995 1723 5037 et
1758 4976 2107 5034 monasteriis
2141 4975 2386 5035 fuerunt,

811 5097 994 5156 etque
1032 5085 1086 5139 iu
1120 5082 1438 5135 vestiarium
1465 5079 1809 5130 intraverunt
1833 5079 1888 5123 ct
1911 5069 2016 5122 alia
2044 5067 2160 5119 loca
2182 5064 2388 5132 scripto

811 5190 866 5232 et
897 5195 1005 5231 non
1033 5177 1262 5245 scripto.
1291 5175 1382 5226 Set
1408 5183 1461 5225 et
1483 5185 1582 5240 pro
1607 5167 1795 5226 rebus,
1822 5176 1930 5231 que
1956 5157 2250 5212 manifeste
2277 5170 2387 5208 non

814 5258 1184 5338 reperientur,
1208 5265 1362 5319 dabit
1395 5261 1664 5317 serenitas
1688 5251 1903 5324 imperii
1937 5248 2111 5303 nostri
2140 5247 2394 5300 homines

819 5356 1398 5423 suﬂicientes..eisque
1449 5349 1738 5422 precipiet,
1786 5353 2061 5413 quatenus
2097 5353 2183 5391 res
2222 5337 2391 5390 Vene-

822 5453 1061 5508 ticorum
1117 5448 1364 5504 studiose
1425 5451 1660 5515 querant
1697 5449 1752 5493 et
1801 5434 2099 5505 reperiant,
2136 5447 2200 5486 ac
2231 5429 2274 5484 si
2328 5429 2396 5482 de

894 5608 1004 5678 {'55)
1039 5607 1176 5679 Lege
1211 5625 1223 5660 :
1254 5605 1465 5658 domino
1499 5595 1748 5654 iilamtelc
1783 5595 2079 5648 Coummm.

2427 587 2666 646 debent,
2695 545 2842 650 quod
2892 571 3198 631 secundqu
3233 570 3551 638 preceptqu
3583 551 3800 624 intpcrii
3834 545 4018 602 nostri

2429 637 2732 730 studebuni
2750 637 3342 728 invenireetaccipere
3369 643 3683 720 hujusmodi
3710 655 3800 694 res
3821 637 3890 691 ad
3918 637 4023 687 ito-

2430 781 2622 821 norem
2646 759 2937 818 ciementie
2960 763 3146 810 nostre
3179 761 3236 805 et
3274 746 3567 803 utilitatem
3591 733 4019 792 Veneticorum.

2435 859 2502 914 Et
2533 859 2577 913 si
2610 852 2818 924 aliquid
2843 854 2909 905 de
2931 848 3041 903 hiis
3071 843 3356 901 venditum
3387 845 3495 896 est,
3519 842 3576 887 et
3601 827 3804 884 dixerit
3841 824 4025 876 Vene-

2433 951 2575 1004 ticus
2610 946 2991 1001 fraudulenter
3030 937 3164 993 illud
3199 934 3316 989 fore
3341 928 3648 1008 venditum,
3677 916 3894 989 jurabit
3926 913 4022 965 iiie

2431 1046 2525 1111 qui
2563 1038 2849 1100 vendidit,
2892 1032 3040 1104 quod
3069 1031 3214 1086 bona
3246 1024 3352 1078 fide
3386 1033 3502 1074 rem
3536 1005 3782 1069 Venetici
3821 1005 4026 1059 vendi-

2433 1135 2668 1189 derit-ct
2697 1147 2795 1201 pro
2827 1101 3003 1189 tanto,
3029 1130 3240 1192 quanto
3270 1130 3392 1170 eam
3427 1109 3671 1166 vendere
3707 1101 3911 1171 quivit,
3967 1105 4029 1147 et

2432 1227 2580 1296 quod
2617 1239 2715 1278 nec
2749 1222 2870 1290 plus
2907 1217 3034 1272 inde
3081 1211 3363 1280 acceperit
3405 1218 3508 1258 nec
3543 1205 3880 1266 accepturus
3907 1197 4024 1245 est,

2439 1319 2544 1373 nisi
2596 1323 2862 1385 quantum
2896 1311 3056 1370 dixit,
3093 1306 3138 1360 si
3184 1301 3529 1372 propinquus
3572 1287 3788 1358 imperii
3841 1282 4024 1337 nostri

2435 1427 2546 1466 non
2575 1407 2766 1462 fuerit.
2793 1406 3166 1459 Voruntamen
3222 1404 3280 1448 et
3309 1391 3378 1445 de
3408 1382 3734 1458 propinquis
3787 1375 4022 1430 celsitu-

2435 1502 2582 1555 dinis
2622 1507 2808 1552 nostre
2847 1507 2903 1548 et
2951 1495 3019 1548 de
3049 1491 3174 1545 aliis
3221 1485 3389 1542 debet
3430 1477 3546 1533 fieri
3580 1483 3738 1529 cauta
3769 1467 4018 1541 justitia,

2435 1589 2738 1644 secundum
2773 1585 2919 1655 quod
2952 1565 3184 1636 deberet
3214 1575 3332 1631 ﬁeri
3379 1587 3478 1642 pro
3508 1567 3675 1622 rebus
3706 1561 3914 1616 ablatis
3948 1558 4018 1609 de

2438 1680 2700 1737 vestiario
2742 1685 2934 1732 nostro
2965 1670 3183 1742 imperii
3219 1665 3419 1722 nostri.

2510 1800 2644 1854 Item
2697 1802 2775 1857 et,
2804 1794 2848 1848 si
2904 1768 3004 1862 pro
3039 1784 3289 1846 servitio,
3341 1777 3492 1850 quod
3546 1771 3783 1842 imperio
3833 1776 4030 1822 nostro

2445 1890 2648 1945 facient
2680 1886 2764 1940 vel
2794 1879 3148 1953 imperaturis
3175 1872 3480 1930 secundum
3507 1869 3651 1937 quod
3675 1865 3887 1918 dictum
3920 1871 4028 1916 est.

2443 1977 2829 2052 supervenerit
2861 1976 2944 2030 eis
2985 1967 3274 2027 inimicitia
3302 1965 3331 2018 ’a
3359 1968 3623 2017 coronata
3647 1968 3903 2028 persona
3948 1949 4032 2002 vel

2445 2093 2474 2129 τι
2512 2089 2706 2142 magna
2742 2079 2928 2140 gente,
2981 2063 3151 2119 debet
3196 2059 3493 2127 imperium
3525 2060 3778 2105 nostrum
3806 2045 3895 2098 vel
3941 2046 4037 2093 im-

2447 2162 2690 2235 peraturi
2722 2176 2822 2229 per
2859 2168 3105 2224 tempora
3142 2166 3238 2203 eos
3289 2149 3503 2214 juvarc,
3538 2137 3848 2194 secundum
3881 2131 4034 2201 quod

2441 2261 2639 2328 juware
2678 2253 2909 2307 deberet
2969 2260 3133 2300 unam
3161 2242 3227 2295 de
3285 2235 3494 2307 magnis
3530 2227 3800 2287 itoutanie
3833 2225 4036 2280 civita-

2450 2315 2617 2411 iibus,
2644 2353 2910 2413 excepto,
2942 2339 2988 2393 si
3024 2351 3124 2406 pro
3161 2328 3482 2402 quindecim
3528 2323 3720 2394 galeis,
3752 2332 3896 2388 quas
3930 2315 4037 2366 im-

2420 2454 2424 2461 ε
2447 2441 2603 2509 perio
2629 2445 2822 2492 nostro
2847 2435 2980 2488 dare
3005 2429 3212 2484 debent
3239 2424 3383 2477 infra
3416 2432 3633 2489 tempus
3660 2414 3832 2484 pacis,
3871 2422 4040 2478 quant

2453 2549 2579 2586 cum
2618 2527 2988 2585 nobillissimo
3017 2536 3143 2590 rege
3169 2516 3362 2573 Sicilie
3390 2512 3644 2567 Vilielmo
3685 2506 3918 2564 habent,
3953 2502 4039 2554 eis

2449 2619 2854 2707 supervenerit.
2883 2617 3016 2671 Nam
3044 2609 3093 2668 si
3123 2625 3224 2680 pro
3247 2609 3358 2678 jam
3392 2602 3556 2657 dictis
3593 2597 3761 2668 galeis
3790 2592 4007 2648 inimici
4026 2623 4040 2630 -

2453 2685 2524 2772 tia
2557 2714 2642 2770 eis
2668 2711 2938 2773 evenerit,
2980 2707 3146 2761 debet
3178 2699 3393 2769 imperii
3421 2694 3598 2749 nostri
3632 2689 3913 2745 serenitas
3945 2677 4044 2737 etis

2449 2810 2644 2878 juvarc
2676 2800 2980 2858 secundum
3005 2809 3160 2851 suam
3187 2792 3550 2845 voluntatem.
3580 2783 3646 2838 Et
3668 2781 3713 2835 si
3739 2777 4042 2847 imperium

2455 2906 2705 2950 nostrum
2747 2889 2832 2945 vel
2880 2882 3232 2958 imperaturi.
3284 2877 3592 2934 secundum
3631 2869 3780 2942 quod
3810 2869 4044 2920 dictum

2455 2997 2570 3050 est,
2609 2982 2799 3039 iecerit
2828 2995 3018 3050 pacem
3052 2976 3138 3031 vel
3165 2987 3377 3027 treuam
3404 2985 3530 3024 cum
3557 2965 3743 3033 aliquo
3781 2960 4045 3013 ἰιιίιιιίυυο

2459 3096 2611 3141 rum,
2660 3083 2851 3131 contra
2888 3085 3052 3141 quem
3085 3063 3332 3124 Venetici
3405 3059 3637 3128 imperio
3689 3065 3884 3108 nostro
3929 3066 4050 3103 ser-

2383 3206 2424 3262 c
2461 3174 2657 3232 vient,.
2693 3167 2862 3220 debet
2908 3161 3200 3232 imperium
3239 3162 3496 3212 nostrum
3541 3146 4051 3218 eos_introdueere

2826 3257 2859 3262 ’³
3193 3253 3204 3262 ¹
3433 3260 3442 3262 ~
3483 3244 3545 3262 "-‘A
3589 3241 3630 3262 -2
3668 3239 3844 3262 -ιι-Ι--ιι
3882 3232 4049 3262 μιιιρέ-

2461 3267 2515 3319 in
2547 3257 2862 3330 hujusmodi
2898 3270 3088 3326 pacem
3124 3253 3206 3307 vel
3235 3244 3549 3303 treuam.Et
3587 3241 3632 3296 si
3665 3239 3846 3293 stolus
3881 3232 4049 3287 celsi-

2467 3354 2678 3412 tudinis
2703 3361 2909 3404 uostrre
2932 3363 3041 3401 una
3066 3360 3191 3399 cum
3219 3339 3610 3398 Veneticorum
3637 3331 3779 3386 stolo
3803 3327 4053 3394 aliquam

2469 3457 2745 3508 terrarum
2779 3440 2988 3496 inuuici
3022 3435 3241 3508 imperii
3280 3430 3455 3486 nostri
3489 3424 3724 3494 ceperit,
3756 3419 3968 3474 debent
3999 3419 4054 3468 iu

2472 3555 2534 3592 ea
2571 3538 2776 3590 habere
2806 3530 3053 3586 Venetici
3082 3525 3394 3584 ecclesiam,
3421 3518 3703 3574 entbolum
3730 3520 3787 3566 et
3814 3509 4051 3566 scalam,
4091 3535 4097 3539 -

2473 3640 2531 3684 et
2563 3629 2681 3683 fore
2718 3627 2927 3693 absque
2977 3622 3126 3673 omni
3178 3617 3424 3671 dationc.
3463 3610 3750 3664 Debitores
3781 3618 3921 3656 vero
3957 3600 4059 3650 Ve-

2475 3722 2785 3775 neticorum
2835 3713 3025 3768 itomei
3059 3710 3266 3764 debent
3318 3703 3632 3776 persolvere
3666 3710 3854 3756 omne,
3905 3689 4058 3760 quod

2474 3832 2540 3870 cx
2569 3813 2757 3868 debito
2789 3811 2995 3865 debent
3026 3802 3402 3861 creditoribus
3435 3791 3733 3850 Veneticis.
3769 3788 3827 3840 Si
3862 3795 4054 3838 autem

2476 3896 2693 3964 debitor
2747 3919 2855 3958 non
2917 3897 3196 3958 habuerit,
3254 3893 3398 3945 unde
3449 3887 3698 3942 debitum
3751 3878 4061 3950 persolvat.

2480 3999 2710 4054 habebit
2749 3993 3029 4066 justieiam
3066 3985 3370 4044 Veneticus
3424 3981 3493 4034 de
3541 3976 3786 4034 Romco;
3847 3972 3894 4022 si
3932 3983 4066 4020 vero

2482 4094 2597 4162 ipse
2628 4087 2891 4149 decessit,
2925 4084 2993 4137 de
3018 4079 3317 4135 heredibus
3348 4075 3488 4144 ejus.

2551 4192 3049 4259 Conservabuntur
3105 4193 3273 4261 igitur
3331 4189 3435 4240 hec
3484 4187 3638 4238 ﬁrma
3691 4179 3760 4232 ab
3825 4174 4070 4243 imperio

2485 4305 2675 4350 nostro
2703 4301 2760 4347 et
2787 4290 2855 4345 ab
2885 4285 3214 4345 heredibus,
3251 4289 3313 4335 ut
3341 4272 3550 4334 dictum
3586 4283 3690 4331 est,
3735 4279 3792 4324 et
3841 4281 4070 4323 succes~

2485 4388 2706 4443 soribus
2755 4381 2971 4453 imperii
3024 4376 3223 4441 nostri,
3270 4384 3558 4443 quousque
3597 4374 3652 4419 et
3703 4378 3732 4416 a
3782 4357 4069 4415 Veneticis

2491 4480 2722 4533 firntiter
2751 4483 2808 4529 et
2833 4469 2950 4528 Sine
2979 4470 3173 4525 fraude
3199 4474 3254 4520 et
3293 4462 3436 4518 malo
3470 4458 3693 4527 ingenio
3721 4463 4071 4505 conservan-

2403 4562 2451 4620 ι)
2481 4581 2568 4623 tur
2600 4567 2856 4638 superius
2887 4563 3182 4617 notilicata.
3209 4558 3388 4624 Super
3427 4553 3534 4604 hoc
3565 4547 3710 4601 enim
3747 4552 3806 4596 et
3835 4552 4073 4610 presens

2484 4660 2875 4732 chrysobulum
2925 4655 3159 4709 verbum
3209 4644 3430 4718 imperii
3466 4639 3638 4696 nostri
3670 4637 3753 4691 eis
3801 4633 4071 4686 collatqu

2480 4763 2585 4817 est,
2616 4751 2831 4805 firmum
2860 4757 2915 4802 ct
2947 4741 3268 4799 inviolabile
3298 4745 3625 4810 permanere
3661 4727 3902 4781 debetis.

2559 4867 2783 4920 Factum
2821 4875 3008 4916 mense
3066 4852 3372 4911 Februario
3425 4843 3703 4920 presentis
3736 4839 3939 4909 quinte
3993 4835 4076 4887 in—

2487 4958 2747 5014 dietionis
2829 4949 3204 5010 sexmillesimi
3268 4936 3655 5001 sexcentesimi
3725 4927 4076 4999 nonagesimi

2489 5054 2668 5121 quinti
2705 5051 2856 5114 anui,
2891 5049 2943 5101 in
2974 5062 3083 5116 quo
3111 5053 3167 5098 et
3193 5051 3446 5095 nostrum
3475 5033 3628 5104 pium
3657 5037 3712 5084 et
3748 5042 3777 5080 a
3811 5025 3918 5079 deo
3950 5037 4077 5091 pro-

2503 5153 2713 5199 tnotum
2747 5139 3090 5210 subsignavit
3119 5132 3439 5204 imperium.

2561 5256 2739 5313 Y-scu
2769 5274 2829 5312 us
2881 5257 2932 5308 in
2963 5254 3184 5308 Christo
3238 5249 3348 5302 Deo
3388 5243 3562 5297 fidelis
3589 5242 3896 5307 imperator
3950 5241 4012 5287 et

2769 5329 3082 5382 moderator
3116 5322 3492 5376 Romanorum
3530 5316 3793 5380 Augetus.
