4236 6442
193 427 291 484 ων)

1259 423 1406 482 NOV
1423 422 1632 481 El.l..'li
1668 418 2228 479 (itiNSTl'I‘UTION
2244 420 2349 479 Ες.

1779 532 1861 583 Ἠ.

3330 421 3440 485 4Ἶῦ

918 662 1115 698 ΡΜΣΙῚΙΙ
1140 662 1242 698 ct'u
1274 661 1497 697 vestris
1529 659 1593 696 tat-2
1628 657 1816 695 musis
1850 657 2223 701 nesancmxots
2254 646 2388 720 [36].
2422 648 2506 715 (Χ.
2550 649 2733 713 1189.)

246 766 588 817 (λιιιηηιιιιιπ
615 762 774 829 equis
796 772 878 812 i'sl
901 763 1011 829 jam
1035 761 1493 812 conventiouibus
1519 758 1760 823 scriptis.
1794 760 1833 815 Α
1870 763 2208 828 pensionaha
2233 773 2287 815 et
2321 764 2497 819 scalas
2547 765 2867 826 maritimas,
2894 764 3113 818 embolo
3138 767 3349 833 pridem
3380 769 3449 823 ab

185 878 273 927 per
305 867 655 911 szierauiema
691 856 1064 907 corroborari»;
1109 872 1136 906 ξι
1172 854 1535 907 nobillissimo
1570 869 1625 905 et
1666 852 1767 904 im-

184 951 322 1019 perii
364 950 539 1000 tmstri
582 949 810 1000 fldt'llis‘s
839 962 924 998 ιιιο
972 948 1113 999 duce
1153 947 1403 1006 Vt'ttelic,
1442 947 1612 999 Aurio
1654 962 1765 996 tuu-

182 1045 356 1112 gistru
414 1042 597 1099 l’etro,
636 1041 728 1106 qui
772 1039 1036 1106 dignitate
1081 1039 1443 1107 protosevasti
1502 1056 1529 1091 a
1578 1047 1763 1090 nostra

182 1133 525 1183 ΜξΙιΙιιιιίιηιιξ
573 1130 869 1183 dt'Cor.:ltIS
902 1138 1006 1191 est,
1041 1140 1097 1181 Cl
1144 1129 1213 1181 ab
1246 1131 1502 1182 universa
1540 1128 1767 1180 Venetia

194 1225 543 1289 plenitudine
590 1223 823 1289 imperio
878 1230 1068 1273 no~tio
1110 1232 1162 1273 et
1202 1222 1490 1283 liomanie,
1529 1220 1662 1272 fides
1715 1229 1770 1273 et

183 1332 250 1363 se.
273 1332 291 1361 κ
309 1316 469 1365 ilium
495 1314 881 1365 Veneticorum
908 1311 1187 1379 niehthue
1207 1312 1567 1365 dcesteorum
1597 1311 1772 1362 invio-

186 1405 516 1456 labilis-sime
569 1405 873 1457 securitati.
928 1404 1199 1469 Quon.am
1260 1420 1388 1458 vero
1432 1413 1766 1472 oportunum

184 1506 333 1557 erat,
370 1496 467 1548 Ven
493 1496 603 1548 etie
640 1497 898 1548 satislicrt
939 1499 991 1548 in
1043 1497 1149 1559 bis,
1191 1512 1298 1564 que
1324 1512 1355 1548 a
1394 1506 1581 1549 nostra
1615 1512 1765 1548 scre-

182 1599 356 1639 nuate
406 1586 461 1639 ei
516 1588 782 1655 promissa
849 1595 998 1648 sunt,
1051 1587 1309 1640 videlicet
1357 1592 1413 1641 in
1457 1586 1767 1640 redditione

184 1694 400 1737 rerum,
448 1694 556 1746 que
610 1679 887 1733 Veneticis
936 1680 1118 1733 ablate
1172 1679 1395 1731 fuerunt
1429 1688 1587 1740 tunc,
1641 1693 1765 1729 cum

182 1788 210 1820 a
244 1786 470 1837 semper
535 1771 892 1824 memorando
965 1772 1297 1839 imperatore
1346 1780 1403 1824 et
1448 1769 1767 1824 desideran-

185 1861 400 1910 Iissitlm
448 1860 799 1914 celsitudinis
825 1870 1015 1914 nostro
1049 1870 1266 1929 patruo,
1292 1859 1516 1911 domino
1546 1858 1765 1911 Manne-

181 1953 231 2004 le
292 1955 602 2016 ‘Lomnano,
661 1954 804 2021 capti
840 1952 1086 2016 fuerunt,
1141 1962 1198 2007 et
1245 1952 1587 2007 exhibitione
1638 1966 1769 2004 cen-

185 2042 527 2096 tenariorutn
565 2044 989 2111 quatuordecim
1017 2058 1421 2114 yperpeporum
1442 2084 1455 2103 ,
1496 2059 1601 2112 que
1626 2044 1766 2096 ultra

1876 852 1983 907 hiis
2007 855 2194 907 habito
2213 855 2548 923 adjaeeutes,
2579 871 2821 908 ammmn
2856 856 3143 910 introitum
3179 857 3448 912 librarum

1876 964 2279 1017 .vperperorum
2312 950 2739 1019 quinquaginta.

1951 1039 2017 1091 Et
2056 1049 2241 1093 nostra
2299 1041 2385 1108 pia
2448 1043 2824 1111 tranquillitas
2878 1042 3190 1108 huiusmodi
3255 1058 3449 1096 eorum

1878 1133 2206 1202 petieioncm
2244 1135 2395 1187 nullo
2452 1134 2616 1188 modo
2661 1134 2866 1189 renuit.
2906 1135 3252 1204 Quemquam
3296 1136 3450 1191 enim

1876 1242 2038 1290 grave
2080 1227 2393 1282 celsitudini
2429 1238 2616 1281 nostre
2646 1228 2887 1283 videtur.
2925 1228 3272 1281 latitudinem
3308 1228 3446 1283 infra

1878 1334 2126 1386 magnam
2179 1321 2370 1374 urbem
2404 1321 2659 1389 gentibus
2700 1321 3005 1382 exhibere,
3044 1333 3448 1386 verumtamen,

1877 1411 2004 1477 quia
2039 1427 2147 1463 non
2184 1422 2241 1465 ut
2286 1412 2643 1481 alienigenas,
2676 1413 2844 1465 immo
2891 1423 2951 1467 ut
2994 1414 3310 1481 aborigines
3338 1413 3450 1465 itu-

1878 1515 2073 1555 manos
2105 1516 2277 1569 genus
2321 1500 2710 1556 Venetirornm
2746 1515 2929 1556 nostra
2963 1505 3233 1558 serenitas
3278 1518 3447 1570 repu-

1880 1599 1975 1653 tat,
2013 1600 2335 1660 tantumque
2377 1608 2479 1660 pro
2523 1592 2788 1647 Romania
2826 1594 3040 1653 dolent,
3086 1604 3352 1662 quantum
3392 1602 3450 1645 et

1878 1680 1979 1750 ipsi
2011 1681 2266 1744 Romani,
2309 1690 2629 1753 tantamque
2658 1700 2786 1752 erga
2812 1701 2930 1739 eam
2956 1686 3158 1739 habent
3193 1686 3416 1737 ειμι-ηιξ.»

1878 1790 2028 1834 nem,
2051 1784 2315 1842 quantam
2347 1783 2404 1828 et
2438 1792 2563 1845 erga
2595 1786 2823 1839 terram,
2856 1793 2962 1847 que
2989 1792 3084 1831 eos
3107 1777 3313 1839 emisit,
3338 1793 3448 1831 non

1877 1868 1958 1918 eis
1992 1875 2225 1929 tantum,
2260 1877 2523 1935 quantum
2558 1867 2825 1922 Romanie
2865 1869 3187 1922 donandum
3215 1885 3337 1924 esse
3365 1870 3446 1922 vi-

1878 1956 2073 2020 detur,
2100 1968 2607 2029 quantumcumque
2650 1961 2730 2014 eis
2753 1961 3061 2030 largiatur?
3103 1960 3451 2029 Quapropter

1879 2060 1931 2105 et
1966 2059 2151 2104 nostra
2186 2051 2474 2105 clementia
2497 2052 2657 2121 jubet
2681 2069 2777 2121 per
2802 2068 3027 2120 presens
3052 2053 3448 2123 chrysobulum

180 2150 303 2185 eam
349 2133 482 2199 ipsis
526 2135 789 2201 promissa
819 2144 947 2187 sunt
992 2134 1064 2187 ob
1110 2149 1343 2188 causam
1374 2171 1390 2195 ι
1420 2150 1526 2202 (ille
1568 2134 1621 2187 Ῐιι
1654 2135 1761 2186 Cfi-
1809 2119 1847 2171 Β
1884 2143 2133 2202 verbum,
2169 2142 2372 2194 habere
2423 2141 2719 2196 Venetieos
2776 2146 3029 2196 universa
3083 2144 3210 2206 alia,
3256 2159 3364 2212 que
3421 2160 3452 2197 a

183 2225 385 2277 solmlo
420 2242 519 2292 pro
544 2226 778 2279 hiisdem
812 2226 962 2279 edito
986 2228 1361 2283 notiticantur.
1387 2228 1456 2279 ob
1480 2243 1618 2296 quos
1654 2227 1767 2295 (37)

185 2327 236 2365 ιι
322 2333 495 2369 unutn
561 2334 951 2387 yperperorum
1021 2321 1102 2372 eis
1184 2318 1592 2387 preimpeusum
1662 2327 1767 2371 est.

182 2409 409 2478 Quippe
461 2421 514 2463 et
565 2410 743 2463 nuntii
791 2410 856 2463 ad
915 2422 1158 2464 nostram
1212 2411 1562 2464 clementiam
1617 2409 1769 2462 missi

183 2513 320 2554 sunt
352 2519 366 2555 :
401 2504 579 2569 primo
629 2503 853 2570 quidem
887 2504 1083 2558 Petrus
1135 2503 1389 2566 Michael,
1437 2502 1773 2556 Octavianus

183 2596 458 2660 Quirinus
518 2604 575 2649 et
649 2594 928 2650 Iohannes
996 2596 1271 2660 Michael,
1343 2596 1770 2649 conventionem

185 2703 374 2751 suam,
402 2704 568 2756 quam
600 2688 835 2757 imperio
879 2702 1070 2743 nostro
1100 2698 1155 2742 et
1187 2688 1457 2742 llom'tnie
1499 2688 1772 2749 fecerun',

186 2780 510 2844 juramento
561 2780 982 2833 corroboratam
1045 2781 1304 2847 equidem
1355 2780 1679 2844 otl‘erentes,
1722 2788 1775 2832 et

187 2887 294 2937 que
326 2872 463 2939 ipsis
490 2878 759 2939 promissa
812 2883 943 2926 sent
977 2889 1073 2941 per
1114 2872 1531 2943 chrysohulum,
1573 2881 1630 2924 nt
1690 2870 1776 2923 di-

186 2971 342 3012 ctum
390 2971 499 3021 est,
567 2962 853 3029 exigentes
909 2977 922 3012 :
974 2960 1178 3015 deinde
1249 2973 1381 3012 vero
1431 2957 1615 3011 sonori
1666 2955 1776 3025 (us)

192 3050 527 3103 nobilissimi
585 3066 641 3104 et
696 3050 927 3119 imperio
992 3062 1184 3105 nostro
1242 3048 1547 3103 ﬁdelissimi
1619 3047 1780 3100 ducis

193 3142 423 3195 \‘enetie
458 3141 649 3195 Petrus
674 3142 979 3195 Cornarius
1024 3152 1079 3194 ct
1120 3142 1438 3196 Dominicus
1488 3139 1777 3199 idcnunus,

193 3243 526 3299 procurator
548 3235 780 3287 ecclesie
802 3235 975 3287 sancti
1002 3233 1188 3295 Marci,
1213 3235 1516 3302 iniunctum
1538 3230 1781 3299 profecto

194 3324 493 3376 habentem
532 3325 644 3390 (58)
689 3324 887 3393 agendi
939 3324 1100 3377 simul
1149 3339 1274 3377 eum
1312 3320 1779 3391 preeedentibus;

194 3426 579 3484 reppererunt
619 3418 842 3485 quidem
885 3418 1230 3471 clementiam
1263 3425 1503 3469 nostram
1534 3418 1779 3484 ipsorum

196 3506 488 3573 peetitioni
519 3518 890 3568 annuentem,
947 3506 1090 3559 etad
1136 3506 1772 3575 perfectioncmeormn,

194 3614 305 3664 que
341 3598 413 3651 ab
446 3599 575 3661 ipsis
609 3600 983 3667 postulantur,
1023 3610 1287 3664 paratam.
1320 3599 1523 3653 Verum
1550 3598 1775 3651 univer-

200 3684 339 3735 salis
370 3685 654 3737 annulatio
685 3695 742 3739 et
769 3686 1007 3753 perditio
1043 3702 1250 3753 rerum,
1285 3702 1393 3755 que
1437 3686 1617 3739 ablato
1644 3685 1779 3754 ipsis

190 3774 385 3839 fuere,
413 3777 680 3831 voluntati
709 3778 850 3832 bone
868 3780 1186 3833 serenitatis
1216 3790 1429 3842 nostre,
1456 3795 1623 3848 quam
1648 3794 1778 3848 erga

201 3867 355 3935 ipsos
379 3868 668 3921 clementia
700 3879 891 3924 nostra
919 3871 1177 3937 habebat,
1206 3871 1600 3940 impedimento
1622 3870 1781 3938 equi-

204 3959 332 4011 dem
368 3961 569 4014 stabat.
619 3960 833 4016 Idcirco
868 3975 1058 4018 nostra
1092 3967 1364 4019 serenitas
1396 3963 1520 4017 illos
1564 3963 1776 4017 imitata

201 4048 474 4111 viatores,
518 4051 610 4119 qui
655 4068 685 4105 a
735 4053 844 4114 via,
877 4052 1115 4106 ducente
1170 4053 1238 4106 ad
1282 4052 1335 4106 id
1379 4053 1529 4122 quod
1582 4054 1779 4107 volunt

200 4141 599 4205 diversorium,
647 4143 924 4196 modicum
971 4143 1337 4208 declinantes,
1384 4146 1607 4213 quando
1656 4146 1777 4213 qui-

203 4232 332 4283 dem
365 4232 447 4284 sic
470 4248 624 4297 casu,
653 4249 761 4302 que
796 4245 941 4288 recte
977 4235 1061 4288 vie
1086 4245 1235 4297 sunt,
1266 4250 1530 4303 prospere
1556 4235 1637 4289 eis
1669 4251 1777 4290 non

202 4324 393 4392 jacent
415 4365 430 4386 ,
469 4341 566 4391 per
598 4327 760 4381 aliam
797 4328 937 4380 viam
975 4328 1039 4380 ad
1075 4328 1217 4380 idem
1248 4328 1537 4395 pervenire
1565 4342 1780 4395 cogun-

206 4439 320 4490 tur,
345 4435 401 4481 et
427 4423 494 4477 ad
542 4419 778 4475 eundem
805 4420 965 4473 linem
988 4420 1660 4487 deveniunt,quamquam
1686 4436 1779 4488 per

204 4520 372 4574 aliam
403 4516 563 4567 viam:
585 4523 641 4566 et
657 4512 724 4565 ad
750 4510 913 4564 verba
932 4512 1159 4564 veniens
1182 4525 1309 4563 cum
1324 4512 1436 4579 jam
1457 4509 1622 4564 dictis
1643 4511 1785 4579 lega-

209 4610 280 4664 tis
319 4622 420 4676 pro
457 4620 641 4657 rerum
668 4618 862 4657 eorum
906 4602 1247 4666 inventione,
1277 4604 1405 4671 quia
1449 4603 1500 4655 in
1540 4602 1787 4669 possibili

202 4716 331 4754 eam
362 4698 629 4767 iacentem
662 4709 1013 4762 nequaquam
1044 4695 1443 4760 comperiebat.
1471 4696 1639 4747 alium
1666 4709 1780 4745 mo-

208 4792 345 4844 dum
377 4789 462 4842 eis
502 4788 732 4855 precipit
766 4785 1031 4853 reperire,
1082 4800 1177 4853 per
1204 4800 1367 4853 quem
1403 4786 1532 4838 talio
1569 4787 1649 4838 eis
1695 4786 1788 4838 fiat

212 4896 401 4934 rerum
429 4894 647 4941 eorum,
696 4892 804 4945 que
833 4892 937 4930 ceu
997 4877 1256 4946 superius
1320 4876 1661 4930 notifieatum
1706 4886 1793 4931 est

210 4988 278 5025 ex
314 4969 675 5039 promissione
703 4967 857 5021 reddi
887 4967 1108 5035 quidem
1138 4967 1435 5028 debebant,
1471 4982 1577 5020 non
1603 4975 1787 5020 autem

215 5060 663 5128 reperiebantur,
714 5068 773 5113 et
806 5059 879 5111 ob
916 5061 1020 5113 hoc
1050 5074 1205 5112 suam
1251 5059 1615 5113 redditionem
1646 5060 1791 5113 inter

214 5150 584 5220 impossibilia
624 5152 921 5219 ponebant.
961 5150 1069 5219 Ipsi
1106 5161 1290 5204 autem
1323 5152 1552 5204 multum
1585 5152 1793 5205 haben-

213 5255 302 5296 tes
332 5241 604 5302 studium,
638 5255 736 5294 sue
782 5252 927 5294 terre
967 5240 1274 5310 proﬁcuum
1325 5242 1676 5296 invenerunt.
1724 5244 1794 5296 Et

212 5334 610 5386 habundanter
677 5344 865 5387 nostre
937 5335 1252 5403 supplicant
1306 5335 1588 5388 serenitati
1626 5351 1793 5403 super

220 5428 350 5490 his,
398 5442 507 5493 que
543 5426 610 5479 ad
665 5429 1123 5481 restaurationem
1176 5428 1280 5481 sibi
1314 5430 1428 5481 ﬁeri
1470 5429 1685 5489 volunt,
1738 5434 1794 5480 et

216 5518 361 5587 parti
413 5518 635 5571 Venetie
682 5519 801 5572 dari
844 5531 1074 5587 poscunt
1126 5537 1222 5590 per
1260 5521 1540 5574 embolmu
1581 5529 1633 5572 et
1687 5533 1787 5589 per

294 5700 408 5770 (36)
439 5703 563 5756 Post
596 5703 765 5756 Mario
796 5720 874 5763 ιιι,
909 5722 958 5769 p.
987 5707 1109 5765 διιι,
1133 5721 1197 5757 ex
1232 5705 1373 5757 libro
1396 5705 1520 5758 albo
1549 5713 1605 5757 ct
1640 5703 1797 5755 libris

222 5783 514 5893 pqitorutn
548 5773 842 5828 ediderunt
874 5776 1027 5829 'l'atel
1058 5786 1109 5828 el
1145 5774 1384 5829 Thomas
1444 5776 1485 5835 l,
1548 5790 1599 5842 p.
1668 5775 1799 5825 220:3-

227 5870 255 5893 ά
338 5882 349 5893 ι

227 5870 349 5895 ﬁll.

1881 2233 2090 2287 nuntiis
2112 2248 2303 2285 eorum
2357 2234 2630 2302 postulata
2665 2243 2817 2296 sunt,
2880 2234 3140 2303 ipsosque
3201 2234 3455 2288 emlmlos

1873 2324 2285 2379 Allemanorum
2353 2333 2410 2378 et
2476 2324 2951 2393 Francigenarum
3013 2334 3069 2378 et
3146 2325 3455 2378 maritimas

1873 2433 2067 2472 eorum
2100 2418 2299 2479 scalas,
2335 2432 2443 2486 quc
2497 2419 2551 2471 in
2607 2418 2888 2487 presentia
2965 2419 3445 2486 grammaticorun

1877 2520 2066 2562 nosne
2130 2506 2470 2566 serenitatis,
2533 2506 2880 2560 Constantini
2916 2506 3200 2561 Pediadite
3246 2517 3302 2561 et
3338 2507 3454 2560 ela-

1878 2597 2075 2651 rissimi
2108 2596 2599 2665 protonohihssimi
2637 2598 2853 2651 Vicliite
2927 2597 3217 2658 Valianite,
3265 2598 3329 2651 ab
3358 2612 3453 2650 ae-

1878 2689 2211 2741 aquimntato
2235 2688 2600 2742 Constantino
2632 2687 2875 2741 Petriota
2902 2704 2999 2756 per
3038 2689 3340 2757 practicum
3374 2688 3457 2739 eis

1881 2781 2080 2833 tradita
2105 2788 2268 2842 sunt;
2317 2779 2460 2848 quod
2501 2780 2668 2833 debet
2704 2778 3054 2833 corroborari
3090 2778 3316 2847 quidem
3356 2792 3456 2846 per

1880 2868 2401 2937 superscriptionem
2456 2866 2763 2936 pansevasti
2812 2874 2868 2918 et
2899 2874 3087 2917 nostro
3127 2862 3455 2917 sublimitati

1883 2961 2167 3015 familiaris
2189 2957 2685 3020 archicancellarii,
2728 2956 2937 3010 domini
2981 2954 3252 3009 Johannis
3281 2953 3455 3017 duce;

1882 3053 2161 3121 cognitum
2194 3059 2378 3105 autem
2408 3049 2523 3103 ﬁeri
2552 3059 2608 3102 et
2638 3046 2897 3117 congruis
2930 3048 3159 3101 secretis
3185 3062 3308 3100 cmn
3343 3061 3462 3114 pre-

1882 3152 2036 3197 sente.
2066 3143 2397 3210 ehrvsnlmlo
2432 3140 2649 3209 imperii
2683 3141 2880 3194 nostri.
2913 3138 3157 3204 Quorum
3190 3138 3448 3205 equidem

1884 3238 2364 3290 omnimnannnus
2391 3234 2650 3287 introitus
2680 3233 3075 3301 quinquaginta
3121 3231 3276 3283 libris
3328 3246 3463 3281 cou-

1885 3337 1991 3383 s‘at
2021 3343 2503 3397 ypcrpeporornm.
2543 3325 2846 3379 Secundum
2872 3323 3015 3392 quod
3040 3338 3105 3376 ex
3140 3323 3463 3376 traditionis

1806 3437 1850 3497 ρ
1887 3420 2119 3471 istorum
2171 3419 2415 3487 practico
2448 3418 2758 3485 composito
2800 3423 2967 3484 patet.
3003 3414 3117 3477 Qua
3147 3412 3265 3465 rvis
3310 3414 3459 3463 t'uitu

1885 3523 1935 3563 et
2005 3528 2101 3578 per
2149 3510 2480 3579 chrysobula
2524 3508 2692 3562 verba
2752 3508 3030 3561 manifesti
3080 3505 3280 3558 emboli
3335 3519 3456 3557 cum

1886 3599 2177 3652 maritimis
2221 3599 2382 3652 scalis
2416 3597 2755 3651 Allesnannis
2780 3607 2836 3650 et
2879 3594 3236 3663 Francigenis
3271 3593 3457 3646 collati

1888 3691 2033 3754 sint;
2066 3699 2451 3750 veruntamen,
2486 3690 2613 3756 quia
2648 3702 2755 3740 non
2808 3686 2905 3738 toti
2938 3686 3086 3755 genti
3140 3684 3427 3737 Allemanu

1888 3797 2009 3833 rum
2030 3791 2084 3833 et
2103 3780 2586 3848 Francigenarum,
2611 3778 2705 3832 sed
2730 3778 2920 3846 paucis
2937 3775 3266 3845 quibusdam
3288 3783 3466 3827 extor-

1891 3872 2046 3924 ribus
2088 3882 2145 3924 et
2195 3872 2432 3924 maxime
2492 3868 2810 3937 incognitis,
2879 3882 2981 3922 nec
3037 3865 3460 3930 determinatam

1884 3961 2245 4030 quantitatem
2272 3962 2510 4029 aliquam
2552 3960 2775 4014 servitio
2804 3957 3069 4012 Rounanie
3113 3956 3424 4023 imponenti

1890 4055 2014 4112 bus,
2033 4053 2126 4107 sed
2149 4063 2406 4122 tanquam
2434 4061 2693 4121 quantam
2716 4048 3463 4119 casu'pervenitt39),hujus-

1893 4144 2038 4197 modi
2088 4144 2415 4198 beneﬁcium
2464 4143 2729 4198 Romanie
2771 4142 2978 4195 factum
3020 4140 3145 4201 fuit,
3199 4140 3461 4207 quoniam

1892 4236 2123 4288 multum
2156 4235 2380 4303 quidem
2416 4243 2502 4288 est
2530 4234 2744 4287 lucrum
2784 4235 2865 4287 sic
2904 4232 3153 4285 embolos
3181 4240 3240 4283 et
3289 4230 3467 4283 scalas

1892 4324 2248 4383 habentibus,
2284 4324 2559 4377 modicum
2591 4335 2777 4379 autem
2820 4333 2903 4379 est
2936 4321 3243 4392 proﬁcuum
3270 4337 3331 4372 ex
3384 4321 3469 4374 eis

1898 4414 2160 4470 Romanie
2206 4414 2579 4482 proveniens:
2624 4413 3025 4467 convenienter
3057 4411 3345 4463 servitium
3398 4427 3465 4463 ev

1894 4509 2248 4562 universitate
2298 4506 2478 4576 gentis
2527 4506 2793 4558 Romanie
2840 4505 3174 4575 proveniens
3217 4503 3448 4556 servitio

1891 4616 2187 4669 paucorum
2213 4607 2270 4652 et
2293 4616 2358 4652 ex
2391 4600 2738 4667 dispersione
2778 4605 3238 4667 congregatorum
3273 4605 3459 4647 nostra

1892 4693 2218 4747 excellentia
2250 4691 2498 4759 pretulit.
2531 4690 2598 4744 Et
2632 4690 2976 4744 vacationem
3022 4687 3248 4756 quidem
3280 4686 3460 4739 erisn-

1893 4786 2077 4838 bulum
2132 4799 2322 4837 eorum
2380 4782 2624 4851 irrogat;
2667 4782 2923 4835 embulos
2980 4795 3114 4833 vero
3170 4792 3362 4831 eorum
3412 4784 3468 4827 et

1890 4874 2067 4927 scalas
2092 4872 2368 4925 Veneticis
2400 4869 2634 4931 confert,
2656 4868 2972 4923 concedens
3001 4865 3285 4935 possidere
3317 4864 3467 4931 ipsos

1894 4975 2003 5018 tam
2054 4964 2240 5016 omnia
2274 4962 2402 5024 alia,
2445 4975 2609 5030 quam
2650 4967 2706 5012 ct
2758 4956 3140 5029 hujuscemodi
3195 4954 3465 5011 embolos,

1889 5054 2193 5107 secundmn
2227 5053 2374 5120 quod
2415 5064 2463 5106 et
2500 5067 2628 5103 cum
2657 5064 2823 5118 quem
2854 5064 3000 5101 nunc
3032 5047 3239 5101 habent
3268 5044 3462 5095 embo-

1890 5146 2026 5209 lmn,
2055 5160 2345 5214 quietisque
2395 5158 2522 5208 erga
2551 5141 2841 5209 imperium
2869 5149 3115 5193 nostrum
3163 5144 3220 5189 et
3265 5135 3467 5187 Romi-

1893 5237 2038 5289 niam
2092 5253 2245 5288 suam
2300 5237 2730 5287 conventionem
2776 5232 3092 5285 inviolatam
3143 5227 3465 5281 custodiurt

1893 5343 2041 5381 nunc
2078 5337 2320 5380 existens
2366 5325 2743 5378 nobilissimus
2799 5324 2906 5375 dux
2953 5322 3178 5375 Venetie
3227 5327 3281 5371 et
3330 5326 3455 5384 post

1893 5435 2019 5473 etnn
2054 5418 2220 5471 futuri
2253 5418 2423 5471 duces
2455 5416 2679 5471 Vcnetie
2727 5426 2784 5470 et
2832 5415 3084 5468 universa
3131 5428 3252 5478 eius
3290 5408 3463 5471 pleni-

1898 5517 2065 5575 tudo,
2108 5531 2206 5568 nce
2244 5530 2350 5566 non
2399 5524 2456 5567 et
2490 5513 2670 5565 omnia
2695 5554 2709 5575 ,
2762 5526 2867 5578 que
2904 5526 3000 5579 per
3045 5512 3464 5563 conventionem

1981 5701 2087 5751 (37‘
2131 5698 2166 5749 l"
2193 5698 2382 5748 lttorcs
2409 5696 2548 5759 eouj.
2584 5696 2644 5745 ob
2676 5695 2830 5760 quod.

1981 5771 2090 5825 HS)
2125 5767 2287 5817 Iidem
2330 5769 2448 5833 mth
2512 5766 2775 5815 habentes.
2814 5764 2997 5813 Recte.

1980 5841 2086 5906 r3";
2122 5837 2217 5888 lib
2276 5828 2502 5903 [ἀεὶ-(ξι
2534 5834 2698 5887 Mam:
2726 5834 2976 5897 mue-nit,
3026 5846 3131 5883 non
3162 5828 3317 5882 male.
