4236 6442
750 416 849 476 4ῗί

1955 391 2211 454 lSAACl
2261 385 2548 446 ANGELI
2599 381 2758 441 [ΜΡ.

3887 366 4004 430 472

751 529 820 580 ab
847 525 954 580 hiis
985 520 1250 594 promissa
1283 525 1412 571 sunt
1435 522 1492 570 et
1522 507 1882 584 jurejurando
1930 504 2310 561 corroborata,
2347 503 2387 558 Α
2420 530 2424 569 1

2347 503 2387 558 Α
2420 515 2653 570 tlrmiter
2689 522 2747 568 ct
2771 527 2879 582 que
2903 526 2932 565 a
2962 511 3158 581 legatis
3190 519 3404 567 eorum,
3435 503 3646 558 sororio
3669 501 3883 557 scilicet
3909 517 4007 554 no-

749 593 1112 675 conscrvaut;
1146 617 1202 663 et
1244 619 1465 661 omnem
1496 603 1786 657 introitum
1820 611 2012 652 eorum
2044 593 2317 660 accipere.

754 719 1101 777 nequaquam
1134 718 1164 756 a
1199 701 1331 756 ﬁsco
1352 697 1436 753 vel
1475 695 1545 750 ab
1576 694 1759 763 aliqua
1793 701 2178 760 personarum,
2203 681 2325 752 qui-

753 775 861 848 bus
885 793 987 846 hec
1017 789 1329 844 attinentet
1359 785 1562 855 quibus
1597 783 1700 836 hec
1729 781 1907 835 ablata
1935 777 2067 846 ipsis
2099 775 2323 834 dantur.

755 884 1164 941 infestationem
1196 881 1438 949 aliquam
1470 874 1780 930 manifestis
1825 869 2105 927 Veneticis
2137 867 2326 921 subire

754 977 1111 1040 debentibus,
1142 986 1473 1043 quamquam
1502 967 1829 1022 monasteria
1849 963 1962 1016 sint
1995 961 2111 1014 sive
2137 966 2327 1012 sancte

755 1073 955 1126 domus
1005 1079 1099 1124 aut
1161 1064 1394 1134 imperio
1447 1070 1638 1116 nostro
1688 1055 1994 1128 propinque
2045 1052 2130 1106 vel
2181 1051 2327 1116 alie;

754 1165 1017 1233 quoniam
1048 1157 1341 1213 clementia
1385 1163 1578 1208 nostra
1611 1151 1878 1204 introitus
1907 1147 1977 1202 de
2005 1146 2091 1201 his
2125 1158 2329 1213 prove.-

757 1254 978 1306 nientes
1029 1249 1290 1304 talionem
1341 1244 1452 1312 (40)
1485 1244 1568 1297 cis
1602 1241 1816 1295 factura
1869 1247 1976 1300 est,
2030 1233 2335 1306 posscssio-

757 1357 996 1411 nemque
1029 1339 1410 1394 inscditiosam
1455 1333 1737 1388 Veneticis
1767 1330 1922 1386 facit.

829 1434 1001 1487 Porro
1036 1430 1308 1486 serenitas
1343 1437 1534 1482 nostra
1569 1425 1986 1496 benignitatem,
2038 1437 2201 1492 quam
2254 1422 2336 1474 eis

759 1526 1032 1587 exhibuit,
1062 1537 1412 1594 nequaquam
1452 1522 1736 1589 hucusque
1770 1517 1986 1581 statuit,
2054 1516 2222 1569 immo
2280 1523 2337 1568 et

760 1619 928 1674 alium
953 1618 1330 1673 centenarium
1378 1632 1546 1670 unum
1583 1627 1980 1684 yperperorum
2031 1610 2113 1663 eis
2169 1607 2336 1676 largi.

762 1720 856 1764 tur
884 1710 1031 1764 ultra
1053 1719 1179 1764 ante
1213 1708 1399 1762 datum
1441 1707 1522 1760 eis
1552 1705 1933 1759 centenarium
1964 1715 2132 1756 unum
2179 1713 2336 1770 ypero

764 1816 1024 1872 perorum
1051 1810 1108 1854 et
1127 1799 1348 1853 residua
1382 1795 1800 1867 quatuordecim
1827 1791 2141 1848 ccntenaria
2178 1805 2312 1860 yper

768 1907 1025 1960 perorum
1053 1909 1068 1955 ;
1098 1889 1166 1944 de
1190 1890 1394 1960 quibus
1422 1887 1532 1942 duo
1561 1887 1779 1954 quidem
1816 1898 1942 1938 cum
1969 1879 2202 1935 dimidio
2245 1895 2338 1933 ex-

767 1983 972 2050 templo
998 1983 1109 2051 jam
1138 1981 1219 2034 eis
1248 1978 1366 2032 dari
1402 1978 1648 2046 precepit
1680 1974 1906 2046 (quippe
1923 1981 1980 2026 et
2012 1972 2135 2025 data
2164 1968 2336 2039 sunt),

767 2073 978 2144 reliqua
1004 2088 1134 2127 vero
1173 2069 1467 2126 duodecim
1499 2084 1623 2123 cum
1669 2065 1902 2120 dimidio
1938 2065 2022 2118 eis
2080 2063 2198 2116 dari
2243 2078 2340 2131 per

768 2181 944 2220 annos
973 2181 1089 2224 sex.
1112 2163 1347 2217 debentc
1374 2162 1459 2215 eis
1492 2177 1590 2229 per
1608 2171 2061 2226 unumquemque
2131 2169 2336 2208 annum

768 2257 888 2312 dari
928 2256 1240 2326 quantitate
1269 2250 1697 2324 proporcionali.
1743 2249 1810 2303 Et
1864 2247 2137 2316 accipient
2181 2245 2342 2316 cqui-

769 2349 894 2402 dem
930 2348 1032 2401 hec
1052 2345 1267 2400 Xllsic.
1303 2344 1481 2398 Erunt
1508 2353 1690 2396 autem
1717 2349 1772 2393 et
1801 2339 1997 2393 tradita
2053 2337 2186 2406 ipsis
2227 2351 2345 2390 om-

773 2442 862 2494 nia
894 2439 1260 2510 possidentes,
1293 2445 1354 2490 ut
1385 2434 1596 2487 dictum
1631 2439 1737 2494 est,
1767 2442 2057 2500 quousque
2092 2443 2177 2491 ea,
2239 2441 2347 2495 que

773 2549 873 2603 ιιι-ι·
902 2529 1323 2586 conventionem
1379 2523 1902 2596 prcspoponderunt
1932 2529 1990 2576 et
2034 2521 2347 2591 iuramento

775 2621 1266 2681 conﬁrmaverunt,
1305 2630 1455 2670 nunc
1490 2613 1736 2668 existens
1783 2610 2183 2665 nobillissimus
2235 2607 2346 2660 dux

778 2713 1004 2768 Venetie
1027 2720 1082 2766 et
1113 2718 1234 2779 post
1266 2723 1392 2762 eum
1423 2703 1594 2760 futuri
1623 2704 1794 2758 duces
1840 2699 2065 2756 Venetie
2122 2709 2180 2753 et
2221 2697 2347 2750 uni-

777 2819 934 2860 versa
966 2803 1087 2874 ejus
1117 2799 1403 2873 plenitudo
1442 2797 1789 2860 custodiunt,
1850 2801 2074 2848 servant
2127 2807 2348 2861 quoque

2425 605 2678 662 bilissimi
2713 603 2872 658 ducis
2913 601 3159 663 Vcnetie,
3189 599 3354 655 Petro
3374 595 3665 657 Cornario,
3691 594 3854 647 Petro
3903 591 4012 646 Mi~

2426 696 2641 758 chaele,
2687 694 2991 750 Octaviano
3041 692 3294 759 Quirino,
3358 688 3608 744 Iohanne
3665 684 3930 740 Michaele
3953 693 4016 737 et

2429 787 2715 842 Dominico
2783 786 3043 847 Memmo,
3112 789 3473 852 procuratore
3535 776 3769 831 ecclesie
3828 774 4010 830 sancti

2429 878 2615 940 Marci,
2644 892 2744 947 per
2796 875 3220 930 conventionem
3262 887 3411 926 nunc
3465 868 3734 940 promissa
3774 876 3908 922 sunt
3956 873 4014 919 et

2425 968 2784 1042 jurejurando
2823 967 3200 1023 corroborata.

2499 1061 2766 1118 Concedit
2811 1060 3069 1129 equidem
3128 1067 3314 1112 nostra
3361 1054 3672 1110 sublimitas
3728 1047 4018 1105 Veneticis

2433 1155 2704 1208 actionem
2743 1167 2967 1206 movere
2997 1159 3188 1205 contra
3217 1149 3476 1203 homines
3526 1143 3744 1215 imperii
3809 1140 4016 1202 nostri,

2432 1247 2548 1316 qui,
2581 1262 2682 1302 ceu
2715 1246 2814 1316 ipsi
2843 1253 3258 1316 suggesserunt.
3286 1257 3378 1295 res
3418 1239 3731 1295 astulerunt
3765 1237 4019 1305 ipsorum

2431 1339 2680 1410 jussione
2719 1353 2939 1407 semper
2985 1334 3325 1391 memorandi
3369 1331 3718 1402 imperatoris
3772 1338 3829 1382 ct
3871 1326 4023 1381 desi-

2436 1430 2770 1484 deratissimi
2803 1427 2982 1499 patrui
3019 1425 3366 1482 celsitudinis
3389 1432 3598 1484 nostre,
3663 1419 3876 1474 domini
3907 1418 4024 1471 Ma-

2437 1521 2640 1583 nuelis,
2668 1529 2822 1583 tunc,
2851 1536 2977 1574 cum
3008 1517 3154 1588 capti
3185 1518 3433 1579 fuerunt,
3468 1514 3873 1589 subtraxerunt
3931 1525 4026 1560 au-

2441 1625 2549 1668 tem
2581 1621 2638 1667 et
2668 1627 2780 1665 non
2805 1611 3148 1672 obtulerunt,
3174 1607 3482 1663 secundum
3529 1604 3676 1674 quod
3709 1603 3765 1656 in
3819 1599 4024 1672 predi-

2442 1705 2610 1759 misso
2639 1703 2975 1774 chrysobulo
3009 1700 3358 1758 celsitudinis
3385 1696 3678 1753 nostro-de
3725 1695 3835 1748 hoc
3893 1708 4029 1747 con-

2443 1797 2696 1851 stitutum
2733 1806 2836 1859 cSl,
2877 1795 3061 1848 omnia
3083 1793 3187 1847 alia
3231 1793 3450 1847 actione
3477 1788 3673 1852 debiti,
3705 1801 3815 1855 que
3845 1784 4030 1838 Vene-

2443 1887 2566 1941 ticis
2593 1896 2785 1940 contra
2828 1887 3166 1941 Romeorum
3194 1884 3536 1954 quempiam,
3566 1880 3652 1935 vel
3697 1888 3898 1935 contra
3948 1877 4030 1946 ip-

2438 1995 2558 2035 sum
2593 1979 2784 2033 ﬁscum
2811 2019 2826 2044 ,
2857 1979 2941 2032 vel
2973 1977 3200 2033 Romeis
3234 1985 3291 2033 et
3341 1975 3475 2029 ﬁsco
3506 1982 3695 2028 contra
3728 1969 4030 2026 Veneticos

2447 2081 2577 2126 ante
2606 2072 2921 2140 captionem
2951 2071 3198 2139 ipsorum
3265 2065 3609 2128 convenerit,
3667 2061 3880 2117 irritari
3934 2060 4030 2113 dc-

2438 2160 2600 2214 bente
2627 2160 2698 2214 ab
2737 2160 2989 2228 utrisque
3040 2158 3331 2228 partibus;
3393 2163 3648 2225 presente
3687 2150 4033 2223 chrysobulo

2437 2251 2606 2306 verbo
2639 2249 2854 2318 imperii
2881 2250 3053 2303 nostri
3108 2246 3270 2301 ﬁrmo
3318 2255 3370 2299 et
3428 2241 3734 2298 inviolabili
3806 2253 4033 2308 perma-

2447 2356 2582 2398 nere
2615 2341 2878 2405 debente,
2904 2341 3051 2394 facto
3079 2353 3270 2392 mense
3302 2337 3468 2393 Junio
3497 2331 3770 2404 presenti:
3805 2328 4030 2398 septimi

2443 2434 2597 2498 anni,
2630 2434 2684 2486 in
2727 2447 2838 2501 quo
2864 2439 2922 2486 et
2955 2439 3205 2484 nostrum
3237 2428 3390 2498 pium
3417 2433 3472 2480 et
3501 2439 3531 2477 a
3559 2423 3667 2477 deo
3708 2427 4031 2490 promotum

2445 2523 2791 2592 subsignavit
2820 2521 3136 2590 imperium.

2732 2634 2967 2688 lsasxtus
2995 2633 3046 2685 in
3077 2630 3303 2685 Christo
3343 2628 3456 2681 Deo
3503 2626 3678 2680 ﬁdelis
3729 2624 4042 2693 imperator

2879 2712 2936 2757 et
2958 2701 3274 2757 moderator
3296 2699 3670 2753 Romanorum
3693 2694 3966 2764 Angelus.

2346 2946 2458 2999 VII.

1824 3130 1889 3170 ne
1923 3129 2217 3169 uernorou
2243 3125 2441 3165 ancsos
2487 3105 2626 3178 [4|].
2669 3105 2754 3174 (Α.
2797 3103 2982 3172 1098.)

2244 3269 2361 3323 Non
2393 3273 2584 3321 exstat.

2337 3425 2477 3482 Vlll.

1709 3588 1877 3627 suam
1912 3586 2070 3624 suam
2094 3582 2293 3622 PISANIS
2325 3579 2581 3620 concessa
2625 3559 2763 3634 [42].
2797 3561 2885 3631 (Α.
2915 3559 3104 3627 1192.)

859 3725 1174 3790 lnterrupta
1203 3713 1536 3788 jampridem
1569 3709 1696 3774 fuit,
1735 3723 1802 3761 ex
1841 3720 1952 3774 quo
1984 3714 2251 3774 tyrannus
2274 3698 2363 3752 ille
2390 3701 2434 3758 C
2469 3712 2634 3750 mune
2665 3696 2784 3764 ejus
2817 3693 3243 3763 supplicatorias
3282 3692 3346 3745 ad
3395 3699 3638 3744 nostram
3691 3689 4053 3744 clementiam

791 3810 1143 3871 Andronicus
1174 3809 1549 3862 Romanorum
1575 3797 1777 3853 invasit
1801 3795 2092 3864 imperium
2123 3800 2180 3846 et
2215 3805 2367 3843 nunc

793 3921 993 3977 usque,
1030 3902 1164 3957 ﬁdes
1193 3908 1249 3955 et
1279 3895 1501 3951 devotio
1541 3887 1782 3946 civitatis
1826 3896 1883 3940 et
1940 3893 2086 3938 terre
2135 3881 2364 3943 Pisane,

791 3969 958 4068 quam
978 3969 1109 4063 erga
1133 3996 1386 4044 nostrum
1415 3981 1672 4038 fovebant
1685 3979 2020 4033 Romeorum
2043 3969 2366 4040 imperium.

798 4065 866 4145 ἐι
887 4087 993 4144 nisi
1020 4080 1290 4138 modestia
1320 4087 1376 4132 et
1407 4073 1661 4129 hilaritas
1684 4065 2035 4125 celsitudinis
2072 4071 2285 4123 nostre,
2314 4067 2368 4113 et

797 4182 856 4234 in
892 4173 1268 4233 effusionibus
1297 4165 1717 4238 appianicorum
1753 4157 2082 4226 sanguinum
2141 4151 2372 4206 tarditas

799 4281 858 4325 ct
913 4260 1272 4335 imprompti‘o
1457 4295 1469 4308 .
1509 4291 1522 4304 .
1559 4247 1670 4320 (45)
1715 4262 1744 4301 a
1798 4246 1912 4300 Deo
1956 4250 2140 4297 erecte
2193 4247 2251 4291 et
2301 4234 2371 4289 ad

802 4329 1181 4414 Romanorum
1204 4345 1422 4415 imperii
1457 4343 1859 4394 ﬁrmamentum
1884 4332 2106 4403 quidem
2137 4329 2374 4383 cxaltate

802 4450 1202 4521 impedimento
1224 4440 1302 4495 rei
1325 4440 1582 4497 fuissent,
1630 4430 1668 4484 ii
1695 4429 1788 4497 qui
1816 4425 1934 4480 heri
1961 4421 2225 4478 ltomauie
2279 4419 2376 4472 de-

801 4515 918 4598 voti
954 4545 1132 4601 erant,
1163 4531 1318 4604 quasi
1355 4536 1411 4583 et
1437 4523 1642 4580 inimici
1669 4519 1850 4574 effecti
1888 4515 2147 4575 fuissent,
2173 4519 2230 4564 et
2276 4522 2376 4577 pro

807 4633 1002 4692 amicis
1028 4639 1082 4684 et
1117 4601 1336 4682 utilium
1363 4615 1692 4674 allatoribus
1717 4620 1774 4664 et
1799 4625 1896 4679 per
1927 4615 2177 4672 tempora
2241 4601 2377 4654 ﬁde-

805 4725 1036 4785 lissimis
1064 4731 1285 4790 quoque
1315 4708 1625 4768 fautoribus
1653 4705 1708 4759 in
1731 4703 1919 4756 hostes
1938 4707 1993 4751 et
2015 4693 2379 4763 depopulato-

808 4834 898 4874 res
921 4814 1066 4871 versi
1097 4809 1356 4880 equidem
1386 4807 1592 4858 essent.
1621 4793 1776 4862 Quod
1801 4801 1856 4845 et
1882 4805 1948 4843 ex
1981 4795 2136 4856 parte
2182 4798 2380 4853 perpe-

811 4923 1014 4971 tratutn
1047 4918 1149 4972 est,
1178 4913 1235 4960 et
1262 4902 1458 4956 damna
1489 4911 1518 4949 a
1544 4891 1871 4960 quibusdam
1901 4881 2144 4944 Romeis,
2168 4889 2225 4933 et
2253 4880 2381 4931 item

812 5004 1030 5063 Pisanis
1059 5017 1128 5054 ex
1156 5006 1311 5068 parte
1339 4993 1674 5047 Romeorum
1729 4981 1872 5034 facta
1913 4985 2064 5035 sunt,
2118 4972 2382 5026 multum-

813 5113 920 5168 que
955 5105 1194 5160 tempus,
1228 5101 1334 5156 que
1363 5081 1569 5136 dudum
1602 5083 1731 5129 ante
1763 5070 1915 5124 unita
1947 5076 2129 5131 erant,
2183 5078 2382 5132 seque-

819 5196 991 5242 strata
1033 5179 1230 5236 habuit
1259 5184 1314 5229 et
1340 5170 1534 5227 divisa.

889 5273 1256 5347 Quamobrem
1282 5260 1520 5320 civitatis
1543 5256 1868 5311 Pisanorum
1911 5250 2172 5316 petestas,
2225 5242 2389 5296 Tedi-

821 5337 964 5425 cius.
989 5363 1207 5420 comitis
1229 5353 1448 5428 Ugolini
1487 5351 1651 5411 ﬁlius,
1685 5360 1747 5398 ac
1797 5337 2098 5396 consiliarii
2132 5343 2188 5390 et
2239 5348 2391 5388 com-

899 5527 1009 5589 (ιο)
1044 5521 1212 5576 Marin
1253 5537 1264 5571 :
1300 5516 1582 5589 telonenm.
1627 5579 1660 5589 .-
1725 5575 1759 5589 .1
1805 5583 1953 5589 γ’ν-Δ-
2015 5567 2064 5589 2“
2099 5567 2138 5589 μ

899 5563 1011 5668 ί
1723 5575 1973 5628 thronor.
2014 5567 2067 5620 in
2099 5563 2237 5620 Coll.
2268 5578 2392 5616 can.

833 5648 924 5728 εςιῖ
963 5648 1141 5720 ιίιιηιιῑ
1172 5669 1226 5713 (ξι
1257 5656 1396 5728 Ρριὶἱ
1425 5653 1466 5728 δ’
1584 5648 1725 5728 ῧ8,¹;,
1913 5713 1970 5728 ,ν
2017 5709 2138 5728 ,μηε
2183 5705 2364 5728 n,_____.

1259 5705 1545 5805 Fiat—trimo.
1573 5719 1660 5805 dal
1690 5717 1864 5786 Borgo
1908 5705 2387 5805 υἱρξορξίηςξδαιζξξ.

1274 5776 1497 5868 pit“,
1534 5789 1770 5858 indeque
1799 5776 2235 5839 vrcnrtescntavit
2289 5776 2396 5827 Bu-

2419 5032 2461 5087 1)

2468 3801 2668 3840 manus
2690 3783 2978 3837 intendere
2996 3783 3390 3842 voluerunt,et
3422 3779 3894 3849 prudentissimos
3925 3796 4054 3835 con-

2469 3879 2619 3932 cives
2646 3892 2797 3938 suos,
2825 3874 3146 3929 Raincrium
3173 3872 3402 3926 Gaetani
3429 3880 3486 3925 et
3509 3870 3785 3940 Sigerium
3804 3872 4055 3941 judica-m

2469 3968 2703 4023 nuncios
2728 3966 2796 4020 ad
2829 3973 3068 4018 nostram
3103 3964 3421 4032 legaverunt
3449 3963 3826 4025 serenitatem,
3857 3964 4058 4033 damp-

2471 4075 2668 4113 norum
2699 4057 2908 4112 Pisanis
2941 4070 3246 4122 eorumque
3271 4054 3550 4109 communi
3579 4069 3643 4107 ex
3671 4064 3826 4123 parte
3855 4055 4059 4108 Roma-

2473 4153 2564 4205 nie
2597 4150 3002 4219 prc-illatorum
3039 4148 3500 4200 restaurationem
3533 4157 3806 4214 petentes,
3863 4159 3922 4201 et
3959 4148 4058 4202 be-

2473 4240 2798 4309 nignitatem
2833 4235 3252 4304 tranquillitatis
3284 4237 3502 4305 imperii
3548 4237 3723 4292 nostri
3762 4239 4059 4307 pristinam

2475 4346 2638 4398 quam
2659 4345 2785 4398 erga
2817 4327 3094 4382 civitatem
3134 4337 3191 4381 et
3218 4337 3418 4381 terram
3458 4329 3705 4396 ipsorum
3733 4340 3927 4383 nostra
3961 4330 4063 4383 ha-

2479 4422 2643 4475 bebat
2674 4420 2986 4482 clementia,
3019 4420 3344 4488 suppliciter
3371 4419 3748 4488 postulantes;
3789 4431 3849 4474 et
3912 4435 4066 4474 sere-

2479 4514 2620 4566 nitas
2647 4519 2830 4564 nostra
2854 4510 3088 4578 benigne
3111 4524 3209 4563 eos
3247 4509 3520 4577 recipiens
3559 4519 3615 4562 et
3645 4524 3751 4576 que
3777 4509 3848 4562 ab
3879 4509 3950 4563 iis
3977 4511 4067 4563 di-

2479 4607 2742 4660 cebantur
2771 4605 3108 4667 auscultans,
3133 4604 3212 4658 eis
3229 4618 3337 4672 que
3363 4617 3518 4655 versa
3544 4601 3660 4656 vice
3678 4600 3918 4668 dampna
3943 4615 4069 4669 par-

2483 4700 2630 4753 tibus
2653 4699 2916 4753 Romanie
2945 4697 3274 4766 quibusdam
3306 4711 3333 4747 ε
3365 4703 3517 4763 parte
3546 4693 3876 4746 Pisanorum
3916 4691 4066 4743 illata

2485 4794 2538 4844 in
2571 4789 2895 4845 memoriam
2940 4803 3227 4850 revocans,
3282 4801 3458 4855 eaque
3499 4785 3568 4838 ab
3601 4783 3734 4851 ipsis
3795 4781 4069 4835 Romanie

2485 4883 2783 4937 restaurari
2815 4882 3054 4935 vicissim
3096 4880 3347 4949 exigens,
3375 4878 3440 4931 ad
3467 4876 3720 4930 ultimum
3755 4889 3820 4928 ex
3883 4872 4072 4943 predi—

2487 4985 2701 5028 ctorum
2742 4974 3044 5042 legatorum
3104 4971 3360 5038 precibus
3420 4967 3781 5022 abolicioncm
3843 4965 4070 5034 quidem

2491 5080 2706 5128 eorum,
2733 5079 2839 5133 que
2867 5079 2934 5117 ex
2993 5077 3104 5131 quo
3131 5072 3394 5130 tyrannus
3427 5057 3748 5127 supervenit
3780 5070 3956 5124 usque
4018 5054 4073 5106 in

2495 5171 2721 5219 presens
2747 5164 2865 5208 acta
2897 5164 3026 5206 sunt
3047 5152 3129 5205 eis
3156 5150 3463 5214 concessit;
3497 5150 3852 5202 immemores
3885 5152 4071 5197 autem

2496 5257 2552 5301 et
2585 5263 2682 5302 eos
2712 5248 2829 5302 fore
2849 5247 3094 5299 omnium
3148 5245 3526 5312 negociorum,
3577 5254 3688 5309 que
3719 5238 3998 5291 hactenus
4019 5241 4077 5289 et

2501 5353 2673 5407 usque
2706 5353 2853 5392 nunc
2883 5353 2948 5391 ex
2980 5334 3255 5405 aliquibus
3279 5334 3482 5394 causis,
3536 5333 3679 5402 iuste
3702 5329 3787 5384 vel
3845 5329 4075 5397 injuste,

2497 5497 2638 5550 chon
2667 5497 2942 5550 Nouvcues
2970 5493 3283 5547 Becherches
3315 5493 3436 5546 hist.
3469 5506 3560 5543 sur
3596 5487 3646 5540 la
3689 5487 3860 5554 princ.
3894 5485 4075 5552 (rane.

2492 5567 2556 5618 de
2579 5567 2747 5620 Morée
2784 5567 2891 5618 vol.
2917 5565 2981 5629 ll,
3012 5580 3065 5631 p.
3093 5564 3178 5617 12.

2567 5639 2678 5706 (45)
2711 5637 2889 5690 Verba
2914 5621 3239 5688 celsitudinis
3268 5641 3443 5686 nostra
3503 5631 3610 5684 huc
3662 5621 4077 5694 transponen-JJ

2493 5723 2614 5762 esse
2657 5707 2933 5761 videntur.
