4236 6442
210 390 318 453 6ῖ3

1284 396 1649 461 NOVELLzE
1688 401 2375 470 CONS’I‘ITUTIONES.

3372 409 3481 473 ιη

212 504 569 572 producenda
595 504 897 571 habebant,
929 506 1115 577 exigit.
1150 507 1216 561 Et
1243 510 1468 578 quidem
1496 520 1553 567 et
1582 513 1655 566 hii
1686 514 1797 568 cle-
1827 520 1871 576 Α
1903 516 1994 571 illo
2048 518 2302 573 Chunmo
2344 530 2399 574 et
2452 520 2573 575 aliis
2617 519 2894 577 defunctis
2947 530 3004 578 et
3043 523 3437 593 superstitibus
3459 565 3476 590 ,

212 598 420 651 mentio
452 606 643 651 nostra
700 597 1043 651 concessioni
1094 612 1400 669 repugnare
1435 602 1587 657 nullo
1631 606 1794 661 modo

211 692 618 752 decreverunt;
648 704 774 743 cum
831 690 1002 743 multa
1059 705 1190 744 vero
1233 694 1535 760 gratiarum
1577 696 1794 750 actione

210 797 331 834 eam
373 781 766 847 suscipientes,
799 791 1146 834 sacramento
1193 784 1585 838 certitudincm
1619 786 1795 856 impe-

209 872 293 925 rio
354 885 547 926 nostro
572 872 818 925 fecerunt
874 882 980 925 tam
1004 872 1072 925 de
1122 873 1419 937 oblivione,
1457 893 1620 945 quam
1655 878 1795 932 civi-

209 975 291 1016 tas
325 974 383 1018 et
433 975 579 1017 terra
611 963 806 1017 Pisana
830 963 882 1016 iu
925 974 1248 1032 perpetuum
1285 966 1563 1021 habebunt
1598 984 1792 1022 eorum

205 1056 469 1108 vilelieet
501 1057 749 1107 omnium
779 1054 1141 1123 dampnorum
1163 1071 1270 1124 que
1294 1072 1467 1125 usque
1493 1075 1640 1113 nunc
1670 1060 1792 1127 qui-

206 1145 442 1197 busdam
511 1145 723 1198 Pisanis
748 1161 777 1198 a
812 1146 1031 1199 Iiomeis
1062 1145 1208 1199 illata
1240 1159 1392 1208 sunt.
1424 1160 1797 1219 quotcumque

205 1246 264 1289 et
295 1236 731 1304 qualiacumque
758 1237 891 1296 sint,
919 1253 1081 1305 quam
1114 1248 1169 1293 et
1197 1240 1264 1293 de
1295 1239 1400 1293 fide
1449 1252 1503 1294 et
1559 1242 1796 1296 servicio

209 1343 377 1395 quam
405 1338 465 1381 et
490 1328 636 1395 quod
663 1330 893 1397 imperio
929 1340 1139 1394 nostro,
1170 1331 1470 1386 heredibus
1498 1343 1553 1387 et
1574 1349 1797 1388 succes-

210 1419 439 1472 soribus
462 1420 604 1486 ejus,
641 1421 855 1489 ipsique
882 1422 1154 1475 Romanie
1188 1422 1486 1478 observare
1522 1427 1573 1477 in
1608 1427 1797 1479 futuro

208 1504 441 1558 debent.
476 1507 728 1575 Amplius
785 1508 989 1577 quippe
1041 1513 1310 1565 serenitas
1365 1513 1581 1583 imperii
1622 1515 1796 1569 nostri

206 1612 305 1651 eos
338 1608 636 1665 acceptans
662 1608 717 1652 et
752 1599 1210 1667 supplicationem
1252 1618 1444 1657 eorum
1473 1621 1597 1658 cum
1659 1606 1800 1660 mul-

211 1700 326 1742 tum
354 1689 749 1757 supplicatoria
775 1701 829 1743 et
860 1692 1172 1759 procidenti
1201 1693 1370 1764 ﬁgura
1403 1697 1576 1749 fusam
1602 1696 1667 1750 ad
1699 1714 1797 1750 no-

210 1791 383 1832 stram
419 1780 771 1835 clementiam
799 1783 1122 1847 exaudiens,
1149 1799 1258 1839 non
1285 1786 1463 1840 solum
1523 1789 1787 1841 babitato

211 1887 302 1925 res
324 1872 571 1926 civitatis
604 1884 658 1927 ct
688 1884 832 1928 terre
864 1875 1112 1929 Pisarum
1140 1876 1195 1930 in
1220 1893 1279 1930 ea
1304 1879 1469 1947 jura,’
1504 1896 1609 1949 que
1667 1881 1797 1949 ipsis
1825 1868 1873 1926 Β

211 1964 266 2018 in
300 1965 571 2019 Romani:
600 1967 896 2034 precollata
940 1967 1177 2035 fuerant,
1243 1972 1460 2025 restitui
1500 1974 1795 2038 concessit,

210 2070 407 2109 verum
442 2055 614 2108 etiam
647 2056 953 2109 secundum
990 2058 1206 2111 Domini
1272 2060 1601 2113 sententiam
1632 2075 1798 2130 super

212 2162 390 2215 pauca
422 2146 614 2200 tidcles
644 2148 927 2215 reperiens
964 2162 1132 2216 super
1177 2151 1348 2203 multa
1382 2153 1689 2216 constituit,
1743 2161 1799 2205 et

210 2239 277 2291 ad
304 2239 739 2291 notilicationem
771 2253 967 2292 eorum
999 2255 1106 2309 que
1143 2240 1375 2309 imperio
1408 2254 1620 2306 nostro,
1642 2243 1800 2296 liere-

209 2327 378 2381 dibus
416 2337 476 2383 et
516 2330 925 2383 successoribus
972 2332 1092 2399 ejus
1131 2340 1187 2383 ct
1220 2331 1486 2385 Romanie
1520 2334 1571 2385 in
1601 2347 1799 2402 perpe-

213 2428 371 2470 tuum
404 2418 509 2487 ipsi
548 2419 771 2486 polliciti
795 2430 943 2481 sunt,
972 2431 1230 2472 eteorum
1262 2436 1367 2490 que
1386 2423 1641 2476 similiter
1668 2423 1800 2492 ipsis

212 2528 243 2563 a
281 2510 579 2564 clementia
613 2520 799 2564 nostra
837 2513 1035 2566 collata
1068 2522 1217 2578 sunt,
1248 2529 1476 2583 presens
1503 2515 1798 2585 chrysobo-

210 2602 328 2653 lum
362 2601 597 2654 verbum
634 2601 717 2657 eis
743 2601 992 2668 donavit,
1041 2607 1338 2660 contineris
1395 2607 1463 2661 de
1516 2609 1685 2663 verbo
1731 2611 1797 2664 ad

212 2690 449 2745 \erbum
482 2707 547 2745 ea
577 2708 682 2760 que
717 2708 863 2747 nunc
890 2695 959 2747 ab
1010 2696 1080 2749 iis
1114 2706 1272 2765 pacta
1299 2707 1429 2752 sunt
1458 2709 1513 2752 et
1548 2700 1601 2752 in
1634 2700 1795 2753 char-

215 2784 333 2837 tula
360 2783 563 2837 litteris
586 2783 773 2836 latinis
807 2785 1009 2853 scripta
1037 2795 1094 2839 et
1150 2786 1556 2857 subscriptione
1604 2805 1797 2843 eorum

218 2874 548 2926 confirmata
573 2873 974 2942 comprehensa
1009 2885 1139 2928 sunt
1164 2885 1220 2927 et
1289 2890 1483 2929 eorum
1519 2878 1793 2945 corporali

217 2976 570 3018 sacramento
607 2963 986 3027 corroborata,
1018 2975 1072 3019 et
1116 2980 1223 3034 que
1271 2966 1600 3035 plenitudini
1646 2969 1799 3021 Pisa-

220 3071 344 3113 rutn
376 3056 517 3111 facta
548 3055 1024 3125 suntchrySobula
1051 3058 1220 3111 verba
1250 3073 1469 3127 semper
1496 3074 1800 3115 memoran-

217 3147 416 3201 dorum
441 3147 858 3216 imperatorum,
892 3148 1080 3217 proavi
1112 3149 1325 3203 scilicet
1358 3151 1570 3218 imperii
1604 3154 1793 3216 nostri,

216 3237 431 3291 domini
458 3238 634 3291 Alexii
668 3238 961 3303 Comnani,
998 3249 1056 3293 et
1105 3240 1563 3296 desideratissimi
1612 3247 1792 3312 patrui

219 3329 571 3385 celsitudinis
609 3340 822 3394 nostro,
855 3330 1065 3385 domini
1132 3333 1418 3399 Manuelis,
1478 3336 1532 3388 in
1594 3338 1797 3404 quibus

216 3423 446 3493 quidem
481 3423 786 3478 recitantur
808 3438 915 3493 quo
953 3432 1083 3478 tunc
1117 3439 1147 3477 a
1187 3424 1401 3480 Pisanis
1448 3436 1604 3495 pacta
1640 3426 1795 3483 fuere

214 3528 272 3571 et
310 3532 421 3586 que
453 3533 483 3571 a
512 3526 666 3586 parte
718 3516 983 3569 Romanie
1011 3516 1092 3570 eis
1122 3518 1339 3571 collata.

287 3609 468 3663 Habet
528 3608 696 3677 igitur
741 3608 1037 3662 conventio
1088 3610 1290 3677 scripta
1350 3611 1573 3680 quidem
1621 3630 1727 3683 quc
1767 3632 1795 3668 a

216 3698 518 3754 notificatis
556 3697 752 3766 legatis
780 3698 1035 3752 Pisarum
1068 3700 1134 3753 ad
1185 3701 1477 3771 imperium
1520 3714 1795 3761 nostrum.

216 3791 455 3847 heredes
492 3799 548 3844 et
577 3803 929 3843 successores
970 3792 1129 3860 ejus,
1177 3800 1234 3846 et
1281 3793 1348 3845 ad
1378 3794 1549 3861 ipsam
1597 3794 1794 3848 Roma-

218 3884 367 3936 uiam
416 3881 556 3934 facta
588 3888 693 3942 est,
742 3887 797 3932 et
849 3880 998 3948 quod
1052 3895 1222 3949 super
1260 3896 1382 3935 eam
1420 3884 1793 3950 juramentum

217 3975 428 4029 factum
459 3980 563 4038 est,
596 3972 675 4025 sic
697 3988 713 4025 :

346 4066 479 4128 Nos,
513 4065 674 4134 legati
710 4064 956 4119 civitatis
992 4071 1048 4118 et
1072 4073 1218 4119 torre
1250 4065 1469 4130 Pisano,
1505 4065 1799 4122 Rainerius

217 4159 451 4214 Gaetani
486 4168 543 4212 et
580 4156 1029 4227 Sigeriusjudex,
1063 4157 1214 4211 missi
1247 4172 1276 4210 a
1307 4157 1552 4220 Tedicio,
1583 4160 1800 4213 comitis

218 4248 437 4317 Ugolini
486 4247 618 4309 tilio,
648 4254 915 4316 potestate
937 4247 1178 4301 civitatis
1204 4256 1262 4300 et
1294 4254 1438 4300 terre
1464 4246 1681 4312 Pisane,
1736 4263 1798 4302 ac

219 4338 556 4394 consiliariis
596 4337 821 4406 ipsoque
870 4339 1150 4392 communi
1206 4338 1328 4405 ejus
1363 4337 1430 4390 ad
1472 4337 1798 4391 altissimum

219 4433 617 4498 imperatorem
646 4429 982 4481 Romeorum
1018 4436 1074 4482 et
1118 4442 1337 4496 semper
1376 4439 1664 4498 augustum
1700 4428 1798 4482 do-

1903 610 2137 678 dampna
2164 610 2312 664 illata
2355 612 2587 677 Pisanis,
2633 628 2702 669 ex
2732 629 2843 684 quo
2876 615 3193 669 notiflcatus
3224 615 3486 673 dominus‘

1901 699 2254 755 Andronicus
2285 701 2618 756 Romeorum
2663 704 2863 759 invasit
2894 704 3184 773 imperium
3213 717 3270 760 et
3307 722 3481 776 usque

1904 806 2071 853 nunc,
2100 803 2263 861 atque
2282 793 2563 847 subtracta
2583 795 2848 849 solemnia
2872 794 3105 849 ecclesie
3124 796 3320 849 Pisano
3342 796 3483 851 civi-

1903 883 2031 936 tatis
2092 894 2147 937 ct
2203 884 2627 954 archiepiscopo
2688 902 2959 941 annorum
3017 896 3145 941 octo
3193 896 3249 941 et
3304 876 3493 959 usque~

1902 988 2071 1032 nunc.
2121 984 2177 1028 ct
2229 976 2478 1032 redditus
2518 975 2719 1031 emboli
2757 993 2971 1038 eorum,
3024 988 3080 1032 et
3141 978 3477 1046 reliquorum

1903 1066 2268 1119 attcnentium
2305 1068 2409 1132 eis,
2451 1078 2505 1123 et
2539 1069 2610 1123 ab
2647 1067 2957 1123 cistesacta
3012 1069 3377 1133 commertia;
3425 1078 3483 1122 et

1906 1155 1950 1209 si
1977 1157 2081 1211 hcc
2103 1157 2297 1212 eadem
2336 1161 2709 1229 receperimus
2763 1157 2958 1229 agendi
3006 1168 3188 1227 gratos
3246 1156 3482 1227 imperio

1904 1246 2023 1316 ejus
2069 1258 2283 1310 sancto,
2339 1262 2395 1303 et
2422 1249 2846 1303 conventionem
2888 1248 3166 1303 assiduam
3198 1258 3254 1302 et
3280 1264 3481 1318 perpe-

1905 1348 2053 1394 tuam
2111 1342 2311 1396 factam
2347 1342 2798 1422 progenitoribus
2837 1344 2993 1415 ejus,
3053 1340 3482 1412 imperatoribus

1905 1430 2132 1485 domino
2167 1433 2361 1488 Alexio
2390 1432 2677 1489 Comnano
2714 1441 2771 1489 et
2806 1434 2916 1489 filio
2944 1436 3065 1504 ejus
3096 1432 3481 1503 Porphyroge-

1906 1523 2022 1575 nito
2058 1523 2284 1578 domino
2315 1526 2515 1581 Joanni
2565 1534 2621 1580 et
2656 1537 2855 1597 patruo
2898 1525 3115 1596 imperii
3147 1526 3265 1595 ejus
3306 1521 3482 1578 sancti

1905 1612 2130 1667 domino
2183 1614 2444 1680 Mauucli,
2497 1627 2552 1672 et
2603 1617 2905 1673 heredibus
2959 1626 3014 1673 et
3060 1614 3481 1671 successoribus

1905 1705 2025 1775 ejus
2055 1705 2267 1774 ipsique
2307 1704 2594 1771 Romanie,
2626 1718 2794 1778 atque
2832 1708 3121 1763 servitium
3152 1712 3479 1777 perpetuum

1907 1806 1962 1853 et
2016 1798 2297 1851 assiduum
2341 1800 2640 1853 renovandi
2696 1793 3165 1870 et’jurejurando
3192 1792 3483 1850 'corrobo-

1904 1884 2088 1950 randi;
2119 1888 2163 1939 si
2202 1903 2332 1940 vero
2367 1888 2467 1940 hec
2510 1888 2704 1941 eadem
2747 1888 3039 1957 imperium
3071 1888 3191 1957 ejus
3226 1898 3479 1941 sanctum

1902 1994 2009 2030 non
2050 1979 2336 2047 adimplet,
2387 1979 2497 2033 alio
2535 1994 2665 2032 vero
2693 1978 2856 2032 modo
2898 1978 3086 2047 aliquo
3120 1974 3480 2032 restauratio-

1902 2085 2023 2122 nem
2075 2072 2203 2123 facit
2238 2071 2520 2124 COlll'i‘UlLi
2573 2070 2824 2125 Pisarum
2871 2068 3115 2123 civitatis
3168 2068 3477 2138 placentem

1903 2162 2082 2220 nobis,
2137 2162 2326 2229 sicque
2390 2162 2558 2214 etiam
2644 2159 2987 2215 manifestam
3053 2159 3478 2214 conventionem

1902 2263 2248 2308 sacramento
2309 2253 2714 2317 confirmandi;
2767 2251 3028 2319 quoniam
3083 2250 3151 2305 ad
3187 2250 3478 2317 imperium

1903 2346 2023 2414 ejus
2071 2354 2321 2398 sanctum
2362 2343 2748 2413 pervenimus,
2792 2352 2847 2396 et
2877 2342 2930 2395 in
2968 2350 3266 2410 conspectu
3312 2339 3482 2409 maje-

1902 2438 2061 2490 statis
2098 2436 2219 2505 ejus
2247 2446 2490 2490 astantes
2528 2435 2671 2504 piam
2701 2434 2821 2504 cjus
2854 2432 3245 2487 celsitudinem
3282 2428 3482 2482 adora-

1904 2526 2083 2579 vimus
2107 2566 2120 2587 ,
2147 2534 2204 2579 et
2225 2523 2385 2577 nobis
2413 2522 2676 2592 injunctis
2715 2519 3053 2575 sufﬁcienter
3085 2518 3333 2573 tractatis
3364 2531 3480 2571 om-

1902 2617 2068 2670 nibus
2101 2616 2326 2685 quidem
2350 2655 2364 2677 ,
2403 2629 2511 2685 que
2552 2612 2854 2683 poscimus,
2888 2611 3052 2681 potiri
3107 2609 3479 2679 nequivimus,

1901 2708 2029 2776 quia
2055 2718 2110 2761 ct
2141 2707 2451 2762 sublimitas
2480 2704 2698 2775 imperii
2730 2704 2849 2773 ejus
2873 2701 3051 2757 sancti
3090 2700 3334 2755 vicissim
3358 2700 3478 2755 exi-

1902 2800 2064 2869 gebat
2092 2815 2123 2852 a
2160 2798 2317 2853 nobis
2344 2798 2544 2852 damna
2584 2812 2613 2849 a
2645 2795 2977 2867 quibusdam
3026 2794 3237 2849 Pisanis
3278 2794 3479 2849 Roma-

1901 2889 1992 2943 nie
2022 2887 2351 2958 quibusdam
2384 2887 2547 2951 terris
2573 2885 2916 2955 diversisque
2958 2884 3182 2939 Romeis
3227 2899 3327 2953 per
3364 2893 3479 2938 ter-

1904 2992 2020 3031 ram
2053 2985 2110 3030 et
2144 2992 2294 3029 mare
2333 2977 2520 3040 illata;
2560 2974 2830 3029 modestia
2863 2989 2994 3029 vero
3024 2983 3082 3028 et
3122 2972 3481 3045 magniﬁcen-

1904 3071 1975 3122 tia
2003 3067 2276 3136 imperiali
2303 3068 2588 3138 dignatum
2623 3076 2707 3122 est
2739 3067 2859 3137 ejus
2887 3075 3138 3121 sanctum
3163 3066 3478 3135 imperium,

1905 3174 2003 3228 pro
2062 3158 2319 3212 omnibus
2367 3175 2474 3228 que
2536 3159 2812 3227 poscimus
2880 3166 2936 3210 et
2990 3157 3248 3226 superius
3304 3155 3481 3210 relata

1902 3262 2052 3315 sunt,
2083 3261 2316 3320 excepto
2351 3261 2541 3305 mutuo
2583 3251 2729 3305 facto
2771 3248 3229 3310 sebastocratori,
3263 3257 3481 3303 mutua-

1900 3342 2116 3396 toribus
2149 3343 2203 3397 in
2245 3343 2567 3396 memoriam
2602 3342 2726 3396 dive
2754 3342 2999 3412 potentie
3023 3342 3144 3409 ejus
3180 3354 3482 3395 consensu-

1898 3451 2005 3503 que
2040 3434 2213 3487 nostri
2259 3449 2317 3487 se
2350 3433 2711 3503 jactantibus,
2763 3434 2951 3504 largiri
2993 3434 3189 3487 Pisano
3242 3432 3482 3488 civitatis

1900 3527 2318 3595 communique
2365 3542 2431 3579 ex
2464 3526 2787 3580 muneribus
2835 3541 3055 3595 semper
3097 3524 3481 3579 memorando-

1901 3635 2020 3673 rum
2060 3620 2490 3685 imperatorum,
2523 3617 2734 3670 domini
2772 3616 2948 3670 Alexii
3004 3627 3060 3670 et
3102 3616 3316 3669 domini
3356 3614 3471 3669 Ma-

1901 3710 2102 3770 nuelis,
2135 3726 2163 3761 a
2191 3709 2349 3762 nobis
2385 3709 2598 3776 pridem
2626 3709 2679 3761 in
2709 3723 2903 3776 magna
2947 3707 3082 3761 urbe
3114 3705 3483 3776 possideban-

1901 3809 2031 3853 tur:
2079 3800 2360 3854 embolum
2392 3800 2689 3862 videlicet,
2732 3798 3023 3852 ecclesiam
3060 3812 3184 3852 cum
3224 3797 3397 3851 altera
3448 3811 3481 3850 a

1900 3893 2310 3946 coutribulibus
2341 3892 2548 3946 nostris
2577 3891 2717 3945 infra
2754 3891 3020 3945 terminos
3045 3900 3267 3942 nostros
3296 3896 3482 3941 erecta

1900 3983 2157 4045 ecclesia,
2197 3992 2252 4036 et
2290 3983 2588 4035 littoralem
2620 3982 2820 4035 scalam
2850 3997 2866 4045 ;
2907 3982 3031 4048 plus
3070 3994 3203 4030 vero
3235 3978 3321 4030 his
3344 3976 3482 4030 dare

1900 4074 2108 4128 civitati
2145 4082 2369 4134 nostro,
2404 4083 2459 4127 et
2485 4088 2591 4141 quo
2632 4072 2687 4124 in
2734 4070 2990 4124 faciendo
3042 4068 3201 4122 nobis
3234 4068 3481 4136 practice

1904 4163 2217 4217 traditionis
2250 4178 2443 4216 eorum
2485 4178 2592 4230 que
2623 4178 2790 4230 super
2820 4163 3027 4230 pridem
3069 4161 3229 4215 nobis
3279 4159 3479 4214 tradita

1902 4255 2096 4309 collata
2140 4262 2291 4315 sunt,
2321 4251 2800 4316 notiflcabuntur;
2841 4251 2988 4320 quod
3023 4248 3236 4305 scilicet
3278 4250 3483 4317 practi~

1903 4361 2026 4400 cum
2057 4359 2162 4397 una
2200 4360 2324 4398 cum
2355 4343 2608 4397 faciendo
2642 4342 2916 4411 imperiali
2946 4340 3227 4395 adorando
3251 4340 3481 4409 chryso.

1905 4435 2034 4488 bulo
2065 4435 2118 4487 in
2156 4433 2385 4486 secretis
2419 4441 2727 4495 sternetur;
2765 4445 3031 4484 renovare
3053 4422 3275 4498 quoque
3297 4428 3365 4481 ab
3398 4425 3482 4479 in-

220 4520 436 4573 minum
466 4518 734 4572 lsaaltium
762 4518 1052 4587 Angelum,
1073 4527 1129 4570 ct
1154 4518 1458 4587 iujunetum
1486 4519 1554 4574 ab
1582 4519 1663 4573 eis
1692 4520 1792 4573 lta-
1825 4524 1867 4577 D
1896 4526 2063 4580 stanti
2116 4534 2361 4593 tempore
2414 4524 2770 4592 largicionem
2846 4520 3108 4574 solemnis
3152 4526 3341 4573 nostra
3391 4531 3485 4569 ec-

222 4613 424 4665 bentes
476 4610 698 4677 petendi
775 4609 845 4662 ab
888 4610 1221 4677 imperatore
1265 4619 1321 4662 et
1362 4609 1623 4663 Romanis
1667 4626 1797 4678 pre-

224 4710 535 4757 mutuatam
571 4700 858 4770 pecuniam
902 4716 932 4754 a
960 4699 1295 4769 quibusdam
1327 4701 1543 4754 Pisanis
1585 4700 1799 4753 Andro-

224 4794 351 4847 nico
409 4792 486 4846 illi
536 4792 673 4845 male
728 4793 1015 4854 memorie,
1069 4808 1193 4845 cum
1243 4792 1425 4845 adhuc
1478 4792 1797 4847 lelicissimo

223 4885 558 4952 imperatore
592 4881 816 4934 domino
852 4881 1100 4935 Manuele
1134 4881 1187 4933 in
1213 4880 1322 4934 vita
1352 4881 1621 4935 existente
1653 4882 1799 4933 noti-

224 4973 426 5026 f‘tcatus
455 4971 714 5025 dominus
752 4970 1093 5024 Andronicus
1118 4970 1513 5037 Hierosolymis
1542 4971 1797 5040 degeret;

222 5079 329 5119 nec
357 5078 467 5116 non
512 5074 568 5115 et
608 5077 637 5114 a
666 5060 994 5129 quibusdam
1036 5060 1193 5123 aliis,
1242 5060 1501 5114 videlicet
1528 5060 1800 5114 Teodisco

224 5156 297 5209 de
354 5153 723 5222 Picicasegale
756 5193 771 5216 ,
828 5151 1052 5206 Simone
1121 5150 1377 5206 Cimicosi
1435 5160 1491 5204 ct
1557 5151 1802 5206 Gerardo

223 5242 457 5299 Antonii
508 5252 563 5296 et
618 5243 883 5311 reliquis,
968 5249 1273 5295 mutuatam
1332 5241 1802 5295 desideratissimo

225 5335 388 5389 fratri
437 5334 647 5388 domini
700 5333 1052 5403 imperatoris
1100 5333 1431 5386 Romeorum
1475 5341 1528 5387 et
1583 5348 1801 5401 semper

226 5424 450 5494 augusti
502 5423 710 5478 domini
737 5424 927 5478 lsaakii
965 5423 1177 5493 Angeli,
1206 5422 1525 5477 felicissimo
1560 5434 1805 5477 sevasto-

228 5516 440 5571 cratori
469 5516 695 5568 domino
724 5516 915 5569 Alexio
948 5516 1181 5582 Angela,
1219 5532 1341 5569 cum
1386 5532 1415 5569 a
1447 5516 1647 5570 comite
1676 5516 1803 5569 Trio

228 5606 378 5676 polis
422 5605 679 5659 detentus
718 5614 903 5671 esset;
951 5609 1080 5660 item
1121 5616 1176 5660 et
1207 5622 1269 5661 ea
1302 5623 1406 5676 que
1445 5607 1514 5660 ab
1565 5608 1804 5661 homini-

232 5703 335 5752 bus
374 5698 593 5768 imperii
626 5699 746 5768 ejus
796 5699 994 5763 sancti,
1038 5699 1253 5753 scilicet
1313 5715 1345 5754 a
1404 5701 1805 5769 protobonora-

229 5792 446 5845 t'ssimo
498 5804 753 5861 supremo
790 5804 987 5861 magno
1017 5790 1292 5861 logotheta
1336 5791 1429 5847 illo
1478 5803 1531 5849 et
1588 5805 1803 5851 sevasto

1905 4615 2068 4669 clcsio
2099 4656 2112 4677 ,
2161 4614 2587 4682 quingentorum
2640 4610 2903 4665 videlicet
2967 4622 3369 4678 yperperorum
3425 4618 3483 4660 et

1906 4706 2140 4759 duorum
2180 4705 2469 4773 palliorum
2499 4722 2515 4770 ;
2570 4704 2773 4757 addere
2810 4712 2995 4756 autem
3028 4710 3083 4755 et
3127 4701 3234 4753 alia
3261 4707 3481 4753 centum

1906 4812 2191 4867 yperpera,
2243 4804 2299 4848 et
2345 4796 2543 4849 salaria
2574 4794 2997 4863 archiepiscopo
3050 4790 3292 4845 civitatis
3326 4789 3483 4843 Pisa-

1907 4903 2027 4940 rum
2067 4888 2348 4956 sexaginta
2400 4901 2712 4940 annuorum
2754 4899 3156 4956 yperperorum
3216 4892 3272 4936 et
3317 4881 3484 4934 unius

1907 4977 2082 5047 pallii,
2144 4986 2199 5030 et
2261 4992 2426 5045 super
2473 4978 2572 5029 bcc
2616 4991 2852 5043 persone
2881 4973 3282 5041 archiepiscopi
3317 4971 3483 5040 hujus

1906 5069 1998 5138 qui
2042 5083 2192 5122 nunc
2212 5076 2295 5120 est
2318 5067 2559 5120 civitatis
2585 5066 2836 5119 Pisarum
2864 5065 3066 5118 addere
3091 5063 3194 5115 alia
3216 5075 3483 5132 yperpera

1906 5155 2292 5225 quadraginta;
2342 5155 2549 5208 donare
2606 5162 2790 5209 autem
2839 5152 3051 5209 Pisanis
3077 5162 3134 5206 et
3187 5152 3241 5203 in
3281 5150 3483 5219 iisque

1906 5245 1972 5299 de
1994 5243 2255 5297 Romania
2282 5244 2351 5296 ab
2390 5244 2522 5313 ipsis
2551 5254 2812 5298 emuntur
2838 5253 2893 5297 et
2915 5242 3247 5302 venduntur,
3281 5248 3389 5291 tam
3423 5239 3480 5292 in

1908 5347 2101 5401 magna
2149 5332 2284 5386 urbe
2333 5349 2495 5401 quam
2549 5334 2600 5385 in
2644 5333 2843 5387 ceteris
2892 5331 3159 5385 Romanie
3205 5328 3480 5398 partibus,

1908 5424 2215 5478 libertatem
2246 5425 2558 5478 commercii
2616 5425 2803 5488 talem,
2860 5423 3040 5492 qualis
3096 5421 3349 5475 datarest
3399 5419 3483 5474 eis

1908 5517 1961 5570 in
2013 5516 2348 5587 chrysobulo
2384 5517 2519 5585 ipsis
2558 5516 2703 5570 facto
2735 5531 2952 5583 semper
2985 5511 3326 5568 memorandi
3379 5527 3483 5564 tm-

1908 5609 2205 5678 peratOris,
2236 5608 2445 5661 domini
2486 5608 2661 5662 Alexii
2687 5645 2701 5667 ,
2747 5606 2798 5658 in
2830 5606 2897 5661 iis
2927 5618 3035 5674 que
3066 5605 3134 5659 de
3169 5605 3333 5658 terris
3366 5617 3479 5655 non

1908 5703 2319 5772 subjacentibus
2390 5702 2644 5756 servituti
2704 5701 2917 5769 imperii
2997 5701 3334 5753 Rortieorum
3407 5695 3480 5749 ab

1913 5793 2043 5864 ipsis
2081 5793 2137 5847 in
2176 5778 2425 5865 magnam
2458 5793 2647 5849 urbem
2677 5789 2998 5852 alIerentur,
3032 5802 3368 5862 quamquam
3408 5800 3480 5840 ex
