4236 6442
752 403 862 466 ΠΤ)
1978 391 2222 450 ΗΛΛΩΙ
2272 389 2442 445 .\.\'liJ

2457 386 2554 444 EH
2601 386 2758 444 IMP.
3922 380 4032 439 ὅτιὶ

757 506 1071 564 huius-nodi
1117 503 1450 574 ehrysobnlo
1498 518 1665 570 .rppar
1703 511 1754 552 at
1817 517 1912 549 eos
1945 500 1994 550 d.
2019 499 2150 550 bere
2201 497 2332 549 date.
2368 520 2403 568 Α
2437 496 2582 562 qttod
2625 493 2868 562 prodicta
2905 503 3144 559 potestas
3170 490 3450 544 communi
3504 490 3738 543 (-ottsilio
3786 490 4035 543 civitatis

758 600 1138 655 eoauttertimn
1175 614 1226 648 l.l
1273 596 1308 646 ii
1348 638 1361 656 ,
1401 595 1703 647 secundum
1749 591 1896 660 quod
1953 591 2052 656 ipst
2101 588 2290 642 Ilo:.u.7

760 694 844 746 liri
871 693 1034 744 utiain
1081 705 1210 739 vero
1246 685 1378 737 da'e
1425 685 1582 737 nolis
1629 681 1825 749 εις-ιιιΙί
1867 679 2174 733 seiundum
2256 677 2307 730 le

768 802 846 853 ge.
912 785 960 834 iu
1013 781 1278 848 quosdam
1327 776 1798 842 hom‘nesipsitts,
1845 770 2181 840 qutservilia
2229 778 2342 819 tra-

765 888 847 926 eta
877 882 1053 925 ‘erunt
1081 870 1193 922 lTsei
1220 880 1274 921 et
1305 869 1450 936 -μιίΙιι
1477 867 1628 917 sciam
1657 865 1869 918 Pisanis
1900 861 2221 930 injustitiam
2260 859 2344 910 iu-

765 967 1032 1022 tulerunt.
1059 978 1125 1012 eo
1160 959 1302 1028 quod
1360 957 1680 1026 petebamus
1717 954 1938 1023 quidem
1980 955 2047 1005 ab
2071 949 2340 1019 imperiali

769 1057 1031 1106 llesauro
1075 1054 1309 1117 dampna
1357 1049 1504 1102 illata
1556 1045 1881 1115 quihusdam
1942 1043 2156 1096 Pisanis
2188 1040 2317 1093 ade

767 1146 975 1198 functis
1025 1141 1342 1194 Itotittiirts
1394 1137 1743 1191 celsitudinis
1795 1135 1951 1203 ejus,
2004 1151 2111 1187 non
2159 1144 2343 1184 autem

767 1239 1004 1292 exauditi
1041 1237 1244 1288 fuitnus
1274 1252 1305 1302 q
1332 1234 1532 1286 touiatn
1573 1231 1648 1283 rei
1675 1245 2021 1298 nequaquam
2055 1228 2347 1297 reperiun-

771 1341 858 1382 tur
901 1329 1133 1395 ideoque
1200 1325 1413 1393 negotia
1470 1339 1576 1374 non
1612 1329 1770 1375 erant
1809 1319 2120 1382 manifesta,
2177 1327 2232 1371 et
2276 1317 2348 1371 ob

771 1424 910 1474 hane
949 1438 974 1473 r
1014 1437 1063 1471 ιιι
1095 1418 1414 1472 desistimus
1449 1414 1518 1467 ab
1549 1414 1617 1467 its
1662 1421 1880 1481 sponte,
1918 1412 2034 1465 sine
2067 1410 2213 1462 illata
2249 1423 2352 1462 no-

772 1514 854 1564 bis
897 1513 945 1564 vi
980 1511 1183 1576 aliqua,
1220 1507 1292 1562 ob
1327 1507 1790 1560 restaurationem
1831 1519 1932 1572 pro
1964 1503 2055 1565 iis,
2102 1513 2163 1555 ut
2185 1516 2353 1571 supe-

771 1621 797 1656 r
823 1619 886 1655 us
917 1602 947 1654 d
974 1611 1124 1653 etum
1159 1609 1243 1652 est
1275 1599 1471 1651 factam
1525 1594 1800 1649 universis
1837 1593 2248 1646 habitatoribus
2273 1591 2353 1643 ci-

770 1695 959 1746 vitatis
995 1703 1049 1744 et
1080 1700 1224 1744 terre
1253 1691 1484 1750 l‘isaue;
1525 1686 1848 1755 recepimus
1891 1683 2206 1750 hujnsmodi
2237 1682 2358 1752 plac

771 1798 904 1837 cens
947 1781 1103 1833 nobis
1138 1777 1449 1846 largiﬂuum
1487 1790 1691 1828 munus
1719 1771 2057 1826 screnissimi
2109 1781 2165 1823 et
2209 1784 2356 1821 sem-

2444 588 2511 640 de
2543 588 2628 639 bis
2673 586 2812 650 facto
2881 583 3029 636 dedit
3062 584 3222 636 nobis
3269 583 3586 636 mandatum
3610 582 3830 652 juraudi
3861 598 4033 649 super

2445 679 2688 730 animant
2720 692 2896 736 suam,
2949 692 3033 726 (ιιι
3060 674 3246 726 ventio
3272 691 3376 725 rem
3406 691 3433 724 a
3466 674 3659 725 I‘isana
3714 673 3941 726 civitate
3978 680 4038 724 et

2447 780 2594 820 terra
2625 767 2818 820 Pisana
2875 783 3092 835 semper
3156 765 3514 818 memorando
3571 765 3887 832 imperatori
3941 765 4038 816 do-

2446 860 2596 913 tniuo
2661 860 2894 913 Manueli
2954 862 3151 911 lar-tatu
3207 857 3524 924 ttnperatiri
3578 856 3916 909 liomeormn
3980 865 4038 908 et

2458 969 2663 1020 elnper
2687 962 2921 1012 angusto
2961 953 3184 1005 domtno
3212 949 3427 1002 ιδειιιὶιίι)
3456 949 3684 1017 Angelo,
3725 947 4036 1000 secundum

2448 1049 2593 1114 quod
2627 1056 2682 1099 et
2718 1046 2790 1098 illi
2829 1045 2929 1094 fmt
2974 1043 3178 1110 jurata,
3230 1049 3285 1092 et
3320 1040 3466 1107 quod
3503 1052 3565 1091 ea
3606 1055 3711 1106 que
3747 1053 3847 1106 pro
3886 1053 4037 1088 eom-

2447 1139 2598 1194 tmtni
2633 1148 2688 1191 et
2713 1135 3047 1204 quihusdam
3085 1134 3210 1186 aliis
3247 1131 3503 1200 personis
3537 1130 3864 1197 petebamus
3929 1144 4039 1195 que

2451 1239 2506 1286 ct
2531 1230 2584 1282 in
2619 1228 2825 1296 scripto
2862 1226 2914 1278 in
2948 1240 3058 1293 quo
3079 1223 3512 1290 sul-scripsimus
3545 1221 3926 1280 continentur,
3974 1236 4043 1271 ex

2457 1323 2811 1391 impositione
2865 1317 3110 1388 ejusdem
3145 1316 3428 1385 potestatis
3453 1323 3508 1366 ct
3536 1313 3753 1368 consilii
3785 1311 4042 1382 ejusdem

2453 1412 2693 1466 civitatis
2750 1411 3062 1464 dimisimus
3119 1409 3242 1477 ,‘pro
3298 1405 3704 1460 rcstauratione
3753 1403 4043 1456 communi

2454 1505 2618 1560 facta.
2653 1504 2787 1557 Item
2823 1503 3096 1572 iuramus,
3127 1515 3293 1567 super
3335 1497 3575 1550 animam
3621 1495 3768 1548 dicte
3800 1504 4047 1563 potesta-

2459 1598 2549 1658 tis,
2585 1594 2731 1665 quod
2760 1603 2814 1648 et
2842 1594 3014 1662 ipsam
3039 1589 3465 1644 conventionem
3504 1587 3808 1656 predietam
3861 1584 4048 1637 adim-

2458 1688 2630 1758 plebit
2655 1696 2711 1740 et
2737 1682 3054 1738 ohservabit
3082 1683 3258 1750 ipsum
3282 1695 3575 1734 commune
3603 1678 3843 1732 civitatis
3861 1676 4050 1730 domi-

2460 1797 2532 1832 no
2551 1778 2761 1834 Isaakio
2785 1779 3120 1832 Rotneorum
3145 1771 3488 1841 imperatori,
3506 1770 3808 1824 heredibus
3830 1779 3886 1822 et
3917 1785 4049 1821 sue-

775 1892 870 1943 per
940 1872 1151 1939 angusti
1209 1868 1558 1937 imperatoris
1613 1865 1824 1920 domini
1881 1861 2078 1917 Isaakii
2137 1861 2350 1930 Angeli,
2387 1845 2770 1926 Βουεεοι-ίιιυε
2821 1869 2963 1937 ejus,
3011 1867 3227 1935 ipsique
3270 1862 3537 1918 Romanie
3595 1861 3650 1914 in
3687 1871 4048 1930 perpetuum,

771 1963 914 2032 quod
949 1961 1236 2029 imperium
1269 1959 1387 2029 ejus
1422 1967 1677 2012 sanctum
1715 1967 1900 2012 nostre
1932 1969 2078 2012 terre
2115 1955 2266 2014 fecit,
2297 1959 2354 2004 et

774 2055 1040 2107 oblivioni
1079 2054 1358 2106 tradentes
1389 2050 1573 2103 omnia
1595 2065 1702 2118 que
1744 2049 2025 2119 petiimus,
2052 2056 2109 2099 ut
2143 2046 2352 2098 dictum

773 2158 876 2203 est,
906 2161 1012 2213 que
1041 2154 1095 2197 et
1119 2144 1377 2211 svpuius
1410 2141 1637 2195 recitata
1661 2151 1810 2203 sunt,
1843 2139 2102 2209 quoniam
2130 2135 2355 2205 quidem

774 2248 832 2292 et
865 2238 1152 2306 imperium
1182 2254 1250 2302 ep
1277 2253 1300 2287 ς
1333 2245 1581 2288 sanetum
1609 2233 1914 2286 abolicione
1946 2232 2048 2301 [nu
2082 2230 2355 2297 dampno-

781 2347 904 2382 runt
961 2344 1135 2397 usque
1192 2343 1334 2379 wue
1387 2326 1708 2378 hominibus
1752 2324 2016 2377 llomanie
2079 2324 2356 2375 illatorum
2438 2371 2442 2374 .

779 2422 942 2472 nobis
981 2419 1159 2471 facer-
1187 2417 1468 2478 .lignatmn
1498 2425 1626 2481 est;
1665 2430 1794 2469 ecce
1833 2429 1931 2484 per
1966 2428 2196 2482 presens
2219 2411 2358 2467 scri-

780 2525 934 2582 ptum
987 2520 1240 2564 nostr-un
1272 2549 1284 2566 .
1327 2509 1532 2561 debetis
1605 2520 1659 2561 et
1704 2506 1977 2575 corporali
2019 2512 2361 2558 sacramento

781 2614 970 2657 nostro
1003 2617 1065 2654 ac
1110 2601 1607 2668 subscriptionilius
1654 2614 1850 2651 manus
1887 2605 2097 2660 nostro,
2134 2593 2362 2665 sigillis-

781 2709 888 2762 que
909 2692 1267 2746 ecclesiarum
1323 2692 1374 2743 in
1429 2706 1622 2757 magna
1658 2689 1789 2742 urbe
1819 2687 2180 2742 existentimn
2211 2685 2365 2738 Pisa-

786 2801 1004 2845 norum,
1059 2781 1258 2836 summi
1325 2783 1560 2848 apostoli
1616 2780 1760 2834 Petri
1811 2789 1868 2833 et
1913 2778 2088 2832 sancti
2131 2776 2364 2841 Nicolai,

788 2892 834 2926 ιι
861 2872 1162 2928 rrohorari,
1215 2869 1641 2922 (omentionem
1695 2869 1929 2922 facimus
1963 2867 2028 2920 ad
2071 2865 2364 2934 imperium

788 2978 908 3029 ejus
967 2973 1242 3025 sanctum,
1287 2958 1520 3012 heredes
1564 2967 1617 3012 et
1649 2971 1999 3011 successores
2031 2954 2170 3022 ejus,
2205 2963 2261 3006 et
2297 2951 2365 3006 ad

788 3053 960 3122 ipsum
994 3052 1314 3106 [loinauiam
1355 3069 1366 3103 :
1405 3051 1550 3118 quod
1581 3050 1900 3103 observabit
1929 3047 2123 3102 civitas
2145 3055 2202 3100 et
2223 3055 2368 3099 terra

788 3145 986 3199 l'isana
1031 3153 1087 3196 et
1127 3161 1239 3212 ipsa
1280 3152 1544 3212 potestas,
1578 3151 1632 3194 et
1662 3141 1754 3210 qui
1794 3157 1892 3210 per
1925 3151 2171 3207 tempora
2199 3146 2366 3192 erunt

791 3245 1081 3287 senatores
1112 3248 1197 3284 ιιιιι
1236 3232 1535 3285 consiliarii
1569 3235 1682 3285 sive
1707 3230 1966 3283 consules
2006 3241 2101 3282 aut
2127 3235 2368 3296 poteSIa-

793 3337 876 3377 tes
909 3335 963 3374 et
1005 3322 1277 3389 Capilanei
1316 3331 1370 3374 et
1419 3330 1687 3377 rectores,
1733 3318 2025 3387 ipsumque
2077 3329 2369 3369 commune

801 3415 987 3464 t’isane
1031 3412 1300 3472 civitatis,
1347 3426 1411 3462 ea
1453 3424 1559 3477 que
1585 3422 1751 3477 supra
1799 3405 2099 3459 nominatis
2151 3419 2371 3472 semper

794 3502 1168 3556 memorandis
1217 3500 1669 3569 imperatoribus,
1716 3498 1944 3551 domino
1992 3494 2184 3549 Alexio
2207 3494 2374 3548 Com-

796 3611 941 3648 ιιιξτιο
975 3603 1031 3646 et
1067 3594 1175 3646 lilio
1205 3594 1325 3660 ejus
1362 3592 1834 3660 l'til]til}l‘t)gt‘llll0
1895 3586 2121 3642 domino
2175 3582 2372 3638 Joantti

795 3700 861 3737 ac
948 3694 1142 3751 patrno
1230 3683 1445 3751 imperii
1550 3684 1671 3751 ejus
1763 3679 1990 3732 domino
2087 3675 2374 3737 Manueli,

801 3785 956 3844 pacta
991 3786 1138 3826 sunt.
1176 3773 1243 3826 Et
1281 3773 1380 3825 hec
1417 3773 1602 3824 omnia
1633 3771 1846 3841 jtzrabit
1891 3770 2009 3838 ipsa
2037 3776 2283 3836 potestas
2314 3773 2372 3819 et

800 3866 1062 3919 meliores
1108 3879 1172 3918 ac
1223 3865 1400 3931 ipsum
1442 3879 1735 3916 tommune
1772 3862 2014 3915 civitatis
2057 3859 2272 3920 Pisane,
2323 3866 2381 3911 et

801 3955 1117 4026 hujusmodi
1177 3964 1584 4008 sacramentum
1642 3953 1926 4006 annuatim
1984 3958 2378 4014 renovabam,

801 4049 1111 4105 secundqu
1155 4045 1300 4115 quod
1326 4047 1642 4115 specialiter
1675 4044 1743 4098 dc
1782 4042 2098 4112 hujusmodi
2138 4042 2381 4110 Capilttlo

804 4150 1019 4207 pactum
1053 4151 1139 4193 est
1183 4155 1211 4190 a
1260 4138 1486 4190 civitate
1532 4144 1588 4189 ct
1634 4144 1783 4188 terra
1815 4148 2000 4187 nostra
2051 4133 2119 4186 ad
2165 4149 2384 4202 semper

805 4228 1218 4284 memorandum
1250 4229 1662 4296 imperatorem,
1686 4227 1972 4281 dominum
2001 4224 2326 4277 Mauuelcm.
2357 4243 2376 4276 ι

874 4321 1291 4376 Saeramentum
1328 4333 1519 4373 verum
1571 4333 1762 4373 eorum
1806 4333 1970 4385 super
2019 4317 2124 4370 hee
2171 4317 2378 4370 factum

806 4413 973 4467 habet
1003 4413 1083 4466 sic
1118 4429 1131 4464 :

2454 1966 2574 2018 sine
2614 1963 2806 2016 fraude
2835 1971 2892 2014 et
2941 1959 3083 2013 malo
3109 1957 3355 2026 ingenio.
3387 1956 3452 2010 Et
3492 1955 3636 2007 sicut
3667 1953 3769 2006 hee
3796 1954 4052 2020 jnramus

2455 2053 2522 2108 de
2556 2053 2698 2106 bona
2726 2051 2853 2114 fide,
2884 2051 3002 2104 sine
3029 2048 3219 2102 fraude
3246 2057 3302 2101 et
3328 2046 3471 2100 malo
3501 2046 3743 2112 ingenio,
3787 2059 3870 2096 sne
3906 2043 4052 2094 Deus

2459 2160 2558 2198 nos
2574 2145 2794 2214 adjuvet
2817 2152 2873 2195 et
2904 2142 3077 2209 ipsam
3112 2147 3435 2208 potestatem
3461 2145 3517 2190 et
3545 2137 3723 2202 ipsum
3753 2149 4053 2188 commune

2457 2237 2698 2292 civitatis
2745 2236 2939 2290 Pisane
2971 2242 3030 2286 et
3071 2233 3126 2285 in
3164 2229 3407 2300 presenti
3446 2229 3633 2283 seculo
3661 2237 3716 2281 ct
3753 2227 3965 2280 futuro.
4011 2245 4029 2276 ι

2534 2326 2817 2381 Manifesta
2850 2339 2982 2378 vero
3011 2320 3347 2393 chrysobula
3374 2318 3540 2375 verba
3587 2317 3815 2378 habent,
3853 2331 4057 2369 secun-

2461 2421 2590 2477 dum
2616 2418 2764 2490 quod
2794 2415 3194 2472 notiﬁcabitur.

2532 2507 2891 2580 Imperatoris
2919 2507 3144 2577 quidem
3177 2504 3437 2560 videlicet
3462 2502 3670 2556 domini
3699 2501 3900 2562 Alexii,
3927 2502 4008 2553 sie
4040 2517 4054 2552 :

2541 2621 2558 2653 ι
2595 2600 2866 2666 Quoniam
2909 2597 3195 2652 multoties
3234 2596 3468 2649 nuncios
3496 2595 3562 2648 ad
3605 2593 3911 2662 imperium
3950 2608 4021 2644 no

2465 2701 2642 2748 strum
2695 2691 2968 2745 miserunt
3025 2688 3366 2742 habitatores
3425 2696 3574 2741 terre
3632 2695 3822 2738 nostre
3881 2695 4057 2749 .it,ue

2467 2783 2665 2838 Pisano
2713 2779 2956 2835 civitatis
3009 2794 3136 2834 cum
3194 2777 3400 2832 litteris
3451 2779 3590 2839 suis,
3643 2787 3701 2830 et
3757 2777 4059 2844 imperium

2470 2884 2722 2929 nostrum
2801 2873 3000 2928 iterum
3062 2873 3144 2925 eis
3221 2869 3507 2924 ntultoties
3586 2869 3801 2922 litteras
3887 2869 4059 2930 n-isit,

2472 2965 2698 3018 minime
2739 2973 2921 3018 autem
2955 2962 3176 3016 advenit
3225 2971 3444 3029 tempus
3474 2974 3585 3028 quo
3622 2959 3779 3012 fieret
3811 2974 4062 3011 cernen-

2473 3054 2642 3108 tionis
2697 3053 2966 3121 scriptum
3022 3050 3346 3120 prefinitum
3402 3064 3596 3102 eorum
3660 3063 3794 3116 pure
3844 3047 3972 3100 lidei
4008 3055 4065 3098 et

2395 3171 2440 3223 α
2472 3144 2832 3215 subjectionis
2863 3143 2930 3198 ad
2963 3143 3257 3206 imperium
3291 3150 3564 3204 nostrum,
3595 3156 3773 3208 neque
3809 3141 4066 3192 clemen-

2473 3239 2547 3293 tie
2576 3245 2764 3292 nostre
2807 3233 2872 3287 ad
2915 3248 3014 3287 eos
3063 3230 3332 3299 scriptum
3361 3230 3494 3300 chry
3509 3229 3764 3284 sobulnm
3815 3248 3919 3282 con
3943 3261 3978 3277 ,ι
4006 3247 4064 3279 n-

2473 3328 2640 3382 tionis
2671 3325 2854 3378 adlzuc
2904 3325 3109 3376 factmn
3145 3331 3264 3384 est;
3313 3322 3616 3375 novissime
3663 3331 3851 3374 autem
3908 3319 4067 3374 misit

2477 3413 2764 3482 imperium
2813 3421 3062 3463 nostrum
3145 3409 3474 3462 familiarem
3540 3425 3700 3462 suum
3779 3411 4065 3463 hominem

2474 3504 2864 3572 Curopalatam
2917 3501 3178 3555 Basilium
3243 3502 3614 3555 Mesimerium
3671 3518 3796 3554 cum
3861 3503 4066 3557 litteris

2477 3597 2594 3650 suis
2650 3595 2838 3646 volens
2891 3607 2986 3645 eos
3035 3593 3314 3660 suscipere
3355 3607 3454 3644 ceu
3510 3607 3603 3660 per
3651 3593 3834 3645 omnia
3876 3593 4068 3647 fidelis

2478 3687 2826 3741 celsitudinis
2850 3693 3035 3739 nostre
3056 3690 3113 3737 et
3141 3683 3645 3736 desideratissimos
3671 3682 3812 3736 ﬁlios
3843 3694 4069 3736 ltOsll‘uS

2481 3777 2762 3844 totiusque
2800 3784 2946 3828 terre
2983 3783 3210 3836 uostre;
3259 3773 3355 3825 illo
3395 3782 3578 3826 autem
3612 3773 3976 3841 perveniente
4013 3783 4068 3827 et

2480 3867 2690 3921 litteras
2718 3865 2932 3934 imperii
2961 3865 3138 3918 nostri
3169 3865 3253 3917 eis
3278 3863 3573 3924 afferente,
3601 3880 3708 3931 que
3746 3879 3880 3918 vero
3908 3881 4065 3918 mast-

2483 3957 2609 4011 data
2643 3965 2802 4010 erant
2851 3955 3094 4013 dicente,
3159 3953 3265 4021 ipsi
3300 3970 3406 4022 que
3441 3954 3646 4022 scripta
3685 3964 3740 4006 et
3781 3970 3892 4021 que
3929 3957 4068 4023 ipsis

2484 4049 2741 4101 mandata
2781 4057 2909 4099 sunt
2955 4045 3326 4114 intelligentes
3375 4061 3549 4113 eaque
3596 4056 3984 4113 acceptantes,
4015 4056 4069 4100 et

2485 4141 2711 4192 omnino
2757 4139 3007 4190 volentes
3059 4136 3174 4190 fieri
3229 4151 3324 4204 per
3371 4137 3560 4189 omnia
3629 4136 3820 4188 fideles
3850 4138 4068 4205 imperii

2486 4227 2660 4280 nostri
2700 4236 2864 4294 atque
2912 4235 3058 4280 terre
3099 4237 3304 4287 nostro,
3365 4243 3462 4294 per
3510 4227 3775 4292 scriptum
3829 4242 4071 4279 (‘Otn‘ett’

2487 4320 2693 4372 tionem
2725 4318 2995 4382 fecerunt,
3031 4317 3405 4371 continentem
3445 4334 3634 4386 puram
3663 4334 3859 4371 eorum
3913 4319 4071 4371 fidem

2487 4425 2650 4479 quam
2687 4409 2919 4478 imperio
2958 4419 3146 4462 nostro
3179 4423 3243 4463 ac
3272 4409 3537 4462 Romanie
3563 4411 3787 4467 debent.
3823 4422 4072 4478 quamet

882 4521 902 4553 ι
941 4504 1070 4563 Nos,
1117 4500 1276 4569 legati
1307 4499 1550 4552 civitatis
1582 4507 1638 4551 ct
1666 4507 1812 4551 terre
1845 4499 2060 4557 Pisano,
2093 4499 2387 4552 Raiuerius
2422 4503 2462 4556 ο
2489 4518 2585 4572 per
2605 4510 3009 4555 sacramentum
3029 4515 3220 4552 omnes
3242 4500 3576 4552 unanimiter
3604 4501 3900 4553 confirma;
3914 4514 4073 4554 erunt

811 4592 1034 4646 Gaetani
1093 4600 1147 4644 et
1205 4588 1370 4658 judex
1424 4589 1692 4656 Sigerius,
1749 4589 1904 4642 missi
1957 4589 2022 4641 ad
2057 4589 2384 4643 altissimum

811 4684 1197 4750 imperatorem
1285 4679 1621 4731 llomeorum
1695 4685 1751 4732 et
1819 4693 2037 4746 semper
2091 4688 2385 4746 augustum

812 4770 1094 4824 dominum
1135 4767 1402 4822 lsaakium
1437 4769 1725 4832 Angelum,
1757 4785 1787 4822 a
1815 4767 2067 4832 Tedicio,
2115 4777 2388 4837 potestate

816 4861 1160 4920 l‘isanorum,
1219 4859 1436 4913 comitis
1490 4859 1704 4926 Ugolini
1768 4859 1918 4921 lilio,
1991 4875 2057 4912 ex
2108 4859 2386 4914 communi

809 4951 1047 5006 consilio
1075 4951 1316 5005 civitatis
1366 4951 1584 5011 l'isane,
1649 4959 1770 5018 post
1827 4949 2059 5002 multum
2098 4960 2387 5002 tractaturo

812 5040 1144 5093 desistentes
1205 5038 1273 5091 ab
1339 5039 1402 5090 iis
1453 5053 1560 5106 que
1612 5053 1678 5090 cx
1739 5038 2092 5106 impositione
2144 5039 2388 5108 predicle

818 5133 1105 5198 potestatis
1131 5138 1186 5182 et
1217 5130 1525 5182 con‘munis
1555 5130 1772 5183 consilii
1823 5131 2063 5184 civitatis
2106 5146 2208 5199 pro
2245 5145 2393 5182 com-

830 5220 1402 5289 nunictquihusdam
1458 5221 1686 5287 privatis
1739 5224 1992 5288 personis
2044 5219 2388 5288 petebamus,

815 5327 926 5381 que
947 5323 1000 5366 et
1026 5313 1078 5364 in
1108 5313 1318 5379 scripto
1344 5310 1397 5363 in
1425 5326 1536 5379 quo
1561 5310 1995 5378 subscripsimus
2010 5311 2391 5374 continentur,

815 5415 877 5458 ct
910 5403 1366 5458 restaurationem
1415 5417 1517 5471 pro
1559 5401 1626 5454 iis
1656 5402 1854 5456 factam
1891 5401 2050 5456 nobis
2087 5403 2392 5471 placentem

821 5493 1155 5564 recipientes
1197 5492 1501 5547 secandum
1532 5494 1677 5560 quod
1730 5508 1832 5545 nos
1877 5493 2183 5560 iniunctum
2228 5492 2396 5546 habe-

823 5585 1018 5638 bamus
1045 5597 1076 5634 a
1108 5591 1377 5651 potestate
1397 5597 1455 5635 et
1479 5581 1755 5635 connnuui
1787 5583 2018 5635 eiusilio
2049 5584 2290 5636 civitatis
2326 5583 2394 5637 de

826 5674 1026 5743 placito
1052 5683 1246 5728 nostro
1290 5695 1302 5726 :
1338 5674 1590 5738 juramus
1621 5689 1775 5740 super
1821 5688 2008 5726 saneta
2045 5674 2136 5727 Dei
2164 5691 2400 5744 evaugec

824 5765 924 5836 lia,
970 5782 1134 5838 super
1188 5765 1571 5822 hoaoratiletn
1636 5773 1691 5820 et
1751 5765 2080 5820 vivilicatam
2141 5782 2396 5830 eiucem,

2487 4603 2543 4648 et
2564 4592 2630 4645 ad
2659 4602 2902 4644 nostram
2931 4591 3286 4643 serenitatem
3321 4605 3417 4656 per
3449 4606 3543 4642 vos
3573 4599 3627 4644 et
3659 4592 3930 4644 nunciuno
3955 4593 4072 4662 ejus

2489 4681 2782 4742 miserunt,
2821 4696 2927 4746 que
2954 4695 3148 4747 nempe
3181 4694 3442 4746 expresse
3474 4681 3550 4732 sic
3577 4681 3827 4733 continet
3890 4699 3905 4732 :

2565 4789 2583 4820 ι
2620 4769 2677 4822 lu
2715 4771 2940 4822 nomine
2996 4766 3209 4819 Domini
3245 4768 3417 4820 nostri
3445 4767 3573 4820 Jesu
3622 4768 3855 4830 Christi,
3891 4785 4071 4822 amen.

2496 4877 2514 4910 ι
2549 4858 2658 4912 Nos
2696 4872 2888 4912 omnes
2912 4855 3258 4910 habitatores
3288 4856 3528 4909 civitatis
3583 4868 3637 4910 et
3675 4869 3819 4910 terre
3881 4859 4073 4912 i'isane

2495 4967 2516 4999 ι
2555 4948 2925 5016 promittimus
2951 4948 3070 5003 tibi.
3114 4948 3460 4998 sanctissimo
3493 4947 3809 5016 imperatori
3849 4953 4075 5003 domum

2497 5059 2515 5091 σ
2550 5040 2763 5102 Alexio,
2810 5049 2864 5092 et
2895 5039 3120 5092 domino
3153 5038 3392 5093 Johanni
3451 5039 3652 5092 dilecto
3698 5042 3810 5093 lilio
3881 5051 3978 5094 tuo
4023 5053 4077 5096 et

2499 5131 2864 5198 tttnperatori
2944 5129 3447 5198 Porphyrogenito,
3534 5131 3678 5198 quod
3760 5147 3862 5183 nos
3929 5143 4076 5183 totos

2499 5244 2517 5276 ι
2557 5225 2788 5277 Pisanus
2825 5221 3059 5290 populus
3096 5222 3163 5274 ab
3193 5221 3294 5274 ista
3331 5221 3462 5272 hora
3522 5230 3578 5273 et
3633 5222 3685 5274 in
3740 5232 3904 5276 antea
3966 5241 4072 5276 non

2500 5332 2518 5366 ι
2554 5314 2762 5367 erimus
2816 5313 2868 5364 in
2925 5313 3156 5365 consilio
3191 5323 3284 5365 aut
3321 5315 3462 5367 facto
3507 5331 3604 5381 per
3636 5316 3780 5383 quod
3829 5317 4076 5382 perdatls

2504 5438 2516 5455 .
2559 5421 2653 5456 vos
2723 5402 3012 5471 imperium
3090 5413 3332 5456 vestrum
3401 5405 3481 5456 vel
3558 5405 3925 5469 Rotnaniam,
3991 5407 4072 5457 \el

2505 5512 2522 5544 ι
2564 5493 2768 5546 insulas
2804 5493 2970 5544 maris
3001 5491 3080 5544 \el
3126 5501 3324 5554 terras,
3372 5510 3509 5561 quas
3543 5495 3704 5546 modo
3732 5495 3937 5547 tenetis
3973 5496 4077 5547 sub

2503 5605 2521 5636 ι
2563 5594 2737 5637 vestra
2765 5592 3024 5653 potestate
3044 5595 3099 5636 et
3125 5601 3260 5652 quas
3289 5586 3357 5636 ali
3405 5587 3502 5638 hac
3537 5587 3669 5638 hora
3692 5588 3761 5637 'in
3793 5596 3954 5638 antea
3984 5603 4077 5638 εισ-

2509 5697 2524 5726 ι
2564 5677 2795 5742 quiretis
2826 5692 2853 5726 a
2879 5675 3158 5730 (Ihroatia.
3186 5677 3447 5728 Dalmatia
3490 5686 3544 5729 et
3595 5679 3870 5730 ιὶιιιιιιΙιίιι
3906 5695 4077 5744 nsque

2509 5785 2524 5817 ι
2571 5768 2621 5818 in
2661 5765 3040 5820 Alexandriam
3075 5776 3128 5821 et
3164 5768 3333 5835 ipsam
3362 5785 3374 5831 ί
3403 5785 3575 5837 terque
3609 5784 3730 5835 nos,
3757 5771 4000 5822 civitatis
4028 5782 4078 5824 tt
