4236 6442
227 378 324 443 «£77

1290 380 1588 441 NOVELL
1612 384 1657 439 Ε
1702 382 2391 446 CONSTITUTIONES.

3375 372 3478 435 ι’Ἱῆ

230 514 249 545 ι
283 507 427 548 terre
451 495 650 547 Ptsane
690 494 1054 555 habitatores,
1092 498 1440 563 paciscamur
1463 512 1589 551 cum
1626 500 1809 566 aliqua
1841 506 1883 557 Λ
1913 500 2252 554 habitatores
2281 500 2520 555 civitatis
2549 509 2604 554 et
2629 507 2778 554 terre
2809 496 3006 552 Pisano
3059 492 3353 550 observare
3388 489 3490 545 ξων

231 604 249 636 ι
286 600 523 653 persona
550 586 633 640 vel
669 587 876 655 populo
903 586 1222 641 mimieante
1259 588 1494 655 imperio
1521 600 1707 641 vestro
1743 588 1807 641 ad

231 695 252 727 ‹
284 674 650 730 auferendum
675 694 703 730 a
729 678 887 733 vobis
907 686 1151 731 vestrum
1177 678 1470 745 imperium
1494 679 1577 732 vel
1607 680 1777 732 ltoma
1794 709 1809 718 --

230 784 250 816 σ
282 767 457 828 niam,
483 768 569 821 vel
608 768 821 836 aliquas
858 769 1072 837 imperii
1108 769 1276 822 vestri
1311 777 1507 824 terras.
1542 770 1623 822 vel
1659 770 1813 823 insu-

230 870 251 900 ς
288 852 407 916 las,
469 868 610 921 quas
660 870 810 909 nunc
862 856 965 909 sub
1027 842 1300 925 potestate
1369 857 1585 925 imperii
1643 859 1809 911 vestri

231 959 251 991 ι
291 944 513 1007 tenetis,
543 953 639 997 aut
682 961 821 1013 quas
864 947 1157 1014 acquirere
1199 948 1414 1003 debetis
1438 952 1508 1002 ab
1538 950 1639 1003 hac
1676 950 1810 1004 hora

232 1052 251 1084 ‹
288 1033 344 1085 in
403 1045 564 1087 antea
614 1050 644 1088 a
696 1034 981 1098 Chroatia,
1032 1038 1297 1092 Dalmatia
1344 1048 1402 1093 et
1439 1039 1713 1094 Dn’raehio
1757 1049 1812 1094 et

238 1141 255 1172 ι
296 1139 471 1191 usque
528 1124 582 1177 in
631 1126 1015 1180 Alexandriam
1045 1136 1102 1179 et
1136 1127 1344 1196 ipsam;
1398 1138 1454 1183 et
1501 1131 1545 1182 si
1570 1145 1637 1183 ex
1666 1141 1810 1185 terre

234 1233 253 1262 ι
293 1214 702 1269 habitatoribus
733 1227 922 1270 nostre
962 1227 1018 1272 et
1064 1216 1378 1275 hominibus
1401 1221 1606 1274 nostris
1641 1222 1810 1289 aliqui

232 1322 251 1352 σ
286 1304 552 1360 damnum
584 1308 818 1377 imperio
861 1307 1048 1363 vestro
1083 1309 1319 1364 fecerint
1356 1320 1414 1364 et
1457 1312 1511 1364 in
1545 1310 1811 1367 Romania

234 1415 255 1446 σ
284 1395 515 1456 fuerint.
556 1408 611 1452 et
637 1398 841 1467 quesiti
871 1400 941 1454 ab
997 1402 1233 1470 imperio
1262 1411 1449 1456 vestro
1479 1402 1707 1463 fuerint.
1742 1404 1811 1457 de

236 1507 254 1537 ι
286 1488 368 1542 eis
400 1489 779 1543 emendabunt
833 1490 1095 1545 damnum
1154 1492 1301 1562 juste
1329 1504 1386 1548 et
1420 1494 1810 1559 concorditer;

236 1598 255 1629 ι
291 1591 347 1634 et
375 1581 423 1633 si
464 1581 518 1634 in
549 1582 815 1637 Bouiania
870 1599 977 1637 non
1025 1584 1236 1638 fuerint
1285 1595 1342 1639 et
1402 1584 1554 1639 Pisas
1606 1587 1811 1639 reversi

235 1691 253 1721 ε
286 1670 514 1733 fuerint,
545 1681 600 1726 et
629 1683 816 1727 notum
862 1672 1071 1728 factum
1114 1675 1303 1740 fuerit,
1332 1676 1375 1729 si
1410 1675 1640 1731 heredes
1671 1677 1813 1731 Pisis

236 1781 255 1811 ε
291 1763 608 1826 habuerint,
635 1766 941 1841 secundum
970 1768 1121 1821 vires
1143 1768 1444 1823 substantie
1468 1770 1811 1823 emendatio—

235 1872 252 1901 ι
290 1870 414 1906 nent
448 1836 713 1910 faciemus
739 1858 885 1926 iuste
926 1859 1007 1911 vel
1042 1860 1363 1923 concordia,
1399 1871 1633 1930 excepto
1661 1871 1811 1916 tanto
1842 1836 1887 1894 Β

148 1938 153 1945 ’
236 1976 254 1999 ι
292 1962 560 2017 quantum
596 1936 903 2007 remanebit
933 1968 999 2007 ex
1039 1968 1311 2008 consensu
1351 1964 1405 2010 et
1432 1955 1602 2009 verbo
1633 1958 1807 2009 nuntii

236 2060 255 2091 θ
292 2042 377 2096 vel
418 2042 741 2096 nuntiorum
778 2044 993 2112 imperii
1026 2045 1219 2100 vestri.
1251 2044 1309 2099 Si
1346 2046 1599 2100 homines
1637 2046 1810 2102 nostri

234 2149 253 2181 ι
292 2132 348 2185 in
374 2140 523 2187 terra
556 2134 771 2203 imperii
805 2136 975 2189 vestri
1023 2135 1258 2198 fuerint,
1304 2137 1389 2191 vel
1415 2137 1812 2193 Constantino-

234 2240 253 2272 ι
289 2223 399 2292 poli
433 2224 517 2278 vel
550 2225 603 2278 in
635 2226 741 2278 alia
772 2235 917 2280 terra
974 2236 1069 2281 aut
1117 2228 1313 2282 insulis
1370 2230 1585 2298 imperii
1616 2232 1808 2294 vestri,

235 2331 256 2365 ς
293 2315 551 2370 volumus
597 2325 653 2371 et
710 2317 1103 2372 conﬁrmamus
1166 2329 1247 2379 ut.
1302 2320 1350 2375 si
1399 2321 1610 2375 inimici
1643 2323 1809 2376 vestri

234 2427 253 2461 ι
289 2409 696 2463 insurrexerint
725 2412 897 2480 gratia
930 2411 1287 2481 impugnandi
1323 2412 1378 2465 in
1421 2413 1677 2481 partibus
1708 2413 1812 2470 illis

234 2520 251 2548 ι
291 2500 347 2553 in
374 2500 579 2569 quibus
607 2501 784 2555 nostri
816 2510 965 2562 sunt.
1008 2511 1067 2555 et
1096 2517 1320 2557 necesse
1355 2502 1523 2556 fuerit
1560 2514 1618 2558 ut
1649 2505 1809 2574 adju-

232 2610 265 2641 ι
287 2606 418 2646 vent
448 2592 703 2646 homines
731 2602 970 2652 vestros.
1007 2594 1185 2649 terras
1212 2596 1425 2649 vestras
1449 2584 1811 2651 defendemus

232 2701 250 2734 ι
287 2693 482 2738 contra
505 2699 701 2739 omnes
734 2685 992 2740 inimicos
1008 2696 1245 2741 vestros.
1281 2688 1596 2747 Hecomnia
1618 2704 1812 2757 supra-

234 2793 255 2827 ς
290 2778 495 2843 scripta
519 2777 941 2831 observabimus
969 2791 1092 2844 nos,
1127 2786 1276 2832 totus
1307 2779 1541 2834 Pisanus
1575 2781 1811 2849 populus

235 2886 253 2917 ι
287 2868 530 2922 civitatis
563 2875 620 2921 et
662 2878 808 2921 terre
836 2868 1055 2935 Pisone,
1100 2868 1224 2931 tibi,
1264 2866 1613 2924 sanctissimo
1641 2871 1812 2941 impe-

236 2977 254 3008 ι
294 2958 464 3012 ratori
497 2958 721 3013 domino
746 2959 955 3022 Alexio,
979 2970 1035 3014 et
1066 2959 1541 3017 desideratisSimo
1569 2962 1685 3017 tilio
1717 2974 1810 3018 tuo

236 3068 254 3101 ι
291 3050 609 3117 imperatori
636 3049 860 3104 domino
915 3051 1154 3106 Johanni
1203 3052 1697 3123 Porphyrogenito,
1730 3060 1808 3109 si-

238 3162 255 3193 r
291 3152 384 3194 cut
435 3141 690 3210 superius
734 3142 1000 3210 scriptum
1047 3153 1151 3206 est,
1206 3145 1525 3213 incorrupta
1582 3155 1639 3200 et
1680 3160 1807 3199 eum

231 3254 249 3285 ι
286 3250 416 3288 vera
465 3234 590 3293 fide,
638 3234 758 3288 sine
804 3234 996 3289 fraude
1044 3245 1099 3289 et
1149 3236 1292 3289 titalo
1341 3236 1593 3306 ingenio,
1651 3239 1809 3292 vobis

235 3343 252 3374 ι
288 3323 788 3379 corroborantibus
852 3340 951 3394 per
995 3325 1390 3394 chrysobnlum
1440 3342 1528 3391 ea,
1590 3344 1696 3395 que
1752 3329 1807 3381 in

231 3434 251 3467 ι
292 3417 508 3485 scripto
534 3427 726 3471 nostro
767 3418 1143 3482 continentur,
1185 3427 1241 3471 et
1275 3420 1713 3474 observantibus
1745 3435 1807 3473 ea

231 3528 251 3561 ς
288 3510 475 3563 nobis.

356 3599 471 3652 Hoc
533 3599 736 3653 factum
796 3609 881 3655 est
945 3615 1090 3654 anno
1136 3601 1537 3657 incarnationis
1588 3602 1809 3660 Domini

233 3709 251 3741 ι
290 3690 584 3744 millesimo
632 3692 935 3745 centesimo
998 3693 1309 3757 undecimo,
1353 3705 1551 3762 quarto
1594 3696 1809 3751 decimo

230 3802 249 3835 ι
290 3781 657 3837 Kalendarum
707 3784 857 3846 Maii,
909 3784 1230 3839 indictionis
1273 3787 1433 3840 tertie
1485 3797 1541 3841 et
1573 3787 1807 3854 decime,

232 3892 251 3922 ι
289 3873 347 3926 in
396 3875 676 3942 presentia
736 3875 1138 3944 archiepiscopi
1194 3876 1587 3945 Amalphitani,
1638 3878 1807 3933 Musei

227 3984 248 4014 ι
283 3964 492 4035 judicis
520 3956 890 4034 Amalphita'ni
918 3976 974 4019 et
995 3967 1283 4020 consulum
1323 3968 1669 4021 I’isanorum.
1709 3988 1726 4019 ι

306 4074 324 4106 ι
358 4055 456 4110 His
507 4055 692 4125 itaque
751 4071 849 4124 per
888 4056 1153 4124 scriptum
1175 4065 1230 4110 et
1277 4066 1681 4111 sacramentum
1740 4059 1810 4111 ab

226 4147 337 4201 illis
361 4148 703 4201 confirmatis
735 4148 788 4201 in
849 4149 1142 4217 praesentia
1175 4149 1412 4202 hominis
1461 4150 1675 4216 imperii
1708 4166 1810 4203 no-

223 4240 331 4294 stri
359 4240 680 4301 Ilesimerii,
724 4240 984 4309 quoniam
1016 4250 1073 4293 et
1099 4256 1195 4293 vos
1223 4240 1374 4294 missi
1408 4240 1476 4294 ab
1513 4241 1620 4295 illis
1653 4245 1809 4306 estis,

226 4330 493 4383 videlicet
558 4329 737 4384 Guido
787 4331 1024 4384 clericus
1074 4340 1130 4384 et
1190 4330 1456 4393 Bonfilius
1511 4332 1810 4400 presbiter,

223 4420 496 4475 Girardus
533 4413 868 4482 vicecomes,
895 4421 1259 4476 l-ldebrandus
1319 4421 1491 4476 frater
1542 4423 1809 4486 Rainerii,

1914 596 2069 661 perio
2092 604 2281 648 nostro
2308 602 2362 648 et
2407 594 2697 655 Romanie,
2759 589 3050 646 constituit
3098 598 3156 642 et
3196 583 3491 654 imperium

1913 698 2162 743 nostrum
2198 702 2296 757 per
2322 702 2548 757 presens
2579 684 2975 755 chrysobulum
3031 680 3264 735 verbum
3306 676 3425 731 dari
3460 690 3493 730 a

1913 789 2097 835 nostra
2134 781 2453 839 serenitate.
2504 792 2615 831 non
2652 778 2841 833 solum
2871 776 2925 829 in
2962 774 3070 827 vita
3123 786 3244 833 sua,
3281 768 3379 823 sed
3437 776 3493 821 et

1914 882 2036 942 post
2093 872 2307 924 obitum
2377 886 2537 924 suum
2574 886 2603 922 a
2644 864 3114 923 desideratissimo
3136 863 3248 916 ﬁlio
3302 868 3493 915 nostro

1917 963 2249 1032 imperatore
2275 961 2500 1015 domino
2547 959 2799 1015 Johanne
2855 951 3351 1025 Porpbyrogenito,
3402 948 3490 1003 Pi-

1914 1070 2044 1110 sane
2068 1056 2299 1109 ecclesie
2327 1069 2435 1123 que
2461 1053 2563 1107 sub
2594 1048 2821 1107 nomine
2852 1061 3039 1104 sancte
3071 1045 3169 1101 Dei
3189 1043 3491 1101 f'venitricis

1915 1158 2017 1212 est,
2049 1164 2146 1219 per
2164 1159 2615 1213 unumquemque
2636 1158 2840 1198 annum
2867 1143 3192 1197 nomismata
3221 1156 3487 1212 yperpera

1915 1241 2018 1295 400
2067 1248 2123 1293 et
2149 1239 2311 1308 pallia
2342 1239 2491 1303 duo;
2543 1236 2768 1289 domino
2818 1234 3022 1289 dilecto
3075 1233 3494 1301 archiepiscopo

1914 1330 2161 1386 Pisarum
2210 1332 2533 1382 nomismata
2573 1326 2771 1380 similia
2826 1325 2895 1378 ϐυ
2949 1333 3004 1376 et
3031 1323 3259 1393 pallium
3287 1318 3489 1382 unum;

1914 1422 2207 1476 Lamberto
2252 1418 2448 1489 iudici,
2491 1412 2735 1472 carletto
2774 1425 2829 1469 et
2882 1411 3130 1469 Antonio‘
3170 1412 3495 1467 nomismata

1914 1511 2113 1566 similia
2147 1509 2271 1571 100.
2307 1522 2366 1564 et
2412 1516 2536 1576 post
2575 1508 2791 1561 obitum
2840 1505 3036 1557 horum
3079 1504 3365 1561 dabuntur
3399 1518 3494 1555 ec-

1914 1602 2103 1657 ciesie.
2135 1599 2533 1655 Commertium
2583 1596 2651 1651 de
2705 1611 2841 1650 auro
2877 1606 2934 1649 et
2972 1603 3200 1662 argento
3224 1591 3369 1661 quod
3412 1591 3493 1643 af-

1917 1692 2126 1748 feretur
2149 1707 2179 1745 a
2216 1690 2393 1751 vobis.
2421 1705 2531 1744 non
2558 1687 2759 1743 dabitis
2781 1687 2892 1740 ullo
2911 1685 3095 1740 modo.
3120 1684 3196 1738 De
3220 1681 3494 1736 mercibus

1916 1798 2054 1853 quas
2086 1782 2330 1837 afferetis
2373 1781 2444 1835 de
2490 1788 2636 1834 terra
2683 1785 2866 1831 vestra
2908 1786 2965 1830 et
2994 1778 3063 1830 de
3096 1772 3294 1828 alienis
3331 1770 3495 1828 terris

1916 1890 2027 1929 non
2057 1873 2475 1944 subiacentibus
2515 1868 2769 1925 servituti
2814 1867 3033 1936 imperii
3062 1867 3257 1929 nostri,
3288 1864 3494 1919 dabitis

1914 1966 2086 2035 gratia
2117 1965 2430 2020 eommertii
2458 1963 2523 2017 de
2553 1960 3000 2030 vigintiquinque
3034 1974 3207 2013 unum
3249 1967 3305 2012 et
3350 1956 3491 2012 nihii

1913 2059 2167 2127 amplius.
2199 2056 2356 2112 Scala
2389 2056 2616 2111 dabitur
2650 2056 2806 2111 vobis
2838 2054 2890 2106 in
2925 2068 3034 2122 qua
3060 2051 3295 2105 debeant
3327 2065 3497 2104 naves

1914 2162 2094 2205 vestre
2133 2150 2407 2218 applicare
2433 2157 2496 2202 et
2539 2163 2709 2202 onera
2737 2161 2927 2199 carum
2960 2143 3197 2213 deponi:
3245 2150 3299 2196 et
3342 2143 3497 2196 locus

1913 2240 2228 2309 negotiandi
2273 2253 2433 2307 aptus
2477 2248 2534 2294 et
2570 2238 2912 2293 conveniens
2958 2251 3082 2290 cum
3140 2234 3491 2293 habitaculis,

1915 2338 1974 2383 ut
2003 2328 2283 2397 reponatis
2311 2342 2524 2383 merces
2550 2336 2769 2383 vestras
2798 2338 2855 2381 et
2906 2324 3184 2378 habitetis.
3227 2323 3491 2377 Similiter

1913 2433 1970 2477 et
1995 2422 2049 2476 in
2081 2438 2277 2491 magna
2325 2420 2670 2477 sanctissima
2716 2420 2810 2474 Dei
2851 2418 3108 2483 ecclesia,
3164 2427 3350 2472 sancta
3390 2417 3496 2471 So-

1926 2516 2079 2585 phia,
2108 2514 2333 2569 dabitur
2362 2514 2522 2569 vobis
2554 2514 2708 2567 locus
2734 2512 2915 2567 standi
2958 2527 2987 2565 a
3012 2510 3361 2565 sanctissimo
3395 2525 3495 2578 pa-

1919 2606 2154 2662 triarca:
2186 2616 2244 2661 et
2266 2606 2321 2659 in
2348 2604 2721 2676 yppodromio
2767 2602 2992 2656 dabitur
3024 2601 3184 2655 vobis
3213 2601 3370 2654 locus
3397 2600 3493 2653 ubi

1914 2696 2161 2751 debeatis
2209 2696 2406 2751 sedere
2450 2695 2506 2749 in
2546 2695 2636 2749 die
2675 2693 3048 2764 yppodromii.
3101 2692 3156 2747 Si
3191 2690 3493 2759 depredata

1914 2791 2080 2846 fuerit
2108 2790 2265 2845 navis
2293 2799 2474 2845 vestra
2507 2788 2562 2843 in
2595 2797 2741 2842 terra
2778 2786 2993 2855 imperii
3044 2788 3242 2848 nostri,
3272 2793 3330 2839 et
3364 2799 3492 2853 per-

1912 2883 2026 2939 dite
2058 2884 2266 2936 fuerint
2294 2897 2382 2937 res
2407 2893 2612 2945 vestre,
2644 2880 2825 2934 ablate
2848 2878 2917 2932 ab
2947 2877 3227 2947 aliquibus
3263 2876 3357 2945 qui
3384 2875 3490 2931 sub

1914 2975 2160 3045 potentia
2188 2973 2405 3043 imperii
2439 2973 2613 3026 nostri
2640 2980 2792 3036 sunt,
2816 2969 2980 3023 faciet
3009 2964 3162 3022 vobis
3194 2965 3491 3021 clementia

1914 3068 2127 3135 imperii
2158 3067 2333 3121 nostri
2362 3065 2642 3136 justiciam
2688 3073 2745 3117 et
2793 3060 3237 3118 emendationem
3287 3072 3492 3114 eonve«

1912 3160 2084 3213 nienti
2129 3168 2396 3229 tempere,
2424 3166 2710 3226 postquam
2760 3155 3050 3223 probatum
3102 3152 3296 3207 fuerit.
3327 3152 3492 3205 Navis

1916 3261 2097 3307 vestra
2156 3252 2202 3305 si
2253 3250 2425 3305 fracta
2484 3248 2651 3303 fuerit
2712 3247 2851 3301 infra
2911 3243 3214 3313 potentiam
3272 3243 3487 3309 impert"

1912 3346 2109 3404 nostri,
2143 3360 2232 3397 res
2268 3350 2479 3396 vestras
2504 3356 2641 3411 quas
2673 3355 2771 3394 vos
2797 3339 3043 3391 liberatis
3097 3345 3152 3389 et
3198 3334 3492 3388 extrahitis

1913 3436 2094 3490 salvas
2143 3435 2420 3490 habebitis
2452 3434 2572 3488 sine
2619 3433 2813 3497 dubio,
2862 3440 2919 3486 et
2967 3432 3088 3485 illas
3122 3438 3304 3482 autem
3351 3442 3490 3496 quas

1913 3525 2106 3579 Romei
2157 3526 2455 3579 extrahant
2490 3524 2816 3594 adiuvantes
2859 3522 3157 3584 habebitis,
3188 3520 3383 3574 dantes
3409 3535 3491 3571 ξιξ

1914 3619 2222 3672 mercedem
2297 3616 2602 3671 secundum
2665 3615 2767 3669 loci
2837 3597 3320 3675 consuetudinem,
3380 3616 3483 3664 nist

1915 3710 2054 3763 forte
2092 3710 2237 3763 inter
2268 3723 2363 3763 vos
2394 3718 2449 3762 et
2478 3722 2573 3762 eos
2616 3707 2823 3774 aliquid
2852 3706 3001 3759 aliud
3038 3713 3236 3773 sponte
3268 3712 3493 3772 pactum.

1914 3799 2103 3853 fuerit.
2136 3798 2348 3853 Merces
2390 3809 2603 3851 vestras
2633 3811 2773 3865 quas
2804 3794 3051 3849 aﬂ‘eretis
3074 3793 3145 3846 de
3179 3801 3322 3845 terra
3362 3807 3488 3844 ves-

1915 3899 2021 3948 tra.
2057 3889 2139 3943 vel
2166 3889 2235 3943 de
2261 3888 2455 3942 alienis
2480 3889 2641 3941 terris
2678 3902 2784 3940 non
2820 3886 3233 3955 subiacentibus
3258 3886 3491 3950 imper.-,

1916 3987 2128 4043 nostro,
2162 3987 2454 4047 postquam
2492 3978 2559 4031 ad
2594 3978 2888 4045 imperium
2917 3987 3165 4029 nostrum
3202 3990 3299 4027 vos
3325 3990 3489 4027 vene»

1916 4070 2061 4135 ritis,
2126 4070 2241 4125 sive
2294 4069 2833 4139 Constantinopolim
2884 4070 2998 4122 sive
3036 4069 3088 4121 in
3118 4067 3352 4120 insulam
3389 4082 3458 4119 tm

1916 4163 2053 4231 perii
2112 4163 2309 4225 nostri,
2368 4161 2641 4215 habebitis
2695 4161 2975 4215 licentiam
3030 4158 3354 4213 extrahendi
3434 4166 3492 4211 ei.

1914 4250 2190 4306 vendendi
2239 4253 2291 4304 in
2344 4252 2466 4305 loco
2501 4252 2552 4304 in
2587 4267 2699 4319 quo
2747 4250 3142 4319 applicueritis,
3184 4260 3239 4303 et
3275 4259 3381 4303 tam
3413 4250 3490 4302 iul

1915 4358 2078 4409 quam
2111 4342 2240 4396 alibi
2272 4342 2412 4396 infra
2438 4343 2832 4397 continentiam
2870 4342 3115 4410 potentie
3147 4350 3333 4395 nostre
3363 4341 3480 4409 quin

1920 4432 2260 4500 buscumque
2310 4431 2619 4491 volueritis,
2664 4430 2818 4485 nullo
2868 4431 2976 4484 alio
3006 4438 3166 4498 pacto
3196 4430 3282 4483 vel
3324 4429 3494 4482 modo

224 4511 471 4567 Alferius
514 4513 729 4577 consul,
784 4513 984 4567 Petrus
1029 4513 1219 4582 judex,
1253 4513 1434 4566 tiuido
1497 4513 1645 4567 illius
1675 4514 1807 4568 Boni
1846 4536 1887 4589 ι)

1846 4536 1887 4589 D
1916 4529 2107 4576 contra
2125 4522 2464 4576 voluntatem
2485 4530 2721 4574 vestram
2748 4519 3081 4587 precipientc
3100 4518 3153 4570 in
3171 4518 3489 4571 venditione

225 4604 434 4672 Pipini,
465 4602 814 4657 0dimundus
838 4604 1166 4672 Curopalata
1198 4603 1342 4658 filius
1377 4602 1545 4667 Oddi,
1578 4616 1632 4658 et
1665 4606 1813 4659 litte-

224 4710 319 4747 ras
340 4695 574 4762 imperio
614 4704 806 4749 nostro
836 4694 1102 4749 attulistis
1160 4688 1298 4763 quas
1335 4695 1411 4748 illi
1466 4710 1660 4749 omnes
1712 4712 1811 4766 per

226 4802 328 4841 vos
390 4787 457 4840 ad
522 4787 814 4856 imperium
867 4787 1163 4851 miserunt,
1223 4797 1280 4841 et
1307 4786 1699 4842 continebatur
1754 4790 1809 4842 in

222 4881 436 4935 litteris
466 4893 659 4932 eorum
695 4877 823 4942 hoc,
884 4886 945 4931 ut
995 4892 1058 4931 ea
1090 4892 1198 4947 que
1234 4876 1469 4932 deerant
1517 4892 1614 4931 vos
1639 4878 1811 4931 adim-

224 4976 453 5047 pleretis
477 4988 491 5041 ;
528 4975 633 5044 hoc
654 4989 751 5044 per
776 4974 1040 5044 scriptum
1057 4983 1113 5028 et
1142 4983 1551 5029 sacramentum
1580 4981 1808 5027 vestras-

222 5081 335 5136 que
364 5065 805 5133 subscriptiones
844 5064 1236 5128 confirmas-tis,
1282 5063 1433 5132 quod
1479 5061 1663 5116 omnia
1699 5077 1808 5129 que

218 5162 292 5213 ab
324 5158 438 5212 illis
468 5167 624 5225 pacta
656 5164 789 5208 sunt
823 5155 893 5209 ad
926 5155 1220 5224 imperium
1257 5165 1509 5210 nostrum
1547 5162 1605 5209 et
1661 5153 1809 5206 desi-

221 5250 635 5306 deratissimum
655 5247 833 5303 filium
858 5249 977 5318 ejus
999 5250 1382 5318 imperatorem
1406 5256 1462 5303 et
1480 5246 1806 5301 Romaniam

218 5358 323 5413 per
356 5350 791 5406 sacramentum,
823 5341 1064 5395 universi
1097 5340 1439 5394 habitatores
1475 5338 1716 5393 civitatis
1747 5348 1805 5393 et

219 5444 373 5489 terre
398 5431 594 5487 Pisane
624 5432 1026 5495 confirmarint,
1060 5441 1117 5486 et
1152 5432 1531 5486 observabunt
1570 5431 1723 5483 firma
1751 5438 1807 5485 et

222 5514 514 5587 inviolata,
577 5524 721 5578 sicut
766 5524 871 5577 hoe
917 5523 1178 5593 intelligit
1213 5523 1503 5592 imperium
1551 5532 1803 5577 nostrum

223 5619 293 5673 ad
326 5618 631 5688 proficuum
657 5624 715 5671 et
745 5616 1011 5671 honorem
1050 5630 1208 5671 suum
1239 5624 1295 5670 et
1319 5672 1324 5684 ,
1348 5610 1803 5671 desideratissimi

224 5709 325 5763 ﬁlii
356 5709 441 5763 sui
473 5719 530 5763 et
555 5719 700 5785 terre
741 5708 986 5777 potentie
1010 5716 1221 5771 nostre,
1249 5722 1464 5777 magne,
1509 5706 1687 5761 medie
1747 5714 1804 5760 ct

226 5806 436 5862 ultime.
472 5806 555 5861 0b
590 5791 751 5860 fidem
785 5804 950 5875 igitur
990 5818 1154 5875 quam
1190 5801 1546 5872 disposuistis
1595 5816 1788 5856 omnes

1913 4624 1970 4669 et
1999 4612 2452 4675 commutatione,
2475 4610 2725 4681 exceptis
2750 4609 2994 4663 inimicis
3023 4608 3243 4676 imperii
3269 4608 3441 4661 nostri
3467 4624 3485 4671 ;

1912 4715 1969 4759 et
2022 4705 2225 4760 dabitis
2284 4714 2342 4760 et
2400 4704 2455 4758 in
2512 4704 2598 4759 his
2630 4707 3012 4773 commertium
3058 4703 3202 4755 sicut
3236 4700 3490 4767 superius

1913 4797 2120 4850 dictum
2155 4804 2258 4862 est.
2292 4795 2441 4849 Alias
2487 4804 2669 4849 autem
2706 4809 2918 4848 merces
2953 4806 3061 4862 que
3090 4793 3159 4846 de
3218 4792 3487 4853 Rotnania

1911 4896 2060 4949 sunt,
2097 4887 2338 4941 venditis
2367 4887 2511 4941 sicut
2550 4886 2761 4947 Romei,
2788 4895 2844 4937 et
2869 4883 3074 4937 dabitis
3097 4884 3238 4936 sicut
3263 4881 3482 4935 Romei.

1912 4950 2366 5045 Littere’imperii
2403 4973 2576 5028 nostri
2617 4974 2907 5027 mittentur
2952 4972 3017 5025 ad
3068 4982 3240 5025 terras
3276 4970 3397 5038 ejus
3429 4969 3483 5022 in

1911 5068 2113 5136 quibus
2152 5065 2521 5137 applicabitis,
2562 5073 2621 5119 ut
2653 5064 2825 5118 duces
2856 5065 2910 5118 in
2941 5062 3022 5116 eis
3053 5063 3360 5116 existentes
3388 5075 3485 5113 co-

1911 5171 2175 5230 gnoscant
2214 5158 2375 5213 iidem
2423 5171 2618 5228 puram
2672 5166 2729 5211 et
2779 5155 3103 5227 servitutem
3151 5162 3387 5207 vestram
3427 5160 3485 5205 et

1910 5265 2016 5316 que
2039 5249 2108 5303 ab
2139 5248 2371 5318 imperio
2404 5256 2595 5301 nostro
2628 5246 2783 5298 vobis
2808 5244 3105 5297 constituta
3138 5251 3263 5295 sunt
3288 5248 3345 5295 et
3376 5252 3485 5307 que

1911 5344 2147 5413 imperio
2189 5348 2385 5395 nostro
2436 5355 2466 5393 a
2518 5338 2696 5401 vobis,
2739 5346 3014 5406 quatenus
3050 5349 3163 5389 ron
3204 5340 3484 5400 transgre-

1908 5436 2129 5491 diantur
2180 5447 2288 5502 que
2326 5432 2394 5485 ab
2432 5430 2666 5499 imperio
2715 5437 2905 5482 nostro
2944 5433 3103 5495 pacta
3145 5432 3277 5478 sunt
3306 5422 3481 5477 duces

1907 5535 1964 5581 et
1989 5524 2186 5593 reliqui
2217 5523 2310 5593 qui
2339 5521 2441 5577 sub
2473 5526 2746 5589 potestate
2777 5515 2994 5585 imperii
3024 5514 3198 5569 nostri
3238 5522 3386 5567 sunt.
3413 5511 3482 5566 Et

1908 5617 1950 5670 si
1979 5610 2472 5681 accideritaliqnid
2510 5611 2774 5679 injustum
2818 5606 2957 5668 fieri,
2990 5605 3364 5659 vindicabitur
3411 5602 3483 5655 ab

1909 5707 1994 5768 iis,
2020 5706 2218 5774 fietque
2241 5702 2552 5757 emendatio
2573 5702 2743 5771 justa.
2771 5698 2840 5754 Ut
2859 5708 2910 5752 et
2941 5697 3010 5751 ah
3030 5695 3263 5764 imperio
3292 5700 3490 5746 nostro

1911 5800 1961 5852 in
1995 5797 2253 5853 omnibus
2280 5794 2445 5851 terris
2470 5793 2715 5865 potentie
2744 5797 2928 5846 nostre
2956 5797 3011 5843 et
3045 5784 3242 5843 insulis
3270 5785 3322 5839 in
3354 5782 3479 5853 qui-
