4236 6442
760 343 869 408 4ἷ9

1964 342 2214 403 ISAACI
2253 340 2541 401 ANGELI
2582 340 2741 401 IMP.

3916 324 4031 386 ‘80

762 460 867 513 bus
893 456 1198 525 applicatis,
1233 455 1396 509 iidem
1432 457 1585 510 vobis
1612 456 1717 508 loci
1745 464 2033 507 serventur
2059 452 2333 506 eteadem
2366 458 2409 510 Α
2442 452 2493 505 iu
2548 453 2788 521 praetieo
2821 451 2955 521 ipsis
3020 450 3163 506 facto
3234 447 3587 503 notiflcantur
3612 484 3625 508 ,
3691 456 3798 511 que
3862 438 4034 508 huius

763 547 1080 602 emendatis
1116 545 1225 597 liat.
1266 545 1321 599 Si
1379 546 1447 599 ab
1476 545 1660 612 aliquo
1710 544 2097 597 Veneticorum
2143 551 2237 596 aut
2266 542 2335 595 ab

764 638 951 705 aliquo
980 637 1199 690 homine
1244 637 1558 704 SlliljaCCIllt‘.
1611 635 1846 703 imperio
1906 642 2098 687 nostro
2142 647 2338 701 passus

767 728 934 781 fuerit
956 727 1187 780 Pisanus
1215 725 1487 794 quispiam
1524 733 1680 777 atrox
1716 723 1959 776 dedecus
2001 721 2087 774 vel
2122 731 2336 789 tttrpetn

766 818 1024 888 iniuriam
1056 830 1149 871 aut
1184 818 1249 871 de
1279 817 1443 869 rebus
1474 816 1590 869 suis
1637 816 1916 872 damnum.
1967 813 2128 867 faciet
2165 813 2338 880 impe-

768 910 912 961 rium
943 922 1188 963 nostrum
1216 908 1682 967 emendationem,
1726 916 2011 973 postquam
2045 903 2336 972 probatum

762 1000 953 1065 fue:i!,
1006 1002 1049 1053 si
1116 1009 1300 1053 nostre
1359 998 1636 1053 serenitati
1687 997 1917 1050 relatum
1978 995 2146 1050 fuerit
2200 994 2340 1046 infra

767 1101 981 1159 tempus
1014 1092 1184 1159 legale
1216 1105 1266 1145 et
1296 1090 1632 1143 conveniens
1681 1090 1733 1141 in
1786 1089 1935 1140 omni
1994 1086 2341 1140 continentia

765 1199 884 1235 sua.
924 1183 1094 1235 [\aves
1143 1192 1322 1235 vestre
1373 1193 1427 1234 et
1460 1181 1713 1233 homines
1751 1180 1915 1232 vestri
1963 1178 2212 1231 volentes
2263 1192 2344 1231 re-

764 1272 886 1325 dire
926 1273 1075 1326 i’isas
1124 1289 1233 1325 non
1292 1271 1764 1339 prohibe-buntur;
1817 1286 1993 1338 neque
2046 1269 2339 1336 imperium

768 1376 1041 1426 nostrum,
1089 1380 1266 1433 neque
1302 1363 1813 1419 desideratissimus
1846 1362 1989 1416 titius
2016 1363 2134 1432 eius
2162 1361 2339 1429 impe-

767 1468 917 1511 rator
976 1457 1516 1526 Porphyrogenitus,
1572 1470 1752 1523 neque
1810 1453 2012 1524 aliquis
2077 1464 2341 1522 precepto

766 1544 944 1598 nostri
972 1560 1068 1612 per
1094 1545 1404 1613 quempiam
1440 1543 1662 1596 modum
1696 1542 1962 1612 iniustitie
1997 1542 2161 1596 faciet
2188 1543 2343 1611 quic-

765 1650 931 1703 quam
976 1634 1030 1687 in
1081 1635 1244 1686 rebus
1273 1633 1470 1686 vestris
1505 1633 1588 1685 vel
1632 1632 1967 1685 hominibus.
1999 1630 2058 1684 Si
2096 1644 2226 1683 vero
2269 1631 2341 1684 ob

768 1723 984 1794 aliqitas
1017 1739 1211 1778 causas
1239 1724 1518 1777 interdum
1547 1723 1750 1776 factum
1784 1722 1973 1786 fuerit,
2016 1736 2114 1792 per
2141 1736 2344 1776 conve-

768 1815 927 1869 niens
969 1825 1183 1884 tempus
1216 1814 1621 1869 emendabitur.
1657 1812 1714 1867 Si
1738 1813 1938 1883 aliquis
1968 1823 2213 1867 vestrum
2248 1828 2339 1868 re-

768 1905 1153 1960 clamationem
1190 1905 1399 1967 fecerit,
1435 1919 1541 1957 non
1580 1904 1897 1973 repelletur,
1928 1905 1973 1958 si
2006 1913 2197 1958 notum
2238 1903 2342 1958 im-

770 2000 927 2068 perio
970 2009 1158 2053 nostro
1185 2001 1388 2052 factum
1423 1997 1610 2058 fuerit,
1655 1996 1751 2051 sed
1807 1998 2112 2066 recipiatur
2172 1997 2344 2051 recla-

773 2092 943 2144 tnatio
992 2092 1111 2158 ejus
1151 2098 1206 2143 et
1260 2090 1564 2143 secundum
1623 2088 1796 2158 legem
1849 2087 2243 2150 vindicabitur,
2289 2095 2346 2141 et

771 2182 1145 2236 vitnlieabitnr
1191 2192 1311 2251 post
1348 2181 1725 2251 probationem
1758 2181 2030 2247 veritatis,
2086 2182 2157 2245 si,
2187 2199 2347 2251 appa-

772 2273 948 2328 ruerit
1006 2274 1329 2343 iniustitiam
1384 2288 1596 2342 passus.
1659 2273 1761 2337 Qui
1824 2289 1925 2343 pro
1981 2274 2208 2328 servitio
2248 2273 2343 2328 Dei

774 2368 1208 2437 Hierosolymam
1268 2367 1500 2420 tendunt
1564 2383 1689 2422 cum
1762 2369 1961 2422 vestris
2028 2368 2347 2423 hominibus

773 2476 938 2516 causa
988 2461 1258 2515 militandi
1302 2470 1493 2515 contra
1524 2477 1784 2531 paganos,
1818 2461 1870 2515 in
1922 2462 2119 2517 itinere
2161 2462 2248 2517 vel
2292 2461 2347 2516 in

774 2552 1089 2607 reversione
1114 2553 1566 2622 impedimentum
1592 2554 1816 2624 aliquod
1835 2570 1942 2609 non
1972 2553 2346 2618 sustinebunt,

775 2657 845 2694 ne
867 2658 953 2697 ille
988 2643 1457 2710 perturbabuntur
1483 2644 1583 2711 ipsi
1612 2643 1695 2697 vel
1723 2658 1912 2707 naves,
1948 2653 2049 2696 aut
2072 2643 2349 2711 stipendia

776 2742 869 2784 aut
909 2733 1100 2787 bellica
1129 2734 1499 2788 instrumenta
1532 2749 1644 2802 que
1674 2734 1953 2798 deferunt.
1994 2736 2349 2790 securitatem

783 2821 1119 2878 facientibus
1143 2824 1211 2878 iis
1238 2826 1331 2893 qui
1367 2840 1466 2879 eos
1518 2826 1790 2896 recipiunt
1840 2827 1893 2879 itt
1945 2840 2114 2880 naves
2142 2836 2353 2881 vestras

778 2912 1096 2968 hominibus
1145 2930 1242 2985 per
1287 2915 1740 2972 certilicationem
1800 2916 2151 2981 sacramenti,
2214 2932 2353 2987 qua-

775 3018 937 3061 tenus
969 3024 1068 3062 nec
1097 3009 1380 3064 inimicum
1416 3010 1629 3079 imperii
1665 3011 1837 3065 nostri
1862 3020 1919 3065 et
1961 3010 2225 3065 Romanis
2257 3008 2353 3063 ad-

2439 554 2569 597 sunt
2597 545 2731 612 (Η).
2770 544 3043 608 Quoniam
3092 556 3229 597 vero
3255 551 3382 596 ante
3414 549 3630 605 tempus
3656 534 3729 587 ob
3759 530 4030 601 quasdam

2439 649 2633 688 causas
2678 635 2851 688 voluit
2900 633 3191 703 imperium
3245 638 3497 686 nostrum
3550 622 3866 695 huiusmodi
3910 620 4032 673 loca

2438 727 2520 780 eis
2553 734 2787 787 mutare,
2819 725 3011 794 eisque
3052 739 3152 795 pro
3183 723 3270 778 his
3300 722 3416 776 dari
3450 720 3557 775 alia
3593 719 3733 771 ultra
3764 716 3819 769 itt
3853 712 4032 783 parti-

2442 817 2546 871 bus
2581 832 2775 886 magne
2823 816 2978 869 urbis
3025 815 3313 884 oppositis,
3352 812 3453 881 ipsi
3484 819 3668 864 autem
3702 804 4035 861 accedentes

2442 906 2734 960 clementie
2773 912 2959 959 nostre
2990 902 3439 973 supplicaverunt
3471 909 3531 953 ut
3566 899 3671 952 hoc
3702 910 3812 949 non
3854 892 4032 953 ﬁeret,

2443 1012 2631 1049 verum
2679 1005 2866 1051 essent
2910 997 2965 1050 in
3018 994 3363 1064 possessione
3416 1004 3607 1046 eorum
3656 1002 3765 1057 que
3817 982 4031 1053 pridem

2444 1086 2740 1147 habebant,
2774 1087 3043 1141 serenitas
3086 1085 3304 1155 imperii
3346 1083 3518 1137 nostri
3547 1082 3624 1136 sic
3657 1079 3771 1133 fieri
3800 1090 4035 1130 conci-s-

2443 1176 2532 1229 sit.
2572 1176 2637 1230 Et
2667 1178 2926 1246 quoniam
2978 1176 3224 1245 oportuit
3277 1181 3683 1230 sacramentum
3716 1168 3784 1222 ab
3814 1166 3883 1221 iis
3913 1163 4033 1217 ﬁeri

2447 1263 2680 1336 imperio
2728 1278 2915 1323 nostro
2951 1267 3265 1339 huiusmodi
3308 1265 3513 1336 negotii
3547 1262 3745 1335 gratia,
3792 1259 4034 1329 priorem

2445 1360 2866 1414 conventionem
2898 1370 2952 1413 ct
2982 1367 3325 1415 sacramenta
3375 1370 3569 1412 eorum
3617 1351 3992 1409 corroborans
4019 1384 4036 1408 υ

2445 1460 2499 1504 ει
2533 1451 2736 1520 quippe
2764 1450 2830 1504 ad
2865 1460 3107 1505 nostram
3147 1450 3505 1504 serenitatem
3548 1444 3709 1515 legati
3736 1443 3806 1497 ab
3840 1441 4037 1509 huius-

2448 1542 2592 1596 tnodi
2632 1551 2776 1597 terra
2806 1543 3068 1612 equidem
3122 1548 3523 1612 pervenerunt,
3574 1534 4037 1607 prudentissimus

2449 1633 2707 1688 videlicet
2739 1634 2931 1689 consul
2968 1633 3280 1704 huiusmodi
3323 1643 3466 1689 terre
3506 1630 3785 1690 Albertus,
3818 1634 3875 1679 et
3906 1639 4033 1677 cum

2447 1744 2515 1781 eo
2556 1727 2723 1798 iudex
2771 1728 3125 1799 Burgundius
3152 1736 3209 1783 et
3236 1742 3421 1782 comes
3472 1725 3707 1785 Marcus,
3752 1730 3808 1775 et
3857 1720 4035 1773 fecere

2450 1818 2683 1888 imperio
2711 1828 2899 1886 nostro
2929 1827 3356 1881 sacramentum,
3401 1815 3593 1871 consul
3629 1812 3853 1884 quidem
3891 1809 4034 1863 noti-

2452 1912 2723 1967 licandum
2758 1921 3164 1967 sacramentum
3205 1911 3285 1965 sic
3312 1907 3615 1965 secundum
3652 1905 3818 1959 verba
3855 1902 4039 1956 conti-

2451 2020 2632 2059 nens:
2670 2023 2688 2057 ι
2726 2005 2837 2075 Ego
2868 2004 3057 2060 consul
3100 2003 3367 2064 Pisarum,
3407 2001 3616 2069 legatus
3648 1995 3716 2051 ad
3748 1996 4036 2050 dominum

2457 2114 2475 2148 ι
2524 2103 2771 2150 nostrum
2836 2095 3225 2163 imperatorem
3290 2092 3662 2147 Romanorum
3711 2095 3769 2141 et
3812 2097 4040 2153 semper

2459 2207 2477 2240 ι
2525 2195 2817 2258 angustum
2850 2185 3134 2239 dominum
3167 2181 3469 2237 Manuelem
3506 2178 4039 2247 Porphyrogenitutn

2458 2298 2477 2331 ι
2522 2278 2887 2343 Comnanum,
2914 2278 3039 2347 iuro
3068 2292 3136 2330 ex
3172 2282 3429 2344 precepto
3456 2280 3513 2325 et
3539 2269 3815 2323 voluntate
3848 2266 4040 2319 archi-

2459 2389 2478 2423 c
2524 2370 2767 2441 episcopi
2799 2369 2997 2435 nostri,
3026 2367 3346 2428 consulum,
3395 2373 3708 2418 senatorum
3741 2368 3795 2413 et
3827 2358 4044 2425 relique

2459 2481 2479 2516 ι
2528 2471 2675 2516 terre
2722 2461 2973 2517 Pisarum
3023 2472 3254 2529 presens
3303 2461 3701 2510 sacramentum
3732 2467 3746 2503 :
3776 2448 4043 2519 quoniam

2463 2574 2482 2608 ι
2528 2556 2599 2610 ob
2631 2553 2898 2625 quasdam
2948 2551 3189 2607 rationes
3246 2546 3448 2603 accidit
3495 2560 3596 2601 nos
3641 2543 3707 2598 ad
3758 2542 4046 2597 modicum

2460 2666 2481 2702 ι
2527 2646 2800 2702 removeri
2828 2649 2898 2701 ab
2932 2645 3000 2701 iis
3035 2661 3143 2716 que
3175 2644 3229 2698 in
3272 2658 3464 2712 magna
3508 2640 3645 2695 urbe
3676 2638 4048 2701 habebamus,

2462 2756 2484 2793 ι
2527 2739 2785 2796 videlicet
2832 2738 3087 2802 ecclesia,
3145 2734 3363 2791 embolo
3391 2740 3445 2789 et
3478 2732 3647 2797 scala,
3692 2729 3839 2784 datis
3883 2728 4051 2782 nobis

2464 2849 2485 2885 ι
2531 2846 2631 2901 pro
2695 2828 3096 2886 restauratione
3157 2826 3279 2882 aliis
3330 2826 3384 2881 in
3428 2823 3678 2895 partibus
3732 2837 3843 2891 que
3903 2819 4049 2872 ultra

2465 2940 2484 2974 ο
2527 2929 2679 2989 sunt,
2731 2933 2882 2975 nunc
2918 2927 3103 2973 autem
3130 2931 3197 2971 ex
3228 2925 3490 2985 precepto
3528 2911 3882 2982 imperatoris
3956 2925 4050 2964 re-

2465 3032 2485 3068 t
2531 3013 2709 3070 stituti
2728 3025 2920 3069 sumus
2941 3010 2995 3065 in
3014 3024 3079 3066 ea
3103 3024 3210 3080 que
3234 3008 3457 3078 quidem
3486 3004 3826 3061 habebamus
3853 3018 3862 3050 :
3892 3002 4048 3071 quod

770 3102 986 3169 iuvent,
1012 3116 1111 3155 nec
1134 3100 1205 3153 ibi
1230 3110 1422 3155 contra
1441 3102 1732 3170 imperium
1758 3110 2003 3156 nostrum
2022 3100 2352 3156 efﬁciantur.
2381 3127 2428 3191 ο
2465 3126 2486 3160 ι
2531 3104 2948 3161 observabimus
2976 3116 3078 3157 nos
3101 3111 3158 3157 et
3184 3109 3331 3154 terra
3360 3098 3609 3154 Pisarum
3660 3093 3916 3149 universa
3951 3108 4055 3146 no-

854 3208 872 3240 t
909 3188 1020 3243 llec
1049 3190 1228 3259 itaque
1262 3191 1560 3244 manebunt
1587 3191 1789 3260 quippe
1818 3190 2180 3245 immutabilia
2209 3204 2357 3244 sem-

778 3296 896 3347 per.
932 3297 1217 3350 quousque
1250 3297 1344 3334 vos
1374 3291 1429 3335 et
1457 3297 1649 3336 omnes
1698 3282 2034 3337 habitatores
2083 3290 2228 3336 terre
2261 3295 2358 3335 ve-

776 3386 885 3426 σιω
914 3382 970 3425 et
997 3374 1235 3427 civitatis
1287 3373 1591 3428 observatis
1626 3389 1689 3428 ea
1719 3389 1826 3443 que
1872 3375 2125 3443 superius
2178 3372 2359 3427 notifl-

777 3473 901 3517 cata
942 3473 1072 3518 sunt
1122 3464 1271 3518 firma
1321 3474 1377 3517 et
1429 3466 1746 3534 incorrupta
1795 3464 2027 3533 imperio
2072 3476 2260 3519 nostro
2305 3473 2362 3518 et

776 3555 1241 3609 desideratissinto
1302 3555 1413 3609 filio
1472 3556 1590 3625 eius
1639 3566 1696 3610 et
1755 3555 2075 3624 imperatori
2135 3554 2362 3609 domino

776 3646 1011 3702 Iohanni
1054 3646 1527 3717 Porphyrogcnito
1556 3657 1611 3702 et
1642 3647 1928 3712 Romanie,
1969 3646 2113 3701 sicut
2136 3646 2237 3700 hec
2275 3647 2361 3701 itt-

779 3739 972 3807 telligit
1023 3738 1309 3807 imperium
1362 3751 1609 3796 nostrunt
1658 3739 1725 3794 ad
1777 3738 2042 3794 honorem
2090 3749 2147 3796 et
2194 3741 2359 3810 profl-

778 3844 943 3885 cuum
984 3844 1144 3883 suum
1190 3838 1245 3884 et
1295 3829 1594 3893 Romanie,
1643 3838 1699 3885 et
1744 3829 1863 3884 sine
1911 3829 2100 3885 fraude
2130 3841 2185 3886 et
2220 3831 2363 3886 tnalu

783 3921 1004 3991 ingenio
1039 3919 1245 3990 aliquo.
1294 3921 1521 3990 l’rogtter
1554 3920 1657 3975 hoc
1690 3920 1836 3975 enim
1867 3931 1921 3975 et
1952 3936 2173 3991 presens
2199 3922 2365 3994 chry-

786 4012 1065 4076 sobulum,
1101 4014 1351 4080 verbum,
1396 4022 1646 4069 ntutuum
1678 4024 1858 4071 vestro
1886 4014 2089 4085 scripta
2124 4030 2367 4071 conven-

784 4104 919 4157 tiooi
958 4119 1055 4172 per
1087 4116 1332 4158 Vestrum
1381 4117 1783 4159 sacramentum
1834 4105 2151 4160 conllrmate
2181 4116 2237 4161 et
2267 4123 2363 4162 ve-

783 4193 913 4247 stris
951 4194 1189 4263 propriis
1243 4194 1745 4263 subscriptionibtts
1794 4194 2173 4256 corroborate.
2230 4197 2364 4250 mis—

786 4298 907 4336 sum
940 4292 1023 4336 est
1057 4300 1153 4351 per
1182 4299 1277 4337 vos
1308 4284 1568 4340 omnibus
1615 4284 2016 4339 habitatoribus
2044 4286 2282 4343 civitatis
2312 4298 2367 4343 et

788 4383 937 4427 terre
978 4374 1250 4427 Pisarum.

867 4505 885 4535 ε
922 4486 1142 4539 Factum
1180 4504 1366 4543 mense
1398 4489 1641 4553 Octobri,
1675 4490 1990 4545 indictionis
2027 4489 2240 4560 quinte,
2272 4506 2367 4546 sex

786 4574 1061 4629 millesimi
1108 4578 1491 4632 sescentesimi
1546 4580 1790 4633 vicesimi
1851 4580 2000 4642 anni,
2054 4580 2107 4632 in
2151 4595 2262 4647 quo
2311 4590 2367 4636 et

788 4676 1037 4718 nostrum
1069 4668 1217 4735 pium
1248 4676 1303 4722 et
1335 4683 1365 4722 a
1404 4668 1634 4724 Domino
1675 4669 1985 4725 ordinatum
2022 4669 2365 4740 subsignavit

789 4771 1099 4825 tmpertum.

864 4887 884 4920 ι
935 4872 1170 4925 Acastus
1224 4872 1276 4926 in
1320 4872 1539 4927 Christo
1588 4873 1699 4927 Deo
1748 4873 1923 4928 ﬁdelis
1974 4874 2274 4943 imperator
2311 4885 2367 4930 et

790 4958 1101 5014 moderator
1135 4962 1461 5017 iiomeorum
1497 4965 1833 5024 Contnantts.
1869 4984 1887 5017 ι

868 5091 1080 5146 Domini
1125 5111 1253 5149 vero
1289 5097 1551 5153 Mannelis
1586 5099 1665 5153 sic
1694 5116 1708 5153 :

873 5203 890 5234 ι
928 5183 1243 5240 Fidelissinii
1286 5190 1516 5258 itnperio
1563 5201 1749 5245 nostro
1792 5188 1991 5247 Pisani'
2018 5192 2200 5263 adepti
2247 5192 2367 5249 fue-

795 5284 923 5329 runt
950 5277 1059 5344 iam
1093 5278 1146 5331 in
1182 5294 1369 5345 magna
1412 5281 1566 5342 urbe.
1608 5299 1703 5351 per
1730 5284 1854 5353 chr)
1869 5285 2119 5337 sobnlum
2150 5299 2367 5353 semper

800 5368 1137 5423 memorandi
1191 5374 1275 5424 avi
1313 5375 1525 5442 itnperii
1583 5376 1774 5439 nostri,
1805 5385 1861 5428 et
1889 5392 2105 5430 rursum
2157 5391 2374 5445 semper

803 5462 1139 5517 memorandi
1188 5463 1392 5515 domini
1441 5475 1497 5518 et
1553 5465 1723 5533 patris
1760 5468 2101 5521 celsitudinis
2146 5477 2372 5531 nostre,

799 5556 1077 5609 embolum
1108 5564 1166 5611 et
1190 5556 1388 5611 scalam
1423 5568 1478 5610 et
1508 5558 1825 5622 ecclesiam,
1879 5562 2177 5614 secundum
2227 5561 2373 5630 quod

2466 3214 2486 3250 ς
2535 3195 2744 3253 tillcato
2787 3190 3103 3262 imperatori
3160 3184 3631 3259 Porphyrogeuito
3676 3182 3905 3236 domino
3934 3178 4054 3231 Ila-

2468 3308 2486 3342 ι
2536 3287 2686 3343 nueli
2719 3285 3023 3344 Comnano,
3061 3280 3361 3335 heredibus
3395 3286 3451 3333 et
3480 3272 3894 3332 successoribus
3926 3271 4057 3340 eius

2469 3396 2489 3432 ι
2531 3387 2589 3434 et
2637 3374 2945 3436 Romanie.
3002 3373 3162 3427 fidem
3214 3379 3271 3425 ct
3315 3369 3561 3425 debitum
3618 3364 3765 3435 quod
3807 3362 4056 3417 debebat

2470 3487 2489 3521 ο
2536 3479 2680 3523 terra
2710 3466 2905 3521 Pisana
2946 3465 3176 3533 imperio
3204 3463 3323 3532 eius
3350 3476 3418 3515 ex
3453 3457 3664 3530 pridem
3709 3454 3873 3510 factis
3906 3468 4055 3506 con-

2469 3579 2488 3613 s
2534 3556 2889 3615 ventionibus
2924 3564 2980 3609 ct
3009 3552 3367 3607 sacramentis
3416 3564 3637 3620 semper
3685 3550 4055 3603 memorando

2469 3670 2489 3705 ο
2534 3648 2891 3720 imperatori,
2949 3645 3176 3701 domino
3224 3643 3417 3698 Alexio
3468 3642 3774 3705 Comnano,
3831 3642 4058 3713 ipsique

2471 3762 2491 3797 ι
2535 3738 3008 3813 Porphyrogenlto
3056 3747 3113 3795 et
3161 3736 3478 3808 imperatori
3532 3735 3759 3791 domlno
3812 3735 4058 3791 Manneli

2472 3853 2491 3888 ι
2536 3833 2854 3897 Contnano;
2904 3832 3038 3888 etsi
3091 3829 3295 3901 al’quid
3338 3828 3538 3884 factum
3590 3836 3673 3885 est
3702 3842 3733 3882 a
3778 3838 3921 3884 terra
3966 3828 4063 3882 Pi-

2472 3942 2491 3979 ι
2536 3938 2665 3982 sana
2699 3924 2866 3981 alicui
2913 3931 3178 3979 coronato
3234 3920 3318 3975 vel
3368 3934 3475 3975 non
3520 3929 3783 3973 coronato
3819 3917 3889 3973 ad
3921 3918 4059 3972 irri-

2473 4035 2493 4071 ι
2542 4016 2805 4074 tationem
2857 4024 3111 4086 spectans
3158 4011 3475 4084 huiusmodi
3520 4010 3952 4067 conventionem
4004 4019 4063 4066 et

2474 4122 2493 4157 ε
2541 4112 3034 4165 sacramentorum,
3071 4117 3169 4172 pro
3193 4118 3304 4156 non
3345 4101 3491 4155 facto
3523 4099 3869 4169 reputabitur
3897 4098 4061 4157 illud.

2474 4216 2493 4249 ι
2539 4198 2769 4252 Prcsens
2800 4211 2934 4249 vero
2970 4201 3376 4249 sacramentum
3426 4190 3631 4245 debent
3665 4189 3845 4244 facere
3870 4199 3928 4243 et
3969 4204 4063 4241 re-

2474 4308 2493 4339 ι
2542 4303 2744 4342 novare
2790 4299 2846 4342 et
2894 4286 3149 4340 consules
3176 4293 3233 4339 et
3262 4283 3455 4351 reliqui
3508 4282 3850 4337 habitatores
3902 4281 4066 4336 Pisa-

2477 4400 2495 4432 ι
2543 4395 2664 4434 rum
2722 4378 3024 4433 secundum
3086 4375 3567 4431 consuetudinem.
3626 4374 3694 4428 Et
3746 4374 3893 4427 sicut
3958 4373 4065 4427 hec

2478 4491 2496 4524 ι
2536 4473 2661 4543 iuro
2710 4470 2830 4525 sine
2867 4468 3057 4521 fraude
3099 4476 3154 4521 et
3182 4467 3325 4520 malo
3372 4465 3611 4533 ingenio,
3665 4464 3743 4518 sic
3780 4465 3927 4517 Deus
3977 4478 4066 4518 me

2480 4581 2498 4614 ι
2542 4563 2788 4630 adiuvet,
2840 4569 3026 4614 sancta
3076 4558 3169 4612 Dei
3203 4557 3482 4627 evangelia
3512 4564 3570 4611 et
3613 4556 3964 4611 honorabilis
4010 4567 4066 4609 ct

2477 4673 2495 4704 ι
2544 4653 2754 4706 viviilca
2774 4666 3071 4705 CI'UIJ—C
3107 4649 3284 4704 Judex
3325 4662 3455 4703 vero
3489 4646 3846 4716 Burgundius
3872 4656 3929 4702 et
3964 4663 4063 4700 co-

2475 4762 2493 4794 ι
2540 4759 2653 4797 mes
2675 4743 2887 4797 Marcus
2912 4741 2991 4797 sic
3012 4742 3339 4812 iuraverunt
3370 4750 3425 4794 et
3458 4739 3559 4807 ipsi
3588 4738 3862 4793 u—cNua
3883 4737 4062 4793 Judcx

2480 4852 2498 4884 ι
2546 4833 2896 4902 Burgundios
2942 4842 2997 4887 et
3042 4847 3226 4887 comes
3280 4831 3535 4893 Marcus,
3578 4830 3730 4884 missi
3781 4830 3947 4899 legati
3995 4831 4062 4883 ad

2479 4943 2496 4975 ι
2544 4933 2820 4993 potentem
2863 4924 3247 4992 imperatorem
3296 4922 3629 4976 Romeorum
3679 4922 4065 4991 Porpltyrogc-

2479 5037 2496 5067 ι
2544 5017 2717 5069 nitum
2750 5015 3035 5068 dominum
3073 5014 3373 5067 Mannelem
3406 5013 3749 5067 Comnannm
3778 5028 3807 5065 a
3839 5013 4066 5066 civitate

2479 5125 2497 5157 ι
2545 5106 2759 5169 Pisana,
2800 5107 3046 5171 iuramus
3101 5122 3264 5168 super
3314 5115 3499 5158 Sancta
3540 5104 3633 5157 Dei
3682 5104 3971 5173 evangelia
4015 5115 4068 5158 rt

2477 5214 2496 5248 t
2548 5197 2924 5251 honorabiiem
2954 5205 3010 5250 et
3039 5197 3308 5248 vivilicant
3344 5210 3587 5257 crucem,
3635 5197 3781 5263 quod
3817 5209 4068 5247 conven-

2480 5307 2498 5339 t
2546 5288 2750 5341 tionem
2799 5287 2996 5341 factam
3051 5302 3267 5355 semper
3336 5286 3690 5339 memorando
3742 5284 4067 5351 imperatori

2481 5399 2499 5432 ι
2547 5381 2770 5433 domino
2817 5380 3007 5434 Alexio
3053 5380 3353 5438 Comnano,
3384 5389 3437 5430 ct
3466 5379 3689 5431 domino
3739 5389 3930 5430 nostro
3963 5379 4068 5431 im-

2487 5488 2505 5519 α
2552 5470 2789 5538 pcratori
2816 5477 2869 5521 et
2892 5469 3360 5538 Porphyrogenitn
3388 5467 3610 5521 domino
3642 5466 3877 5520 Manncli
3904 5468 4073 5520 (Ionio

2487 5578 2504 5611 t
2555 5574 2753 5612 nanoa
2788 5560 3010 5614 civitate
3067 5560 3260 5614 Pisana
3291 5598 3305 5622 ,
3360 5572 3522 5627 quam
3577 5557 3767 5611 consul
3820 5558 4070 5612 l'isarnm

879 5716 995 5788 (ἐξ)
1028 5717 1291 5773 Videntur
1327 5718 1414 5774 hic
1470 5719 1737 5777 excidisse
1792 5719 1837 5771 ei
1893 5719 2243 5790 πτριοοιπμοῖ
2292 5717 2552 5773 ἱιιδιτυυνιί

1181 5730 1291 5773 itur
1327 5718 1414 5774 hie
1470 5719 1737 5777 excidisse
1792 5719 1837 5771 ei
1893 5719 2243 5790 πτριοοιπμοῖ
2292 5717 2651 5773 instrumenti
2688 5717 2854 5771 iiLus.
