4236 6442
145 349 236 406 tsi

1237 349 1603 409 N0\'F.i.L.-'l§
1637 303 2330 407 CONSTITUTIONES.

3274 345 3393 410 482

147 483 161 512 ε
209 465 463 516 Α;ι›ρτιυς
491 463 716 528 iuravit.
753 463 817 517 ad
850 465 1116 519 honorem
1152 463 1499 532 imperatoris
1527 463 1716 516 obscr.
1746 467 1787 522 Α
1821 456 2122 526 praeticum
2165 455 2364 509 horum
2403 454 2726 509 traalicionis
2756 472 2770 519 ;
2807 455 2953 525 quod
2989 455 3080 509 lict
3114 458 3410 513 notiﬁcatis

145 570 158 600 ι
205 552 453 606 vabimus
506 552 740 607 ﬁdeliter
769 567 822 608 et
858 571 974 610 nos.
1006 565 1060 607 et
1091 555 1352 608 iaciemus
1398 553 1711 606 conﬁrmari

147 659 161 689 ι
203 642 270 693 ab
304 642 563 696 universa
619 645 839 698 civitate
894 646 1089 699 Pisana
1140 646 1255 698 sine
1301 644 1514 698 lramlv.
1547 645 1609 697 Et
1641 660 1663 696 s
1689 659 1717 696 c

146 747 160 778 t
203 730 455 796 juramus
513 732 612 785 hec
660 735 778 786 sine
838 735 1026 786 fraude
1077 745 1131 787 et
1183 736 1326 787 malo
1380 735 1618 804 ingenio,
1665 745 1761 786 t-t-

147 841 161 870 σ
207 822 360 876 [iiuna
433 825 872 880 observabimus.
933 827 1022 879 Sic
1088 830 1227 879 heus
1292 842 1390 879 nos
1455 827 1717 897 adjuvet,

147 933 161 962 ι
207 927 392 970 sancta
449 917 543 970 Dei
593 920 874 988 evangelia
922 928 978 972 et
1032 919 1366 972 honorabilis
1409 930 1462 972 et
1509 920 1719 972 vitilica

145 1032 159 1060 1
205 1026 360 1061 (TUI.
410 1028 427 1059 ι

212 1123 228 1151 σ
270 1102 414 1153 Ecce
476 1111 532 1154 et
581 1101 873 1169 imperium
941 1111 1189 1154 nostium
1257 1103 1574 1155 corroborat
1625 1118 1722 1171 per

140 1208 361 1261 presens
401 1192 795 1262 chrysobulum
833 1194 1071 1262 sigiilum
1122 1208 1281 1245 suum
1340 1208 1540 1245 munus
1573 1195 1718 1261 quod

142 1286 421 1338 habebant
453 1287 506 1337 in
545 1286 825 1339 noliiicato
872 1287 995 1354 jure
1028 1301 1055 1336 a
1111 1300 1333 1353 semper
1365 1285 1724 1337 memorando

142 1377 471 1442 itttpt'ratore
522 1376 748 1429 domino
786 1387 840 1429 et
901 1387 1054 1444 patre
1107 1377 1249 1444 ejus.
1288 1387 1345 1428 et
1377 1376 1534 1444 jubet
1571 1376 1723 1430 ﬁrma

141 1476 191 1517 et
249 1467 590 1519 inviolabilia
653 1481 974 1534 permanere
1044 1467 1181 1518 facta
1251 1465 1334 1518 eis
1397 1465 1724 1533 chrysobula

142 1574 304 1624 super
347 1558 644 1610 collatione
703 1557 1079 1626 hujuscemodi
1125 1557 1517 1617 immobilium,
1575 1555 1619 1608 si
1671 1566 1727 1608 et

143 1648 452 1716 hnjusmodi
499 1659 642 1699 terra
692 1648 938 1700 Pisarum
989 1648 1126 1700 bene
1173 1649 1430 1701 observat
1466 1657 1621 1715 pacta
1668 1655 1723 1700 et

139 1744 484 1789 sacramenta
540 1750 637 1788 sua
677 1751 783 1803 que
818 1735 1048 1802 imperio
1085 1749 1292 1795 nostro,
1332 1734 1630 1787 heredibus
1668 1740 1722 1784 et

1821 546 2013 615 legatis
2051 561 2242 598 eorum
2280 561 2308 598 a
2339 546 2714 614 grammaticis
2740 547 2952 614 imperi
2985 546 3186 607 nostri.
3214 546 3411 601 Pedia-

1824 640 1934 689 dita
2001 636 2363 689 Constantino
2423 649 2476 690 ct
2531 636 2840 690 clarissimo
2901 638 3412 706 protonobilissimo

1823 727 2012 796 Sergio
2037 727 2244 790 Coliva,
2272 738 2326 780 et
2353 744 2381 779 a
2413 729 2742 781 desunotato
2787 727 3148 784 ConSIanlino
3178 730 3412 796 Petiota,

1822 819 1966 885 quod
2022 828 2076 870 et
2126 820 2176 871 in
2216 820 2481 886 congruis
2537 819 2768 873 secretis
2825 821 3000 873 sterni
3062 821 3228 877 debet
3279 840 3411 878 cum

1827 908 2065 978 presenti
2119 909 2456 978 chrysobulo
2516 910 2727 977 imperii
2785 911 2964 965 nostri
3018 930 3032 972 ;
3082 927 3137 964 et
3205 915 3411 968 habere

1827 998 2053 1052 Pisanos
2090 1001 2377 1052 universos
2419 1000 2704 1052 introitum
2756 1017 2946 1054 eorum
3002 1015 3310 1071 presentetu
3355 1014 3412 1059 et

1828 1089 2075 1142 futurum
2155 1104 2218 1140 ex
2279 1091 2892 1158 superedilicatitmibus
2954 1097 3221 1164 ipsormu,
3277 1113 3414 1165 quas

1830 1179 1973 1232 infra
2049 1182 2314 1234 terminos
2386 1184 2517 1250 ipsis
2584 1182 2814 1236 traditos
2847 1184 3065 1247 facient,
3123 1203 3414 1256 quousque

1829 1272 2064 1336 civitas,
2115 1288 2277 1341 quam
2325 1273 2490 1326 delet
2539 1277 2770 1343 imperio
2818 1285 3007 1329 nostro
3037 1316 3052 1337 ,
3110 1279 3416 1331 heredibus

1832 1372 1884 1414 et
1910 1364 2322 1416 successoribus
2346 1364 2464 1430 ejus
2487 1364 2698 1432 ipsique
2730 1367 3019 1429 Rotuauie,
3047 1366 3208 1420 ﬁdem
3243 1378 3408 1434 atque

1831 1453 2116 1505 servitium
2156 1455 2481 1511 conservat.’
2506 1467 2559 1506 et
2591 1465 2733 1507 terra
2771 1458 2963 1510 Pisana
2985 1474 3046 1511 ac
3081 1458 3259 1526 ipsutn
3293 1461 3414 1527 ejus

1830 1560 2124 1597 commune
2161 1545 2550 1599 inviolabiliter
2579 1557 2632 1599 et
2656 1546 2773 1600 sine
2799 1548 3185 1613 diminutione,
3215 1567 3413 1605 secun-

1833 1634 1964 1686 dum
1988 1635 2413 1688 conventionem
2446 1639 2706 1705 scriptam
2746 1655 2774 1690 a
2816 1643 3191 1708 supranotatis
3214 1659 3409 1698 eorum

1835 1725 2025 1793 legatis
2078 1725 2276 1778 factam
2331 1738 2386 1778 et
2456 1730 2709 1795 superius
2766 1732 3072 1792 recitatam,
3125 1749 3231 1801 quc
3275 1744 3331 1785 et
3377 1750 3409 1787 a

139 1833 558 1885 successoribus
579 1834 697 1901 ejus
750 1831 899 1894 fecit,
932 1831 997 1883 ad
1041 1832 1306 1883 honorem
1337 1837 1390 1881 et
1422 1826 1722 1896 proﬁcuum
1759 1797 1802 1855 Β
1834 1828 1986 1883 μοιυε
2013 1825 2098 1868 ale
2133 1818 2381 1884 ejusdem
2411 1821 2650 1872 civitaiis
2681 1833 2733 1873 et
2776 1834 2921 1876 terre
2952 1825 3151 1878 Pisane
3204 1836 3261 1880 et
3291 1843 3406 1880 me-

145 1924 358 1991 imperii
398 1924 569 1975 nostri
627 1933 681 1975 ct
737 1922 1024 1974 Romanie.
1085 1920 1264 1988 Super
1314 1919 1415 1970 hoc
1468 1917 1614 1967 enim
1672 1924 1726 1966 ct

141 2033 368 2084 presens
424 2016 639 2083 imperii
690 2016 860 2068 nostri
909 2015 1143 2082 sigillum
1203 2013 1282 2065 eis
1315 2011 1572 2064 collatum
1619 2017 1722 2069 est,

142 2110 350 2159 uehens
383 2119 438 2160 et
472 2109 525 2159 in
561 2107 818 2176 congruis
849 2106 1078 2160 secretis
1109 2103 1278 2158 sterni
1321 2111 1544 2172 propter
1578 2099 1725 2152 noti-

143 2202 482 2261 fn-atiuuem,
515 2215 701 2252 mense
738 2199 907 2257 Julio.
947 2196 1265 2249 indictionis
1299 2195 1481 2248 tertie.
1520 2211 1538 2243 ι

212 2293 302 2343 Sic
321 2291 579 2359 equidem
600 2290 907 2355 hujusmodi
928 2288 1274 2358 chrysobulis
1293 2283 1721 2346 continentibus,

138 2384 400 2452 quoniam
430 2383 690 2435 notiiicati
710 2382 866 2450 legati
891 2383 1148 2449 superius
1169 2379 1370 2446 scripta
1399 2377 1725 2443 pepigerunt

139 2487 193 2526 et
216 2475 427 2539 scripto
447 2472 855 2538 subscriptione
877 2485 1068 2522 eorum
1105 2466 1429 2521 confirmato
1468 2476 1721 2528 compre-

141 2564 472 2622 henderunt,
498 2571 552 2614 et
574 2572 918 2614 sacramento
941 2576 1041 2612 ceu
1061 2558 1398 2610 uotilicalum
1423 2560 1505 2606 est
1531 2567 1720 2604 corro-

140 2656 500 2718 boravcrnnt,
524 2653 680 2721 jubet
717 2653 1007 2720 imperium
1041 2661 1392 2709 nostrum,ea
1411 2661 1515 2713 que
1548 2644 1600 2696 in
1631 2659 1723 2696 su-

139 2744 330 2808 perius
359 2741 584 2808 scriptis
623 2742 970 2809 chrjsobulis
1005 2737 1571 2806 comprehenduntur,
1604 2744 1714 2785 tam

137 2832 201 2884 de
239 2833 311 2883 iis
345 2847 453 2898 que
506 2847 534 2882 a
566 2831 788 2883 civitate
830 2832 1020 2883 l’isana
1066 2827 1328 2881 llomanie
1375 2828 1514 2878 facta
1570 2836 1718 2883 sunt,

138 2937 302 2990 quam
327 2923 468 2974 etde
494 2922 681 2989 iisque
704 2938 732 2973 a
758 2921 1019 2973 Romauia
1046 2921 1177 2988 ipsis
1201 2920 1395 2971 collata
1430 2927 1579 2977 sunt,
1604 2915 1720 2967 elli-

136 3014 346 3065 caciam
379 3024 435 3066 et
483 3011 953 3065 inviolabiliiatem
1009 3011 1238 3073 habere,
1273 3021 1329 3061 et
1363 3009 1442 3061 sic
1472 3007 1715 3074 reputari

1828 1907 2060 1960 lioribus
2110 1909 2321 1962 Pisanis
2369 1920 2421 1963 et
2465 1913 2721 1963 universa
2769 1913 3114 1980 plenitudine
3155 1917 3405 1970 Pisarum

1824 1997 1996 2064 jurari
2023 1999 2180 2051 debet
2212 1999 2263 2051 iu
2313 2002 2588 2067 prescutia
2631 2019 2796 2070 super
2833 2005 2936 2058 hoc
2971 2005 3148 2074 ipsum
3182 2009 3409 2060 mitten-

1827 2089 2019 2140 dotnm
2059 2091 2343 2142 hominum
2381 2093 2595 2159 imperii
2623 2095 2818 2158 nostri,
2846 2106 2900 2148 ct
2931 2098 3213 2150 annuatim
3247 2113 3408 2151 reuo-

1826 2183 1965 2238 vari.
2022 2183 2325 2235 secundum
2388 2185 2534 2251 quod
2600 2186 2913 2252 specialiter
2967 2204 3028 2241 ea
3078 2203 3185 2256 que
3241 2187 3410 2257 hujus

1824 2274 2046 2340 capituli
2084 2284 2234 2339 sunt,
2289 2291 2506 2343 semper
2541 2278 2896 2330 memorando
2943 2279 3279 2347 imperatori,
3313 2297 3410 2351 pa-

1827 2373 1951 2418 truo
1982 2365 2194 2434 imperii
2248 2370 2444 2433 nostri,
2498 2369 2720 2422 domino
2758 2370 3012 2432 Manucli,
3061 2384 3217 2440 pacta
3255 2382 3406 2429 sunt.

1827 2452 2100 2508 Fruentur
2137 2466 2318 2510 autem
2370 2467 2423 2510 et
2459 2459 2711 2512 libertate
2767 2459 3020 2514 universa
3078 2462 3131 2514 in
3191 2463 3410 2516 duobus

1826 2546 2073 2601 recitatis
2122 2548 2472 2618 cbrysobulis
2517 2552 2912 2619 comprehensa
2964 2555 3300 2620 commercii,
3347 2564 3406 2610 et

1825 2641 2162 2706 reliquorum
2198 2643 2444 2694 omnium
2496 2643 2867 2710 capitulorum
2920 2659 3027 2712 que
3072 2645 3126 2698 in
3156 2645 3238 2698 eis
3264 2661 3403 2700 cou-

1826 2729 2433 2791 tineutur,exhibeutes
2457 2731 2522 2784 de
2548 2742 2768 2784 centum
2796 2733 2828 2785 4
2859 2743 2964 2784 tam
3000 2734 3051 2785 in
3089 2750 3279 2803 magna
3310 2752 3405 2788 ur.

1825 2819 1890 2871 be
1933 2833 2094 2886 quam
2121 2821 2173 2873 in
2208 2824 2403 2875 ceteris
2445 2823 2602 2875 terris
2636 2833 2820 2876 nostre
2854 2826 2939 2892 pie
2968 2828 3403 2894 tranquillitatis,

1823 2925 1930 2962 non
1971 2913 2146 2963 solum
2196 2915 2263 2966 de
2293 2916 2358 2966 iis
2412 2931 2520 2983 que
2551 2916 2616 2968 de
2647 2916 2844 2968 alienis
2887 2918 3135 2984 partibus
3175 2919 3244 2973 ab
3274 2921 3406 2989 ipsis

1823 3003 1876 3054 in
1922 3003 2240 3056 Romaniam
2292 3006 2598 3058 aﬂ'eruntur
2653 3008 2926 3061 universis
2971 3009 3267 3074 mercibus,
3307 3028 3405 3065 ve-

140 3112 197 3152 ut
226 3115 377 3153 nunc
407 3112 560 3168 pacta
578 3109 631 3152 et
661 3100 888 3162 collata;
917 3107 971 3151 et
995 3097 1206 3150 restitui
1232 3097 1463 3165 precipit
1493 3097 1720 3149 Pisanos
1751 3125 1792 3181 ο
1830 3109 1947 3144 rum
1980 3096 2142 3146 etiam
2195 3095 2262 3148 de
2316 3096 2381 3148 iis
2431 3111 2537 3163 que
2570 3096 2637 3149 de
2672 3098 2830 3150 terris
2867 3099 3131 3154 Romanie
3165 3101 3235 3154 ab
3271 3103 3404 3170 ipsis

139 3193 192 3244 in
219 3193 483 3244 universa
510 3206 616 3258 que
642 3191 696 3243 in
731 3206 921 3259 magna
966 3191 1098 3241 urbe
1121 3189 1252 3256 ipsis
1287 3189 1486 3240 donata
1512 3189 1720 3256 pridem

137 3285 370 3337 [uerunt
411 3297 442 3334 a
481 3297 697 3349 semper
731 3281 1085 3333 mentorando
1131 3280 1460 3346 imperatore
1501 3289 1558 3330 et
1596 3294 1724 3346 pro-

135 3392 240 3428 axo
271 3375 492 3443 imperii
530 3374 726 3436 nostri,
769 3372 995 3425 domino
1037 3370 1251 3432 Alexio,
1283 3379 1338 3421 et
1367 3369 1724 3421 desideratis-

135 3485 275 3521 suuo
313 3481 509 3534 paruo
543 3465 888 3518 celsitudinis
933 3473 1138 3523 nostre,
1177 3460 1400 3513 domino
1435 3459 1670 3511 Manueli
1704 3475 1720 3514 :

133 3561 417 3612 embolum
494 3557 783 3619 videlicet,
843 3554 1175 3616 habitacula,
1232 3551 1521 3605 ecclesiam
1592 3566 1719 3602 cum

135 3653 306 3702 altera
343 3649 413 3700 ab
467 3649 600 3716 ipsis
640 3647 780 3698 infra
827 3647 950 3715 jura
985 3660 1177 3698 eorum
1233 3651 1416 3697 erecta
1466 3641 1720 3702 ecclesia,

134 3752 189 3793 et
240 3740 544 3793 littoralem
573 3739 798 3797 scalam,
847 3738 1147 3790 secundum
1195 3736 1338 3802 quod
1397 3733 1480 3786 eis
1526 3733 1723 3785 donata

137 3833 387 3888 fuerunt,
438 3838 491 3880 et
541 3828 845 3881 secundum
885 3827 1026 3879 facta
1077 3828 1210 3892 ipsis
1257 3826 1498 3893 praetica
1552 3839 1721 3890 super

135 3920 448 3971 tradicinne
478 3918 767 3970 horumeis
796 3916 1219 3983 l'acta.Largitur
1242 3915 1536 3978 autemeis,
1559 3915 1726 3979 impe-

136 4012 278 4062 rium
344 4019 595 4061 nostrum
649 4009 1064 4075 etpensioualia
1118 4006 1467 4058 mo’nastaerii
1513 4006 1720 4058 domini

133 4100 510 4166 Antonii,que
536 4099 587 4151 in
612 4099 859 4152 iaciendo
900 4099 1031 4164 ipsis
1093 4100 1332 4164 practice
1364 4096 1730 4150 notilicabun-

139 4203 246 4255 tur,
303 4190 561 4242 habentia
617 4203 715 4250 pro
769 4202 912 4239 anno
973 4188 1201 4238 introitu
1261 4186 1362 4255 [in]
1397 4187 1723 4238 nomismata

136 4296 407 4349 yperpera
443 4280 566 4337 246.
598 4287 653 4332 et
687 4279 887 4331 scalam
934 4278 1349 4346 predeputatam
1388 4277 1441 4326 in
1474 4277 1582 4327 situ
1618 4276 1720 4327 loci

136 4371 438 4424 lcanatisse
499 4386 528 4423 a
591 4370 884 4423 serenitate
929 4381 1115 4420 noSIra
1163 4366 1442 4421 edificatio
1488 4367 1555 4417 ab
1609 4367 1721 4433 ipsa

1825 3195 2082 3236 emuntur
2111 3194 2163 3236 et
2198 3185 2247 3236 iu
2281 3201 2471 3252 magna
2510 3186 2645 3237 urbe
2679 3187 2762 3239 vel
2790 3187 2911 3239 aliis
2938 3191 3104 3242 terris
3125 3189 3396 3245 Romanie

1827 3277 2161 3329 venduntur.
2228 3279 2570 3344 Quamquam
2645 3279 2796 3331 enim
2845 3290 2898 3333 et
2948 3296 3014 3334 ex
3064 3284 3401 3351 chrysoliqu

1828 3367 1961 3435 ipsis
1996 3368 2140 3420 facto
2201 3368 2388 3435 proavi
2444 3367 2660 3436 imperii
2710 3370 2903 3434 nostri,
2935 3384 3153 3438 semper
3190 3387 3402 3425 mento-

1829 3459 1983 3511 randi
2028 3459 2375 3526 imperatoris
2422 3458 2629 3511 domini
2676 3460 2846 3513 Alexii
2879 3461 3142 3515 Comuaui
3170 3503 3186 3526 ,
3220 3473 3276 3515 ut
3315 3465 3397 3517 vel

1828 3560 1883 3603 ut
1979 3550 2171 3606 Romei
2248 3559 2572 3617 reputentur
2633 3553 2731 3618 ipsi
2791 3554 2842 3605 in
2908 3556 3188 3609 mercibus
3263 3572 3400 3624 quas

1826 3644 1892 3694 de
1962 3641 2225 3695 [totuania
2277 3650 2467 3694 emunt
2498 3681 2512 3704 ,
2569 3643 3000 3698 determinatum
3049 3657 3175 3708 est,
3223 3648 3402 3702 idem-

1828 3745 1932 3797 que
2010 3734 2396 3786 commercium
2477 3734 2608 3786 deut
2671 3734 2738 3787 de
2799 3737 2865 3790 iis
2929 3739 3073 3805 quod
3148 3749 3204 3793 et
3287 3741 3404 3795 Ro-

1828 3824 1931 3875 mei
1967 3825 2098 3877 dant
2145 3840 2158 3883 ;
2213 3823 2306 3876 sed
2357 3834 2554 3877 tantem
2607 3826 2896 3892 imperium
2947 3840 3196 3883 nostrum
3252 3835 3403 3886 mul-

1828 3927 1935 3967 tam
2001 3931 2191 3968 eorum
2246 3916 2593 3969 devotionem
2658 3927 2714 3969 et
2761 3919 2921 3971 iidem
2997 3935 3398 3987 remunerans,

1827 4006 2130 4058 liberaliter
2157 4016 2210 4058 et
2242 4020 2409 4072 super
2454 4007 2554 4058 hoc
2601 4007 2899 4073 capitulum
2942 4023 3070 4077 erga
3112 4027 3208 4063 eos
3243 4013 3394 4080 agit,

1827 4107 1880 4148 et
1912 4099 1942 4148 4
1982 4097 2048 4147 de
2074 4106 2292 4147 centum
2341 4106 2547 4149 tantum
2582 4096 2711 4149 dare
2756 4114 2850 4150 eos
2884 4100 3041 4166 jubet
3071 4110 3127 4154 et
3160 4101 3212 4153 in
3255 4119 3399 4156 mer-

1825 4190 1984 4240 cibus
2017 4188 2260 4254 ipsorum
2291 4203 2426 4254 quas
2481 4187 2549 4240 de
2599 4186 2861 4240 Romania
2891 4191 3143 4257 equidem
3181 4205 3395 4247 emunt.

1827 4278 2102 4331 Fruentur
2143 4278 2310 4345 igitur
2351 4278 2530 4330 l’isani
2579 4279 2832 4332 libertate
2867 4279 2998 4347 ipsis
3025 4282 3216 4336 collata
3243 4298 3271 4336 ι
3302 4301 3400 4338 n0-

1825 4381 1933 4422 stra
1968 4369 2260 4422 serenitate
2286 4379 2342 4422 et
2377 4369 2634 4422 omnibus
2667 4369 2801 4437 ipsis
2827 4371 3066 4434 donatis,
3098 4389 3199 4428 ceu
3232 4390 3398 4444 snpe-

139 4464 401 4530 hospitali
446 4462 500 4512 in
550 4462 752 4528 templo
793 4460 1096 4513 venerabili
1127 4470 1443 4511 sanctorum
1483 4473 1711 4523 magno-
1751 4452 1790 4504 ι)
1822 4459 1934 4510 rius
1969 4458 2296 4523 patefactum
2347 4468 2450 4516 est.
2498 4466 2552 4510 ct
2588 4459 2992 4514 amovcbttntur
3031 4462 3101 4514 ab
3140 4462 3223 4516 his
3249 4481 3393 4517 nun'

139 4571 260 4605 rum
309 4552 606 4618 Martyrum
643 4549 1032 4614 Quadraginta.
1081 4548 1348 4601 Concedit
1384 4563 1565 4600 autem
1602 4548 1718 4598 dari

135 4659 191 4696 et
251 4657 476 4694 rursum
541 4641 732 4692 Pisane
792 4639 1027 4692 ccclesie
1087 4642 1384 4692 constituta
1430 4640 1480 4692 ei
1538 4652 1718 4689 annua

141 4730 443 4791 solemnia,
476 4728 579 4780 500
623 4728 836 4781 scilicet
895 4742 1157 4796 yperpera
1197 4740 1252 4778 et
1291 4729 1326 4780 Ξ
1360 4729 1520 4795 pallia
1567 4738 1623 4779 ut
1667 4737 1721 4779 et

135 4825 205 4873 ab
263 4821 504 4887 imperio
553 4828 743 4870 nostro
791 4817 841 4869 ei
892 4833 1037 4870 nunc
1087 4816 1405 4880 constituta,
1438 4819 1507 4870 ob
1561 4818 1720 4870 [idem

137 4926 305 4981 quam
339 4910 535 4961 civitas
573 4909 736 4961 debet
767 4917 821 4960 et
853 4918 996 4960 terra
1021 4908 1213 4962 Pisana
1258 4909 1490 4976 imperio
1535 4919 1722 4960 nosth

135 5016 188 5057 et
219 5001 514 5056 servitium
541 5001 679 5066 ejus.
720 4999 884 5051 Addit
923 5014 1140 5068 quoque
1167 4999 1246 5052 cis
1277 5009 1334 5052 et
1357 4998 1460 5052 alia
1496 5015 1722 5068 yperpe-

136 5109 196 5145 ra
256 5094 358 5145 100
415 5091 690 5153 similiter,
731 5099 786 5143 et
837 5090 1264 5144 honoratissimo
1302 5092 1719 5159 archiepiscopo

140 5185 394 5238 l’isarum
450 5184 904 5250 precoastitutum
944 5183 991 5235 ei
1029 5197 1272 5234 annuum
1322 5182 1601 5245 salarimn,
1653 5185 1720 5233 ut)

141 5279 404 5330 videlicet
433 5289 696 5344 yperpera
725 5283 780 5326 et
809 5289 975 5326 unum
1002 5274 1246 5341 pallium,
1292 5285 1350 5327 ut
1385 5282 1438 5328 et
1465 5275 1516 5327 ei
1571 5291 1718 5327 nunc

137 5367 508 5419 constitutum
537 5363 604 5415 ab
643 5363 871 5430 imperio
896 5373 1104 5416 nostro.
1133 5361 1296 5414 Addit
1323 5377 1452 5415 vero
1487 5375 1718 5430 ρει-δοκε

139 5457 549 5524 archiepisc0pi
597 5459 689 5524 qui
742 5470 888 5508 nunc
941 5465 1027 5507 est
1065 5464 1117 5507 et
1152 5454 1254 5506 alia
1293 5468 1558 5524 yperpera
1616 5467 1717 5519 per

138 5552 389 5619 singula;
438 5564 611 5601 annos
657 5549 745 5600 i0.
797 5549 861 5599 Et
893 5548 1048 5615 jubet
1098 5547 1405 5617 hujusmotli
1460 5545 1641 5597 omnia
1689 5559 1718 5595 a

141 5653 299 5709 parte
337 5641 576 5693 civitatis
611 5649 667 5692 et
708 5649 852 5692 terre
883 5639 1076 5692 Pisane
1120 5638 1385 5706 possideri
1420 5639 1522 5689 hoc
1555 5635 1718 5689 modo

143 5748 240 5801 per
269 5750 464 5788 onmes
490 5745 544 5786 et
580 5733 830 5786 assiduos
857 5747 1050 5797 annos,
1075 5731 1374 5785 secundum
1407 5729 1715 5786 faciendum

1824 4562 2008 4616 quam.
2036 4547 2296 4612 Quamvis
2323 4548 2467 4599 enim
2505 4548 2816 4617 hujusmodi
2843 4553 3024 4606 omnia
3055 4555 3163 4619 jam
3197 4554 3394 4609 tradita

1826 4640 2029 4693 iuerint
2079 4640 2424 4692 m-ntastcriis
2455 4651 2509 4691 et
2542 4644 2793 4708 personis
2845 4643 3048 4708 quibus
3085 4643 3184 4697 hec
3214 4645 3393 4698 ablata

1824 4740 1972 4789 sunt,
2002 4739 2056 4782 et
2085 4730 2296 4781 Pisanis
2347 4730 2566 4793 tradita,
2600 4742 2842 4786 attamen
2893 4733 3154 4801 quoniam
3193 4734 3392 4788 iterum

1823 4821 2133 4890 hujusmodi
2185 4821 2359 4874 Pisani
2411 4823 2513 4874 sub
2568 4824 2798 4875 servitio
2856 4824 3119 4877 Rounanie
3152 4825 3392 4878 ordinati

1823 4923 1953 4967 sunt
2000 4921 2054 4966 et
2119 4912 2402 4979 pristinam
2456 4928 2609 4967 suam
2670 4913 2829 4966 ﬁdem
2892 4923 3056 4981 atque
3104 4915 3390 4968 servitium

1824 5003 2054 5071 imperio
2113 5013 2322 5064 nostro,
2370 5004 2669 5057 heredibus
2699 5013 2753 5057 et
2803 5005 3218 5061 successoribus
3271 5009 3392 5076 ejus

1821 5101 1876 5146 et
1927 5093 2214 5153 Romanie,
2279 5093 2570 5145 observare
2636 5094 2977 5163 juraverunt.
3042 5110 3261 5154 rursum
3308 5097 3394 5152 eis

1823 5185 1994 5236 ablata
2025 5193 2150 5235 sunt
2177 5191 2230 5235 et
2266 5183 2510 5234 restituta
2538 5181 2773 5243 Pisanis,
2805 5185 3063 5252 quoniam
3093 5185 3193 5251 ipsi
3225 5185 3388 5239 satis-

1823 5277 2111 5328 factionem
2178 5291 2205 5325 a
2255 5275 2384 5325 lisco
2441 5274 2646 5326 habere
2700 5273 2938 5336 debent;
2999 5275 3042 5327 si
3094 5291 3227 5328 vero
3276 5291 3384 5328 non

1823 5365 2132 5424 habuerint,
2174 5380 2279 5416 non
2327 5363 2528 5415 debent
2576 5363 2629 5416 in
2681 5363 2907 5421 Pisanos
2939 5379 3124 5433 agere,
3174 5367 3268 5419 sed
3326 5369 3377 5418 in

1822 5456 1996 5523 ipsum
2038 5456 2252 5517 iiscum,
2294 5455 2431 5508 inira
2460 5455 2761 5524 legitimum
2789 5463 3024 5524 tempus.
3067 5456 3134 5510 Et
3171 5467 3391 5511 restau-

1824 5547 2089 5599 rationem
2135 5546 2319 5614 adepti
2372 5546 2598 5611 fuerint,
2633 5547 2911 5600 habebunt
2954 5547 3385 5601 satisfactionem

1823 5654 1918 5706 per
1947 5638 1997 5690 id
2023 5639 2168 5705 quod
2203 5639 2458 5702 dabitur;
2499 5641 2542 5693 si
2573 5651 2756 5693 autem
2790 5655 2899 5692 non
2944 5639 3125 5708 adepti
3159 5639 3387 5704 iuerint,

1823 5730 2100 5784 habebunt
2135 5747 2229 5800 pro
2273 5741 2392 5784 rato
2427 5751 2439 5785 :
2494 5734 2753 5799 quoniam
2794 5735 3084 5802 imperium
3133 5741 3385 5788 nostrum
