4236 6442
815 325 923 419 i812

2006 354 2257 414 ISAACI
2303 352 2589 414 ANGELI
2644 354 2800 415 IMP.

3951 355 4071 419 «ει

797 470 1078 526 licentiam
1129 487 1194 525 ex
1247 469 1459 537 legibus
1493 469 1656 524 habet
1685 469 1738 525 in
1775 467 1976 522 noticia
2004 467 2273 537 largiendi
2314 478 2370 522 ct
2401 481 2445 534 Α
2475 468 2563 522 nic
2592 480 2752 531 sunt,
2785 478 2840 521 ct
2869 467 3175 538 pepigerint
3198 485 3261 526 ea
3291 480 3348 524 et
3377 471 3652 539 corporali
3687 467 4063 524 conﬁrmave-

799 563 1015 626 aliena,
1045 573 1096 616 ct
1121 563 1352 632 largitur
1395 563 1497 616 hec
1544 563 1789 616 Pisarum
1843 561 2194 630 pleniiudini.
2222 559 2374 624 Quo-

801 653 949 705 niam
999 667 1129 704 vero
1180 653 1442 705 notilicati
1497 654 1657 721 legati
1687 651 1980 706 clementie
2023 661 2210 704 nostrc
2241 665 2376 718 sup—

802 745 1069 812 plicantes
1103 743 1382 811 petierunt
1426 759 1550 797 cum
1591 742 1712 796 aliis
1751 741 2021 798 notilicari
2049 740 2103 793 in
2134 739 2375 809 presenti

800 833 1134 902 chrysobulo
1181 833 1396 902 imperii
1467 833 1675 897 nostri,
1737 843 1846 886 tam
1895 848 1958 885 ea
2014 845 2122 900 que
2161 829 2373 899 pridem

801 920 1227 986 possidebantur
1255 938 1284 974 a
1327 933 1479 990 parte
1533 922 1772 976 civitatis
1809 931 1866 974 ct
1905 931 2048 973 terre
2094 919 2288 973 Pisane
2319 918 2375 971 in

800 1024 994 1078 magna
1037 1011 1173 1064 urbe
1201 1011 1342 1078 jura,
1376 1027 1538 1080 quam
1566 1028 1629 1066 ea
1668 1027 1774 1080 que
1808 1025 1955 1064 nunc
1981 1025 2010 1064 a
2045 1009 2375 1066 celsitudine

802 1107 988 1153 nostra
1033 1101 1169 1169 ipsis
1213 1102 1406 1156 collata
1449 1112 1597 1165 sunt,
1641 1102 1931 1172 imperium
1993 1112 2243 1155 nostrum
2293 1100 2376 1153 sic

802 1190 920 1242 ﬁeri
966 1195 1266 1246 concessit.
1299 1192 1366 1248 Et
1419 1193 1761 1262 habentque
1811 1193 2023 1263 pridem
2074 1191 2299 1261 quidem
2342 1205 2373 1244 a

801 1279 1016 1333 Pisanis
1053 1282 1478 1350 possidebantur
1507 1283 1587 1335 sic
1618 1284 1729 1353 (45)
1756 1300 1771 1336 :

870 1369 1359 1424 Conservabuntur
1399 1373 1566 1441 igitur
1601 1375 1855 1429 universa
1887 1372 2144 1442 superius
2171 1372 2375 1442 scripta

802 1455 960 1509 ﬁrma
993 1456 1063 1509 ab
1089 1457 1322 1526 imperio
1350 1469 1560 1522 nostro,
1615 1460 1914 1513 heredibus
1947 1468 2003 1514 et
2039 1461 2378 1514 successori-

802 1547 905 1600 bus
935 1548 1058 1617 ejus
1084 1557 1139 1602 et
1178 1549 1466 1608 llomania.
1512 1549 1557 1603 si
1585 1560 1830 1618 potestas
1861 1566 1968 1620 que
1996 1560 2081 1604 est
2135 1551 2189 1604 in
2236 1551 2374 1606 civi-

804 1648 914 1692 tate
944 1648 1000 1692 et
1029 1649 1173 1691 terra
1211 1639 1429 1702 Pisana,
1470 1641 1749 1705 consules,
1785 1641 2086 1697 consiliarii
2120 1651 2176 1694 et
2205 1655 2372 1696 sena-

803 1737 973 1788 tores.
1008 1730 1302 1797 capitanei,
1355 1742 1600 1786 rectores
1650 1743 1707 1784 et
1755 1732 1952 1800 reliqui
1987 1731 2265 1797 meliores,
2309 1747 2374 1786 ac

803 1821 980 1887 ipsum
1001 1837 1292 1876 counuunc
1316 1824 1559 1877 Pisarum
1593 1823 1899 1892 receperint
1926 1839 2033 1891 que
2053 1836 2083 1874 λ
2114 1825 2370 1892 superius
2399 1837 2445 1896 η

799 1912 1024 1982 scriptis
1045 1913 1240 1983 legatis
1273 1929 1464 1970 eorum
1509 1924 1666 1983 pacta
1715 1915 1971 1984 etjurata
2003 1914 2234 1983 imperio
2268 1931 2374 1968 no—

803 2005 1249 2071 stro,beredibus
1273 2016 1328 2060 et
1347 2005 1764 2064 successoribus
1792 2007 1914 2076 ejus
1940 2004 2152 2076 ipsique
2173 2005 2373 2062 Bonna-

2476 560 2588 612 rint
2620 570 2986 620 sacramento,
3043 569 3097 614 et
3129 560 3396 629 scriptum
3430 561 3531 613 hec
3563 562 3857 613 continens
3906 574 4073 612 cum-

2475 646 2761 714 posuerint
2802 655 2858 699 et
2891 656 3154 701 consuete
3194 649 3700 710 corroboraverint,
3738 659 3794 702 et
3825 649 4066 703 celsitu-

2475 736 2592 790 dini
2641 746 2826 792 nostre
2861 737 3136 804 miserint,
3188 749 3246 794 et
3296 740 3398 793 hec
3440 748 3556 793 rata
3603 740 3658 793 in
3719 750 4063 809 perpetuum

2476 825 2773 882 habuerint
2822 829 2948 898 ipsi,
2992 838 3051 884 et
3087 830 3181 899 qui
3215 840 3342 900 post
3370 846 3468 884 eos
3505 841 3672 886 erunt
3709 832 3971 885 consules
4004 840 4066 884 et

2474 926 2809 985 potestates,
2873 921 3175 974 consiliarii
3234 932 3292 975 et
3349 933 3666 985 senatores,
3737 923 4013 990 capitanei
4043 964 4060 986 ,

2477 1015 2724 1061 rectores
2787 1022 2850 1060 ac
2917 1009 3096 1078 ipsum
3151 1025 3445 1064 commune
3512 1011 3752 1064 civitatis
3793 1021 3851 1064 et
3906 1021 4061 1065 terre

2475 1096 2696 1163 Pisane,
2731 1107 2986 1168 presente
3027 1101 3364 1172 chrysobulo
3415 1101 3585 1155 verbo
3635 1102 3848 1170 imperii
3881 1102 4064 1156 nostri

2477 1189 2711 1244 lirmiter
2732 1200 2788 1244 et
2819 1191 3211 1247 inviolabiliter
3237 1209 3561 1262 permanere
3583 1194 3742 1263 (45'),
3761 1209 4061 1262 quousque

2475 1283 2880 1336 conscrvabunt
2907 1285 3267 1354 suprascripti
3294 1299 3488 1339 omnes
3520 1301 3586 1339 ex
3617 1286 3837 1354 integro
3859 1300 3924 1338 ea
3948 1300 4062 1354 que

2475 1372 2736 1438 superius
2757 1382 2980 1425 narrata
2999 1382 3150 1426 sunt.

2551 1462 2714 1515 Facto
2746 1478 2932 1516 mense
2975 1464 3275 1520 Februario
3326 1466 3600 1535 presentis
3640 1466 3856 1522 decime
3909 1469 4060 1522 indi-

2477 1556 2695 1619 ctionis,
2723 1571 2822 1610 sex
2865 1557 3137 1611 millesimi
3161 1559 3632 1630 septingentesimi
3659 1563 3814 1616 anni.
3850 1565 3901 1614 in
3945 1579 4060 1631 quo

2475 1657 2532 1701 et
2559 1659 2806 1701 nostrum
2851 1648 3000 1716 piunt
3051 1657 3109 1701 et
3135 1665 3166 1702 a
3199 1649 3311 1704 Deo
3358 1650 3671 1705 ordinatum
3709 1653 4060 1721 subsignavit

2477 1739 2790 1808 imperium.

2550 1871 2796 1929 lsaaltius
2829 1874 2882 1927 in
2910 1871 3134 1927 Christo
3174 1873 3408 1927 Domino
3442 1872 3620 1928 ﬁdelis
3663 1873 3964 1944 imperator
3999 1883 4061 1932 et

2478 1963 2800 2019 moderator
2834 1965 3166 2020 Bettieorum
3192 1966 3454 2037 Angelus.

2382 2163 2478 2218 IX.

1633 2299 1702 2338 ne
1729 2298 1992 2339 emensus
2015 2301 2078 2339 an
2100 2299 2362 2338 Αιτιοιιει
2392 2298 2560 2338 ιοευιι
2603 2300 2886 2341 Pnouorts.
2919 2289 3006 2359 (Δ.
3047 2291 3232 2363 H95.)

1774 2397 1898 2452 Vide
1926 2397 2303 2455 Balsamonem
2331 2399 2402 2453 ad
2424 2396 2624 2469 Synod.
2651 2399 2896 2457 Chalced.
2929 2420 2976 2458 c.
3012 2405 3098 2463 12.

2397 2557 2468 2612 Χ.

2039 2714 2107 2754 οε
2141 2715 2428 2755 IBTROPOLI
2455 2717 2817 2760 BYPAEI‘ORUI.

2182 2813 2302 2868 Non
2332 2824 2507 2870 exstat
2541 2817 2679 2886 (46).

2391 2967 2485 3024 XI.

1732 3120 1904 3160 ausu
1936 3120 2099 3160 sum
2133 3120 2356 3159 vescus
2381 3122 2640 3162 concessa
2669 3107 2809 3182 (ΓΞ).
2840 3109 2927 3181 (Α.
2965 3111 3145 3185 H99.)

879 3241 1356 3310 Quemadmodum
1380 3239 1638 3294 animalia
1666 3254 1788 3295 sese
1813 3241 1878 3294 ad
1908 3240 2139 3293 invicem
2184 3240 2380 3295 intime
2410 3255 2454 3315 ς
2486 3259 2652 3296 verna
2682 3247 2985 3314 respiciunt
3016 3261 3182 3319 atque
3219 3255 3503 3322 amplexus
3544 3270 3901 3328 exspectant;
3933 3279 4067 3317 eum

809 3333 1140 3401 dilligcntia,
1184 3331 1448 3401 gregatim
1472 3345 1761 3398 quousque
1790 3345 2006 3398 semper
2028 3332 2236 3393 euntia,
2272 3346 2373 3384 nec

811 3442 924 3480 nam
958 3436 1014 3479 et
1043 3423 1449 3492 compascentia
1477 3429 1532 3476 et
1568 3422 1730 3475 simul
1755 3422 1823 3474 ad
1854 3423 2112 3478 sublimia
2138 3430 2197 3476 et
2237 3422 2379 3477 infe-

814 3519 958 3571 riora
1009 3516 1376 3577 convolantia,
1435 3513 1821 3584 coégredcntia
1889 3514 2052 3567 etiam
2090 3529 2154 3568 ac
2198 3530 2383 3582 regre-

811 3609 1048 3672 dicntia,
1113 3615 1170 3661 et
1202 3605 1346 3661 forte
1404 3606 1680 3660 interdum
1746 3605 1980 3674 quadam
2049 3607 2383 3660 necessitate

812 3701 1150 3764 accedentia,
1191 3707 1248 3753 et
1268 3698 1453 3767 sepius
1474 3698 1540 3752 ad
1576 3697 1808 3751 invicem
1836 3708 1986 3751 retro
2012 3696 2382 3767 respicientia,

813 3805 870 3847 et
894 3793 1140 3859 gruendo
1177 3806 1239 3845 ac
1277 3789 1596 3860 sclingendo
1632 3799 1688 3842 et
1729 3790 1968 3858 propriis
2035 3787 2385 3857 uniuscujus-

815 3900 923 3954 que
980 3884 1210 3938 vocibus
1249 3881 1585 3937 desiderium
1631 3882 1700 3934 ab
1752 3881 1988 3935 invicem
2045 3890 2382 3934 remotorum

815 3975 1276 4038 demonstrantia,
1319 3981 1375 4026 et
1417 3973 1463 4028 si
1524 3972 1726 4027 alicubi
1769 3971 2079 4026 libertatem
2110 3973 2382 4040 ceperint,

816 4068 998 4120 statim
1030 4067 1187 4120 valde
1209 4066 1277 4119 ad
1303 4066 1708 4134 compascentia
1732 4063 2038 4125 redeuntia,
2069 4073 2127 4117 et
2156 4063 2382 4117 lelitiam

816 4156 1176 4225 impossibille
1221 4164 1308 4210 est
1357 4155 1463 4210 dici
1494 4162 1758 4223 quantum
1783 4167 1851 4206 ex
1883 4151 2026 4206 facto
2052 4157 2121 4205 ad
2149 4152 2383 4206 invicem

816 4260 1110 4306 concursu,
1140 4256 1197 4300 et
1229 4246 1378 4300 velut
1415 4245 1684 4313 dilligenti
1709 4243 2045 4312 allocutione
2077 4259 2186 4296 non
2217 4245 2386 4313 signi-

819 4336 1054 4391 ﬁcativis
1094 4346 1146 4391 et
1181 4335 1548 4390 inarticulatis
1591 4335 1821 4388 vocibus
1869 4333 2336 4401 subsigniﬁcantia
2368 4351 2381 4386 :

815 4429 895 4482 sic
930 4437 986 4482 et
1032 4443 1204 4497 genus
1235 4427 1622 4481 Veneticorum
1677 4423 1972 4494 plurimum
2007 4423 2291 4478 amicabile
2319 4439 2385 4479 ac

818 4521 1017 4573 servile
1048 4518 1235 4573 circha
1272 4516 1592 4574 Romaniam
1635 4531 1732 4584 per
1771 4523 2018 4584 tempora
2054 4515 2160 4566 iam
2187 4515 2379 4575 multa,

2487 3343 2670 3388 autem
2704 3338 3036 3406 invenerint,
3077 3345 3555 3405 indissolubilibus
3590 3354 3826 3407 vinculis
3857 3360 4071 3407 annuis

2487 3432 2674 3480 tenere
2704 3430 2948 3484 student.

2552 3515 2706 3580 Quod
2737 3521 2959 3586 quidem
2989 3532 3045 3575 et
3071 3539 3217 3579 nunc
3258 3527 3485 3585 Venetie
3517 3533 3700 3589 cirrha
3729 3536 4064 3598 Romaniam

2483 3606 2732 3676 contigit.
2759 3609 2891 3663 Nam
2917 3611 3148 3681 imperio
3181 3633 3303 3669 meo
3328 3632 3541 3689 sceptra
3569 3625 3834 3682 Romanie
3867 3633 4068 3690 divina

2483 3697 2828 3763 providentia
2872 3704 3242 3770 suscipiente,
3297 3715 3761 3771 conventionibus
3804 3735 4062 3790 quoque.

2484 3801 2593 3881 que
2636 3788 2771 3842 inter
2805 3806 2924 3844 cam
2982 3804 3038 3847 et
3085 3795 3518 3854 dillectissimum
3554 3803 3778 3860 fratrem
3837 3788 4066 3881 imperii

2485 3876 2592 3928 mei
2637 3879 3122 3948 preimperantcm,
3148 3885 3428 3940 dominum
3457 3890 3727 3946 lsaaltium
3760 3876 4064 3966 Angelum,

2486 3965 2726 4030 fuerant.
2768 3973 2924 4041 quasi
2981 3976 3434 4044 suscipientibus.
3490 3965 3888 4043 achillis-simus
3949 3993 4066 4046 dux

2483 4058 2709 4113 Venetie
2741 4070 2797 4113 et
2847 4073 3256 4130 protosevastos
3314 4069 3582 4126 Henricus
3635 4075 3938 4143 Dandolus,
3997 4099 4066 4138 ac

2481 4149 2646 4202 etiam
2693 4151 2807 4222 ipsa
2860 4152 3249 4210 Veneticorum
3297 4161 3514 4214 consilii
3559 4165 3852 4230 prudentia
3885 4185 4065 4240 super

2486 4240 2899 4308 requisitionem
2935 4245 3155 4301 unionis
3197 4250 3351 4316 quasi
3408 4250 3675 4308 dissolute
3707 4271 4063 4329 nequaquam

2483 4333 2988 4400 saperdormitavit,
3034 4339 3143 4392 imo
3172 4339 3378 4407 legatos
3403 4343 3468 4395 ad
3507 4355 3750 4400 nostram
3791 4355 4062 4406 transmi-

2485 4425 2621 4476 serit
2685 4425 3065 4482 celsitudinem
3124 4447 3139 4484 :
3207 4432 3385 4499 primo
3431 4435 3656 4501 quidem
3728 4439 4061 4498 Raineriuut

2488 4512 2694 4568 Zenum
2724 4523 2782 4568 et
2815 4517 2985 4572 lilium
3013 4520 3357 4576 nobillissimi
3385 4526 3609 4592 quidem
3642 4527 3802 4583 ducis
3831 4532 4063 4590 Venetie

818 4620 875 4664 et
934 4615 1098 4664 etiam
1150 4625 1181 4664 a
1220 4618 1446 4664 centum
1495 4580 1746 4661 anniset
1805 4580 1930 4676 plus
1970 4580 2622 4660 connumeratisDAuri
2683 4609 2925 4678 Magistri
2989 4611 3158 4675 Petri,
3225 4580 3536 4678 Marinum,
3581 4628 3641 4672 et
3685 4620 3932 4690 legatum
3993 4627 4064 4680 ab

820 4703 1110 4771 possidens
1133 4700 1452 4755 inconvulse
1475 4715 1596 4752 eam
1623 4705 1680 4752 et
1719 4698 2130 4753 indivisibiliter
2155 4698 2389 4752 detinet.

821 4794 961 4849 Etsi
995 4794 1235 4862 aliquem
1290 4802 1502 4847 remoto
1547 4791 1687 4845 forte
1744 4793 1825 4844 sic
1877 4806 1973 4845 eos
2023 4793 2390 4860 persequitur,

819 4883 1008 4951 quiete
1063 4882 1428 4936 remotionem
1477 4890 1762 4950 portantes
1821 4895 1952 4949 sepe
2013 4879 2079 4933 ad
2126 4881 2387 4934 unionem

822 4981 1197 5037 revertuntur,
1233 4973 1410 5027 modis
1434 4986 1653 5041 quoque
1681 4970 1937 5024 omnibus
1979 4985 2098 5023 eam
2131 4984 2390 5024 revocare

821 5065 1134 5134 requirunt,
1163 5075 1218 5118 et
1250 5074 1309 5116 ut
1335 5062 1447 5134 [ad]
1482 5071 1712 5115 matrem
1754 5076 1892 5130 puer
1921 5070 1979 5116 et
2005 5060 2072 5114 ad
2109 5060 2384 5114 dominam

896 5217 1008 5286 (45)
1039 5215 1465 5271 Buchonomisit
1486 5216 1955 5270 enumerationem
1973 5214 2218 5286 locorum
2243 5229 2271 5266 a
2296 5212 2385 5286 [‘i-

819 5283 1465 5354 sanisConstantinopoli
1501 5301 1898 5354 possessorum,
1927 5284 2019 5337 sed
2056 5293 2246 5354 notat:
2292 5283 2317 5336 1
2349 5299 2381 5354 y

817 5369 897 5412 at
911 5357 1169 5423 plusieurs
1196 5357 1292 5424 [eis
1308 5353 1542 5425 question
1561 5359 1647 5408 des
1661 5353 2176 5425 élabliuements'des
2201 5353 2383 5425 Amal-

819 5422 1204 5497 pltitainsJAlt
1223 5422 1363 5493 aque
1382 5441 1546 5497 cursu
1571 5423 2078 5497 Attialphitanorum
2095 5442 2110 5471 ι
2124 5422 2381 5497 ,Α-Διιιιιςίι

817 5491 1022 5552 donata
1047 5491 1439 5562 Atnalphitanis
1475 5512 1618 5549 ο.--‹
1652 5491 2078 5547 DcSccndcnletn
2102 5493 2168 5545 ab
2194 5491 2380 5546 Amal-

824 5565 1088 5636 phitanis.
1121 5582 1140 5615 ι
1175 5593 1246 5636 τ-
1286 5583 1304 5615 ε
1340 5563 1542 5636 Dividit
1593 5563 1840 5616 eamdem
1907 5563 2106 5616 scalam
2163 5577 2268 5631 que
2311 5563 2380 5614 ab

824 5634 1220 5702 Amallrhitanis
1249 5635 1581 5702 possidetur.
1612 5651 1631 5683 ι

898 5700 1030 5774 ﬁt?)
1064 5700 1292 5758 Videtur
1322 5704 1632 5756 addendum
1663 5717 1676 5752 :
1709 5700 1935 5754 debeata.

2487 4697 2719 4766 imperio
2750 4715 2871 4753 meo
2897 4715 3258 4770 susceperunt
3293 4713 3710 4774 grammaticum
3743 4712 3886 4780 ejus,
3927 4731 4063 4784 pro-

2486 4789 2964 4848 tonobiliissimum
2995 4806 3280 4864 ypertaton
3313 4797 3596 4854 dominum
3621 4801 3929 4860 Johannem
3957 4808 4063 4864 Ca-

2484 4878 2760 4932 tallorum.
2795 4881 2863 4936 Et
2893 4886 3151 4952 quoniam
3179 4887 3400 4956 quidem
3415 4905 3533 4965 per
3559 4907 3686 4947 eum
3717 4894 3772 4948 in
3799 4896 4062 4955 Veneciis

2484 4971 2816 5026 suﬂicienter
2844 4985 3168 5040 morantem,
3227 4995 3333 5048 que
3375 4981 3428 5035 in
3466 4985 3834 5040 conventione
3878 4992 4061 5045 ambi-

2483 5079 2586 5132 gua
2617 5074 2799 5127 erant.
2827 5067 2970 5122 solvi
3012 5084 3123 5124 non
3166 5081 3484 5139 potuerunt,
3523 5075 3660 5128 alios
3684 5082 3871 5132 statim
3904 5081 4060 5154 lega.

2565 5218 2676 5295 (__46)
2703 5215 2988 5295 laudatur
3015 5225 3098 5295 ad
3134 5226 3556 5295 Dispositionem
3615 5228 3944 5286 thronorum
4003 5235 4059 5290 in

2489 5285 2781 5370 (ἰωῇ-ρει.
2807 5290 2896 5343 ed.
2923 5291 3103 5370 llhalli
3137 5285 3373 5370 etl’otli
3400 5298 3458 5355 V.
3487 5313 3540 5366 p.
3571 5298 3697 5370 476.
3735 5315 3790 5353 n.
3822 5302 3869 5354 Ι.

2701 5358 3026 5436 Nuplrrritne
3061 5380 3126 5436 εκ
3159 5365 3297 5418 labro
3327 5369 3394 5420 ali
3417 5385 3450 5418 υ
3483 5357 3539 5422 et
3567 5357 3726 5421 libris
3758 5371 4060 5427 Factorum

2484 5429 2778 5552 cilitglzagunt
2811 5429 2960 5485 Tafel
2989 5441 3043 5484 et
3071 5432 3307 5489 Thomas
3337 5439 3530 5504 sacpius
3577 5439 3779 5493 laudati
3841 5453 3981 5497 tum.
4015 5447 4058 5506 Ι.

2486 5511 2538 5552 ι).
2705 5514 2822 5552 s'lfl.

2528 5538 2538 5547 .
2572 5514 2676 5552 μδ
2705 5514 2822 5565 sqq.

2528 5538 2538 5547 .
2572 5511 2676 5552 236
2705 5514 2741 5548 si
2809 5538 2822 5551 .

2484 5511 2519 5565 Ρ
2559 5569 2668 5651 (148)
2701 5514 3206 5651 ΙξιΙΙἾιοτοέΔΙρεωεκ
3243 5573 3365 5651 βεδί
3395 5577 3725 5645 aliquantum
3773 5609 3838 5617 —
3871 5597 4061 5651 ιιι-ως.

2484 5639 2678 5703 quitur.
2713 5637 2872 5707 L°'gt',
2905 5639 2969 5692 Et
3006 5637 3055 5692 si
3087 5641 3279 5710 «Lquis
3312 5637 3553 5702 nmmos.
