4236 6442
106 426 210 483 4⁸5

1216 404 1590 468 ΝΟνΕιΜΞ
1638 402 2326 467 CONSTITUTIONES.

3284 404 3392 474 486

112 547 190 586 tos
213 529 281 584 ad
320 537 564 581 nostram
598 523 1024 577 transmiserunt
1052 519 1475 576 sublimitatem.
1517 525 1574 568 et
1601 528 1702 567 nec
1736 524 1773 576 ,ι
1811 513 1881 563 mi
1914 512 2071 566 ducis
2094 528 2289 567 eorum
2329 521 2382 567 et
2419 513 2589 567 totius
2651 514 2879 571 Venetie
2939 515 3150 587 scripto
3196 518 3265 571 ab
3305 520 3389 574 eis

108 640 201 693 per
224 638 327 674 eos
360 620 608 671 valentes
636 615 862 685 pacisci,
896 612 1005 683 [ac]
1037 612 1198 665 linem
1226 608 1425 677 apponi
1455 608 1557 667 eis,
1590 620 1698 673 que

109 716 173 768 ab
202 715 313 765 hiis
336 714 739 779 querebantur,
794 722 893 760 nec
950 705 1182 758 aliorum
1218 704 1523 771 legatorum
1569 699 1701 751 tuis-

109 803 325 855 sionem
386 798 818 868 pri:celaverunt
876 793 1028 861 (49),
1079 808 1191 846 tmo
1240 797 1594 845 accesserunt
1646 796 1701 838 et

108 910 332 950 rursum
370 893 438 947 ad
471 901 719 945 nostram
754 888 915 958 legati
944 886 1179 942 Venetie
1204 883 1697 953 tranquillitatem,

108 987 385 1041 Henricus
434 982 776 1050 Navagiosus
836 978 987 1049 (50),
1042 977 1291 1030 Andreas
1348 976 1595 1029 Donatus
1645 983 1699 1024 et

107 1077 446 1131 Benedictus
495 1071 800 1127 Grillionis.
846 1072 908 1123 Et
943 1085 1070 1123 cum
1102 1083 1206 1121 nec
1255 1068 1379 1130 ista,
1420 1080 1527 1134 que
1558 1066 1701 1132 lega-

110 1172 273 1222 tionis
299 1176 485 1227 erant,
527 1180 624 1233 pro
661 1178 763 1217 suo
809 1162 947 1215 velle
982 1162 1135 1229 ipsos
1175 1160 1446 1213 imitantia
1476 1157 1611 1224 (51),
1648 1157 1700 1208 in

110 1262 397 1315 Venetiam
446 1259 512 1310 ad
560 1274 617 1310 se
660 1257 946 1309 mittentes
989 1266 1045 1307 et
1094 1253 1199 1321 ipsi
1243 1251 1486 1313 rediere,
1522 1249 1701 1302 susci-

106 1370 138 1419 ιι
161 1365 324 1403 entes
361 1360 607 1403 anostra
663 1357 961 1401 serenitate
1014 1348 1277 1416 legatum,
1333 1352 1699 1411 pansevaston

105 1452 366 1494 sevaston
426 1450 482 1492 ct
536 1438 860 1492 familiarem
957 1437 1191 1505 imperio
1234 1424 1457 1488 “nostro
1507 1433 1699 1485 acolit-

107 1547 220 1585 tum
258 1533 399 1599 (5‘2),
432 1531 717 1583 dominum
768 1527 1080 1581 Johannem
1140 1524 1615 1603 Nomucopulum;
1646 1532 1703 1574 ct

105 1624 241 1673 abiit
292 1623 341 1675 is
376 1638 500 1674 cum
539 1624 636 1674 eis.
673 1620 740 1674 Et
784 1629 915 1672 tunc
971 1619 1085 1687 (53)
1140 1635 1239 1671 nec
1276 1634 1374 1687 per
1408 1617 1573 1667 istum
1600 1614 1699 1675 eis,

104 1732 212 1783 quc
245 1716 350 1783 ipsi
377 1717 489 1782 (54)
513 1714 800 1777 sedebant,
827 1715 1061 1781 majores
1091 1711 1316 1765 Venetie
1350 1709 1511 1761 finem
1542 1708 1702 1759 indu-

104 1824 231 1860 cere
261 1816 588 1874 potuerunt,
617 1806 755 1858 alios
793 1806 1001 1873 legatos
1032 1803 1098 1856 ad
1147 1793 1391 1855 nostram
1424 1799 1715 1853 duxerunt.

1803 603 2123 672 subscripto
2146 605 2706 672 eompreltendentes,
2759 609 2810 661 id
2852 622 3041 664 nostre
3074 610 3387 679 tranquilli-

1806 694 1900 745 tati
1933 692 2304 754 tradiderunt,
2337 696 2417 748 sic
2452 711 2548 763 per
2583 694 2860 748 dictiones
2890 696 3101 750 habens
3128 710 3141 752 :

1881 802 1898 834 ι
1934 784 2050 837 Non
2084 784 2199 852 (56)
2248 796 2334 837 est
2364 786 2589 841 Venetia
2623 790 2940 858 conjuncta,
2975 804 3076 841 nec
3126 804 3387 857 umquam

1803 877 2173 944 eonjungetur
2196 876 2360 929 alicui
2394 889 2782 932 coronatorum
2812 879 3098 932 hominum
3132 882 3214 933 vel
3277 896 3386 934 non

1803 978 2217 1031 coronatorum,
2242 977 2335 1021 aut
2364 971 2609 1037 gentium
2634 971 2715 1023 vel
2745 972 3032 1025 nationum
3067 972 3229 1041 alicui
3255 989 3391 1025 ton-

1807 1068 1890 1112 tra
1930 1059 2225 1127 imperium
2259 1062 2471 1113 domini
2508 1061 2858 1130 imperatoris
2911 1063 3286 1116 Romanorum
3333 1072 3390 1116 et

1804 1169 2024 1222 semper
2054 1157 2271 1221 augusti
2301 1156 2508 1209 domini
2558 1157 2733 1210 Alexii
2769 1156 3059 1223 Conmani,
3120 1158 3386 1227 quamdiu

1806 1249 1922 1316 ipse
1956 1249 2180 1309 vixerit,
2213 1261 2309 1301 aut
2355 1250 2621 1304 heredum
2669 1252 2792 1320 ejus
2846 1260 2954 1303 tam
3014 1253 3385 1305 mascoiorum

1803 1352 1968 1404 quam
1996 1346 2051 1390 et
2087 1338 2443 1402 feminarum,
2472 1339 2566 1407 qui
2613 1351 2670 1393 et
2708 1356 2815 1410 que
2870 1342 3241 1408 imperabunt,
3301 1344 3384 1395 vel

1804 1443 1997 1480 eorum
2023 1429 2117 1495 qui
2138 1444 2203 1481 ex
2232 1441 2492 1498 precepts
2508 1445 2703 1485 eorum
2723 1433 3099 1500 imperabunt,
3123 1431 3191 1484 ad
3219 1432 3387 1485 offen-

1804 1520 2046 1573 demlum
2074 1521 2398 1575 Romaniam
2436 1524 2847 1591 particulariter
2895 1527 3010 1578 sive
3050 1522 3384 1577 universali-

1807 1620 1908 1671 ter,
1944 1624 2049 1671 nec
2076 1626 2172 1679 per
2200 1626 2257 1664 se
2292 1627 2548 1679 umquam
2578 1614 2841 1667 offendet.

1881 1719 1897 1751 ι
1938 1702 2093 1763 ltem,
2127 1702 2628 1771 quotienscumque
2657 1705 2971 1772 principum
2996 1707 3198 1775 aliquis
3229 1723 3388 1761 coro-

1807 1800 1966 1857 natus
1999 1790 2081 1841 vel
2110 1804 2219 1842 non
2244 1800 2563 1854 coronatus,
2590 1793 2711 1846 sive
2762 1810 2897 1863 gens
2948 1797 3131 1864 aliqua
3194 1812 3385 1850 contta

106 1872 630 1961 mansuetudinem,
695 1872 918 1951 Petrum
979 1893 1301 1947 Michaelem
1365 1892 1619 1946 videlicet
1647 1901 1701 1943 et
1733 1872 1779 1930 Β
1809 1880 2133 1935 ltomaniam
2167 1883 2382 1935 venerit
2413 1884 2480 1935 ad
2515 1886 2906 1939 offendendum
2937 1903 3059 1941 eam
3110 1905 3235 1942 eum
3292 1907 3391 1958 ga~

103 1992 474 2046 Octavianum
499 1991 817 2057 Quirinum,
852 1991 1002 2043 viros
1038 1986 1353 2059 prudentia,
1383 1982 1613 2039 consilio
1642 1994 1696 2035 et

109 2083 279 2149 verbo
340 2082 487 2149 apud
550 2082 842 2135 Veneticos
877 2094 1042 2148 quam
1097 2092 1358 2147 magnos,
1418 2076 1512 2144 qui
1571 2090 1695 2127 cum

104 2186 467 2241 pansevasto,
508 2184 725 2227 sevasto
759 2182 815 2226 et
848 2171 1081 2240 imperio
1112 2185 1236 2223 meo
1281 2161 1536 2221 familiari
1570 2182 1701 2218 can-

104 2266 337 2319 cellario
364 2264 713 2317 vicedomino
757 2261 1011 2314 Dimitrio
1045 2259 1280 2314 Trinkio
1327 2258 1442 2327 (55)
1468 2272 1535 2311 οι
1574 2271 1703 2325 pre—

103 2367 266 2424 cepto
300 2366 491 2409 nostre
540 2354 944 2424 magnificentie
1001 2363 1109 2406 tam
1166 2353 1232 2405 de
1278 2352 1391 2422 jam
1442 2347 1699 2418 peractis,

105 2462 273 2515 quam
312 2448 480 2500 etiam
534 2460 599 2498 ex
642 2461 784 2497 novo
847 2442 1191 2513 paciscendis
1248 2440 1579 2494 multociens
1619 2452 1704 2489 ra-

108 2540 473 2600 tiocinantes,
534 2537 775 2604 denique
827 2544 881 2587 et
940 2548 1124 2587 coram
1172 2544 1371 2585 nostra
1418 2532 1702 2599 majestate

107 2640 414 2691 steterunt,
457 2636 513 2681 et
553 2630 700 2679 inter
745 2625 1058 2695 predictum
1109 2622 1496 2696 caucellarium
1538 2630 1702 2688 atque

106 2734 200 2771 eos
236 2729 477 2771 tractata
517 2720 848 2778 retulerunt,
881 2729 935 2770 et
967 2712 1192 2769 multam
1224 2713 1566 2775 instantiam,
1601 2726 1704 2765 nec

108 2823 219 2859 non
244 2816 307 2860 et
340 2808 791 2875 deprecationem
837 2816 895 2859 ut
940 2805 1022 2859 eis
1052 2805 1254 2873 placita
1280 2802 1545 2872 perficere
1576 2816 1707 2869 pes-

107 2906 233 2951 sent
265 2897 561 2961 facientes,
591 2896 659 2950 ad
695 2895 1095 2961 declarandam
1130 2895 1483 2963 acquievere.
1534 2891 1700 2945 Jura-

105 2995 317 3038 verunt
344 2995 401 3039 et
430 2986 595 3038 etiam
625 2995 1059 3040 sacramentum.
1104 2985 1186 3038 sic
1212 2983 1280 3037 ad
1315 2983 1543 3036 verbum
1570 2995 1704 3035 eon-

110 3076 299 3128 tinens
332 3093 347 3132 ;
1286 3128 1295 3139 _

189 3184 209 3216 σ
240 3165 359 3219 Nos
384 3166 576 3235 legatis
602 3164 965 3218 nobillissimi
998 3165 1163 3219 Ducis
1190 3163 1418 3218 Venetie
1440 3172 1493 3217 et
1524 3164 1697 3231 impe-

112 3257 273 3310 rialis
304 3254 674 3325 protosevasti
702 3252 928 3309 Henrici
957 3254 1207 3318 Dandoli,
1232 3254 1428 3306 Petrus
1470 3253 1697 3306 Michael

111 3359 169 3403 et
198 3347 541 3403 Octavianus
570 3346 855 3412 Quirinus,
880 3348 1135 3417 juramus
1172 3348 1275 3400 hac
1307 3346 1575 3407 hodierna
1609 3345 1697 3397 die

112 3457 221 3510 que
238 3449 329 3494 est
353 3440 645 3509 vigessima
668 3441 900 3509 septima
931 3439 1203 3505 presentis
1222 3428 1427 3512 mensis
1449 3437 1697 3504 Septem—

112 3535 229 3587 bris
266 3532 547 3602 presentis
578 3533 819 3586 secunde
868 3520 1213 3594 indic-tionis,
1278 3544 1373 3583 sex
1422 3528 1696 3581 millesimi

110 3624 591 3695 septingentesimi
633 3623 851 3691 septimi
895 3622 1135 3686 anni,ad
1190 3636 1346 3674 sacra
1388 3619 1480 3672 dei
1530 3634 1705 3676 evan:

111 3717 252 3785 gelia
294 3726 352 3768 et
380 3715 447 3766 ad
478 3714 857 3766 bonorabilem
888 3722 944 3765 et
978 3713 1250 3765 vivilicam
1279 3726 1520 3770 crucem,
1550 3710 1694 3777 quod

109 3809 325 3877 omnia,
365 3821 471 3873 que
506 3805 646 3871 pacti
688 3820 879 3857 smnus
910 3820 1034 3857 cum
1059 3803 1413 3857 sanctissimo
1455 3810 1511 3853 et
1540 3802 1695 3853 altis-

110 3899 253 3951 simo
287 3898 621 3964 imperatore
675 3884 1048 3949 Romanorum
1103 3904 1157 3945 et
1198 3908 1415 3962 semper
1463 3902 1696 3959 augusto

110 3989 346 4043 domino
374 3989 568 4041 Alexio
596 3988 903 4048 Comuano,
941 3984 1246 4037 secundum
1305 3984 1610 4036 orationem
1642 3990 1697 4035 et

109 4082 463 4141 voluntatem
490 4080 724 4146 predieti
769 4077 1120 4130 nobillissimi
1167 4074 1325 4129 ducis
1366 4074 1591 4129 Venetie
1642 4080 1696 4125 et

107 4188 173 4224 ex
203 4172 417 4239 scripta
444 4172 563 4239 ejus
586 4170 961 4225 conmissione
1010 4168 1076 4221 ad
1137 4183 1237 4220 nos
1285 4182 1348 4220 ex
1413 4168 1694 4219 voluntate

109 4263 342 4330 majoris
376 4262 548 4330 partis
568 4263 720 4330 parvi
752 4271 808 4314 et
834 4263 1017 4327 magni
1048 4259 1525 4312 conciliiVenetie
1553 4260 1692 4311 facta

108 4355 551 4408 convenimus-et
578 4354 720 4421 pacti
750 4361 1063 4416 suntus;et
1109 4350 1260 4427 quod
1311 4350 1585 4414 concessil
1642 4362 1693 4403 et

108 4445 595 4502 conmissitnobis
622 4446 765 4499 idem
820 4444 1216 4498 nobillissimus
1278 4442 1393 4494 Dux
1443 4441 1691 4503 Venetie,

1814 1972 1915 2024 teis
1945 1971 2305 2041 quadraginta
2336 1974 2421 2027 vel
2449 1976 2723 2043 pluribus,
2751 1991 2923 2046 usque
2947 1980 3013 2032 ad
3063 1993 3304 2043 centum,
3330 1992 3387 2036 et

1810 2066 1927 2118 vult
1960 2065 2254 2133 imperium
2275 2047 2489 2129 eorum,
2525 2068 2610 2120 vel
2642 2050 2880 2124 heredes
2914 2071 3159 2139 ipsorum
3208 2089 3389 2127 mares

1805 2160 1920 2209 sive
1951 2157 2175 2219 femine,
2210 2156 2352 2227 [qui]
2376 2168 2432 2212 et
2457 2174 2563 2227 que
2593 2161 2965 2228 imperabunt,
3000 2165 3084 2216 vel
3124 2165 3223 2228 hii,
3291 2167 3385 2232 qui

1804 2260 1871 2299 ex
1908 2256 2171 2314 preeepto
2203 2262 2399 2300 eorum
2429 2248 3113 2316 imperabuttt,servitium
3165 2255 3387 2307 Veneti-

1806 2352 1997 2391 cormn
2024 2352 2149 2390 cum
2183 2338 2354 2405 galeis
2378 2341 2743 2409 quadraginta
2763 2350 2820 2395 et
2845 2358 3019 2413 usque
3044 2347 3110 2397 ad
3136 2358 3385 2403 centum.

1806 2428 2011 2482 debent
2039 2429 2169 2484 illud
2197 2430 2405 2483 habere
2430 2431 2573 2485 infra
2595 2447 2818 2488 menses
2850 2449 2945 2489 sex
2974 2446 3095 2503 post
3127 2439 3385 2492 noticium

1804 2520 1930 2574 duci
1953 2520 2133 2573 datam
2167 2521 2395 2576 Venetie
2427 2524 2494 2575 ab
2530 2523 2764 2590 imperio
2807 2540 3024 2580 eorum.
3053 2529 3169 2593 Que
3200 2532 3388 2599 profe-

1804 2620 1893 2664 cto
1915 2613 2066 2680 galee
2096 2611 2307 2665 debent
2331 2614 2557 2667 Venetie
2591 2616 2706 2668 tieri
2737 2624 2794 2668 et
2824 2620 3104 2684 preparari
3133 2635 3162 2672 a
3214 2619 3389 2675 Vene-

1805 2700 1929 2754 ticis
1957 2716 2081 2754 cum
2111 2702 2370 2756 universo
2401 2718 2591 2757 earum
2624 2720 2893 2774 apparatu
2934 2723 3033 2777 per
3056 2712 3385 2778 peccuniam

1806 2790 1937 2844 illuc
1966 2793 2186 2845 missam
2220 2810 2289 2847 an
2318 2810 2510 2848 eorum
2535 2796 2792 2864 imperio,
2827 2799 2909 2852 vel
2936 2801 3157 2855 inventa
3179 2801 3285 2874 [ut]
3309 2803 3387 2857 ibi

1802 2900 1834 2934 a
1870 2892 2030 2951 parte
2054 2884 2407 2940 celsitudmis
2425 2898 2639 2951 eorum,
2666 2888 2943 2944 Venetieis
2970 2891 3103 2947 dare
3132 2894 3385 2948 debenti.

1803 2973 1907 3028 bus
1935 2976 2192 3031 homines
2221 2986 2403 3047 aptos,
2439 2990 2499 3033 ut
2540 2981 2777 3051 quisque
2811 2995 3004 3036 eorum
3036 2989 3378 3054 preparatio~

1802 3081 1928 3119 nent
1963 3068 2209 3137 quinque
2236 3070 2513 3140 galearum
2568 3073 2769 3139 presit;
2804 3074 2897 3143 qui
2951 3082 3008 3130 et
3035 3078 3227 3143 jurare
3287 3077 3387 3131 de-

1805 3159 1960 3220 bent,
1992 3164 2138 3227 quod
2171 3161 2372 3215 facient
2397 3178 2490 3216 eas
2519 3176 2575 3216 ct
2600 3165 2741 3216 bene
2773 3164 2916 3227 ﬁeri,
2945 3176 3000 3219 et
3028 3182 3387 3236 unamquam-

1808 3265 1915 3318 que
1938 3266 2130 3325 earum
2160 3262 2381 3306 centum
2407 3254 2772 3324 quadraginta
2816 3256 2934 3308 fore
2995 3238 3272 3327 rellioruin
3328 3271 3387 3317 et

1802 3358 1928 3396 eum
1968 3344 2115 3396 omni
2148 3357 2411 3413 apparatu
2447 3362 2663 3410 earum,
2697 3362 2822 3403 cum
2850 3350 3159 3405 eellcritate
3207 3330 3277 3409 ei,
3317 3355 3387 3406 sio

1800 3451 1870 3489 ne
1907 3436 2057 3499 dolo,
2090 3440 2394 3491 secundum
2420 3442 2565 3508 quod
2600 3441 2870 3497 deberent
2897 3459 2991 3497 eas
3021 3446 3203 3499 facere
3238 3447 3381 3511 fieri,

1800 3528 1848 3579 si
1883 3536 2071 3579 essent
2102 3527 2256 3595 galee
2290 3529 2537 3593 Venetie,
2580 3542 2679 3583 aut
2716 3532 2762 3584 si
2793 3546 2918 3585 cum
2953 3536 3218 3600 peecunia
3276 3536 3378 3590 \‘e-

1801 3619 1947 3671 netie
1978 3606 2247 3673 deberent
2272 3621 2413 3673 lieri.
2448 3624 2692 3687 Quorum
2742 3624 2977 3694 quisque
3025 3626 3191 3678 debet
3219 3642 3248 3679 a
3282 3644 3376 3679 ve-

1800 3710 1995 3761 stiurio
2045 3711 2255 3763 domini
2314 3712 2669 3779 imperatoris
2731 3718 2984 3783 accipere
3032 3717 3381 3776 liberalitatis

1797 3798 1972 3867 gratia
2001 3802 2330 3853 numismata
2361 3818 2625 3871 yperpera
2658 3806 2964 3872 sexaginta.

1874 3908 1891 3937 ι
1939 3892 2093 3954 ltem,
2132 3895 2362 3947 comites
2409 3895 2728 3962 hujusmodi
2769 3898 3050 3965 galearum
3097 3900 3368 3969 jurabuni‘.

1798 3998 1961 4049 super
1990 3995 2179 4037 saneta
2236 3985 2331 4038 Dei
2393 3985 2705 4055 Evangelia,
2740 3990 2885 4057 quod
2934 3990 2988 4042 itt
3044 4006 3370 4063 unaquaque

1798 4074 2100 4141 gallearum
2135 4086 2299 4129 erunt
2326 4087 2547 4129 centum
2586 4079 2951 4147 quadraginta
2998 4082 3274 4149 homines,
3324 4089 3371 4139 si

1800 4178 1878 4221 lOl
1937 4169 2220 4221 hominum
2268 4169 2350 4225 eis
2392 4185 2521 4238 roga
2558 4172 2684 4223 data
2731 4172 2929 4235 (uelit,
2975 4176 3221 4243 exceptis
3251 4193 3373 4230 mo-

1799 4260 2069 4315 rientibus
2105 4268 2161 4310 et
2186 4259 2305 4311 sine
2341 4276 2534 4314 eorum
2563 4261 2767 4315 noticia
2805 4262 3235 4332 aufugientibus.
3273 4266 3375 4319 Ve-

1799 4360 2085 4402 rnntamen
2123 4351 2223 4416 ipsi
2260 4351 2564 4405 studebuttt
2620 4354 2760 4406 bona
2811 4355 2937 4419 (ide,
2979 4367 3254 4422 quatenus
3284 4374 3374 4408 rm

1796 4458 1915 4511 gum
1950 4441 2156 4495 eisdem
2206 4444 2524 4497 hominibus
2584 4445 2787 4507 datam,
2853 4450 3220 4501 morientibus
3285 4453 3369 4504 vi-l

110 4550 298 4591 utnos
320 4553 491 4605 super
518 4537 757 4589 animam
788 4552 945 4588 suam
998 4535 1273 4603 jureutHS.
1309 4535 1453 4603 quod
1482 4542 1542 4589 el
1575 4533 1688 4599 ipse
1724 4536 1768 4588 ο
1800 4536 2143 4603 fugientibus
2179 4536 2454 4601 videlicet,
2498 4548 2862 4606 recuperent;
2904 4555 3065 4607 quant
3106 4542 3154 4592 si
3209 4557 3367 4595 recu-

106 4646 191 4686 ea.
227 4645 339 4696 que
375 4643 404 4677 a
433 4627 593 4679 nobis
623 4636 776 4695 pacta
806 4635 935 4679 sunt
962 4634 1018 4677 et
1050 4635 1341 4685 conventa,
1368 4624 1574 4691 jurabit
1637 4627 1691 4675 et

111 4702 371 4775 lautitities
408 4718 629 4771 Venetie
679 4720 869 4786 jurare
907 4716 1095 4770 faciet.
1144 4716 1209 4769 Et
1270 4731 1334 4767 t-x
1375 4730 1484 4782 quo
1533 4714 1689 4766 nobis

109 4812 213 4863 huc
238 4810 589 4862 concessitet
618 4808 927 4865 conmissit,
962 4822 1069 4858 non
1094 4806 1145 4858 id
1167 4806 1438 4859 subvertit
1463 4807 1541 4857 vel
1572 4821 1689 4858 mu~

110 4905 268 4954 tavit.
307 4900 373 4951 Et
409 4902 553 4951 sicut
593 4901 693 4951 hec
719 4900 974 4967 juramus
1016 4900 1133 4951 sine
1190 4900 1381 4950 fraude
1448 4908 1502 4948 et
1546 4898 1689 4953 malo

113 4992 363 5055 ingenio,
394 4991 472 5041 sic
502 4989 725 5058 adjuvet
761 4991 905 5042 Deus
928 4999 985 5041 et
1041 4980 1374 5057 sanetacjus
1404 4991 1686 5057 evangelia

109 5097 161 5137 et
189 5083 537 5135 honorabilis
561 5092 724 5149 atque
766 5080 977 5134 vivitiéa
1003 5098 1134 5134 crux
1157 5084 1463 5150 predietum
1490 5084 1685 5135 durem

111 5187 366 5227 nostrum
393 5184 446 5242 et
480 5191 597 5235 nos,
637 5182 691 5226 et
719 5173 770 5226 iit
806 5170 909 5225 hoc
938 5168 1124 5227 secqu
1145 5184 1202 5226 et
1237 5176 1514 5226 inluturo.
1559 5191 1575 5219 ι

185 5266 300 5319 llee
328 5263 496 5331 igitur
520 5265 790 5333 jurantes,
814 5275 870 5316 et
899 5280 1005 5333 que
1026 5274 1181 5331 pacta
1215 5274 1343 5318 sunt
1386 5266 1455 5317 ab
1479 5266 1559 5317 eis
1592 5280 1687 5315 no-

112 5372 223 5415 stre
252 5354 682 5424 magniﬁeentie,
730 5367 879 5407 utex
913 5364 1064 5423 parte
1109 5356 1340 5423 predicti
1386 5357 1683 5410 nobillissi-

186 5519 299 5583 {59y
333 5519 585 5575 l-Lilitorcs
614 5520 909 5573 emendant
939 5538 951 5572 :
985 5517 1396 5588 protelarerunt.

182 5592 297 5654 (Ξιυ)
329 5592 449 5642 Lib.
487 5600 770 5654 pactorum
803 5607 814 5641 :
851 5590 1197 5659 Navagrrios.

182 5660 296 5725 (51)
340 5659 587 5726 Legerim
628 5676 640 5710 :
679 5662 1042 5728 impetrarent.

180 5730 294 5793 (5‘1!)
328 5732 445 5780 Lib.
473 5740 614 5796 pact.
652 5736 970 5782 acotuthum.

180 5804 294 5867 (ὕει)
329 5800 583 5852 Editores
614 5801 753 5867 conj.
786 5814 921 5852 Cum.

1798 4640 1991 4693 perare
2073 4627 2395 4690 valuerint,
2459 4627 2721 4685 inducent
2796 4630 2933 4682 alios
3005 4646 3102 4705 pro
3148 4631 3231 4682 eis
3313 4633 3367 4686 in

1794 4719 1975 4786 galeas
2003 4733 2217 4778 eorum,
2269 4717 2637 4782 autreddeut
2664 4733 2850 4788 rogant
2897 4719 3108 4772 hontiui
3158 4722 3368 4791 domini

1798 4809 2171 4875 imperatoris.
2408 4810 2421 4819 ’

1874 4919 1891 4946 ‹
1935 4900 2091 4960 Item,
2143 4901 2411 4969 jurabunt
2466 4903 2846 4970 unusquisque
2878 4904 3165 4963 comitum,
3218 4903 3365 4965 quod

1798 4988 2111 5042 universum
2147 5001 2469 5057 apparatum
2506 4992 2637 5057 ipsis
2665 4993 2926 5043 traditum
2962 4992 3274 5055 eondttcent
3295 4994 3360 5045 ad

1796 5083 2058 5134 honorem
2117 5082 2333 5150 imperii
2373 5098 2563 5134 eorum
2615 5092 2669 5135 et
2716 5085 2946 5136 salutem
2994 5085 3168 5134 nostri
3214 5085 3357 5137 stoli.

1798 5175 2055 5227 Homines
2103 5184 2285 5226 autem
2337 5174 2617 5243 galearum
2660 5177 2826 5231 talem
2863 5176 3112 5241 accipere
3156 5174 3360 5230 debent

1795 5281 2000 5335 rugam,
2041 5266 2259 5333 qualem
2297 5264 2538 5319 Venetici
2592 5270 2733 5332 apud
2788 5267 3087 5335 (Seriphum
3119 5267 3358 5333 accipiue

1796 5361 1942 5411 bant.

1857 5525 1964 5588 (54)
2002 5526 2168 5576 Iidem
2200 5542 2210 5576 :
2241 5526 2385 5589 ipsis.

1856 5594 1963 5661 (ΐξῖὶ)
2000 5595 2120 5647 Lib.
2162 5604 2305 5660 pact.
2334 5592 2599 5643 Tniniciio.

1856 5660 1965 5727 (56)
1997 5666 2126 5728 Quae
2168 5672 2470 5729 sequuntur
2494 5661 2719 5729 repetita
2748 5672 2961 5716 suntex
2990 5660 3123 5715 Nov.
3160 5662 3216 5716 V.
3250 5674 3347 5717 ευ-

1784 5748 1899 5799 pr=t.
1940 5736 2128 5800 paucis
2154 5733 2391 5785 mutatis.
