4236 6442
821 391 921 452 481

2006 374 2258 435 ISAACI
2305 373 2593 434 ANGELI
2632 372 2787 433 IMP.

3975 367 4084 431 488

901 524 918 554 ι
958 504 1113 566 Item,
1165 500 1209 554 si
1243 494 1534 565 imperium
1582 505 1773 546 eorum
1816 487 2055 542 voluerit
2089 486 2143 539 in
2169 501 2402 540 numero
2429 487 2478 546 Α
2508 499 2652 547 rum,
2692 494 2950 553 tanquam
2985 483 3028 537 si
3063 483 3283 553 preprie
3316 494 3505 539 essent
3535 482 3787 549 Vcnctie,
3821 497 4092 537 verunta-

825 593 1140 668 hujusmoali
1194 599 1416 643 centum
1465 586 1744 655 galearum
1793 578 2078 633 servitium
2113 577 2402 632 Venetieo-

831 665 950 741 ruin
982 687 1034 738 in
1065 681 1320 735 universa
1350 675 1616 731 Romania
1663 674 2037 733 inventorum,
2071 669 2238 721 debet
2264 665 2398 718 illud

833 781 1031 833 habere
1055 788 1178 828 cum
1218 780 1298 824 tot
1336 769 1550 823 scilicet
1598 763 1792 833 galeis,
1829 769 1965 831 quot
2001 757 2200 812 armari
2247 767 2402 824 pote-

832 880 962 924 runt
1007 883 1072 922 cx
1108 864 1348 921 inventis
1383 857 1681 918 Veneticis,
1713 871 1778 909 ex
1825 863 2058 922 quatuor
2095 849 2270 901 tribus
2321 847 2405 900 in-

833 962 1014 1016 ductis
1030 958 1335 1013 secundum
1357 965 1644 1005 numerum
1666 941 2403 1000 inventoranencticorum

835 1069 960 1108 eum
1008 1062 1064 1106 et
1118 1049 1359 1119 predicta
1420 1058 1571 1112 roga.
1617 1041 1817 1093 Tamen
1871 1050 1978 1088 non
2024 1041 2290 1101 cogentur
2321 1028 2402 1081 vi-

836 1145 973 1215 ginti
1021 1118 1290 1196 annorum
1329 1135 1582 1189 homines
1627 1126 1728 1200 [et]
1770 1126 1911 1180 infra
1958 1124 2141 1195 galeas
2168 1118 2402 1190 ingredi,

840 1253 1020 1306 neque
1050 1231 1329 1300 sexaginta
1364 1237 1633 1280 annorum
1661 1229 1717 1273 et
1745 1219 1911 1271 ultra.

920 1367 938 1397 ι
971 1348 1128 1408 Item,
1169 1351 1356 1395 naster
1402 1336 1574 1390 stolus
1600 1333 1764 1387 debet
1817 1329 2020 1382 habere
2057 1325 2407 1395 capitaneum

841 1439 926 1492 vel
961 1436 1283 1506 capitaneos
1308 1426 1619 1486 Veneticos,
1655 1421 1747 1491 qui
1783 1419 2074 1490 jurabunt,
2105 1415 2253 1486 quod
2281 1431 2412 1469 eon-

842 1529 1046 1582 ducent
1071 1524 1272 1579 stolum
1299 1519 1366 1573 ad
1409 1519 1670 1571 honorem
1707 1510 1922 1580 imperii
1958 1524 2149 1563 eorum
2175 1517 2230 1560 et
2265 1507 2412 1560 salu-

847 1632 955 1674 tem
1011 1617 1182 1671 nostri
1239 1613 1366 1666 stoli
1410 1611 1550 1663 bona
1585 1605 1691 1659 fide
1734 1603 1855 1658 sine
1895 1601 2088 1655 fraude
2137 1612 2313 1667 usque
2344 1596 2411 1649 ad

845 1712 1045 1766 stolam
1066 1703 1414 1762 celsitudinis
1440 1697 1659 1768 imperii
1697 1710 1914 1750 eorum.

921 1839 940 1872 ι
979 1821 1138 1881 Item,
1189 1816 1234 1870 si
1283 1821 1411 1867 ante
1436 1825 1601 1881 quam
1631 1818 1819 1863 noster
1844 1804 2019 1859 stolus
2062 1799 2286 1854 uniatur
2315 1798 2412 1852 im-

846 1911 984 1982 perii
1008 1923 1195 1963 eorum
1226 1905 1388 1963 stolo,
1425 1900 1696 1955 invenerit
1717 1898 1953 1965 aliquem
1978 1893 2178 1948 stolum
2203 1889 2412 1944 inimici

849 2001 1064 2070 imperii
1111 2012 1330 2057 eorum,
1362 2003 1418 2047 et
1450 1992 1683 2044 voluerit
1713 1989 1763 2042 ei
1803 2001 2004 2042 nocere
2035 1985 2118 2038 vel
2165 1998 2291 2036 eum
2316 1997 2412 2034 ex-

847 2105 1112 2163 pugnare,
1160 2088 1323 2141 faciet
1354 2086 1432 2139 sic
1464 2084 1670 2150 absque
1695 2079 1889 2132 fraude
1933 2085 1990 2131 et
2025 2075 2168 2128 man
2198 2072 2416 2140 ingenio

847 2161 1054 2253 aliquo.
1109 2181 1404 2246 Postquam
1442 2189 1575 2228 vero
1603 2171 1778 2225 stolas
1807 2175 1994 2221 noster
2020 2165 2206 2218 unitus
2250 2161 2418 2214 fuerit

850 2245 990 2329 stoio
1015 2245 1368 2339 imperatoric
1385 2260 1763 2323 sublimitatis,
1790 2245 2417 2316 debcntnumerari,qui

852 2365 907 2418 in
938 2361 1112 2432 galeis
1141 2366 1328 2421 erunt,
1359 2371 1389 2410 a
1425 2352 1717 2422 capitaneo
1754 2346 1909 2402 stolii
1957 2340 2170 2412 imperii
2203 2352 2417 2401 eorum,

850 2455 895 2508 si
936 2427 1050 2522 ipse
1075 2448 1349 2510 voluerit;
1377 2455 1436 2498 et
1458 2440 1666 2497 inventi
1690 2437 1914 2508 quidem
1935 2431 2174 2488 eruntin
2195 2427 2422 2482 servitio

851 2545 1194 2607 celsitudinis
1219 2539 1432 2612 imperii
1478 2551 1708 2599 eorum;
1741 2534 1999 2586 absentes
2020 2541 2152 2581 vero
2175 2522 2423 2578 studiose

853 2656 920 2695 ac
956 2641 1095 2693 bona
1134 2635 1241 2690 fide
1268 2631 1544 2688 curabunt
1570 2625 1813 2696 reperire
1842 2617 2116 2684 Venetici,
2151 2617 2199 2671 si
2221 2623 2423 2686 potue-

857 2733 983 2792 rint.
1011 2740 1068 2784 et
1097 2740 1390 2782 numerum
1423 2719 1751 2789 adimplere.

935 2862 952 2894 ι
987 2838 1146 2902 Item,
1185 2836 1509 2906 capitancus
1545 2831 1630 2883 vel
1661 2825 1938 2896 capitanei
1965 2820 2143 2876 nostri
2189 2819 2318 2874 stoli
2363 2825 2424 2872 et

856 2932 1090 2988 comites
1136 2937 1193 2982 et
1230 2922 1524 2984 nauclerii,
1561 2934 1801 2973 necnon
1829 2927 1884 2969 et
1926 2913 2229 2983 prodenscs
2260 2919 2316 2961 et
2359 2923 2424 2961 ex

859 3032 1192 3088 unaquaque
1242 3013 1522 3084 galearum
1583 3008 1775 3061 dercm
1831 3004 2088 3057 homines
2140 3000 2427 3070 jurabunt,

859 3112 1006 3183 quod
1037 3108 1298 3164 obedient
1335 3110 1592 3175 precepto
1637 3096 1910 3167 capitanei
1961 3093 2086 3147 stoli
2131 3093 2425 3158 imperato-

2502 590 2627 628 men
2664 591 2788 629 cum
2819 575 3096 644 imperiali
3133 590 3396 644 expensa.

2572 665 2728 729 Item,
2756 667 2799 720 si
2836 667 2907 720 ob
2936 668 3262 735 gravitatem
3295 666 3535 736 aliquam
3576 665 3896 732 hujusmodi
3930 664 4091 732 galee

2504 759 2856 828 nequiverint
2883 759 3188 814 secundum
3225 759 3494 828 prefixum
3531 759 3828 810 terminum
3875 756 3948 809 de
3984 756 4093 808 Ve-

2505 851 2651 904 netia
2700 853 2914 912 venire,
2973 850 3204 918 (debent)
3255 850 3309 901 in
3367 849 3659 902 servitium
3695 846 3825 901 stoli
3863 846 4093 911 imperii

2505 956 2696 994 eorttm
2727 941 2940 1009 ingredi
2983 941 3226 994 universi
3257 939 3314 991 in
3345 939 3614 991 Romania
3666 936 3876 990 inventi
3911 934 4098 987 Vene-

2510 1033 2624 1093 tici.
2656 1032 2960 1086 scentulum
2994 1032 3141 1100 quod
3178 1031 3438 1099 superius
3463 1029 3807 1083 declaratum
3833 1037 3943 1091 est,
3980 1028 4093 1080 sci-

2510 1121 2637 1173 licet
2661 1122 2727 1175 de
2747 1121 2810 1175 IV
2844 1130 2974 1180 tres,
3002 1135 3126 1174 cum
3160 1134 3326 1187 supra
3347 1120 3550 1186 scripta
3580 1133 3728 1186 roga.

2587 1229 2606 1261 ι
2641 1212 2801 1275 Item,
2832 1213 2875 1264 si
2912 1207 3155 1281 eo[rurn]
3200 1210 3433 1275 imperio
3491 1210 3717 1278 expedit
3749 1208 4095 1277 adjntnrium

2511 1300 2577 1353 ad
2626 1302 2922 1356 vindictam
2962 1311 3105 1354 terre
3153 1299 3458 1368 imperialis
3507 1298 3854 1354 celsitudinis
3881 1298 3958 1351 oh
3989 1297 4094 1351 ali-

2513 1407 2673 1461 quem
2727 1392 3013 1446 inimicum
3072 1393 3125 1446 in
3169 1391 3492 1446 Romaniam
3537 1391 3915 1460 ingressurum
3960 1405 4090 1442 cum

2515 1482 2684 1553 galeis
2718 1482 3079 1551 quadraginta
3117 1487 3232 1550 {aut
3277 1481 3551 1552 pluribus,
3587 1490 3643 1533 et
3671 1482 3864 1548 nequit
3917 1481 4096 1545 impc-

2518 1573 2660 1624 rium
2709 1586 2900 1623 eortun
2937 1587 3036 1639 pro
3073 1573 3278 1626 auxilio
3313 1575 3534 1625 mittere
3563 1569 3882 1628 Venetiam,
3922 1569 4096 1621 debet

2519 1664 2867 1732 imperatoria
2912 1665 3168 1734 majestas
3210 1665 3506 1719 Veneticos
3558 1662 3819 1715 indui-ere
3873 1661 3943 1712 ad
3999 1675 4097 1714 sue

2517 1765 2663 1808 terre
2717 1756 3094 1810 defensionem
3126 1766 3318 1809 contra
3357 1753 3741 1822 hujuscemodi
3779 1753 4094 1813 inimicum,

2450 1851 2488 1902 ll
2519 1848 2772 1901 inventos
2812 1848 2866 1900 in
2901 1863 3094 1916 magna
3154 1848 3289 1900 urbe
3342 1846 3599 1899 videlicet
3633 1858 3687 1899 et
3723 1846 3912 1898 circha
3948 1859 4095 1906 eam,

2517 1946 2572 1991 et
2603 1938 2672 1991 ab
2696 1953 2760 1991 ea
2815 1937 2950 1991 locis
2982 1938 3296 2006 jacentibus
3343 1937 3528 1992 circha
3583 1952 3703 1989 eam
3770 1950 3970 1989 versus
4009 1951 4100 1987 or-

2520 2037 2636 2082 tum
2663 2040 2719 2082 et
2750 2045 2944 2082 versus
2974 2043 3230 2081 occasura
3267 2043 3439 2098 usque
3487 2027 3554 2082 ad
3599 2027 3858 2086 Avidum.
3909 2027 4100 2095 ibique

2519 2120 2774 2174 similiter
2832 2130 3107 2190 repertos,
3155 2130 3211 2175 et
3262 2120 3316 2173 in
3369 2121 3553 2180 terris,
3609 2135 3715 2188 que
3754 2118 3896 2172 infra
3946 2127 4100 2180 sunt,

2521 2227 2694 2280 usque
2729 2211 3128 2278 Filadelphiam
3160 2220 3217 2265 et
3261 2210 3314 2263 in
3338 2226 3426 2273 ea,
3451 2220 3509 2264 et
3543 2225 3715 2278 usque
3748 2210 4102 2276 Adriant.po-

2521 2301 2616 2354 Iim
2645 2309 2702 2355 et
2735 2301 2788 2354 in
2830 2315 2916 2362 ea,
2945 2315 3010 2354 ex
3047 2309 3291 2368 quatuor
3324 2309 3456 2366 tres,
3483 2315 3608 2354 cum
3635 2310 3707 2354 tot
3735 2300 3930 2368 galeis.
3967 2306 4106 2368 quot

2523 2406 2740 2445 armare
2789 2390 3094 2454 valebunt,
3151 2390 3360 2444 inventi
3416 2391 3724 2444 secundum
3779 2390 4102 2459 predictum

2523 2484 2796 2546 ordinem,
2842 2498 2966 2536 cum
3017 2483 3183 2537 etiam
3221 2481 3511 2536 manifesta
3553 2498 3708 2551 roga.
3741 2481 3862 2535 Tali
3908 2483 4104 2551 itaque

2525 2573 2688 2627 modo
2720 2573 2922 2642 talique
2952 2572 3148 2627 ordine
3180 2573 3454 2642 iuvabunt
3475 2581 3528 2626 et
3552 2571 3875 2626 deﬂendent
3899 2573 4109 2626 Roma-

2525 2667 2671 2718 niam
2689 2665 2934 2720 Venetici
2985 2673 3175 2718 contra
3206 2679 3425 2717 omnem
3460 2664 3739 2718 hominem
3765 2671 4103 2717 coronatum

2527 2765 2584 2810 et.
2633 2771 2743 2808 non
2785 2763 3133 2818 coronatum,
3168 2761 3226 2807 et
3252 2762 3446 2807 contra
3475 2767 3696 2805 omnem
3731 2759 3957 2820 gentem
4003 2750 4110 2802 Ro-

2529 2847 2767 2901 maniam
2803 2862 3002 2900 nocere
3043 2846 3340 2907 volentem,
3369 2853 3533 2912 prout
3563 2845 3821 2912 superius
3849 2841 4112 2894 declara-

2532 2947 2648 2991 tum
2672 2947 2784 3004 est;
2816 2945 2872 2992 et
2900 2947 3089 2992 contra
3114 2939 3289 3005 ipsum
3331 2951 3512 3004 regem
3550 2933 3894 2988 Alemannie.

2608 3047 2626 3079 ι
2651 3029 2809 3094 Item,
2841 3030 2887 3081 si
2913 3029 3208 3096 imperimn
3234 3041 3428 3079 eorum
3450 3025 3689 3079 voluerit
3708 3024 4114 3077 mittereVene-

2536 3123 2664 3176 tiim
2721 3121 2976 3174 homines
3036 3129 3132 3173 aut
3191 3119 3471 3179 vestiaria,
3529 3120 3702 3186 gratia
3759 3115 4112 3169 conducendi

862 3207 944 3260 rie
998 3198 1347 3257 οθίδίιιιάίηίδ
1377 3193 1594 3264 imperii
1645 3205 1835 3244 comm
1860 3226 1875 3249 ν
1936 3188 2003 3238 ad
2056 3185 2324 3237 honorem
2375 3187 2430 3232 et
2459 3182 2502 3237 α
2538 3212 2743 3265 milites
2770 3219 2866 3264 aut
2891 3211 2959 3264 de
2988 3208 3322 3263 Lombardia
3349 3215 3446 3261 aut
3475 3182 3555 3260 ab
3576 3207 3682 3259 alia
3713 3217 3858 3258 terra
3884 3245 3900 3268 ,
3937 3215 3997 3259 et
4027 3205 4112 3258 di-

862 3295 1096 3350 salutem
1133 3289 1307 3343 nostri
1347 3285 1495 3347 stoli,
1542 3281 1663 3336 sine
1694 3277 1887 3332 fraude
1912 3286 1966 3329 et
1993 3273 2136 3327 malo
2189 3270 2430 3340 ingenio,

861 3396 918 3440 et
973 3383 1117 3455 quod
1154 3395 1258 3434 una
1286 3391 1412 3433 cum
1443 3374 1585 3429 stoIo
1617 3369 1832 3438 imperii
1864 3382 2054 3420 eorum
2097 3377 2437 3432 persequen-

865 3491 958 3532 tur
990 3453 1216 3530 Istolum
1279 3467 1486 3523 inimici
1537 3460 1840 3534 majestatis
1893 3459 2272 3525 imperatorio,
2323 3453 2438 3505 sive

864 3566 1164 3624 Christiani
1213 3565 1325 3618 sint
1363 3560 1480 3614 sive
1532 3554 1762 3624 pagani;
1794 3560 1850 3604 et
1879 3547 2172 3602 offendunt
2205 3559 2330 3596 eum
2384 3550 2438 3596 ct

869 3659 1266 3728 cxpugnabunt
1308 3661 1364 3706 ct
1390 3657 1816 3720 persequentur,
1852 3642 2202 3708 infcrcntque
2230 3637 2281 3690 ei
2319 3652 2435 3688 ma-

873 3726 1010 3809 lum,
1029 3726 1186 3816 quod
1219 3743 1425 3797 inferre
1453 3739 1738 3796 valebunt,
1774 3735 1916 3787 bona
1945 3731 2072 3792 fide,
2103 3732 2222 3782 sine
2247 3726 2439 3780 fraude

872 3855 921 3898 et
959 3841 1100 3895 malo
1136 3836 1392 3905 ingenio;
1450 3843 1506 3886 et
1553 3828 1959 3899 impugnahunt
1992 3838 2142 3885 eum,
2194 3819 2438 3889 quandiu

873 3941 930 3985 et
959 3932 1134 3984 stolus
1199 3924 1412 3995 imperii
1464 3937 1655 3977 corutn
1713 3915 2061 3988 impugnabit
2126 3929 2252 3967 cum
2298 3912 2439 3964 bona

878 4024 1002 4085 fide,
1050 4023 1169 4076 sine
1221 4018 1434 4072 fraude.
1465 4016 1533 4068 Et
1559 4014 1602 4066 si
1641 4012 1824 4077 aliqua
1847 4007 1948 4079 [in]
2001 4016 2276 4059 terrarum
2334 4005 2440 4056 ini-

877 4108 1006 4162 mici
1046 4107 1350 4175 imperialis
1374 4100 1727 4156 celsitudinis
1752 4097 1988 4165 ceperit,
2014 4093 2281 4146 debemus
2308 4093 2360 4144 in
2379 4105 2442 4144 ea

876 4200 1164 4252 ecclesiam
1213 4205 1269 4248 et
1326 4193 1604 4247 embolum
1643 4200 1699 4242 et
1727 4187 1930 4241 scalam
1985 4185 2187 4238 habere
2217 4191 2272 4236 et
2307 4197 2442 4235 con-

877 4304 1100 4344 scrvare
1160 4289 1278 4341 sine
1333 4285 1480 4337 onmi
1531 4281 1777 4335 datione.
1833 4279 2204 4332 Vcruntamen
2271 4273 2445 4328 stolus

878 4381 1090 4450 imperii
1118 4394 1306 4434 eorum
1338 4377 1502 4430 debet
1549 4383 1735 4426 tantus
1787 4385 1932 4429 esse,
1963 4376 2206 4436 quantus
2257 4374 2314 4419 et
2346 4379 2446 4417 no-

878 4485 1030 4537 ster,
1072 4480 1160 4524 aut
1212 4469 1468 4538 amplior.
1522 4467 1820 4532 Postquam
1875 4468 2059 4513 autem
2128 4454 2442 4527 hujusmodi

879 4565 1165 4618 servitium
1198 4561 1431 4628 imperio
1469 4571 1659 4611 eorum
1697 4552 2031 4624 peregerint,
2053 4548 2255 4601 debent
2279 4547 2446 4598 habe-

883 4670 942 4708 re
981 4669 1046 4706 ex
1098 4651 1286 4720 galeis,
1331 4663 1438 4717 que
1481 4647 1547 4700 de
1584 4643 1810 4698 Venetia
1843 4640 2134 4700 cxiverint,
2179 4636 2245 4689 ad
2294 4649 2448 4688 suam

885 4746 1254 4797 reversionem
1291 4740 1472 4809 galeas
1506 4746 1610 4796 tot,
1635 4744 1771 4804 quot
1802 4733 1885 4786 eis
1915 4729 2222 4784 necessarie
2246 4742 2450 4780 conve-

886 4836 1100 4888 nienter
1128 4843 1310 4891 erunt,
1337 4838 1388 4884 et
1415 4829 1535 4882 sine
1560 4825 1750 4878 fraude
1781 4834 1837 4876 et
1870 4821 2010 4874 bona
2041 4819 2172 4872 fide.

960 4965 978 4996 ι
1041 4946 1196 5007 Item,
1257 4952 1544 5012 postquam
1601 4935 1916 5008 huiusmodi
1962 4934 2114 5004 galee
2164 4930 2447 4985 Venetiam

889 5037 1261 5106 pervenerint,
1318 5035 1364 5088 si
1417 5048 1614 5088 eorum
1649 5029 1949 5098 imperium
1983 5025 2218 5079 voluerit
2265 5036 2359 5074 eas
2394 5020 2450 5073 in

891 5128 1212 5190 iiomaniam
1259 5141 1478 5180 rursum
1526 5122 1714 5177 reduci
1740 5137 1768 5174 a
1795 5118 2095 5176 Veneticis.
2127 5115 2221 5169 fiet
2249 5112 2364 5175 sic;
2396 5120 2452 5165 et

891 5220 1271 5288 unusquisque
1302 5231 1520 5278 eorum,
1553 5215 1644 5284 qui
1682 5229 1777 5268 eas
1807 5207 2223 5272 rcdueet,dehet
2252 5205 2452 5258 habere

892 5315 1109 5384 proprie
1134 5310 1402 5364 mercedis
1425 5308 1618 5378 gratia,
1641 5305 1789 5374 quod
1820 5311 2122 5370 conpetens
2145 5309 2228 5352 cst
2255 5312 2453 5351 secun-

892 5407 1022 5456 dum
1052 5413 1286 5470 tempus.
1327 5400 1381 5453 Si
1417 5409 1600 5452 autem
1641 5396 1932 5464 imperium
1979 5407 2168 5445 eorum
2217 5387 2454 5442 voluerit

894 5510 993 5564 per
1043 5495 1175 5546 alias
1222 5507 1486 5561 personas
1521 5491 1636 5543 sive
1679 5504 1774 5556 per
1802 5487 2036 5554 aliquam
2076 5479 2449 5549 dispensatio-

892 5601 1018 5640 nem
1052 5585 1417 5638 reversionem
1442 5597 1629 5636 earmn
1662 5579 1776 5632 licri
1828 5581 1879 5630 in
1917 5586 2119 5630 terram
2148 5587 2259 5625 sua:
2297 5569 2456 5622 celsi-

895 5678 1101 5732 tudinis
1125 5718 1138 5740 ,
1171 5679 1357 5730 licebit
1384 5686 1439 5731 et
1469 5677 1570 5728 hoc
1596 5675 1668 5728 ei.
1709 5674 1763 5726 Si
1799 5689 1932 5725 vero
1962 5669 2222 5724 vollucrit
2253 5681 2348 5719 eas
2379 5665 2453 5717 ibi

898 5770 1183 5834 l‘IlthdII'I,
1217 5769 1596 5822 rustodicntur
1643 5767 1706 5821 ad
1775 5767 2037 5818 honorem
2094 5759 2311 5830 imperii
2363 5774 2456 5813 co-

2537 3303 2832 3372 spensandi
2853 3301 2920 3354 ad
2947 3301 3210 3354 honorem
3229 3309 3283 3353 et
3309 3298 3600 3351 utilitatem
3627 3296 3933 3365 Spectantia
3965 3305 4116 3348 terre

2536 3391 2889 3447 celsitudinis
2949 3405 3181 3452 eorum,
3227 3388 3418 3443 licebit
3453 3397 3511 3441 et
3562 3388 3668 3440 hoc
3716 3386 3822 3446 eis.
3869 3386 3978 3439 nisi
4014 3387 4118 3439 hoc

2552 3493 2743 3536 contra
2783 3480 3070 3535 Venetiam
3107 3479 3199 3532 sit.
3232 3478 3441 3532 Debent
3480 3489 3665 3531 autem
3685 3477 3932 3530 Venetici
3977 3479 4119 3530 reci-

2541 3589 2671 3643 pere
2737 3572 2992 3625 homines
3049 3581 3106 3624 ct
3153 3570 3450 3640 peceunias
3493 3577 3548 3622 et
3581 3568 3842 3622 vestiaria
3895 3567 4120 3636 imperii

2539 3678 2758 3726 eorum,
2794 3670 2850 3716 et
2877 3660 3176 3713 defendere
3208 3670 3265 3712 et
3301 3659 3555 3712 homines
3587 3666 3645 3711 et
3687 3659 3990 3724 peccunias
4027 3672 4121 3708 eo-

2543 3769 2664 3809 rum
2697 3753 2767 3807 ab
2805 3752 3066 3806 omnibus
3092 3751 3350 3805 inimicis.
3379 3750 3774 3804 Verumtamen
3823 3747 4121 3799 clementia

2543 3843 2972 3916 imperiieorum
3022 3859 3131 3896 non
3177 3843 3341 3896 debet
3387 3841 3611 3895 Venetia
3647 3842 3849 3893 stolutn
3881 3838 4121 3890 educere

2545 3939 2631 3993 vel
2661 3938 2964 3992 exercitum
3000 3944 3192 3988 contra
3228 3933 3468 4001 aliquem
3494 3969 3510 3995 ,
3561 3947 3688 3986 cum
3722 3929 4121 4000 quo'Venctit-i

2543 4033 2750 4086 habent
2791 4031 3053 4083 unionem
3097 4035 3152 4082 et
3188 4042 3452 4080 amorem.

2620 4141 2637 4172 ε
2667 4121 2825 4183 Item,
2853 4120 2896 4173 si
2926 4117 3220 4186 imperium
3276 4114 3513 4168 voluerit
3540 4129 3637 4183 per
3665 4123 3850 4181 partes
3894 4111 4122 4164 Venet7c

2545 4213 2753 4266 milites
2789 4212 2843 4264 in
2881 4210 3204 4263 IIomaniam
3237 4206 3462 4266 ducere,
3492 4205 3684 4257 licebit
3725 4211 3779 4255 et
3818 4203 3923 4253 hoc
3953 4203 4126 4268 impc-

2549 4303 2632 4355 rio
2656 4316 2869 4362 eorum,
2911 4299 3016 4353 nisi
3049 4299 3151 4368 ipsi
3182 4297 3454 4349 manifesti
3493 4292 3701 4347 inimici
3727 4291 3956 4345 Venetie
3991 4292 4126 4349 sint.

2547 4401 2642 4444 aut
2679 4389 2906 4442 Venetia
2939 4387 3201 4457 impedita
3231 4387 3322 4446 sit,
3359 4385 3478 4437 sine
3521 4382 3713 4435 fraude
3749 4391 3804 4434 et
3838 4385 3986 4432 ma‘o
4031 4381 4116 4431 in-

2480 4507 2518 4558 ο
2549 4481 2710 4549 genio
2737 4481 2945 4548 aliquo.
2988 4479 3120 4531 Nam
3161 4485 3436 4529 transacto
3463 4472 3878 4538 impedimento-
3913 4470 4124 4521 licitum

2551 4572 2660 4625 crit
2695 4572 2802 4636 eis,
2829 4575 2945 4626 sive
2973 4571 3071 4623 soli
3101 4566 3306 4621 fuerint
3342 4567 3455 4619 sive
3486 4580 3609 4617 cum
3658 4560 3907 4621 familiis.
3939 4570 4127 4612 trans-

2554 4661 2656 4714 ire.
2699 4660 2807 4714 IIec
2843 4669 3025 4711 autem
3083 4657 3306 4710 servitia
3359 4655 3563 4708 debent
3601 4650 3848 4705 Venetici
3895 4652 4125 4718 imperio

2552 4766 2743 4803 eorum
2775 4759 2831 4802 et
2869 4749 3135 4803 Romanic
3159 4747 3394 4808 servire,
3427 4747 3532 4798 nisi
3572 4745 3897 4797 manifestas
3939 4742 4124 4793 inimi-

2551 4842 2723 4896 cicias
2743 4842 2941 4895 habeat
2969 4841 3038 4894 ab
3070 4841 3253 4909 aliqua
3285 4850 3546 4892 coronata
3574 4849 3804 4904 persona
3832 4835 3918 4886 vel
3945 4835 4122 4899 aliqua

2554 4949 2744 5003 magna
2793 4943 2962 4994 terra,
3012 4933 3084 4986 ita
3149 4932 3297 4999 quod
3349 4930 3637 4984 servitium
3696 4929 3795 4996 ipsi
3849 4934 4125 4994 nequeant

2554 5029 2756 5090 facere,
2796 5028 2913 5082 sine
2945 5026 3134 5081 fraude
3167 5035 3223 5079 et
3249 5025 3390 5078 malo
3414 5022 3654 5091 ingenio.

2631 5140 2650 5172 ι
2691 5119 2826 5174 Item
2865 5119 3090 5183 debent,
3131 5117 3224 5186 qui
3258 5131 3354 5183 per
3404 5123 3654 5181 tempora
3681 5111 3860 5164 Duces
3904 5112 4124 5166 Venetia

2554 5222 2739 5274 erunt,
2774 5211 3007 5278 imperio
3045 5224 3240 5263 eorum
3267 5218 3322 5261 et
3364 5204 3661 5258 heredibus
3683 5218 3879 5254 eorum
3914 5220 4126 5256 mascu-

2556 5302 2622 5354 lis
2668 5311 2724 5354 et
2764 5301 3090 5354 mulieribus
3146 5296 3516 5366 imperaturis,
3559 5294 3675 5347 sive
3729 5293 3861 5353 hiis,
3909 5293 4002 5360 qui
4060 5307 4125 5345 ex

2556 5402 2820 5462 prccepto
2858 5406 3050 5444 eorum
3101 5390 3334 5457 imperio
3380 5387 3765 5456 imperabunt,
3813 5395 3870 5436 et
3919 5386 4076 5438 tidem
4104 5423 4124 5447 ,

2557 5491 2858 5538 servabunt
2882 5483 3048 5535 etiam
3082 5497 3202 5536 eam
3235 5489 3428 5534 contra
3453 5492 3672 5533 omnem
3705 5478 3988 5530 hominem
4027 5492 4116 5530 co-

2559 5587 2834 5636 renatum,
2866 5583 2921 5628 et
2967 5589 3073 5625 non
3123 5583 3470 5634 coronatum,
3500 5572 3652 5626 salvo
3692 5586 3759 5624 eo
3787 5610 3803 5635 ,
3839 5570 3988 5639 quod
4031 5587 4126 5637 per

2553 5668 2926 5736 juramentum
2952 5664 3381 5717 dchenthnetie
3407 5664 3708 5717 secundum
3739 5662 3884 5730 quod
3902 5673 3955 5713 et
3981 5673 4131 5712 nunc

2560 5759 2667 5810 dux
2700 5755 2920 5809 Vcnctie
2953 5772 3050 5808 nos
3079 5755 3348 5808 Henricus
3380 5752 3677 5807 Dandulus.
3710 5754 4041 5823 iuravimus.
