4236 6442
175 362 277 425 1.39

1282 350 1655 418 NOVElL/E
1695 349 2384 414 CONSTITUI‘IONES.

3327 338 3431 400 ωδ

250 497 268 527 ι
301 477 461 533 Item,
522 470 567 525 si
598 470 949 524 inimicorum
990 467 1204 537 imperii
1247 467 1449 535 aliquis
1484 466 1751 519 insnltum
1786 470 1824 522 Α
1858 478 1983 531 nem
2018 464 2320 521 habebunt.
2347 470 2401 515 et
2444 472 2720 528 tamquam
2753 456 2891 510 facta
2921 453 2990 508 ab
3044 449 3278 521 imrerio
3313 464 3432 501 meo

175 570 369 621 tet-erit
414 565 482 618 ad
532 559 967 633 impngnandum
1016 561 1257 627 aliquam
1287 569 1559 611 trrrarum
1593 557 1752 609 celsi-

174 658 385 712 tudinis
430 671 649 717 eorum,
694 654 747 705 in
784 668 892 721 qua
924 660 1055 703 sunt
1088 650 1354 709 Venetici,
1393 648 1597 701 debent
1630 661 1753 701 eam

172 748 475 800 defendere
514 744 855 804 Veneto-hct
882 741 1429 809 inimicosexpcllere
1473 741 1541 791 ab
1564 739 1755 805 hujus-

176 840 323 891 modi
347 849 519 897 terra,
557 846 720 903 prout
743 841 991 903 possunt,
1014 832 1153 885 bona
1185 832 1290 884 ﬁde
1311 839 1362 884 et
1388 832 1504 884 sine
1540 829 1752 882 fraude.

251 949 270 977 ι
316 930 471 980 llanc
502 926 688 994 itaque
731 924 1163 978 conventionem
1198 921 1409 974 ﬁrmam
1440 920 1755 975 custodient
1782 918 1787 921 ’

178 1018 454 1082 Venetici,
494 1018 681 1070 ethoc
719 1024 1124 1069 sacramentum
1170 1011 1411 1077 ﬁrmum,
1458 1022 1515 1065 et
1547 1028 1647 1065 nec
1684 1012 1757 1064 ob

178 1111 317 1162 iram
342 1108 509 1175 ιίιιδίε
544 1107 749 1159 illatam
781 1119 1001 1172 semper
1029 1104 1374 1156 memorandi
1408 1101 1758 1170 imperatoris

178 1197 393 1254 ιΙῖηιιίιιὶ
430 1198 699 1250 Manuelis
724 1196 1205 1266 Porphyrogeniti,
1233 1210 1333 1249 nec
1355 1194 1426 1248 ob
1462 1196 1625 1249 aliam
1659 1196 1759 1248 ali-

177 1307 346 1358 quam
395 1289 745 1342 occasionem
788 1287 921 1356 ipsis
973 1287 1209 1349 factam,
1285 1301 1386 1339 nec
1429 1302 1530 1354 pro
1570 1287 1758 1354 aliquo

178 1366 446 1449 pri-eeplo
509 1379 591 1430 vel
642 1379 837 1431 timore
901 1366 1136 1446 alicujus
1196 1387 1458 1430 coronate
1525 1392 1760 1442 persone

178 1474 260 1523 \cl
293 1486 404 1520 non
447 1478 731 1528 coronato,
769 1467 854 1519 vel
883 1466 1056 1535 ipsius
1099 1468 1242 1535 regis
1274 1467 1625 1528 Alemannie,
1660 1482 1760 1521 nec

180 1577 278 1629 pro
308 1562 495 1629 aliqua
524 1560 1097 1613 excoluntunicatione
1134 1559 1514 1613 ecclesiastica
1545 1560 1627 1612 vel
1670 1575 1755 1612 so-

178 1652 669 1730 Iutione'alicnjus
709 1650 1056 1719 pontiﬁcum,
1111 1660 1205 1702 aut
1246 1650 1419 1719 ipsius
1454 1667 1625 1727 papae
1672 1668 1763 1703 ur-

180 1746 265 1796 bis
343 1722 538 1805 ltome,
612 1741 922 1811 linjusmodi
993 1740 1279 1793 violabant
1330 1722 1759 1796 conventionem

181 1841 263 1887 vel
314 1836 717 1903 juranhntum.
778 1833 889 1887 llec
951 1843 1135 1887 autem
1211 1836 1395 1887 omnia
1447 1835 1761 1886 custodierit

183 1925 429 1977 Venetici
488 1907 628 1975 bona
682 1924 820 1986 ﬁde,
851 1925 969 1978 sine
1007 1925 1199 1977 fraude
1246 1935 1302 1979 et
1348 1926 1490 1976 tnalo
1518 1925 1758 1993 ingenio,

175 2016 445 2083 quamdiu
504 2018 572 2068 ab
596 2015 824 2084 imperio
860 2031 1053 2069 eorum
1099 2024 1156 2068 et
1187 2016 1629 2083 imperatoribus,
1666 2016 1758 2082 qui

176 2109 447 2177 deinceps
489 2119 677 2170 erunt,
725 2109 937 2175 integre
982 2117 1404 2170 conservantur,
1450 2123 1562 2174 que
1602 2108 1762 2159 uultis

178 2202 455 2268 promissa
500 2210 629 2253 sunt
672 2216 702 2252 a
752 2200 1100 2253 sanctissimo
1145 2201 1480 2267 imperatore
1538 2186 1761 2251 domino

176 2295 370 2344 Alexio
391 2292 681 2345 Co'nnano
714 2300 813 2360 per
843 2292 1181 2344 crisobulmn
1227 2291 1444 2358 imperii
1472 2291 1610 2359 ejus.
1630 2309 1646 2339 ι

248 2384 316 2437 Et
348 2399 458 2451 que
482 2385 702 2451 quidem
734 2384 1090 2451 suprascripti
1149 2381 1559 2450 prudentissimi
1600 2384 1757 2451 legati

179 2475 508 2529 nobilissimi
550 2485 606 2528 et
637 2474 961 2527 bdellissimi
988 2474 1219 2542 imperio
1253 2491 1373 2528 meo
1402 2467 1760 2543 ρτυιυὲονειδιί

174 2576 229 2618 et
268 2567 438 2619 Ducis
474 2567 721 2630 Venetie,
763 2566 983 2620 llenrici
1035 2566 1286 2630 Danduli,
1351 2568 1417 2619 ad
1473 2568 1760 2635 imperium

178 2674 364 2710 meum
407 2668 465 2710 et
498 2659 821 2711 llomaniam
858 2661 1183 2727 pepigerunt
1216 2670 1270 2711 et
1326 2659 1670 2726 jurazerunt,
1708 2671 1762 2711 et

179 2750 234 2801 in
272 2750 489 2816 scripto
509 2750 576 2801 ab
608 2751 689 2802 eis
725 2750 1039 2818 subscripto
1068 2750 1605 2818 ωηιιηύΙιιιιιιίίιιιιυδ
1656 2753 1760 2802 im-

178 2843 337 2908 perio
364 2858 488 2895 meo
521 2843 880 2905 tradiderunt,
910 2843 1132 2911 jurandi
1160 2844 1268 2911 (δῖ)
1296 2851 1352 2895 et
1378 2844 1445 2895 ab
1473 2847 1589 2913 ipso
1619 2846 1762 2898 llncc

176 2948 374 2983 eorum
408 2942 465 2984 et
490 2944 600 2985 tota
626 2933 849 2988 Venetia
884 2934 1003 2988 hec.
1036 2935 1334 3002 Imperium
1364 2949 1545 2989 autem
1580 2924 1760 2989 nicum

179 3024 281 3077 hec
316 3026 644 3093 suscipiens,
676 3040 902 3093 presens
926 3025 1317 3096 chrysobulum
1347 3028 1573 3081 verbum
1597 3045 1757 3083 suum

113 3144 126 3159 ν
179 3115 487 3167 transmisit
522 3116 867 3169 nobilissimo
898 3125 955 3169 et
996 3117 1335 3170 ﬁdellissimo
1378 3119 1610 3186 imperio
1635 3137 1756 3172 meo

177 3216 560 3275 protosevasto
610 3216 665 3259 et
700 3207 833 3259 Duci
871 3207 1091 3261 Venetie
1128 3217 1183 3260 et
1221 3209 1505 3262 universae
1538 3210 1762 3265 Venetic

180 3297 514 3366 plenitudini
546 3314 642 3365 per
668 3297 882 3365 imperii
908 3299 1011 3350 mei
1046 3298 1280 3365 legatum
1306 3300 1433 3353 illuc
1465 3300 1759 3364 directum,

178 3406 277 3458 per
314 3389 880 3441 lionorabillissimum
917 3398 973 3441 et
1010 3388 1333 3440 familiarem
1373 3391 1604 3457 imperio
1641 3405 1761 3442 meo

178 3479 620 3546 protonomrium
660 3476 769 3545 (58)
806 3477 1206 3530 vicedominutn
1234 3477 1582 3530 Theodorum
1615 3482 1761 3532 Auli-

174 3574 450 3622 calamum
476 3570 611 3638 t51l),
653 3569 798 3637 quod
844 3569 1235 3637 chrysobulum
1268 3573 1493 3641 verbum
1550 3572 1759 3625 scilicet

177 3663 459 3730 promittit
515 3661 619 3724 eis,
683 3662 943 3728 quoniam
995 3662 1362 3715 nobillissimo
1398 3662 1536 3715 dure
1568 3680 1758 3715 eorum

176 3763 559 3821 protoscvastu
592 3763 646 3804 ct
673 3769 866 3818 magno
890 3763 945 3803 et
966 3769 1134 3820 parvo
1166 3754 1397 3806 consilio
1423 3754 1663 3815 Venetie,
1696 3770 1758 3807 ac

175 3856 282 3895 alia
306 3846 431 3912 ejus
457 3844 797 3911 plenitudine
815 3844 1247 3911 suscipientibus
1269 3846 1390 3905 hoc,
1410 3858 1757 3901 sacramento

174 3949 399 4003 quoque
428 3933 730 3985 secundum
756 3948 910 3985 suam
937 3936 1393 3988 consuetudinem
1424 3942 1756 3990 conﬁrman-

177 4030 349 4088 tibus,
379 4038 435 4079 et
467 4027 523 4077 in
551 4027 755 4093 scripto
807 4027 1141 4094 ponentibus
1207 4028 1309 4080 ltec
1339 4029 1521 4081 omnia
1577 4031 1756 4083 conti-

175 4120 355 4177 μακε,
387 4128 443 4169 et
475 4118 815 4185 prepriarum
845 4133 1067 4168 suarum
1098 4135 1356 4169 manuum
1385 4121 1753 4187 subscriptio-

176 4208 346 4262 nibus
373 4208 429 4260 id
464 4207 996 4269 consummantibus,
1038 4219 1095 4260 et
1125 4226 1249 4261 cum
1285 4210 1534 4277 predieto
1568 4222 1754 4279 proto-

178 4301 400 4352 notario
471 4300 702 4366 imperio
733 4316 854 4353 meo
893 4300 948 4353 id
981 4302 1351 4361 mittentibus.
1387 4304 1632 4356 tradetur
1671 4305 1752 4358 eis

174 4390 244 4441 ab
268 4403 338 4441 eo
379 4404 604 4456 presens
656 4389 1048 4457 chrysobulum
1087 4392 1311 4444 verbum
1364 4392 1574 4461 imperii
1620 4397 1747 4460 mei,

1792 1800 1835 1858 Β

1856 552 2285 621 deputabuntur.
2346 550 2683 605 Corrobnrat
2735 547 2892 615 enim.
2938 554 3005 597 et'
3044 539 3338 595 conﬁrmat
3366 551 3429 590 ca

1858 642 2148 711 imperium
2186 656 2365 693 meum
2396 656 2490 710 per
2527 652 2753 709 presens
2782 634 3169 705 chrysobulum
3201 630 3431 684 verbum

1857 748 2019 787 suum
2055 743 2111 787 et
2178 730 2438 802 precipit,
2489 745 2586 785 eos
2624 727 2943 781 conversari
2987 714 3166 778 salvos
3192 730 3252 777 ct
3314 719 3434 774 sine
3474 756 3479 761 ι

1858 827 2054 879 timore
2086 825 2139 877 in
2175 823 2436 877 omnibus
2467 822 2782 891 regionibus
2815 818 3032 888 imperii
3063 818 3190 880 mei,
3228 817 3282 869 in
3310 829 3435 884 per-

1858 919 2011 971 sonis
2038 926 2095 971 et
2142 916 2423 986 peccuniis
2471 928 2685 977 eorum,
2720 924 2826 967 tam
2854 912 2923 967 ab'
2956 910 3278 965 hominibus
3336 910 3438 963 im-

1860 1010 2000 1079 perii
2035 1009 2163 1068 mei.
2193 1025 2358 1077 quam
2397 1017 2451 1061 ct
2494 1006 2563 1061 ab
2602 1006 2719 1075 ipso
2760 1005 2995 1075 imperio
3052 1019 3199 1068 meo,
3229 1003 3443 1056 habere.

1860 1118 2081 1172 quoque
2118 1103 2265 1171 ipsos
2294 1112 2348 1155 et
2382 1100 2569 1154 omnia
2620 1108 2963 1168 tenumenta,
2992 1112 3101 1167 que
3157 1096 3438 1150 habebant

1864 1205 2109 1263 tempore
2136 1208 2302 1261 super
2329 1207 2426 1245 eos
2458 1191 2837 1261 prevenientis
2869 1190 2947 1251 ire
2978 1204 3195 1257 semper
3225 1202 3424 1242 memo-

1866 1285 2016 1338 randi
2049 1257 2396 1355 iiiiperatoris
2437 1283 2617 1352 patrui
2661 1281 2881 1352 imperii
2924 1280 3051 1341 mei,
3084 1265 3299 1331 domini
3322 1278 3436 1331 Ma-

1864 1379 2042 1432 nuelis
2075 1376 2363 1435 Gomnani.
2393 1376 2459 1429 Et
2490 1375 2533 1441 si
2564 1378 2635 1427 ob
2665 1374 2981 1434 servitium,
3009 1371 3154 1441 quod
3200 1372 3434 1439 imperio

1819 1470 1989 1524 'meo
2020 1470 2254 1522 fecerint
2302 1468 2386 1526 vel
2436 1462 3027 1537 imperaturis,’prout
3080 1465 3132 1516 in
3182 1463 3439 1533 supr-rius

1863 1566 2119 1618 ordinato
2137 1564 2340 1632 scripto
2359 1563 2660 1630 legatorum
2688 1560 3073 1613 Veneticorum
3107 1557 3438 1612 declaratur.

1864 1668 1919 1713 ct
1944 1658 1987 1712 si
2017 1656 2401 1727 supervenerit
2421 1654 2503 1707 eis
2523 1668 2552 1706 a
2576 1659 2840 1706 coronata
2862 1664 3098 1720 persona
3129 1648 3212 1700 vel
3243 1661 3437 1714 magna

1866 1760 2025 1818 gente
2060 1764 2281 1818 guerra,
2312 1746 2477 1800 debet
2522 1744 2813 1813 imperium
2844 1757 3024 1817 meum
3072 1740 3154 1792 vel
3180 1750 3276 1808 per
3304 1748 3442 1791 tem-

1865 1856 1997 1910 pora
2031 1840 2373 1910 imperaturi,
2407 1838 2547 1892 sicut
2581 1836 2633 1889 in
2671 1835 2784 1904 ipsa
2808 1832 3175 1887 conventione
3193 1831 3440 1884 declara-

1867 1947 1974 1993 tur,
2005 1948 2100 1986 eos
2124 1932 2404 2002 adjuvare,
2433 1936 2595 1998 prout
2630 1928 2854 1980 deberet
2885 1925 3140 1992 adjuvare
3172 1938 3334 1975 unam
3371 1920 3439 1974 de

1866 2023 2079 2091 magnis
2104 2021 2423 2074 civitatibus
2442 2019 2724 2072 flomanie.
2746 2018 2997 2087 Insuper,
3015 2015 3059 2068 si
3078 2013 3436 2082 etimpt-riuni

1865 2133 2043 2169 meum
2080 2124 2175 2167 aut
2200 2111 2516 2181 imperaturi
2550 2110 2743 2163 feci-rit
2768 2124 3011 2162 amorem
3063 2116 3161 2161 aut
3195 2117 3436 2175 tieguam

1863 2223 1986 2261 cum
2014 2206 2197 2274 aliquo
2230 2204 2477 2265 inimico,
2536 2210 2727 2255 contra
2762 2217 2927 2270 quem
2986 2199 3281 2253 servierint
3334 2199 3440 2251 im-

1866 2302 2019 2370 perio
2045 2301 2255 2372 nostro,
2293 2296 2456 2350 debet
2513 2295 2805 2363 imperium
2858 2303 3109 2346 nostrum
3142 2306 3241 2346 eos
3273 2291 3436 2344 indu-

1865 2407 1987 2444 cere
2021 2391 2074 2442 in
2118 2392 2277 2442 talem
2310 2390 2459 2441 illum
2504 2402 2747 2440 amorem
2783 2387 2865 2438 vel
2904 2396 3176 2453 trcguatn.
3329 2376 3337 2395 ’

1938 2484 2215 2536 Promittit
2244 2493 2299 2535 et
2363 2482 2445 2534 eis
2479 2480 2759 2534 licentiam
2805 2478 3026 2531 “habere
3059 2477 3113 2531 in
3178 2479 3439 2547 omnibus

1868 2577 2183 2645 regionibus
2212 2574 2427 2643 imperii
2462 2572 2590 2633 mei,
2657 2581 2766 2624 tam
2808 2570 2866 2623 in
2908 2570 3037 2634 hiis,
3098 2584 3206 2638 que
3252 2570 3443 2625 circha

1865 2654 2173 2728 litns'snnt,
2212 2680 2375 2733 quam
2410 2662 2537 2717 etin
2572 2662 2700 2726 hiis,
2730 2675 2836 2728 que
2865 2658 3005 2712 infra
3037 2668 3264 2725 terram,
3294 2669 3352 2713 et
3384 2661 3437 2714 in

1868 2760 1998 2826 ipsis
2023 2756 2242 2819 insulis,
2263 2752 2725 2821 etsimpliciterin
2744 2737 3004 2804 omnibus
3035 2750 3303 2819 partibus,
3332 2766 3439 2820 quc

1865 2851 1969 2903 sub
1993 2855 2257 2917 potestate
2279 2855 2465 2899 nostre
2496 2845 2582 2913 pie
2613 2852 2741 2897 sunt
2761 2841 3195 2927 tranquillitatis,
3220 2856 3439 2896 omnem

1868 2942 2257 2995 mcrcationcm
2312 2952 2596 3000 exercere,
2649 2946 2704 2989 et
2732 2949 2919 2988 emere
2967 2914 3135 3003 atque
3196 2935 3440 2990 vendere

1866 3050 2083 3089 onmem
2119 3033 2358 3102 speciem
2393 3031 2449 3084 in
2479 3028 2797 3098 regionibus
2827 3028 3045 3096 imperii
3071 3028 3176 3081 mei
3214 3042 3411 3082 nasceu

1871 3137 2001 3187 tem,
2033 3133 2087 3179 et
2116 3141 2182 3179 ex
2206 3124 2328 3176 aliis
2360 3122 2678 3190 regionibus
2707 3124 2757 3171 in
2795 3132 2892 3173 eas
2923 3119 3139 3172 allatam
3182 3120 3298 3173 sive
3339 3134 3436 3187 per

1868 3230 2033 3270 naves
2052 3230 2149 3284 per
2168 3227 2337 3270 mare,
2353 3212 2469 3265 sive
2495 3225 2591 3278 per
2603 3208 2839 3298 salutaria
2863 3208 2944 3259 vel
2962 3207 3202 3274 plaustra
3219 3220 3318 3274 per
3332 3214 3439 3258 ter»

1866 3324 2015 3371 ram;
2042 3316 2097 3359 et
2116 3320 2216 3359 nec
2232 3302 2570 3356 comercium
2593 3309 2687 3352 aut
2715 3299 3004 3368 pedagium
3026 3298 3109 3351 vel
3126 3299 3434 3367 passagium

1863 3410 1958 3453 aut
2010 3396 2396 3454 samariaticon
2484 3394 2566 3446 vel
2640 3394 2988 3461 portuaticon
3056 3401 3158 3444 aut
3212 3399 3443 3444 saVura-

1865 3495 2011 3547 ticon
2053 3499 2148 3544 aut
2202 3502 2365 3543 causa
2431 3486 2697 3539 oneranui
2773 3495 2869 3537 aut
2925 3484 3274 3552 scalaticum,
3340 3497 3441 3536 nec

1864 3587 2029 3638 aliam
2086 3583 2323 3650 aliquam
2355 3593 2554 3632 census
2599 3563 3001 3646 appeticionem
3036 3594 3063 3629 a
3116 3577 3350 3629 navibus
3385 3593 3437 3629 in

1866 3677 2187 3733 llotnauiam
2244 3671 2596 3725 venientibus
2633 3669 2781 3722 vela
2839 3668 3094 3722 samarils
3141 3669 3225 3720 vel
3284 3668 3439 3736 plau-

1860 3773 1989 3824 stris
2023 3786 2120 3838 per
2149 3780 2337 3819 omnes
2361 3763 2610 3833 regiones
2639 3760 2851 3829 iuniperii
2879 3762 2984 3815 mei
3027 3758 3440 3813 transeuntibus

1858 3879 1921 3917 ex
1950 3858 2346 3913 consuetudine
2377 3862 2627 3907 exactam
2664 3853 2776 3917 (60)
2802 3851 3109 3918 exigentur.
3388 3840 3402 3856 ⁸

1932 3952 2157 4017 Insuper
2185 3955 2261 4007 et,
2336 3944 2682 4013 quoniatwm
2735 3940 3065 4009 quibusdam
3118 3939 3437 4007 regionibus

1860 4038 2073 4106 imperii
2107 4035 2210 4088 mei
2244 4033 2550 4087 molestiam
2596 4022 2652 4084 et
2692 4029 3097 4083 infestationem
3143 4044 3251 4081 non
3313 4045 3438 4098 par-

1860 4108 1976 4180 vam
2013 4127 2299 4181 Veneticos
2330 4122 2564 4190 imperio
2589 4136 2711 4173 meo
2786 4120 3130 4173 ﬁdelissimus
3166 4120 3280 4188 (61)
3321 4121 3432 4189 jam

1857 4219 1987 4272 dicti
2044 4214 2451 4285 prudentissimi
2485 4212 2647 4280 legati
2694 4211 2942 4273 Venetie,
2976 4211 3172 4264 Petrus
3198 4211 3430 4265 Michael

1853 4311 2252 4366 etOctavianus
2267 4306 2549 4373 QUlriﬂllS,
2575 4321 2695 4358 meo
2746 4319 3062 4374 suggessere
3088 4304 3340 4371 imperio,
3365 4319 3432 4358 eo

1856 4403 2002 4472 quod
2033 4404 2181 4456 claro
2204 4401 2255 4453 in
2280 4398 2644 4487 clirysoboliis
2674 4397 2824 4464 prius
2845 4396 2928 4449 eis
2960 4394 3119 4449 factis
3150 4395 3268 4463 ipse
3320 4411 3428 4449 non

174 4480 548 4531 corroborans
571 4488 623 4531 et
645 4482 977 4532 conlirmans
1013 4480 1360 4545 lidellissimis
1387 4483 1617 4552 imperio
1634 4500 1752 4538 meo
1787 4506 1830 4558 υ
1858 4493 1967 4544 sint
1998 4491 2250 4544 ordinate
2288 4507 2301 4540 ;
2336 4480 2630 4556 imperium
2666 4500 2849 4538 meum
2896 4492 2953 4537 et
2984 4500 3013 4537 a
3048 4485 3139 4537 tali
3177 4485 3428 4539 molestia

178 4570 459 4623 Venetieis
516 4569 818 4638 antiquitus
885 4571 1023 4624 facta
1088 4573 1420 4640 elirjsobula
1473 4591 1502 4628 a
1555 4577 1751 4644 sempi-

175 4674 335 4715 terne
363 4663 625 4715 memorie
651 4662 982 4731 imperatore
1031 4673 1085 4716 et
1127 4680 1326 4732 proavo
1371 4667 1587 4734 imperii
1622 4669 1749 4730 mci,

170 4753 401 4805 domino
447 4754 637 4806 Alexio
670 4756 951 4807 Comuano
980 4764 1034 4808 ct
1074 4755 1185 4807 ﬁlio
1213 4757 1331 4826 ejus
1377 4756 1748 4824 imperatoris,

171 4844 401 4896 domino
428 4841 685 4908 Jobanni,
718 4855 773 4897 et
803 4847 1003 4899 dilecto
1040 4859 1233 4916 patrno
1261 4850 1495 4918 imperii,
1525 4849 1750 4905 domino

175 4935 426 4988 Manuele
461 4938 771 4994 donmano;
800 4938 1026 5006 insuper
1046 4938 1106 4992 ‘et
1146 4939 1285 4993 facta
1309 4941 1392 4994 eis
1418 4941 1749 5011 clirysobula

173 5029 242 5081 ab
276 5030 589 5097 imperante
624 5029 983 5082 dilictiSsimo
1022 5029 1189 5082 fratre
1216 5031 1434 5101 imperii
1467 5034 1593 5099 mei,
1646 5036 1748 5089 do-

174 5122 330 5173 mino
362 5119 574 5172 lsaakio
603 5120 807 5189 Angelo
840 5138 1005 5191 super
1032 5122 1160 5185 hiis,
1194 5138 1299 5191 que
1328 5124 1596 5193 promissa
1622 5135 1752 5179 sunt

170 5214 253 5266 eis
288 5228 388 5281 per
418 5228 503 5277 ea,
536 5222 643 5265 tam
671 5214 784 5284 jam
813 5214 1134 5281 complectis
1163 5230 1324 5282 quam
1353 5223 1409 5269 et
1434 5232 1542 5270 non
1572 5217 1752 5270 adhuc

170 5301 338 5360 ﬁnem
379 5307 746 5376 capientibus,
778 5319 833 5362 et
861 5309 1147 5362 efﬁcatiam
1196 5324 1260 5361 ac
1310 5309 1754 5363 incommutatio-

242 5468 360 5536 (57)
405 5466 657 5519 Fortasse
690 5466 1079 5536 jurubuutur.‘

241 5541 358 5611 (bis)
395 5538 650 5588 Editmes
677 5546 867 5611 notant
900 5555 911 5587 :
938 5558 956 5588 ί
980 5540 1069 5591 Sic
1101 5554 1200 5592 nos
1234 5555 1298 5593 cx
1330 5543 1653 5611 compendio
1689 5543 1750 5596 li-

170 5612 252 5659 bri
282 5609 389 5659 alli:
420 5626 433 5667 ;
468 5613 783 5673 pra'coninm
811 5610 904 5659 lib.
943 5618 1117 5675 pact.»

239 5681 354 5734 (fdi;
388 5676 557 5727 iidem
588 5694 601 5727 :
638 5676 775 5744 Lege
814 5676 1215 5733 Auriculaimm.

241 5751 355 5815 (util
396 5747 537 5811 lJng:
568 5758 833 5801 atrocium.

454 5843 724 5899 l’ATnuL-
760 5843 873 5896 Gtt.
925 5842 1024 5899 CX
1042 5843 1089 5899 Χ
1107 5842 1232 5900 XV.

1852 4584 2041 4635 volens
2072 4580 2417 4634 ﬁdelissimos
2463 4579 2523 4631 et
2554 4577 2842 4631 Venetieos
2872 4576 3127 4634 liberare,
3161 4586 3218 4629 et
3243 4568 3429 4628 inomi-

1851 4674 2021 4724 natim
2054 4686 2246 4723 omnes
2279 4667 2548 4737 regiones,
2585 4682 2692 4735 que
2721 4667 2826 4720 sub
2867 4667 3129 4719 lluutan’ia
3181 4669 3423 4729 sunt,.in

1849 4765 2050 4833 quibus
2085 4761 2312 4815 mercari
2348 4760 2573 4823 debent,
2601 4760 2858 4812 ordinare
2902 4758 2957 4810 in
2994 4760 3233 4827 presenti
3261 4762 3423 4829 cliry-

1847 4856 2043 4908 sobulo
2075 4868 2196 4907 meo
2220 4850 2668 4921 plaeuitimperio
2710 4852 2825 4917 Qne
2841 4859 2969 4905 sunt
2997 4850 3102 4904 iste
3124 4851 3376 4927 videlicet
3407 4871 3420 4904 :

1849 4947 2125 5000 Provintia
2167 4945 2442 4999 Dirrachii
2479 4944 2589 5012 (6‘2)
2622 4958 2747 4996 cum
2780 4943 2912 5007 illis,
2962 4958 3068 5011 que
3104 4944 3155 4995 in
3177 4936 3257 4995 ea'
3290 4948 3421 4997 smit

1851 5058 2207 5111 personarmn
2240 5051 2292 5094 et
2326 5038 2679 5093 ecclesiarum
2710 5038 3107 5092 immobilibus.
3134 5038 3420 5092 Pro'vimia

1846 5134 2064 5187 Jerlelio
2094 5144 2148 5187 et
2172 5130 2417 5186 Caninon
2446 5144 2569 5184 cu.n
2600 5131 2859 5183 omnibus
2890 5130 3022 5184 inea
3047 5131 3422 5182 immobilibus

1848 5222 2231 5276 existentibus.
2326 5222 2613 5275 Provincia
2716 5222 3015 5281 Joaninon.
3132 5220 3422 5273 Provincia

1854 5314 2253 5384 llrynupoleos.
2351 5314 2640 5376 Similiter
2710 5316 2993 5382 provincia
3089 5314 3421 5384 DjavoleOS.

1928 5476 2042 5544 (6|)
2072 5475 2326 5530 Editores
2348 5477 2540 5531 volunt
2569 5494 2579 5528 :
2615 5475 2973 5531 Veneticorum
3000 5506 3069 5529 τ-
3090 5476 3425 5544 ﬁdelissimo-

1825 5592 1829 5597 .
1858 5564 2040 5684 militi?)
2070 5617 2445 5685 (:eographica
2471 5616 2679 5684 optiute
2713 5617 3007 5672 illustravit
3041 5617 3286 5673 Tafelius
3316 5620 3353 5674 Ι.
3382 5620 3421 5676 1.

1863 5689 1913 5740 in
1940 5688 2410 5749 adnotationibus,
2444 5704 2581 5754 quas
2616 5692 2861 5741 consule.

3080 5846 3148 5902 16
