4236 6442
807 459 1088 513 l’rovineia
1163 459 1407 514 Colunie.

809 549 987 604 vincia
1066 551 1291 618 Prespe.
1373 549 1660 604 Provincia
1740 549 2009 605 Castorie.
2095 551 2383 606 Provineia

809 641 1060 695 Servion.
1102 640 1393 696 Provincia
1434 641 1686 696 Triadice
1719 650 1780 696 et
1826 642 2194 698 Vvelevusdii.
2251 643 2386 697 Pro-

811 731 988 786 vincia
1025 731 1140 785 Nisi
1199 741 1256 786 et
1288 733 1604 788 Vranisove.
1667 733 1952 788 Provincia
2011 734 2208 803 Scopie
2260 751 2384 794 cum

810 820 1081 891 episkepsi
1139 823 1386 878 Coriton.
1444 823 1730 880 Provincia
1759 825 2046 895 Sagorion.
2098 826 2385 881 Provincia

808 915 1086 971 Malesovii
1132 928 1187 972 et
1211 917 1546 972 Morovisdii.
1604 919 1888 974 Provineia
1925 919 2220 975 Strumice.
2252 921 2388 975 Pro-

811 1009 990 1063 vincia
1061 1008 1263 1078 Prilapi
1306 1019 1390 1063 -ει
1450 1010 1737 1080 Pelagbnie
1807 1026 1869 1064 ac
1942 1011 2208 1084 Holyscii,
2287 1027 2390 1066 nec

811 1113 922 1153 non
990 1109 1045 1154 et
1106 1099 1386 1170 Mogreno.
1440 1096 1724 1154 Provincia
1783 1092 2003 1156 Verias‘
2033 1083 2158 1156 cum
2242 1111 2390 1155 cate-

812 1191 1032 1260 panikio
1055 1189 1227 1261 Cetri.
1259 1192 1544 1265 Provincia
1570 1192 1777 1256 Voleri,
1812 1191 2122 1247 Strimonos
2143 1203 2199 1248 et
2226 1192 2392 1248 Thes-

811 1282 1102 1337 salonices.
1148 1283 1432 1337 Provincia
1468 1275 1765 1354 Nicopulon
1819 1300 1944 1339 cum
2009 1284 2394 1355 episkepsibus

812 1378 868 1428 in
924 1390 988 1429 ea
1026 1373 1394 1428 existentibus
1457 1375 1864 1444 personalibus,
1920 1376 2310 1428 ecclesiasticis
2338 1385 2395 1429 et

814 1467 1318 1530 monasterialibus,
1356 1475 1412 1521 et
1464 1482 1592 1521 cum
1623 1469 1756 1536 ipsis
1778 1466 2159 1538 episkepsibus
2207 1465 2393 1536 subia-

812 1542 1068 1610 centibus
1093 1556 1299 1611 inlimis
1320 1557 1746 1624 consanguineis
1766 1557 1981 1626 imperii
2013 1557 2142 1623 mei,
2173 1572 2396 1626 semper

815 1647 1149 1702 felicissimis
1169 1647 1701 1702 sevastocratoribus
1725 1648 2021 1705 Cesaribus
2075 1660 2132 1705 et
2175 1651 2396 1708 dilectis

817 1739 1032 1808 imperii
1088 1731 1217 1792 mei‘
1243 1738 1480 1801 filiabus,
1510 1755 1575 1794 ac
1613 1741 2082 1796 desideratissime
2115 1743 2218 1810 ipsi
2266 1758 2390 1798 meo

812 1830 1075 1899 Auguste.
1133 1829 1318 1886 Insula
1381 1830 1661 1903 Coryphy,
1723 1833 2031 1901 Kephalini,
2112 1834 2387 1898 Zakintos,
2431 1811 2470 1866 ³

817 1921 1052 1986 Leukas,
1093 1921 1292 1980 lthaki.
1332 1922 1498 1978 Orion
1563 1925 1759 1978 Patron
1791 1936 1847 1980 et
1899 1925 2194 1981 Mathonis.
2224 1927 2390 1982 Orion

813 2012 1112 2079 Corinthii,
1139 2015 1314 2084 Argus
1339 2023 1396 2068 et
1454 2012 1694 2084 Nanplii.
1733 2017 1899 2072 Orion
1960 2016 2274 2074 Thebarum
2313 2032 2395 2075 et

821 2105 1051 2174 Euripii,
1106 2097 1231 2160 cum
1268 2106 1464 2161 insulis
1525 2093 1714 2162 Andro
1758 2120 1813 2164 et
1839 2108 2073 2173 Caristo,
2106 2113 2234 2178 Keo,
2270 2113 2396 2166 Milo

818 2196 949 2249 etin
974 2196 1177 2251 ceteris
1201 2196 1418 2260 insulis,
1449 2199 1692 2266 quesub
1715 2199 1888 2254 Antro
1918 2212 2047 2255 sunt
2076 2202 2390 2256 etCaristo.

822 2287 1242 2344 Dodeeonissos.
1307 2287 1600 2362 Mitilinim.
1651 2288 1840 2344 Chios.
1890 2289 2106 2346 Samos.
2161 2293 2392 2362 Βοπίοε.

821 2377 944 2431 Kos.
1011 2361 1512 2432 Strovilos."liriti.
1547 2378 1768 2446 Kipros.
1815 2380 1980 2434 Orion
2025 2363 2391 2438 Athenarum.

823 2469 1106 2522 Provincia
1165 2469 1536 2548 Velechative.
1606 2451 1892 2524 Provincia
1937 2473 2214 2527 Valaehie.
2269 2474 2396 2542 Epi—

820 2561 1031 2629 skepsis
1069 2545 1438 2614 Dimitriados.
1477 2561 1595 2613 Duo
1637 2560 1864 2615 Almeri.
1904 2559 2219 2632 Episkepsis
2266 2545 2412 2618 Cre-r

821 2651 1088 2705 vennicon
1136 2658 1193 2703 et
1257 2650 1888 2730 FersalonaEpiskepsis
1925 2652 2165 2706 Domocn
2201 2663 2257 2707 et
2288 2654 2393 2708 Ve-

821 2743 991 2797 senis,
1022 2741 1409 2797 Chartularata
1442 2733 1668 2808 Ezeros,
1698 2743 2170 2830 Dobrochuvysta,
2201 2755 2252 2799 et
2290 2761 2398 2815 que

820 2834 926 2888 sub
981 2834 1098 2903 ipsa
1161 2841 1290 2887 sunt
1333 2833 1482 2897 ville.
1534 2832 1770 2888 Tricala.
1829 2831 2116 2888 Provincia
2159 2834 2395 2907 Lat-isse.

763 2961 771 2964 -
821 2920 1138 2991 Episkepsis
1176 2920 1542 2974 l’latamonos.
1599 2919 1889 2973 Provincia
1921 2919 2158 2976 Thrakis
2194 2931 2251 2976 et
2289 2922 2401 2975 Ma-

825 3013 1076 3079 cedonie,
1110 3022 1167 3067 et
1194 3027 1302 3081 que
1336 3012 1388 3066 in
1435 3027 1500 3066 ea
1540 3019 1670 3065 sunt
1718 2995 2077 3085 [episkepses]
2111 3015 2397 3083 physcalcs

825 3113 882 3157 et
937 3103 1274 3172 personales.
1359 3100 1678 3173 Episkepsis
1730 3103 2078 3156 Kerovachii.

827 3191 1142 3261 Episkepsis
1205 3190 1373 3244 Zurlii
1437 3199 1494 3245 et
1545 3182 2018 3260 Theodorupléos.
2085 3192 2404 3262 Episkepsis

829 3285 1093 3344 Messinis,
1125 3282 1562 3350 Archadiupleos
1587 3290 1643 3336 et
1673 3283 2084 3352 Vulgarophigi.
2115 3284 2402 3338 Provincia

824 3376 1160 3432 Cheronissi.
1185 3376 1471 3430 Provincia
1491 3375 1894 3452 Aldrianupieos
1923 3387 1979 3464 et
2009 3379 2400 3448 Diilymotiehi».

830 3469 1110 3522 Provincia
1131 3467 1774 3533 BranchialiiProviucia
1794 3467 2403 3544 Phylipuleoaneroys,

830 3560 1010 3622 Maras
1025 3559 1392 3614 etArchridii.
1414 3559 1701 3612 Provincia
1722 3557 2050 3614 Mesothinie
2089 3559 2408 3629 Episkepsis

832 3653 1151 3708 Damatrios.
1179 3652 1435 3707 Povineia
1451 3651 1792 3714 Niconiedie,
1813 3650 2130 3721 Episkepsis
2147 3653 2407 3707 Pillarum

831 3755 887 3799 et
924 3746 1159 3799 Pithion.
1192 3744 1477 3798 Provincia
1524 3743 1749 3812 Opsikin
1803 3752 1858 3798 et
1890 3744 2071 3814 Eegeu
2117 3760 2241 3800 cum
2289 3745 2410 3813 epi-

836 3837 1014 3905 skepsi
1037 3836 1279 3905 Lupadiu
1307 3845 1362 3890 et
1388 3835 1788 3904 Appoloniade.
1822 3833 2112 3889 Provincia‘
2133 3835 2407 3888 Arherau.

841 3928 1122 3982 Provincia
1153 3929 1436 3997 Atramyti.
1467 3927 1754 3982 Provincia
1790 3927 1992 3981 Milasis
2012 3937 2067 3981 et
2093 3926 2407 3981 Melanudii.

840 4018 1124 4072 Provincia
1184 4016 1453 4070 Meandri.
1498 4015 1790 4069 Provincia
1842 4015 2244 4068 Neochastron.
2275 4013 2413 4069 Pro-

842 4110 1017 4164 vincia
1061 4108 1484 4180 Pliyladelphye.
1522 4107 1809 4160 Provincia
1849 4105 2071 4171 Attalie,
2118 4105 2412 4166 Seleukie,

841 4203 1184 4266 Antiochiae,
1222 4200 1482 4255 Laudikie
1506 4216 1522 4264 ;
1547 4208 1603 4254 et
1627 4214 1803 4268 usque
1831 4199 2001 4267 ipsam
2029 4197 2411 4264 Antiochiam;

842 4308 894 4349 et
922 4295 1244 4363 simpliciter
1290 4295 1342 4346 in
1398 4293 1546 4345 omni
1587 4300 1927 4355 tenumento,
1962 4280 2110 4360 quod
2158 4292 2260 4346 sub
2291 4307 2414 4348 meo

2063 345 2312 406 ISAACI
2349 346 2632 407 ANGELI
2676 348 2832 409 IMP.

1497 457 1782 512 Provincia
1868 459 2175 531 Achrydos.
2249 461 2382 513 l’roo
2413 464 2458 521 Λ
2486 461 2554 515 ab
2587 463 2633 515 is
2668 461 2876 532 aliquid
2909 462 2978 517 ab
3005 464 3189 532 aliquo
3225 466 3557 535 rcquiretur.
3583 467 3756 522 Immo
3797 471 3989 540 quiete
4012 485 4070 528 et

2155 3102 2395 3158 Silivria.
2428 3085 2472 3144 θ

3957 354 4070 418 49?.

2486 556 2604 607 sine
2647 555 2829 624 aliqua
2878 555 3100 611 dationc
3131 558 3312 612 omnis
3353 558 3657 630 [regiones]
3709 562 3927 632 imperii
3961 570 4071 619 mei

2489 647 2820 710 transiliunt,
2860 657 2916 701 et
2947 663 3050 703 nec
3086 665 3193 719 qne
3221 652 3387 705 aheis
3416 644 3799 707 conducentur
3830 659 4071 711 samaria

2488 737 2571 790 vel
2610 738 2870 804 plaustra,
2923 737 3006 792 vel
3047 740 3142 806 qui
3175 740 3256 794 eis
3313 739 3628 818 servierunt
3674 741 3946 814 agogtate,
3981 764 4072 801 re-

2488 830 2781 899 quirentur
2820 831 3069 901 aliquid;
3104 847 3206 886 nec
3255 835 3347 902 qui
3409 833 3494 888 eis
3549 836 3786 905 aliquam
3819 840 4068 906 speciem

2489 921 2839 975 vendiderint
2871 923 2953 976 vel
2982 923 3051 976 ab
3076 924 3157 977 eis
3175 926 3438 989 emerint,
3473 909 4068 996 exigenturicommer-

2490 1001 2634 1067 cium
2663 1029 2762 1083 pro
2797 1014 2887 1067 illa
2934 1016 3027 1068 tali
3061 1017 3243 1096 specie
3277 1015 3714 1084 vel'pratikiuin,
3764 1020 3912 1088 quod
3973 1021 4071 1074 de-

2492 1103 2646 1157 beret
2677 1105 2928 1174 accipere
2964 1105 3129 1161 ﬁscus
3165 1107 3252 1162 vel
3285 1115 3504 1176 praetor
3536 1109 3689 1163 illius
3721 1110 3989 1178 regionis,
4019 1113 4072 1164 in

2491 1209 2598 1263 qua
2633 1196 2691 1247 ﬁt
2721 1196 3005 1261 mercatin,
3037 1197 3140 1250 nisi
3166 1198 3442 1253 Venetieis
3468 1199 3572 1253 hoc
3594 1202 3821 1254 vendert
3837 1209 3952 1261 tur.
3978 1187 4073 1255 sed
4097 1247 4106 1252 .

2493 1279 2814 1340 hominibus
2871 1290 3257 1361 com‘mertium
3317 1291 3449 1345 dare
3480 1292 3832 1347 debentibus.
3886 1294 4078 1348 Piaret

2458 1378 2640 1462 ‘enim
2675 1378 2908 1447 imperio
2943 1395 3084 1443 meo,
3112 1381 3321 1434 nullum
3378 1397 3594 1446 eorum,
3634 1383 3727 1451 qui
3775 1385 3881 1438 sub
3918 1396 4075 1453 poti--

2496 1479 2633 1523 state
2683 1469 2897 1538 imperii
2931 1470 3302 1525 Romanorum
3361 1484 3574 1528 suntet
3621 1490 3748 1529 cum
3792 1474 4078 1531 Veneties

2439 1601 2452 1620 ,
2497 1571 2831 1624 mercantur,
2871 1563 2926 1614 in
2980 1563 3242 1616 omnibus
3302 1565 3624 1632 regionibus
3676 1565 3896 1634 imperii
3945 1568 4075 1623 mei,

2497 1654 2612 1710 sive
2641 1669 2762 1708 cum
2807 1654 2888 1707 eis
2919 1655 3232 1709 vendiderit
3277 1663 3371 1708 aut
3404 1656 3542 1708 adeo
3574 1671 3699 1708 cnm
3746 1657 3938 1725 aliquo
3972 1656 4073 1708 ali-

2499 1743 2630 1814 quid
2670 1745 2888 1806 emerit,
2939 1744 3071 1798 dare
3103 1745 3398 1814 quicquam
3457 1760 3556 1814 pro
3601 1747 3941 1800 commercio
3995 1749 4074 1800 vel

2501 1852 2599 1904 pro
2629 1837 2812 1905 aliqua
2859 1836 2961 1889 alia
2992 1837 3324 1901 exactione;
3380 1837 3474 1890 sed
3531 1852 3627 1892 eos
3673 1851 3796 1892 esse
3843 1839 4075 1898 liberos,

2499 1938 2776 1997 tamquam
2812 1938 2865 1983 et
2892 1929 3015 1997 ipsi,
3037 1930 3129 1997 qui
3161 1929 3554 1982 commercium
3586 1929 3717 1984 dare
3741 1929 4077 1984 debentibus

2498 2030 2835 2074 mercantur.
2870 2020 2926 2074 Si
2952 2021 3076 2090 quis
3107 2036 3236 2074 vero
3267 2036 3435 2076 ausus
3469 2020 3637 2074 fuerit
3669 2023 3724 2075 in
3754 2022 3948 2092 aliquo
3981 2037 4076 2074 eos

2499 2113 2827 2182 inquietare,
2858 2114 2942 2166 vel
2978 2113 3189 2182 aliquid
3232 2115 3299 2168 ab
3325 2114 3420 2168 eis'
3456 2114 3695 2178 auferre,
3745 2129 3857 2183 qua
3873 2105 4078 2183 'naagna

2498 2200 2577 2258 ira
2611 2205 2824 2274 imperii
2855 2205 2960 2259 mei
2986 2207 3093 2258 erit
3122 2205 3488 2268 infestandus,
3524 2216 3580 2259 et
3606 2205 3751 2274 quod
3768 2204 4078 2258 auferetur.

2501 2295 2556 2347 in
2607 2296 2976 2364 quadruplum
3046 2281 3388 2350 redditurus.
3449 2298 3518 2351 Et
3576 2297 3681 2353 hec
3731 2296 3964 2364 quidem
4019 2298 4082 2349 de

2501 2387 2751 2439 libertate
2776 2386 3238 2439 lidellissinmrum
3266 2366 3494 2454 imperio
3507 2367 3636 2440 meo]
3657 2386 4079 2440 Veneticorum.

2498 2494 2661 2546 quam
2698 2478 2759 2547 in,
2795 2477 2942 2529 omni
2978 2487 3300 2530 tenumento
3347 2477 3562 2547 imperii
3620 2479 3726 2532 mei
3770 2477 4082 2531 habebunt.

2572 2570 2818 2638 Insuper,
2846 2569 3100 2638 quoniam
3136 2568 3359 2637 quidem
3389 2570 3500 2638 jam
3525 2568 3660 2623 dicti
3714 2569 3884 2638 legati
3939 2585 4072 2637 pru-

2500 2659 2802 2713 dentissmi
2859 2658 3105 2722 Venetie,
3139 2659 3335 2712 Petrus
3366 2658 3595 2714 Michael
3655 2668 3710 2712 et
3745 2659 4089 2713 Octavianus

2499 2751 2781 2818 Quirinus,
2824 2753 3136 2805 retulerunt
3186 2751 3418 2820 imperio
3459 2767 3599 2814 meo.
3672 2754 3802 2821 quia
3853 2768 3922 2807 ex
3976 2739 4086 2804 non

2502 2847 2708 2912 scripto
2758 2859 2930 2913 usque
2991 2853 3046 2897 et
3094 2858 3242 2904 nunc
3289 2844 3471 2898 causis
3512 2844 3752 2898 inductis
3772 2843 3845 2897 ab
3897 2845 4090 2910 aliquo

2501 2923 2804 2988 Grecorum
2868 2946 3064 2988 contra
3120 2934 3361 3002 aliquem
3424 2934 3774 2996 Veneticum,
3822 2949 3852 2986 a
3904 2933 4090 3001 legato

2504 3025 2732 3098 venetie
2761 3041 2859 3095 per
2892 3037 3138 3102 tempora
3163 3027 3215 3077 in
3250 3039 3442 3093 magna
3471 3026 3608 3077 urbe
3629 3024 3904 3102 existente
3932 3023 4089 3090 judi-

2505 3116 2642 3171 catis
2668 3126 2724 3170 et
2752 3099 2966 3179 solutis,
2996 3113 3277 3166 interdum
3331 3113 3557 3182 quidam
3605 3099 3912 3187 Grecorum
3968 3113 4092 3179 qui-

2510 3208 2741 3262 busdam
2788 3205 3335 3276 civilium'judicum
3376 3205 3459 3258 vel
3509 3205 3562 3257 in
3620 3205 3824 3272 palatio
3873 3206 4092 3272 imperi

2511 3300 2616 3354 mei
2645 3297 3077 3353 custodientium
3116 3297 3444 3350 accedentes
3483 3293 3858 3348 adtractiones
3880 3295 4098 3361 gravis-

2509 3392 2679 3445 simas
2719 3389 3079 3443 lidellissimis
3106 3388 3342 3460 imperio
3374 3402 3495 3440 meo
3530 3381 3804 3440 Veneticis
3835 3386 4100 3453 superin-

2510 3485 2739 3540 ducunt.
2769 3490 2825 3535 et
2859 3480 2914 3534 in
2939 3495 3218 3534 carcerem
3251 3478 3574 3531 retrudieos
3606 3477 3842 3536 faciunt.
3879 3487 3938 3530 et
3972 3492 4091 3530 om-

2512 3574 2678 3627 nibus
2734 3572 2858 3626 aliis
2913 3570 3285 3625 dedecoribus
3344 3569 3556 3632 subici;
3608 3567 3889 3636 deprecati
3963 3581 4095 3620 sunt

2512 3663 3232 3734 igiturimperiummeum,
3295 3666 3434 3712 ut'et
3490 3660 3592 3712 tale
3634 3657 3942 3725 capitulum
4002 3674 4065 3726 po-

2513 3733 3158 3824 piresens'chrvsobulum
3191 3755 3416 3802 verbum
3436 3747 3657 3826 imperii
3688 3747 3792 3799 mei
3819 3747 4097 3808 solva.ur,

2511 3853 2569 3897 et
2596 3842 2933 3896 concedatur
2966 3841 3068 3903 eis,
3101 3839 3248 3908 quod
3271 3837 3448 3892 Greco
3474 3837 3701 3907 quidem
3730 3845 3925 3889 contra
3987 3838 4096 3913 Ve-

2514 3938 2753 3986 neticum
2783 3941 2976 4000 agente
3009 3931 3061 3983 iu
3089 3928 3396 3998 peccuniali
3422 3943 3610 3992 causa,
3635 3944 3666 3982 a
3699 3928 3878 3998 legato
3908 3927 4100 3982 Vene-

2519 4020 2613 4088 tie,
2656 4025 2750 4093 qui
2807 4034 2938 4077 tunc
2973 4023 3026 4076 in
3071 4037 3264 4090 magna
3311 4022 3417 4074 erit
3447 4019 3606 4082 urbe,
3647 4020 3919 4089 judicium
3979 4019 4099 4073 ﬁeri

2481 4113 2750 4177 debeat;
2817 4103 3082 4166 Venetico
3138 4126 3270 4164 vero
3310 4121 3504 4164 contra
3547 4110 3785 4164 Grecum
3835 4111 4102 4164 similiter

2517 4215 2737 4275 agente,
2789 4205 2832 4258 si
2889 4203 3131 4273 quidem,
3175 4202 3270 4272 qui
3331 4212 3462 4256 tunc
3506 4202 3674 4256 fuerit
3733 4201 4104 4254 caneellarius

2518 4297 2764 4364 vie(65),
2819 4296 2873 4350 in
2911 4310 3101 4364 magna
3157 4295 3292 4348 urbe
3327 4294 3508 4357 iverit,
3575 4295 3717 4363 apud
3769 4309 3897 4348 eum
3926 4309 4102 4347 causa

843 4403 922 4440 est
954 4387 1207 4455 imperio,
1239 4387 1355 4438 sive
1406 4398 1564 4438 secus
1591 4384 1722 4438 litus
1782 4393 1878 4436 aut
1905 4383 2047 4451 infra
2100 4391 2326 4439 terram.
2357 4385 2414 4438 ln
2446 4415 2496 4475 ι)
2524 4389 2730 4442 moveri
2761 4398 2818 4444 et
2862 4389 3097 4456 judicari
3134 4387 3332 4441 debeat
3363 4407 3374 4439 :
3423 4387 3468 4440 si
3515 4402 3649 4439 vero
3693 4388 3838 4440 forte
3891 4386 4013 4455 ipse
4047 4389 4102 4440 in

847 4479 1104 4532 omnibus
1159 4477 1306 4531 enim
1343 4476 1541 4530 talibus
1589 4475 1908 4544 regionibus
1958 4474 2174 4543 imperii
2223 4474 2330 4528 mei
2363 4487 2420 4528 et

853 4569 1138 4649 liuina‘nie,
1171 4568 1256 4622 vel
1294 4566 1565 4635 phiscalcs
1611 4567 1723 4620 sint
1755 4576 1853 4619 aut
1915 4564 2288 4619 ecclesiastice
2332 4566 2418 4619 vel

850 4662 1096 4730 sulijeCIe
1121 4661 1354 4714 secretis
1385 4674 1661 4713 sacrarum
1700 4658 1963 4711 domuum
2004 4669 2099 4712 aut
2129 4658 2264 4727 ipsis
2293 4658 2420 4712 inti-

854 4752 957 4805 mis
993 4750 1250 4840 cognatis
1294 4750 1510 4818 imperii
1542 4750 1672 4812 mei,
1710 4763 1809 4817 per
1834 4749 2019 4832 omnia
2068 4748 2422 4802 fellicissimis

856 4839 1388 4898 sevastocratoribus
1418 4850 1475 4896 et
1501 4840 1815 4902 Cesaribus,
1863 4841 1998 4909 ipsis
2031 4840 2248 4894 dilectis
2281 4839 2422 4894 lilia-

860 4938 962 4989 bns
994 4933 1210 5002 imperii
1247 4933 1375 4995 mei,
1414 4947 1516 4986 nec
1545 4947 1654 4986 non
1675 4939 1732 4986 et
1760 4931 1865 5000 ipsi
1914 4947 2031 4985 mee
2069 4930 2427 4985 dilectissime

857 5029 1124 5096 Auguste,
1155 5027 1274 5082 sine
1303 5025 1695 5096 impedimento
1725 5031 1891 5078 erunt
1920 5033 2248 5096 mercantes,
2279 5033 2334 5078 et
2374 5025 2430 5076 in

864 5121 978 5191 ipsa
1004 5123 1171 5176 etiam
1217 5119 1460 5190 urbium__
1491 5121 1678 5186 regina
1735 5117 1942 5171 nullam
2003 5116 2327 5170 mollestiam
2361 5116 2431 5170 ab

864 5215 1044 5283 aliquo
1075 5213 1428 5278 sustinentes,
1484 5227 1587 5267 nec
1628 5210 1792 5265 etiam
1811 5225 1875 5264 ex
1909 5219 2025 5264 toto
2048 5226 2221 5279 usque
2254 5225 2430 5264 unum

864 5306 1084 5359 obolum
1111 5319 1212 5374 pro
1235 5303 1568 5359 commercio
1598 5301 1681 5356 vel
1704 5303 1954 5370 passagio
1976 5301 2058 5353 vel
2083 5301 2433 5354 samariatico

868 5398 952 5452 vel
1001 5398 1278 5452 scaliatico
1323 5397 1406 5450 vel
1464 5395 1772 5464 portuatico
1825 5394 1909 5447 vel
1966 5394 2284 5463 pro'aliquo
2325 5393 2433 5446 alio

866 5493 1106 5563 capitqu
1133 5488 1382 5560 requisiti
1409 5505 1423 5554 ;
1460 5489 1690 5542 eandem
1712 5483 1890 5541 'etiam
1923 5487 2234 5561 libertatem
2267 5485 2428 5538 habe-

866 5587 1003 5642 bunt
1023 5598 1079 5644 et
1108 5585 1178 5641 ab
1211 5584 1292 5640 eis
1320 5581 1592 5638 conducta
1621 5579 1853 5635 samaria
1877 5588 1934 5633 et
1964 5571 2230 5647 plaustra,
2255 5585 2310 5630 et
2335 5589 2434 5669 nec

2525 4497 2716 4550 magna
2754 4481 2890 4534 urbe
2917 4496 3024 4532 non
3062 4478 3251 4539 fuerit;
3281 4487 3411 4531 tunc
3438 4477 3583 4545 apud
3636 4492 3894 4546 magnum
3947 4479 4102 4547 loga—

2523 4574 2746 4625 riastam
2773 4586 2934 4624 cause
2961 4569 3280 4639 iudicentur
3305 4586 3319 4621 :
3349 4568 3588 4637 graviter
3627 4567 3852 4635 quidem
3913 4569 4100 4637 impe-

2526 4661 2665 4713 rium
2694 4675 2874 4712 meum
2914 4659 3074 4710 talem
3106 4651 3299 4709 eorum
3334 4655 3550 4728 accepit
3579 4664 3636 4709 et
3675 4657 4019 4725 peticionem
4050 4671 4104 4712 et

2525 4766 2591 4804 ex
2626 4759 2736 4802 toto
2775 4749 2840 4802 ad
2870 4751 2989 4818 ejus
3033 4748 3492 4815 romplementum
3535 4761 3798 4801 annuere
3847 4748 4103 4802 nolebat.

2531 4842 2636 4896 Sed
2664 4840 2925 4910 quoniam
2963 4840 3133 4893 multa
3195 4840 3464 4894 instancia
3519 4839 3886 4913 predeclarati
3938 4841 4102 4909 legati

2523 4934 2591 4988 ad
2649 4932 2939 5001 imperium
2983 4921 3164 4985 meum
3219 4930 3490 4993 fecerunt,
3521 4939 3578 4983 et
3614 4945 3699 4983 ne
3731 4929 3854 4983 talis
3909 4945 4106 4984 eorum

2526 5026 2841 5094 deprecatio
2873 5039 2982 5077 non
3007 5023 3387 5102 exaudiretur,
3433 5021 3644 5089 magnis
3676 5022 3940 5088 precibus
3966 5037 4071 5090 sup

2527 5119 2891 5187 plicaverunt,
2917 5124 2975 5167 ut
2999 5114 3102 5168 hoc
3126 5113 3245 5167 solo
3267 5111 3504 5182 capitulo
3533 5124 3790 5179 separare
3820 5111 4105 5165 Venetiam

2529 5182 2558 5263 a
2591 5182 2858 5263 [’{omania
2888 5206 3125 5266 valente,
3168 5203 3455 5272 imperium
3489 5217 3670 5256 meum
3693 5217 3890 5270 puram
3944 5205 4087 5256 ﬁdei:

2533 5309 2589 5355 et
2639 5301 2840 5353 bonam
2875 5297 3060 5351 circba
3114 5295 3437 5349 Romaniam
3492 5294 3722 5348 Venetie
3766 5294 4106 5348 voluntatem

2533 5389 2645 5444 'non
2675 5390 2951 5460 ignorans,
2995 5388 3217 5454 insuper
3250 5394 3302 5438 et
3331 5384 3833 5453 predeelaratorum
3865 5386 4080 5451 pruden

2540 5483 2876 5538 tissimorum
2901 5480 3128 5558 Venetia
3170 5479 3495 5547 legatorum,
3531 5474 3680 5528 Petri
3722 5474 4013 5528 Michaelis
4065 5495 4106 5524 ιι

2539 5573 2826 5635 Octaviani
2868 5570 3108 5635 Quirini,
3171 5563 3372 5638 magne
3402 5567 3663 5622 instantie
3721 5580 3787 5618 ac
3837 5567 4086 5632 supplica

939 5750 1049 5822 (65)
1101 5747 1402 5818 Logotheta
1465 5743 1642 5801 dromi
1693 5717 1925 5832 indicari
1987 5741 2224 5796 videtur.
2283 5735 2426 5790 Infra
2472 5753 2488 5786 ι
2520 5733 2616 5787 Vie
2646 5730 2944 5800 logothcta.
2982 5748 3001 5779 ι
