4236 6442
176 365 287 431 493

1252 370 1299 428 Ν
1312 369 1637 431 ΟΥΕΗΛΕ
1678 370 2359 436 CONSTITUTlONES.

3332 382 3440 449 194

178 480 314 533 tioni
350 479 638 540 inﬂexum,
673 476 907 546 prceipit
939 476 1085 548 [per]
1111 494 1342 547 presens
1382 480 1772 550 chrysohulum
1803 483 1849 540 Α
1881 485 2028 538 tione.
2065 487 2208 541 inter
2262 488 2497 544 Grecum
2527 501 2583 546 et
2629 491 2949 547 Veneticum
3005 496 3273 551 existente
3318 515 3435 552 mo-

178 572 435 631 verbum,
477 571 626 640 quod
677 572 855 625 Greco
886 571 1109 639 quidem
1143 580 1335 625 contra
1367 573 1687 627 Veneticum
1711 574 1764 624 in

177 664 536 731 peccuuiaria
559 678 723 717 causa
740 672 955 732 agente,
977 664 1206 731 legatus,
1227 664 1318 732 qui
1338 680 1433 732 per
1452 676 1695 732 tempora
1712 667 1765 718 in

175 771 371 824 magna
405 755 547 809 urbe
596 757 723 818 erit,
763 757 867 809 tale
908 756 1178 825 judicium
1228 767 1645 825 perscrutetur;
1712 770 1765 810 et

171 849 383 915 scripto
410 848 633 917 quidem
660 848 1037 902 demonstrato
1062 864 1091 901 a
1121 848 1296 903 Greco
1327 850 1595 903 tavulatio
1612 866 1764 904 cout-

174 944 380 1010 posito,
402 941 707 996 certiﬁeato
728 944 892 996 etiam
920 942 988 996 ab
1011 943 1194 1012 aliquo
1216 944 1463 1012 iudicum
1488 944 1594 999 veli
1610 947 1762 1013 etepi

176 1042 232 1085 tu
266 1033 593 1102 yppodromi
635 1032 721 1085 vel
772 1033 1096 1086 semiomate
1134 1034 1366 1102 alicujus
1390 1036 1761 1102 prcdietorum

172 1123 449 1189 judieum,
476 1133 570 1176 aut
601 1133 657 1177 et
681 1124 751 1176 ab
778 1122 965 1192 aliquo
1004 1123 1327 1192 pontiﬁcum
1361 1125 1445 1177 vel
1469 1125 1539 1177 ab
1579 1125 1763 1193 aliquo

181 1215 458 1267 tavulario
498 1215 582 1268 vel
629 1214 838 1282 judice,
894 1228 994 1281 per
1042 1228 1207 1281 quem
1264 1213 1412 1281 apud
1473 1214 1763 1267 Veneticos

175 1306 407 1376 dignum
439 1305 543 1359 ﬁde
586 1306 873 1367 habeatur,
924 1303 1228 1357 secundum
1268 1305 1580 1374 hujusmodi
1622 1308 1760 1359 scri-

174 1398 252 1465 pti
272 1395 812 1465 conprehensionem
834 1392 1169 1449 decisionetn
1194 1410 1358 1449 cause
1379 1397 1759 1464 superinduci.

174 1488 266 1543 Sic
296 1489 467 1541 etiam
491 1487 639 1556 quod
672 1503 769 1556 per
809 1486 1217 1555 qualecumque
1268 1498 1488 1556 tempus
1533 1504 1562 1541 a
1599 1489 1761 1543 nobi-

173 1582 386 1633 lissimo
416 1589 472 1631 et
508 1578 739 1647 imperio
763 1592 887 1631 meo
927 1577 1253 1631 ﬁdelissimo
1299 1588 1677 1645 protosevasto
1706 1590 1762 1634 et

171 1673 314 1724 duce
347 1670 575 1723 Venetie
608 1668 674 1722 ad
709 1683 958 1733 magnam
991 1668 1183 1720 urbem
1246 1669 1495 1722 mittetur
1528 1669 1757 1736 legatus,

170 1774 228 1818 et
254 1764 351 1832 qui
376 1750 481 1815 sub
500 1777 570 1816 eo
590 1761 829 1831 judices.
850 1761 1036 1814 statim
1067 1769 1189 1829 post
1212 1761 1264 1813 in
1290 1777 1539 1829 magnam
1568 1764 1759 1817 urbem

170 1871 368 1909 eorum
439 1854 729 1908 introitum
782 1854 1000 1908 ostendi
1064 1853 1308 1906 debeant
1338 1856 1411 1917 ei,
1470 1857 1563 1922 qui
1629 1867 1761 1909 tunc

170 1951 283 2005 erit
323 1951 405 2001 \ie
436 1948 818 2010 cancellarius,
858 1957 951 2001 aut
975 1949 1021 2001 si
1055 1948 1174 2016 ipse
1230 1958 1361 2003 tunc
1400 1949 1760 2004 cancellarius

177 2054 314 2096 tunc
349 2042 405 2096 in
468 2040 949 2109 Constantinopoli
1002 2055 1112 2093 non
1156 2039 1344 2102 fuerit.
1376 2042 1449 2103 ei,
1481 2043 1576 2110 qui
1626 2052 1759 2096 tunc

170 2134 285 2186 erit
332 2147 563 2200 magnus
596 2130 889 2199 logariasta
916 2146 932 2193 ;
977 2139 1034 2185 et
1066 2130 1135 2184 ab
1168 2146 1236 2183 eo
1264 2131 1463 2186 debeat
1515 2133 1655 2186 mitti
1690 2132 1757 2186 ad

167 2222 465 2277 ecclesiam
501 2221 889 2275 Veneticorum
920 2234 1019 2289 per
1055 2235 1316 2289 magnum
1373 2221 1753 2290 interpretem,

174 2314 258 2367 vel
284 2313 332 2367 si
394 2313 497 2381 ipsi
555 2327 665 2365 non
720 2311 908 2374 fuerit,
954 2326 1052 2381 per
1100 2312 1342 2379 aliquem
1394 2315 1546 2366 curie
1585 2314 1755 2368 alium

174 2402 561 2471 interpretem,
620 2410 675 2453 et
706 2415 805 2469 per
834 2415 1004 2453 unum
1034 2413 1253 2460 eorum,
1280 2398 1374 2467 qui
1429 2400 1755 2453 cancellurie

170 2494 399 2561 scriptis
457 2491 802 2554 deserviunt,
854 2501 951 2544 aut
1010 2505 1107 2559 per
1152 2505 1322 2543 unum
1359 2491 1753 2546 secreticorum

170 2583 357 2651 magni
407 2581 755 2651 logariastae,
778 2579 821 2633 si
877 2578 1001 2633 talis
1022 2581 1356 2648 gramaticus
1379 2586 1509 2633 tunc
1532 2596 1755 2649 presens

168 2691 282 2730 non
318 2674 526 2737 fuerit;
557 2682 613 2728 et
641 2673 694 2725 in
723 2672 907 2726 medio
938 2673 1111 2741 ipsius
1140 2672 1529 2727 Veneticorum
1580 2689 1658 2726 ecc
1678 2675 1755 2725 le—

170 2767 252 2821 sie
284 2767 339 2820 in
369 2764 709 2819 audientiam
740 2765 917 2818 tocius
945 2762 1308 2832 plenitudinis
1363 2763 1752 2817 Veneticorum

172 2873 305 2912 tunc
324 2859 378 2910 in
399 2855 875 2924 Constantinopoli
899 2855 1254 2909 existentium
1279 2855 1517 2909 debeant
1538 2857 1747 2926 jurare,

167 2951 318 3020 quod
352 2961 500 3004 recte
537 2958 593 3004 et
618 2951 765 3018 juste
788 2956 843 3001 et
874 2947 991 3001 sine
1010 2947 1357 3016 susceptione
1391 2963 1749 3015 personarum

170 3045 252 3097 vel
283 3043 521 3111 alicujus
549 3040 680 3095 doni
708 3039 821 3094 dati
846 3040 932 3095 vel
962 3039 1453 3109 prornissijuditia,
1478 3055 1584 3109 que
1605 3039 1750 3094 inter

1882 586 2077 629 \eatur
2116 594 2301 641 causa,
2338 597 2528 650 magna
2549 585 2769 651 quidem
2791 586 3061 641 existente
3092 591 3363 643 seditione
3383 598 3445 645 et

1876 668 1943 717 ad
1978 668 2387 723 multitudinem
2419 674 2653 726 devenla
2700 683 2756 727 ei.
2782 676 2849 729 ad
2882 676 3239 732 homicidium
3295 680 3436 734 forte

1872 760 2232 826 perveniente
2269 773 2363 814 aut
2395 778 2620 831 magnas
2671 765 2875 834 plagas,
2916 775 3047 821 tunc
3077 770 3440 823 cancellarius

1880 848 1989 909 vie,
2022 848 2107 902 vel
2137 865 2203 902 eo
2234 866 2264 903 a
2312 866 2504 920 magna
2552 853 2687 906 urbe
2725 854 2980 918 absente,
3037 866 3167 911 tunc
3212 876 3438 927 presens

1869 940 1982 1006 (64)
2017 936 2090 993 “ἱιι
2144 943 2346 1010 palatio
2415 945 2844 1000 Vlaclternarum
2905 950 3344 1016 primiceriorum
3382 966 3437 1005 et

1868 1039 2269 1087 stt'atttotarum
2310 1035 2622 1105 hujusmodi
2644 1039 3079 1107 perscrutaliitur
3102 1058 3346 1106 causam,
3382 1054 3437 1097 et

1869 1133 1927 1177 ut
1978 1125 2049 1178 ab
2074 1142 2141 1179 eo
2175 1140 2560 1198 eognoseetur,
2593 1134 2770 1187 solvet
2809 1143 2867 1188 et
2894 1134 3228 1201 ulciscetur;
3269 1153 3436 1207 parva

1867 1231 2003 1271 vero
2034 1228 2089 1271 et
2119 1221 2186 1273 ad
2224 1238 2390 1276 unttm
2417 1226 2498 1276 vel
2531 1224 2598 1277 ad
2644 1225 2787 1280 duos
2833 1226 3092 1292 deducta,
3122 1229 3169 1282 si
3214 1231 3434 1298 quidem

1866 1308 2187 1365 vulneratus
2233 1313 2441 1383 plagam
2476 1316 2809 1371 mediocrem
2841 1321 3127 1375 sustinens
3151 1333 3247 1375 aut
3289 1323 3432 1394 inju-

1870 1400 2004 1455 riam
2036 1402 2331 1459 Veneticus
2362 1405 2547 1471 fuerit,
2579 1411 2720 1477 apud
2761 1420 2891 1466 tunc
2914 1413 3303 1469 cancellarium
3326 1416 3433 1477 vie,

1865 1494 1949 1547 vel
1981 1509 2049 1547 eo
2089 1511 2120 1549 a
2151 1513 2344 1567 tuagna
2372 1501 2505 1555 urbe
2538 1502 2791 1567 absente,
2822 1505 2967 1573 apud
2995 1515 3125 1559 tunc
3176 1521 3433 1577 maguum

1864 1584 2218 1653 logariastam
2241 1594 2541 1658 querellam
2562 1606 2851 1663 proponat,
2883 1606 2939 1651 et
2957 1595 3261 1656 secundum
3288 1602 3437 1670 leges

1866 1675 2161 1733 vindictam
2216 1681 2460 1739 habebit.
2516 1687 2571 1738 Si
2616 1701 2745 1740 vero
2791 1687 3000 1744 Grecus
3033 1690 3206 1745 fuerit
3254 1692 3433 1762 ydiota

1862 1767 2105 1834 quidem.
2147 1784 2203 1826 et
2231 1790 2335 1826 non
2361 1790 2425 1828 ex
2456 1787 2679 1831 senatus
2716 1782 2973 1835 consulto
2996 1794 3095 1838 aut
3127 1783 3197 1836 de
3227 1785 3428 1839 clario-

1867 1858 2020 1913 ribus
2083 1861 2400 1919 ltominibus
2451 1869 2604 1922 curie
2677 1868 2891 1938 imperii
2935 1874 3042 1927 mei
3103 1877 3430 1941 consistens,

1862 1950 2006 2019 apud
2055 1952 2293 2022 legatum
2348 1957 2735 2013 Veneticorum
2769 1973 2822 2015 ct
2859 1964 2963 2017 sub
2992 1980 3059 2018 eo
3089 1967 3307 2036 judiecs
3365 1970 3433 2021 de

1862 2042 2057 2107 injuria
2086 2056 2142 2099 ct
2180 2046 2451 2102 dedecore
2486 2053 2782 2108 movebunt
2811 2070 3058 2121 causam,
3109 2067 3167 2113 et
3206 2058 3276 2113 ab
3314 2062 3429 2113 istis

1863 2134 2125 2202 suscipiet
2184 2138 2507 2194 vindictam.
2567 2142 2863 2211 Diligenter
2918 2148 3069 2203 enim
3133 2150 3429 2220 imperium

1864 2236 2047 2277 meum
2085 2225 2337 2291 conﬁdit,
2399 2231 2542 2296 qttud
2592 2247 2758 2301 super
2816 2234 3132 2303 hujusmodi
3173 2242 3432 2309 capitulis

1859 2325 2203 2369 sacramenta
2262 2334 2365 2387 pro
2409 2322 2627 2389 justicia
2680 2325 3105 2383 intervenientia
3156 2331 3427 2399 Venetici,

1859 2404 2056 2472 quibus
2103 2407 2370 2477 judicium
2405 2425 2492 2468 est
2522 2416 2900 2484 commissum,
2934 2435 3039 2473 non
3098 2423 3428 2494 despicient,

1861 2494 2029 2550 immo
2058 2499 2310 2555 similiter
2335 2512 2392 2557 et
2438 2505 2492 2557 in
2551 2506 2866 2575 hujusmodi
2922 2514 3106 2568 causis
3145 2517 3426 2586 justieiam

1856 2587 2190 2655 cuStodient,
2246 2596 2710 2661 quemadmodum
2748 2612 2803 2655 et
2852 2603 2905 2657 in
2940 2608 3327 2673 peccuniariis.
3371 2623 3430 2666 et

1857 2695 1962 2732 non
1989 2691 2197 2737 tantum
2224 2686 2486 2742 honorem
2514 2692 2598 2745 vel
2659 2693 2903 2751 dedecus
2950 2699 3066 2755 sive
3121 2703 3426 2770 proﬁcuum

1862 2772 1943 2825 vel
2008 2773 2305 2845 datnpuum
2376 2781 2762 2839 Venetieorum
2823 2792 3117 2858 curabunt,
3160 2810 3427 2865 quantum

1854 2877 2044 2918 eorum
2092 2882 2453 2936 sacramenta.
2502 2891 2611 2944 que
2648 2878 2718 2931 ab
2762 2882 2843 2934 eis
2880 2899 2979 2951 pro
3019 2887 3236 2954 justicia
3272 2891 3424 2956 ﬁent,

1857 2954 1909 3007 in
1936 2959 2191 3012 omnibus
2226 2961 2364 3015 bene
2397 2968 2676 3022 custodire
2708 2981 2764 3024 et
2794 2972 3107 3031 observare.
3129 2979 3206 3032 Ne
3242 2990 3424 3035 autem

1856 3047 2013 3117 longa
2051 3065 2316 3121 sequatur
2368 3072 2519 3112 mora
2564 3060 2617 3113 in
2660 3063 2883 3130 judiciis
2938 3067 3080 3121 inter
3119 3069 3326 3126 Grecos
3367 3084 3427 3129 et

168 3135 380 3188 Grecos
403 3142 620 3186 actores
664 3139 721 3185 et
766 3131 1061 3185 Venelicos
1109 3146 1233 3183 700$
1266 3139 1458 3195 crum.
1520 3131 1741 3188 ΐίιοὶθηῑο
1775 3156 1818 3212 c
1859 3139 1947 3192 Ve.
1972 3143 2384 3207 eticosfuturis,
2416 3164 2517 3203 nec
2547 3151 2714 3207 libelli
2742 3156 2858 3211 dies
2883 3174 2983 3213 nec
3004 3160 3422 3220 interdictorum

171 3224 508 3294 necaliquod
537 3222 868 3291 adjutorium
893 3221 1166 3274 Venetieis
1198 3222 1464 3286 tribuent,
1492 3222 1585 3274 sed
1606 3238 1745 3291 equa

170 3321 330 3373 lance
360 3319 648 3386 utriusque
666 3331 882 3370 causa-n
909 3326 1017 3370 tam
1038 3314 1197 3369 Greci
1226 3332 1391 3385 quam
1412 3327 1467 3369 et
1498 3317 1745 3372 Venetici

172 3412 498 3466 diseernent
550 3418 607 3463 et
655 3408 1024 3479 judicabant:
1081 3407 1345 3462 Venetico
1398 3425 1491 3461 reo
1542 3410 1747 3463 donare

167 3504 409 3558 debente
439 3502 613 3557 Greco
633 3511 818 3555 actore
846 3502 1155 3569 caiumpnie
1174 3513 1601 3557 sacramentum.
1630 3504 1748 3573 ipso

170 3596 344 3649 Venet
359 3596 445 3647 ieo
460 3593 577 3647 solo
592 3594 783 3663 jurare
801 3593 1037 3647 debeute
1055 3591 1354 3647 decisiouis
1379 3609 1543 3647 cause
1565 3609 1715 3647 sacra
1733 3626 1746 3633 -

174 3698 448 3746 mentum,
478 3685 571 3745 ita,
619 3683 764 3752 quod
799 3684 1008 3753 integre
1042 3683 1335 3736 decusionis
1371 3700 1533 3737 cause,
1575 3702 1746 3737 satira-

169 3789 422 3831 mentum
442 3775 732 3830 Veneticus
744 3774 921 3829 Greco
937 3776 1106 3843 possit
1125 3775 1355 3838 referre,
1371 3777 1415 3828 si
1431 3778 1562 3831 vult.
1587 3787 1748 3845 prout

165 3881 223 3923 et
252 3871 322 3923 de
356 3870 463 3923 hoc
500 3867 913 3938 prudentissimi
946 3866 1108 3937 legati
1149 3867 1534 3921 Venetieorum
1566 3885 1744 3922 meum

165 3962 453 4031 deprecati
502 3969 631 4015 sunt
662 3960 976 4028 imperium.
1028 3960 1095 4013 Et
1122 3959 1224 4013 hec
1269 3961 1514 4028 quidem,
1571 3960 1748 4015 Greco

162 4064 361 4109 contra
398 4054 720 4108 Veneticum
754 4061 971 4121 agente.
1009 4050 1066 4105 Si
1105 4067 1238 4104 vero
1268 4053 1563 4107 Veneticus
1615 4069 1747 4107 con—

166 4157 253 4199 tra
295 4146 532 4200 Greeum
572 4146 766 4214 egerit.
790 4143 933 4213 apud
963 4155 1096 4197 tunc
1118 4144 1507 4198 cancellarium
1533 4145 1641 4209 vie,
1661 4146 1744 4199 vel

162 4254 231 4292 eo
256 4254 287 4291 a
326 4252 523 4304 magna
555 4236 690 4290 urbe
722 4234 974 4297 absente,
1004 4234 1149 4303 apud
1210 4251 1470 4304 magnum
1517 4237 1748 4306 legaria-

160 4337 308 4382 stam
337 4326 641 4394 querellam
683 4324 884 4378 debeat
908 4340 1239 4395 proponere.
1285 4335 1343 4379 ct
1374 4327 1579 4395 scripto
1617 4328 1742 4397 qui.

1857 3246 2028 3299 usque
2064 3233 2118 3286 in
2159 3236 2348 3304 viginti
2400 3240 2484 3293 vel
2537 3241 2780 3310 triginta,
2840 3258 3005 3316 prout
3058 3257 3425 3309 communiter

1852 3325 2153 3378 secundum
2190 3326 2337 3397 leges
2364 3339 2601 3395 tenetur,
2646 3343 3031 3393 connumerari
3074 3358 3197 3396 meo
3242 3349 3422 3413 placet

1853 3417 1903 3469 in
1930 3420 2105 3486 perio,
2133 3422 2228 3474 sed
2257 3425 2555 3479 secundum
2577 3444 2773 3482 novam
2795 3433 3248 3492 constitutionem
3272 3455 3421 3496 sem-

1852 3509 2066 3576 pitet'ne
2134 3515 2396 3569 memorie
2460 3518 2810 3582 imperatoris
2856 3534 2911 3577 et
2983 3528 3167 3581 dilecti
3241 3535 3422 3594 patrui

1855 3603 2071 3673 imperii
2141 3610 2267 3673 mei,
2310 3611 2518 3668 domini
2584 3616 2845 3673 Manuelis
2886 3619 3172 3688 Comnuni,
3223 3629 3420 3686 factam

1850 3696 1916 3749 de
1939 3699 2187 3766 judiriis,
2228 3718 2333 3770 que
2364 3705 2506 3758 inter
2529 3718 2822 3765 extraneos
2862 3724 2919 3767 et
2957 3716 3239 3789 indigenas
3272 3724 3422 3779 cives

1850 3804 1951 3840 Cn"
1962 3804 2213 3844 \‘Cl'SJlllll
2226 3811 2268 3848 ι’.

1920 3879 2146 3949 Insuper
2198 3896 2253 3937 et
2290 3886 2451 3940 alium
2507 3892 2834 3958 peticionem
2869 3897 3055 3966 sepius
3085 3899 3418 3961 declaratant

1849 3974 2260 4033 prudentissimi
2310 3977 2473 4046 legati
2504 3982 2569 4035 ad
2615 3998 2796 4038 meum
2844 3986 3093 4045 fecerunt
3126 3992 3415 4063 imperium

1842 4061 2200 4130 justissimam
2231 4076 2285 4120 et
2303 4084 2424 4123 meo
2440 4073 2831 4142 aeeeptabilem
2854 4076 3106 4147 imperio.
3133 4061 3413 4144 Petierunt

1848 4155 2021 4217 enim,
2056 4166 2112 4209 ut
2152 4156 2409 4214 Vcnetico
2445 4161 2497 4217 in
2548 4164 2729 4234 aliqua
2779 4169 3000 4239 regione
3044 4174 3260 4244 imperii
3310 4186 3412 4234 mei

1851 4247 2121 4300 moriente
2162 4250 2364 4305 nullam
2413 4257 2651 4320 praetori
2705 4256 2848 4313 terre
2878 4262 2945 4315 ad
2978 4264 3118 4319 bona
3172 4267 3409 4325 defuncti

1847 4337 2088 4391 Venetici
2117 4340 2231 4395 ﬁeri
2261 4346 2655 4413 accessionem,
2683 4351 2849 4406 inuno
2887 4357 3191 4412 secundum
3232 4363 3409 4429 placi-

161 4420 290 4472 dem
324 4418 430 4469 ﬁde
464 4416 629 4485 digno
655 4419 924 4469 existente
952 4417 1122 4471 actori
1154 4416 1443 4479 Venetico,
1490 4419 1742 4487 quamvis
1779 4440 1821 4495 ι)
1852 4439 1966 4481 tum
2020 4431 2206 4484 \‘cneti
2240 4434 2481 4490 defuncti
2516 4440 2636 4508 ejus
2683 4443 3069 4513 dispensentur
3115 4466 3203 4507 res
3231 4416 3313 4508 vel
3345 4464 3397 4510 al

160 4525 191 4561 a
220 4508 405 4561 Greco
429 4507 695 4561 tavuIario
717 4507 1008 4577 autjudice
1032 4508 1132 4561 veli
1159 4517 1213 4562 et
1243 4510 1744 4580 epituyppodromi,

162 4608 322 4652 aula
359 4597 612 4665 pontiﬁce
668 4598 752 4651 vel
803 4598 1065 4651 Venetico
1115 4599 1390 4652 tabulario
1445 4602 1524 4655 vel
1559 4603 1744 4671 judice

163 4692 235 4744 sit
269 4692 658 4759 compositum,
692 4692 996 4744 secundum
1024 4692 1129 4745 hoc
1163 4694 1354 4759 utique
1389 4710 1552 4748 causa
1590 4697 1742 4749 deci-

160 4783 352 4837 detur.
382 4782 602 4849 Seripto
628 4798 755 4836 vero
784 4784 961 4836 actori
997 4800 1103 4836 non
1132 4788 1418 4847 existente,
1442 4788 1741 4841 secundum

164 4876 348 4943 ipsum
372 4875 459 4942 jus
484 4883 539 4927 et
562 4885 715 4927 actor
745 4873 1041 4929 Venetieus
1084 4877 1445 4945 judicabttur,
1491 4887 1547 4931 et
1577 4882 1745 4933 dona-

164 4967 321 5019 bitur
350 4966 574 5034 quidem
610 4976 665 5019 tt
694 4975 883 5019 contra
912 4967 979 5019 ab
1002 4983 1067 5019 co
1106 4967 1282 5021 Greco
1316 4969 1621 5038 calumpnie
1657 4986 1744 5025 sa-

166 5068 535 5113 cramentum.
585 5057 872 5112 Jurabitur
929 5069 1111 5111 autem
1182 5069 1237 5113 et
1294 5062 1363 5113 ab
1395 5063 1513 5129 ipso
1566 5062 1742 5116 Greco

172 5154 357 5218 ipsum
405 5148 704 5202 decisiouis
776 5166 942 5204 cause
998 5163 1408 5206 sacramentum
1469 5160 1563 5217 tta,
1594 5156 1739 5223 quod

169 5244 436 5297 \‘t-uetico
495 5243 667 5311 possit
719 5245 929 5297 relerre
990 5258 1020 5297 e
1058 5254 1269 5298 contra.
1304 5246 1370 5299 Et
1440 5248 1742 5300 secundum

168 5346 486 5404 presentem
515 5337 746 5389 formam
797 5337 1074 5405 prescntis
1113 5338 1301 5406 scripti
1337 5338 1498 5408 hujus
1521 5340 1747 5409 chryso-

170 5428 281 5480 holi
349 5426 566 5493 imperii
635 5427 766 5489 mei,
825 5442 1080 5481 exnunc
1136 5439 1191 5482 et
1231 5429 1492 5497 deinct-ps
1547 5432 1742 5500 juditia

168 5521 520 5587 reccuniaria
568 5521 713 5572 inter
742 5520 1039 5576 Veneticos
1077 5533 1132 5576 et
1156 5520 1364 5577 Grecos
1395 5524 1739 5581 decidantur.

235 5612 494 5664 l‘reterea
539 5611 785 5679 quidem,
822 5613 867 5664 si.
921 5612 987 5666 de
1030 5614 1302 5668 seditione
1339 5615 1420 5669 vel
1476 5631 1742 5687 repugna-

231 5774 287 5834 (b'
303 5770 342 5820 ἶ·
378 5768 471 5821 t‘m
491 5779 538 5821 lc
580 5787 796 5839 pm'srs.

1848 4522 1971 4589 ejus
2009 4523 2554 4595 lidcicon'rntissariis,
2605 4536 2651 4586 si
2692 4542 3104 4597 testamentorie
3147 4548 3390 4617 contingi

1846 4630 1969 4666 eum
2005 4616 2225 4676 oblisse.
2262 4620 2342 4671 vel
2377 4620 2446 4673 ah
2478 4622 2582 4675 hiis
2619 4627 2710 4693 qui
2747 4631 3122 4696 reperirentur
3151 4648 3281 4692 tunc
3338 4616 3393 4693 lii)

1850 4706 2525 4781 Venetieis.Annuitigitur
2544 4715 2833 4785 imperium
2854 4737 3100 4780 tneumet
3116 4730 3414 4787 talieorum

1848 4804 2123 4868 peticioni,
2171 4817 2334 4875 cipe.
2381 4825 2606 4875 presens
2657 4798 2921 4872 scriptum
2976 4834 3111 4871 auro
3139 4821 3413 4889 signatum

1846 4895 2235 4963 clarysolrulum
2266 4900 2492 4954 verbum
2517 4905 2675 4971 jubet
2703 4922 2718 4958 :
2754 4909 2888 4960 nulli
2920 4909 2972 4961 itt
3004 4920 3113 4965 tota
3149 4913 3411 4968 Romanis

1846 4986 2071 5055 aliquod
2103 4990 2407 5046 dominium
2439 4999 2738 5059 exercenti,
2768 5000 2885 5054 sive
2920 5015 3140 5070 praeter
3188 5007 3413 5071 provin-

1850 5076 1920 5129 :ie
1958 5080 2049 5140 sit,
2087 5080 2198 5133 sive
2250 5084 2463 5137 villicus
2494 5090 2798 5150 personalis
2830 5093 2912 5144 vel
2965 5096 3280 5148 monasterii
3314 5112 3406 5150 aut

1845 5165 2084 5233 ipsorum
2146 5173 2458 5227 intimorum
2506 5191 2864 5247 cognatorum
2911 5184 3124 5253 imperii
3180 5190 3310 5249 mei,
3355 5200 3410 5244 et

1846 5258 2089 5325 ipsorum
2147 5265 2310 5317 etiam
2344 5266 2781 5324 felicissimorum
2831 5287 3327 5332 sevastocratorum
3359 5292 3408 5335 et

1841 5350 2104 5406 Ccsarutn
2142 5358 2226 5409 vel
2257 5357 2578 5412 dilectorqu
2615 5362 2912 5417 liberorum
2946 5367 3157 5434 imperii
3186 5371 3289 5424 mei
3315 5383 3409 5424 aut

1846 5443 2017 5511 ipsius
2043 5446 2395 5503 dilectissime
2436 5467 2552 5504 meo
2587 5453 2853 5523 Auguste,
2890 5457 3053 5511 licere
3098 5460 3211 5513 ullo
3248 5461 3410 5516 modo

1846 5534 1896 5585 in
1933 5534 2313 5592 Veneticorum
2345 5540 2730 5597 defunctorum
2770 5562 2857 5599 res
2886 5563 3079 5600 manus
3107 5551 3407 5617 inmittere,

1846 5633 1899 5674 et
1939 5627 2141 5695 aliquid
2174 5645 2237 5683 ex
2261 5631 2343 5685 eis
2370 5648 2543 5701 usque
2585 5634 2651 5687 ad
2683 5651 2849 5690 unum
2886 5637 3104 5693 ullulllltt
3139 5642 3404 5711 accipere,
