4236 6442
813 391 923 457 503
2112 395 2434 457 JOANNIS
2475 397 2728 458 Cl-IIL.’E

3957 396 4064 458 5m

800 495 922 549 ipse
947 494 1132 536 coram
1161 477 1371 550 synodo
1397 493 1710 536 sermonem
1739 480 1887 537 hunc
1919 484 2173 539 recitavit
2203 493 2297 539 aut
2319 484 2520 538 obtulit
2547 484 2617 539 de
2664 483 2905 540 tollendo
2929 481 3225 538 schismate
3253 483 3539 552 copiosum
3575 478 3737 553 atque
3761 481 4062 546 disertum,

799 583 858 627 et
880 571 1252 627 ecclesiastica
1283 570 1601 625 eruditione
1627 570 1888 640 plenum;
1922 574 2011 629 cui
2048 575 2245 628 similis
2271 582 2356 628 est
2390 573 2649 628 biethodii
2688 573 2940 627 monachi
2978 582 3262 635 tractatus,
3293 572 3491 628 eodem
3534 583 3780 642 tempore
3803 581 3861 626 et
3893 589 4063 627 oeca-

799 659 954 715 sione
982 659 1240 726 scriptus,
1264 666 1321 712 et
1346 671 1376 710 a
1407 656 1569 711 nobis
1594 656 1790 727 Script.
1819 669 1918 713 vet.
1951 670 1990 714 t.
2025 661 2091 715 Ill
2122 661 2325 715 editus.
2357 662 2538 728 Quare
2568 670 2798 730 utraque
2831 659 3143 715 lucubratio
3183 669 3412 730 propter
3439 660 3751 730 generalem
3790 659 4064 714 schisma-

808 756 924 800 tum
953 746 1415 814 vituperationem
1454 744 1612 800 valde
1643 747 1794 802 utilis
1835 748 2053 804 videtur
2093 757 2150 802 et
2180 750 2444 818 prudens.
2484 749 2579 805 Est
2618 747 2709 803 hic
2747 747 2998 817 opusculi
3031 747 3225 802 titulus
3261 755 3319 802 et
3352 746 3577 802 initium
3612 747 3668 801 in
3699 746 3891 801 codice
3933 746 4037 800 Vat

799 833 984 889 Ollob.
1016 833 1145 889 215.

796 1002 1020 1074 Joannis
1059 1003 1400 1074 metropolitw
1438 1003 1627 1074 Ephesi
1659 1005 1830 1059 oratio
1863 1007 2150 1073 composita
2185 1015 2369 1059 contra
2397 1003 2447 1063 Α

2397 1003 2447 1063 Α
2474 1003 2584 1058 Τοῦ
2607 1003 3054 1072 μητροπολίτου
3093 1000 3352 1074 Ἑφέσρυ
3377 1001 3665 1074 ΑἸῳάννου
3694 999 3882 1062 λόγος
3912 1013 4059 1074 qur.

867 1073 1258 1133 schisntaticos,
1293 1090 1356 1126 ea:
1390 1075 1604 1128 diversis
1638 1075 1923 1128 canonibus
1962 1083 2010 1128 et
2043 1076 2251 1140 scriptis
2283 1076 2371 1126 de-

872 1144 1340 1197 monstrationibus
1384 1146 1758 1213 comprobans.
1799 1146 1938 1213 quod
1976 1161 2094 1197 cum
2140 1144 2373 1198 Ecclesia

867 1220 942 1264 est
977 1214 1291 1276 orthodoxa,
1331 1215 1555 1267 absurde
1587 1214 1832 1268 nonnulli
1865 1215 1930 1269 ab
1965 1216 2065 1270 hac
2100 1218 2370 1269 secedunt.

869 1385 1018 1440 Nihil
1058 1395 1144 1441 est
1188 1390 1240 1441 in
1284 1389 1525 1444 humana
1569 1390 1678 1444 vita
1712 1389 1978 1444 charitate
2019 1391 2292 1446 excelsius
2319 1400 2375 1443 et

797 1478 1044 1544 suavius,
1074 1479 1214 1534 nihil
1250 1480 1306 1534 in
1347 1480 1481 1536 orbe
1517 1495 1650 1550 pace
1679 1489 1737 1535 et
1767 1481 2064 1536 concordia
2093 1481 2283 1536 utilius
2310 1497 2376 1536 ac

793 1571 1117 1641 jucundius.
1164 1572 1306 1626 Deus
1352 1573 1501 1626 enim
1541 1573 1785 1628 charitas
1825 1582 1912 1628 est
1947 1581 2002 1627 et
2041 1573 2372 1642 appellatur;

799 1677 904 1731 pax
931 1671 1116 1716 autem
1152 1663 1247 1716 Dei
1287 1673 1342 1717 et
1381 1665 1684 1719 secundum
1719 1667 1913 1728 Dettm,
1950 1679 2169 1718 omnem
2210 1664 2375 1719 intel-

800 1752 1002 1806 lectum
1036 1764 1282 1821 superat,
1318 1766 1379 1809 ut
1416 1755 1716 1824 Scriptura:
1747 1770 1848 1810 nos
1879 1755 2102 1809 docent.
2144 1755 2252 1809 Pax
2291 1753 2376 1807 ni-

801 1844 1003 1898 mirum
1027 1857 1082 1898 ct
1106 1845 1346 1902 charitas
1368 1847 1616 1902 Creatori
1649 1847 1994 1916 Dominoque
2019 1847 2287 1908 omnium,
2316 1855 2376 1900 ut

803 1937 973 1990 caelos
1004 1937 1297 1993 inclinaret
1327 1949 1491 2009 atque
1525 1940 1579 1994 in
1615 1949 1818 1994 terram
1854 1939 2216 1994 descenderet
2248 1953 2374 2006 per-

801 2039 1118 2084 suascrunt.
1147 2030 1548 2100 Descenditque.
1574 2047 1787 2100 reapse,
1811 2043 1868 2086 et
1893 2047 1994 2101 pro
2019 2030 2181 2086 nobis
2207 2041 2375 2100 atque

801 2121 868 2172 ad
908 2121 1326 2176 similitudinem
1359 2135 1604 2178 nostram
1625 2165 1639 2189 ,
1671 2133 1901 2194 excepto
1934 2134 2179 2193 peccato,
2210 2139 2376 2179 verus

802 2211 968 2266 homo
1003 2223 1088 2268 est
1117 2211 1328 2279 factus;
1361 2225 1526 2286 atque
1563 2217 1800 2271 humana
1834 2217 2020 2270 omnia
2045 2226 2100 2270 et
2127 2232 2294 2285 agens
2320 2224 2375 2270 et

805 2305 1034 2372 patiens,
1074 2305 1403 2378 propinquis
1429 2325 1583 2378 teque
1618 2325 1681 2363 ac
1715 2311 1942 2364 remotis
1984 2310 2132 2378 pacis
2171 2310 2372 2362 bonum
2411 2344 2448 2395 η

803 2395 1100 2450 nuntiavit.
1151 2397 1406 2462 Eisdem,
1448 2398 1566 2468 paci
1612 2398 1824 2453 scilicet
1861 2411 1914 2452 et
1961 2397 2248 2458 cbaritati,
2281 2413 2378 2466 ap-

803 2487 977 2555 prime
997 2489 1226 2542 studens
1251 2490 1604 2544 lidelissimus
1621 2491 1798 2562 gentis
1823 2499 2025 2546 nostrae
2059 2491 2374 2559 imperator,

801 2580 1129 2634 convocavit
1163 2589 1222 2636 ut
1267 2583 1498 2638 cernitis
1544 2582 1648 2638 hoc
1691 2583 1814 2638 loco
1850 2583 2167 2646 universos,
2224 2591 2282 2636 ut
2323 2592 2380 2638 et

804 2672 921 2739 ipse
955 2687 1078 2726 cum
1115 2674 1229 2728 Deo
1263 2676 1413 2744 pacis
1449 2675 1594 2730 bona
1627 2676 1791 2731 nobis
1821 2676 2134 2738 annuntiet,
2165 2689 2222 2730 et
2253 2675 2376 2730 diu-

805 2770 1020 2816 turnam
1049 2765 1464 2821 contentionem
1505 2766 1798 2831 dissolvat,
1834 2775 2000 2836 atque
2031 2767 2095 2822 ad
2139 2768 2372 2836 priscam

2544 1069 2734 1139 τεθεὶς
2755 1074 2905 1128 κατὰ
2929 1071 3344 1139 σχισματικῶν
3364 1071 3432 1123 ἐκ
3453 1070 3752 1137 διαφόρων
3777 1069 4060 1139 κανόνῳν

2546 1145 2644 1196 καὶ
2711 1136 3016 1211 ἷγραέρικῶἱ·
3073 1136 3464 1211 ξάποδείεεων
3519 1136 3885 1211 ἀποδεικνὺς
3929 1137 4057 1211 ⁸ὅτι

2546 1207 2993 1280 ὀρθοδοξόύσης
3025 1209 3135 1279 τῆς
3179 1211 3548 1278 Ἐκκὶησίας
3568 1209 3803 1275 ἀλόγως
3828 1207 4056 1271 ταύτης

2548 1281 2908 1336 διίστανται.

2546 1393 2712 1446 Οὐδὲν
2742 1393 2965 1463 ἀγάπης
2993 1394 3051 1446 ὲν
3076 1393 3177 1464 βίῳ
3203 1392 3478 1463 ἀνώτερον
3499 1393 3597 1445 καὶ
3633 1391 3928 1462 ήδύτερον,
3961 1392 4056 1447 καὶ

2475 1483 2626 1538 οὐδὲν
2654 1485 2878 1555 εἰρήνης
2901 1486 2997 1537 καὶ
3018 1485 3271 1552 ὁμονοίας
3296 1486 3356 1537 ἐν
3383 1485 3576 1554 κόσμῳ
3601 1483 4055 1550 λυσιτελέστερον

2478 1575 2573 1630 καὶ
2615 1577 3013 1646 τερπνότερον·
3049 1578 3240 1646 ἀγάπη
3284 1579 3393 1645 γὰρ
3436 1577 3466 1628 ὁ
3504 1576 3638 1638 Θεὸς
3689 1575 3811 1626 ὲστί
3851 1590 3916 1624 τε
3965 1575 4055 1625 καὶ

2477 1667 2838 1736 ὀνομάζεται·
2875 1668 2973 1720 καὶ
3004 1670 3038 1736 ή
3074 1668 3219 1721 κατὰ
3250 1669 3385 1721 Θεὸν
3419 1669 3614 1738 εἰρήνη
3649 1667 3746 1720 καὶ⁵
3784 1665 3881 1717 τοῦ
3919 1664 4055 1717 Θεοῦ

2478 1761 2655 1813 πάντα
2695 1759 2822 1814 νοῦν
2876 1761 3136 1832 ὑπερέχει
3175 1761 3251 1824 ὡς
3290 1758 3682 1829 δεδιδάγμεθα.
3732 1753 3914 1812 Αὖται
3962 1761 4054 1809 καὶ

2476 1853 2570 1906 τὸν
2603 1855 2954 1924 Δημιουργδν
2991 1856 3086 1908 καὶ
3107 1854 3396 1922 Δεσπότην
3432 1852 3541 1907 τῶν
3578 1852 3718 1906 ὅλων
3765 1850 3954 1904 κλῖναι
3997 1867 4054 1902 τε

2477 1948 2602 2009 τοὺς
2627 1948 2894 2017 οὐρανοὺς
2925 1948 3023 2001 καὶ
3055 1949 3148 2000 ἐπὶ
3178 1947 3282 2015 τῆς
3315 1947 3418 2015 γῆς
3452 1943 3760 2012 καταϐῆναι
3795 1942 4053 1995 κατέκει-

2477 2054 2599 2090 σαν.
2629 2040 2737 2092 Καὶ
2774 2039 2958 2108 μέντοι
3012 2039 3110 2092 καὶ
3139 2037 3508 2106 καταόέΰηκε,
3538 2035 3632 2089 καὶ
3660 2035 3784 2088 καθ’
3817 2035 3967 2102 ἡμᾶς
3989 2033 4053 2085 δι’

2474 2129 2625 2196 ἡμᾶς
2692 2130 2863 2198 χωρὶς
2920 2130 3197 2199 ἁμαρτίας
3258 2128 3381 2180 κατ’
3443 2125 3704 2196 ἀλήθειαν
3755 2122 4053 2192 ἄνθρωπος

2477 2219 2672 2286 γέγονε
2700 2237 2715 2250 ·
2756 2221 2850 2272 καὶ
2897 2221 3078 2274 πάντα
3113 2220 3182 2272 τὰ
3221 2220 3322 2288 μὲν
3356 2218 3586 2290 δράσας,
3613 2215 3686 2268 τὰ
3724 2215 3770 2267 δ’
3811 2216 4054 2274 uncatis;

2476 2310 2545 2362 τὰ
2575 2310 2922 2380 ἀνθρώπινα.
2944 2313 3057 2373 τοῖς
3089 2312 3256 2378 ἐγγὺς
3284 2314 3372 2362 καὶ
3409 2311 3521 2370 τοῖς
3549 2308 3771 2378 μακρὰν
3805 2305 3865 2357 τὸ
3891 2303 4054 2356 καλὸν

2474 2403 2578 2472 τῆς
2601 2403 2825 2472 εἰρήνης
2855 2403 3266 2470 εὐηγγελίσατο.
3294 2401 3514 2464 Ταύτας
3544 2402 3639 2454 καὶ
3667 2400 3698 2452 ό
3725 2397 4054 2455 πιστότατος

2475 2493 2572 2545 τοῦ
2605 2493 2797 2560 γένους
2825 2494 2983 2562 ήμῶν
3015 2492 3270 2563 βασιλεὺς
3299 2491 3459 2562 εἰπερ
3497 2509 3581 2553 τις
3611 2491 3804 2560 ἔτερος
3829 2489 4058 2556 ἀγαπή-

2478 2601 2600 2650 σας,
2643 2584 3021 2652 συγκαλεῐται,
3049 2586 3127 2647 ὡς
3160 2587 3349 2655 ὁρᾶτε,
3381 2585 3504 2647 τοὺς
3543 2583 3753 2644 πάντας
3790 2579 4057 2640 ἐνταῦθα,

2476 2675 2625 2736 ὅπως
2656 2674 2726 2726 ἂν
2759 2674 2896 2744 μετὰ
2937 2674 3031 2726 τοῦ
3077 2673 3218 2726 Θεοῦ
3253 2675 3348 2724 καὶ
3387 2673 3552 2733 αὐτὸς
3592 2672 3662 2724 τὰ
3689 2672 3792 2739 τῆς
3829 2671 4057 2739 εἰρήνης

2478 2768 2613 2834 ήμϊν
2637 2765 3062 2836 εὐαγγελίσηται
3088 2764 3269 2832 ἀγαθὰ
3291 2805 3306 2826 ,
3340 2767 3438 2817 καὶ
3463 2765 3553 2816 τὸν
3579 2763 3932 2830 πολυήμερον
3963 2761 4058 2811 τεὸ-

804 2853 1183 2913 discordantes
1204 2873 1392 2928 pacem
1421 2859 1669 2915 reducat.

2479 2857 2646 2926 )spov
2674 2855 2978 2926 καταλύσῃ,
3017 2857 3269 2926 καὶπρὸς
3304 2856 3401 2926 τὴν
3433 2855 3670 2924 ἀρχαίαν
3687 2855 3755 2906 τὰ
3785 2850 4055 2905 διεστῶτα

2481 2947 2807 3019 ἑπαναγάγῃ
2854 2949 3173 3017 συνάφειαν.

813 3176 818 3183 Ι
875 3097 1059 3168 Pergit
1096 3099 1296 3155 deinde
1323 3101 1594 3169 Ephesius
1627 3105 1911 3162 historiam
1939 3109 2296 3163 schismatum
2331 3109 2675 3164 diversarum
2717 3127 2814 3181 per
2851 3111 3039 3165 orbem
3077 3109 3458 3172 ecclesiarum,
3490 3115 3654 3174 atque
3691 3104 4059 3172 ipsorummet

807 3189 950 3245 'ntcr
981 3207 1040 3247 se
1071 3192 1386 3251 Graecorum
1421 3198 1690 3254 latissimo
1722 3215 1974 3258 sermone
2009 3203 2324 3259 describere
2359 3220 2421 3260 ac
2457 3205 2769 3274 deplorare,
2801 3218 2857 3260 et
2895 3220 3169 3275 canonum
3207 3204 3540 3270 Patrumque
3576 3207 3823 3252 veterum
3857 3204 4059 3248 aucto.

807 3281 967 3337 ritate
996 3284 1283 3355 castigare.
1323 3286 1549 3342 Summa
1579 3301 1765 3346 autem
1802 3297 2076 3350 sermonis
2104 3305 2208 3361 est,
2240 3306 2300 3352 ut
2328 3308 2490 3368 neget
2527 3298 2824 3366 Ephesius,
2861 3298 3027 3350 ullum
3062 3289 3302 3366 it‘nquam
3355 3292 3593 3348 schisma
3631 3291 3801 3344 licere
3838 3287 3949 3341 nisi
3982 3287 4057 3370 ob

802 3373 1114 3428 evidentem
1143 3390 1208 3430 ac
1231 3377 1532 3446 judicatam
1564 3380 1834 3436 hmreseos
1865 3398 2086 3437 causam
2115 3404 2128 3438 :
2162 3401 2287 3438 nam
2317 3397 2513 3441 uetera
2543 3387 2865 3456 ἐγκλήματα
2888 3388 2991 3441 etsi
3026 3387 3204 3456 poenis
3235 3381 3562 3438 vindicanda
3589 3389 3739 3441 sunt,
3771 3393 3885 3432 non
3919 3371 4060 3430 tantl

801 3479 923 3519 esse
957 3474 1137 3521 tamen
1171 3476 1232 3522 ut
1265 3469 1332 3525 ad
1361 3485 1636 3527 summum
1681 3475 2007 3529 secessionis
2039 3478 2244 3532 malum
2291 3494 2474 3548 comp:

2387 3479 2663 3548 npellaut;
2706 3478 2910 3533 nedum
2947 3479 3110 3533 liccat
3147 3479 3235 3532 διά
3267 3493 3418 3539 τινας
3455 3472 3844 3544 μικροψυχίας,
3888 3479 3952 3524 ut
3983 3470 4060 3522 an

803 3566 1030 3614 sanctus
1057 3561 1330 3627 Basilius,
1365 3573 1588 3632 propter
1627 3565 1839 3634 aliquas
1869 3567 2050 3636 pusilli
2080 3571 2245 3622 animi
2277 3569 2596 3624 allectiones
2628 3570 2711 3623 vel
2747 3569 3098 3630 acerbitates,
3133 3566 3428 3637 perniciem
3469 3573 3670 3618 tantam
3707 3560 3931 3631 pepulis
3960 3560 4059 3615 Dei

805 3655 1028 3712 inferre.
1071 3659 1186 3725 Qua
1221 3659 1472 3714 doctrina
1504 3660 1596 3714 ditt
1631 3660 1828 3715 tradita
1851 3703 1864 3722 ,
1899 3663 2065 3718 homo
2099 3663 2325 3720 Graecus
2360 3664 2772 3720 memorabilem
2813 3663 3126 3735 huiusmodi
3161 3660 3490 3717 sententiam
3525 3657 3660 3712 dicit
3689 3673 3703 3708 :
3737 3655 4060 3724 Σημεξωται

801 3746 1008 3810 ταῦτα,
1061 3750 1192 3812 ἴσως
1240 3749 1352 3820 γὰρ
1392 3749 1838 3820 ὠφεληθήσονται
1871 3753 1920 3805 oi
1967 3752 2154 3816 κακῶς
2186 3754 2263 3821 (1)
2307 3754 2556 3820 λέγοντες
2587 3754 2988 3824 ἀποσχισθῆναι
3035 3755 3182 3824 ἡμᾶς
3227 3751 3341 3806 ἀπὸ
3373 3749 3467 3802 τοῦ
3517 3747 3756 3817 Ῥώμης,
3806 3745 3918 3814 πρὸ
3964 3744 4060 3797 τοῦ

806 3845 1267 3914 καταδικασθῆναι
1299 3846 1460 3900 αὐτὸν
1490 3848 1584 3900 καὶ
1611 3849 1739 3910 τοὺς
1770 3849 1896 3919 περὶ
1926 3845 2091 3902 αὑτὸν
2120 3849 2198 3914 ὡς
2229 3850 2479 3921 κακόφρο

2385 3869 2592 3921 ρρονας.
2625 3851 2763 3905 Νοια
2790 3855 2927 3904 hanc
2954 3850 3272 3912 doctrinam,
3305 3865 3422 3917 qua:
3441 3848 3665 3916 fortasse
3689 3845 3760 3898 eis
3791 3843 4058 3912 proderit,

805 3940 892 4006 qui
913 3953 1012 3990 nos
1029 3938 1203 4004 inique
1225 3939 1450 3992 schisma
1480 3939 1663 4008 fecisse
1692 3941 1842 3992 aiunt
1872 3958 1904 3993 a
1939 3940 2180 3994 Romano
2205 3942 2472 4012 pontiﬁce,
2502 3951 2626 3996 ante
2651 3960 2812 4012 quam
2839 3943 3112 4010 deﬁnitum
3141 3944 3230 4004 sit,
3260 3940 3340 3994 vel
3366 3941 3533 4009 ipsum
3569 3939 3653 3992 vel
3675 3939 3791 4006 ejus
3820 3938 4059 3990 asseclas

807 4042 1026 4093 pravam
1067 4026 1256 4097 dogma
1299 4031 1491 4096 fovere.
1535 4028 1682 4084 Bene
1709 4027 1826 4084 haec
1873 4029 2109 4094 habent;
2151 4031 2513 4086 nihilominus
2541 4033 2612 4087 ob
2641 4048 2706 4088 ea
2736 4049 2859 4102 qua:
2903 4033 3040 4087 dicit
3069 4031 3109 4086 l.
3139 4031 3211 4084 ‘25
3254 4031 3320 4094 ι),
3362 4029 3746 4085 schismaticus
3780 4027 4062 4098 Ephesius

807 4121 1116 4175 credendus
1157 4133 1261 4178 est.
1301 4125 1380 4178 lbi
1417 4126 1561 4179 enim
1604 4125 1792 4180 laudat
1835 4126 2243 4190 Andronicum,
2290 4129 2434 4196 quod
2481 4128 2713 4198 adeptus
2752 4138 3069 4197 sceptrum,
3121 4128 3268 4181 illico
3311 4125 3548 4194 patrium
3589 4123 3667 4192 (id
3712 4133 3798 4176 est
3839 4123 4060 4189 patrim)

805 4213 1000 4282 dogma
1037 4215 1315 4283 professus
1347 4217 1437 4282 sit,
1472 4218 1668 4286 quovis
1696 4217 1804 4274 alio
1840 4219 1915 4272 ob
1943 4219 2389 4288 peregrinitatem
2422 4221 2666 4281 excluso,
2702 4228 2759 4273 et
2794 4220 2942 4289 quod
2973 4234 3194 4273 onmem
3225 4219 3524 4272 novitatem
3566 4213 4063 4283 corruptelamque

805 4309 1070 4363 doctrinae
1101 4309 1400 4379 ahjccerit,
1446 4319 1589 4376 etc.;
1625 4313 1828 4382 quibus
1858 4313 2042 4368 verbis
2081 4316 2317 4369 reditum
2353 4314 2650 4370 Andronici
2685 4313 2753 4368 ad
2788 4313 3025 4370 schisma
3063 4319 3187 4380 post
3219 4311 3502 4367 Michaelis
3534 4309 3780 4380 parentis
3818 4309 4059 4370 obitum,

806 4402 898 4470 qui
931 4417 1077 4455 anno
1109 4402 1339 4470 contigit
1375 4402 1530 4468 1282,
1563 4404 1872 4473 significare
1901 4420 1964 4459 ac
1999 4405 2282 4459 dilaudare
2313 4406 2552 4459 videtur.

880 4493 1109 4561 Reliqua
1139 4493 1354 4556 omitto,
1389 4509 1510 4562 qua:
1541 4495 1710 4547 multa
1747 4495 1800 4546 in
1833 4493 2016 4548 medio
2045 4503 2196 4560 sunt,
2229 4494 2406 4549 donec
2437 4495 2578 4549 infra
2611 4495 2651 4549 l’.
2681 4495 2750 4548 l3
2780 4493 2848 4548 de
2882 4492 3174 4562 prudentia
3202 4491 3579 4547 ecclesiastica
3609 4489 3806 4544 scribit
3835 4499 4060 4550 auctor,

807 4581 955 4648 quod
982 4595 1179 4649 nempe
1214 4582 1544 4637 necessitate
1571 4594 1668 4637 aut
1706 4582 1756 4635 vi
1788 4584 1940 4652 gravi
1973 4583 2154 4652 aliqua
2189 4593 2419 4654 urgente
2453 4584 2700 4654 (excepta
2733 4583 2948 4637 ratione
2980 4582 3129 4652 lidei)
3159 4581 3228 4636 de
3269 4581 3463 4636 stricto
3497 4595 3773 4634 canonum
3803 4582 3932 4650 jure
3965 4583 4062 4637 dc-

808 4672 1126 4728 clinandum
1163 4673 1265 4732 sit.
1299 4689 1388 4734 ne,
1416 4675 1544 4729 dum
1574 4685 1780 4744 partem
1823 4676 2106 4730 mordicus
2135 4688 2320 4732 tenere
2355 4677 2633 4742 volumus,
2666 4691 2936 4732 summam
2969 4677 3283 4745 perdamus.
3313 4675 3484 4741 Quam
3517 4674 3848 4729 sententiam
3879 4675 4058 4728 sancti

807 4762 998 4834 Cyrilli
1037 4763 1364 4817 auctoritate
1399 4765 1686 4818 conﬁrmat
1726 4765 1877 4818 brevi
1909 4766 2149 4834 Epistula
2180 4765 2247 4820 ad
2282 4767 2626 4823 Gcnnadium
2670 4768 3191 4830 archimandritatn,
3233 4782 3355 4836 qum
3393 4767 3536 4819 inter
3569 4766 3746 4819 editas
3787 4774 3876 4818 est
3916 4775 3959 4818 t.
3998 4766 4058 4825 ν,

810 4865 952 4926 part.
985 4871 1042 4913 II.
1083 4870 1138 4922 p.
1185 4857 1306 4910 illi.
1341 4857 1460 4910 Mox
1503 4858 1776 4926 Ephesius
1807 4857 2160 4927 prosequitur
2204 4875 2363 4914 suum
2406 4863 2747 4930 prepositum
2789 4860 3024 4914 diversis
3067 4859 3330 4925 exemplis
3371 4858 3670 4921 roborare,
3717 4857 4058 4926 recitataque

809 4961 962 5019 parte
991 4949 1248 5018 Epistolze
1271 4951 1498 5006 Joannis
1522 4952 1633 5005 Vlll
1661 4966 1812 5021 papa:
1835 4953 1902 5006 ad
1934 4953 2190 5008 Basiliam
2225 4954 2610 5024 imperatorem
2633 4969 2754 5023 quze
2780 4953 2832 5007 in
2861 4954 3126 5008 Pbotiana
3169 4952 3380 5024 synodo
3409 4952 3630 5021 legitur,
3657 4949 3726 5004 de
3751 4950 4063 5019 antiquatis

810 5041 999 5094 multis
1028 5041 1099 5094 ob
1135 5053 1383 5108 tempora
1423 5051 1630 5096 mutata
1661 5044 1967 5097 cauonibus
1996 5043 2253 5107 disserit;
2290 5060 2455 5113 quam
2487 5043 2813 5112 particulam
2849 5045 2972 5100 ideo
3003 5045 3270 5100 libentius
3306 5044 3393 5099 hic
3423 5043 3701 5104 recitabo,
3741 5043 3878 5112 quia
3920 5043 4058 5096 dua-

811 5150 932 5187 rutn
968 5132 1286 5188 Latinorum
1316 5150 1588 5188 canonum
1621 5135 2008 5190 collectionum
2041 5135 2338 5189 summaria
2367 5137 2473 5190 hoc
2503 5134 2782 5188 volumine
2808 5133 2992 5197 edidi;
3025 5133 3383 5204 quantumvis
3405 5133 3554 5186 enim
3587 5131 3719 5186 boni
3751 5133 3866 5185 sint
3897 5132 3939 5184 ii
3970 5147 4062 5186 ca-

812 5245 986 5283 nones
1007 5243 1073 5282 ac
1103 5229 1352 5298 plerique
1383 5231 1568 5290 utiles,
1601 5244 1708 5281 non
1736 5231 1811 5283 ita
1837 5239 1990 5283 certe
2023 5239 2152 5284 sunt
2185 5229 2495 5284 immobiles
2524 5240 2691 5298 atque
2724 5227 2852 5292 rati,
2883 5237 2944 5283 ut
2973 5242 3070 5282 eos
3097 5227 3356 5282 Ecclesiae
3380 5226 3707 5290 auctoritas,
3739 5240 3842 5295 pro
3873 5243 4061 5281 rerum

814 5333 1230 5388 temporumque
1262 5320 1556 5386 adjunctis,
1589 5321 1805 5372 variare
1839 5319 2143 5387 prudenter
2177 5329 2435 5390 nequeat.

882 5411 964 5466 Eu
995 5410 1160 5465 verba
1192 5409 1411 5476 Ephesii
1447 5411 1570 5464 cod.
1603 5411 1730 5474 ‘2l5,
1766 5409 1806 5462 l'.
1835 5410 1976 5463 202:

885 5591 962 5656 ll)
997 5592 1073 5645 Ita
1125 5593 1178 5644 in
1227 5589 1349 5644 cod.
1405 5587 1510 5642 2'25
1560 5585 1599 5639 l.
1652 5589 1738 5648 ll),
1789 5589 1842 5642 b.
1891 5589 1957 5641 At
2005 5587 2057 5641 itt
2108 5589 2230 5641 cod.
2281 5591 2384 5642 9.15

819 5662 1013 5723 καλῶς.
1049 5662 1302 5715 Attamen
1335 5660 1388 5710 itt
1425 5659 1698 5710 contrario
1727 5657 1986 5712 adverbio
2017 5660 2159 5711 idem
2193 5668 2372 5712 tuatth

818 5746 1033 5794 sensus,
1073 5731 1165 5799 qui
1197 5748 1225 5783 a
1264 5726 1698 5795 pra-cedentibus
1729 5729 2142 5788 determinalur,
2181 5744 2372 5799 uetupc

821 5800 966 5871 quod
1000 5797 1125 5858 ante
1166 5803 1330 5855 latam
1377 5799 1643 5851 hxrcseos
1686 5800 2010 5853 sententiam
2060 5813 2165 5851 non
2212 5797 2371 5852 liceat

2492 5607 2521 5643 a
2556 5608 2656 5644 suo
2687 5600 2900 5660 pastore
2928 5591 3233 5644 discedere.
3266 5591 3320 5643 Si
3353 5587 3530 5651 καλῶς
3563 5590 3756 5649 mavis.
3791 5588 3882 5642 dic
3912 5607 3927 5641 ε
3960 5593 4067 5642 hac

2483 5660 2723 5714 doctrina
2764 5665 2984 5730 [ortasse
3022 5663 3084 5715 iis
3119 5662 3347 5727 proderit
3391 5661 3470 5724 (id
3510 5669 3581 5712 est
3620 5675 3704 5714 eos
3741 5660 4068 5730 emendata)

2484 5734 2570 5800 qui
2600 5749 2692 5785 nos
2724 5742 2857 5786 recte
2887 5732 3180 5786 discessisse
3209 5732 3379 5796 aiunt,
3397 5737 3500 5784 etc.
