4236 6442
230 315 330 380 513

1128 319 1226 380 DE
1270 319 1622 380 CORPORE
1663 320 1758 378 ET
1794 317 2196 378 SANGUINE
2233 321 2582 383 CHRISTI.

3377 329 3484 393 5M

231 435 391 496 αὑτός
435 436 586 486 ἐστιν
617 439 643 487 ὁ
673 439 732 486 ἐκ
767 437 844 504 μὴ
879 435 1029 496 ὄντος
1089 439 1166 497 εἰς
1221 435 1282 486 τὸ
1313 431 1453 487 εἶναι
1513 433 1579 486 τά
1631 433 1806 486 πάντα
1839 443 1878 492 Λ

1839 443 1878 492 Α
1910 442 2090 485 essunt
2149 434 2312 486 fecit?
2361 435 2512 489 Unus
2566 435 2731 487 trium
2780 451 3135 504 personarum
3174 438 3494 495 Divinitatil

224 526 590 594 παραγαγὼν,
615 529 642 578 ὁ
670 524 747 588 είς
775 529 870 595 τῆς
919 528 1348 594 τρισυποστάτου
1380 526 1654 595 θεότητος,
1713 525 1802 577 ἐπ’

222 619 472 684 ἐσχάτων
490 617 601 670 τῶν
649 617 856 686 χρόνων
882 616 1210 686 σαρκωθεὶς,
1236 617 1332 668 καὶ
1369 618 1397 669 ὁ
1423 616 1512 667 τὸν
1541 615 1704 684 ἀρτον
1723 616 1802 676 είς

1911 526 2001 591 qui
2039 525 2330 592 postremis
2356 527 2699 604 temporibus
2724 526 3043 583 incarnatus
3071 542 3176 594 est,
3206 542 3260 585 et
3285 547 3487 601 panem

1913 613 1969 667 in
1995 630 2152 666 sumu
2191 631 2392 678 Corpus
2455 619 3042 688 transmutarijussit?
3069 622 3212 687 Quid
3245 623 3485 693 requiris

218 709 462 761 τὶαύτοῦ
484 711 648 779 σῶμα
667 709 1100 778 μεταϐάλλεσθαι
1117 707 1527 778 προστεταχὼς;
1547 706 1613 759 Τί
1639 707 1802 760 πάλιν

1908 720 2129 759 causam
2157 717 2212 759 et
2249 707 2498 761 ordinem
2535 719 2768 774 naturae,
2803 711 2966 780 panis
3008 715 3483 770 transmutationis

218 805 405 868 ζητεῖς
433 806 618 857 αἰτίαν
642 805 733 857 καὶ
763 804 913 866 τάξιν
948 804 1162 870 φύσεως
1192 802 1290 871 τῆς
1319 801 1413 853 τοῦ
1435 802 1598 870 ἄρτου
1633 817 1799 867 μετα-

219 895 383 962 ϐολῆς
439 898 518 957 εἰς
550 896 610 947 τὸ
636 895 730 947 τοῦ
757 894 991 962 Χριστοῦ
1018 895 1197 961 σῶμα,
1230 893 1325 945 καὶ
1365 892 1458 944 τοῦ
1484 891 1675 953 ὓδατος
1707 891 1799 943 καὶ

217 989 360 1038 οἴνου
391 988 474 1048 εἰς
503 980 663 1055 αἷμαο
692 988 813 1038 ἐπεὶ
846 985 989 1054 ὑπὲρ
1026 986 1186 1052 φύσιν
1221 985 1314 1036 καὶ
1356 984 1512 1051 λόγον
1549 985 1644 1035 καὶ
1675 983 1799 1034 νοῦν

219 1081 310 1128 καὶ
333 1077 550 1129 ἔννοιαν
596 1079 660 1128 ὲκ
698 1075 976 1146 Παρθένου
1022 1076 1256 1144 ἑτέχοης
1307 1074 1655 1144 Ἀπιστήσεις
1691 1074 1798 1140 ἄρα

220 1169 308 1218 καὶ
337 1167 439 1236 τὴν
471 1168 535 1217 ὲκ
568 1165 777 1236 νεκρῶν
807 1166 1124 1227 ἀνάστασιν,
1179 1165 1275 1216 καὶ
1300 1165 1398 1232 τὴν
1428 1165 1506 1225 εἰς
1536 1163 1799 1229 οὐρανοὺς

219 1258 382 1310 αὑτοῦ
436 1257 726 1326 ἀνάληψιν,
776 1257 869 1309 καί
937 1257 1106 1309 τᾶλλα
1143 1257 1236 1307 τοῦ
1267 1257 1508 1326 Χριστοῦ
1539 1254 1793 1320 θαύματα

221 1350 357 1417 ὑπὲρ
403 1350 596 1415 φύσιν,
637 1348 732 1401 καὶ
759 1345 885 1400 νοῦν
917 1349 1012 1399 καὶ
1052 1347 1261 1401 ἔννοιαν
1315 1350 1464 1400 ὅντα.
1515 1347 1684 1398 Τοῦτό
1713 1363 1794 1398 σοι

230 1440 449 1508 γίνεται,
497 1441 576 1491 ὅτι
630 1443 720 1491 τὸν
775 1439 1030 1509 Χριστίν,
1087 1439 1148 1490 οὐ
1201 1439 1334 1491 Θεὸν
1398 1438 1652 1506 ἀληθινὸν
1699 1438 1793 1490 καὶ

227 1531 342 1583 Υἰὸν
364 1531 462 1582 τοῦ
489 1529 625 1582 Θεοῦ
648 1529 950 1598 ὁμολογεῖς,
983 1528 1099 1584 ἀλλ’
1122 1528 1476 1600 ἀρειανίζεις,
1512 1529 1711 1597 μᾶλλον
1739 1527 1794 1579 δὲ

221 1622 536 1686 ἱαυδαῖξεις.

296 1715 441 1766 Ἀλλ’
482 1718 612 1777 τσως
650 1713 810 1767 πάλιν
834 1713 1198 1784 ἀμφιϐάλλεις
1232 1713 1324 1765 καὶ
1382 1716 1654 1776 ἀπιστεῖς,
1711 1715 1791 1765 ὅτι

1912 797 1966 849 in
1995 797 2202 851 Christi
2242 815 2464 866 corpus,
2497 810 2552 853 et
2583 816 2736 869 aquze
2774 803 2851 872 (‘2)
2888 804 3112 872 vinique
3162 807 3216 860 in
3256 807 3486 876 sangui-

1911 903 2072 953 nem;
2123 905 2246 942 cum
2279 907 2445 959 supra
2478 902 2751 955 naturam,
2796 895 3095 959 rationem,
3119 905 3380 960 mentem,
3421 907 3479 953 et

1908 980 2319 1049 cogitationem,
2366 998 2428 1036 ex
2489 983 2708 1053 Virgine
2765 986 2834 1039 sit
2892 988 3086 1041 natus?
3119 989 3485 1045 Nona-edes

1905 1067 2092 1136 itaque
2142 1085 2245 1124 nec
2299 1084 2642 1127 mortuorum
2711 1079 3199 1145 resurrectionem,
3261 1095 3364 1134 nec
3419 1081 3476 1134 in

1907 1162 2079 1215 ccelos
2108 1163 2227 1231 ejus
2257 1166 2714 1234 assumptiouem,
2749 1177 2805 1221 et
2842 1169 2948 1222 alia
2973 1167 3180 1225 Christi
3215 1173 3480 1228 miracula

1904 1265 2068 1319 supra
2092 1263 2363 1318 naturam,
2398 1266 2634 1310 mentem
2659 1269 2712 1312 et
2741 1261 3126 1329 cogitationem
3154 1264 3474 1320 eminentia.

1907 1342 1962 1394 Id
1996 1343 2094 1396 tibi
2127 1346 2346 1409 accidit,
2388 1349 2536 1415 quod
2563 1349 2876 1414 Christum,
2929 1368 3036 1404 non
3074 1354 3241 1407 Deum
3284 1369 3479 1409 verum

1905 1443 1972 1484 ac
1997 1430 2192 1486 Filium
2218 1435 2316 1488 Dei
2339 1435 2639 1502 confiteris,
2665 1439 2756 1493 sed
2786 1440 3152 1496 Arianismum
3183 1445 3265 1498 vel
3291 1449 3484 1515 potius

1897 1523 2237 1578 Judaismum
2272 1528 2488 1596 recipis.

1973 1699 2041 1753 At
2094 1699 2346 1755 fortassis
2396 1701 2616 1758 dubitas
2669 1706 3003 1777 minimeque
3056 1707 3259 1777 credis,
3318 1711 3473 1781 quod

216 1807 313 1873 οὐχ
373 1806 512 1874 ὁρᾷς
545 1771 724 1873 σάρκα
776 1771 887 1856 καὶ,
928 1771 1092 1874 αἷμα,
1151 1771 1266 1856 ἀλλ’
1309 1803 1475 1875 ἄρτον
1506 1771 1790 1855 καὶγοῖνον.
1831 1771 1867 1825 Β

1831 1771 1867 1825 Β
1899 1805 2008 1844 non
2044 1792 2234 1846 videas
2274 1809 2495 1847 carnem
2545 1806 2601 1850 et
2630 1771 2972 1868 sanguinem,
3032 1801 3128 1855 sed
3183 1771 3380 1872 panem
3411 1813 3472 1860 et

216 1889 426 1963 ΙΙερίοἶ
448 1894 650 1946 εἰδέναι
685 1910 742 1944 σε
761 1891 889 1962 χρὴ,
922 1893 1186 1962 ἀχάριστε
1217 1892 1312 1945 καὶ
1339 1891 1636 1960 ἀγνώμων,
1667 1894 1794 1958 περί

213 1988 300 2038 τὸν
331 1987 660 2056 εὐεργέτην,
692 1986 773 2037 ὅτι
817 1987 844 2037 ὁ
883 1984 952 2038 τὰ
986 1985 1164 2036 πάντα
1196 1983 1353 2047 εἰδὼς
1394 1983 1544 2048 Θεὸς,
1604 1986 1793 2050 φιλαν-

212 2078 566 2147 θρωπότατος
622 2073 719 2140 ῶν,
773 2076 1135 2144 οἰκονομικῶς
1191 2075 1350 2128 τοῦτο
1400 2075 1650 2143 ἐποίησε,
1722 2077 1787 2142 τῇ

211 2168 551 2240 ἀνθρωπίνῃ*
580 2166 836 2236 ἀσθενείᾳ
881 2166 1362 2234 συγκαταϐαίνων,
1427 2167 1514 2218 ἵνα
1554 2165 1626 2234 μὴ
1653 2167 1788 2217 ἀπο-

215 2260 562 2329 στρέφωνται
601 2260 652 2310 οἰ
701 2258 883 2311 πολλοὶ
936 2258 1028 2310 τὸν
1084 2257 1379 2328 ἀρραϐῶνα
1441 2257 1540 2325 τῆς
1573 2259 1790 2308 αἰωνίου

211 2352 382 2420 ζωῆς,
415 2352 511 2402 καὶ
539 2350 701 2420 δυσχε
715 2349 961 2419 ραίνωσι,
991 2349 1172 2417 σάρκα
1197 2351 1290 2400 καὶ
1309 2344 1448 2417 αἷμα
1483 2348 1789 2416 βλέποντες.

210 2443 300 2494 Διὸ
320 2443 414 2495 διὰ
429 2441 538 2494 τῶν
562 2439 977 2510 συνηθεστέρων
997 2441 1094 2508 τῆς
1113 2441 1328 2508 φύσεως
1357 2441 1515 2492 τοῦτο
1548 2439 1791 2505 γίνεσθαι

209 2532 520 2602 ἠϐουλήθη,
587 2531 856 2597 συζεύξας
907 2532 1092 2594 αὐτοῖς
1162 2534 1259 2601 τὴν
1310 2531 1478 2583 αὑτοῦ
1537 2531 1788 2598 θεότητα,

214 2623 404 2676 Τοῦτό
426 2623 559 2675 ἐστι
586 2622 651 2675 τὸ
679 2621 851 2690 σῶμά
870 2640 1009 2690 μου,
1039 2621 1134 2675 καί
1161 2637 1174 2650 ·
1206 2623 1386 2675 Τοῦτό
1409 2623 1540 2674 ἐστι
1558 2622 1622 2673 τὸ
1645 2615 1788 2689 αῖμά

207 2734 347 2784 μου,
376 2716 582 2778 εἰπών’
657 2715 774 2781 καὶ,
833 2716 1077 2774 Λάϐετε,
1117 2714 1356 2783 φάγετε,
1393 2715 1487 2766 καί
1532 2715 1694 2765 πίετε
1721 2713 1790 2776 ἐξ

206 2807 405 2862 αὑτοῦ
435 2807 660 2871 πάντες
700 2808 788 2869 εἰς
825 2805 1046 2873 ἄφεσιν
1076 2804 1397 2874 ἁμαρτιῶν·
1461 2808 1556 2857 καὶ
1604 2805 1788 2856 πάλιν·

218 2902 274 2952 Ὁ
293 2899 477 2966 ἄρτος
506 2897 576 2950 ὃν
599 2896 714 2965 ἐγὼ
738 2896 932 2960 δώσω,
967 2896 1005 2962 ἡ
1028 2896 1186 2963 σάρξ
1206 2911 1327 2965 μου
1351 2897 1542 2957 ἐστὶν,
1578 2895 1658 2963 ῆν
1677 2894 1790 2964 ἐγὼ

206 2990 385 3042 δώσω
401 2987 556 3055 ὑπὲρ
596 2986 708 3053 τῆς
740 2986 846 3040 τοῦ
877 2987 1110 3054 κόσμου
1142 2984 1320 3052 ζωῆς-ο
1356 2986 1450 3037 καί
1476 3000 1490 3015 υ
1536 2984 1672 3036 Ἐὰν
1698 2987 1785 3052 μὴ

1898 1888 2112 1936 vinum.
2174 1884 2287 1950 Qua
2341 1885 2409 1939 de
2442 1901 2507 1941 re
2557 1889 2699 1942 scias
2752 1899 2988 1958 oportet,
3027 1900 3082 1946 tu
3121 1894 3214 1962 qui
3252 1895 3467 1966 ingrato

1899 1973 2200 2043 iniquoque
2231 1977 2416 2030 animo
2440 1993 2564 2048 erga
2598 1981 2904 2036 beneﬁcum
2927 1984 3158 2040 affectus
3183 1977 3261 2048 es,
3295 1986 3465 2041 Deum

1895 2065 1988 2132 qui
2016 2066 2196 2118 omnia
2234 2069 2406 2132 novit,
2460 2071 2583 2122 cum
2637 2071 3065 2129 humanissimus
3099 2077 3191 2142 sit,
3231 2077 3464 2146 provide

1898 2153 2000 2207 hoc
2033 2154 2250 2215 iecisse,
2281 2155 2348 2208 ad
2387 2157 2670 2212 hominum
2701 2162 3134 2219 imbecillitatem
3167 2181 3225 2220 se
3265 2167 3466 2222 demit—

1897 2254 2122 2308 tentem,
2148 2261 2215 2300 ne
2241 2259 2628 2304 aversarentur
2664 2253 2820 2306 multi
2851 2255 3214 2310 arrhabonem
3248 2267 3463 2315 acterna:

1895 2338 2040 2399 vitae,
2093 2347 2147 2389 et
2194 2354 2338 2408 :egre
2367 2341 2594 2404 ferrent,
2628 2358 2850 2398 carnem
2900 2354 2956 2400 et
3006 2348 3328 2416 sanguinem
3381 2350 3465 2403 iu-

1901 2437 2139 2483 tucntes.
2199 2430 2389 2499 Itaque
2437 2433 2604 2486 rebus
2656 2443 2865 2488 natura}
2898 2437 3180 2492 consuetis
3207 2439 3313 2493 hoc
3343 2439 3462 2494 ﬁeri

1897 2517 2088 2582 voluit,
2115 2517 2200 2574 his
2222 2535 2375 2574 suam
2399 2521 2737 2576 divinitatem
2764 2525 3120 2594 conjungens,
3141 2542 3266 2581 cum
3288 2527 3460 2581 dixit:

1898 2606 2012 2660 Hoc
2058 2619 2133 2662 est
2168 2626 2356 2680 corpus
2394 2628 2602 2678 meum;
2633 2621 2687 2668 et
2724 2630 2740 2666 :
2773 2615 2868 2668 Hic
2917 2626 2992 2668 est
3039 2619 3255 2687 sanguis
3286 2635 3464 2684 meus,-

1895 2709 1950 2753 ct
1995 2718 2007 2752 :
2063 2702 2313 2769 Accipite,
2363 2705 2634 2766 comeditc,
2670 2717 2718 2758 st
2755 2705 2913 2759 bibite
2962 2723 3026 2761 at:
3069 2723 3129 2760 eo
3174 2724 3375 2773 omnes,
3408 2712 3473 2763 in'

1898 2792 2251 2843 remissionem
2299 2801 2668 2861 peccatorum;
2709 2803 2766 2847 et
2810 2810 3027 2850 rursum
3061 2814 3077 2850 ι
3114 2797 3278 2852 Panis
3309 2813 3473 2869 quas

1892 2898 1986 2950 ego
2017 2882 2169 2946 dabo,
2205 2900 2329 2935 caro
2366 2901 2480 2936 mea
2526 2894 2622 2949 est,
2674 2901 2832 2952 quam
2863 2902 2955 2958 ego
2990 2890 3123 2943 dabo
3157 2907 3252 2960 pro
3279 2890 3473 2948 and.»

1894 2972 2036 3034 vita;
2062 2981 2116 3024 et
2151 2988 2163 3024 :
2200 2970 2315 3024 Nisi
2364 2974 2686 3027 manducetis
2727 2991 2940 3028 carnem
2984 2976 3104 3032 Filii
3132 2980 3378 3042 hominis,
3411 2991 3460 3034 ct

205 3080 442 3148 φάγητε
468 3078 586 3145 τὴν
610 3077 810 3146 σάρκα
837 3079 944 3131 τοῦ
990 3077 1127 3130 Υιοῦ
1181 3078 1290 3163 τοῦ
1305 3076 1642 3143 ἀνθρώπου,
1688 3077 1787 3128 καί
1819 3108 1860 3163 c

1784 3095 1787 3124 ty
1819 3108 1860 3163 Ο
1895 3062 2078 3114 bibatis
2111 3063 2221 3128 ejus
2254 3066 2587 3134 sanguinem,
2618 3081 2721 3117 non
2764 3068 2963 3120 habetis
2994 3069 3154 3120 vitam
3196 3070 3252 3121 in
3289 3070 3457 3123 vobis.

203 3174 385 3238 πίητε
409 3163 597 3224 αὐτοῦ
622 3170 687 3223 τὸ
726 3164 890 3237 αἷμα,
914 3171 1025 3222 οὐκ
1059 3170 1230 3236 ἔχετε
1259 3155 1412 3235 ξωὴν
1440 3169 1509 3220 ἐν
1532 3167 1789 3230 ἑαυτοῖς.

210 3265 396 3319 Τοῦτο
426 3262 652 3315 ποιεῖτε
679 3264 761 3327 εἰς
792 3261 909 3327 τὴν
927 3262 1082 3329 ἐμὴν
1115 3260 1482 3328 ἀνάμνησιν.
1510 3260 1611 3311 Διά
1635 3258 1793 3311 τοῦτο

203 3356 357 3426 αὑτῷ
387 3356 764 3417 πιστεύοντες,
783 3352 928 3405 οὕτω
948 3353 1330 3422 προσφέρομεν
1362 3353 1526 3420 ἄρτον
1556 3352 1783 3416 τέλειον,

202 3447 411 3511 ζῶντα,
440 3446 621 3498 είτουν
676 3444 836 3513 σῶμα
895 3445 1134 3511 Χριστοῦ
1168 3444 1400 3506 τέλειον,
1435 3443 1527 3493 καί
1569 3441 1707 3508 μετά
1730 3442 1790 3492 τὸ

204 3537 384 3599 πάθος
415 3536 826 3605 διαμεμενηκὸς
852 3535 947 3587 καὶ
977 3534 1296 3603 ὀλόκληρον·
1316 3533 1436 3585 οὐδὲ
1473 3534 1580 3600 γὰρ
1598 3530 1790 3584 ὀστοῦν

201 3629 374 3682 αὐτοῦ
413 3627 707 3697 συνετρίϐη
733 3641 748 3656 ο
808 3625 902 3679 καί
945 3626 1048 3693 τῆς
1080 3624 1232 3686 Θείας
1278 3622 1424 3692 ζωῆς
1458 3624 1785 3691 ἀχώριστον,

201 3719 451 3772 τοιοῦτον
475 3714 586 3770 οἷον
612 3717 778 3779 αὐτὸς
801 3718 829 3770 ὁ
859 3716 1075 3785 πρῶτος
1088 3715 1248 3785 ἡμῶν
1274 3714 1368 3766 καὶ
1401 3714 1575 3781 μέγας
1594 3714 1785 3782 ἀρχιε-

205 3811 336 3878 ρεὺς
373 3811 470 3862 καὶ
523 3809 692 3878 θύτης
757 3811 852 3863 καὶ
907 3809 1054 3878 θῦμα
1101 3811 1214 3872 τοῖς
1277 3808 1501 3870 οἰκείοις
1554 3808 1786 3876 μύσταις

203 3902 531 3970 παρέδωκεν
551 3915 566 3929 ·
595 3902 747 3954 αὐτοί
773 3917 832 3953 τε
875 3899 1035 3954 πάλιν
1068 3901 1116 3952 οἰ
1142 3897 1238 3954 ἀπ’
1274 3898 1450 3968 ἀρχῆς
1519 3897 1785 3952 αὐτόπται

201 3995 300 4046 τοῦ
330 3995 511 4061 Λόγου
573 3994 666 4046 καὶ
721 3993 994 4064 ὑπηρέται
1047 3995 1114 4063 τῇ
1166 3991 1428 4060 καθολικῇ
1490 3988 1786 4060 Ἐκκλησία

204 4091 270 4158 τῇ
307 4083 426 4140 ἀπὸ
490 4086 745 4154 περάτων
815 4087 922 4146 ἓως
970 4083 1225 4154 περάτων
1275 4085 1375 4151 τῆς
1426 4081 1781 4148 οἰκουμένης,

203 4177 540 4246 παρέδοσαν·
569 4178 769 4238 πάντες
809 4175 912 4244 μὶν
933 4177 998 4243 τῇ
1018 4172 1506 4241 ὲνῚεροσολύμοις,
1530 4173 1662 4223 ὅπου
1687 4172 1783 4222 καὶ

203 4273 229 4322 ὸ
257 4269 404 4330 θεῖος
446 4267 703 4328 Ἰάκωϐος
738 4269 765 4318 ὁ
789 4266 883 4317 τοῦ
911 4264 1131 4334 πρώτου
1181 4266 1275 4318 καὶ
1323 4263 1563 4333 μεγάλου
1596 4269 1783 4333 ἀρχιε-

204 4362 347 4429 ρέως
383 4357 630 4427 ἀδελφὸς,
663 4358 758 4410 καὶ
779 4357 1022 4427 διάδοχος
1046 4357 1144 4425 τὴν
1173 4355 1445 4424 μυστικὴν
1477 4356 1570 4406 καὶ
1628 4355 1780 4408 ἀναί-

1895 3153 2005 3206 Hoc
2049 3155 2203 3222 facite
2248 3156 2301 3206 in
2349 3169 2526 3207 meam
2562 3159 3130 3211 commemorationem.
3164 3159 3471 3228 Propterea

1891 3244 1942 3297 ei
1983 3245 2294 3307 credentes,
2340 3247 2412 3298 ita
2447 3246 2732 3300 offerimus
2762 3262 2957 3316 panem
3011 3250 3340 3318 perfectum,
3375 3252 3458 3306 vi-

1892 3350 2043 3399 vum,
2079 3337 2193 3388 sive
2239 3351 2439 3405 corpus
2481 3337 2690 3391 Christi
2742 3338 2888 3406 quod
2947 3339 3251 3409 perfectum
3289 3343 3456 3396 etiam

1891 3436 2013 3490 post
2076 3424 2386 3490 passionem
2441 3426 2742 3492 permansit
2810 3437 2865 3480 et
2916 3428 3190 3497 integrum
3254 3429 3457 3500 (neque

1889 3514 2036 3565 enim
2073 3529 2133 3566 os
2158 3515 2278 3578 ejus
2296 3520 2594 3568 contritum
2612 3521 2716 3583 εει)
2747 3527 2802 3571 et
2824 3534 2855 3572 a
2879 3518 3064 3572 divina
3094 3521 3205 3574 vita
3236 3520 3456 3590 insepa-

1891 3604 2083 3666 rabile,
2112 3605 2271 3672 plane
2311 3606 2469 3674 quale
2505 3606 2621 3676 ipse
2660 3609 2869 3676 primus
2902 3618 3092 3664 nuster
3119 3626 3183 3666 ac
3225 3626 3455 3680 magnus

1883 3696 2137 3750 Pontifex
2162 3707 2218 3749 et
2247 3697 2531 3752 sacriﬁcus
2560 3698 2915 3769 victimaque,
2949 3701 3064 3756 suis
3089 3701 3265 3769 ipsius
3288 3702 3456 3756 disci-

1889 3785 2030 3852 pulis
2063 3784 2284 3840 tradidit
2317 3805 2331 3840 :
2367 3786 2516 3853 iique
2553 3785 2738 3840 denuo
2770 3786 2866 3856 qui
2911 3787 2981 3840 ab
3013 3787 3171 3841 initio
3200 3786 3315 3841 suis
3345 3787 3456 3856 ipsi

1886 3877 2060 3930 oculis
2093 3877 2331 3931 Verbum
2386 3878 2571 3931 intuiti
2623 3889 2772 3941 sunt,
2819 3879 2984 3947 eique
3037 3877 3450 3944 ministrarunt,

1885 3968 2167 4022 catholica:
2198 3968 2454 4022 Ecclesia:
2482 3968 2552 4022 ab
2582 3969 2844 4024 extremis
2875 3969 2942 4022 ad
2972 3979 3251 4025 extremos
3279 3985 3451 4038 usque

1887 4058 2038 4111 orbis
2067 4067 2335 4111 terrarum
2363 4057 2569 4112 limites
2598 4058 2981 4113 tradiderunt:
3010 4074 3201 4116 omnes
3230 4061 3454 4130 quidem

1883 4150 2406 4219 Hierosolymitame,
2439 4151 2532 4204 ubi
2563 4160 2622 4205 et
2659 4150 2753 4206 div
2768 4166 2833 4205 us
2862 4151 3105 4206 Jacobus
3142 4152 3304 4220 primi
3333 4167 3452 4208 ma-

1881 4245 2082 4312 gnique
2136 4241 2417 4296 Pontiﬁcis
2463 4241 2634 4298 frater
2681 4257 2745 4297 ac
2803 4257 3111 4306 successor,
3167 4243 3454 4313 mysticam

1884 4334 2336 4399 incruentamque
2362 4331 2666 4402 Liturgiam
2696 4334 2982 4402 exposuit.
3021 4333 3216 4387 Petrus
3263 4343 3456 4388 autem

204 4421 419 4514 μακτον
454 4421 799 4516 λεξτουργίαν
832 4421 1066 4510 ὲξέθίετο·
1098 4421 1323 4513 -Πέτρος
1359 4421 1416 4495 δέ
1447 4443 1543 4495 καί⁵
1567 4443 1776 4504 Παῦλος
1808 4431 1853 4490 Ι)

1808 4431 1853 4490 υ
1879 4433 1934 4477 et
1967 4423 2167 4477 Paulus
2213 4421 2638 4488 Antiochensis;
2673 4423 2878 4478 Paulus
2909 4438 3039 4478 vero
3070 4425 3460 4494 peculiariterr

199 4543 266 4610 τῇ
299 4541 363 4592 ὲν
428 4539 749 4608 Ἀντιοχείᾳ·
813 4536 1023 4598 Παῦλος
1059 4537 1114 4588 δὲ
1176 4538 1341 4602 ἰδίως,
1394 4537 1490 4590 καὶ
1538 4537 1692 4608 πάσῃ
1714 4541 1779 4609 τῇ

202 4631 505 4700 οἰκουμένῃ
529 4647 541 4658 ·
578 4630 803 4697 Μάρκος
855 4629 909 4681 δὲ
960 4631 1026 4698 τῇ
1063 4628 1438 4697 Ἀλεξανδρείᾳ.
1467 4647 1480 4658 ·
1521 4629 1780 4699 Ἰωάννης

197 4723 291 4771 καὶ
331 4719 588 4787 ’Δνδρέας
609 4723 676 4789 τῇ
698 4722 756 4770 ὲν
792 4718 946 4790 Ἀσίᾳ.
983 4724 1076 4772 καὶ
1131 4721 1391 4791 Εὐρώπῃ·
1455 4725 1548 4774 καὶ
1577 4723 1777 4783 πάντες

198 4813 263 4879 τῇ
299 4809 582 4878 πανταχοῦ
625 4810 923 4882 Ἐκκλησία
977 4811 1063 4862 διὰ
1121 4813 1222 4880 τῆς
1256 4813 1669 4880 συγγραφείσης
1700 4808 1776 4880 τῷ

200 4903 333 4973 ἱερῷ
365 4903 647 4971 Κλήμεντι
715 4903 1058 4973 λειτουργίας
1112 4901 1598 4973 παραδεδώκασιν·
1652 4895 1775 4969 ὲνῇ

199 4997 378 5048 ταῦτα
408 4993 552 5046 οὕτω
584 4995 763 5063 ῥητῶς
795 4998 992 5046 κεῖται.

273 5104 292 5134 s
333 5085 692 5153 Μεμνημένοι
727 5079 819 5136 οῦν
840 5077 915 5136 ὧν
939 5083 1006 5136 δι’
1037 5086 1184 5152 ἡμᾶς
1241 5083 1560 5150 ὑπέμεινεν,
1609 5083 1774 5151 εὐχα-

200 5171 502 5244 ριστοῦμέν
558 5191 663 5235 σοι,
694 5173 794 5226 Θεὲ
828 5174 1230 5242 παντοκράτορ,
1266 5173 1363 5242 οὐχ
1417 5173 1540 5224 ὅσον
1565 5171 1774 5241 ὀφείλο-

204 5283 326 5331 μεν,
362 5264 479 5316 ἀλλ’
528 5264 653 5316 ὅσον
708 5265 1007 5333 δυνάμεθα,
1053 5268 1146 5316 καὶ
1196 5265 1294 5334 τὴν
1333 5261 1573 5327 διάταξιν
1603 5263 1768 5316 αὑτοῦ

199 5352 520 5422 πληροῦμεν
539 5371 553 5385 ⁵
597 5356 700 5408 Ἐν
720 5351 759 5426 ᾖ
783 5357 892 5424 γὰρ
922 5356 1095 5409 νυκτί
1159 5355 1535 5422 παρεδίδοτο,
1567 5351 1768 5407 λαϐὼν

198 5445 382 5511 ἄρτον
409 5447 535 5510 ταῖς
566 5449 763 5514 ἁγίαις
799 5447 898 5501 καὶ
929 5447 1186 5517 ἁμὼμοις
1217 5446 1425 5499 αὑτοῦ
1447 5446 1638 5514 χερσὶ,
1671 5441 1768 5499 καί

1884 4515 2005 4570 orbi
2042 4513 2331 4580 universo;
2369 4515 2605 4580 Marcus,
2655 4516 3078 4581 Akxandrium;
3109 4517 3348 4572 Joannes
3394 4527 3458 4574 οῦ

1881 4607 2150 4668 Andreas,
2184 4607 2324 4661 Asiae
2347 4615 2404 4660 et
2425 4607 2688 4676 Europe;
2719 4622 3018 4678 omnesque
3053 4611 3323 4663 universae
3348 4610 3452 4664 Ec-

1881 4698 2062 4752 clesiae
2091 4698 2406 4768 ubicunque
2433 4700 2524 4762 sit,
2571 4714 2667 4767 per
2696 4714 2816 4755 eam
2863 4716 3028 4769 quam
3077 4711 3299 4755 sanctus
3327 4702 3453 4755 Clcv

1884 4805 2038 4845 mens
2069 4793 2396 4861 conscripsit
2425 4793 2756 4862 Liturgiam,
2788 4795 3163 4859 tradiderunt;
3190 4809 3312 4863 qua:
3335 4795 3461 4850 liae”

1877 4883 1955 4937 ita
1980 4883 2046 4936 ad
2084 4883 2315 4938 verbum
2352 4884 2627 4940 habentur
2661 4902 2676 4938 :

1953 5106 1970 5137 ι
2013 5087 2283 5143 Mentorea
2310 5089 2479 5158 igitur
2505 5104 2699 5144 eorum
2728 5105 2854 5161 quae
2880 5102 3104 5162 propter
3124 5105 3233 5146 nos
3252 5108 3450 5162 passus

1875 5185 1982 5241 est,
2040 5180 2244 5248 gratias
2279 5181 2492 5248 agimus
2541 5182 2666 5246 tibi,
2725 5184 2871 5237 Deus
2920 5186 3289 5254 omnipotens,
3331 5201 3448 5239 non

1877 5281 2141 5338 quantum
2170 5271 2452 5338 debemus,
2485 5274 2581 5327 sed
2604 5285 2869 5343 quantum
2900 5291 3208 5345 possumus,
3241 5287 3296 5331 et
3324 5280 3444 5348 ejus

1876 5369 2138 5414 statutum
2162 5362 2548 5430 adimplemus.
2563 5363 2628 5417 In
2653 5381 2758 5435 qua
2780 5366 2919 5419 cuius
2941 5375 3088 5419 nocte
3108 5368 3443 5431 tradebatur,

1878 5453 2136 5520 accipiens
2193 5465 2389 5519 partem
2428 5457 2482 5508 in
2517 5466 2730 5510 sanctas
2811 5467 2859 5512 ct
2907 5459 3274 5513 immaculatas
3316 5478 3444 5514 suas

266 5607 348 5675 (2)
375 5606 545 5686 Caute
579 5608 731 5674 lege;
760 5624 885 5660 nam
928 5623 1065 5675 aqua
1111 5621 1220 5660 non
1247 5617 1620 5669 consecratur,
1661 5605 1761 5658 nisi
1807 5609 1958 5674 prius
2024 5610 2076 5662 in
2108 5620 2358 5666 naturam
2395 5614 2505 5667 vini
2541 5631 2828 5682 conversa,
2874 5633 2977 5673 nec
3015 5629 3130 5674 tute
3170 5623 3437 5687 sentiunt,

199 5691 281 5744 qui
305 5677 618 5745 Oppositum
645 5688 920 5746 reputant.
