4236 6442
745 371 853 435 515

1706 367 2015 429 NICOLAI
2056 367 2103 424 Μ
2118 361 2612 424 ETHONENSIS
2654 364 3002 439 EPISCOPI

3911 361 4028 422 516

750 502 964 550 nianus,
1013 495 1059 539 et
1109 484 1324 538 elevatis
1369 485 1530 536 oculis
1584 483 1654 535 ad
1687 491 1736 534 te
1788 482 1948 534 Deum
1999 497 2060 532 ac
2114 478 2329 530 Patrem

2434 477 2788 546 ἀναϐλέψας
2820 483 2971 546 πρός
2999 496 3074 532 σε
3101 481 3205 533 τὸν
3235 480 3387 534 Θεὸν
3419 477 3608 530 αὐτοῦ
3644 477 3738 529 καί
3767 477 4036 543 Πατέρα,

747 595 925 642 suum,
955 577 1131 646 fregit,
1171 577 1416 644 deditque
1456 575 1601 627 nobis
1631 574 1808 627 dicens
1836 589 1852 625 :
1886 572 2113 640 Accipite
2149 585 2211 622 ea:
2244 585 2324 630 eo,

747 667 1003 720 comedite
1037 679 1055 716 :
1099 663 1209 717 Hoc
1263 673 1337 716 est
1394 678 1580 730 corpus
1627 678 1798 714 meum
1825 661 1963 730 quod
2002 674 2097 726 pro
2150 656 2327 709 multis

747 754 1148 817 comminuitur,
1189 753 1245 806 in
1276 753 1635 805 remissionem
1665 759 2018 820 peccatorum.
2062 747 2329 802 Similiter

747 858 804 900 et
834 846 1063 900 calicem
1108 861 1176 899 ex
1227 846 1356 898 vino
1391 855 1448 898 et
1493 859 1635 913 aqua
1669 852 2058 910 temperatum,
2083 841 2328 895 sanctiﬁ-

747 939 916 1001 eavit,
945 937 1210 1008 deditque
1245 938 1405 992 nobis
1435 937 1668 990 dicens:
1710 933 1881 989 Bibite
1923 951 1987 987 ea:
2012 950 2072 986 eo
2103 950 2326 1000 omnes;

747 1032 831 1084 hic
889 1041 966 1084 cst
991 1032 1206 1100 sanguis
1233 1047 1376 1083 meus
1404 1031 1492 1098 qui
1524 1045 1619 1098 pro
1651 1029 1826 1081 multis
1851 1027 2135 1098 eﬂ'unditur
2160 1027 2215 1080 in
2244 1043 2325 1079 re-

732 1122 1050 1175 ‘tnissionem
1077 1133 1434 1189 peccatorum.
1470 1120 1578 1174 Hoc
1607 1121 1766 1188 facite
1803 1121 1855 1172 in
1900 1135 2071 1172 meant
2102 1133 2329 1171 comme-

752 1219 1124 1268 morationem.
1150 1214 1422 1267 hie-mores
1454 1214 1618 1282 igitur
1649 1213 1917 1282 passionis
1939 1212 2082 1280 ejus,
2108 1212 2324 1275 mortis,

754 1305 1207 1371 resurrectionis,
1243 1305 1456 1360 reditus
1485 1307 1540 1358 in
1578 1306 1748 1358 emlos
1784 1313 1841 1357 et
1891 1302 2064 1358 futuri
2091 1304 2212 1372 ejus
2238 1318 2328 1356 se-

751 1396 918 1450 cundi
951 1397 1247 1460 adventus,
1288 1397 1342 1449 in
1391 1410 1504 1464 quo
1536 1394 1722 1448 veniet
1771 1394 2118 1464 iudicaturus
2175 1395 2330 1446 vivos

751 1497 807 1543 et
833 1498 1102 1551 mortuos,
1147 1486 1575 1554 redditurusqne
1597 1488 1798 1555 cuique
1830 1484 2138 1539 secundum
2160 1500 2329 1554 opera

755 1599 876 1647 sna,
917 1582 1202 1635 oderimus
1233 1582 1331 1635 tibi
1355 1581 1466 1650 regi
1496 1597 1560 1634 ac
1594 1580 1724 1642 Deo,
1753 1579 2060 1634 secundum
2085 1580 2207 1648 ejus
2240 1579 2328 1632 in-

754 1673 1131 1733 stitutionem,
1159 1686 1355 1741 panem
1393 1671 1563 1732 hunc,
1603 1680 1661 1725 et
1713 1671 1860 1724 hunc
1900 1669 2153 1729 calicem,
2206 1684 2330 1738 gra-

756 1769 859 1819 tias
888 1766 984 1819 tibi
1018 1781 1116 1834 per
1141 1780 1264 1818 eum
1299 1773 1549 1833 agentes,
1586 1763 1731 1830 quod
1759 1779 1858 1817 nos
1884 1763 2054 1816 fueris
2076 1762 2331 1832 dignatus

752 1859 975 1912 adstare
1003 1873 1185 1912 coram
1227 1867 1280 1912 te
1308 1867 1364 1911 et
1391 1857 1488 1912 tibi
1521 1857 1852 1911 sacriﬁcare.
1893 1857 1960 1910 Et
1993 1866 2044 1910 Ie
2077 1872 2334 1926 rogamus

755 1963 816 2005 ut
871 1951 1112 2022 propitio
1174 1965 1489 2020 serenoque
1541 1949 1692 2004 vultu
1730 1949 1991 2019 respicias
2017 1964 2183 2016 supra
2216 1949 2332 2003 haec

757 2043 1044 2111 proposita
1098 2041 1238 2095 dona
1272 2055 1457 2092 coram
1487 2048 1562 2102 te,
1611 2049 1669 2093 tu
1715 2038 1808 2108 qui
1859 2038 2065 2092 nullius
2094 2038 2331 2108 indiges,

759 2135 901 2186 Dens
933 2150 946 2184 :
979 2140 1035 2186 et
1068 2132 1166 2186 tibi
1205 2131 1591 2202 complacitum
1634 2131 1708 2186 sit
1759 2131 1813 2185 in
1845 2130 1930 2184 eis
1960 2129 2027 2184 ad
2063 2130 2331 2185 honorem

749 2224 956 2278 Christi
989 2225 1090 2288 tui,
1121 2235 1176 2279 et
1206 2216 1426 2278 mittere
1451 2223 1697 2292 digneris
1727 2232 1980 2277 sanctum
2015 2232 2166 2278 tuum
2207 2223 2327 2292 Spi-

757 2319 922 2370 ritum
975 2332 1143 2385 super
1194 2317 1298 2370 lioe
1355 2317 1710 2380 saerilieium,
1766 2325 1960 2371 testem
2012 2317 2328 2386 passionum

754 2407 970 2462 Domini
996 2407 1151 2472 Jesu,
1180 2407 1460 2463 uteliieiat
1490 2423 1690 2478 panem
1717 2408 1888 2472 hunc,
1908 2407 2330 2477 corpusChriSti

758 2499 876 2565 tui;
905 2509 960 2554 et
988 2500 1212 2554 calicem
1249 2499 1414 2564 hunc,
1442 2499 1765 2571 sanguinem
1795 2500 2000 2556 Christi
2033 2501 2165 2556 tui.»

828 2780 894 2834 Et
925 2779 1126 2833 iterum
1161 2794 1392 2848 magnus
1422 2779 1512 2833 ille
1533 2779 1741 2834 Paulus
1766 2797 1779 2833 :
1821 2779 1931 2851 Ego
1961 2782 2138 2851 accepi
2169 2800 2200 2836 α
2228 2783 2334 2837 Do-

759 2874 902 2926 mino
929 2872 1070 2942 quod
1115 2881 1165 2923 et
1209 2871 1408 2944 tradidi
1456 2870 1595 2924 vobis
1633 2885 1651 2924 :
1687 2871 1826 2940 quod
1871 2871 2128 2927 Dominus
2180 2873 2333 2928 Jesus

759 2969 812 3018 iu
841 2981 944 3034 qua
993 2975 1139 3018 nocte
1191 2963 1526 3026 tradebatur,
1589 2965 1786 3031 accepit
1842 2981 2059 3028 panem,
2094 2974 2141 3018 et
2181 2967 2334 3020 bene-

758 3059 919 3120 dixit,
953 3057 1130 3126 fregit,
1164 3056 1405 3119 dixitque
1436 3071 1454 3107 :
1501 3056 1756 3123 Accipite,
1797 3057 2080 3122 comedite;
2119 3061 2214 3113 hoc
2258 3070 2333 3114 est

759 3166 948 3217 corpus
977 3165 1148 3202 meum
1180 3149 1327 3218 quod
1354 3165 1447 3214 pro
1471 3149 1610 3201 vobis
1642 3150 1928 3218 frangitur.
1968 3151 2075 3204 Iloc
2097 3153 2255 3221 facite
2279 3155 2332 3206 in

762 3259 932 3295 meam
967 3241 1542 3294 commemorationem.
1601 3239 2020 3312 Quotiescunque
2069 3246 2208 3296 enim
2250 3261 2339 3296 co-

766 3336 970 3387 meditis
993 3349 1183 3403 panem
1210 3335 1368 3395 hunc,
1402 3339 1452 3385 et
1482 3333 1697 3386 calicem
1736 3337 1876 3388 hunc
1900 3336 2093 3401 bibitis,
2120 3346 2341 3389 mortem

768 3426 978 3480 Domini
1005 3426 1364 3489 annuntiatis,
1396 3424 1562 3477 donec
1583 3427 1841 3481 veniat”.
1877 3425 1932 3480 Si
1965 3443 2095 3482 vero
2125 3445 2339 3491 censes,

767 3518 869 3571 hoc
895 3518 1039 3586 quod
1070 3533 1099 3570 a
1131 3517 1294 3569 nobis
1321 3515 1630 3584 perficitur,
1667 3517 1764 3571 illo
1792 3519 1973 3571 minus
1995 3534 2138 3581 esse,
2162 3522 2345 3577 nescis

761 3608 1047 3663 Christum
1091 3610 1258 3662 etiam
1313 3609 1420 3662 hoc
1477 3618 1722 3678 tempore
1791 3611 2034 3678 operari,
2085 3629 2342 3682 nuncque

765 3703 962 3755 adesse
996 3719 1009 3751 :
1047 3699 1154 3754 Ero
1176 3702 1316 3753 enim
1354 3701 1612 3752 vobiscum
1647 3703 1756 3754 dies
1810 3705 2074 3757 universos
2114 3705 2182 3757 ad
2220 3722 2346 3759 con-

766 3796 1172 3848 summationem
1232 3810 1391 3861 usque
1441 3793 1620 3846 steculi
1655 3794 1720 3857 ",
1754 3796 2032 3863 pollicitus
2069 3807 2172 3850 est.
2233 3798 2347 3852 lloc

771 3891 901 3940 item
937 3887 1259 3956 mysterium
1293 3900 1643 3955 summopere
1673 3885 1954 3939 admirans
1977 3888 2133 3955 quasi
2159 3887 2348 3940 obstu-

770 3981 1018 4047 pefactus
1071 3981 1233 4033 divus
1265 3980 1577 4046 Apostolus,
1617 3995 1740 4033 eum
1772 3982 1965 4033 timore
2001 3980 2092 4034 Dei
2129 3997 2192 4036 ac
2244 3983 2275 4034 li
2301 3986 2346 4036 le

770 4083 829 4126 ut
855 4071 1020 4141 digne
1059 4071 1108 4125 ei
1145 4071 1537 4141 participetnus
1565 4071 1910 4135 adhortatur,
1936 4080 1988 4126 el
2017 4074 2346 4142 supplicium

771 4163 1163 4231 transgressori
1212 4162 1409 4216 definit
1462 4180 1476 4215 :
1525 4161 1834 4232 Quicunque
1896 4166 2200 4228 comederit,
2259 4165 2346 4219 in-

771 4255 988 4322 quiens,
1020 4269 1212 4319 panem
1245 4256 1402 4318 hunc,
1437 4265 1527 4307 aut
1557 4254 1738 4307 biberit
1761 4257 1977 4308 calicem
2022 4254 2233 4308 Domini
2268 4259 2351 4310 in-

771 4345 946 4413 digne,
981 4359 1098 4396 rcus
1130 4344 1228 4395 erit
1252 4344 1486 4411 corporis
1531 4352 1579 4395 et
1627 4345 1900 4413 sanguinis
1944 4343 2154 4398 Domini
2181 4345 2244 4398 ".
2293 4345 2348 4398 ld

773 4436 999 4504 perinde
1030 4445 1137 4499 est,
1179 4450 1242 4489 ae
1295 4435 1339 4488 si
1395 4435 1596 4489 dixerit
1648 4436 1782 4502 (divi
1814 4435 2187 4505 Chrys-ostenti
2221 4453 2349 4490 sen-

2433 569 2797 636 καίκ.1ιὶσας
2840 571 3068 624 ἔδωκεν
3091 571 3256 640 ἡμῖν,
3296 569 3512 624 εἰπών’
3570 570 3791 624 Λάϐετε
3831 568 3907 632 ἐξ
3932 569 4025 621 air

2431 661 2560 728 τοῦ,
2597 662 2838 731 φάγετε,
2859 662 3037 716 τοῦτό
3056 663 3187 716 ἐστι
3203 663 3269 716 τὸ
3285 661 3457 730 σῶμὰ
3471 679 3590 730 μου
3611 661 3677 714 τὸ
3711 661 3842 728 περὶ
3881 666 4038 714 .10.!-

2427 753 2556 808 λῶν
2594 754 2994 822 θρυπτόμενον
3034 754 3360 822 είς-ἄφεσιν
3387 751 3711 821 ἁμαρτιῶν.
3745 752 4037 814 Ὡσαύτως

2431 845 2613 899 καὶτὸ
2645 848 2906 917 ποτήριον
2959 841 3201 916 κεράσας
3231 847 3291 911 ἐξ
3316 847 3468 899 οἴνου
3527 847 3620 898 καὶ
3670 845 3892 909 ὓδατος,
3935 849 4034 898 καῖ

2431 937 2668 1005 ἁγιάσας
2686 939 2888 990 ἔδωκεν
2944 939 3076 1008 ἡμῖν
3111 938 3307 1006 λέγων,
3346 940 3514 992 Hiera
3547 937 3617 1000 ἐξ
3641 938 3831 992 αὑτοῦ
3864 938 4030 990 πάν-

2431 1045 2549 1094 τες,
2595 1027 2775 1083 τοῦτό
2815 1029 2948 1083 ἐστι
3003 1028 3072 1081 τὸ
3126 1025 3271 1098 αἷμά
3308 1047 3431 1098 μου
3469 1029 3538 1082 τὸ
3579 1028 3715 1094 περὶ
3779 1027 4040 1081 πολλῶν

2431 1121 2848 1189 ἐκχυνόμενον
2871 1125 2958 1186 είς
2985 1121 3213 1189 ἄφεσιν
3232 1119 3536 1191 ἁμαρτιῶν
3557 1138 3570 1152 ·
3601 1120 3782 1174 τοῦτο
3809 1121 4041 1173 ποιεῖτε-

2431 1216 2518 1278 είς
2564 1213 2680 1279 τὴν
2703 1213 2860 1281 ἐμὴν
2916 1215 3284 1282 ἀνάμνησιν.
3315 1212 3679 1283 Μεμνημένοι
3728 1213 3914 1266 τοίνυν
3940 1210 4036 1264 τοῦ

2433 1306 2637 1367 πάθους
2670 1306 2839 1360 αὑτοῦ
2871 1307 2965 1359 καὶ
3031 1309 3127 1360 τοῦ
3184 1307 3446 1371 θανάτου,
3487 1305 3580 1359 καὶ
3632 1307 3725 1376 τῆς
3780 1307 4027 1358 ἀναστα-

2434 1417 2593 1464 σεως,
2617 1401 2833 1469 καὶτῆς
2855 1403 2935 1463 εἰς
2955 1401 3222 1470 οὐρανοὺς
3252 1400 3537 1463 ἐπανόδου,
3571 1404 3668 1452 καὶ
3723 1398 3828 1467 τῆς
3901 1399 4035 1467 με).-

2432 1491 2632 1561 λούσης
2677 1493 2842 1545 αὑτοῦ
2917 1492 3175 1561 δευτέρας
3236 1492 3567 1562 παρουσίαῖ,
3616 1493 3675 1543 ὲν
3811 1490 4037 1561 ἔρχεται

2434 1586 2619 1653 κρῖναι
2672 1584 2885 1648 ζῶντας
2915 1587 3011 1638 καὶ
3074 1586 3324 1656 νεκροὺς,
3353 1587 3448 1638 καὶ
3475 1584 3771 1638 ἀποδοῦναι
3802 1584 4034 1651 ἑκάστῳ

2435 1679 2576 1730 κατὰ
2601 1678 2667 1731 τὰ
2733 1677 2874 1747 ἔργα
2899 1678 3090 1742 αὐτοῦ,
3117 1679 3509 1750 προσφέρομεν
3567 1695 3653 1732 σοι
3701 1677 3782 1748 τῷ
3811 1677 4032 1747 βασιλεῖ

2437 1770 2533 1822 καὶ
2580 1768 2724 1839 Θεῷ,
2761 1769 2905 1823 κατὰ
2930 1769 3030 1839 τὴν
3060 1769 3226 1822 αὐτοῦ
3251 1769 3522 1834 διάταξιν,
3552 1769 3645 1822 τὸν
3681 1769 3849 1839 ἇρτον
3895 1766 4027 1821 τοῦ-

2438 1878 2556 1928 τον,
2588 1863 2682 1914 καὶ
2742 1862 2806 1914 τὸ
2859 1863 3122 1932 ποτήριον
3199 1861 3379 1920 τοῦτο,
3435 1859 3894 1931 εὐχαριστοῦντες
3953 1875 4035 1912 σοι

2440 1953 2508 2006 δι’
2530 1951 2719 2019 αὐτοῦ,
2755 1955 2843 2020 ἐφ’
2871 1947 2956 2016 οἷς
2981 1951 3336 2023 κατηξίωσας
3362 1953 3508 2022 ἡμᾶς
3541 1952 3768 2004 ἑστάναι
3794 1949 4032 2002 ἐνώπιόν

2447 2063 2542 2100 σου
2579 2047 2678 2102 καὶ
2745 2046 3055 2116 ἱερατεύειν
3121 2063 3204 2098 σοι
3235 2060 3252 2078 ·
3310 2045 3405 2098 καὶ
3444 2042 3712 2112 ἀξιοῦμέν
3743 2059 3826 2106 σε,
3882 2042 4032 2105 ὅπως

2439 2138 2684 2206 εὐμενῶς
2712 2137 3031 2206 ἐπιϐλέψοις
3063 2138 3155 2190 ἐπὶ
3176 2136 3248 2190 τὰ
3278 2135 3626 2206 προκείμενα
3649 2134 3804 2206 δῶρα
3853 2134 4033 2186 ταῦτα

2439 2230 2676 2283 ἐνώπιόν
2731 2246 2852 2292 σου,
2891 2231 2956 2282 σὺ
2981 2232 3009 2282 ὁ
3038 2229 3296 2295 ἀνενδεὴς
3358 2228 3509 2293 Θεὸς,
3541 2229 3635 2281 καὶ
3707 2225 4033 2296 εὖδοκήσοις

2441 2323 2527 2374 ἐπ’
2557 2324 2741 2384 αὐτοῖς
2773 2323 2848 2383 εἰς
2881 2321 3048 2391 τιμὴν
3076 2321 3173 2373 τοῦ
3197 2317 3439 2390 Χριστοῦ
3466 2335 3585 2372 σου·
3619 2318 3717 2372 καὶ
3738 2319 4035 2388 καταπέμ-

2438 2415 2561 2485 ψοις
2591 2414 2655 2467 τὸ
2694 2413 2851 2482 ἅγιόν
2880 2431 2976 2466 σου
3003 2413 3228 2483 Πνεῦμα
3275 2413 3369 2466 ἐπὶ
3400 2411 3502 2484 τὴν
3555 2412 3748 2467 θυσίαν
3801 2405 4034 2482 satith

2439 2508 2530 2561 τὸν
2569 2509 2823 2577 μάρτυρα
2883 2507 2992 2559 τῶν
3046 2506 3394 2577 παθημάτων
3420 2504 3516 2559 τοῦ
3582 2505 3793 2574 Κυρίου
3826 2505 4034 2574 Ἰησοῦ.

2438 2599 2588 2661 ὅπως
2611 2600 2884 2669 ἀποφήνω
2913 2598 3005 2650 τὸν
3033 2598 3200 2668 ἄρτον
3229 2598 3443 2665 τοῦτον,
3485 2597 3650 2667 σῶμα·
3670 2597 3766 2651 τοῦ
3785 2596 4034 2668 Χριστοῦ

2440 2707 2555 2755 σου,
2581 2689 2643 2743 τὸ
2671 2690 2939 2760 ποτήριον
2970 2689 3151 2753 τοῦτο,
3185 2685 3326 2758 αἷμα
3357 2689 3457 2742 τοῦ
3487 2685 3730 2758 Χριστοῦ
3767 2705 3888 2742 σου.

2510 2783 2621 2834 Καὶ
2648 2782 2811 2835 πάλιν
2832 2783 2861 2834 ὁ
2907 2781 3077 2851 μέγας
3105 2780 3315 2844 Παῦλος
3336 2799 3353 2816 ·
3371 2782 3519 2852 Ἐγὼ
3552 2782 3899 2850 παρέλαϐον
3918 2779 4039 2836 ἀπὸ

2440 2876 2548 2930 τοῦ
2606 2877 2847 2943 Κυρίου,
2882 2875 2915 2927 ὃ
2945 2875 3046 2928 καὶ
3091 2875 3411 2942 παρέδωκα
3463 2875 3626 2944 ὑμῖν,
3657 2873 4042 2941 ὅτιόΚύριος

2454 2968 2685 3036 Ἰησοῦς
2713 2968 2776 3020 ἐν
2813 2966 2887 3035 τῇ
2903 2967 3078 3021 νυκτὶ
3170 2967 3552 3036 παρεδίδοτο,
3581 2968 3807 3021 ἕλαΰεν
3830 2965 4038 3033 ἄρτον,

2443 3061 2543 3115 καί
2580 3060 3056 3128 εὐχαριστήσας,
3080 3060 3311 3113 ἕκλασε
3333 3059 3430 3112 καί
3465 3056 3616 3113 εἶπε·
3641 3059 3892 3121 Λάϐετε.
3925 3059 4040 3127 φά-

2366 3187 2410 3246 c
2441 3168 2596 3219 τετε,
2634 3151 2816 3204 τοῦτό
2841 3167 2964 3219 μου
2990 3149 3121 3202 ἐστὶ
3143 3149 3208 3202 τὸ
3228 3147 3402 3216 σῶμα
3423 3150 3489 3202 τὸ
3517 3148 3669 3216 ὑπὲρ
3698 3147 3868 3218 ὑμῶν
3886 3149 4040 3201 nub-

2439 3260 2661 3313 μενον·
2690 3244 2868 3297 τοῦτο
2891 3243 3116 3295 ποιεῖτε
3157 3245 3246 3308 εἰς
3295 3241 3410 3309 τὴν
3462 3242 3620 3312 ἐμὴν
3657 3242 4036 3310 ἀνάμνησιν.

2457 3335 2700 3400 Ὁσάκις
2725 3335 2837 3404 γὰρ
2868 3334 2945 3387 ἂν
2973 3334 3220 3400 ἐσθίητε
3243 3333 3352 3386 τὸν
3377 3335 3561 3400 ἄρτον
3580 3334 3824 3399 τοῦτον,
3846 3333 3948 3387 καὶ
3977 3336 4040 3386 τὸ

2442 3425 2735 3494 ποτήριον
2756 3425 2935 3478 τοῦτο
2977 3426 3210 3492 πίνητε,
3235 3426 3347 3479 τὸν
3366 3426 3630 3478 θάνατον
3670 3425 3778 3479 τοῦ
3811 3429 4038 3494 Κυρίου

2444 3516 2884 3584 καταγγέλλετε
2909 3517 3085 3584 ἄχρις
3107 3513 3182 3572 οὗ
3217 3515 3295 3570 ἂν
3345 3516 3520 3584 ἔλθῃ.
3584 3517 3646 3569 Εἰ
3691 3518 3748 3570 δὲ
3782 3519 4038 3579 ὑπονοεῖς

2445 3609 2604 3661 τοῦτο
2653 3608 2714 3661 τὸ
2747 3608 2880 3677 παρ’
2931 3610 3090 3678 ἡμῶν
3151 3610 3577 3678 ἐπιτελούμενον
3628 3611 3861 3664 ἔλαττον
3893 3609 4037 3664 εἶναι

2446 3701 2679 3765 ἐκείνου,
2715 3701 2816 3752 οὐκ
2869 3696 3018 3761 οἶδας
3071 3698 3466 3771 δτιὸΧριστὺς
3523 3702 3618 3754 καὶ
3651 3701 3749 3754 νῦν
3794 3707 4034 3773 ἐνεργεῖ.

2448 3793 2540 3842 καὶ
2572 3790 2667 3843 νῦν
2693 3791 2980 3859 πάρεστινο
3039 3792 3298 3860 Ἐσομαι
3344 3795 3457 3860 τὰρ
3521 3793 3657 3860 μεθ’
3709 3794 3886 3862 ὑμῶν
3932 3795 4039 3858 τὰς

2448 3881 2674 3950 ἡμέρας
2695 3881 2938 3948 ἁπάσας
2965 3883 3105 3951 ἄχρι
3127 3883 3237 3952 τῆς
3264 3888 3628 3951 συντελείας
3648 3885 3759 3940 τοῦ
3791 3885 4036 3952 αἰῶνος,

2447 3975 2833 4044 ἐπηγγείλατο.
2869 3975 3038 4027 Τοῦτο
3061 3975 3121 4027 τὸ
3146 3977 3627 4046 μυστήριινπάλιν
3648 3979 3859 4045 {inspue
3885 3979 4036 4050 τλητ-

2448 4066 2676 4135 τὸμενος
2703 4065 2732 4117 ὁ
2764 4067 2906 4128 θεῖος
2949 4066 3297 4131 ’Δπὸστολος,
3337 4069 3475 4138 μετὰ
3534 4068 3701 4137 φόϐου
3750 4069 3894 4122 Θεοῦ
3942 4069 4036 4121 καὶ

2450 4163 2688 4219 πίστεως
2739 4158 2905 4222 ἀξεως
2953 4159 3104 4228 ἡμᾶς
3137 4159 3302 4211 αὑτοῦ
3335 4159 3591 4228 μετέχειν
3647 4161 4034 4230 παρακελεύε-

2450 4268 2563 4312 ται,
2601 4251 2696 4304 καὶ
2728 4251 3006 4320 τιμωρίαν
3030 4250 3125 4304 τοῦ
3183 4250 3619 4320 παραὸαξνοντος
3678 4253 4033 4322 ἀφορίζεταν

2457 4346 2562 4408 Ὃς
2585 4342 2662 4395 ἂν
2708 4343 2908 4410 ἐσθίῃ,
2974 4342 3171 4409 λέγων,
3209 4343 3316 4395 τὸν
3339 4342 3522 4411 ἄρτον
3549 4341 3787 4405 τοῦτον,
3822 4346 3862 4411 ἠ
3889 4347 4037 4411 πίνῃ

2455 4436 2518 4486 τὸ
2544 4433 2831 4500 ποτήριον
2875 4432 2982 4485 τοῦ
3037 4432 3257 4498 Κυρίου
3310 4432 3596 4497 ἀναξίως,
3626 4433 3850 4500 ἔνοχος
3868 4434 4037 4485 ἔσται

775 4526 995 4594 tentia):
1017 4526 1486 4591 Quemadmodum
1516 4526 1740 4580 tradidit
1767 4526 1988 4595 quidem
2006 4543 2131 4581 eum
2154 4527 2321 4583 Judas

2449 4523 2557 4577 τοῦ
2585 4521 2859 4590 σώματος
2889 4519 2989 4572 καί
3014 4519 3121 4572 τοῦ
3149 4520 3396 4587 αἵματος
3414 4519 3520 4574 τοῦ
3551 4521 3799 4588 Κυρίου.
3829 4521 4039 4574 Tris?»

778 4619 832 4670 in
872 4634 1006 4671 eum
1060 4635 1191 4672 vero
1243 4619 1551 4687 petulanter
1583 4618 1905 4672 debaecltati
1954 4628 2083 4673 sunt
2133 4619 2351 4674 Judmi:

774 4714 848 4765 ita
881 4711 1152 4764 dedecore
1177 4720 1230 4763 et
1264 4711 1484 4763 infamia
1515 4726 1639 4762 eum
1667 4709 1932 4773 aﬂicinnt,
1959 4710 2050 4777 qui
2079 4711 2355 4764 sanctissi-

776 4820 926 4858 tnum
958 4805 1078 4874 ejus
1103 4820 1306 4872 corpus
1335 4803 1560 4872 indigne
1600 4819 1697 4855 ore
1753 4812 2000 4868 sumunt,
2031 4811 2087 4856 et
2136 4803 2353 4871 corpori

776 4895 1074 4949 admovent
1125 4896 1363 4964 impuro.
1406 4895 1596 4962 Itaque
1643 4893 1847 4961 inquit,
1883 4891 2073 4947 Probet
2124 4895 2354 4964 seipsum

777 4991 966 5049 homo;
1017 5001 1126 5038 non
1165 4986 1302 5038 alter
1332 4986 1588 5047 alterum,
1626 4984 1729 5036 lmc
1776 4968 1923 5036 enim
1954 4983 2202 5053 judicare
2241 4993 2347 5049 est,

777 5077 870 5127 sed
901 5075 1137 5144 primum
1170 5077 1403 5144 quisque
1433 5077 1673 5144 seipsnnn
1703 5093 1717 5128 :
1764 5084 1812 5126 et
1843 5076 1916 5127 sic
1937 5076 1999 5127 de
2023 5091 2159 5144 pane
2187 5075 2346 5128 edat:

781 5176 827 5218 et
862 5166 926 5217 de
974 5167 1135 5219 calice
1158 5167 1322 5218 bibat.
1362 5167 1462 5230 Qui
1491 5168 1629 5218 enim
1664 5166 1951 5218 manduca!
1997 5174 2044 5218 et
2096 5165 2220 5218 bibit
2266 5167 2349 5219 iu-

782 5257 955 5324 digne,
977 5258 1238 5325 judicium
1266 5258 1364 5309 sibi
1388 5258 1673 5308 manduca!
1719 5263 1768 5308 ct
1797 5257 1944 5314 bibit,
2001 5273 2104 5309 non
2151 5258 2344 5325 dijudi-

782 5363 928 5408 caus,
960 5348 1062 5401 hoc
1117 5355 1222 5405 est,
1272 5347 1620 5416 perpendens
1657 5355 1713 5400 et
1757 5346 2118 5400 coasiderans
2162 5364 2352 5416 corpus

787 5437 994 5488 Domini
1023 5437 1065 5466 “
1124 5438 1492 5506 propesitum.
1546 5435 1697 5500 Quod
1748 5435 1794 5488 si
1854 5434 1923 5500 is,
1953 5436 2046 5504 qui
2086 5451 2184 5504 per
2207 5452 2265 5491 se
2298 5439 2351 5490 in

782 5527 1004 5596 aliquod
1037 5529 1412 5581 humanorum
1452 5530 1710 5582 vitiorum
1751 5527 2008 5596 delapsus
2037 5539 2139 5592 est,
2171 5537 2227 5582 et
2272 5529 2349 5582 in-

782 5619 1018 5673 disezete
1071 5620 1324 5681 aet-essit,
1363 5630 1420 5672 nt
1466 5620 1684 5688 indigne
1726 5619 2163 5686 communicans,
2202 5629 2351 5674 tanta

856 5800 943 5853 ’³1
981 5800 1106 5856 Cor.
1155 5819 1225 5866 si,
1258 5803 1344 5854 9.3.
1383 5804 1473 5869 ει,
1524 5803 1611 5858 9.7.
1698 5804 1736 5834 ¹¹⁸
1787 5805 1976 5860 Matth.
2043 5819 2229 5867 sntit,
2273 5802 2358 5854 (ΞΟ.

2451 4616 2508 4668 δὲ
2544 4618 2718 4666 εἰπεῖν
2769 4615 2933 4683 (κατὰ
2984 4613 3075 4664 τὸν
3110 4613 3252 4665 θεῖον
3285 4614 3699 4682 Χρυσὸστομον)
3725 4653 3740 4677 ,
3776 4614 4037 4682 καϐἀπερ

2454 4709 2744 4778 παρέδωκε
2787 4707 2886 4775 μὲν
2947 4706 3118 4758 αὑτὸν
3161 4706 3390 4768 Ἰούδας,
3422 4708 3792 4777 ἐπαριξινησαν
3846 4709 3906 4761 δὲ
3960 4710 4038 4767 εἰς

2453 4798 2615 4849 αὐτὸν
2686 4797 2953 4861 Ἰουδαῖοι,
3019 4795 3191 4859 οὕτως
3242 4796 3601 4866 ἀτιμάζουσιν
3651 4796 3820 4849 αὑτὸν
3881 4800 3932 4849 οἱ
3980 4799 4038 4847 :3;

2453 4890 2717 4956 πανάγιον
2751 4888 2913 4940 αὐτοῦ
2938 4886 3096 4957 σῶμα
3129 4885 3357 4950 ἀναξίως
3381 4885 3459 4955 τῷ
3481 4887 3709 4955 στόματι
3727 4887 3996 4956 Eax-ipsae
4019 4926 4035 4950 ,

2455 4979 2550 5032 καὶ
2579 4982 2770 5047 ἐναγεῖ
2790 4979 3204 5048 προσφέροντες
3240 4976 3478 5045 σώματι.
3522 4980 3616 5029 Διὸ
3659 4994 3794 5047 φησι
3822 4995 3834 5007 ·
3870 4983 4031 5032 Acm-

2442 5069 2678 5136 ,μαζέτω
2736 5071 3049 5138 ἅνθρωπος
3085 5069 3327 5132 ἑαυτὸν,
3357 5070 3456 5138 οὐχ
3486 5069 3670 5137 ἔτερος
3704 5069 3798 5120 τὸν
3829 5069 4034 5136 ἕτερον

2450 5161 2613 5215 τοῦτο
2642 5164 2751 5232 γὰρ
2779 5161 2963 5232 κρῖναί
2992 5164 3143 5214 ἐστιν
3164 5179 3178 5193 ο
3215 5160 3354 5213 ἀλλὰ
3382 5159 3602 5230 πρῶτον
3630 5160 3870 5222 ἕκαστος
3910 5162 4034 5212 ἑαυ-

2451 5255 2562 5308 τὸν·
2594 5253 2903 5318 Καίοῦτως
2935 5253 3003 5306 ἐκ
3041 5253 3147 5307 τοῦ
3180 5253 3365 5320 ἄρτου
3420 5250 3686 5314 ἐσθιέτω,
3708 5251 3808 5303 καί
3836 5251 3912 5303 ἐκ
3936 5251 4036 5303 τοῦ

2456 5347 2746 5413 ποτηρίου
2772 5345 2990 5399 πινέτω
3010 5361 3024 5374 ·
3057 5348 3092 5399 ὀ
3115 5346 3224 5414 γὰρ
3247 5345 3467 5399 ἐσθίων
3494 5344 3593 5396 καὶ
3650 5343 3849 5395 πίνων
3894 5343 4037 5398 ἀνα-

2455 5436 2616 5502 ξίως,
2640 5439 2815 5507 κρῖμα
2851 5435 3041 5501 ἐαυτῷ
3067 5437 3255 5490 ἐσθίει
3289 5436 3388 5490 καὶ
3427 5438 3608 5500 πίνει,
3665 5439 3752 5503 μὴ
3808 5435 4039 5503 διακρί-

2455 5547 2598 5594 νων,
2633 5531 2911 5584 τουτέστιν
2943 5528 3212 5594 ἐξετάζων
3235 5530 3330 5582 καὶ
3381 5528 3577 5581 ἐννοῶν
3605 5527 3673 5582 τὸ
3721 5526 3901 5596 σῶμα
3936 5527 4038 5582 τεῦ

2457 5623 2676 5689 Κυρίου
2729 5620 3106 5692 προκείμενον.
3165 5619 3375 5673 Εἰδὲό
3408 5619 3528 5672 καθ’
3569 5619 3765 5673 ἑαυτὸν
3813 5620 3873 5670 ἒν
3928 5634 4032 5672 τινι

2449 5802 2487 5830 ιδ
2529 5801 2543 5853 l
2594 5801 2720 5856 Cur.
2767 5818 2840 5867 ιιι,
2875 5802 2966 5854 27.
3048 5801 3254 5857 "ibid.
3290 5801 3380 5868 es,
3417 5802 3502 5855 εει).
