4236 6442
797 410 904 471 52'!

1512 404 1932 466 EUSTATllll
1971 403 2735 465 TllESSALONICENSlS
2767 409 3207 470 METROI‘OLI
3229 406 3333 468 ΓΕ

3935 405 4057 472 528

795 519 938 575 hinc
990 519 1207 574 tertiam
1251 513 1648 585 expositionem
1698 527 1863 567 sensu
1916 513 2156 582 mysterii
2204 511 2364 582 pleno
2392 524 2474 584 Αι

2471 515 2698 585 στέραή
2751 516 2908 586 τρίτη
2942 517 3064 569 κατ’
3114 518 3326 570 ἔννοιαν
3361 515 3608 588 ἐπιϐολὴ,
3660 516 3900 587 ἐχομένη
3958 526 4060 572 καὶ

787 613 1169 683 accipiendam
1203 625 1324 666 esse
1367 618 1529 677 atque
1568 606 1710 659 illam
1748 605 2014 672 attingere
2051 604 2358 658 doctrinam

794 702 1222 759 recouditiorem
1259 713 1422 770 quam
1455 698 1519 751 de
1553 695 1909 750 retributione
1963 693 2226 746 bonorum
2263 692 2365 746 bu-

795 800 886 866 jus
921 796 1043 850 vitae
1072 808 1294 864 operum
1339 803 1541 846 aeterna
1571 798 1626 843 et
1649 788 1714 842 de
1755 787 1966 841 ultione
2014 794 2363 855 peccatorum

796 893 925 944 dum
981 890 1070 944 hic
1121 889 1354 942 vivimus
1405 881 1823 937 commissorum
1863 878 2189 945 accepimus.
2241 874 2364 930 Dis-

797 993 1074 1052 ecptatum
1135 979 1281 1035 enim
1325 987 1428 1038 est,
1477 990 1576 1028 cur
1625 972 1769 1026 Deus
1814 972 1966 1025 illum
2021 970 2114 1038 qtti
2161 969 2265 1023 hoc
2308 969 2363 1022 in

798 1072 1005 1124 mundo
1037 1077 1256 1139 peccata
1293 1065 1521 1119 lituitzita
1556 1064 1815 1122 admittit.
1861 1063 1915 1114 itt
1959 1068 2218 1114 a-tcrnttm
2266 1075 2369 1128 pu-

798 1164 934 1215 niat.
971 1161 1051 1215 Ad
1087 1161 1246 1229 hujus
1291 1157 1615 1226 quaestionis
1648 1154 1977 1208 solutionem
2027 1151 2370 1221 sapientissi-

799 1271 924 1310 tnus
970 1253 1059 1306 Dei
1091 1251 1299 1307 Psaltcs
1351 1253 1405 1306 in
1446 1251 1564 1304 loco
1603 1249 1765 1304 modo
1811 1257 2113 1301 memorato
2155 1246 2367 1310 alludit,

797 1357 852 1400 et
887 1347 1153 1399 indirecte
1203 1346 1395 1398 saltent
1443 1352 1495 1396 et
1537 1341 1837 1396 secundum
1889 1357 2110 1394 sensum
2165 1339 2370 1408 profert

798 1439 1217 1505 explicationem
1255 1435 1342 1488 cui
1391 1448 1550 1487 nemo
1586 1430 1930 1486 Christianus
1963 1431 2193 1482 lirmiter
2219 1429 2372 1482 oblo-

801 1534 892 1602 qui
940 1531 1252 1584 conabitur.
1301 1527 1507 1580 Sensus
1538 1537 1716 1578 autem
1751 1513 1948 1577 I‘Salta:
1997 1521 2084 1574 hic
2120 1529 2202 1574 est
2228 1537 2241 1572 :
2272 1520 2372 1572 Bo-

801 1639 930 1677 num
965 1631 1019 1676 et
1045 1619 1235 1675 virtuti
1284 1618 1594 1673 studentem
1645 1615 1919 1667 hominem
1955 1623 2176 1682 propter
2203 1610 2367 1663 vitam

801 1719 926 1771 licet
957 1715 1336 1769 brevissimam
1386 1710 1571 1762 virtuti
1617 1715 1999 1760 consecratam
2027 1704 2366 1772 adepturum

800 1826 922 1865 esse
951 1809 1094 1863 bona
1127 1815 1351 1867 mterna,
1386 1810 1571 1871 utpote
1614 1799 1704 1870 qui
1750 1797 2031 1852 laboribus
2080 1805 2134 1850 et
2182 1795 2366 1856 luetis,

800 1903 870 1956 ob
900 1914 1052 1968 spem
1105 1896 1252 1950 illius
1281 1895 1405 1947 vitm
1448 1893 1852 1951 inconcussam,
1895 1902 2115 1942 carnem
2155 1885 2382 1938 monili-

801 1992 1030 2046 carerit.
1069 1989 1132 2044 Et
1175 1987 1256 2042 sic
1285 1984 1640 2040 conclusione
1669 1978 2046 2053 philosophica
2078 1986 2131 2033 et
2166 1979 2376 2030 ratione

801 2102 866 2140 ex
914 2082 1168 2154 opposito
1196 2079 1428 2134 deducta
1464 2077 1611 2130 illam
1656 2074 2017 2144 quaestionem
2055 2077 2378 2126 controver-

801 2196 918 2235 sam
961 2177 1142 2240 solvit,
1178 2185 1494 2241 supponens
1535 2167 1680 2236 quod
1706 2167 1893 2236 justus
1931 2162 2094 2217 homo
2133 2161 2188 2214 in
2235 2174 2375 2230 pra:-

802 2270 943 2326 St'ttli
995 2270 1118 2323 vitae
1173 2266 1424 2319 humanae
1480 2259 1682 2315 saeculo
1735 2267 2066 2325 occupatur,
2140 2269 2246 2307 non
2298 2250 2376 2305 uti

803 2367 917 2418 fors
964 2361 1151 2416 tulerit
1183 2356 1310 2426 (hoc
1353 2354 1497 2409 enim
1535 2353 1625 2406 vix
1659 2350 1826 2405 ullius
1859 2348 1997 2402 foret
2039 2345 2250 2417 pretii),
2282 2343 2378 2400 sed

803 2457 1096 2510 admodum
1147 2463 1456 2506 arrumnose
1514 2455 1570 2499 et
1623 2459 1748 2499 cum
1806 2442 1980 2497 multo
2035 2450 2090 2495 et
2127 2453 2380 2510 perseve-

804 2557 962 2603 rante
979 2557 1032 2601 ct
1050 2545 1314 2601 continuo
1337 2551 1389 2595 et
1413 2535 1695 2594 cxclnsivo
1719 2546 1794 2601 et,
1819 2543 1876 2588 ut
1897 2535 1970 2587 ita
1994 2531 2196 2597 dicam,
2217 2531 2380 2585 unico

802 2653 853 2696 et
890 2651 1094 2696 aeterno
1123 2638 1328 2699 labore,
1375 2631 1647 2703 siquidem
1692 2645 1787 2700 per
1825 2635 1998 2682 totam
2040 2625 2208 2682 vitam
2259 2625 2380 2680 sine

805 2731 1216 2791 intermissione
1251 2728 1513 2782 luctatur.

886 2825 974 2879 10.
1007 2823 1122 2876 Non
1152 2819 1297 2876 enim
1329 2817 1488 2881 dixit,
1517 2813 1808 2868 Labor-avit
1843 2810 2012 2868 certis
2049 2809 2382 2872 interstitiis,

806 2919 914 2970 alio
951 2925 1196 2984 tempore
1217 2919 1270 2966 et
1301 2911 1431 2973 alio,
1463 2908 1583 2974 sed,
1618 2907 1789 2962 semel
1819 2904 2088 2960 laboravit
2118 2905 2172 2957 itt
2229 2910 2384 2956 aeter-

806 3024 960 3072 num,
991 3009 1094 3061 hoc
1128 3013 1212 3059 est
1240 3003 1630 3057 convenienter
1659 2999 1783 3053 vitae
1829 2997 2058 3066 tempori
2090 2996 2140 3049 ei
2193 2996 2248 3049 itt
2281 2993 2384 3048 bac

812 3115 952 3154 terra
988 3110 1272 3151 concesso.
1304 3093 1572 3159 Quoniam
1635 3091 1800 3159 igitur
1855 3104 1951 3158 per
2007 3099 2172 3142 totam
2245 3087 2385 3139 hanc

810 3193 975 3244 vitam
1012 3188 1120 3242 Deo
1153 3185 1371 3256 placuit,
1407 3181 1531 3249 jure
1561 3182 1869 3249 meritoque
1903 3180 2045 3232 vivet
2095 3177 2264 3232 etiam
2330 3177 2382 3230 in

811 3285 995 3342 tinem.
1029 3281 1080 3332 id
1113 3285 1198 3333 est
1253 3277 1305 3330 itt
1333 3289 1496 3329 omne
1528 3282 1740 3341 tempus
1770 3281 1824 3324 et
1861 3285 2032 3339 usque
2060 3271 2124 3322 ad
2158 3268 2387 3338 profun-

810 3378 1036 3427 ditatem
1066 3370 1252 3425 saeculi
1312 3367 1532 3428 infiniti,
1600 3366 1759 3434 cujus
1823 3364 1946 3417 linis
1982 3372 2063 3418 ist
2121 3364 2384 3418 inlinitas.

813 3470 1106 3535 Propterea
1135 3461 1278 3514 enim
1315 3458 1458 3526 quod
1492 3468 1576 3512 est
1605 3457 1729 3511 linis
1765 3456 1991 3510 omnino
2065 3458 2277 3511 stabilis
2335 3467 2389 3512 et

813 3556 1190 3619 illiw-litabilis,
1219 3552 1366 3606 nullo
1397 3551 1566 3604 limite
1601 3549 1828 3602 aliarum
1864 3563 2042 3603 rerum
2077 3549 2254 3601 instar
2277 3549 2389 3602 cir-

813 3651 1204 3717 CUILISCI‘iplus,
1243 3645 1362 3698 ideo
1396 3645 1556 3696 homo
1589 3640 1862 3709 perlectus
1910 3641 2128 3709 assequi
2164 3651 2390 3694 conten-

813 3744 894 3797 dit
925 3741 1055 3796 illttd
1083 3739 1228 3808 quod
1257 3746 1340 3790 est
1363 3733 1624 3788 sacculum
1678 3733 2026 3795 saeculorum,
2055 3731 2215 3800 cujus
2243 3733 2389 3786 litui-

819 3846 900 3888 tes
956 3846 1172 3888 omuem
1239 3836 1475 3883 mentem
1534 3827 1826 3892 excedunt,
1892 3825 2145 3895 quodque
2193 3827 2392 3880 sa-cula

815 3925 1160 3996 practerlapsa
1188 3921 1242 3974 in
1293 3931 1558 3972 internum
1611 3917 1888 3971 concludit
1913 3927 1968 3971 et
2035 3918 2117 3972 sic
2173 3919 2392 3973 caeteris

820 4019 1114 4071 terminum
1151 4013 1404 4083 imponit,
1442 4019 1502 4065 ut
1528 4011 1692 4065 veluti
1719 4011 1955 4079 sigillum
1985 4012 2067 4066 eis
2096 4011 2391 4077 imprimat.

819 4111 884 4165 Et
914 4112 1016 4165 hoc
1050 4108 1269 4177 quidem
1303 4105 1535 4158 addecet
1565 4101 1758 4168 Deum,
1791 4103 2047 4155 nimirum
2082 4113 2138 4155 ut
2163 4103 2394 4172 gratiam

818 4207 1036 4274 dignam
1080 4215 1176 4270 pro
1203 4198 1379 4268 gratia
1440 4196 1704 4266 rependat
1773 4196 1820 4248 ei
1884 4195 1975 4264 qui
2033 4195 2210 4264 ipsum
2271 4211 2396 4251 vere

819 4309 1144 4364 semperque
1169 4291 1378 4352 dilexit,
1405 4297 1460 4343 et
1489 4291 1749 4343 saeculum
1776 4287 2046 4340 inlinitum
2077 4288 2264 4340 reddat
2298 4302 2397 4355 pro

821 4387 987 4456 hujus
1021 4384 1206 4437 mundi
1240 4381 1464 4446 saculo,
1498 4381 1551 4435 in
1586 4395 1696 4450 quo
1728 4379 1912 4434 cultor
1979 4379 2151 4449 ipsius
2183 4381 2400 4433 labora-

821 4483 917 4542 ιιι,
946 4476 1226 4538 stt-culum,
1262 4473 1509 4541 inquam,
1571 4470 1780 4524 inlinite
1811 4484 1980 4538 supra
2013 4471 2250 4522 humana
2285 4471 2400 4522 ela-

822 4568 1199 4638 tutn,ipsiqtte
1245 4565 1543 4634 proprium,
1595 4563 1712 4629 lege
1764 4560 2020 4614 amicitiae
2081 4575 2202 4630 qua:
2261 4561 2398 4616 bona
2432 4541 2474 4594 θ

823 4663 1125 4714 amicorum
1164 4655 1477 4712 communia
1511 4669 1634 4708 esse
1657 4652 1834 4721 jubet.

893 4753 984 4806 tl.
1020 4749 1140 4804 Jatn
1177 4749 1223 4803 si
1257 4749 1359 4801 hoc
1387 4746 1465 4800 sic
1532 4759 1589 4799 se
1648 4744 1812 4798 habet
1844 4742 2032 4812 (quod
2091 4735 2401 4796 addubitari

824 4860 933 4896 non
994 4839 1244 4912 potest),
1298 4844 1700 4904 consequenter
1755 4851 1819 4888 cx
1877 4835 2126 4904 opposito
2179 4836 2404 4887 demon-

826 4936 1092 4990 strabitur
1124 4933 1399 4987 hominem
1434 4930 1525 4998 qui
1576 4943 1683 4982 non
1714 4928 1980 4982 laboravit
2035 4928 2089 4980 in
2144 4929 2402 4982 smculum

827 5047 1008 5100 neque
1067 5029 1251 5082 vivere
1277 5028 1330 5079 itt
1394 5025 1554 5078 linem
1602 5009 1775 5076 sancti
1837 5022 2032 5088 instar,
2084 5021 2179 5074 sed
2239 5021 2404 5071 vitam

827 5128 1000 5194 ipsius
1045 5136 1275 5192 prorsus
1306 5120 1577 5173 diversam
1639 5117 1829 5184 illique
1865 5114 2198 5168 contrariam
2268 5112 2404 5166 f0te.

829 5207 885 5271 Si
916 5217 1060 5271 enim
1086 5215 1175 5268 ille
1200 5219 1463 5266 aeternum
1527 5210 1660 5263 virit
1715 5209 1768 5262 itt
1829 5208 1988 5262 bonis
2035 5205 2107 5260 ob
2169 5206 2405 5258 animam

831 5308 1216 5369 immortalem,
1245 5305 1332 5358 hic
1371 5319 1401 5357 e
1431 5313 1643 5366 contra,
1683 5312 1934 5371 peccator
1980 5301 2263 5362 nimirum,
2301 5297 2409 5350 alio

831 5401 992 5452 modo
1029 5399 1170 5450 vivet
1199 5398 1253 5449 in
1289 5411 1396 5450 non
1457 5395 1632 5458 bonis,
1689 5395 1742 5446 itt
1795 5405 2055 5447 aeternum
2115 5400 2296 5445 tamen
2342 5392 2412 5443 ob

831 5495 1065 5544 :uiimant
1093 5489 1385 5543 identidem
1415 5487 1574 5541 morti
1607 5501 1711 5539 non
1738 5485 2060 5552 subjectum.
2088 5482 2181 5536 Est
2205 5491 2411 5545 autem,

831 5601 895 5641 ne
926 5586 1121 5654 longus
1150 5584 1274 5641 sim.
1310 5597 1504 5635 sensus
1537 5579 1648 5632 fere
1681 5579 1767 5632 hic
1806 5595 1818 5630 :
1849 5576 2040 5631 Justus
2088 5591 2182 5643 per
2241 5582 2408 5626 totam

832 5685 994 5733 vitatu
1027 5677 1078 5728 itt
1113 5676 1215 5728 hoc
1245 5675 1446 5727 mundo
1481 5680 1811 5725 transdctam
1843 5669 2121 5730 laboravit,
2148 5681 2278 5735 ergo
2307 5664 2414 5717 illic

836 5777 973 5820 met
1005 5765 1261 5819 felicitate
1291 5779 1413 5816 cum
1453 5762 1562 5813 Deo
1593 5763 1781 5813 l‘ruens
1808 5767 2009 5812 acterna
2036 5773 2050 5822 ;
2098 5756 2186 5810 ille
2220 5771 2400 5807 autem

830 5859 923 5930 qui
954 5873 1061 5912 non
1117 5857 1304 5913 eodem
1339 5859 1501 5912 modo
1548 5855 1710 5909 vitam
1749 5865 2038 5920 moresque
2073 5849 2401 5918 composuit,

2471 608 2888 675 μυσταγωγίας,
2941 608 3010 676 ἣν
3042 611 3171 678 περὶ
3221 610 3319 677 τῆς
3367 609 3584 662 αἰωνίου
3613 610 3707 660 καὶ
3743 610 4060 662 ἀνταποδό-

2469 717 2608 762 σεως
2641 701 2749 754 τῶν
2777 703 2831 754 ὲν
2858 702 2960 772 βίῳ
2987 702 3211 769 ἀγαθῶν
3243 704 3336 754 καὶ
3369 702 3693 764 ἀντιδόσεως
3734 702 3847 754 τῶν
3877 705 3940 756 ἐν
3976 702 4059 770 τῷ

2470 791 2620 862 βιοῦν
2649 794 2991 862 σφαλμάτων
3008 792 3413 861 παρελάϐομεν.
3449 793 3750 860 Ἡπόρηται
3784 792 3890 861 μὲν
3917 795 4056 861 γὰρ,

2467 886 2610 939 διατί
2635 887 2663 940 ὁ
2690 887 2822 949 Θεὸς
2849 887 3185 956 ἀτελεύτητα
3221 886 3444 950 κολάζει
3478 890 3591 939 ἐκεῖ
3625 888 3715 940 τὸν
3741 889 4059 939 ἐπταικότα

2472 980 2530 1032 ἒν
2559 983 2625 1048 τῇ
2659 981 2802 1032 κατά
2835 983 3039 1048 κόσμον
3074 981 3390 1051 ἀναστροφῇ
3434 980 3721 1050 μετρητά;
3753 979 3974 1032 Τούτου
4001 979 4059 1030 δὲ

2471 1070 2628 1123 λύσιν
2673 1073 3118 1140 ὑποκρονόμενος
3150 1075 3208 1124 ἐν
3257 1077 3370 1135 τοῖς
3415 1075 3544 1141 ἀρτι
3573 1075 3600 1125 ὁ
3643 1074 3929 1138 πάναοφος
3961 1071 4062 1120 τοῦ

2471 1162 2607 1214 Θεοῦ
2643 1165 2887 1232 Ψάλτης,
2937 1164 3300 1234 προϐάλλεται
3349 1164 3443 1216 νῦν
3486 1165 3704 1215 λυτιιόν
3741 1181 3865 1215 τινα
3897 1163 4061 1227 λόγον

2472 1257 2768 1326 ἐπιχειρῶν
2803 1257 2864 1307 ὲκ
2897 1258 3002 1308 τῶν
3043 1256 3348 1326 πόρρωθεν,
3387 1255 3508 1307 κατ’
3543 1257 3771 1313 ἔννοιαν.
3811 1250 4061 1326 ᾖοῦδεῖς

2472 1349 2800 1419 Χριστιανὸς
2846 1351 3184 1418 ἐπιχειρήσει
3244 1350 3658 1401 ἀντιπαλαίσειν
3714 1352 3796 1410 εἰς
3845 1350 4062 1399 ἀκατά-

2471 1442 2688 1510 ϐλητον.
2732 1443 2888 1493 Ἐστι
2920 1442 2975 1492 δὲ
3002 1441 3238 1501 τοιοῦτος
3277 1443 3305 1493 ὁ
3335 1440 3457 1502 νοῦς
3481 1441 3559 1510 τῷ
3598 1441 3894 1508 Ψαλμῳδῷ
3920 1457 3936 1469 ο
3974 1439 4062 1491 λέ-

2471 1547 2558 1597 γει
2585 1531 2676 1583 τὸν
2700 1529 2906 1596 ἀγαθὸν
2936 1531 3029 1582 καὶ
3058 1530 3312 1594 ἐνάρετον
3336 1528 3624 1597 ἄνθρωπον
3646 1529 3732 1580 διὰ
3755 1529 3856 1591 τὴν
3889 1527 4064 1594 πρόσ-

2474 1635 2666 1685 καιρον
2701 1617 2887 1687 βιοτὴν
2916 1617 3078 1670 αὐτοῦ
3106 1621 3201 1672 καὶ
3231 1618 3432 1686 ἀρετὴν
3458 1615 3838 1684 ἀπολήψεσθαι
3869 1616 4060 1680 ἀγαθὰ

2473 1709 2692 1776 αἰώνια,
2719 1708 3075 1782 νεκρώσαντα
3126 1711 3316 1772 κόποις
3351 1709 3448 1762 καὶ
3496 1710 3683 1771 πόνοις
3729 1708 3833 1771 τὴν
3872 1707 4060 1776 σάρκα

2474 1803 2562 1855 διὰ
2585 1803 2686 1870 τὴν
2720 1803 2995 1872 σταθερὰν
3025 1803 3217 1855 ἐλπίδα
3239 1803 3336 1871 τῆς
3365 1803 3545 1854 ἐκεῖσε
3573 1800 3740 1870 ζωῆς.
3774 1803 3886 1852 Καὶ
3910 1800 4059 1852 οὕτω

2481 1896 2753 1965 φιλοσόφῳ
2785 1896 3022 1948 διαθέσει
3053 1896 3144 1947 καὶ
3176 1895 3433 1964 κοινωνία
3462 1895 3535 1954 ὠς
3560 1895 3618 1960 ἐξ
3643 1894 3897 1946 ἐναντίου
3934 1891 4062 1944 τού-

2477 2005 2572 2041 του
2603 1987 2841 2056 θέματος
2875 1987 2992 2038 λύει
3017 1989 3196 2039 ἐκεῖνο
3225 1987 3284 2039 τὸ
3316 1986 3594 2039 ἀντίθετον
3621 1987 3853 2053 ἄπορον,
3893 1983 4056 2045 νοῶν,

2477 2082 2560 2134 ὅτι
2593 2081 2622 2134 ὁ
2651 2080 2861 2141 δίκαιος
2891 2078 3177 2147 ἄνθρωπος
3216 2076 3529 2146 ἀσχολεῖται
3577 2078 3658 2138 εἰς
3688 2075 3782 2127 τὸν
3808 2074 4061 2140 παρόντα

2478 2172 2674 2228 αἰῶνα,
2704 2171 2798 2223 τὸν
2832 2170 2931 2239 τῆς
2979 2169 3100 2223 κατ’
3137 2167 3426 2238 ἄνθρωπον
3469 2166 3641 2236 ζωῆς,
3691 2166 3751 2218 οὒ
3792 2165 3963 2233 μόνον
3988 2168 4060 2224 ὡς

2480 2263 2752 2332 ἐνδέχεται
2791 2260 2966 2330 (οὐδὲν
3000 2260 3108 2330 γάρ
3155 2260 3300 2329 μέγα
3333 2259 3394 2312 τὸ
3437 2258 3609 2322 οὕτως
3645 2256 3870 2323 εἰπεῖν),
3923 2256 4063 2307 ἀλλὰ

2479 2360 2558 2419 εἰς
2586 2357 2706 2409 λίαν
2737 2354 3010 2417 ἐπιπόνως
3046 2355 3139 2405 καὶ
3170 2353 3307 2422 μετά
3331 2350 3526 2405 πολλοῦ
3555 2351 3724 2403 κόπου
3750 2349 3849 2402 καὶ
3883 2348 4068 2416 διηνε-

2481 2447 2610 2511 κοῦς
2638 2448 2730 2500 καὶ
2767 2445 3025 2515 συνεχοῦς
3054 2446 3148 2497 καὶ
3180 2443 3442 2512 ἑπιμόνου
3473 2443 3568 2494 καὶ
3595 2441 3670 2502 ὡς
3705 2435 3822 2492 οἷον
3849 2441 4061 2490 ὲνιαίου

2481 2541 2578 2594 καὶ
2608 2538 2752 2593 οὕτω
2785 2556 2902 2601 πως
2935 2537 3181 2601 αἰωνίου,
3230 2535 3320 2589 διά
3348 2534 3410 2588 τὸ
3454 2533 3766 2595 άδιακόπως
3794 2534 3855 2584 ἐν
3905 2531 4067 2599 πάσῃ

2480 2637 2548 2704 τῇ
2579 2631 2744 2688 αὑτοῦ
2775 2631 2888 2703 ζωῇ
2919 2633 3123 2685 πονεῖν.

2555 2817 2609 2876 t'.
2648 2818 2723 2872 Οὐ
2747 2816 2857 2887 γάρ
2887 2814 3101 2877 ἐκοπία,
3129 2813 3314 2882 φησὶν,
3345 2811 3408 2863 ἐκ
3433 2825 3592 2862 τινων
3623 2807 4062 2875 διαλειμμάτων.

2484 2911 2673 2966 ἄλλοτε
2721 2910 2816 2961 καὶ
2872 2904 3081 2966 ἄλλοτε,
3124 2902 3259 2956 ἀλλά
3319 2895 3572 2960 καθάπαξ
3623 2895 3928 2947 ἐκοπίασεν
3983 2897 4064 2954 εἰς

2486 3004 2746 3066 αἰώνιον,
2793 3001 2821 3053 ὃ
2878 2999 3028 3050 ἐστιν
3084 2995 3360 3061 ἀναλόγως
3413 2989 3492 3060 τῷ
3553 2986 4065 3056 ἐπιμεμετρημένῳ

2489 3093 2639 3163 αὐτῷ
2688 3088 2922 3143 ἐνταῦθα
2997 3086 3175 3139 αἰῶνι.
3238 3082 3392 3136 Ἐπεὶ
3441 3078 3535 3134 οὗν
3580 3079 3703 3131 ὅλον
3744 3078 3840 3128 τὸν
3889 3072 4063 3127 αὐτοῦ

2492 3186 2665 3240 αἰῶνα
2694 3181 2881 3236 τοῦτον
2906 3178 3217 3247 θεαρέστως
3241 3173 3430 3245 ἔζησε,
3457 3169 3680 3230 δικαίως
3709 3168 3947 3235 ζήσεται
3972 3164 4066 3215 καὶ

2496 3295 2516 3328 ι
2551 3277 2630 3337 εἰς
2660 3273 2836 3336 τέλος,
2877 3289 2895 3322 ι
2932 3270 3100 3340 ἡγουν
3129 3268 3217 3319 διὰ
3250 3264 3474 3327 παντὸς,
3509 3264 3604 3313 καὶ
3642 3261 3810 3328 μέχρι
3861 3255 4065 3324 βάθους

2490 3367 2722 3434 ἀπείρου
2758 3362 2981 3426 αἰῶνος,
3009 3353 3071 3412 οὗ
3107 3362 3282 3427 πέρας
3306 3351 3419 3407 οἷον
3448 3353 3694 3420 ἀπειρία.
3735 3351 3845 3402 Καὶ
3869 3348 3937 3399 τὸ
3971 3347 4066 3399 αὖ·

2489 3461 2582 3513 τὸν
2613 3458 2746 3516 ὅλως
2789 3449 2928 3505 εἶναι
2977 3451 3203 3519 μόνιμον
3243 3447 3416 3507 τέλος,
3456 3443 3551 3496 καὶ
3589 3442 3665 3511 μή
3716 3439 3863 3510 ἔχειν
3895 3441 4070 3493 κατά-

2493 3568 2693 3605 παυσιν
2723 3550 2795 3610 ὡς
2819 3545 3007 3614 ἕτερον
3031 3559 3104 3603 τι,
3134 3540 3346 3606 πέφυκε
3371 3534 3747 3602 τελειούμενον
3775 3530 4068 3600 δευτερεύ-

2491 3661 2573 3697 ειν
2615 3639 2946 3711 μετῗαὺτδν,
2991 3633 3204 3686 αἰώνων
3227 3631 3358 3683 ὄντα
3404 3627 3595 3688 αἰῶνα,
3633 3619 3694 3677 οὗ
3731 3625 3911 3687 πέρας
3958 3622 4065 3674 οὐδ’

2493 3739 2560 3793 ἂν
2580 3728 2944 3803 ’ἐπινοήσηταί
2976 3749 3085 3795 τ.ς,
3116 3729 3210 3782 καὶ
3247 3727 3398 3786 τέλος
3427 3721 3640 3776 αἰώνων
3672 3719 3780 3770 τῶν
3832 3718 3945 3786 πρὸ
3973 3718 4067 3769 αὖ·

2492 3830 2610 3892 τοῦ,
2647 3828 3065 3883 ἀκατάπαυστον
3107 3823 3197 3876 δέ·
3235 3819 3378 3873 οὕτω
3420 3812 3764 3883 περατοῦντα
3814 3811 3948 3869 τοὺς
3981 3811 4069 3860 ἆ)-

2493 3923 2642 3984 λους,
2665 3920 2796 3972 ὡσεὶ
2827 3919 2918 3970 καί⁸
2944 3914 3179 3983 σφραγὶς
3208 3911 3368 3972 αὐτὸς
3395 3909 3624 3968 ἐκείνοις
3645 3903 3929 3955 ἐπέκειτο.
3961 3899 4068 3952 Καὶ

2495 4012 2612 4065 ἔστι
2637 4011 2796 4063 τοῦτο
2852 4009 3062 4078 πρέπον
3091 4005 3168 4072 τῷ
3206 4001 3348 4072 Θεῷ,
3381 3999 3441 4052 τὸ
3482 3999 3644 4068 χάριν
3689 3994 3896 4063 δηλαδὴ
3945 3992 4069 4044 ἀντὶ

2495 4105 2720 4174 χάριτος
2767 4099 2924 4172 ἀξίαν
2969 4096 3265 4152 ἀποδοῦναι
3304 4095 3384 4162 τῷ
3410 4091 3572 4145 αὐτὸν
3603 4089 3778 4160 ὀρθῶς
3805 4088 3916 4149 ἓως
3948 4085 4068 4139 ὅλον

2499 4195 2867 4265 ἀγαπήσαντι,
2902 4190 2997 4243 καὶ
3035 4189 3226 4251 αἰῶνος
3254 4185 3559 4238 ἀντιδοῦναι
3590 4181 3761 4234 αἰῶνα
3792 4177 3891 4231 τοῦ
3932 4177 4071 4229 κατὰ

2499 4290 2727 4356 κόσμον,
2760 4286 2816 4336 ἐν
2847 4277 2889 4351 ᾧ
2913 4283 3210 4336 ὲκοπίασεν
3231 4282 3258 4332 ὁ
3296 4278 3460 4330 αὐτοῦ
3496 4275 3775 4344 θεράπων,
3807 4271 3904 4322 τὸν
3933 4270 4072 4337 ὑπὲρ

2499 4381 2566 4433 τὰ
2595 4378 2687 4431 τοῦ
2720 4377 2926 4446 κόσμου
2973 4372 3070 4426 τοῦ
3110 4370 3475 4441 ἀνθρωπίνου,
3518 4366 3612 4419 τὸν
3649 4362 3874 4428 ἑαυτοῦ,
3923 4362 4076 4431 νόμῳ

2502 4470 2706 4540 φιλίας,
2738 4467 2796 4531 ὃς
2822 4465 2977 4520 κοινά
3007 4465 3073 4518 τὰ
3096 4463 3204 4516 τῶν
3231 4462 3400 4530 φίλων
3427 4458 3654 4512 τίθεται.

2578 4745 2668 4800 ια’.
2704 4748 2762 4799 Εἰ
2794 4744 2859 4816 δὴ
2895 4743 3042 4796 τοῦθ’
3089 4741 3263 4803 οὓτως
3306 4739 3422 4809 ἔχει
3455 4736 3592 4806 (ἔχει
3615 4735 3672 4790 δὲ
3715 4734 3819 4787 οὐκ
3854 4733 4078 4799 ἄλλως),

2505 4839 2729 4906 εὔλογόν
2761 4839 2931 4901 ἐστιν,
2974 4835 3050 4897 ὡς
3099 4834 3156 4899 ἐξ
3188 4831 3430 4884 ἐναντίου
3476 4830 3644 4881 τόπου
3694 4826 4077 4895 ἐπιχειρῆσαι,

2509 4932 2600 4984 τδν
2636 4931 2711 4999 μὴ
2743 4929 3021 4982 κοπιῶντα
3048 4927 3128 4988 εἰς
3155 4929 3244 4976 τδν
3272 4921 3443 4974 αἰῶνα
3479 4919 3615 4989 μηδὲ
3655 4918 3756 4986 ζῇν
3788 4919 3874 4978 είς
3905 4918 4076 4978 τέλος,

2509 5023 2572 5075 τὸ
2595 5023 2734 5075 κατά
2768 5021 2859 5072 τὸν
2894 5019 3048 5084 ἅγιον
3076 5015 3385 5083 ἄνθρωπον,
3409 5011 3545 5064 ἀλλὰ
3580 5008 3857 5063 ἀνάπαλιν
3884 5009 4079 5076 ἐκείνῳ

2509 5114 2580 5167 τὰ
2613 5115 2690 5175 εἰς
2722 5112 2983 5179 ποιότητα
3010 5107 3176 5176 ζωῆς.
3205 5107 3266 5158 Εἰ
3297 5105 3402 5171 γὰρ
3430 5105 3636 5163 ἐκεῖνος
3662 5102 3728 5171 ζῇ
3759 5103 4004 5162 αἰωνίως
4029 5102 4081 5150 ἐν

2512 5206 2700 5266 καλοῖς
2732 5203 2820 5255 διὰ
2851 5203 2950 5270 τήν
2975 5199 3155 5268 ψυχὴν
3181 5197 3446 5251 ἀθάνατον
3467 5194 3652 5255 οὖσαν,
3683 5193 3710 5244 ὁ
3739 5191 3931 5249 λοιπὸς
3959 5194 4080 5260 ἄρα,

2512 5299 2539 5349 ὁ
2572 5293 2896 5363 ἁμαρτωλὸς
2938 5290 3161 5359 δηλαδὴ,
3203 5289 3427 5357 ζήσεται
3462 5284 3638 5345 άλλως
3676 5285 3776 5350 μὲν
3812 5283 3872 5332 ἐν
3899 5283 3962 5332 οὗ
3991 5299 4079 5332 κα-

2512 5389 2649 5452 λοῖς,
2674 5387 2906 5448 αἱωνίως
2935 5386 2992 5438 δὲ
3023 5385 3196 5451 ὅμως,
3219 5382 3307 5433 διὰ
3336 5382 3435 5449 τὴν
3464 5378 3633 5446 αὐτὴν
3657 5377 3841 5445 ιζιυχὴν
3873 5375 4082 5438 θανάτῳ

2521 5483 2595 5552 μὴ
2656 5480 3096 5534 ὑποπίπτουσαν.
3145 5477 3256 5528 Καὶ
3311 5473 3456 5526 ἐστιν
3513 5474 3547 5540 ή
3596 5472 3826 5534 τοιαύτη
3886 5471 4079 5528 ἔννοια,

2517 5571 2792 5638 ὲπιτόμως
2824 5570 3012 5636 φάναι,
3064 5566 3288 5633 τοιαύτη
3317 5582 3401 5627 τις
3427 5581 3440 5594 ·
3483 5562 3743 5614 ἐκοπίασε
3791 5562 3893 5628 τὴν
3927 5557 4079 5610 αὑτοῦ

2518 5662 2648 5730 ὃλην
2685 5660 2829 5725 ζωὴν
2855 5662 2882 5712 ὁ
2917 5659 3124 5720 δίκαιος
3151 5659 3208 5710 ὲν
3230 5656 3365 5725 τῷδε
3397 5654 3474 5722 τῷ
3503 5653 3717 5720 κόσμῳ.
3739 5651 3970 5720 ζήσεται
3993 5645 4078 5701 οὖν

2513 5753 2629 5803 ἐκεῖ
2661 5752 2804 5803 κατὰ
2829 5750 2963 5802 Θεὸν
2993 5745 3413 5807 ἀπολαυστικῶς
3461 5745 3539 5806 εἰς
3572 5742 3792 5794 αἰώνιον
3817 5756 3831 5770 ο
3874 5743 3902 5792 ό
3930 5741 3986 5792 δὲ
4011 5740 4074 5804 μὴ

2513 5843 2633 5897 κατ’
2667 5842 2828 5897 αὑτὸν
2860 5841 3008 5912 βιοὺς
3029 5841 3251 5910 ζήσεται
3279 5841 3378 5907 μὲν
3408 5838 3648 5901 πάντως,
3671 5831 3851 5897 ἄλλως
3883 5831 4075 5902 μέντοι,
