4236 6442
778 426 885 489 535

1496 416 2710 484 ΕΠΞΤΑΤΗῙΓΤΗΕΒΞΑΕΟΝΙΟΕΝΒΙΞ
2746 413 3310 479 METROPOLIT/E

3931 412 4047 475 536

767 544 968 594 cietero
1019 537 1141 593 lava
1168 544 1219 593 te
1262 544 1428 605 atque
1463 536 1656 592 sordes
1698 535 1977 606 absterge,
2012 534 2256 596 etiamsi,
2297 541 2351 587 ut

2464 532 2703 596 πλύνεις,
2741 532 2887 586 οὕτω
2912 531 3086 585 ποιῶν
3109 547 3124 562 ⁸
3160 524 3244 583 ἔτι
3277 529 3334 583 δὲ
3374 528 3473 581 καὶ
3505 528 3641 598 πρὸς
3670 524 3884 595 ὑγιείας
3912 526 4050 580 ἀνά-

768 632 824 685 in
856 630 1154 698 proverbio
1177 637 1284 692 est,
1332 628 1556 681 laterem
1608 629 1784 692 lavas,
1817 626 1948 682 dum
1976 626 2079 681 hoc
2108 625 2266 690 facis,
2291 632 2347 679 et

768 723 837 779 ad
875 724 1171 779 sanitatem
1202 721 1638 777 conservandam
1676 720 1875 774 lotioni
1909 720 1977 775 da
2007 734 2253 786 operam,
2282 733 2349 773 ne

768 830 995 885 corpus,
1048 821 1312 882 tanquam
1358 826 1552 865 servus
1590 809 1733 869 male
1765 809 1975 874 valens,
2032 808 2226 863 inutile
2249 808 2347 862 tibi

770 907 885 958 fiat.
925 902 1060 958 Dico
1098 904 1196 957 tibi
1248 902 1418 967 enim,
1469 900 1938 970 quemadmodum
1984 900 2193 954 ablutio
2239 915 2349 953 non

770 994 1116 1064 prohibetur,
1161 994 1272 1047 imo
1298 993 1551 1062 potiusin
1589 988 1805 1046 Iaudem
1841 991 2161 1060 purioribus
2184 990 2349 1055 cedit,

688 1146 691 1149 _
771 1099 840 1138 ne
862 1084 1002 1139 forte
1034 1083 1361 1152 Quibusdam
1394 1084 1557 1138 tardio
1595 1083 1725 1148 sint,
1769 1082 1843 1136 ita
1874 1083 2040 1136 etiam
2069 1083 2351 1137 lavacrum

774 1189 835 1229 se
894 1175 1080 1228 habet.
1117 1172 1237 1229 Jam
1297 1189 1426 1228 vero
1446 1174 1589 1227 haud
1645 1175 1808 1244 quasi
1861 1190 1959 1231 eos
2004 1175 2097 1243 qui
2136 1190 2194 1228 se
2243 1189 2352 1228 non

776 1266 1004 1319 abluunt
1033 1267 1337 1335 reprobans
1385 1266 1530 1331 dico,
1566 1267 1663 1322 sed
1704 1267 1837 1321 illud
1883 1267 2105 1337 quidem
2149 1269 2354 1321 bonum

776 1371 899 1410 esse
930 1371 1156 1419 censeo,
1189 1356 1259 1411 ob
1290 1356 1495 1411 laboris
1532 1346 1903 1412 constantiam
1937 1367 1991 1412 et
2030 1358 2356 1413 continuum

774 1451 936 1503 bona:
961 1448 1298 1503 valetudinis
1329 1456 1730 1516 contemptum,
1762 1451 1864 1503 hoc
1893 1458 2077 1504 autem
2112 1453 2356 1520 approbo

775 1550 999 1611 prepter
1024 1540 1159 1595 illud
1181 1541 1482 1595 effatum”
1520 1541 1827 1607 Lavatnini,
1881 1544 2005 1613 puri
2056 1545 2295 1598 estote’.
2334 1564 2352 1597 ι

850 1632 941 1685 l9.
996 1628 1052 1685 Si
1102 1646 1235 1688 vero
1279 1631 1479 1686 alicubi
1524 1633 1759 1703 legerem
1804 1642 2138 1704 praeceptum
2176 1652 2192 1689 :
2229 1635 2359 1689 Sor-

780 1721 1009 1785 descite,
1044 1728 1106 1775 ut
1153 1721 1423 1776 immundi
1468 1722 1633 1788 flatis,
1679 1739 1958 1794 nunquam
1992 1726 2207 1780 loturus
2270 1742 2359 1781 me

779 1828 985 1868 essem.
1018 1842 1090 1855 -
1118 1812 1386 1869 Praeterea
1413 1816 1674 1885 quoniam
1707 1816 1819 1871 vita
1854 1816 1920 1870 ad
1963 1831 2023 1873 se
2057 1832 2154 1873 vos
2182 1825 2358 1872 attra-

785 1904 890 1972 hit,
931 1905 1002 1959 ita
1033 1913 1093 1959 ut
1126 1907 1407 1975 perpetuis
1433 1910 1499 1961 ad
1530 1907 1777 1961 omnium
1836 1906 2129 1963 Dominum
2186 1907 2359 1965 Deum

782 1994 1103 2049 incumbere
1133 1995 1481 2050 orationibus
1520 2009 1629 2049 non
1656 1994 1903 2065 possitis,
1932 1995 2123 2051 offerte
2163 1996 2213 2051 ei
2252 1997 2361 2052 sal-

785 2094 895 2140 tem
937 2086 1209 2155 primitias
1239 2088 1506 2158 quaedam
1535 2101 1772 2152 annuas,
1806 2088 1913 2154 vel,
1952 2097 2011 2143 ut
2043 2089 2361 2148 accuratius

789 2179 994 2244 dicam,
1028 2180 1298 2244 horarias,
1344 2180 1569 2250 quando
1620 2181 1845 2236 occasio
1898 2196 2021 2237 sese
2076 2182 2361 2247 obtulerit,

786 2272 1248 2341 quemadmodum
1286 2272 1471 2337 David
1525 2272 1723 2328 alicubi
1781 2274 1914 2328 dicit
1962 2290 2025 2330 se
2072 2273 2361 2331 Dominum

788 2379 913 2419 esse
960 2365 1108 2419 omni
1161 2373 1409 2434 tempore
1460 2365 1836 2421 laudaturum.
1871 2366 1928 2422 Si
1971 2368 2120 2422 enim
2172 2367 2363 2424 fideles

789 2456 1029 2510 ministri
1084 2459 1217 2528 regii
1280 2472 1499 2527 semper
1548 2468 1748 2527 praesto
1804 2467 1932 2513 sunt
1988 2459 2127 2530 regi,
2185 2475 2366 2531 neque

792 2548 1167 2616 impediuntur
1206 2549 1505 2618 quominus
1534 2549 1699 2603 etiam
1745 2550 2109 2621 sibimetipsis
2154 2551 2363 2617 vivant,

791 2643 887 2695 sed
941 2640 1185 2695 otiantur
1236 2641 1293 2696 in
1353 2651 1619 2712 tempore,
1650 2651 1705 2697 et
1739 2642 1930 2705 edunt,
1982 2644 2199 2709 bibunt,
2232 2644 2365 2698 dor-

792 2731 988 2797 miunt,
1047 2747 1113 2786 ac
1153 2733 1410 2802 quaedam
1466 2734 1601 2803 ipsis
1663 2736 1978 2790 necessaria
2035 2733 2272 2799 faciunt,
2310 2745 2366 2791 et

792 2824 973 2878 bonus
1004 2840 1102 2878 rex
1153 2839 1260 2879 non
1299 2825 1479 2880 solum
1524 2841 1631 2880 non
1685 2826 2027 2896 indignatur,
2060 2827 2155 2881 sed
2200 2828 2364 2880 etiam

792 2915 1053 2969 benevole
1107 2916 1174 2968 ad
1220 2930 1285 2971 ea
1339 2916 1685 2982 adhortatur,
1758 2919 1933 2972 multo
1982 2921 2157 2988 magis
2220 2919 2365 2975 Deus

794 3006 1064 3077 ejusmodi
1104 3007 1247 3062 bona
1284 3009 1594 3066 cultoribus
1624 3011 1742 3074 suis
1770 3010 2039 3079 indulget,
2072 3011 2366 3067 facultates

794 3102 1041 3169 cujusvis
1118 3102 1445 3170 respiciens,
1504 3112 1690 3171 utpote
1745 3105 1839 3172 qui
1903 3118 2004 3157 nec
2062 3121 2205 3175 aegre
2262 3106 2365 3160 fert

2456 626 2674 696 κλησιν,
2709 626 2797 679 ἵνα
2827 624 2904 694 μὴ
2930 624 3280 694 καχεκτήσας
3309 624 3338 677 ό
3366 620 3551 685 δοῦλος
3579 620 3643 674 τὸ
3670 620 3853 689 σῶμα,
3878 620 4048 689 γένη-

2454 718 2548 771 ταί
2588 734 2670 770 σοι
2696 716 3057 787 δύσχρηστος.
3106 717 3270 785 Λέγω
3311 716 3395 769 σοὶ
3425 715 3557 785 γάρ,
3609 716 3715 777 ὅτι,
3758 715 3953 785 ὥσπερ
3984 714 4053 767 τδ

2454 809 2854 863 ἀπονίπτεσθαι
2888 808 2950 861 οὐ
2982 807 3311 872 κεκώλυται,
3354 806 3493 861 ἀλλά
3525 804 3623 859 καὶ
3673 807 3877 877 μᾶλλον
3907 806 4058 875 πρὸς

2457 902 2688 955 ἔπαινον
2720 904 2833 964 τοῖς
2878 900 3330 972 καθαρειοτέροις
3362 899 3773 968 ἐπιτηδεύεται,
3820 897 3912 950 ἵνα
3974 896 4057 966 μὴ

2456 995 2553 1049 καὶ
2593 995 2976 1065 μυσάττωνται
3021 994 3163 1064 πρός
3212 1010 3399 1059 τινων,
3436 991 3584 1045 οὕτω
3612 993 3755 1045 νοεῖν
3787 990 3907 1044 ἐστι
3950 989 4059 1043 καὶ

2456 1088 2549 1142 ἐπὶ
2576 1088 2671 1139 τοῦ
2707 1088 3002 1157 λούματος.
3032 1086 3206 1139 Τοῦτο
3225 1086 3281 1140 δέ
3312 1103 3459 1155 φημι
3489 1086 3549 1138 ού
3585 1086 3710 1147 τοὺς
3744 1082 4057 1137 ἀλουτοῦν-

2460 1196 2557 1241 τας
2596 1179 3039 1249 βδελυττόμενος,
3082 1177 3220 1232 ἀλλά
3276 1178 3459 1230 ἐκεῖνο
3495 1177 3662 1229 καλὸν
3692 1177 3903 1246 κρίνων
3959 1175 4058 1227 διά

2459 1272 2793 1340 φερεπονίαν
2820 1272 2915 1324 καὶ
2942 1269 3346 1341 ἀπειροκαλίας
3374 1269 3569 1339 ἐντελῆ
3620 1268 4057 1338 περιφρόνησιν,

2460 1363 2554 1416 καὶ
2607 1362 2767 1415 τοῦτο
2801 1361 3074 1433 ἐγκρίνων
3102 1361 3190 1414 διὰ
3219 1360 3281 1413 τό
3306 1376 3321 1394 ο
3383 1377 3403 1411 ι
3463 1359 3775 1424 Λούσασθε,
3812 1358 4057 1427 καθαροὶ

2461 1452 2710 1523 γένεσθε.
2751 1472 2771 1505 ι

2534 1632 2621 1688 ιθ’.
2654 1632 2719 1685 El
2747 1633 2805 1687 δέ
2836 1649 2941 1686 που
2976 1632 3217 1700 ἀνέγνων
3263 1634 3385 1696 καὶ,
3420 1632 3504 1686 ὅτι
3560 1630 3938 1702 Ῥυπάνθητε,
3976 1630 4056 1693 ὡς

2462 1723 2881 1793 ἀναπεπλῆσθαι
2945 1722 3143 1793 πηλοῦ,
3200 1723 3516 1793 ἐλουσάμην
3561 1723 3629 1777 ἂν
3677 1722 4057 1777 οὐδέποτε.-

2466 1816 2595 1869 Ἐτι
2633 1815 2936 1885 ἐνδελεχεῐς
2962 1815 3025 1868 ού
3057 1814 3352 1886 δυνάμενοι
3397 1813 3709 1885 προσευχάς
3754 1813 3853 1866 καὶ
3884 1813 4054 1865 covi-

2467 1905 2577 1970 ξεις
2635 1906 2880 1969 ἐξοσιοῦν
2932 1904 3013 1977 τῷ
3066 1907 3163 1959 ἐπὶ
3224 1906 3448 1962 πάντων
3496 1902 3639 1975 Θεῷ,
3672 1900 3763 1957 οῐα
3792 1903 3892 1957 τοῦ
3932 1905 4058 1973 βίου

2465 1996 2849 2055 ἀντισπῶντος
2889 1998 2983 2053 καὶ
3011 1997 3397 2068 περιέλκοντος
3430 1999 3511 2060 εἰς
3543 1997 3761 2061 ἐαυτὸν,
3787 1997 4055 2065 ἀπαρχάς

2464 2090 2595 2159 γοῦν
2628 2106 2783 2153 τινας
2812 2089 3096 2161 χρονικὰς,
3125 2090 3301 2145 εἰπεῖν
3325 2090 3382 2144 δὲ
3409 2089 3829 2157 ἀκριϐέστερον,
3868 2105 4059 2155 καιρι-

2465 2183 2589 2248 κάς,
2624 2183 2726 2237 εἴτ’
2749 2182 2845 2237 οῦν
2873 2183 3109 2253 ὡραίας,
3144 2182 3550 2254 προσκομίζετε
3593 2181 3673 2252 τῷ
3702 2180 3825 2251 Θεῷ
3848 2197 3863 2211 ·
3905 2182 4058 2237 καθά

2466 2293 2571 2330 που
2606 2275 2704 2329 καὶ
2733 2277 2761 2329 ό
2782 2274 2945 2329 Δαυτδ
2972 2276 3369 2346 παραδίδωσιν,
3399 2276 3458 2329 ἐν
3481 2278 3649 2332 παντὶ
3679 2278 3860 2345 καιρῷ
3892 2274 4056 2328 stilo-

2466 2367 2663 2437 γήσειν
2693 2365 2869 2435 λέγων
2902 2366 2996 2421 τὸν
3028 2365 3251 2436 Κύριον.
3292 2365 3355 2419 Ei
3404 2365 3516 2437 γὰρ
3546 2365 3823 2437 βασιλικοὶ
3866 2368 4059 2422 πιστοὶ

2466 2460 2805 2528 θεράποντες
2836 2460 3079 2528 γίνονται
3131 2459 3232 2529 μέν
3256 2459 3516 2529 καὶπρὸς
3552 2461 3703 2529 αὐτῷ
3738 2462 3942 2531 ἐκείνῳ
3975 2462 4059 2531 τῷ

2468 2552 2681 2623 βασιλεῖ
2727 2553 3056 2617 ἐξάπαντος,
3093 2552 3154 2605 ού
3214 2551 3519 2606 κωλύονται
3583 2553 3638 2606 δέ
3674 2553 3771 2607 τοῦ
3805 2556 3903 2607 καὶ
3953 2555 4060 2623 ζῇν

2467 2642 2592 2697 καθ’
2621 2644 2842 2709 αὐτοὺς,
2872 2644 3011 2698 ἀλλά
3058 2645 3152 2697 καὶ
3209 2645 3556 2709 ἀδειάζουσιν
3606 2647 3663 2698 ἐν
3716 2645 3924 2717 καιρῷ,
3958 2648 4060 2700 καὶ

2466 2736 2734 2801 ἐσθίουσι,
2768 2739 2865 2791 καὶ
2924 2738 3164 2801 πίνουσι,
3218 2737 3313 2791 καὶ
3361 2736 3692 2807 κοιμῶνται,
3745 2740 3841 2792 καί
3896 2757 4061 2803 τινας

2467 2827 2697 2898 πράξεις
2731 2826 3018 2896 ἐνεργοῦσι
3055 2828 3357 2892 σπουδαίας
3388 2830 3595 2893 αὐτοῖς,
3625 2830 3723 2882 καὶ
3758 2832 3788 2884 ό
3838 2831 4059 2896 ἀγαθὸς

2470 2920 2725 2991 βασιλεὺς
2769 2921 2870 2973 οὐκ
2916 2922 3237 2988 ἀγανακτεῖ,
3288 2920 3426 2974 ἀλλά
3461 2922 3556 2974 καὶ
3607 2921 4059 2991 προσεποτρύνει

2468 3013 2761 3084 παρήγορα
2788 3011 2867 3081 τῷ
2890 3011 3075 3074 παντὶ,
3104 3011 3269 3063 πλέον
3292 3013 3319 3065 ὁ
3343 3011 3477 3074 Θεὸς
3505 3011 3879 3080 φιλοτιμεῖται
3910 3012 4059 3065 καλὰ

2470 3102 2698 3154 τοιαῦτα
2738 3104 2854 3163 τοῖς
2903 3102 3067 3153 αὐτὸν
3106 3100 3498 3171 θεραπεύουσι,
3556 3100 3694 3169 πρδς
3748 3101 4060 3167 ἀναλογίαν

796 3192 1162 3247 sanctissimis
1207 3193 1426 3262 templis
1477 3192 1664 3247 allian
1699 3209 1821 3249 esse
1850 3203 2042 3264 portas
2076 3210 2199 3264 quze
2225 3202 2351 3250 tem-

2471 3197 2528 3246 ἐν
2562 3193 2819 3257 ἑκάστοις
2864 3193 3026 3247 τοῦτο
3089 3191 3625 3261 διοικονομούμενος,
3681 3191 3739 3255 ὃς
3794 3193 3896 3245 καὶ
3945 3195 4059 3254 τοῖς

795 3301 930 3355 pore
986 3285 1393 3353 psalmodorutn
1451 3294 1505 3339 et
1557 3300 1845 3340 sacrorum
1904 3288 2361 3343 celebrandorum

797 3374 1140 3443 aperiuntur,
1201 3374 1444 3429 vicissim
1520 3384 1705 3431 autem
1760 3376 2099 3431 clauduntur
2142 3376 2366 3447 quando

798 3466 930 3520 talia
969 3465 1270 3535 peragendi
1308 3482 1417 3521 non
1449 3469 1687 3538 amplius
1713 3475 1799 3523 est
1831 3475 2069 3536 tempus.
2100 3466 2370 3524 Necessa-

798 3561 883 3615 rio
912 3560 1058 3616 enim
1093 3562 1153 3615 in
1204 3561 1293 3616 his
1333 3577 1555 3632 quoque
1590 3562 1755 3617 rebus
1781 3563 2106 3617 conceditur
2147 3564 2368 3633 requies

799 3658 1047 3724 quaedam
1106 3672 1136 3710 a
1166 3664 1431 3726 perpetuo
1475 3664 1530 3710 et
1576 3656 1735 3726 quasi
1786 3646 2369 3727 infinitoﬂrymnorum

801 3754 990 3810 cantu,
1032 3754 1086 3799 et
1118 3746 1376 3801 salutaris
1425 3744 1580 3801 labor
1608 3762 1797 3801 eorum
1833 3750 1927 3817 qui
1978 3748 2146 3802 Deum
2182 3748 2372 3803 colunt

802 3854 912 3891 non
953 3847 1133 3907 potest
1162 3853 1272 3892 non
1325 3839 1676 3908 interrumpi.
1712 3840 1781 3894 Et
1818 3842 1900 3895 sic
1941 3842 1994 3895 ln
2047 3842 2366 3898 universum

803 3932 971 3987 fuerit
1002 3934 1304 4002 optimum,
1331 3934 1386 3988 in
1418 3934 1569 3989 omni
1596 3949 1658 3990 re
1682 3945 1871 3991 tenere
1900 3936 2151 3991 modum.

872 4118 965 4173 20.
999 4115 1385 4172 Laborandum
1418 4118 1611 4187 igitur,
1646 4132 1827 4188 neque
1864 4127 2114 4189 repetere
2145 4120 2249 4175 hoc
2278 4129 2373 4175 tae-

806 4208 921 4269 det,
962 4207 1017 4261 in
1063 4222 1121 4261 re
1144 4223 1264 4276 qua:
1291 4209 1478 4277 requie
1511 4218 1566 4264 et
1618 4209 1954 4266 relaxatioue
2005 4225 2146 4281 opus
2188 4211 2375 4268 habet.

807 4299 896 4353 Uti
938 4301 1085 4355 enim
1126 4301 1278 4354 illum
1324 4302 1419 4371 qui
1470 4318 1579 4357 non
1628 4304 1783 4374 prius
1819 4305 2081 4370 surrexit,
2118 4306 2206 4358 vix
2242 4319 2375 4359 con-

805 4393 1035 4455 sedisse,
1064 4392 1138 4445 ita
1174 4409 1352 4462 neque
1378 4410 1501 4449 eum
1534 4397 1627 4465 qui
1671 4411 1776 4449 non
1823 4397 1978 4466 prius
2003 4410 2125 4451 sese
2153 4398 2376 4466 depres-

807 4485 898 4547 sit,
954 4500 1171 4537 sursum
1219 4500 1343 4540 esse
1388 4485 1586 4540 elatum
1644 4496 1797 4542 recte
1843 4487 2072 4553 dixeris,
2110 4503 2211 4542 nec
2250 4503 2373 4542 eum

806 4576 1147 4645 requievisse
1186 4579 1280 4647 qui
1332 4593 1439 4633 non
1473 4579 1627 4648 prius
1666 4580 1951 4635 laboribus
2007 4581 2378 4649 aarumuisque

808 4667 1082 4721 incubuit.
1115 4667 1172 4722 Si
1209 4677 1391 4724 autem
1442 4671 1587 4725 hunc
1645 4670 1851 4725 bonum
1902 4670 2144 4725 laborem
2194 4671 2378 4740 passio

808 4770 1089 4829 sequetur,
1135 4776 1297 4831 quem
1354 4764 1580 4831 quidam
1631 4778 1935 4818 utrumnam
1980 4778 2105 4818 esse
2158 4763 2371 4825 dicunt,

811 4862 1000 4921 utpote
1038 4855 1340 4908 secundum
1388 4854 1558 4909 Deum
1591 4871 1829 4923 eumque
1890 4856 2195 4925 sapienter,
2228 4854 2375 4925 quod

808 4955 894 5000 est
912 4944 1213 5000 secundum
1246 4947 1336 5000 Dei
1389 4947 1587 5015 legem,
1613 4955 1667 5000 et
1698 4946 1957 5003 rationali
1991 4947 2110 5016 lege
2140 4947 2217 5000 ita
2249 4959 2377 5015 0pc-

810 5052 941 5091 rans
974 5038 1137 5092 etiam
1174 5039 1289 5108 lege
1325 5040 1567 5095 excidet.
1592 5038 1857 5094 Novimus
1886 5041 2033 5094 enim
2061 5053 2185 5093 esse
2224 5037 2380 5092 labo-

812 5146 924 5183 rem
950 5146 1114 5201 quem
1140 5146 1435 5201 aggressus
1467 5133 1745 5202 quispiam
1788 5132 2001 5202 peperit
2044 5131 2333 5186 stultitiam
2363 5146 2378 5183 :

814 5223 939 5276 talis
978 5233 1162 5277 autem
1209 5222 1362 5278 labor
1394 5231 1482 5279 est
1535 5239 1727 5279 eorum
1775 5224 1869 5291 qui
1911 5238 2055 5292 aegre
2099 5222 2286 5276 ferunt
2329 5230 2383 5275 et

814 5315 973 5381 quasi
1008 5313 1193 5368 dolent
1232 5314 1531 5385 animoque
1564 5315 1908 5379 cruciantur,
1944 5313 2166 5383 quando
2205 5313 2385 5367 fratri-

815 5406 920 5458 lzus
949 5420 1057 5458 non
1094 5406 1355 5460 damnum
1394 5407 1612 5476 aliquod
1652 5406 1958 5462 intulerint.
1991 5406 2136 5462 Sane
2188 5406 2299 5466 isti,
2348 5418 2382 5457 ο

821 5495 1020 5547 fratres
1066 5496 1120 5548 in
1177 5495 1415 5563 Christo,
1462 5513 1491 5551 e
1534 5499 1803 5551 diametro
1854 5497 2088 5567 oppositi
2131 5504 2260 5550 sunt
2306 5494 2383 5547 illi

817 5574 1070 5639 dicenti:
1122 5604 1141 5637 ι
1174 5585 1346 5640 llodie
1414 5602 1521 5641 non
1576 5588 1844 5656 regnavi;
1900 5587 1975 5640 nil
2050 5586 2193 5640 enim
2252 5584 2381 5638 boni

819 5676 954 5740 feci;
988 5694 1007 5726 ι
1062 5678 1163 5747 ipsi
1214 5694 1245 5734 e
1296 5680 1575 5736 contrario
1613 5681 1898 5737 dicentes:
1950 5678 2059 5735 lloc
2126 5680 2214 5735 die
2276 5693 2384 5733 non

891 5859 910 5889 ¹
951 5860 1049 5916 lsa.
1088 5876 1125 5923 ι,
1173 5860 1252 5914 16.

2408 4528 2455 4585 D

2470 3283 2800 3348 ἁγιωτάτοις
2830 3285 2981 3345 ναοῖς
3031 3282 3206 3345 πύλας
3250 3281 3694 3337 κατεσκευάσθαι
3743 3283 3806 3334 ού
3844 3284 4061 3351 μέμφε-

2471 3393 2583 3438 ται,
2614 3374 2977 3444 ἀνοιγομένας
3013 3374 3111 3443 μὲν
3141 3375 3200 3426 ἐν
3230 3372 3410 3444 καιρῷ
3442 3372 3728 3443 ύμνῳδιῶν
3763 3376 3863 3428 καὶ
3917 3376 4061 3443 ἱερο-

2472 3467 2785 3531 τελεστιῶν,
2816 3467 3143 3536 κλειομένας
3172 3466 3228 3519 δέ
3267 3461 3448 3529 αὖθις,
3481 3466 3570 3518 ὅτε
3608 3465 3683 3535 μὴ
3718 3465 3919 3532 καιρὸς
3947 3482 4061 3517 τοι·

2473 3561 2634 3613 ούτου
2662 3558 2895 3627 ἀγαθοῦ,
2928 3559 3005 3617 ὡς
3032 3558 3150 3611 δέον
3165 3556 3225 3611 ὃν
3261 3557 3503 3621 πάντως,
3526 3557 3620 3610 καὶ
3651 3558 3709 3609 ἐν
3734 3560 3851 3619 τοῖς
3882 3556 4064 3610 τοιούο

2475 3669 2589 3714 τοις
2634 3651 2948 3706 ἀνάπαυσιν
2995 3647 3090 3702 τοῦ
3119 3647 3429 3719 ἐνδελεχοῦς
3479 3647 3674 3717 ῦμνου,
3719 3649 3814 3700 καὶ
3882 3647 4062 3712 οὕτως

2475 3747 2692 3809 εἰπεῖν,
2741 3744 3042 3815 ἀκοιμήτου
3101 3742 3377 3810 γίνεσθαι,
3429 3741 3525 3794 καὶ
3593 3741 3906 3794 διαλείπειν
3967 3744 4063 3795 τὸν

2480 3838 2751 3907 σωτήριον
2782 3837 2950 3889 κόπον
2980 3835 3075 3888 καὶ
3103 3834 3288 3897 αὐτοῐς
3309 3836 3420 3895 τοῖς
3445 3834 3538 3885 τὸν
3568 3834 3703 3886 Θεὸν
3739 3834 4063 3889 λιτανεύον-

2481 3946 2568 3983 σιν
2593 3929 2651 3994 ἐξ
2672 3927 2893 3998 ἀπάσης
2918 3926 3186 3997 ἀνάγκης,
3212 3925 3306 3979 καὶ
3329 3922 3503 3987 οὕτως
3530 3923 3589 3975 ἐν
3617 3922 3694 3993 τῷ
3721 3925 3966 3978 καθόλου
4000 3926 4064 3979 τὺ

2484 4020 2684 4092 μέτρον
2705 4016 2846 4074 εἷναι
2874 4018 3094 4072 πάντων
3121 4016 3363 4087 ἄριστον.

2551 4112 2619 4168 κ’.
2652 4112 2958 4166 Κοπιατέον
2990 4106 3107 4177 οὖν,
3136 4111 3232 4163 καὶ
3275 4111 3436 4165 πάλιν
3465 4111 3633 4180 φημὶ,
3666 4110 3762 4164 ἐπὶ
3795 4128 4063 4180 πραγμα-

2478 4208 2601 4279 τείᾳ
2641 4206 2837 4277 δεούσῃ
2874 4203 3235 4265 ἀναπαύσεως
3278 4203 3375 4256 καὶ
3407 4204 3747 4272 ἀναψύξεως.
3787 4202 3906 4255 Ούκ
3946 4204 4063 4255 ἐστι

2483 4301 2593 4368 γάρ
2644 4298 2852 4370 φράσαι
2886 4295 3086 4367 ὀρθῶς,
3146 4293 3397 4365 καθάπερ
3442 4295 3504 4347 οὐ
3570 4294 3911 4365 καθεσθῆναι
3968 4296 4062 4347 τὸν

2482 4391 2948 4462 προανεστηκότα,
2971 4389 3114 4443 οὕτω
3142 4390 3233 4443 καὶ
3248 4388 3549 4459 ἐξαρθῆναι
3570 4390 3661 4441 τὸν
3680 4388 3757 4458 μὴ
3781 4390 4061 4457 καμόντα,

2481 4485 2515 4555 ἢ
2544 4482 2961 4539 ἀναπαύσασθαι
2987 4482 3080 4534 τὸν
3110 4482 3183 4551 μὴ
3214 4481 3578 4534 κοπιάσαντα.
3617 4481 3677 4533 Εἰ
3713 4481 3773 4532 δέ
3803 4482 3867 4533 τδ
3904 4482 4060 4550 καλῷ

2481 4575 2658 4646 τούτῳ
2690 4574 2925 4645 καμάτῳ
2952 4572 3049 4626 καὶ
3078 4572 3248 4635 πάθος
3286 4571 3745 4641 ἐπακολουθήσει,
3802 4572 3863 4625 ὃν
3894 4574 4061 4639 ἄλγος

2483 4665 2624 4722 εἷναί
2652 4670 2786 4737 φασί
2814 4681 2958 4728 τινες
2989 4665 3064 4727 ὼς
3104 4664 3199 4717 καὶ
3226 4664 3318 4715 τὸν
3346 4662 3480 4715 Θεὸν
3511 4662 3603 4715 καὶ
3634 4662 3803 4714 αὐτὸν
3833 4665 4060 4729 ἐννόως,

2482 4761 2619 4830 ὅπερ
2644 4758 2761 4811 ἐστὶ
2792 4758 2933 4810 κατὰ
2964 4756 3056 4808 τὸν
3084 4754 3220 4808 Θεοῦ
3252 4754 3440 4824 νόμον,
3470 4754 3564 4806 καὶ
3592 4753 3799 4823 λογικῷ
3828 4755 3887 4807 δὲ
3910 4756 4061 4825 νόμῳ

2481 4852 2624 4905 οῦτω
2647 4850 2817 4902 ποιῶν
2851 4850 2989 4916 τάχα
3020 4847 3114 4900 καὶ
3145 4847 3222 4908 εἰς
3252 4847 3453 4914 ἄνομον
3484 4847 3723 4915 ἀποϐαίη
3755 4848 3845 4901 ἄν.
3896 4849 4063 4915 Ἐμά.

2483 4943 2649 5012 θομεν
2675 4942 2805 5012 γάρ,
2836 4937 2975 4993 εἷναί
2996 4956 3117 4992 τινα
3145 4938 3329 5004 πόνον,
3358 4937 3418 4990 ὃν
3451 4938 3736 4991 συλλαϐών
3762 4957 3847 5002 τις
3871 4941 4060 4993 ἔτεκεν

2480 5032 2743 5102 ἀνομίαν·
2788 5030 3027 5092 τοιοῦτος
3074 5029 3130 5082 δέ
3176 5029 3337 5091 πόνος
3381 5029 3475 5081 καὶ
3514 5031 3542 5082 ό
3573 5028 3683 5082 τῶν
3733 5030 4059 5099 ἀχθομένων

2483 5126 2578 5177 καὶ⁵
2606 5118 2718 5176 οἷον
2745 5121 3056 5189 ἀλγούντων
3086 5120 3181 5173 καὶ
3210 5123 3703 5189 κατακναιομένων
3728 5119 3829 5190 τὴν
3858 5121 4059 5190 ψυχὴν,

2483 5218 2563 5269 ὅτι
2603 5216 2677 5285 μὴ
2724 5212 3009 5284 ἐνεργοῦσι
3060 5212 3128 5263 τά
3184 5213 3265 5274 εἰς
3301 5211 3509 5282 βλάϐην
3536 5212 3638 5280 τῆς
3668 5211 4057 5281 ἀδελφλίτητος.

2484 5308 2593 5361 Ναὶ
2628 5306 2735 5375 γάρ
2778 5304 2882 5357 είσί
2914 5320 3080 5369 τινες,
3109 5297 3155 5355 ὦ
3205 5304 3265 5355 ἐν
3293 5302 3516 5373 Χριστῷ
3545 5301 3791 5370 ἀδελφοὶ,
3826 5304 4058 5354 ἀπεναν-

2485 5399 2607 5459 τίας
2657 5398 2885 5467 ἥκοντες
2936 5394 3013 5464 τῷ
3053 5394 3262 5446 εῑπόντι
3296 5410 3313 5426 ·
3365 5411 3385 5444 ι
3425 5394 3679 5463 Σήμερον
3712 5393 3816 5445 οὐκ
3876 5391 4061 5442 ἐϐασί-

2487 5491 2687 5543 λευσα·
2721 5487 2842 5541 οὐδὲ
2873 5485 2982 5555 γὰρ
3029 5485 3376 5555 εὐηργέτησα
3399 5498 3415 5515 ·
3451 5482 3587 5537 »καί
3644 5499 3760 5544 πως
3784 5482 4057 5548 λέγοντες,

2490 5584 2572 5636 ὅτι
2629 5600 2648 5632 σ
2685 5581 2842 5633 Κατὰ
2888 5580 2988 5647 τὴν
3040 5578 3400 5645 ἐνεστηκυῖαν
3450 5575 3669 5644 ἡμέραν
3724 5574 3829 5626 οὐκ
3860 5574 4057 5642 ἐξῄσα-

2495 5693 2626 5747 μεν·
2663 5674 2781 5727 οἰδὲ
2812 5671 2921 5743 γὰρ
2948 5670 3228 5741 ἐφάνημεν
3258 5667 3480 5741 φρικτοὶ
3506 5669 3619 5730 τοῖς
3648 5666 3948 5737 ὁμοφύλοις
3973 5666 4059 5719 καὶ
