4236 6442
219 408 316 469 537

1518 413 1603 472 IN
1646 414 1858 478 PSAL.
1899 414 2174 477 XLVIII.

3369 422 3478 486 538

218 523 504 590 ἀπρόσιτοι
535 523 631 574 καὶ
663 521 1134 592 ἀπροσπέλαστοι.
1171 542 1188 575 ι
1232 524 1570 595 Μαινόμενοί
1607 542 1672 594 γε
1702 518 1787 578 οἷν
1821 526 1869 583 Α

1821 526 2176 589 Avixitnus;
2251 541 2360 580 non
2409 527 2558 581 enim
2623 528 3033 584 contribulibus
3093 531 3374 588 terribiles
3427 545 3482 591 et

221 631 322 678 τοι,
391 617 488 667 καὶ
520 616 730 669 λύσσαν
759 617 961 687 ἀγρίαν
1016 618 1472 689 ὲνδομυχοῦντες,
1529 621 1626 672 καὶ
1675 619 1799 672 οὐδὲ

1901 618 2310 674 inaccessibiles
2363 617 2592 673 fuimus.
2654 617 2961 675 Furibundi
3009 623 3229 691 quidem
3280 624 3382 687 illi,
3427 633 3483 680 et

217 705 314 758 ἀνθ
326 723 502 774 ρωποι
536 707 672 776 πρὸς
697 707 984 776 ἀλήθειαν.
1010 708 1146 761 ἀλλά
1177 707 1496 779 θηριώδεις·
1524 709 1668 762 ὀκνῶ
1693 710 1801 780 γὰρ

215 797 600 861 δαιμονιώδεις
631 798 808 851 εἰπεῖν
832 815 846 828 ·
888 801 1115 852 ἐκείνων
1151 802 1260 870 γὰρ
1290 802 1385 854 καὶ
1417 802 1596 870 μόνων
1638 801 1802 871 ἀχθος

221 890 367 958 μέγα
400 894 494 944 καὶ
535 891 678 962 λύπη
717 892 914 960 βαρεῖα
956 893 1053 944 καὶ
1080 893 1240 964 ὀργὴ,
1271 894 1354 947 ὅτι
1406 892 1483 964 μὴ
1515 894 1603 946 ἀεὶ
1635 910 1806 945 κατα-

219 982 536 1049 ϐάλλουσιν,
570 984 628 1036 ὃν
653 985 718 1037 ἂν
749 984 1035 1040 ἐθέλωσιν.

292 1172 404 1220 κοτ’.
455 1165 813 1233 Ἐλευθέρους
856 1167 1004 1236 ἡμᾶς
1048 1167 1313 1224 τοιούτων
1363 1167 1669 1234 ἀνθρώπων
1719 1167 1807 1234 εἴη

221 1259 518 1326 συντηρῶν
550 1259 578 1309 ὁ
631 1257 787 1322 Θεὸς,
844 1260 1090 1322 ἐκείνους
1134 1276 1195 1312 τε
1238 1261 1494 1327 ἀπάγων,
1545 1260 1642 1312 καὶ
1672 1259 1809 1328 μηδέ

221 1366 351 1401 τινα
408 1349 468 1413 ἐξ
506 1350 668 1419 ήμῶν
714 1352 899 1418 ἀφιεὶς
942 1351 1178 1415 ὲκείνοις
1231 1353 1671 1418 συναπάγεσθαι,
1715 1352 1811 1404 καὶ

220 1443 371 1493 οῦτω
397 1443 600 1510 κοπιᾷν
630 1443 710 1504 είς
741 1443 897 1495 οὐδὲν
935 1443 1170 1505 οὐδόλως
1227 1443 1441 1512 ὄφελος,
1472 1443 1503 1512 ἢ
1535 1442 1612 1511 τῷ
1653 1443 1811 1495 αἰῶνι

221 1534 405 1602 τούτῳ
446 1533 749 1603 σύμφορον,
787 1535 818 1604 ἢ
851 1535 928 1605 τῷ
960 1538 1079 1589 ἐκεῖ
1112 1537 1207 1590 καὶ
1253 1524 1556 1604 τελευταίῴ
1585 1535 1679 1587 καὶ
1714 1551 1814 1604 μο-

221 1627 375 1693 vitreo
415 1627 511 1678 καὶ
564 1628 773 1694 αίωνίῳ
809 1627 1105 1698 σύντροχον
1137 1628 1293 1697 ἡμῖν,
1329 1627 1468 1697 πρδς
1515 1626 1651 1679 Θεοῦ
1683 1627 1815 1695 ἀρέ-

1903 713 2057 767 rabie
2116 711 2289 767 feroci
2349 712 2562 782 repleti.
2611 726 2800 766 revera
2862 729 2970 768 non
3046 714 3323 781 homines,
3386 718 3483 772 sed

1907 807 2188 870 bestiales,
2243 813 2302 860 ut
2368 821 2438 860 ne
2482 806 2658 860 dicam
2706 821 2735 860 ι
2784 805 3004 860 diabolo
3065 807 3307 860 obsessi.
3357 809 3484 864 Ideo

1903 902 2053 955 enim
2085 901 2440 956 solummodo
2469 901 2831 970 indignantur
2854 910 2908 954 et
2939 901 3126 955 dolent
3156 910 3210 954 et
3233 903 3484 956 irascun-

1907 1005 1999 1047 tur
2043 997 2188 1062 quod
2238 1009 2382 1063 quos
2443 993 2742 1057 voluerint,
2801 995 3001 1047 damno
3049 993 3264 1049 allicere
3335 997 3480 1050 haud

1907 1087 2211 1155 potuerint.
3423 1096 3430 1106 ‘

1975 1181 2069 1233 ΩΙ.
2101 1178 2330 1233 Liberos
2363 1194 2466 1234 nos
2507 1195 2534 1231 a
2565 1179 2772 1232 talibus
2823 1179 3142 1234 hominibus
3191 1189 3488 1235 conservet

1909 1271 2058 1325 Deus
2109 1281 2298 1340 atque,
2343 1271 2476 1324 dum
2533 1271 2656 1325 illos
2718 1271 2784 1325 ad
2858 1273 3190 1342 supplicium
3241 1274 3486 1332 deducit.

1913 1365 2049 1420 faxit
2079 1369 2135 1413 ut
2179 1364 2366 1417 nullus
2400 1379 2430 1416 e
2458 1362 2617 1416 nobis
2645 1363 2956 1418 deducatur
2981 1378 3105 1416 cum
3140 1361 3284 1424 istis.
3312 1379 3491 1429 neque

1912 1470 2143 1525 prorsus
2190 1453 2466 1507 incassum
2508 1452 2849 1515 laboremus,
2883 1463 2937 1507 et
2975 1467 3156 1520 neque
3199 1453 3327 1504 huic
3382 1467 3487 1504 ste

1914 1549 2040 1601 culo
2093 1547 2228 1600 utile
2266 1545 2424 1614 quid,
2481 1561 2662 1612 neque
2713 1545 2791 1598 illi
2839 1550 2966 1599 vita:
3009 1553 3284 1612 perpettta-
3325 1553 3490 1611 atque

1915 1650 2133 1692 acterna:
2158 1637 2637 1691 accommodatum
2672 1636 2805 1704 quid
2836 1636 3140 1689 secundum
3174 1634 3264 1687 Dei
3301 1635 3493 1685 volnu-

224 1732 445 1778 σκειαν,
484 1716 566 1767 ὅτι
601 1718 677 1786 μὴ
709 1718 802 1770 καὶ
849 1719 1053 1786 μᾶλλον
1089 1718 1426 1788 ἀμφοτέροις
1473 1718 1815 1786 ὲνάρμοστον

1919 1739 2084 1784 tatem
2133 1729 2506 1797 producentes
2549 1728 2686 1781 nihil
2732 1727 3297 1796 omninopraestemus
3341 1724 3491 1791 quod

221 1810 320 1860 καὶ
349 1807 635 1870 λυσιτελὲς
662 1811 744 1870 είς
766 1809 923 1862 οὐδὲν
953 1808 1157 1862 ὁτιοῦν.
1195 1809 1322 1862 Τῶν
1353 1826 1410 1861 τε
1440 1810 1551 1880 γὰρ
1577 1809 1816 1862 αἰωνίων

1815 1832 1816 1839 ‘
1918 1826 2002 1879 vel
2053 1826 2344 1879 minimum
2393 1825 2468 1879 sit
2511 1824 2711 1877 bonum
2751 1837 2816 1876 ac
2851 1819 3223 1875 conducibile.
3250 1817 3312 1872 Si
3342 1820 3488 1871 enim

222 1903 459 1967 ἀγαθῶν
516 1902 661 1956 οῦτω
719 1903 902 1973 μάτην
940 1903 1176 1956 ἱνταῦθα
1227 1904 1602 1972 πεπονηκότες
1648 1903 1802 1955 ἐκπίο
1845 1883 1887 1938 Β

1845 1883 1887 1938 Β
1915 1917 2004 1973 hic
2031 1920 2168 1972 adeo
2182 1918 2387 1974 frustra
2437 1916 2896 1980 laboraverimus,
2928 1915 3149 1969 sternis
3195 1913 3355 1966 bonis
3383 1927 3485 1964 ex-

220 2013 464 2063 πτομεν,
523 1997 621 2049 καλ⁹
676 1997 735 2048 ἐν
780 1997 880 2066 βίῳ
939 1995 996 2049 δὲ
1050 1995 1499 2066 δυσπραγοῦντες
1553 1995 1683 2064 περὶ
1741 1995 1811 2048 τά

221 2088 450 2156 φλύαρα
500 2091 596 2141 καὶ
650 2088 854 2158 μικροῦ
905 2105 1056 2152 τινος
1087 2089 1214 2152 ἀξια
1259 2089 1423 2156 λόγου
1455 2088 1566 2140 τῶν
1598 2086 1809 2152 ἀξιολο-

220 2181 501 2247 γωτάτων
551 2183 648 2233 καὶ
681 2181 980 2234 θειοτάτων
1035 2179 1478 2250 ἀποξενούμεθα.
1528 2179 1664 2232 Οὐδὲ
1698 2180 1810 2248 γάρ

222 2271 356 2324 οὐδὲ
393 2270 751 2340 ἀθροίζεσθαι
785 2272 865 2334 εἰς
901 2272 992 2324 τὸν
1016 2273 1110 2324 τοῦ
1142 2271 1279 2324 Θεοῦ
1308 2270 1436 2323 ναδν
1478 2268 1739 2337 ἀξιοῦμεν
1760 2268 1809 2320 οί

231 2365 622 2433 μεριμνῶντες
661 2365 844 2434 μωρὰ.
881 2363 974 2417 καὶ
1009 2364 1187 2426 ἄλλως
1213 2363 1270 2416 δὲ
1313 2364 1442 2433 περὶ
1482 2362 1653 2415 πολλά
1680 2378 1811 2430 τυρ-

221 2457 516 2521 ϐάζοντες,
559 2457 655 2510 καὶ
695 2457 939 2526 βιωτινοὶ
991 2457 1094 2528 μὲν
1129 2452 1268 2510 εἶναι
1308 2456 1453 2510 πάνυ
1488 2473 1541 2508 τι
1582 2453 1807 2523 ἐφιέμε-

217 2568 332 2614 νοι,
372 2549 467 2602 τοῦ
515 2550 851 2620 παραδείσου
883 2551 940 2603 δὲ
972 2549 1231 2616 γενέσθαι
1267 2550 1573 2619 ἀνιέμενοι,
1606 2549 1702 2600 καὶ⁸
1736 2547 1809 2617 μὴ

218 2642 658 2711 ἔνθυμούμενοι,
687 2643 763 2703 ὡς
786 2641 1034 2694 τοιοῦτον
1079 2642 1194 2711 βίον
1230 2642 1513 2711 τρίϐοντες
1539 2640 1662 2692 οὔτε
1696 2641 1810 2702 τοῖς

219 2736 374 2788 ἑπτὰ
423 2736 619 2804 μερίδα
672 2735 817 2789 κατά
881 2738 942 2789 τὸ
980 2734 1147 2794 θείως
1190 2735 1586 2805 γεγραμμένον
1633 2734 1810 2788 διδόα-

223 2845 354 2898 μεν,
408 2829 502 2881 καὶ
543 2831 657 2892 τοῖς
687 2827 833 2881 ὀκτὼ
867 2828 990 2881 οὐδὲ
1046 2828 1323 2881 ὀϐολιαῖόν
1368 2843 1422 2879 τι
1476 2825 1812 2896 ἀπομεριζό-

223 2921 398 2989 μεθα.

298 3013 414 3082 κβ’.
448 3014 537 3066 Διὸ
583 3010 818 3081 εὔχομαι
858 3012 985 3075 τοὺς
1034 3012 1114 3075 είς
1156 3012 1219 3065 τδ
1260 3012 1509 3080 ἀγίασμα
1547 3011 1644 3064 τοῦ
1671 3009 1809 3064 Θεοῦ

221 3104 680 3174 είσερχομένους,
711 3103 807 3156 καὶ
842 3105 930 3156 ἀεὶ
966 3104 1340 3172 φυλάττεσθαι
1375 3106 1565 3168 αὐτοῖς
1589 3102 1808 3165 ἀξιοῦν-

1911 2012 2182 2073 cidemus,
2209 2019 2264 2064 et
2289 2011 2335 2064 si
2359 2009 2462 2064 bac
2495 2010 2550 2063 in
2575 2009 2684 2062 vita
2723 2023 2904 2061 rerum
2940 2006 3142 2060 levium
3174 2004 3493 2071 nulliusque

1914 2105 2173 2158 momenti
2214 2119 2347 2158 cura
2375 2102 2577 2158 misere
2613 2116 2714 2155 nos
2736 2100 3117 2162 alliiserimus,
3146 2097 3308 2152 bonis
3335 2112 3491 2150 sum-

1914 2195 2019 2249 mis
2071 2209 2135 2248 ac
2183 2194 2509 2250 caelestibus
2559 2193 2920 2263 privabimur.
2968 2189 3157 2260 Neque
3201 2191 3345 2244 enim
3397 2188 3491 2242 Dei

1911 2285 2137 2354 quidem
2193 2286 2458 2353 templum
2522 2284 2726 2338 intrare
2779 2284 3107 2354 satagimus,
3155 2284 3246 2351 qui
3323 2282 3490 2336 rebus

1912 2376 2174 2432 absurdis
2206 2377 2478 2430 inhiamus
2513 2386 2567 2431 et
2603 2374 2669 2430 de
2723 2375 2792 2429 iis
2811 2390 2933 2445 quae
2974 2377 3113 2429 hanc
3152 2375 3319 2428 vitam
3351 2389 3490 2427 con.

1912 2481 2168 2536 cernunt,
2234 2471 2399 2525 anxie
2445 2469 2671 2526 solliciti
2738 2484 2956 2532 sumus,
3001 2467 3257 2538 paradiso
3304 2477 3489 2519 autem

1915 2565 2078 2634 potiri
2131 2563 2482 2632 negligimus,
2536 2578 2643 2616 non
2690 2569 3030 2631 reputantes,
3077 2576 3178 2614 nos
3221 2560 3324 2612 hac
3379 2559 3488 2611 vita

1915 2657 2160 2710 fruentes
2191 2669 2368 2722 neque
2418 2654 2528 2707 illis
2567 2663 2773 2722 septem
2806 2651 3116 2706 concedere
3161 2648 3489 2720 particulam

1913 2749 2215 2805 secundum
2254 2750 2399 2818 quod
2452 2746 2737 2814 Scriptura
2776 2761 2939 2802 sacra
2989 2745 3145 2811 dicit,
3172 2759 3350 2813 neque
3384 2740 3495 2796 illis

1917 2850 2048 2896 octo
2088 2838 2176 2895 vel
2206 2837 2486 2894 tantillum
2524 2836 2794 2892 tribuere.

1981 3022 2073 3077 22.
2124 3021 2472 3092 Quapropter
2520 3021 2751 3075 obsecro
2785 3019 2907 3074 illos
2962 3018 3057 3088 qui
3113 3016 3490 3072 sanctuarium

1916 3114 2008 3169 Dei
2063 3113 2411 3183 frequentant
2443 3120 2497 3166 et
2538 3110 2810 3180 ejusmodi
2849 3110 2978 3163 boni
3013 3124 3230 3179 semper
3270 3108 3496 3178 partici-

220 3215 331 3259 τας
365 3213 428 3249 το
460 3196 704 3248 τοιοῦτον
736 3195 957 3262 ἀγαθὸν,
1011 3197 1086 3265 μὴ
1139 3197 1380 3266 κάμνειν
1422 3197 1563 3249 κατά
1597 3196 1810 3266 ἀνθρώ.
1840 3218 1881 3276 c

1840 3218 1881 3276 ς
1918 3220 2012 3274 pes
2033 3219 2157 3259 esse
2188 3202 2523 3264 desiderant,
2577 3210 2634 3255 ut
2668 3217 2734 3254 ne
2774 3202 3041 3254 adversus
3095 3201 3344 3253 homines
3373 3215 3496 3252 cer-

225 3307 380 3349 πων,
412 3287 546 3355 μηδὲ
579 3288 761 3337 πονεῖν
785 3287 926 3337 κατά
955 3287 1063 3337 τῶν
1087 3287 1394 3354 ὁμοφύλων,
1429 3287 1557 3340 ἔνθα
1580 3304 1642 3354 γε
1684 3287 1807 3340 οὐδὲ

218 3380 377 3438 ἰατά
421 3379 527 3431 τῶν
571 3379 757 3440 ἀπλῶς
807 3377 1127 3445 ἀλλοφύλων
1165 3379 1290 3447 είκῆ
1335 3381 1428 3431 καὶ
1478 3380 1658 3449 μάτην
1711 3397 1807 3449 μοι·

219 3473 388 3541 χθεῖν
446 3470 616 3534 ἔστιν,
673 3471 720 3521 εί
778 3471 850 3538 μή
885 3486 937 3520 τι
988 3468 1097 3537 ἄρα
1129 3469 1319 3539 ἐχθροὶ
1352 3472 1553 3524 ἐκεῖνοι
1591 3471 1730 3523 Θεοῦ
1771 3473 1804 3542 ἢ

219 3562 499 3633 βασιλέως
516 3561 920 3623 διεκπίπτουσι,
954 3559 1091 3627 μηδὲ
1122 3563 1321 3630 κοπιᾷν
1355 3560 1499 3614 κατά
1525 3561 1634 3614 τῶν
1654 3562 1806 3614 οὐδὲν

220 3659 426 3712 αίτίων
466 3657 852 3727 ὁμοθρήσκων,
900 3657 1000 3709 καὶ
1036 3654 1225 3724 σαφῶς
1267 3656 1537 3725 ὀνομάσαι
1580 3658 1808 3727 ὁμοχρι-

222 3748 510 3802 στιανῶν·
576 3748 713 3801 ἀλλά
779 3750 958 3818 μισεῖν
1016 3748 1283 3817 ὑπερλίαν
1329 3749 1390 3801 τὸ
1428 3749 1670 3802 τοιοῦτον
1717 3767 1809 3802 κο-

221 3844 440 3911 πίαμα,
476 3841 572 3893 καὶ
603 3841 786 3908 λέγειν
841 3841 1096 3907 ἕκαστον,
1130 3841 1206 3904 ὼς
1248 3841 1418 3894 Τοῦτο
1448 3842 1622 3905 κόπος
1656 3844 1806 3896 ἐστὶν

217 3934 469 3988 ἐνώπιόν
506 3951 631 4000 μου,
684 3933 1014 3999 συγκόπτων
1044 3933 1141 3984 καὶ
1173 3931 1532 4001 κατατέμνων
1559 3934 1653 3987 καὶ
1705 3935 1806 4005 τὴν

216 4027 374 4080 κατά
418 4025 637 4093 πνεῦμα
692 4025 972 4092 συμφυΐαν
1002 4025 1363 4094 ἀποδιαιρῶν,
1401 4028 1497 4079 καὶ
1532 4027 1806 4096 χορδεύων

209 4116 338 4172 οἷον
363 4117 466 4188 τὴν
496 4117 676 4169 ἔνθεον
699 4117 1038 4184 δλομέλειαν.
1077 4115 1225 4186 Πλὴν
1264 4116 1419 4168 ἔσται
1455 4134 1549 4184 μοι
1602 4117 1664 4169 τὸ
1707 4135 1804 4170 κο-

213 4212 431 4279 πηρὸν,
469 4209 627 4278 φησὶ,
684 4207 845 4261 τοῦτο
896 4209 1093 4271 πάθος,
1129 4209 1211 4260 ὅτι
1257 4207 1333 4277 μὴ
1372 4208 1513 4261 ἔλθω
1540 4211 1618 4271 είς
1647 4210 1807 4276 ἀγια-

216 4307 462 4374 στήριον
491 4301 588 4354 τοῦ
618 4300 755 4354 Θεοῦ
783 4317 797 4332 ⁸
832 4301 1023 4352 ἔκτοτε
1064 4301 1119 4353 δὲ
1161 4300 1237 4363 ὠς
1271 4302 1354 4361 είς
1379 4301 1580 4370 δρόμον
1610 4302 1807 4355 ἀποδυ-

217 4399 490 4465 σόμενος,
537 4393 607 4444 δι’
645 4405 708 4445 οῡ
766 4392 1203 4462 ὑπερϐαίνοντας
1257 4393 1352 4446 καὶ
1401 4393 1805 4456 ἀποδιώκοντας

208 4489 492 4556 δαίμονας
514 4484 831 4556 ἀπορρίψω,
858 4485 919 4537 τὸ
942 4485 1191 4554 ἀχθεινὸν
1221 4487 1371 4538 τουτὶ
1394 4485 1802 4554 φορολογεῖνμι.

1917 3306 2030 3350 tent
2059 3310 2236 3364 neque
2259 3295 2528 3348 adversus
2556 3293 2890 3346 contribules
2919 3293 3168 3345 laborent
3200 3292 3492 3360 (siquidem

1913 3389 1999 3443 vel
2039 3395 2235 3441 contra
2294 3386 2628 3453 alienigenas
2687 3385 2890 3438 frustra
2930 3384 3109 3436 oleum
3161 3397 3496 3451 operamque

1913 3478 2165 3548 perdent,
2223 3476 2328 3529 nisi
2373 3475 2607 3528 fortasse
2659 3473 2866 3527 inimici
2929 3473 3005 3527 illi
3063 3472 3157 3526 Dei
3207 3480 3300 3525 aut
3349 3472 3493 3540 regis

1913 3565 2264 3633 exciderint),
2317 3580 2494 3633 neque
2549 3563 2880 3616 contendant
2910 3570 3101 3616 contra
3153 3577 3248 3615 eos
3285 3562 3376 3630 qui
3415 3563 3494 3616 ei-

1914 3663 2035 3717 dem
2068 3659 2242 3714 cultui
2299 3665 2430 3711 sunt
2463 3657 2685 3721 addicti,
2718 3656 2819 3709 hoc
2867 3664 2952 3709 est
2985 3655 3348 3718 Christianos,
3397 3653 3494 3709 sed

1915 3763 1972 3806 ut
2003 3752 2270 3821 ejusmodi
2308 3749 2551 3805 studium
2588 3763 2652 3801 ac
2700 3748 2938 3801 laborem
2976 3748 3104 3801 odio
3134 3746 3368 3800 habeant
3399 3747 3494 3799 de-

1917 3855 2306 3912 testenturque.
2359 3841 2471 3893 lmo
2519 3840 2751 3909 quisiiue
2791 3839 2889 3893 sibi
2946 3837 3137 3892 dicat:
3185 3836 3285 3891 Hic
3336 3838 3494 3891 labor

1915 3938 2038 3992 talis
2069 3944 2153 3989 est
2186 3944 2244 3988 ut
2299 3935 2680 4003 cognationem
2732 3929 3069 4000 spiritualem
3107 3929 3341 3991 excidat,
3378 3927 3493 3981 dis-

1909 4031 2124 4100 jungat,
2161 4027 2363 4090 deleat,
2394 4038 2558 4094 atque
2587 4024 2825 4077 divinam
2881 4021 3247 4074 membrorum
3276 4035 3496 4090 compa-

1913 4139 2031 4193 gem
2064 4121 2349 4177 dissoluit.
2381 4118 2644 4171 Praeterea
2677 4117 2802 4177 hoc,
2839 4113 3071 4182 inquiet,
3101 4111 3325 4180 impedit
3355 4127 3494 4175 quti-

1914 4217 2095 4269 tninus
2131 4215 2184 4267 in
2223 4213 2318 4265 Dei
2354 4208 2728 4264 sanctuarium
2781 4206 3086 4274 ingrediar;
3117 4220 3262 4258 nunc
3310 4213 3492 4258 autem

1913 4307 2068 4377 quasi
2105 4307 2158 4358 in
2189 4318 2413 4359 arenam
2468 4301 2828 4363 descendens,
2870 4298 3042 4352 malos
3087 4297 3363 4351 daemones
3395 4296 3492 4365 qui

1915 4415 1999 4452 me
2039 4403 2450 4467 persequuntur
2480 4392 2534 4450 in
2594 4392 2775 4459 fugam
2841 4388 3152 4457 conjiciam,
3209 4387 3490 4440 molestam

1915 4488 2063 4540 illam
2101 4485 2446 4555 vectigalium
2480 4480 2908 4536 solutionem...
2961 4478 3044 4531 eis
3075 4476 3169 4546 qui
3198 4477 3265 4528 ad
3319 4475 3489 4528 Deum

212 4595 464 4632 οπτεται
510 4579 623 4640 τοῖς
658 4578 735 4638 είς
790 4576 926 4629 Θεὸν
956 4577 1239 4646 τρέχουσι,
1281 4576 1379 4629 καὶ⁵
1424 4577 1500 4640 ὼς
1529 4577 1607 4647 τῷ
1639 4580 1808 4646 ὑπερ-
1834 4568 1885 4626 D

1834 4568 2270 4647 Dconfugiunt,
2312 4584 2366 4631 et
2399 4573 2568 4629 veluti
2632 4568 3079 4641 Splenditlissimo
3126 4569 3261 4630 sole,
3311 4567 3488 4620 lico...

211 4674 398 4740 φώτῳ
438 4670 595 4739 ἡλίῳ,
645 4669 721 4736 τῷ
753 4668 894 4738 Θεῷ,
921 4670 1007 4690 ““
1039 4668 1456 4738 ἑλλαμψόμενος
1507 4669 1811 4739 ἀπορρίψο-

216 4787 331 4837 μαι
397 4763 592 4818 σπίλου
644 4761 891 4815 τοιούτου
954 4759 1237 4829 είδεχθοῦς
1297 4760 1416 4829 ἅμα
1476 4760 1569 4812 καὶ
1627 4777 1807 4829 μυσα-

213 4858 352 4928 ροῦ.

294 4954 414 5014 κγ’.
449 4945 514 4998 El
545 4944 679 5014 γοῦν
725 4941 960 4997 τοιοῦτοι
989 4941 1283 5011 γενώμεθα
1325 4941 1415 4994 διά
1448 4940 1808 5010 φιλαλληλίας

208 5045 320 5096 καὶ
356 5042 632 5106 ὁμονοίας,
683 5038 751 5106 ἢν
781 5038 809 5089 ό
865 5037 1001 5100 Θεὸς
1055 5036 1143 5089 διὰ
1190 5035 1298 5088 τῶν
1357 5034 1522 5102 ίερῶν
1574 5034 1809 5103 Γραιρῶν

210 5133 605 5204 παραδίδωσι,
641 5129 739 5180 καὶ
787 5130 876 5182 διά
926 5131 1230 5197 συμπνοίας
1284 5128 1668 5196 πνευματικῆς
1714 5129 1810 5180 καὶ

209 5225 560 5295 ἀταραξίας,
596 5222 663 5292 ἢν
715 5224 742 5274 ό
797 5222 870 5290 μὴ
903 5223 1137 5288 ἀγαπῶν
1167 5221 1431 5288 πονηροῖς
1479 5218 1809 5288 κυμαίνεται

208 5322 569 5387 πνεύμασιν,
603 5315 857 5384 ἑλώμεθα
887 5314 943 5365 δὲ
975 5312 1357 5382 φορτίζεσθαι,
1398 5311 1474 5374 ὡς
1501 5311 1641 5364 Θεοῦ
1688 5312 1808 5364 δου-

202 5410 444 5471 λευταὶ,
473 5409 618 5477 ἆτιερ
649 5408 785 5474 ἡμῖν
831 5406 1042 5464 ἐκεῖνος
1074 5402 1459 5471 εὐδιακρίτως,
1489 5403 1562 5464 ὡς
1597 5403 1804 5471 πατὴρ,

199 5503 534 5569 ἐπιτίθησι,
565 5499 661 5552 καὶ
686 5499 908 5569 κοπιᾷν,
938 5496 1014 5558 ὡς
1039 5498 1250 5556 ἐκεῖνος
1287 5497 1573 5548 ἐπιτάσσει
1599 5512 1611 5523 ·
1653 5497 1681 5546 ὁ
1707 5495 1806 5548 καὶ

196 5600 316 5657 τὰς
355 5592 516 5660 ἡμῶν
539 5589 818 5659 ἁμαρτίας
838 5587 1003 5657 ἄρας,
1033 5585 1130 5638 καὶ
1152 5586 1301 5654 ἡμᾶς
1332 5583 1536 5637 ἐθέλων
1560 5582 1628 5636 τὰ
1661 5581 1802 5652 βάρη

199 5683 524 5760 βαστάζειν
554 5680 969 5750 πνευματικῶς,
1003 5679 1104 5731 οὐκ
1136 5676 1340 5745 ἀφήσει
1387 5674 1806 5745 περιχορεῖσθαι

202 5782 411 5851 μάτην
444 5777 540 5828 καὶ
565 5773 852 5844 τρίϐεσθαι
889 5773 1032 5825 κατά
1067 5771 1191 5833 τοὺς
1234 5769 1703 5839 ἐπαχθιζομένους
1737 5771 1805 5822 τὰ

201 5877 288 5944 μὴ
357 5868 490 5937 φίλα
539 5867 753 5937 ἐκείνῳ.
808 5864 952 5919 ’Δλλ⁹
995 5864 1185 5934 ἐπειδὴ
1220 5862 1310 5918 τὸν
1353 5864 1564 5916 ἐκείνου
1605 5862 1801 5930 φόρτου

1910 4673 2264 4725 collustratus
2315 4671 2457 4722 hanc
2510 4675 2726 4732 turpem
2785 4662 3161 4731 nefastamquc
3219 4663 3492 4716 maculam

1912 4762 2098 4829 procul
2147 4760 2421 4829 abjiciam.

1982 4949 2074 5002 23.
2105 4946 2226 5000 Jam
2267 4961 2397 5001 vero
2451 4946 2496 5000 si
2526 4945 2660 4999 tales
2691 4943 2895 4998 erimus
2941 4956 3035 5008 per
3062 4948 3312 4994 mutuum
3342 4954 3493 4993 amo-

1908 5053 2020 5092 rem
2082 5047 2137 5091 et
2190 5036 2586 5098 concordiam,
2649 5032 2864 5102 qualem
2936 5029 3079 5084 Deus
3131 5045 3227 5098 per
3295 5043 3490 5082 sacras

1905 5131 2146 5183 Litteras
2207 5145 2308 5182 nos
2369 5127 2620 5187 edocet,
2669 5134 2725 5178 et
2784 5139 2880 5193 per
2942 5122 3282 5190 spiritualem
3344 5135 3487 5172 una-

1910 5223 2214 5275 nimitatem
2272 5229 2325 5273 et
2351 5218 2823 5285 tranquillitatem,
2858 5229 3022 5285 quam
3051 5214 3143 5283 qui
3170 5229 3276 5266 non
3312 5211 3491 5280 diligit

1908 5314 2172 5381 improbis
2206 5311 2461 5364 turbatur
2489 5310 2856 5370 daemonibus,
2907 5314 2962 5360 et
3000 5306 3069 5365 si,
3099 5312 3358 5370 tauquam
3393 5300 3490 5354 Dei

1909 5404 2170 5469 serviLea
2196 5419 2319 5470 quae
2347 5402 2465 5465 ipsc
2517 5401 2678 5455 nobis
2709 5409 2767 5454 ut
2791 5397 3013 5466 sapiens
3044 5403 3200 5464 pater
3231 5393 3486 5462 imponit,

1912 5508 2150 5566 portare,
2186 5507 2238 5549 et
2272 5495 2510 5550 laborem
2551 5508 2712 5561 quem
2743 5490 3007 5560 praecipit,
3041 5486 3262 5555 exsequi
3297 5486 3488 5540 stude-

1911 5600 2034 5639 mus
2069 5604 2083 5639 :
2110 5594 2238 5639 tunc
2268 5584 2358 5638 ille
2410 5584 2506 5652 qui
2553 5590 2772 5651 peccata
2804 5587 2992 5633 nostra
3022 5575 3267 5639 sustulit,
3295 5585 3349 5628 et
3379 5575 3490 5628 vult

1910 5687 1967 5732 ut
1992 5693 2092 5734 nos
2135 5693 2300 5733 onera
2332 5675 2690 5746 spiritualiter
2711 5680 3009 5742 gestemus,
3056 5685 3165 5724 nun
3207 5668 3350 5723 sinet
3384 5675 3489 5721 nos

1907 5768 2109 5822 frustra
2146 5769 2444 5838 circumagi
2475 5776 2528 5821 et
2554 5767 2763 5822 versari
2809 5765 3024 5818 illorum
3063 5763 3235 5817 instar
3255 5760 3351 5830 qui
3399 5775 3487 5813 re—

1909 5864 2009 5918 bus
2068 5862 2173 5929 ipsi
2203 5877 2309 5916 non
2346 5861 2515 5930 gratis
2557 5875 2675 5916 sese
2711 5865 2964 5923 onerant,
2992 5857 3085 5913 sed
3121 5856 3341 5926 quando
3366 5855 3484 5923 ejus
