4236 6442
182 338 285 399 5i5

178 456 585 522 πνευματικὰς,

177 546 447 612 χαμόθεν,
469 551 593 603 ὅποι
616 555 878 624 παρήκοι,
897 559 992 609 καὶ
1013 559 1204 622 ἄλλους
1225 562 1281 615 δὲ
1306 565 1756 634 ἐπιτραπεζίους.

176 636 242 688 δι’
282 631 359 689 ὧν
400 641 620 694 ἐδόκουν
645 644 674 695 ὁ
705 647 932 713 μάταιος
984 651 1220 705 κτᾶσθαι
1279 631 1491 721 φίλους,
1529 661 1586 710 οὐ
1633 661 1760 722 τοὺς

175 728 240 780 ἐκ
287 731 386 782 τοῦ
437 733 634 800 πίνειν,
679 736 795 788 ἀλλ’
829 739 1048 804 ὁποίους
1103 743 1171 795 τὰ
1230 748 1371 800 κατὰ
1425 749 1648 811 Πνεῦμα
1698 753 1759 804 τὸ

176 820 322 873 θεῖον
363 825 692 880 ἀποτελοῦσι
743 833 1036 897 συσσίτια;
1077 835 1182 886 Ἐὦ
1219 838 1284 890 τὰ
1337 838 1519 903 λοιπὰ,
1559 843 1645 896 ἵνα
1682 845 1754 912 μή

175 924 259 970 τις
294 911 616 981 ὀϐολιμαῖος
669 921 898 987 νομίσας
934 924 1138 988 ἐκεῖνα,
1176 928 1603 999 καταψηφιεῖταί
1654 952 1756 1001 μου

177 1008 661 1072 σμικροπρέπειαν
692 1012 784 1062 καὶ
824 1015 1053 1077 κυμίνου
1087 1019 1274 1086 πρίσιν
1307 1022 1397 1072 καὶ
1445 1023 1504 1074 τὸ
1539 1025 1758 1077 ἀνελεύ-

173 1092 356 1157 θερον.
397 1097 594 1148 Σιωττῶ
642 1101 756 1164 καὶ,
812 1103 867 1153 εῐ
896 1121 949 1156 τι
996 1105 1125 1159 ἄλλο
1173 1109 1543 1177 δεδαπάνηταί
1586 1116 1754 1186 πουῆ

169 1187 486 1243 δαπανᾶται
520 1195 600 1254 εἰς
632 1197 1004 1267 ἐπιποιήσεις,
1063 1204 1141 1267 είς
1191 1205 1644 1276 ἐπικοσμήματα,
1676 1215 1757 1272 εἰς

169 1282 356 1349 ἕτερα,
409 1281 490 1346 οἷς
520 1287 872 1357 θαρρούντως
897 1294 1041 1360 λέγω
1072 1298 1283 1367 χαίρειν
1313 1301 1403 1351 τὸν
1439 1302 1592 1358 Θεὸν.
1623 1303 1754 1358 Οἶδα

166 1369 276 1437 γὰρ
311 1374 587 1438 ἁκούσων,
614 1374 690 1440 ὡς
717 1379 869 1431 οὐδέν
899 1400 948 1434 τι
979 1383 1155 1439 ταῦτα
1184 1390 1322 1457 πρὸς
1342 1392 1467 1452 τοὺς
1501 1396 1756 1455 παπάδας

163 1461 340 1527 ἡμᾶς’
379 1463 518 1532 ὅπερ
571 1465 758 1533 ὅμοιον
811 1471 1060 1538 φαίνεται
1098 1471 1258 1540 εἶναι,
1293 1478 1368 1542 ὠς
1428 1482 1474 1533 εί
1535 1485 1752 1538 καὶτοῦ

165 1553 258 1605 ἐπὶ
313 1553 650 1626 δεσποτικῆς
705 1563 882 1626 οίκίας
933 1565 1344 1634 λογοποιοῦντος
1396 1575 1464 1626 τὰ
1502 1577 1751 1644 δαπανή-

168 1663 313 1712 ματα
347 1651 396 1700 oi
435 1650 713 1706 σύνδουλοι
743 1655 908 1724 μηδὲν
936 1656 1004 1709 τὰ
1033 1659 1199 1712 λοιπὰ
1226 1664 1436 1716 είποιεν
1461 1667 1750 1734 προσλογί-

161 1740 378 1806 ζεσθαι,
404 1745 486 1796 ὅτι
517 1746 591 1816 μὴ
623 1750 763 1815 μόνα
790 1751 857 1802 τὰ
881 1753 1258 1823 δαπανὼματα
1289 1757 1370 1819 είς
1391 1759 1610 1822 αὐτούς.
1640 1763 1747 1814 Καὶ

1059 349 1350 415 ORATIO
1397 355 1603 417 ANNO
1655 359 2138 424 AUSPICANDO
2198 367 2506 428 HABITA.

642 459 691 512 ει
751 461 850 515 καὶ
906 463 983 536 μὴ
1030 466 1088 519 ἐν
1124 470 1470 537 ἀναγκαίοις,
1505 475 1622 527 ἀλλ’
1667 479 1759 530 οῦν
1788 483 1837 540 Α
1866 481 1931 533 de
1961 484 2315 537 conventibus

1788 483 1837 540 Α
1866 481 1931 533 de
1961 484 2327 537 conventibus
2352 493 2406 538 et
2436 487 2702 542 conviviis
2737 491 3137 563 spiritualibus,
3164 498 3232 556 de
3263 505 3450 558 convi.

3343 386 3449 453 516

1865 570 1946 621 vis
1977 571 2068 638 qui
2112 571 2238 624 licet
2288 589 2394 625 non
2436 578 2676 643 cognati,
2709 578 2953 646 ejusdem
2991 594 3176 640 tamen
3219 593 3447 661 Originis

1866 669 2101 714 terrenas
2156 673 2362 726 essent,
2428 681 2567 733 quos
2622 670 2790 724 miser
2833 688 2933 740 ego
2977 679 3190 734 sodales
3246 682 3447 739 habere

1865 751 1994 802 mihi
2027 753 2174 807 visus
2210 769 2354 817 sum,
2389 771 2496 810 non
2527 774 2632 826 qua
2669 778 2879 817 mecum
2910 766 3176 833 biberent,
3209 775 3304 827 sed
3337 793 3443 843 qna

1862 841 2169 894 secundum
2222 843 2486 911 Spiritum
2545 861 2794 906 sanctum
2863 863 3264 916 commensales
3335 868 3440 921 mei

1861 933 2080 986 essent!
2119 934 2325 988 Czctera
2378 938 2600 991 silentio
2647 957 2854 1006 premo,
2897 963 2962 999 ne
2994 951 3142 1017 quis,
3195 956 3349 1011 flocci
3376 976 3439 1013 ea

1862 1023 2130 1089 pende-ns.
2165 1039 2387 1079 avarum
2425 1039 2591 1098 atque
2627 1031 2968 1102 illiberalem,
3026 1043 3120 1111 qui
3161 1050 3307 1100 velut
3338 1068 3437 1104 cu-

1862 1115 2068 1166 minum
2127 1116 2432 1185 diflindam,
2485 1137 2568 1174 me
2618 1125 2914 1181 existimet.
2963 1131 3163 1202 Taceo,
3227 1140 3272 1193 si
3317 1158 3439 1209 qua:

1861 1203 2022 1258 facta:
2052 1217 2179 1259 sunt
2229 1217 2322 1261 aut
2373 1211 2506 1264 liunt
2539 1213 2800 1282 impensa:
2838 1219 2890 1271 in
2927 1238 3013 1277 res
3068 1233 3434 1295 accessorias,

1858 1295 1911 1347 in
1951 1309 2272 1353 ornamenta
2323 1310 2376 1352 et
2443 1315 2660 1369 caztera,
2709 1310 2909 1375 quibus
2963 1313 3128 1368 Deum
3177 1319 3434 1376 delectari

1857 1386 2083 1440 fidenter
2103 1390 2252 1442 dico.
2289 1390 2416 1446 Scio
2442 1395 2586 1447 enim
2626 1398 2741 1451 fore
2777 1403 2869 1467 qui
2907 1403 3119 1470 dicant,
3157 1409 3268 1464 lucc
3298 1414 3433 1466 nihil

1856 1477 1920 1529 ad
1955 1493 2052 1530 nos
2087 1478 2276 1532 Patres
2317 1485 2610 1550 pertinere,
2662 1492 2805 1554 quod
2847 1492 2988 1545 idem
3041 1511 3167 1550 esse
3219 1500 3435 1554 videtur

1854 1581 1915 1618 ac
1953 1570 2014 1621 si.
2056 1573 2277 1637 quando
2311 1589 2631 1631 ωοοιιοιιιυε
2672 1581 2886 1649 aliquos
2928 1584 3056 1640 facit
3098 1600 3350 1658 sumptus
3380 1594 3433 1645 in

1856 1657 2078 1712 domum
2125 1662 2375 1728 herilem,
2425 1670 2673 1722 conservi
2724 1681 2921 1741 negent
2972 1677 3110 1731 ullas
3151 1678 3432 1737 faciendas

1855 1762 1978 1800 esse
2023 1766 2292 1820 expensas
2333 1756 2435 1808 nisi
2500 1774 2621 1826 quae
2668 1761 2720 1813 in
2779 1764 3021 1830 ipsorum
3081 1772 3429 1826 commodum

166 1834 273 1900 μὴν
301 1835 330 1885 ὁ
363 1834 458 1887 τοῦ
490 1839 642 1890 οίκου
677 1840 944 1910 δεσπότης
974 1845 1074 1897 ούκ
1106 1845 1172 1899 ἂν
1201 1849 1377 1920 χαίροι
1410 1850 1487 1920 τῷ
1515 1854 1744 1926 τοιούτῳ
1776 1847 1822 1905 Β

1776 1847 1822 1905 Β
1856 1841 2139 1893 cesserint.
2203 1841 2319 1894 Jam
2369 1861 2494 1899 vero
2537 1850 2807 1916 ejusmodi
2852 1856 3032 1911 verbis
3077 1860 3228 1914 nullo
3270 1865 3432 1916 modo

159 1925 308 1995 λόγῳ
339 1946 353 1958 ·
389 1929 526 1983 ἀλλα
575 1931 670 1984 τὸν
722 1934 1008 2004 οἰκονόμον
1060 1937 1238 2004 ἄλλως
1277 1943 1596 2009 ἁποδέξοιτο
1646 1925 1743 2014 ἂν,

160 2020 343 2090 οἶμαι.

235 2115 304 2170 θ’.
355 2117 509 2188 Ἐμοὶ
537 2119 593 2172 δὲ
642 2121 778 2176 ἀλλὰ
811 2123 1241 2197 ἁναὸοησαμένῳ
1279 2129 1376 2200 ἤδη
1427 2131 1598 2200 ἀκοὴν
1641 2134 1744 2200 γῆς

161 2224 218 2258 τε
256 2208 358 2260 καὶ
388 2210 645 2277 ούρανοῦ,
681 2200 976 2283 ἐπέρχεται
1009 2219 1254 2289 συνεῖραι
1291 2238 1344 2272 τι
1390 2222 1484 2274 καὶ
1519 2225 1585 2275 τὰ
1617 2226 1744 2294 ἑξῆς

164 2302 519 2372 προφητικῖπ
551 2307 882 2374 περικοπῆς.
920 2309 1026 2360 Καὶ
1072 2309 1219 2374 υίοὺς
1249 2311 1348 2380 μὲν
1388 2315 1648 2383 γεννῆσαι
1680 2319 1742 2371 οὐ

165 2392 427 2459 καταγνῶ
459 2395 636 2447 είπείν
667 2412 682 2428 ·
715 2398 968 2466 (πηλίκος
1021 2400 1130 2471 γὰρ
1178 2401 1290 2469 ἐγὼ
1325 2405 1457 2474 πρὸς
1487 2408 1742 2476 τοιαύτην

163 2485 328 2549 φύσιν
357 2486 479 2557 Θεῷ
503 2488 842 2558 πρέπουσαν,
867 2493 962 2546 καὶ
989 2495 1119 2557 τοῖς,
1144 2494 1258 2547 ὅσοι
1283 2499 1348 2566 τῇ
1374 2499 1508 2568 πρὸς
1533 2501 1742 2554 ἐκεῖνον

161 2575 488 2646 ἐξομοιώσει
521 2579 695 2647 θεοίς)
751 2584 1113 2653 γεννηθέντας
1152 2589 1208 2640 δὲ
1249 2591 1389 2641 κατα
1437 2593 1616 2660 σάρκα
1651 2592 1743 2645 ὑπ’

160 2669 344 2723 ἄλλων
376 2671 472 2722 καὶ
517 2673 714 2744 μικροῦ
770 2674 1026 2740 ἐκθέτους
1070 2678 1285 2747 ὑψῶσαι
1319 2697 1462 2749 φημι
1495 2685 1740 2750 ἀγαθοῖς,

157 2754 239 2824 οἷς,
275 2762 392 2832 βίος
421 2763 739 2833 ἐπαύξεται,
770 2768 863 2821 καὶ
888 2771 1037 2839 ὅμως
1059 2771 1390 2842 ἀθετηθῆναι
1415 2774 1508 2827 ὑπ’
1536 2778 1735 2832 αὐτῶν.

168 2853 437 2922 Ἐτέρους
469 2856 523 2908 δὲ
551 2861 630 2920 εἰς
663 2860 724 2911 τὺ
764 2862 872 2913 πᾶν
900 2863 1000 2930 μὲν
1026 2863 1218 2934 ἐξᾶραι
1249 2867 1344 2919 καὶ
1376 2872 1737 2936 προαγαγεῖν,

159 2946 266 3000 οὐκ
309 2947 380 2998 ἂν
412 2948 643 3013 είποιμυ
706 2952 1122 3021 προσεπιθεῖναι
1170 2955 1246 3021 δὲ,
1297 2950 1377 3020 οἷς
1432 2958 1741 3027 φθάσαντες

159 3038 271 3090 ὑπὸ
332 3040 512 3094 ἄλλων
551 3035 857 3114 ἀρχιερέων
905 3046 1088 3116 ἔσχον,
1138 3051 1233 3101 καὶ
1271 3049 1435 3119 ἕτερα
1490 3053 1736 3120 μείζνινα,

153 3131 257 3184 καὶ
288 3131 626 3203 δυστυχῆσαι
656 3136 758 3206 τὴν
786 3139 848 3190 ἐκ
871 3138 980 3190 τῶν
1003 3140 1260 3193 τοιούτων
1289 3143 1617 3212 ἀχαριστίαν
1639 3147 1739 3198 οὐκ

155 3222 242 3285 είς
272 3223 335 3276 τὸ
370 3226 555 3293 τυχὸν,
586 3226 704 3279 ἀλλ’
736 3229 818 3292 είς
846 3230 1252 3300 ἐκπολέμωσιν.

231 3440 286 3460 ..
329 3404 494 3459 Ἀλλὰ
536 3406 758 3472 τούτους
789 3409 889 3478 μὲν
935 3412 1453 3483 παρακατατίθεμαι
1485 3415 1565 3486 τῷ
1596 3416 1736 3488 Θεῷ,

150 3495 236 3566 τῷ
272 3497 369 3550 καὶ
393 3499 652 3569 πανσόφῳ
690 3503 783 3552 καὶ
811 3500 1148 3573 ύπεραγάθῳ
1179 3506 1426 3576 τεχνίτῃ,
1454 3507 1529 3570 ὡς
1565 3509 1736 3575 ἀγάλ-

153 3608 306 3658 ματα
353 3591 564 3643 ἐκείνου
618 3591 747 3644 ὄντα
798 3593 1288 3663 καλλιτεχνηθέντα
1350 3599 1450 3667 μὲν
1514 3600 1733 3666 ἄλλως,

149 3682 530 3752 ἀχρειούμενα
578 3684 633 3737 δὲ
690 3688 810 3747 ταῖς
862 3687 985 3756 είκῆ
1033 3688 1128 3740 καὶ
1158 3689 1357 3758 μάτην,
1391 3691 1514 3742 ὅποι
1540 3693 1736 3760 τύχοι,

147 3773 586 3842 παρατρίψεσιν,
644 3775 913 3844 ἀρτιῶσαι
971 3778 1110 3831 κατὰ
1168 3777 1266 3847 τὴν
1303 3779 1469 3832 αὑτοῦ
1520 3782 1736 3849 σοφίαν,

149 3869 248 3917 καὶ
309 3866 682 3930 ἐπαναγαγεῖν
739 3868 819 3929 είς
875 3866 937 3920 τὸ
993 3867 1142 3937 αύτῷ
1188 3870 1422 3938 ἀρέσκον
1463 3870 1737 3942 εῦμορφόν

148 3975 206 4009 τε
237 3959 333 4008 καὶ
365 3957 663 4023 εὐπρεπές
693 3957 768 4019 ὡς
798 3958 866 4010 ἂν
891 3956 1036 4012 οὔτω
1059 3959 1154 4011 καὶ
1185 3958 1251 4011 δι’
1279 3960 1459 4012 αὐτῶν
1486 3962 1738 4029 εὐλογού-

151 4067 318 4119 μενος
362 4049 719 4119 ἀντευλογοίη
751 4051 844 4102 τὸν
871 4051 1136 4120 στέφανον
1165 4053 1298 4122 ἡμῖν
1326 4052 1423 4107 τοῦ
1455 4056 1731 4110 ἐνιαυτοῦ.

224 4232 317 4280 ια’.
369 4225 512 4294 Ἐγὼ
548 4226 604 4279 δὲ
639 4226 733 4280 καὶ
781 4225 862 4297 τῷ
903 4227 1272 4298 παρατυχόντι
1315 4228 1433 4298 λαῷ
1471 4230 1565 4284 τοῦ
1598 4231 1734 4284 Θεοῦ

147 4319 475 4389 προσλαλῶν
501 4319 920 4384 διδασκαλικῶς,
950 4319 1358 4390 παρεγγυῶμαι
1393 4323 1487 4374 καὶ⁵
1523 4323 1729 4386 αὐτοῖς,

143 4410 266 4462 ὅσοι
296 4410 440 4470 τέως
469 4408 692 4461 ἀκούειν
725 4408 879 4478 ἡμῶν
910 4408 1221 4478 ἀνέχονται.
1266 4409 1387 4463 Εἰσὶ
1417 4413 1527 4482 γὰρ
1558 4415 1613 4464 ἐν
1640 4416 1735 4466 αὑ-

1852 1929 2116 1995 gauderet
2144 1935 2559 1998 paterfamilias.
2595 1944 2688 1995 sed
2733 1946 2935 2011 potius,
2966 1964 3029 2002 ex
3059 1965 3176 2004 mea
3209 1955 3429 2022 quidem

1847 2023 2140 2088 sententia,
2183 2041 2528 2086 oeconomum
2568 2033 2839 2092 laudaret.

1919 2115 1969 2167 9.
2003 2115 2298 2185 Postquam
2325 2131 2505 2172 autem
2543 2126 2744 2178 caelum
2778 2141 2840 2180 ac
2875 2137 3074 2184 terram
3108 2134 3172 2187 ad
3205 2137 3433 2190 audien-

1846 2203 1973 2257 dum
2028 2210 2345 2274 provocavi,
2397 2212 2524 2266 dicti
2576 2214 2723 2268 illius
2775 2221 3076 2288 pr0phetici
3135 2226 3296 2279 verba
3339 2242 3429 2281 se-

1846 2299 2070 2365 quentia
2119 2300 2413 2371 adjungere
2458 2304 2606 2358 libet.
2649 2308 2715 2361 Et
2757 2311 2896 2365 lilios
2941 2314 3154 2380 quidem
3189 2333 3272 2370 me
3302 2335 3432 2388 pro-

1845 2405 2066 2444 creasse
2113 2407 2219 2444 non
2281 2403 2364 2448 est
2398 2397 2542 2464 quod
2593 2399 2796 2464 dicam,
2837 2404 2983 2471 (quis
3017 2408 3160 2459 enim
3191 2426 3290 2478 ego
3308 2428 3428 2465 sum

1847 2493 2200 2551 comparatus
2230 2501 2353 2540 cum
2385 2500 2584 2544 natura
2613 2493 2705 2546 Dei
2726 2511 3025 2567 eorumque
3055 2503 3147 2570 qui
3176 2507 3432 2558 similitu-

1845 2573 2102 2644 dineejus
2133 2583 2527 2647 propemodum
2564 2585 2637 2639 dii
2677 2588 2803 2643 facti
2838 2594 3011 2662 sunt?)
3053 2597 3146 2650 sed
3179 2599 3246 2652 ab
3299 2601 3432 2655 aliis

1845 2667 2136 2722 carnaliter
2180 2683 2493 2736 procreatos
2527 2684 2579 2727 et.
2608 2679 2762 2745 quasi
2814 2685 3104 2750 expositos
3153 2691 3428 2742 cumulati;

1847 2756 2006 2812 benis
2035 2760 2230 2829 quibus
2275 2764 2385 2818 vita
2431 2778 2680 2835 ornatur,
2723 2780 2777 2824 et
2817 2775 3177 2833 nihilominus
3216 2783 3284 2836 ab
3319 2785 3428 2840 illis

1845 2861 2210 2922 comtemptus
2246 2871 2387 2911 sum.
2433 2860 2585 2913 Alios
2639 2873 2843 2929 autem,
2893 2866 3036 2921 haud
3088 2872 3232 2934 dico,
3277 2878 3425 2944 quod

1845 2945 2119 3000 exaltalos
2167 2954 2538 3017 provexerim,
2588 2965 2826 3010 attamen
2866 2960 3146 3018 beneficiis
3183 2981 3303 3034 qua:
3355 2973 3424 3022 al.

1845 3037 1968 3092 aliis
2009 3041 2438 3112 archiepiscOpis
2478 3060 2828 3117 acceperant,
2875 3054 3079 3121 majora
3132 3061 3294 3110 etiam
3325 3061 3424 3114 ad—

1842 3128 1971 3194 ieci,
2026 3148 2196 3202 quare
2233 3150 2422 3190 eorum
2474 3137 2924 3206 ingratitutlinem
2972 3162 3077 3202 non
3121 3149 3424 3217 fortuitam,

1847 3222 1944 3275 sed
1976 3238 2043 3277 ex
2079 3225 2263 3279 hostili
2294 3228 2479 3282 animo
2513 3232 2982 3300 profectam,inter
3003 3253 3246 3296 summas
3272 3243 3424 3297 cala~

1846 3315 2064 3371 mitates
2088 3320 2420 3374 censeudam
2449 3322 2612 3377 duco.

1914 3408 2000 3461 lO.
2046 3408 2151 3462 Sed
2190 3411 2310 3476 hos,
2346 3424 2532 3484 utpote
2569 3417 2660 3486 qui
2698 3417 2791 3473 Dei
2827 3420 3116 3490 imaginem
3151 3425 3421 3494 referunt,

1843 3510 1895 3555 et
1927 3502 1996 3554 ab
2052 3503 2204 3555 initio
2246 3505 2465 3572 quidem
2515 3509 2724 3577 pulchri
2775 3514 2968 3575 creati,
3013 3523 3197 3581 postea
3238 3529 3422 3572 autem

1845 3597 2149 3664 pervicacia
2210 3613 2306 3651 sua
2366 3613 2504 3653 vana
2551 3609 2606 3655 et
2661 3603 2935 3660 insensata
2977 3613 3222 3680 corrupti
3273 3624 3424 3678 sunt,

1844 3689 2167 3741 commendo
2223 3689 2352 3754 Deo,
2402 3694 2636 3747 creatori
2680 3696 3090 3764 sapientissimo
3140 3713 3302 3771 atque
3328 3722 3426 3773 0p-

1843 3777 1999 3840 timo,
2029 3786 2086 3830 ut
2124 3779 2424 3832 secundum
2469 3784 2780 3850 patientiam
2818 3801 2970 3840 suam
3009 3789 3212 3862 dirigat
3239 3808 3338 3847 eos
3368 3807 3422 3848 et.

1844 3869 1908 3921 ad
1949 3870 2292 3923 honestatem
2346 3887 2408 3925 ac
2451 3873 2707 3927 virtutem
2758 3877 2858 3945 ipsi
2906 3891 3116 3948 gratam
3154 3885 3416 3944 reducat,

1841 3967 2005 4027 atque
2049 3959 2120 4012 ita
2169 3958 2222 4013 in
2267 3961 2436 4016 vicem
2479 3965 2921 4021 benedictionum
2973 3971 3175 4039 quibus
3216 3976 3285 4028 ab
3319 3977 3426 4030 illis

1839 4049 2170 4115 celebratur,
2224 4053 2354 4106 anni
2404 4056 2650 4124 auspicia
2736 4057 3120 4117 benedictione
3173 4081 3272 4119 sua
3335 4069 3408 4119 di.

1840 4153 2060 4212 gnctur.

1909 4235 1996 4287 ll.
2040 4235 2160 4289 Jam
2203 4252 2331 4290 vero
2381 4236 2508 4291 dum
2550 4250 2872 4308 prmsentem
2919 4243 3012 4298 Dei
3057 4255 3254 4300 emtum
3286 4248 3418 4301 θειο-

1838 4340 1955 4389 eeo,
1992 4328 2152 4381 simul
2203 4330 2466 4382 adhortor
2513 4347 2608 4384 eos
2651 4334 2741 4399 qui
2785 4350 2932 4388 nunc
2983 4338 3164 4392 verbis
3218 4343 3426 4394 nostris

1838 4436 2022 4473 aurem
2084 4426 2349 4488 pra-bent.
2407 4420 2548 4474 Inter
2597 4423 2747 4489 ipsos
2801 4425 2948 4482 enim
2993 4437 3122 4481 sunt
3167 4430 3422 4486 homines

141 4505 259 4564 τοῖς
294 4500 596 4570 ἄνθρωποι,
643 4500 1002 4570 ὁίηγηθέντες
1029 4501 1130 4553 οὐκ
1158 4497 1255 4553 οἶδ’
1283 4502 1428 4567 ὅθεν,
1473 4506 1730 4574 ἐπιστρέο
1765 4532 1811 4589 ι)

1765 4532 1811 4589 ι)
1840 4513 1954 4577 qui,
1985 4513 2174 4565 nescio
2208 4512 2350 4564 unde
2380 4513 2534 4574 moti,
2571 4528 2692 4576 nos,
2730 4516 2886 4583 quasi
2921 4529 3238 4584 peccatores
3269 4538 3422 4574 csse-

141 4615 272 4666 φειν
318 4596 468 4666 ἡμᾶς
499 4599 577 4655 εἰς
605 4595 667 4646 τὸ
697 4596 900 4661 ἀγαθὸν
945 4595 1034 4648 διὰ
1056 4597 1152 4649 τοῦ
1187 4596 1266 4666 μὴ
1296 4598 1730 4668 ἐπιστρέφεσθαι

139 4690 310 4758 ἡμῶν
341 4684 431 4742 οἷα
461 4689 821 4758 ἐφαμάρτων,
852 4688 945 4739 καὶ
975 4687 1062 4740 δια
1093 4688 1250 4740 τοῦτο
1291 4690 1386 4742 καὶ
1416 4691 1493 4752 ὡς
1540 4693 1620 4754 εἰς
1654 4693 1733 4745 δι-

142 4781 459 4842 δασκάλους
488 4779 834 4841 καθεστῶτες
861 4779 1019 4848 ἡμῖν,
1061 4780 1416 4839 διδάσκοντας
1449 4783 1549 4850 μὲν
1578 4783 1734 4836 οὺοὲν

143 4872 358 4935 ὁτιοῦν,
387 4871 773 4941 μεμφομένους
803 4869 974 4930 ἅπαν.
1007 4872 1142 4940 ὅπερ
1170 4872 1237 4924 ἂν
1269 4870 1302 4940 ἢ
1336 4872 1552 4942 δρῶμεν
1583 4874 1616 4944 ἢ
1651 4873 1735 4925 λέ-

145 4984 353 5038 γομεν,
378 4964 474 5018 καὶ
503 4965 675 5033 αὐτὴν
704 4962 782 5025 δέ,
831 4962 858 5013 ὅ
905 4979 1060 5030 φασι,
1089 4963 1188 5032 τὴν
1233 4965 1511 5033 ἀναπνοὴν
1553 4967 1727 5034 ἡμῶν.

143 5061 242 5124 Τῷ
279 5059 463 5110 τοίνυν
500 5054 728 5120 τοιούτῳ
759 5053 874 5124 λαῷ
902 5054 996 5106 τοῦ
1053 5053 1187 5106 Θεοῦ
1225 5056 1409 5124 φωνὴν
1440 5057 1518 5117 είς
1557 5057 1733 5109 κοινὸν

145 5115 412 5220 ἀφιέντες
463 5115 892 5217 παρακαλοῦμεν
941 5148 1020 5208 εἰς
1062 5115 1250 5214 ὅμοιον
1285 5115 1510 5214 ἀγαθὸν,
1547 5149 1606 5200 τὸ
1633 5150 1732 5217 τῆς

145 5243 404 5309 εᾲλογίας
433 5238 658 5306 δηλαδὴ,
713 5237 842 5304 περὶ
893 5232 960 5306 ἧς
1015 5236 1138 5305 ἄρτι
1175 5236 1203 5287 ὁ
1232 5235 1386 5302 λόγος
1433 5240 1585 5306 ἡμῖν.
1621 5241 1730 5290 Καὶ

143 5333 347 5402 πρῶτα
381 5330 480 5398 μὲν
509 5329 1006 5396 ἁναμιμνήσκομεν
1039 5326 1255 5391 αὐτοὺς,
1294 5325 1353 5390 ἐξ
1375 5327 1504 5378 οἴων
1533 5330 1612 5389 είς
1643 5323 1729 5380 οἷα

147 5421 474 5493 μετηλλὰγη
510 5419 577 5470 τὰ
610 5418 731 5470 καθ’
760 5419 934 5486 ἡμᾶς.

226 5517 320 5584 ιβ’.
359 5514 469 5566 Καὶ
499 5513 659 5581 ἡλίκα
701 5511 798 5580 μὲν
839 5512 907 5562 τὰ
955 5511 1017 5562 οὐ
1055 5511 1163 5580 πρὸ
1185 5512 1381 5564 πολλοῦ
1411 5514 1589 5580 ἀγαθὰ
1634 5515 1727 5567 τοῦ

141 5607 309 5669 Θεοῦ,
343 5605 378 5658 ἃ.
433 5605 530 5656 καὶ
568 5604 637 5655 τὰ
664 5605 721 5654 ἐν
752 5603 880 5670 ὑμῖν
910 5602 1112 5671 βιϐλία,
1145 5604 1199 5656 αἱ
1238 5608 1510 5673 μνήμονες
1556 5604 1729 5673 ψυχαὶ

142 5697 535 5767 περιφέρουσι,
567 5695 660 5746 καὶ
687 5696 766 5755 εἰς
790 5693 1098 5759 ἀνάγνωσιν
1116 5695 1226 5755 τοῖς
1249 5694 1459 5755 πολλοῖ,
1485 5697 1724 5747 ἐκτίθεν-

143 5809 264 5857 ται,
302 5792 399 5841 καὶ
427 5787 549 5840 οὐδὲ
587 5784 697 5854 ἐγὼ
736 5784 954 5856 ἀμαθὴς
996 5784 1117 5838 οὐδὲ
1171 5785 1279 5838 τῶν
1317 5786 1575 5839 τοιούτων
1609 5789 1724 5858 εἰμὶ

1845 4619 1987 4669 Inus,
2037 4604 2099 4655 ad
2150 4603 2350 4656 bonum
2415 4615 2737 4657 convertere
2793 4608 3165 4675 praetendunt,
3192 4613 3425 4679 ideoque

1842 4710 1961 4748 sese
2006 4705 2259 4762 tanquam
2311 4695 2603 4763 magistros
2662 4709 2879 4751 nostros
2913 4710 3130 4767 gerunt,
3172 4706 3424 4770 quamvis

1843 4786 1977 4838 nihil
2003 4784 2222 4837 omnino
2239 4785 2604 4848 doceant,imo
2622 4789 2885 4857 quidquid
2907 4801 2997 4844 aut
3017 4792 3309 4846 fecerimus
3329 4804 3421 4846 aut

1842 4876 2220 4940 dixerimus,et
2237 4878 2494 4948 ips:uu,ut
2511 4879 2560 4932 in
2577 4896 2698 4948 prm
2713 4882 2864 4935 erbio
2881 4892 2986 4947 est,
3007 4886 3422 4950 reSpirationcm

1842 4978 2080 5020 nostram
2103 4969 2423 5036 vitupercnt.
2451 4969 2530 5021 Ad
2552 4971 2861 5025 universum
2880 4973 3044 5040 igitur
3095 4976 3189 5029 Del
3220 4991 3420 5030 coetum

1843 5058 2003 5111 verba
2024 5057 2283 5114 facientes
2315 5061 2456 5113 bona
2479 5060 2529 5113 ei
2563 5075 2948 5130 apprecamur,
2984 5064 3421 5120 benedictionem

1841 5149 2122 5213 nimirum,
2177 5151 2243 5204 de
2289 5166 2395 5220 qua
2443 5153 2608 5206 modo
2639 5153 2896 5210 diximus.
2933 5155 2998 5208 Et
3027 5158 3260 5224 primum
3295 5165 3419 5226 qui-

1842 5239 1962 5290 dem
2020 5240 2072 5292 in
2119 5243 2438 5294 memoriam
2476 5244 2558 5297 eis
2602 5259 2953 5310 revocamus,
2991 5261 3058 5300 ex
3087 5263 3324 5316 quonam
3364 5249 3421 5303 in

1839 5346 2001 5398 quem
2039 5341 2242 5385 statum
2275 5349 2363 5387 res
2393 5347 2594 5388 nostrae
2620 5335 2871 5392 deducta:
2897 5339 3029 5393 sint.

1913 5510 2002 5563 12.
2035 5508 2248 5575 Quanta
2308 5527 2480 5580 nuper
2506 5513 2657 5569 fuere
2693 5514 2789 5572 Dei
2829 5517 3093 5574 beneficia
3122 5537 3240 5591 quae
3271 5525 3420 5578 velut

1839 5603 1891 5657 in
1925 5604 2080 5657 libris
2113 5608 2383 5659 inluerent
2422 5610 2623 5664 animis
2671 5613 2890 5678 vestris,
2924 5614 2996 5668 ita
3025 5624 3081 5669 ut
3114 5632 3142 5670 a
3175 5618 3420 5672 multitu-

1836 5698 1966 5749 dine
2005 5697 2107 5765 legi
2143 5699 2384 5764 pOSsiltl!
2414 5699 2601 5768 Neque
2634 5718 2732 5771 ego
2762 5704 2976 5758 illorum
3011 5708 3236 5775 ignarus
3268 5725 3416 5769 sunt.

1837 5787 2040 5860 Fruges
2073 5798 2231 5845 terra:
2269 5791 2625 5847 abundabant
2661 5798 2839 5851 arena:
2873 5799 3077 5866 instar;
3105 5803 3262 5870 panis
3295 5820 3414 5859 eor-
