4236 6442
208 408 307 473 553

1125 392 1412 453 ORATIO
1456 388 1663 450 ANNO
1710 386 2195 449 AUSPICANDO
2232 385 2537 446 HABITA.

3359 385 3466 451 531

205 520 269 595 ἦν
299 519 396 573 καὶ
441 517 476 587 ἡ
528 516 600 585 γῆ
646 512 834 580 ἐκείνη
871 488 1373 574 καταπεπονημίνη
1406 502 1619 595 συχνοῖς
1652 498 1779 595 ἅμρό-
1806 500 1859 561 Α

1889 510 2085 567 parvus
2139 510 2268 565 ager
2313 496 2481 549 trium
2533 493 2839 547 modiorum
2902 493 3158 549 retribuit
3200 497 3454 564 scxagies

206 588 353 681 τροις
394 609 491 661 καὶ
513 601 915 669 κατασποραῖς·
947 598 1007 651 οὺ
1047 594 1155 664 μὴν
1188 594 1494 663 ἀκάματος.
1530 591 1644 643 Οὐκ
1671 588 1780 657 ἄρα

206 706 237 773 ἡ
273 700 404 754 καθ’
433 700 581 769 ἡμᾶς
633 694 705 763 γῆ
741 692 830 745 διὰ
868 690 1044 759 γῆρας
1078 681 1566 753 ἀπεστείρωται,ἢ
1605 680 1781 773 ἄλλως

206 771 555 864 πεπήρωται,
574 787 707 842 ἀλλά
731 785 923 854 γεννᾷν
964 780 1159 850 ἔχουσα
1186 779 1283 831 καὶ⁵
1333 774 1471 827 καλὰ
1493 774 1588 827 xa‘t
1612 771 1784 825 πολλὰ

204 888 553 956 γεννήματα,
587 879 819 948 στερίφη
851 872 1177 961 καθίσταται
1428 869 1484 920 ὲν
1509 867 1646 961 ίὲμῖν
1682 881 1781 961 πε-

206 954 533 1042 ριπόνηρον.
564 968 644 1020 Οὐ
691 958 1169 1031 καρπογονοῦμεν,
1209 954 1345 1008 ἀλλὰ
1376 954 1784 1019 ἀκανθοςοροῡ-

210 1084 329 1137 μεν.
358 1064 477 1117 Οὐκ
505 1056 872 1127 ὰνασχίζομεν
909 1052 1009 1122 τὴν
1037 1051 1221 1119 ψυχὴν
1256 1048 1620 1117 συνειδήσεων
1651 1043 1784 1113 ἀρό-

207 1175 382 1224 τροις,
431 1155 555 1208 οὕτε
606 1151 685 1214 εἰς
734 1167 787 1202 τι
860 1145 1042 1217 βάθος,
1086 1142 1201 1197 ἀλλ’
1247 1141 1369 1194 οὐδὲ
1411 1140 1468 1205 ἐξ
1494 1138 1781 1207 ἐπιπολῆς.

210 1252 331 1312 Πῶς
388 1244 507 1310 οὖν,
561 1244 613 1296 εἰ
643 1260 698 1294 τι
774 1242 870 1295 καὶ
918 1234 1253 1308 σπεροῦμεν,
1284 1233 1612 1301 σαπήσεται,
1645 1228 1782 1299 ὡςὴ

212 1343 373 1411 φύσις
417 1332 529 1390 οἶδε
564 1337 763 1405 σήπειν
802 1332 871 1384 τὰ
899 1328 1150 1397 ζωογόνα
1186 1324 1500 1395 σπέρματα,
1527 1322 1621 1374 καὶ
1647 1321 1787 1411 ,ανα-

212 1406 465 1500 θηλήσει,
503 1430 599 1481 καὶ
644 1426 858 1496 καρπὸν
901 1421 1211 1491 προενέγκῃ
1265 1417 1448 1487 ἁδρὸν,
1497 1414 1565 1469 δι’
1613 1406 1786 1481 οὗπερ

210 1524 327 1576 ἔστι
372 1521 715 1590 τρέφεσθαις
774 1513 1144 1581 Συστέλλομεν
1200 1511 1363 1580 ἡμεῖς
1410 1508 1478 1561 τὰ
1529 1506 1615 1575 ἐφ’
1652 1507 1787 1575 ἡμῖν

210 1614 416 1682 ἀγαθὰ,
457 1613 552 1663 καὶ
593 1608 943 1676 ἀποκρύπτει
998 1606 1097 1657 καὶ
1146 1606 1179 1672 q
1212 1602 1283 1670 γῆ
1323 1600 1390 1654 τὰ
1419 1600 1552 1654 ίδια.
1589 1596 1789 1662 Παίζο-

214 1722 333 1776 μεν,
363 1706 450 1773 ἐφ’
488 1697 571 1765 οἷς
614 1702 675 1752 οὺ
727 1698 861 1769 χρὴ,
894 1696 990 1749 καὶ
1020 1696 1303 1762 πάσχομεν
1326 1690 1496 1754 δεινὰ,
1532 1690 1634 1742 οὐκ
1664 1690 1789 1743 ἀντ-

1887 589 2069 643 minus
2104 601 2233 641 uno.
2264 584 2395 640 Erat
2426 596 2609 641 autem
2638 601 2766 656 ager
2820 585 2907 638 ille
2938 586 3215 657 frequenti
3253 588 3462 643 oratiu-

1888 696 1954 735 ηε
1999 687 2335 748 praeparatus
2375 686 2429 731 et
2459 680 2595 733 bene
2648 678 2978 742 semiuatus,
3046 681 3299 748 quamvis
3354 698 3465 737 non

1886 770 2219 826 indefessus.
2255 769 2411 824 Haud
2443 771 2610 847 igitur
2635 781 2902 826 vetustate
2943 773 3151 828 sterilis
3186 774 3330 829 facta
3376 784 3463 830 est

1892 869 2037 912 terra
2071 870 2257 916 nostra
2286 869 2380 914 aut
2422 860 2530 913 alio
2584 860 2744 913 modo
2779 861 3079 928 infirmata,
3108 862 3202 918 sed
3237 877 3363 918 cum
3410 875 3467 919 et

1886 949 2145 1020 pulchros
2173 960 2227 1005 et
2285 951 2489 1005 multos
2544 948 2757 1003 fructus
2812 952 3059 1019 proferre
3123 952 3323 1017 valeat,
3367 968 3467 1023 per

1887 1050 2133 1097 nostram
2174 1043 2436 1097 malitiam
2470 1042 2538 1096 ad
2578 1042 2927 1098 sterilitatem
2960 1046 3281 1113 .redigitur.
3350 1045 3467 1101 Nos

1886 1148 1994 1187 non
2016 1132 2248 1197 fructus,
2270 1136 2361 1189 sed
2380 1135 2565 1203 spinas
2590 1133 2941 1201 proferimus.
2964 1135 3146 1207 Neque
3169 1138 3467 1209 profunde,

1886 1240 2058 1296 neque
2082 1226 2497 1296 superficialiter
2518 1228 2864 1298 conscientiae
2894 1238 3077 1285 aratro
3105 1234 3342 1287 animam
3367 1235 3472 1287 lin-

1886 1318 2088 1372 dimus.
2134 1319 2415 1384 Quomodo
2449 1318 2633 1389 igitur,
2672 1322 2889 1378 etiamsi
2922 1323 3054 1392 quid
3107 1325 3469 1381 seminaveri-

1888 1423 2025 1472 mus,
2044 1417 2336 1479 putrescet,
2353 1410 2813 1479 quemadmodum
2830 1424 3024 1467 natura
3047 1413 3099 1467 in
3126 1416 3468 1481 putredinem

1888 1498 2040 1553 abire
2073 1498 2204 1554 facit
2235 1500 2466 1563 semina,
2494 1509 2548 1555 et
2577 1501 2879 1557 elﬁorescet
2904 1516 2957 1558 et
3002 1514 3190 1575 aptum
3230 1506 3473 1576 proferet

1888 1590 2131 1645 fructum
2155 1606 2264 1660 quo
2296 1591 2459 1646 homo
2478 1593 2674 1647 nutriri
2700 1596 2907 1663 possit?
2936 1597 3337 1653 Abscondimus
3370 1613 3472 1656 nos

1886 1692 2073 1737 nostra
2103 1682 2269 1747 bona,
2299 1691 2353 1737 et
2383 1699 2480 1738 sua
2510 1700 2731 1754 quoque
2753 1696 2895 1743 terra
2929 1689 3240 1746 abscondit.
3302 1691 3473 1746 Ludi-

209 1773 341 1859 ἀξια
425 1797 548 1865 μὲν,
603 1791 689 1860 ἐφ’
714 1785 1011 1843 ὁποσονοῦν
1044 1785 1100 1838 δὲ
1145 1786 1319 1852 ὅμως.
1345 1783 1421 1836 Οὐ
1473 1780 1789 1853 προσδοκῶ-
1825 1861 1852 1865 Δ

1890 1788 2015 1829 mus
2040 1773 2092 1827 in
2125 1774 2328 1845 quibus
2370 1790 2488 1829 [non
2521 1777 2701 1841 decet,
2736 1788 2790 1835 et
2848 1781 2988 1836 mala
3049 1774 3318 1853 patimur,
3364 1798 3473 1839 non

217 1906 339 1958 μεν,
386 1861 518 1939 ἔνθα
572 1885 677 1956 χρὴ
729 1882 1065 1954 προσδοκᾷν.
1100 1876 1314 1933 Οὐκοῦν
1353 1874 1475 1928 οὑδὶ
1529 1875 1563 1944 ἡ
1610 1871 1788 1943 τροφὴ
1824 1861 1862 1917 Β

1895 1881 2137 1937 congrua
2166 1868 2409 1938 quidem,
2435 1869 2529 1923 scd
2567 1880 2747 1925 tamen
2782 1874 2966 1943 aliquo
3001 1874 3188 1931 modo.
3230 1876 3347 1931 Non
3380 1893 3476 1933 ex-

210 1980 415 2033 δέδιοται
463 1981 598 2049 ἡμῖν
650 1980 731 2039 είς
795 1975 1077 2055 εὔκαιρον.
1133 1971 1392 2038 Ἤνοιγεν
1449 1969 1479 2021 ὁ
1510 1966 1643 2029 Θεὸς
1687 1964 1788 2036 τὴν

210 2074 368 2142 χεῖρα
416 2068 608 2135 αὐτοῦ,
649 2070 743 2123 καὶ
770 2064 838 2139 ἦν
868 2064 1164 2137 ἐμπιπλῶν
1192 2063 1302 2115 πᾶν
1342 2060 1482 2126 ζῶον
1512 2057 1784 2122 εὐδοκίας.

208 2164 323 2219 Νῦν
352 2163 412 2216 δὲ
441 2162 760 2232 εὐχοίμεθα,
817 2160 893 2230 μή
935 2176 1088 2225 ποτε,
1144 2155 1584 2226 ἁποστρέφοντος
1618 2147 1785 2205 αὐτοῦ

207 2256 268 2307 τὸ
319 2253 658 2324 πρόσωπον,
709 2250 1095 2321 δικαιωθῶμεν
1158 2248 1379 2312 παθεῖν,
1434 2246 1534 2297 ὅσα
1594 2241 1671 2314 μὴ
1719 2241 1787 2295 δι’

208 2346 377 2415 εὐχῆς
423 2346 579 2414 ἡμῖν.
631 2343 892 2397 Φαίνεται
943 2340 1191 2410 συνέχειν
1228 2338 1356 2407 ἡμῖν
1408 2337 1437 2388 ὁ
1475 2333 1609 2396 Θεὸς
1661 2332 1787 2394 τοὺς

203 2435 531 2506 οἱκτιρμοὺς
582 2434 752 2490 αὑτοῦ
806 2436 865 2487 ιν
925 2430 1063 2501 ὀργῇ
1114 2428 1303 2482 αὐτοῦ’
1339 2426 1435 2481 καὶ
1470 2425 1554 2489 τίς
1582 2423 1615 2494 ἠ
1647 2423 1786 2494 ὀργὴ

205 2528 412 2585 ιῦτοῦί

275 2708 387 2774 ιβ’.
427 2706 660 2776 ’Δφίημι
689 2704 939 2764 ἑκάστοις
970 2699 1299 2764 ἐννοεῖσθαι,
1334 2698 1431 2751 καὶ
1461 2697 1783 2766 ἁνερευνᾷυ,

202 2803 301 2855 καὶ
335 2798 823 2867 πολυπραγμονεῖν
854 2794 994 2866 μετὰ
1026 2792 1322 2852 συνέσεως.
1348 2790 1411 2842 Εἰ
1438 2789 1497 2842 δέ
1530 2806 1617 2852 τις
1650 2790 1782 2842 ἑαυ-

202 2893 297 2944 τὸν
329 2889 677 2943 δικαιοῦσθαι
725 2888 925 2940 ἑθιλων
960 2884 1111 2938 εἴποι
1148 2883 1315 2952 μηδὲν
1358 2880 1559 2934 ειδέναι
1584 2881 1784 2944 ποιεῖν,

203 2983 273 3036 δι’
305 2978 484 3052 οὗπερ
531 2980 932 3051 παροργίζεται
973 2980 1001 3031 ὁ
1033 2977 1189 3040 Θεὸς,
1222 2973 1542 3044 παρελθέτω
1574 2974 1654 3036 είς
1688 2972 1787 3042 μέ-

205 3072 446 3125 σον.Καὶ
498 3068 612 3137 ἐγὼ
663 3068 785 3137 μὲν,
840 3066 936 3118 ἑὰν
992 3065 1137 3118 οὕτω
1195 3063 1362 3132 τύχῃ,
1400 3062 1501 3114 οὐκ
1550 3060 1617 3113 ἂν
1661 3057 1785 3112 οὔτε

204 3164 413 3233 εἰδείην
461 3163 554 3215 τὸν
610 3162 918 3229 ἄνθρωπον,
977 3155 1101 3209 οὔτε
1161 3152 1596 3249 γινώσκοιμι,τί
1654 3167 1786 3249 ποτε
1818 3192 1862 3249 c

203 3249 401 3304 πταίει
451 3248 636 3311 αὐτός·
662 3246 934 3299 πτοείσθω
968 3245 1025 3297 δὲ
1060 3246 1289 3307 ἐκεῖνος,
1329 3243 1405 3311 μή
1441 3240 1570 3294 ποτε
1596 3257 1679 3304 τις
1712 3240 1790 3291 εί-

204 3344 315 3405 δὼς
341 3341 507 3395 αὐτὸν
548 3339 644 3392 καὶ
680 3339 780 3408 τὴν
811 3334 977 3390 αὑτοῦ
1002 3335 1283 3388 πολιτείαν
1317 3333 1599 3404 ὲκπηδήσῃ
1638 3331 1791 3399 ὲλέγ-

207 3435 317 3501 ξων
354 3434 565 3486 ἐκεῖνον
619 3432 695 3502 μὴ
741 3429 871 3482 ὄντα
908 3429 1123 3482 δίκαιον
1166 3427 1311 3481 κατὰ
1330 3426 1438 3496 τὴν
1473 3426 1639 3479 αὐτοῦ
1674 3426 1790 3495 οτη-

208 3546 321 3595 σιν,
357 3527 479 3581 ἀλλ’
514 3524 874 3593 ὶποφείλοντα
907 3520 1006 3575 καὶ
1057 3520 1271 3583 ποινάς.
1317 3520 1461 3588 Ἐγὼ
1490 3518 1586 3572 οὖν
1627 3519 1788 3581 αὐτὸς

206 3618 588 3689 ὑπολαμϐάνω
639 3616 839 3669 αὐτίκα
893 3613 991 3666 νῦν
1028 3612 1388 3683 ἁμαρτάνειν,
1438 3611 1521 3664 ὅτι
1554 3609 1788 3673 πολλοὺς

206 3713 396 3781 οἴομαι
446 3707 760 3779 καταγελᾷν
801 3722 904 3776 μου
937 3705 1035 3774 τῆς
1075 3702 1456 3769 διδασκαλίας,
1491 3703 1539 3755 εί
1597 3701 1788 3772 μηδενὶ

208 3801 466 3856 πλουτῶν
498 3799 719 3869 ἀγαθῷ,
766 3794 888 3850 εἶτα
917 3796 1155 3850 διδάσκω
1194 3793 1435 3863 ἑτέρους.
1488 3816 1519 3825 -

279 3892 389 3959 κγ’.
428 3892 533 3945 Καὶ
564 3890 676 3944 εἴθε
707 3888 805 3959 μὲν
840 3888 913 3958 μὴ
953 3887 1126 3947 οὕτως
1152 3886 1267 3955 ἔχοι
1295 3884 1473 3937 τοῦτοί
1515 3883 1652 3937 Οὐδὲ
1678 3882 1787 3953 γὰρ

206 3984 318 4056 χρὴ
346 3982 510 4054 ὀρθοῦ
542 3980 873 4036 διδασκάλου
905 3979 1022 4050 βίον
1057 3977 1529 4050 περιεργάζεσθαι
1578 3977 1702 4038 τούς
1724 3991 1784 4026 τε

210 4078 493 4147 μαθητὰς,
518 4075 655 4130 ἀλλὰ
685 4075 746 4128 τὸ
767 4074 1160 4141 διδασκόμενον
1190 4070 1658 4143 ἐπισκήπτεσθαι,
1691 4071 1788 4123 καὶ

206 4172 338 4224 κατ’
373 4170 505 4222 αὐτὸ
555 4169 749 4233 ποιεῖν,
788 4167 948 4235 εἴπερ
995 4165 1131 4235 ὀρθὰ
1175 4164 1421 4217 διδάσκει
1464 4165 1559 4218 καὶ
1596 4166 1786 4217 ἀνεπι-

205 4256 417 4323 epuli}.
451 4253 599 4316 Τέως
631 4271 694 4321 γε
735 4255 846 4323 μὴν
903 4253 1161 4318 ἐπιδείξω
1215 4253 1312 4307 καὶ
1340 4253 1615 4322 δακτύλῳ,
1646 4254 1698 4306 ετ
1724 4268 1787 4321 γε

205 4345 494 4419 βούλεσθε,
539 4344 732 4398 τοῦτον
767 4347 861 4399 καὶ
888 4345 1208 4416 ἕτερονπνκαὶ
1248 4347 1458 4399 ἐκεῖνον
1490 4345 1586 4399 καὶ
1627 4343 1786 4400 ἄλλον

206 4435 608 4507 μωκωμένους,
638 4436 691 4488 εί
744 4436 839 4488 καὶ¹
887 4437 949 4488 τὸ
998 4437 1174 4505 στόμα
1224 4438 1372 4489 κατὰ
1422 4438 1513 4490 τὸν
1563 4437 1787 4489 εἰπόντα

1893 1966 2226 2029 spectamus,
2274 1960 2365 2016 ubi
2414 1970 2633 2032 oportet
2681 1974 3023 2035 exspectare.
3074 1968 3262 2040 Itaque
3314 1970 3473 2027 nobis

1891 2066 1993 2106 nec
2026 2051 2347 2108 alimentum
2373 2063 2685 2123 opportuno
2717 2064 2962 2127 tempore
2994 2059 3177 2114 datur.
3236 2060 3472 2130 Aperuit

1893 2142 2037 2198 Deus
2059 2158 2280 2198 manum
2304 2160 2458 2200 suam
2481 2155 2538 2200 ut
2554 2149 2734 2202 omnia
2754 2150 3053 2206 animantia
3090 2154 3476 2211 benedictione

1893 2233 2163 2303 impleret.
2197 2233 2349 2291 Nunc
2375 2246 2556 2291 autem
2588 2254 2899 2310 precemur,
2930 2258 2997 2298 ne
3045 2260 3310 2314 unquam,
3366 2248 3477 2304 Deo

1895 2322 2099 2377 vultum
2133 2338 2292 2378 suum
2333 2335 2637 2392 avertente,
2663 2327 2730 2380 ad
2766 2342 2830 2381 ea
2847 2329 3107 2397 patienda
3140 2335 3477 2392 condemne-

1891 2428 2039 2477 mur,
2073 2430 2198 2483 quae
2254 2429 2364 2469 non
2412 2417 2481 2471 ab
2529 2432 2595 2471 e0
2661 2419 2981 2487 petivimus.
3044 2422 3479 2484 Misericordum

1892 2520 2048 2559 suam
2085 2504 2231 2561 Deus
2261 2505 2519 2563 cohibere
2563 2508 2777 2565 videtur
2804 2510 2859 2567 in
2908 2513 2992 2568 ira
3042 2530 3186 2586 sua;
3214 2528 3267 2573 et
3298 2521 3479 2591 qualis

1896 2597 2011 2651 haec
2049 2596 2129 2650 ira
2151 2598 2163 2649 l

1957 2683 2046 2739 22.
2074 2685 2280 2742 Omitto
2308 2688 2529 2760 singula
2573 2696 2891 2752 examinare
2916 2708 2971 2755 et
3029 2702 3363 2776 investigare
3422 2716 3480 2760 et

1890 2775 2104 2831 curiose
2138 2783 2494 2847 perscrutari.
2516 2781 2575 2837 Si
2598 2784 2723 2854 quis
2750 2798 2935 2844 autem
2960 2802 3135 2848 semet
3185 2775 3365 2865 ipsum
3389 2798 3482 2869 jus

1890 2864 2135 2921 stilicare
2162 2868 2349 2925 volens
2384 2871 2610 2936 dixerit.
2649 2892 2708 2931 se
2746 2880 2885 2934 nihil
2943 2881 3129 2939 facere
3156 2864 3305 2942 scire
3356 2864 3482 2958 qui?

1889 2956 1992 3049 bus
2024 2956 2167 3049 Deus
2202 2961 2268 3014 ad
2301 2962 2440 3016 iram
2474 2979 2828 3035 provocatur,
2866 2971 2922 3026 in
2954 2976 3194 3033 medium
3223 2956 3477 3049 prodeat.

1889 3047 2044 3113 Quod
2077 3052 2121 3105 si
2155 3068 2342 3108 revera
2370 3059 2675 3126 contingat,
2728 3076 2830 3130 ego
2863 3064 3083 3133 quidem
3112 3047 3354 3128 fortasse
3376 3089 3478 3130 nec

1897 3139 2175 3195 hominem
2199 3141 2363 3198 istum
2386 3146 2514 3201 novi
2538 3163 2716 3218 neque
2750 3152 2888 3217 scio,
2917 3155 2963 3209 si
3000 3171 3108 3225 qua
3156 3159 3213 3213 in
3240 3176 3299 3215 re
3320 3226 3325 3230 ι
3349 3178 3478 3233 pec-

1894 3234 2122 3297 caverit,
2157 3249 2410 3292 vereatur
2443 3250 2624 3294 autem
2662 3241 2750 3298 ille
2779 3260 2847 3299 ne
2878 3247 3027 3315 quis,
3077 3265 3204 3305 eum
3245 3253 3476 3326 ejusque

1894 3333 2073 3379 mores
2097 3340 2461 3395 cognoscens,
2501 3332 2754 3399 prosiliat
2788 3350 3027 3406 eumque
3065 3354 3328 3412 coarguat
3362 3363 3473 3402 non

1892 3411 2095 3482 solum,
2121 3416 2249 3470 licet
2275 3419 2391 3487 ipse
2409 3420 2689 3488 opinetur,
2724 3439 2833 3477 non
2864 3427 3098 3496 jusmm,
3154 3411 3254 3488 sed
3306 3436 3475 3493 etiam

1892 3505 1985 3595 qui
2022 3520 2181 3574 paena
2216 3508 2415 3579 dignus
2439 3511 2528 3566 sit.
2566 3512 2726 3580 Quod
2782 3525 2967 3573 autem
2995 3521 3064 3574 ad
3117 3537 3203 3577 me
3255 3527 3473 3595 attinet,

1892 3592 2008 3663 ipse
2040 3611 2185 3651 nunc
2215 3613 2445 3666 peccare
2474 3606 2606 3659 mihi
2666 3607 2873 3677 videor,
2925 3612 3051 3681 quia
3122 3617 3277 3673 multi
3338 3592 3474 3679 meae

1891 3684 2155 3743 doctrinae
2187 3688 2513 3757 irridebunt.
2545 3697 2815 3766 siquidem
2842 3716 2963 3773 ego,
2998 3705 3150 3762 nullo
3181 3710 3473 3773 abundans

1890 3776 2058 3841 bono,
2095 3788 2277 3836 tamen
2309 3783 2457 3839 alios
2482 3786 2729 3842 doceam.

1959 3868 2051 3925 25.
2086 3869 2309 3927 Utinam
2377 3874 2493 3930 haec
2532 3893 2641 3931 non
2704 3879 2777 3934 ita
2840 3898 2901 3939 se
2955 3884 3231 3945 habeant!
3286 3892 3473 3965 Neque

1888 3963 2033 4017 enim
2059 3965 2186 4019 boni
2236 3969 2481 4039 magistri
2512 3973 2677 4027 vitam
2711 3978 2931 4034 curiose
2964 3990 3302 4049 perscrutari
3371 3963 3470 4046 de-

1888 4054 2018 4111 bent
2050 4057 2323 4128 discipuli,
2358 4062 2452 4116 sed
2478 4065 2664 4133 potius
2692 4067 2999 4125 doctrinam
3040 4078 3224 4133 animo
3263 4096 3469 4152 expen-

1890 4146 2019 4201 dere
2046 4157 2101 4202 et
2132 4151 2435 4207 secundum
2469 4170 2587 4208 eam
2628 4172 2813 4225 agere,
2854 4162 2897 4216 si
2932 4165 3196 4222 nimirum
3233 4146 3380 4228 recte
3405 4191 3471 4232 ac

1888 4240 2026 4295 bene
2054 4241 2238 4297 docet.
2296 4242 2414 4298 Jam
2450 4261 2601 4312 vero,
2638 4249 2682 4301 si
2724 4251 2909 4318 vultis,
2946 4256 3120 4328 digito
3160 4274 3471 4325 monstrare

1887 4347 2112 4403 possum
2146 4336 2290 4391 hunc
2320 4346 2374 4390 et
2407 4338 2557 4393 illum
2590 4342 2683 4409 qui
2710 4343 2842 4398 mihi
2895 4346 3157 4418 illudunt,
3185 4360 3466 4429 quamvis,

1889 4424 1968 4476 uti
1992 4424 2216 4493 dicitur,
2244 4427 2454 4498 linguis
2488 4431 2726 4496 faveant,
2773 4436 2866 4503 qui
2908 4437 3137 4496 irrident
3167 4424 3334 4516 atque
3383 4424 3469 4503 in;

202 4528 515 4590 ὕπίλλουσι,
548 4528 647 4580 καὶ
696 4527 1136 4598 μυκτηρίξοντας
1177 4528 1273 4581 καὶ
1310 4529 1646 4600 στρέφοντας
1679 4528 1786 4583 ὑπὸ
1818 4528 1862 4583 D

1892 4523 1972 4569 ter
2003 4520 2191 4570 dentes
2221 4530 2438 4573 versant
2484 4521 2658 4576 illud:
2724 4522 2897 4590 «Quid
2949 4544 3184 4601 nugatur
3236 4553 3467 4608 magnus

201 4621 323 4678 τοῖς
367 4617 545 4668 ὀδοῦσι
597 4616 661 4669 τό
687 4633 701 4647 ο
743 4636 761 4667 ι
800 4618 863 4669 Τί
920 4618 1157 4688 φλυαρεῖ
1194 4621 1222 4671 ὁ
1271 4619 1445 4689 μέγας
1486 4622 1713 4687 παπᾶςς
1759 4639 1777 4673 ι

202 4710 340 4774 Ναὶ,
369 4710 461 4761 ναὶ
491 4708 587 4763 καὶ
614 4709 840 4776 γελᾶτε,
885 4704 930 4763 ὦ
959 4706 1128 4775 οὗτοι,
1158 4711 1254 4765 καὶ
1303 4712 1659 4779 καταγελᾶτε,
1692 4717 1785 4768 καὶ

204 4798 515 4857 σκώπτετε.
574 4800 670 4852 καὶ
723 4798 879 4868 βύετε
916 4800 1014 4862 τὰς
1049 4803 1239 4865 ἀκοὰς,
1272 4806 1369 4856 καὶ
1402 4804 1653 4868 ἑξανύετε
1692 4805 1783 4859 τδν

206 4890 426 4959 συνήθη
480 4889 818 4957 περίπατον,
849 4882 912 4944 οὗ
945 4891 1006 4944 τὸ
1048 4892 1205 4955 τέλος
1250 4895 1501 4965 κρημνὸς
1544 4898 1572 4950 ὁ
1604 4898 1662 4960 ἐς
1691 4897 1785 4950 κό-

206 4997 410 5049 ρακας.
1158 5006 1177 5027 '-

276 5073 381 5126 κδ’.
434 5073 872 5143 ’Δναμιμνήσκω
907 5074 1071 5129 πάλιν
1113 5078 1239 5145 περὶ
1290 5079 1390 5149 τῆς
1445 5081 1504 5133 ὲν
1543 5083 1673 5151 ἡμῖν
1702 5082 1781 5134 δι-

200 5166 497 5233 γλωττίας.
530 5165 597 5217 δι’
632 5167 699 5235 ἢν
747 5167 1116 5230 συναντῶντες
1168 5168 1439 5240 ἀλλήλοις,
1468 5170 1784 5243 ἔμπροσθεν

205 5257 314 5327 μὲν
361 5257 882 5327 καλιρῤημονοῦμεν
960 5260 1056 5312 καὶ
1122 5262 1507 5333 εὐπροσήγορα
1548 5258 1783 5334 φθεγγό-

206 5345 372 5415 μεθα,
411 5346 855 5415 παραλλάξαντες
885 5348 941 5401 δέ
972 5366 1026 5402 τι
1058 5349 1235 5419 βραχὺ
1270 5353 1662 5423 καταπτὺομεν
1689 5356 1782 5408 ἀλ-

199 5434 384 5504 λήλων
421 5433 708 5506 βορῦόρους
748 5436 1136 5506 βλασιρημιῶν.
1172 5440 1235 5492 Τί
1292 5443 1690 5514 εὐκολώτερον,
1738 5440 1783 5499 ὦ

200 5527 486 5595 ἄνθρωπε,
519 5526 617 5578 τοῦ
666 5528 1056 5598 ἀπαλλαγῆναι
1122 5533 1370 5585 τοιούτου
1419 5535 1635 5595 καχσῦς
1674 5537 1781 5589 Μι-

202 5623 343 5682 σ;ἶς,
379 5624 475 5674 καὶ
494 5621 706 5691 βαρέως
742 5621 889 5692 ἔχεις
913 5623 1006 5677 ἐπί
1034 5642 1163 5679 τινι.
1203 5626 1417 5683 Οὐκοῦν
1448 5632 1583 5699 μήτε
1609 5648 1782 5702 προσ-

201 5713 472 5781 κυνήσῃς,
506 5714 640 5781 μήτε
677 5713 736 5765 τὸ
784 5732 803 5765 ι
843 5717 999 5784 χαῖρε
1031 5734 1050 5767 ι
1083 5719 1391 5791 προσείπῃς
1417 5738 1430 5751 ⁸
1473 5722 1606 5775 ἀλλὰ
1634 5727 1781 5777 ἀντι-

199 5802 493 5874 παρελθὼν
534 5804 885 5875 ἀπαλλάγηθι
938 5807 1037 5861 τοῦ
1082 5809 1297 5876 ἀνδρός.
1347 5812 1688 5885 Κατακύψας
1721 5818 1778 5870 δὲ

530 5903 801 5965 Panos.
854 5904 967 5969 Gtt.
1020 5907 1311 5975 CXXXV.

1889 4607 2217 4674 pontifex?»
2269 4608 2464 4665 llidote
2523 4612 2714 4676 modo,
2749 4628 2783 4667 0
2839 4620 3050 4686 miseri,
3111 4607 3373 4695 irridete,
3411 4643 3465 4686 et

1888 4695 2163 4767 indulgete
2193 4698 2464 4764 ludibriis,
2485 4708 2539 4753 et
2577 4700 2840 4758 obturate
2870 4720 3055 4774 aures,
3082 4720 3136 4767 et
3156 4717 3366 4784 pergite
3398 4721 3457 4775 in

1888 4788 1972 4841 via
1997 4800 2262 4845 consueta
2295 4807 2417 4861 qum
2440 4794 2664 4849 tandem
2697 4798 2964 4866 praeipiti
3008 4802 3220 4873 impetu
3255 4809 3311 4863 in
3344 4825 3464 4866 ma-

1887 4878 1990 4932 lam
2025 4895 2138 4935 rem
2172 4898 2271 4938 vos
2299 4883 2551 4941 deducet.

1954 5086 2045 5140 24.
2091 5086 2544 5147 Commemorabo
2577 5095 2741 5149 etiam
2783 5097 2930 5153 illam
2974 5102 3261 5156 verborum
3312 5108 3463 5159 θηρία

1888 5178 2053 5248 pitem
2085 5180 2487 5236 simulationem
2516 5200 2624 5253 qua
2663 5186 2721 5242 ﬁt
2747 5199 2828 5253 ut,
2862 5189 3093 5245 invicem
3124 5193 3268 5248 obvii
3301 5195 3458 5264 facti,

1888 5268 2149 5335 speciosis
2180 5272 2361 5325 verbis
2388 5279 2608 5328 utamur
2638 5280 3099 5341 etgratulationes
3117 5297 3458 5353 promamus,

1889 5357 2164 5426 paululum
2200 5375 2327 5415 vero
2360 5365 2729 5431 przetergressi
2762 5365 3162 5420 calumniarum
3205 5371 3462 5429 sordibus

1885 5449 2117 5505 invicem
2143 5452 2471 5522 polluamus.
2495 5453 2638 5519 Quid
2662 5454 2877 5512 facilius
2898 5468 3003 5520 est,
3026 5475 3058 5512 0
3086 5460 3272 5527 homo,
3290 5480 3456 5531 quam

1885 5543 1989 5597 hoc
2013 5544 2145 5598 vitio
2166 5545 2427 5599 liberari?
2457 5547 2635 5601 Odisti
2660 5548 2897 5618 aliquem
2926 5549 3086 5618 eique
3112 5552 3252 5605 male
3273 5555 3453 5623 cupis.

1884 5634 2071 5704 Neque
2132 5637 2295 5706 igitur
2336 5638 2565 5703 salutes,
2597 5654 2773 5707 neque
2814 5639 3024 5695 salvere
3070 5656 3196 5695 eum
3236 5643 3455 5715 jubeas,

1883 5731 1977 5784 sed
2029 5745 2152 5784 cum
2202 5731 2250 5785 ci
2293 5733 2565 5797 occurris,
2619 5742 2889 5786 remotum
2942 5743 2993 5787 te
3047 5742 3256 5790 teneas.
3313 5736 3455 5795 Dum

1886 5831 2068 5878 autem
2113 5824 2191 5879 sic
2236 5821 2446 5880 frustra
2483 5838 2610 5880 eum
2651 5823 2860 5880 salutas
2903 5833 2957 5882 ct
3009 5834 3173 5891 caput
3222 5826 3454 5887 iuclinas

3101 5923 3173 5984 18
