4236 6442
737 583 813 637 υῑ,
862 569 987 621 licet

739 659 1062 731 allo-lucris,
1086 647 1340 707 mentiris
1369 644 1447 699 uti
1482 656 1589 695 non
1622 642 1859 707 oportet.
1882 631 2142 697 Quaenam
2167 627 2315 683 enim

740 748 1074 814 necessitas?

811 849 903 902 ‘25.
966 843 1138 896 Porro
1198 829 1533 888 mentionem
1594 820 1841 891 injiciam
1910 814 2315 871 calumniarum

743 944 944 1013 quibus
993 936 1115 1005 plus
1164 941 1327 999 quam
1374 917 1703 977 dulcissimo
1755 911 1915 967 melle
1959 907 2318 963 delectamur.

745 999 917 1102 Quale
956 1032 1168 1083 lucrum
1228 1019 1354 1074 inde
1397 1007 1726 1071 enascitur?
1774 1005 1957 1058 Habes
2003 1016 2105 1054 cur
2153 999 2322 1051 alium

747 1130 991 1181 incuses.
1021 1116 1119 1171 Adi
1162 1126 1310 1171 eum,
1335 1108 1580 1177 loquere,
1614 1111 1833 1170 perora,
1867 1091 1985 1149 etsi
2011 1089 2324 1146 convictum

750 1213 1082 1287 puniendum
1108 1217 1327 1265 censes,
1356 1197 1510 1252 trade
1536 1207 1658 1246 cum
1686 1188 1793 1257 legi
1826 1194 1886 1240 ut
1909 1197 2083 1252 pmna:
2106 1187 2327 1236 statuta:

753 1307 1121 1378 subjiciatur;
1158 1298 1203 1355 si
1238 1304 1299 1349 tu
1340 1293 1458 1362 ipse
1492 1285 1823 1355 redargutus
1847 1274 2181 1339 discessisti,
2226 1286 2329 1341 age

753 1365 1057 1458 silentium.
1087 1365 1492 1445 Calurnniando
1518 1378 1666 1433 enim
1700 1369 2110 1441 nihil'perﬁcis,
2143 1375 2194 1419 et
2225 1365 2330 1417 hoc

754 1496 933 1554 solum
964 1483 1221 1543 lucraris,
1272 1486 1334 1533 ut
1373 1459 1740 1542 nugatoribus
1778 1462 2127 1520 accensearis
2163 1467 2332 1528 alque

752 1601 951 1646 canum
982 1595 1132 1635 more
1164 1577 1370 1628 latrare
1403 1564 1659 1620 videaris.
1694 1559 1965 1613 Nimirum
1999 1568 2165 1607 canes
2194 1566 2334 1619 quo-

756 1695 882 1753 que.
942 1675 1038 1730 ubi
1093 1668 1343 1725 mordere
1399 1661 1702 1728 nequeunt,
1756 1653 1953 1704 latratu
2015 1658 2118 1700 suo
2148 1656 2330 1697 aerem

757 1778 1016 1841 latigunt.

829 1833 920 1919 2i}.
972 1857 1211 1925 Denique
1254 1853 1492 1921 impetus
1534 1850 1726 1898 contra
1766 1838 1861 1891 Dei
1895 1833 2195 1889 Ecclesiam
2238 1845 2339 1885 ne-

761 1958 955 2013 Lindus
1007 1947 1231 2006 silentio
1287 1940 1570 2013 preterire
1622 1932 1771 1987 haud
1834 1943 2082 1999 possum.
2144 1925 2344 1979 Paucis

762 2050 966 2105 abhinc
1009 2042 1233 2102 diebus,
1280 2035 1417 2090 civis
1456 2030 1676 2101 quidam
1717 2031 1919 2078 nostra:
1973 2018 2124 2073 urbis
2180 2033 2343 2071 num-

759 2133 1053 2199 mularius,
1109 2134 1177 2187 de
1236 2143 1344 2199 quo
1398 2122 1638 2179 breviter
1705 2116 1886 2170 diram
1948 2111 2138 2183 (impia
2199 2108 2344 2163 enim

765 2236 910 2290 facta
948 2231 1103 2300 prius
1135 2235 1300 2292 atque
1356 2227 1481 2271 ante
1520 2213 1754 2268 multum
1794 2218 2010 2276 tempus
2053 2200 2346 2259 commissa

767 2342 878 2382 non
919 2310 1417 2382 connuemorabo),
1455 2322 1577 2362 cum
1625 2303 1806 2374 ipsius
1850 2314 2043 2355 servus
2089 2296 2258 2351 miser
2291 2292 2347 2347 in

770 2421 1020 2488 Magnam
1076 2408 1369 2466 ecclesiam
1407 2400 1501 2456 Dei
1551 2395 1917 2481 confugisset,
1962 2391 2134 2444 hostis
2164 2384 2349 2441 Latini

771 2467 968 2568 instar,
1016 2503 1205 2574 quales
1257 2513 1358 2554 nos
1419 2505 1660 2562 quoque,
1695 2467 1833 2557 proh
1893 2482 2083 2539 dolor!
2141 2476 2350 2547 experti

771 2615 991 2662 sumus,
1033 2591 1278 2650 accurrit
1330 2595 1385 2642 ct
1434 2581 1712 2638 infelicem
1757 2575 1910 2631 illum
1958 2568 2351 2627 homunculum

772 2709 882 2749 non
916 2705 983 2744 ex
1015 2686 1175 2741 atriis
1221 2677 1492 2737 ecclesiae,
1527 2688 1633 2725 non
1672 2684 1702 2722 e
1748 2665 2024 2721 vestibulo
2058 2669 2154 2716 aut
2182 2660 2351 2730 pinna

772 2777 984 2846 templi,
1042 2770 1139 2826 sed
1198 2783 1229 2822 e
1282 2764 1463 2818 media
1505 2755 1742 2814 ecclesia
1786 2753 2080 2823 protraxit,
2121 2757 2173 2803 et
2202 2745 2352 2801 velut

776 2838 939 2940 lupus
969 2838 1207 2934 agnum,
1244 2853 1485 2925 arripuit
1523 2851 1859 2916 domumque
1887 2843 2135 2898 deduxit.
2169 2838 2355 2907 Neque

776 2930 1054 3032 cogitans,
1090 2969 1153 3007 se
1176 2953 1329 3005 illum
1356 2964 1386 3002 e
1412 2945 1507 2999 Dei
1536 2940 1793 2996 manibus
1810 2935 2107 3005 eripuisse,
2129 2930 2356 3002 capillos

778 3058 829 3111 ei
860 3050 1085 3114 evulsit,
1133 3060 1242 3100 non
1278 3038 1630 3108 simpliciter,
1670 3031 1765 3087 sed
1796 3029 1959 3099 quasi
2008 3024 2212 3080 mentis
2252 3038 2356 3077 usu

781 3161 905 3201 eum
951 3143 1169 3213 privare
1203 3135 1450 3195 deberet,
1500 3124 1700 3180 deinde
1752 3130 1927 3176 totum
1968 3131 2172 3185 corpus
2210 3114 2357 3167 illius

783 3237 1019 3308 pessime
1083 3225 1344 3284 tractavit
1415 3229 1582 3289 atque
1661 3210 1964 3269 innumeris
2033 3206 2357 3263 verberibus

785 3268 1019 3308 Ill‘DDIIIII;
1085 3268 1344 3284 .Iuv‘uv-v
1415 3268 1579 3289 ..-Ἰ-ν
1666 3268 1669 3269 ,

785 3329 977 3384 aﬂlixit
1007 3342 1021 3378 :
1060 3330 1114 3376 et
1139 3329 1433 3390 quemnam
1468 3323 1704 3379 magnus
1728 3306 1834 3359 iste
1863 3303 2025 3357 heros
2052 3296 2361 3371 percussit?
2389 3268 2430 3325 ο

791 3422 1016 3478 Scilicet
1047 3388 1171 3471 cum
1197 3411 1289 3480 qui
1314 3409 1385 3463 ob
1412 3417 1658 3461 teneram
1679 3405 1894 3453 aetatem
1930 3394 2017 3448 vix
2050 3392 2207 3447 Ιίνιιιό
2230 3388 2367 3455 pede

788 3514 1047 3569 incedere
1097 3510 1308 3575 posset.
1346 3498 1651 3566 Postquam
1689 3494 1765 3545 ita
1797 3487 2079 3545 servulum
2110 3482 2365 3537 alfccerat

787 3610 1044 3677 ejusque,
1065 3571 1123 3653 ut
1142 3599 1215 3650 ita
1231 3595 1430 3656 dicam,
1448 3588 1691 3642 animam
1711 3584 2092 3640 devoraverat,
2118 3574 2183 3627 ad
2205 3571 2369 3642 pedes

793 3696 1075 3754 descendit
1107 3702 1246 3761 quos
1288 3699 1398 3739 non
1424 3682 1609 3736 minus
1658 3681 1837 3735 curat,
1860 3662 2366 3740 (quemadmodum

793 3792 971 3859 ipsum
1011 3784 1218 3838 utinam
1275 3776 1418 3829 alius
1470 3770 1591 3842 quis
1627 3776 1783 3821 curet
1813 3764 1852 3831 ί)
1906 3758 2141 3814 vinculis
2177 3751 2371 3809 ferreis

792 3894 1023 3938 ornans.
1064 3870 1268 3927 Deinde
1319 3867 1487 3921 etiam
1527 3856 1820 3929 suspendit
1874 3853 2138 3906 miserum
2172 3844 2374 3899 manci-

796 3978 943 4043 pium
1007 3964 1244 4021 crudelis
1290 3969 1615 4017 conservus,
1669 3952 1743 4004 ita
1801 3954 1857 4001 ut
1891 3959 1958 3999 ne
1987 3942 2109 3996 solo
2150 3938 2370 4009 quidem

796 4032 1096 4121 insisteret,
1121 4065 1177 4109 et
1199 4055 1278 4108 sic
1307 4065 1425 4120 quae
1450 4061 1560 4100 non
1577 4043 1709 4096 licet
1734 4035 2100 4109 perpetravit,
2124 4032 2373 4099 Denique

796 4160 954 4212 illum
995 4148 1224 4205 involvit
1269 4156 1456 4205 sacco,
1487 4152 1597 4207 quo
1631 4149 1697 4189 ne
1738 4129 1993 4186 Ninivitm
2029 4123 2275 4196 quidem,
2307 4134 2372 4172 ex

799 4264 920 4305 mea
950 4240 1247 4302 sententia,
1292 4234 1385 4290 sed
1428 4229 1648 4302 gravius
1696 4232 1985 4295 peccantes
2033 4215 2239 4273 involvi
2282 4213 2377 4266 de-

803 4343 1074 4396 buissent.
1110 4332 1175 4386 Et
1197 4331 1280 4386 sic
1305 4326 1524 4397 quidem
1553 4322 1608 4375 in
1633 4329 1709 4385 te,
1735 4332 1767 4372 ο
1792 4315 2017 4387 puerule
2043 4306 2374 4371 miserande,

805 4428 1056 4501 peccavit
1089 4423 1203 4486 ille,
1244 4419 1374 4489 quia
1422 4415 1487 4468 ad
1531 4412 1697 4465 Deum
1738 4419 2029 4462 accurrere
2074 4414 2244 4455 ausus
2294 4413 2375 4450 es.

805 4525 943 4591 Quis
970 4528 1152 4575 autem
1189 4525 1261 4579 te,
1295 4527 1329 4565 ο
1374 4510 1525 4579 pueri
1556 4505 1825 4565 carnifex,
1851 4501 2013 4569 digne
2043 4497 2254 4568 puniat,
2286 4492 2376 4562 qui

1406 421 1833 491 EUSTATHII
1875 416 2638 480 THESSALONICENSIS
2670 414 3238 478 METROPOLszE

1041 574 1167 617 cum
1232 553 1357 609 odio
1420 548 1649 609 habeas,
1705 536 2111 613 gratulabunda
2181 545 2430 599 voceA:

2377 541 2499 600 ιεὶς
2530 536 2908 607 προσκύνησιν
2950 532 3095 588 οὕτω
3133 534 3338 602 μάτην,
3383 533 3475 584 καὶ
3516 533 3695 601 χαρὰν
3738 549 4003 602 προσξω·

3888 415 4002 480 556

2423 632 2595 703 νήσας
2633 629 2711 699 τῷ
2768 627 3106 699 μισουμένῳ,
3154 623 3373 694 ἐψεύσω
3411 625 3492 688 είς
3524 624 3679 677 οὐδὲν
3721 623 3865 679 δέον.
3903 626 4001 689 Τίς

2424 725 2533 793 γάρ
2561 725 2593 792 ἡ
2631 722 2846 789 ἀνάγκη
2874 739 2889 786 ς

2498 823 2596 870 χει,
2639 814 3084 883 ’Υπομιμνήσκω
3119 812 3211 864 καὶ
3244 809 3374 880 περὶ
3423 809 3533 862 τῶν
3572 808 3863 872 διαϐολῶν,
3910 806 4005 872 αἷς

2425 906 2743 974 ὲντυφῶμεν
2771 902 2847 965 ὼς
2872 902 2995 955 οὐδὲ
3039 904 3149 965 τοῖς
3180 903 3243 954 ὲκ
3283 900 3500 970 μέλιτος
3539 899 3906 969 γλυκασμοῖς.
3937 900 4005 953 Τί

2428 998 2617 1068 κέρδος
2653 999 2786 1068 ἡμῖν
2832 997 2896 1049 ὲκ
2941 996 3187 1059 τούτωνς
3225 994 3413 1065 Ἔχεις
3446 994 3624 1046 εἰπεῖν
3662 974 4008 1063 κατηγορίαν

2428 1090 2535 1142 ἐπὶ
2567 1088 2642 1157 τῷ
2673 1088 2920 1157 πλησίον.
2952 1084 3214 1153 Ἐνστηθι
3263 1084 3385 1137 κατ’
3418 1080 3610 1150 αὑτοῦ,
3633 1082 3895 1151 λαλησον,
3929 1081 4009 1134 δίο

2432 1199 2623 1236 κασον.
2677 1180 2791 1233 Kal
2844 1180 2877 1248 ἢ
2937 1176 3321 1240 καταδικάσας
3359 1176 3605 1247 παράδος
3634 1174 3710 1245 τῷ
3741 1174 3895 1244 νόμῳ
3916 1174 4009 1228 τὸν

2436 1275 2754 1344 ὲναχθέντα,
2786 1273 2880 1326 καὶ
2909 1272 3171 1343 πασχέτω
3199 1272 3268 1323 τὰ
3294 1269 3684 1339 νενομισμένα’
3712 1268 3745 1339 ἢ
3776 1268 4009 1334 ἀπενεγ-

2438 1369 2677 1437 κάμενος
2733 1367 2830 1435 τὴν
2881 1364 3113 1427 ἐλάττω,
3164 1362 3468 1433 ὴρέμησον.
3527 1361 3848 1415 Δωσᾶλλων
3902 1361 4013 1428 γὰρ

2437 1462 2624 1522 ἀνύεις
2682 1457 2872 1522 οὐδὲν,
2927 1455 3232 1526 κερδαίνεις
3284 1455 3342 1508 δὲ
3389 1455 3547 1523 μόνον
3595 1453 3657 1505 τὸ
3696 1453 4013 1523 στόμαργος

2441 1550 2606 1618 εἶναι,
2638 1551 2736 1604 καὶ
2767 1550 2944 1602 δοκεῖν
2971 1544 3193 1619 βαΰζειν
3228 1548 3478 1618 κυνηδόν.
3515 1546 3624 1601 Kal
3662 1547 3769 1615 γάρ
3795 1562 3881 1598 τοι
3918 1543 4017 1595 καὶ

2439 1646 2604 1708 κύνες
2652 1642 3108 1713 καταδολεσχοῦσι
3155 1640 3336 1711 μάτην
3375 1643 3455 1705 είς
3495 1641 3656 1712 ἀέρα,
3677 1640 3772 1695 ὅτε
3803 1637 3885 1709 μὴ
3913 1637 4009 1690 δά-

2440 1753 2591 1790 κνειν
2627 1734 2752 1805 ἔχου
2764 1751 2862 1787 σιν.

2515 1832 2629 1892 κς⁹.
2691 1827 3029 1896 Ἀνάμνησιν
3074 1824 3366 1878 ύποὸἀλλω
3420 1822 3515 1876 καὶ
3565 1823 3674 1876 τῶν
3732 1820 3878 1876 κατὰ
3916 1820 4021 1887 τῆς

2377 1912 2417 1967 Β
2457 1921 2788 1991 Ἐκκλησίας
2827 1919 2922 1973 τοῦ
2970 1918 3106 1971 Θεοῦ
3163 1917 3361 1971 δεινῶν
3405 1916 3798 1986 ἐγχειρήσεων.
3852 1913 4025 1982 Ίιμέο

2450 2033 2540 2087 ραι
2571 2015 2717 2077 τινὲς
2747 2007 3237 2079 αῦταιρλίγισται,
3270 2010 3365 2062 καί
3412 2026 3497 2071 τις
3536 2008 3763 2074 πολίτης
3794 2009 3852 2058 ἐν
3890 2007 4025 2075 ἡμῖν

2447 2105 2884 2178 ἀργυραμειὸδς,
2921 2103 3154 2174 βραχέος
3174 2103 3338 2171 λόγου
3371 2100 3524 2166 ἄξιος
3548 2100 3775 2170 (ἀφίημι
3812 2101 3923 2171 γὰρ
3957 2098 4029 2152 τὰ

2450 2199 2555 2265 πρὸ
2582 2196 2780 2269 καιροῦ
2816 2195 3066 2258 πλείονος
3092 2195 3190 2248 καὶ⁵
3214 2195 3524 2265 παλαίτερα
3560 2192 3869 2255 πάνδεινα),
3911 2191 4032 2242 6on-

2449 2292 2640 2362 λάριον
2682 2289 2904 2361 οίκτρδν
2944 2288 3260 2361 προσφυγδν
3311 2289 3376 2356 τῇ
3414 2287 3681 2358 καθολικῇ
3718 2284 3814 2339 τοῦ
3854 2285 4031 2355 μιγά-

2451 2384 2546 2438 λου
2586 2383 2724 2436 Θεοῦ
2768 2383 2830 2436 ὲν
2886 2383 3022 2453 ἡμῖν
3089 2380 3380 2450 ἐκκλησίᾳ,
3428 2378 3767 2449 ἐπιδραμὼν
3796 2379 4030 2440 ικεῖνος,

2451 2472 2543 2532 οἷα
2597 2476 2694 2531 καί
2735 2493 2821 2539 τις
2853 2477 3086 2537 Λατῖνος
3137 2473 3531 2544 πολιορκητὴς,
3564 2473 3768 2528 ὁποίων
3800 2473 3899 2525 καὶ
3933 2473 4036 2524 αὕη

2454 2570 2565 2624 τῶθ
2598 2568 2746 2637 οἴμοι
2779 2566 3191 2637 πεπειρὰμεθα,
3226 2567 3535 2631 ἐξέσπασεν
3566 2568 3742 2619 ἐκεῖνο
3768 2564 3831 2616 τὸ
3865 2563 4038 2615 ἐλεει-

2455 2664 2545 2717 νδν
2579 2660 2912 2732 ἀνθρώπιον,
2949 2659 3007 2711 οὺ
3050 2659 3156 2713 τῶν
3188 2658 3662 2728 ἐκκλησιαστικῶν
3696 2658 4037 2727 προαυλίων,

2455 2757 2518 2809 ού
2556 2754 2669 2808 τῶν
2716 2752 3264 2824 προτεμενισμάτων,
3322 2750 3385 2803 ού
3440 2749 3549 2803 τῶν
3596 2748 3921 2821 πτιρυγίων
3941 2748 4038 2800 τοῦ

2457 2846 2609 2908 ναοῦ,
2639 2844 2754 2898 ἀλλ’
2788 2843 2953 2898 αὐτοῦ
2991 2844 3203 2897 ἐκείνιυ
3240 2844 3433 2919 μέσον·
3462 2845 3558 2899 καὶ
3584 2843 3860 2915 ἀράμενος
3896 2846 4041 2912 ἁπήο

2458 2957 2627 3009 γαγεν
2655 2939 2819 3000 οἴκοι,
2853 2936 3018 2998 λύκος
3050 2936 3259 3007 ἀρνίον.
3304 2938 3413 2990 Kal
3437 2939 3538 2992 οὐκ
3572 2936 3934 3006 ἑνθυμηθεὶς.
3966 2937 4040 2998 ὡς

2459 3032 2524 3082 ὲκ
2554 3028 2691 3082 Θεοῦ
2720 3028 2923 3098 χειρῶν
2953 3027 3085 3080 αὐτὸ
3114 3022 3239 3097 ἦρε,
3274 3029 3376 3097 τήν
3408 3046 3467 3081 τε
3510 3027 3755 3097 κεφαλὴν
3790 3027 4042 3097 ἐψίλωτε

2460 3120 2685 3190 τριχῶν,
2719 3120 2817 3187 οὐχ
2856 3117 3078 3180 ἁπλῶς,
3120 3117 3236 3169 ἀλλ’
3271 3118 3346 3180 ὡς
3395 3120 3445 3172 εἰ
3486 3120 3582 3173 καὶ
3630 3119 3834 3187 πυριᾷν
3868 3117 4046 3184 αὑτὴν

2462 3212 2569 3263 ἔδει
2619 3208 2771 3279 φόὸῳ
2822 3207 3283 3279 παραφροσύνης,
3339 3212 3436 3262 καὶ
3466 3209 3644 3277 αὐτῆς
3682 3209 4047 3271 ὑποκαταϐὰς

2464 3304 2677 3372 γίνεται
2723 3301 2828 3370 τῆς
2879 3301 3007 3369 ὅλης
3058 3300 3284 3370 σαρκὸς,
3335 3302 3430 3354 καὶ
3488 3300 3703 3369 πληγὰς
3760 3300 4047 3369 ίλομελεῖς

2466 3394 2762 3463 ἐπιτίθησι,
2789 3395 2910 3446 τίνα
2949 3393 3169 3445 τύπτων
3200 3394 3229 3445 ὁ
3258 3391 3432 3461 μέγας
3461 3393 3757 3460 γεννάδας;
3799 3393 3899 3444 τὸν
3926 3394 4049 3446 οὐδὲ

2468 3484 2676 3555 στερρὰ
2704 3483 2940 3553 βαδίζειν
2973 3482 3272 3551 δυνάμενον
3304 3483 3394 3535 διίι
3426 3482 3487 3534 τδ
3512 3482 3652 3534 κατὰ
3679 3483 3784 3550 τὴν
3822 3482 4051 3551 ἠλικίαν

2472 3575 2816 3630 πανὰπαλον.
2851 3573 3305 3645 Προνοησάμενος
3332 3573 3385 3625 δὲ
3423 3572 3568 3625 οὓτω
3595 3572 3692 3626 τοῦ
3725 3573 4051 3636 παιδίσκον,

2471 3665 2565 3718 καὶ
2599 3664 2659 3717 τὺ
2702 3664 2972 3732 ψυχάριον
3010 3660 3202 3723 αὐτοῦ,
3246 3660 3321 3724 ὡς
3366 3663 3541 3722 οὕτως
3569 3662 3769 3727 είπεῖν,
3804 3661 4053 3731 ἐκροφή-

2474 3776 2591 3823 σας,
2628 3757 2949 3811 καταϐαίνει
2983 3755 3113 3825 περὶ
3145 3756 3271 3817 τοὺς
3311 3754 3503 3817 πόδας.
3536 3755 3647 3807 Καὶ
3693 3756 4054 3825 ἐπιμελεῖται

2475 3847 2573 3900 καὶ
2611 3847 2812 3909 αὐτῶν,
2846 3845 2920 3905 ὡς
2964 3845 3059 3897 καὶ
3106 3842 3274 3897 αὐτοῦ
3315 3843 3683 3914 ἐπιμεληθείη
3714 3861 3801 3906 τις
3831 3845 4053 3915 ἔτερος,

2475 3937 2761 4007 κοσμήσας
2797 3934 2964 4005 κλοιῷ
3028 3935 3106 4006 τῷ
3148 3937 3215 3989 ὲκ
3266 3935 3510 4006 σιδήρουθ
3561 3932 3679 3988 εἶτα
3714 3936 3810 3988 xal
3843 3954 4057 4007 μετεω-

2482 4032 2638 4102 ρίσας
2667 4031 2727 4082 τὸ
2762 4029 2999 4081 ὲλεειιδν
3031 4028 3383 4096 ἀνδράποδον,
3418 4021 3505 4081 οἷα
3539 4027 3672 4098 μηδὲ
3704 4027 3811 4097 γῆν
3860 4032 4057 4081 πατεῖν

2480 4125 2612 4179 αὐτὸ
2658 4123 2825 4188 ἀξιῶν
2871 4125 2898 4174 6
2957 4120 3191 4189 ἀνηλεής
3244 4118 3576 4184 σύνδουλος,
3618 4118 3795 4171 ἐποίει
3838 4121 3917 4171 τὰ
3982 4121 4057 4189 μὴ

2482 4218 2813 4285 καθήκοντα.
2863 4213 3030 4276 Τέλος
3085 4212 3143 4265 δὲ
3204 4214 3395 4282 σάκκῳ
3438 4210 3782 4281 περιστέλλει
3819 4211 4057 4275 lactem,

2483 4304 2649 4377 οὗπερ
2681 4307 2793 4361 οὐδ’
2826 4308 2892 4360 ἂν
2945 4303 3100 4375 οἶμαι
3130 4303 3441 4367 Νινευῖται,
3479 4304 3597 4356 ἀλλ’
3649 4304 3698 4357 oi
3749 4305 3845 4357 καὶ
3886 4304 4061 4357 πλείω

2487 4403 2772 4461 πταίοντες
2797 4400 2955 4464 ἄξιοι.
3002 4399 3110 4450 Kal
3147 4397 3310 4458 αὐτὸς
3337 4396 3459 4464 μὲν,
3488 4389 3532 4448 ὧ
3560 4395 3847 4464 παιδάριον
3883 4398 4064 4447 οἴκτι-

2486 4512 2633 4556 στον,
2675 4490 2912 4545 τοιαῦτα
2937 4488 3409 4559 πεπλημμέληκεν
3432 4490 3523 4539 ὲπί
3564 4488 3670 4548 σοὶ,
3700 4488 3841 4541 διότι
3873 4488 4065 4539 τετόλ-

812 4571 1020 4591 ιι--τπ
1080 4571 1087 4572 κ
1249 4571 1259 4579 .
1377 4571 1390 4579 .

806 4630 916 4671 tam
959 4606 1326 4678 impudenter,
1368 4602 1412 4655 si
1457 4599 1740 4653 veritatem
1778 4590 2028 4648 conliteri
2076 4590 2224 4651 licet,
2270 4584 2380 4638 Deo
2415 4604 2430 4657 ι

2377 4607 2380 4626 ι
2415 4604 2457 4657 ι)
2490 4603 2670 4657 μηκας
2710 4585 2941 4653 δραμεῖν
2996 4583 3077 4643 εἰς
3128 4581 3218 4631 τὸν
3246 4578 3401 4631 Θεὸν.
3442 4578 3511 4629 Σὲ
3543 4576 3622 4639 δὲ,
3655 4571 3701 4628 ὦ
3730 4575 3827 4627 τοῦ
3871 4576 4065 4638 παιδὸς

811 4706 915 4777 ipsi
954 4704 1060 4755 vim
1106 4693 1379 4752 intulisti?
1421 4691 1560 4746 Cum
1591 4689 1736 4742 enim
1771 4686 1848 4739 ira
1880 4693 1970 4736 tua
2009 4677 2198 4733 rabida
2228 4676 2300 4727 ila
2333 4683 2384 4727 te

811 4798 1133 4870 impelleret,
1175 4807 1245 4845 ne
1275 4790 1384 4843 Deo
1429 4786 1645 4855 quidem
1682 4776 1991 4850 pepercisti,
2026 4773 2185 4841 cujus
2218 4783 2383 4823 manu

811 4862 1212 4960 apprehensum
1230 4879 1453 4933 videbas
1472 4889 1723 4946 puerum.
1758 4865 2065 4936 Deliquisti,
2090 4879 2123 4915 0
2151 4862 2385 4920 servule,

810 4980 957 5053 quod
988 4993 1094 5031 nou
1126 4974 1191 5027 ad
1245 4980 1535 5042 paternum
1573 4966 1651 5020 tui
1697 4962 1903 5018 domini
1942 4957 2257 5027 sepulcrum
2299 4969 2389 5005 ac-

812 5069 1060 5128 curristi.
1120 5065 1274 5119 Tunc
1327 5062 1471 5117 cnim
1506 5072 1693 5111 revera
1744 5053 1839 5107 tibi
1888 5050 2085 5117 impius
2125 5059 2390 5116 parsurus

814 5168 1026 5230 luisset.
1067 5160 1371 5224 Quemnam
1408 5151 1693 5205 hominum
1725 5142 1956 5198 latronis
1996 5154 2146 5193 more
2196 5147 2249 5190 tu
2284 5150 2389 5189 non

816 5253 1171 5328 aggredieris,
1198 5265 1231 5303 o
1255 5242 1750 5315 impudentissime,
1780 5239 1874 5305 qui
1907 5238 1987 5290 sic
2013 5233 2197 5288 divina
2218 5232 2391 5297 impu-

818 5347 994 5422 gnas?
1023 5344 1327 5410 Quemnam
1375 5334 1713 5391 revereberis
1748 5328 2084 5387 mortalium,
2120 5340 2152 5378 ο
2182 5320 2395 5375 stultis-

820 5445 979 5506 sime,
1032 5438 1126 5507 qui
1178 5448 1278 5488 nec
1328 5430 1420 5484 Dei
1466 5428 1733 5483 rationem
1788 5420 1987 5476 habes?
2031 5417 2389 5471 Securitatem

822 5534 1064 5603 prmbent
1092 5536 1403 5593 sanctorum
1437 5534 1621 5589 regum
1649 5515 1937 5577 columnae,
1970 5510 2015 5565 si
2048 5509 2171 5576 quis
2201 5508 2263 5558 ad
2300 5520 2392 5558 eas

821 5623 1150 5692 confugerit.
1190 5616 1270 5670 Tu
1321 5625 1499 5667 autem
1542 5610 1635 5663 Dei
1698 5606 1999 5673 supplicem
2048 5600 2096 5654 vi
2141 5598 2393 5666 abripere

824 5715 969 5772 haud
1022 5710 1315 5771 erubuisti,
1345 5722 1376 5760 o
1417 5702 1700 5773 protervel
1734 5698 1866 5763 Qua:
1893 5706 2075 5748 autem
2128 5692 2394 5743 adversus

824 5805 1192 5875 deplorandos
1253 5800 1565 5856 sacerdotes
1628 5792 1720 5846 Dei
1786 5785 2099 5845 evomuisti,
2173 5781 2395 5835 etiamsi

821 5904 983 5959 hom
1023 5914 1070 5968 pi
1087 5912 1221 5951 avus
1258 5895 1360 5949 ista
1394 5888 1621 5945 audiens
1661 5885 2061 5950 disrumpatur.
2104 5877 2288 5931 dicant
2315 5873 2389 5927 illi

2488 4678 2751 4746 ἀλιτήριε,
2782 4675 2865 4736 τίς
2890 4675 2955 4725 ἂν
2986 4672 3152 4736 ἀξίως
3185 4668 3439 4739 μετέλθῃ,
3470 4668 3641 4729 οὓτως
3677 4666 3920 4729 ἀναιδῶς
3953 4667 4067 4735 βια-

2491 4771 2725 4839 σάμενον
2762 4767 2894 4820 Θεὸν
2933 4765 3116 4827 αὐτὸν,
3147 4763 3199 4814 εἴ
3238 4780 3289 4815 τι
3335 4760 3443 4831 χρὴ
3483 4760 3716 4831 λαλῆσαι
3759 4760 3905 4828 πρὸς
3931 4760 4065 4829 6M)-

2490 4861 2670 4925 Oatav;
2715 4857 2871 4913 Οὕτω
2900 4856 3007 4927 γὰρ
3040 4853 3130 4906 τοῦ
3180 4852 3469 4919 ἀλογίστου
3519 4848 3693 4920 θυμοῦ
3736 4850 4065 4912 ὲλαύνοντός

2493 4970 2573 5015 σε,
2603 4952 2704 5003 οὐκ
2736 4949 2802 5002 ἂν
2841 4946 2951 5001 οὐδ’
2990 4944 3152 4998 αὐτοῦ
3199 4943 3335 4995 Θεοῦ
3384 4940 3610 5008 ἐφείσω,
3636 4942 3687 4992 εί
3720 4940 3823 5009 τὴν
3852 4942 4066 4993 ἐκείνου

2492 5045 2648 5110 χεῖρα
2679 5039 3059 5109 δραττομένην
3092 5035 3315 5095 ἐελεπές
3350 5034 3445 5086 τοῦ
3475 5032 3690 5093 παιδός.
3728 5031 4066 5095 Ἐπταισας,

2492 5128 2537 5186 ὦ
2565 5131 2852 5186 δουλίδιον.
2881 5129 2962 5179 ὅτι
3006 5125 3081 5194 μὴ
3120 5124 3197 5191 τῷ
3228 5120 3478 5192 πατρικῷ
3518 5119 3676 5188 τάφῳ
3703 5116 3801 5171 τοῦ
3840 5115 3945 5168 σοῦ
3990 5115 4069 5166 δε-

2494 5222 2693 5276 σπότου
2750 5218 3152 5289 προσέδραμες.
3202 5208 3277 5265 Ἦ
3322 5212 3431 5281 γὰρ
3466 5210 3532 5263 ἂν
3581 5207 3842 5279 ἱφείσατό
3888 5222 3985 5258 σου
4041 5204 4068 5255 6

2494 5316 2729 5375 ἀνόσιος.
2783 5311 2901 5363 Τίνι
2953 5309 3062 5361 τῶν
3129 5303 3433 5375 ἀνθρώπων
3484 5303 3586 5356 οῦκ
3640 5301 3706 5353 ἂν
3752 5299 4068 5369 ἑπιδράμῃς

2494 5404 2822 5476 λῃστρικῶς,
2859 5399 3239 5460 ἀναιδέστατε,
3286 5398 3313 5447 ὁ
3348 5394 3492 5446 κατὰ
3520 5392 3628 5444 τῶν
3686 5390 3853 5443 θείων
3887 5385 4068 5440 τοιοῦ-

2495 5516 2623 5563 το;;
2676 5496 2809 5548 Τίνα
2856 5492 2963 5546 τῶν
3000 5490 3257 5543 ἁπάντων
3312 5488 3656 5557 ἐντραπήσῃ.
3684 5480 4068 5547 ἀπαίδευτειδ

2497 5589 2589 5642 τοῦ
2636 5586 2770 5640 Θεοῦ
2820 5586 2894 5655 μὴ
2929 5580 3318 5649 ἐπιστραφείς
3366 5577 3591 5630 ’Δσύλοι
3630 5575 3687 5627 αἱ
3734 5572 3846 5624 τῶν
3896 5572 4067 5637 ἁγίων

2503 5680 2771 5751 βασιλέων
2796 5678 3014 5745 στῆλαι,
3057 5675 3108 5727 εἴ
3148 5691 3229 5736 τις
3267 5673 3461 5734 αύταῖς
3493 5664 3928 5739 προσφεύξεται.
3960 5664 4067 5717 Kal

2504 5777 2565 5828 σὺ
2598 5774 2687 5825 τδν
2720 5772 2812 5822 τοῦ
2843 5769 2978 5822 Θεοῦ
3012 5769 3202 5837 ἱκέτην
3225 5763 3595 5835 ἁπεθρασύνω
3624 5760 3768 5830 πρὸς
3810 5759 3938 5828 βίαν
3966 5758 4066 5824 ap-

2500 5867 2693 5929 πᾶσαι,
2736 5860 3069 5931 ἰταμώτατε.
3120 5858 3183 5913 Ἀ
3227 5857 3282 5910 δὲ
3329 5855 3468 5910 κατὰ
3517 5853 3626 5907 τῶν
3666 5850 3927 5910 ἐλεεινῶν
3965 5865 4068 5901 πα-
