4236 6442
219 412 319 475 557

1141 412 1429 473 ORATIO
1472 411 1685 473 ANNO
1726 406 2216 469 AUSPICANDO
2264 410 2569 470 ΙΙΑΒΙΤΑ.

3373 410 3479 476 558

222 528 409 581 πάδων
438 526 715 595 ιξήμεσας
746 526 854 578 τῶν
879 523 973 577 τοῦ
998 522 1159 589 Θεοῦ,
1199 525 1247 576 εἰ
1273 523 1369 577 καὶ
1398 523 1799 594 διαρῥὴγνυται
1829 521 1875 580 Α

1829 521 1875 580 Α
1902 516 1999 586 qui
2038 530 2067 569 a
2110 526 2329 585 raptore
2365 518 2676 581 audietuut,
2725 519 2793 574 ob
2824 532 2946 589 quae
2987 520 3163 573 sancti
3212 519 3480 590 lacryma—

220 619 247 669 ό
288 616 533 685 πονηρὸς
574 616 864 685 ἄνθρωπος
908 604 1065 667 ⁴ἰοῦτιο
1119 613 1356 676 ἁκούων,
1414 612 1723 679 λεγέτωσαν
1750 610 1799 661 οί

221 709 565 769 ἀκούσαντες
596 708 658 759 ὲκ
680 707 776 761 τοῦ
798 707 1069 776 ἅρπαγος,
1100 706 1187 774 ἐφ’
1226 700 1308 767 οἷς
1338 706 1387 757 οὶ
1419 706 1519 774 μὲν
1551 706 1803 773 ἱεροπρε-

220 804 344 863 πεῖς
379 801 738 865 κλαύσονται,
782 800 833 853 οι
855 800 911 853 δι
946 800 1351 869 περιφρονηταὶ
1374 798 1485 850 τῶν
1513 796 1676 850 θείων
1713 812 1804 863 γε·

220 892 506 956 λάτονται,
532 893 747 961 μήποτε
775 891 832 944 δὲ
864 891 959 945 καί
981 909 1128 955 τινες
1157 892 1265 945 τῶν
1292 889 1768 959 ἱκκλησιαστικῶν
1786 930 1802 955 ,

218 985 312 1047 οὓς
350 987 417 1038 ἑκ
460 985 564 1052 τῆς
595 985 804 1052 ἀγορᾶς
835 984 863 1036 ό
900 982 997 1035 τοῦ
1024 980 1161 1035 Θεοῦ
1187 980 1313 1045 ναὸς
1341 980 1638 1051 δεξάμενος
1670 980 1804 1034 καθα

223 1078 477 1148 ιέρωσεν,
528 1075 825 1137 όκνοῦιτας
883 1074 985 1142 μὶν
1035 1071 1193 1145 οἶμαι
1250 1072 1552 1146 ἱερᾶσθαι,
1600 1072 1696 1125 τοῦ
1747 1073 1804 1126 δὲ

220 1167 520 1238 ἀγοράζειν
543 1168 871 1236 ἐφιεμένους
897 1166 972 1230 ὡς
1003 1166 1295 1237 πρότερον.
1326 1167 1436 1221 Καὶ
1475 1166 1583 1236 μὴν
1603 1167 1633 1219 ό
1666 1166 1806 1221 θειό-

220 1278 390 1323 τατος
441 1262 653 1322 ἐκεῖνος
682 1259 946 1329 τελώνης,
1003 1261 1084 1323 εἰς
1126 1258 1431 1329 μαθητείαν
1462 1258 1685 1329 κληθεὶς
1713 1260 1806 1313 καὶ

223 1352 604 1419 προσληφθεὶς
637 1350 715 1418 τῷ
740 1351 900 1420 ήμῶν
928 1351 1137 1420 σωτῆρι
1160 1351 1411 1421 Χριστῷ.
1442 1351 1542 1405 οὐκ
1564 1352 1808 1421 ἀνέκαμ-

221 1443 323 1510 ψεν
378 1441 605 1504 ἐσαῦθις
646 1443 739 1494 ἐπὶ
786 1444 854 1496 τὰ
903 1443 1192 1513 πρότερον.
1241 1443 1453 1497 Οὐκοῦν
1500 1444 1668 1513 ἐχρῆν
1712 1446 1807 1496 καὶ

223 1534 350 1593 τοὺς
403 1533 539 1601 παρ’
596 1534 727 1601 ἡμῖν
788 1532 970 1603 ἱεροὺς
1033 1532 1257 1594 τούτους
1313 1533 1643 1601 γινομένους
1706 1536 1806 1602 τῆς

225 1623 604 1691 καθαρότητος
639 1621 714 1691 μὴ
744 1622 1135 1693 ἀνακάμπτειν
1180 1624 1272 1677 ἐπὶ
1305 1625 1428 1686 τοὺς
1467 1624 1636 1678 πάλαι
1671 1642 1806 1695 συρ-

226 1713 424 1779 φετοὺς
450 1751 466 1773 .
524 1708 605 1775 οἷς
647 1713 1048 1782 ὲνετράφησαν.
1084 1709 1154 1765 Ὦ
1187 1714 1466 1782 ἀγιωτάτη
1506 1714 1806 1783 Ἐκκλησία

224 1804 318 1857 τοῦ
349 1804 512 1867 Θεοῦ,
550 1803 779 1873 ἔμελλες
809 1804 915 1873 ἄρα
952 1804 1106 1874 παρᾶ
1148 1804 1394 1859 τοιούτου
1430 1803 1623 1876 ἀνδρὸς
1656 1821 1809 1875 περι·

225 1898 582 1967 υὸρτσθῆναι.
628 1896 755 1950 Εἴθε
792 1897 848 1950 δὲ
891 1897 977 1968 εἴη
1013 1896 1172 1951 τοῦτο
1202 1896 1452 1967 ἔσχατον,
1486 1899 1580 1953 καὶ
1610 1898 1687 1969 μὴ
1715 1898 1810 1952 ἄλ·-

222 1989 334 2051 λως
370 1990 541 2058 ἁρχὴ,
575 1989 603 2042 ὃ
643 1990 738 2042 καὶ
784 1988 1022 2059 μάλιστα
1056 1988 1407 2059 πεφόϐημαι.
1446 1988 1572 2043 Ἐπὶ
1597 1989 1658 2043 δὲ
1681 1989 1812 2042 toti-

226 2098 344 2143 τοις
380 2080 560 2143 οὕτως
601 2080 715 2134 είσί
771 2096 917 2145 τινες
973 2082 1180 2135 ἁπαλοὶ
1208 2078 1310 2142 τὰς
1340 2079 1519 2149 ψυχὰς
1560 2080 1659 2133 καὶ
1686 2097 1813 2147 γενο

226 2177 374 2228 ναῖοι
410 2174 606 2244 φέρειν
652 2173 794 2244 ἄχθη
845 2174 1097 2241 τοιαῦτα,
1147 2174 1288 2228 ὥστε
1346 2176 1443 2229 καί⁵
1489 2174 1811 2243 προσιόντες

228 2266 666 2331 ὑπαικὰλλουσι,
715 2268 812 2319 καὶ
854 2268 1061 2335 γλυκέα
1111 2267 1403 2330 λαλοῦντες
1458 2266 1810 2338 παρακαλοῦ-

228 2374 319 2409 σιν
358 2358 440 2418 εἰς
474 2356 536 2408 τὸ
573 2356 716 2426 ὑπὲρ
747 2357 846 2425 τῆς
889 2358 999 2409 εἴτε
1034 2358 1271 2426 Σιριγγδς
1303 2355 1531 2425 ταύτης,
1566 2356 1679 2409 εἴτε
1716 2356 1812 2411 καὶ

229 2445 508 2514 Σκύλλης,
538 2437 613 2498 ὧν
648 2446 893 2514 ἑκατέρα
923 2444 1249 2515 ἀνθρώπους
1275 2446 1546 2516 ἥρπαζον,
1580 2449 1641 2499 οὺ
1670 2447 1813 2500 κατὰ

230 2536 335 2597 τὰς
367 2534 777 2606 περιᾳδομένας
816 2535 1107 2605 ’Δρπυίας,
1138 2535 1413 2589 ἀλλ’ὢστε
1437 2537 1812 2607 διασπαράξαι

227 2630 313 2690 ei;
369 2628 616 2697 ὄλεθρον.
654 2629 720 2680 Τί
768 2628 1179 2698 παραλαλεῖτε,
1218 2621 1264 2680 ὦ
1297 2622 1486 2690 οὗτοις
1530 2628 1813 2698 Εὐξαίμην

226 2721 296 2773 ἂν
332 2721 601 2775 Οἰδίποδα
643 2738 767 2774 τινα
818 2722 911 2774 καὶ
967 2720 1062 2773 νῦν
1116 2720 1478 2791 εὑρεθῆναιῆ
1528 2720 1810 2785 Ὀδυσσέα,

227 2814 287 2876 ὃς
320 2814 485 2883 ἔσχεν
513 2814 579 2867 ἂν
613 2811 940 2883 ἐξαφανίσαι
969 2812 1213 2867 τοιοῦτον
1238 2812 1431 2867 κακόν.
1463 2813 1677 2866 Σκύλλα
1711 2813 1811 2881 μὲν

229 2910 343 2978 γὰρ
401 2908 658 2978 Σικελικὴ
695 2908 881 2977 ἐκείνη
916 2908 1043 2969 τοὺς
1092 2907 1517 2977 παραπλέοντας
1567 2906 1812 2975 ἀνελάμ-

232 3001 404 3052 ϐανεν
464 3000 627 3070 ὑψοῦ,
689 3003 785 3054 καὶ
834 3002 1017 3068 ἀπῆγε
1048 3000 1141 3053 τοῦ
1196 3002 1330 3070 ζῇνο
1380 3001 1413 3069 ἡ
1462 2999 1515 3052 δὲ
1564 2997 1815 3070 Θήϐηθεν

231 3093 427 3162 ἐκείνη
460 3093 635 3160 Σφὶγξ
658 3092 788 3156 τοὺς
822 3094 885 3145 ἐκ
915 3091 1027 3144 τῶν
1058 3093 1319 3162 ἁμφόδων
1337 3092 1640 3159 ἁνάγουσα,
1674 3090 1817 3144 ἐθοι-

1907 610 2133 673 buntur,
2172 617 2576 679 contemptores
2608 620 2787 665 autem
2840 611 3126 681 religionis
3167 615 3479 670 subsanna-

1908 702 2064 764 lmnl,
2097 701 2208 755 imo
2244 703 2325 755 vel
2374 700 2625 756 nonnulli
2674 701 3056 769 ecclesiastici,
3091 717 3233 774 quos
3280 720 3313 761 e
3355 704 3480 762 foro

1906 802 2165 863 exceptos
2200 794 2459 861 templum
2486 794 2734 848 divinum
2756 794 3123 861 consecravit,
3143 796 3236 868 qui
3266 804 3479 852 tantum

1909 882 2063 935 abest
2095 890 2153 936 ut
2187 896 2348 936 sacro
2379 898 2607 937 munere
2654 882 2976 954 fungantur,
3022 892 3081 938 ut
3116 885 3283 941 veluti
3319 897 3481 941 antea

1908 972 2140 1043 negotiis
2199 973 2514 1029 forensibus
2552 990 2747 1030 vacare
2782 978 3031 1045 cupiant.
3081 976 3480 1036 Sanctissimus

1909 1063 1998 1117 ille
2037 1064 2386 1135 vectigalium
2424 1080 2669 1133 exactor,
2737 1069 2830 1138 qui
2876 1084 2907 1123 a
2946 1069 3241 1125 Servatore
3293 1082 3481 1126 nostro

1907 1154 2127 1210 Christo
2159 1167 2386 1213 vocatus
2419 1161 2565 1227 inter
2591 1159 2891 1229 discipulos
2920 1162 3304 1232 recipiebatur,
3338 1177 3483 1218 nun-

1912 1264 2077 1319 quam
2109 1250 2387 1322 prioribus
2420 1251 2617 1306 iterutn
2654 1253 2922 1308 inbiavit.
2955 1252 3136 1319 Quare
3163 1269 3261 1309 nec
3312 1256 3349 1310 ii
3386 1258 3481 1326 qui

1910 1348 2052 1400 Inter
2072 1361 2175 1400 nos
2201 1343 2268 1399 ad
2298 1345 2589 1415 puritatem
2608 1348 2921 1403 consecrati
2954 1349 3213 1413 τωρωι]
3244 1352 3481 1421 priorem

1909 1436 1999 1490 cui
2032 1436 2284 1492 innutriti
2313 1449 2472 1493 erant
2508 1440 2911 1495 immunditiam
2950 1441 3229 1498 reflectere
3255 1459 3482 1499 cursum

1911 1527 2249 1584 debuissent.
2284 1530 2332 1583 Α
2367 1531 2457 1583 tali
2487 1531 2653 1600 igitur
2696 1533 2917 1588 homine
2950 1542 3096 1599 tu,.o
3126 1536 3481 1589 sanctissima

1910 1619 2003 1675 Dei
2065 1622 2326 1686 Ecclesia,
2377 1623 2709 1678 contumelia
2756 1640 2879 1680 eras
2915 1626 3221 1681 alliciendo!
3259 1626 3481 1682 Utinam

1912 1727 2039 1767 vero
2066 1713 2170 1768 hoc
2194 1713 2318 1769 finis
2339 1715 2432 1778 sit,
2460 1732 2635 1786 neque
2665 1717 2847 1786 potius
2868 1717 3082 1772 initium
3102 1720 3127 1772 ιι
3150 1717 3317 1774 Valde
3336 1721 3481 1775 enim

1917 1807 2019 1861 hoc
2054 1806 2241 1862 timeo.
2270 1808 2350 1863 Ad
2386 1809 2501 1863 haec
2537 1820 2719 1864 autem
2748 1810 2973 1879 quidam
2999 1811 3138 1866 adeo
3173 1811 3323 1865 molli
3355 1823 3485 1866 sunt

1915 1898 2102 1953 animo
2134 1906 2190 1952 et
2219 1907 2329 1953 tam
2373 1914 2657 1954 mansuete
2694 1900 2965 1970 ejusmodi
3018 1902 3250 1971 injurias
3279 1901 3483 1964 ferunt,

1914 2000 1976 2047 ut
2006 1991 2332 2046 accedentes
2366 1992 2534 2045 etiam
2572 1991 2792 2061 placare
2822 2002 2877 2047 ct
2906 1991 3192 2048 dulcisoua
3231 2010 3360 2051 voce
3386 1997 3484 2050 de-

1916 2081 2158 2137 mulcere
2176 2091 2466 2143 conentur,
2490 2090 2545 2135 et
2569 2079 2620 2135 id
2640 2081 2857 2151 quidem
2890 2086 2944 2139 in
2976 2099 3034 2138 re
3051 2101 3122 2154 qu
3144 2104 3172 2137 ιι
3197 2089 3485 2142 atrocitate

1914 2185 2133 2243 supcrat
2180 2174 2417 2229 fabulam
2468 2172 2730 2245 Sphingis
2786 2191 2851 2230 ac
2908 2176 3100 2249 Scylla:
3149 2197 3270 2249 qua:
3320 2182 3483 2234 amlm

1913 2265 2164 2319 homines
2181 2272 2501 2333 rapuerunt,
2535 2282 2641 2321 non
2676 2275 2734 2321 ut
2759 2266 2862 2322 illae
2900 2285 3020 2338 qua:
3045 2271 3098 2324 in
3131 2269 3329 2325 fabulis
3356 2285 3486 2328 sunt

1915 2355 2293 2428 llarpyim,sed
2314 2345 2380 2411 ad
2406 2372 2501 2413 eos
2524 2357 2821 2413 miserabili
2855 2361 2976 2413 neci
3003 2362 3317 2419 tradendos.
3342 2363 3483 2430 Quid

1914 2450 2221 2519 nugamini,
2292 2465 2325 2501 ο
2390 2450 2608 2505 miseri?
2682 2450 3007 2521 Magnopere
3075 2469 3352 2525 cuperem,
3424 2468 3487 2513 ut

1913 2540 2157 2609 Clidipus
2190 2543 2411 2610 quidam
2449 2550 2543 2597 aut
2568 2542 2785 2614 Ulysses
2815 2544 3112 2600 etiamnum
3145 2547 3488 2606 inveniretur

1915 2634 2008 2701 qui
2035 2633 2307 2701 ejusmodi
2353 2635 2558 2689 malum
2602 2634 2785 2689 delere
2830 2646 3079 2705 possent.
3126 2638 3307 2710 Scylla
3339 2644 3485 2697 enim

1918 2725 2010 2780 illa
2053 2725 2239 2782 Sicula
2275 2728 2791 2796 przeternavigantes
2830 2728 2885 2783 in
2922 2730 3092 2785 altum
3136 2732 3342 2801 ejectos
3378 2738 3487 2791 vita

1918 2818 2152 2887 privavit
2188 2836 2200 2872 :
2232 2819 2441 2886 Sphinx
2477 2827 2659 2874 autem
2688 2819 2947 2876 Thebana
2983 2823 3236 2880 homines
3266 2841 3296 2880 e
3324 2826 3489 2883 biviis

1917 2906 2140 2960 allectos
2161 2922 2326 2976 super
2356 2908 2506 2961 urbis
2527 2910 2799 2963 moenibus
2825 2910 3125 2966 devoravit.
3146 2912 3272 2970 llaec
3303 2927 3489 2973 autem

1917 2999 2087 3053 bestia
2112 2998 2462 3056 Macedonica
2495 3018 2601 3056 non
2625 3017 2655 3058 e
2678 3003 2816 3059 locis
2834 3005 3105 3074 profanis,
3131 3010 3224 3064 sed
3250 3028 3279 3065 e
3309 3014 3487 3069 medta

1916 3092 2032 3146 :ede
2071 3090 2254 3145 divina
2289 3108 2355 3146 eo
2378 3093 2470 3163 qui
2503 3094 2633 3148 illuc
2678 3095 3002 3165 confugerat
3033 3110 3221 3171 erepto
3254 3104 3488 3161 horreu-

233 3187 367 3236 νΞτο
398 3185 490 3236 ἐπὶ
520 3184 630 3237 τῶν
674 3183 925 3254 τειχέων.
960 3184 1076 3254 Θὴρ
1109 3183 1167 3237 δὲ
1197 3174 1353 3244 οὗτος
1378 3184 1405 3235 ὁ
1437 3183 1810 3245 Μακεδονικὸς
1841 3207 1887 3266 c

1841 3207 1887 3266 α
1921 3183 2049 3237 dum
2075 3182 2349 3247 piaculum
2382 3185 2678 3240 commisit.
2714 3185 2792 3242 En
2827 3198 3101 3245 recentem
3134 3193 3279 3250 hanc
3309 3198 3486 3263 vobis.

234 3277 341 3327 οἰκ
392 3278 457 3327 ἐκ
513 3274 763 3345 βεϐήλων
796 3276 1004 3340 τόπων,
1036 3276 1153 3328 ἀλλ’
1200 3277 1263 3328 ἐκ
1303 3275 1636 3343 μεσαιτάτου
1669 3275 1814 3327 θειο-

232 3365 403 3416 τάτου
460 3367 608 3417 οἴκου
653 3365 915 3434 ἁρπάσας
966 3367 1060 3418 τόν
1110 3364 1258 3433 αὖτῷ
1322 3364 1810 3435 προσπεφευγότα,

232 3454 387 3506 δεινὰ
416 3454 645 3507 διέθετο.
689 3455 1013 3523 Πρόσφατον
1048 3453 1158 3505 ἰδοὺ
1189 3453 1348 3505 τοῦτο
1392 3452 1542 3520 ὑμῖν,
1579 3445 1624 3505 ὦ
1658 3450 1815 3503 ἀδελ-

235 3546 355 3612 φοὶ,
396 3546 829 3614 περιηγησάμην
871 3546 1148 3615 φορτικόν,
1178 3545 1381 3613 νεαρὰν
1422 3544 1577 3613 ὓϐριν
1614 3543 1819 3613 ἐκκλη-

238 3637 557 3707 σιαστικὴν,
588 3638 851 3704 ὑπόγυιον
888 3636 1143 3701 ἐλεεινὸν,
1180 3634 1366 3707 χθιζὸν
1398 3638 1703 3708 ἁμάρτημα
1737 3640 1815 3700 είς

234 3731 329 3780 τὸν
364 3728 518 3789 Θεόν,
554 3727 883 3795 ἀδιαφορίαν
944 3727 1184 3792 ἔκδικον,
1221 3728 1289 3798 ἢν
1326 3729 1427 3780 οὐκ
1475 3728 1542 3781 ἂν
1576 3729 1816 3800 ἀρνήση-

237 3821 355 3883 οθε,
399 3820 534 3885 πρός
586 3819 654 3888 ἣν
699 3820 803 3871 οὐκ
856 3818 921 3871 ἂν
962 3818 1142 3888 ἔχοιτε
1195 3821 1375 3872 εἰπεῖν
1438 3821 1537 3872 τό·
1575 3838 1593 3871 ι
1636 3821 1809 3875 Πόθεν

233 3911 400 3963 τοῦτο
428 3910 622 3979 δῆλον;
661 3929 679 3962 ι
717 3911 813 3963 καὶ
852 3911 931 3963 τό·
970 3928 988 3961 ι
1045 3911 1480 3979 Συκοφαντεῖται
1527 3913 1555 3963 ό
1601 3911 1814 3979 ἄνθρω-

238 4022 365 4067 πος,
408 4022 426 4053 ι
470 4004 566 4055 καὶ
591 4005 649 4056 τό
678 4019 694 4034 ο
736 4022 753 4053 ι
796 4003 1221 4073 Ἀποδειχθήτω.
1268 4022 1286 4054 ι
1327 4003 1389 4055 Ei
1416 4005 1472 4056 δέ
1502 4022 1646 4067 τινες
1674 4006 1814 4074 ὴμέ-

236 4114 334 4164 ραι
372 4095 594 4158 πλείους
625 4096 732 4147 τῶν
762 4096 926 4166 μέχρι
954 4096 1053 4163 τῆς
1087 4096 1214 4166 ἄρτι
1243 4096 1565 4167 ἐμέτρησαν
1619 4098 1815 4167 καιρὸν

239 4189 612 4257 μακρότερον,
663 4186 764 4239 οὐκ
818 4188 926 4256 ἔχω
984 4188 1480 4258 ἀπισχυρίσασθαι,
1516 4189 1591 4252 ὡς
1617 4189 1718 4241 οὐκ
1750 4189 1816 4242 ἂν

235 4279 637 4349 ἁπαρνήσησθε
694 4280 788 4332 καὶ
827 4281 927 4350 τὴν
990 4281 1299 4333 ἐνεστῶσαν
1348 4282 1814 4351 ὲκκλησιαστικὴν

237 4371 494 4438 ἀτιμίαν.
548 4370 662 4423 Νῦν
714 4371 770 4422 δὲ
824 4371 924 4423 οὐκ
973 4371 1120 4423 ἔστιν
1174 4370 1299 4422 οὔτε
1357 4373 1657 4437 ἀντειπεῖν,
1689 4371 1813 4425 οῦτε

234 4469 308 4536 ἄρ
327 4482 471 4536 ,ησιν
502 4465 979 4536 προενεγκεῖν.Ὣ,
1004 4459 1114 4523 οἷος
1136 4465 1422 4533 ἄνθρωπος
1448 4466 1812 4537 κατεξανέςτη

1919 3286 1952 3325 o
1985 3271 2205 3334 fratres,
2245 3274 2471 3343 exposui
2514 3275 2798 3344 injuriam,
2859 3294 3057 3336 novam
3098 3288 3487 3342 contumeliam

1917 3361 2374 3428 ecclesiasticam,
2435 3364 2612 3420 scelus
2673 3367 3047 3435 manifestum,
3110 3377 3486 3446 nuperrimum

1917 3454 2184 3508 adversus
2205 3455 2366 3507 Deum
2391 3468 2695 3526 peccatum,
2713 3458 3138 3518 indifferentiam
3160 3467 3485 3539 improbam,

1919 3560 2080 3613 quam
2109 3560 2214 3599 non
2238 3545 2620 3616 diﬂilebimini,
2648 3547 2716 3605 ad
2740 3566 2902 3620 quam
2927 3563 3035 3608 non
3066 3558 3296 3626 potestis
3319 3575 3490 3630 oppo-

1920 3652 2048 3690 nere
2090 3638 2219 3690 illud
2266 3657 2279 3692 :
2335 3637 2486 3693 Unde
2536 3641 2640 3696 hoc
2686 3642 3081 3701 manifestum?
3128 3658 3218 3703 aut
3268 3651 3417 3707 istud
3472 3675 3486 3708 :

1917 3732 2259 3786 Calutnniam
2284 3735 2450 3788 homo
2475 3740 2703 3804 patitur,
2732 3749 2827 3793 aut
2859 3739 2961 3795 hoc
2999 3758 3013 3795 :
3053 3742 3487 3802 Demonstretur.

1919 3823 2181 3894 Equidem
2220 3835 2279 3881 ut
2313 3826 2426 3882 bace
2450 3844 2536 3883 res
2567 3829 2777 3899 aliquot
2803 3832 2998 3889 diebus
3033 3836 3183 3902 prius
3200 3841 3488 3894 autscrius

1917 3917 2197 3982 acciderit,
2234 3918 2367 3971 nihil
2397 3934 2690 3989 opponam,
2742 3922 2886 3977 sicut
2921 3939 3017 3978 vos
3053 3924 3147 3978 Dei
3186 3927 3488 3986 Ecclesiant

1917 4007 2329 4061 deltoucstutaxn
2366 4026 2488 4066 esse
2512 4026 2618 4064 non
2649 4007 2941 4081 negabitis.
2966 4013 3084 4068 1am
3114 4033 3291 4087 neque
3320 4037 3489 4090 oppo-

1920 4101 2183 4154 nendiest
2211 4102 2382 4162 locus,
2414 4116 2591 4172 neque
2624 4106 2878 4171 negandi.
2901 4105 3089 4171 Qualis
3118 4121 3297 4164 autem
3329 4115 3491 4167 homo

1921 4194 2334 4261 praerogativam
2381 4195 2810 4250 ecclesiasticam
2844 4199 3103 4254 violavit!
3141 4201 3281 4267 Quid
3320 4204 3490 4261 facie-

1920 4301 1950 4335 ιι
1978 4299 2062 4346 us,
2093 4285 2135 4336 si
2164 4285 2295 4352 quid
2322 4286 2547 4353 gravius
2567 4288 2820 4343 alicunde
2852 4291 3148 4347 acciderit?
3177 4295 3492 4353 Patrocittio

1920 4386 2100 4430 vestro
2138 4376 2336 4430 fruitur
2370 4381 2493 4440 iste,
2524 4396 2557 4433 ο
2594 4381 2818 4445 humani
2856 4385 3206 4453 mediatorcs,
3238 4396 3492 4459 quamvis

1920 4470 2189 4523 violentia:
2240 4470 2479 4535 inimici;
2524 4473 2689 4542 igitur
2732 4475 3065 4543 justilicatus
3104 4482 3195 4535 sit.
3226 4484 3492 4540 Caeterum

236 4562 545 4630 προνομίου
602 4556 1098 4627 ἐκκλησιαστικοῦί
1157 4558 1219 4610 Τί
1282 4559 1619 4627 ποιήσομεν,
1661 4562 1711 4612 εἰ
1763 4578 1813 4611 τι
1848 4543 1893 4603 D

1848 4543 1893 4603 ι)
1923 4577 2029 4615 non
2062 4578 2282 4630 possunt
2312 4566 2443 4631 quin
2480 4568 2581 4620 hac
2612 4569 2676 4622 tle
2700 4584 2756 4622 re
2784 4572 3086 4640 smpissime
3114 4575 3381 4646 lacrymas
3409 4595 3493 4633 me

237 4651 431 4722 μεῖζον
469 4650 613 4702 ἔλθοι
650 4649 857 4711 ποθὲν;
924 4648 1291 4701 Μεσιτεύεται
1353 4648 1381 4699 ὁ
1431 4650 1673 4713 τοιοῦτος
1727 4650 1819 4719 ὑφ’

237 4744 421 4815 ὑμῶν,
456 4737 501 4794 ὦ
549 4740 933 4809 φιλάνθρωποι
972 4743 1215 4808 μεσῑται,
1261 4742 1334 4810 μή
1376 4757 1477 4792 που
1514 4741 1569 4792 δὲ
1607 4744 1701 4794 καὶ
1734 4760 1821 4810 φι-

234 4837 553 4905 λὰρπαγεςο
589 4833 686 4885 καὶ
720 4832 868 4886 ἔστω
893 4831 1343 4902 δεδικαιωμένος.
1389 4832 1729 4886 Ἀποκείσοω
1763 4835 1818 4885 δεῖ

237 4945 335 4998 μοι
364 4927 550 4993 λόγος,
584 4926 659 4987 ὡς
699 4926 821 4977 ἀντὶ
849 4924 1063 4977 τούτων
1086 4924 1257 4979 πολλὰ
1285 4925 1639 4995 κλαυσόμεθα
1663 4926 1821 4978 ’ὑστε-

235 5038 358 5090 ρον.
402 5021 521 5072 Οὐκ
557 5021 725 5087 ἀρκεῖ
751 5019 866 5080 τοῖς
898 5016 1157 5081 ἐλεεινοῖς
1189 5018 1339 5086 ἡμῖν,
1375 5020 1475 5071 ὅσα
1510 5018 1630 5071 κατ’
1650 5020 1816 5089 ἀλλή-

1924 4654 2172 4706 {usurum
2220 4656 2560 4721 promittam.
2605 4658 2776 4715 Nobis
2812 4663 3032 4720 miseris
3077 4682 3185 4720 non
3218 4670 3496 4725 sufﬁciunt

1923 4745 2207 4799 innumera
2247 4762 2367 4814 qme
2420 4750 2582 4802 nobis
2630 4752 2864 4809 invicem
2920 4759 3300 4814 machinamur
3330 4765 3493 4828 utala,

1921 4837 2017 4891 sed
2047 4835 2156 4902 jam
2189 4837 2350 4890 etiam
2388 4838 2497 4894 Deo
2532 4842 2638 4895 vim
2676 4842 2987 4910 inferimus,
3030 4858 3090 4902 ut
3130 4852 3341 4906 scilicet
3387 4864 3498 4908 ter-

1922 4944 2045 4982 rore
2079 4931 2362 4997 pcrculsus
2394 4931 2478 4984 vel
2524 4932 2732 4990 invitus
2779 4952 3045 5007 prospera
3090 4942 3220 4996 anui
3252 4946 3497 5015 auspicia

1924 5020 2083 5073 nobis
2115 5020 2379 5074 concedat
2398 5024 2410 5074 ι

230 5118 345 5167 λων
403 5113 830 5182 τεκταινόμεθα,
884 5106 962 5165 ὧν
1015 5111 1141 5165 οὐδὲ
1198 5112 1348 5165 ἔστιν
1403 5114 1663 5184 ἀριθμόςο
1703 5115 1818 5169 ἀλλ’
1864 5115 1974 5167 ἰδοὺ
2008 5114 2097 5166 καὶ
2130 5114 2251 5167 κατ’
2280 5116 2446 5177 αὐτοῦ
2501 5117 2639 5172 Θεοῦ
2670 5122 2939 5192 γινόμεθα
2985 5128 3218 5199 ισχυροὶ,
3283 5134 3360 5197 ὡς
3430 5137 3499 5189 ἂν

227 5207 415 5275 ρ’μαι,
448 5205 707 5273 πτοηθεὶς
750 5206 1020 5274 εὺλογήσῃ
1068 5204 1217 5258 ἄκων
1248 5206 1382 5274 ἡμῖν
1411 5206 1502 5258 τὸν
1540 5205 1806 5275 στέφανον
1837 5205 1929 5258 τοῦ
1964 5205 2237 5259 ἐνιαυτοῦ.
2654 5226 2657 5229 ·

303 5296 409 5363 κζ’.
459 5298 623 5363 Ἀλλ’,
660 5290 705 5349 ὦ
758 5297 957 5367 Κύριε,
1011 5296 1208 5366 Κύριε,
1259 5296 1504 5367 ὅρθωσον
1537 5300 1707 5367 ἡμᾶς,
1739 5301 1801 5352 οὐ

232 5392 712 5458 προσκόπτοντας,
765 5391 827 5440 οὐ
865 5390 1293 5456 σφαλλομένους,
1342 5391 1404 5444 οὐ
1442 5392 1809 5443 καταπίπτον-

225 5499 353 5545 τας,
389 5479 514 5533 οὐδὲ
545 5481 964 5542 καταπεσόντ.ς
997 5480 1147 5549 ἄρτι,
1180 5480 1297 5531 ἀλλ’
1333 5483 1396 5533 ἐκ
1466 5482 1680 5552 μακροῦ
1718 5484 1810 5536 καὶ

230 5572 552 5639 κειμένους,
586 5572 679 5625 καὶ
733 5571 811 5641 τῷ
857 5571 1119 5641 πτώματι
1150 5574 1211 5625 οὐ
1243 5572 1406 5640 μόνον
1442 5573 1813 5643 ἐμϐραδύνον-

226 5682 355 5723 τας,
384 5663 524 5716 ἀλλὰ
558 5665 650 5714 καὶ
680 5662 1113 5731 ἐμϐαθύνοντας.
1159 5664 1477 5735 Εὐλόγησον
1509 5667 1681 5734 ἡμᾶς,
1726 5666 1815 5718 ἴνα

228 5758 433 5818 οὖτωξ,
470 5755 886 5825 εὐλογηθέντων
937 5756 1117 5826 ήμῶν,
1173 5757 1268 5809 καὶ
1323 5758 1636 5820 ἀκολούθως
1685 5760 1813 5827 ἁρε-

237 5855 487 5905 σιὸντων
525 5868 625 5915 σοι,
655 5848 983 5920 εὐλογηθείη
1020 5852 1111 5904 καῖ
1142 5851 1168 5902 ὁ
1202 5851 1401 5914 κύκλος
1433 5852 1523 5905 τοῦ
1561 5852 1816 5906 ἐνιαυτοῦ

1961 5298 2051 5351 27.
2073 5298 2178 5352 Sed
2201 5308 2278 5361 tu,
2293 5296 2577 5365 oDomine,
2601 5301 2747 5371 erige
2766 5320 2891 5372 nos.
2912 5308 3001 5377 qui
3024 5324 3130 5365 non
3155 5310 3497 5384 offendimus,

1913 5406 2018 5444 non
2053 5392 2321 5452 cadimus,
2348 5406 2459 5444 non
2493 5395 2724 5461 ruimus,
2760 5413 2935 5468 neque
2963 5417 3134 5470 nuper
3173 5407 3498 5471 cecidimus.

1915 5480 2010 5535 sed
2042 5498 2106 5535 ex
2141 5485 2297 5551 longo
2323 5484 2447 5537 inde
2474 5494 2738 5554 tempore,
2771 5498 2826 5543 et
2876 5491 3144 5562 jaeemus,
3203 5506 3258 5549 et
3309 5514 3497 5553 casum

1919 5588 2027 5625 non
2064 5575 2239 5625 solum
2265 5575 2656 5643 protrahimus,
2694 5578 2787 5632 sed
2819 5582 2981 5634 etiam
3006 5600 3290 5652 augemus.
3325 5587 3498 5643 liene-

1917 5668 2067 5721 dieas
2104 5670 2285 5749 nobis,
2325 5671 2513 5745 utsic,
2552 5673 2640 5725 ubi
2682 5672 3085 5733 benedictionis
3116 5690 3219 5734 tua:
3276 5685 3498 5751 partici-

1912 5776 2008 5830 pes
2034 5746 2259 5830 ἰιίιέιιιιιιιε
2295 5762 2390 5813 tibi
2424 5764 2567 5831 grati
2600 5764 2725 5818 facti
2768 5770 2996 5833 erimus,
3037 5787 3129 5838 per
3164 5784 3310 5826 tuam
3347 5776 3500 5829 boni-

1917 5855 2173 5924 gnitatem
2234 5858 2398 5908 etiam
2449 5858 2689 5913 circulus
2728 5861 2852 5916 anni
2892 5862 3269 5924 benedicatur.
3324 5870 3494 5924 Aliter
