4236 6442
735 418 840 486 559
1409 415 1832 476 EUSTATlllI
1877 411 2643 477 THESSALONICENSIS
2687 411 3247 478 METROPOLlT/E

3884 411 4011 474 560

736 538 882 592 enim
911 535 1015 588 hoc
1047 531 1163 587 lieni
1196 546 1302 584 non
1357 544 1517 598 posse
1589 529 1728 584 bene
1783 529 2076 599 perspicio.
2148 527 2316 583 Nobis
2343 530 2372 589 Δ

2437 526 2509 582 sia
2549 525 2653 597 τῆς
2689 527 2790 597 σῆς
2846 527 3248 598 χρηστότητος.
3281 524 3494 590 ’Δλλως
3532 526 3664 596 γάρ,
3705 525 3848 580 καθά
3878 545 3990 580 συν

735 630 885 684 enim
914 623 1246 696 impossibile
1268 623 1372 677 hoc
1399 622 1470 678 ob
1501 623 1935 692 perversitatem.
1969 620 2093 676 Tibi
2130 631 2312 674 autem

2437 621 2556 690 ιρῶ,
2590 619 2847 688 γενέσθαι
2878 619 3040 674 τοῦτο
3083 619 3144 672 οὑ
3191 619 3442 673 δυνατόν.
3486 618 3562 672 οὐ
3592 617 3820 673 δυνατὸν
3847 618 3906 673 δέ
3941 625 4012 672 τό

735 721 841 777 soli
900 718 1178 790 possibile,
1247 723 1436 786 utpote
1497 714 1858 782 omnipotenti
1922 715 2318 783 hominumque

2437 732 2487 780 re
2521 715 2602 776 εἰς
2631 713 2780 782 ἡμᾶς
2817 707 2954 784 ἧκον
2989 712 3055 766 ἐκ
3089 711 3449 782 φαυλότητος.
3488 712 3582 764 Σοὶ
3627 712 3683 766 δὲ
3720 713 3872 783 μόνῳ
3901 712 4015 765 δυ-

737 815 934 870 amico.
972 811 1344 866 Tolerantiam
1375 807 1533 863 nobis
1572 807 1794 873 exhibe,
1848 807 1975 862 licet
2025 806 2317 861 tolerantia

2437 806 2604 871 θατὺν,
2643 802 2723 875 τῷ
2757 805 2850 858 καὶ
2891 792 3292 880 παντοδυνάμῳ
3319 804 3417 858 καὶ
3436 803 3842 877 φιλανθρώπῳ.
3885 807 4018 859 Ἀν-

737 905 944 975 indigni
972 905 1168 958 simus.
1202 900 1492 957 Conducas
1516 899 1879 970 impetuosos.
1914 898 2166 953 Reducas
2225 913 2318 952 er-

2437 899 2555 968 ἑχου
2615 895 2800 968 ἡμῶν,
2835 896 2885 950 ει
2935 897 3030 952 καὶ
3089 897 3163 968 μή
3224 898 3398 966 ἐσμεν
3441 897 3588 963 ἄξιοι
3640 900 3741 970 τῆς
3771 899 4010 968 ἀνοχῆς.

738 1011 945 1054 rantes.
970 997 1173 1052 Reetos
1216 994 1430 1048 reddas‘
1448 1008 1758 1063 perversos.
1812 991 2150 1046 Promoveas
2185 991 2317 1046 edo-

2437 989 2654 1074 Ὀδήγει
2690 988 3180 1060 παροιστροῦντας.
3223 989 3504 1058 Ἐπάναγε
3563 989 4002 1053 πλανωμένους.

736 1107 972 1162 ccasque
1004 1075 1130 1145 illos
1153 1088 1242 1158 qui
1275 1088 1340 1142 ad
1369 1087 1631 1157 puerilem
1666 1101 1730 1140 ac
1772 1089 2068 1153 reprobum
2098 1099 2318 1139 sensum

2437 1072 2657 1154 Mdpﬁou
2693 1082 3186 1154 στρεϐλουμένους.
3224 1083 3531 1154 Ἐνηλικίου
3569 1087 3667 1138 καὶ
3695 1072 4015 1158 σωερήρόνιῖε

737 1174 861 1240 ἔθεε
890 1188 1304 1239 converterunt.
1341 1178 1657 1232 (Zorrobora
1688 1175 2012 1240 dissolutos,
2053 1174 2320 1229 conﬁrma

2437 1175 2846 1244 στρεφομένους
2879 1176 2962 1239 εἰς
2999 1176 3344 1249 παιδαριώδη
3379 1177 3507 1232 νοῦν
3541 1179 3830 1248 ἀδόκιμον.
3867 1180 4018 1249 Σὺῤ-

739 1280 969 1340 ιΙοΙιίιοε,
990 1276 1232 1330 illumina
1247 1271 1496 1337 stolidos,
1517 1269 1764 1324 condona
1784 1267 2125 1338 prudentiam
2144 1275 2324 1321 mente

2437 1258 2608 1337 ῥαπίέε
2665 1268 3146 1339 παραλυομένους,
3208 1269 3578 1339 ἐκλυομένους
3628 1273 4010 1341 συνάρμοττε,

739 1373 933 1439 captis.
971 1368 1198 1422 lnstituc
1232 1379 1355 1428 nos,
1393 1372 1453 1417 ut
1477 1377 1584 1415 non
1613 1369 1927 1428 expetamus
1975 1361 2325 1412 demonstra.

2437 1358 2616 1428 σόφιζε
2667 1359 3160 1430 ἀπονενοημένουςο
3223 1361 3428 1415 ἐντίθει
3460 1361 3588 1414 νοῦν
3627 1363 4016 1416 ἀπολωλεκόσι

741 1468 950 1517 tionem
997 1460 1064 1514 de
1089 1458 1283 1528 quibus
1304 1455 1606 1512 erudimur.
1651 1453 1804 1522 διξερε
1838 1452 1985 1506 enim
2014 1450 2324 1518 interroga-

2437 1455 2542 1514 τάς
2567 1452 2736 1523 ὀρθὰς
2770 1453 2998 1524 φρένας.
3031 1454 3252 1519 Δίδαξον
3287 1455 3438 1525 ἡμᾶς
3467 1456 3543 1527 μὴ
3581 1456 3840 1510 ἀπαιτεῖν
3873 1461 4017 1512 ἀπο-

741 1573 897 1610 mus:
931 1553 1084 1608 Unde
1112 1551 1539 1608 demonstratur.
1572 1560 1669 1599 nos
1692 1559 1920 1614 peccare
1945 1543 1968 1596 ?
1989 1540 2034 1596 0
2063 1541 2323 1618 ignoran-

2437 1543 2665 1610 δείξεις,
2706 1545 2794 1614 ἐφ’
2824 1541 2908 1610 οἷς
2945 1545 3472 1616 παραγγελλόμεθα.
3534 1549 3740 1619 Συχνδν
3788 1551 3902 1620 γὰρ
3952 1553 4017 1601 ἐν

743 1652 874 1702 tiam
906 1648 919 1700 l
953 1645 1068 1700 Non
1103 1643 1434 1714 iudicamur,
1465 1655 1498 1693 ο
1547 1637 1768 1702 fratres,
1803 1651 1912 1691 non
1956 1634 2325 1703 coarguimur,

2437 1637 2568 1705 ἡμῖν
2614 1639 2708 1690 καὶ
2761 1641 2823 1692 τό
2849 1656 2862 1671 ο
2917 1657 2936 1691 ι
2985 1640 3163 1693 Πόθεν
3197 1641 3479 1710 δηλοῦται,
3512 1643 3595 1696 δτι
3624 1646 3940 1714 πταίομενς
3991 1665 4011 1697 ι

745 1760 853 1796 non
913 1740 1127 1793 curiose
1202 1732 1577 1802 inquirimur,
1640 1731 1736 1784 sed
1784 1727 2161 1782 tantummodo
2233 1739 2331 1796 per

2437 1730 2498 1781 ’Ὠ
2529 1729 2630 1800 τῆς
2663 1731 3219 1804 ἀνεπιστημοσύνηςι
3257 1735 3332 1788 Οὐ
3374 1734 3735 1807 δικαζόμεθα,
3773 1735 3818 1793 ὦ
3852 1741 4019 1794 ἀδελ-

743 1833 1142 1890 institutionem
1185 1830 1566 1882 admonemur.
1618 1821 1929 1878 Admonitio
1969 1829 2151 1874 autem
2183 1817 2328 1872 haud
2364 1881 2372 1902 Ι

2437 1821 2549 1890 (pot,
2579 1824 2682 1878 οὐκ
2721 1823 3129 1896 ἐξελεγχόμεθα
3156 1867 3171 1894 ,
3225 1829 3289 1882 οὗ
3343 1830 3969 1902 πολυπραγμονούμεθα
3999 1852 4016 1867 ο

742 1943 961 1997 semper
991 1939 1212 1980 necesse
1236 1930 1319 1978 est
1355 1929 1414 1974 ut
1462 1925 1750 1988 peccatum
1785 1914 2114 1970 antecedens
2143 1917 2319 1975 sanet,
2360 1881 2372 1938 ¹

2441 1915 2603 1983 μόνον
2629 1914 2685 1967 δέ
2717 1881 3124 1983 διδασκαλικῶς
3157 1881 3627 1992 ’παραινοῦμεθαὶ
3647 1881 4021 1997 mapali;-

742 2019 838 2075 sed
869 2016 1139 2072 interdum
1202 2023 1534 2081 praesentare
1595 2006 1795 2067 debet.
1859 2001 2322 2074 quemadmodum

2437 2004 2489 2056 δέ
2527 2005 2629 2058 οὐκ
2661 2004 2724 2070 ἐξ
2775 2006 3028 2078 ἀνάγκης
3078 2009 3269 2063 ἅπασα
3319 2010 3697 2085 θεραπευτικὴ
3743 2015 3840 2068 ἐπὶ
3875 2016 4020 2086 φθά-

745 2113 1006 2168 nonnulla
1048 2109 1471 2162 medicamenta.
1524 2099 1581 2155 Si
1631 2099 1796 2170 igitur
1846 2113 1935 2152 me
1997 2097 2327 2151 admonente

2437 2112 2595 2150 σαντι
2636 2098 3028 2169 ἁμαρτήματι,
3079 2100 3217 2156 ἀλλά
3255 2120 3363 2156 που
3393 2103 3489 2158 καὶ
3521 2106 4020 2176 προφυλάσσουσι,

741 2203 1013 2266 elferaris,
1045 2215 1076 2253 o
1110 2198 1302 2259 frater,
1356 2205 1536 2262 neque
1578 2187 1790 2258 placide
1820 2202 1985 2242 aures
2020 2185 2154 2240 mihi
2185 2199 2326 2255 prae-

745 2302 867 2364 bes,
910 2293 1005 2349 scd
1066 2287 1571 2347 detnonstratimzes
1637 2279 1895 2349 requiris,
1959 2277 2327 2348 suspicionem

745 2407 932 2449 moves
964 2387 1110 2458 (μινά
1135 2386 1283 2456 prius
1321 2377 1654 2451 peccaveris.
1703 2375 1813 2429 Cur
1868 2372 2031 2441 igitur
2090 2371 2326 2439 teipsum

747 2481 977 2559 prodis?
1004 2479 1115 2535 Cur
1149 2474 1555 2531 accusationem
1624 2465 1890 2520 adversus
1923 2473 1976 2518 te
2015 2460 2328 2532 provocas?

743 2558 961 2637 Audisti
997 2567 1465 2629 admonitionem;
1501 2562 1668 2616 adora
1715 2567 1770 2613 et
1793 2559 1911 2623 sile,
1947 2563 2004 2610 ut
2061 2558 2138 2609 sic
2199 2569 2327 2622 pec-

745 2673 852 2730 cati
885 2682 1085 2740 expcrs
1109 2675 1398 2733 appareas.

801 2857 894 2912 28.
912 2855 1036 2910 Haec
1053 2849 1224 2921 igitur
1239 2847 1319 2903 sic
1341 2845 1393 2899 in
1415 2842 1593 2902 nobis,
1616 2855 1647 2893 ο
1667 2837 1944 2900 Senator,
1968 2833 2186 2905 perfice.
2202 2845 2331 2887 con-

744 2947 1022 3003 tumeliam
1055 2939 1254 2996 cohibe
1280 2935 1530 2992 ecclesiae
1556 2931 1761 2986 illatam
1798 2935 1851 2982 et
1888 2927 2149 2996 impetum
2175 2924 2328 2979 illum

747 3043 1033 3100 audacem,
1059 3035 1418 3094 inscnsatum,
1441 3023 1788 3086 illiberalem,
1817 3019 2112 3089 illegalem,
2145 3016 2330 3072 multis

748 3127 1068 3186 verberibus
1091 3125 1336 3190 dignum,
1363 3118 1710 3186 sacrilegum.
1739 3116 1936 3169 Annon
1960 3113 2047 3166 hic
2070 3111 2138 3166 de
2158 3110 2331 3164 sacri-

747 3223 888 3292 legio
921 3221 1100 3288 agitur
1154 3212 1424 3285 ejusmodi
1461 3210 1605 3278 quod
1655 3206 1738 3261 vel
1787 3204 2062 3305 infaustus
2108 3202 2327 3305 erratas
2358 3241 2403 3305 C

747 3323 1046 3382 agnoscere
1076 3300 1318 3359 debeat?
1350 3298 1498 3354 Alias
1523 3297 1668 3351 enim
1701 3293 2048 3362 sacrilegium
2094 3292 2233 3345 clam
2278 3298 2333 3342 et

750 3410 803 3462 in
835 3403 1047 3460 occulto
1074 3393 1378 3469 perpetrari
1423 3391 1583 3447 solet.
1613 3387 1714 3443 Hic
1739 3395 1922 3441 autem
1967 3385 2100 3438 nihil
2133 3381 2334 3438 oeeulti

751 3512 834 3556 cst
865 3487 1317 3552 autsbsconditi,
1369 3487 1481 3539 imo
1516 3483 1676 3553 plena
1705 3481 1823 3534 luce
1847 3479 1902 3532 in
1944 3477 2336 3544 hominumque

752 3594 1050 3657 culispectu
1095 3580 1186 3636 ille
1209 3577 1276 3633 ad
1312 3575 1480 3630 Deum
1513 3587 1703 3642 preces
1735 3569 1945 3624 faciens
1972 3583 2096 3621 cum
2125 3566 2335 3619 violen-

753 3685 827 3737 tia
853 3680 1079 3732 abactos
1107 3682 1208 3736 est,
1255 3669 1519 3737 sacrilege
1556 3673 1776 3734 ereptus
1805 3662 1822 3733 (
1847 3677 1885 3717 e
1911 3661 2117 3730 templo
2169 3658 2337 3712 nimi-

754 3790 873 3829 rum
913 3771 1010 3841 )ct
1034 3764 1306 3821 deductus
1357 3760 1525 3813 veluti
1583 3773 1612 3811 a
1672 3757 1848 3812 bestia
1917 3751 2029 3806 fera
2084 3750 2337 3804 dentibus

753 3860 1037 3916 frendente
1096 3864 1150 3909 et
1207 3852 1325 3923 apri
1358 3852 1536 3906 instar
1613 3853 1928 3916 spumante.
1995 3842 2178 3896 Oculis
2237 3856 2338 3894 no-

753 3953 883 4008 stris
926 3950 1101 4006 adhuc
1167 3947 1530 3999 obversantur
1559 3939 1700 3994 mala
1753 3937 1814 3992 in
1855 3937 2005 3990 urbis
2063 3947 2342 4004 expugna-

755 4045 903 4098 tione
950 4040 1108 4095 nobis
1141 4037 1309 4100 illata,
1337 4047 1573 4104 quorum
1598 4038 1852 4084 auctores
1895 4030 1946 4081 in
1988 4026 2180 4096 primis
2221 4023 2340 4078 Afri

754 4155 785 4191 e
826 4131 1407 4190 Sicilia’adventantes
1445 4125 1616 4180 fuere.
1683 4120 1802 4176 Jam
1871 4135 2004 4173 vero
2061 4119 2182 4173 vilis
2236 4118 2341 4172 iste

755 4225 978 4281 Afratas
1007 4221 1140 4276 mihi
1177 4220 1390 4273 videtur
1427 4229 1566 4268 unus
1625 4227 1750 4267 esse
1775 4227 1841 4266 ex
1887 4212 1997 4264 illis
2040 4207 2188 4264 Afris
2246 4208 2338 4277 qui

753 4317 838 4372 vel
872 4313 1079 4370 sanctis
1128 4309 1377 4365 ecclesiis
1410 4320 1608 4360 manus
1644 4303 1973 4373 iujecerunt.
2009 4301 2130 4356 Illos
2157 4309 2340 4354 autem

754 4411 966 4464 utinam
999 4417 1281 4471 nunquam
1309 4401 1364 4454 in
1389 4407 1666 4468 posterum
1691 4395 1993 4456 videamus,
2025 4408 2058 4445 ο
2084 4393 2342 4446 Sen-ator

756 4509 946 4555 noster
976 4495 1120 4551 Deus
1144 4504 1197 4548 et
1234 4493 1543 4561 redemptor
1562 4497 1616 4543 et
1645 4488 1906 4542 liberator
1938 4487 1950 4538 !
1981 4485 2134 4538 llunc
2159 4493 2338 4538 autem

2433 2189 2601 2242 ὁποῖα
2662 2188 2726 2259 δή
2788 2207 2912 2244 τινα
2974 2191 3073 2246 καὶ
3125 2192 3199 2246 τὰ
3258 2195 3584 2265 ίατρευτικά
3622 2199 3916 2268 φάρμακα.
3956 2201 4021 2254 Et

2434 2278 2573 2348 γοῦν
2602 2279 2700 2333 καὶ
2730 2280 2867 2351 ἐμοῦ
2897 2284 3300 2353 παραινοῦντος
3335 2287 3686 2362 ἐξαγριαίνῃ,
3719 2284 3764 2343 ὦ
3791 2290 4017 2360 ἀδελφέ,

2437 2374 2534 2427 καὶ
2563 2374 2626 2427 οὐ
2651 2376 2942 2447 προσηνῶς
2967 2378 3253 2446 ἀκούσεις,
3279 2380 3420 2434 ἀλλὰ
3443 2383 3702 2452 ἐλέγχους
3731 2385 4020 2450 ἀπαιτεῖς,

2437 2467 2704 2522 ὑπόνοιαν
2753 2469 3032 2538 πέμπεις,
3076 2473 3166 2525 ὅτι
3209 2475 3430 2542 φθάσας
3476 2475 3734 2540 ἔπαισας.
3771 2477 3840 2532 τί
3886 2478 4025 2547 γοῦν

2437 2559 2670 2612 σεαυτὸν
2704 2559 2946 2627 φαίνεις;
2996 2562 3064 2614 Τί
3117 2565 3458 2637 κατηγορίαν
3510 2569 3735 2642 ἐνιστᾷς
3785 2570 3883 2623 ἐπὶ
3931 2571 4025 2623 σοὶ

2437 2649 2622 2719 αὑτῷς
2651 2652 2934 2716 Ἤκουσας
2961 2654 3310 2723 παραίνεσιν·
3346 2658 3757 2730 προσκύνησον,
3797 2661 3899 2716 καὶ
3933 2663 4025 2716 σία

2436 2758 2629 2810 γησον,
2662 2742 2737 2805 ὡς
2781 2743 2848 2796 ἀν
2874 2744 3020 2796 οὕτω
3052 2743 3272 2817 δοκοίης
3307 2748 3719 2821 ἀναμάρτητος.

2508 2828 2619 2905 κη’.
2655 2834 2844 2890 Ταῦτά
2878 2854 2938 2889 τε
2990 2833 3086 2892 οὖν
3115 2838 3288 2903 οὕτως
3320 2841 3377 2894 ἐν
3405 2845 3558 2912 ἡμῖν,
3587 2838 3633 2897 ὧ
3667 2846 3878 2917 Σῶτερ,
3909 2865 4020 2902 κα-

2436 2927 2722 3007 τάρτισον,
2783 2932 2877 2982 κιῇ⁵
2921 2930 3124 3001 στῆσον
3181 2933 3281 3001 τὴν
3331 2933 3441 2987 ἰδοὺ
3480 2936 3623 2989 κατὰ
3678 2937 3775 3006 τῆς
3814 2940 4029 3010 ἐκκλη-

2440 3018 2560 3082 σίας
2585 3018 2767 3090 ὓὸριν,
2800 3023 2894 3074 καὶ
2923 3021 2985 3075 τὸ
3017 3025 3140 3076 κατ’
3162 3027 3334 3096 αὐτῆς
3354 3027 3682 3098 ἐμπήδημα,
3725 3031 3786 3083 τὸ
3810 3033 4020 3101 θρασὺ,

2437 3110 2499 3162 τδ
2537 3111 2848 3180 ἀλόγιστον,
2894 3114 2956 3167 τὸ
2989 3116 3344 3182 ἀπαίδευτον,
3377 3117 3437 3171 τὸ
3480 3121 3753 3191 ἐκνομον,
3784 3123 3847 3177 τδ
3885 3125 4024 3178 πολ-

2438 3199 2547 3255 λῶν
2578 3203 2810 3272 πληγῶν
2840 3205 3012 3272 ἀξιον,
3063 3207 3122 3260 τὺ
3176 3207 3535 3279 Ξεροσυλικόν.
3589 3213 3701 3265 Καὶ
3751 3214 3865 3285 μὴν
3919 3219 4026 3270 οὐκ

2439 3293 2590 3348 ἐστιν
2623 3295 2860 3349 ἐνταῦθα
2899 3297 3143 3367 σύλημα,
3179 3301 3265 3352 ἴνα
3302 3305 3396 3354 καὶ
3425 3305 3727 3374 ἱεροσυλεῖν
3763 3307 3960 3378 δοκοίη
3996 3313 4025 3364 ό

2438 3387 2730 3457 ἀπόφημος
2804 3390 3117 3458 ’Λφρατᾶςς
3183 3392 3327 3464 Συλᾷ
3385 3399 3485 3463 μὲν
3543 3399 3652 3468 γὰρ
3687 3399 3951 3455 ὁπωσοῦν
4000 3407 4027 3458 ό

2438 3481 3000 3550 παρακρυπτόμενος.
3055 3485 3322 3538 Ἐνταῦθα
3357 3488 3412 3541 δὲ
3440 3489 3597 3542 οὗίἐν
3629 3508 3681 3544 τι
3723 3501 4025 3563 κρυφαῖον,

2439 3571 2560 3624 οὖδέ
2589 3572 2872 3642 λαθραῖον*
2914 3575 3053 3628 ἀλλὰ
3098 3577 3296 3648 ἀνέδην
3331 3580 3436 3632 ὑπὸ
3489 3583 3632 3650 φωτὶ
3670 3584 4026 3656 αἰθριάζοντι

2439 3663 2533 3712 καὶ
2565 3661 3014 3735 δφθαλμοφανείςι
3043 3665 3074 3716 ό
3111 3665 3190 3727 εἰς
3224 3665 3358 3719 Θεδν
3427 3668 3718 3733 ἱκετεύσας
3771 3674 4028 3744 ἀπήχθη,

2442 3754 2700 3822 συληθεὶς
2733 3754 2834 3824 μὲν
2861 3755 3082 3825 (οὐκοῦν
3118 3760 3182 3809 ἐκ
3214 3757 3306 3811 τοῦ
3345 3760 3545 3830 ἱεροῦ),
3577 3764 3941 3833 ἀφαρπαγεές
3972 3769 4027 3820 δέ

2440 3849 2514 3910 ὡς
2549 3847 2656 3900 ὑπὸ
2713 3847 2924 3920 θηρὸς,
2977 3849 3297 3920 τετριγότος
3337 3851 3557 3916 ὀδόντας
3603 3856 3698 3908 καὶ
3759 3859 4027 3924 σιεὶῶδες

2441 3939 2875 4010 ἀπαφρξζοντος.
2917 3941 3040 3993 Ἐτι
3075 3945 3183 4010 πρδ
3212 3942 3518 4014 ὀφθαλμῶν
3544 3940 3660 3998 οἷον
3695 3949 3833 4016 ἡμῖν
3867 3953 3938 4004 τὰ
3971 3955 4029 4005 ἐν

2441 4033 2508 4101 τῇ
2565 4030 2765 4083 ἁλώσει
2801 4033 2945 4084 κακὰ
2974 4071 2990 4096 ,
3018 4025 3093 4085 ὧν
3124 4035 3466 4106 συνεργάται
3521 4037 3858 4108 ότιμάλιστα
3888 4044 3940 4094 οἱ
3970 4047 4029 4096 ἐκ

2444 4123 2693 4186 Σ.κελίας
2724 4124 2952 4192 ’Ᾱφροι.
2992 4125 3178 4178 Ἔστω
3229 4127 3294 4197 δὴ
3353 4129 3451 4180 καὶ
3502 4131 3530 4182 ό
3577 4130 4032 4202 πιτυρέαςόῧτος

2455 4215 2751 4287 Ἀφρατᾶς,
2784 4216 2858 4279 ὡς
2891 4210 2978 4270 οἷά
3020 4233 3105 4280 τις
3155 4212 3238 4281 εἷς
3287 4220 3518 4274 ἐκείνων
3549 4222 3660 4276 τῶν
3694 4224 3949 4295 Ἄφρων,
3982 4227 4029 4279 οἱ

2445 4308 2537 4359 καὶ
2585 4308 2743 4360 αὐτοὶ
2789 4307 2900 4361 τῶν
2951 4308 3124 4375 ἁγίων
3167 4312 3640 4382 κατεπεχείρησαν
3685 4317 4025 4386 ἐκκλησιῶν.

2457 4397 2599 4452 Ἀλλ’
2633 4399 2874 4460 ἐκείνους
2913 4399 3015 4469 μὶν
3055 4402 3253 4470 μηκέτι
3291 4403 3522 4474 ἴδοιμεν,
3553 4402 3598 4459 ὦ
3634 4407 3822 4478 Σῶτερ
3866 4413 4028 4480 ἡμῶν

2446 4489 2571 4558 Θεέ,
2598 4491 2692 4556 καὶ
2725 4489 2896 4561 ρῦστα
2933 4494 3026 4545 καὶ
3055 4493 3424 4566 ἐλευθερωτά.
3464 4497 3671 4551 Τοῦτον
3693 4500 3752 4553 δὲ
3786 4502 4024 4571 ἴδοιμεν,

755 4592 1064 4652 videamus,
1118 4596 1172 4641 et
1231 4585 1439 4654 ipsum“
1475 4581 1752 4635 meliorem
1809 4577 2036 4641 factum,
2095 4585 2150 4631 et
2209 4576 2346 4630 alios

2449 4582 2613 4636 αὐτόν
2655 4599 2716 4635 τε
2765 4583 3203 4654 σωφρονισθέντα
3231 4627 3245 4652 ,
3294 4589 3388 4640 καὶ
3437 4588 3665 4659 ἐτέρους
3704 4591 3764 4644 δέ
3807 4610 4029 4665 σωφρο-

757 4682 1014 4738 meliores
1053 4677 1397 4733 reddentem.
1445 4671 1528 4726 Tn
1577 4672 1632 4725 in
1664 4668 2042 4724 misericordia
2097 4674 2151 4720 ct
2206 4667 2345 4720 ritu-

760 4775 913 4846 perio
953 4771 1250 4826 informare
1285 4767 1466 4822 nosti:
1503 4774 1557 4819 tu
1611 4762 1782 4817 variis
1822 4762 2000 4815 modis
2039 4759 2183 4813 nosti
2209 4773 2344 4812 con-

761 4875 997 4920 vertere.
1035 4863 1140 4925 Ita,
1176 4861 1222 4915 si
1254 4861 1343 4914 ille
1375 4858 1593 4912 tandem
1622 4856 1688 4910 ad
1744 4869 1831 4908 res
1864 4853 2078 4907 divinas
2113 4850 2344 4920 diligen-

759 4961 860 5012 das
913 4955 1264 5014 adducatur.
1329 4951 1684 5013 discedimus,
1753 4948 1882 5001 licet
1941 4943 2346 4999 calamitatibus

761 5050 1013 5121 Oppressi
1063 5055 1118 5102 et
1177 5046 1394 5100 stolidis
1461 5043 1778 5098 hominibus
1823 5040 1901 5095 illi
1961 5037 2253 5101 similibus,
2297 5035 2346 5090 si

763 5148 855 5214 qui
905 5144 1084 5197 adhuc
1131 5141 1508 5196 inveniantur.
1540 5137 1655 5206 Ego
1683 5134 1828 5190 enim
1858 5147 2073 5202 precor,
2105 5141 2161 5184 ut
2187 5142 2347 5183 nemo

764 5239 905 5290 alius
938 5237 1024 5289 isti
1062 5234 1257 5289 similis
1293 5233 1404 5297 fiat,
1439 5241 1489 5286 et
1517 5235 1934 5298 comprecantur
1959 5237 2170 5276 mecum
2203 5220 2345 5275 idem

765 5335 950 5380 cuncti
982 5333 1036 5380 te
1065 5325 1330 5389 colentes,
1359 5335 1592 5393 quorum
1629 5331 1819 5390 preces
1873 5313 2134 5370 exaudias
2183 5312 2344 5368 bene-

767 5420 948 5475 dictus
979 5418 1034 5472 in
1065 5418 1260 5474 sacula
1288 5416 1635 5476 sucularum.
1666 5414 1858 5469 Amen.

2447 4676 2700 4731 νίσαντα.
2759 4670 2924 4737 Οἶδας
2981 4677 3264 4730 παιδεύειν
3316 4681 3374 4731 ἐν
3425 4679 3571 4733 ἐλέει
3635 4683 3730 4736 καὶ
3787 4685 4025 4756 ἐλέγχῳ.

2449 4765 2618 4831 Οἶδας
2657 4768 3020 4837 ἐπιστρέφειν
3047 4769 3455 4838 πολυμεθόδως’
3479 4772 3585 4840 ὡς,
3629 4773 3684 4826 εί
3705 4791 3770 4841 γε
3797 4779 3825 4830 ὁ
3854 4779 4029 4832 τοιοῦ-

2447 4876 2541 4922 τος
2598 4861 2679 4921 εἰς
2719 4861 2872 4924 τέλος
2917 4861 3214 4930 ἐπιχαρείη
3265 4864 3378 4925 τοῖς
3416 4863 3604 4929 θείοις,
3641 4865 3938 4934 οἰχόμεθα,
3970 4870 4030 4921 τὸ

2452 4952 2552 5021 μέν
2583 4950 2821 5021 θλίψεσι,
2853 4954 2912 5005 τὺ
2941 4953 2997 5007 δέ
3035 4955 3128 5007 καὶ
3159 4953 3265 5006 ὑπὸ
3294 4955 3402 5007 τῶν
3433 4955 3637 5024 ὁμοίως
3665 4956 3817 5027 αὖτῷ
3849 4959 4030 5027 ἀφρα-

2446 5042 2602 5108 δέων,
2652 5043 2707 5096 εί
2748 5045 2894 5108 τινές
2933 5063 3035 5098 που
3076 5044 3171 5097 καί
3222 5046 3385 5100 εἰσιν.
3435 5043 3579 5113 Ἐγὼ
3623 5046 3734 5118 γὰρ
3769 5045 4026 5117 εὔχομαι,

2454 5135 2657 5205 μηδένα
2712 5135 2903 5207 ἕτερον
2960 5137 3207 5190 τοιοῦτον
3247 5136 3512 5208 ἐκϐῆναιο
3561 5140 3932 5209 συνεύχονται
3974 5141 4026 5194 δὲ

2449 5227 2610 5281 τοῦτο
2658 5229 2754 5283 καὶ
2805 5232 2854 5281 οι
2905 5231 2988 5282 σοὶ
3018 5229 3357 5302 θεράποντες
3391 5231 3657 5294 ἅπαντες.
3694 5224 3773 5286 ὧν
3805 5236 3902 5288 καὶ
3930 5235 4026 5286 ἐπ-

2452 5321 2695 5384 ακούοις,
2740 5321 3030 5393 εὐλογητὸς
3076 5325 3156 5388 είς
3199 5323 3329 5386 τοὺς
3387 5323 3595 5388 αἰῶνας
3644 5325 3759 5381 τῶν
3791 5327 4023 5382 αἰώνων.

2469 5412 2660 5484 Ἀμήν.
