4236 6442
721 377 826 438 553

1396 373 1822 436 EUSTATIIII
1861 373 2624 434 TllESSALONlCENSlS
2663 373 3241 437 METROPOLITB

3887 371 4005 431 36‘

725 470 1201 552 omninoinscius,
1222 501 1286 540 cx
1303 494 1532 542 eotontc
1567 487 1937 557 sumpserit,e
1969 501 2082 556 quo
2108 486 2302 554 David,
2333 493 2377 548 Α

2425 488 2557 541 ἱδοτο
2601 489 2778 543 πίνειν
2811 492 2926 553 τοῖς
2970 489 3170 559 μέροψι
3207 491 3319 552 τοῖς
3360 487 3561 556 διψῶσι
3599 487 3667 540 τά
3702 484 3798 539 τοῦ
3835 488 4010 540 Θεου.

726 596 852 632 cum
909 584 1028 650 ipse
1085 594 1303 649 quoque
1354 579 1652 645 hausisset,
1685 571 1753 635 us
1803 579 2129 634 mortalibus
2155 580 2302 634 dedit

735 673 922 727 bibere
965 672 1060 741 qui
1091 687 1177 726 res
1210 667 1302 725 Dei
1336 670 1548 726 sitiunt.
1578 671 1732 738 Quod
1764 687 1917 738 vero,
1952 687 1980 725 a
2012 672 2311 726 novissima

733 767 1003 830 oratione,
1057 778 1156 832 pro
1196 762 1340 817 virili
1383 773 1539 834 parte
1596 762 1915 818 meditando
1976 763 2308 832 excogitavi,

736 859 904 911 hocce
957 865 1061 911 est.
1109 855 1442 924 Adimplevit
1487 855 1822 911 Februarius
1886 871 2062 926 nuper
2091 865 2310 911 vertens

735 957 981 1001 octavam
1028 955 1084 1002 et
1138 962 1338 1002 nonam
1368 948 1511 1002 diem
1548 965 1562 1013 ;
1613 962 1667 1003 at
1698 964 1917 1017 vesper,
1967 949 2060 1017 qui
2098 949 2315 1002 hodier—

739 1055 865 1092 nam
923 1039 1222 1109 produxit,
1274 1039 1572 1093 celebravit
1623 1055 1783 1110 quem
1849 1040 2184 1111 nuncupabo
2231 1039 2315 1094 vel

734 1131 1126 1200 interpolatum
1198 1138 1253 1185 et
1302 1131 1680 1184 intercalarem
1739 1129 1945 1186 Christi
1994 1143 2315 1202 martyrem,

736 1224 821 1276 vel
872 1223 1330 1290 triumphatorem
1403 1222 1450 1275 vi
1499 1221 1737 1293 potitum
1800 1238 1968 1293 regno
2017 1224 2310 1290 calorum,

737 1313 1136 1384 Nicephorum,
1189 1314 1271 1368 vel
1309 1315 1490 1383 potius
1519 1315 1691 1368 virum
1725 1315 1812 1369 cui
1843 1315 2036 1370 otianti
2075 1324 2132 1371 et
2158 1319 2317 1387 quasi

741 1409 1051 1462 transeunti
1106 1408 1302 1462 salutis
1359 1407 1654 1462 thesaurus
1717 1408 1932 1462 obviam
1987 1410 2113 1464 fuit.
2168 1409 2318 1464 Idam

739 1517 962 1571 quoque
1008 1501 1222 1555 exstitit
1282 1502 1610 1570 iniuriarum
1673 1501 1952 1556 memoriae
2007 1502 2321 1573 (μνησικα-

739 1595 886 1661 κίας)
915 1595 1276 1664 redargutor,
1309 1594 1700 1664 resipiscerttia:
1737 1610 1866 1650 vero
1901 1604 2163 1650 actuosus
2202 1613 2320 1653 ma-

740 1686 928 1754 gister,
963 1695 1014 1741 ct
1066 1687 1267 1742 amoris
1328 1689 1380 1741 in
1430 1686 1542 1743 Deo
1590 1703 1766 1758 praeco
1795 1689 2154 1745 clarissimus.
2186 1689 2321 1745 Cum

742 1778 889 1830 enim
941 1779 1199 1831 miserum
1251 1775 1559 1848 Sapricium
1599 1780 1843 1835 victoria:
1867 1781 2142 1849 auspicem
2168 1791 2245 1844 et,
2267 1790 2324 1836 ut

741 1871 951 1936 dicunt,
996 1873 1258 1943 triumphi
1307 1889 1337 1926 c
1371 1876 1648 1929 communi
1706 1872 1862 1930 hoste
1917 1875 2134 1930 diabolo
2170 1876 2325 1932 relati
2356 1852 2400 1912 θ

744 1965 1203 2034 proclamalorcm
1236 1966 1574 2030 invenisset,
1601 1968 1920 2036 intereaque
1967 1970 2190 2022 vidisset
2237 1985 2330 2023 cu.

744 2070 932 2108 rouatu
963 2055 1203 2110 victoria:
1223 2065 1382 2124 eaput
1406 2056 1633 2128 Sapricii
1661 2061 2140 2129 supervolitantcm
2161 2061 2327 2129 (quod

745 2143 900 2197 vobis
975 2154 1161 2198 notum
1210 2155 1294 2198 est
1333 2145 1428 2213 qui
1497 2155 1718 2200 sanctas
1762 2147 2024 2202 historias
2096 2149 2329 2216 perlegi-

745 2235 895 2301 stis),
917 2234 1054 2304 ipse,
1088 2235 1280 2289 eodem
1321 2245 1620 2302 momento,
1653 2239 1990 2307 propositum
2017 2255 2043 2292 a
2079 2238 2190 2294 Deo
2224 2241 2330 2295 sub

747 2327 922 2380 oculis
951 2325 1184 2395 Sapricii
1231 2329 1510 2398 praemium
1556 2329 1818 2396 obtinuit,
1867 2346 1990 2385 cum
2024 2347 2149 2385 eum
2185 2348 2326 2402 pra:-

749 2420 1021 2485 vertisset,
1071 2427 1132 2475 ut
1163 2421 1221 2475 lit
1272 2423 1325 2475 in
1377 2423 1705 2478 athletarum
1769 2424 2090 2488 certamine,
2155 2434 2206 2478 ct
2239 2440 2326 2480 re-

751 2513 1002 2582 liquisset
1062 2513 1282 2568 insidiis
1327 2515 1527 2570 diaboli
1579 2517 1884 2587 delapsum.
1955 2516 2150 2571 Mirum
2208 2527 2322 2573 tmn

750 2613 892 2668 erat,
927 2614 1130 2674 quanta
1157 2605 1384 2676 spiritus
1445 2610 1622 2662 malus
1657 2609 2005 2664 machinatus
2036 2619 2182 2664 esset
2230 2610 2326 2664 ud-

755 2713 946 2752 versus
993 2699 1138 2754 hunc
1171 2698 1500 2769 Sapricium.
1533 2699 1638 2765 Qui
1685 2717 1807 2754 cum
1869 2701 1980 2756 Deo
2013 2715 2139 2756 sese
2186 2701 2327 2754 ami-

751 2804 877 2844 cum
913 2790 1191 2860 professus
1250 2799 1422 2858 esset,
1461 2792 1814 2863 animamque
1869 2807 2051 2856 suam,
2079 2808 2146 2846 ex
2202 2807 2328 2863 pro-

754 2885 960 2953 posito,
1034 2885 1336 2939 secundum
1395 2887 1711 2956 evangeliea
1769 2886 1941 2951 dicta,
2011 2901 2256 2940 seorsum
2296 2902 2326 2938 a

759 2990 994 3047 tyranno
1042 2979 1342 3049 posuisset,
1377 2973 1630 3034 diabolus
1659 2981 1786 3035 inde
1816 2981 1985 3047 hunc,
2019 2979 2169 3034 hora:
2206 2993 2326 3032 mo-

755 3079 964 3131 mento,
995 3071 1254 3130 extraxit,
1305 3068 1512 3123 retibus
1559 3070 1652 3124 ira:
1689 3069 1985 3139 pertinacis
2035 3068 2318 3124 avulsum.

758 3157 875 3211 Non
910 3159 1260 3228 praeviderat,
1291 3160 1347 3214 in
1381 3160 1561 3214 locum
1613 3161 1850 3230 delapsi,
1888 3160 2058 3214 alium
2110 3174 2330 3215 succes-

2419 583 2484 634 Ὃ
2517 581 2572 634 δὲ
2613 581 2756 651 μετά
2789 581 2888 652 τὴν
2921 580 3276 634 διδασκαλίαν
3309 580 3530 648 ἐκείνην
3567 580 4002 650 ὲπενεουμηθην

2413 674 2557 730 καθά
2589 675 2917 746 ἐφάμιλλος,
2952 675 3159 728 τοιόνδε
3194 674 3331 728 ἐστί.
3370 674 3633 743 Παρῆλκε
3666 674 3768 744 τὴν
3800 674 4011 741 ὀγδόην

2413 769 2509 823 καὶ
2540 769 2770 840 ὲννάτην
2799 771 2827 821 6
2851 769 3065 839 τρέχων
3094 769 3218 838 ἄρτι
3249 766 3618 837 Φεϐρουάριος
3640 808 3654 830 ,
3683 767 3778 818 καὶ
3805 768 3839 836 ὴ
3869 766 4012 818 ταύ-

2413 880 2513 934 την
2540 863 2859 934 προάγουσα
2886 863 3098 933 ἑσπέρα
3125 861 3501 932 ἑπανηγύριζε
3527 862 3619 913 τὸν
3646 861 3760 913 εἴτε
3794 877 4011 930 παρεν-

2415 955 2576 1008 θέντα
2602 955 2697 1007 καὶ
2724 955 3021 1025 ἐμϐόλιμον
3050 954 3307 1024 μάρτυρα
3332 952 3427 1004 τοῦ
3455 949 3716 1020 Χριστοῦ,
3743 951 3857 1002 εἴτε
3885 965 4010 1010 πως

2419 1046 2647 1119 βιαστὴν
2671 1047 2774 1117 τῆς
2805 1046 3084 1116 βασιλείας
3110 1046 3220 1099 τῶν
3246 1043 3496 1114 οὐρανῶν
3523 1043 3866 1112 Νικηφόρον,
3902 1041 4008 1108 μά·

2415 1141 2574 1193 λιστα
2613 1139 2712 1209 μὲν
2740 1137 2834 1192 οὖν
2864 1139 2956 1192 τὶν
2985 1138 3061 1200 ὡς
3096 1138 3160 1189 ὲκ
3195 1137 3431 1204 παρόδου
3468 1136 3562 1188 καὶ
3595 1129 4002 1202 ἀπραγματεὺ-

2418 1249 2526 1295 τως
2561 1232 2656 1284 καὶ
2693 1229 3034 1292 ἀνελπίστως
3069 1225 3469 1297 ἐντετυχηκότα
3505 1224 3757 1295 σωτηρίῳ
3791 1223 4004 1291 θησαυο

2423 1323 2523 1393 ρῷ,
2561 1323 2651 1375 τὸν
2687 1321 2789 1390 τῆς
2830 1340 2848 1372 ι
2896 1320 3269 1391 μνησικακίας
3315 1338 3332 1371 ι
3387 1317 3489 1386 μὲν
3524 1317 3768 1384 ἔλεγχον,
3805 1317 3908 1384 τῆς
3951 1313 4008 1365 δὲ

2424 1412 2712 1484 μετανοίας
2751 1411 3076 1465 διδάσκαλον
3116 1409 3460 1480 ἔμπρακτον,
3506 1407 3603 1458 καὶ
3642 1405 3743 1473 τῆς
3787 1405 3848 1456 ἐν
3887 1403 4015 1473 Θεῷ

2423 1506 2645 1576 ἀγάπης
2683 1504 2938 1574 λαμπρὸν
2973 1505 3191 1574 κήρυκα
3216 1519 3228 1531 ·
3267 1502 3324 1564 ὃς
3359 1501 3452 1554 τδν
3484 1498 3668 1554 ἄθλιον
3703 1498 4015 1565 Σαπρίκιον

2425 1600 2678 1670 εὑρηκὼς
2717 1598 2976 1668 ὁρμῶντα
3019 1597 3210 1666 νίκην,
3250 1595 3279 1648 ὃ
3321 1611 3519 1664 φασιν,
3562 1591 3829 1656 ἀλαλάξαι
3869 1588 4018 1643 κατά

2424 1691 2520 1743 τοῦ
2568 1687 2750 1743 κοινοῦ
2798 1688 3061 1756 πολεμίου
3109 1685 3387 1755 δαίμονος,
3435 1681 3532 1737 καὶ
3571 1683 3664 1735 τὸν
3708 1681 3812 1745 τῆς
3858 1681 4017 1749 νίκης

2430 1780 2696 1851 στέφανον
2721 1779 3060 1850 θεασάμενος
3085 1777 3528 1846 ὑπερπετόμενον
3553 1773 3652 1843 τῆς
3680 1772 3899 1825 ἐκείνου
3925 1787 4019 1822 κε-

2433 1875 2611 1947 φαλῆς
2658 1875 2765 1942 (ὡς
2809 1875 2987 1927 οἴδατε
3034 1873 3129 1925 καὶ
3175 1871 3364 1940 ὑμεῖς,
3413 1871 3514 1938 τῆς
3564 1868 3714 1937 ἱερᾶς
3766 1862 4017 1932 ἱστορίας

2434 1969 2894 2040 ἐναλλαξάμενοι)
2916 2009 2930 2030 ,
2965 1967 3126 2028 αὐτὸς
3163 1965 3260 2035 μὲν
3291 1961 3734 2032 ἐκληρονόμησεν
3761 1957 4019 2025 αὖθωρίρν

2431 2064 2524 2118 τοῦ
2562 2064 2619 2116 ἑν
2650 2062 2952 2132 ὀφθαλμοῖς
2990 2055 3313 2127 ἐκκειμένου
3354 2054 3539 2107 θεόθεν
3573 2052 3802 2113 κάλλους
3825 2090 3841 2114 ,
3881 2066 4019 2118 προ-

2430 2155 2656 2226 δραμὼν
2699 2151 2813 2208 οἶον
2853 2153 2928 2216 ὡς
2975 2154 3036 2205 ἐν
3075 2149 3251 2219 ἀγῶνι
3291 2144 3653 2215 ἀεθλευτικῷ,
3699 2145 3920 2196 ἐκεῖνον
3961 2140 4020 2192 δὶ

2431 2249 2611 2318 ἀφῆκε
2646 2247 2978 2300 πεπτωκότα
3013 2240 3474 2310 καταπατηθῆναι
3503 2239 3583 2308 τῷ
3613 2238 3860 2309 δαίμονι.
3887 2237 4019 2288 ὐτε

2430 2342 2526 2396 καὶ⁵
2559 2336 2627 2410 ἦν
2657 2340 2967 2408 θαυμάσαι,
2998 2337 3191 2408 ἡλίκον
3221 2332 3708 2405 ὲδραματοὺργησε
3744 2331 3894 2384 κατά
3924 2327 4020 2383 τοῦ

2429 2433 2733 2504 Σαπρικίου
2761 2432 2790 2484 6
2823 2430 3083 2500 πονηρός.
3109 2428 3266 2481 Φίλον
3290 2429 3399 2499 γὰρ
3427 2429 3635 2480 ἐκεῖνον
3660 2423 4021 2494 προφανέντα

2429 2525 2507 2595 τῷ
2540 2524 2693 2596 Θεῷ,
2731 2524 2827 2577 καὶ
2857 2526 2926 2594 τῇ
2963 2523 3221 2593 προθέσει
3257 2521 3358 2592 τὴν
3392 2520 3574 2591 ψυχὴν
3607 2518 3842 2586 θέμενον
3876 2516 4022 2584 ὑπὲρ

2429 2617 2524 2670 τοῦ
2573 2616 2845 2671 Δεσπότου
2894 2612 3300 2684 εὐαγγελικῶς,
3340 2613 3668 2665 ἀπέσπασεν
3709 2609 3768 2660 ὲν
3817 2606 4026 2674 ἀκαρεῖ

2440 2707 2637 2776 Χρόνῳ,
2677 2707 2893 2777 σχοινίῳ
2927 2723 2945 2756 t
2986 2704 3356 2774 μνησικακίας
3394 2722 3412 2755 ι
3446 2700 3927 2770 ἀφελκυσάμενος,
3958 2694 4022 2748 οὑ

2434 2799 2899 2872 προνοησάμενος,
2917 2798 3000 2852 ὅτι
3025 2797 3380 2864 ἀντάλλαγμα
3406 2792 3501 2849 τοῦ
3523 2789 4024 2863 προαπωσαμένου

2433 2893 2620 2962 ἕτερός
2649 2895 2768 2945 ἐστι
2799 2893 3014 2962 μάρτυς
3041 2889 3178 2943 Θεοῦ
3202 2907 3216 2920 ·
3247 2888 3384 2943 ἀλλά
3414 2885 3653 2956 σπουδὴν
3680 2884 3915 2952 θέμενος
3946 2881 4024 2950 μὴ

2432 2983 2526 3036 δύο
2559 2983 2760 3046 καλοὺς
2795 2984 3120 3053 ἀνθρώπους
3152 2981 3504 3050 οίκειωθῆναι
3533 2979 3612 3046 τῷ
3645 2973 4023 3044 παμϐασιλεῖ,

2433 3073 2530 3126 ἕνα
2562 3073 2661 3142 μὲν
2685 3074 2779 3126 τὸν
2804 3073 2952 3143 αὑτῷ
2981 3072 3474 3143 μεμαρτυρηκότα,
3500 3067 3692 3136 ’ἕτερον
3715 3066 3774 3118 δὲ
3801 3063 3898 3116 τὶν
3922 3063 4025 3130 τῆς

2434 3164 2601 3217 αὐτοῦ
2633 3164 2972 3234 κληρονόμον
3001 3163 3187 3232 εὐχῆς.

759 3264 951 3303 surum
989 3249 1081 3305 Dei
1121 3261 1458 3324 martyrem;
1491 3253 1586 3308 sed
1615 3254 1668 3308 id
1731 3253 1960 3307 curabat
2025 3268 2092 3308 ne
2163 3255 2273 3306 duo
2325 3257 2526 3324 egregii
2581 3257 2682 3310 viri
2739 3257 3028 3312 domestici
3092 3255 3334 3312 universi
3397 3255 3542 3325 regis
3608 3253 3828 3317 tierent,
3880 3261 4027 3305 unus

759 3346 979 3417 quidem
1032 3361 1132 3416 pro
1181 3346 1292 3400 Deo
1333 3347 1652 3418 martyrium
1682 3361 1898 3416 passus,
1927 3347 2064 3400 alter
2121 3361 2253 3401 vero
2293 3353 2554 3422 martyris
2587 3368 2805 3423 precum
2835 3354 3031 3408 haeres.

833 3445 884 3497 3.
947 3445 1121 3498 Erunt
1188 3451 1360 3497 acuta:
1394 3443 1593 3497 mentis
1619 3443 1724 3497 viri
1757 3445 1848 3512 qui
1883 3443 1993 3497 illic
2024 3445 2331 3508 hmrebunt,
2362 3452 2405 3508 c

762 3553 864 3590 cur
896 3535 1162 3590 Dominus
1213 3536 1510 3590 recesserit
1553 3550 1582 3588 a
1634 3535 1924 3604 Sapricio,
1975 3537 2234 3604 quoniam
2281 3547 2335 3592 et

767 3629 1054 3699 Sapricius
1111 3626 1223 3682 Deo
1278 3629 1589 3697 proximum
1626 3642 1690 3680 ac
1745 3627 2054 3683 devinctum
2092 3642 2218 3682 sese
2256 3638 2338 3683 tc-

769 3733 985 3786 uucrat,
1018 3731 1072 3775 et
1105 3721 1247 3775 Deus
1278 3734 1561 3788 nunquam
1597 3719 1670 3772 ita
1702 3733 1763 3773 se
1789 3719 2002 3772 habuit.
2034 3717 2152 3773 Non
2189 3720 2335 3773 enim

771 3815 871 3867 hos
925 3812 1148 3876 deserit,
1191 3820 1248 3863 ut
1304 3809 1524 3864 Davidis
1577 3809 1741 3864 verba
1779 3823 2069 3877 usurpem.
2131 3810 2222 3878 qui
2261 3809 2340 3878 ip-

771 3924 890 3959 sum
933 3915 1216 3977 quarunt;
1253 3905 1322 3960 iis
1366 3906 1530 3958 etiam
1578 3904 1669 3973 qui
1722 3903 1899 3972 ipsum
1948 3913 2148 3958 vocant
2171 3918 2342 3973 prope

773 4008 946 4062 astat;
985 3998 1132 4066 quod
1199 4009 1381 4050 autem
1419 3997 1542 4065 plus
1566 4003 1674 4057 est,
1721 4010 1784 4050 ac
1812 3996 2014 4049 mirum
2050 3999 2246 4064 magis,
2274 3996 2344 4050 ab

772 4094 842 4147 iis
878 4094 1032 4161 ipsis,
1067 4092 1158 4160 qui
1194 4105 1318 4143 eum
1355 4103 1464 4141 non
1495 4097 1772 4157 quaerunt,
1804 4089 1857 4140 in
1886 4102 2120 4142 occursu
2146 4087 2344 4142 obvius

775 4185 1072 4238 invenitur.
1110 4182 1260 4234 Hanc
1302 4180 1664 4249 qumstionem
1735 4178 1830 4247 qui
1877 4178 2210 4246 suscepisset
2249 4177 2342 4231 tali

776 4279 988 4329 ratione
1057 4273 1418 4328 dirimendam
1479 4272 1727 4326 haberet.
1801 4268 2003 4339 Nempe
2075 4269 2344 4324 molestus

780 4374 870 4426 ille
925 4369 1212 4439 Sapricius
1270 4367 1404 4420 tnihi
1460 4367 1699 4430 videtur,
1764 4366 1994 4431 fratres,
2051 4365 2345 4419 consilium

779 4463 1015 4519 adeundi
1060 4462 1307 4531 martyrii
1351 4475 1456 4529 prae
1494 4475 1552 4514 se
1589 4459 1781 4513 tulisse
1809 4460 1994 4511 ﬁctum
2044 4465 2208 4526 atque
2253 4471 2349 4511 ex-

780 4559 977 4622 terius,
1036 4570 1145 4611 non
1196 4569 1263 4608 cx
1330 4555 1524 4606 intimo
1596 4560 1709 4606 toto
1768 4549 1934 4604 corde
2001 4548 2347 4614 ortum,scd

779 4650 1134 4705 cunctantius
1161 4665 1176 4712 ;
1210 4658 1541 4717 quapropter
1603 4659 1710 4698 non
1743 4659 1805 4696 ea
1845 4653 2025 4696 mente
2053 4658 2156 4711 qua
2188 4657 2352 4710 opor-

783 4745 932 4798 tebat
964 4757 1076 4797 rem
1107 4751 1352 4796 sanctam
1382 4741 1608 4792 adortus
1639 4749 1753 4802 cst;
1789 4752 1896 4790 non
1929 4737 2074 4789 enim
2105 4735 2170 4788 ad
2199 4749 2350 4787 amo-

2497 3453 2581 3519 χ’.
2624 3449 2734 3502 Καὶ
2763 3448 2911 3502 ἐστιν
2941 3447 3289 3516 ἐπαπορῆσαι
3313 3446 3438 3508 τοὺς
3469 3442 3730 3515 εὐμαθεῖς
3757 3442 4024 3503 ἐνταῦθα,

2439 3541 2555 3603 πῶς
2579 3541 2670 3594 τοῦ
2697 3541 2997 3611 Σαπρικίου
3025 3539 3234 3608 ἀπέστη
3260 3538 3287 3590 6
3310 3536 3536 3606 Κύριος.
3562 3535 3893 3603 ἐγγίσαντος
3919 3537 4019 3588 καῖ

2441 3632 2929 3703 προσκολλωμένου
2965 3629 3149 3701 αὐτῷ,
3191 3630 3460 3699 μηδέποτε
3495 3627 3639 3682 οὕτω
3673 3629 4021 3697 πεποιηκώς.

2443 3729 2516 3780 Οὐ
2563 3726 2670 3796 γὰρ
2715 3725 3126 3794 ἐγκαταλείπει,
3171 3722 3473 3785 Δαυῖτικῶς
3515 3723 3712 3786 εἰπεῖν,
3751 3724 3887 3785 τοὺς
3933 3724 4030 3792 ζη-

2443 3817 2670 3878 τοῦντας
2697 3816 2861 3869 αὑτὸν
2890 3817 2917 3868 6
2947 3814 3043 3868 καὶ
3072 3815 3153 3867 ἔτι
3184 3814 3490 3867 λαλούντων
3521 3814 3686 3880 ἐγγὺς
3717 3813 4026 3882 παραγινό·

2448 3927 2610 3978 μενος
2632 3948 2647 3972 ,
2679 3907 2740 3960 τὸ
2773 3907 2829 3960 δὲ
2866 3905 3348 3976 θαυμασιώτερον,
3382 3903 3616 3973 καὶτοῖς
3656 3905 3733 3974 μὴ
3769 3903 4030 3972 ζητοῦσιν

2446 4001 2610 4055 αὐτὸν
2635 4000 3022 4069 εὑρισκόμενος
3050 3997 3144 4052 καὶ
3172 3997 3576 4067 παριστάμενος
3602 3997 3680 4058 είς
3710 3995 4027 4062 ἀντίληψιν.

2452 4093 2603 4161 Ἔχοι
2640 4091 2694 4144 δὲ
2730 4090 2795 4143 ἂν
2828 4091 2856 4142 6
2890 4088 3148 4158 τοιαύτην
3185 4086 3476 4141 ἀναλαϐὼν
3513 4087 3723 4139 εννοιαν
3756 4085 4027 4138 ἐπιλύσα-

2451 4186 2574 4239 σθαι
2609 4178 2710 4237 ὧδέ
2745 4201 2860 4244 πως
2888 4181 2950 4234 τὸ
2981 4181 3186 4251 ἄπορον
3218 4178 3380 4250 (δοκῶ
3414 4179 3554 4248 μοι),
3585 4171 3631 4231 ὦ
3660 4176 3912 4244 ἀδελφοὶ,
3942 4177 4030 4228 τὸν

2449 4277 2704 4345 φορτικὸν
2730 4275 3049 4344 Σαπρίκιον,
3078 4271 3414 4325 ἐπίπλαστον
3442 4269 3799 4338 ἐξεπιπολῆς,
3827 4269 3894 4320 οὑ
3925 4268 4030 4337 μὴν

2451 4368 2741 4436 ἐνδόμυχον
2769 4365 2862 4417 καὶ
2891 4363 3186 4432 ὁλόψυχον,
3214 4364 3313 4433 τὴν
3340 4363 3430 4414 ἐπὶ
3459 4361 3537 4430 τῷ
3569 4361 3868 4431 μαρτυρίῳ
3898 4361 4030 4428 πρός

2453 4459 2601 4511 θεσιν
2631 4455 2986 4520 ἐνδείξασθαι,
3016 4454 3152 4508 ἀλλὰ
3185 4452 3599 4523 μαλακώτερον,
3634 4453 3728 4505 καὶ
3757 4451 3941 4513 οὕτως
3972 4455 4028 4504 mi

2451 4551 2679 4614 δεόντως
2711 4547 2992 4603 ὲπιὸαλείν
3024 4547 3165 4615 ἁγίῳ
3200 4544 3510 4615 πράγματι,
3545 4545 3680 4613 πρὸς
3715 4544 3786 4614 μό
3800 4563 3895 4613 rqv
3925 4545 4032 4596 lla-:-

2454 4643 2637 4714 φιλίας
2669 4642 2891 4710 δόκησιν
2923 4637 3017 4690 καὶ
3052 4637 3208 4705 δόξης
3240 4636 3405 4703 κενῆς
3438 4635 3582 4704 λόγῳ
3612 4639 3678 4703 τῇ
3717 4635 4031 4704 μαρτυρικῇ

2455 4736 2680 4807 ἀθλήσει
2707 4733 3051 4802 ἐπιδραμεῖν,
3080 4731 3132 4783 εἴ
3158 4745 3273 4792 πως
3299 4727 3542 4799 δοξάριόν
3567 4745 3620 4780 τι
3650 4727 3806 4796 αὑτῷ
3834 4730 4033 4796 £1391;-

782 4850 900 4890 rem
959 4833 1052 4888 Dei
1085 4833 1355 4887 duntaxat
1388 4831 1710 4902 respiciens,
1760 4828 1852 4883 sed
1905 4843 2099 4880 vanam
2132 4827 2351 4880 intuens
2381 4803 2400 4863 Ῑ

2425 4815 2432 4853 ’
2462 4828 2676 4896 μισθείη
2714 4824 3057 4894 περίκλυστον,
3092 4822 3166 4883 ὠς
3200 4822 3294 4873 ἐὰν
3327 4821 3419 4873 καὶ
3457 4821 3665 4890 μάρτυς
3701 4820 3806 4871 οὐκ
3843 4821 4032 4872 suc-av-

785 4929 1016 4999 gloriam
1053 4926 1120 4980 ad
1166 4934 1448 4980 certamen
1481 4922 1730 4992 martyrii
1759 4920 2040 4986 cucurrit;
2091 4918 2348 4989 opperieo

784 5024 949 5076 batur
981 5019 1154 5074 donec
1183 5019 1390 5072 circum
1439 5031 1499 5070 se
1543 5016 1888 5083 obstreperet
1931 5013 2133 5082 inclyta
2181 5011 2356 5066 futilis

787 5114 964 5168 laudis
1023 5112 1189 5175 fama,
1229 5119 1413 5181 utpote
1451 5119 1657 5179 martyr
1709 5108 1797 5163 cui
1839 5109 1986 5160 nulla
2036 5108 2212 5160 inerat
2260 5121 2357 5159 coo

789 5207 974 5268 unitas,
1035 5204 1184 5258 nulla
1215 5203 1269 5256 in
1305 5216 1364 5256 se
1412 5199 1768 5255 conﬁdentia.
1814 5197 1930 5251 Tali
1969 5206 2163 5266 captus
2215 5211 2353 5266 pra:-

793 5301 922 5362 mio,
955 5298 1081 5364 (nec
1109 5297 1254 5350 enim
1289 5296 1335 5350 is
1364 5302 1484 5349 erat
1509 5307 1670 5363 quem
1707 5290 1821 5346 sola
1863 5289 2067 5342 veritas
2099 5287 2354 5357 pellexis-

793 5393 923 5462 set),
975 5393 1040 5445 ad
1072 5388 1395 5460 martyrium
1446 5387 1724 5454 vitamque
1809 5383 2115 5452 ponendam
2173 5380 2357 5434 irruit.

792 5483 953 5540 Aliud
1011 5485 1237 5554 insuper
1266 5481 1461 5537 addam
1505 5495 1521 5534 :
1562 5474 2022 5549 quemadmodum
2081 5472 2227 5527 enim
2279 5472 2362 5525 vir

793 5579 1016 5647 quidam
1062 5574 1377 5631 tcStimonio
1426 5572 1657 5626 alterum
1699 5570 1980 5623 hominem
2027 5574 2360 5635 prosecutus

793 5682 855 5725 ut
886 5671 989 5724 sibi
1024 5669 1124 5738 ipsi
1179 5668 1368 5737 prosit.
1402 5680 1511 5719 non
1537 5664 1661 5732 jure
1691 5663 1758 5714 ab
1785 5662 1879 5714 illo
1909 5666 2090 5728 grates
2125 5666 2357 5727 repetat,

794 5783 918 5822 cum
983 5766 1096 5834 ipse
1149 5759 1540 5827 beneﬁcii-jam
1571 5756 1768 5811 habent
1808 5755 2068 5821 pretium,
2120 5767 2211 5806 seu
2248 5765 2362 5803 ma-

795 5875 926 5916 num
963 5873 1116 5913 suam
1167 5858 1335 5912 vetita
1394 5850 1696 5921 impleverit
1736 5845 2012 5918 .pccuuia,
2068 5846 2179 5902 sive
2213 5843 2358 5897 al.u-.l

2459 4921 2749 4982 ἀλλακτος,
2780 4918 2873 4968 καὶ
2907 4917 2970 4983 δὴ
3008 4915 3161 4983 αὖτῷ
3196 4915 3256 4966 οὑ
3299 4914 3510 4976 πιστὸς,
3543 4911 3717 4979 δώρου
3753 4910 3924 4980 χάριν
3954 4911 4028 4976 (ο)

2463 5010 2569 5077 μὴν
2613 5010 2669 5061 δὲ
2719 5010 2852 5077 πρῖς
2901 5007 3068 5075 αὐτὴν
3115 5005 3215 5074 τὴν
3263 5002 3521 5072 ἀλήθειαν
3576 5005 3902 5070 παραγάγω
3949 5001 4030 5068 ἂν)

2459 5099 2754 5172 ἐπιρρίψας
2789 5100 2867 5159 εἰς
2905 5093 3208 5166 μαρτύριον
3240 5091 3512 5162 βιωτιιιόν.
3538 5091 3716 5143 Ὅπου
3759 5091 3858 5142 καὶ
3893 5092 4033 5142 εστιν

2463 5195 2655 5258 εἰπεῖν,
2684 5193 2790 5254 ὅτι,
2818 5189 2964 5243 καθα
2991 5192 3018 5242 ὁ
3051 5184 3494 5258 μεμαρτυρηκώς
3523 5201 3628 5236 που
3655 5184 3801 5253 ὑπὲρ
3831 5183 4033 5252 ἀνθρὼ-

2464 5305 2566 5338 που
2588 5328 2602 5352 ,
2635 5283 2730 5336 καὶ
2760 5281 3077 5350 διαθέμενος
3107 5279 3310 5330 ἐκεῖνον
3337 5275 3518 5338 καλῶς
3538 5314 3554 5337 ,
3583 5276 3686 5327 οὐκ
3717 5273 3782 5326 ἂν
3809 5273 4025 5334 δικαίως

2459 5381 2688 5448 χάριτας
2722 5369 2982 5444 δερλεσθαι
3019 5373 3277 5440 ἀπαιτοίη
3316 5370 3376 5435 ἐξ
3410 5370 3625 5422 ἐκείνου
3661 5369 3897 5436 (ἀπέχει
3929 5367 4026 5435 γάρ

2460 5472 2560 5542 ἤδη
2593 5469 2684 5522 τον
2717 5465 2908 5536 μισθὸν
2935 5464 3033 5533 τῆς
3066 5463 3320 5531 χάριτος,
3349 5455 3438 5514 οἷα
3466 5460 3679 5527 πλήσας
3709 5457 3812 5527 τὴν
3842 5460 4024 5542 χεῖρα,

2457 5557 2533 5617 ὦν
2565 5563 2666 5615 οὐκ
2697 5558 2888 5629 ιχρῆν,
2919 5556 3012 5610 καὶ
3047 5555 3222 5618 ἄλλως
3255 5550 3503 5606 ὁπωσοῦν
3535 5539 4024 5619 ἑκθεραπευσάμῗε-

2461 5656 2612 5721 νος),
2639 5651 2812 5713 οὕτως
2838 5649 2959 5702 οὐδὲ
2983 5649 3012 5701 6
3039 5645 3370 5716 Σαπρίκιος,
3394 5642 3516 5696 οὑδὲ
3541 5641 3699 5703 εἴτις
3725 5641 3884 5703 ἄλλος
3909 5641 4025 5693 κατ’

2461 5751 2664 5801 ἐκεῖνον
2703 5746 2780 5806 εἰς
2829 5732 3132 5812 μαρτυρίαν
3170 5739 3371 5808 δράμοι
3407 5735 3504 5806 τὴν
3548 5735 3680 5806 περὶ
3734 5734 3832 5787 τοῦ
3877 5735 4029 5795 θεον,

2468 5840 2718 5910 «ςθαρτῆς
2752 5835 2996 5898 εὐκλείας
3027 5833 3210 5885 ἕνεκεν
3236 5829 3330 5883 καὶ
3356 5827 3448 5882 τοῖν
3476 5828 3626 5896 δόξαι
3656 5825 4032 5899 φανητιατιιοὶ
