4236 6442
226 400 322 461 573

1208 405 1293 465 ΙΝ
1335 405 1393 466 S.
1435 405 2113 476 QUADRAGESIMAM
2155 410 2441 476 ORATIO
2466 415 2514 476 Υ.

3393 416 3496 480 574

227 522 578 590 συμπάθειαν
617 554 683 566 -
710 523 791 587 τῐς
826 523 1040 594 ἀνάγκη
1082 525 1308 596 θαρρεῖν
1347 527 1494 596 ἡμᾶς
1539 526 1810 580 δυσωπεῖν
1838 529 1883 586 Α

1838 529 1883 586 Α
1917 529 2003 585 tibi
2042 531 2264 589 invidus
2327 534 2468 597 clam
2519 533 2767 589 insidens
2815 540 2928 587 tum
2977 534 3212 590 maxime
3259 533 3328 591 de
3357 554 3489 593 nece

221 616 309 666 τὸν
333 615 484 670 οὕτω
517 637 536 670 ι
576 619 1049 688 μνησικακοῦντα,
1090 639 1108 671 ι
1150 623 1243 672 καὶ
1278 621 1355 689 μὴ
1389 622 1692 689 ἡσυχάζειν
1718 622 1802 674 δε-

221 707 428 771 διότας,
457 709 533 778 μὴ
566 711 658 762 καὶ
692 711 955 763 ἀποθάνοι
987 712 1013 763 ὁ
1039 710 1222 781 ζητῶν
1249 713 1445 781 ἄφεσιν
1473 715 1564 765 καὶ
1591 711 1808 782 συμπά-

222 798 374 852 θειαν
408 804 509 856 καὶ
531 803 883 873 συγχώρησιν
911 821 924 867 ;

289 1079 383 1126 ια’.
429 1071 780 1140 Εὗλαδητέον
817 1069 908 1123 οὖν
934 1111 950 1134 ,
989 1070 1085 1122 καὶ
1124 1068 1296 1132 οὕτως
1346 1071 1535 1123 ἐατέον
1573 1069 1664 1122 τὸν
1718 1087 1806 1138 μι-

223 1164 446 1228 σοῦῖτα,
481 1167 577 1218 καὶ
613 1165 869 1234 μενετέον
903 1166 960 1216 ὲν
998 1163 1229 1232 συστολῇ
1261 1165 1464 1233 χειρῶν
1510 1163 1605 1215 καὶ
1640 1180 1808 1216 κατα-

224 1261 439 1326 κάμψει
475 1260 756 1328 σώματος,
788 1260 881 1312 καὶ
906 1258 1264 1327 ὴσυχαστέον,
1298 1259 1393 1310 καὶ
1418 1259 1496 1320 εἰς
1530 1257 1690 1324 μόνον
1711 1257 1808 1308 τὸν

221 1353 318 1418 τῆς
348 1353 574 1419 ἀγάπης
598 1350 732 1402 Θεὸν
762 1351 1066 1413 ὲλπιστέον,
1101 1349 1194 1402 καὶ
1222 1348 1397 1411 οὕτως
1424 1349 1631 1402 ἄνωθεν
1652 1349 1809 1401 ἑλκυ-

225 1445 386 1496 στέον
414 1445 512 1496 τὸν
554 1445 752 1512 φίλιον,
795 1444 890 1496 καὶ
927 1445 1101 1505 ἄλλως
1136 1443 1192 1495 δὲ
1224 1443 1284 1495 τδ
1335 1442 1463 1494 αὐτὸ
1503 1442 1807 1512 ἐπεξεργά-

225 1537 430 1590 σασθαι
489 1538 591 1606 τὴν
638 1537 981 1606 τελειοτέραν
1027 1537 1349 1606 σαφήνειαν.
1405 1535 1502 1595 Ti:
1537 1534 1604 1587 ἂν
1653 1535 1807 1602 ἀνδρὶ

224 1631 501 1698 φθάσαντι
535 1629 843 1700 έμὸαθύναι
889 1629 970 1691 εἰς
1018 1631 1174 1698 μῖσος
1218 1629 1311 1681 καὶ
1358 1625 1804 1697 έμπλατύνεσθαι

221 1724 321 1798 τὴν
345 1724 569 1796 ἔχθραν,
608 1722 725 1777 εἶτα
755 1723 1072 1792 φαινομένῳ
1103 1721 1530 1790 μεταμέλεσθαι,
1557 1721 1804 1774 πιστεύοι

223 1821 288 1871 ἂν
328 1817 674 1880 σπείσεσθαι,
698 1815 795 1875 καὶ
829 1815 903 1884 μὴ
929 1815 1436 1884 καιροφυλακήσειν
1476 1815 1556 1878 εἰς
1577 1815 1804 1884 ἄμεινον

224 1914 572 1982 δραστικήνς
619 1913 693 1965 Οὐ
729 1912 838 1981 γὰρ
869 1907 1022 1962 ἔστιν
1055 1908 1288 1960 αὐτόθεν
1334 1907 1713 1977 εἰδέναι¹ὴμᾶς
1746 1924 1808 1972 γε
1843 1890 1884 1944 Β

221 2006 385 2057 τοῦτο
436 2005 576 2074 προς
623 2004 937 2072 ἀκρῖὅειαν,
970 2001 1044 2073 μὴ
1072 1999 1238 2054 αὑτοῦ
1267 1999 1404 2054 Θεοῦ
1455 2001 1804 2070 πληροφορή-

228 2116 425 2160 σαντος
479 2096 850 2164 ἀποκάλυψιν,
906 2095 1034 2148 ἔνθα
1085 2098 1112 2148 ὁ
1162 2094 1488 2163 μεμισηκὼς
1534 2094 1594 2146 οὐ
1647 2093 1808 2160 μόνον

228 2193 591 2261 παραδείσου,
624 2189 761 2244 ἀλλὰ
794 2191 884 2242 καὶ
909 2189 1044 2242 Θεοῦ
1079 2189 1244 2242 αὐτοῦ
1278 2189 1450 2241 ἐθέλει
1475 2187 1616 2241 ἑκὼν
1638 2190 1809 2242 ὑπεκ-

231 2285 447 2354 στῆναι,
485 2284 533 2335 εἰ
571 2284 731 2352 μόνον
759 2282 1036 2352 ἐξισχύαει
1074 2281 1304 2351 βλάψειν
1329 2282 1420 2333 τὸν
1453 2283 1807 2352 μισούμενον.

232 2377 365 2428 Ὅτε
421 2375 518 2427 καὶ
556 2375 673 2436 πῶς
723 2375 790 2427 ἂν
823 2375 915 2427 τὸν
964 2372 1108 2426 οὕτω
1141 2373 1236 2426 τοῦ
1291 2373 1483 2440 μέσους
1521 2370 1808 2440 ἄνθρωπον

233 2470 523 2521 πιστεύσω
567 2485 648 2531 τις
676 2467 830 2538 φίλον
864 2466 1168 2537 προσιέναι,
1225 2466 1316 2517 καὶ
1371 2466 1444 2536 μὴ
1481 2463 1808 2535 ἐπέρχεσθαι

231 2563 308 2624 ὡς
348 2561 636 2613 ἐπίϐουλον
658 2578 675 2626 ;

307 2654 396 2725 ιβ’.
435 2653 752 2722 Μιμοῦμαι,
785 2646 832 2705 ὦ
882 2650 1047 2718 φίλοι,
1103 2650 1237 2721 πρός
1289 2666 1458 2712 τινος,
1505 2649 1563 2700 ὃν
1621 2648 1811 2701 ὖποΟε.

236 2750 358 2800 τέον
391 2743 531 2798 εἶναι
558 2745 882 2814 Σαπρικιον.
914 2743 1170 2812 Φανερῶς
1203 2741 1371 2795 έθὲλω
1408 2740 1770 2810 φιλιὼσασθαι
1793 2758 1806 2771 '

236 2844 420 2913 τρέχω
463 2841 597 2906 πρὸς
628 2839 794 2893 αὐτὸν
826 2838 937 2905 ἐγὼ
971 2838 1284 2906 Νικηφόρος
1314 2837 1388 2898 ὡς
1415 2837 1473 2888 ὲν
1511 2836 1766 2888 ὑποθέσει
1792 2852 1806 2866 ο

235 2934 545 3005 γουνοῦμαι
592 2934 674 2996 εἰς
705 2932 1046 3000 γνησιὸτητα
1079 2930 1300 3000 φιλικὴν
1343 2929 1714 2999 ἐγγραφῆναι.
1751 2928 1811 2981 '0

233 3029 288 3081 δὲ
322 3029 453 3089 ἴσως
495 3027 556 3078 οὗ
615 3024 775 3099 μόνον
805 3025 867 3077 οὐ
904 3025 1266 3093 προσήσεται,
1301 3021 1439 3075 ἀλλὰ
1484 3022 1594 3084 καὶ,
1630 3024 1681 3073 εῐ
1709 3039 1809 3074 που

236 3118 607 3188 παρευρεθεέη
646 3117 810 3181 λίθος,
853 3118 885 3186 ἢ
932 3116 1110 3181 ξύλον,
1163 3115 1398 3183 ἁρπάζει
1430 3113 1552 3167 κατ’
1585 3113 1719 3181 ἐμοῦ
1749 3113 1808 3167 τὸ

1909 625 2134 694 cogitat,
2171 641 2296 680 cum
2323 625 2584 683 immicus
2606 627 2755 681 venit
2781 629 3074 697 quaisitum
3102 633 3482 690 concordiam.

1907 717 2081 785 Quam
2144 720 2312 789 igitur
2362 736 2586 776 necesse
2626 721 2785 776 nobis
2819 728 2904 776 est
2943 724 3188 778 studiose
3243 725 3378 777 eniti
3429 732 3488 776 ut

1911 812 2228 880 pertinaces
2265 818 2320 869 in
2368 816 2495 869 odio
2547 815 2856 880 ﬂectamus,
2901 827 3067 885 utque
3103 835 3378 887 nunquam
3417 818 3486 872 ti-

1907 921 2058 959 mere
2107 905 2446 974 desinamus,
2520 925 2589 964 tie
2656 911 2701 965 is
2758 911 3025 965 moriatur
3078 912 3173 980 qui
3246 913 3482 979 veniam,

1908 999 2262 1053 concordiam
2298 1000 2747 1070 consortiumque
2789 1003 3060 1071 postulati

1983 1089 2068 1143 ll.
2105 1091 2214 1144 lsto
2270 1092 2430 1146 modo
2489 1101 2706 1160 Oportet
2767 1109 2868 1147 nos
2920 1094 3200 1147 hominem
3237 1092 3485 1146 invidum

1909 1199 2101 1238 cavere
2136 1192 2297 1251 atque
2319 1186 2591 1250 deserere,
2638 1195 2692 1240 ct
2723 1201 3068 1251 perseverare
3097 1188 3152 1241 in
3184 1203 3485 1242 conseren-

1909 1274 1994 1329 dis
2052 1278 2344 1340 manibus,
2418 1279 2471 1331 in
2529 1277 2809 1333 flectendis
2862 1279 3128 1348 genibus,
3196 1278 3249 1331 in
3299 1279 3483 1346 quieta

1917 1370 2049 1432 vita,
2088 1370 2158 1422 ila
2189 1379 2248 1423 ut
2280 1386 2562 1437 speremus
2601 1387 2709 1424 uno
2746 1372 2798 1425 in
2825 1372 2933 1426 Deo
2961 1371 3273 1436 charitatis,
3317 1383 3484 1440 utque

1911 1461 2144 1514 amicum
2196 1477 2226 1516 e
2271 1463 2490 1516 sublimi
2520 1464 2872 1527 asciscainus,
2912 1466 3117 1534 talique
3178 1465 3392 1519 ratione
3432 1474 3484 1516 et

1910 1555 2031 1609 aliis
2057 1554 2327 1610 similibus
2372 1568 2629 1610 aeternam
2661 1557 2834 1611 lucem
2891 1573 3287 1625 comparemus.
3343 1557 3486 1611 Prae-

1911 1651 2056 1698 terea
2084 1645 2204 1714 quis
2256 1647 2477 1700 audebit
2513 1648 2686 1700 redire
2717 1646 2769 1700 in
2827 1648 3059 1717 gratiam
3089 1663 3210 1701 cum
3263 1650 3482 1701 homine

1909 1737 2001 1806 qui
2033 1747 2317 1807 postquam
2345 1743 2450 1794 alte
2484 1741 2668 1792 odium
2729 1741 2944 1810 lateque
3008 1742 3116 1798 iras
3147 1741 3478 1804 exercuerit,

1915 1829 2237 1899 resipiscere
2303 1832 2558 1885 videtur?
2604 1832 2728 1900 quis
2777 1841 2967 1886 contra
3002 1850 3108 1887 non
3167 1842 3482 1904 suspectam

1918 1924 2137 1978 habebit
2168 1925 2331 1976 vitam
2367 1925 2420 1978 iu
2454 1926 2671 1987 melius,
2705 1926 2796 1979 sed
2839 1925 2907 1980 ad
2961 1927 3126 1981 breve
3175 1927 3488 1982 mutatam?

1915 2015 2024 2070 Nec
2060 2024 2144 2070 est
2169 2018 2314 2069 enim
2349 2025 2410 2070 ut
2440 2032 2536 2085 per
2569 2032 2666 2071 nos
2709 2018 2987 2086 explorate
3013 2020 3277 2082 sciamus,
3329 2031 3482 2074 ante.

1914 2128 2075 2183 quam
2108 2112 2250 2167 Deus
2281 2111 2490 2166 detecta
2537 2128 2595 2166 re
2647 2112 2907 2166 certiores
2957 2127 3056 2166 nos
3093 2111 3300 2174 fecerit,
3352 2128 3481 2164 num

1914 2205 2131 2260 invidus
2161 2220 2281 2260 sese
2315 2221 2377 2259 ex
2410 2204 2681 2274 paradiso,
2719 2205 2826 2258 imo
2851 2219 2913 2257 ex
2951 2204 3060 2259 Deo
3084 2205 3193 2272 jam
3236 2219 3485 2275 segrega-

1916 2303 2027 2349 tum
2052 2295 2225 2358 malit,
2256 2294 2554 2348 dummodo
2610 2293 2769 2348 liceat
2802 2309 2998 2348 nocere
3040 2295 3089 2346 ei
3119 2310 3281 2361 quem
3331 2311 3484 2351 exse-

1914 2394 2121 2440 cratur.
2157 2385 2273 2452 Qua
2322 2401 2449 2455 ergo
2496 2386 2578 2439 via
2631 2385 2754 2456 quis
2792 2386 2989 2454 poterit
3032 2385 3305 2440 hominem
3358 2387 3484 2441 odio

1915 2491 2023 2532 tam
2071 2480 2363 2548 proclivem
2393 2485 2451 2531 ut
2477 2479 2709 2531 amicum
2740 2479 2911 2542 adire,
2949 2493 3048 2532 nec
3079 2479 3262 2548 potius
3320 2489 3481 2533 caute

1914 2571 2205 2625 convenire
2241 2580 2299 2623 ut
2353 2569 2579 2623 insidias
2628 2567 2981 2623 molientem?

1987 2664 2072 2717 42.
2114 2660 2267 2716 Pono
2302 2677 2408 2724 me,
2440 2661 2624 2721 amici.
2658 2675 2840 2714 coram
2869 2661 3087 2714 homine
3123 2677 3284 2730 quem
3318 2662 3486 2733 finge-

1915 2768 2036 2806 mus
2067 2767 2189 2806 esse
2223 2750 2553 2819 Sapricium.
2590 2748 2729 2804 Volo
2764 2750 2924 2819 plane
2955 2753 3008 2804 in
3037 2750 3155 2820 ejus
3184 2751 3481 2807 amicitiam

1916 2845 2102 2912 recipi.
2135 2843 2376 2896 Accurro
2426 2841 2492 2894 ad
2521 2857 2645 2896 eum
2676 2857 2799 2910 ego,
2847 2850 2903 2895 ut
2969 2844 3270 2908 posuimus,
3326 2846 3460 2901 Nice

1915 2937 2143 3006 phorus.
2197 2931 2380 2988 Genua
2431 2935 2729 3000 amplector
2781 2942 2840 2987 ut
2892 2934 3074 2988 fideles
3111 2936 3250 2990 inter
3276 2938 3484 2991 amicos

1916 3041 2001 3079 me
2033 3026 2363 3079 conscribat.
2394 3023 2445 3078 ls
2477 3036 2658 3076 autem
2694 3022 2922 3076 forsitan
2949 3025 3084 3076 adeo
3109 3040 3216 3077 non
3243 3024 3485 3077 delecta-

1917 3117 2062 3169 lsitur
2092 3123 2146 3169 ut
2177 3126 2364 3170 contra
2414 3131 2510 3168 seu
2543 3115 2797 3183 iapidem,
2825 3131 2917 3168 seu
2955 3115 3177 3182 lignum,
3205 3132 3299 3170 seu
3330 3117 3487 3185 quid-

239 3211 702 3282 παρευρημένονο
740 3207 1048 3278 παραϐαλεῖ
1085 3208 1142 3260 δὲ
1178 3207 1272 3258 καὶ
1316 3206 1550 3275 ξίφεσιν,
1586 3206 1638 3258 εἴ
1662 3223 1808 3269 τινες
1836 3226 1879 3283 c

1836 3226 1879 3283 ρ
1913 3206 2040 3276 quid
2064 3206 2331 3260 invenerit
2387 3206 2650 3259 adversus
2683 3221 2768 3257 me
2796 3205 3037 3272 arripiat.
3075 3204 3189 3258 lino
3230 3223 3363 3261 ense
3391 3223 3484 3276 ag-

237 3304 613 3373 παρατύχοιεν
644 3301 785 3355 οῦτω
821 3299 1132 3362 θανοῦντες.
1167 3299 1290 3361 Πῶς
1318 3297 1413 3352 οῦν
1441 3299 1540 3351 οὐκ
1572 3296 1809 3366 εὐλαόή-

237 3414 446 3465 σομαι;
482 3395 596 3457 πῶς
629 3394 687 3446 οὗ
727 3393 1072 3462 φοϐήσομαι;
1106 3391 1270 3444 πόθεν
1302 3407 1392 3458 μοι
1424 3389 1627 3460 θάρρος
1656 3390 1812 3442 ἔσται

241 3487 550 3557 προσμίξαι
595 3484 670 3551 τῷ
702 3485 988 3555 Σαπρικξῳ
1037 3486 1117 3543 εἰς
1164 3482 1402 3551 ὁμιλίαν,
1463 3481 1544 3534 ὃτι
1598 3481 1671 3546 μὴ
1726 3481 1812 3534 διὰ

247 3583 411 3651 iii-tat;
447 3581 540 3631 τοῦ
575 3578 733 3642 θεοῦ,
767 3576 1081 3644 ὡθήσαντός
1118 3591 1207 3643 με,
1230 3574 1304 3636 ὡς
1343 3574 1549 3635 ἐκεῖνος
1582 3570 1689 3625 οἶδε
1718 3574 1812 3626 καὶ

241 3678 311 3728 τι
341 3673 568 3727 τοιαῦτα
602 3673 940 3739 οἰκονοςιεῖν;
976 3667 1209 3733 Οὐκοῦν,
1238 3669 1292 3720 εῐ
1313 3685 1397 3730 τις
1420 3667 1555 3736 ὀρθὰ
1596 3670 1814 3737 φρονεῖν

242 3769 437 3820 θεόθεν
464 3766 676 3835 ἔλαχεν,
709 3766 928 3829 mam
962 3763 1026 3814 ἂν
1069 3762 1410 3832 προδραμεῖν
1439 3763 1532 3814 καὶ
1566 3761 1816 3830 ἁρπάσαι

242 3863 334 3914 τὴν
364 3859 590 3918 ἱκέσιον,
624 3861 714 3910 καὶ
737 3855 1151 3925 ὲκμειλέξαοθαι
1175 3855 1266 3905 τὸν
1298 3853 1577 3922 πεφηνότα
1601 3854 1811 3922 ἐχθρὸν,

246 3955 310 4006 οὐ
349 3954 488 4004 κατὰ
519 3950 817 4018 συγκυρίαν
841 3947 1054 4009 ἁπλῶς,
1079 3946 1212 3998 ἀλλά
1241 3945 1476 4014 μελέτην
1500 3945 1812 4014 ὲνδόμυχον,

249 4048 343 4098 καὶ
381 4043 552 4112 αὐτὴν
581 4042 923 4110 ἔμπρακτον,
974 4039 1067 4090 καί
1113 4055 1175 4104 γε
1211 4035 1481 4106 ὀλεθρῑαν,
1527 4037 1576 4089 εἰ
1608 4036 1684 4107 μὴ
1715 4035 1816 4105 τὴν

248 4137 436 4207 ἀκμὴν
471 4137 565 4188 τοῦ
596 4134 959 4202 αἱχμάσοντος
988 4131 1262 4201 ἤμϐλυνεν
1289 4133 1316 4183 ὁ
1348 4129 1498 4192 Θεός.

322 4327 415 4390 ιγ’.
451 4319 580 4371 Δέον
606 4315 807 4380 τοίνυν,
838 4315 995 4376 εἴτις
1028 4311 1208 4382 ἐχθρῷ
1239 4311 1468 4379 τοιούτῳ
1498 4309 1812 4380 περιπέσοι,

249 4410 619 4473 ἀναποδίζειν,
649 4407 703 4458 εἴ
721 4423 824 4458 που
859 4403 1009 4473 αύτῷ
1057 4401 1347 4470 περιτύχῃ,
1396 4404 1491 4454 καὶ
1535 4401 1812 4469 πρύμναν,

246 4507 322 4568 ὡς
346 4504 520 4562 οὓτως
547 4501 742 4561 εἰπεῖν,
779 4495 1096 4566 κρούεσθαι,
1129 4493 1221 4545 καὶ
1255 4493 1623 4560 ἀνακωχεύειν
1655 4492 1714 4542 ὲν
1740 4490 1816 4559 τῷ

1916 3298 2232 3368 gredietur,
2273 3299 2317 3349 si
2373 3299 2460 3350 cui
2517 3299 2592 3350 ita
2650 3297 2788 3351 mori
2852 3297 2909 3351 in
2975 3311 3226 3366 promptu
3295 3297 3482 3353 fuerit.

1915 3387 2202 3453 Quomodo
2250 3387 2412 3456 igitur
2464 3403 2572 3441 non
2620 3386 2888 3442 caveam?
2926 3404 3025 3441 cur
3076 3404 3184 3440 non
3223 3389 3486 3442 timeam?

1918 3479 2058 3532 unde
2091 3478 2317 3532 audeam
2352 3479 2490 3533 inire
2522 3493 2644 3533 cum
2681 3478 2928 3546 Sapricio
2968 3480 3283 3533 societatem
3310 3523 3322 3544 ,
3381 3480 3486 3534 nisi

1920 3571 2184 3640 impulsus
2213 3585 2242 3624 a
2280 3571 2394 3626 solo
2429 3570 2559 3633 Deo,
2591 3580 2645 3624 ut
2691 3571 2806 3640 ipse
2838 3569 3194 3638 Nicephorus.
3230 3571 3282 3624 id
3332 3587 3488 3640 pera-

1916 3663 2151 3734 gendum
2183 3664 2546 3732 susceperim?
2577 3662 2717 3728 Ergo
2740 3664 3052 3732 quicunque
3094 3679 3122 3716 a
3166 3663 3272 3718 Deo
3294 3679 3485 3717 sanam

1917 3756 2131 3825 accepit
2157 3764 2391 3809 mentem
2420 3771 2527 3809 non
2555 3754 2605 3808 id
2637 3754 2940 3808 committet
2975 3763 3032 3808 ut
3065 3756 3215 3825 prior
3235 3765 3487 3824 occupat,

1919 3859 2011 3903 aut
2041 3848 2317 3919 praecipiat
2375 3859 2467 3901 aut
2503 3847 2896 3901 mansuefaciat
2930 3847 3235 3916 professum
3297 3848 3364 3902 de
3397 3864 3489 3916 ge-

1918 3958 2045 3996 nere
2079 3941 2184 3995 hoc
2251 3941 2565 4004 inimicum;
2627 3955 2726 3994 nec
2777 3941 2898 4008 ejus
2959 3955 3250 3994 occursum
3307 3941 3487 3994 solum

1917 4033 2148 4096 cavebit,
2185 4029 2279 4085 sed
2307 4032 2515 4084 occulta
2546 4032 2707 4085 etiam
2738 4031 2971 4101 incepta,
3006 4048 3126 4100 qua:
3152 4048 3260 4086 non
3309 4033 3488 4099 irrita,

1917 4128 2026 4180 imo
2057 4123 2373 4188 etlethalia,
2424 4122 2530 4177 Deo
2595 4139 2701 4176 non
2756 4123 3091 4176 obtundente
3128 4123 3336 4187 aciem,
3369 4137 3491 4176 esse

1916 4223 2156 4286 possent.

1950 4307 2076 4361 .15.
2108 4304 2351 4375 Oportet.
2379 4307 2424 4360 si
2464 4307 2581 4374 quis
2612 4306 2665 4359 in
2699 4305 2859 4360 talem
2896 4306 3180 4360 inimicum
3213 4305 3501 4371 inciderit,

1916 4399 2106 4467 pedem
2161 4398 2379 4458 referat,
2429 4396 2615 4450 sidata
2669 4399 2738 4451 sit
2763 4399 2942 4465 copia,
2988 4399 3494 4465 uavemque,utita

1917 4491 2115 4551 dicam,
2161 4497 2310 4542 retro
2342 4495 2485 4556 agat,
2523 4488 2828 4556 condatque
2866 4491 3116 4544 celeriter
3166 4491 3216 4542 in
3251 4492 3497 4544 statione

249 4591 624 4654 εὐλαϐεῖσθαι,
661 4588 734 4658 μὴ
787 4589 903 4651 καὶ,
942 4585 1140 4656 λιμένα
1187 4583 1360 4635 δοκῶν
1389 4584 1591 4650 εὑρεῖν,
1646 4598 1814 4651 προσ·
1852 4579 1896 4634 Β

1852 4579 1896 4634 Β
1926 4582 2244 4651 prudentie,
2307 4595 2373 4633 ne
2421 4579 2580 4644 forte,
2619 4583 2663 4634 si
2717 4582 3014 4635 cessaverit
3065 4583 3121 4634 in
3163 4581 3492 4635 inveniendo

250 4683 632 4755 αραχθήσεται
671 4679 836 4749 ῥαχίᾳ
885 4677 964 4738 εἰς
1018 4674 1328 4728 ἀπώλειαν·
1367 4674 1460 4726 καὶ
1501 4674 1599 4724 οὐκ
1631 4671 1696 4724 ἂν
1734 4671 1819 4738 εἴη

256 4776 561 4844 μεμπτέοῖι
604 4767 794 4838 οἶμαι,
847 4771 875 4822 ὁ
922 4766 1184 4829 τοιοῦτος,
1239 4765 1361 4817 οὐδὲ
1413 4764 1696 4826 πτοιαλέος
1743 4765 1820 4824 εἰς

251 4867 600 4924 ὰνένδεκτον,
627 4863 788 4932 εἴπερ
829 4857 993 4912 αὑτὸν
1019 4858 1229 4908 ἐκεῖνον
1257 4856 1350 4909 τὸν
1396 4853 1702 4924 βαρύτατον
1733 4855 1823 4924 έχ-

251 4963 385 5031 θρὸν
424 4958 718 5029 προσιόντα
753 4954 991 5024 βλέπων,
1018 4955 1111 5006 καὶ
1139 4949 1522 5009 ἀῦασανιστως
1554 4946 1824 4998 λαλοῦντα

254 5050 721 5110 καταλλακτικὸν,
744 5047 1004 5117 παρέλθοι
1023 5044 1504 5110 ἀναστελλόμενος.
1528 5041 1820 5107 Πὸθενζγαρ

252 5145 551 5212 δυνήσεται
585 5136 987 5210 θαῤῥύνασθαι,
1020 5137 1094 5200 ὼς
1130 5136 1204 5205 μὴ
1233 5133 1630 5192 δυσελπιστείν,
1664 5130 1823 5196 ἥκειν

257 5238 474 5288 ἐκεῖνον
509 5235 600 5284 ἐπὶ
651 5230 875 5298 σπονδῇ,
908 5230 967 5281 ού
1006 5227 1111 5297 μὴν
1164 5227 1257 5279 ὲπὶ
1307 5224 1533 5291 σπουδῇ,
1586 5221 1822 5289 μεγάλου

258 5327 471 5383 κακοῦ;
509 5326 620 5376 Καὶ
661 5323 777 5376 ἔστι
813 5323 872 5376 τὸ
907 5323 1141 5391 πρᾶγμα
1176 5319 1392 5372 εἰκάσαι
1415 5317 1625 5380 οὕτως’
1663 5313 1826 5382 φοϐε-

263 5421 353 5488 ρὸς
387 5420 415 5470 δ
460 5417 598 5469 λέων
642 5415 966 5479 ὲξᾶπαντος,
1001 5412 1124 5466 ὃθεν
1156 5414 1249 5465 καὶ
1280 5409 1602 5480 προσελθεῖν
1634 5407 1826 5476 ἐκεινῳ

261 5511 410 5561 πάνυ
456 5524 508 5558 τι
560 5506 821 5577 ἀθαρσὲς,
856 5506 903 5557 εἰ
954 5505 1048 5556 καὶ
1093 5503 1319 5556 ἁλύσεσι
1367 5500 1826 5568 κατακλειόμενος

263 5599 606 5670 περιδὲδεται
626 5614 641 5628 ·
671 5597 768 5650 καὶ
798 5597 1167 5667 ἐπερχόμενον
1194 5596 1250 5648 δὲ
1294 5593 1416 5647 ἰδὼν
1457 5592 1616 5661 φύγοι
1647 5592 1712 5645 ἂν
1743 5607 1827 5651 τις

262 5694 319 5755 ές
378 5691 562 5759 τάχος,
619 5689 779 5758 εἰμὴ
833 5691 958 5750 τοὺς
1009 5687 1177 5748 πέδας
1224 5684 1531 5737 ἀποκωλύει
1575 5683 1635 5733 τὸ
1687 5681 1822 5742 δέος.

276 5784 482 5851 ὐ;.ιοξῳ
515 5782 578 5853 δὴ
615 5783 760 5851 λόγῳ
790 5783 1030 5850 φευκτέα
1068 5780 1158 5831 καὶ
1196 5781 1226 5846 ἡ
1274 5777 1597 5846 βαθύρριξος
1635 5773 1823 5842 ἔχθρα,

269 5881 416 5931 καιὸ
461 5878 583 5929 κατ’
619 5877 784 5945 αὐτὴν
826 5874 1124 5943 hanc);ch
1172 5871 1383 5945 ἐχθρός.
1442 5869 1594 5944 "Exul.
1644 5866 1822 5918 τοίνυν

1921 4682 2101 4742 portu,
2135 4688 2164 4725 a
2199 4682 2350 4741 tergo
2379 4671 2620 4724 caedatur
2649 4686 2822 4740 usque
2853 4673 2920 4725 ad
2967 4688 3178 4726 necem.
3211 4673 3322 4727 Nec
3341 4675 3494 4726 locus

1921 4771 2088 4825 esset,
2124 4767 2480 4822 credo,‘cur
2538 4761 2658 4815 talis
2726 4761 2808 4815 vir
2861 4763 3109 4828 culpetur
3151 4779 3164 4816 :
3215 4765 3358 4816 nulla
3409 4772 3495 4819 est

1922 4853 2065 4906 enim
2100 4853 2362 4905 timiditas
2400 4850 2767 4904 ineluctabilia
2820 4850 3161 4905 detrectanti.
3212 4849 3342 4904 Jure
3395 4853 3496 4920 igi-

1927 4953 2014 4998 tur
2045 4944 2204 4996 homo
2232 4949 2440 5007 noster,
2485 4940 2531 4996 si
2578 4942 2962 5010 gravissimum
3022 4942 3169 4996 hunc
3208 4943 3493 4996 inimicum

1925 5035 2260 5103 prospexerit
2289 5034 2353 5086 ad
2383 5047 2440 5087 se
2469 5033 2772 5086 venientem
2805 5039 2861 5085 et
2903 5032 3223 5086 inconsulto
3268 5033 3333 5087 de
3362 5050 3496 5086 con-

1925 5127 2102 5180 cordia
2121 5127 2746 5194 loquentem,couversus
2760 5125 2810 5177 in
2827 5123 3003 5193 fugam
3020 5125 3085 5178 ab
3098 5139 3162 5178 eo
3174 5124 3487 5178 declinabit.

1929 5216 2080 5271 Unde
2107 5217 2253 5270 enim
2312 5217 2509 5284 poterit
2559 5216 2691 5266 satis
2721 5213 3015 5268 confidenti
3063 5229 3188 5269 esse
3221 5218 3401 5268 animo
3435 5228 3492 5268 ut

1927 5318 2105 5378 speret
2154 5307 2431 5361 inimicum
2462 5305 2721 5360 accedere
2780 5305 2845 5356 ad
2878 5293 3350 5369 conciliationem:
3383 5322 3490 5360 non

1929 5413 2218 5469 prOperare
2245 5398 2312 5452 ad
2348 5410 2598 5466 magnum
2654 5394 2916 5449 facinus?
2952 5395 3085 5448 Rem
3135 5396 3493 5450 similitudine

1929 5490 2284 5544 adumbrabo.
2343 5487 2627 5541 Terribilis
2675 5496 2757 5540 cst
2817 5486 2899 5540 leo
2945 5501 3066 5540 cum
3123 5489 3383 5540 occurrit.
3426 5486 3493 5541 Ut

1928 5600 2055 5639 vero
2088 5585 2230 5637 nulla
2261 5599 2396 5652 opus
2417 5591 2563 5637 esset
2587 5583 2816 5636 audacia
2848 5581 2893 5636 si
2941 5581 3066 5649 quis
3116 5596 3240 5636 eum
3274 5583 3328 5636 in
3373 5598 3496 5635 car-

1930 5694 2052 5733 cere
2077 5677 2377 5730 cohihitum
2411 5683 2464 5729 et
2497 5673 2707 5728 catenis
2743 5672 3110 5727 constrictum
3141 5674 3498 5740 conveniret,

1928 5774 2003 5824 sic
2039 5765 2402 5839 [liberatum]
2457 5776 2504 5820 et
2545 5773 2920 5820 occurrentem
2974 5764 3157 5833 quivis
3191 5778 3356 5834 quam
3415 5767 3495 5819 ci-

1930 5859 2139 5917 tis-unc
2184 5860 2421 5928 fugeret,
2453 5857 2611 5911 modo
2655 5871 2762 5910 non
2805 5853 2965 5925 pedes
3003 5868 3200 5921 pavore
3239 5855 3502 5912 constite-
