4236 6442
754 374 861 437 ωδ
1465 369 1892 431 EUS’I‘ATIIll
1935 366 2233 429 THESSA
2245 363 2391 426 Ι,οΝ
2403 362 2705 427 [CENSIS
2746 363 3321 431 METROPOLITA!
3906 366 4029 428 576

754 488 889 540 rint.
916 483 1093 540 Simili
1117 482 1279 539 modo
1304 479 1619 552 fugiendum
1650 492 1736 535 est
1759 480 1942 535 odium
1975 478 2102 534 altis
2138 476 2336 532 radici-
2361 479 2414 538 Α

2361 479 2414 538 Α
2439 474 2638 547 ἐπίσης
2664 479 2888 548 ποιῆσαι
2921 476 3073 531 ὥσπε
3084 494 3137 546 ρ,
3164 477 3301 547 πυρὶ
3325 475 3605 546 προσᾶραι
3634 474 3771 530 πόδα
3792 478 4034 547 γυμνόν·

754 577 860 631 bus
888 576 1128 637 haerens,
1150 570 1547 643 i'ugiendusque
1577 571 1832 627 inimicus
1858 583 1952 641 per
1977 569 2125 625 istud
2148 568 2335 623 odium

755 665 903 722 leoni
946 664 1160 722 similis.
1205 663 1403 719 Pedem
1454 664 1663 717 nudum
1707 663 1760 716 iu
1818 662 1972 731 ignes
2029 675 2165 716 sane
2211 673 2337 729 pro-

756 758 943 822 terret,
977 756 1071 826 qui
1101 770 1161 811 se
1188 756 1282 810 tali
1313 754 1553 810 sociaret
1601 755 1844 818 inimico,
1889 751 2182 807 amicitiam
2206 764 2332 804 cum

757 865 825 905 co
903 847 1207 904 secundum
1264 846 1537 917 justitiam
1610 846 2027 900 conciliaturus.
2108 842 2337 913 Oportet

755 958 880 995 eum
908 940 1081 1012 fugiat
1103 946 1481 995 occurrentem
1512 937 1669 1007 quasi
1702 937 1766 990 ad
1795 934 2007 996 oscula,
2040 948 2149 988 non
2177 947 2336 988 secus

756 1048 823 1089 ac
859 1036 905 1089 si
930 1045 1057 1089 ante
1089 1034 1255 1105 pedes
1282 1032 1426 1100 ignis
1453 1029 1865 1084 accenderetur.
1912 1024 2065 1093 Quod
2094 1025 2242 1080 enim
2267 1025 2335 1079 ad

758 1125 1207 1194 perturbationes
1237 1121 1435 1177 utentis
1464 1122 1680 1182 attinet,
1715 1118 1808 1189 qui
1847 1117 1913 1171 ad
1968 1132 2030 1171 ea
2090 1114 2332 1187 pericula

758 1219 1015 1273 incautus
1040 1216 1149 1270 ruit
1176 1230 1299 1284 qua:
1323 1220 1510 1280 postea
1541 1219 1801 1282 expertus
1830 1208 2172 1273 reformidat,
2189 1208 2331 1263 idem

759 1310 889 1363 facit
927 1322 990 1362 ac
1040 1306 1085 1363 si
1120 1321 1229 1360 non
1264 1305 1472 1359 videret
1498 1303 1645 1373 quod
1674 1312 1798 1356 ante
1833 1300 2026 1372 pedes.

833 1401 922 1457 ιι.
956 1400 1193 1457 Necesse
1225 1407 1309 1455 est
1337 1413 1490 1468 ergo,
1526 1405 1585 1451 ut
1612 1406 1839 1466 apparet
1870 1410 1935 1449 ex
1979 1395 2064 1449 bis
2088 1410 2209 1463 quae
2231 1410 2333 1450 nu-

759 1510 859 1566 per
887 1496 1153 1558 diximus,
1180 1507 1341 1559 orare
1364 1507 1431 1546 ne
1461 1492 1585 1561 quis
1615 1490 1770 1560 prior
1799 1504 1895 1544 vos
1915 1488 2042 1543 odio
2066 1486 2333 1555 pertinaci

758 1593 1009 1656 occupet.
1047 1583 1145 1640 Sin
1181 1596 1361 1639 autem
1411 1585 1464 1637 in
1500 1583 1641 1636 tales
1694 1582 1942 1636 miserias
2002 1578 2331 1641 incideritis,

759 1678 1028 1732 demittite
1060 1685 1242 1746 caput,
1310 1684 1473 1744 atque
1505 1690 1567 1728 ex
1622 1674 1707 1728 illa
1739 1672 2014 1727 communi
2065 1672 2332 1725 malorum

761 1770 1000 1839 abysso,
1030 1769 1170 1824 ciam
1221 1768 1472 1822 invomte
1521 1767 1687 1821 Deum
1718 1783 1732 1832 ;
1762 1776 1870 1819 tuin
1927 1765 2155 1834 genibus
2210 1778 2337 1833 pro-

761 1862 929 1916 voluti
955 1860 1229 1916 cxtendite
1252 1861 1317 1914 ad
1345 1877 1468 1915 eum
1505 1874 1741 1922 manus;
1779 1857 2017 1925 denique
2043 1864 2231 1910 cavete
2274 1869 2341 1908 ne.

760 1951 854 2020 qui
885 1952 1035 2022 prior
1068 1953 1286 2017 laeserit,
1335 1952 1470 2006 iram
1527 1951 1820 2005 occasione
1867 1950 1992 2004 data
2024 1948 2258 2018 expleat,
2293 1947 2342 2004 si

760 2044 917 2099 vobis
974 2044 1169 2100 obvius
1219 2043 1399 2099 fuerit.
1466 2043 1814 2114 Quapmpter
1847 2040 2214 2112 colligendum
2256 2049 2343 2096 est

760 2151 826 2190 ex
864 2135 931 2191 iis
950 2151 1071 2204 quae
1102 2144 1263 2191 antea
1300 2134 1794 2197 consideravimus,
1831 2143 2039 2188 remota
2090 2132 2340 2186 odiorum

762 2225 1022 2281 scandala
1053 2226 1525 2295 compositumque
1567 2239 1753 2293 pacem
1789 2238 2065 2279 summum
2106 2238 2231 2279 esse
2277 2238 2342 2279 ac

761 2330 1076 2384 supremum
1105 2314 1310 2370 bonum
1341 2314 1595 2371 munibus
1625 2313 1958 2380 hominibus,
1993 2324 2047 2370 et
2074 2314 2342 2385 imprimis

760 2407 1112 2473 Christianis,
1145 2423 1173 2462 a
1233 2407 1434 2478 quibus
1486 2408 1630 2463 Deus
1688 2423 1863 2478 neque
1904 2408 2107 2462 donum
2163 2423 2341 2478 neque

763 2499 911 2554 aliud
946 2500 1246 2569 quidquam
1300 2498 1504 2570 accipit
1560 2499 1666 2554 nisi
1720 2499 2045 2554 citaritatem
2110 2499 2338 2568 colant;

760 2601 874 2647 tum
904 2594 1119 2649 cunctis
1145 2593 1213 2648 iis
1244 2608 1366 2662 quae
1405 2592 1474 2647 ad
1506 2592 1671 2647 vitam
1713 2599 1986 2662 spectant.

833 2685 923 2741 15.
957 2683 1115 2751 Quod
1150 2686 1196 2741 si
1233 2684 1376 2755 quis,
1443 2692 1731 2754 postquam
1790 2682 2225 2753 perseveraverit
2284 2682 2338 2737 iu

760 2776 910 2841 odio,
960 2783 1015 2831 et
1069 2776 1416 2833 lacessiverit
1444 2787 1499 2831 et
1550 2774 1810 2831 terruerit
1868 2785 1923 2831 et
1976 2776 2247 2839 nocuerit,
2287 2782 2342 2830 et

762 2869 971 2922 nullum
1033 2867 1192 2939 plane
1230 2868 1484 2923 amicitiae
1533 2867 1792 2923 indicium
1840 2883 1951 2938 pra:
2004 2883 2065 2923 se
2133 2868 2339 2934 tulerit,

761 2971 954 3027 postea
987 2961 1269 3015 nuntietur
1289 2974 1347 3015 se
1372 2959 1752 3029 composuisse
1777 2959 1834 3013 in
1864 2959 2099 3014 amicum
2128 2958 2338 3015 ﬁdelem

762 3051 855 3120 qui
884 3065 1069 3120 pacem
1105 3058 1421 3120 promoveat
1455 3059 1509 3105 et
1565 3051 1853 3120 paciﬁutm
1890 3066 1949 3105 se
1999 3051 2224 3105 dextere
2264 3053 2341 3105 si-

2440 568 2586 623 οὕτω
2616 570 2712 624 καὶ
2763 570 2992 642 τοιούτῳ
3044 569 3227 641 ἐχθρῷ
3268 570 3573 642 προσμίξαι
3631 570 3712 634 είς
3766 585 4044 639 πραγμα-

2438 661 2588 716 τείαν
2618 660 2808 731 φιλίας
2838 660 2938 731 τῆς
2964 659 3102 731 προς
3130 661 3429 732 ὀρθότητα,
3476 660 3572 715 καλ⁵
3615 660 4041 732 προερχόμενον

2436 752 2491 806 δὲ
2522 752 2599 817 ὡς
2625 752 2917 822 ἀγαπῆσαι
2954 753 3186 823 φεύγειν
3207 752 3345 806 ὡσεὶ
3375 755 3473 807 καὶ
3514 753 3649 820 πῦρ,
3679 753 3707 806 ὅ
3739 752 3935 823 φλέγει
3962 752 4040 805 τὰ

2436 848 2497 901 ἐν
2544 847 2725 902 ποσίν.
2766 847 3000 917 Ὅμοιον
3032 847 3166 916 γὰρ,
3202 847 3273 900 τά
3302 863 3366 915 γε
3405 847 3487 911 είς
3531 847 3715 918 ψυχῆς
3761 847 4036 915 τάραχον,

2437 941 2750 1011 ἐπιτρέχειν
2786 957 2848 993 τε
2871 940 3205 1009 ἀφυλάκτως
3238 941 3556 1010 πράγματι,
3592 939 3620 993 δ
3651 940 3795 1009 μετὰ
3821 942 4037 1010 πεῖραν

2436 1032 2752 1104 πτοούμεοα
2781 1073 2796 1095 ,
2871 1033 2968 1085 καὶ¹
3033 1032 3257 1102 βλέπειν
3324 1032 3506 1085 ἐκεῖνο
3558 1031 3882 1104 προφθάνον
3946 1033 4034 1096 είς

2434 1127 2609 1197 ἡμᾶς.

2514 1399 2594 1453 ιδ’.
2632 1399 2754 1470 Χρὴ
2787 1394 2883 1453 οὖν
2913 1398 3197 1470 εὔχεσθαι.
3221 1401 3298 1466 ὡς
3333 1401 3514 1456 ἐοικεν
3538 1401 3598 1455 ἐν
3625 1402 3741 1464 τοῖς
3770 1401 3923 1473 ἄρτι,
3949 1401 4032 1471 μὴ

2437 1492 2696 1560 εὑρέσθαι
2750 1492 2884 1562 ὑμῖν
2940 1493 3119 1564 ἀρχὴν
3166 1493 3539 1564 πεισματικοῦ
3583 1494 3821 1563 μίσους·
3863 1497 3916 1547 εί
3966 1494 4031 1547 δέ

2436 1597 2519 1643 τις
2553 1581 2781 1650 ἐμπέσοι
2825 1581 2983 1654 κακῷ
3013 1583 3268 1653 τοιούτῳ.
3296 1584 3433 1639 ἀλλᾶ
3466 1585 3595 1639 τότε
3628 1586 4022 1655 κατακᾶμπτεο

2439 1674 2564 1726 σθαι
2612 1673 2708 1726 καὶ
2762 1674 2944 1743 ἡσυχῆ
3002 1674 3406 1740 κατακλᾶσθαι,
3462 1675 3887 1745 προσπίπτοντα
3946 1674 4029 1744 τῷ

2442 1766 2609 1837 κοινῷ
2639 1765 2810 1835 βυθῷ.
2854 1767 2995 1837 Θεῷ,
3042 1769 3137 1822 καὶ
3187 1768 3558 1840 γουνούμενον
3608 1768 4030 1831 συστέλλεσθαι,

2447 1858 2543 1911 καὶ
2570 1858 2903 1914 ὑποπτεύειν
2932 1859 3024 1913 τὸν
3055 1858 3429 1931 κατάρξαντα,
3469 1862 3680 1929 μήποτε
3711 1860 3906 1931 καιρδν
3940 1859 4036 1911 e6-

2448 1952 2636 2023 ρηκὼς
2657 1952 2956 2023 ἀποπλήσῃ
2998 1952 3091 2006 τὸν
3121 1952 3296 2023 θυμὸν
3327 1951 3495 2006 αὐτοῦ
3529 1954 3588 2005 ἐν
3619 1952 3697 2022 τῷ
3740 1953 4035 2021 συντυχεῖν

2445 2048 2551 2102 ὑπὸ
2568 2046 2765 2115 τουτῳῖ
2794 2046 2875 2118 τῷ
2905 2046 3247 2117 μισουμένῳ.
3278 2045 3390 2100 Καὶ
3420 2045 3607 2100 τοίνυν
3643 2045 3937 2114 ποριστέον
3966 2046 4035 2096 ἐκ

2443 2139 2554 2193 τῶν
2586 2137 2714 2209 ἄρτι
2758 2137 3220 2208 ἐπεσκεμμένων,
3262 2136 3345 2193 ὃτι
3377 2140 3693 2208 περιαιρεῖν
3725 2138 3828 2207 μέν
3859 2138 4034 2190 σκάν-

2441 2227 2577 2282 δαλα
2602 2227 2966 2299 ἐχθροποιῶν,
2990 2227 3089 2282 καὶ
3122 2227 3621 2299 πραγματεύεσθαι
3653 2229 3883 2298 εἰρήνην
3914 2227 4036 2297 ἄρι-

2446 2319 2572 2373 στόν
2598 2318 2713 2372 ἐστι
2750 2318 2938 2389 πάντη
2969 2319 3072 2372 καὶ
3109 2319 3328 2382 πάντως
3357 2316 3691 2389 ἀνθρώποις,
3730 2321 3806 2388 μὴ
3849 2319 3935 2372 ὅτι
3965 2335 4032 2386 γε

2440 2410 2818 2483 Χριστιανοτς,
2863 2403 2942 2465 ὧν
2975 2409 3101 2464 οὔτε
3150 2411 3302 2482 δῶρα
3346 2409 3563 2480 δέχεται
3618 2413 3646 2463 ὁ
3695 2409 3855 2477 Θεὸς,
3905 2409 4032 2464 οὔτε

2448 2503 2761 2576 προσένεξιν
2806 2502 3097 2573 ἐτεροίαν,
3169 2505 3219 2558 εί
3276 2502 3354 2574 μὴ
3419 2503 3598 2567 οὕτως
3657 2504 4033 2574 ἀγαπητικῶς

2444 2597 2717 2660 ποιοῦσιν,
2759 2594 2900 2649 ἀλλὰ
2939 2596 3034 2650 καὶ
3074 2597 3247 2651 ἅπασι
3277 2599 3392 2660 τοῖς
3420 2598 3478 2650 ἐν
3506 2596 3628 2666 βίῳ.

2514 2688 2733 2742 ιε’.⁹οτε
2758 2689 2816 2743 δέ
2836 2705 2921 2753 τις
2946 2689 3082 2757 πρὸς
3109 2689 3367 2743 ἔνστασιν
3398 2689 3726 2762 μεμισηκὼς
3742 2692 3841 2746 καὶ
3865 2693 4034 2758 ἐπεξο

2442 2780 2613 2835 ελθὼν
2656 2784 2752 2835 καὶ
2806 2781 3128 2853 ἐκφοῦήσας
3159 2782 3256 2835 καὶ
3279 2782 3489 2853 βλάψας
3520 2785 3614 2836 καὶ
3649 2785 3819 2852 μηδέν
3842 2803 3896 2837 τι
3923 2803 4037 2854 μη-

2441 2869 2606 2933 δὸλως
2638 2869 3011 2940 ἐνδειξάμενος
3041 2871 3270 2942 ἀγάπης
3309 2872 3635 2942 τεκμήριον,
3673 2869 3793 2925 εἶτα
3825 2874 4034 2925 εἰκονί-

2443 2961 2556 3026 ζειν
2592 2962 2990 3032 ἐπαγγέλλεται
3032 2961 3189 3031 φίλον
3226 2963 3461 3034 ἀκριϐῆ,
3499 2965 3823 3036 προκεντῶν
3880 2966 4037 3035 εἰρη-

2443 3054 2575 3106 ναῖά
2604 3071 2726 3107 τινα
2773 3054 2867 3106 καὶ
2900 3054 3263 3123 σκιαγραφῶν
3311 3053 3527 3119 δεξιῶς,
3579 3053 3696 3107 ἀλλ’
3727 3055 3928 3125 ἐκείνῳ
3954 3056 4037 3125 τῷ

766 3143 971 3208 uzuiet;
1028 3145 1120 3197 sed
1165 3143 1470 3198 cavendum
1535 3153 1617 3198 est
1679 3159 1745 3197 tte
1797 3158 1920 3195 eum
1969 3143 2064 3196 tali
2119 3142 2413 3209 itontinec

2371 3143 2719 3213 οάνθρὼπῳ
2775 3144 3109 3215 εὐλαόητέον
3168 3145 3249 3208 είς
3314 3145 3516 3198 ταυτὸν
3568 3146 3792 3213 ὁμιλίας
3855 3148 4036 3200 ἐλθεῖν

765 3236 939 3289 amica
967 3223 1227 3291 societas.
1255 3236 1466 3290 ineatur
1488 3278 1504 3302 ,
1560 3237 1731 3290 donec
1758 3234 1917 3289 (idem
1948 3235 2001 3289 iu
2035 3251 2096 3291 se
2126 3235 2337 3301 fecerit,

764 3341 974 3396 ponens
997 3329 1052 3381 in
1086 3326 1265 3382 medio
1300 3327 1494 3396 pignus
1544 3328 1822 3391 idoneum,
1877 3343 1973 3397 per
2012 3329 2157 3397 quod
2204 3327 2341 3381 alter

766 3433 891 3471 cum
941 3418 1114 3473 altero
1166 3418 1555 3487 coujungatur,
1621 3432 1684 3471 ac
1714 3418 1822 3473 duo
1871 3417 2101 3488 sejuncti
2136 3417 2236 3473 viri
2285 3418 2342 3473 in

769 3510 1027 3564 unionem
1057 3512 1232 3565 sancti
1264 3510 1499 3580 Spiritus
1522 3509 1919 3580 ingrediantur.
1942 3508 2251 3578 Aliterjure
2277 3509 2344 3563 ti-

769 3599 1025 3654 mendum
1054 3601 1125 3654 sit
1159 3616 1226 3654 ne
1258 3600 1571 3670 importuno
1606 3600 1659 3654 iu
1689 3615 2013 3669 congressu,
2070 3600 2165 3668 qui
2196 3599 2340 3653 ami-

768 3690 952 3743 citiam
989 3690 1364 3760 resipiscentis
1420 3706 1575 3744 more
1621 3700 1907 3760 precatur,
1949 3690 2339 3743 detrimentum

767 3789 959 3837 contra
984 3780 1143 3849 ferat,
1166 3782 1311 3851 quod
1344 3782 1567 3835 minime
1590 3782 1814 3851 patienti
1840 3781 2058 3836 salubre
2094 3781 2342 3837 futurum

767 3883 933 3929 88801.

844 3964 931 4020 i6.
961 3965 1106 4020 Idem
1139 3980 1370 4034 prorsus
1395 3964 1441 4020 is
1494 3962 1872 4021 reformidabit
1903 3968 1995 4037 qui
2046 3970 2112 4024 ad
2163 3970 2346 4024 inimi-

770 4071 897 4111 cum
945 4057 1243 4111 revertitur
1295 4070 1404 4108 non
1454 4055 1615 4124 plane
1668 4056 1994 4124 simplicem,
2058 4058 2154 4112 sed
2221 4060 2347 4128 plus

770 4163 928 4219 mquo
952 4149 1229 4200 acerbum.
1262 4144 1382 4211 Quo
1407 4146 1552 4200 enim
1576 4147 1844 4199 satisdato
1887 4147 2096 4200 certior
2130 4147 2202 4202 sit
2228 4147 2344 4216 qui,

772 4252 994 4295 auctore
1013 4236 1520 4309 Deo,tuamlrepetit
1543 4236 1826 4291 studiosus
1851 4252 2014 4307 quam
2043 4237 2349 4307 projccerat

774 4331 1101 4395 amicitiam,
1160 4328 1277 4382 fore
1303 4338 1363 4381 ut
1417 4328 1534 4396 ipse
1575 4327 1863 4380 conveniat
1916 4327 2200 4382 inimicum
2240 4329 2350 4381 cito

775 4427 1119 4497 placabilem,
1142 4425 1234 4496 qui
1280 4423 1693 4494 resipiscentent
1723 4426 1958 4477 amicum
1994 4424 2352 4494 amplectatur

2444 3235 2686 3306 φιλικῆς,
2720 3237 2827 3298 ἕως
2860 3237 2926 3288 ἂν
2953 3236 3415 3308 τεκμηριώσηται
3446 3237 3644 3292 κόλλαν
3670 3240 3727 3292 ἐν
3762 3240 3842 3310 τῷ
3880 3245 4037 3311 μέσῳ

2442 3326 2718 3380 τεθεῖσθαι
2760 3328 3065 3393 ἀξιόλογον,
3114 3328 3182 3382 δι’
3211 3324 3281 3401 ἧς
3312 3328 3570 3399 ἀλλήλοις
3603 3332 4036 3404 προσκολληθή-

2446 3433 2656 3484 σονται,
2705 3416 2802 3470 καὶ
2839 3419 2922 3481 εἰς
2955 3420 3343 3489 πνευματικὴν
3388 3420 3438 3473 οἱ
3468 3421 3758 3485 διεστῶτες
3794 3424 4036 3477 ἔλθωσιν

2441 3507 2656 3561 ἕνωσιν.
2687 3507 2815 3570 Δέος
2837 3506 2944 3577 γὰρ
2975 3509 3074 3562 οὐκ
3102 3508 3410 3577 ἀνέλλογον,
3443 3512 3519 3581 μή
3554 3527 3684 3565 ποτε
3717 3515 3781 3583 τῇ
3812 3514 4035 3583 ἀκαίρῳ

2420 3597 2764 3665 νσυνελεύσει
2794 3600 2822 3651 ὁ
2864 3598 3188 3667 προσελθὼν
3219 3599 3403 3672 βλάψῃ
3436 3602 3650 3672 μεθόδῳ
3686 3604 3912 3676 ὑπούλῳ
3944 3609 4035 3658 τὶν

2444 3685 2634 3756 ἄνδρα,
2684 3679 2745 3740 οὗ
2801 3689 2901 3756 τὴν
2937 3688 3120 3752 φιλίαν
3174 3689 3330 3753 ζητεῖ
3385 3691 3816 3760 ἀνακαμπικῶς,
3865 3698 4035 3765 καὶὴ

2447 3775 2622 3849 βλάϐη
2653 3777 2806 3832 ἔσται
2842 3780 2922 3842 είς
2946 3779 3101 3833 οὐδὲν
3129 3780 3283 3847 ὑγιὲς
3312 3780 3391 3852 τῷ
3422 3783 3671 3839 παθόντι.

2521 3952 2620 4020 ις’.
2648 3955 2722 4008 Τὸ
2747 3954 2803 4009 δὲ
2849 3955 3039 4025 ὅμοιον
3087 3957 3385 4027 πτοήσεται
3423 3959 3639 4022 πάντως
3672 3961 3771 4015 καὶ
3804 3963 3833 4017 ὁ
3871 3981 4039 4035 προσ-

2449 4045 2809 4117 ρυϊσκόμενος
2842 4047 3045 4119 ἐχθρῷ,
3074 4048 3136 4102 οὐ
3168 4048 3244 4119 τῷ
3272 4050 3458 4115 ἁπλῶς
3485 4051 3543 4104 ἐν
3569 4052 3872 4124 ἁπλότητι,
3902 4057 4037 4109 am

2450 4138 2588 4207 πρὸς
2614 4139 3093 4211 ὑπερδεδληκυίαν
3124 4141 3493 4212 σκληρότητα.
3530 4144 3699 4198 Πόθεν
3724 4149 3838 4216 γὰρ
3861 4150 4035 4219 ἐγγὶη

2410 4242 2413 4245 η
2448 4229 2765 4300 δοθήσεται,
2791 4230 2865 4292 ὡς
2900 4233 2927 4283 ὁ
2960 4231 3101 4285 κατὰ
3131 4232 3264 4285 Θεὸν
3313 4233 3757 4306 φιλυπόστροᾳος
3784 4240 3870 4301 ei;
3901 4242 4040 4308 ἀγά-

2450 4338 2560 4390 πην
2599 4322 2971 4392 ἁποιχομένην
3023 4325 3281 4391 στρεπτῷ
3331 4326 3537 4386 εὐθέως
3586 4329 3908 4397 ἐπεύξεται
3962 4332 4038 4400 τῷ

2452 4412 2634 4483 ἐχθρῷ
2664 4414 2760 4467 καὶ
2798 4414 3005 4486 ἑτοίμῳ
3052 4416 3517 4480 ἐγκολπὼσασθαι
3547 4419 3642 4473 καὶ
3673 4422 4039 4478 ἀσπάσασθαι

775 4531 830 4576 ct
852 4520 1152 4581 osculetur,
1196 4533 1303 4572 non
1336 4517 1551 4572 occidat
1575 4527 1631 4572 et
1662 4518 1891 4571 devoret
1940 4517 2142 4570 misere
2175 4516 2348 4570 truei-
2381 4490 2424 4546 θ

2381 4490 2424 4546 θ
2451 4503 2544 4558 τὸν
2573 4504 2983 4574 ἁνακὰμψαντα
3014 4505 3189 4573 φίλον,
3221 4507 3281 4559 οὐ
3328 4506 3437 4578 μὴν
3464 4508 3936 4579 διαχειρίσασθαι,
3969 4514 4039 4577 ὡς

775 4612 992 4667 datum?
1011 4611 1253 4680 Contigit
1302 4610 1355 4664 in
1397 4609 1647 4679 exemplo
1680 4623 1845 4678 supra
1887 4608 2111 4662 laudato
2143 4617 2202 4662 ut
2252 4607 2346 4677 qui

776 4706 1011 4760 reditum
1047 4703 1101 4757 in
1130 4701 1425 4755 amicitiam
1454 4699 1797 4769 quatsu-isset
1839 4698 2103 4768 martyrio
2161 4698 2347 4752 salva-

778 4808 952 4863 retur,
976 4797 1180 4866 quique
1207 4793 1525 4850 redcuntem
1556 4801 1845 4848 aversatus
1866 4798 2014 4845 esset
2055 4806 2153 4860 per
2185 4790 2347 4845 Sata-

778 4908 905 4947 nam
954 4890 1175 4960 periret.
1237 4888 1414 4957 Atque
1462 4901 1681 4955 semper
1710 4884 1905 4938 eodem
1952 4883 2117 4935 modo
2155 4898 2214 4937 se
2261 4896 2349 4937 res

780 4983 965 5045 habet,
994 4996 1098 5035 nec
1143 4986 1360 5049 nportet
1408 4975 1686 5030 conlidere
1727 4989 1828 5029 nos
1853 4972 1925 5026 ita
1976 4972 2232 5043 delapsos
2275 4971 2350 5025 ita

780 5076 1051 5131 saivatum
1102 5073 1191 5127 iri.
1239 5071 1483 5140 Namque
1519 5068 1654 5123 illud
1707 5081 1932 5137 perraro
1984 5066 2201 5129 evenit,
2251 5080 2349 5119 nec

782 5165 913 5220 alibi
944 5166 1051 5221 tale
1098 5164 1399 5233 quidquam
1451 5162 1779 5231 reperiatur.
1821 5157 2030 5227 Omitto
2070 5157 2254 5212 dicere
2298 5155 2350 5210 id

784 5257 1107 5314 naturaliter
1135 5270 1199 5310 ac
1228 5254 1389 5323 vulgo
1431 5252 1545 5307 ﬁeri
1574 5261 1634 5306 ut
1658 5251 1822 5304 ambo
1860 5265 1971 5303 una
2000 5247 2209 5318 delapsi
2246 5263 2351 5302 uua

786 5355 1032 5421 pereant,
1061 5360 1169 5419 qua
1201 5360 1268 5399 ex
1319 5359 1376 5400 re
1414 5340 1590 5411 majus
1627 5339 1840 5395 daemon
1882 5338 2138 5410 gaudium
2178 5336 2355 5393 susci-

785 5439 921 5509 piat.

864 5531 951 5584 l7.
995 5526 1307 5583 Cavendum
1368 5533 1453 5579 est
1502 5522 1670 5593 igitur
1721 5524 1776 5577 in
1846 5536 1904 5576 re
1930 5520 2021 5576 tali
2085 5529 2139 5574 et
2189 5534 2353 5589 quam

792 5624 1026 5681 maxime
1054 5620 1468 5677 attendendum.
1498 5617 1649 5672 Multi
1681 5617 1828 5671 enim
1857 5615 1998 5670 mala
2032 5613 2355 5668 machinan-

792 5728 901 5780 tur,
933 5714 1139 5770 scilicet
1170 5713 1206 5767 ii
1231 5726 1464 5783 quorum
1495 5710 1561 5764 ad
1597 5718 1795 5764 nutum
1838 5722 1926 5763 res
1975 5722 2086 5761 non
2128 5713 2355 5769 coeunt.

793 5808 860 5862 dc
889 5804 1089 5877 quibus
1117 5803 1321 5861 dictum
1353 5807 1473 5860 est:
1515 5818 1533 5853 ι
1568 5797 1688 5855 Non
1722 5807 1807 5855 est
1840 5809 1899 5854 ut
1931 5797 2207 5855 dormiant
2245 5795 2353 5851 nisi

2452 4598 2547 4651 καὶ
2579 4600 2920 4667 καταφαγεῖν
2953 4598 3253 4663 ἐξολωλότα
3290 4601 3511 4665 κακῶς;
3556 4603 3633 4654 0.)
3682 4602 3865 4672 δήπου
3908 4609 4039 4677 γὰρ,

2450 4687 2526 4751 ὡς
2558 4688 2651 4741 ἐπὶ
2698 4688 2793 4741 τοῦ
2840 4692 3210 4758 προκειμένου
3256 4691 3284 4742 ὁ
3340 4690 3440 4759 μὲν
3485 4690 3730 4761 ζητήσας
3776 4696 4042 4749 ixi-vel?»

2451 4779 2672 4845 ἀγάπης
2718 4777 2899 4848 ἐσώθη
2959 4778 3438 4851 μεμαρτυρηκῲς,
3506 4781 3534 4832 ὁ
3602 4781 3658 4834 δέ
3691 4783 4040 4855 δυσωπηθεὶς

2454 4868 2710 4945 ἀπώλετο
2756 4870 3094 4934 σατανικῶς,
3127 4868 3301 4932 οὕτως
3335 4870 3491 4925 ἔσται
3543 4873 3638 4924 καὶ
3682 4875 3776 4926 ἐπὶ
3819 4878 4040 4930 πέττων

2452 4962 2698 5029 γίνεσθαι
2724 4978 2739 4993 ⁶
2771 4961 2891 5014 οὐδὲ
2923 4961 3249 5033 θαρρητέον,
3277 4963 3352 5027 ὡς
3402 4965 3626 5028 πάντες,
3668 4967 3715 5019 εἱ
3761 4967 3911 5022 οὕτω
3943 4987 4039 5022 πε·

2456 5054 2724 5123 σούμεθα,
2757 5054 3146 5124 σωθησόμεθα.
3194 5055 3316 5108 Τῶν
3347 5056 3455 5126 γὰρ
3490 5058 3632 5110 πάνυ
3668 5061 3918 5113 σπανίων
3948 5064 4040 5116 ναὶ

2453 5146 2765 5215 ἀνευρέτων
2797 5146 2975 5199 ἐκεῖνό
3006 5146 3192 5200 ἐστιν’
3238 5147 3313 5199 ἐῶ
3355 5146 3562 5214 λέγειν,
3610 5148 3686 5211 ὡς
3718 5150 3875 5213 εἰκός
3909 5169 4039 5205 ποτε

2455 5239 2551 5292 καὶ
2584 5240 2930 5309 ἀμφοτέρους
2988 5241 3068 5302 είς
3099 5239 3157 5292 ἓν
3190 5242 3573 5310 συμπεσόντας
3605 5242 3935 5311 ἀπολέσθαι,
3967 5250 4038 5310 ὡς

2456 5333 2641 5387 πλεῖον
2670 5331 2814 5385 οὕτω
2848 5331 3105 5401 γενέσθαι
3145 5333 3204 5385 τὸ
3233 5333 3547 5404 δαιμονικὸν
3580 5336 3895 5407 ὲπὲχσρμσ.

2533 5512 2619 5576 ιζ’.
2660 5509 2873 5565 Οὓκοῦν
2902 5509 3237 5576 εὐλαϐητέον
3302 5510 3361 5563 ἐν
3417 5512 3531 5573 τοῖς
3588 5511 3879 5576 τοιεῦτοις,
3944 5514 4038 5565 καὶ

2462 5606 2792 5677 προσεκτέον
2820 5606 2902 5658 ὅτι
2939 5602 3197 5673 μάλιστα.
3229 5603 3425 5657 Πολλοὶ
3462 5606 3568 5674 γὰρ
3611 5623 3628 5654 ι
3668 5606 3815 5657 νεεκᾶ
3857 5625 4035 5673 μηχπι

2460 5698 2659 5752 νῶνται
2698 5718 2715 5750 ι
2782 5697 2926 5751 κατὰ
2973 5695 3068 5750 τὸν
3104 5696 3275 5759 οὕτως
3309 5697 3553 5762 εἰπόντα,
3591 5692 3671 5759 οἷς
3703 5699 3764 5750 οὐ
3816 5701 3957 5750 πᾶν,
3998 5716 4037 5751 τι

2461 5791 2905 5864 προσαρμόττειν
2954 5788 3149 5857 ἐθέλει,
3201 5789 3259 5843 τι
3299 5806 3317 5841 ι
3361 5789 3433 5844 υὺ
3472 5789 3547 5860 μὴ
3590 5790 3939 5858 {tricosus-.7,
3998 5799 4037 5845 at
