4236 6442
227 381 326 440 577

1213 383 1294 445 IN
1338 385 1398 446 S.
1432 385 2103 456 QUADRAGESIMAM
2135 389 2424 454 ORATIO
2450 395 2496 456 Ι.

3388 409 3490 473 578

227 492 299 558 μὴ
343 494 829 566 κακοποιησουσιν,
883 514 900 547 ι
962 497 1098 551 ἀλλὰ
1143 500 1378 568 μᾶλλον,
1439 500 1514 562 ὼς
1554 519 1570 551 ι
1605 502 1681 554 Οὐ
1722 503 1795 572 μὴ
1828 504 1869 560 Δ

1828 504 1869 560 Α
1901 502 2236 568 nocuerint‘,
2282 523 2297 556 ι
2343 506 2426 559 vel
2460 506 2638 575 potius
2675 525 2688 563 :
2729 529 2745 567 ι
2809 508 2925 566 Non
2971 525 3130 570 estut
3165 519 3347 578 vivant
3380 531 3485 585 nisi

221 584 492 651 ζήσωσιν,
511 589 558 639 εί
587 589 660 658 μὴ
690 591 1099 656 φονεύσουσενσι
1126 593 1153 645 6
1175 594 1239 664 δὴ
1271 594 1506 663 μάλιστα
1528 597 1800 666 ἐζήλωσεν

217 677 243 728 6
276 678 608 747 ὣπρίκιος.
662 684 818 736 Ἐστι
859 686 914 738 δὲ
941 687 1323 750 ἁστεῖσασθαι,
1375 691 1466 740 καί
1499 708 1573 752 ως
1599 692 1709 744 οὐδ’
1740 693 1800 744 οὐ

219 767 292 834 μὴ
324 769 777 837 ἀναπνεύσωσιν,
820 779 870 827 ει
908 779 983 847 μή
1023 796 1146 832 τινα
1193 782 1562 847 καταπίωσιν,
1596 785 1706 836 εῐθε
1743 785 1800 836 δὲ

213 860 290 928 μὴ
329 862 648 932 ἄνθρωπον,
703 868 840 920 ἀλλά
886 887 1008 924 τινα
1041 875 1207 940 μυῖαν
1248 875 1527 945 δακνηράν
1559 881 1611 931 αί
1647 880 1802 930 κυνό-

219 970 379 1017 μυιαι
404 968 418 981 °
451 955 540 1008 ῐνα
577 959 672 1011 καί
710 962 791 1020 είς
822 961 1153 1023 Βεελζεϐοὺλ
1185 966 1473 1030 ἀναγοιντο
1503 971 1598 1021 καὶ
1623 971 1796 1037 αὐτοὶ,

212 1042 268 1102 ὃς
315 1046 423 1096 ὑπὸ
460 1047 567 1099 τῶν
621 1052 686 1103 τὰ
727 1052 845 1106 θεῖα
900 1056 1080 1123 σοφῶν
1139 1076 1157 1108 ι
1219 1061 1536 1114 καταπίνων
1571 1065 1735 1132 μυῖαν
1774 1082 1789 1114 ι

213 1135 609 1204 ἑρμηνεύεται.

284 1232 376 1298 .η’.
426 1233 558 1287 Ἰδοὺ
591 1236 774 1290 τοίνυν
827 1242 889 1292 ἐκ
937 1241 1146 1298 τοιοῦδε
1203 1245 1412 1313 φάκτου
1467 1251 1560 1301 καὶ
1611 1251 1796 1320 ἕτερον

210 1326 395 1380 τοῦτο.
454 1331 686 1400 Δένόρον
757 1333 890 1400 ἡμῖν
943 1335 1310 1407 ἐντεθύμηται
1365 1340 1678 1409 ἀλλόκοτον,
1734 1339 1796 1396 οὗ

214 1419 442 1488 μνήμην
518 1422 618 1473 οὐκ
673 1424 908 1493 ἐθέμεθα
956 1427 1285 1493 φθάσαντες.
1319 1434 1456 1503 ὅπερ
1499 1435 1642 1498 οἵους
1697 1440 1796 1506 μὲν

211 1512 427 1577 φθάσαν
459 1514 626 1585 ἔφερε
661 1521 931 1584 καρποὺς,
963 1523 1064 1574 οὐκ
1098 1525 1322 1593 οἴδαμεν
1348 1527 1568 1595 ἀκρισεῐ
1595 1530 1794 1596 γνώσει

211 1607 649 1674 παραὶαὸοντες.
686 1611 892 1664 Ἐκεῖνο
930 1614 986 1665 δὲ
1021 1616 1396 1681 ἀκριϐέστατα
1428 1621 1791 1690 ἐπιστάμεθα,

209 1698 311 1759 ὅτι,
339 1699 466 1750 καθ’
496 1699 557 1751 ὃν
586 1704 778 1772 καιρδν
805 1706 1030 1772 ἔμελλεν
1058 1710 1191 1762 αὑτὸ
1227 1707 1314 1780 (ἦν
1341 1711 1396 1764 δὲ
1426 1713 1453 1763 6
1477 1713 1792 1783 Σαπρίκιος)

209 1791 513 1861 ἐξαρτύσαι
562 1795 699 1847 Θεοῦ
734 1799 1017 1864 τράπεζαν
1049 1801 1135 1852 διὰ
1177 1806 1554 1873 καρποφορίας
1580 1808 1793 1874 εὐγενε-

1907 592 2206 649 occiderint
2225 598 2265 659 ⁵,
2303 616 2320 648 ι
2347 599 2514 665 (quod
2544 599 2594 651 in
2621 603 2814 665 primis
2838 611 3122 674 appetebat
3153 611 3484 689 Sapricius),

1905 683 1986 735 vel
2037 684 2201 737 etiam
2263 690 2528 742 acutius:
2596 690 2714 744 Non
2760 705 2844 747 est
2900 705 2958 749 ut
3019 706 3320 766 respirent,
3377 683 3483 765 nisi

1902 776 2224 843 sanguinem
2279 779 2654 844 exhauserint.
2697 799 2804 837 non
2837 787 2960 842 dico
3013 792 3260 850 homines
3303 799 3480 854 homi-

1900 878 2046 930 nem,
2080 868 2171 920 sed
2230 868 2390 921 ricini
2443 887 2686 925 muscam
2746 859 3081 943 mordacem,
3139 884 3315 940 donec
3376 889 3479 956 ipsi

1899 954 1967 1006 ad
2003 956 2339 1010 Beelzebuth
2372 961 2767 1028 perducantur.
2814 968 2971 1036 cujus
3026 987 3222 1028 nomen
3260 954 3479 1047 signiti-

1898 1055 2010 1106 cat,
2041 1061 2322 1102 sacrorum
2350 1051 2632 1106 doctorum
2677 1056 3146 1126 interpretatione,
3177 1083 3193 1115 t
3240 1070 3334 1136 qui
3360 1087 3480 1124 mu-

1896 1151 2018 1191 scas
2066 1142 2303 1209 exsugit.
2342 1159 2360 1191 ι

1971 1233 2056 1286 18.
2095 1233 2236 1288 Ecce
2265 1237 2410 1291 aliud
2438 1239 2628 1294 iisdem
2663 1243 2966 1310 praemissis
3019 1261 3472 1310 consentaneum.

1897 1325 2157 1379 Arborem
2186 1329 2238 1380 in
2289 1329 2560 1399 principio
2601 1335 2939 1403 singularem
2983 1341 3474 1402 animadvertimus

1897 1420 2052 1488 cujus
2084 1423 2324 1474 nuntium
2395 1425 2746 1490 deposuimus
2775 1433 3110 1486 memoriam.
3149 1435 3350 1500 Quales
3379 1457 3476 1492 au-

1899 1516 2002 1561 tem
2040 1513 2151 1562 haec
2182 1511 2346 1563 arbor
2375 1515 2588 1580 priores
2644 1515 2851 1572 fructus
2898 1524 3155 1587 ediderit,
3204 1525 3472 1580 incertum

1896 1609 1997 1665 est,
2033 1618 2130 1654 nec
2197 1607 2330 1658 satis
2360 1622 2548 1660 exaCta
2597 1611 2908 1678 cognitione
2929 1617 3210 1671 traditum.
3245 1619 3313 1671 At
3341 1621 3471 1674 illud

1897 1695 2144 1762 apprime.
2205 1700 2479 1760 novimus.
2537 1703 2784 1757 eamdem
2845 1707 2920 1773 (id
2953 1717 3038 1760 est
3115 1708 3470 1782 Sapricium),

1898 1804 2023 1842 cum
2047 1791 2162 1858 jam
2198 1791 2396 1845 divinae
2427 1809 2630 1849 mensa:
2674 1797 2886 1852 fructus
2937 1816 3236 1869 generosos
3307 1805 3472 1859 mini-

210 1884 440 1951 στὰτης,
498 1888 820 1954 ἀπετμήθη,
857 1890 928 1950 ὡς
961 1893 1218 1956 γενέσθαι
1257 1898 1634 1964 πυρίκαυστον
1658 1915 1672 1928 ·
1704 1899 1794 1951 τὸν
1827 1865 1866 1918 Β

1827 1865 1866 1918 Β
1897 1893 2137 1938 stratura
2163 1896 2332 1951 esset,
2368 1903 2432 1941 eo
2467 1891 2709 1944 excisam
2738 1893 2908 1950 fuisse
2937 1905 2992 1948 ut
3025 1899 3145 1964 igne
3179 1900 3471 1954 combure-

207 1975 316 2043 γαρ
370 1977 591 2042 φοίνικα
644 1979 740 2030 τοῦ
782 1981 917 2034 Θεοῦ
965 1987 1469 2056 καταγευσάμενος,
1521 1991 1602 2041 ὅτι
1646 1991 1786 2060 μηδέ

206 2063 322 2133 εἶχε
364 2070 484 2120 κατ’
515 2072 726 2124 ἐκεῖνον
759 2073 904 2143 λόγῳ
939 2079 1178 2146 φυσικῆς
1204 2081 1432 2147 εὐφυΐας
1461 2082 1668 2150 γλυκὺν
1698 2085 1792 2152 ἐγ·

205 2163 466 2228 κέφαλον,
501 2165 783 2235 άπετάχθη
820 2169 900 2231 είς
934 2169 1044 2239 πῦρ
1072 2174 1312 2226 αίώνιον.

276 2346 365 2400 ιϐ’.
401 2349 464 2399 Ei
494 2349 548 2402 δέ
583 2359 636 2402 τι
671 2351 776 2422 χρὴ
811 2352 930 2419 (οὐκ
957 2355 1022 2407 ἂν
1050 2357 1106 2409 δὲ
1140 2358 1404 2422 ἀπεοικὸς
1444 2362 1552 2430 εἴη)
1591 2363 1786 2416 δυάσαι

205 2439 305 2508 τὴν
341 2440 629 2510 δενδρικὴν
663 2443 897 2514 θεωρίαν
945 2451 1175 2517 ταύτην,
1231 2449 1348 2502 ἔστι
1393 2453 1786 2522 διανοήσασθαι

204 2533 358 2600 ἡμᾶς
384 2533 624 2586 ἐνταῦθα
656 2539 755 2588 οὐκ
786 2539 1128 2607 ἁπροσφυῶς
1161 2544 1256 2593 καὶ
1287 2543 1544 2614 δεύτερον
1589 2548 1787 2602 αὐτίκα

202 2620 426 2691 δένδρον
457 2627 786 2693 παράδοξον,
817 2630 908 2681 τὸν
954 2630 1106 2698 ἅγιον
1149 2633 1483 2704 Νικηφόρον,
1520 2639 1646 2708 ἄχρι
1687 2641 1786 2709 μὲν

203 2719 308 2785 τῆς
342 2717 586 2787 ἐκτομῆς
616 2721 726 2772 τοῦ
753 2725 978 2791 ἀχρείου
1011 2727 1110 2795 τὴν
1146 2729 1372 2794 καρδίαν
1420 2730 1661 2799 δένδρου,
1689 2734 1783 2787 τοῦ

206 2807 562 2873 μισαδέλφου,
591 2810 683 2864 καὶ
711 2811 853 2863 οὕτω
877 2815 1200 2879 (Δαυῖτικῶς
1234 2817 1482 2886 καλέσαι)
1509 2819 1784 2891 βαρυκαρ-

203 2898 344 2964 δίου,
381 2896 470 2953 οἷα
515 2905 608 2955 καὶ
637 2906 1031 2974 ἀγαπήσαντος
1084 2911 1442 2980 ματαιότητα,
1480 2913 1577 2982 οὐχ
1608 2913 1783 2976 οὕτως

204 2991 485 3060 ἐριθηλὲς,
544 2994 666 3046 οὐδὲ
718 2991 830 3049 οἷον
889 3001 1196 3067 μεγαλείως
1241 3005 1664 3071 προφαίνεσθαι,
1708 3005 1781 3068 ὡς

204 3081 361 3149 λόγον
389 3086 474 3136 ἐπ’
507 3086 658 3156 αὑτῴ
700 3083 835 3141 εἶναι
865 3090 1051 3144 πολύν.
1084 3092 1212 3144 Ὅτε
1263 3094 1444 3161 μέντοι
1479 3095 1572 3147 τοῦ
1616 3096 1778 3148 καλοῦ

1897 1985 2071 2031 retur.
2102 1978 2368 2043 Quoniam
2405 1980 2549 2034 enim
2604 1983 2797 2037 collata
2847 2001 2967 2040 cum
3020 1989 3198 2055 palma
3232 1989 3323 2043 Dei
3359 2005 3468 2046 non

1893 2072 2150 2135 habebat,
2185 2086 2244 2127 ut
2270 2077 2424 2141 quasi
2455 2077 2521 2130 de
2546 2093 2808 2147 corporea
2840 2091 3034 2136 natura
3068 2084 3286 2153 loquar,
3310 2102 3466 2155 teque

1891 2179 2114 2218 suavem
2164 2167 2344 2232 gustui
2391 2169 2705 2237 medullam,
2757 2176 2997 2241 seposita
3041 2191 3123 2230 est
3188 2178 3244 2230 in
3292 2178 3466 2245 ignem

1890 2265 2153 2311 aeternum
2165 2299 2178 2311 .

1964 2350 2048 2406 l9.
2087 2352 2180 2403 Sin
2243 2361 2424 2406 autem
2483 2363 2733 2423 oporteat
2781 2356 2934 2424 (nec
2991 2358 3089 2414 abs
3140 2376 3198 2414 re
3247 2365 3465 2431 esset),

1891 2441 2083 2495 harum
2117 2445 2375 2498 arborum
2415 2446 2890 2511 alteramintueri,
2942 2449 2994 2503 id
3044 2455 3464 2522 perspiciamus,

1887 2536 2028 2600 quod
2077 2552 2106 2590 a
2159 2538 2441 2604 praedictis
2490 2555 2598 2591 non
2645 2540 2925 2604 abhorret,
2984 2529 3343 2610 posteriorem
3398 2565 3464 2602 ex

1889 2630 1973 2683 his
1998 2629 2213 2684 duobus
2242 2631 2394 2685 miris
2421 2632 2730 2696 arboribus,
2776 2634 2828 2686 id
2873 2643 2956 2687 est
3001 2649 3255 2690 sanctum
3307 2638 3466 2693 Nice-

1887 2720 2141 2789 phorum,
2173 2737 2238 2775 eo
2262 2737 2433 2790 usque
2457 2723 2585 2775 dum
2612 2735 2953 2778 rcsecaretur
2983 2725 3071 2779 illa
3097 2728 3272 2795 prior,
3306 2730 3464 2795 cujus

1887 2829 1982 2866 cor
2011 2813 2195 2866 sterile
2241 2826 2379 2877 erat,
2432 2816 2559 2882 quia
2613 2814 2813 2872 fratres
2868 2818 3078 2884 oderat,
3134 2831 3226 2874 aut
3277 2822 3461 2889 potius

1887 2917 2048 2972 grave
2079 2913 2196 2958 erat
2231 2905 2311 2974 (ut
2347 2905 2564 2959 Davidis
2610 2907 2774 2962 verba
2809 2909 3119 2978 usurpem),
3148 2912 3275 2979 quia
3300 2915 3460 2967 vani-

1887 3005 2047 3049 tatem
2110 2996 2394 3065 diligebat,
2445 3015 2556 3052 non
2603 3000 2675 3052 ita
2727 3000 2954 3054 viridem
2997 3010 3091 3055 aut
3145 3004 3342 3057 elatam
3403 3023 3462 3061 se

1885 3090 2207 3156 przestitisse
2244 3099 2301 3142 ut
2326 3092 2533 3144 multus
2565 3094 2631 3146 de
2659 3108 2718 3147 ea
2778 3109 2960 3147 sermo
3002 3095 3314 3152 haberetur.
3357 3099 3459 3152 Po-

203 3176 300 3226 καὶ
331 3177 546 3246 σαπροῦ
595 3181 653 3230 ἐν
697 3181 813 3249 χρῷ
846 3184 1070 3249 γέγονεν
1101 3187 1132 3253 ἡ
1167 3185 1347 3254 ἀξίνη,
1391 3187 1637 3256 αὐθωρὸν
1671 3189 1778 3240 τῶν
1809 3208 1850 3268 c

1809 3189 1998 3268 Cstea
2059 3197 2185 3233 vero
2264 3197 2388 3234 cum
2465 3185 2674 3236 securis
2744 3186 2999 3239 corticem
3068 3189 3457 3256 pcnetravisset

203 3266 384 3334 ὑψὲων
411 3270 505 3321 τοῦ
537 3272 769 3340 ούρανοῦ
804 3275 1030 3343 παραψά
1043 3293 1225 3344 μενον,
1254 3279 1348 3329 καὶ
1373 3278 1508 3348 ἄνθη
1543 3281 1781 3348 προϐαλ-

203 3359 451 3428 λόμενον,
485 3362 581 3414 καὶ
615 3369 1071 3435 καρποφορῆσαν,
1124 3366 1200 3431 ὡς
1255 3369 1387 3431 Θεὸς
1437 3371 1650 3441 ἀγαπᾷ,
1686 3373 1782 3424 καὶ

201 3455 267 3521 τῇ
310 3455 528 3506 ἐκείνου
565 3457 885 3521 ἀπελευσει,
922 3458 1045 3511 καθ’
1101 3461 1168 3530 ἢν
1223 3462 1520 3532 ἀπετμήθη
1574 3466 1637 3516 ἐκ
1686 3463 1778 3516 τοῦ

202 3544 340 3596 Θεοῦ
379 3548 476 3599 καὶ
507 3547 602 3598 τοῦ
627 3550 750 3600 κατ’
784 3550 948 3603 αὑτὸν
972 3553 1328 3621 παραδείσου,
1355 3554 1622 3623 ἐκφανθὲν
1647 3555 1778 3606 αὐτὸ

202 3637 281 3696 είς
309 3637 476 3702 φυτὸν
502 3638 638 3688 Θεοῦ
670 3639 973 3708 ἀξιόλογον,
1011 3643 1094 3696 ῐνα
1123 3662 1238 3707 πως
1258 3648 1586 3716 κάνταῦθαή
1618 3647 1778 3702 ἄλλου

201 3726 378 3796 φθορά
411 3728 499 3797 εἴη
530 3728 694 3782 ἄλλου
731 3731 966 3799 γένεσις.

270 3916 339 3971 κ’.
383 3919 494 3971 Καὶ
529 3919 639 3972 ἰδοὺ
682 3919 774 3974 δύο
816 3923 950 3990 ἡμῖν
995 3923 1118 3993 ἄρτι
1161 3925 1514 3995 ἀναπέφηνεν
1558 3927 1776 3997 ἱστορη-

204 4015 340 4082 μένα
369 4014 586 4082 δένδρα,
627 4014 910 4083 θαύματος
938 4016 1035 4067 καὶ
1061 4017 1379 4085 ἐκπλήξεως
1406 4021 1530 4082 ἄξια
1551 4037 1565 4050 ·
1608 4013 1683 4073 ὧν
1718 4021 1777 4072 τὸ

204 4105 304 4173 μὲν
333 4109 545 4173 τάχιον,
582 4109 611 4174 ἢ
647 4107 928 4177 ἀναμῦσαί
959 4126 1101 4174 τινα,
1136 4111 1163 4162 6
1209 4114 1272 4182 δὴ
1318 4113 1560 4181 λέγεται,
1594 4116 1777 4177 αὐτοῖς

199 4199 455 4262 καρποῖς,
491 4192 574 4258 οἷς
610 4197 826 4266 ἔφερεν,
865 4198 941 4260 ὡς
989 4200 1087 4268 μὲν
1138 4200 1313 4264 ἄλλως
1363 4205 1562 4268 είπεῖν,
1594 4221 1776 4271 τυφω-

199 4288 337 4358 νικῷ
367 4290 699 4353 ἐξέσπασται
733 4293 1007 4359 πνεύματι
1042 4293 1136 4346 καὶ
1178 4293 1460 4364 ’Δρπυίαις
1495 4296 1774 4364 ἐλήλαται,

201 4380 651 4449 προσφυέστερον
689 4381 745 4434 δὲ
793 4384 981 4450 φάναι,
1025 4385 1406 4436 κατέσπασται
1455 4387 1536 4447 εἰς
1569 4387 1775 4456 φθορὰν

197 4475 446 4542 χάσματι
479 4474 600 4541 γῆς.
641 4475 715 4525 Τὸ
748 4474 803 4526 δὲ
845 4475 1032 4543 ἓτερον
1059 4475 1334 4545 δεύτερον,
1368 4479 1442 4540 ὡς
1471 4475 1558 4530 οἷα
1588 4482 1680 4532 καὶ
1712 4484 1774 4532 ἐκ

1889 3274 2120 3342 hujusce
2155 3275 2393 3341 pulchra:
2417 3289 2481 3327 ac
2529 3277 2758 3342 putrida:
2815 3280 3055 3343 arboris,
3103 3280 3449 3350 Nic-ephorus

1885 3365 2032 3418 bone
2063 3375 2341 3418 momento
2368 3368 2516 3422 visus
2544 3377 2627 3422 est
2646 3370 2858 3424 excelsa
2877 3371 2998 3425 coeli
3018 3380 3258 3441 tangere,
3291 3374 3458 3429 ﬂores

1882 3456 2231 3525 profundere,
2287 3457 2611 3526 fructusque
2664 3458 2806 3514 ferre
2855 3462 3058 3530 quibus
3113 3464 3259 3519 Deus
3312 3465 3459 3519 dele-

1881 3561 2080 3604 ctatur.
2116 3550 2346 3620 Sapricii
2379 3553 2621 3606 recessio
2642 3594 2656 3616 ,
2692 3562 2915 3622 propter
2946 3572 3107 3625 quam
3131 3574 3196 3612 ex
3239 3559 3348 3614 Deo
3380 3570 3460 3615 at-

1881 3659 1987 3711 que
2043 3643 2160 3712 ejus
2194 3644 2450 3711 paradiso
2490 3655 2776 3714 exemptus
2830 3657 2936 3710 est,
2977 3664 3144 3703 causa
3193 3650 3295 3704 fuit
3357 3668 3458 3707 cur

1879 3733 2219 3803 Nicephorus
2267 3737 2507 3802 plantam
2558 3737 2664 3790 Deo
2707 3739 3005 3804 pretiosam
3052 3756 3111 3795 se
3151 3743 3456 3810 exhiberet,

1883 3831 2073 3895 sicque
2137 3843 2201 3879 ex
2236 3829 2400 3881 unius
2440 3829 2608 3882 exitio
2633 3830 2859 3884 alterius
2890 3833 3040 3886 salus
3071 3834 3336 3889 oriretur.

1949 3920 2037 3975 20.
2073 3920 2210 3974 Ecce
2247 3923 2356 3975 duo
2408 3924 2525 3976 istm
2555 3925 2803 3989 arbores,
2839 3940 2975 3994 quas
3012 3931 3452 3989 memoraritntts;

1881 4012 2242 4065 admiratione
2296 4021 2348 4065 et
2406 4026 2629 4081 stupore
2700 4014 2897 4084 dignas
2942 4017 3098 4071 nobis
3166 4034 3339 4087 nuper
3398 4039 3457 4076 se

1879 4107 2261 4157 Ostenderunt.
2315 4104 2558 4156 Alteram
2619 4105 2802 4169 enim,
2862 4106 3180 4174 priusquam
3220 4111 3363 4178 quis,
3399 4123 3457 4166 ιιι

1879 4199 2056 4257 aiunt.
2119 4197 2471 4259 nictaretur,
2513 4195 2838 4265 typhonicus
2875 4207 3096 4262 ventus,
3131 4208 3188 4252 ιιι
3249 4210 3457 4258 temere

1879 4287 2095 4356 loquar,
2124 4286 2489 4353 exstirpavit,
2543 4301 2665 4338 cum
2727 4286 3001 4341 fructibus
3033 4303 3172 4354 quos
3215 4293 3448 4357 ferebat,

1878 4377 2236 4448 Harpyiaeque
2302 4375 2688 4440 abduxerunt;
2741 4377 2823 4430 vel
2909 4379 3112 4445 potius,
3180 4391 3239 4434 ut
3304 4399 3455 4435 con-

1877 4479 2138 4541 gruenter
2167 4471 2344 4522 tlicam
2370 4508 2384 4531 ,
2413 4469 2660 4522 avulsam
2691 4477 2744 4520 et
2775 4469 2841 4522 ad
2873 4472 3172 4537 perniciem
3205 4487 3450 4530 ruentem

200 4565 275 4631 μὴ
310 4564 466 4625 ὄντος
501 4565 764 4632 ἀναφυέν,
802 4565 1034 4635 ἐξεφάνη
1063 4569 1155 4618 καί
1185 4568 1606 4640 ἐπληροφορήθη
1636 4573 1771 4641 πρὸς
1804 4553 1849 4611 D

1804 4553 1849 4611 D
1881 4572 2025 4615 terra
2055 4563 2213 4614 hians
2246 4561 2562 4613 absorbuit.
2598 4561 2784 4614 Altera
2810 4571 3017 4627 autem,
3051 4564 3211 4631 quasi
3261 4581 3323 4618 ex
3363 4567 3449 4619 illa

197 4656 292 4708 καὶ
322 4657 720 4726 ἐντελεστάτην
765 4657 935 4726 αὔξην
991 4662 1082 4711 καὶ
1115 4661 1400 4730 κάρπωσιν
1434 4663 1766 4732 θεάρεστονο

197 4749 328 4800 αὐτὸ
367 4749 465 4814 μὲν
499 4749 635 4815 πρὸς
669 4749 833 4801 αὑτοῦ
886 4750 978 4802 τοῦ
1029 4750 1165 4802 Θεοῦ
1224 4753 1317 4804 καὶ
1363 4755 1639 4822 προφανὲν
1676 4756 1769 4807 καὶ

198 4837 467 4904 θεοφιλῶς
492 4838 914 4909 τελεσφορηθὲν,
949 4844 1124 4893 ἐκεῖνο
1156 4842 1211 4892 δὲ
1239 4843 1328 4895 διὰ
1358 4844 1449 4894 τοῦ
1477 4848 1767 4912 παγκάκου

205 4931 466 4998 πολεμίου
522 4933 618 5000 τῆς
672 4932 1018 5000 ἀνθρωπίνου
1079 4934 1296 5002 φύσεως
1345 4937 1638 5002 ἑξολωλὸςο
1681 4939 1767 4991 ἵνα

198 5023 287 5074 καὶ
323 5024 385 5073 ὲκ
431 5024 640 5075 τούτων
682 5024 963 5092 μάθωμεν,
995 5020 1080 5076 οἷα
1125 5026 1223 5094 μὲν
1258 5028 1286 5077 6
1329 5028 1528 5096 Κύριος
1561 5029 1744 5098 θαυμα

197 5117 444 5180 τουργεῖ,
479 5117 634 5166 ὁποῖα
669 5117 725 5166 δὲ
749 5118 776 5166 6
820 5118 1132 5182 ἀποστάτης
1162 5118 1348 5180 δοῦλος
1378 5122 1712 5188 ῥᾳδιουργεῖ,
1743 5124 1770 5173 6

200 5207 411 5273 μηδένα
443 5207 614 5273 φιλῶν
638 5209 951 5277 ἄνθρωπον,
988 5211 1088 5261 κᾶν
1116 5214 1162 5261 εἰ
1197 5211 1288 5262 καὶ
1319 5213 1400 5272 είς
1436 5213 1770 5267 οἰκειότατον

196 5299 366 5350 αὑτὸν
395 5298 768 5368 ἑγγράφηται,
804 5302 939 5354 ἀλλὰ
979 5304 1105 5362 τοὺς
1146 5303 1300 5365 ὅλους
1336 5303 1538 5356 ἐθέλων
1587 5322 1774 5357 κοινωο

197 5393 323 5452 νοῦς
357 5390 508 5456 αὐτῷ
533 5392 788 5457 γενέσθαι
820 5395 918 5461 τῆς
950 5395 1250 5458 κολάσεως,
1280 5396 1610 5459 ἁπεναντίας
1638 5397 1773 5449 πάν·

197 5497 306 5544 τως
347 5481 424 5548 τῷ
455 5483 664 5545 πάντας
694 5485 932 5537 ἐθέλοντι
970 5485 1262 5548 σώζεσθαι.

270 5580 380 5626 κα’.
417 5573 645 5638 Οὐκοῦν,
686 5575 772 5642 ἐφ’
821 5573 901 5637 οἷς
943 5577 1069 5645 ἄρτι
1106 5579 1310 5649 φαμὲν,
1357 5583 1769 5652 κομψευόμενος

195 5669 345 5721 εἴποι
375 5667 440 5719 ἄν
468 5682 572 5731 τις,
613 5667 705 5720 δύο
755 5669 978 5733 τούτους
1026 5672 1324 5741 ἀλήθοντας
1355 5670 1435 5739 οἷς
1468 5677 1624 5732 ἔῖων.
1674 5679 1769 5731 καὶ

272 5854 290 5884 ⁵
332 5852 492 5908 l‘rov.
529 5868 598 5914 tv,
666 5852 744 5906 ιο.
843 5859 859 5884 ⁸
904 5853 1038 5908 ibid.

1879 4657 2165 4710 demortua
2213 4654 2512 4722 prodiisset
2543 4693 2556 4715 ,
2598 4654 2784 4706 statim
2834 4657 3110 4722 apparuit,
3173 4656 3452 4723 implevit-

1877 4766 1985 4820 que
2009 4753 2214 4818 justum
2257 4749 2684 4805 incrementum,
2720 4745 2951 4813 tulitque
2981 4747 3194 4800 fructus
3229 4749 3335 4803 Deo
3363 4749 3451 4813 ju-

1875 4843 2104 4897 cundos.
2137 4839 2235 4892 Hic
2265 4840 2442 4906 ipsum
2480 4837 2622 4906 apud
2659 4838 2826 4889 Deum
2855 4839 3004 4891 visus
3035 4851 3138 4901 est,
3161 4856 3272 4908 quo
3324 4859 3448 4894 eum

1876 4935 2095 4987 divinus
2123 4947 2280 4984 amor
2309 4930 2670 4999 perduxerat;
2710 4929 2801 4982 ille
2862 4945 2956 4997 per
3005 4931 3305 4998 pessimum
3355 4948 3449 5000 ge-

1878 5028 2025 5080 neris
2082 5023 2313 5076 humani
2382 5023 2591 5073 hostem
2675 5022 2853 5086 periit,
2926 5036 3036 5087 quo
3106 5022 3450 5077 dlSCchIIHlS

1878 5127 2079 5186 quanta
2128 5117 2236 5169 sint
2296 5130 2418 5167 cum
2473 5113 2747 5165 mirabilia
2815 5112 3048 5176 Domini,
3087 5123 3198 5166 tum
3243 5115 3448 5168 ttel’atia

1879 5212 2018 5264 servi
2057 5210 2218 5262 istius
2281 5207 2519 5269 rebellis,
2589 5205 2682 5273 qui
2745 5207 2953 5257 nullum
3011 5222 3077 5259 ex
3134 5206 3450 5260 bOminibns

1879 5312 2047 5366 amat,
2109 5317 2174 5354 ne
2204 5304 2310 5353 bos
2359 5299 2581 5368 quidem
2629 5312 2767 5366 quos
2801 5307 2856 5350 ιιι
2921 5299 3024 5350 sibi
3095 5298 3451 5353 ﬁdelissimos

1878 5396 2228 5462 conscripsit,
2259 5394 2352 5445 sed
2390 5393 2503 5445 vult
2529 5402 2758 5444 cunctos
2794 5389 2906 5442 fieri
2941 5404 3112 5458 pretia:
3135 5406 3251 5443 sua:
3278 5397 3450 5457 parti-

1879 5491 2049 5555 cipes,
2085 5493 2241 5552 longe
2273 5500 2433 5537 secus
2449 5499 2510 5537 ac
2542 5484 2681 5534 Deus
2704 5482 2795 5550 qui
2846 5482 3029 5537 salvos
3063 5497 3255 5535 ontnes
3308 5483 3447 5536 vult.

1946 5580 2035 5632 ‘21.
2084 5577 2177 5631 His
2229 5591 2348 5644 qua:
2382 5575 2542 5628 modo
2587 5574 2848 5636 diximus,
2903 5572 3067 5640 adjici
3124 5584 3311 5641 posset
3363 5588 3451 5627 er-

1880 5672 2040 5726 nandi
2100 5685 2285 5736 causa,
2335 5669 2443 5723 duo
2485 5668 2606 5722 illus
2644 5667 2786 5722 viros
2819 5679 2943 5721 cum
2997 5666 3114 5721 suis
3147 5665 3451 5736 aequalibus
