4210 6438
185 385 292 451 585

1149 368 1230 428 1N
1269 367 1330 428 S.
1373 364 2038 438 QUADRAGESIMAM
2081 364 2369 424 ORATIO
2396 365 2480 424 Ιῐ.

3331 363 3439 426 586

183 500 396 564 ζεσθαι,
436 497 526 548 καὶ
581 493 739 546 τόκον
790 488 958 542 αὐτοῦ
1010 485 1428 554 ἀπολαμϐάνειν
1467 485 1592 552 ἐμοὶ
1633 485 1756 554 ipf-

1868 498 1988 536 num
2016 484 2416 550 inquisitorem,
2442 485 2543 538 nisi
2571 483 2896 537 centesimas
2934 491 3028 536 aut
3068 482 3323 550 duplum,
3346 487 3437 536 sed

187 605 412 650 σκοντα,
455 580 544 638 οἷα
603 584 676 653 μὴ
712 578 1117 647 εὐλαϐούμενος
1147 575 1235 627 τὸν
1278 576 1676 640 λογιστεύοντει,
1713 576 1757 624 εί

1868 586 1910 626 et
1943 578 2112 629 multo
2155 576 2358 641 majora
2393 585 2636 644 repetam
2661 574 2726 628 ad
2761 575 2998 633 lucrum.
3036 589 3144 630 non
3184 576 3253 629 ita
3283 573 3446 628 facile

183 683 257 750 μὴ
290 678 600 738 ἑκατοστάς
641 675 673 742 ἦ
720 671 996 741 ἡμιολίας,
1033 668 1168 720 ἀλλὰ
1201 666 1386 733 πολλῷ
1429 665 1598 716 πλείω
1639 665 1761 716 τού-

182 793 292 826 των
327 770 551 824 ἁπαιτῶ
591 767 668 829 είς
708 765 924 834 κέρδος,
961 763 1059 814 οὐκ
1094 761 1160 814 ἂν
1198 760 1340 812 οὕτω
1400 758 1598 828 ῥαδίως
1645 775 1764 808 πει-

183 862 371 928 σθείην
433 855 681 910 ἐκδοῦναι
727 855 788 906 τὸ
823 851 1178 921 ζητούμενον.
1246 849 1656 916 Ἀκριὸώσομαι
1707 847 1761 898 δὲ

181 954 311 1006 αὖτὸ
344 970 401 1004 τε
439 950 647 1011 λαϐεῖν,
678 949 725 1000 εί
768 947 862 998 καὶ
889 945 965 1013 μὴ
1005 942 1223 1004 αὐτίκα,
1257 941 1405 1010 ὅμως
1447 941 1491 992 δ’
1518 937 1612 991 οὖν
1646 937 1765 1005 μετ’

180 1046 387 1109 ὀλίγον,
432 1042 522 1092 καὶ
559 1036 829 1106 ὠφέλειάν
864 1050 952 1102 μοι
987 1032 1065 1101 τῷ
1110 1029 1324 1098 ἀρχαίῳ
1363 1025 1764 1098 προσεπιδοῦῆ-

181 1157 289 1198 ναι,
331 1138 472 1208 ὅπερ
504 1136 624 1187 ἐστὶ
652 1132 746 1184 καὶ
779 1130 935 1182 τόκον
975 1129 1068 1181 ἐπὶ
1100 1126 1174 1196 τῷ
1210 1125 1495 1193 κεφαλαίῳ
1535 1121 1626 1174 τοῦ
1668 1123 1761 1174 δα-

183 1233 506 1300 νείσματος,
539 1224 887 1290 ὲπιὸαρύνων
919 1222 1062 1290 ὑμᾶς
1104 1221 1198 1273 καὶ
1236 1219 1455 1286 ἀνάγκῃ
1490 1214 1760 1284 ἐπαχθοῦς

1860 668 2226 720 consentirem
2250 667 2462 720 tradch
2486 669 2792 734 qua-situm.
2821 666 3054 737 Operam
3080 679 3258 722 autem
3302 668 3445 722 dabo

1862 768 1919 808 ιιι
1945 757 2102 818 illud,
2138 757 2182 810 si
2213 773 2320 810 non
2353 758 2640 820 continuo,
2688 756 2880 811 saltem
2915 767 3039 825 post
3098 756 3258 811 breve
3304 766 3442 812 tein-

1867 865 1987 917 pus,
2008 852 2300 919 accipiam,
2332 858 2385 903 et
2413 851 2765 904 commodum
2799 851 2956 914 mihi,
2983 850 3148 919 capiti
3175 850 3441 905 faenerato

1871 940 2292 1006 superaddatur,
2323 940 2482 1009 quasi
2520 949 2931 1010 caputsumma:
2962 941 3265 1006 fmneratze,
3291 943 3442 1014 gravi

1873 1031 2192 1085 necessario
2222 1046 2318 1085 vos
2354 1047 2598 1087 onerans
2637 1034 2828 1095 multa,
2866 1035 2971 1089 nisi
3006 1037 3110 1089 hoc
3147 1037 3440 1105 pra‘stetis.

1868 1121 1931 1175 Et
1970 1123 2070 1176 hoc
2124 1133 2208 1177 cst
2271 1124 2401 1177 mihi
2459 1129 2988 1195 prmceptum,quod
3043 1138 3342 1184 assumunt
3393 1128 3447 1181 in

1868 1232 1927 1270 sa:
1963 1218 2055 1284 qui
2089 1218 2308 1270 divinas
2335 1219 2750 1274 exhortationes
2787 1237 2884 1290 pro
2917 1223 3089 1276 nihilo
3125 1224 3352 1276 habent.

181 1325 517 1392 προστίμου,
573 1321 621 1371 εἰ
678 1321 752 1387 μὴ
806 1317 948 1369 οὕτω
1006 1315 1286 1384 ποιήσετε.
1351 1311 1459 1364 Καὶ
1509 1310 1624 1362 ἐστι
1693 1327 1781 1378 μοι
1837 1309 2077 1378 ἐκεῖνοη
2129 1313 2336 1382 ἐντολὴ,
2396 1315 2462 1383 ἠν
2521 1314 2959 1383 ἐπιφορτίζονται
3033 1316 3080 1367 oi
3138 1317 3230 1378 τὰς
3292 1318 3444 1380 θείας

183 1421 544 1486 παραινέσεις
583 1416 858 1483 τιθέμενοι
892 1413 1018 1481 παρ’
1053 1410 1229 1463 οὐδέν.

257 1510 325 1580 β’.
371 1510 434 1563 Et
487 1509 671 1562 τοίνυν
697 1505 873 1567 οὕτως
933 1501 1315 1566 ὲκουσιάζεσοε
1351 1501 1553 1561 λαόεἷν,
1592 1500 1626 1552 ἃ
1667 1499 1764 1566 ζη-

183 1608 356 1665 τεῖτε,
401 1603 582 1663 καλῶς
622 1599 716 1652 καὶ
754 1597 1031 1666 ἒπιτυχῶς
1062 1596 1190 1660 ὑμῖν
1230 1596 1296 1646 τὰ
1332 1592 1433 1660 τῆς
1476 1591 1598 1644 ὁδοῦ
1638 1593 1764 1660 ἠνυ-

186 1711 314 1746 σται
338 1709 353 1725 ο
386 1694 436 1744 εί
469 1691 524 1743 δὲ
555 1689 729 1750 ἄλλως
756 1688 1089 1755 ὀχλήσαντες
1119 1682 1314 1754 ήλθετε
1350 1680 1410 1731 τὸ
1459 1695 1764 1746 πνευματι-

184 1789 281 1837 κὸν
310 1786 581 1853 ταμιεῖον,
612 1783 690 1842 είς
730 1778 914 1847 μάτην
944 1773 1424 1845 θυροκρουστεῐτε.
1453 1771 1561 1821 Καὶ
1595 1771 1704 1822 ἰδοὺ
1738 1770 1765 1819 ὁ

185 1878 330 1927 κατὰ
387 1873 604 1942 πνεῦμα
637 1869 952 1939 ταμιουχῶν
978 1867 1091 1935 ἐγὼ
1117 1866 1262 1932 λέγω
1305 1863 1458 1932 ὑμῖν,
1500 1863 1574 1926 ὡς
1607 1881 1624 1913 ι
1653 1863 1766 1914 υὺκ

185 1964 304 2019 οἶδα
348 1966 516 2034 ὑμᾶς.
548 1982 567 2014 ι
589 1963 754 2015 Ἀλλὰ
785 1962 892 2031 γὰρ
932 1960 1266 2020 αἰσθάνομαι
1297 1959 1449 2026 ὑμῶν
1481 1957 1768 2011 κατατιθε-

191 2059 398 2125 μένων,
436 2058 593 2128 εἴπερ
633 2054 958 2123 ὲκδανεισθῇ
1002 2053 1060 2104 τδ
1091 2051 1220 2121 ὑμῖν
1254 2049 1769 2120 ζητούμενον,-αύτὸ

187 2167 246 2202 τε
285 2147 408 2218 μετ’
437 2149 497 2201 ού
533 2149 665 2200 πολὺ
701 2147 1098 2213 προσενεγκεῖν
1124 2143 1184 2194 τὸ
1221 2142 1519 2208 κεφάλαιον
1549 2141 1770 2209 ἀκριεεί

190 2242 365 2310 ξυγῷ.
390 2240 470 2303 τῷ
510 2239 649 2292 κατὰ
689 2235 1062 2304 δικαιοσύνην,
1109 2236 1202 2287 καὶ
1252 2233 1348 2285 τοῦ
1389 2234 1598 2284 ἐκεῖθεν
1632 2251 1767 2303 καρ.

193 2333 462 2401 πώματος
491 2331 590 2382 οὐκ
623 2329 802 2395 ὀλίγον
835 2329 1203 2396 περίσσευμα.

263 2423 334 2492 γ’.
367 2424 572 2492 Μήπου
631 2421 689 2472 δὲ
719 2420 812 2472 καὶ
846 2419 1249 2472 πολλαπλάσιον
1284 2420 1376 2472 καὶ
1421 2420 1514 2471 ἐπὶ
1557 2418 1768 2481 τούτοις

191 2517 398 2584 ἁνοίγω
427 2515 490 2567 τὸ
539 2511 670 2582 παρ’
719 2513 846 2580 tuo!
887 2513 1302 2582 γλωσσόκομον,
1357 2513 1454 2566 καὶ
1508 2513 1769 2582 προφέρω

193 2611 453 2678 κέρματα
480 2607 606 2660 οὔτε
646 2605 898 2677 κίϐδηλα,
932 2605 1055 2658 οὔτε
1086 2605 1259 2659 είκόνι
1287 2609 1658 2676 γεγραμμένα
1695 2608 1768 2677 μὴ

191 2701 491 2772 βασιλικῷ,
537 2701 628 2755 καὶ
658 2700 720 2754 εὖ
766 2700 823 2752 δὲ
870 2699 1352 2767 κεκωδωνισμένα,
1402 2701 1494 2753 καὶ
1529 2700 1768 2771 λήψεσθε

189 2793 330 2846 αὐτὰ
359 2794 458 2845 καὶ
481 2792 863 2862 ἑμπωλοῦντες
885 2793 1200 2862 κερδήσετε,
1219 2794 1282 2845 οὺ
1304 2793 1399 2844 τὸν
1422 2795 1486 2844 ἐκ
1518 2793 1770 2862 Σάρδεων

189 2888 460 2953 ὃλέγεται
513 2886 802 2956 ἤλεκτρον,
853 2884 976 2938 οὐδὲ
1038 2886 1106 2937 τὰ
1176 2886 1373 2938 Ἰνδικὰ
1407 2886 1626 2956 χρυσία,
1662 2889 1770 2938 οὐδ’

187 2979 288 3028 ὅσα
315 2977 418 3038 τῆς
451 2976 602 3028 κάτω
632 2975 860 3044 τύρϐης,
888 2977 1016 3044 περὶ
1046 2976 1112 3045 ῆν
1143 2975 1422 3044 τρίϐονται
1457 2977 1504 3026 oi
1545 2977 1643 3045 τῆς
1668 2979 1770 3045 γῆς

190 3068 496 3134 ἄνθρωποι,
522 3066 636 3118 ἀλλ’
661 3068 831 3134 αὐτὴν
859 3066 1138 3135 βασιλείαν
1166 3067 1435 3137 οὐρανῶν.
1485 3068 1768 3137 Ἐντίθημι

189 3159 246 3209 δὲ
278 3159 413 3228 ὑμῖν
445 3160 526 3220 είς
555 3159 680 3211 νοῦν
712 3161 803 3212 καὶ
837 3160 911 3222 ὡς
935 3161 1036 3211 οὐκ
1087 3158 1219 3229 ἐμὸν
1241 3161 1301 3212 τὸ
1328 3162 1772 3232 προσεὸλημένον

1943 1499 1996 1551 2.
2031 1499 2086 1553 Si
2123 1513 2254 1569 ergo
2290 1499 2372 1554 sic
2405 1499 2644 1554 libenter
2689 1501 2852 1554 vultis
2876 1504 3124 1570 accipere
3149 1517 3269 1570 quae
3299 1519 3449 1574 qua:—

1880 1594 2028 1657 ritis,
2066 1594 2201 1648 bene
2259 1593 2602 1662 feliciterque
2649 1595 2806 1649 vobis
2851 1595 2954 1648 iter
2991 1608 3270 1662 peractum
3327 1605 3448 1660 est;

1875 1688 1917 1738 si
1995 1703 2122 1739 vero
2199 1687 2500 1740 turbulenti
2577 1687 2641 1740 ad
2725 1687 3070 1757 spiritualem
3135 1691 3450 1757 thesaurum

1876 1781 2108 1844 venitis,
2150 1790 2358 1850 portam
2427 1781 2630 1834 frustra
2709 1782 2963 1849 pulsatis.
3009 1782 3146 1835 Ecce
3201 1798 3301 1851 ego
3340 1785 3453 1852 spi-

1877 1874 2052 1928 ritalis
2087 1873 2332 1926 thesauri
2361 1873 2779 1926 administrator
2819 1874 2972 1928 vobis
3007 1875 3167 1927 dico:
3199 1894 3216 1924 ι
3248 1873 3450 1929 Nescio

1874 1978 1968 2017 vos
2003 1964 2042 2016 ¹.
2080 1982 2098 2013 ι
2168 1960 2272 2016 Sed
2337 1962 2714 2016 animadverto
2764 1979 2860 2017 vos
2915 1979 3040 2017 esse
3098 1977 3341 2032 paratos.
3401 1966 3446 2020 si

1869 2055 2156 2122 quzesitum
2210 2054 2362 2108 vobis
2407 2053 2752 2120 [αιτιοι-οων,
2809 2057 3032 2125 ipsum,
3090 2074 3195 2110 non
3278 2060 3449 2114 multo

1873 2154 2018 2215 post.
2061 2162 2220 2217 equo
2267 2146 2527 2216 pondere,
2581 2149 2724 2216 quod
2796 2158 2879 2200 est
2931 2149 3234 2202 secundum
3287 2151 3454 2216 justi-

1871 2241 2024 2303 tiam,
2050 2239 2377 2294 ftnneratuin
2403 2249 2587 2307 caput,
2609 2250 2662 2293 et
2684 2239 2914 2295 fenoris
2936 2243 3137 2298 exinde
3175 2243 3316 2312 parti
3342 2259 3448 2297 non

1870 2345 2094 2399 parvam
2122 2330 2539 2383 exuberantiam
2572 2330 2796 2385 afferre.

1943 2421 1996 2474 5.
2034 2421 2241 2476 Nedum
2302 2430 2483 2476 autem
2531 2423 2815 2489 multiplex
2873 2440 3037 2493 super
3076 2427 3160 2479 his
3205 2428 3447 2493 aperiam

1872 2515 2014 2583 quod
2044 2525 2128 2569 est
2156 2515 2314 2583 juxta
2351 2530 2437 2568 nte
2466 2517 2881 2585 repositorium,
2916 2518 3138 2588 profero
3193 2536 3448 2575 nummus

1874 2621 1972 2661 nec
2002 2607 2365 2669 adulteratos,
2411 2622 2511 2660 nec
2566 2607 2669 2661 alia
2706 2623 2872 2678 quam
2928 2611 3075 2680 regia
3105 2612 3344 2681 imagine
3375 2611 3450 2665 si-

1872 2706 2083 2767 gnatos,
2123 2699 2220 2752 sed
2277 2698 2416 2752 bene
2473 2702 2757 2768 probatos,
2792 2709 2848 2756 et
2898 2704 3180 2773 accipietis
3226 2723 3343 2776 eos,
3395 2720 3450 2763 et

1874 2791 2224 2858 negotiantes
2279 2791 2646 2847 lucrifacietis
2694 2809 2804 2848 non
2864 2796 3128 2850 electrum
3177 2803 3320 2869 quod
3370 2804 3454 2857 di-

1873 2884 2017 2936 citur
2035 2882 2352 2948 Sardicum,
2378 2901 2556 2954 neque
2577 2886 2827 2940 Indicum
2849 2905 3070 2954 aurum,
3097 2907 3272 2961 neque
3302 2894 3450 2948 aliud

1873 2974 2002 3044 quid
2047 2975 2114 3027 de
2159 2976 2319 3029 turba
2372 2979 2646 3042 terrestri,
2695 2980 2840 3032 circa
2883 2996 3048 3052 quam
3101 2987 3453 3054 exagitantur

1877 3069 2125 3123 homines
2156 3068 2322 3138 hujus
2351 3081 2528 3132 terrae,
2561 3072 2654 3125 sed
2685 3073 2861 3140 ipsum
2888 3077 3156 3130 eteiorum
3194 3095 3447 3149 regnum.

1876 3159 2066 3227 lnjieio
2116 3171 2297 3214 autem
2335 3161 2489 3214 vobis
2525 3163 2580 3215 in
2613 3173 2873 3227 mentem,
2918 3182 3025 3220 non
3054 3171 3211 3238 quasi
3245 3187 3449 3238 meum,

191 3250 421 3319 χρυσίον
459 3252 554 3302 καὶ
589 3250 875 3320 ἀργύριον,
911 3257 1004 3304 καὶ
1050 3251 1188 3314 ὅλως
1223 3254 1418 3316 εἰπεῖν,
1449 3254 1507 3306 τὸ
1537 3256 1767 3308 ἐκδανει-

1881 3253 2219 3320 propositutn
2273 3269 2466 3308 aurum
2510 3267 2565 3309 et
2621 3269 2931 3328 argentum,
2982 3270 3058 3326 et,
3093 3281 3206 3318 uao
3261 3268 3446 3330 verbo,

193 3343 444 3408 ξάμενον,
472 3341 586 3394 ἀλλ’
622 3342 790 3394 αὐτοῦ
835 3343 928 3394 τοῦ
971 3344 1210 3411 μεγάλου
1239 3344 1398 3406 Θεοῦ,
1434 3346 1491 3409 ὃς
1520 3347 1612 3399 τοῦ
1648 3350 1771 3400 κατ’

192 3432 355 3484 αὑτὸν
373 3431 650 3501 θησαυροῦ
679 3433 852 3484 ταῦτα
880 3428 1022 3486 εἷναί
1047 3451 1231 3502 φησιν,
1260 3454 1278 3486 ι
1303 3436 1465 3504 Ἐμόν
1491 3440 1660 3502 ἐστιν,
1694 3441 1770 3490 εί-

192 3521 334 3586 πὼν,
365 3523 427 3575 τὸ
452 3525 696 3591 χρυσίον,
726 3525 818 3575 καὶ
847 3524 978 3592 ἐμὸν
1005 3524 1062 3575 τὸ
1090 3524 1377 3595 ἀργύριον,
1410 3546 1428 3578 ι
1462 3528 1771 3592 ἀκολούθως

190 3614 248 3666 δδ
280 3615 373 3666 καὶ
404 3617 514 3666 πᾶν
546 3616 674 3668 ἄλλο
732 3616 1015 3688 σύστοιχον
1050 3620 1286 3682 τούτοις.
1319 3623 1428 3674 Καὶ
1454 3624 1612 3675 τοῦτο
1645 3626 1772 3694 ὑμῖν

193 3707 274 3766 εἰς
315 3705 440 3756 νοῦν
504 3707 752 3776 θέμενος,
813 3711 1141 3779 παρακαλῶ,
1201 3714 1276 3784 μὴ
1327 3713 1526 3782 ψεῦσαί
1576 3734 1641 3786 με
1675 3720 1772 3785 τῆς

193 3798 412 3864 ἀγαθῆς
462 3799 700 3864 ἐλπίδος,
745 3802 880 3871 μηδὲ
913 3803 1197 3871 ἀπατῆσαι
1248 3806 1339 3857 τὸν
1379 3805 1522 3860 οὕτω
1562 3808 1772 3877 μεγάλα

195 3889 537 3955 δανείζοντα,
569 3891 654 3943 ἴνα
684 3893 757 3963 μὴ
786 3896 879 3943 καὶ
903 3895 1003 3962 ἐμὲ
1028 3895 1104 3962 τῷ
1132 3898 1500 3968 παμμεγίστῳ
1526 3902 1768 3970 Δεσπότῃ

197 3983 384 4048 ἔνοχον
423 3981 711 4050 ποιήσητε,
737 3982 810 4043 ὼς
840 3983 908 4035 τὰ
936 3986 1166 4051 ἐκείνου,
1199 3987 1345 4049 ὅπως
1373 3989 1439 4041 ἂν
1467 3991 1560 4041 καὶ
1593 3991 1765 4060 τύχοι,

197 4071 689 4138 καταπροῖὲμενον,
727 4071 846 4125 οὐδὲ
896 4073 1054 4141 ὑμεῖς
1091 4076 1504 4143 ἀκατάγνωστοι
1559 4084 1769 4146 μενεῖτε

201 4162 293 4211 καὶ
334 4159 614 4221 ὰὸλαὸεἰς.
650 4160 795 4212 Πάνυ
827 4161 936 4230 γὰρ
957 4163 1278 4234 φιλοκερδὴς
1307 4167 1511 4228 ἐκεῖνος
1544 4167 1768 4233 διέ-,νω-

195 4265 345 4313 σται,
388 4248 483 4301 καὶ
514 4249 604 4301 διὰ
636 4249 795 4301 τοῦτο
829 4253 1106 4320 πανταχοῦ
1140 4255 1380 4323 σπείρων
1405 4257 1500 4307 καὶ
1531 4258 1608 4319 είς
1645 4260 1770 4309 πολ-

195 4341 346 4404 λοὺς,
379 4343 476 4392 καὶ
529 4341 604 4409 μὴ
663 4342 863 4393 ἐθέλων
905 4344 1042 4412 μηδὲ
1081 4345 1278 4415 ψῆγμα
1311 4347 1406 4399 τοῦ
1456 4349 1578 4400 κατ’
1605 4351 1770 4403 αὑτὸν

192 4433 408 4485 δανείου
450 4430 754 4485 διεκπεσεῖν
794 4434 875 4495 είς
929 4436 1104 4499 κενὸν,
1164 4438 1297 4508 μηδὲ
1355 4441 1587 4508 κεραίαν
1640 4443 1768 4511 μίαν

191 4522 325 4588 γοῦν
360 4538 485 4574 τινα
517 4523 935 4592 καταργηθῆναι
969 4527 1080 4580 τῶν
1112 4530 1463 4598 συμφωνιῶν,
1487 4534 1608 4586 ὅσαι
1632 4537 1766 4587 ἀπο-

191 4613 463 4665 τείνονται
503 4613 638 4681 πρὸς
679 4616 840 4667 αὑτὸν
880 4616 1213 4682 δανείζοντα.

262 4703 324 4756 δ’.
360 4705 484 4756 Ὀτι
517 4705 649 4772 γοῦν
679 4707 983 4775 ἀρέσκεσθε
1041 4712 1340 4776 κάνταῦθα,
1370 4715 1464 4765 καὶ
1487 4716 1764 4780 ἀναιτίους

195 4797 288 4849 καὶ
326 4796 471 4865 ὑμᾶς
508 4800 598 4848 καὶ
635 4798 732 4866 ἐμὲ
783 4800 1024 4869 τηρῆσαι
1063 4803 1417 4868 δεατείνεσθε,
1450 4808 1538 4858 ὅτε
1568 4808 1628 4859 τὸ
1673 4809 1768 4876 μὲ-

193 4906 385 4956 γιστον
416 4889 725 4955 λογοθέσιον
758 4893 848 4943 καὶ
879 4891 906 4942 ὁ
929 4895 1288 4963 φρικτότατος
1312 4897 1638 4969 ἐκλογισμὸς
1660 4901 1767 4952 τῶν

190 4981 527 5034 δεσποτικιῖω
579 4982 958 5051 δανεισμάτων
1013 4985 1246 5051 γίνεται,
1310 4989 1538 5060 καὶτῆς
1591 4995 1647 5044 ἐν
1689 4996 1765 5064 τῷ

191 5076 292 5141 βίῳ
333 5074 720 5140 πραγματείας
753 5075 913 5142 ἡμῶν
973 5077 1066 5130 καὶ
1110 5080 1287 5146 πάσης
1347 5080 1514 5149 ἄλλης
1557 5086 1762 5141 οὲκονο-

193 5169 345 5234 μίας,
384 5166 492 5217 ἰδοὺ
528 5165 831 5234 λαμϐανετε
875 5167 943 5219 τὰ
984 5168 1313 5238 ζητούμενα.
1367 5174 1488 5226 Εἰσὶ
1519 5176 1576 5228 δὲ
1622 5179 1762 5232 αὐτὰ

192 5256 475 5326 βασιλικοῦ
502 5258 860 5328 χαράγματος
889 5262 1288 5330 ὲκτυπώματα,
1317 5267 1672 5334 εἰκονίζοντος
1699 5273 1759 5325 οὐ

190 5351 395 5419 θνητάς
417 5366 572 5411 τινας
599 5351 865 5417 κεφαλὰς,
894 5353 1083 5414 ὁποίας
1108 5355 1177 5406 τὰ
1207 5356 1314 5406 τῶν
1344 5360 1408 5411 ἐκ
1429 5360 1532 5428 γῆς
1567 5364 1764 5429 μετάλ-

193 5446 300 5496 λων
333 5443 505 5495 πλείω
526 5442 856 5512 γράφουσιν,
885 5445 1000 5496 ἀλλ’
1033 5446 1198 5499 αὐτοῦ
1236 5449 1393 5513 Θεοῦ,
1427 5454 1517 5505 τοῦ
1548 5455 1764 5508 πάντων

197 5535 593 5602 ὑπερκειμένου
612 5551 626 5565 ·
665 5528 708 5602 ᾧ
731 5535 795 5604 δὴ
822 5538 1134 5606 χαρακτῆρι
1168 5542 1528 5612 προσέχοντες
1562 5548 1766 5616 ἐκματ-

192 5624 402 5693 τόμεθα
429 5625 485 5673 τὸ
505 5623 764 5692 τύπωμα,
798 5628 894 5679 καὶ
924 5626 1043 5679 κατ’
1070 5629 1253 5682 είκόνα
1280 5632 1371 5684 τοῦ
1404 5638 1762 5702 πρωτοτύπου

195 5719 479 5786 γινόμεθα.
525 5716 666 5788 Ἱερὰ
714 5719 887 5771 ταῦτα
935 5721 1030 5773 καὶ
1079 5723 1336 5793 χρήματα
1367 5732 1458 5781 καὶ
1485 5732 1764 5800 κτήματα,

263 5837 279 5866 ⁸
317 5838 510 5891 Matth.
545 5854 670 5902 xxv,
709 5840 793 5895 1'2.
871 5843 890 5872 ’
947 5841 1063 5896 Joel
1098 5859 1182 5904 tu,
1223 5845 1276 5901 5.

480 5934 750 5998 Parnm.
782 5941 894 6000 Gtt.
946 5940 1248 6005 CXXXV.

1797 4599 1845 4657 D

1879 3344 2228 3409 fueueratum,
2254 3348 2344 3400 sed
2389 3348 2563 3417 ipsius
2593 3353 2776 3420 magni
2811 3351 2927 3417 Dei,
2955 3356 3046 3422 qui
3082 3358 3166 3410 sui
3200 3360 3446 3414 thesauri

1874 3436 2008 3488 dicit
2067 3437 2182 3492 hac
2229 3454 2399 3494 esse:
2451 3460 2468 3492 ι
2500 3441 2679 3495 Meum
2747 3452 2856 3510 est,
2915 3447 3194 3516 inquiens.
3225 3467 3446 3516 aurum,

1873 3537 1927 3584 et
1991 3543 2172 3582 meum
2223 3543 2508 3599 argentum
2557 3534 2599 3593 ’.
2638 3554 2654 3584 ι
2719 3552 2780 3589 ac
2829 3549 3023 3593 caetera
3085 3558 3204 3610 qua:
3255 3562 3448 3602 conse-

1874 3628 2104 3685 quenter
2159 3618 2244 3670 Itis
2291 3620 2552 3686 adjuncta
2586 3631 2736 3676 sunt.
2769 3626 2830 3677 Et
2871 3627 2977 3681 hoc
3028 3631 3182 3686 vobis
3215 3633 3267 3687 in
3303 3651 3451 3689 nien-

1877 3718 1983 3761 tem
2034 3711 2309 3778 ingerens,
2345 3714 2555 3775 hortor,
2592 3725 2647 3768 ut
2709 3733 2814 3770 non
2876 3735 2960 3773 me
2989 3721 3131 3776 bona
3165 3738 3260 3792 spe
3295 3726 3448 3780 frau-

1873 3802 2040 3863 detis,
2091 3818 2269 3870 neque
2327 3814 2433 3857 tam
2488 3822 2682 3877 magna
2757 3811 3118 3868 fmnerantem
3201 3818 3446 3888 decipia-

1876 3893 1966 3953 tis,
2005 3909 2069 3945 ne
2111 3909 2196 3945 me
2225 3898 2463 3951 maximo
2499 3899 2832 3956 Dominatori
2873 3903 3088 3959 faciatis
3121 3909 3446 3975 obnoxium,

1877 3995 2135 4052 tanquam
2166 4004 2251 4041 res
2274 3989 2471 4057 ipsius,
2493 4004 2548 4044 nt
2569 3995 2692 4061 quis
2712 3998 2933 4063 putarit.
2955 4001 3324 4067 abjicicntem,
3345 4020 3446 4059 nec

1878 4093 1972 4130 vos
2000 4080 2318 4134 innocentes
2357 4084 2674 4154 innoxiique
2711 4090 3000 4144 maneatis.
3037 4091 3270 4153 Prorsus
3297 4097 3442 4151 enim

1876 4171 2012 4221 lucri
2065 4171 2298 4239 cupidus
2345 4173 2434 4226 ille
2484 4176 2851 4244 dignoscitur,
2881 4192 2934 4232 et
2989 4182 3112 4236 ideo
3141 4187 3346 4253 passim
3391 4195 3445 4241 et

1873 4263 2017 4331 apud
2049 4266 2248 4316 multos
2275 4267 2533 4331 seminat,
2572 4281 2750 4336 neque
2773 4273 2887 4323 vult
2913 4273 2995 4325 vel
3029 4273 3308 4331 minimam
3342 4279 3441 4333 ιω·

1873 4348 2041 4408 nerati
2063 4357 2380 4423 particulam
2407 4358 2605 4413 frustra
2630 4363 2846 4426 cadere,
2882 4366 2961 4419 vel
2987 4381 3154 4420 unum
3181 4382 3441 4438 punctum

1873 4448 2121 4518 abrogari
2163 4462 2586 4515 conventorum,
2619 4470 2740 4524 quae
2765 4456 2832 4511 ad
2866 4456 3044 4526 ipsum
3079 4458 3439 4517 imiterantem

1875 4552 2152 4609 spectant.

1943 4723 1996 4775 4.
2028 4721 2102 4775 Eo
2129 4725 2272 4792 quod
2312 4726 2478 4794 igitur
2503 4729 2895 4796 assentientcs,
2924 4743 2976 4786 et
3012 4751 3106 4790 vos
3131 4746 3288 4793 etme
3314 4758 3444 4798 con-

1871 4817 2096 4871 tenditis
2155 4818 2411 4873 innoxios
2453 4822 2705 4888 reddere,
2735 4841 2861 4880 cum
2913 4844 3107 4900 magna
3166 4837 3442 4890 rationum

1874 4909 2161 4977 inquisitio
2199 4913 2573 4984 terribilisque
2608 4918 2697 4970 lict
2753 4923 3069 4989 supputatio
3121 4928 3441 4982 Dominieo-

1874 5019 1994 5055 rum
2030 5002 2298 5058 facinorum
2346 5017 2400 5059 et
2450 5018 2653 5065 nostrze
2700 5014 3037 5080 operationis
3069 5018 3122 5070 in
3165 5021 3275 5072 vita
3310 5037 3444 5076 cun-

1871 5105 2080 5163 ctzeqne
2130 5097 2272 5150 alius
2321 5102 2669 5164 meonomize,
2717 5119 2871 5170 ecce,
2905 5122 3024 5174 quas
3066 5113 3330 5179 quaeritis,
3359 5132 3444 5166 ae-

1871 5187 2052 5254 eipite.
2112 5187 2251 5240 Sunt
2306 5201 2485 5244 autem
2544 5194 2675 5261 ipsa:
2733 5198 2929 5267 regalis
2977 5201 3314 5258 characteris
3357 5208 3439 5260 ef-

1873 5278 2046 5347 ﬁgies,
2074 5297 2182 5334 non
2214 5287 2475 5350 quasdam
2541 5285 2745 5356 figuras
2790 5293 3073 5357 mortales,
3107 5298 3295 5363 quales
3324 5302 3435 5366 ple-

1874 5386 2044 5439 raque
2079 5384 2240 5427 terra:
2277 5379 2622 5432 metallorum
2655 5381 2939 5450 efﬁngunt,
2976 5387 3070 5440 sed
3105 5389 3276 5456 ipsius
3321 5390 3437 5453 Dei,

1869 5479 2035 5532 super
2100 5468 2282 5519 omnia
2340 5473 2686 5537 praestantis.
2751 5472 2983 5529 formam
3020 5482 3376 5546 exprimentis
3423 5505 3432 5534 :

1869 5558 1954 5609 cui
2008 5559 2311 5613 characteri
2340 5562 2440 5630 ipsi
2482 5565 2841 5632 adhaerentes,
2877 5579 3061 5638 typum
3096 5571 3395 5629 ediscimus
3419 5617 3433 5639 ,

1870 5658 1922 5703 et
1981 5653 2282 5706 secundum
2338 5656 2628 5725 imaginem
2683 5662 2956 5731 prototypi
3017 5665 3196 5717 timus.
3254 5665 3436 5722 Sacrae

1873 5753 1997 5797 sunt
2045 5747 2161 5800 ista:
2213 5748 2415 5803 divitiae
2471 5753 2982 5825 possessionesque,
3019 5759 3097 5809 vel
3142 5769 3196 5813 ut
3233 5761 3439 5830 absque

2973 5965 3041 6027 19
