4210 6438
775 405 878 467 587

1499 404 1602 466 ΕΙ]
1610 405 1697 465 ST
1704 410 1740 462 Α
1751 404 1852 464 TI]
1869 404 1924 464 ll
1964 405 2260 466 THESSA
2272 405 3317 476 LONICENSISMETROPOLITE

3945 426 4058 495 588

779 532 941 588 trepo
994 513 1359 569 communiter
1412 513 1614 577 dieani,
1643 517 1857 584 negotia
1914 531 2073 571 sacra
2106 536 2120 571 :
2157 518 2353 572 divina:

2461 523 2654 584 κοινῶς
2683 525 2737 578 δὲ
2769 526 2861 579 καὶ
2896 530 3108 599 τροπῆς
3156 529 3280 600 δίχα
3313 534 3513 601 εἰπεῖν,
3548 533 3892 608 πράγματα’
3923 540 4053 597 Osi:

784 625 1012 682 gemma:
1057 617 1187 664 sunt
1230 608 1346 663 hinc
1398 609 1686 673 fmnerata,
1727 625 1846 678 qua:
1899 610 1944 665 si
1978 610 2354 664 ecclesiastica

781 705 1022 758 dicimus
1053 700 1407 764 nomismata,
1440 701 1484 754 si
1516 701 1718 754 bonum
1742 711 1824 754 est
1855 701 1919 753 ad
1960 709 2210 755 exactam
2243 700 2358 756 elo-

774 798 1073 862 cutionem,
1096 811 1201 848 non
1231 802 1412 848 tamen
1435 793 1569 847 satis
1589 794 1801 848 clarum
1822 812 1834 848 :
1856 795 1988 861 legis
2011 803 2194 847 autem
2218 808 2355 865 pra:-

777 894 986 960 scripta
1036 887 1494 957 potiusdiccnda,
1543 887 1688 955 quod
1731 887 2035 939 evidentius
2072 887 2354 956 magisque

779 983 1076 1051 proprium.
1107 979 1387 1034 Salutares
1425 979 1797 1042 characteres,
1851 987 1903 1031 et
1951 991 2060 1030 non
2100 993 2233 1032 sane
2281 978 2354 1031 si-

779 1087 872 1128 rut
900 1077 987 1127 isti
1028 1073 1391 1131 damnabili-5.
1428 1073 1496 1126 de
1531 1073 1732 1139 quibus
1764 1071 2176 1138 pronuntiatur,
2203 1069 2350 1139 quod

783 1187 813 1222 a
869 1169 978 1221 Deo
1035 1174 1289 1219 avertant
1317 1165 1703 1233 applicantque
1753 1162 2008 1217 dmtnoni.
2045 1161 2184 1228 Quid
2241 1177 2348 1214 non

777 1261 924 1330 quod
957 1275 1118 1329 super
1148 1273 1311 1312 omne
1352 1255 1726 1310 venerandum
1763 1264 1845 1308 est
1871 1255 2036 1308 dico?
2073 1253 2220 1308 Deus
2259 1253 2348 1307 illa

780 1356 958 1414 tinxit,
997 1355 1134 1406 Deus
1185 1351 1439 1405 formavit
1469 1369 1479 1403 :
1513 1351 1675 1419 cujus
1712 1350 1874 1402 etiam
1908 1365 2049 1417 opus
2075 1362 2205 1403 sunt
2242 1349 2349 1404 illa:

778 1445 973 1499 tabiilie
1001 1443 1171 1514 digito
1201 1442 1295 1497 Dei
1331 1443 1681 1511 conscriptas,
1719 1439 1786 1493 de
1815 1443 2015 1509 quibus
2039 1441 2347 1495 observan-

776 1541 907 1593 dum
940 1549 1044 1602 est,
1078 1536 1246 1607 quod,
1283 1538 1327 1591 si
1359 1535 1624 1606 judicavit
1651 1534 1773 1588 illas
1807 1535 1862 1586 in
1909 1549 2034 1588 arra
2069 1535 2348 1604 deponen-

776 1633 898 1696 das,
924 1632 990 1683 ad
1024 1627 1295 1698 profunde
1332 1626 1756 1694 signiﬁcandum
1793 1641 1918 1680 esse
1956 1635 2085 1680 tunc
2114 1627 2348 1679 abscon~

776 1728 889 1777 dita
955 1721 1272 1791 posterioris
1335 1719 1536 1774 divinae
1597 1716 2056 1771 nianilestationis
2123 1715 2342 1786 placita,

779 1817 891 1868 haec
946 1823 1126 1867 tamen
1182 1813 1235 1865 in
1287 1809 1581 1864 manifesto
1631 1810 1941 1879 praposuit,
1970 1823 2036 1862 eo
2069 1808 2213 1876 quod
2276 1807 2344 1861 ab

2464 617 2724 686 κειμήλια
2777 618 2846 671 τὰ
2882 618 3070 673 δάνεια
3124 622 3322 678 ταῦτα.
3370 625 3838 697 Ἐκκλησιαστικά
3891 635 4056 704 νομί-

2462 724 2646 775 σματα
2679 709 2778 777 μὲν
2809 712 3001 780 φάναι,
3030 715 3078 764 εἰ
3107 715 3198 766 καὶ
3224 715 3387 769 καλὸν
3414 719 3494 781 είς
3526 719 3865 790 δρθολεξίαν,
3890 728 4049 795 ὅμως

2456 799 2516 850 ού
2544 798 2721 867 πάντη
2743 799 3018 872 λαμπρόν.
3039 803 3485 877 Νομοτεθήματα
3523 811 3577 865 δὲ
3608 814 3814 881 μᾶλλον
3847 818 4045 882 φάναι,

2459 892 2794 963 σαφέστερόν
2843 914 2902 949 τε
2941 899 3036 951 καὶ
3073 903 3539 974 προσφυέστερον.
3567 906 3836 977 Σωτήριοι
3867 927 4049 979 χαρα-

2457 985 2660 1056 κτῆρες
2724 988 2815 1040 καὶ
2851 989 2911 1040 ού
2951 991 3126 1061 δήπου
3179 995 3320 1046 κατά
3372 997 3502 1061 τοὺς
3547 999 3906 1070 ἔπιῤῥήτους,
3958 997 4043 1065 οἷς

2454 1079 2760 1147 ἐπαγγελία
2801 1080 2936 1134 Θεοῦ
2983 1085 3082 1151 μὲν
3108 1087 3360 1157 ἀφιστᾷν,
3388 1090 3584 1161 κολλᾷν
3605 1091 3660 1144 δὲ
3689 1093 3767 1161 τῷ
3797 1094 4038 1164 δαίμονι.

2453 1172 2518 1223 Τί
2549 1172 2623 1242 μὴ
2654 1173 2798 1241 λέγω
2829 1174 2887 1226 τὸ
2917 1174 3136 1228 πάντων
3159 1181 3518 1250 σεμνότερον;
3558 1184 3619 1237 '0
3642 1184 3774 1248 Θεὸς
3801 1187 4041 1257 elapsa:

2453 1263 2642 1330 ταῦτα,
2703 1269 2730 1318 ὁ
2776 1269 2910 1331 Θεὸς
2968 1271 3325 1325 ὲτυπὼσστο·
3386 1268 3448 1327 οὗ
3504 1275 3663 1346 ἔργον
3701 1279 3795 1331 καὶ
3827 1279 4041 1343 πλάκες

2452 1358 2655 1408 ἐκεῖναι
2689 1356 3006 1429 θεόγραφοι,
3040 1363 3124 1430 ἐφ’
3161 1359 3237 1417 ὧν
3270 1367 3386 1420 ἐστι
3419 1367 3719 1440 θεωρῆσαι,
3746 1372 3822 1440 ὡς
3854 1377 3902 1427 εί
3937 1376 4041 1427 καὶ

2451 1451 2507 1504 ὲν
2555 1451 2774 1521 κιόωτῷ
2827 1453 3151 1510 ἐδικαίωσεν
3183 1461 3402 1525 ὲκείνας
3447 1465 3856 1532 ἀποτεθεῖσθαι,
3888 1470 4039 1522 κατά

2451 1540 2720 1612 σύμϐολον
2760 1545 2936 1596 ἐκείιο
2974 1545 3113 1612 βαθὺ
3168 1548 3261 1602 τοῦ
3310 1555 3676 1623 κεκρυμμένα
3730 1552 3873 1609 εἶναι
3910 1560 4038 1611 τότε

2447 1633 2514 1684 τὰ
2550 1635 2649 1703 τῆς
2683 1634 2912 1707 ὕστερον
2960 1637 3114 1700 θείας
3171 1641 3515 1710 ἐπιφανείας,
3549 1646 3686 1701 ἀλλά
3724 1649 3897 1702 ταῦτα
3931 1651 4040 1719 μὲν

2445 1727 2525 1788 είς
2579 1728 2822 1795 ἐμφανὲς
2883 1727 3168 1800 προέθετο,
3222 1733 3313 1785 διά
3364 1733 3424 1788 τὸ
3476 1735 3586 1788 ἀπὸ
3639 1739 3884 1803 παλαιᾶς
3929 1742 4036 1809 τῆς

2445 1819 2568 1872 τότε
2608 1821 2766 1882 σκιᾶς
2818 1819 3046 1892 ὕστερον
3099 1823 3416 1894 ἀναλάμψαι
3468 1828 3558 1882 τὸν
3605 1829 3706 1898 τῆς
3761 1831 4030 1901 ἀληθείας

779 1909 866 1960 illa
904 1907 1125 1972 antiqua
1177 1902 1387 1965 umbra,
1418 1901 1610 1955 ultimo
1669 1900 1750 1955 sol
1801 1899 2049 1954 veritatis
2108 1899 2309 1952 illuxit.
2379 1897 2619 1976 Βῆλιον,

850 2002 900 2053 5.
934 1999 1084 2053 Illius
1139 2013 1302 2067 porro
1363 1995 1615 2050 lmnerati
1661 1993 1929 2062 quidquid
1966 2009 2030 2047 ex
2080 1991 2191 2044 Deo
2229 1995 2348 2059 ipso

774 2102 860 2146 est
887 2093 939 2144 in
985 2091 1101 2159 lege
1130 2097 1184 2142 et
1216 2088 1271 2140 in
1333 2085 1644 2154 Evangeliis
1675 2085 1956 2151 loquente,
1985 2093 2038 2135 ct
2078 2081 2346 2151 quidquid

775 2201 807 2239 e
845 2185 1018 2239 servis
1047 2183 1190 2252 ejus,
1228 2179 1432 2243 multis,
1465 2177 1845 2247 sapientiaque
1880 2191 1944 2228 ac
1990 2175 2137 2229 dono
2183 2175 2350 2244 spiri-

778 2280 868 2331 tali
902 2275 1086 2338 variis,
1122 2273 1173 2327 in
1207 2287 1402 2325 aurum
1454 2269 1766 2339 ponemlmn
1814 2277 1898 2320 est
1937 2266 2074 2320 bene
2117 2280 2344 2330 sonans,

776 2372 864 2424 cui
903 2369 1048 2421 nulla
1101 2365 1279 2421 scoria
1327 2364 1738 2417 commiscetur.
1773 2358 1986 2413 Etenim
2022 2360 2114 2428 qui
2168 2359 2346 2426 scrip-

775 2465 918 2517 turia
969 2461 1180 2515 fodiunt
1231 2458 1628 2524 inveniuntque
1666 2455 1907 2514 metalla,
1968 2467 2192 2507 auream
2236 2451 2346 2506 Deo

776 2563 1106 2608 consecrant
1160 2548 1665 2619 participationem,
1719 2543 1984 2619 eoquod
2035 2542 2344 2610 rubiginem

778 2661 884 2697 non
925 2641 1116 2709 recipit
1161 2618 1215 2694 ct
1269 2639 1392 2690 ideo
1431 2633 1654 2689 difﬁcile
1707 2618 2120 2701 corrumpitur;
2154 2645 2347 2700 argen-

777 2745 892 2788 lnin
959 2742 1140 2787 autem
1201 2732 1259 2784 in
1309 2727 1634 2790 secundam,
1671 2726 1798 2780 licet
1847 2726 2023 2794 ipsam
2077 2723 2344 2786 divinam,

778 2828 1063 2881 materiam
1088 2825 1432 2890 ablegarunt.
1473 2820 1825 2885 Quaecunque
1848 2831 1976 2869 vero
2000 2814 2135 2868 artis
2158 2827 2348 2881 opera,

777 2921 884 2984 vel,
913 2930 968 2972 ιιι
1020 2919 1095 2970 ita
1134 2915 1334 2976 dicam,
1371 2909 1585 2964 nuinuli
1629 2907 1822 2962 aliena:
1849 2905 1977 2958 licet
2031 2913 2196 2958 recta:
2225 2916 2346 2955 scc-

779 3009 966 3073 ti0nis,
1003 3021 1104 3060 nec
1137 3019 1299 3058 aureo
1347 3015 1526 3070 neque
1555 2998 1808 3052 ﬂammeo
1837 2994 2073 3050 lucentis
2110 2991 2344 3060 fulgore,

779 3117 881 3156 nec
912 3099 1125 3169 argenti
1166 3095 1461 3166 praebentis
1493 3093 1809 3154 candorem,
1835 3103 1997 3157 quem
2035 3088 2166 3152 Deo,
2201 3085 2347 3138 Patri

780 3195 1080 3254 luminum,
1113 3187 1432 3248 tribuimus,
1482 3186 1596 3236 bare
1655 3183 1785 3233 talia
1841 3180 1994 3233 vobis
2040 3179 2094 3232 iu
2148 3187 2346 3232 cattet'a

785 3290 1000 3342 metalla
1042 3293 1170 3340 sunt
1222 3277 1560 3347 accipienda,
1593 3291 1690 3328 nec
1726 3275 1840 3342 ipsa
1880 3272 1945 3326 ad
1999 3271 2167 3326 Deum
2226 3272 2346 3325 inu-

781 3382 896 3434 tilia
931 3391 1180 3443 vanaque
1231 3371 1469 3439 negotia,
1509 3368 1652 3420 sicut
1700 3365 1754 3416 in
1811 3363 2016 3416 divinis
2071 3361 2348 3430 sapientes

783 3472 1207 3537 perspexeiunt,
1230 3461 1323 3529 qui
1360 3457 1460 3526 ipsi
1490 3459 1556 3509 de
1580 3453 1784 3507 talibus
1801 3453 2058 3511 metallis.
2093 3466 2155 3504 ca
2191 3451 2348 3503 bonis

782 3557 1176 3615 mercatoribus
1214 3553 1529 3611 vendrutes,
1565 3549 1793 3603 multam
1845 3552 2207 3616 perceperunt
2243 3544 2352 3596 titi-

783 3655 1012 3708 litatem.

851 3833 912 3887 6.
943 3832 1184 3900 Aet'ipilc
1207 3844 1336 3898 ergo
1363 3841 1483 3880 cum
1513 3825 1811 3879 attentione
1841 3822 2025 3877 sedula
2057 3836 2156 3887 pro
2184 3820 2351 3874 fonne-

785 3943 900 3985 rato
932 3931 1270 3995 (minoreque,
1319 3923 1673 3992 supradictis,
1706 3935 1766 3976 ea
1797 3935 1916 3989 qme
1944 3935 1970 3971 a
2003 3917 2111 3970 lleo
2145 3931 2239 3967 nos
2276 3916 2356 3981 ip-

783 4023 902 4078 sius
933 4037 1078 4089 gaza:
1107 4017 1362 4073 custodes
1391 4016 1774 4083 dispensanius
1821 4011 2112 4074 faenerata;
2160 4019 2212 4060 ct
2249 4009 2355 4076 pri-

785 4129 934 4167 mum
967 4111 1158 4162 liabetc
1215 4107 1500 4160 cliaritatis
1547 4105 1831 4166 talentum,
1862 4117 1974 4170 quo
2027 4115 2170 4169 saepe
2206 4102 2354 4154 vobis

785 4204 1005 4266 tradito,
1031 4201 1215 4255 nescio
1238 4215 1305 4252 an
1333 4214 1398 4252 ex
1431 4200 1569 4266 ipso,
1599 4210 1796 4264 nempe
1821 4195 2029 4248 inlosso
2045 4201 2098 4245 et
2121 4193 2354 4246 abs:on-

781 4299 898 4352 dito
931 4305 984 4351 et
1046 4297 1117 4347 ita
1154 4294 1490 4348 mendaciter
1522 4305 1712 4344 aurum
1750 4288 2064 4350 simulante,
2113 4286 2350 4339 fructum

783 4386 1109 4456 acceperim;
1155 4383 1442 4436 cliaiitatis
1473 4383 1597 4434 dico
1629 4397 1736 4434 non
1768 4380 2067 4443 fabricatae,
2103 4378 2353 4440 sincer-zu,

783 4478 1017 4540 veracis,
1054 4493 1160 4531 non
1190 4476 1442 4537 curiosae,
1471 4487 1579 4527 non
1600 4471 1943 4534 adulterata,
1973 4485 2096 4539 quae
2129 4485 2238 4522 non
2272 4475 2357 4519 est

2521 1997 2582 2054 ε’.
2608 1999 2812 2054 Τούτου
2864 2001 2928 2072 δὴ
2967 2005 3060 2058 τοῦ
3100 2006 3311 2060 δανείου
3360 2008 3461 2064 ὅσα
3493 2012 3595 2079 μὲν
3646 2013 3784 2067 Θεοῦ
3836 2015 4030 2079 αὑτοῦ,

2447 2085 2541 2140 τοῦ
2581 2090 2675 2140 καὶ
2703 2091 2760 2141 ὲν
2793 2089 2943 2160 νόμῳ
2988 2093 3084 2146 καὶ
3113 2097 3172 2147 ὲν
3203 2097 3559 2166 Εὑαγγελίοις
3595 2101 3908 2168 λαλοῦντος,
3937 2110 4034 2160 καὶ

2447 2178 2549 2231 ὅσα
2598 2180 2706 2232 τῶν
2743 2183 2909 2235 αὑτοῦ
2947 2183 3320 2254 Θεραπόντων,
3371 2192 3480 2244 τῶν
3510 2196 3606 2246 καί
3660 2196 3878 2250 πολλῶν
3934 2202 4034 2252 καὶ

2449 2271 2751 2325 πολυειδῶν
2780 2275 2880 2343 τὴν
2910 2276 3102 2344 σοφίαν
3141 2281 3238 2334 καὶ
3266 2279 3364 2352 τὴν
3422 2290 3808 2357 πνευματικὴν
3839 2290 4030 2359 χάριν,

2450 2365 2528 2426 εἰς
2562 2365 2782 2434 χρυσίον
2821 2366 3005 2422 θετέον
3043 2367 3312 2440 εὖροιζον,
3362 2367 3407 2442 ᾧ
3440 2375 3608 2444 ῥύπος
3652 2377 3830 2442 οέδεὶς
3862 2383 4033 2449 ἐγκα-

2447 2459 2805 2524 ταμέμικται.
2842 2457 2952 2512 Καὶ
2999 2461 3110 2531 γάρ
3142 2480 3221 2516 τοι
3267 2467 3362 2517 καὶ
3394 2465 3444 2520 οἱ
3472 2468 3541 2521 τά
3570 2471 3824 2538 γραφικα
3857 2473 4032 2524 σκάλ·

2448 2545 2636 2611 λοντες
2671 2551 2766 2602 καὶ
2811 2553 3234 2620 ἀνευρίσκοντες
3277 2559 3518 2628 μέταλλα
3545 2560 3667 2632 Θεῷ
3709 2565 4035 2618 καθοσιεῦσι

2447 2638 2546 2708 τὴν
2572 2641 2812 2710 χρυσέαν
2848 2645 3170 2715 μετάληψιν,
3213 2649 3301 2702 διά
3329 2652 3388 2704 τὸ
3415 2653 3536 2706 κατ’
3559 2656 3731 2726 αὐτὴν
3755 2657 3816 2709 οὗ
3851 2660 4036 2711 δεκτι-

2450 2733 2546 2786 κὸν
2580 2733 2660 2786 iovi
2695 2751 2863 2799 τινος,
2896 2740 2993 2790 καὶ
3020 2738 3109 2792 διά
3151 2740 3311 2794 τοῦτο
3351 2745 3558 2814 φθοράς
3591 2748 3988 2804 δυσέντευκτον
4018 2771 4032 2783 ο

2447 2825 2542 2876 τὸν
2574 2827 2758 2893 μέντοι
2789 2829 3031 2899 ἄργυρον
3069 2835 3149 2896 είς
3183 2836 3628 2905 δευτερεύουσαν,
3654 2842 3808 2895 θείαν
3839 2847 4036 2914 μέντοι

2450 2925 2543 2977 καὶ
2575 2926 2765 2996 αὐτὴν,
2793 2926 2926 2998 ὓλην
2960 2929 3262 2994 ἀπέταξαν.
3298 2934 3441 2990 Ὀσα
3469 2937 3525 2990 δὲ
3552 2939 3726 3009 κοπῆς
3752 2942 4035 3011 ἑτεροίας,

2448 3016 2618 3087 ὀρθῆς
2657 3021 2842 3088 μέντοι
2888 3023 3256 3092 τεχνάσματα,
3303 3031 3424 3092 καὶ,
3458 3029 3535 3093 ὡς
3593 3031 3764 3094 οὕτως
3827 3037 4035 3099 εἰπεῖν,

2451 3111 2727 3180 κέρματα,
2785 3114 2924 3182 μήτε
2977 3116 3210 3183 χρύσεον
3259 3121 3584 3191 στιλϐούσης
3614 3126 3705 3177 καὶ
3742 3124 3872 3179 οὔτε
3909 3129 4040 3194 ς.λῶ

2380 3243 2420 3299 C
2452 3218 2597 3299 γεο-ν,
2624 3203 3102 3299 Δμιῇ-εεοραινούσιης
3137 3210 3270 3278 πρὸς
3303 3215 3544 3283 ἀργύρου
3606 3216 3937 3286 λευκότητα,
3970 3221 4038 3288 ἦν

2453 3295 2569 3363 Θεῷ
2612 3296 2997 3368 ἀνατιῦἐαμεν,
3025 3301 3102 3370 τῷ
3149 3303 3258 3355 τῶν
3299 3306 3494 3370 φώτων
3529 3310 3726 3378 "arpi,
3777 3311 3921 3363 ἀλλά
3970 3313 4040 3365 ti

2450 3383 2672 3435 τοιαῦτα
2703 3386 2784 3446 εἰς
2807 3386 2968 3437 λοιπά
2995 3390 3232 3454 μέταλλα
3257 3392 3538 3445 ἐκδεκτέον
3564 3396 3732 3464 ὑμεῖς,
3759 3399 3872 3450 οὐδ’
3890 3400 4038 3451 αὑτά

2451 3478 2516 3545 τῇ
2548 3477 2688 3529 κατά
2718 3477 2851 3530 Θεὸν
2904 3478 3200 3550 ἀσύμφορα
3257 3485 3558 3554 πράγματα
3590 3490 3684 3540 καὶ
3719 3489 4034 3559 ἀξύμϐολα.

2452 3567 2528 3629 ὡς
2557 3569 2606 3620 οἱ
2670 3569 2738 3620 τά
2771 3568 2890 3622 θεῖα
2946 3571 3098 3640 σοφοὶ
3143 3573 3577 3644 τεθεωρήκασιν,
3628 3579 3677 3631 οἳ
3735 3583 3830 3633 καὶ
3879 3585 4038 3634 αὐτοὶ

2454 3661 2624 3713 πολλὰ
2672 3658 2785 3714 τῶν
2817 3663 3073 3715 τοιούτων
3120 3665 3402 3733 μετάλλων
3451 3669 3765 3733 ἀπήμαντο,
3804 3673 4036 3740 ἀγαθοῖς

2453 3752 2713 3821 ἐμπύροις
2754 3753 2894 3805 αύτά
2925 3758 3289 3824 χειρίσαντες.

2529 3849 2605 3906 ς’.
2635 3843 3101 3914 Παραλαμϐάνετε
3123 3847 3187 3916 δὴ
3220 3850 3358 3917 μετά
3383 3850 3625 3919 σκέψεως
3654 3853 3923 3923 ἀκριϐοῦς
3945 3858 4039 3909 ἐπὶ

2455 3949 2512 3983 τε
2546 3933 2744 4002 δανείῳ
2776 3934 2870 3986 καὶ
2894 3935 2985 3986 ἐπὶ
3017 3937 3181 4006 τόκῳ,
3211 3941 3322 4001 τοῖς
3349 3940 3838 4012 ἀνατεταγμένοις,
3866 3948 3938 3998 τά
3976 3951 4038 4000 ἐκ

2455 4022 2547 4076 τοῦ
2587 4023 2723 4077 Θεοῦ
2752 4023 2820 4076 δι’
2852 4025 3013 4095 ἡμῶν
3040 4027 3149 4078 τῶν
3177 4028 3343 4080 αὑτοῦ
3389 4033 3787 4099 γαζοφυλάκων
3822 4036 4038 4102 δάνεια,

2459 4116 2552 4166 καὶ
2587 4115 2737 4183 ἔχετε
2789 4119 3004 4185 πρῶτον
3041 4119 3151 4171 ἰδοὺ
3188 4120 3246 4171 τὸ
3307 4139 3326 4172 ι
3367 4121 3468 4190 τῆς
3498 4125 3720 4194 ἀγάπης
3764 4145 3782 4177 ι
3835 4130 4040 4182 τάλαν-

2456 4223 2568 4270 τον,
2602 4206 2631 4258 ὃ
2659 4207 2918 4270 πολλάκις
2949 4209 3134 4270 ἐκδοὺς
3182 4210 3313 4278 ὑμῖν
3339 4214 3437 4264 οὐκ
3469 4211 3607 4281 οἶδα,
3643 4218 3692 4267 εἰ
3724 4219 4040 4290 ἀπωναμην

2457 4299 2647 4360 αὑτοῦ,
2681 4299 2757 4362 ὼς
2783 4294 2870 4352 οἶα
2905 4303 3353 4371 καταχωσθέντος
3391 4307 3486 4358 καὶ
3518 4309 3914 4375 ἀφανισθέντος
3946 4318 4040 4367 καὶ

2457 4389 2602 4442 οὓτω
2627 4389 2973 4458 ψευσαμένου
3000 4393 3061 4443 τὸ
3093 4394 3343 4461 χρύσεον,
3369 4414 3386 4447 ι
3414 4396 3659 4465 ἀγάπης,
3697 4417 3716 4450 ι
3746 4400 3920 4469 λέγω,
3939 4403 4040 4470 τῆς

2457 4481 3060 4551 ἀπραγματεύτου,τῆς
3084 4486 3470 4555 ἀνυποκρίτου,
3495 4491 3591 4558 τῆς
3619 4490 3912 4558 ἀψευδοῦς,
3941 4496 4040 4560 τῆς

785 4575 839 4626 in
867 4572 1046 4639 Specie
1083 4585 1181 4623 nec
1215 4573 1266 4622 iii
1303 4567 1640 4637 apparentia,
1677 4565 1770 4618 sed
1813 4566 2047 4626 interna,
2079 4571 2133 4616 et
2165 4564 2215 4615 in
2250 4563 2355 4614 ani.

2462 4572 2818 4639 ἀπεριέργου,
2845 4575 2942 4640 τῆς
2975 4574 3414 4645 ἀπαραποιὴτου,
3446 4577 3546 4644 τῆς
3589 4582 3666 4650 μή
3696 4584 3754 4632 ἐν
3789 4586 4040 4653 προσχή-

785 4679 870 4716 ma
895 4663 1158 4723 radiciita,
1194 4660 1262 4712 ita
1306 4670 1360 4710 ut
1392 4659 1537 4711 nulla
1570 4657 1822 4710 violentia
1862 4656 2203 4724 tempestatis
2235 4670 2353 4706 eam

788 4755 980 4807 Iri-dere.
1030 4755 1222 4822 possit,
1272 4767 1337 4805 ex
1377 4753 1534 4806 horto
1573 4750 1760 4804 divino
1788 4749 1880 4818 qui
1935 4749 1988 4801 in
2042 4749 2198 4801 nobis
2251 4757 2354 4808 cst,

784 4849 1067 4910 avulsam;
1100 4845 1406 4904 cliaritatis.
1444 4859 1549 4897 non
1579 4845 1726 4896 illius
1753 4856 1876 4910 qua:
1902 4842 2144 4895 exterius
2173 4841 2356 4894 subri-

786 4942 878 4993 det
927 4949 981 4991 et
1040 4941 1094 4992 in
1152 4937 1318 4992 corde
1368 4937 1670 4990 dilacerare
1723 4934 2024 4988 meditatur
2083 4936 2352 4994 amicum;

787 5029 1099 5090 cliaritatis,
1123 5043 1282 5096 quam
1320 5027 1457 5081 Dens
1487 5027 1674 5079 tribuit
1715 5040 1777 5078 ac
1804 5025 1999 5092 diligit,
2029 5039 2148 5092 qtae
2187 5037 2270 5077 est
2291 5038 2354 5077 ex

789 5133 901 5176 tota
935 5133 1136 5186 mente,
1187 5122 1349 5174 corde
1388 5131 1440 5174 et
1479 5121 1695 5183 anima;
1723 5135 1815 5186 per
1857 5133 2016 5186 quam
2070 5128 2266 5169 cuncta
2303 5117 2357 5169 in

792 5215 997 5266 mundo
1051 5213 1351 5281 produxit;
1410 5228 1505 5279 per
1558 5227 1718 5279 quam
1771 5212 1958 5262 unitnr
2009 5210 2211 5270 nobis,
2257 5223 2357 5260 nos

789 5304 996 5356 dot-ens
1056 5308 1136 5354 sic
1168 5303 1231 5354 ad
1287 5303 1518 5354 invicem
1575 5302 2034 5366 uniri,tanqnam
2093 5309 2273 5365 partes
2307 5307 2361 5348 et

793 5394 1032 5446 membra
1066 5393 1182 5458 Dei,
1227 5393 1276 5444 in
1311 5409 1470 5444 unam
1501 5392 1894 5445 coluerentiam
1929 5394 2362 5458 societatemque

791 5496 1062 5552 coaptata.

861 5665 917 5717 7.
976 5663 1125 5717 lianc
1161 5665 1309 5716 vobis
1331 5663 1685 5731 operantibus
1723 5673 1833 5716 tota
1879 5668 2142 5720 virtutum
2175 5678 2355 5721 cater-

792 5769 855 5805 va
918 5763 1114 5821 przeslo
1163 5754 1288 5816 erit,
1323 5765 1380 5806 ut
1415 5755 1541 5807 alibi
1581 5755 1817 5823 propriis
1869 5756 2354 5811 demonstrationi-

793 5846 897 5902 btts
924 5846 1202 5902 evidenter
1231 5848 1586 5900 ostendimus.
1629 5847 1764 5915 Ipsa,
1802 5863 1906 5902 non
1937 5865 2097 5905 secus
2123 5867 2185 5904 ac
2208 5853 2355 5918 prin-

2467 4680 2598 4730 ματι
2651 4665 2746 4716 καὶ
2799 4663 3152 4732 ὲξεπιπολῆς,
3185 4664 3300 4717 ἀλλ’
3335 4669 3632 4739 ὲνδομύχου
3661 4675 3759 4724 καὶ
3798 4675 4039 4746 ὲρῤιζω-

2463 4754 2629 4822 μένης
2668 4758 2724 4806 ἐν
2762 4756 2932 4826 ψυχῇ,
2981 4756 3055 4820 ὼς
3117 4758 3252 4827 μηδὲ
3295 4761 3424 4827 μίαν
3475 4763 3724 4832 ἀνάγκην
3773 4765 4040 4829 λαίλαπος

2459 4850 2606 4916 ἔχειν
2662 4850 3114 4918 κατακαυχᾶσθαι
3153 4852 3346 4922 αὐτῆς,
3395 4856 3806 4926 ἀνασπωμένης
3843 4861 3938 4912 τοῦ
3985 4864 4040 4912 ἐν

2460 4940 2592 5008 ημῖν
2624 4940 2772 4992 θείου
2821 4941 2998 5011 κήπου
3024 4957 3037 4972 '
3072 4961 3090 4994 ι
3136 4944 3379 5014 ἀγάπης,
3410 4964 3430 4996 ι
3485 4947 3585 5016 τῆς
3637 4953 3714 5020 μὴ
3757 4952 4041 5022 προσώπῳ

2465 5031 2564 5099 μὲν
2600 5031 2869 5101 γελώσης,
2902 5036 2968 5103 τῇ
3009 5034 3065 5086 δὲ
3097 5037 3296 5108 καρδίᾳ
3329 5037 3638 5106 μελετώςης
3677 5042 3920 5111 διασπᾷν
3953 5048 4040 5095 τὶν

2463 5122 2790 5192 φιλούμενον
2813 5140 2829 5156 ·
2863 5142 2882 5177 ι
2923 5125 3168 5196 ἀγάπης,
3208 5146 3226 5177 ι
3263 5130 3330 5197 ἣν
3357 5132 3384 5182 ὁ
3411 5131 3541 5192 Θεὸς
3567 5134 3658 5183 καὶ
3689 5134 4038 5202 παραδδωσι

2463 5218 2556 5269 καὶ
2585 5219 2754 5286 φιλεῖ,
2785 5218 2882 5288 τὴν
2919 5218 2976 5283 ἐξ
3009 5219 3135 5290 ὅλης
3168 5222 3409 5286 διανοίας
3433 5226 3525 5278 καὶ
3550 5227 3781 5296 καρδίας
3811 5231 3912 5282 καὶ
3933 5234 4038 5299 ψυο

2463 5311 2584 5377 χῆς,
2617 5309 2684 5360 δι’
2739 5313 2804 5378 ἣν
2832 5312 2926 5363 καὶ
2959 5314 3025 5364 τὰ
3082 5314 3209 5383 τῇδε
3249 5318 3429 5368 πάντα
3485 5319 3800 5389 παρήγαγε,
3865 5322 3938 5374 δι’
3979 5326 4039 5393 ἣν

2463 5402 2668 5468 ἥνωται
2719 5404 2874 5470 ἡμῖν,
2927 5405 3194 5458 διδάσκων
3243 5407 3385 5460 οὕτω
3419 5412 3516 5480 τὴν
3576 5412 3714 5480 πρὶς
3768 5413 4035 5483 ἀλλήλους

2465 5494 2656 5546 ἕνωσιν
2682 5496 2756 5559 ὡς
2792 5497 2933 5567 μέρη
2963 5500 3053 5550 καὶ
3087 5500 3223 5569 μέλη
3259 5500 3394 5553 Θεοῦ
3427 5503 3609 5565 ὄντας,
3633 5507 3713 5565 εἰς
3745 5506 3879 5572 μίαν
3916 5526 4038 5560 συο-

2467 5587 2918 5657 αρμολογούμενα
2979 5594 3255 5660 συμφυΐαν
3283 5611 3342 5646 τε
3372 5595 3464 5646 καὶ
3494 5596 3816 5662 συνάφειαν.

2538 5675 2603 5740 ζ’.
2659 5679 2874 5748 Ταύτην
2910 5685 3505 5752 πραγματευσαμένοις
3556 5687 3685 5754 ὑμῖν
3727 5689 3756 5739 ὁ
3817 5690 4036 5758 σύμπας

2463 5769 2647 5836 ὅμιλος
2683 5772 2788 5820 τῶν
2820 5773 3030 5840 ἀρετῶν
3061 5775 3340 5841 leuatae,
3373 5776 3446 5836 ὡς
3474 5775 3666 5828 ἄλλοτε
3693 5779 3881 5843 σαφῶς
3908 5784 4037 5830 ἐδῄ-

2464 5859 2635 5925 Εαμεν
2652 5862 3167 5934 διασκευασάμενοι.
3194 5866 3364 5934 Αὕτη,
3387 5867 3484 5918 ὅσα
3514 5869 3607 5920 καὶ
3632 5869 3792 5938 ἀρχὴ,
3816 5871 4034 5926 amna
