4210 6438
201 368 306 433 589

1174 373 1255 432 IN
1303 373 1359 432 S.
1402 372 2071 444 QUADRAGESIMAM
2103 377 2389 438 ORATIO
2434 381 2521 442 ll.

3366 391 3472 457 590

194 484 607 552 ἁγαθοπραξὲαν
657 485 716 536 ἐν
767 485 898 554 ὑμῖν
941 483 1190 551 ἐκφανεῖ.
1225 483 1442 552 Ταύτην
1473 485 1663 556 οέχων
1706 487 1778 550 είς

1890 491 2120 557 cipimn,
2148 505 2313 544 omne
2349 492 2623 548 bonorum
2667 508 2896 564 operum
2927 496 2982 552 in
3020 497 3176 554 vobis
3206 501 3470 569 preduCct

192 578 402 640 ἐντελὲς
461 579 735 648 φορτηγετ
783 580 851 630 τά
904 576 1343 646 τιμαλφέστατα.
1373 576 1492 632 Οὐκ
1528 579 1665 648 ἔφθη
1693 597 1777 642 τις

191 671 413 740 ἀγάπην
445 675 644 734 εἰπεῖν,
679 672 774 724 καὶ
815 669 1236 740 συνεξεφωνήθη
1267 671 1404 741 αὐτῇ
1435 671 1655 738 ξύμπαν
1687 691 1778 726 κα·

191 765 298 818 ὶόν.
356 767 610 834 ’Λγάπης
650 763 1129 835 παρεισδυομένης
1159 765 1240 828 είς
1271 764 1474 834 ψυχὴν,
1504 767 1780 833 συνεισέρο

190 876 344 926 χεται
387 862 484 912 καὶ
536 860 721 920 λοιπὸς
776 860 924 920 ἆπας
970 855 1159 926 ὅμιλος
1190 858 1423 925 ἀρετῶν.
1461 859 1524 910 Εἰ
1555 859 1611 911 δὲ
1639 859 1778 925 αὑτὴ

190 953 402 1003 ἐκεῖθεν
467 952 881 1013 ἐκκέκλεισται,
943 948 1104 1018 δῆλον
1164 950 1249 1003 ὅτι
1307 949 1574 1022 ἕρημοςή
1631 950 1780 1020 ψυχὴ

187 1047 372 1115 ἐκείνη
396 1045 599 1110 παντὸς
627 1045 858 1112 ἀγαθοῦ.

253 1241 329 1300 η’.
362 1233 602 1295 Ἒνωσις
633 1233 772 1300 πρὸς
800 1233 892 1285 τὸν
924 1233 1056 1285 Υίδν
1085 1233 1119 1303 ἡ
1151 1233 1368 1300 ἀγάπη,
1398 1230 1523 1281 ἐπεὶ
1549 1230 1644 1280 καὶ
1670 1228 1777 1280 τῶν

185 1325 351 1377 αὐτοῦ
373 1325 612 1377 ἐντολῶν
633 1327 1052 1396 ὲκπληρωτική,
1084 1344 1103 1378 ι
1149 1326 1211 1378 Ei
1232 1324 1340 1390 γὰρ
1366 1323 1620 1388 ἀγαπᾶτέ
1650 1339 1739 1391 με,
1757 1341 1773 1372 ι

187 1420 347 1485 φησὶ,
411 1437 430 1470 ι
471 1420 569 1481 τὰς
623 1419 845 1481 ἐντολὰς
914 1419 980 1472 ἂν
1039 1419 1272 1471 ἐποιεῖτε
1309 1418 1406 1478 τὰς
1443 1415 1606 1485 ἐμάς.
1642 1435 1660 1465 ι
1695 1417 1782 1467 Οξ‹

187 1509 412 1571 κείωσίς
443 1514 562 1562 ἑστι
592 1511 727 1574 πρὸς
756 1509 846 1562 τὸν
875 1508 1098 1578 Πατέρα
1132 1511 1275 1562 κατά
1300 1508 1389 1560 τό·
1429 1508 1784 1578 (Ἅγαπηοὴο

186 1621 349 1656 σεται
400 1604 510 1656 ὑπὸ
555 1603 650 1656 τοῦ
713 1604 927 1673 Πατρός
979 1620 1104 1673 μου.
1148 1622 1167 1654 ι
1221 1601 1575 1670 Ἀγαλλίασίς
1628 1604 1782 1654 ἐστιν

184 1698 370 1758 ἔνθεος
402 1699 501 1749 καὶ
523 1697 735 1764 ἀληθὴς
763 1696 905 1764 χαρὰ
949 1695 1091 1751 κατά
1123 1695 1184 1748 τό
1209 1711 1224 1727 ο
1264 1715 1282 1744 ι
1324 1695 1386 1748 Ei
1410 1695 1662 1763 ἠγαπᾶτέ
1693 1711 1782 1764 με,

184 1787 427 1854 ἐχάρητε
456 1787 544 1840 ἀν.
579 1805 598 1837 ι
626 1788 828 1855 Μήτηρ
859 1785 1000 1857 αὕτη
1033 1785 1237 1854 ἀρετῆς
1288 1785 1530 1852 ἁπάσης,
1562 1785 1635 1847 ὡς
1664 1785 1782 1835 ἓτε-

1881 583 2222 637 exercitium.
2244 582 2348 648 Qui
2366 585 2509 637 illam
2537 585 2696 640 habet
2724 602 2836 641 rem
2859 602 2992 642 sane
3018 591 3469 655 pretiosissimam

1883 676 2208 742 possidebit.
2263 675 2384 730 Non
2419 678 2584 732 citius
2636 678 2836 749 ai‘quis
2892 680 3216 736 charitatem
3248 682 3468 751 dixerit,

1883 785 2046 837 quam
2081 785 2205 824 cum
2264 771 2378 841 ipsa
2416 776 2778 829 consenuerit
2832 790 2996 830 omne
3049 776 3276 832 bonum.
3316 780 3462 832 Clin-

1885 862 2048 914 ritate
2102 862 2154 915 in
2186 862 2428 917 animam
2462 864 2726 929 intrante,
2755 866 3063 936 ingreditur
3085 870 3252 922 etiam
3287 873 3469 923 omnis

1886 956 2095 1022 re;iqna
2153 957 2416 1013 virtutum
2452 966 2694 1013 caterva.
2727 959 2783 1014 Si
2813 975 2940 1014 vero
2990 961 3106 1030 ipsa
3134 963 3333 1017 exinde
3380 979 3473 1017 ea-

1883 1047 2147 1113 cluditur,
2185 1051 2422 1105 animam
2473 1051 2622 1106 illam
2663 1053 2812 1106 omni
2870 1053 3016 1108 bono
3048 1055 3313 1124 privatam
3351 1071 3476 1113 esse

1886 1141 2240 1196 manifestum
2273 1151 2376 1197 est.

1958 1233 2010 1286 8.
2070 1235 2149 1288 Ad
2214 1237 2471 1289 unionem
2519 1253 2645 1292 cum
2687 1234 2828 1292 Filio
2885 1237 3139 1308 perducit
3185 1241 3472 1301 claritas.

1886 1326 2157 1394 siquidem
2187 1329 2307 1394 ejus
2347 1329 2730 1385 mandatorum
2766 1331 3178 1387 exsecutionem
3201 1337 3471 1390 continet.

1892 1418 1982 1473 «Si
2013 1422 2160 1475 enim
2187 1423 2416 1492 diligitis
2458 1437 2566 1486 me,
2605 1423 2808 1492 inquit,
2844 1424 3101 1478 mandata
3135 1441 3252 1480 mea
3281 1438 3473 1482 custo-

1888 1515 2053 1569 dietis
2077 1516 2118 1569 ³.
2160 1533 2180 1568 ι
2218 1513 2669 1572 Familiarltatem
2700 1531 2826 1574 cum
2852 1516 3012 1570 Patre
3050 1519 3331 1586 conciliat,
3353 1521 3475 1588 jux-

1889 1612 1940 1656 ta
1981 1603 2151 1658 illud:
2205 1623 2221 1655 ι
2286 1604 2546 1675 Diligetur
2597 1620 2626 1657 ο
2674 1603 2840 1659 Patre
2882 1619 3006 1660 meo
3028 1613 3103 1659 ι.»
3168 1606 3477 1661 Exsultatio

1889 1696 2073 1750 divina
2109 1712 2414 1765 verumque
2440 1697 2700 1763 gaudium
2725 1705 2831 1759 est,
2870 1698 3172 1752 secundum
3201 1699 3304 1770 hoc
3332 1717 3347 1752 :
3381 1701 3472 1754 tSi

1887 1789 2189 1857 diligeretis
2221 1804 2326 1853 me,
2353 1789 2664 1858 gauderetis
2715 1789 2789 1843 ³.»
2829 1786 2953 1842 Haec
3015 1788 3197 1843 omnis
3255 1790 3475 1844 virtutis

183 1896 278 1945 ρος
307 1880 444 1948 ἡμῖν
473 1879 663 1949 καιρὸς
696 1879 798 1931 οὐκ
829 1879 1146 1948 ἠγωνίσατο
1178 1879 1260 1939 εἰς
1313 1876 1610 1941 ἀπόδειξιν,
1644 1877 1776 1930 ἀλλὰ

1884 1891 2078 1942 mater,
2129 1881 2270 1935 sicut
2302 1881 2403 1934 alia
2439 1879 2597 1934 nobis
2630 1881 2850 1936 occasio
2882 1894 2990 1933 non
3020 1880 3203 1934 caruit
3243 1881 3476 1936 demon-

183 1972 279 2022 καὶ
315 1971 534 2032 ἀπόνως
576 1973 672 2022 καὶ
729 1969 918 2038 σαφῶς
965 1972 1058 2022 καὶ
1106 1971 1528 2040 ἀναντιρῤἠτως
1579 1969 1775 2036 ἔδειξε.

182 2065 438 2133 Χρυσέας
479 2065 694 2135 ἀρετῶν
724 2064 973 2141 ἁλύσεως
1028 2063 1220 2134 κρίκος
1252 2067 1278 2117 ό
1312 2064 1552 2134 πρῶτος,
1587 2063 1778 2132 βαλσὶς

180 2156 392 2225 δρόμου
422 2156 519 2208 τοῦ
577 2158 659 2219 είς
717 2156 945 2226 ἀρετὴν,
984 2155 1187 2225 βαΘμῖς
1223 2157 1537 2226 προέχουσα
1565 2157 1664 2224 τῆς
1697 2158 1775 2219 εἰς

179 2247 419 2312 οὐρανὸν
454 2246 670 2311 ἀνόδου,
698 2249 924 2319 εἰρήνης
957 2247 1234 2316 θεμέλιος,
1278 2248 1550 2318 ἀταραξία
1576 2249 1774 2318 ψυχῆς,

184 2339 446 2404 πολέμων
501 2339 792 2410 διώκτρια,
825 2341 919 2392 καὶ
954 2338 1231 2404 τοσοῦτον,
1259 2339 1400 2392 ὥστε
1442 2340 1602 2409 εἰπερ
1636 2339 1775 2406 α’ύτη

181 2431 272 2485 διὰ
331 2434 430 2501 τῆς
470 2430 807 2501 οἰκουμένης
849 2429 1220 2495 ἐπολιτεύετο,
1259 2431 1358 2484 οὐκ
1402 2432 1470 2485 ἂν
1532 2429 1775 2498 οὐδαμοῦ

179 2523 326 2592 ἔρις,
380 2523 415 2592 ἡ
454 2522 551 2575 τοῦ
590 2522 830 2592 πολέμου
887 2523 1096 2593 μήτηρ,
1145 2522 1614 2594 ἐπαρρησιάζετο,
1656 2522 1776 2575 ἀλλ’

184 2617 310 2667 αντὶ
339 2614 439 2668 τοῦ
469 2617 528 2668 ὲν
560 2615 748 2678 ὅπλοις
789 2614 1116 2686 πληθυσμοῦ
1144 2614 1401 2686 ἀρότροις
1439 2614 1506 2667 ἂν
1549 2611 1613 2686 ἦν
1644 2616 1777 2683 ἡμῖν

186 2707 686 2777 περιουσιάζεσθαι
741 2708 835 2758 καὶ
886 2705 996 2759 οὐδ’
1051 2706 1119 2759 ἂν
1170 2705 1672 2775 ὲσμικρολογοῦντο
1727 2706 1774 2758 οἱ

191 2799 577 2869 χαλκεύοντες,
604 2797 1071 2867 λεπτοτομοῦντες
1097 2799 1194 2850 ἐπὶ
1217 2799 1399 2867 φόνοις
1423 2799 1513 2850 τὸν
1533 2800 1773 2870 σίδηρον.

188 2887 319 2961 Εἶχε
353 2891 414 2944 δὲ
442 2890 530 2952 ἂν,
555 2889 631 2952 ὡς
667 2888 812 2942 οὓτω
843 2888 1034 2956 φάναι,
1063 2891 1157 2942 καὶ
1187 2889 1350 2959 χάριν
1402 2890 1512 2952 τοϊς
1563 2890 1776 2954 τέκνοις

187 2987 218 3052 ἡ
252 2985 443 3053 μήτηρ
468 2983 564 3051 γῆ,
587 2983 671 3035 ὃτι
704 2982 779 3051 μὴ
803 2983 975 3051 συχνὰ
1002 2980 1222 3051 ἐκείνην
1255 2981 1778 3051 πολυπραγμονοῦσι

187 3077 286 3127 καὶ
318 3073 713 3142 ἀνασχίζουσιν
740 3072 838 3124 ἐπὶ
865 3072 1133 3141 σιδηρέοις
1182 3073 1494 3142 μετάλλοις,
1527 3067 1607 3135 οἷς
1640 3075 1688 3126 οξ
1721 3074 1780 3140 ἐξ

187 3167 362 3236 αὐτῆς
417 3164 849 3234 διαφθείρονται,
904 3165 1127 3234 ἀγάπης
1159 3165 1252 3215 καὶ
1308 3164 1475 3233 μόνης
1533 3167 1581 3219 ol
1639 3167 1781 3219 κατὰ

189 3263 308 3332 βίον
335 3260 488 3329 ὀρθοὶ
549 3260 769 3322 σκοποὶ,
828 3259 922 3311 καὶ
955 3259 1023 3311 τὰ
1056 3258 1148 3310 ἐπ’
1169 3258 1355 3319 αὐτοῖς
1398 3256 1559 3326 ἔργα,
1581 3258 1648 3310 δι’
1705 3252 1781 3313 ὧν

189 3354 516 3406 συνίσταται
547 3352 684 3421 βίος.
721 3352 858 3404 Ποῖα
879 3351 945 3420 δὴ
976 3349 1188 3415 ταῦτα;
1232 3350 1294 3402 Ἦ
1334 3351 1456 3402 κατ’
1495 3350 1782 3420 ἄνθρωπον

189 3445 452 3515 πολιτικὴ
504 3444 835 3515 συμϐίωσις,
888 3445 954 3496 τὰ
989 3443 1374 3513 βουλευτήρια,
1419 3444 1468 3494 oi
1504 3443 1684 3512 νόμοι,
1714 3445 1781 3496 τὰ

187 3539 584 3608 παιδευτήρια,
615 3538 777 3607 τέχνη
812 3537 966 3588 πᾶσα
995 3535 1090 3588 καὶ
1121 3536 1427 3603 ἐπιστήμη,
1461 3538 1648 3604 γάμοι,
1680 3538 1777 3602 ὲμ-

187 3631 406 3698 πορίαι,
435 3630 798 3695 πανηγύρεις,
821 3628 942 3678 ὅσαι
984 3642 1042 3679 τε
1089 3625 1262 3686 ἄλλως
1292 3624 1552 3694 κερδῷαι,
1583 3628 1676 3679 καὶ
1705 3621 1779 3680 ὧν

189 3723 362 3784 σέὅας
399 3721 542 3773 θεῖον
566 3721 913 3790 προηγεῖται.

261 3811 574 3875 θ’.Φύσεως
632 3810 805 3880 δῶρον
853 3810 886 3878 ἠ
929 3807 1143 3876 ἀγάπη,
1180 3809 1274 3862 καὶ
1322 3810 1380 3861 ὲν
1409 3809 1548 3879 αὐτῇ
1586 3813 1780 3881 πρώτῃ

193 3908 337 3976 μετά
370 3905 508 3957 Θεὸν
537 3904 849 3974 Θεωρείται,
882 3901 948 3953 δι’
990 3895 1056 3971 ἦς
1083 3901 1152 3952 τά
1187 3902 1388 3968 νεογνά
1423 3903 1485 3953 ού
1534 3904 1695 3971 μόνον
1722 3907 1779 3954 ἐν

190 3999 532 4067 ἀνθρώποις,
574 3995 710 4048 ἀλλὰ
747 3995 839 4046 καὶ
877 3991 1040 4056 ζώοις
1071 3995 1186 4055 τοῖς
1215 3992 1396 4055 ἄλλοις
1419 3993 1777 4062 περιέπονται

190 4094 370 4152 οὖτως
389 4086 774 4157 ἀγαπητικῶς,
792 4087 866 4148 ὡς
888 4086 984 4137 καὶ
1001 4085 1233 4138 θάνατον
1250 4083 1619 4155 αἱρετώτερον
1642 4083 1778 4137 εἶναι

191 4186 307 4245 τοῖς
331 4180 708 4249 γειναμένοις,
732 4178 878 4247 ἥπερ
926 4175 1379 4246 ἀποστερηθῆναι
1413 4175 1525 4228 τῶν
1586 4176 1778 4246 φιλτά-

191 4293 328 4328 των.
370 4271 697 4324 Ἱνδάλλεταί
727 4287 810 4330 τις
837 4268 1031 4336 ἀγάπη
1062 4268 1156 4318 καὶ
1188 4268 1247 4317 ὲν
1283 4268 1497 4334 φυτοῖς,
1546 4270 1640 4317 καὶ
1697 4265 1776 4318 οἷ-

192 4371 358 4420 ὖασιν
400 4364 530 4418 αὐτὸ
564 4364 612 4415 οἱ
643 4360 702 4413 τὸ
743 4363 800 4413 ὲν
825 4357 1026 4427 φοίνιξι
1068 4359 1181 4418 τοῖς
1217 4357 1404 4425 φυτοῖς
1451 4357 1778 4428 καθιστορή-

198 4474 422 4520 σαντες,
456 4456 532 4518 ὡς
562 4454 736 4516 οὕτως
759 4454 956 4514 εἰπεῖν,
993 4450 1356 4522 ἀρῤενόθηλυ.
1393 4449 1776 4520 Ἐνθεωρεῖται

1883 1972 2276 2035 strationibus,
2337 1973 2448 2025 imo
2527 1970 2686 2026 facile
2757 1969 3471 2028 manilesto‘inconcusse—

1885 2080 1990 2133 que
2023 2064 2289 2117 ostendit.
2324 2064 2520 2117 Aureae
2550 2063 2817 2116 virtutum
2854 2073 3064 2118 catena
3090 2065 3331 2119 annulus
3359 2067 3473 2135 pri-

1889 2172 2035 2221 mus,
2072 2156 2332 2210 curriculi
2385 2156 2453 2209 ad
2493 2156 2747 2208 virtutem
2801 2156 2991 2223 janua,
3020 2156 3373 2211 ascensionis
3405 2157 3473 2210 ad

1877 2250 2078 2303 (mlum
2139 2248 2464 2311 exordium,
2521 2247 2672 2317 pacis
2745 2245 3204 2311 fundamentum,
3271 2249 3472 2302 animae

1878 2342 2174 2401 securitas,
2207 2339 2472 2393 bellorum
2504 2339 2767 2410 fugatrix,
2807 2349 2970 2410 atque
3002 2338 3163 2407 adeo,
3207 2349 3263 2394 ut
3296 2341 3340 2394 si
3376 2355 3471 2410 per

1878 2434 2069 2489 orbem
2131 2444 2400 2487 terrarum
2435 2440 2712 2502 regnaret,
2764 2432 2954 2487 nullibi
3011 2433 3313 2499 discordia,
3346 2434 3474 2490 belli

1880 2532 2077 2586 mater,
2115 2535 2304 2575 vocem
2357 2521 2573 2575 elevare
2603 2532 2815 2589 posset,
2843 2529 2917 2586 et,
2962 2535 3244 2577 arumrum
3295 2523 3474 2578 abun-

1877 2617 2076 2669 dantis:
2104 2613 2242 2671 loco.
2275 2613 2430 2666 nobis
2474 2621 2787 2665 aratrorum
2848 2613 3187 2668 abundantia
3216 2615 3470 2682 daretur,

1879 2721 1979 2761 nec
2017 2705 2156 2759 fabri
2188 2719 2348 2775 parce
2390 2714 2717 2775 prastarent
2745 2705 2976 2769 ferrum,
3028 2707 3162 2761 illud
3201 2708 3267 2761 ad
3296 2709 3474 2766 caedes

1882 2799 2090 2851 minute
2112 2798 2468 2851 excudentes.
2495 2795 2751 2861 Haberet,
2795 2805 2846 2849 ut
2888 2796 2964 2849 ita
2989 2798 3188 2861 dicam,
3209 2797 3335 2853 ﬁliis
3351 2816 3473 2871 gra-

1882 2889 2014 2940 tiam
2047 2898 2191 2941 terra
2223 2897 2415 2950 mater,
2447 2886 2594 2957 quod
2620 2903 2727 2941 non
2754 2903 2897 2957 saepe
2919 2890 3332 2957 exagitarentet
3357 2893 3474 2946 dis-

1883 2990 2132 3034 secarent
2155 2995 2277 3034 eam
2311 2979 2378 3032 ad
2404 2978 2731 3033 invenienda
2769 2979 2946 3033 ferrea
2999 2981 3243 3046 metalla,
3269 2984 3473 3052 quibus

1884 3072 2060 3142 ipsius
2092 3071 2228 3126 lines
2263 3083 2720 3140 corrumpuntur,
2772 3071 2947 3126 solius
2996 3070 3283 3128 charitatis
3335 3075 3468 3127 recti

1890 3161 2027 3216 ﬁnes
2079 3161 2146 3216 ad
2180 3163 2371 3227 vitam,
2414 3176 2689 3231 operaque
2750 3160 3054 3223 conformia
3109 3164 3312 3232 quibus
3363 3167 3470 3224 ita

1886 3263 2250 3310 sustentatur.
2286 3252 2549 3320 Quamam
2580 3261 2758 3306 autem
2786 3253 2936 3307 ista?
2969 3253 3162 3307 Civilis
3188 3254 3471 3310 hominum

1887 3349 2146 3409 societas,
2229 3345 2482 3407 concilia,
2551 3345 2719 3413 leges,
2781 3344 3002 3407 scholae,
3053 3345 3234 3400 omnis
3276 3361 3362 3401 ars
3417 3355 3473 3400 et

1884 3439 2136 3500 scientia,
2167 3436 2540 3501 matrimonia,
2569 3436 2929 3497 commercia.
2956 3449 3157 3504 coetus,
3181 3453 3303 3506 qua
3341 3447 3470 3492 stunt

1884 3532 2018 3585 alias
2047 3529 2198 3583 utilia
2229 3529 2538 3601 quibusque
2569 3531 2850 3582 veneratio
2892 3529 3077 3582 divina
3106 3537 3322 3600 praeest.

1951 3804 2005 3858 9.
2044 3802 2268 3856 Naturae
2298 3801 2501 3854 donum
2547 3812 2632 3854 est
2677 3800 2953 3865 clraritas,
2999 3801 3135 3856 etin
3179 3816 3242 3854 ea
3294 3803 3467 3870 prima

1885 3907 2005 3964 post
2047 3895 2211 3948 Deum
2245 3895 2606 3963 conspicitur,
2643 3908 2740 3960 per
2771 3908 2938 3960 quam
2969 3908 3160 3948 recens
3203 3902 3325 3947 nata
3363 3909 3468 3948 non

1880 3990 2054 4042 solum
2086 3989 2138 4040 in
2174 3986 2512 4047 hominibus,
2550 3985 2644 4039 sed
2671 3987 2836 4038 etiam
2872 3987 2926 4040 in
2965 3986 3180 4039 caeteris
3219 3986 3469 4039 animali--

1886 4080 2007 4142 bus,
2051 4073 2236 4131 amore
2268 4092 2332 4131 ac
2358 4076 2739 4132 sollicitudine
2765 4076 3203 4141 circumdantur,
3235 4089 3294 4130 ut
3323 4091 3468 4132 mors

1882 4172 2060 4241 potius
2079 4171 2371 4240 eligeretur
2389 4185 2417 4223 a
2442 4170 2781 4237 parentibus,
2799 4183 2964 4236 quam
2988 4169 3327 4224 clrarissinm
3347 4186 3468 4238 pro-

1883 4257 2194 4310 lisorbatio.
2211 4259 2449 4327 Apparet
2465 4258 2629 4311 etiam
2653 4257 2704 4310 in
2720 4257 2917 4326 plantis
2939 4259 3185 4327 quaedam
3201 4261 3465 4324 cliaritas.

1880 4351 2059 4404 ethoc
2088 4359 2361 4403 noverunt
2394 4349 2488 4418 qui
2523 4349 2576 4402 in
2604 4349 2822 4416 palmis,
2843 4357 2901 4402 ut
2927 4349 3001 4402 ita
3027 4349 3228 4414 dicam,
3255 4362 3466 4404 utrum-

1882 4457 1987 4510 que
2033 4457 2225 4494 sexum
2273 4450 2631 4509 agnoverunt.
2691 4438 2917 4494 Videtur
2979 4450 3034 4494 et
3084 4442 3138 4494 in
3181 4441 3462 4496 hominum

194 4555 293 4605 καί
321 4553 390 4618 τῇ
429 4546 555 4600 κατ’
587 4546 876 4616 ἄνθρωπον
909 4543 1109 4596 πλάσει
1140 4542 1313 4613 χυμὸς
1347 4542 1520 4610 φίλιος
1574 4544 1601 4594 ὀ
1636 4544 1776 4596 κατά

1884 4532 2212 4586 formatione
2272 4533 2588 4586 dilectionis
2639 4531 2840 4584 humor
2873 4532 2941 4585 ad
2973 4533 3296 4601 sanguinem
3339 4550 3461 4602 per--

192 4642 364 4713 αἷμα,
397 4636 567 4712 οὗπερ
595 4640 980 4708 ἀναδιδομένου
1007 4637 1349 4705 φοινίτσεται
1379 4639 1491 4699 τοῖς
1522 4638 1780 4706 αἰδουμέ-

194 4756 308 4800 νοις
357 4739 420 4789 τὸ
484 4735 782 4806 πρόσωπον
841 4733 920 4792 είς
964 4729 1268 4798 ὡραϊσμόν.
1347 4729 1568 4792 Πάντως
1614 4731 1667 4784 δὲ
1719 4733 1779 4783 τὸ

193 4830 448 4884 τοιοῦτον
482 4826 657 4895 φίλιον
692 4823 980 4892 σύστοιχον
1009 4823 1200 4893 ἀγάπῃ
1235 4823 1371 4886 ἐστὶ,
1393 4821 1538 4873 καθὰ
1571 4839 1779 4875 συστοι-

197 4922 362 4993 χοῦσι
420 4919 514 4970 καὶ
585 4916 826 4985 ὴάγάπη
879 4915 974 4966 καὶ
1031 4914 1098 4965 τὰ
1156 4912 1392 4980 φιλικά·
1440 4912 1536 4964 καὶ
1597 4913 1682 4964 ὅτε
1726 4914 1780 4965 δὲ

193 5017 274 5083 τῷ
301 5013 478 5083 ὁμοίῳ
501 5011 718 5080 χαίρειν
760 5008 939 5077 φαμὲν
970 5007 1031 5059 τὸ
1056 5006 1242 5075 ὅμοιον
1292 5005 1434 5073 λόγῳ
1481 5005 1775 5076 καθολικῷ,

196 5108 433 5172 ἀγάπην
468 5100 624 5171 οἶμαι
663 5099 945 5154 κάνταῦθά
968 5116 1090 5150 τινα
1130 5097 1530 5165 ὑπολαλοῦμεν.
1579 5095 1780 5166 ’Πγὰρ

197 5202 300 5252 οὶικ
362 5193 650 5264 ἀγαπητὸν
703 5194 736 5260 ἡ
786 5190 974 5261 χαράς
1030 5189 1131 5243 Καὶ
1190 5191 1217 5242 ό
1263 5189 1535 5256 παραδοὺς
1585 5188 1639 5240 δὲ
1679 5191 1776 5240 τό·

203 5312 219 5338 ι
256 5289 447 5340 Πάντα
481 5283 571 5336 τοῦ
606 5278 746 5336 εἶναι
771 5281 1045 5348 ἐφίεσθαι,
1075 5299 1091 5329 ι
1132 5279 1354 5345 ἀγάπην
1381 5278 1500 5328 τινὰ
1546 5277 1783 5346 παρελά-

199 5382 334 5448 λησε
365 5377 454 5428 διὰ
481 5377 578 5445 τῆς
618 5374 876 5442 ἐφέσεως.

276 5469 327 5523 ι’.
384 5467 482 5530 Τίς
531 5463 626 5519 οὖν
676 5463 822 5516 οὕτω
871 5460 1169 5532 Θηριώδης,
1228 5459 1300 5521 ὡς
1364 5460 1424 5511 τὸ
1484 5460 1778 5526 πάγκοινον

201 5563 364 5616 τοῦτο
396 5559 562 5611 καλὸν
588 5556 787 5611 ἑαυτοῦ
819 5555 1080 5622 ἁπάγειν,
1114 5555 1207 5606 καὶ
1249 5552 1452 5604 ἐθέλειν
1500 5553 1776 5620 μονάζειν,

203 5658 284 5717 εἰς
315 5653 544 5720 ἔλεγχον
574 5650 668 5703 τοῦ
704 5653 842 5719 μήτε
873 5646 1147 5706 πολιτικὸς
1203 5646 1296 5698 καὶ
1332 5643 1646 5707 κοινωνικὸς
1710 5643 1778 5696 εἱ-

1258 5823 1276 5853 ⁸
1305 5821 1433 5876 iliid.
1481 5819 1570 5875 ΞΒ.

283 5834 300 5863 ‘
358 5829 494 5885 Joan
564 5829 787 5891 xtv,l5.
864 5833 883 5856 ⁵
924 5826 1052 5882 ibid.
1088 5828 1176 5878 21.

1880 4627 2080 4686 tinens,
2140 4641 2249 4688 quo
2298 4627 2530 4678 snliente
2580 4623 2915 4693 pudibundjs
2962 4624 3015 4676 in
3048 4625 3298 4679 decorem
3349 4630 3466 4680 vul-

1880 4729 1968 4770 lus
2003 4717 2262 4770 rubescit.
2323 4714 2562 4769 Omnino
2617 4729 2748 4768 vero
2779 4715 3002 4768 dilectio
3047 4714 3173 4767 talis
3221 4717 3465 4770 adirem

1879 4809 2151 4871 rlrarilrti,
2184 4816 2457 4877 quatenus
2520 4807 2925 4876 coniunguntur
2954 4807 3195 4858 charitas
3227 4816 3282 4859 et
3331 4807 3415 4860 del
3441 4838 3464 4847 -

1881 4905 2012 4968 ciae;
2047 4915 2098 4956 et
2136 4918 2285 4964 eum,
2343 4903 2599 4954 universe
2659 4900 2949 4968 loquendo,
2981 4899 3221 4952 dicimus
3281 4900 3463 4953 simile

1883 4995 2048 5047 simili
2085 4993 2344 5060 gaudere,
2376 4993 2465 5045 hic
2521 5007 2742 5060 quoque
2781 4989 3110 5043 charitatem
3142 5033 3156 5053 ,
3199 4999 3351 5057 puto,
3387 4993 3465 5044 in-

1881 5085 2173 5137 tendimus.
2210 5084 2459 5151 Nunquid
2491 5084 2636 5136 enim
2665 5081 2731 5134 ad
2764 5082 3119 5135 dilectionem
3178 5097 3286 5136 non
3345 5099 3465 5150 per-

1884 5177 2019 5229 tinet
2079 5175 2382 5244 gaudium?
2434 5174 2498 5227 Et
2535 5175 2631 5245 qui
2683 5173 2910 5228 tradidit
2974 5174 3150 5227 ﬂlud:
3205 5193 3225 5225 ι
3267 5175 3462 5227 Omnia

1882 5285 2004 5322 esse
2058 5269 2256 5333 velle,»
2292 5268 2616 5322 charitatem
2668 5266 2942 5335 quandam
2987 5282 3084 5334 per
3130 5266 3461 5320 desiderium

1887 5361 2132 5414 elocutus
2156 5371 2256 5414 est.

1968 5457 2048 5507 t0.
2080 5454 2213 5518 Quis
2254 5454 2414 5524 igilur
2448 5453 2585 5508 adeo
2620 5465 2700 5508 est
2733 5454 2904 5518 ferus,
2943 5464 3003 5508 ut
3032 5454 3135 5508 hoc
3171 5469 3461 5508 commune

1890 5551 2089 5601 bonum
2121 5564 2150 5600 a
2183 5565 2240 5602 se
2278 5548 2530 5617 projiciat
2561 5557 2614 5601 et
2645 5550 2796 5603 solus
2826 5564 2946 5604 esse
2975 5548 3128 5611 velit,
3163 5547 3229 5599 ad
3275 5557 3459 5601 osten-

1890 5642 2128 5696 dendum
2165 5659 2222 5695 se
2301 5657 2407 5694 non
2454 5642 2667 5695 civilem
2697 5657 2798 5696 nec
2845 5640 3102 5695 socialem
3133 5655 3257 5695 esse
3286 5655 3459 5708 neque
