4210 6438
772 385 866 448 591

1496 377 1915 440 EUSTATHH
1958 373 2717 438 TllESSALONICENSlS
2759 374 3328 436 METROPOLlTﬁ

3932 377 4041 440 592

769 512 893 551 esse
928 491 1245 550 hominem?
1292 490 1586 546 Civilitatis
1621 499 1704 545 est
1754 504 1938 542 amare.
1966 488 2158 555 sique
2193 497 2350 539 retia-

2456 502 2567 544 ναι,
2605 484 2700 537 καλ⁵
2751 485 2872 537 οὐδὲ
2927 485 3252 554 ἀνθρωπος;
3303 485 3677 554 Ἰἰμεροτητος
3715 485 3771 538 δὲ
3823 487 3886 538 τδ
3945 489 4045 540 καὶ

770 591 907 643 mari
939 607 953 643 :
990 587 1133 641 unde
1164 584 1536 644 manifestum,
1572 582 1718 652 quod
1751 583 1843 651 qui
1890 595 1999 634 non
2047 586 2212 633 amat.
2250 593 2360 630 non

775 681 955 736 civilis
986 689 1090 733 est.
1115 677 1170 731 Si
1197 692 1303 730 non
1343 682 1525 728 autem
1565 675 1688 734 hoc,
1725 671 2002 741 quomodo
2023 680 2167 724 esset
2190 671 2357 722 homo

772 773 1011 844 proprie,
1038 779 1090 825 et
1123 786 1229 824 non
1273 781 1484 824 tantum
1532 766 1835 821 secundum
1873 765 2132 826 formam,
2163 777 2352 832 quam,

770 883 836 919 ex
870 865 998 917 anili
1029 863 1246 926 fabella,
1273 862 1448 932 jocosi
1480 860 1625 914 simii
1661 869 1852 912 natura
1879 855 2110 924 cupiens
2139 853 2350 906 obtine-

770 970 852 1016 re,
889 955 1110 1022 incepto
1133 950 1606 1019 cecidit?Aliquid
1658 947 1859 1003 sociale
1917 945 2120 999 habent
2163 959 2351 997 ainan-

771 1055 894 1110 tes;
952 1046 1044 1114 qui
1088 1060 1215 1100 vero
1260 1043 1386 1096 talis
1433 1058 1540 1095 non
1571 1049 1678 1102 est.
1718 1040 1766 1094 is
1809 1039 1950 1093 bene
1985 1036 2177 1106 utique
2216 1033 2352 1086 diei-

770 1146 863 1192 t'ur
919 1138 1139 1208 quidem
1192 1137 1467 1206 solivagus
1505 1154 1519 1189 :
1576 1149 1682 1188 non
1717 1139 1898 1188 autem
1933 1130 2075 1184 male
2118 1127 2353 1197 jorando

769 1239 1108 1285 assereretur
1135 1230 1279 1300 quod
1304 1230 1581 1284 solitarius
1603 1233 1685 1279 est
1713 1223 1963 1294 agrestis.
2019 1223 2354 1279 Cicurantur

768 1333 823 1377 et
857 1331 1172 1392 serpentes,
1217 1331 1274 1376 et
1333 1321 1486 1374 multi
1535 1321 1672 1372 tales
1734 1319 1788 1370 in
1841 1317 2055 1370 liililicis
2108 1313 2355 1369 historiis

766 1423 1066 1471 occurrunt
1123 1432 1136 1467 :
1203 1428 1310 1467 non
1382 1412 1541 1482 pauci
1608 1420 1788 1464 autem
1849 1411 2129 1476 hucusque
2196 1423 2354 1461 man-

767 1505 1003 1557 sneracti
1039 1511 1366 1557 cernuntur.
1399 1501 1532 1567 Quis
1586 1502 1722 1555 adeo
1749 1503 2079 1554 inhumanus
2110 1499 2276 1554 fuerit
2307 1508 2366 1554 ut

767 1596 892 1650 velit
925 1613 1046 1652 esse
1069 1596 1418 1664 serpentibus
1443 1594 1575 1664 ipsis
1606 1594 1801 1664 pejor?

838 1813 927 1866 Η.
981 1809 1203 1863 Zelatur
1246 1807 1488 1862 cluat-itas
1537 1813 1592 1861 et
1641 1806 1708 1861 ah
1758 1805 1896 1875 ipsis
1938 1805 2245 1869 sceleratis.
2294 1804 2350 1860 in

2462 576 2725 644 ἀγαπᾷν,
2783 577 2878 628 καὶ⁸
2923 573 3100 636 οὕτως
3167 576 3593 640 ἀντιγαπᾷτθαι
3645 593 3657 606 ·
3694 577 3818 630 ὅθεν
3871 597 4036 646 φανε-

2463 666 2576 734 ρὸν,
2611 665 2684 728 ὡς
2720 666 2747 718 6
2775 666 2852 735 μὴ
2875 666 3110 734 ἀγαπῶν
3153 667 3272 718 οὐδὲ
3306 668 3522 736 ἥμερός
3553 670 3724 723 ἐστιν.
3781 670 3842 723 ΕΞ
3875 671 3931 723 δὲ
3965 674 4044 740 μὴ

2455 757 2634 823 τοῦτο,
2677 759 2795 820 πῶς
2826 758 2893 812 ἀν
2933 759 3020 830 εἴη
3048 759 3339 827 ἄνθρωπος
3373 763 3400 812 ὁ
3432 760 3662 831 κυρίως,
3698 763 3780 815 ὃτι
3833 763 3908 832 μὴ
3950 765 4048 829 μό-

2454 868 2545 903 νον
2578 851 2720 904 κατά
2755 868 2816 919 γε
2848 853 3061 921 σχῆμα,
3096 848 3270 922 οὗπερ
3298 858 3484 924 τυχεῖν
3528 857 3667 908 κατὰ
3701 857 3794 908 τὸν
3819 858 4047 927 γραῶδη

2463 943 2635 1011 μῦθον
2678 943 2773 996 καὶ
2803 945 2835 1013 ἡ
2872 945 2964 996 τοῦ
2988 944 3203 1012 γελοίου
3231 945 3473 1015 πιθήκου
3504 947 3812 1012 ὲθελήσασα
3853 948 4046 1014 φύσις,

2460 1036 2783 1106 ὲξήμὸλωσε
2813 1036 2912 1106 τὴν
2935 1039 3292 1108 ἐγχείρησινς
3341 1039 3816 1106 Συναγελαστικόν
3855 1058 3912 1093 τι
3949 1043 4049 1092 καὶ

2459 1129 2508 1180 οἱ
2532 1129 2873 1196 ἀγαπῶντες,
2925 1128 2986 1184 Ὀ
3024 1131 3080 1183 δὲ
3124 1131 3198 1199 μὴ
3231 1132 3470 1194 τοιοῦτος
3502 1133 3721 1199 λέγεται
3759 1135 3861 1203 μὲν
3893 1135 4050 1203 παρά

2460 1222 2576 1284 τοῖς
2601 1221 2784 1290 ὀρθῶς
2806 1221 3270 1292 ὁνοματοθετοῦσι
3313 1224 3508 1292 μονίας
3535 1241 3552 1256 ο
3581 1227 3682 1278 οὐκ
3711 1224 3779 1278 ἂν
3807 1226 3864 1278 δὲ
3903 1228 4052 1278 σκώψ

2463 1330 2656 1367 πτοιτο
2691 1314 2902 1380 ἀφυῶς,
2943 1316 3026 1367 ὅτι
3063 1315 3249 1384 μονιός
3302 1317 3455 1368 ἐστιν
3483 1318 3694 1388 ἀγριο’.
3739 1316 4053 1386 Ἥμεροῦν-

2463 1425 2553 1460 ται
2585 1407 2677 1459 καὶ
2702 1407 2880 1475 δφεις,
2917 1408 3013 1460 καὶ
3062 1408 3377 1478 ὲμφωλοῦσι
3418 1408 3604 1461 πολλοὶ
3649 1408 3886 1461 τοιοῦτοι
3931 1411 4053 1471 ταῖς

2469 1499 2774 1569 βιϐλιακαῐς
2809 1499 3074 1569 ἱστορίαις
3110 1517 3124 1531 ·
3160 1501 3262 1553 οὐκ
3294 1501 3465 1567 ὀλίγοι
3509 1501 3564 1554 δὲ
3597 1503 3690 1554 καὶ
3744 1503 3910 1573 μέχρι
3955 1502 4054 1553 νῦν

2472 1592 2904 1664 ἑξημερούμενοι
2929 1592 3244 1662 βλέπονται.
3265 1595 3363 1659 Τίς
3386 1596 3452 1649 ἀν
3472 1595 3645 1658 οὕτως
3665 1596 3754 1663 εἴη
3773 1595 4055 1664 ἑξάνθρω-

2449 1709 2572 1756 πος,
2602 1693 2676 1756 ὼς
2709 1694 2933 1764 ἀγαπᾷν
2967 1689 3112 1748 εἶναι
3143 1693 3237 1747 καὶ
3272 1695 3460 1748 αὐτῶν
3498 1695 3788 1764 ἀϐέλτερος
3825 1697 4052 1760 δςεωνς

2537 1805 2628 1863 ια’.
2683 1809 2938 1879 Ζηλωτδν
2995 1810 3028 1878 ὴ
3081 1809 3269 1879 ἀγάπη
3330 1811 3426 1862 καὶ
3464 1810 3661 1875 ςαὺτοῖς
3709 1809 4050 1879 ἀλιτηρίοις.

765 1907 965 1974 quibus
1005 1916 1262 1971 perverse
1321 1908 1511 1968 agunt.
1536 1901 1734 1952 Amant
1763 1898 1928 1966 igitur
1981 1897 2080 1960 illi,
2112 1897 2352 1951 lubricus

2461 1899 2546 1970 ἐφ’
2582 1894 2666 1963 οἷς
2699 1901 3109 1972 κακουργοῦσιν
3149 1918 3165 1934 ⁸
3196 1903 3466 1970 ἀγαπῶσι
3508 1902 3640 1969 γοῦν
3660 1904 3866 1955 ἱκεῖνοι
3889 1906 3918 1956 6
3951 1902 4054 1971 μὲν

765 1997 984 2066 quidem
1032 1992 1342 2055 lasciviam,
1403 1989 1606 2042 eadem
1659 2001 1842 2042 autem
1899 1988 1990 2041 ille
2042 1993 2135 2056 qui
2185 1988 2354 2042 semel

758 2093 934 2142 homo
963 2083 1250 2154 sanguinis
1278 2098 1401 2136 esse
1450 2081 1657 2145 voluit;
1689 2078 1893 2132 furtum
1937 2094 2088 2142 vero,
2122 2079 2214 2148 qui
2245 2081 2355 2132 cir-

764 2195 830 2234 ca
890 2177 1097 2232 furtum
1129 2182 1380 2229 versatus
1412 2179 1532 2237 est;
1582 2182 1636 2224 et
1692 2171 1783 2224 alii
1839 2170 1944 2225 alia
2000 2187 2187 2240 prava,
2228 2188 2354 2228 sex.

763 2271 911 2326 centi
952 2276 1213 2324 sexcenta
1267 2265 1419 2320 talia.
1472 2265 1603 2318 Dico
1649 2275 1832 2317 autem
1880 2265 1969 2319 hic
2003 2264 2350 2319 dileCtionem

761 2379 875 2418 non
908 2361 1263 2431 peculiarem,
1297 2373 1405 2412 non
1461 2358 1570 2410 Deo
1603 2358 1855 2419 amicam,
1895 2372 2002 2410 non
2028 2359 2348 2426 perlectam,

765 2456 860 2510 sed
930 2466 1264 2523 perversam
1340 2458 1395 2503 ct
1459 2448 1648 2502 virtuti
1731 2449 2086 2503 contrariam.
2148 2447 2352 2517 Duplex

766 2547 912 2601 enim
941 2544 1362 2606 sicutcharitas,
1383 2542 1454 2594 ita
1483 2539 1722 2594 dilectio.
1748 2538 1895 2593 Unus
1932 2539 2152 2608 quidem
2179 2541 2353 2607 diligit

766 2641 920 2707 juxta
975 2638 1147 2706 legem
1201 2652 1363 2704 quam
1413 2633 1555 2686 Deus
1612 2631 1764 2684 dedit
1817 2637 1872 2684 et
1935 2631 2041 2685 hoc
2075 2646 2199 2684 cum
2242 2629 2351 2686 Deo

768 2747 871 2786 nos
929 2731 1223 2793 docemus;
1270 2727 1414 2779 alius
1475 2736 1655 2778 autem
1692 2723 1892 2793 diligit,
1929 2722 2073 2778 sicut
2107 2727 2350 2794 suggerit

768 2821 1136 2883 adversarius,
1189 2818 1499 2888 oppositam
1565 2815 1677 2869 Deo
1731 2817 1902 2886 legem
1949 2823 2216 2868 statuens.
2257 2816 2350 2870 Sic

768 2915 935 2967 etiam
995 2920 1190 2981 praeter
1241 2910 1640 2978 dit-tadiligit.
1679 2908 1771 2978 qui
1821 2909 2146 2977 simpliciter
2203 2909 2349 2962 hunc

770 3021 992 3060 sensum
1047 3003 1372 3072 corrumpit.
1419 3000 1532 3056 lloc
1579 3010 1761 3055 autem
1838 3015 1946 3054 non
2002 3008 2087 3056 est
2127 3001 2349 3068 pr0prie

768 3097 1009 3150 charitas
1038 3112 1054 3148 :
1081 3111 1188 3148 nou
1230 3095 1374 3148 enim
1405 3090 1928 3161 reprehenderetur.
1963 3089 2150 3161 Diligit
2182 3102 2346 3145 etiam

768 3190 950 3259 legum
1013 3197 1391 3254 transgt-cssor
1423 3184 1737 3254 hujnsmodi
1805 3185 2344 3254 transgressionem:

2457 1996 2779 2062 καταφερὴς
2814 1995 2914 2064 τὴν
2954 1994 3236 2061 λαγνείαν,
3261 1995 3424 2062 φόνον
3452 1995 3507 2049 δὲ
3532 1997 3560 2047 6
3591 1995 3852 2060 καθάπαξ
3885 1996 4050 2065 φιλή-

2458 2101 2557 2144 σας
2579 2085 2719 2156 ἀνὴρ
2751 2087 3002 2155 αἱμάτων
3038 2083 3179 2140 εἶναι
3206 2105 3221 2118 ο
3257 2088 3353 2140 καὶ
3385 2087 3486 2158 τὴν
3513 2087 3824 2158 κλεπτικὴν
3855 2091 3884 2141 6
3913 2089 4051 2159 περὶ

2454 2174 2623 2246 αὐτὴν
2652 2175 2829 2239 δεινός
2853 2192 2868 2208 ο
2901 2175 2999 2228 καὶ
3028 2176 3182 2231 ἄλλοι
3219 2177 3356 2230 ἀλλα
3406 2179 3611 2248 φαῦλα,
3648 2181 3836 2249 μυρίοι
3885 2181 4049 2232 αὐτοὶ

2457 2267 2626 2338 μυρία
2662 2269 2762 2321 ὅσα
2797 2270 3004 2322 ἐκεῖνα.
3039 2270 3201 2336 Λέγω
3233 2271 3291 2323 δὲ
3331 2273 3560 2341 ἀγαπᾷν
3613 2271 3851 2325 ἐνταῦθα
3881 2272 3949 2324 οὐ
3988 2271 4049 2324 τδ

2454 2363 2667 2431 κύριον,
2723 2363 2784 2416 οὐ
2843 2363 2904 2416 τὸ
2967 2365 3123 2432 φίλον
3171 2365 3310 2434 Θεῷ,
3351 2367 3414 2419 οὐ
3470 2366 3686 2436 τὸπρὸς
3721 2367 4045 2437 ἀκρίϐειαν,

2451 2455 2588 2509 ἀλλά
2616 2457 2675 2509 τὸ
2705 2456 3033 2528 διάστροφον
3087 2459 3185 2511 καὶ
3235 2459 3298 2511 τὸ
3345 2461 3587 2530 ἑναρέτῳ
3648 2462 4043 2529 ἀντίστροφον.

2454 2549 2694 2602 Διπλοῦν
2754 2553 2900 2621 γάρ,
2955 2551 3147 2622 ὥσπερ
3205 2554 3237 2621 ἡ
3302 2553 3516 2623 ἀγάπη,
3589 2553 3732 2607 οὕτω
3820 2556 3916 2608 καὶ
3967 2557 4046 2625 ξτδ

2449 2639 2694 2709 ἀγαπᾷν.
2727 2639 2948 2710 ’Δγαπᾷ
2964 2657 3070 2704 τις,
3102 2642 3178 2703 ὡς
3204 2644 3230 2692 6
3252 2642 3384 2704 Θεὸς
3416 2643 3572 2696 ἔθετο
3603 2638 3791 2713 νόμον,
3857 2645 3886 2695 6
3945 2644 4045 2697 νῦν

2454 2729 2552 2780 σὺν
2577 2728 2877 2798 Θεῷήμεῖς
2915 2729 3243 2798 διδάσκομεν
3274 2747 3287 2761 ο
3316 2730 3475 2793 ἀλλος
3511 2730 3567 2783 δέ
3598 2749 3682 2793 τις
3715 2733 3934 2800 ἀγαπᾷ,
3967 2732 4046 2791 ὡς

2452 2823 2481 2872 6
2508 2822 2886 2887 ἀντικείμενος
2909 2822 3247 2885 ὑποτίθεται,
3281 2823 3716 2892 ἀντινομοθετῶν
3755 2823 3837 2892 τῷ
3889 2823 4041 2894 Θεῷ.

2452 2913 2610 2968 Οὕτω
2663 2917 2799 2984 πρὸς
2854 2917 2969 2980 τοῖς
3025 2916 3337 2985 εἰρημένοις
3382 2917 3569 2986 ἀγαπᾷ
3620 2917 3716 2968 καὶ
3768 2917 3797 2968 6
3845 2917 4043 2981 ἁπλῶς

2451 3005 2653 3058 ἀδικῶν
2691 3007 2791 3076 τὴν
2846 3007 3103 3074 τοιαύτην
3147 3007 3413 3060 διάθεσιν.
3447 3003 3553 3059 Ἦν
3617 3009 3672 3060 δὲ
3723 3008 3848 3060 οὐδὲ
3904 3009 4045 3062 αὖτδ

2451 3103 2657 3169 κυρίως
2700 3104 2890 3165 ἀγάπη
2925 3117 2938 3131 '
2979 3103 3041 3154 οὑ
3077 3101 3184 3172 γάρ
3221 3101 3286 3152 ἂν
3335 3101 3580 3169 ἐψέγετο.
3617 3102 3838 3171 Ἀγαπᾷ
3884 3104 3986 3154 καὶ
4015 3104 4044 3153 6

2451 3195 2637 3262 νόμοις
2667 3193 3016 3264 ἐπεμϐαίνων
3042 3193 3140 3260 τὴν
3169 3192 3433 3262 τοιαύτην
3480 3193 3854 3262 παραὸασίαν.
3923 3196 4042 3247 Οὐκ

767 3280 864 3334 sed
895 3295 999 3332 non
1031 3278 1248 3347 proprie
1281 3277 1554 3330 diceretur
1589 3274 1790 3328 habere
1848 3275 2166 3327 eharitatcm
2205 3291 2220 3329 :
2251 3291 2342 3341 ge-

2451 3287 2510 3340 ἂν
2531 3289 2584 3339 δὲ
2625 3288 2710 3355 εἴη
2747 3287 3177 3356 κυριολεκτικῶς
3229 3286 3464 3353 ἀγαπῶν
3493 3301 3508 3316 °
3555 3287 3692 3338 ἀλλὰ
3748 3289 4038 3357 μορφάζέι

766 3372 988 3429 sticulat
1045 3370 1249 3423 malitia
1281 3367 1544 3422 deformis
1574 3377 1701 3422 ante
1749 3368 2072 3430 [UI'IIIOSUID,
2123 3372 2342 3422 nomine

769 3464 1062 3519 venerabili
1100 3477 1255 3516 suam
1299 3462 1724 3515 circumducens
1777 3459 2124 3529 pravitatem,
2149 3469 2201 3512 et
2239 3460 2341 3512 hoc

768 3558 990 3612 nomine
1021 3556 1409 3609 contradicens
1446 3553 1577 3616 Deo,
1615 3553 1734 3623 qui,
1760 3551 1915 3620 juxta
1951 3567 2209 3622 magnum
2245 3551 2344 3604 Da-

771 3651 880 3715 vid,
911 3649 1087 3717 diligit
1114 3647 1332 3716 quidem
1371 3646 1665 3714 justitiam,
1701 3646 1815 3698 odit
1867 3656 2044 3699 autem
2093 3645 2344 3713 iniquita-

770 3749 902 3802 tem,
941 3750 1224 3794 ctrrtenon
1257 3738 1454 3806 diligit.
1507 3738 1760 3790 Attamen
1811 3735 1914 3788 ista
1970 3735 2343 3791 demonstrant

767 3833 1093 3887 charitatem
1151 3845 1262 3882 rem
1321 3845 1444 3883 esse
1481 3842 1707 3897 prorsus
1740 3826 2342 3893 amabilem,siquidem

771 3924 1035 3993 perversi.
1068 3938 1168 3976 suo
1193 3923 1411 3974 nomine
1443 3920 1766 3989 pudibundi,
1800 3920 1902 3973 sub
1929 3918 2214 3971 charitatis
2243 3932 2344 3969 no-

771 4015 918 4068 mine
953 4029 1012 4067 se
1053 4013 1314 4076 centlant,
1369 4024 1421 4065 et
1457 4012 1520 4064 ad
1552 4025 1610 4065 se
1639 4025 1782 4073 eam,
1809 4009 1936 4063 licet
1966 4023 2072 4060 non
2110 4007 2342 4076 possint,

771 4107 1046 4160 attrahere
1079 4112 1368 4158 ennentut'.
1421 4101 1567 4157 Felis
1613 4102 1794 4170 imago
1831 4107 1916 4154 est
1948 4114 2137 4153 eorum
2173 4114 2343 4150 unus-

769 4199 1006 4268 quisque
1045 4206 1319 4251 crocotam
1368 4195 1472 4250 sibi
1513 4208 1622 4246 non
1663 4193 2078 4246 convenientem
2122 4188 2341 4251 ft-retts;

771 4292 1116 4360 autjucosus
1151 4289 1368 4352 simius,
1422 4287 1653 4342 illustris
1698 4300 1819 4340 esse
1854 4283 2061 4344 volens,
2090 4297 2213 4334 cum
2255 4290 2344 4332 tu-

771 4388 893 4438 nica
940 4383 1166 4436 ﬂoribus
1193 4381 1340 4433 varia
1377 4378 1790 4441 circumdatur;
1837 4376 2004 4438 unde,
2057 4385 2185 4442 puto
2222 4387 2346 4441 pro-

770 4478 1087 4532 verbialiter
1131 4474 1473 4544 blandiloqui
1518 4486 1642 4528 eum
1705 4489 1724 4522 t
1753 4469 2048 4540 pulchrum
2094 4487 2111 4517 ι
2145 4481 2346 4537 00300-

770 4571 1006 4624 minant.

841 4663 930 4715 12.
980 4660 1170 4713 Adhuc
1215 4658 1399 4712 divine
1451 4656 1667 4726 quidem
1715 4653 2018 4722 diligimus.
2047 4652 2343 4706 salubriter

2445 3377 2506 3428 τὸ
2536 3377 2676 3428 κατά
2703 3376 2900 3428 κακίαν
2931 3374 3168 3444 εἰδεχθὲς
3224 3375 3303 3436 είς
3355 3374 3738 3443 εὐπρόσωπον,
3802 3376 4041 3445 ὀνόματι

2449 3467 2632 3536 σεμνῷ
2655 3467 3005 3537 περιπέττων
3037 3467 3135 3536 τὴν
3161 3467 3288 3518 κατ’
3321 3467 3486 3520 αὑτὸν
3543 3466 3874 3537 μοχθηρίαν,
3943 3470 4043 3520 καὶ

2446 3561 2523 3630 τῷ
2561 3561 2679 3628 Θεῷ
2727 3558 3127 3626 ἀντονομάζων.
3177 3556 3236 3619 6;
3280 3558 3435 3625 παρά
3487 3556 3563 3625 τῷ
3622 3558 3848 3626 μεγάλῳ
3870 3557 4041 3610 Δαυῖδ

2447 3652 2638 3722 ἀγαπᾷ
2678 3651 2775 3720 μὲν
2807 3649 2903 3718 τὴν
2923 3647 3296 3716 δικαιοσύνην,
3326 3647 3422 3717 τὴν
3453 3648 3508 3700 δὲ
3558 3648 3796 3716 ἀνομίαν
3857 3651 4068 3716 μισεῖ,

2446 3742 2506 3794 οὗ
2552 3744 2658 3812 μὴν
2690 3743 2900 3811 ἀγαπᾷ.
2964 3741 3073 3791 Καὶ
3121 3742 3271 3808 ὅμως
3313 3739 3535 3809 δηλοῦσι
3587 3739 3894 3794 καὶταῦτα
3939 3741 4040 3809 τὴν

2447 3836 2668 3904 ἀγάπην
2700 3831 2836 3886 εἶναι
2867 3835 3101 3901 πρᾶγμα
3136 3832 3506 3900 παμφίλητον.
3551 3833 3666 3899 εἴγε
3721 3833 3822 3885 καὶ
3857 3833 3907 3884 oi
3943 3849 4041 3884 πο-

2447 3927 2602 3996 νηροὶ
2634 3926 2732 3995 τὴν
2778 3924 2898 3976 κατ’
2943 3923 3140 3984 αὐτοὺς
3176 3921 3486 3990 αἰδούμενοι
3546 3921 3742 3989 κλῆσιν
3797 3924 4040 3992 ὑποτρέ-

2445 4035 2600 4088 χουσι
2623 4018 2720 4086 τὴν
2759 4016 2999 4083 ἀγάπην,
3043 4015 3136 4067 καὶ
3170 4013 3304 4084 πρὸς
3349 4014 3575 4073 ἑαυτοὺς
3610 4014 3907 4065 τάττουσιν
3938 4014 4040 4066 αὖ·

2446 4109 2566 4175 τὴν,
2597 4109 2645 4160 εί
2671 4109 2763 4158 καὶ
2796 4106 2869 4174 μὴ
2909 4103 3188 4157 δύνανται.
3226 4103 3372 4172 Γαλῆ
3405 4119 3486 4165 τις
3514 4103 3744 4164 ἕκαστος
3775 4105 4037 4165 ἐκείνων,

2448 4197 2729 4267 κροκωτδν
2765 4194 3005 4265 φοροῦσα
3043 4194 3117 4265 μὴ
3145 4195 3426 4262 πρέποντα
3451 4207 3464 4220 ·
3498 4195 3531 4261 ἢ
3563 4193 3800 4262 πίθηκος
3859 4197 3888 4247 6
3927 4212 4036 4262 γε-

2445 4290 2608 4351 λοῖος,
2674 4290 2871 4340 ἐθέλων
2932 4282 3071 4339 εἶναι
3144 4285 3526 4355 περίϐλεπτος,
3581 4289 3669 4339 ὅτε
3717 4286 3792 4339 τὰ
3839 4288 4036 4340 ἀνθινα

2448 4384 2860 4453 περιϐέϐληται,
2919 4382 3013 4448 ἀφ’
3069 4375 3144 4433 ὧν
3181 4376 3332 4450 οἶμαι
3384 4380 3478 4433 καὶ
3542 4399 3562 4434 t
3596 4380 3765 4434 καλὸν
3804 4389 3826 4434 i
3863 4384 4037 4436 αὐτὸν

2448 4475 2944 4546 προσονομάζουσιν
2967 4475 3013 4525 oi
3045 4472 3427 4542 παροιμιακῶς
3460 4472 3942 4544 ὑποκοριζόμενοι.

2518 4658 2606 4726 ιβ’.
2646 4659 2766 4710 Ἔτι
2793 4656 2952 4719 θείως
2993 4655 3093 4726 μὲν
3112 4655 3419 4725 ἀγαπῶμεν
3469 4657 3518 4709 οί
3553 4655 3670 4709 σῶα
3700 4656 4037 4726 φρονοῦντες

771 4753 1141 4823 recogitantes
1192 4747 1601 4802 matrimonium
1654 4745 1798 4816 quod
1853 4746 1993 4799 Deus
2042 4746 2094 4797 in
2153 4744 2352 4814 primis

2451 4713 2764 4820 1%quij,
2791 4749 2852 4801 6v
2884 4750 2912 4801 6
2934 4713 3072 4811 ’Θεὸς
3096 4713 3427 4816 ἐν’πρὼτοις
3478 4713 3906 4818 ἔφηνενίίιὺτὸς
3959 4713 4036 4801 is;

758 4846 1032 4905 .instituit,
1083 4843 1198 4911 ipse
1262 4839 1608 4894 sanctissime
1654 4837 1959 4908 conjunxit,
2016 4837 2132 4906 ipse
2183 4837 2346 4890 bene-

769 4937 943 4992 dixit:
974 4948 1208 5003 cumque
1238 4931 1536 5003 permansit
1563 4930 1692 4984 illud
1722 4931 2184 4999 protOplastorum
2218 4944 2346 4982 enn-

767 5027 1036 5096 junctioui
1069 5041 1242 5094 usque
1289 5026 1355 5077 ad
1382 5037 1638 5084 mortem,
1675 5033 1730 5075 ct
1769 5037 1877 5074 non
1921 5021 2207 5090 illegitime
2247 5035 2342 5074 co-

772 5121 995 5188 pulatus
1025 5127 1109 5171 est
1139 5119 1229 5170 ille
1257 5117 1480 5185 pulcher
1513 5115 1711 5177 dualis,
1742 5129 1808 5167 ex
1839 5128 1950 5182 quo
1993 5129 2167 5182 usque
2196 5127 2343 5166 nunc

773 5209 1134 5263 fraternitatis
1181 5207 1558 5277 pl‘0|tillquil3$
1607 5216 1856 5260 servatur
1889 5205 2034 5258 inter
2073 5219 2174 5259 nos
2204 5214 2255 5257 et
2285 5205 2342 5258 in

777 5301 983 5352 honore
1013 5299 1263 5353 habetur.
1292 5299 1461 5352 Aliter
1490 5309 1671 5352 autem
1699 5297 1956 5366 diligunt,
1982 5305 2166 5350 etnon
2189 5295 2342 5363 juxta

775 5391 880 5442 tale
909 5390 1340 5453 matrimonium,
1371 5389 1463 5457 qui
1511 5406 1618 5442 non
1655 5389 1952 5457 prudentes
1990 5387 2164 5441 aliena
2193 5389 2343 5442 clau-

777 5493 889 5536 stra
941 5481 1445 5548 transgrediuntur,
1495 5480 1606 5533 imo
1638 5486 2021 5546 perrumpunt,
2072 5479 2152 5531 vel
2185 5480 2344 5533 aliter

776 5575 879 5628 sibi
917 5575 1132 5627 ruinam
1163 5572 1450 5626 ellodiunt.
1500 5571 1593 5624 Ille
1623 5572 1844 5640 quidem
1877 5583 1963 5625 est
1993 5586 2147 5624 amor
2176 5570 2341 5625 bene-

777 5670 974 5730 dictus,
1006 5676 1060 5721 et
1107 5668 1228 5719 ideo
1260 5676 1506 5727 sanctus,
1539 5675 1593 5718 et
1643 5665 1767 5716 linis
1809 5666 1928 5733 ejus
1982 5664 2088 5718 Deo
2112 5665 2339 5728 chartis,

781 5762 988 5815 fruetus
1020 5760 1226 5813 ventris
1267 5757 1566 5827 jucundus,
1614 5772 1785 5827 genus
1830 5757 2091 5820 luridum,
2142 5756 2342 5810 nobilis

773 5855 1085 5923 progenies.
1122 5850 1412 5908 Secundus
1447 5857 1651 5916 autem,
1677 5850 1768 5919 qtti
1805 5864 1908 5902 nou
1941 5857 2024 5903 est
2055 5848 2204 5917 juxta
2233 5862 2344 5902 ma.

2451 4844 2689 4913 ρῶτατον
2725 4841 2940 4905 ζεύξας,
2975 4840 3136 4904 αὐτὸς
3174 4841 3516 4909 εὐλογήσαςο
3558 4843 3646 4893 ὅτε
3697 4841 3799 4894 καὶ
3852 4842 4034 4910 παρέ-

2447 4949 2631 5004 μεινεν
2654 4935 2861 4994 ἐκεῖνος
2884 4933 2950 5001 τῇ
2976 4931 3387 5001 πρωτοπλάστῳ
3431 4932 3666 5003 συζυγία
3721 4933 3887 5002 μέχρι
3935 4934 4037 4984 καὶ

2447 5024 2526 5086 είς
2559 5022 2808 5084 θάνατον,
2831 5023 2926 5075 καὶ
2957 5022 3057 5076 οὐκ
3083 5023 3321 5094 ὲδυάσθη
3349 5023 3604 5091 ἀθέσμως
3630 5026 3657 5076 6
3688 5025 3856 5087 καλὸς
3883 5025 4038 5076 ἐκεῖ.

2445 5132 2533 5175 νος
2567 5114 2928 5183 συνδυασμὸς,
2960 5115 3018 5180 ἐξ
3045 5109 3106 5169 οὗ
3145 5113 3307 5185 μέχρι
3347 5115 3440 5167 καὶ
3470 5113 3567 5167 νῦν
3616 5117 3678 5167 τδ
3715 5116 3843 5169 κατ’
3872 5119 4034 5169 ἀδελ-

2445 5207 2650 5276 φότητα
2682 5208 2908 5277 γνήσιον
2934 5206 3028 5259 καὶ
3062 5205 3296 5269 σώζεται
3344 5209 3403 5260 ὲν
3429 5209 3601 5277 ⁴ἡμῖν,
3642 5210 3740 5260 καὶ
3787 5210 4032 5278 twigs»;

2447 5298 2912 5368 παρρησιάζεται.
2946 5297 3155 5360 ’Δλλως
3199 5296 3256 5349 δὲ
3287 5297 3566 5364 ἀγαπῶσι,
3627 5299 3722 5350 καὶ
3771 5300 3836 5351 οὗ
3881 5300 4031 5352 κατὰ

2443 5389 2683 5441 τοιοῦτον
2720 5390 2916 5458 γάμον,
2950 5390 2999 5441 oi
3045 5389 3143 5442 οὐκ
3193 5388 3467 5460 ἔμφρονες
3519 5391 3812 5458 φραγμοὺς
3866 5391 4030 5443 αὐτοὶ

2445 5479 2761 5546 ἀλλοτρίους
2793 5478 3240 5548 ὑπερϐαίνοντες.
3280 5481 3464 5548 μήπου
3487 5481 3543 5532 δὲ
3572 5481 3668 5532 καὶ
3703 5481 4029 5534 κατακλῶν-

2443 5585 2555 5634 τες,
2590 5570 2623 5640 ἢ
2655 5570 2828 5632 ἄλλως
2848 5569 3196 5641 βοθρεύοντες
3221 5573 3433 5636 ἑαυτοῖς
3462 5573 3705 5642 δλεθρον.
3737 5575 3846 5627 Καὶ
3876 5576 4029 5629 ἐστιν

2444 5661 2620 5714 ἐκεῖνο
2654 5662 2752 5730 μὲν
2784 5663 2844 5713 τὴ
2877 5663 3096 5732 ἀγαπᾷν
3134 5663 3450 5734 εὐλογητὸν,
3495 5663 3591 5717 καὶ
3615 5664 3792 5727 οὕτως
3823 5668 4027 5735 ἡγιασ-

2447 5757 2626 5824 μένον,
2656 5755 2749 5806 καὶ
2785 5755 2846 5806 τὸ
2871 5756 3022 5817 τέλος
3055 5756 3219 5806 αὑτοῦ
3256 5758 3377 5825 θεῷ
3421 5757 3598 5825 φίλον,
3655 5761 3868 5824 καρπὸς
3924 5778 4024 5826 γα-

2448 5847 2609 5918 στρὸς
2642 5847 2792 5917 ἡδὺς,
2824 5849 2979 5916 γένος
3017 5851 3296 5917 φωτεινὺν,
3328 5852 3484 5920 γόνος
3508 5853 3986 5924 εὐπαῤῥησίαστος
4009 5873 4022 5887 ·
