4210 6438
202 397 310 456 593

1188 398 1269 458 ιΝ
1300 397 1363 458 5.
1401 397 2066 469 QUADRAGESIMAM
2105 399 2392 457 ORATIO
2430 400 2508 461 ΙῘ.

3361 403 3464 465 594

198 514 261 564 τὸ
284 513 342 564 δὲ
383 511 660 583 δεύτερον,
685 513 746 564 τὸ
788 514 861 582 μὴ
890 514 1030 567 κατὰ
1057 513 1254 580 γάμον,
1295 515 1342 565 εί
1380 515 1471 565 καὶ
1505 514 1581 574 είς
1610 511 1778 578 ὄνομα

1885 511 2226 574 tritnuuium,
2275 514 2401 565 licet
2455 518 2507 566 in
2562 516 2786 571 nomine
2842 519 3172 572 matrimonii
3227 521 3460 585 dicatur.

201 605 598 674 παραλαλεὴαι
633 607 841 674 γάμου,
871 606 986 658 ἀλλ’
1008 601 1102 658 οὖν
1144 606 1401 674 ἑτεροίως
1440 605 1777 670 διεκπίπτει,

197 702 331 759 τοὺς
363 699 555 761 νόθους
584 702 904 769 προφαίνων,
932 701 1026 752 καὶ
1056 700 1181 760 τοὺς
1213 697 1487 762 σκοτίους,
1520 699 1614 750 καὶ
1656 700 1780 760 τοὺς

202 791 555 860 παρθενίους,
583 793 836 854 καὶτοὺς
870 791 1319 858 ὑποϐολιμαίους,
1377 793 1471 843 καὶ
1523 791 1625 844 ὅσα
1673 809 1782 843 τοι-

200 885 344 935 αὐτα
398 885 494 936 τοῦ
552 884 628 952 μὴ
683 884 920 954 νομίμου
971 884 1151 952 γάμου
1199 884 1622 952 ἀποτελέσματα
1686 885 1779 938 καὶ

199 977 466 1045 ὀνόματα.
504 971 671 1040 Οὗτος
696 979 723 1029 ὸ
748 978 923 1046 γάμος
952 977 982 1030 ὁ
1033 978 1196 1046 ίερδς,
1240 980 1268 1031 ὀ
1304 981 1446 1032 κατὰ
1494 979 1711 1045 νόμους,
1755 980 1782 1030 ό

205 1068 512 1132 πολιτικὸς,
542 1071 571 1121 ὁ
596 1070 675 1138 τῷ
698 1068 819 1140 Θεῷ
848 1071 1023 1136 φίλος.

279 1159 376 1226 ιγ’.
413 1159 618 1229 Καιρὸς
646 1160 750 1230 ήδη
780 1160 947 1221 πολὺς
988 1160 1154 1227 (ὑπὲρ
1186 1161 1465 1223 ἐνιαυτοὺς
1506 1163 1614 1230 γάρ
1652 1160 1779 1212 τού-

203 1270 328 1312 τους
365 1251 428 1314 ἒξ
448 1251 620 1303 θλίϐει
654 1269 720 1319 με
758 1253 1276 1322 παρανομούμενος,
1309 1255 1381 1320 πῆ
1411 1255 1508 1320 μὲν
1533 1255 1632 1322 τὴν
1660 1253 1782 1306 κατ’

203 1334 406 1411 ἆρχὴν,
443 1344 520 1412 πῆ
557 1344 614 1396 δὲ
647 1344 713 1395 τὰ
749 1345 867 1412 μετ’
907 1346 1069 1398 αὑτὸν
1096 1345 1185 1397 διὰ
1209 1345 1534 1415 ἀνθρώπων,
1560 1347 1610 1398 οἶ
1643 1349 1782 1412 ἀγα-

210 1435 419 1497 πῶντες
445 1435 508 1488 τὸ
550 1439 671 1489 κατ’
695 1436 985 1506 ἄνθρωπον
1037 1438 1382 1506 ὲξωτερικὸν,
1421 1438 1639 1508 μισοῦσι
1685 1440 1784 1508 τὴν

208 1526 418 1578 ἑαυτῶν
438 1526 639 1596 ψυχὴν,
675 1527 1050 1591 ἐξοκέλλοντες
1075 1529 1592 1596 ἀποτελεσματικῶς
1634 1531 1666 1599 ἢ
1705 1534 1783 1594 είς

216 1617 306 1684 τὴν
331 1617 593 1683 ἀγελαίαν
620 1618 916 1686 ἀδιάφορον
947 1621 1117 1689 μίξιν,
1154 1621 1186 1690 ἢ
1214 1622 1294 1683 είς
1344 1623 1406 1675 τὸ
1439 1625 1785 1676 Πλατωνικὸν

211 1711 487 1776 παίγνιον,
519 1704 692 1782 οὗπερ
723 1712 971 1782 βούλημα
1000 1714 1156 1767 κοινὰ
1181 1711 1321 1767 εἶναι
1348 1716 1418 1769 τά
1450 1717 1649 1780 πάντα,
1681 1715 1782 1788 ἤδη

208 1802 264 1854 δέ
291 1819 396 1854 που
445 1807 537 1854 καὶ
574 1806 653 1865 είς
707 1803 770 1856 τὸ
806 1806 975 1859 πάλαι
1016 1807 1149 1858 ποτὲ
1199 1807 1484 1863 Σκυθικόν.
1546 1810 1781 1875 Σκύθαις
1812 1846 1858 1904 Β

212 1897 343 1963 γάρ,
363 1897 548 1963 φασὶν,
573 1896 727 1950 οὐδὲν
749 1899 1120 1968 ὲπεχωρίαζεν
1142 1899 1294 1964 ἴδιον,
1312 1901 1394 1954 ὃτι
1413 1902 1486 1970 μὴ
1511 1901 1660 1970 ξίφος
1689 1905 1784 1957 καὶ

216 1987 449 2054 σκύφος)
483 2017 550 2028 -
579 1988 678 2040 οὐκ
704 1989 849 2040 ἐστιν
874 1989 967 2042 οὖν
990 1989 1173 2060 ἡμέρα
1210 1992 1330 2059 μία,
1396 1993 1519 2046 καθ’
1567 1995 1632 2064 ἢν
1686 1995 1784 2048 οὐκ

213 2077 294 2138 εἰς
319 2077 419 2145 ἐμὲ
457 2081 745 2148 τρέχουσιν
765 2080 957 2149 ἄνδρες
986 2098 1045 2133 τε
1071 2089 1166 2134 καὶ
1205 2085 1483 2150 γυναῖκες,
1517 2087 1784 2140 ἀποκλαι-

211 2167 399 2234 ὀμενοι
431 2168 772 2238 ζυγομαχίας
795 2171 973 2223 αὐτῶν
1005 2174 1100 2225 καὶ
1134 2177 1560 2244 παροιστρήσεις
1585 2179 1784 2247 γάμου,

214 2260 339 2313 καθ’
366 2261 426 2312 ὃν
455 2262 654 2323 αὐτοὺς
688 2263 715 2313 ὁ
738 2262 870 2326 Θεὸς
899 2265 1209 2332 συνέζευξε.
1259 2269 1542 2322 Διίσταται
1595 2288 1786 2338 γυναι-

217 2351 308 2413 κὸς
335 2352 497 2422 ἀνὴρ,
531 2354 625 2406 καὶ
654 2355 688 2425 ἢ
717 2355 886 2426 πόρνῃ
915 2357 1195 2424 κολλᾶται,
1229 2361 1258 2428 ἢ
1286 2362 1421 2413 ἀλλὰ
1475 2365 1786 2432 χρεμετίζει

218 2445 358 2498 κατὰ
382 2445 611 2515 ἐννόμου
643 2449 828 2516 κοίτης
860 2449 1147 2519 ἀλλοτρίας
1178 2469 1193 2484 ο
1229 2471 1322 2506 και
1373 2457 1485 2521 ἐγὼ
1527 2457 1786 2522 μανθάνω

218 2537 311 2587 καὶ
340 2535 485 2587 λαλῶ
519 2538 871 2607 μελαγχολῶν
909 2544 977 2594 τά
997 2542 1187 2596 πολλὰ.⁴
1218 2549 1312 2597 καὶ
1346 2547 1373 2597 ὀ
1407 2548 1616 2614 άπὸζυξ
1663 2567 1787 2616 κερ-

217 2629 376 2694 τομεῖ
419 2629 513 2681 καὶ
559 2634 891 2696 καταπαίζει
927 2633 1052 2703 poi,
1101 2642 1594 2706 συνεφαπτομένων
1640 2643 1788 2712 αὐτῷ

218 2718 318 2786 τῆς
346 2720 559 2787 μωκίας
593 2723 688 2774 καὶ
717 2724 826 2776 τών
851 2735 1396 2795 συμφατριαζοντων,
1427 2734 1536 2785 Καὶ
1587 2739 1615 2786 ὁ
1660 2751 1789 2803 σεμ-

223 2813 307 2874 νὸς
343 2812 814 2886 θεσσαλονίκης,ό
837 2821 1371 2890 πολυπροσκύνητος,
1418 2825 1653 2879 ἐνταῦθα
1703 2843 1792 2896 μι-

221 2903 358 2970 κροῦ
388 2908 482 2956 καὶ
521 2907 914 2971 καταπτύιται,
948 2923 1041 2963 και
1082 2915 1302 2966 παίεται
1368 2919 1509 2968 κατά
1563 2921 1787 2989 κόρῤης.

223 2996 350 3052 Καὶ.
410 2996 510 3048 οὐκ
560 2993 735 3064 οἶμαι,
801 3000 1102 3068 τηνικαῦτα
1152 3004 1224 3072 (εί
1280 3007 1352 3073 μὴ
1409 3009 1436 3058 ὁ
1477 3009 1571 3060 τοῦ
1610 3011 1790 3079 γάμου

217 3087 558 3152 θεσμοθέτης
594 3091 794 3156 Κύριος
843 3093 1067 3160 ἐγγελᾷ,
1101 3095 1230 3158 τοὺς
1278 3115 1552 3163 τοιουτυυς
1589 3103 1788 3171 ἐμῦρι-

1883 599 1978 651 sed
2014 600 2125 654 alio
2150 602 2414 664 declinet,
2453 606 2709 672 praesagit
2743 607 2966 670 nothos,
3014 619 3069 660 et
3119 611 3457 665 tenebrosiis.

1880 700 1934 743 et
1960 693 2252 758 virgineos,
2290 705 2344 747 et
2371 695 2736 758 adulterinos,
2763 709 2818 750 et
2853 714 3220 767 qua'cumque
3255 715 3362 752 non
3395 719 3458 754 ex

1883 782 2128 850 legitimo
2152 787 2504 842 matrimonio
2527 789 2852 858 proveniunt
2876 791 3116 859 origines
3135 801 3189 845 et
3221 794 3460 845 numina.

1881 872 2018 925 lllud
2060 884 2240 928 autem
2284 878 2694 932 matrimonium
2727 887 2808 932 est
2845 895 3091 944 sacrum,
3124 883 3270 950 quod
3306 881 3459 951 juxta

1882 963 2050 1034 leges,
2097 966 2245 1035 quod
2293 969 2474 1037 civile,
2521 971 2667 1041 quod
2701 970 2811 1027 Deo
2848 980 3068 1042 gratum
3102 982 3208 1028 est.

1959 1147 2045 1199 13.
2087 1143 2318 1198 Multum
2351 1146 2466 1215 jam
2525 1154 2743 1217 tempus
2787 1161 2870 1205 est
2929 1152 3119 1221 (ultra
3173 1151 3318 1207 enim
3367 1169 3460 1208 se:

1881 1239 1995 1307 jam
2050 1254 2224 1293 annos
2259 1241 2486 1294 tribulat
2553 1256 2638 1295 me
2669 1243 2815 1311 quod
2848 1254 2998 1297 extra
3034 1246 3206 1314 legem
3234 1248 3316 1311 lit,
3351 1257 3463 1299 tutu

1884 1327 2064 1397 quoad
2109 1329 2464 1395 principium,
2520 1339 2633 1383 tum
2683 1331 2866 1399 quoad
2901 1348 2962 1386 ea
2998 1349 3118 1401 qua
3151 1346 3455 1403 sequuntur

1887 1420 2018 1473 illud
2063 1436 2158 1489 per
2191 1422 2468 1482 homines,
2514 1425 2606 1490 qui
2647 1423 2937 1492 diligentes
2973 1425 3025 1478 iu
3063 1427 3285 1479 homine
3315 1429 3461 1494 quod

1887 1512 2150 1574 exterius,
2205 1527 2360 1565 suam
2395 1512 2629 1566 oderunt
2676 1516 2935 1583 animam,
2975 1517 3188 1572 funesta
3222 1520 3462 1573 inclina-

1887 1604 2037 1656 tione
2071 1604 2356 1658 deviantes
2390 1607 2505 1659 sive
2544 1606 2596 1658 in
2632 1611 2932 1678 gregariaut
2970 1613 3462 1680 indistinctamquc

1888 1696 2350 1760 mistionem,sive
2375 1699 2560 1765 jocum
2597 1701 3135 1771 Platonicum,cujus
3173 1705 3463 1758 COIiSlllt'lD

1887 1800 2004 1841 erat
2047 1791 2229 1842 omnia
2264 1805 2385 1845 esse
2436 1793 2771 1858 communia,
2821 1795 2938 1848 sive
2968 1796 3131 1846 etiam
3180 1797 3465 1863 antiquum

1889 1879 2209 1950 Scytharum
2244 1898 2450 1935 merent
2484 1895 2793 1951 sequentes.
2826 1885 3046 1956 Scythis
3091 1887 3238 1939 enim
3277 1887 3460 1940 dicunt

1889 1974 2024 2027 nihil
2065 1991 2128 2026 ex
2187 1990 2338 2031 more
2389 1973 2559 2030 fuisse
2620 1981 2925 2046 proprium,
2966 1979 3067 2030 nisi
3109 1978 3361 2046 poculum
3413 1989 3467 2031 et

1887 2082 2074 2120 ensem
2103 2070 2119 2134 )
2146 2109 2159 2131 ,
2189 2096 2258 2105 --
2290 2081 2396 2120 11011
2427 2075 2510 2121 est
2541 2069 2707 2136 igitur
2739 2085 2844 2122 una
2875 2071 3015 2132 dies,
3050 2072 3234 2138 inqua
3263 2086 3368 2121 non
3397 2070 3462 2121 ad

1889 2176 1973 2212 me
2002 2168 2229 2212 currant
2251 2159 2348 2212 viri
2377 2174 2442 2213 ac
2476 2160 2754 2224 mulieres,
2784 2177 2912 2216 suas
2939 2163 3299 2215 lamentantes
3320 2162 3466 2214 rixas

1891 2261 2054 2320 atque
2092 2252 2232 2306 bella
2289 2254 2649 2318 matrimonii,
2695 2253 2852 2322 cujus
2897 2255 3114 2307 vinculo
3158 2255 3296 2307 Deus
3345 2255 3467 2310 illos

1889 2345 2220 2412 conjugavit.
2247 2345 2548 2415 Separatur
2584 2347 2749 2400 virab
2778 2362 2971 2406 uxore,
2995 2356 3047 2399 et
3070 2348 3148 2400 vel
3175 2348 3352 2413 pcllici
3373 2351 3462 2398 ai!-

1889 2437 2077 2502 ha‘ret,
2111 2437 2191 2490 vel
2224 2438 2276 2490 in
2316 2439 2616 2509 legitimum
2659 2442 2889 2494 aliorum
2930 2445 3126 2495 lectum
3165 2443 3381 2505 hinnit;
3413 2455 3466 2499 et

1889 2541 1991 2596 ego
2028 2530 2190 2580 audio
2223 2532 2526 2598 loquarque
2563 2531 2881 2599 plerumque
2935 2534 3390 2594 melancholicus,
3414 2547 3467 2588 et

1891 2620 2091 2687 conjtix
2126 2634 2417 2688 separatus
2449 2638 2533 2677 me
2563 2625 2698 2677 ludit
2729 2644 2788 2676 ac
2827 2626 3034 2688 irritlet_
3072 2629 3465 2683 auxiliantibus

1893 2710 1970 2763 illi
2029 2710 2095 2763 ad
2151 2712 2485 2766 illudenduzn
2532 2715 2951 2771 contributibus.
3013 2720 3075 2772 Et
3136 2722 3466 2774 \etierabilis

1894 2802 2317 2868 Thessalonicae,
2361 2806 2450 2860 ille
2480 2807 2565 2861 cui
2592 2809 2852 2862 debentur
2875 2812 3230 2865 salutationes
3259 2815 3463 2878 multae,

1896 2894 1968 2947 ibi
2008 2903 2118 2949 tere
2171 2897 2488 2964 conspuitur
2537 2900 2666 2952 etin
2702 2901 2920 2952 maxilla
2955 2906 3304 2968 ptTCttlilttt‘l
3361 2907 3418 2958 iii
3449 2949 3463 2969 ,

1895 3002 2003 3040 non
2036 2996 2185 3057 puto,
2241 3000 2368 3042 tunc
2406 2991 2551 3054 (nisi
2605 2995 2940 3046 matrimonii
2973 2995 3254 3062 legislator
3290 2996 3466 3050 Domi-

1898 3095 2000 3132 nus
2039 3095 2133 3148 pro
2185 3081 2417 3134 ludibrio
2463 3083 2591 3135 talia
2645 3085 2912 3148 minatur)
2965 3104 3182 3141 rursum
3234 3107 3297 3142 ex
3363 3092 3462 3142 alia

223 3178 500 3246 μὼμενος)
527 3179 685 3244 αὖθις
707 3183 974 3254 ἑτέρωθεν
999 3187 1139 3257 ἀνὴρ
1162 3188 1519 3257 ἀναφαίνεται
1555 3197 1789 3249 καταὸοο

1900 3181 2053 3239 parte
2112 3173 2191 3224 vir
2247 3185 2475 3241 apparet
2535 3177 2870 3232 clarueribus
2922 3182 3262 3251 insequendo
3330 3201 3461 3237 uto-

216 3267 431 3337 ὡμενος
462 3273 557 3342 τῆς
585 3276 869 3342 γυναικὸς,
900 3279 973 3341 ὡς
1023 3278 1413 3353 άποζυγείσης,
1443 3289 1538 3338 καὶ
1576 3288 1636 3340 οὐ
1693 3290 1792 3357 p.6-

219 3381 309 3416 νον
333 3366 647 3434 καταμόνας
679 3367 783 3431 ἔξω
805 3371 970 3423 αὐτοῦ
993 3375 1289 3444 γενομένης
1319 3378 1400 3440 εἰς
1431 3382 1594 3431 τόπον
1631 3383 1792 3451 χλιίης

218 3451 524 3521 θανασίμου
557 3456 677 3524 μὲν,
709 3457 893 3528 ἐκείνῃ
925 3459 980 3513 δὲ
1009 3461 1290 3528 γλυκείας,
1325 3469 1419 3518 καὶ
1459 3469 1550 3522 ἐπὶ
1577 3468 1790 3535 ὕδατος,

217 3545 316 3611 τῆς
346 3545 486 3613 αὐτῇ
512 3545 775 3615 δοκούσης
814 3548 1196 3616 ἀναπαύσεως,
1240 3554 1376 3606 ἀλλὰ
1410 3559 1504 3607 καὶ
1565 3560 1790 3626 προσϐι-

218 3634 536 3703 ϐασθείσης,
567 3635 697 3690 ἔνθα
728 3638 802 3707 μὴ
839 3640 1139 3710 ἐπέτρεψεν
1184 3644 1213 3694 ὀ
1240 3643 1391 3707 Θεός.
1442 3647 1550 3699 Καὶ
1583 3648 1790 3717 θυμοῦ·-

221 3745 322 3796 μαι
368 3728 653 3785 κάνταῦθα
676 3730 808 3798 ἐγὼ,
840 3733 932 3784 καὶ
964 3733 1108 3801 ὀχλῶ
1139 3736 1219 3796 είς
1258 3736 1410 3790 οὐδὲν
1466 3739 1674 3801 ἀγαθὸν
1704 3745 1792 3795 τέ-

218 3822 306 3883 λος
333 3837 350 3852 ο
372 3821 498 3875 ὅθεν
529 3823 894 3894 ἀμηχανήσας
919 3825 1013 3878 καὶ
1039 3826 1308 3894 ἀπογνοὺς
1331 3829 1432 3899 τὴν
1453 3831 1560 3883 τῶν
1582 3833 1791 3887 πολλῶν

217 3913 528 3980 διόρθωσιν.
560 3915 778 3985 χρῶμαι
808 3917 950 3970 κατὰ
989 3917 1088 3987 τῆς
1137 3922 1394 3991 τοιαύτης
1455 3924 1610 3976 νόσου
1653 3943 1791 3994 (pap-

222 4004 424 4070 μάκοις
448 4004 508 4056 οὑ
544 4005 706 4073 μόνον
747 4012 1162 4077 πνευματικοῖς,
1189 4012 1326 4065 ἀλλά
1347 4030 1448 4066 που
1477 4017 1568 4067 καὶ
1600 4034 1792 4087 κοσμι-

220 4094 506 4160 κωτέροις,
536 4096 629 4146 καὶ
651 4096 791 4149 δοκῶ
825 4099 1078 4167 φορτικὸς
1109 4101 1196 4153 δια
1225 4102 1464 4158 πάντων.

294 4184 378 4238 ιδ’.
409 4188 506 4238 Διὰ
533 4186 603 4248 τί,
642 4188 730 4241 διὰ
769 4190 820 4241 τί
853 4190 950 4242 οὐκ
977 4191 1178 4262 ὀρθῶς,
1222 4189 1268 4248 ὦ
1297 4197 1538 4266 ἀδελφοὶ,
1568 4201 1791 4268 ἀγαπῶ-

222 4294 324 4345 μεν
382 4275 506 4330 οὕτε
551 4280 703 4346 ἡμᾶς
756 4282 978 4347 αὐτοὺς,
1030 4283 1153 4336 οὒτε
1206 4287 1299 4338 τὸν
1340 4290 1528 4361 ἀγάπῃ
1563 4294 1788 4346 ἐπιστα-

219 4367 417 4419 τοῦντα
442 4367 612 4433 Θεό-ις
653 4371 759 4424 Καὶ
798 4371 944 4425 ἐστιν
969 4373 1205 4428 ἐνταῦθα
1241 4377 1301 4430 τὸ
1351 4380 1442 4432 τοῦ
1476 4382 1645 4435 κακοῦ
1680 4387 1790 4453 χεί-

223 4475 428 4524 ριστσιν.
468 4459 650 4510 Ἔστω
670 4461 797 4530 γὰρ,
822 4462 903 4514 ὅτι
947 4467 1379 4533 περιφρονητέον
1420 4470 1518 4539 τὴν
1559 4472 1790 4542 Ἐκκληο

1898 3276 2035 3326 rem,
2082 3264 2246 3315 veluti
2285 3279 2611 3331 separatam,
2662 3277 2716 3321 et
2757 3284 2861 3321 non
2913 3281 3122 3324 tantum
3170 3289 3460 3334 seorsum.

1896 3359 2171 3425 νισι-1111111
2197 3359 2308 3422 illo,
2339 3359 2613 3416 diversam
2642 3364 2697 3416 in
2730 3365 2904 3417 locum
2933 3382 3148 3434 pascuae
3173 3370 3463 3422 mortifera-

1894 3449 2153 3516 quidetn,
2213 3451 2306 3505 sed
2359 3467 2478 3520 quae
2537 3454 2751 3508 vidi-tur
2809 3458 2884 3510 illi
2940 3458 3139 3522 dulcis,
3193 3474 3248 3514 et
3300 3477 3464 3528 super

1898 3556 2114 3608 aquam,
2146 3560 2269 3612 qua:
2301 3543 2513 3598 videtur
2546 3547 2622 3600 illi
2682 3549 3024 3613 refectionis,
3061 3553 3151 3605 sed
3185 3564 3233 3604 et
3263 3554 3465 3620 produ-

1895 3642 2060 3696 ctam,
2094 3649 2201 3701 quo
2238 3649 2346 3687 non
2379 3637 2625 3704 permisit
2665 3636 2824 3691 Deus.
2850 3637 2912 3690 Et
2947 3640 3031 3692 hic
3063 3641 3224 3694 etiam
3256 3643 3461 3696 irascor

1893 3735 1947 3778 et
1979 3726 2322 3792 importunus
2356 3743 2476 3781 sum
2515 3729 2579 3782 ad
2618 3729 2824 3782 nullum
2861 3731 3062 3783 bonum
3099 3731 3257 3785 tinent
3285 3751 3297 3784 :
3321 3734 3462 3786 unde

1896 3818 2144 3873 inlirmus
2197 3831 2250 3873 et
2307 3822 2608 3890 desperans
2665 3823 2960 3875 multorum
3015 3826 3456 3886 correctionem.

1895 3911 2155 3964 adversus
2191 3913 2351 3965 talem
2388 3913 2632 3967 morbum
2661 3923 2784 3966 utor
2815 3916 3071 3968 remediis
3107 3931 3213 3968 non
3247 3929 3456 3969 tattttttn

1893 4000 2293 4068 spiritualibus,
2325 4005 2417 4058 sed
2457 4013 2510 4057 et
2546 4007 2976 4068 humanioribus,
3013 4018 3065 4059 et
3114 4009 3164 4059 iu
3208 4009 3461 4062 omnibus

1893 4093 2079 4146 videor
2118 4095 2202 4148 vix
2246 4096 2586 4150 tolerandos.

1968 4185 2052 4238 14.
2085 4184 2287 4248 Quare,
2330 4186 2551 4247 fratres,
2605 4203 2772 4255 quare
2821 4205 2927 4242 non
2984 4201 3131 4243 recte
3184 4191 3460 4257 diligimus

1894 4292 1990 4330 nec
2026 4292 2124 4331 nos
2155 4279 2302 4346 ipsos
2340 4295 2440 4333 nec
2465 4280 2755 4334 cliaritatis
2784 4282 3070 4350 prresidein
3105 4281 3270 4334 Deum
3299 4283 3320 4333 ?
3371 4281 3460 4332 Est

1892 4370 1996 4422 hoc
2040 4369 2308 4421 malorum
2358 4371 2679 4437 pessimum.
2715 4372 2843 4424 Esto
2890 4374 3034 4425 enim
3082 4373 3227 4438 qttod
3278 4371 3458 4439 despi-

1895 4461 2092 4513 cienda
2128 4463 2201 4514 sit
2227 4455 2505 4514 Ecclesia:
2551 4478 2651 4514 cur
2698 4471 2879 4515 autem
2928 4463 3308 4531 unusquisque
3355 4477 3459 4514 non

223 4549 368 4599 σίαν.
408 4548 472 4599 Τί
503 4548 566 4618 δὴ
596 4550 669 4618 μὴ
694 4530 1278 4621 ἁγαπὼμεννέκαστος
1323 4530 1514 4612 ἑαυτον
1554 4563 1706 4629 γοῦν,
1749 4530 1791 4615 ’ὃ

1899 4554 2253 4621 semetipsum
2308 4553 2526 4623 diligit,
2576 4555 2718 4623 quod
2775 4556 2854 4608 vel
2914 4556 2964 4607 in
3016 4530 3190 4608 brutis
3244 4558 3461 4621 conspi-

219 4641 283 4709 δὴ
346 4641 440 4692 καὶ
482 4645 592 4702 τοῖς
640 4643 855 4710 ἀλόγοις
900 4647 1247 4714 ἐμφαίνεται,
1297 4651 1439 4720 άπερ
1504 4655 1791 4720 ἀγαπῶσιν

219 4736 411 4795 ἑαυτὰ,
441 4735 514 4796 ὠς
539 4736 603 4786 ὲκ
633 4737 740 4788 τῶν
760 4737 1054 4806 ὁρωμένων
1081 4745 1362 4807 coniverat;
1398 4747 1661 4813 ψεύγουσι
1684 4750 1790 4820 γὰρ

218 4827 552 4892 διοιικόμενα,
588 4829 680 4880 καὶ
707 4831 806 4888 τὰς
840 4830 1056 4899 πληγὰς
1087 4833 1412 4900 ἐκκλίνουσι,
1450 4840 1540 4890 καὶ
1564 4847 1790 4907 σφαττό-

221 4936 361 4986 μενα
388 4918 696 4986 θορυϐοῦσι.
733 4921 918 4974 Ταῦτα
943 4924 996 4976 δὲ
1021 4924 1200 4980 πάντα
1237 4930 1635 5000 φιλοσωμάτων
1660 4934 1787 5003 ἴδια,

220 5015 313 5062 καὶ
356 5013 706 5081 χαρακτῆρες
728 5015 821 5066 τοῦ
851 5018 1074 5087 ἀγαπᾷν
1105 5020 1224 5089 ζῇν.

294 5111 375 5157 ιε’,
407 5106 538 5169 Ἄγε
568 5105 632 5173 δὴ
659 5108 754 5158 καὶ
786 5108 873 5171 σὺ,
903 5101 948 5159 ὦ
973 5113 1072 5178 τῆς
1101 5114 1358 5176 γυναικὸς
1399 5117 1549 5186 ἄνερ,
1602 5121 1789 5187 ἀγάπα

219 5197 277 5244 τ),
307 5195 580 5262 συμφυὲς,
616 5198 708 5247 καὶ
748 5199 843 5263 μὴ.
877 5199 1059 5264 ἀφιεὶς
1091 5202 1187 5270 τὴν
1206 5203 1472 5273 ὁμόζυγα,
1501 5209 1593 5261 καὶ
1618 5211 1789 5274 οὕτως

219 5285 643 5348 ἡμισευόμεκος,
699 5285 904 5352 ρἐὄου
970 5289 1343 5357 πλανώμενος,
1413 5296 1546 5348 ὅπου
1579 5298 1637 5350 τὸ
1690 5301 1788 5367 τῆς

218 5375 396 5450 ψυχῆς
424 5375 728 5442 ἐπιθυμοῦν
764 5377 1042 5445 περιέλκει
1075 5397 1156 5444 σε,
1192 5381 1276 5435 ἵνα
1309 5386 1383 5452 μὴ
1407 5389 1597 5450 κακοῖς
1634 5407 1790 5460 περι-

221 5481 432 5535 κυρσῃς
472 5467 824 5536 άηρνιὸπτοις.
868 5469 1011 5540 ἅπερ
1039 5473 1136 5524 οὐκ
1168 5473 1283 5525 ἔστι
1320 5476 1624 5545 διαφυγεῖν.
1680 5484 1787 5535 Καὶ

227 5579 283 5609 ευ
315 5558 395 5619 δὲ,
419 5552 463 5609 ὦ
490 5559 722 5627 γύναι,ή
756 5560 846 5610 τὸν
880 5561 1007 5613 ἴδιον
1049 5563 1451 5633 άποστέρξισα,
1504 5571 1639 5637 πρὸς
1667 5572 1787 5624 ’ἐτε-

219 5670 308 5717 pw
368 5652 419 5703 δὲ
467 5650 839 5718 ἀπονεύσασα,
881 5655 1130 5709 ἅδάσιιου
1198 5657 1270 5727 μὴ
1309 5661 1637 5739 ἀποτέμνειν
1689 5666 1786 5731 μὲν

213 5748 310 5813 τὴν
339 5745 614 5813 κυριακὴν
644 5748 885 5818 κεφαλὴν
914 5753 1164 5820 σεαυτῆς,
1199 5755 1390 5823 ἑτέραν
1437 5757 1491 5808 δεῖ
1533 5758 1782 5827 ἐξιστᾷνο

215 5837 480 5907 άςυμφυῆ
516 5839 605 5890 καὶ
660 5842 1095 5908 απρυσνρλληιυι·
1155 5847 1240 5900 διὰ
1297 5849 1352 5900 τὸ
1402 5851 1771 5912 σνιυλόγηιον,

1896 4647 2040 4699 citur
2088 4646 2440 4710 animalibus,
2473 4662 2596 4714 qua:
2657 4649 2836 4714 seipsa
2895 4648 3148 4715 diligunt,
3201 4657 3259 4699 ut
3327 4664 3459 4714 quo-

1896 4740 2027 4793 tidie
2092 4739 2379 4807 apparet?
2442 4738 2825 4792 Persecutores
2892 4755 3128 4807 namque
3197 4740 3454 4806 fugiunt,

1896 4834 2116 4884 vulnera
2149 4832 2411 4894 devitant,
2440 4839 2488 4883 et
2529 4833 2779 4883 nocentia
2811 4832 3100 4899 repellunt.
3133 4830 3253 4883 lla:c
3275 4841 3452 4883 autem

1893 4925 2076 4978 omnia
2139 4940 2258 4977 sese
2330 4924 2674 4992 diligentium
2733 4931 2861 4977 sunt
2924 4924 3187 4991 propria,
3228 4925 3462 4993 vitzeque

1894 5017 2096 5070 aliIOris
2141 5018 2316 5086 signa.

1968 5109 2047 5161 l5.
2099 5109 2193 5162 Eia
2238 5128 2368 5177 ergo
2402 5119 2477 5171 tu,
2525 5109 2714 5162 uxoris
2747 5111 2847 5170 vir,
2881 5107 3022 5176 quod
3057 5106 3153 5158 tibi
3207 5106 3461 5159 naturale

1891 5211 1974 5254 est
2007 5202 2185 5270 dilige,
2218 5216 2392 5270 neque
2447 5210 2597 5252 tuam
2629 5201 2885 5254 deserens
2935 5200 3240 5267 conjugem,
3275 5207 3328 5249 ct
3377 5200 3456 5250 sic

1891 5295 2120 5347 diutidio
2174 5294 2434 5352 minutus,
2481 5292 2753 5360 divageris
2785 5292 3007 5359 passim,
3058 5308 3168 5360 quo
3205 5291 3457 5358 propellit

1892 5387 2087 5441 anima:
2118 5385 2474 5446 desiderium,
2523 5402 2588 5438 ne
2625 5385 2780 5437 tua-lis
2822 5385 3070 5438 incurras
3117 5383 3452 5451 improvisis,

1893 5498 2012 5546 quin
2040 5479 2222 5545 fugere
2286 5494 2392 5530 non
2426 5479 2603 5529 datur.
2659 5479 2736 5529 'l'tt
2788 5492 3005 5545 quoilue
3039 5475 3251 5536 mulier,
3298 5485 3452 5525 tuum

1891 5586 2134 5624 aversata
2166 5571 2448 5640 coniugi-ni
2481 5583 2530 5621 et
2556 5570 2620 5622 ad
2651 5571 2816 5622 alium
2845 5572 3122 5625 inclinata.
3163 5569 3312 5619 disce
3349 5583 3454 5618 non

1891 5665 2170 5719 abscidere
2203 5665 2279 5716 ttti
2326 5663 2498 5730 ipsius
2536 5662 2869 5714 dominicum
2907 5669 3090 5730 caput,
3126 5661 3193 5712 ad
3246 5674 3457 5728 pncpo-

1893 5758 2130 5812 nendum
2187 5756 2352 5814 aliud.
2386 5755 2554 5823 quod,
2609 5755 3008 5808 benedictionis
3060 5756 3301 5815 defectu,
3359 5768 3458 5804 nec

1892 5863 2130 5908 ιοιινωιι
2167 5870 2252 5902 nu
2298 5849 2599 5903 consociati
2654 5859 2844 5905 potest.
2899 5848 3009 5902 Non
3062 5850 3204 5902 enim
3258 5847 3456 5912 aliquis
