4210 6438
738 422 844 489 599

1461 425 1882 485 EUSTATHII
1920 427 2024 485 ΤΗ
2039 425 2683 487 ESSALUNICENSIS
2726 425 2778 492 Μ
2792 421 3291 483 ΕΤιιοΡοιῐΤΑε

3905 423 4016 486 δυο

739 541 956 592 suimus
1002 555 1123 594 eam
1159 538 1550 608 negotiationis
1603 540 1767 594 modo
1794 539 2234 604 conmiodantes,
2275 550 2320 594 ut

2435 537 2639 606 ἀγαθόν
2662 536 2962 601 ὲστιν,’ἰδοὺ
2986 535 3400 604 παρατιθέαμεν
3421 532 3592 603 αὐτὴν
3614 531 4028 597 ἐκδανείζοντες

740 641 901 683 antea
929 630 1135 686 dictum
1197 630 1323 699 fuit,
1351 640 1410 685 ut
1439 648 1537 702 per
1579 634 1730 687 illam
1787 641 1844 684 et
1881 648 1976 686 vos
2017 632 2315 702 locuplete-

743 723 873 777 mini
907 724 1168 793 uobisque
1219 726 1572 779 commodum
1620 724 1890 790 afl‘eratis,
1919 741 2038 780 eam
2073 741 2194 795 qua:
2246 741 2314 778 ex

745 817 854 866 Deo
884 824 964 867 est
993 816 1373 871 examinantes
1396 830 1452 872 et
1476 818 1625 872 velut
1681 819 1856 889 ipsius
1885 821 2007 873 boni
2046 809 2312 874 mensarii

743 904 1056 970 probantes,
1087 906 1288 961 deinde
1344 923 1466 962 cum
1523 924 1588 963 ea
1656 926 1776 978 qua:
1803 926 1868 964 ex
1927 911 2177 967 daemone
2229 922 2314 967 est

741 1008 1147 1066 comparantes,
1175 1008 1229 1054 et
1256 1001 1398 1054 hanc
1419 1002 1640 1071 quidem
1673 1004 2034 1068 declinantes,
2069 1003 2313 1057 divinam

741 1104 869 1143 vero
917 1091 1230 1156 probantes.
1302 1092 1776 1158 Quemadmodum
1827 1095 1973 1148 enim
2023 1094 2172 1147 nulla
2228 1105 2311 1148 est

741 1179 1060 1237 connnunio
1085 1184 1193 1238 luci
1227 1183 1296 1237 ad
1325 1185 1603 1250 tenebras,
1638 1186 1712 1238 ita
1745 1199 1846 1238 nec
1879 1184 2146 1238 charitati
2199 1200 2320 1254 qua

746 1273 1054 1328 secundum
1086 1276 1356 1346 optimum
1386 1275 1676 1332 Dominum
1716 1285 1822 1344 est,
1859 1279 1924 1332 ad
1953 1294 2071 1333 eam
2103 1295 2225 1348 quae
2254 1293 2319 1329 ex

748 1363 991 1431 pessimo
1021 1363 1272 1420 daemone
1306 1367 1478 1421 venit.

813 1451 904 1506 2‘2.
943 1451 1230 1524 Proposito
1275 1471 1408 1527 ergo
1459 1458 1614 1513 vobis
1663 1457 1730 1511 ad
1766 1458 1945 1512 lienus
1995 1459 2319 1522 charitatis.

747 1543 890 1596 Ιιοιιο
913 1558 1100 1610 aureo,
1135 1561 1295 1616 pcene
1322 1548 1577 1613 dixerim,
1609 1549 1743 1602 solis
1769 1550 1955 1612 simili,
1976 1551 2232 1618 adjiciam
2267 1551 2320 1604 in

747 1649 929 1702 pirem
953 1636 1242 1692 utilitatem
1269 1640 1432 1692 etiam
1455 1648 1682 1694 canoras
1701 1639 2018 1709 hujusmodi
2042 1642 2320 1710 materias,

745 1743 882 1793 quas
920 1729 970 1780 in
995 1730 1117 1783 sinu
1155 1729 1484 1786 collocantes
1505 1739 1558 1787 et
1587 1733 1732 1787 sicut
1765 1731 1846 1789 fas
1868 1741 1953 1788 est
1975 1743 2321 1788 commutan-

747 1829 849 1882 tes,
879 1821 1138 1875 salutaria
1174 1837 1270 1890 per
1291 1837 1385 1879 eas
1406 1823 1570 1878 etiam
1593 1823 1967 1879 lucrifacietis.
2005 1824 2119 1879 Non
2146 1826 2322 1881 habeo

2425 626 3040 699 πραγματευτικῶς,ὼς
3070 627 3262 678 άνόπιν
3292 625 3607 694 λελάληται,
3636 625 3722 678 ἴνα
3746 625 3818 679 δι’
3844 626 4025 696 αὐτῆς

2427 727 2520 778 καὶ
2552 726 2710 794 ὑμεῖς
2743 722 3122 794 πλουτισθῆτε,
3193 724 3284 775 καὶ
3331 723 3481 791 ἡμᾶς
3525 723 4021 792 προσωφελήσητε,

2421 817 2808 887 βασανίσαντες
2827 817 3033 883 ταύτην
3053 815 3152 886 τὴν
3171 814 3262 866 τοῦ
3291 813 3450 876 Θεοῦ,
3473 814 3565 866 καὶ
3593 812 3670 875 ὡς
3691 812 3857 866 αὐτοῦ
3876 831 3905 865 τ
3913 829 4021 883 ραο

2419 909 2638 972 πεζίται
2694 908 2891 974 ἀγαθοὶ
2938 908 3360 975 δοκιμάσαντες,
3393 901 3515 958 εἶτα
3559 904 3656 957 καὶ
3703 905 4016 974 ἀντιπαρα-

2421 1001 2606 1062 θέντες
2649 1002 2716 1069 τῇ
2769 997 3136 1069 δαιμονιὼδει,
3173 999 3267 1052 καὶ
3324 997 3498 1068 αὐτὴν
3559 998 3658 1066 μὲν
3708 999 4018 1069 παρεκκλί-

2422 1109 2607 1154 ναντες
2633 1132 2648 1156 ,
2677 1091 2776 1161 τὴν
2802 1092 2860 1144 δὲ
2895 1092 3048 1143 θείαν
3085 1091 3570 1161 ὲγκολπωσάμενοι
3593 1107 3608 1122 ο
3642 1091 3726 1144 ὅτι
3767 1091 4015 1160 μηδεμία

2423 1185 2700 1250 κοινωνία,
2731 1183 2923 1253 ὥσπερ
2958 1184 3080 1237 οὐδὲ
3113 1185 3253 1252 φωτὶ
3285 1185 3424 1253 πρὸς
3456 1180 3861 1246 σκότος,οὓτως
3885 1181 4015 1235 οὐδὲ

2422 1279 2632 1348 ἀγάπῃ,
2683 1280 2750 1348 τῇ
2791 1276 2935 1329 κατὰ
2978 1275 3072 1328 τὸν
3104 1273 3422 1342 πανάγαθον
3468 1275 3710 1346 Κύριον,
3739 1274 3881 1344 πρὸς
3913 1275 4018 1343 τὴν

2424 1371 2517 1422 τοῦ
2553 1370 2843 1436 παγκάκου
2878 1367 3156 1436 δαίμονος.

2494 1463 2599 1515 κδ’.
2651 1461 3101 1530 Προὸεὸλημένου
3169 1457 3299 1521 γοῦν
3357 1459 3486 1529 ὑμῖν
3559 1459 3635 1522 είς
3692 1458 3852 1520 δάνος
3918 1457 4014 1511 τοῦ

2425 1553 2566 1608 κατὰ
2614 1555 2715 1622 τὴν
2771 1553 2992 1621 ἀγάπην
3027 1552 3228 1614 καλοῦ,
3277 1547 3374 1602 τοῦ
3425 1552 3694 1620 χρυσέου,
3733 1549 3907 1616 ἐγγὺς
3955 1549 4016 1601 δὲ

2425 1645 2601 1696 είπείν
2628 1641 2698 1695 δι’
2739 1642 2871 1695 αὐτὸ
2917 1643 3013 1695 καὶ
3042 1641 3305 1711 ήλιὼδους
3325 1679 3338 1701 ,
3366 1639 3666 1711 προσθήσω
3705 1641 3788 1702 είς
3820 1641 4013 1705 ὅμοιον

2426 1733 2581 1802 χρέος
2602 1733 2696 1786 καὶ
2715 1730 2906 1793 λοιπάς
2935 1732 3186 1794 τοιαύτας
3219 1731 3369 1794 ὕλας,
3401 1731 3466 1790 ἃς
3498 1731 3604 1784 ὑπὸ
3633 1732 3819 1800 κόλπῳ
3842 1731 4015 1800 θέμε-

2428 1842 2508 1878 νοι
2565 1827 2660 1878 καὶ
2707 1823 3163 1889 καταλλάξαντες,
3193 1825 3268 1888 ὡς
3309 1823 3508 1895 χρεὼν,
3566 1825 3881 1893 κερδανεῖτε
3919 1826 4013 1877 καὶ

746 1925 875 1964 vero
903 1912 1259 1978 contendere,
1284 1930 1383 1969 nec
1431 1931 1516 1970 me
1547 1918 1786 1984 praebere
1806 1918 2140 2006 cautionem,
2173 1924 2320 1990 quod

2426 1917 2492 1970 δι’
2523 1915 2701 1969 αὐτῶν
2729 1916 2798 1969 τά
2840 1916 3108 1986 σωτήρια.
3140 1915 3255 1968 υύκ
3285 1915 3395 1985 ἔχω
3421 1915 3476 1967 δὲ
3514 1915 4012 1985 ἀπισχυρίσασθαι,

745 2002 973 2057 habeam
1009 2005 1284 2060 nomisma
1336 2006 1490 2062 vobis
1530 2007 1726 2064 offerre
1757 2002 2082 2066 numisinate
2135 2014 2319 2068 chari-

747 2095 883 2148 tatis
941 2097 1252 2166 septuplum
1311 2107 1544 2168 purgato
1583 2101 1881 2168 pretiosius
1913 2115 1976 2155 ac
2009 2103 2313 2171 pulchrius.

741 2188 935 2243 Omnia
964 2191 1526 2262 euim,qu:ecumque
1585 2195 1743 2249 vobis
1802 2197 1869 2250 ad
1930 2200 2314 2267 accipiendum

743 2295 1043 2349 proponam
1079 2283 1171 2337 tali
1197 2299 1334 2338 auro
1365 2289 1649 2341 commista
1683 2296 1834 2343 sunt.
1863 2287 2017 2345 Licet
2042 2305 2195 2346 aenea
2229 2291 2313 2345 vi-

741 2372 974 2428 deantur
996 2389 1119 2430 esse
1137 2378 1382 2444 quautam
1403 2380 1830 2449 propositorum,
1854 2389 2090 2436 attamen
2120 2395 2170 2435 et
2199 2383 2316 2452 ipsa

741 2467 1033 2521 charitatis
1069 2483 1203 2522 auro
1229 2471 1687 2537 commiscentur,
1728 2483 1782 2527 et
1809 2474 1932 2530 ideo
1969 2475 2314 2545 splendidam

745 2554 946 2610 habent
973 2557 1320 2627 dignitatem.

809 2727 900 2784 23.
936 2728 1158 2785 Habetis
1199 2731 1328 2787 dein
1364 2750 1393 2788 a
1442 2738 1600 2793 nobis
1628 2747 1681 2794 et
1709 2739 1856 2796 aliud
1888 2743 2152 2799 talentum
2181 2763 2312 2801 con-

742 2821 951 2876 ducens
972 2822 1040 2876 ad
1074 2824 1541 2895 misericordiam,
1575 2839 1628 2884 et
1657 2833 1799 2886 hanc
1829 2844 1955 2890 ante
1978 2837 2119 2893 alios
2179 2855 2308 2908 erga

744 2928 849 2967 me.
885 2912 1004 2970 Non
1061 2919 1205 2970 enim
1268 2921 1466 2975 essetis
1520 2923 1926 2991 misericordes,
1985 2929 2033 2982 si
2089 2931 2311 3000 quidem

742 3005 1040 3071 seniorem,
1072 3009 1272 3064 alicubi
1309 3021 1608 3081 repertum,
1633 3031 1888 3085 egenum,
1911 3019 2310 3076 mendicantem

746 3101 1106 3167 miseremini,
1141 3119 1249 3158 non
1284 3115 1497 3159 tantum
1553 3108 1905 3176 simpliciter,
1944 3112 2037 3166 sed
2071 3112 2136 3166 ad
2162 3130 2311 3168 coni-

745 3194 1194 3258 municationeui,
1221 3212 1450 3267 eamque
1481 3198 1712 3268 largam,
1745 3216 1865 3254 cum
1899 3203 2096 3258 aniiua:
2120 3206 2312 3260 volun-

747 3296 831 3341 tas
852 3299 1182 3357 compuneta
1213 3300 1332 3356 est;
1388 3306 1475 3345 me
1503 3303 1684 3347 autem
1744 3295 2084 3364 decrepitum
2136 3299 2313 3352 senio-

746 3395 887 3444 rem,
923 3381 1102 3434 omnis
1130 3383 1352 3450 quidem
1396 3385 1623 3440 virtutis
1654 3394 1956 3455 expertem,
1995 3405 2102 3443 non
2130 3402 2312 3445 autem

744 3474 836 3539 qui
894 3474 1329 3530 misericordiam
1366 3489 1740 3548 consequatur
1785 3481 2094 3550 indignum,
2137 3485 2313 3539 modis

743 3564 999 3618 clunibus
1073 3567 1380 3633 tribulatis,
1445 3585 1554 3624 non
1623 3581 1976 3641 reputantes,
2048 3574 2196 3643 quod
2258 3576 2310 3629 in

744 3665 1009 3724 quantum
1045 3659 1173 3711 mihi
1210 3661 1436 3713 minimo
1489 3677 1596 3715 non
1655 3663 1840 3718 facitis
1886 3665 2093 3734 aliquid
2141 3666 2268 3720 boni
2299 3707 2313 3732 ,

744 3766 844 3804 nec
870 3749 979 3804 Deo
1007 3750 1203 3806 facitis.
1256 3753 1317 3807 Et
1356 3754 1436 3807 sic
1490 3755 1710 3823 quidem
1760 3757 2132 3812 miserendum
2186 3760 2314 3824 mei,

746 3843 912 3897 vestri
941 3843 1226 3912 supplicis,
1260 3856 1310 3898 et
1339 3846 1562 3915 gratuiti
1597 3847 1852 3913 ministri,
1884 3847 1939 3901 in
1990 3849 2070 3903 eis
2130 3849 2310 3918 primo

746 3934 950 4001 quibus
979 3945 1217 4004 oportet,
1265 3937 1393 3990 licet
1448 3937 1586 3993 alias
1640 3940 2028 4003 incommodi,
2085 3943 2139 3994 in
2200 3942 2310 4007 his,

746 4026 949 4088 quibus
979 4043 1008 4080 a
1036 4043 1121 4082 me
1150 4043 1256 4082 non
1291 4029 1570 4097 possibilia
1603 4031 1908 4086 ministeria
1935 4033 2313 4102 requiruntur.

748 4119 952 4174 Deinde
991 4129 1218 4175 caeteros
1273 4138 1490 4192 quoque
1522 4123 1860 4179 miseremini
1888 4125 2110 4194 fratres,
2143 4143 2319 4198 quan-

749 4224 864 4265 tum
903 4211 1162 4279 possibile
1182 4223 1291 4278 cst,
1320 4226 1540 4284 propter
1572 4215 1663 4269 Dei
1687 4231 1956 4273 amorem.
1989 4219 2126 4274 llinc
2150 4220 2312 4275 etiam

750 4304 954 4356 talento
979 4307 1431 4374 superimpoueus
1457 4307 1712 4362 solatium
1741 4308 1795 4362 in
1830 4311 2160 4365 mmroribus
2191 4328 2316 4366 cum

753 4397 954 4464 aliquis
984 4394 1153 4449 frater
1191 4397 1496 4452 insolubilis
1528 4407 1632 4461 est,
1678 4400 1731 4452 in
1789 4401 1871 4455 eis
1896 4418 2018 4471 qua:
2074 4419 2159 4458 me
2225 4422 2312 4459 re-

753 4489 988 4555 spiciunt
1019 4488 1226 4556 aliquid
1262 4489 1460 4542 similis
1508 4492 1788 4560 efﬂagito;
1847 4503 1903 4547 et
1935 4511 2034 4563 ego
2069 4495 2317 4564 quidem,

756 4581 865 4633 lleo
901 4590 1219 4648 prmstante,
1247 4580 1446 4635 talibus
1478 4583 1688 4638 solatiis
1722 4585 1874 4640 dives
1898 4603 2040 4642 sum.

824 4671 912 4724 24.
943 4672 1077 4725 Sunt
1108 4681 1286 4727 tamen
1316 4673 1480 4742 aliqui
1515 4677 1929 4742 mensurabiles,
1969 4680 2036 4732 de
2063 4681 2262 4748 quibus
2296 4696 2326 4734 ο

758 4774 948 4817 contra
975 4764 1112 4816 male
1133 4767 1325 4826 habeo,
1360 4766 1530 4834 spina:
1561 4769 1634 4820 illi
1665 4769 1818 4822 nobis
1863 4778 2057 4836 amita},
2081 4771 2326 4824 divinum

761 4867 972 4925 pratum
1028 4856 1214 4910 sterile
1255 4856 1560 4923 reddentes,
1609 4861 1918 4914 amaritudo
1954 4862 2097 4914 melli
2130 4877 2330 4915 conso-

759 4949 924 5010 ciata,
961 4959 1172 5002 acetum
1207 4965 1318 5018 quo
1346 4950 1650 5018 spiritualis
1681 4953 1878 5005 humor
1922 4951 2190 5006 fructibus
2223 4952 2328 5007 sibi

758 5040 1463 5110 competentibusorbatur.
1519 5042 1581 5096 lli
1625 5057 1746 5097 sese
1789 5043 1973 5096 felices
2003 5058 2122 5098 esse
2143 5043 2332 5097 crede-

763 5142 902 5192 rent,
963 5131 1009 5184 si
1047 5146 1146 5184 nos
1189 5146 1543 5198 morerentur,
1589 5134 1796 5203 ipsique
1837 5134 1977 5189 caelo
2022 5150 2079 5188 se
2115 5135 2331 5204 propin-

760 5240 962 5291 quasse
1009 5224 1193 5276 volatu
1239 5233 1514 5292 putarent,
1553 5226 1596 5278 si
1649 5241 1752 5279 nos
1785 5225 2047 5278 Tartarus
2084 5226 2326 5280 haberet.

759 5315 837 5365 Ad
885 5331 1020 5382 quos
1079 5318 1189 5382 ipse
1247 5315 1508 5381 dicerem,
1557 5333 1660 5369 non
1715 5318 1848 5385 ipsis
1885 5317 1998 5372 fore
2053 5320 2250 5382 lausta,
2284 5320 2327 5373 si

761 5423 882 5467 qua:
935 5415 1126 5456 contra
1189 5421 1288 5458 nos
1337 5417 1535 5460 vovent
1601 5409 2014 5475 perficerentur.
2061 5411 2331 5463 Ardenter

762 5497 904 5549 i‘ttlttl
939 5507 1197 5566 exoptant
1229 5499 1432 5551 malum
1475 5500 1655 5553 \iJere
1683 5516 1848 5569 super
1878 5516 1976 5554 nos
2029 5501 2246 5555 irruens
2276 5513 2331 5556 et

762 5591 945 5642 statim
982 5593 1132 5658 ipsos
1196 5603 1369 5645 morte
1419 5593 1867 5662 praecipitandus:
1923 5595 2065 5663 quod
2123 5595 2328 5648 utinam

766 5700 874 5733 non
905 5685 1139 5736 videant!
1191 5683 1285 5737 sed
1314 5684 1472 5737 detur
1498 5696 1549 5738 et
1599 5700 1699 5736 nos
1747 5696 1798 5738 et
1851 5687 2001 5754 ipsos
2035 5688 2239 5748 vivere,
2275 5697 2333 5740 ut.

767 5774 1106 5843 ip.~iqnidem
1159 5777 1467 5846 percutiant
1502 5794 1562 5830 ac
1601 5779 1908 5840 vulnerent,
1975 5790 2026 5832 ut
2065 5795 2208 5832 nunc
2238 5781 2331 5833 hu-

771 5880 942 5923 tanler
975 5868 1203 5936 fat-ium,
1240 5872 1290 5926 in
1337 5887 1555 5938 vanum,
1588 5889 1683 5928 nos
1720 5888 1843 5928 cum
1876 5882 2056 5928 autem
2090 5871 2329 5926 admira-

2354 4594 2406 4655 D

2421 2011 2543 2063 οὐδὲ
2573 2010 2952 2080 ἐγγυήσασθαι
2998 2010 3256 2078 ἐμαυτὴν,
3302 2010 3378 2071 ὠς
3420 2008 3640 2079 εὐπορῶ
3679 2007 3905 2062 κάλλιόν
3959 2026 4012 2060 τι

2422 2105 2518 2158 καὶ
2563 2103 2933 2173 δοκιμώτερον
2963 2103 3243 2156 ἀναθεῖναι
3275 2105 3517 2172 νόμισμα
3559 2102 3688 2170 ὑμῖν
3716 2101 3814 2154 τοῦ
3864 2101 4012 2154 κατὰ

2418 2199 2519 2268 τὴν
2576 2199 2797 2266 ἀγάπην
2832 2195 3217 2257 ἐπταπλασίως
3261 2193 3759 2264 κεκαθαρισμένου.
3818 2193 4011 2246 Πάντα

2419 2289 2547 2359 γάρ,
2583 2289 2756 2341 ὁπόσα
2810 2289 2943 2356 ύμῖν
2992 2285 3325 2356 παραθῶμαι
3369 2285 3450 2347 είς
3495 2283 3786 2354 ἀνάληψιν,
3819 2284 4011 2355 χρυσῷ

2417 2379 2643 2450 τοιούτῳ
2683 2382 3217 2450 συνανακέκρανταιο
3269 2379 3375 2431 κᾶν
3421 2378 3471 2430 sl
3522 2377 3618 2430 καὶ
3653 2377 3870 2445 χάλκεα
3917 2377 4010 2429 δο-

2418 2474 2563 2525 κοῖεν
2611 2468 2749 2527 εἷναί
2801 2489 2922 2526 τινα
2979 2471 3090 2524 τῶν
3135 2468 3690 2538 παρατεθησομένων,
3735 2468 3878 2522 ἀλλά
3915 2468 4012 2522 καὶ

2417 2565 2558 2618 αὐτὰ
2586 2565 2773 2636 χρυσῷ
2805 2566 3178 2634 ἀναμέμικται
3213 2560 3567 2633 άγαπητικῷ,
3601 2562 3697 2614 καὶ
3731 2560 4009 2614 διατοῦτο

2420 2656 2724 2726 σεμνότητα
2763 2656 2877 2727 ἔχει
2910 2655 3365 2726 προλάμπούσαν.

2488 2746 2595 2816 κγ’.
2632 2747 2823 2819 Ἔχετε
2852 2747 2917 2818 δὴ
2946 2747 3006 2812 ἐξ
3037 2747 3193 2816 ἡμῶν
3214 2745 3306 2800 καὶ
3322 2746 3450 2800 ἄλλο
3466 2744 3748 2809 τάλαντον,
3785 2760 4009 2812 παραγ-

2418 2839 2607 2906 γέλλον
2658 2839 2737 2901 εις
2776 2839 2925 2891 ἔλεον
2951 2878 2965 2902 ,
3025 2841 3120 2892 καὶ
3171 2837 3332 2890 αὐτὸν
3386 2837 3492 2906 πρό
3544 2851 3609 2904 γε
3663 2835 3776 2888 τῶν
3821 2834 4006 2888 ἄλλων

2416 2932 2496 2993 είς
2518 2931 2638 3000 ἐμέ.
2671 2931 2834 2999 Εῖητε
2859 2930 2966 3000 γάρ
2991 2929 3056 2982 ἂν
3085 2929 3184 2982 οὐκ
3216 2929 3533 2998 ἐλεήμονες,
3568 2927 3729 2996 ειπερ
3759 2927 4002 2995 γέροντα

2419 3023 2538 3093 μὲν,
2577 3023 2628 3074 ετ
2649 3040 2752 3075 που
2773 3022 2948 3091 τύχοι.
2973 3021 3208 3090 πτωχὸν,
3235 3020 3638 3089 μεταιτήσαντα
3665 3021 4004 3088 οἰκτείρατε,

2418 3115 2512 3166 καὶ
2552 3114 2650 3184 οὐχ
2697 3113 2906 3177 ἁπλῶς,
2939 3114 3074 3166 ἀλλὰ
3106 3114 3202 3166 καὶ
3235 3116 3314 3175 είς
3349 3112 3660 3180 μετάδοσιν,
3694 3112 3791 3163 καὶ
3821 3111 4004 3181 αὐτὴν

2418 3204 2606 3275 ἁδράν,
2649 3206 2736 3257 ὅτε
2767 3208 3046 3276 κατανυγῇ
3075 3206 3134 3257 τὸ
3157 3204 3478 3274 βουλόμενον
3508 3202 3606 3272 τῆς
3625 3202 3828 3271 ψυχῆς.
3865 3202 4006 3271 Ἐμὲ

2415 3295 2471 3348 δὲ
2505 3295 2711 3371 σαπρὸν
2745 3296 3003 3364 γέροντα,
3020 3294 3369 3366 πτωχεύοντα
3393 3294 3495 3360 μὲν
3519 3293 3719 3364 ἀρετῆς
3743 3293 4000 3360 ἁπάσης,

2419 3386 2518 3438 οὐκ
2554 3384 2772 3451 ἀνάξιον
2805 3387 2860 3439 δὲ
2891 3388 3070 3438 οἴκτου
3122 3386 3433 3454 τυγχάνειν,
3465 3384 3674 3436 θλίϐετε
3725 3382 4003 3451 πολυτρό-

2421 3495 2558 3542 πως,
2591 3479 2691 3531 οὐκ
2721 3477 3133 3548 ἐνθυμούμενοι,
3163 3479 3269 3543 ὅτι,
3315 3479 3400 3546 ἐφ’
3433 3477 3556 3529 ὅσον
3585 3476 3707 3544 ἐμοὶ
3729 3474 4005 3544 ἐλαχίστῳ

2419 3571 2531 3624 ὄντι
2561 3572 2620 3623 ού
2657 3572 2860 3625 ποιεῖτέ
2892 3588 2946 3624 τι
2980 3570 3207 3640 ἀγαθὸν,
3235 3571 3356 3624 οὐδὲ
3385 3569 3462 3639 τῷ
3483 3568 3602 3638 Θεῷ
3635 3570 3867 3621 ποιεῖτε.
3895 3568 4007 3619 Καὶ

2419 3662 2562 3715 οὕτω
2628 3663 2726 3731 μὲν
2792 3663 3040 3733 ὲλεητέον
3100 3662 3315 3732 πρῶτον
3374 3660 3508 3730 ἐμὲ,
3577 3647 3667 3712 τὸν
3729 3660 4006 3727 ὑμέτερον

2419 3755 2646 3826 εὐχέτην
2685 3757 2774 3808 καὶ
2803 3755 3036 3824 ἄμισθον
3073 3753 3368 3824 ὑπουργὸν,
3387 3753 3472 3821 ἐφ’
3519 3746 3600 3813 οἷς
3641 3752 3763 3803 ἑστι
3796 3751 4004 3820 χρεὼν,

2423 3850 2472 3901 εί
2499 3849 2593 3901 καὶ
2643 3847 2819 3911 ἄλλως
2851 3847 3207 3918 δύσχρηστον,
3236 3849 3293 3898 ὲν
3341 3840 3423 3910 οἷς
3453 3843 3794 3910 ἀπαιτοῦμαι
3821 3843 3892 3896 τὰ
3930 3843 4007 3912 μὴ

2425 3944 2563 4013 πρὸς
2622 3940 2803 4010 ίσχύος
2841 3938 3179 4009 δουλεύματα
3203 3955 3216 3967 ·
3250 3935 3369 3992 εἶτα
3413 3938 3714 3990 συνεὶεεῖτε
3747 3937 3848 3988 καὶ
3877 3936 4008 3996 τοὺς

2422 4034 2641 4096 λοιποὺς
2694 4031 2979 4100 ἀδελφοὺς,
3012 4031 3093 4092 εἰς
3124 4029 3249 4083 ὅσον
3298 4027 3417 4081 ἐστὶ
3456 4027 3707 4096 δύναμις,
3745 4027 3838 4079 διὰ
3869 4027 4009 4082 dvi-

2423 4144 2534 4195 πην
2559 4126 2719 4180 Θεοῦ.
2762 4123 2950 4193 Τούτῳ
2976 4122 3054 4192 τῷ
3081 4122 3328 4191 ταλάντῳ
3359 4119 3880 4190 προσεπιφορτίζων
3911 4119 4006 4171 καὶ

2432 4237 2449 4268 ι
2483 4219 2543 4270 τὸ
2591 4219 2647 4268 ὲν
2677 4216 2880 4280 λύπαις
2913 4219 3250 4285 παρήγορον,
3291 4231 3310 4264 ι
3361 4214 3450 4266 ὅτε
3480 4228 3565 4274 τις
3594 4211 3824 4278 ἀδελφὸς
3853 4211 4009 4263 άπα-

2430 4309 2696 4378 ράκλητος
2729 4308 2834 4376 εῐη,
2857 4305 3164 4374 ποτνιῶμαι
3193 4305 3273 4368 εἷς·
3297 4321 3352 4356 τι
3384 4305 3568 4373 ὅμοιον
3595 4304 3692 4355 καὶ
3723 4303 3870 4372 ὑπὲρ
3898 4303 4008 4355 τῶν

2430 4400 2548 4453 κατ’
2603 4399 2741 4469 ὲμέο
2795 4398 2892 4451 καὶ
2947 4396 3162 4450 πλουτῶ
3216 4397 3318 4467 μὲν
3369 4397 3504 4465 ἐγὼ,
3553 4395 3689 4449 Θεοῦ
3746 4396 4004 4458 διδόντκ,

2430 4492 2798 4564 παρηγορίαις
2824 4489 3122 4553 τοιαύταις.

2507 4673 2605 4726 κδ’.
2630 4673 2750 4725 Εἰσὶ
2781 4671 2838 4724 δὲ
2866 4671 3016 4741 ὅμως
3032 4669 3174 4733 τινὲς
3207 4667 3493 4737 μετρητοὶ,
3517 4668 3600 4734 ἐφ’
3627 4663 3712 4728 οἷς
3743 4665 4003 4733 δυστυχῶ

2434 4767 2494 4818 τὸ
2527 4765 2826 4830 ἀνάπαλιν,
2857 4762 3088 4816 ἄκανθαι
3126 4763 3257 4831 ἡμῖν
3280 4761 3432 4812 αὐτοὶ
3463 4757 3658 4823 ὀξεῖαι,
3681 4757 4009 4827 ἀχρειοῦσαι

2435 4859 2576 4910 θεῖον
2595 4857 2854 4925 λειμῶνα,
2873 4855 3062 4922 πικρία
3086 4869 3331 4921 παρεγχυ
3342 4851 3604 4922 μιξομένη
3626 4850 3829 4919 μέλιτι,
3854 4850 4009 4915 ὀξάλο

2441 4965 2536 5020 μη,
2555 4948 2620 5000 δι’
2639 4943 2702 5014 ἧς
2736 4947 2796 4999 τὸ
2819 4946 3181 5016 πνευματικὸν
3208 4946 3373 5014 ὑγρὸν
3396 4944 3824 5013 ἀποστειροῦται
3843 4948 3911 4996 τά
3933 4947 4010 5006 εἰς

2437 5037 2801 5108 καρπογονίαν
2835 5035 2982 5106 αύτῷ
3041 5036 3362 5103 πρέπουσαν
3388 5051 3400 5064 ·
3447 5035 3498 5086 οἳ
3538 5036 3634 5086 καὶ
3663 5035 4011 5104 εὐδαιμονεῖν

2433 5132 2641 5194 δόξαιεν
2665 5131 2753 5197 ἂν,
2781 5130 2940 5198 εἴπερ
2966 5131 3123 5198 ἡμεῖς
3149 5126 3478 5196 θανούμεθα,
3500 5129 3593 5179 καὶ
3616 5127 3768 5196 αύτῷ
3793 5129 4011 5199 οὐρανῷ

2438 5224 2667 5276 πελάσαι
2712 5220 2990 5291 νομιοῦσιν
3042 5221 3441 5285 ἀναπτάμενοι,
3493 5221 3590 5271 ἐὰν
3638 5222 3668 5273 ὀ
3719 5220 4012 5290 Τάρταρος

2434 5316 2582 5384 ἡμᾶς
2612 5314 2743 5378 ἔξει.
2785 5313 2924 5382 [Ιρὸς
2956 5311 3047 5374 οὓς
3078 5313 3290 5378 εἴποιμι
3326 5312 3392 5364 ἂν
3420 5310 3586 5373 αύτὶς
3607 5351 3620 5374 ,
3649 5311 3711 5362 οὗ
3744 5311 3888 5362 καλὰ
3922 5327 4015 5374 τεο

2434 5407 2619 5462 νέοθαι
2655 5407 2859 5475 σφίσιν,
2886 5407 2979 5457 ὲαν
3005 5407 3057 5458 αἱ
3089 5405 3208 5457 καθ’
3234 5404 3392 5474 ἡμῶν
3425 5404 3605 5466 αὐτοῖς
3627 5403 4014 5456 ἀποτελεσθῶ-

2438 5518 2522 5553 σιν
2557 5500 2734 5570 εὐχαί.
2778 5500 3042 5569 Ἀρῶνται
3074 5500 3181 5567 γάρ
3225 5515 3326 5551 που
3360 5496 3645 5566 ἐνθὲρμως
3679 5497 3810 5550 ἰδεῖν
3844 5497 4017 5548 κακὸν

2435 5592 2587 5645 ἐλθὸν
2634 5592 2718 5661 ἐφ’
2760 5594 2930 5663 ἡμᾶς,
2975 5593 3068 5644 καὶ
3109 5591 3308 5644 αὐτίκα
3353 5589 3572 5658 θανάτῳ
3619 5590 4016 5658 κατενεχθῆναι

2437 5687 2633 5748 αὐτούς
2657 5702 2669 5715 ·
2704 5687 2840 5754 ὅπερ
2876 5687 2949 5754 μὴ
2983 5687 3160 5738 ἴδοιεν.
3200 5683 3358 5736 Ἀλλὰ
3389 5683 3596 5748 γένοιτο
3619 5683 3717 5751 ζῇν
3747 5687 3842 5735 καὶ
3869 5684 4014 5752 ἡμᾶς

2438 5781 2532 5831 καί
2563 5779 2778 5842 αὐτοὺς,
2812 5781 2896 5831 ἵνα
2921 5779 3155 5847 βάλλωσι
3191 5778 3288 5846 μὲν
3316 5776 3469 5830 αὐτοὶ
3497 5777 4013 5845 καὶτιτρὼσκωσιν,

2437 5871 2508 5932 ὡς
2542 5870 2636 5925 νῦν
2668 5870 2879 5924 ποιοῦσι
2917 5873 3230 5940 χαίροντες,
3258 5872 3318 5923 ἐν
3349 5871 3562 5932 κενοῖς,
3596 5869 3758 5938 ἡμεῖς
3791 5869 3848 5921 δὲ
3889 5868 4013 5922 θαυ-
