4210 6438
202 421 294 479 601

1196 421 1274 480 ΙΝ
1307 423 1364 483 S.
1409 421 2086 491 QUADRAGESIMAM
2115 427 2404 489 ORATIO
2435 429 2517 491 II.

3371 435 3474 496 682

206 529 533 600 μζὼμεθα,
555 526 636 593 οἷς
661 546 718 582 τε
744 529 967 599 ἀδλητοι
990 531 1226 600 μᾶνομεν
1253 534 1346 584 καὶ
1362 533 1675 600 ἀνούτατοι,
1699 536 1788 587 καὶ

1898 538 2054 591 tione
2093 541 2428 608 aspiciantur
2468 539 2743 606 quomodo
2769 555 3090 597 maneamus
3135 544 3478 603 inviolabiles

207 618 282 686 si;
321 622 687 691 κερδαίνομεν
716 624 782 676 δι’⁴
839 623 1140 692 ὑπομονῆς.
1178 625 1486 693 Προσθὴσω
1512 625 1557 678 δ’
1586 627 1667 678 ὃτι
1701 627 1790 679 καὶ

203 713 687 782 παραμυθούμεθα
707 757 721 778 ,
754 716 1089 784 θεωροῦντες
1115 716 1216 784 τὴν
1245 716 1362 768 κατ’
1393 716 1589 780 αὐτοὺς
1620 719 1790 784 ἀδρα-

203 826 376 872 νειαν,
407 809 490 860 ἔτι
515 808 570 860 δὲ
604 811 696 860 καὶ
730 810 781 860 εί
809 827 926 868 πως
954 809 1055 876 se:
1085 825 1217 860 ποτε
1249 809 1442 876 χρόνου
1475 813 1501 862 ό
1533 812 1790 878 μέγιστος

200 901 310 952 τῶν
349 902 540 969 ψυχῶν
591 903 775 972 ίατρδς
825 902 941 970 δοίη
992 903 1372 972 ἀναφρονῆσαι
1410 904 1642 965 αὐτοὺς,
1696 903 1792 955 καὶ

199 995 371 1056 οὕτως
403 996 860 1062 ἀποκαταστῆναι
887 999 968 1055 είς
991 998 1266 1063 σωτηρίαν
1287 1013 1301 1028 ·
1331 991 1397 1067 ἧς
1422 997 1580 1063 εἰπερ
1599 995 1789 1046 ἐλπίδα

200 1087 487 1152 φοροῦσιν,
518 1086 660 1137 οὕτω
686 1085 908 1148 ζῶντες,
943 1086 1015 1147 ὡς
1049 1086 1175 1154 ἄρτι
1208 1085 1421 1153 βιοῦσι,
1457 1083 1791 1152 ματαιάζον-

201 1194 288 1230 σιν
319 1179 367 1230 οἱ
414 1179 621 1246 πτωχοὶ
644 1219 659 1240 ,
697 1179 790 1230 καὶ
824 1181 905 1241 είς
943 1180 1102 1232 κενὸν
1135 1177 1657 1241 ὲλπιδοκοπούμενοι
1693 1195 1790 1230 πε-

199 1271 464 1323 meum
505 1274 586 1333 είς
629 1273 853 1335 ὀϐολοὺς
895 1273 1270 1341 μεταδόσεως,
1306 1273 1360 1325 ετ
1389 1271 1514 1324 τινά
1551 1288 1655 1324 που
1696 1271 1790 1324 καὶ

198 1362 545 1431 ἐλεήσουσιν,
579 1365 651 1426 ὡς
684 1365 896 1417 ἐκεῖθεν
917 1365 1286 1435 κερδήσαντες
1315 1364 1384 1417 τά
1415 1365 1682 1435 σωτήρια.

273 1463 374 1508 κε’.
410 1457 521 1509 Καὶ
554 1456 715 1509 τοῦτο
752 1458 850 1525 μὲν
881 1456 1023 1508 οὕτω
1060 1474 1150 1524 μοι
1177 1455 1254 1524 τῷ
1277 1457 1416 1519 τέως
1451 1457 1786 1524 προκείσθω.

211 1553 344 1603 Ἰδοὺ
371 1551 431 1601 δὲ
459 1553 549 1602 καὶ
574 1550 703 1602 ἄλλο
725 1549 990 1602 τάλαντον
1020 1548 1324 1619 εὔχρηστον
1353 1551 1448 1603 καὶ
1473 1551 1628 1618 φίλον
1656 1553 1790 1621 Χρι-

201 1643 314 1711 στῷ
340 1642 420 1712 τῷ
441 1641 558 1709 Θεῷ
589 1641 1014 1710 προχειρίζομαι
1053 1643 1184 1710 ὑμῖν
1206 1657 1222 1673 ·
1254 1643 1315 1694 τὸ
1343 1643 1400 1694 δέ
1429 1644 1546 1696 ἐστι
1586 1662 1604 1695 ι
1641 1647 1703 1696 τὸ
1733 1648 1790 1697 ὲν

201 1741 269 1805 τῇ
316 1737 458 1787 κατὰ
487 1736 578 1787 τὸν
611 1735 725 1804 βίον
756 1737 1072 1806 ἀναστροφῇ
1101 1735 1481 1801 εὑδιάκριτον,
1523 1755 1541 1788 ι
1579 1730 1624 1805 ᾧ
1660 1755 1787 1791 συν-

208 1829 573 1896 αναφαίνεται
627 1830 826 1882 αὐτίκα
879 1831 973 1881 καὶ
1024 1829 1084 1881 τὸ
1147 1849 1165 1881 ι
1229 1830 1694 1898 συγγνωμονικόν.
1763 1849 1783 1882 ι

1894 641 1946 684 ct
1985 631 2336 694 invulnerati,
2371 633 2648 702 quomodo
2683 644 2736 686 et
2761 635 2998 689 fructum
3034 652 3127 704 per
3163 640 3476 707 patientiam

1896 722 2157 780 feramus.
2183 725 2446 794 Adjiciam
2469 736 2649 781 autem
2679 730 2824 796 quod
2837 730 3210 793 consolamur,
3230 735 3480 788 conside-

1896 826 2078 870 rantes
2118 834 2308 873 eorum
2343 817 2688 888 fragiiitatem
2722 833 3117 889 sperantesquc
3166 836 3220 875 ut
3257 822 3303 877 si
3334 821 3475 878 Deus

1893 910 2214 978 aliquando,
2255 913 2526 964 maximus
2567 917 2870 966 animarum
2938 914 3215 977 medicus,
3255 931 3351 969 eos
3395 931 3476 968 re-

1894 1001 2156 1069 sipiscere
2175 1006 2455 1066 concedat,
2477 1003 2547 1054 ita
2577 1003 2935 1056 restituantur
2955 1003 3018 1056 ad
3041 1004 3292 1058 salutem:
3313 1005 3473 1074 cujus

1891 1095 1993 1150 etsi
2030 1109 2177 1164 spent
2221 1096 2274 1148 in
2299 1110 2356 1148 se
2391 1094 2589 1157 ferant,
2624 1095 2702 1151 sic
2733 1097 2981 1150 viventes
3006 1105 3066 1149 ut
3095 1112 3238 1150 nunc
3262 1100 3470 1160 vivunt,

1891 1205 2010 1246 eam
2035 1189 2262 1243 reddunt
2299 1189 2548 1243 inutilem
2588 1188 2798 1254 miseri,
2845 1199 2900 1242 et
2932 1205 3067 1244 vana
3110 1205 3207 1259 spe
3236 1191 3470 1258 decepti,

1893 1281 2093 1334 frustra
2128 1279 2501 1334 retributionis
2534 1280 2790 1334 denarios
2826 1289 3070 1350 sperant,
3093 1282 3137 1334 si
3158 1283 3314 1350 cujus
3335 1283 3473 1336 forte

1894 1371 2280 1435 misereantur,
2318 1380 2579 1439 tanquam
2623 1371 2818 1425 exinde
2861 1373 3128 1426 salutaria
3173 1374 3467 1429 lucrantcs.

1961 1461 2054 1518 25.
2079 1465 2144 1517 Et
2167 1463 2308 1517 istud
2343 1463 2562 1531 quidem
2589 1462 2667 1516 sic
2700 1463 2829 1516 mihi
2858 1480 3032 1532 usque
3065 1466 3170 1518 huc
3206 1466 3473 1519 obverse-

1894 1565 2001 1610 tur.
2030 1555 2167 1610 Eccc
2193 1571 2319 1611 vero
2341 1557 2562 1623 insuper
2588 1556 2847 1610 talentum
2879 1559 3029 1611 aliud
3067 1559 3195 1612 utile
3218 1558 3472 1613 charum-

1892 1662 1996 1716 que
2029 1647 2254 1701 Christo
2282 1647 2388 1700 Deo
2435 1647 2586 1700 vobis
2619 1662 2880 1715 propono.
2926 1648 3040 1702 Hoc
3066 1659 3150 1702 est
3192 1667 3210 1700 ι
3251 1651 3304 1703 in
3345 1651 3468 1704 vitae

1894 1741 2318 1795 conversatione
2351 1741 2494 1793 bono
2527 1740 2898 1808 essejudieio,
2939 1759 2957 1791 ›
2990 1743 3077 1794 cui
3109 1745 3302 1802 statim
3339 1757 3470 1797 con-

1892 1848 2089 1887 nexum
2125 1840 2345 1899 apparet
2372 1847 2493 1886 esse
2531 1831 2921 1900 indulgentem.
2952 1832 3290 1900 [inpossibile
3316 1849 3468 1886 nam-

217 1924 537 1989 Ἀμήχανον
575 1921 683 1991 γὰρ
725 1921 952 1991 θάτερον
982 1922 1212 1991 θατέρου
1247 1923 1370 1992 δίχα
1413 1923 1786 1980 συνίστασθαι.

1893 1939 1998 1994 que
2027 1933 2110 1978 est
2141 1940 2308 1976 unum
2346 1924 2553 1991 absque
2603 1923 2711 1975 alio
2745 1924 3064 1978 subsistere.
3127 1922 3251 1978 llaec
3283 1935 3464 1979 autem

208 2016 576 2082 Μεταχειρίσε
586 2016 678 2068 σθε
700 2017 755 2068 δὲ
774 2017 866 2068 καὶ
891 2017 1033 2068 αὺτά
1053 2017 1316 2084 τεχνικῶς
1337 2017 1560 2087 τοιούτῳ
1577 2018 1784 2074 κανόνι.

208 2107 517 2173 Λογίσασθε
538 2147 552 2168 ,
583 2103 626 2160 ὦ
654 2108 910 2174 ἀδελφοὶ,
939 2109 1023 2160 ὅτι
1056 2110 1115 2161 οὐ
1147 2111 1254 2170 πᾶς
1282 2111 1309 2161 ό
1336 2111 1698 2179 προσκύπτων
1729 2111 1787 2163 ἐν

204 2200 308 2267 όδῴ
350 2201 608 2267 ψέγεται.
656 2201 795 2252 Ἀλλ’
821 2202 850 2252 ὁ
883 2201 984 2269 μὲν
1023 2201 1260 2271 ἀλλαχοῦ
1291 2202 1646 2270 πλανώμενος
1675 2205 1786 2264 τοῖς

205 2293 533 2359 ὀφθαλμοῖς,
564 2295 655 2345 καὶ
690 2294 917 2363 πάτχων
946 2293 1034 2346 διὰ
1063 2293 1223 2347 τοῦτο
1252 2295 1609 2363 πρόσκομμα,
1646 2293 1788 2346 σκώ-

207 2401 400 2436 πτεται
427 2400 441 2413 ο
472 2387 500 2436 ό
531 2385 586 2437 δὲ
625 2386 711 2437 διὰ
736 2385 797 2437 τό
826 2386 1126 2453 ἀρισφαλὲς
1160 2389 1257 2454 τῆς
1280 2386 1403 2438 ὀδοῦ
1435 2387 1786 2456 σκαμὸεύσας

205 2479 265 2528 οὐ
293 2480 439 2528 πάνυ
472 2477 538 2530 ἂν
568 2477 815 2546 ψεχθείη,
848 2478 985 2530 ἀλλά
1016 2479 1506 2547 συγγνωμονηθείη
1539 2481 1690 2551 παρά
1719 2496 1784 2547 γε

206 2574 316 2632 τοῖς
342 2571 481 2638 ὀρθὰ
505 2571 892 2636 διακρίνουσιν.
923 2564 1094 2633 Οὗτος
1116 2573 1144 2623 ό
1167 2572 1323 2639 λόγος
1346 2574 1374 2624 ὁ
1397 2572 1624 2641 βραχὺς,
1649 2569 1784 2641 αὕτη

206 2664 237 2729 ἡ
260 2661 590 2721 εὐσύνοπτος
614 2661 922 2731 παραδολὴ,
944 2665 1102 2716 τοῦτο
1124 2663 1184 2714 τὸ
1211 2662 1654 2732 εὐπερίγραπτον
1675 2666 1788 2715 tm-

208 2754 454 2821 χεῖρημα
489 2753 602 2820 ἔχει
636 2753 853 2819 ὁδηγεῖν
885 2755 1029 2821 ὑμᾶς
1069 2756 1151 2816 είς
1177 2754 1239 2806 τὸ
1269 2751 1329 2807 εὖ
1364 2753 1661 2823 διακρίνειν
1694 2756 1786 2808 καὶ

209 2846 408 2894 αὐτίκα
433 2845 859 2910 συγγνωμονείν,
879 2844 1000 2896 ὅποι
1024 2843 1223 2912 χρεών.
1257 2844 1457 2912 Ὀμοίῳ
1475 2846 1583 2916 γὰρ
1601 2845 1784 2914 τρόπῳ

210 2931 305 2981 καὶ
335 2934 362 2981 ό
395 2931 536 2982 κατὰ
571 2930 685 2999 βὶον
714 2930 999 3000 ἄνθρωπος
1027 2934 1129 2984 οὐκ
1157 2933 1244 2985 ἀεὶ
1288 2934 1562 3003 μακάριος
1595 2935 1748 2987 ἔσται
1768 2972 1784 3000 ,

207 3023 281 3084 ὡς
327 3024 559 3089 ἄμωμος
598 3025 654 3075 ὲν
696 3023 821 3092 ὁδῷ,
869 3026 959 3077 καὶ
1006 3025 1146 3077 κατά
1187 3026 1352 3093 νόμον
1393 3028 1484 3078 τὸν
1508 3028 1786 3097 κυριακὸν

210 3116 580 3184 πορευόμενος
602 3131 614 3144 ⁸
643 3115 754 3166 ἀλλ’
779 3116 928 3168 ἔστιν
955 3108 1016 3168 οὗ
1048 3118 1140 3169 καὶ
1170 3119 1391 3185 σφαλεὶς
1422 3119 1664 3184 όκλάσει,
1690 3119 1786 3171 καὶ

1888 2017 2182 2073 artiﬁciose
2215 2016 2308 2069 tali
2344 2017 2528 2086 regula
2564 2016 3063 2083 comprehendetis:
3088 2017 3464 2082 Considerate,

1892 2111 2388 2178 lratres,quodnon
2414 2112 2594 2164 omnis
2611 2111 2701 2179 qui
2724 2113 2869 2165 cadit
2895 2116 2948 2166 in
2974 2113 3082 2176 via,
3115 2113 3471 2181 reprehendi-

1891 2209 2002 2254 tur.
2027 2201 2130 2254 Sed
2151 2201 2240 2253 ille
2255 2199 2471 2268 quidem
2499 2200 2696 2268 passim
2721 2202 2895 2255 oculis
2927 2215 3118 2254 errans
3157 2210 3209 2254 et
3242 2203 3469 2254 scanda-

1890 2291 2000 2346 lum
2021 2292 2144 2346 ideo
2178 2306 2372 2359 passus
2400 2291 2658 2344 irridetur
2683 2308 2694 2344 :
2719 2291 2808 2343 ille
2846 2307 2971 2345 vero
2995 2295 3086 2360 qui
3119 2305 3340 2362 propter
3365 2294 3463 2346 viae

1888 2384 2160 2438 lubricum
2182 2382 2510 2446 vacillasset,
2545 2397 2652 2436 non
2690 2398 2913 2450 prorsus
2937 2385 3329 2452 increparetnr,
3367 2385 3461 2437 sed

1888 2493 1918 2531 a
1942 2476 2469 2544 rectejudicantibus
2488 2493 2608 2530 cum
2629 2476 2957 2546 indulgentia
2977 2476 3338 2545 judicaretur.
3359 2475 3463 2529 Iste

1889 2567 2069 2622 brevis
2095 2581 2300 2631 sermo,
2333 2567 2437 2621 ista
2483 2567 2996 2636 comprehensibilis
3022 2567 3298 2633 parabola,
3350 2566 3464 2617 haec

1888 2663 2211 2716 circumcisa
2235 2662 2633 2733 argumentatio
2663 2676 2760 2716 vos
2791 2661 2856 2713 ad
2899 2660 3034 2713 bene
3083 2658 3461 2726 judicandoni,

1887 2766 1941 2812 et
1991 2755 2173 2809 statim
2226 2754 2315 2807 ubi
2359 2763 2598 2824 oportet,
2647 2753 3032 2822 ignoscendum
3075 2751 3234 2804 facile
3278 2751 3460 2803 ducet.

1891 2850 2067 2905 Simili
2102 2861 2333 2915 namque
2381 2847 2542 2900 modo
2581 2861 2674 2915 per
2699 2846 2865 2898 vitam
2919 2845 3080 2897 homo
3108 2859 3213 2897 non
3248 2860 3461 2911 semper

1892 2942 2014 2997 felix
2041 2940 2167 3004 erit,
2198 2949 2455 3009 tanquam
2485 2937 3049 3006 irreprehensibilisin
3068 2937 3173 3000 via,
3195 2938 3459 3004 juxtaque

1891 3034 2226 3087 Dominicam
2255 3033 2422 3101 legem
2455 3031 2757 3092 ambulans,
2782 3029 2871 3083 sed
2900 3029 3004 3082 erit
3044 3029 3132 3081 ubi
3167 3036 3461 3097 quassatus

1888 3128 2088 3190 ﬂectet,
2132 3137 2186 3181 et
2213 3125 2469 3187 oﬂcndet,
2505 3123 2612 3176 imo
2638 3123 2814 3176 cadet.
2860 3120 2923 3172 Et
2954 3121 3117 3173 homo
3161 3120 3288 3173 boni
3313 3120 3461 3187 judi-

209 3207 513 3273 προσκόψει
537 3246 551 3268 ,
584 3207 675 3258 καί
707 3225 809 3260 που
853 3209 945 3261 καὶ
989 3211 1258 3263 πεσεῖται.
1292 3211 1397 3262 Καὶ
1423 3211 1522 3263 οὐκ
1562 3212 1721 3274 εὐθὺς
1755 3214 1783 3265 ὀ

1893 3222 1955 3274 cii
2007 3221 2193 3288 sicque
2255 3218 2490 3285 prudens
2542 3230 2648 3268 non
2706 3215 2816 3267 cito
2852 3214 3064 3281 lapsum
3122 3213 3461 3265 conculcabit

208 3299 550 3364 διακριτικδς
592 3298 878 3366 ἄνθρωπος
919 3301 1013 3352 καὶ
1046 3301 1188 3353 οὕτω
1215 3302 1433 3364 συνετὸς
1465 3303 1785 3374 ὲπεμπηδή-

212 3407 292 3442 σει
321 3391 401 3458 τῷ
427 3393 758 3452 πεπτωκότι,
786 3393 879 3444 καὶ
904 3390 1036 3458 ὓλην
1061 3395 1437 3463 ιπιτιμήσεων
1459 3395 1782 3465 ἑπιφορήσει

209 3487 474 3554 κειμένῳ,
522 3490 618 3538 καλ⁵
663 3487 971 3554 καταθάψει
1019 3487 1222 3539 αὐτόν·
1263 3487 1527 3556 διαιτήσει
1574 3490 1651 3552 δὲ,
1705 3489 1783 3559 τῷ

208 3580 501 3647 παθήματι
529 3579 838 3641 κανονὶσας,
862 3578 1131 3648 πνεύματι
1155 3579 1344 3647 σοφίας
1366 3581 1459 3632 καὶ
1485 3581 1781 3643 συνέσεωςο

209 3674 305 3723 καὶ
349 3672 762 3740 διερευνήσεται
809 3673 869 3723 τὸ
913 3672 1120 3733 αἴτιον,
1172 3673 1608 3742 παραμετρήσας
1655 3673 1785 3724 αὐτὸ

213 3765 462 3832 ποιότητι
487 3763 777 3831 προσώπου
798 3763 888 3816 καὶ
911 3761 1027 3832 βίου
1043 3763 1137 3816 τοῦ
1158 3766 1282 3816 κατ’
1299 3765 1481 3827 αὐτὸν,
1506 3767 1600 3817 καὶ
1621 3765 1781 3836 τύχῃ,

213 3858 306 3907 καὶ
339 3857 664 3924 περιπετείᾳ
705 3855 919 3922 καιροῦ,
951 3857 1044 3908 καὶ
1085 3857 1224 3919 ὅλως
1261 3859 1380 3920 ταῖς
1414 3857 1591 3923 ὕλαις,
1630 3853 1718 3920 αἷς
1758 3862 1785 3911 ό

212 3945 468 4013 βιωτικὸς
504 3946 788 3998 ὑπόκειται
826 3945 1142 4013 ἄνθρωπος’
1175 3947 1268 3998 καὶ
1296 3947 1782 4017 παθμωσάμενος.

211 4041 260 4090 εἰ
285 4039 380 4105 μὲν
409 4039 504 4088 τοῦ
526 4039 730 4105 κόσμου
752 4038 862 4089 Ιεστὶ
880 4039 1138 4104 καὶδίκης
1157 4038 1506 4106 προΐσταται,
1526 4057 1783 4109 μεταχει-

217 4133 412 4196 ριεῖται
444 4131 546 4199 μὲν
575 4131 634 4181 τὸ
662 4131 913 4199 πρᾶγμα,
934 4130 1006 4192 ὡς
1025 4132 1052 4184 ὁ
1081 4131 1244 4200 νόμος
1276 4131 1510 4186 εὐθύνει.
1531 4132 1645 4186 Οὐκ
1669 4133 1784 4187 ἔστι

208 4225 264 4276 δὲ
284 4225 434 4285 ὅπως
456 4224 553 4275 οὐκ
581 4223 983 4275 ἑπιεικεύσεται
1012 4223 1105 4275 καὶ
1130 4225 1291 4286 αὐτὸς
1312 4226 1386 4287 ὡς
1413 4221 1526 4277 οἷόν
1550 4243 1629 4289 τε,
1651 4226 1704 4278 εἴ
1721 4243 1783 4293 γε

213 4315 539 4383 Χριστιανός
590 4316 725 4378 ἔστι,
756 4317 850 4367 καὶ
899 4316 1165 4381 ἑλληνίζει
1199 4317 1266 4368 τά
1311 4317 1390 4379 είς
1434 4317 1781 4388 καλοήθειαν,

207 4407 272 4458 οὗ
313 4406 423 4474 μὴν
467 4406 604 4474 προς
649 4406 988 4475 βαρϐαρικὴν
1034 4407 1328 4476 θηριωδίαν
1373 4408 1700 4461 πέπλασται.

281 4497 398 4560 κς’.
442 4499 548 4550 Καὶ
573 4497 715 4549 οὕτω
739 4498 858 4566 μὲν,
894 4500 988 4550 ὲάν
1022 4500 1055 4567 ἡ
1081 4499 1259 4552 δίαιτα
1291 4500 1561 4570 προδαίνῃ
1593 4518 1785 4570 κοσμι-

1886 3325 1937 3368 et
1968 3312 2249 3366 materiam
2269 3309 2678 3364 accusationum
2708 3308 2944 3375 imponet
2966 3304 3165 3373 jacenti
3189 3313 3242 3357 et
3266 3305 3460 3357 obruet

1886 3407 2060 3467 illum,
2095 3405 2188 3458 sed
2223 3404 2501 3456 moderate
2537 3400 2828 3470 judicabit,
2865 3399 3059 3468 spiritu
3095 3398 3377 3466 sapientiae
3405 3407 3458 3449 et

1885 3498 2216 3560 intellectus,
2262 3496 2330 3549 de
2383 3495 2636 3562 passione
2697 3492 3037 3555 discernens,
3110 3491 3456 3558 inquiretque

1885 3604 2106 3644 causam
2155 3602 2278 3642 eam
2304 3586 2596 3640 dimetiens
2651 3599 2776 3638 cum
2812 3584 3070 3652 qualitate
3106 3597 3349 3650 personae
3379 3584 3458 3634 vi-

1887 3691 2061 3751 ticque
2093 3680 2259 3744 illius,
2290 3693 2413 3733 cum
2449 3680 2667 3731 fortuna
2703 3674 3224 3741 circumstantiaque
3249 3684 3456 3740 tempo-

1889 3774 1986 3836 ris,
2014 3787 2124 3826 uno
2153 3771 2343 3834 verbo,
2377 3783 2500 3822 cum
2534 3766 2787 3820 omnibus
2806 3765 3000 3833 quibus
3023 3763 3270 3829 subjacet
3297 3761 3457 3813 homo

1887 3863 2095 3926 vivens,
2119 3871 2190 3925 et,
2221 3858 2533 3929 ponderatis
2573 3856 2846 3918 omnibus,
2905 3869 3014 3906 rem
3047 3852 3266 3915 quidem
3302 3852 3454 3919 juxta

1885 3954 2236 4008 directionem
2281 3951 2436 4019 legis,
2478 3951 2522 4003 si
2558 3949 2736 4002 ordini
2763 3947 3092 4015 justititeque
3123 3943 3322 4012 praesit.
3355 3943 3453 3994 ad-

1888 4045 2239 4100 ministrabit.
2295 4043 2414 4096 Non
2464 4047 2546 4093 est
2606 4049 2785 4092 autem
2836 4053 2934 4089 cur
2969 4051 3075 4087 non
3111 4034 3453 4086 moderanter

1888 4145 2235 4199 tractaretur,
2259 4149 2322 4187 eo
2351 4130 2494 4200 quod
2529 4130 2642 4198 ipse
2665 4129 2736 4183 sit
2759 4128 3126 4188 Christianus,
3158 4133 3250 4177 aut
3274 4123 3452 4191 quoad

1886 4231 2147 4277 venustos
2193 4234 2372 4275 mores
2411 4218 2657 4279 Grecus.
2702 4226 2796 4271 aut
2847 4217 2900 4270 in
2946 4215 3146 4285 agresti
3203 4213 3450 4267 barbarie

1887 4313 2174 4369 formatus.

1955 4494 2046 4547 26.
2093 4493 2157 4546 Et
2191 4494 2266 4546 ita
2308 4493 2529 4562 quidem
2570 4501 2651 4546 est
2690 4490 2909 4562 quando
2946 4488 3210 4557 judicium
3250 4501 3449 4539 secun-

209 4592 454 4659 κώτερον
481 4605 496 4621 ο
539 4591 631 4642 ἐὰν
674 4590 731 4641 δὲ
781 4589 920 4642 κατά
955 4592 1200 4660 πνεῦμα,
1240 4593 1339 4645 οὐκ
1381 4593 1445 4646 ἂν
1474 4592 1638 4662 ἔγωγ’
1688 4590 1782 4646 οὖν

1893 4587 2017 4640 dum
2049 4588 2314 4641 mundum
2344 4585 2622 4656 procedit;
2654 4585 2698 4639 si
2734 4599 2860 4638 vero
2882 4584 3176 4637 secundum
3197 4583 3447 4649 spiritum

210 4685 232 4733 ὲ
245 4684 453 4748 μαυτὶν
486 4684 690 4746 πείσω,
731 4683 805 4752 μὴ
839 4683 958 4751 οὐχὶ
986 4685 1078 4735 τὸν
1109 4685 1349 4736 τοιοῦτον
1389 4686 1588 4755 χρῆναι
1626 4688 1783 4740 πλεο-

211 4776 402 4837 νάζειν
448 4777 504 4826 ἐν
547 4775 627 4844 τῷ
665 4775 962 4844 διακρίνειν
1006 4776 1100 4828 καὶ
1141 4779 1567 4845 συγγνωμονεϊν,
1622 4778 1783 4847 p500-

211 4870 262 4919 δε
277 4867 444 4918 ὕοντα
476 4867 536 4918 τὸ
567 4869 797 4936 πρᾶγμα
831 4869 1213 4937 ἐπιστημόνως
1248 4869 1322 4928 ὡς
1357 4871 1383 4922 ὀ
1415 4869 1546 4932 Θεὸς
1580 4869 1776 4939 ὑποθή-

213 4975 410 5010 σεταν
459 4959 505 5008 εἰ
555 4957 629 5026 μὴ
678 4958 788 5025 ἄρα
845 4957 965 5010 κατ’
1021 4959 1187 5011 αὑτοῦ
1237 4958 1372 5011 Θεοῦ
1428 4959 1487 5011 τὸ
1536 4962 1784 5027 πταῖσμα

211 5053 449 5118 πέφηνε.
481 5049 614 5102 Τότε
644 5053 750 5118 γὰρ
785 5047 907 5101 οὔτε
933 5049 1266 5118 διακρίνειν,
1303 5050 1426 5103 οὔτε
1465 5069 1782 5119 συγγνωμο-

211 5147 325 5194 νεῖν
376 5142 605 5195 δέδοται.
652 5143 763 5194 Καὶ
803 5143 912 5210 μὴν
957 5142 1051 5195 καὶ
1097 5143 1155 5194 ὲν
1194 5143 1306 5203 τοῖς
1359 5144 1621 5206 τοιούτοις
1669 5145 1782 5213 ἔχει

209 5234 530 5304 παρρησίαν
569 5233 641 5293 ὼς
679 5233 746 5283 τὰ
789 5232 957 5284 πολλὰ
997 5235 1091 5286 καὶ
1123 5233 1154 5302 ἠ
1190 5234 1464 5300 διάκρισις
1500 5235 1593 5286 καὶ
1632 5237 1663 5303 ἠ
1697 5237 1782 5286 ἐπ’

210 5327 351 5394 αὐτῇ
385 5323 707 5391 συγγνώμη.
734 5327 806 5385 ὡς
837 5325 865 5374 ό
891 5325 1028 5376 κατά
1053 5324 1268 5393 πνεῦμα
1294 5327 1782 5394 ἑπιστημοναρχῶν

210 5416 524 5486 εὑμεθὸὂως
557 5420 830 5484 τεχνᾶται.
867 5417 934 5467 ’Ἡ
967 5420 1016 5467 τί
1048 5417 1176 5468 ἄλλο
1204 5421 1263 5468 τὸ
1307 5417 1593 5485 Ἐϐραῐκὸν
1617 5419 1781 5486 φῦλον

210 5513 392 5578 ἀφῆκε
423 5513 486 5580 τῇ
528 5512 883 5580 Χριστιανικῇ
920 5511 1186 5580 πολιτεία,
1220 5512 1314 5563 καλ⁵
1348 5515 1777 5580 συμπαροικείν,

212 5606 305 5656 καὶ
352 5603 535 5664 ἐλέους
577 5604 889 5671 τυγχάνειν,
938 5605 1031 5655 καὶ
1069 5606 1268 5673 τρόπον
1305 5603 1422 5655 τινά
1469 5605 1669 5673 συζῆνς
1702 5604 1782 5668 οἷς

210 5692 541 5762 Θρησκεύειν
573 5695 811 5762 ἀφίεται,
847 5695 920 5756 ὡς
951 5695 1098 5763 αὑτῷ
1139 5696 1309 5762 φίλον,
1344 5695 1435 5747 καὶ
1469 5695 1573 5746 τῶν
1613 5698 1778 5760 ἀναγ-

211 5787 386 5840 καίων
430 5790 646 5839 παντων
684 5787 953 5856 μετέχειν,
999 5789 1106 5839 τῶν
1141 5789 1239 5851 μὲν
1270 5787 1538 5855 ἀφθόνως,
1567 5788 1677 5840 τῶν
1710 5790 1764 5841 δὲ

209 5880 293 5947 ἐφ’
314 5881 438 5933 ὅσον
463 5877 657 5944 ἔξεστι.
687 5881 792 5933 Καὶ
815 5880 922 5950 μὴν
951 5879 1275 5948 διακρίσεως
1303 5880 1378 5949 μὴ
1404 5881 1771 5949 προῡπούσης,

1891 4678 1980 4731 ﬂat
2006 4693 2111 4731 non
2136 4679 2294 4732 facile
2326 4679 2604 4731 crederem
2629 4690 2735 4728 non
2764 4675 2959 4728 debere
2987 4675 3146 4726 talem
3173 4673 3450 4726 abundare

1886 4773 2058 4841 magis
2084 4775 2134 4823 in
2171 4771 2534 4824 discerneudo
2567 4770 2647 4822 vel
2680 4767 3011 4837 ignoscendo
3032 4768 3125 4835 qui
3159 4783 3268 4820 rem
3294 4769 3447 4835 juxta

1885 4864 2170 4918 scientiam
2222 4862 2502 4926 tractabit,
2537 4870 2698 4930 prout
2735 4861 2876 4914 Deus
2919 4869 3194 4929 suggeret,
3227 4861 3328 4914 nisi
3367 4871 3450 4912 ta-

1885 4971 2006 5010 men
2053 4954 2316 5009 adversus
2342 4958 2508 5008 Deum
2547 4953 2702 5022 culpa
2748 4954 2939 5007 adesse
2985 4955 3250 5005 videatur.
3296 4951 3448 5005 Tunc

1884 5049 2027 5100 enim
2082 5061 2182 5101 nec
2235 5046 2546 5101 discernere
2599 5059 2698 5099 nec
2759 5048 3043 5113 ignoscere
3097 5046 3280 5098 datum
3341 5054 3444 5097 est.

1885 5140 2130 5193 Attamen
2167 5141 2218 5192 in
2260 5141 2342 5194 his
2381 5140 2648 5194 similibus
2675 5139 2992 5208 plerumque
3034 5139 3244 5207 copiam
3284 5141 3446 5191 habet

1885 5233 2146 5286 discretio
2181 5244 2234 5286 et
2257 5247 2373 5299 quae
2406 5232 2700 5285 comitatur
2723 5247 2843 5284 eam
2889 5231 3246 5298 indulgentia,
3286 5241 3445 5298 prout

1884 5326 1975 5394 qui
2001 5325 2295 5378 secundum
2321 5326 2568 5393 Spiritum
2605 5328 2657 5376 in
2696 5325 2924 5377 scientia
2952 5323 3245 5390 primatum
3277 5331 3443 5381 tenet,

1887 5417 2193 5472 ntcthodicc
2239 5418 2598 5471 demonstrat.
2645 5419 2724 5469 An
2768 5430 2850 5470 est
2905 5418 3083 5480 aliud,
3126 5420 3267 5486 quod
3317 5435 3444 5485 gett-

1886 5519 1989 5563 tem
2030 5509 2346 5564 Hebraicam
2388 5511 2719 5564 concesserit
2747 5509 3059 5564 Christiano
3089 5513 3334 5580 regimini
3360 5528 3444 5565 co-

1886 5604 2153 5666 habitare,
2194 5602 2618 5655 miscricordiam
2651 5602 2916 5662 obtinere.
2955 5613 3006 5655 et
3039 5604 3442 5669 quodannnodo

1884 5699 2194 5762 convivere,
2218 5712 2282 5749 co
2317 5697 2460 5764 quod
2493 5697 2697 5749 cultum
2726 5711 2980 5749 exercere
2999 5698 3351 5763 permittitur,
3385 5705 3443 5747 ut

1881 5790 1980 5857 ipsi
1999 5791 2250 5858 placitum
2272 5801 2322 5842 et
2341 5789 2586 5841 omnium
2605 5790 3040 5842 necessariorum
3060 5790 3254 5842 habere
3275 5790 3442 5856 parti-

1879 5881 2420 5950 cipationcm,horum
2438 5880 2658 5949 quidem
2677 5879 3042 5940 abundanter.
3064 5882 3293 5937 istorum
3312 5896 3440 5936 vero
