4210 6438
196 392 301 452 605

1190 395 1276 458 ΙΝ
1316 399 1376 460 S.
1415 396 2092 469 QUADRAGESIMAM
2125 396 2416 461 ORATIO
2458 401 2545 462 ΙῘ.

3362 399 3470 463 606

199 512 289 557 καὶ
326 508 355 557 ὁ
394 507 615 559 πάντων
656 508 1038 571 ὲκδικύτατος,
1071 513 1120 564 εί
1150 508 1295 565 οὕτω
1322 512 1497 582 τύχοι.
1533 514 1694 566 Ἐστι
1724 513 1777 563 δὲ

1886 514 2046 583 Operi
2080 532 2209 571 vero
2237 517 2410 584 justo,
2434 514 2477 567 si
2528 527 2691 567 casus
2722 510 2988 574 occurrit,
3025 510 3189 565 etiam
3216 512 3466 565 omnium

198 600 289 648 καὶ
326 598 495 650 πάλιν
524 596 734 662 ἄδικος,
766 600 815 651 εί
854 600 994 665 μετὰ
1030 600 1091 652 τὸ
1126 602 1183 652 ἓν
1217 604 1395 654 ἐκεῖιο
1438 607 1547 664 τοίς
1590 612 1779 669 προτε-

194 706 311 757 ροις
359 693 649 759 ἐπιμένειν
678 694 1115 762 ἁπισχδρίιζεται.
1150 695 1259 746 Καὶ
1296 696 1322 746 ὁ
1362 694 1491 762 ἐμὸς
1532 696 1594 764 δὴ
1625 688 1778 757 οὗτος

193 782 319 834 Νῶε
347 783 447 852 τὴν
483 784 658 855 ἀρχὴν
689 786 767 851 τῷ
810 788 942 856 οἴνῳ
975 788 1302 850 διασεισθεὶς
1347 788 1443 841 καὶ
1483 789 1779 858 ταραχθεὶς

196 878 404 946 μικρδν
462 880 609 941 ὅσον,
661 881 749 932 καὶ
806 881 1105 949 ἀνέσφηλε,
1155 882 1251 935 καὶ
1292 885 1657 945 κατασταθεὶς
1703 886 1823 949 ὡς’

190 971 375 1040 πέτρα
429 974 659 1042 «esse,
717 974 901 1028 οὐκέτι
955 976 1217 1046 ἑτινάχθη
1262 978 1384 1031 οὐδὲ
1438 979 1774 1032 κατέπεσεν·

184 1064 320 1115 οὺδι
358 1068 821 1136 κατειαυχήσατο
866 1070 1031 1122 αὑτοῦ
1077 1072 1109 1123 ὁ
1148 1070 1289 1139 πρὸς
1340 1072 1492 1141 ὤραν
1526 1073 1779 1142 ἀνδρικδς

192 1160 406 1219 ἐκεῖνος
447 1155 621 1221 οἶνοςο
663 1162 795 1214 ἀλλὰ
830 1162 1121 1230 θραυσθεὶς
1151 1165 1392 1234 ἑναρέτῳ
1440 1166 1775 1237 συμμετρίᾳ,

191 1251 292 1303 οὐκ
349 1254 433 1312 είς
480 1253 735 1324 δεύτερον
779 1256 1097 1324 βωπτικῶς
1151 1258 1303 1327 αὒτῷ
1355 1258 1589 1328 ἁνεφύη.
1643 1260 1777 1313 ἀλλὰ

194 1345 567 1408 σὀστατικῶπ,
600 1346 676 1407 ὡς
720 1350 750 1414 ἡ
792 1348 959 1401 αὐτοῦ
992 1349 1156 1415 φύσις
1185 1352 1249 1402 ὲκ
1276 1351 1501 1420 πρώτης
1540 1353 1775 1405 καταϐο-

191 1436 289 1503 λῆς
324 1438 682 1491 κελευσθεῖσα
705 1440 987 1496 τέτακται.
1017 1444 1110 1493 Διὸ
1136 1441 1261 1495 οὔτε
1289 1444 1372 1505 είς
1405 1445 1640 1512 μέθυσον
1664 1447 1777 1498 ὲνε-

189 1531 411 1599 γράφη,
439 1532 538 1583 καὶ
566 1533 665 1599 τὴν
692 1536 1128 1595 ιμπνεοσθεῐσαν
1150 1535 1205 1588 δὲ
1233 1537 1443 1590 ἄνωθεν
1467 1538 1615 1606 αὑτῷ
1647 1556 1779 1609 προ-

190 1623 431 1689 φητείαν
472 1624 739 1703 ἐφύλαξεν
778 1626 882 1689 lui;
901 1628 1001 1680 καὶ
1033 1629 1113 1691 είς
1141 1629 1319 1692 τέλος,
1350 1630 1445 1682 καὶ
1477 1632 1590 1692 τοῖς
1623 1633 1776 1700 ἐμοῖς

189 1716 579 1783 προπάτορσιν
602 1718 1006 1785 ἐγγέγραπται.
1043 1739 1061 1770 ι

260 1805 327 1859 λ’,
368 1808 586 1877 Ὁρᾶτε,
618 1803 665 1862 ὦ
697 1812 940 1878 ἀδελφοὶ,
972 1814 1121 1874 ὅπως
1146 1814 1310 1877 αὐτὸς
1338 1816 1365 1867 δ
1390 1816 1545 1879 Θεὸς,
1579 1818 1606 1870 ὁ
1635 1817 1776 1887 ὑπλρ

1889 605 2283 673 injustissimus
2311 620 2532 659 manum
2568 604 2899 658 admovebit.
2938 604 3033 657 Est
3063 611 3239 655 autem
3266 604 3466 658 iterum

1889 699 2135 765 iniquus,
2183 700 2229 754 si
2274 705 2395 766 post
2435 697 2569 751 illud
2603 710 2771 749 unum
2809 694 3030 756 factum,
3080 696 3356 763 prioribus
3383 697 3467 750 ln-

1884 799 2095 847 ηκτοι-θ
2138 794 2446 846 continuat.
2477 791 2539 844 Et
2565 799 2715 844 certe
2745 804 2901 843 meus
2944 788 3032 840 ille
3074 787 3188 841 Noe
3217 788 3471 856 aliquan-

1886 888 2057 941 tulam
2103 887 2157 940 in
2212 888 2483 957 principio
2514 888 2641 941 vino
2684 900 2991 940 concussus
3025 899 3091 937 ac
3128 888 3403 946 turbatus,
3437 898 3465 937 ι

1886 979 2037 1047 lapsu
2088 980 2407 1043 resurrexit,
2450 987 2502 1031 et
2562 980 2711 1034 sicut
2756 977 2931 1032 solida
2983 984 3133 1046 petra
3166 977 3467 1039 stabilitus,

1887 1088 1997 1126 non
2028 1075 2264 1142 amplius
2316 1074 2596 1127 vacillavit
2626 1087 2802 1141 neque
2824 1071 3043 1133 cecidit,
3075 1085 3177 1123 nec
3200 1070 3466 1123 adversus

1885 1179 2007 1219 eum
2036 1169 2206 1235 gloria
2231 1178 2343 1221 tum
2368 1176 2449 1220 est
2473 1166 2604 1220 illud
2634 1167 2699 1220 ad
2728 1166 2917 1219 horam
2948 1165 3107 1218 virile
3137 1165 3349 1223 vinum.
3370 1166 3465 1218 sed

1874 1257 2304 1313 commendabili
2336 1274 2591 1313 mensura
2619 1257 2924 1317 devictum,
2955 1270 3063 1309 non
3086 1255 3335 1310 secundo
3359 1254 3465 1309 (uit

1884 1350 1951 1402 ad
1983 1349 2217 1416 lapsum,
2264 1348 2361 1402 sed
2384 1348 2449 1401 ad
2499 1348 2957 1411 sustentaculum,
2995 1345 3139 1400 sicut
3172 1346 3343 1415 ipsius
3371 1362 3467 1401 na-

1885 1452 2004 1496 tura
2040 1443 2193 1510 juxta
2239 1441 2470 1510 primam
2510 1442 2776 1509 originem
2811 1441 2967 1508 jussa
3016 1442 3321 1509 constituta
3352 1449 3461 1493 est.

1882 1534 2007 1590 ideo
2034 1550 2142 1588 non
2171 1535 2312 1588 inter
2339 1534 2523 1587 ebrios
2548 1532 2846 1600 inscriptus
2870 1542 2978 1593 est,
3011 1533 3103 1585 sed
3131 1532 3464 1600 inspiratam

1880 1630 1933 1683 ei
1962 1630 2197 1693 desuper
2247 1628 2548 1696 prophetiae
2597 1627 2801 1679 donum
2833 1624 3154 1687 custodivit,
3199 1639 3373 1693 usque
3398 1623 3465 1677 sd

1884 1721 2071 1783 linem,
2102 1735 2164 1774 ac
2202 1720 2339 1774 meis
2362 1735 2484 1772 cum
2511 1720 2624 1772 avis
2650 1726 3044 1771 annumeratus
3072 1723 3173 1769 est.
3219 1736 3237 1767 ι

1953 1812 2304 1871 30.Videtis.
2355 1811 2581 1872 fratres,
2646 1809 2922 1878 quomodo
2986 1808 3134 1861 Deus
3199 1807 3342 1875 ipse,
3373 1806 3467 1873 qui

191 1902 407 1964 πάντας
437 1876 652 1971 κριτὴς,
688 1907 769 1958 δτι
801 1876 895 1958 κα).
935 1907 1217 1973 ὑπέρϐιος,
1274 1909 1469 1979 κρίνει,
1503 1876 1616 1963 *καὶ
1656 1876 1774 1964 διαιο

1888 1922 2059 1975 super
2096 1919 2290 1960 omnes
2337 1905 2507 1973 judex
2541 1913 2647 1964 est.
2704 1906 2832 1972 quia
2881 1918 3048 1971 super
3087 1904 3268 1956 omnia
3300 1902 3465 1968 Dens,

191 1996 397 2058 κρίνει,
430 1998 527 2049 καὶ
557 1998 706 2052 οὓτω
744 2000 1119 2066 διαγινώσκει.
1158 2004 1219 2055 οὐ
1268 2004 1404 2072 πρὸς
1447 2007 1775 2073 ἀποτομίαν,

187 2089 327 2139 ἀλλὰ
365 2090 782 2159 φιλανθρωπίαν
811 2090 871 2156 ἔξ
892 2092 1118 2162 ἀγάπης
1141 2095 1377 2155 πάντως.
1404 2096 1469 2148 Τί
1498 2094 1558 2165 δὴ
1583 2096 1677 2149 οὖν
1702 2100 1777 2166 μὴ

190 2180 285 2230 καὶ
327 2181 514 2247 ἡμεῖς,
550 2181 631 2243 είς
657 2183 781 2235 ὅσον
806 2183 1049 2250 ἐφικτὸν.
1080 2183 1478 2253 ὲξομοιούμεθα
1501 2187 1577 2255 τῷ
1603 2186 1780 2239 τοιού-

190 2289 267 2337 τῳ
300 2275 491 2340 κριτῇ,
545 2274 685 2327 ἀλλὰ
730 2275 868 2343 πρὸς
896 2276 1164 2346 ἀπήνειαν
1214 2279 1308 2329 καὶ
1338 2276 1634 2345 δικάζομεν
1683 2284 1777 2332 καὶ

189 2363 637 2433 ἀποφαινόμεθα,
685 2369 775 2419 καὶ
829 2366 900 2419 τὰ
930 2368 1121 2432 πλείω,
1175 2368 1263 2435 ἐφ’
1291 2366 1375 2431 οἷς
1410 2370 1532 2423 οὔτε
1573 2374 1776 2440 πρέπει

190 2451 318 2506 οὔτε
382 2454 561 2518 ἄλλως
620 2457 748 2527 χρὴ,
798 2457 1067 2526 πταίομεν
1124 2459 1423 2524 πολλάκιςς
1486 2461 1650 2517 Ἀλλά
1694 2482 1776 2527 τις

190 2548 523 2614 ⁴ιτερίστασις
560 2551 899 2619 παρίσταται
928 2552 1198 2621 βοηθοῦσα
1229 2554 1381 2622 ἡμῖν,
1411 2558 1494 2619 είς
1531 2557 1599 2626 ἢν
1637 2558 1775 2610 ἀπο-

194 2641 415 2692 ὗ).ἐπων
445 2642 472 2692 δ
498 2642 702 2708 κρίνων
732 2643 956 2697 δύναται
994 2645 1067 2713 μὴ
1096 2646 1477 2713 καταφάσκειν
1500 2649 1647 2701 δεινὰ
1680 2650 1775 2702 τοῦ

193 2733 451 2800 ἀδελφώ,
485 2735 620 2803 μηδὲ
666 2736 990 2805 ἀπηλεγέως
1039 2738 1206 2793 αὐτοῦ
1246 2741 1676 2809 καταφέρεσθαι.
1710 2744 1776 2796 Τί

190 2828 294 2877 οὐκ
334 2826 723 2895 ὲνθυμούμεθα
755 2829 808 2880 ol
842 2830 1018 2897 μάτην
1048 2830 1187 2883 κατὰ
1232 2832 1342 2885 τῶν
1371 2834 1630 2889 ἀναιτίων
1676 2853 1776 2890 πε-

190 2918 602 2986 τροϐολοῦντες.
634 2922 878 2984 καὶτοὺς
917 2922 1127 2984 ἁθὼους
1165 2923 1494 2993 λιθάζοντες,
1524 2929 1618 2981 τὸν
1652 2931 1773 2997 φιλ-

190 3010 616 3079 ανθρωπότατον
661 3012 869 3065 ἐκεῖνον
896 3013 1052 3081 λόγον
1086 3013 1177 3066 τοῦ
1223 3018 1468 3081 είπόντος
1489 3034 1503 3048 ο
1541 3038 1560 3070 ι
1587 3020 1775 3085 Ὅστις

191 3106 293 3173 οὐχ
320 3104 559 3172 ἥμαρτε,
593 3105 802 3173 βαλέτω
833 3105 978 3158 λίθον
1021 3110 1113 3160 ἐπὶ
1147 3108 1209 3160 τὸ
1248 3110 1568 3181 ἠμαρτηκδς
1609 3116 1776 3183 πρόσ-

191 3208 383 3256 ωπονς
417 3210 437 3243 ι
478 3192 697 3246 Μᾶλλον
755 3194 855 3263 μὲν
903 3194 995 3247 οὖν
1043 3194 1097 3248 τί
1149 3200 1274 3260 τοὺς
1318 3201 1488 3270 μηδὲν
1528 3204 1776 3272 μηδὸλως
1806 3241 1850 3302 c

194 3286 328 3353 ἡμῖν
356 3285 840 3353 ἐξαμαρτάνοντας
864 3286 1125 3359 ἐθέλομεν
1157 3294 1564 3360 καταχωννύειν
1586 3295 1773 3363 λίθοις,

191 3377 319 3429 οὗτε
382 3378 713 3445 βλάπτοντες
771 3379 1015 3443 ἐκείνους
1067 3382 1241 3448 οὐδὲν,
1299 3384 1434 3436 ἀλλὰ
1492 3389 1774 3455 στεφάνοις

195 3470 577 3534 καλλύνοντες,
640 3470 750 3522 εἴτε
806 3469 1088 3541 ὑπομονῆς
1143 3472 1350 3539 ἕνεκεν,
1401 3477 1512 3529 εῐτε
1567 3481 1662 3532 καὶ
1693 3481 1774 3533 ὅτι

194 3564 469 3630 πάσχουσι
519 3567 616 3614 καὶ
645 3562 985 3631 ὀνειδισμοὺς
1031 3564 1124 3616 καὶ
1151 3568 1219 3616 τὰ
1250 3565 1406 3633 ἄλλα,
1446 3569 1518 3621 δι’
1549 3564 1624 3623 ὧν
1674 3590 1777 3641 μα-

195 3654 485 3721 καρίζεται
510 3653 662 3723 παρὰ
689 3656 803 3717 τοῖς
840 3655 1001 3725 ἱεροῖς
1032 3655 1389 3723 Εὐαγγελίοις
1419 3661 1662 3727 τοιοῦτος
1685 3664 1777 3718 ἄν-

194 3744 449 3814 Operam;

267 3838 371 3889 λα’.
416 3835 789 3906 Ἐμόαθὺνατε
838 3840 888 3893 οἱ
927 3840 1014 3894 διὰ
1044 3839 1135 3893 τοῦ
1179 3843 1564 3914 ἱερογραφικοῦ
1612 3850 1776 3904 πελά-

192 3945 327 3995 γους
358 3930 619 3997 ἐντέχνως
651 3930 958 4000 νηχόμενοι,
986 3934 1079 3985 καὶ
1101 3934 1368 4005 δράξασθε
1394 3937 1776 4007 διορατικώτε-

197 4037 293 4090 ρον
360 4021 461 4089 τῆς
520 4023 725 4085 ἑννοίας
788 4023 881 4076 τοῦ
936 4025 1291 4093 εὐαγγελικοῦ
1352 4030 1595 4100 ῥήματος
1636 4034 1771 4088 τοῦ·

200 4132 219 4164 ι
259 4112 453 4175 Ὅστις
486 4114 583 4183 οὐχ
611 4115 847 4186 ἥμαρτε,
880 4116 1087 4184 βαλέτω
1118 4117 1266 4172 λίθον
1298 4123 1391 4174 ἐπὶ
1419 4124 1480 4176 τὸ
1517 4126 1775 4197 ἀμαρτω-

192 4203 285 4255 λῦν
316 4204 631 4267 πρόσωπον.
669 4223 687 4256 ι
726 4207 1043 4277 Μυστήριον
1068 4210 1129 4262 τὸ
1154 4213 1382 4283 πρᾶγμα
1410 4215 1774 4287 ἐκπληκτικὸν

194 4293 440 4363 ἀληθῶς,
475 4296 570 4348 καὶ
615 4296 716 4349 οὐκ
746 4296 891 4350 ἔστιν
925 4294 1249 4373 ἐξισωθῆναι
1285 4304 1562 4374 διάκρισιν
1604 4311 1772 4382 ἄλλην

192 4388 335 4453 πρὸς
396 4386 497 4456 τὴν
560 4387 791 4441 ἐνταῦθα
844 4394 1306 4464 προφαινομένην.
1368 4398 1477 4450 Καὶ
1524 4402 1769 4465 εἰκότως.

190 4476 329 4539 Θεός
372 4494 430 4530 τε
470 4480 581 4548 γὰρ
610 4480 748 4549 ὑπὲρ
788 4481 1005 4535 ἅπαντα
1034 4487 1126 4537 καὶ
1159 4486 1284 4541 νοῦν
1316 4488 1408 4541 καὶ
1445 4493 1767 4563 πράγματα,

1882 1998 2115 2066 iudicet,
2155 2008 2203 2051 et
2244 1996 2545 2058 discernat,
2588 2002 2643 2049 et
2678 1998 2753 2047 ita
2806 1994 2963 2060 plene
3001 2002 3321 2059 cognoscat,
3356 2008 3465 2047 non

1887 2092 1954 2144 ad
1983 2090 2264 2151 duritiem,
2300 2088 2396 2143 sed
2430 2104 2493 2141 ex
2548 2088 2818 2141 cbaritate
2848 2100 3080 2154 prorsus
3111 2085 3181 2138 ad
3206 2085 3466 2138 Immani-

1888 2188 2073 2234 ta'em.
2095 2183 2204 2235 Cur
2229 2180 2399 2248 igitur
2426 2186 2478 2231 et
2509 2193 2633 2238 nos.
2653 2186 2918 2245 quantum
2952 2185 3036 2231 est
3062 2177 3342 2245 possibile,
3360 2191 3465 2230 non

1885 2275 2200 2343 efiingimur
2235 2272 2329 2325 tali
2360 2271 2540 2341 judici
2591 2270 2821 2333 similes,
2860 2270 2954 2324 sed
2983 2270 3047 2323 ad
3080 2270 3463 2324 crudelitatem

1885 2381 1938 2424 et
1963 2367 2281 2437 iudicamus
2312 2374 2365 2420 et
2400 2379 2754 2433 apparenms,
2792 2370 2847 2417 et
2874 2365 3219 2433 plerumque.
3254 2362 3307 2415 lu
3339 2377 3464 2430 quae

1886 2476 1986 2514 nec
2008 2459 2169 2514 decet
2202 2474 2300 2513 nec
2354 2472 2580 2525 prorsus
2613 2463 2852 2525 oportet,
2885 2470 3028 2523 saepe
3065 2454 3466 2523 impingimusl

1884 2555 2141 2607 Attamen
2175 2552 2428 2620 quadam
2465 2550 2622 2604 nobis
2663 2549 2938 2602 auxilians
2977 2555 3176 2617 praesto
3227 2557 3310 2602 est
3360 2549 3467 2600 cir-

1889 2645 2248 2706 cumstantia,
2292 2645 2357 2695 ad
2391 2658 2552 2709 quam
2585 2641 2805 2695 intuens
2836 2642 2926 2708 qui
2953 2640 3161 2708 iudicat
3188 2654 3297 2693 non
3328 2640 3468 2694 valet

1885 2739 2025 2792 dura
2079 2735 2227 2805 loqui
2265 2744 2457 2788 contra
2508 2733 2732 2788 fratrem
2777 2748 2955 2802 neque
3008 2748 3152 2787 saeve
3200 2734 3467 2787 adversus

1885 2845 2011 2885 eum
2049 2828 2204 2883 ferri.
2238 2828 2350 2882 Cur
2385 2843 2496 2881 non
2530 2827 2583 2880 in
2619 2836 2805 2879 mente
2840 2825 3193 2885 revolvimus.
3238 2840 3338 2878 nos
3368 2824 3465 2893 qui

1884 2920 2091 2975 frustra
2132 2930 2324 2974 contra
2373 2919 2623 2975 insontes
2652 2918 2886 2987 lapidem
2915 2918 3171 2986 jucimus,
3220 2928 3274 2971 et
3303 2918 3466 2972 inno-

1883 3021 2073 3070 centes
2118 3013 2448 3081 lapidamus.
2514 3010 3006 3066 clementissimum
3051 3010 3181 3063 illud
3238 3011 3462 3063 verbum

1883 3106 2118 3160 dicentis
2160 3121 2177 3159 :
2215 3101 2361 3168 «Qui
2413 3101 2531 3154 sine
2578 3108 2801 3168 peccato
2835 3107 2919 3153 est
2966 3107 3210 3152 vostrum
3258 3097 3467 3165 primus

1885 3199 1939 3252 iu
1979 3198 2123 3250 illam
2157 3196 2390 3265 lapidem
2420 3194 2600 3247 mittat
2622 3193 2690 3245 ‘?
2722 3211 2739 3241 ι
2782 3191 2879 3245 Vel
2923 3191 3107 3260 potius
3130 3204 3229 3245 cur
3258 3205 3353 3244 eos
3375 3189 3467 3257 qui

1886 3290 2311 3358 haudquaquam
2341 3290 2393 3341 in
2421 3302 2520 3340 nos
2551 3284 3207 3353 peccaveruntlapidibus
3231 3283 3466 3337 obruere

1883 3382 2157 3444 volumus,
2194 3378 2332 3434 nihil
2382 3379 2534 3445 ipsos
2598 3378 2877 3441 laedentes,
2935 3376 3030 3431 sed
3065 3376 3287 3430 coronis
3306 3388 3466 3429 exoro

1881 3482 2100 3541 nantes,
2159 3474 2273 3526 sive
2348 3483 2569 3540 propter
2629 3470 2973 3534 patientiam,
3023 3468 3139 3522 sive
3183 3470 3314 3537 quia
3366 3484 3462 3536 pa-

1883 3568 2099 3622 tiuntur
2128 3567 2421 3636 opprobria
2477 3574 2801 3632 ceteraque,
2842 3578 3076 3630 quorum
3113 3562 3292 3630 gratia
3334 3561 3462 3614 talis

1883 3661 2047 3716 homo
2076 3660 2285 3715 sanctis
2321 3659 2375 3713 in
2416 3657 2732 3727 Evangeliis
2764 3655 3097 3724 praedicatur
3131 3653 3363 3709 beatus?

1952 3839 2046 3893 3i.
2096 3836 2277 3891 Altius
2324 3840 2636 3905 penetrate,
2675 3834 2768 3900 qui
2822 3846 2916 3901 per
2980 3826 3460 3898 hierograpliicum

1881 3947 2032 3986 mare
2062 3929 2240 3998 perite
2289 3924 2584 3993 navigatis,
2634 3934 2688 3976 et
2720 3922 2922 3990 aliquid
2958 3921 3224 3973 assumite
3247 3919 3462 3989 perspi-

1882 4023 2067 4079 cacius
2100 4038 2161 4077 ex
2205 4020 2373 4089 hujus
2398 4016 2697 4085 evangelici
2744 4014 3014 4069 sententia
3050 4013 3245 4067 verbi:
3296 4031 3314 4063 ί
3355 4009 3458 4076 Qui

1880 4120 2001 4174 sine
2032 4123 2253 4184 peccato
2285 4123 2369 4168 est
2400 4121 2643 4166 vestrum
2694 4111 2904 4179 primus
2936 4108 2990 4161 in
3030 4107 3174 4159 illam
3225 4105 3458 4174 lapidem

1880 4207 2078 4261 mittat.
2120 4223 2139 4255 ι
2207 4200 2324 4257 Hoc
2388 4216 2528 4255 vcre.
2566 4199 2901 4268 stupendum
2956 4206 3037 4251 est
3106 4196 3459 4267 mysterium,

1881 4314 1982 4352 uec
2010 4311 2133 4351 cum
2198 4293 2288 4347 bic
2330 4292 2613 4345 relucente
2645 4287 3019 4357 comparanda
3056 4296 3141 4343 est
3180 4287 3284 4339 alia
3317 4286 3457 4355 diju-

1880 4389 2103 4445 dicatiu.
2152 4384 2217 4439 Et
2260 4384 2405 4438 enim
2438 4383 2635 4435 merito
2672 4381 2813 4435 Deus
2868 4378 3260 4449 superomnia,
3299 4395 3457 4432 men-

1881 4490 1989 4534 tem
2024 4494 2087 4533 ac
2147 4492 2277 4542 res,
2333 4484 2437 4541 est,
2493 4474 2694 4544 Deique
2740 4472 3013 4541 judicium
3071 4486 3234 4541 super
3292 4484 3458 4525 omne

190 4569 286 4621 καὶ
324 4567 461 4619 Θεοῦ
502 4569 771 4641 διάκρισις
807 4573 946 4640 ὑπὲρ
972 4574 1210 4630 ἅπασαν.
1261 4578 1511 4643 Ἐδέξατο
1544 4585 1636 4636 ἐπὶ
1679 4586 1773 4638 τοῦ

1883 4580 2122 4644 praestat.
2178 4568 2278 4623 llic
2317 4568 2482 4622 etiam
2522 4581 2687 4636 super
2723 4566 3010 4617 humerum
3044 4571 3327 4633 peccatum
3366 4575 3456 4613 ac-

187 4658 346 4726 ὤμου
381 4662 658 4728 ἁμαρτίαν
689 4664 966 4717 κάνταῦθα
995 4667 1023 4714 ὁ
1048 4668 1220 4733 αἴρων
1246 4670 1344 4732 τὰς
1371 4672 1646 4742 ἁμαρτίας
1676 4678 1769 4729 τοῦ

185 4754 421 4817 azioma,
452 4754 478 4803 ὁ
512 4752 918 4823 ὑπερκάθαρος,
945 4760 971 4810 ό
998 4759 1340 4829 ὺπέρφωτος,
1372 4762 1456 4815 ἵνα
1486 4766 1677 4837 ἐλεηθῇ
1712 4768 1772 4821 τὸ

189 4839 510 4906 πρόσωπον,
552 4840 687 4907 ὑπὲρ
741 4837 801 4896 οῦ
853 4845 1135 4916 ἐλάλησεν.
1169 4868 1185 4900 ι
1237 4850 1294 4903 ’0
1352 4850 1427 4922 μὴ
1484 4854 1767 4925 ἁμαρτὼν,

187 4934 350 5017 φησὶ,
378 4931 589 4998 βαλέτω
633 4933 779 4987 λίθον
806 4935 893 4988 ἐπ’
927 4941 1120 5007 αὐτήν.
1158 4959 1180 4991 ι
1222 4942 1331 4994 Καὶ
1373 4946 1588 5009 πάντως
1621 4944 1767 5018 εἶχον

185 5020 252 5071 ἂν
288 5021 466 5071 εἰπεῖν
492 5025 540 5073 οἱ
566 5023 852 5089 ἀκούοντες
876 5028 1202 5083 αὐθέκαστοι
1230 5034 1430 5087 ὲκεῖνοι
1456 5039 1662 5106 κριταὶ,
1686 5041 1769 5092 ὅτι

194 5131 211 5160 ι
238 5113 374 5164 Ἐὰν
402 5114 431 5164 ὁ
470 5115 545 5184 μὴ
578 5117 841 5186 ἁμαρτὼν
866 5119 1011 5174 λίθον
1030 5124 1387 5196 ὲγκελεύτιται
1421 5129 1601 5194 βαλεῖν
1634 5133 1772 5185 κατὰ

183 5206 281 5257 τοῦ
315 5209 665 5276 πταίσαντος,
703 5214 766 5267 σὺ
794 5215 850 5268 δὲ
877 5216 951 5279 ὠς
979 5217 1114 5269 Θεοῦ
1148 5219 1260 5283 υίὸς
1284 5222 1668 5293 ἀναμάρτητος
1699 5224 1767 5292 εἴ,

188 5298 351 5365 ῥίψον
381 5302 446 5351 σὺ
481 5302 696 5369 πρῶτος
731 5304 897 5371 λίθον,
945 5311 1036 5361 καὶ
1085 5311 1345 5379 φόνευσον
1388 5317 1487 5386 τὴν
1537 5320 1774 5386 παρανε-

190 5406 313 5456 μον.
331 5407 350 5440 ι
384 5391 594 5455 Εξδότες
617 5395 694 5461 δὲ,
717 5396 792 5459 ὡς
811 5401 1080 5468 ἐμφράξει
1102 5405 1285 5467 αὐτοῖς
1303 5407 1363 5459 τὸ
1388 5408 1583 5477 στόμα,
1604 5409 1773 5462 ὑπαν-

188 5484 365 5547 τήσας
394 5484 594 5537 αὐτίκα
626 5489 867 5559 στερρῶς
897 5494 955 5544 ἐν
990 5492 1066 5557 τῷ
1107 5496 1302 5561 εἰπεῖν,
1342 5498 1422 5552 ὅτι
1455 5516 1474 5549 ι
1515 5500 1620 5551 Καὶ
1650 5500 1758 5553 ίδοὺ

184 5572 298 5638 ἐγὼ
353 5574 483 5635 Θεδς
532 5575 608 5628 ὣν
662 5580 1068 5655 ἀναμάρτητος,
1106 5588 1205 5640 οὐκ
1256 5590 1566 5662 ἐπιῤῥίπτω
1614 5590 1758 5645 λίθον

182 5664 278 5715 ἐπὶ
324 5665 490 5733 φόνῳ,
535 5667 677 5721 καθὰ
712 5672 832 5725 οὐδὲ
871 5675 1057 5728 ὀδόντα
1089 5678 1305 5732 ἐκϐαλῶ
1352 5682 1472 5734 ἀντὶ
1519 5681 1755 5745 ὀδόντας.

260 5851 465 5913 ‘Juan.
528 5877 639 5926 vui,
709 5860 756 5913 7.

1878 4673 2117 4733 ceperat,
2146 4662 2237 4732 qui
2272 4660 2413 4712 tollit
2449 4664 2673 4727 peccata
2711 4655 2922 4715 mundi,
2955 4654 3047 4724 qui
3102 4654 3453 4723 purissimus,

1877 4759 1970 4829 qui
2002 4752 2376 4810 lucidissimus
2412 4759 2520 4812 est,
2553 4757 2611 4802 ut
2639 4749 2784 4802 illius
2822 4759 3069 4815 personae
3103 4759 3200 4812 pro
3235 4759 3343 4811 qua
3376 4742 3455 4795 lu-

1876 4858 2036 4906 cutus
2058 4858 2161 4910 est,
2191 4847 2497 4899 misereret.
2526 4859 2543 4892 ι
2575 4841 2813 4906 Quisine
2836 4847 3062 4909 pet-cato
3092 4845 3177 4890 est
3210 4845 3449 4889 vestrum

1878 4945 2081 5013 primus
2103 4944 2155 4993 in
2182 4939 2331 4992 illam
2352 4935 2580 5005 lapidem
2609 4934 2804 4987 mittat.
2837 4950 2855 4982 ι
2879 4931 3116 4984 Omnino
3139 4930 3322 4982 dicere
3349 4944 3450 4996 po-

1877 5037 2111 5089 tuissent
2138 5031 2323 5098 illiqui
2356 5028 2652 5082 audiebant
2682 5026 2857 5079 set‘eri
2890 5024 3105 5095 judices
3140 5040 3155 5074 :
3190 5041 3208 5073 ι
3246 5022 3324 5085 Si,
3352 5020 3448 5089 qui

1875 5144 1980 5181 non
2016 5126 2283 5195 peccavit,
2349 5120 2587 5186 lapidem
2617 5119 2801 5187 jacere
2851 5118 3075 5185 jubetur
3111 5116 3162 5168 in
3199 5124 3451 5183 peccato-

1874 5237 2015 5283 rem,
2044 5225 2098 5272 et
2129 5226 2180 5271 tu
2209 5257 2223 5275 .
2261 5214 2411 5269 velut
2452 5212 2547 5267 Dei
2582 5211 2773 5271 Filius,
2808 5212 2926 5264 sine
2957 5217 3180 5279 peccato
3206 5224 3295 5271 es;
3327 5206 3450 5276 juce

1875 5326 1926 5367 tu
1960 5311 2172 5380 primus
2221 5308 2483 5377 lapidem,
2511 5313 2563 5358 et
2593 5304 2836 5372 iniquam
2870 5301 3079 5355 occide.
3135 5317 3153 5349 ι
3197 5298 3449 5352 Scientes

1873 5413 2053 5457 autem
2104 5401 2261 5455 illum
2284 5413 2369 5474 ,οε
2420 5396 2550 5464 ipsis
2584 5394 2969 5446 obturaturum
3010 5404 3155 5451 esse,
3220 5388 3447 5440 ﬁrmiter

1870 5492 2141 5562 extemplo
2160 5490 2576 5558 respondentem
2604 5503 2616 5539 :
2644 5502 2660 5534 ι
2685 5483 2763 5536 En
2788 5496 2889 5551 ego
2911 5481 3071 5544 Deus,
3095 5481 3447 5548 absquepec-

1869 5592 2012 5645 cato,
2056 5597 2165 5635 non
2194 5578 2597 5650 jaciolapitlem
2646 5575 2711 5629 ad
2762 5572 3120 5636 occisionem,
3161 5579 3438 5639 quatenus

1866 5692 1966 5732 nec
1996 5676 2215 5731 dentem
2278 5688 2411 5727 eruo
2471 5686 2569 5741 pro
2618 5670 2803 5733 dente,
2838 5680 2940 5720 nec
2973 5664 3192 5719 oculum
3235 5662 3436 5718 eﬂodio
