4210 6438
197 383 302 446 609

1189 387 1271 448 IN
1313 389 1376 451 S.
1403 389 2083 462 QUADRAGESIMAM
2127 393 2420 456 ORATIO
2454 396 2534 459 ῐῐ.

3359 411 3464 473 610

195 495 280 545 διὰ
327 495 490 550 τοῦτο
544 501 924 571 προσεκτικός.
963 499 1357 569 Ἐγχειροῦμεν
1409 500 1639 570 ζημιοῦν
1678 501 1777 553 Ἑκ-

1905 499 2198 556 Ecciesiam
2225 503 2420 558 laedere
2456 521 2721 560 conamur
2744 507 3186 578 (supponendum
3214 525 3298 568 est
3321 525 3463 574 enim

197 591 431 658 κλησῖαν
464 590 671 656 (Οετέον
688 593 796 661 γὰρ
827 591 969 644 οὕτω
993 593 1215 658 εἰπεῖν),
1242 596 1270 643 ὁ
1299 593 1354 644 δὲ
1386 593 1670 662 ἀντέχεται
1695 609 1767 646 κα

199 683 553 733 ⁸ὲνῡὶσταται·
583 683 705 746 ὀξὺς
746 683 854 749 ἄρα
890 685 982 736 καὶ
1021 684 1381 751 ἀφιλάδελφος
1420 691 1508 737 καὶ
1539 686 1660 736 οὐδὲ
1697 688 1784 738 εύ-

193 776 497 840 αγγελικὲς
551 779 722 829 ἐστιν.
751 772 827 828 Ἦ
868 779 976 846 γὰρ
1011 777 1077 830 ἂν
1123 778 1200 846 τῷ
1245 777 1451 830 Θέλοντι
1492 779 1678 832 λαϐεῖν
1722 781 1784 831 τὸ

191 866 363 918 αὑτοῦ
391 869 609 934 ἱμάτιον
639 871 730 920 καὶ
765 871 858 920 τὸν
889 869 1093 938 χιτῶνα
1124 869 1578 938 προσαπεδύσατο
1634 870 1782 922 Καθ-

193 959 388 1026 ίξομεν
449 959 639 1029 λόχους
667 976 680 989 ’
728 964 754 1014 δ
788 963 843 1014 δὲ
887 964 1192 1031 προορᾶται
1239 963 1457 1028 αὐτοὺς,
1499 964 1590 1014 καὶ
1634 962 1781 1015 οὕτω

192 1051 562 1119 διαφυγγάνει
592 1053 682 1105 τὸν
713 1054 954 1122 δλεθρον.
987 1056 1286 1123 Περίεργος
1313 1055 1420 1125 ἄρα
1447 1057 1536 1107 καὶ
1567 1073 1782 1126 περινε-

199 1146 463 1212 δοημένος
501 1145 670 1198 ἐστίν.
718 1146 1100 1216 Ἀπειλοῦμεν,
1140 1147 1652 1216 μορμολυττόμεθα,
1692 1149 1782 1201 ἐκ-

194 1234 478 1302 ψοϐοῦμεν
500 1253 512 1264 ·
557 1238 582 1288 δ
605 1237 662 1290 δέ
696 1241 1035 1308 περιφρονεῖ,
1063 1241 1155 1291 καί
1192 1255 1288 1290 που
1320 1241 1416 1292 καὶ
1439 1240 1781 1292 ἀνταπειλεῖ-

191 1343 302 1380 ται.
337 1328 561 1397 Θρασὺς
588 1331 695 1398 ἄρα
729 1331 869 1387 ἐστί.
904 1331 1426 1402 Κατατοξαζόμεθα,
1482 1334 1780 1402 σφενδονῶ-

196 1435 319 1486 μεν,
340 1421 650 1488 ἐπαφίεμεν
671 1423 935 1490 αἰγανέας
957 1425 1050 1475 καὶ
1080 1424 1285 1494 δόρατα
1303 1441 1318 1457 ο
1353 1428 1382 1478 ό
1406 1425 1462 1479 δέ
1484 1429 1579 1479 καὶ
1605 1426 1781 1497 θωρα-

197 1510 437 1576 κίζεται,
468 1514 559 1566 καί
605 1533 708 1568 που
760 1516 853 1569 καὶ
908 1515 1198 1586 σύμμαχον
1232 1519 1591 1580 προκαλεῖταῖ
1633 1537 1774 1575 τινα.

195 1604 508 1674 Τολμητῖας
531 1607 638 1677 ἄρα
657 1608 772 1660 ἐστὶ
787 1609 883 1662 καὶ
897 1610 1149 1679 σκληρός.
1168 1613 1598 1681 Δικαιολογείται
1622 1631 1778 1667 συκο-

193 1699 576 1768 φαντούμενος
595 1717 610 1731 ο
639 1701 986 1769 άντιλογικδς
1014 1702 1124 1772 ἄρα
1145 1703 1311 1757 ἐστίν.
1357 1704 1776 1775 ’Δστράπτομεν

191 1790 314 1841 κατ’
339 1789 510 1844 αὑτοῦ
535 1808 546 1819 ·
580 1794 608 1845 ὀ
628 1791 686 1844 δέ
713 1791 865 1862 μύων
890 1794 1016 1854 τοὺς
1038 1794 1351 1866 ὀφθαλμοὺς
1373 1797 1435 1848 οὐ
1458 1797 1774 1862 δεδίττεται,

191 1882 332 1935 ἀλλὰ
385 1887 479 1937 καὶ
519 1884 661 1953 μετὰ
695 1885 795 1956 τὴν
830 1887 1124 1957 ἀστραπήν
1171 1887 1485 1957 μηχανᾶταί
1514 1908 1567 1943 τι
1615 1891 1775 1953 αὑτὸς
1808 1914 1849 1969 η

191 1976 525 2046 θεράπευμα
559 1978 766 2047 ϐψεωςο
819 1979 1178 2050 μελετητικδς
1213 1981 1322 2050 ἄρα
1353 1981 1472 2035 ἐστὶ
1519 1983 1613 2035 καὶ
1655 2000 1780 2035 σκε-

190 2069 410 2129 πτικός.
457 2069 698 2122 ’Δκούων
726 2071 876 2122 δεινὰ
903 2073 1181 2140 πολλάκις,
1217 2073 1431 2128 ῐσταται
1462 2075 1611 2138 ἐνεός
1637 2090 1649 2102 ·
1678 2075 1776 2126 ῦπ-

187 2160 347 2222 ου>.ος
384 2158 497 2230 ἄρα
532 2161 651 2213 ἐστὶ
673 2161 766 2213 καὶ
793 2163 1106 2233 ἐνδόμυχος.

260 2253 362 2306 λδ’.
400 2253 469 2305 Τί
512 2271 670 2321 φατε,
706 2247 752 2308 ὦ
783 2255 1016 2308 τοιοῦτοι
1053 2258 1276 2324 κριταῖς
1314 2258 1430 2312 Ούκ
1459 2257 1660 2323 οἴδατε,
1699 2258 1774 2322 ὡς

187 2345 487 2415 ἁδιάκριτά
512 2349 631 2398 ἐστι
657 2347 828 2400 ταῦτα
857 2347 1058 2410 πάντα,
1088 2350 1180 2400 καὶ
1209 2349 1472 2418 λογισμοῦ
1495 2351 1772 2404 άσκέπτου

188 2436 666 2506 γνωματεύματα,
703 2439 760 2490 ἐν
791 2433 871 2501 οἷς
902 2440 1130 2508 οὐδεμία
1167 2442 1283 2493 ἐστὶ
1314 2443 1513 2508 γνῶσις
1551 2445 1774 2513 ἐπιστη-

190 2531 421 2598 μονική.
461 2531 594 2597 Ἀγε
637 2530 721 2599 δὴ,
752 2532 1020 2600 ἐρωτήσω
1070 2532 1317 2596 τοὺς,ὠς
1349 2535 1585 2603 εῖρηται,
1638 2552 1773 2602 γνω-

190 2624 638 2692 ματευομίνους·
677 2627 794 2691 καὶ,
847 2627 894 2677 εί
942 2626 1224 2691 δύνανται,
1281 2627 1769 2697 ἀποκριθήτωσαν,

189 2717 286 2767 καὶ
315 2715 738 2768 άθωωσάτωσαν
782 2719 921 2784 σφᾶς
957 2717 1173 2781 αὐτοὺς,
1209 2719 1292 2786 ἐφ’
1320 2712 1390 2790 ἧς
1427 2720 1771 2790 ἀδιακρισίας

189 2808 537 2859 ἁλίσκονται.
576 2806 784 2872 Ἔστιν,
815 2799 861 2859 ὦ
896 2808 1122 2876 χρηστοὶ
1166 2809 1266 2876 τὴν
1310 2809 1511 2878 κρίσιν,
1545 2810 1644 2862 εἴτ’
1678 2810 1770 2862 οὖν

188 2899 543 2968 κατάκρισιν,
579 2899 932 2952 ἀποκωλῦσαι
979 2902 1080 2970 τὴν
1140 2902 1305 2968 φύσιν
1357 2902 1452 2954 τοῦ
1483 2904 1558 2971 μὴ
1598 2904 1772 2954 ποιεῖν

188 2991 278 3042 τὸν
309 2991 604 3059 ἄνθρωπον
649 2990 680 3058 ἢ
711 2990 901 3042 πτύειν
930 2989 963 3060 ἢ
995 2991 1378 3060 χρέμπτεσθαι
1405 3011 1419 3052 ;
1476 2993 1536 3044 Εῖ
1588 2992 1644 3044 δέ
1705 2994 1769 3044 σὺ

189 3085 336 3135 κατᾶ
371 3082 464 3134 σοῦ
493 3082 552 3135 τὸ
591 3083 781 3148 πάθος,
808 3076 852 3135 ὦ
877 3076 1054 3148 οὗτος,
1089 3083 1333 3150 γίνεσθαι
1363 3085 1589 3154 κρίνεις,
1613 3085 1770 3136 τοῦτό

190 3180 309 3228 ἐστι
352 3175 412 3227 τὸ
436 3178 584 3245 παρὰ
615 3179 696 3230 σοὶ
729 3176 1063 3244 ἀδιάκριτον,
1097 3175 1285 3246 ὥσπερ
1317 3177 1412 3230 καὶ
1461 3179 1520 3229 τὸ
1551 3177 1772 3247 μυρίζε-

1890 592 1960 645 ita
2005 593 2202 674 loqui),
2249 595 2338 649 ille
2391 613 2519 651 vero
2551 599 2772 654 obsistit
2819 611 2874 655 et
2919 604 3246 659 adversatur
3288 627 3298 660 :
3335 627 3468 679 ergo

1888 685 2181 750 violentus,
2247 694 2300 739 et
2361 688 2590 743 fratrum
2648 707 2756 745 non
2815 706 3045 761 amator,
3093 710 3144 751 et
3171 700 3467 768 Evangelia

1885 781 2198 832 contrarius
2240 788 2346 834 est.
2395 782 2568 834 Aliter
2607 786 2752 838 enim
2782 787 2982 841 volenti
3025 803 3218 856 rapere
3239 795 3459 860 pallium

1885 869 2081 939 ipsius,
2133 888 2340 926 exuens
2391 889 2611 940 quoque
2650 879 2918 944 tunicam,
2950 882 3192 936 cederet.
3227 887 3457 943 Insidias

1885 959 2160 1026 ponimus,
2195 963 2310 1030 ipse
2335 979 2463 1017 vero
2494 968 2758 1035 praevidet
2789 986 2882 1026 eas
2907 979 2960 1025 et
2996 973 3067 1026 ita
3101 974 3239 1045 fugit
3269 977 3462 1033 interi-

1885 1063 2045 1105 tum:
2096 1069 2228 1123 ergo
2283 1059 2538 1112 curiosus
2587 1067 2639 1112 et
2688 1060 2854 1116 nimis
2889 1065 3324 1136 circumspectus
3353 1081 3460 1126 est.

1883 1142 1929 1195 Μ
1959 1159 2173 1209 namur,
2217 1148 2680 1216 expavcfacimus,
2735 1154 3139 1221 terril‘tcainus;
3207 1161 3296 1216 ille
3332 1179 3460 1216 vero

1881 1232 2112 1302 despicit
2135 1246 2226 1289 aut
2264 1238 2402 1293 forte
2425 1240 2601 1294 minas
2639 1244 2802 1298 minis
2833 1249 3057 1314 opponit
3091 1265 3259 1321 :ergo
3296 1253 3450 1307 ferox

1886 1334 1990 1379 est.
2016 1327 2216 1381 Arcum
2249 1330 2549 1393 tendimus,
2588 1332 2811 1388 fundam
2836 1346 3178 1407 torquemus,
3214 1345 3457 1411 jaculum

1880 1424 1934 1468 et
1986 1423 2236 1487 sagittam
2293 1422 2642 1490 projicimus,
2702 1427 2816 1494 ipse
2854 1444 2981 1482 vero
3027 1434 3459 1503 thoracelmuni-

1882 1515 1966 1561 tur
2009 1519 2062 1563 et
2113 1509 2253 1565 forte
2279 1516 2565 1580 quemdam
2593 1517 2822 1574 advocat
2871 1524 3253 1579 auxiliaturetn
3291 1544 3461 1597 :ergo

1881 1599 2055 1654 audax
2080 1615 2144 1656 ac
2174 1604 2542 1662 turbulentus.
2564 1607 2781 1664 Judicio
2812 1617 3096 1668 contendit
3124 1618 3457 1673 calumniam

1879 1707 2124 1758 passus:
2163 1709 2293 1765 ergo
2344 1699 2723 1754 contradictor
2781 1711 2885 1757 est.
2949 1703 3313 1775 Fulguramus
3357 1711 3453 1764 ad-

1881 1799 2073 1839 versus
2108 1784 2258 1839 illum
2291 1803 2303 1836 :
2369 1788 2459 1843 ille
2492 1806 2622 1844 vero
2671 1793 2935 1850 claudens
2966 1798 3158 1853 oculos
3197 1815 3306 1854 non
3339 1813 3452 1856 ter-

1883 1885 2053 1941 retur,
2106 1883 2200 1934 sed
2263 1893 2317 1934 et
2370 1892 2493 1951 post
2575 1883 3005 1954 fulgurationem
3083 1892 3288 1946 invenit
3344 1897 3461 1962 ipse

1881 1971 2154 2038 quoddam
2180 1974 2484 2028 remedium
2521 1977 2674 2031 visus
2711 1997 2724 2031 :
2777 1996 2908 2048 ergo
2956 1984 3376 2042 meditabundus
3403 1999 3459 2043 et

1880 2063 2257 2131 speculativus
2289 2076 2398 2120 est.
2420 2065 2574 2134 Saepe
2601 2068 2738 2123 dura
2764 2072 3208 2136 audiens,tnutus
3242 2092 3455 2147 perma-

1879 2164 1971 2209 net
2004 2172 2017 2209 :
2050 2171 2180 2225 ergo
2217 2156 2479 2211 subdolus
2509 2168 2596 2212 est
2626 2169 2788 2230 atque
2811 2164 3209 2220 dissimulatus.

1947 2245 2037 2300 34.
2071 2245 2207 2313 Quid
2232 2247 2433 2313 dicitis,
2459 2249 2772 2319 huiusmodi
2808 2253 3049 2321 judices‘!
3093 2257 3208 2313 Non
3237 2259 3451 2319 videtis.

1876 2337 2018 2405 quod
2075 2339 2368 2394 indiscreta
2425 2353 2552 2396 sunt
2608 2345 2721 2398 haec
2783 2349 2986 2412 omnia,
3049 2354 3456 2421 temerariazque

1876 2431 2226 2499 cogitationis
2255 2436 2558 2499 sententia,
2596 2437 2648 2489 in
2704 2439 2903 2507 quibus
2957 2443 3100 2495 ttulla
3167 2455 3250 2498 est
3297 2445 3454 2514 juxta

1877 2522 2163 2575 scientiam
2207 2525 2470 2592 c0gnitio.
2537 2528 2648 2595 Age
2682 2544 2832 2599 ergo.
2898 2531 3246 2602 interrogabo
3301 2537 3456 2597 istos.

1875 2611 2176 2680 utdieitur,
2225 2617 2633 2684 seutentiosos;
2674 2633 2748 2683 et,
2817 2623 2862 2675 si
2914 2637 3161 2692 possunt,
3233 2642 3457 2694 resliou-

1874 2705 2058 2770 deant,
2093 2716 2144 2760 et
2174 2708 2241 2761 ab
2267 2707 2812 2779 indiscretojudicio.
2845 2729 2953 2784 quo
3022 2719 3450 2783 convincuntur,

1875 2811 1930 2850 se
1967 2797 2214 2852 liberent.
2250 2798 2530 2868 Nunquid,
2578 2817 2610 2856 ο
2638 2805 2764 2858 boni
2811 2809 2877 2858 ad
2930 2807 3305 2874 judicandum,
3339 2813 3455 2868 sive

1876 2889 2057 2960 potius
2091 2891 2156 2944 ad
2179 2892 2674 2961 condemnandum,
2703 2908 2892 2951 natura
2947 2900 3221 2967 prohiberi
3275 2915 3456 2972 potest

1875 2997 1943 3036 ne
1971 2984 2129 3036 faciat
2161 2984 2433 3039 hominem
2470 2988 2555 3040 vel
2589 3005 2849 3057 exspuere
2903 2993 2984 3044 vel
3041 3009 3329 3049 exscreare
3350 2997 3372 3048 ?
3394 3000 3452 3050 Si

1874 3089 2003 3126 vero
2039 3087 2229 3128 contra
2267 3087 2336 3139 te,
2371 3092 2404 3130 ο
2431 3079 2760 3146 liujusmodi,
2791 3083 2928 3136 hanc
2955 3083 3295 3140 aﬂ'ectionctn
3334 3089 3451 3144 lieti

1869 3165 2107 3232 judicas,
2159 3168 2260 3222 hoc
2293 3179 2374 3223 est
2405 3185 2432 3222 a
2462 3179 2513 3224 te
2539 3172 2894 3226 discretionis
2948 3175 3214 3242 defectus,
3258 3195 3452 3248 quem-

190 3270 321 3322 σθαι
374 3269 472 3338 μὲν
502 3269 589 3320 διὰ
620 3287 783 3334 τινος,
819 3270 998 3321 δοκεῖν
1040 3269 1096 3321 δὲ
1136 3268 1382 3338 βορϐόρῳ
1426 3271 1764 3338 χραίνεσθαι,

1875 3258 2162 3312 admodum
2200 3262 2244 3315 si
2278 3263 2402 3329 quis
2437 3274 2711 3332 unguento
2750 3267 3189 3333 perfunderetur.
3243 3273 3447 3326 et-ede-

189 3364 285 3413 καὶ
318 3363 379 3412 τὸ
411 3361 488 3430 μὴ
515 3362 942 3430 προσκυνεῖσθαι
979 3360 1078 3428 μέν
1113 3362 1248 3429 πρός
1277 3378 1421 3423 τινος
1449 3362 1770 3415 ἁπλοῖκευο-

192 3457 385 3521 μένου,
417 3453 688 3522 ἐγκρίνειν
717 3455 773 3505 δὲ
808 3455 939 3505 αὐτὸ
965 3454 1044 3512 είς
1076 3453 1233 3521 ὕϐριν
1271 3454 1366 3506 καὶ⁵
1400 3455 1669 3522 παίγνιον.
1706 3457 1770 3510 Τί

189 3547 244 3597 δὲ
272 3547 412 3598 ἀλλὰ
443 3545 658 3616 ἀνάγκη
688 3546 765 3615 τῷ
814 3545 1088 3615 ἀνθρώπῳ
1139 3545 1387 3612 ἔγκειταί
1433 3546 1599 3600 ποθεν
1643 3550 1768 3611 τοὺς

193 3639 574 3700 συναντῶντας
608 3638 730 3707 εἰκῆ
770 3638 867 3690 καὶ
899 3639 1080 3707 μάτην
1113 3637 1439 3708 προσλαλεῖν
1476 3639 1572 3692 καὶ
1601 3655 1770 3708 προσ-

190 3733 360 3800 γελᾷν
388 3732 632 3798 ἄκαιρα;
677 3730 734 3783 '0
766 3731 822 3782 δὲ
858 3731 1002 3800 δώτῃ
1031 3731 1130 3798 μὲν
1160 3731 1358 3794 διδοὺς,
1392 3729 1572 3800 ἀδώτῃ
1602 3731 1657 3781 δὲ
1693 3733 1768 3800 μὴ

189 3823 393 3887 διδοὺς,
427 3822 541 3891 ἔχοι
586 3823 652 3875 ἄν
699 3821 865 3875 ποθεν
905 3823 1073 3891 ψόγον
1095 3823 1326 3888 δίκαιον,
1354 3823 1414 3874 ού
1457 3822 1671 3890 μενοῦν,
1699 3823 1772 3874 εῖ-

191 3932 301 3980 περ
328 3915 665 3982 εὐδιάκριτον
696 3913 807 3981 ἔχει
842 3913 1181 3982 διαγνώμην.
1233 3913 1486 3966 Μάλιστα
1535 3913 1631 3981 μὲν
1675 3911 1770 3966 οῦν

190 4008 288 4057 καὶ
318 4005 496 4066 διδούς
529 4021 615 4067 τις
656 4004 866 4070 ἁπλῶς,
901 4004 996 4057 καὶ
1026 4005 1100 4066 ὡς
1139 4003 1320 4072 ἐτυχε,
1351 4002 1645 4072 γελασθείη
1678 4005 1766 4069 ἂν,

188 4099 264 4159 ὡς
296 4097 330 4165 ἢ
367 4098 516 4166 παρὰ
543 4097 604 4148 τὸ
631 4097 750 4150 δέον
777 4097 1081 4164 φιλότιμος,
1109 4096 1142 4162 ἢ
1180 4095 1651 4165 μεταχειριστικδς
1676 4099 1770 4148 καὶ

193 4189 703 4259 πραγματευτικός.
763 4191 859 4253 Τίς
903 4189 959 4241 δέ
1027 4188 1380 4258 ὑϐριζόμενος
1429 4186 1491 4239 οὺ
1548 4186 1768 4256 λαλήσει

192 4285 332 4354 πρὸς
364 4283 742 4353 σωφροσύνην,
771 4284 862 4334 ἐὰν
888 4284 1098 4352 φρονῇς

260 4547 322 4598 λε
346 4584 361 4598 .
404 4546 565 4598 Ἀλλὰ
598 4547 707 4618 χρὴ
737 4546 956 4609 πάντως
985 4544 1274 4616 ἀνέχεσθαι
1303 4546 1397 4601 καὶ
1425 4549 1635 4617 σιωπᾷν
1676 4548 1766 4600 τὸν

188 4639 712 4708 περιυϐριζόμενον,
762 4640 858 4692 καὶ
925 4640 1165 4708 μάλιστα
1215 4642 1306 4692 τὸν
1365 4642 1553 4693 παπᾶν
1607 4641 1762 4710 (Θεοῦ

186 4734 375 4797 λέγεις
434 4732 676 4800 ἀνοχὴν),
727 4730 918 4802 ὥσπερ
969 4731 1066 4782 καὶ
1120 4731 1212 4782 τὸν
1265 4730 1629 4800 ῥαπιζόμενον
1671 4733 1763 4784 καὶ

189 4823 465 4890 ἀλγοῦντα
509 4823 583 4892 μὴ
610 4824 880 4875 ἐκκλίνειν
900 4824 991 4874 τὸν
1027 4824 1106 4882 είς
1125 4821 1287 4873 αὑτὸν
1315 4822 1758 4891 πλημμελοῦντα.

187 4915 499 4984 ⁴Ινραξομεν,
527 4915 603 4976 ὡς
635 4915 683 4965 οῖ
715 4915 1023 4982 ἀδιάκριτον.
1069 4911 1365 4982 βούλονται,
1403 4914 1514 4974 τοῖς
1543 4911 1763 4965 λαλοῦσι

187 5010 291 5069 τὰς
336 5007 526 5068 ἀκοὰς.
560 5000 648 5069 αἷς
678 5009 709 5076 ή
742 5006 907 5074 φύσις
934 5005 1107 5067 πύλας
1153 5005 1252 5057 οῦκ
1291 5004 1589 5075 ἐπέθηκεν·
1624 5006 1762 5059 ἀλλὰ

187 5101 551 5172 ζημιούμενοι
577 5100 940 5170 χαρισόμεθα,
964 5097 1322 5166 ἐλλοχώμενοι
1353 5099 1408 5150 δέ
1439 5097 1762 5167 περιπεσούυ

193 5197 340 5266 μεθα
386 5197 496 5256 τοῖς
547 5192 893 5260 ὀλοθρευταῖς
950 5190 1190 5243 ἑκούσιοι
1255 5191 1310 5251 ἐς
1358 5189 1602 5260 ὄλεθρον.
1651 5190 1762 5242 Καὶ

188 5293 388 5359 εἴημεν
426 5290 493 5340 ἂν
529 5285 724 5357 μωροὶ,
755 5287 898 5338 οὓτω
915 5286 1213 5348 ποιοῦντες,
1241 5285 1336 5336 καὶ
1367 5281 1634 5352 μεμπτέοι
1665 5280 1758 5332 καὶ

187 5388 303 5447 τοῖς
330 5384 663 5452 ἀδιακρίτοις
686 5382 893 5443 αὐτοῖς,
919 5383 1014 5432 ἐὰν
1037 5377 1270 5431 τοιοῦτοι
1311 5375 1758 5441 ἀπεκϐαἰνωμεν,

186 5480 266 5542 ὡς
304 5479 337 5546 ἢ
375 5477 692 5543 ἀναίσθητοι
736 5476 767 5545 ἢ
818 5473 1036 5542 ἠλίθιοι.
1077 5473 1383 5539 Πάσχοντες
1426 5469 1482 5520 δὲ
1531 5465 1759 5526 ἀπειλὰς

188 5577 283 5625 καὶ
329 5568 620 5635 πολέμους,
658 5568 720 5619 οῦ
766 5565 1208 5634 Θωρακισόμεθα,
1263 5562 1323 5613 ού
1383 5561 1758 5627 κατάφρακτοι

190 5659 500 5729 γενώμεθα.
539 5657 597 5708 οὐ
657 5655 1096 5724 προσλαϐώμεθα
1125 5655 1216 5705 καὶ
1253 5654 1348 5722 τὴν
1377 5652 1608 5713 δυνατὴν
1637 5651 1756 5699 ἐπι-

188 5752 450 5816 κουρίαν·
487 5749 623 5801 am
669 5749 765 5810 τὰς
815 5750 999 5817 χεῖρας
1039 5747 1320 5816 δήσαντες,
1374 5745 1468 5797 καὶ
1519 5741 1759 5794 κατακύ-

185 5848 410 5911 ψαντες,
448 5841 476 5892 ὂ
514 5841 579 5909 δὴ
611 5841 845 5909 λέγεται,
884 5843 963 5903 εἰς
1005 5839 1339 5908 καμὰρωμα,
1376 5835 1754 5902 ἐκπεσούμεθα

1876 3358 2026 3402 retur
2057 3359 2234 3405 autem
2265 3353 2448 3421 inungi
2476 3369 2633 3408 caeno
2671 3373 2685 3422 ;
2724 3359 2804 3410 vel
2857 3360 2900 3412 si
2953 3362 3073 3428 quis
3134 3362 3454 3432 simpliciter

1875 3457 1980 3494 non
2009 3444 2295 3508 salutaret,
2335 3446 2754 3514 etjudicaretur
2782 3449 2847 3502 ad
2882 3450 3131 3520 injuriam
3187 3465 3241 3506 et
3265 3456 3448 3507 ludum

1874 3533 1976 3587 hoc
2015 3534 2213 3592 facere.
2281 3535 2536 3601 Quaenam
2567 3549 2747 3594 autem
2771 3539 2840 3594 de
2901 3551 3096 3596 caetero
3151 3549 3453 3603 necessitas

1875 3626 2101 3690 homini,
2150 3627 2377 3683 sicunde
2409 3627 2595 3694 fuerit,
2662 3646 2782 3684 cum
2833 3634 3181 3689 ohviantibus
3246 3638 3448 3692 frustra

1873 3734 2116 3788 varieque
2161 3719 2436 3790 loquendi,
2469 3733 2523 3776 et
2584 3723 2967 3793 intempestive
3023 3728 3287 3782 ridendi?
3339 3733 3446 3797 Qui

1874 3826 2000 3864 vero
2025 3812 2312 3867 datoridat
2335 3823 2387 3868 et
2412 3831 2517 3868 non
2550 3815 2701 3869 danti
2731 3833 2836 3870 non
2891 3819 3006 3882 dat,
3057 3821 3198 3874 unde
3236 3821 3445 3890 justam

1875 3905 2096 3957 haberet
2127 3906 2602 3973 reprehensionem
2632 3908 2654 3960 ?
2688 3924 2793 3962 non
2825 3920 2994 3974 certe,
3028 3911 3295 3979 siquidem
3323 3916 3439 3967 dis-

1870 3994 2128 4047 cretivam
2179 3995 2341 4049 habet
2376 3997 2845 4051 deliberationem.
2885 4001 3171 4056 l’otissitne
3223 4006 3441 4073 quidem

1871 4082 2033 4152 igitur
2076 4083 2161 4138 ille
2193 4087 2284 4153 qui
2324 4087 2477 4140 daret
2505 4087 2828 4154 simpliciter
2857 4097 2910 4140 et
2942 4097 3000 4141 ut
3030 4092 3250 4156 accidit,
3316 4095 3444 4147 irri-

1870 4172 2052 4237 detur,
2083 4184 2334 4242 tanquam
2396 4174 2663 4248 velultra
2721 4192 2943 4232 necesse
2994 4181 3334 4248 magnificus,
3369 4182 3450 4238 vel

1871 4261 2365 4329 administrativus,
2401 4265 2480 4318 vel
2503 4267 2839 4334 negotiosus.
2875 4267 3009 4332 Quis
3063 4279 3243 4323 autem
3297 4273 3446 4342 inju-

1869 4354 2004 4408 riam
2044 4370 2257 4423 passus,
2305 4371 2414 4410 non
2472 4356 2790 4426 loqueretur
2853 4373 2976 4413 cum
3037 4361 3324 4431 sapientia,
3397 4365 3445 4420 si

1869 4445 2056 4514 sapit?

1928 4544 2019 4598 35.
2068 4542 2262 4599 Verum
2329 4554 2540 4613 oportet
2595 4545 2816 4600 omnino
2857 4546 3125 4616 patienter
3174 4549 3449 4603 sustinere

1870 4633 2138 4702 silereque
2187 4634 2404 4703 injuriis
2457 4644 2736 4700 onustum,
2796 4645 2849 4690 et
2898 4638 3195 4706 praesertim
3253 4655 3446 4710 papam

1873 4729 1891 4796 (
1918 4726 2008 4781 Dei
2045 4727 2184 4780 dicis
2212 4728 2556 4782 tolerantiam
2589 4729 2628 4795 ),
2662 4728 3118 4796 quemadmodum
3148 4741 3201 4784 et
3223 4746 3449 4799 percus-

1871 4834 1990 4872 sum
2020 4828 2072 4872 et
2095 4820 2375 4885 aillictum,
2407 4835 2511 4872 non
2538 4819 2774 4888 eﬂ‘ugere
2820 4835 3134 4889 peccantem
3160 4824 3212 4877 in
3243 4828 3446 4892 ipsum.

1870 4910 2260 4965 Obserabimus
2294 4949 2309 4974 ,
2369 4920 2428 4964 ut
2478 4913 2752 4965 temerarii
2809 4914 3021 4977 volunt,
3093 4916 3443 4984 loquentibus

1871 5017 2048 5063 aures,
2087 5003 2283 5071 quibus
2317 5012 2508 5056 natura
2567 5011 2750 5070 portas
2806 5020 2913 5058 non
2983 5005 3280 5074 imposuit;
3345 5010 3442 5062 sed

1868 5095 1978 5150 lzesi
2003 5097 2208 5162 gratias
2242 5093 2588 5159 habebimus;
2617 5094 2828 5147 insidiis
2866 5104 3046 5148 autem
3094 5097 3448 5162 circumdati,

1869 5191 1922 5242 in
1965 5202 2154 5239 manus
2181 5186 2661 5238 exterminatorutn
2693 5185 2832 5239 ultro
2865 5185 3168 5239 incidemus
3201 5189 3265 5239 ad
3296 5188 3442 5242 inte-

1870 5278 2056 5330 ritum.
2102 5278 2168 5328 At
2214 5289 2463 5328 essemus
2523 5274 2698 5338 stulti,
2750 5275 2829 5327 sic
2889 5273 3174 5340 facientes,
3234 5286 3287 5330 et
3340 5277 3447 5333 illis

1868 5370 2030 5422 etiam
2083 5367 2343 5419 irridendi
2404 5365 2805 5428 temerariis,si
2858 5367 2990 5419 tales
3035 5382 3136 5421 nos
3173 5368 3445 5436 praebere-

1869 5469 2090 5519 mus.nt
2120 5455 2317 5526 stupidi
2379 5458 2456 5509 vel
2509 5458 2706 5511 insani.
2739 5457 3086 5513 Sustinentes
3133 5472 3311 5512 autem
3348 5461 3448 5512 mi-

1867 5567 1964 5605 nas
2012 5561 2063 5604 et
2122 5551 2280 5613 bella,
2318 5564 2423 5602 non
2464 5550 2682 5603 thorace
2751 5553 3091 5615 muniemur,
3135 5565 3243 5604 non
3300 5559 3449 5604 cata-

1867 5644 2076 5715 phracti
2104 5645 2330 5704 erimus.
2370 5657 2474 5695 non
2506 5653 2698 5710 potens
2749 5655 3093 5698 assumemus
3157 5645 3444 5708 auxilium,

1865 5737 1958 5792 scd
1993 5736 2242 5788 manibus
2284 5731 2483 5802 ligatis,
2531 5745 2606 5799 et,
2641 5742 2698 5786 ut
2749 5733 2971 5799 dicitur,
3019 5737 3071 5787 in
3118 5736 3445 5790 testudinem

1868 5831 2137 5893 inclinati,
2172 5832 2347 5886 capite
2376 5827 2708 5882 excidemus.
2756 5827 2824 5880 At
2877 5838 3254 5893 reputaremus
3295 5829 3447 5884 occi-
