4210 6438
754 388 853 451 (ri-‘1

1500 385 1927 447 EUSTATlIll
1990 385 2762 453 THESSALONICENSIS
2798 387 3219 450 METROPOL
3230 390 3378 452 lTrE

3919 398 4032 458 612

748 521 903 563 tores
935 505 1134 568 nostri,
1168 503 1250 558 vel
1299 503 1493 558 saltem
1550 504 1620 558 de
1672 512 1866 558 nostra
1911 503 2072 560 ruina
2118 514 2337 560 senten-

2447 508 2546 574 τῆς
2583 508 2849 578 κεφαλῆς.
2884 509 2995 562 Καὶ
3032 509 3424 582 λογισθείημεν
3457 512 3523 565 ἂν
3555 512 3963 586 ἢαύτοφόνται,
3999 522 4031 591 ἤ

748 601 876 652 tiam
929 598 1197 661 ferentes;
1228 596 1593 651 calumniator
1625 604 1808 650 autem
1860 606 1917 651 ut
1946 613 2069 651 vera
2104 600 2332 665 loquens

747 693 1047 746 honoriliee
1072 694 1421 746 salutaretur.
1478 691 1588 744 Res
1615 706 1721 744 non
1751 701 1834 744 est
1855 692 2112 746 omnibus
2137 692 2332 749 facilis.

748 784 866 839 Non
913 793 1095 838 autem
1138 784 1276 838 alias
1302 798 1368 838 ex
1403 782 1846 852 aggredientibus
1893 785 2210 839 omnimodo
2240 801 2336 839 cu-

747 882 1093 939 studiemus:
1126 883 1223 935 sed
1268 882 1406 935 male
1436 881 1744 943 audientes,
1782 897 1845 936 ex
1881 884 2211 938 necessitate
2239 898 2335 953 per

746 974 1185 1029 ntalcdit‘litﬂlem
1241 973 1718 1042 respondebimus,
1766 982 1820 1027 et
1859 975 2188 1033 meretricie.
2212 989 2334 1046 qua

747 1083 852 1121 non
884 1068 1049 1119 licent
1072 1082 1173 1121 nec
1201 1067 1562 1128 conveniunt,
1607 1069 1934 1136 garriemus.
1987 1066 2332 1139 Sapientittm

746 1176 847 1216 nec
884 1160 1027 1214 istud
1072 1169 1176 1221 est,
1221 1171 1367 1214 recta
1398 1160 1609 1214 ratione
1632 1160 1760 1214 dum
1808 1161 2006 1229 aliquis
2056 1162 2332 1232 dirigitur.

801 1254 889 1307 56.
921 1253 1123 1307 Ilortor
1165 1253 1332 1322 igitur
1361 1267 1456 1307 eos
1488 1254 1583 1323 qui
1638 1255 1758 1307 sine
1815 1254 2152 1308 discretione
2207 1262 2337 1308 sunt

744 1355 803 1400 ut
836 1363 863 1398 a
897 1348 1189 1401 scribendo
1216 1347 1648 1416 judieandoque,
1679 1346 1825 1400 sicut
1853 1348 1987 1413 ipsis
2018 1347 2216 1414 placet,
2238 1346 2336 1401 de-

2435 597 2573 649 ἀλλά
2598 601 3003 667 κατεγνωκότες
3027 602 3190 670 ἡμῶν
3205 603 3388 658 αὐτῶν
3413 604 3694 660 ἀπώλειαν
3710 625 3725 638 ·
3752 612 3779 661 ὀ
3800 609 3856 663 δέ
3878 628 4038 665 συκο-

2436 688 2654 757 φαντῶν
2677 691 3191 762 προσκυνηθίμῖεται
3219 693 3295 755 ὡς
3322 694 3497 765 ἀληθῆ
3516 695 3718 753 λαλῶν.
3739 698 3853 752 Οὐκ
3874 699 4036 754 εὖκοο

2447 779 2538 832 λον
2573 782 2746 835 ἆπασι
2780 782 2840 835 τὸ
2862 784 3117 852 πρᾶγμα.
3140 786 3216 838 Οὐ
3250 786 3607 856 φυλαξόμεθα
3647 788 3705 842 δὲ
3731 789 3828 843 καὶ
3860 791 4037 855 ἄλλως

2434 873 2708 937 παντοίως
2737 875 2800 927 ἐκ
2825 875 2936 929 τῶν
2958 864 3518 947 κατεπιχειρούντων’
3555 880 3744 945 κακῶς
3770 882 3825 935 δέ
3863 882 4039 935 ἀκού-ι

2434 984 2587 1033 οντες
2616 970 3216 1043 ἁντιδλασφημήσομεν
3244 973 3303 1038 ἐξ
3343 975 3611 1044 ἀνάγκης,
3633 975 3730 1029 καὶ
3758 977 4037 1045 πορνικιῖκ

2434 1062 2849 1133 φλυαρήσομεν,
2881 1064 2917 1118 ἃ
2947 1066 3024 1136 μὴ
3054 1066 3256 1136 πρέπει
3287 1068 3386 1120 καὶ
3409 1066 3510 1121 οὐκ
3538 1066 3738 1133 ἔξεστι.
3767 1069 4037 1138 Φρονούν-

2437 1173 2545 1209 των
2575 1157 2698 1209 οὐδέ
2736 1157 2916 1225 τοῦτο,
2971 1160 3077 1224 ἕως
3109 1161 3259 1232 ὀρθῷ
3298 1161 3550 1230 λογισμῷ
3595 1178 3685 1226 τις
3732 1162 4035 1231 διοικῆται.

2510 1248 2608 1311 λζ’.
2639 1250 2959 1320 Παρακαλῶ
3001 1252 3094 1306 οὖν
3122 1254 3364 1321 ἀφέσθαι
3400 1254 3649 1323 μὲντοὺς
3678 1256 4038 1326 ἀδιακρίτους

2438 1341 2561 1404 τοῦ,
2596 1342 2677 1405 ὼς
2719 1344 2910 1406 αὐτοῖς
2958 1344 3128 1408 δοκεῖ,
3160 1347 3399 1416 γράφειν
3448 1348 3545 1399 καὶ
3581 1347 3825 1416 κρίνειν·
3868 1348 4040 1417 ἁμιλ-

743 1440 943 1493 sistant
970 1484 984 1505 ,
1010 1448 1278 1493 conentur
1310 1450 1491 1493 autem
1517 1439 1715 1492 imitari
1743 1439 1982 1508 pictores
2010 1440 2103 1509 qui
2128 1440 2337 1512 ﬁngunt

2443 1434 2640 1488 λᾰσθαι
2663 1435 2723 1489 δέ
2750 1439 2831 1499 είς
2854 1438 2968 1491 ἴσον
2991 1437 3367 1507 ἐρχεσθαιααὶ
3390 1438 3704 1509 ζωγράφοις
3729 1440 4039 1511 βάπτουσιν

745 1533 798 1585 in
827 1541 1114 1586 aceurates
1142 1536 1517 1599 characteres,
1542 1548 1683 1601 quos
1707 1548 1819 1587 non
1846 1549 1970 1588 esse
1995 1533 2165 1589 falsos
2208 1550 2335 1589 cere

2443 1531 2519 1592 είς
2552 1529 2803 1599 ἀκριὸεἶς
2840 1531 3222 1601 χαρακτῆρπς,
3248 1531 3343 1594 οὓς
3372 1533 3479 1585 οὐκ
3509 1532 3629 1584 ἐστι
3658 1533 4044 1605 ψευδεπιγρά-

746 1633 860 1678 tum
896 1632 1005 1689 est,
1047 1640 1257 1678 necnon
1290 1624 1510 1693 judices
1540 1625 1759 1679 sedulos
1788 1639 1852 1680 ac
1873 1625 2104 1693 proinde
2134 1633 2336 1692 rectos,

2444 1635 2581 1687 φους
2631 1614 2795 1685 εἶναι,
2850 1622 2946 1673 καὶ
3001 1624 3218 1690 κριταῖς
3279 1622 3653 1687 ἐξεταστικοῐς
3683 1626 3805 1676 .κα“ι
3860 1625 4046 1687 οὕτως

746 1730 801 1770 ιιι
830 1731 1047 1785 quoque
1109 1716 1251 1770 Deus
1309 1716 1581 1769 similibus
1635 1730 1733 1770 eos
1798 1716 2025 1782 obiiciat
2084 1716 2334 1787 judieiis.

2443 1705 2647 1782 ὀρθοῖς,
2680 1713 2770 1766 ἶνα
2815 1716 2913 1768 καὶ
2956 1715 2987 1766 ὁ
3024 1714 3161 1777 Θεὸς
3204 1714 3403 1777 αὑτοῦ,
3446 1715 3777 1785 παραϐάλλῃ
3811 1716 4044 1786 ὁμοίαις

743 1811 900 1876 Quod
932 1810 975 1862 si
1044 1808 1519 1875 coniecturaliter,
1548 1814 1604 1862 et
1671 1810 1978 1862 secundum
2036 1809 2334 1879 quamdam

2443 1805 2714 1873 κρίσεσιν.
2752 1805 2842 1868 Ὧς
2860 1804 2914 1857 sl
2938 1822 3000 1874 γε
3029 1806 3407 1876 στοχαστικῶς
3435 1806 3534 1859 καὶ⁵
3562 1809 3705 1861 κατά
3742 1825 3873 1860 τινα
3897 1811 4047 1861 είκο-

742 1904 1314 1966 verisimilitttdinem,
1373 1911 1427 1955 et
1475 1900 1863 1956 deductionem
1917 1916 1982 1956 ex
2045 1902 2337 1973 principiis

2445 1899 2697 1968 τολογιαν
2721 1899 2815 1951 καὶ
2844 1900 3106 1953 ὑπόνοιαν
3125 1901 3193 1951 ἐκ
3215 1899 3690 1970 παρακούσματος
3721 1901 4046 1956 ἐπιϐάλλειν

743 1997 885 2051 male
917 1997 1176 2060 cognitis,
1213 1995 1608 2064 dispositiones
1635 2009 1824 2048 eorum
1866 1991 1957 2064 qui
2025 1996 2186 2049 nobis
2218 1996 2332 2049 noti

743 2099 897 2150 sunt,
943 2089 1251 2143 modiﬁcari
1322 2089 1602 2151 volumus,
1678 2096 1732 2141 et
1798 2087 2191 2143 discretionem
2265 2089 2333 2142 ad

742 2180 1143 2249 ignoscendum
1192 2194 1298 2232 non
1333 2177 1634 2241 alii-rimus,
1678 2178 1951 2232 recedeta
1978 2180 2137 2232 nobis
2170 2179 2334 2247 quid-

740 2271 870 2339 quid
899 2260 1103 2325 sociale
1123 2277 1225 2332 est,
1253 2267 1518 2337 quidquid
1552 2268 1781 2337 proinde
1828 2269 2134 2338 politicum,
2168 2271 2335 2340 quid—

742 2364 874 2432 quid
915 2378 1101 2416 amore
1134 2370 1325 2415 mutuo
1368 2360 1700 2428 fundatum;
1758 2372 1814 2417 et
1859 2363 2079 2443 tandem
2117 2374 2335 2434 oportet

744 2472 1193 2525 unumquemque
1229 2464 1502 2520 nostrum,
1553 2466 1610 2508 ut
1671 2471 1797 2509 cum
1857 2451 2179 2512 heminibns
2226 2475 2335 2513 non

744 2552 838 2610 sit.
875 2556 1058 2616 petere
1093 2546 1469 2608 solitudinem,
1497 2561 1620 2599 eum
1643 2547 1824 2600 corvis
1843 2562 2029 2602 errare
2053 2549 2337 2617 quopiam,

745 2649 837 2693 aut
876 2640 1070 2692 saltent
1106 2636 1161 2690 in
1189 2635 1396 2691 mundo
1431 2651 1537 2690 non
1567 2652 1713 2697 esse.
1746 2640 1841 2692 sed
1873 2645 2028 2694 trans
2058 2637 2334 2693 Oceanum

743 2734 1002 2801 migrare.

817 2825 909 2878 37.
939 2824 1005 2875 Et
1032 2823 1145 2876 haec
1175 2822 1397 2890 quidem
1430 2822 1498 2877 de
1552 2823 1878 2886 notioribus.
1922 2826 2016 2893 qui
2047 2840 2338 2883 commune

745 2916 826 2970 sal
868 2923 1230 2984 gustaveruttt
1279 2926 1334 2969 et
1391 2928 1571 2970 tamen
1640 2917 1803 2973 simul
1876 2918 2041 2972 nimis
2091 2922 2336 2976 extranei

748 3011 1107 3063 devenerunt.
1141 3008 1196 3062 Si
1234 3024 1362 3062 vero
1392 3011 1517 3077 quis
1580 3011 1793 3064 nullum
1864 3012 2197 3082 principium
2249 3014 2335 3069 vel

749 3101 965 3154 initium
994 3102 1323 3171 cognitionis
1348 3101 1575 3165 habens,
1607 3118 1706 3155 nec
1766 3103 2007 3158 hominis
2042 3105 2206 3159 vitam
2242 3118 2340 3163 aut

748 3194 983 3246 virtutes
1007 3202 1100 3245 aut
1124 3207 1287 3260 opera
1327 3193 1462 3245 mala
1502 3194 1707 3257 sciens,
1769 3194 2044 3248 hominem
2100 3197 2334 3264 judicat,

751 3287 1162 3355 inquisitionem
1198 3285 1441 3355 negligit,
1478 3287 1831 3352 condemnat,
1862 3296 1916 3340 et
1949 3290 2200 3355 protinus
2224 3291 2340 3345 vult

753 3384 854 3449 ipsi
900 3383 1164 3434 rationem
1218 3380 1522 3447 imponere,
1553 3381 1618 3433 ad
1681 3382 1996 3449 ltujnsmodi
2062 3384 2339 3439 hominem

751 3474 958 3524 nullutn
993 3473 1167 3524 habeo
1221 3486 1559 3535 sermonem,
1620 3488 1722 3525 nee
1786 3473 1947 3527 modo
2001 3479 2339 3545 propositum

749 3567 1018 3618 talentum
1049 3564 1255 3618 homini
1291 3564 1382 3617 tali
1418 3564 1674 3635 sulijicio.
1738 3566 1859 3635 ipse
1916 3569 2060 3621 enim
2118 3584 2342 3637 pretsus

749 3666 833 3709 est
860 3659 1085 3725 ignarus
1116 3656 1475 3725 dijudieandi,
1500 3672 1596 3709 nec
1631 3672 1792 3709 sensu
1824 3665 2013 3711 sanus.
2075 3658 2199 3713 lJeo
2233 3675 2340 3713 non

752 3748 956 3816 aliquid
984 3747 1118 3800 lucri
1149 3746 1353 3800 laceret
1382 3747 1533 3811 mihi,
1566 3762 1664 3800 nec
1686 3762 1779 3816 per
1813 3763 1917 3812 me,
1944 3763 2067 3803 meo
2091 3750 2340 3815 Domino,

751 3840 907 3908 cujus
936 3856 1055 3893 sunt
1087 3840 1483 3893 lhesaurarius.
1518 3838 1715 3892 Verum
1755 3837 1869 3908 ipse
1898 3841 2118 3910 quidem
2176 3843 2341 3896 alium

753 3934 995 4000 inquirat
1035 3932 1455 3985 uutnnlariuut:
1510 3946 1611 3998 ego
1679 3948 1809 3985 vero
1864 3933 1957 3987 Dei
2023 3935 2341 3992 thesaurum

753 4024 1069 4077 exhauriant
1108 4024 1160 4075 in
1189 4035 1380 4074 manus
1413 4021 1692 4076 hominum
1725 4024 2011 4078 scientiutn
2047 4027 2124 4081 illi
2163 4030 2344 4083 adlue-

753 4132 877 4170 rere
942 4116 1220 4183 ipsiusque
1294 4113 1627 4167 voluntatem
1712 4114 1914 4177 facere,
1981 4133 2090 4172 non
2159 4130 2341 4176 autem

755 4208 966 4259 intente
996 4206 1252 4275 prosequi
1276 4203 1542 4273 judicium
1586 4206 1811 4272 malum,
1854 4214 1914 4261 ut
1942 4208 2104 4264 etiam
2135 4210 2339 4266 donum

751 4299 1056 4351 aestimetur
1092 4294 1221 4348 illud
1252 4294 1497 4348 divinum
1531 4295 1762 4363 ideoque
1795 4312 1903 4351 non
1951 4299 2339 4369 abjiciendum.

830 4392 922 4443 58.
958 4390 1141 4442 Habeo
1173 4390 1668 4442 commendandum
1711 4393 1867 4445 vobis
1900 4402 1955 4446 et
1986 4394 2131 4447 aliud
2166 4398 2339 4452 talen-

760 4495 897 4547 tum,
936 4485 1037 4536 hoc
1077 4492 1159 4535 est
1186 4481 1404 4549 jejunii,
1473 4483 1617 4550 quod
1678 4494 1927 4537 nostrum
1992 4488 2343 4556 auspicantur

2442 1991 2709 2062 ἐθέλομεν
2738 1994 2862 2052 ταῖς
2891 1990 3001 2045 τῶν
3022 1992 3319 2063 γνωρίμων
3351 1993 3485 2062 ἡμῖν
3510 1993 3813 2052 διαθέσεσι.
3842 1996 3945 2048 καὶ
3980 1996 4046 2047 οὐ

2445 2082 2828 2153 διακρίνομεν,
2868 2083 2945 2145 ὡς
2993 2085 3091 2137 καὶ
3131 2086 3568 2153 συγγνωμονείν,
3608 2084 3901 2154 οἰχήσεται
3948 2084 4047 2152 ἀφ’

2443 2177 2604 2246 ἡμῶν
2624 2178 2686 2229 τὸ
2718 2177 3063 2239 κοινωνικὸν,
3092 2177 3187 2228 καὶ
3214 2177 3360 2229 οὕτω
3390 2176 3690 2241 πολιτικὸν,
3716 2178 3815 2229 καὶ
3838 2177 4046 2246 φιλάλ-

2440 2267 2603 2335 ληλον
2626 2281 2641 2296 ο
2673 2268 2769 2319 καὶ
2796 2266 2905 2337 χρὴ
2929 2265 3026 2319 τοῦ
3052 2266 3244 2320 λοιποῦ
3268 2268 3504 2320 ἕκαστον
3522 2266 3682 2337 ἡμῶν
3706 2266 4043 2337 ἐρημάζειν,

2440 2360 2515 2422 ὡς
2546 2359 2622 2431 μὴ
2640 2359 2759 2429 μετ’
2782 2358 3091 2431 ἀνθρώπων
3116 2356 3279 2424 εἶναι,
3305 2359 3445 2414 ἀλλὰ
3475 2376 3578 2413 που
3604 2359 3750 2413 κατὰ
3775 2360 4047 2430 κοράκων

2441 2453 2884 2518 ἀποπλανᾶσθαι,
2916 2454 2951 2522 ἢ
2986 2453 3123 2507 ἀλλὰ
3174 2454 3318 2525 μηδέ
3378 2456 3437 2507 ἐν
3487 2454 3685 2522 κόσμῳ
3718 2450 3891 2517 εἶναι.
3920 2452 4047 2506 m'

2443 2546 2929 2613 ἐξωκεανίζεσθαι.

2513 2818 2614 2881 λζ’.
2671 2818 2777 2869 Καὶ
2808 2816 2986 2869 ταῦτα
3043 2816 3141 2885 μὲν
3178 2815 3310 2883 περὶ
3338 2832 3450 2866 των
3479 2815 3957 2884 γνωριμωτέρων,
3994 2814 4049 2867 02

2444 2915 2541 2966 καὶ
2588 2900 2782 2966 κοινοῦ
2830 2911 2959 2973 an;
3001 2910 3319 2976 ἐγεύσαντο,
3355 2910 3452 2962 καὶ
3496 2910 3674 2973 ἄλλως
3696 2908 3838 2979 ὁμοῦ
3869 2906 4049 2980 ἦλθον

2446 3004 2824 3076 ξενικώτερον.
2871 3005 2936 3058 Εί
2973 3003 3031 3056 δέ
3074 3020 3159 3066 τις
3206 3003 3489 3073 μηδεμίαν
3523 3002 3664 3071 ἔχων
3693 3002 3964 3074 ἀφορμὴν
4009 3005 4046 3075 ἢ

2445 3101 2624 3171 ἀρχὴν
2661 3098 3093 3168 γνωριμότητος,
3158 3096 3295 3165 μηδέ
3329 3092 3487 3153 εἰδὼς
3517 3094 3810 3165 ἀνθρώπου
3846 3096 3881 3165 ἢ
3924 3094 4049 3162 βίον

2445 3197 2476 3267 ἢ
2506 3194 2922 3264 ἁγαθοπραξίας
2968 3194 3002 3263 ἢ
3057 3192 3237 3256 κακὰς
3269 3193 3576 3261 ἐνεργείας,
3609 3192 3789 3261 κρίνει
3820 3189 4050 3259 ἄνθρω-

2447 3306 2567 3347 πον,
2608 3287 2715 3341 οὐδ’
2745 3284 3123 3358 ὴκριῆώσατο,
3156 3285 3254 3338 καὶ
3305 3283 3652 3351 κατακρίνει,
3704 3282 3801 3333 καὶ
3831 3283 4046 3334 αὐτίκα

2445 3382 2619 3435 ἐθέλει
2648 3379 2741 3433 καὶ
2776 3378 3006 3441 εὐθύνας
3036 3377 3185 3445 αὐτῷ
3220 3377 3525 3446 ἐπιφέρειν,
3555 3376 3731 3436 οὖδείς
3767 3392 3862 3443 μοι
3901 3374 4047 3443 πρὸς

2445 3474 2535 3526 τὴν
2565 3473 2807 3525 τοιοῦτον
2835 3471 3015 3538 λόγος,
3050 3469 3176 3523 οὺδέ
3203 3469 3264 3520 τὸ
3301 3467 3564 3537 προτεθὲν
3608 3467 3734 3538 ἄρτι
3765 3467 4043 3520 ταλαντῖν

2444 3564 2522 3634 τῷ
2556 3564 2788 3632 τοιούτῳ
2824 3560 3101 3631 ἀνθρώπῳ
3128 3558 3529 3629 προδάλλομαι.
3561 3559 3734 3622 Αὐτὸς
3759 3558 3876 3628 γὰρ
3900 3576 4044 3610 παν-

2443 3653 2616 3715 τελῶς
2637 3653 2854 3723 ἀμαθὴς
2874 3652 3202 3721 διακρίνειν,
3225 3653 3318 3703 καὶ
3336 3651 3456 3704 οὺδέ
3476 3649 3720 3717 καθαρὸς
3745 3651 4039 3720 ἐχέφρων

2444 3746 2524 3799 διὸ
2547 3746 2669 3799 οὑδέ
2702 3744 3208 3814 πραγματεύσηται
3256 3745 3324 3796 ἄν
3354 3760 3405 3796 τι
3438 3743 3633 3811 κέρδος
3663 3744 3815 3810 ἐμοὶ,
3844 3746 3943 3795 καὶ
3970 3741 4042 3793 δι’

2447 3837 2584 3907 ἐμοῦ
2617 3838 2693 3905 τῷ
2724 3837 2843 3907 ἐμῷ
2879 3837 3148 3907 Δεσπότῃ,
3179 3830 3241 3889 οὗ
3260 3833 3689 3905 θησαυροφύλαξ
3712 3835 3851 3899 ἐγώ.
3894 3835 4042 3886 Ἀλλ’

2448 3929 2608 3990 αὐτὸς
2651 3928 2752 3997 μὲν
2786 3929 3066 3995 ἐρευνάτω
3090 3927 3386 3997 δανειστὴν
3412 3926 3604 3996 ἕτερον
3627 3943 3638 3953 ·
3682 3926 3796 3993 ἐγὼ
3832 3927 3892 3978 δέ
3937 3928 4043 3992 τὴν

2446 4019 2625 4085 γάζαν
2656 4018 2751 4070 τοῦ
2795 4019 2934 4072 Θεοῦ
2978 4019 3274 4072 ἐκκενώσω
3312 4017 3624 4087 ἀνθρώποις
3661 4017 3869 4068 εἰδόσιν
3916 4018 4043 4069 ἐπι-

2449 4112 2783 4181 στρέφεσθαι
2824 4111 2992 4164 αὖτοῦ
3033 4111 3129 4164 καὶ
3176 4112 3352 4164 ποιεῖν
3385 4111 3450 4163 τὸ
3486 4109 3657 4163 αὑτοῦ
3693 4108 3937 4178 θέλημα,
3974 4111 4037 4161 ο)

2450 4205 2557 4274 μὴν
2596 4204 2801 4266 ἀτενῶς
2830 4204 3153 4274 ἀντέχεσθαι
3183 4204 3280 4257 τοῦ
3313 4204 3794 4274 καταγνωμονεῖν,
3827 4203 3905 4265 ὡς
3935 4205 4037 4256 καὶ

2444 4296 2617 4365 δῶρον
2651 4294 2909 4364 ἡγεῖσθαι
2945 4296 3077 4347 αὐτὸ
3112 4296 3255 4347 θεῖον
3283 4296 3377 4347 καὶ
3405 4293 3581 4354 οὕτως
3621 4294 4034 4363 ἁναιὸὄλητον.

2515 4386 2621 4459 λη’.
2653 4389 2802 4457 Ἐχω
2833 4388 3163 4458 παραθεῖναι
3198 4388 3326 4456 ὑμῖν
3354 4389 3448 4439 καὶ
3472 4387 3605 4439 ἄλλο
3645 4388 3939 4449 τάλαντον,
3976 4389 4040 4439 τὸ

2454 4496 2471 4530 ι
2510 4479 2607 4547 τῆς
2658 4480 2936 4548 νηστείας,
2994 4498 3012 4530 ι
3074 4473 3141 4548 ἧς
3192 4477 3538 4548 ἐναρχόμεθα
3568 4479 3667 4546 τῆς
3726 4479 4036 4548 ἀρχεγόνου

762 4575 1095 4646 primitivum
1124 4573 1473 4633 nntritorem,
1508 4575 1829 4641 praeclarum
1888 4594 2136 4647 germen,
2194 4583 2337 4649 quod

2448 4569 2605 4640 ἡμῶν
2646 4568 2890 4638 τιθηνοῦ,
2923 4568 3017 4622 τοῦ
3053 4567 3220 4622 καλοῦ
3251 4568 3656 4638 βλαστήματος,
3682 4568 3713 4620 ὃ
3751 4569 3976 4638 πρῶτος
4010 4571 4039 4622 ό

765 4668 977 4735 primus
1002 4664 1286 4734 paradisus
1340 4664 1531 4728 edidit,
1592 4667 1677 4719 eui
1739 4667 1954 4725 fortiter
2012 4672 2339 4730 inhmrentes

766 4773 983 4825 generis
1020 4768 1270 4809 auctores
1307 4772 1411 4809 non
1441 4758 1641 4811 exinde
1693 4759 1904 4829 expulsi
1949 4759 2201 4826 fuissent,
2249 4781 2343 4834 per

760 4851 905 4919 quod
932 4866 1103 4919 genus
1140 4850 1459 4913 humanum,
1485 4853 1530 4904 si
1558 4852 1709 4916 velit,
1742 4854 1852 4906 huc
1882 4856 2193 4911 revertitur.
2227 4857 2341 4913 lloc

762 4942 905 4995 enim
936 4950 1077 4992 amat
1120 4942 1172 4992 in
1209 4940 1374 4993 Edent
1438 4941 1701 4995 reducere
1755 4943 1896 4997 ﬁlios
1953 4945 2146 5009 Adam,
2184 4958 2239 5001 ut
2269 4951 2340 5003 ibi

766 5049 889 5086 eum
929 5032 1033 5085 illis
1082 5032 1262 5099 degat,
1296 5034 1395 5085 ubi
1425 5036 1658 5102 primum
1690 5037 1975 5091 constituti
2022 5049 2186 5107 sunt;
2246 5044 2341 5099 sed

767 5123 1065 5189 praesertim
1098 5122 1151 5173 itt
1180 5123 1356 5190 ipsum
1396 5123 1616 5184 coelum.
1646 5124 1735 5176 ulti
1773 5126 2065 5193 plurimum
2101 5138 2184 5181 est
2239 5130 2340 5198 ipsi

770 5213 1224 5283 partieipatiouis.
1252 5214 1303 5265 in
1337 5215 1479 5282 quod
1504 5215 1703 5267 exaltat
1741 5230 1835 5270 eos
1866 5218 1980 5285 qui,
2042 5234 2139 5286 per
2172 5221 2344 5288 ipsius

768 5322 1031 5365 amorem,
1066 5304 1426 5357 elevationem
1494 5305 1597 5374 ipsi
1640 5311 2079 5375 convenientem,
2134 5310 2185 5365 id
2238 5322 2339 5378 est,

769 5402 1078 5464 etnlestetn,
1118 5399 1387 5452 ambiunt.

838 5585 930 5640 39.
968 5583 1068 5639 Ubi
1106 5584 1247 5637 enim
1276 5584 1403 5638 alibi
1438 5587 1734 5650 spiritualis
1765 5587 2003 5656 apathia,
2038 5602 2199 5657 quant
2237 5588 2341 5643 sibi

772 5680 1030 5749 proponit
1077 5677 1364 5746 jejunium,
1417 5679 1520 5732 nisi
1575 5680 1628 5731 in
1662 5679 1805 5732 (σξιο
1868 5680 2341 5749 sanetissintisque

771 5769 1056 5823 Ordinibus
1088 5768 1156 5821 ibi
1191 5768 1559 5837 degentibus?
1602 5770 1682 5822 An
1738 5770 1881 5823 enim
1934 5770 2131 5839 aliquis
2190 5779 2340 5835 putat

775 5860 941 5915 alium
973 5876 1096 5915 esse.
1123 5858 1316 5927 jejnnii
1368 5876 1615 5929 scopum,
1668 5874 2031 5931 prmterquam
2068 5862 2119 5915 in
2156 5874 2338 5915 tuente

2446 4663 2778 4733 παράδεισος
2801 4663 3085 4732 ἐξέφυσεν,
3112 4656 3286 4733 οὗπερ
3307 4662 3355 4713 οἱ
3385 4661 3649 4731 γενάρχαι
3667 4661 4036 4729 ἀντεχόμενοι

2446 4755 2735 4826 ἐγκρατῶς
2767 4756 2868 4807 οὐκ
2914 4755 2981 4808 ἂν
3013 4755 3225 4808 ἐκεῖθεν
3272 4752 3691 4823 ἀφωρίσθησαν,
3740 4753 3811 4805 δι’
3840 4746 3904 4804 οὗ
3940 4755 4037 4804 καὶ

2446 4852 2611 4904 πάλιν
2626 4857 2687 4904 τὸ
2719 4849 3063 4921 ἀνθρώπινον
3096 4848 3262 4917 φῦλον
3288 4848 3652 4917 ἐπανέρχεται
3682 4848 3770 4909 εἰς
3795 4850 4028 4910 istst-my,

2446 4944 2604 5015 εἰπερ
2637 4943 2832 4998 ἐθέλει.
2869 4943 3177 4996 Φιλονεικεῖ
3208 4942 3318 5011 γὰρ
3356 4942 3494 5011 αὕτη
3536 4942 3842 5009 ἐπανάγειν
3870 4939 4035 5002 αὖθις

2446 5037 2525 5097 είς
2578 5036 2677 5107 τὴν
2718 5036 2881 5103 Ἐδέμ
2912 5034 3040 5097 τοὺς
3099 5034 3193 5086 τοῦ
3232 5033 3423 5103 ’Δδὰμ,
3458 5032 3548 5085 ἵνα
3596 5034 3718 5085 ἐκεῖ
3764 5035 4034 5105 συνδιῶίθ

2446 5128 2653 5190 αὐτοῖς,
2715 5125 2843 5178 ἔνθα
2885 5126 2985 5195 τὴν
3012 5127 3189 5196 ἀρχὴν
3237 5124 3548 5194 ἐτάχθησαν
3573 5140 3589 5155 °
3647 5125 3893 5193 μάλιστα
3932 5129 4034 5196 μὲν

2444 5214 2539 5270 οὖν
2569 5220 2645 5278 εἰς
2679 5218 2909 5288 οὐρανὸν
2940 5219 3122 5282 αὑτὸν,
3157 5221 3292 5270 ὅπου
3318 5218 3415 5269 καὶ
3447 5216 3508 5267 τὺ
3541 5215 3729 5268 πλεῖον
3758 5217 3853 5286 τῆς
3896 5234 4032 5285 μετ-

2446 5309 2636 5373 ουσίας
2671 5312 2820 5363 ἐστὶν
2852 5311 3015 5380 αὐτῇ,
3045 5310 3126 5372 είς
3176 5308 3235 5361 δν
3264 5310 3450 5377 ἀνάγει
3487 5310 3614 5370 τοὺς
3649 5311 3709 5361 ἐν
3743 5310 3822 5379 τῷ
3848 5312 4030 5378 ςιλεῖν

2445 5402 2606 5455 αὑτὸν
2637 5403 2961 5472 ἐφιεμένους
2992 5404 3084 5458 τοῦ
3110 5405 3247 5474 αὐτῇ
3287 5406 3594 5474 πρέποντος
3628 5402 4027 5472 ἀνυψὼματος,

2444 5493 2538 5546 τοῦ
2572 5495 2711 5547 κατὰ
2745 5496 2995 5563 οὐρανόν.

2513 5584 2618 5639 λθ’.
2678 5586 2786 5639 Καὶ
2833 5586 2938 5640 ποῦ
2988 5588 3097 5654 γὰρ
3127 5587 3312 5642 ἄλλοθι
3358 5587 3597 5640 ἀπάθεια
3637 5590 3821 5657 νοερὰ,
3862 5591 3899 5658 ἡ
3930 5590 4027 5657 τῆς

2445 5680 2701 5748 νηστείας
2738 5680 3017 5751 πρόθεσις,
3052 5681 3168 5734 ἀλλ’
3202 5681 3234 5749 ἢ
3278 5685 3335 5733 ἐν
3377 5681 3593 5751 οὐρανῷ
3628 5684 3723 5733 καὶ
3755 5685 3870 5743 τοῖς
3911 5685 4027 5734 ἐκεῖ

2446 5772 2771 5838 ἁγιωτάτοις
2808 5774 3122 5840 τάγμασινς
3151 5770 3227 5826 Ἶι
3289 5776 3396 5842 γὰρ
3425 5774 3602 5827 οἴεταί
3650 5790 3735 5828 τις
3782 5774 4024 5841 ἑτεροῖον

2448 5860 2583 5915 εἶναι
2614 5868 2676 5933 τῇ
2714 5867 2935 5936 νηστείᾳ
2961 5868 3182 5929 σκοπὸν,
3219 5869 3301 5920 ὅτι
3339 5870 3412 5937 μὴ
3453 5868 3510 5919 τι
3558 5869 3634 5930 εἰς
3663 5866 3789 5926 νόας
3823 5865 4019 5917 ἀπολεο
