4210 6438
155 415 260 482 613

1147 407 1229 469 ΙΝ
1272 407 1335 467 S.
1369 402 2042 479 QUADRAGESMIAM
2072 402 2360 464 ORATIO
2403 405 2482 466 Π.

3346 405 3451 468 614

157 544 357 593 πτῦναι
409 536 540 600 τοὺς
581 531 909 605 νηστευτάς,
966 529 1060 582 καὶ
1105 531 1185 592 είς
1236 528 1508 582 ἀπάθειαν
1545 528 1752 578 ἀποκα-

1861 526 2147 594 expeditos
2213 526 2441 581 reddere
2480 527 2822 596 ieiunantcs,
2857 536 2912 582 et
2963 528 3172 600 absque
3229 531 3447 598 passio-

155 632 456 698 ταστῆσαι,
488 629 536 680 εί
572 629 664 682 καί
691 628 738 679 οἱ
762 629 818 676 ὲν
844 626 974 694 ἡμῖν
1003 624 1160 693 μόγις
1185 623 1283 690 τὴν
1320 619 1746 692 μετριοπάθειαν

158 722 558 792 κατορθοῦσινς
602 718 988 787 Ἀγγελοποιδν
1042 718 1150 786 γάρ
1197 717 1228 784 ἡ
1272 715 1498 785 νηστεία
1544 713 1746 785 τρόπον

155 819 303 879 τινά,
358 811 440 878 οἷς
492 815 577 867 διὰ
615 813 909 880 ίσαγγέλου
963 807 1076 879 βίου
1115 812 1195 872 είς
1238 807 1564 876 αὐτόχρημα
1622 804 1748 859 νοῦν

160 909 572 961 ἀπολεπτύνειν
635 906 951 967 προτίθεται
1005 901 1096 955 τὸν
1163 901 1512 970 νηστεύοντα,
1572 898 1749 953 είκαὶ

161 1006 375 1064 ἐκεῖνος
409 1003 486 1063 ὡς
519 1000 751 1052 ἐπιπολὺ
784 999 869 1049 διὰ
897 997 956 1049 τὸ
991 996 1140 1049 κάτω
1172 994 1354 1063 βρίθον
1373 995 1463 1047 τοῦ
1498 993 1750 1064 σώματος

163 1096 255 1144 καὶ
282 1093 491 1159 γεῶδες
515 1089 852 1159 ἀπροσφυῶς
883 1088 997 1159 ἔχει
1025 1091 1091 1156 τῇ
1117 1088 1346 1156 τοιαύτη
1372 1088 1471 1156 τῆς
1494 1085 1748 1154 νηστείας

166 1183 458 1251 προθέσει.
489 1183 685 1235 Οἰκεία
715 1181 895 1232 τοίνυν
929 1181 1024 1232 καὶ
1055 1177 1375 1248 παραδείσῳ
1412 1176 1504 1228 καὶ
1536 1176 1750 1246 οὐρανῷ

164 1276 194 1342 ἡ
252 1277 510 1343 νηστεία,
564 1277 660 1326 καὶ
712 1274 805 1326 δύο
842 1268 991 1324 οῦτοι
1050 1274 1206 1324 τόποι
1255 1269 1561 1340 πατριῶται
1613 1271 1749 1340 αὐτῇ

170 1370 520 1435 καταγωγαὶ,
592 1368 744 1436 φίλαι
801 1367 880 1434 τῷ
937 1365 1076 1435 Θεῷ,
1144 1363 1334 1433 ψυχῶν
1395 1363 1751 1428 ἀναπαύσεις,

171 1465 518 1534 ἀπρόσϐατοι
556 1463 812 1531 δαίμοσιο
847 1462 926 1513 διὸ
958 1462 1050 1514 καὶ
1092 1461 1298 1529 ἀμφοῖν
1343 1455 1553 1511 τούτοιν
1584 1459 1752 1524 ἐγκα-

171 1559 365 1627 θιστᾷν
387 1561 420 1626 ἡ
445 1559 668 1626 νηστεία
691 1557 941 1625 βούλεται
959 1555 1084 1616 τοὺς
1105 1552 1285 1614 καλῶς
1306 1553 1444 1621 αὐτῇ
1468 1551 1753 1621 χαίροντας

170 1652 266 1702 καὶ
321 1653 473 1704 κατὰ
528 1650 735 1702 σκοπὸν
786 1649 966 1719 ὀρθὸν,
1010 1646 1069 1708 ὃς
1108 1644 1390 1700 εὐοδοῦται
1444 1644 1531 1696 διά
1586 1646 1754 1715 μόνης

172 1743 420 1808 ἀγάπης.

250 1832 324 1902 μ’.
362 1833 497 1885 Οὐδὲ
528 1835 635 1901 γάρ
664 1834 784 1885 οὐδὲ
807 1831 868 1883 τὸ
893 1830 993 1899 τῆς
1020 1829 1278 1900 νηστείας
1295 1830 1460 1883 καλὸν
1492 1829 1758 1900 μέταλλον

174 1923 546 1994 ἀἰιεπί;ιικτόν
578 1929 691 1977 ἐστι
742 1927 851 1986 τοῖς
890 1926 1258 1993 άγαπητικοῖς
1298 1925 1546 1993 χρυσέοις
1596 1923 1760 1992 εὑρη·
1791 1903 1831 1958 θ

175 2037 345 2087 μασιν
369 2035 384 2049 ·
425 2019 562 2072 ἀλλὰ
589 2011 683 2069 καί
715 2019 854 2087 αὐτῇ
881 2018 941 2068 τὸ
963 2018 1170 2085 ἀγαθὸν
1197 2017 1354 2070 τοῦτο
1381 2017 1757 2084 ἀνακέκραται

173 2114 318 2166 καθά
381 2113 478 2164 καὶ
531 2113 644 2172 τοῖς
700 2112 807 2180 πρὸ
841 2112 1032 2178 αὐτῆς.
1092 2111 1201 2164 Καὶ
1249 2111 1477 2177 οἴδαμεν
1527 2110 1753 2174 πάντες,

173 2207 322 2266 ὅσοις
387 2204 608 2272 μέτεστι
641 2202 734 2255 τοῦ
779 2204 998 2265 εἰδέναι,
1033 2204 1114 2255 ὅτι
1146 2203 1234 2255 διά
1273 2203 1529 2269 νηστείας
1564 2203 1755 2271 ἀγάπη

173 2295 528 2362 περιγίνεται
589 2296 743 2362 ἡμῖν,
800 2294 861 2345 οὐ
912 2293 1072 2362 μόνον
1117 2293 1174 2361 ἠ,
1222 2292 1296 2355 ὠς
1341 2294 1406 2345 άν
1452 2311 1535 2355 τις
1586 2293 1755 2355 εἴποι,

172 2387 502 2453 ἑγκάθετος,
551 2387 686 2438 ἀλλὰ
748 2387 840 2437 καὶ
891 2386 923 2454 ἠ
964 2382 1328 2452 μεταϐατικὴ,
1367 2383 1398 2452 ἢ
1437 2384 1529 2435 καὶ
1581 2382 1758 2448 ἄλλως

173 2479 408 2546 φράσαι,
477 2479 507 2545 ἠ
571 2477 883 2546 αὖτοπαθὴς
937 2477 1030 2528 καὶ
1079 2478 1110 2541 ἠ
1153 2476 1489 2543 ἀλλοπαθὴς.
1526 2474 1681 2541 Λέγω
1704 2475 1757 2526 δὲ

171 2571 478 2635 ἑγκάθετον
513 2570 615 2636 μὲν
659 2569 753 2620 καὶ
785 2567 1068 2634 αὐτοπαθῆ
1101 2570 1323 2635 ἀγάπην
1355 2567 1457 2636 τὴν
1486 2568 1754 2635 ἐμπεριω⁴

179 2663 453 2730 ρισμένην
516 2661 594 2727 τῷ
655 2663 923 2728 νηστευτῇ
987 2658 1134 2726 αὐτῷ
1190 2660 1386 2728 ἐκείνῳ
1439 2658 1530 2710 καὶ
1588 2659 1750 2727 μόνῳ.

178 2754 440 2814 Τοιοῦτος
487 2753 541 2806 δὲ
597 2756 624 2804 ό
678 2752 996 2818 καταμόνας
1036 2751 1123 2804 ἐπ’
1177 2753 1353 2803 ὲὶπίδι
1413 2755 1475 2820 τῇ
1530 2753 1589 2804 ἐν
1635 2750 1757 2820 Θεῷ

174 2845 481 2908 κατοικῶν,
522 2845 619 2895 καὶ
652 2845 710 2895 ὲν
741 2845 950 2912 ἐρημίᾳ
980 2844 1201 2911 διάγων,
1234 2845 1292 2896 ὲν
1400 2846 1558 2912 μόνος
1597 2844 1758 2898 αὑτὸν

176 2942 203 2992 ό
237 2940 444 3006 Κύριος
469 2937 882 2991 ἐπισκέπτεται,
930 2938 988 2988 '0
1025 2937 1266 2995 τοιοῦτος
1304 2937 1413 3006 γάρ
1440 2936 1622 3005 ἑαυτῷ
1657 2955 1758 3006 μοι

177 3030 350 3098 ναχοῦ
407 3027 793 3096 ἑγκαθημένην
836 3027 950 3097 ἔχει
996 3029 1097 3098 τὴν
1155 3029 1400 3098 ἀγάπην,
1452 3031 1544 3081 καὶ
1598 3032 1758 3096 αὐτὸς

182 3126 346 3190 μόνος
383 3124 580 3186 πάσχει
624 3121 684 3171 τὸ
715 3120 1048 3171 τελειοποιὸν
1088 3120 1246 3171 τοῦτο
1283 3121 1479 3183 πάθος,
1510 3121 1609 3173 οὐκ
1639 3123 1761 3184 ἑξα-

1856 620 2015 673 nibus
2044 619 2282 682 efficere,
2311 621 2437 674 licet
2465 621 2556 690 qui
2599 629 2726 675 sunt
2761 622 2812 674 in
2848 621 3004 675 nobis
3030 623 3117 674 vix
3151 621 3204 675 in
3234 622 3446 690 passio-

1857 713 2015 766 nibus
2058 712 2457 766 moderantiam
2519 714 2982 782 consequantur?
3012 712 3255 783 Namque
3306 715 3453 784 jeju-

1859 808 2006 859 nium
2048 809 2234 877 aliquo
2263 810 2422 861 modo
2449 807 2690 862 similare
2730 807 2856 862 facit
2890 809 3125 880 angelis.
3180 821 3447 879 quantum

1858 912 1956 965 per
1982 899 2148 952 vitam
2187 901 2492 966 angelicam
2526 900 2593 953 ad
2651 915 2835 954 veram
2883 902 3081 957 utentis
3126 903 3448 956 tenuitatem

1857 987 2118 1042 conducit
2142 991 2492 1059 ieiunantem,
2520 990 2650 1046 licet
2670 992 2756 1045 ille
2779 993 3100 1062 plerumque
3129 1010 3222 1063 per
3239 994 3450 1050 declive

1858 1094 1920 1132 ac
1942 1089 2198 1135 terrestre
2221 1087 2487 1152 corporis,
2515 1085 2607 1138 tali
2626 1084 2821 1153 jejunii
2844 1090 3122 1156 proposito
3145 1091 3449 1143 naturalem

1859 1172 2058 1225 habeat
2095 1176 2561 1229 contrarietatem.
2596 1175 2883 1244 Proprium
2921 1188 3003 1231 est
3037 1193 3167 1248 ergo
3189 1181 3448 1248 paradiso

1859 1268 2112 1339 coaloque
2139 1270 2433 1338 jejunium,
2469 1280 2524 1324 et
2560 1271 2663 1324 ista
2695 1271 2804 1326 duo
2830 1272 2946 1327 loca
2972 1286 3098 1327 sunt
3153 1274 3254 1343 ipsi
3286 1276 3446 1344 patrii

1862 1373 2074 1432 portus,
2111 1365 2376 1418 amabiles
2406 1365 2536 1432 Deo,
2564 1366 2866 1421 animarum
2905 1369 3151 1438 requies,
3175 1369 3444 1424 inaccessi

1862 1456 2242 1519 dwmonibus;
2287 1457 2517 1525 ideoque
2548 1458 2765 1514 duobus
2797 1460 2904 1515 illis
2928 1461 3200 1529 jejunium
3245 1463 3451 1516 consti-

1865 1558 2016 1604 tuere
2051 1550 2166 1604 vult
2192 1565 2286 1604 eos
2314 1551 2407 1617 qui
2443 1551 2690 1618 pulchre,
2720 1553 2987 1620 iuxtaque
3049 1560 3258 1606 rectum
3325 1565 3446 1606 sco-

1865 1662 2014 1714 pum,
2051 1647 2144 1712 qui
2181 1645 2293 1699 sola
2325 1645 2464 1699 bene
2512 1645 2771 1712 dirigitur
2824 1646 3112 1712 cliaritate,
3184 1647 3303 1717 ipso
3359 1645 3450 1699 lte-

1866 1749 2074 1792 lantur.

1937 1831 2024 1883 40.
2077 1829 2183 1882 Nec
2205 1827 2349 1881 enim
2379 1827 2669 1894 pulchrum
2719 1828 2913 1895 ieiunii
2973 1831 3253 1886 metallum
3312 1850 3438 1888 cum

1861 1923 2142 1978 cliaritatis
2177 1921 2360 1975 aureis
2395 1935 2504 1974 non
2561 1921 2954 1976 commiscetur
3012 1925 3286 1989 inventis;
3349 1927 3448 1981 sed

1861 2027 1914 2070 et
1977 2014 2118 2068 istud
2183 2015 2384 2065 bonum
2451 2012 2792 2080 ipsi,lsicut
2866 2022 2919 2067 et
2984 2015 3162 2084 ipsum
3235 2033 3443 2086 praece-

1861 2104 2525 2168 dentibus,admiscetur.
2575 2103 2792 2160 Scimus
2837 2122 3050 2174 omnes,
3106 2109 3448 2177 qnibnscun-

1861 2214 1965 2269 que
1994 2199 2155 2251 datur
2180 2197 2342 2259 scire,
2373 2197 2698 2251 charitatem
2726 2198 2777 2250 in
2817 2199 2977 2253 nobis
3007 2200 3266 2269 ajeiunio
3285 2219 3450 2270 gene-

1861 2291 1993 2355 rari,
2031 2306 2137 2344 non
2170 2290 2344 2343 solum
2387 2304 2529 2352 eam,
2564 2304 2704 2358 quae,
2742 2302 2800 2344 ut
2830 2293 2902 2344 ita
2936 2292 3138 2354 dicam,
3171 2293 3449 2349 inlimrens

1860 2396 1944 2440 est
1987 2384 2120 2450 ;sed
2165 2392 2219 2437 et
2247 2382 2760 2450 transgredientem,
2792 2385 2896 2448 vel,
2942 2391 3002 2438 ut
3050 2384 3207 2439 aliter
3261 2389 3451 2457 loqua-

1866 2493 2014 2540 mur,
2053 2491 2172 2531 eam
2198 2491 2319 2545 quae
2357 2476 2422 2527 ad
2455 2489 2511 2527 se
2540 2476 2714 2528 tendit
2743 2486 2795 2530 et
2845 2492 2963 2530 eam
3017 2493 3138 2546 qua:
3190 2480 3256 2532 ad
3311 2482 3448 2533 alios

1858 2569 2193 2623 extenditur.
2226 2566 2358 2620 Dico
2384 2577 2566 2620 autem
2601 2568 2926 2622 insidentem
2959 2583 3012 2624 et
3042 2571 3108 2623 ad
3133 2588 3190 2626 se
3217 2575 3448 2627 tenden-

1860 2669 1968 2715 tem
2029 2662 2348 2715 charitatem
2385 2675 2505 2728 qua!
2525 2660 2966 2728 adjejnnantent,
2995 2677 3230 2732 eumque
3248 2665 3447 2731 solum,

1861 2752 2360 2807 circumscribitur.
2387 2752 2537 2805 Talis
2573 2761 2655 2805 est
2684 2754 2773 2807 ille
2814 2755 2906 2823 qui
2966 2771 3212 2810 seorsum
3247 2758 3300 2811 in
3354 2774 3452 2826 spe

1864 2842 1974 2897 Deo
2007 2845 2309 2897 inhaerente
2343 2844 2729 2907 constituitur,
2761 2858 2812 2900 et
2846 2848 2897 2899 in
2922 2863 3105 2901 eremo
3126 2850 3292 2901 vitam
3319 2853 3447 2921 agit.

1865 2937 1951 2990 ubi
1983 2938 2132 2989 solus
2163 2952 2286 2987 eum
2313 2934 2578 2988 Dominus
2610 2937 2945 2992 considerat.
2987 2937 3084 2991 llic
3133 2939 3280 2991 enim
3311 2939 3448 2992 soli-

1861 3028 2337 3080 tariecharitatem
2394 3027 2552 3078 habet
2582 3027 2632 3078 in
2705 3042 2763 3080 se
2822 3028 3174 3091 insidentem,
3226 3037 3280 3082 et
3333 3031 3451 3096 ipse

1864 3119 2016 3171 solus
2051 3118 2195 3170 illam
2233 3118 2601 3182 perlicicnletn
2655 3118 2818 3170 sentit
2878 3116 3218 3171 affectionem
3284 3119 3447 3186 ltujn’s

182 3217 338 3267 π).ὦν
364 3215 465 3274 τάς
506 3217 601 3281 τῆς
624 3213 822 3282 ἀρετῆς
852 3213 1077 3272 ἀκτῖνας
1105 3215 1183 3273 είς
1209 3211 1414 3279 λάμψιν
1436 3213 1531 3264 καὶ
1556 3213 1755 3277 ἄλλοις,

1865 3211 2083 3263 virtutis
2117 3209 2298 3262 radios
2330 3208 2394 3261 ad
2446 3208 2737 3262 lucendnm
2787 3211 2909 3261 aliis
2954 3226 3062 3264 non
3111 3213 3443 3279 expandcns,

180 3309 258 3369 ὡς
299 3305 419 3357 οὐδὲ
455 3309 482 3356 ὁ
510 3306 678 3372 ἣλιος,
722 3304 778 3354 ὲν
807 3304 918 3370 ὅσῳ
948 3303 1254 3370 κρύπτεται
1285 3303 1388 3354 ὑπὸ
1423 3304 1547 3372 γῆν.

259 3402 372 3464 μα’.
403 3397 509 3447 Καὶ
551 3393 773 3462 τοιαύτη
819 3393 919 3461 μὲν
947 3396 978 3462 ἡ
1007 3393 1307 3461 ὲγκάθετος
1332 3395 1424 3444 καὶ
1446 3394 1762 3465 αὑτοπαθὴς

182 3485 401 3549 ἀγάπη,
439 3483 512 3542 ὡς
559 3480 716 3548 τύπῳ
761 3483 1064 3547 φάναι“καὶ
1105 3481 1460 3550 παχυλῶςοή
1494 3482 1551 3534 δὲ
1589 3499 1756 3551 μετα-

181 3575 388 3640 εατικὴ
412 3573 506 3624 καὶ
534 3572 845 3638 ἀλλοπαθὴς
870 3573 929 3623 οὐ
959 3575 1296 3641 περιγράφει
1324 3572 1384 3624 τὸ
1403 3574 1572 3642 αὐτῆς
1595 3575 1760 3626 καλὸν

181 3669 264 3728 εἷς
293 3682 416 3717 τινα
445 3665 561 3726 ἕνα,
603 3663 869 3715 πλατύνει
896 3664 950 3715 δὲ
983 3665 1428 3734 αὺτομερίξουσα
1456 3667 1537 3728 είς
1559 3667 1757 3732 κοινὸν,

179 3757 304 3809 καθ’
347 3757 471 3806 ὅσον
535 3751 643 3806 οἷόν
694 3754 752 3806 τὲ
811 3755 980 3806 ἐστιν.
1044 3753 1102 3806 '0
1159 3755 1293 3823 γοῦν
1355 3757 1430 3826 μὴ
1480 3755 1761 3810 λανθάνων

181 3845 510 3915 ἀνθρώπους
560 3845 879 3913 νηστευτὴς,
918 3845 1054 3914 μηδὲ
1099 3847 1439 3916 προθέμενος
1471 3849 1758 3916 ἀναχωρη-

179 3939 354 3999 τικῶς
385 3937 554 4006 βιοῦν,
607 3938 697 3987 καὶ
734 3935 879 3988 οὕτω
937 3939 1009 4005 μὴ
1043 3937 1206 4004 μόνον
1240 3938 1586 4009 ἀνθρώπους,
1618 3941 1756 4004 ἀλλ’,

181 4031 233 4079 εί
261 4027 509 4089 ιυνατὸν,
542 4025 638 4076 καὶ¹
669 4025 830 4077 αὑτὸν
855 4026 1008 4094 ἥλιον
1039 4028 1517 4097 ἀποκρύπτεσθαι,
1546 4032 1759 4097 φαίνειν

180 4121 238 4172 δὲ
275 4122 370 4170 καὶ
406 4117 598 4168 ἑαυτὴν
635 4118 725 4167 καὶ
756 4117 815 4168 τὸ
852 4120 972 4168 κατ’
1000 4118 1164 4171 αὑτὸν
1194 4120 1309 4186 φῶς
1338 4123 1394 4172 ὲν
1424 4124 1488 4191 τῇ
1515 4123 1608 4174 τοῦ
1641 4122 1757 4191 βίου

181 4210 400 4276 σκοτία,
427 4208 521 4259 καὶ
545 4207 686 4258 οὕτω
715 4207 1076 4271 περίὸλεπτος
1105 4204 1268 4275 εἶναι,
1300 4213 1382 4273 είς
1406 4213 1466 4263 τὸ
1488 4213 1760 4282 θειότερον

175 4305 277 4371 τῆς
329 4302 551 4368 ἀγάπης
575 4299 861 4364 ἀπονεύει,
894 4301 990 4352 καὶ
1017 4303 1097 4364 εἰς
1122 4302 1286 4354 πλέον
1311 4303 1654 4372 ἐξομοιοῦται
1682 4306 1760 4373 τῷ

174 4395 318 4461 Θεῷ.
351 4392 463 4444 Καὶ
480 4392 587 4461 γάρ
606 4408 687 4443 τοι
720 4392 816 4444 καὶ
845 4393 873 4444 ό
902 4391 1032 4454 Θεὸς
1056 4393 1155 4444 οὐκ
1184 4394 1437 4463 ἀρκείται
1460 4396 1761 4462 στρογγυλ-

174 4487 404 4554 λόμενος
438 4486 516 4544 εἰς
553 4484 750 4535 ἑαυτὸν
782 4484 876 4535 καὶ
906 4485 1155 4550 σφίγγων
1183 4486 1282 4536 καὶ
1315 4486 1669 4555 στενοχωρῶν
1697 4487 1758 4538 τὸ

1868 3303 2027 3356 sicuti
2058 3317 2153 3356 nec
2187 3302 2288 3366 sol,
2329 3313 2593 3368 quantum
2625 3302 2724 3355 sub
2747 3311 2892 3354 terra
2933 3305 3266 3372 contegitur.

1937 3394 2021 3446 Η.
2060 3392 2205 3446 Talis
2241 3403 2324 3445 est
2377 3394 2594 3460 quidem
2653 3394 2920 3456 Charitas,
2963 3404 3018 3446 ut
3053 3396 3234 3464 typice
3275 3395 3450 3448 brevi-

1865 3497 2052 3554 terque
2090 3486 2305 3553 loquar,
2354 3485 2598 3538 insidens
2631 3496 2684 3540 ct
2718 3485 2825 3540 sibi
2876 3488 3141 3543 sentiens.
3180 3489 3274 3540 ιιι.
3314 3504 3445 3541 vero

1862 3577 2276 3647 transgrediens
2305 3587 2358 3630 ct
2388 3578 2455 3629 ad
2489 3577 2627 3632 alios
2683 3578 2954 3646 aspirans,
2983 3580 3065 3632 sui
3109 3581 3304 3632 bonum
3341 3597 3446 3632 non

1862 3667 2266 3723 circumscribit
2289 3667 2356 3721 ad
2388 3683 2555 3720 unum
2584 3671 2895 3736 quemdam,
2920 3669 3013 3722 sed
3044 3671 3108 3722 ad
3133 3685 3444 3735 commune,

1863 3763 2230 3831 quodcunque
2256 3761 2326 3815 sit
2361 3763 2834 3830 etqualecunque,
2859 3764 3212 3817 diSIribuIiva
3244 3779 3449 3833 expan-

1863 3853 1963 3909 dit.
2030 3854 2130 3907 Hic
2154 3868 2284 3922 ergo
2309 3854 2530 3922 quinon
2563 3854 2818 3909 homines
2853 3856 2985 3910 latet
3009 3856 3290 3924 ieiunans,
3342 3872 3442 3908 nec

1863 3945 1965 3998 sibi
1992 3944 2274 4014 proposuit
2312 3948 2698 3999 anachoretice
2737 3949 2938 4009 vivere,
2972 3958 3023 4001 et
3058 3952 3150 4013 ita,
3185 3965 3290 4002 non
3322 3957 3445 4002 tan-

1864 4045 1978 4087 tum
2011 4035 2342 4096 hominibus,
2382 4037 2476 4088 sed
2501 4039 2688 4099 etiam,
2737 4038 2779 4089 si
2847 4040 3102 4104 possibile
3155 4039 3316 4104 foret,
3394 4051 3446 4093 t-t

1861 4127 1964 4196 ipsi
1993 4126 2095 4179 soli
2129 4126 2485 4180 absconditus
2521 4143 2665 4190 esse,
2713 4130 3065 4185 manifestare
3091 4147 3220 4185 vero
3248 4149 3444 4201 prepo-

1862 4217 1971 4271 suit
2007 4227 2119 4270 tum
2154 4218 2534 4284 semetipsum,
2578 4227 2692 4268 tum
2743 4219 2887 4285 quod
2929 4221 2980 4271 in
3014 4237 3074 4274 se
3097 4231 3180 4274 est
3243 4224 3444 4284 lutm-n,

1862 4309 1916 4361 in
1947 4309 2067 4361 vita:
2091 4307 2354 4366 tenebris,
2382 4318 2434 4358 ct
2469 4308 2544 4359 ita
2567 4311 2906 4375 conspicuus
2930 4327 3070 4377 esse,
3099 4315 3164 4366 ad
3199 4314 3275 4374 id,
3300 4317 3446 4375 Quod

1861 4399 2081 4452 virtutis
2112 4409 2197 4453 est
2227 4400 2495 4462 divinius,
2528 4409 2581 4453 et
2611 4403 2754 4467 quod
2814 4402 2925 4455 Deo
2991 4406 3165 4473 magis
3223 4408 3444 4474 propin-

1861 4499 2017 4559 quat,
2050 4491 2244 4543 tendit.
2279 4489 2493 4544 Etenim
2529 4491 2670 4546 Deus
2723 4510 2832 4547 non
2864 4506 3157 4549 contentus
3181 4508 3269 4550 est
3320 4515 3443 4567 pro-

173 4576 511 4643 αὑτάγαθον,
571 4577 684 4627 ἀλλ’
737 4578 968 4642 ἑξαπλοί
1026 4577 1391 4628 ὲπ-εκτείνων·
1449 4581 1544 4630 καὶ
1611 4577 1755 4633 οὕτω

1866 4584 2044 4651 prium
2083 4584 2306 4646 bonum,
2339 4585 2712 4652 comprimens
2739 4597 2790 4640 et
2819 4599 3128 4650 coarctans,
3159 4592 3212 4643 in
3240 4604 3441 4648 semet-

174 4670 448 4738 πληθύνει
485 4671 551 4718 τὰ
587 4667 1025 4736 εὐεργετούμενα
1058 4668 1138 4729 ὼς
1171 4667 1432 4720 ἑκάστοτε
1455 4687 1472 4699 ο
1507 4671 1587 4722 ὅτι
1618 4672 1753 4741 μηδὲ

175 4765 478 4822 επαύσατο,
527 4755 614 4813 οἷα
659 4761 914 4826 καθάπαξ
955 4762 1280 4830 ἐνεργήσας,
1321 4762 1466 4813 ⁴ἀλλὰ
1514 4762 1607 4814 καὶ
1649 4765 1752 4826 ἕως

171 4860 300 4924 ᾰρτι
349 4856 663 4922 ἐργάζεται.

247 5032 359 5101 μϐ.
408 5033 711 5102 Καὶ,οὖτω
762 5035 860 5102 μὲν
910 5036 944 5103 ἡ
991 5036 1224 5103 νηστεία
1273 5039 1464 5106 κρᾶμα
1519 5038 1752 5107 χρύσεον

173 5127 408 5178 ἀλλοίων
437 5125 499 5176 τέ
543 5127 694 5176 ἐστιν
734 5125 943 5194 ἀρετῶν
977 5130 1068 5178 καὶ
1107 5128 1331 5197 ἀγάπης
1366 5129 1557 5198 αὐτῆς,
1586 5130 1655 5182 δι’
1685 5127 1752 5200 ἦς

174 5221 270 5268 καὶ
309 5217 372 5268 τὺ
401 5216 608 5274 ἀπαθὲς
642 5219 742 5286 μὲν
771 5219 879 5272 τῶν
908 5236 1016 5271 τισι
1049 5221 1363 5288 νηστευτῶν
1385 5223 1750 5290 περιγίνεται,

171 5311 254 5370 είς
294 5308 458 5360 πλέον
485 5310 539 5360 δέ
571 5325 632 5374 γε
669 5310 726 5361 τὸ
757 5312 1148 5379 μετριοπαθές.
1186 5314 1295 5366 Καὶ
1314 5313 1427 5366 ἐστι
1463 5317 1752 5386 μακαριώ-

172 5420 340 5456 τατον
379 5403 478 5470 μὲν
507 5403 681 5454 ὲκείνο
717 5405 1181 5473 κατορθούμενον,
1215 5407 1304 5459 ὅτε
1339 5424 1424 5470 τις
1457 5408 1658 5479 δηλαδὴ
1695 5414 1752 5473 ἐς

171 5493 427 5544 τοσοῦτον
454 5495 698 5563 ἀνδρεῖος
718 5495 945 5564 γένηται
972 5496 1112 5549 κατά
1138 5498 1332 5551 παθῶν
1349 5501 1444 5550 καὶ
1462 5500 1750 5569 ἀπρόσμα-

168 5604 288 5655 χος,
326 5587 400 5647 ὼς
441 5587 576 5654 μηδὲ
616 5587 821 5657 τολμᾷν
844 5590 1360 5660 ὲμπαθῆλογισμὺν
1387 5594 1749 5660 προσὸάλλειν

169 5679 346 5748 αὐτῷ,
387 5679 525 5748 μηδὲ
584 5683 975 5750 κατορχεὶσθαι
1011 5683 1158 5751 αὐτῷ
1210 5685 1302 5737 τὸν
1347 5685 1746 5739 ἐπιστατοῦντα

167 5776 284 5834 τοῖς
329 5771 597 5834 τοιούτοις
645 5773 897 5843 δαίμονα.
937 5777 1218 5831 Διάκειται
1273 5779 1381 5848 γὰρ
1425 5781 1454 5830 ό
1503 5780 1748 5842 τοιοῦτος

169 5863 459 5930 ἀνθρωτος
498 5864 632 5932 πρὸς
665 5865 730 5918 τὰ
767 5865 935 5936 πάθη,
972 5867 1049 5930 ὠς
1077 5872 1126 5921 εί
1165 5871 1259 5924 καὶ
1290 5872 1497 5940 ἠγνόει,
1531 5872 1584 5925 τί
1614 5875 1743 5925 ποτέ

1863 4676 2038 4744 ipsum
2063 4676 2410 4743 conglobare,
2445 4678 2535 4730 sed
2556 4681 2871 4744 expandens
2889 4685 3086 4734 evolvit
3107 4684 3259 4748 illud;
3290 4696 3342 4737 et
3365 4687 3444 4739 sic

1859 4769 2017 4837 quasi
2078 4778 2338 4836 perpetuo
2402 4767 2684 4822 benefacta
2716 4774 3085 4841 multiplicat:
3119 4790 3242 4828 nam
3301 4777 3442 4829 hau-l

1861 4861 2066 4931 quievit
2099 4861 2224 4928 quia
2262 4862 2428 4915 semel
2461 4872 2721 4930 operatus
2757 4872 2865 4927 est,
2899 4863 2995 4917 sed
3062 4879 3238 4933 usque
3295 4879 3445 4919 nunc

1860 4957 2022 5007 etiam
2054 4962 2332 5022 operatur.

1929 5046 2020 5100 ιε.
2053 5047 2116 5098 Et
2143 5048 2211 5098 ita
2245 5045 2464 5113 quidem
2511 5044 2782 5112 jejunium
2849 5062 3013 5100 aurea
3057 5051 3203 5103 scala
3256 5061 3340 5104 est
3389 5069 3441 5106 et

1857 5146 2180 5190 camerarum
2215 5140 2478 5190 virtutum
2512 5148 2565 5190 et
2596 5138 2770 5205 ipsius
2805 5141 3088 5193 citaritatis
3125 5181 3137 5203 ,
3172 5158 3282 5210 qua
3314 5147 3440 5212 qui-

1855 5229 1980 5282 dem
2012 5226 2378 5297 ieiunantium
2410 5227 2683 5295 aliquibus
2712 5231 2926 5296 apathia
2954 5243 3284 5298 generatur,
3342 5251 3442 5289 sae—

1857 5326 1981 5389 pius
2017 5330 2194 5372 autem
2230 5320 2542 5388 passionum
2585 5321 2908 5374 moderatio.
2950 5321 3014 5375 Et
3080 5333 3164 5376 est
3211 5326 3438 5392 quidem

1860 5413 1948 5466 ille
1980 5411 2330 5466 felicissimus
2361 5427 2678 5476 successus,
2705 5415 2922 5480 quando
2974 5417 3098 5483 quis
3131 5417 3269 5469 adeo
3299 5433 3439 5471 con-

1859 5513 1938 5556 tra
1976 5505 2264 5572 passiones
2319 5504 2389 5557 sit
2423 5515 2476 5558 et
2506 5504 2762 5568 invictus,
2799 5515 2856 5557 ut
2888 5520 2994 5558 non
3056 5508 3254 5560 audeat
3283 5509 3434 5561 illum

1857 5599 2126 5651 lacessere
2159 5601 2375 5650 turbata
2420 5599 2560 5649 ratio
2583 5597 2744 5652 fortis
2776 5613 2872 5652 nec
2914 5599 2988 5651 illi
3053 5599 3318 5656 insultare
3343 5604 3435 5670 qni

1853 5690 2056 5742 talibus
2088 5698 2304 5759 praeest,
2341 5689 2615 5742 diabolus.
2647 5689 2727 5743 Ad
2788 5691 3072 5758 passiones
3125 5694 3267 5745 enim
3313 5697 3437 5746 talis

1854 5784 2019 5834 homo
2050 5798 2108 5835 se
2136 5781 2318 5844 habet,
2377 5783 2537 5850 quasi
2604 5798 2708 5834 non
2768 5792 3120 5849 cognosceret
3167 5784 3299 5852 quid
3363 5791 3434 5840 sit

1857 5874 2080 5939 malum,
2105 5883 2161 5928 et
2184 5873 2338 5941 quasi
2366 5888 2475 5928 non
2517 5883 2664 5928 esset
2710 5873 2876 5928 homo
2902 5874 3197 5944 subiacens
3230 5879 3433 5945 passio-
