4210 6438
765 393 873 459 615

1513 383 1941 450 EUSTATHII
1973 381 2422 444 THESSALON
2437 380 2742 442 [CENSIS
2783 380 3365 443 METROPCLIT/E

3942 380 4052 445 616

770 504 952 557 uibus.
996 500 1151 555 Etita
1182 497 1404 570 quidem
1439 496 1533 554 ille
1584 513 1775 553 revera
1831 495 2185 551 felicissimus
2235 504 2355 550 est:

2465 495 2581 545 ἐστι
2608 491 2667 545 τὸ
2687 494 2880 560 κακὸν,
2916 494 3013 547 καὶ
3048 494 3125 557 ὡς
3154 496 3205 548 εἰ
3231 493 3368 564 μηδὲ
3395 492 3682 564 ἄνθρωπός
3713 493 3886 559 ἐστιν,
3920 496 4057 549 ὐπο-

769 596 900 650 felix
930 605 1107 649 autem
1134 593 1300 647 etiam
1324 602 1408 647 est
1431 591 1724 663 posterior,
1749 591 1841 661 qui
1869 590 2107 644 lui-tatur
2134 587 2356 656 quidem

769 701 825 743 et
852 690 1115 759 agitatur,
1181 688 1276 743 sed
1334 702 1445 741 non
1505 686 1800 755 dejicitur;
1863 694 2070 752 pugnat
2130 682 2354 752 quidem

768 783 1035 836 adversus
1072 780 1267 834 anima:
1295 778 1595 843 turbinem,
1632 778 1725 830 sed
1795 784 2043 845 superest
2075 781 2132 827 et
2170 784 2356 830 stran-

768 875 923 944 gulat
954 874 1119 927 selnti
1148 874 1381 929 Samson
1411 872 1644 935 leonem,
1677 878 1732 924 et
1782 869 1939 938 quasi
1995 882 2162 937 super
2210 866 2357 935 aspi-

768 967 895 1021 dem
917 975 969 1020 ct
1000 965 1320 1020 basiliscum
1352 962 1620 1025 ambulat.
1648 972 1835 1017 etnon
1883 960 2146 1015 mentitur
2177 959 2356 1013 homi-

767 1074 893 1114 nem
923 1073 1045 1112 vere
1071 1058 1289 1120 fortem,
1315 1056 1453 1126 ipse,
1478 1057 1633 1126 juxta
1653 1053 2030 1123 proverbium,
2057 1052 2357 1116 violentus,

767 1153 988 1222 rapiens
1044 1152 1325 1214 virtutem,
1376 1147 1691 1219 pancratice
1750 1144 1974 1215 quidem
2043 1143 2355 1207 debellans,

768 1245 947 1298 vietus
966 1251 1149 1296 autem
1178 1257 1460 1312 nunquam
1482 1240 1764 1296 decidens.
1799 1240 1953 1295 Prior
1980 1239 2203 1309 quidem
2227 1251 2359 1292 vere

768 1351 861 1389 rex
896 1338 1167 1389 adversus
1196 1334 1480 1403 passiones
1503 1339 1616 1391 est.
1651 1332 1922 1401 posterior
1954 1337 2141 1384 autem
2164 1327 2357 1384 subre-

768 1430 951 1497 gulus.
1002 1428 1125 1481 Ideo
1180 1435 1234 1480 et
1287 1427 1380 1481 ille
1433 1427 1704 1481 rationem
1742 1440 1851 1479 non
1911 1424 2077 1479 habet
2122 1424 2358 1479 redden-

768 1523 892 1576 dam
930 1540 945 1576 :
976 1522 1045 1575 de
1072 1536 1184 1590 quo
1219 1522 1363 1575 enim
1391 1520 1462 1574 ab
1513 1521 1605 1573 illo
1631 1518 1774 1572 ratio
1800 1518 2197 1588 requireretur,
2260 1505 2355 1585 qui

769 1618 905 1671 nihil
934 1617 1047 1671 Deo
1081 1616 1381 1685 displicens
1411 1612 1567 1682 agit?
1593 1611 1690 1667 Hic
1747 1622 1933 1667 autem
1967 1610 2191 1665 haberet
2219 1610 2359 1666 forte

769 1712 1031 1772 rationes,
1064 1718 1122 1763 ut
1149 1708 1382 1772 videtur,
1410 1707 1507 1760 tali
1540 1706 1653 1776 regi
1684 1705 2023 1770 reddendas,
2056 1703 2215 1774 quasi
2248 1718 2356 1757 non

767 1804 878 1862 cito
918 1804 1121 1871 potitus
1148 1803 1412 1863 victoriae,
1439 1802 1526 1855 vel
1558 1800 1731 1868 legem
1780 1797 2055 1852 athletice
2084 1805 2359 1865 transgre-

766 1897 947 1961 diens,
973 1894 1196 1965 quando
1253 1894 1535 1963 nonjnxta
1596 1890 1991 1946 discretionem
2052 1896 2359 1958 Operatur:

766 1991 927 2057 cujus
958 1987 1312 2043 discretionis
1334 1985 1472 2040 fines
1499 1983 1753 2053 suntqui
1817 1998 1926 2037 non
1984 1990 2138 2037 recte
2187 1981 2359 2035 attin-

767 2090 924 2147 gunt,
947 2094 1072 2133 cum
1090 2077 1404 2146 jejunantes
1436 2090 1466 2130 a
1497 2075 1802 2130 canonibus
1830 2073 2169 2144 diriguntur.
2194 2071 2363 2127 Perfi-

767 2173 845 2225 cit
876 2182 1060 2224 autem
1093 2170 1224 2223 etin
1253 2170 1387 2238 ipsis
1441 2168 1608 2222 talem
1669 2166 2061 2221 discretionem
2112 2164 2358 2220 charitas

766 2280 896 2334 erga
933 2262 1153 2319 fratres.
1187 2262 1302 2317 llac
1342 2263 1487 2316 enim
1541 2259 1904 2330 semetipsum
1955 2257 2216 2326 regularis
2262 2266 2354 2328 qui

770 2356 1201 2411 moderationem
1230 2369 1358 2424 erga
1387 2368 1447 2407 se
1485 2360 1542 2407 et
1563 2352 1985 2407 circumstantes
2021 2364 2083 2405 se
2113 2349 2355 2413 adhibet,

768 2449 1012 2503 invictus
1050 2446 1365 2517 egredietur
1384 2446 1610 2510 athleta,
1640 2444 1839 2514 partim
1872 2443 2095 2514 quidem
2158 2442 2355 2512 paulu-

770 2540 881 2594 lum
905 2539 1129 2602 cedens,
1158 2540 1358 2609 partim
1390 2554 1520 2593 vero
1565 2539 1672 2592 vim
1705 2536 2012 2603 adhibens;
2044 2545 2098 2591 et
2133 2538 2213 2593 sic
2240 2541 2358 2608 ipse

769 2646 990 2701 qucque
1020 2629 1224 2684 bonum
1247 2630 1463 2699 rapiens
1484 2645 1499 2694 ;
1520 2629 1591 2682 ita
1620 2637 1676 2683 ut
1696 2631 1790 2699 qui
1821 2630 1941 2682 sine
1964 2629 2223 2697 passione
2247 2641 2353 2694 est,

768 2724 1006 2791 ignoret,
1032 2722 1400 2792 simplicitatis
1427 2735 1616 2786 causa,
1650 2720 1783 2791 quid
1808 2729 2088 2791 peccatum
2118 2729 2212 2774 aut
2235 2736 2358 2790 pec-

769 2831 899 2869 care
923 2815 1149 2885 sit;qui
1202 2830 1335 2869 vero
1392 2814 1825 2869 moderationem
1884 2814 1938 2867 in
2000 2814 2355 2883 passionibus

769 2907 958 2975 habet,
994 2907 1468 2979 scienterquidem
1497 2922 1562 2960 ex
1610 2905 1796 2976 regula
1844 2905 1994 2969 boni,
2066 2904 2197 2975 quid
2246 2920 2353 2959 non

770 3002 846 3055 sit
888 3000 1089 3054 bonum
1132 3002 1298 3055 etiam
1342 3008 1660 3070 cognoscat,
1700 2997 1795 3054 sed
1856 2997 1908 3051 vi
1942 3013 2165 3069 regnum
2189 2998 2355 3052 caelo-

773 3108 892 3145 rum
923 3091 1124 3159 rapiat.

2460 584 2711 655 κείμενος
2767 587 2987 642 πάθεσι.
3052 590 3163 642 Καὶ
3223 587 3368 641 οὕτω
3429 591 3530 655 μὲν
3584 588 3748 652 αὐτὸς
3803 588 3882 658 τῷ
3934 590 4054 642 δντι

2461 678 2912 749 μακαριώτατοςο
2972 680 3244 751 μακάριος
3294 679 3349 734 δὲ
3408 682 3503 734 καὶ
3560 683 3588 734 ό
3642 682 3923 752 δεύτερος,
3986 680 4050 743 ὃς

2459 768 2680 823 παλαίει
2717 770 2819 841 μὲν
2848 771 2946 826 καὶ
2978 773 3319 846 στροϐεῑται,
3357 774 3420 828 οὐ
3462 773 3903 845 καταρῤίπτεται
3943 773 4041 827 δέ·

2459 865 2554 917 καὶ
2600 869 2884 936 πυγμαχεῖ
2936 868 3036 938 μὲν
3065 867 3210 922 κατά
3248 868 3344 921 τοῦ
3383 868 3670 939 ὲμπαθοῦς
3704 868 3806 937 τῆς
3838 868 4051 938 ψυχῆς,

2458 958 2808 1029 περιγίνεται
2834 960 2890 1013 δὲ
2919 964 3012 1014 καὶ
3025 961 3205 1032 ἄγχει,
3234 962 3309 1025 ὡς
3331 955 3420 1013 οἶα
3440 964 3535 1015 καὶ
3558 960 3797 1030 Σαμᾲὼν
3822 961 4044 1022 λέοντα,

2459 1054 2553 1104 καὶ
2586 1052 2663 1116 ὡς
2693 1054 2786 1107 ἐπὶ
2809 1054 3013 1108 ἀσπίδα
3045 1057 3140 1108 καὶ⁸
3173 1053 3488 1125 βασιλίσκον
3515 1056 3815 1122 ἐπιϐαίνει,
3852 1056 3953 1108 καὶ
3985 1057 4049 1108 οὐ

2458 1142 2717 1213 ψεύδεται
2749 1148 2841 1199 τὸν
2872 1147 3041 1210 ὅντως
3086 1146 3334 1216 ἀνδρεῖον
3376 1146 3691 1218 ἄνθρωπον,
3743 1147 3883 1219 πρὸς
3926 1146 4052 1216 βίαν

2460 1239 2607 1293 κατά
2651 1239 2745 1293 τὸν
2784 1242 3012 1296 είπὸντα
3046 1241 3328 1312 κτώμενος
3375 1243 3476 1313 τὴν
3507 1244 3733 1313 ἀρετὴν,
3774 1249 3871 1298 καὶ
3900 1262 4053 1312 παγ-

2460 1332 2777 1400 κρατιάζων
2810 1335 2910 1403 μὲν
2937 1335 3333 1399 ἀεθλευτικῶς,
3370 1336 3470 1388 οὐκ
3502 1337 3787 1390 ἐκπίπτων
3816 1338 3876 1391 δέ
3912 1355 4049 1391 ποτε

2459 1423 2732 1495 δεύτερος.
2774 1426 2884 1479 Καὶ
2910 1428 3061 1480 ἐστιν
3087 1431 3115 1482 ό
3149 1426 3250 1497 μὲν
3291 1428 3508 1497 πρῶτος
3542 1428 3798 1497 βασιλεὺς
3827 1428 3909 1498 τῷ
3931 1430 4052 1483 ὄντι

2463 1516 2608 1570 κατά
2623 1517 2733 1571 τῶν
2759 1517 2974 1583 παθῶν,
2998 1524 3026 1573 ό
3056 1521 3114 1575 δὲ
3140 1521 3390 1588 δεύτερος
3418 1520 3806 1586 ὐποὸασιλεύς.
3834 1523 3929 1575 Διὸ
3954 1524 4053 1575 καὶ

2462 1612 2671 1675 ἐκεῖνος
2721 1612 2821 1683 μὶν
2860 1614 3247 1683 ἀνεκλόγιστός
3288 1617 3460 1670 ἐστιν.
3505 1618 3632 1670 Ἐπὶ
3675 1615 3783 1669 τίνι
3820 1617 3935 1684 γὰρ
3987 1616 4053 1669 ἂν

2461 1705 2555 1756 καὶ
2608 1704 3094 1777 λογιστευθήσεται
3146 1711 3175 1763 ό
3235 1709 3407 1781 μηδέν
3447 1726 3501 1761 τι
3542 1709 3686 1779 δρῶν
3725 1710 4052 1778 ἀπαρέσκον

2462 1796 2618 1865 Θεῷ;
2661 1798 2723 1852 ’0
2745 1800 2804 1853 δὲ
2833 1801 3127 1872 ὑπόσχοιτο
3160 1803 3228 1858 ἄν
3256 1821 3390 1857 ποτε
3418 1803 3633 1872 λόγους,
3665 1804 3743 1867 ὡς
3770 1804 3948 1867 εἰκὸς.
3974 1804 4053 1874 τῷ

2463 1888 2692 1960 τοιούτῳ
2725 1890 2961 1960 βασιλεῖ,
2996 1895 3124 1967 ὡςῆ
3161 1895 3235 1965 μὴ
3264 1897 3404 1965 ταχὺ
3432 1895 3706 1966 κυριεύων
3739 1897 3842 1965 τῆς
3864 1897 4050 1967 νίκης.

2463 1980 2494 2051 ἢ
2532 1982 2628 2034 καὶ
2657 1982 3008 2052 ὑπερϐαίνων
3040 1986 3133 2037 τὸν
3166 1986 3266 2053 τῆς
3302 1984 3587 2055 ἀθλήσεως
3616 1985 3803 2055 νόμον,
3842 1985 3937 2037 ὅτε
3975 1986 4052 2055 μὴ

2462 2073 2607 2128 κατά
2644 2074 2922 2147 διάκρισιν
2952 2078 3208 2148 ἐνεργεῖ·
3252 2072 3319 2150 ἧς
3361 2077 3687 2147 διακρίσεως
3724 2078 3825 2130 οὐκ
3854 2080 4055 2130 εὐστο-

2461 2166 2685 2235 χοῦντες
2728 2169 2878 2221 ἔστιν
2919 2170 3011 2223 ὅτε
3058 2170 3109 2222 oi
3140 2172 3440 2239 νηστευταὶ
3481 2169 3621 2240 πρὸς
3656 2169 3768 2222 τῶν
3800 2169 4053 2224 κανόνων

2459 2259 2804 2317 εύθύνονται.
2845 2262 3132 2316 ’Δποτελεῖ
3154 2262 3211 2315 δὲ
3241 2264 3336 2316 καὶ
3368 2264 3428 2315 ὲν
3451 2263 3639 2325 αὐτοῖς
3663 2262 3764 2333 τὴν
3781 2261 4053 2330 τοιαύτην

2458 2351 2735 2424 διάκρισιν
2755 2356 2789 2422 ἡ
2825 2355 2961 2426 πρὸς
2990 2357 3116 2419 τοὺς
3147 2355 3414 2424 ἀδελφοὺς
3452 2355 3668 2426 ἀγάπη.
3699 2354 3894 2424 Ταύτῃ
3935 2353 4052 2423 γὰρ

2460 2447 2655 2500 ἑαυτὸν
2701 2446 3001 2511 κανονίζων
3039 2448 3070 2500 ὁ
3110 2448 3582 2519 ἐγκρατευόμενος
3622 2446 3720 2502 ἐπί
3761 2465 3823 2500 τε
3863 2445 4052 2515 ἑαυτῷ

2460 2541 2557 2594 καὶ
2593 2542 2706 2603 τοῖς
2752 2541 2891 2610 ἀμφ’
2923 2540 3110 2606 αὐτὸν,
3143 2541 3415 2610 ἀήττητος
3454 2539 3749 2617 ἀεθλευτὴς
3794 2538 4053 2608 ἀπυιὸή·

2458 2652 2637 2696 σεται,
2669 2636 2746 2704 πῆ
2793 2635 2895 2705 μιν
2937 2633 3276 2698 ὐπενδιδοὺς,
3326 2634 3404 2703 πῆ
3438 2633 3496 2686 δὲ
3550 2633 3899 2703 βιαζόμενος.
3935 2632 4053 2683 Καὶ

2457 2725 2602 2780 οὕτω
2653 2727 2746 2780 καὶ
2801 2726 2965 2790 αὐτὸς
3012 2725 3276 2795 ἁρπάζων
3321 2725 3383 2778 τὸ
3434 2725 3622 2786 καλδν,
3676 2724 3755 2787 ὼς
3794 2724 3890 2776 τὸν
3945 2723 4055 2790 μὲν

2459 2819 2649 2888 ἀπαθῆ
2676 2819 2891 2887 ἀγνοεῖν
2915 2818 3218 2886 ἁπλότητος
3240 2817 3408 2886 λόγῳ,
3431 2819 3480 2868 εί
3510 2818 3605 2870 καὶ
3628 2815 3777 2867 εστιν
3794 2814 4055 2883 ἁμαρτία

2458 2912 2491 2982 ἢ
2544 2911 2972 2982 ἐξαμαρτάνειν,
3031 2910 3124 2963 τὸν
3173 2909 3229 2962 δὲ
3282 2908 3637 2978 μετριοπαθῆ
3687 2908 3893 2961 ειδέναι
3950 2908 4055 2976 μὲν

2457 3003 2903 3072 ἐπιστημονικῶς
2947 3004 3136 3056 κανόνι
3175 3001 3271 3054 τοῦ
3318 3000 3487 3054 καλοῦ
3517 3000 3701 3054 καὶτὸ
3738 3000 3818 3071 μὴ
3853 2999 4051 3062 καλδν,

2460 3095 2743 3165 βιάζεσθαι
2772 3095 2826 3149 δὲ
2848 3096 2950 3165 τὴν
2986 3096 3272 3164 βασιλείαν
3303 3094 3413 3147 τῶν
3442 3094 3713 3162 οὐρανῶν.

819 3184 910 3237 45.
949 3184 1039 3238 Sic
1072 3185 1378 3238 constituto
1424 3183 1584 3238 nobis
1605 3191 1661 3238 et
1718 3183 1823 3237 isto
1886 3183 2125 3253 negotio,
2159 3197 2353 3253 super-

2476 3192 2481 3196 i
2530 3192 2640 3257 μέτ’.
2665 3185 2825 3239 Οὖτω
2841 3184 3258 3253 καθεσταμένον
3285 3186 3419 3254 ἡμῖν
3449 3185 3547 3237 καὶ
3564 3184 3719 3238 τοῦδε
3736 3185 3832 3237 τοῦ
3865 3202 4054 3256 πρλγ-

772 3277 969 3343 adiicio
1014 3277 1079 3330 de
1123 3276 1438 3345 precatione
1489 3274 1774 3340 talentum,
1820 3286 1985 3344 atque
2025 3273 2093 3329 de
2147 3275 2355 3345 plenis-

771 3371 908 3422 sima
943 3369 1207 3420 talentum
1249 3366 1651 3422 misericordia.
1675 3364 1942 3433 Superius
1959 3366 2102 3419 enim
2153 3366 2357 3431 aliquid

771 3460 933 3513 breve
950 3459 1017 3513 de
1037 3459 1200 3527 hujus
1224 3460 1503 3513 nummqu
1527 3458 1932 3527 proposuimus.
1955 3457 2156 3512 llorum
2176 3468 2357 3513 autem

769 3552 1005 3606 duorum
1049 3553 1374 3605 talentorum
1416 3550 1548 3603 illud
1591 3550 1813 3617 quidem
1859 3548 2034 3603 tendit
2081 3549 2147 3603 ad
2178 3550 2355 3619 ipsum

773 3644 969 3708 Deum,
1014 3645 1079 3698 ad
1110 3660 1269 3713 quem
1294 3642 1591 3696 asrenilere
1612 3642 1766 3696 bona:
1784 3657 1976 3711 preces
2020 3642 2354 3707 ostendunt;

773 3738 879 3791 hoc
919 3744 1100 3789 autem
1131 3735 1196 3788 ad
1235 3734 1381 3788 illius
1407 3735 1620 3796 fratres,
1644 3732 1734 3802 qui
1761 3732 1918 3786 nobis
1943 3732 2151 3786 minimi
2174 3731 2359 3787 viden-

778 3841 888 3892 tur,
928 3828 1023 3883 scd
1048 3829 1205 3882 aliter
1244 3828 1389 3896 apud
1426 3826 1595 3879 Deum
1627 3825 1870 3888 adstant,
1904 3840 1934 3878 a
1965 3824 2168 3894 quibus
2192 3825 2355 3878 etiam

777 3931 983 3978 nostra:
1014 3936 1201 3991 preces
1241 3920 1306 3975 ad
1339 3920 1494 3973 illum
1527 3918 1894 3988 trajiciuutur.

848 4112 939 4166 ιι.
969 4110 1283 4176 Ilysteriinn
1315 4124 1446 4180 expr
1474 4125 1562 4163 mo
1593 4108 1749 4164 vobis
1769 4109 2136 4174 sacerdotale,
2168 4111 2220 4163 in
2245 4124 2359 4178 quo

776 4219 1025 4259 scorsum
1074 4213 1384 4273 precantes,
1420 4218 1543 4257 cum
1585 4217 1743 4257 sacra
1794 4199 2050 4267 facimus,
2101 4217 2357 4270 rogamus

779 4306 839 4349 ut
888 4295 1147 4349 Dominus
1189 4303 1432 4363 protegat
1457 4308 1553 4346 eos
1575 4295 1668 4362 qui
1693 4308 1993 4362 pauperum
2015 4306 2231 4363 quoque
2271 4308 2358 4346 re-

778 4389 1103 4446 cor-dantur.
1124 4388 1196 4439 ita
1240 4395 1296 4439 ut
1347 4386 1677 4454 precationis
1711 4386 1845 4439 hora
1886 4386 2008 4439 illos
2043 4400 2356 4452 assumens,

778 4489 1050 4550 quatquot
1073 4478 1297 4532 fratrum
1322 4478 1444 4547 ejus
1472 4479 1859 4543 meminerunt,
1888 4480 1955 4533 ad
1977 4478 2145 4531 Deum
2170 4493 2353 4532 coram

2463 3278 2839 3350 ματεύματος,
2917 3278 3355 3347 προσεπιτίθημι
3428 3279 3524 3330 καὶ
3602 3278 3665 3331 τὸ
3725 3279 3875 3331 κατὰ
3948 3278 4051 3347 τὴν

2464 3389 2483 3422 ι
2519 3368 2833 3440 προσευχὴν
2867 3386 2887 3419 ι
2918 3369 3204 3433 τάλαντον,
3234 3371 3330 3421 καὶ
3370 3369 3431 3423 τὸ
3464 3369 3609 3423 κατά
3639 3370 3731 3422 τὸν
3767 3388 3784 3420 ι
3827 3371 3985 3422 ἔλεον
4027 3391 4045 3421 ι

2458 3465 2551 3516 τὸν
2602 3463 3000 3533 πληρέστατον.
3062 3462 3285 3516 ’Δνόπιν
3321 3463 3432 3531 γάρ
3469 3462 3647 3531 βραχύ
3693 3480 3749 3515 τι
3781 3462 3882 3515 τοῦ
3924 3465 4053 3516 κατ’

2461 3556 2624 3611 αὐτὸν
2660 3554 3080 3624 προεδαλόμεθα
3128 3554 3428 3623 κέρματος.
3462 3554 3686 3607 Τούτων
3718 3554 3776 3606 δὲ
3803 3555 3917 3607 τῶν
3955 3553 4050 3606 δύο

2458 3646 2741 3701 ταλάντων
2777 3646 2839 3698 τὸ
2878 3646 2980 3715 μὲν
3009 3644 3270 3699 ἀπονεύει
3306 3645 3443 3714 πρὸς
3475 3644 3609 3696 Θεὸν
3648 3645 3835 3708 αὐτὸν,
3872 3645 3958 3706 είς
3992 3645 4050 3696 ὃν

2460 3739 2778 3792 ἀναϐαίνειν
2808 3741 2864 3792 αί
2907 3738 3115 3806 ἀγαθαὶ
3147 3736 3404 3807 δηλοῦσιν
3447 3737 3642 3807 εὐχαί’
3692 3737 3757 3790 τὸ
3806 3737 3870 3789 δὲ
3912 3737 4049 3808 πρὸς

2459 3830 2589 3890 τοὺς
2628 3831 2840 3883 ἐκείνου
2882 3829 3174 3897 ἀδελφοὺς,
3208 3829 3335 3890 τούς
3382 3829 3515 3898 ἡμῖν
3562 3830 3665 3897 μὲν
3716 3828 4051 3897 ἐλαχίστους

2461 3920 2957 3993 προφαινομένους,
2985 3921 3475 3991 παραπατοῦντας
3503 3921 3562 3974 δὲ
3595 3920 3775 3980 ἄλλως
3790 3920 3875 3990 τῷ
3905 3919 4049 3989 Θεῷ,

2460 4014 2549 4083 ὑφ’
2584 4007 2660 4067 ὦν
2691 4015 2787 4066 καὶ
2819 4015 2875 4067 αι
2901 4014 3061 4083 εὐχαὶ
3089 4014 3225 4083 πρὸς
3264 4014 3471 4065 ἐκεῖνον
3505 4012 4047 4082 διαπορθμεύονται.

2536 4105 2640 4174 μδ’.
2700 4104 3019 4173 Μυστήριον
3070 4103 3288 4157 ἐκλαλῶ
3338 4103 3469 4172 ὑμῖν
3532 4103 3845 4171 ἱερατικὸν,
3899 4105 3963 4157 ιν
4006 4096 4050 4170 ᾧ

2461 4196 2777 4264 καταμόνας
2834 4195 3146 4265 εὐχόμενοι,
3192 4196 3284 4249 ὅτε
3310 4194 3749 4264 λειτουργοῦμεν
3792 4197 3866 4250 τὰ
3899 4197 4042 4259 θεῖα,

2460 4285 2858 4358 θεοκλυτούμεν
2872 4288 2961 4340 διά
2989 4288 3212 4358 μνήμης
3232 4282 3374 4343 εἶναι
3391 4286 3468 4356 τῷ
3486 4287 3830 4359 ύπεραγάθῳ
3851 4291 4046 4359 Κυρίῳ

2459 4383 2553 4433 καὶ
2610 4380 2737 4441 τοὺς
2771 4378 3156 4448 μεμνημένους
3194 4380 3301 4433 τῶν
3358 4381 3633 4449 πενήτων,
3667 4380 3816 4433 ὥστε
3860 4383 3894 4451 ἡ
3927 4382 4045 4447 ὥρα

2460 4471 2643 4541 ἐκείνη
2659 4472 2761 4541 τῆς
2773 4469 2944 4542 εὐχῆς
2964 4470 3211 4533 ἐκείνους
3226 4472 3771 4541 προσλαμϐανομένη
3796 4477 4045 4544 παριστᾷ

780 4576 955 4644 ipsius
979 4575 1329 4628 sanctissimo
1349 4572 1549 4625 throno
1579 4574 1756 4628 sistat.
1789 4572 1891 4639 Qui
1922 4588 2054 4627 vero
2077 4573 2214 4627 tales
2244 4589 2352 4626 non

2462 4562 2539 4631 τῷ
2590 4560 2709 4630 Θεῷ
2745 4560 3059 4631 ἔμπροσθεν
3101 4559 3196 4613 τοῦ
3232 4562 3353 4615 κατ’
3403 4561 3565 4615 αὐτὸν
3600 4564 3916 4629 ἀγιωτάτου
3952 4565 4046 4634 βή-

781 4678 911 4720 sunt
939 4666 1177 4719 nonillic
1211 4668 1673 4734 appmpinquant.
1707 4663 1980 4721 Ianitores
2029 4680 2163 4737 ergo
2225 4672 2354 4719 sunt

779 4769 831 4809 et
870 4756 1206 4811 confidentes
1231 4757 1463 4823 patroni,
1492 4756 1580 4809 Dei
1617 4756 1759 4809 servi
1788 4756 1919 4810 tales
1946 4756 2116 4826 ipsius
2136 4756 2355 4810 fratres.

785 4845 1057 4901 Utendum
1087 4857 1171 4901 est
1194 4846 1357 4916 igitur
1378 4848 1461 4899 his
1489 4848 1879 4902 mediatoribus
1911 4846 1964 4901 in
1990 4848 2076 4902 his
2097 4863 2217 4917 qua:
2232 4858 2360 4904 sunt

785 4941 849 4993 ad
885 4942 1146 5005 salutem;
1187 4956 1293 4993 non
1318 4943 1575 5009 gratuito,
1606 4940 1700 4993 sed
1722 4940 1876 5011 juxta
1913 4943 2354 5007 retributionem,

784 5046 957 5100 quam
990 5030 1096 5084 Deo
1128 5034 1294 5085 venit.
1354 5030 1704 5099 Quaecunque
1743 5033 1891 5087 enim
1955 5031 2154 5088 fratres
2210 5034 2359 5088 δορί-ι

789 5124 967 5190 piunt,
993 5123 1155 5175 etiam
1183 5138 1305 5176 cum
1345 5123 1455 5176 Deo
1481 5124 1828 5191 partiuntur;
1874 5125 2072 5178 exinde
2126 5128 2357 5195 gratiam

790 5218 881 5269 ille
913 5216 1185 5278 retribuit,
1225 5218 1441 5285 prepria
1480 5216 1595 5285 lege
1626 5225 1850 5270 coactus
1884 5216 1949 5269 ad
1970 5216 2363 5270 remuneratio-

790 5321 936 5358 nem.
968 5303 1312 5359 llanilestnm
1344 5317 1427 5360 est
1458 5319 1639 5360 autem
1691 5307 2039 5371 charitatem,
2076 5322 2198 5377 qua:
2231 5307 2361 5361 talia

791 5397 932 5450 bona
965 5397 1195 5467 perficit,
1225 5399 1277 5452 in
1310 5401 1394 5454 his
1418 5413 1635 5469 quoque
1665 5411 1871 5469 partem
1897 5399 2119 5454 habere.

860 5580 952 5632 l5.
989 5578 1093 5632 Nec
1132 5581 1295 5649 igitur
1348 5580 1658 5649 aliquorum
1709 5582 1906 5651 gratia,
1944 5582 2186 5651 precatio
2234 5597 2362 5636 san-

790 5674 1064 5728 ctiticatur
1112 5672 1177 5726 iis
1211 5676 1301 5740 qui
1334 5690 1440 5728 non
1499 5675 1750 5742 diligunt,
1810 5690 1910 5729 nec
1967 5676 2361 5730 misericordia.

794 5766 1264 5819 Considerandum
1326 5777 1507 5819 autem
1569 5776 1675 5833 est,
1726 5768 1940 5830 fratres,
2003 5768 2147 5835 quod
2206 5770 2362 5823 vobis

793 5858 1226 5913 misericordiam
1259 5875 1526 5930 propono,
1588 5875 1695 5915 non
1756 5860 2209 5930 qualemcunque,
2268 5864 2362 5918 scd

2462 4671 2658 4724 ματος,
2710 4653 2826 4706 ὅσοι
2862 4651 2974 4706 τῶν
3008 4652 3257 4721 ἀδελφῶν
3290 4654 3460 4707 αὐτοῦ
3495 4655 3838 4724 μέμνηνται.
3887 4658 3954 4710 Ol
3991 4660 4045 4709 δὲ

2457 4764 2521 4814 γε
2564 4746 2639 4817 μὴ
2668 4746 2904 4800 τοιοῦτοι
2928 4747 3029 4801 οὐκ
3053 4747 3369 4814 ἐγγίζουσιν
3389 4749 3525 4801 ἐκεῖ.
3556 4748 3814 4818 Θυρωροὶ
3828 4752 3923 4804 οὐν
3952 4758 4047 4805 καὶ

2459 4840 2936 4912 εὐπαρῤησίαστοι
2989 4843 3367 4913 παραστάται,
3422 4843 3557 4896 Θεοῦ
3612 4844 3956 4913 θεράποντες
3997 4851 4044 4901 oi

2459 4933 2693 4986 τοιοῦτοι
2713 4933 2877 4986 αὐτοῦ
2905 4933 3147 5001 ἀδελφοί.
3183 4936 3294 4987 Καὶ
3332 4936 3515 4987 τοίνυν
3545 4940 3823 5006 χρηστέον
3859 4943 4045 5003 αὐτοῖς

2462 5027 2653 5096 μέσοις
2690 5026 2761 5080 τά
2787 5043 2852 5094 γε
2885 5029 2963 5090 εἰς
2996 5028 3278 5097 σωτηρίαν
3299 5044 3311 5056 °
3351 5029 3414 5081 οὐ
3444 5029 3680 5097 δωρεὰν,
3736 5030 3877 5083 ἀλλὰ
3911 5033 4044 5100 πρὸς

2460 5115 2755 5183 ἀντίδοσιν,
2782 5116 2883 5188 τὴν
2921 5119 2984 5170 ὲκ
3017 5117 3177 5169 Θεοῦ.
3234 5120 3301 5171 ’Δ
3335 5120 3444 5186 γὰρ
3484 5120 3535 5170 οἰ
3565 5119 3791 5187 ἀδελφοὶ
3829 5122 4044 5191 λαμδά-

2462 5227 2637 5274 νουσι,
2688 5211 2781 5264 καὶ
2825 5209 2904 5279 τῷ
2960 5208 3081 5279 Θεῷ
3139 5210 3481 5279 μερίζονται,
3509 5210 3811 5265 κάντεῦθεν
3834 5215 4042 5275 ἐκεῖνος

2461 5301 2899 5372 ἀντιχαρίζεται,
2932 5302 3085 5372 νόμῳ
3106 5302 3220 5371 ἰδίῳ
3252 5302 3574 5371 βιαζόμενος
3607 5303 3747 5375 πρὸς
3778 5307 4041 5375 ἀντάμειο

2460 5394 2575 5464 ψιν.
2606 5395 2776 5464 Δῆλον
2803 5395 2883 5459 δὲ,
2916 5396 2993 5458 ὡς
3022 5394 3306 5448 κάνταῦθα
3325 5397 3359 5465 ἠ
3382 5395 3572 5463 ἀγάπη
3598 5399 4041 5467 συμπαρεισδύε-

2463 5504 2576 5553 ται,
2610 5487 2752 5559 αὐτὴ
2790 5486 3136 5542 ἀποτελοῦσα
3168 5489 3263 5540 καὶ
3297 5490 3365 5541 τὰ
3389 5488 3620 5541 τοιαῦτα
3647 5488 3810 5543 καλά.

2538 5578 2643 5650 με’.
2674 5580 2813 5634 Οὔτε
2842 5579 2973 5649 γοῦν
3015 5581 3150 5650 εὐχὴ
3182 5580 3424 5633 ὁσιοῦται
3457 5582 3599 5650 ὐπέρ
3640 5599 3805 5635 τινων
3838 5586 3955 5644 τοῖς
3982 5600 4037 5648 γε

2468 5676 2543 5744 μὴ
2572 5674 2883 5742 ἀγαπῶσιν,
2906 5674 3027 5726 οὐδὲ
3066 5675 3173 5745 μὴν
3208 5674 3379 5735 ἕλεος.
3411 5673 3532 5745 Χρὴ
3560 5675 3618 5727 δὲ
3644 5678 3971 5745 ἐπιστῆσαι,
3999 5672 4038 5729 ὦ

2466 5769 2712 5836 ἀδελφοὶ,
2753 5767 2836 5820 ὃτι
2878 5767 3027 5820 ἔλεον
3071 5769 3201 5835 ὑμῖν
3235 5765 3594 5836 ὑποτίθεμαι,
3622 5768 3683 5819 οὐ
3707 5768 3798 5820 τὸν
3829 5770 4036 5831 ἁπλῶς,

2466 5862 2602 5914 ἀλλὰ
2629 5862 2720 5916 τὸν
2744 5861 3049 5926 κανονικὸν,
3081 5860 3172 5912 τὸν
3197 5860 3307 5914 ἀπὸ
3338 5860 3549 5912 δικαίου
3580 5862 3922 5929 ποιήματος,
3956 5862 4033 5913 καὶ
