4210 6438
150 375 253 443 621

1146 365 1230 427 ΙΝ
1274 366 1333 428 S.
1380 362 2052 437 QUADRAGESIMAM
2082 368 2371 432 ORATIO
2411 373 2498 438 II.

3307 377 3415 454 022

149 498 473 568 ἀλλοτρίαν,
526 500 622 553 καὶ
649 498 824 570 αὐτὴν
851 497 992 568 μήτε
1030 495 1333 564 ίδιωτικὴν,
1362 492 1440 562 τῷ
1483 492 1646 544 παντὶ
1673 490 1731 544 δὶ

1838 495 1992 535 nsum
2025 498 2039 547 ;
2079 498 2188 538 non
2265 487 2497 543 alienam
2572 489 2813 559 arripere
2881 502 3117 566 terram,
3151 497 3266 565 sive
3304 499 3419 572 pri-

149 593 334 655 πὶέον,
380 592 516 662 μηδὲ
547 590 951 662 ἀφωρισμένην
983 590 1097 652 τοῖς
1126 589 1316 658 ίεροῖς.

214 780 275 827 ν’.
317 773 492 826 τοῦτο
525 772 590 840 δὴ
642 771 704 825 sb
736 769 1101 841 ἱεροσυλικόν.
1159 769 1282 840 Χρὴ
1339 770 1445 838 γὰρ
1478 765 1730 833 ἐνθυμεῖ-

148 863 268 915 σθαι
325 865 395 915 τὰ
434 864 582 932 παρά
613 865 728 926 τοῖς
760 861 990 938 Ἕλλησι
1023 859 1251 929 τεμένη,
1307 859 1480 911 ὁπόσα
1529 858 1728 909 ἐκεῖνοι

147 955 243 1021 μὲν
275 955 550 1022 ἀφιέρουν
573 953 866 1023 δαίμοσιν·
896 953 946 1006 οί
980 952 1036 1006 δὲ
1067 952 1201 1006 αὐτὸ
1234 949 1470 1014 εἰδότες,
1502 949 1730 1017 δμματα

146 1050 308 1116 μόνον
367 1049 700 1116 ὲπαφιέντες
752 1048 956 1111 αὐτοῖς,
984 1049 1062 1109 ῶς
1119 1047 1201 1106 είς
1241 1044 1373 1098 θίαν
1407 1043 1589 1111 ἁπλῆν
1616 1041 1730 1094 εἴτε

145 1144 235 1193 καὶ
269 1142 481 1210 θαῦμα,
523 1141 695 1204 πόδας
720 1141 822 1194 οὐκ
851 1139 1174 1203 ἀπέϐαλλον,
1217 1138 1355 1194 ἀλλά
1386 1137 1730 1206 παρέτρεχον

143 1235 415 1298 εὐλαὸὦς,
455 1237 570 1299 καὶ,
611 1235 687 1298 ὡς
735 1234 894 1286 αὐτοὶ
933 1232 1206 1302 ἒνόμιζον,
1257 1228 1626 1300 ἱεροπρεπῶς.
1669 1227 1730 1280 Εί

139 1328 194 1389 δέ
223 1345 286 1393 γε
319 1327 500 1392 ἄλλως
531 1328 819 1396 ὲπδίησαν,
849 1320 997 1399 εἶχεν
1033 1326 1099 1379 ἂν
1126 1323 1328 1392 αὐτοὺς
1356 1325 1589 1391 νόμιμος
1614 1322 1730 1384 τοῖς

143 1423 262 1481 τότε
302 1422 560 1484 θάνατος.
597 1423 671 1474 Τὸ
694 1422 752 1475 δὲ
788 1422 978 1491 μεῖζον
1001 1436 1015 1450 ·
1061 1419 1155 1472 καὶ
1193 1418 1375 1472 ἀνετοι
1406 1416 1563 1481 ζώων
1599 1415 1732 1483 ἀγέ-

137 1515 229 1566 λαι
264 1516 383 1577 τοῖς
441 1514 710 1575 τοιούτοις
764 1513 1124 1588 ἐνετρέφοντο
1186 1509 1579 1590 τεμενίσμασι,
1636 1507 1731 1560 καὶ

133 1605 278 1674 ἦσαν
316 1607 496 1660 ἄσυλα
549 1608 640 1658 καί
696 1607 874 1666 αὑτάο
909 1607 1003 1658 καὶ
1055 1603 1325 1673 πρότερον
1347 1602 1415 1656 ἀν
1447 1599 1729 1674 κατέφαγέ

131 1719 212 1758 τις
248 1700 395 1752 ἰδίαν
424 1699 627 1768 σάρκα,
657 1699 801 1768 ἤπερ
826 1697 1052 1751 ἐκείνων
1077 1697 1279 1766 ἥψατο.

203 1882 310 1935 να’.
370 1883 489 1935 Νὖν
519 1882 576 1934 δὲ
609 1879 980 1934 ἀποθεοῦσθαι
1009 1879 1301 1947 δοκοῦμεν,
1351 1880 1399 1931 εί
1428 1879 1497 1931 τά
1531 1878 1730 1946 ἔκκλη-

137 1978 403 2038 gustui
433 1975 825 2044 νοσιριζόμεθα.
881 1974 1056 2036 Πολὺς
1106 1973 1164 2024 ἐν
1205 1973 1341 2042 ἡμῖν
1387 1975 1414 2024 ὁ
1448 1973 1607 2039 λόγος
1635 1972 1729 2024 τό·

139 2073 247 2124 Καὶ
306 2072 362 2123 τί
408 2069 611 2136 δήποτε
664 2069 692 2120 ό
743 2067 874 2129 Θεὸς
907 2068 1001 2121 καὶ
1053 2069 1103 2119 oi
1137 2064 1230 2118 τοῦ
1265 2064 1403 2118 Θεοῦ
1432 2066 1580 2132 ἆγιοι
1621 2064 1732 2116 τῶν

136 2163 405 2216 τοιούτων
430 2163 667 2224 δέονται,
688 2161 736 2211 οί
773 2161 911 2229 μήτε
944 2161 1290 2230 σπείροντες.
1320 2159 1459 2227 μήτε
1492 2157 1734 2227 θερίζον-

132 2275 246 2320 τες,
279 2259 425 2326 μήτε
453 2256 783 2325 τρώγοντες,
839 2254 975 2324 μήτε
1029 2254 1312 2316 πίνοντεςς
1369 2253 1430 2304 Εἰ
1487 2254 1541 2306 δὲ
1573 2255 1731 2322 γάριν

136 2350 319 2405 ἄλλων
355 2349 552 2410 ταῦτα,
579 2348 670 2400 ἴνα
697 2349 745 2401 οί
797 2346 1052 2412 πένητες,
1105 2346 1289 2410 φασὶν,
1322 2347 1384 2398 ὲκ
1413 2346 1522 2398 τῶν
1551 2346 1731 2398 τοιού-

135 2461 244 2495 των
273 2442 731 2509 ἀποτρέφωνται,
763 2439 874 2493 ἰδοὺ
901 2440 1064 2508 ἡμεῖς
1090 2440 1319 2509 πτωχοὶ,
1342 2439 1402 2491 οὐ
1427 2437 1732 2508 καθέεομεν

135 2537 282 2589 αὐτὰ
325 2535 424 2587 καὶ
459 2533 815 2603 θρεψόμεθας
850 2527 919 2584 '0
956 2532 1182 2584 ἐλεεινοὶ
1205 2531 1439 2585 τοιοῦτοι
1474 2532 1728 2600 ἀδελφοί·

133 2631 238 2682 οὐκ
262 2628 472 2689 οἴδατε,
526 2626 665 2679 Θεοῦ
718 2627 815 2678 καὶ
881 2626 990 2678 τῶν
1039 2623 1202 2677 θείων
1258 2625 1728 2688 καταπαίζοντες·

134 2725 261 2776 οὐδὲ
297 2721 650 2791 ἐνθυμεῖσθε,
686 2721 946 2790 μείζονας
1002 2720 1236 2783 ἑαυτοὺς
1274 2719 1369 2778 τοῦ
1419 2720 1558 2772 Θεοῦ
1595 2719 1732 2772 καθ-

136 2817 432 2878 νετῶντες,
461 2817 621 2884 εἴπερ
654 2815 813 2883 ὑμεῖς
841 2813 938 2883 μὲν
969 2813 1447 2882 ἀποχαρισάμενοι
1475 2813 1543 2867 τά
1568 2812 1734 2882 δῆθεν

138 2910 395 2977 ὑμέτερα
430 2909 610 2973 φίλοις
642 2906 673 2972 ἢ
710 2903 1041 2972 συγγενέσιν
1073 2903 1105 2970 ἢ
1139 2901 1316 2975 ἄλλως
1341 2903 1582 2964 οἰκείοις,
1608 2901 1732 2956 οὔτε

135 3002 353 3061 θέλετε,
389 2999 517 3050 οὔτε
548 2994 783 3049 δύνασθε
817 2993 978 3054 αὖθις
1008 2993 1147 3046 αὐτὰ
1175 2991 1489 3062 κτήσασθαι
1526 2992 1730 3046 ἀναλα-

136 3094 403 3161 ϐόμενοι·
436 3092 496 3143 τὸ
525 3089 646 3157 μὲν,
681 3089 768 3140 ἵνα
795 3087 870 3156 μὴ
903 3087 1119 3155 ψευδεῖς
1154 3085 1421 3154 φανείητε
1450 3085 1545 3136 καὶ
1569 3086 1735 3138 ἀστα-

1844 588 1900 624 \‘a
1913 583 2043 641 tam,
2094 577 2207 633 sive
2233 618 2248 644 ,
2278 582 2424 650 quod
2465 584 2691 640 omnino
2716 587 2956 655 gravius‘
2982 599 3087 657 est,
3127 593 3303 649 sacris
3333 594 3417 650 di-

1841 676 2042 721 catam.

1909 760 1995 813 50.
2035 763 2148 816 Hoc
2183 779 2315 820 sane
2373 768 2720 839 sacrilegium
2752 779 2856 826 est.
2911 771 3134 843 Oportet
3178 778 3323 849 enim
3358 777 3412 834 in

1838 861 2021 906 mente
2060 854 2263 912 habere
2302 860 2451 929 quod
2485 861 2629 930 apud
2662 862 2887 920 Graecos
2915 880 2978 920 ea
3007 867 3124 921 loca
3153 881 3284 925 sunt
3315 885 3410 926 sa-

1835 959 1951 1007 cra,
1967 963 2087 1016 qua!
2106 949 2416 1021 ubicunque
2437 952 2776 1010 dmmonibus
2792 956 3138 1017 dedicabant.
3157 960 3269 1023 Iloc
3286 981 3415 1033 vero

1835 1037 2099 1105 scientes,
2153 1043 2342 1097 oculos
2400 1053 2634 1107 tantum,
2669 1054 2727 1098 ut
2762 1049 2829 1102 ad
2873 1049 3180 1122 simplicem
3231 1056 3409 1123 visum

1835 1141 1930 1188 aut
1963 1131 2396 1202 admirationem,
2431 1138 2485 1190 in
2515 1152 2577 1191 ea
2605 1139 2983 1210 conjicientes,
3005 1144 3168 1214 pedes
3200 1145 3275 1201 ibi
3303 1131 3413 1216 non

1833 1227 2133 1299 ponebant,
2151 1231 2244 1285 sed
2270 1231 2541 1300 religiose,
2562 1245 2638 1298 et,
2652 1234 2797 1288 sicut
2817 1234 2920 1305 ipsi
2938 1238 3221 1306 putabant,
3246 1224 3411 1319 rebus

1834 1323 2005 1374 sacris
2037 1331 2400 1392 congruenter
2450 1329 2777 1406 transibant.
2809 1329 2981 1385 Aliter
3012 1342 3194 1386 autem
3230 1333 3277 1409 si
3333 1334 3416 1400 fe-

1833 1411 2054 1476 cissent,
2078 1417 2238 1470 morti
2266 1425 2395 1471 tunc
2419 1418 2626 1488 legibus
2650 1423 2886 1491 probata:
2908 1423 3140 1483 fuissent
3169 1427 3415 1489 obnoxii.

1835 1502 1947 1558 lloc
2003 1515 2182 1560 autem
2244 1509 2421 1576 majus
2463 1524 2477 1562 :
2513 1519 2760 1566 errantes
2784 1512 2950 1568 libere
2976 1531 3166 1585 greges
3203 1517 3415 1593 anima-

1835 1593 1962 1648 lium
1984 1597 2038 1649 in
2058 1597 2256 1652 talibus
2269 1601 2682 1656 enutriebantur
2699 1605 3104 1669 nemoribus,et
3124 1609 3245 1679 ipsa
3259 1618 3418 1682 erant

1834 1689 2185 1759 inviolatilia;
2212 1695 2505 1764 potiusque
2528 1697 2803 1766 propriam
2821 1698 3020 1770 aliquis
3037 1691 3418 1759 manducassvt

1835 1795 2078 1844 carnem,
2110 1800 2272 1852 quam
2309 1789 2362 1839 ln
2396 1786 2483 1840 illa
2516 1802 2734 1841 manum
2766 1790 3064 1859 injecisset.

1912 1874 1998 1928 5i.
2032 1872 2186 1928 Nunc
2217 1887 2395 1931 autem
2422 1879 2762 1947 apotlieosim
2789 1881 3114 1954 participare
3143 1885 3414 1954 videmur,

1840 1965 1885 2019 si
1921 1967 2295 2022 ecclesiastica
2321 1969 2718 2036 subripiamus.
2751 1972 2952 2028 Multus
2991 1974 3136 2030 inter
3169 1992 3268 2032 nos
3311 1979 3418 2033 bu-

1835 2058 2073 2127 jusmodi
2111 2074 2334 2114 sermo:
2372 2061 2582 2130 Ecquid
2616 2062 2727 2118 Deo
2787 2063 2994 2136 Deique
3047 2069 3272 2135 sanctis,
3324 2073 3419 2139 qui

1837 2165 2017 2218 neque
2061 2159 2275 2214 serunt,
2331 2167 2504 2222 neque
2555 2163 2792 2219 metunt,
2833 2172 3008 2226 neque
3065 2155 3418 2225 manducant,

1838 2258 2014 2310 neque
2041 2242 2482 2305 bibunt,talibus
2533 2261 2672 2315 opus
2707 2247 2830 2301 est?
2880 2249 2936 2316 Si
3004 2261 3228 2321 propter
3280 2254 3420 2310 alios

1837 2345 2018 2388 autem
2049 2335 2149 2390 ista
2178 2348 2324 2402 sunt,
2363 2347 2421 2392 ut
2453 2349 2697 2408 egentes,
2751 2340 3026 2409 inquiunt,
3060 2360 3126 2398 ex
3183 2347 3289 2402 illis
3319 2364 3422 2426 nu-

1838 2430 2094 2493 triantur,
2127 2446 2253 2485 ecce
2285 2447 2384 2485 nos
2411 2447 2695 2501 pauperes,
2743 2451 2850 2489 non
2883 2437 2970 2490 illa
2994 2438 3332 2514 accipiemus
3364 2449 3421 2495 et

1836 2521 2246 2575 nutriemur?0
2306 2524 2602 2578 miserandi
2658 2525 2968 2594 bujusmodi
3008 2528 3243 2587 fratres!
3298 2533 3416 2587 Non

1839 2612 2032 2666 videtis
2058 2615 2202 2680 quod
2234 2612 2403 2668 lleum
2440 2626 2494 2669 et
2533 2631 2620 2670 res
2649 2619 2867 2672 divinas
2901 2619 3129 2674 luditis?
3156 2621 3271 2677 Non
3297 2626 3418 2678 ani-

1840 2689 2204 2769 madvertitis,
2230 2707 2374 2775 quod
2398 2708 2757 2778 vosmetipsos
2783 2709 2894 2764 Deo
2925 2711 3162 2780 majores
3209 2719 3419 2773 consti-

1840 2795 2013 2861 luitis,
2042 2797 2310 2866 siquidem
2341 2813 2460 2862 vos,
2483 2815 2606 2852 cum
2627 2802 2693 2855 de
2722 2804 2919 2857 vestris
2958 2794 3422 2874 aliquam'contu-

1837 2888 1978 2944 listis
2003 2891 2231 2956 gratiam
2258 2891 2471 2951 amicis,
2497 2892 2579 2946 vel
2600 2895 2870 2961 cognatis,
2891 2897 2974 2950 vel
2995 2898 3420 2971 quibuscunque

1837 2981 2221 3047 familiaribus,
2254 2999 2430 3052 neque
2461 2986 2647 3047 vultis.
2682 3003 2857 3058 neque
2883 2991 3112 3057 potestis
3148 3007 3210 3045 ea
3244 2995 3422 3050 denuo

1838 3083 2181 3128 resumentes
2210 3077 2528 3144 possidere;
2555 3084 2694 3142 tum,
2727 3095 2795 3134 uc
2843 3081 3070 3138 fallaces
3100 3093 3152 3138 et
3190 3087 3422 3143 mobiles

135 3205 223 3238 τοι
244 3186 341 3237 καὶ
377 3181 729 3251 παλίμὸολοι,
756 3181 815 3234 τὸ
835 3180 912 3244 δὲ,
938 3180 1019 3232 ὃτι
1058 3177 1313 3231 πτοεῖσοε
1342 3177 1434 3231 τὸν
1461 3177 1528 3229 τὰ
1554 3175 1736 3230 τοιαῦ-

1844 3176 1896 3220 et
1920 3167 2202 3221 versatiles
2265 3171 2599 3236 appareatis,
2637 3179 2751 3224 tum
2819 3174 2949 3244 quia
2987 3175 3194 3233 timetis
3248 3179 3419 3250 legem

137 3297 205 3330 τα
230 3275 542 3338 κολάζοντα
573 3273 738 3341 νόμον
775 3273 869 3323 καὶ
906 3271 966 3324 τὸ
989 3271 1046 3335 ἐξ
1080 3271 1248 3322 αὑτοῦ
1293 3269 1550 3337 τίμημα·
1584 3271 1651 3321 τά
1678 3269 1734 3322 δὶ

138 3369 216 3436 τῷ
241 3365 369 3434 Θεῴ
394 3365 490 3415 καὶ
514 3365 626 3422 τοῖς
651 3361 829 3427 ἁγίοις
857 3359 1024 3412 αὑτοῦ
1052 3360 1500 3430 ἀποχαρισθὲντα
1527 3360 1735 3428 καθαρ-

140 3458 438 3521 πὰζοντετ,
479 3454 542 3508 o6
572 3451 858 3518 λογίζεσθε
899 3450 1260 3520 παροργίζειν
1314 3451 1584 3511 ἐκείνους,
1614 3451 1733 3502 οὐδὲ

139 3547 473 3602 εὖλαῦεῖσθε
501 3545 861 3612 δικαιοτάτην
894 3543 1146 3610 ἄμυναν·
1181 3542 1319 3594 ἀλλά
1351 3542 1451 3613 τῂν
1479 3541 1571 3594 τοῦ
1596 3541 1734 3594 Θεοῦ

143 3644 281 3710 φάει
317 3639 593 3710 θρωπίαν,
625 3638 726 3690 ὅσα
757 3637 856 3687 καὶ
883 3635 1088 3687 ἀσπίδα
1121 3635 1381 3705 στερῥάν,
1414 3634 1735 3698 ὑποδύντες,

143 3730 452 3798 τοξάζεσθε
483 3731 622 3782 κατὰ
655 3728 764 3780 τῶν
785 3727 955 3781 αὑτοῦ
986 3725 1182 3795 ἱερέων
1212 3729 1304 3777 καὶ
1333 3727 1520 3795 ιερῶν.
1552 3726 1740 3796 Εὐχοί-

149 3826 319 3894 μεθα,
355 3823 430 3891 μὴ
483 3823 647 3874 πάλιν
692 3819 1114 3888 ὲκθυμὼσωμεν
1146 3816 1331 3870 αὐτόν.
1364 3817 1426 3871 Εἰ
1464 3818 1574 3888 γὰρ
1606 3817 1740 3870 αὐτὸ

144 3921 404 3987 γένηται,
469 3915 592 3966 τότε
651 3911 963 3982 μαθήσεσθε
1015 3911 1112 3962 ἀπ’
1160 3909 1340 3963 αὐτῶν
1393 3909 1595 3980 ἔργων,
1626 3905 1739 3974 οἷος

147 4014 365 4072 ἐκεῖνος
393 4009 492 4079 τὴν
516 4007 895 4074 ἀγανάκτησιν
922 4022 934 4034 ’
963 4004 1042 4068 ὃς,
1070 4003 1325 4075 καθάπερ
1356 4004 1417 4056 οὐ
1443 4003 1592 4072 φιλεῖ
1619 4006 1740 4057 κλε-

146 4105 450 4171 πτάμενος,
483 4099 660 4161 οὕτως
693 4098 813 4152 οὐδὲ
862 4097 1269 4167 ἁρπαζόμενος.
1321 4097 1428 4150 Τοῦ
1465 4097 1670 4169 Κυρίου
1704 4099 1738 4165 ἡ

150 4198 218 4262 γῆ
248 4196 345 4246 καὶ
376 4194 436 4245 τὸ
463 4192 737 4261 πλήρωμα
771 4190 943 4258 αὐτῆς
967 4206 981 4219 ο
1012 4190 1186 4259 ἐχέτω
1222 4185 1315 4242 οὖν
1346 4189 1739 4255 ἓκαστος,ὃσον

149 4288 343 4340 θεόθεν
372 4284 592 4348 ἐλαϐεν,
627 4285 717 4336 ἴνα
745 4284 819 4352 μὴ
850 4282 1056 4334 ἀδικῶν
1087 4283 1148 4334 o6
1176 4282 1342 4334 πάθοι
1370 4282 1648 4349 εὐλογίαν.

226 4380 323 4448 νβ’.
372 4375 515 4429 ‘AD.’
566 4377 705 4444 ὅπερ
758 4374 1050 4441 ἐλέγομεν,
1083 4375 1230 4424 ποιεῖ
1273 4373 1521 4445 ἔκκλισιν
1567 4374 1740 4427 κακοῦ

150 4475 247 4522 κιί
279 4470 344 4523 τὸ
379 4468 854 4535 ἀσυκοφάντητον,
880 4470 974 4518 καὶ
1009 4465 1070 4518 τὸ
1092 4465 1476 4541 ἀϐλάσςεημον,
1501 4472 1595 4520 καὶ
1625 4471 1657 4537 ὴ
1684 4473 1740 4522 ὲν

146 4664 289 4722 ὅλαι,
314 4659 409 4710 καὶ
441 4655 502 4707 τὸ
522 4655 737 4725 χαίρειν
761 4655 899 4724 μετὰ
922 4653 1032 4706 τῶν
1055 4653 1140 4705 ἐπ’
1164 4654 1389 4720 ἀγαθοῖς
1413 4656 1738 4725 χαιρόντων,

155 4753 252 4802 καὶ
283 4748 503 4801 κλαίειν
531 4745 671 4815 μετά
701 4744 810 4797 τῶν
841 4745 928 4813 ἐφ’
960 4740 1041 4807 οἷς
1064 4745 1172 4813 χρὴ
1200 4745 1519 4810 κλαιόντων,
1549 4750 1644 4800 καὶ
1681 4750 1742 4800 τὸ

159 4840 287 4912 [μὴ]
315 4837 604 4909 θηριωδῶς
641 4836 1039 4907 ἑπεξέρχεσθαι
1078 4839 1172 4888 καὶ
1201 4836 1459 4900 κολάζειν
1489 4840 1742 4908 ἀφόρητα,

157 4936 285 4994 τοὺς
317 4931 646 4991 πταίοντας·
682 4929 766 4981 ἔτι
797 4929 854 4980 δὲ
884 4927 982 4980 καὶ
1029 4927 1092 4980 τὸ
1119 4927 1522 4996 ἀπορουμένοις
1575 4931 1646 4980 τά
1678 4946 1739 4995 γε

159 5028 238 5088 εἰς
273 5021 594 5092 συμϐουλὴν
651 5021 967 5075 ὑποτιθέναι
1002 5021 1069 5073 τὰ
1125 5021 1405 5090 ξύμφορα,
1449 5022 1542 5074 καὶ
1571 5020 1744 5084 οὕτως

160 5117 465 5182 ὑπεξάγειν
513 5115 711 5177 αὐτοὺς
776 5113 974 5184 βόθρου
1025 5114 1324 5176 ἀπωλείας,
1353 5114 1432 5175 είς
1489 5114 1548 5166 ὃν
1583 5113 1748 5181 ἐμπί-

159 5229 299 5264 πτου
310 5228 395 5262 σιν
422 5209 474 5260 οἱ
508 5206 893 5276 ἀπρομηθέστε
903 5225 1009 5276 ροι.

235 5307 336 5368 νγ’.
380 5297 668 5359 Ἕκκλισις
719 5295 890 5349 κακοῦ
921 5297 1308 5365 ὲπισημοτάτη
1346 5297 1437 5348 καὶ
1465 5298 1498 5366 ἡ
1532 5294 1624 5348 τοῦ
1656 5297 1747 5349 δα-

160 5396 312 5445 νείου
345 5391 592 5461 μέθοδος,
622 5390 816 5460 πρῶτα
870 5389 970 5458 μὲν
1077 5389 1493 5457 θεοπαρὰὀοτος,
1525 5389 1648 5442 καθ’
1678 5391 1745 5460 ἧν

160 5487 476 5540 ἐπαινεῖται
531 5487 627 5536 ita).
675 5485 702 5534 ό
732 5484 794 5546 τὸ
833 5482 1102 5554 ἀργύριον
1147 5480 1313 5534 αὑτοῦ
1344 5480 1419 5552 μὴ
1455 5481 1631 5543 διδοὺς
1655 5483 1748 5534 ἐπὶ

161 5577 344 5643 τόκῳ·
380 5576 621 5648 δευτέρῳ
667 5578 724 5630 δὲ
753 5576 900 5646 λόγῳ
946 5576 979 5646 ἡ
1025 5576 1250 5644 νομική.
1319 5574 1379 5628 '0
1440 5576 1579 5645 μήτε
1626 5574 1746 5627 κατ’

163 5670 413 5740 ἐκείνην,
451 5671 589 5738 μήτε
619 5670 761 5724 κατὰ
793 5669 1002 5740 ταύτην
1029 5668 1310 5740 δανείζων,
1360 5667 1410 5720 εί
1447 5669 1542 5722 καὶ
1569 5667 1743 5739 βαρὺς

253 5853 272 5880 ³
297 5850 443 5904 l’:al.
474 5866 626 5912 IXlll,
678 5850 724 5902 Ι.

1841 3260 1968 3313 talia
1993 3259 2308 3327 punientem
2345 3260 2629 3330 ipsiusque
2670 3264 2932 3319 mulctam
2964 3283 2978 3332 ;
3029 3282 3093 3322 ea
3139 3284 3265 3323 vero
3299 3287 3423 3342 qua:

1840 3351 1948 3403 Di-o
1981 3359 2031 3403 et
2063 3352 2270 3405 sanctis
2297 3351 2413 3418 ejus
2469 3352 2669 3406 donata
2729 3365 2880 3423 sunt,
2933 3361 3244 3429 rapientes,
3310 3378 3420 3418 non

1839 3442 2042 3496 timetis
2098 3443 2219 3516 illos
2272 3444 2339 3498 ad
2389 3446 2525 3498 iram
2585 3449 2844 3512 excitare,
2907 3465 3007 3504 nec
3058 3452 3420 3522 justiSsimam

1837 3538 2165 3591 reveremini
2203 3540 2522 3605 vindictam,
2557 3542 2651 3596 sed
2681 3542 2772 3597 Dei
2800 3544 3210 3616 benignitatem,
3253 3550 3420 3606 veluti

1840 3639 2056 3682 scutum
2098 3629 2428 3696 inviolabile,
2452 3634 2749 3690 subeuntes
2771 3676 2785 3700 ,
2813 3619 3077 3692 adversus
3111 3641 3424 3698 sacerdotes

1838 3723 1959 3788 ejus
2014 3729 2067 3775 et
2115 3736 2270 3778 sacra
2309 3725 2412 3778 tela
2462 3725 2673 3796 jacitis.
2699 3725 3076 3805 Deprecemur,
3104 3747 3172 3786 ne
3228 3747 3420 3794 rursus

1839 3814 1992 3868 illum
2020 3815 2333 3895 irriteuius:
2389 3819 2434 3873 si
2471 3821 2616 3873 enim
2651 3821 2795 3875 istud
2848 3822 3044 3887 fleret,
3099 3833 3231 3882 tunc
3285 3828 3420 3899 ipsis

1841 3911 2100 3977 Operibus
2118 3913 2363 3985 discetis,
2388 3915 2566 3984 qualis
2591 3915 2642 3968 in
2669 3916 3039 3987 indignatione
3061 3920 3150 3976 ille
3171 3922 3272 3989 sit,
3302 3924 3419 3992 qui.

1842 4003 2004 4057 sicuti
2039 4020 2137 4058 nec
2189 4003 2358 4071 fures,
2419 4008 2492 4062 ita
2523 4023 2621 4063 nec
2656 4019 2905 4078 raptores
2938 4020 3102 4068 amat.
3144 4032 3162 4065 ι
3200 4014 3419 4072 Domini

1843 4106 1927 4152 est
1981 4107 2123 4152 terra
2173 4109 2226 4153 et
2297 4101 2579 4169 plenitudo
2643 4103 2762 4172 ejus
2812 4104 2856 4156 ⁸.
2916 4122 2935 4156 ι
2985 4103 3191 4161 Habeat
3254 4108 3419 4178 igitur

1847 4191 2222 4258 unusquisque
2249 4193 2391 4259 quod
2421 4207 2450 4245 ιι
2472 4193 2587 4246 Deo
2622 4193 2870 4264 accepit;
2895 4211 2964 4252 ne
2988 4212 3114 4254 reus
3137 4198 3421 4270 injustitiao

1847 4283 2276 4337 benedictionem
2316 4300 2419 4337 non
2459 4285 2682 4340 sentiat.

1916 4375 2003 4429 59..
2063 4374 2260 4429 Verum
2327 4378 2468 4446 quod
2536 4378 2874 4444 dicebamus,
2935 4381 3354 4442 declinationem
3391 4401 3422 4442 a

1778 4473 1992 4564 Dmalo
2051 4471 2180 4525 facit
2245 4474 2409 4527 etiam
2477 4474 2978 4546 irreprcliensibilis
3030 4481 3421 4546 conversatio,

155 4569 332 4615 ζέοντι
357 4560 601 4627 εὐλογία,
661 4558 843 4612 καὶτὸ
893 4558 969 4629 μὴ
1013 4561 1465 4628 καταμαρτυρεῖν
1487 4561 1583 4612 ἐπὶ
1608 4560 1739 4630 ψεύ-
1778 4558 1787 4580 ⁷

1851 4564 2166 4619 immunitas
2210 4580 2239 4618 a
2275 4567 2560 4629 conviciis,
2596 4568 2647 4621 in
2717 4571 3044 4625 necessitate
3092 4572 3423 4635 benedictio.

1849 4656 2044 4708 falsum
2077 4672 2182 4709 non
2235 4656 2376 4711 ferre
2430 4658 2824 4723 testimonium,
2885 4661 3122 4730 gaudere
3176 4680 3299 4719 cum
3358 4666 3428 4722 de

1852 4747 2007 4800 bonis
2033 4749 2416 4817 gaudentibus,
2448 4748 2578 4804 ﬂere
2608 4766 2731 4804 cum
2769 4751 2836 4806 de
2859 4753 3131 4810 ﬂebilibus
3161 4757 3426 4827 plangen-

1854 4841 2017 4900 t‘btts,
2071 4859 2178 4894 non
2230 4843 2427 4897 sanire
2475 4844 2780 4913 punireque
2841 4846 3140 4902 crudeliter
3182 4864 3278 4905 eos
3333 4853 3425 4918 qui

1854 4934 2093 4987 facinora
2126 4936 2556 4999 couimiserunt,
2606 4952 2816 4990 necnon
2871 4939 3103 4993 consilio
3135 4943 3426 5011 egentibus

1852 5027 2055 5078 utiliter
2115 5026 2391 5089 auxiliari,
2424 5036 2479 5081 et
2534 5028 2608 5080 ita
2634 5028 2846 5097 eripere
2881 5045 2975 5084 eos
3005 5045 3068 5084 ex
3103 5032 3429 5100 perditionis

1852 5121 2070 5189 abysso,
2092 5119 2144 5171 in
2175 5135 2336 5188 quam
2366 5119 2622 5174 decidunt
2643 5122 2735 5190 qui
2758 5123 2936 5178 minus
2956 5130 3087 5178 sunt
3109 5126 3426 5194 prudentes.

1923 5293 2012 5347 55.
2066 5293 2494 5358 Praeclarissima
2542 5308 2762 5363 quoque
2808 5294 3102 5351 declinatio
3161 5297 3289 5351 mali
3345 5307 3428 5353 est

1855 5387 2025 5439 mutui
2069 5386 2454 5452 commndatio,
2502 5387 2681 5455 primo
2728 5387 2950 5458 quidem
2980 5404 3043 5443 ea
3093 5405 3214 5459 qua:
3254 5405 3281 5443 a
3318 5391 3428 5446 Deo

1855 5479 2050 5532 tradita
2082 5490 2190 5544 est,
2213 5479 2368 5549 juxta
2398 5495 2560 5547 quam
2612 5479 2866 5534 laudatur
2894 5489 2948 5535 et
2991 5481 3080 5536 ille
3114 5482 3207 5551 qui
3259 5497 3425 5550 pecu-

1851 5573 1995 5627 niam
2027 5588 2184 5627 suam
2215 5589 2320 5626 non
2344 5572 2491 5626 dedit
2541 5573 2607 5626 ad
2648 5588 2910 5637 usuram;
2948 5575 3189 5629 secundo
3218 5584 3426 5640 autem,

1849 5682 1968 5740 qua”
2003 5681 2030 5719 a
2056 5667 2173 5738 lego
2206 5651 2505 5737 praestituta
2528 5676 2629 5722 est.
2653 5666 2755 5732 Qui
2790 5681 2889 5722 nec
2921 5671 3223 5724 secundum
3255 5670 3424 5736 illam,
