4210 6438
774 418 880 485 023

1523 422 1950 488 EUSTATHII
1988 426 2440 488 TllESSALON
2453 428 2750 489 lCENSlS
2800 429 3370 494 ΜΕΤΒΟΡΟΜΤᾹΞ

3936 432 4034 499 624

770 553 871 592 nec
902 537 1201 593 secundum
1237 538 1396 593 istam
1433 537 1686 604 fmncrat,
1715 541 1815 595 etsi
1860 554 2025 609 grave
2071 541 2136 595 sit
2181 542 2355 607 dictu,

2461 544 2490 595 6
2524 542 2704 611 λόγος,
2730 542 2847 595 ἀλλ’
2875 544 3027 612 ὅμως
3054 544 3220 611 λέγω,
3248 542 3530 608 πεποιθὼς
3570 545 3637 615 τῇ
3669 544 3925 621 ἀληθείᾳ,
3962 552 4033 605 ὅτι

772 640 977 693 tamen,
1008 630 1223 684 veritati
1262 644 1485 698 parens,
1509 630 1659 694 dico,
1693 631 1839 698 quod
1906 633 2354 701 reprehensihiiis

768 731 821 775 et
855 721 1213 776 exsecrabilis
1247 730 1352 778 est.
1381 720 1494 791 Ego
1536 738 1665 775 vero
1694 732 1887 793 reputo
1929 724 2166 792 qualiter
2190 737 2352 795 agant

769 814 951 879 cupidi
993 812 1241 876 lteuoris,
1273 829 1396 868 eum
1444 816 1611 867 multa
1651 816 1760 869 sint
1797 815 2006 870 ftenora
2065 817 2149 870 vel
2184 818 2346 871 fetus.

768 911 982 980 (Fctum
1002 907 1147 960 enim
1169 907 1467 975 feruntinon
1484 915 1692 961 tantum
1712 907 1980 973 homines,
2002 910 2097 964 sed
2117 920 2171 963 et
2187 925 2349 963 omne

766 1008 1204 1076 auima!,pt:etcr
1223 1004 1498 1058 vulturum
1518 1003 1942 1072 genus;dicitur
1975 1020 2141 1074 porro
2186 1006 2349 1059 etiam

768 1112 910 1156 terra
926 1114 1182 1167 mareque
1205 1096 1370 1153 fctum
1393 1097 1721 1167 producere;
1742 1099 1908 1153 fetum
1924 1113 2216 1155 veromens
2234 1101 2351 1170 ipsa

740 1181 995 1263 ‘przebct,
1025 1191 1305 1246 naturales
1332 1206 1463 1246 suos
1494 1191 1708 1246 fructus
1734 1209 1749 1257 ;
1807 1201 1857 1247 et
1896 1208 2127 1263 prorsus
2154 1204 2348 1249 exten-

765 1300 887 1338 sum
915 1292 1222 1336 estnomen
1260 1279 1404 1336 fetus
1464 1296 1559 1337 scu
1621 1281 1847 1351 faenus.)
1879 1283 1961 1339 llli
2007 1293 2185 1340 autem
2235 1286 2351 1355 pri-

767 1379 933 1429 vatim
958 1375 1102 1428 istud
1138 1381 1425 1428 assumunt
1452 1372 1519 1426 ad
1544 1372 1748 1444 aliquid
1780 1376 2113 1444 particulare
2147 1377 2213 1431 de
2246 1394 2349 1433 suo

767 1472 970 1523 misero
1016 1467 1151 1529 fetu,
1190 1468 1330 1536 quod
1373 1482 1551 1536 neque
1584 1477 1779 1521 natura
1831 1485 2005 1538 neque
2055 1469 2346 1548 hominum

767 1564 1052 1632 integritas
1116 1562 1265 1614 novit
1297 1600 1312 1624 ,
1346 1561 1492 1616 Deus
1549 1568 1731 1614 autem
1782 1561 2080 1630 prohibuit.
2110 1562 2345 1635 Largum

766 1658 931 1726 igitur
970 1656 1075 1709 illis
1104 1666 1156 1707 et
1185 1655 1417 1709 multum
1467 1664 1519 1709 et
1550 1654 1757 1708 clarum
1791 1655 1931 1709 hoc:
1964 1656 2038 1710 Da
2098 1659 2229 1713 mihi
2273 1663 2350 1711 fe-

766 1761 879 1803 tmn
936 1752 953 1820 (
1010 1749 1092 1803 vel
1149 1746 1381 1819 foenus)
1451 1762 1656 1803 meum.
1691 1749 1948 1815 Qualem.
2000 1750 2348 1806 faenerator?

766 1844 938 1909 Quem
975 1853 1027 1895 ιιι
1060 1840 1317 1911 genuisti,
1367 1841 1454 1896 vel
1510 1857 1675 1912 quem
1720 1842 1916 1897 ancilla
1974 1851 2063 1897 tua
2111 1845 2341 1913 genuit,

2464 634 2739 702 ἐπάρατός
2762 636 2882 686 ἐστι
2907 636 3003 686 καὶ
3033 634 3357 705 ὲπίρῤητος.
3395 634 3539 703 Ἐγὼ
3563 636 3621 690 δὲ
3655 640 4035 706 συννοούμενος

2464 727 2559 777 καὶ
2596 725 2746 788 ὅπως
2780 727 2827 778 οἱ
2857 725 3211 793 τοκογλύφοι,
3246 725 3460 778 πολλῶν
3517 728 3690 782 ὄντων
3716 730 3897 783 τόκων
3931 734 4032 802 (τί-

2463 834 2654 869 κτουσι
2677 819 2788 887 γὰρ
2804 818 2867 869 οὐ
2905 817 3191 889 μόνονάνθ
3201 835 3399 887 ρωποι,
3433 819 3571 873 ἀλλὰ
3595 824 3694 875 καὶ⁵
3716 824 3861 885 ζῶον
3879 826 4034 890 ἅπαν,

2462 910 2587 979 δίχα
2616 926 2682 977 γε
2714 910 2813 963 τοῦ
2847 911 2993 964 κατὰ
3014 912 3142 973 τοὺς
3164 913 3348 979 γῦπας
3378 912 3550 983 φύλου
3574 930 3587 944 ·
3618 915 3836 984 λέγεται
3863 919 3924 971 δὲ
3947 922 4034 973 καὶ

2467 1001 2541 1070 γῆ
2571 1002 2780 1054 τίκτειν
2806 1003 2903 1055 καὶ
2930 1001 3179 1056 θάλασσα
3200 1021 3215 1035 ·
3250 1004 3427 1057 τίκτει
3460 1004 3519 1058 δὲ
3553 1007 3648 1060 καὶ
3678 1009 3803 1072 νοῦς
3851 1015 4034 1078 γεννὴ.

2466 1110 2616 1164 ματα
2634 1096 2893 1164 προσφυῆ
2916 1112 2931 1125 ο
2961 1096 3058 1148 καὶ
3084 1096 3222 1160 ὅλως
3247 1096 3628 1151 πεπλάτυνται
3657 1101 3717 1152 τὸ
3752 1102 3927 1171 δνομα
3949 1104 4033 1156 τοῦ

2461 1187 2662 1257 τόκου)
2699 1214 2769 1227 —-
2793 1189 2843 1240 οι
2872 1186 2930 1241 δὲ
2960 1188 3175 1242 ἰδίασαν
3211 1190 3344 1243 αὐτὸ
3373 1195 3519 1245 κατά
3548 1209 3600 1245 τι
3635 1193 3917 1262 ἐξαίρετον
3951 1195 4034 1247 ἐπὶ

2459 1278 2555 1333 τοῦ
2612 1280 2736 1333 κατ’
2773 1281 2975 1344 αὐτοὺς
3031 1282 3296 1336 δυστόκου
3349 1287 3536 1339 τόκου,
3604 1284 3743 1339 οὔτε
3795 1288 3830 1356 ἡ
3883 1287 4034 1354 φύσις

2460 1364 2624 1432 οἶδεν,
2657 1368 2841 1438 οὕτεή
2875 1370 2999 1423 κατ’
3034 1373 3324 1442 ἄνθρωπον
3366 1375 3619 1445 ὀρθότης,
3639 1380 3736 1429 καὶ
3764 1377 3794 1428 ό
3827 1376 3960 1440 Θεὸς
3979 1377 4031 1429 δὲ

2458 1464 2842 1535 ἀπηγόρευσε.
2892 1465 3076 1519 ιιλατὺ
3132 1466 3265 1533 γοῦν
3287 1468 3472 1531 αὐτοῖς
3511 1470 3605 1522 καὶ
3637 1470 3772 1524 πολὺ
3796 1470 3891 1522 καὶ
3917 1487 4032 1536 spa-

2459 1556 2551 1618 νὲς
2577 1556 2639 1608 τό
2660 1573 2674 1588 ·
2706 1556 2808 1620 Δός
2839 1573 2932 1624 μοι
2963 1556 3057 1609 τὸν
3086 1558 3247 1611 τόκον
3283 1576 3406 1627 μου.
3451 1562 3635 1627 Ποῖον,
3665 1554 3710 1615 ὦ
3742 1562 4030 1625 δανειστά;

2457 1649 2517 1702 δν
2545 1650 2610 1702 σὺ
2631 1650 2956 1718 ἐγέννησας,
3012 1650 3073 1703 δν
3122 1650 3178 1703 δὲ
3209 1654 3243 1722 ἡ
3278 1653 3541 1724 παιδίσκη
3575 1671 3692 1722 σου,
3716 1655 3775 1707 δν
3800 1655 3858 1707 δὲ
3887 1659 3919 1727 η
3950 1657 4031 1707 θυ-

2459 1742 2641 1812 γάτηρ
2668 1759 2762 1794 σου
2798 1741 2831 1811 ἢ
2860 1744 2888 1795 6
2919 1742 3046 1811 βοῦς
3085 1744 3241 1814 σουῆ
3276 1746 3476 1813 ἰππος;
3537 1746 3637 1813 Οὓ,
3676 1750 3867 1816 φησὶν,
3909 1748 4031 1801 ἀλλὰ

2460 1836 2552 1889 τὸν
2580 1833 2675 1887 τοῦ
2698 1835 2967 1905 ἀργυρίου
3014 1853 3137 1906 μου.
3170 1838 3410 1907 Θητικον
3464 1839 3544 1903 δὲ,
3578 1833 3623 1892 ὦ
3652 1840 3931 1908 ἄνθρωπε,
3980 1841 4033 1892 τὸ

766 1937 848 1992 vel
912 1951 1072 2005 quem
1118 1934 1326 2004 peperit
1392 1933 1500 1989 lilia
1555 1943 1684 2001 tua,
1731 1936 1813 1990 vel
1866 1936 1998 1999 bos,
2044 1938 2129 1991 vel
2175 1939 2356 2007 equa?

2460 1927 2725 1998 ἀργύριόν
2786 1943 2904 1992 σου,
2969 1927 3114 1981 ὥστε
3146 1934 3242 1982 καὶ
3272 1931 3498 2001 γεννᾷν.
3550 1932 3881 2001 Καταγελᾷν
3914 1950 4029 1999 μου,

769 2030 917 2089 Non,
954 2029 1156 2096 inquit,
1186 2027 1285 2083 sed
1314 2030 1522 2097 argenti
1560 2031 1664 2083 mei
1714 2028 1905 2084 fetum.
1942 2033 2344 2087 Mercenarinm

768 2132 949 2175 autem
974 2163 987 2183 ,
1020 2121 1200 2181 sodes,
1234 2129 1384 2174 tuum
1417 2130 1706 2189 argentum
1740 2131 1846 2189 est,
1898 2134 1955 2177 ιιι
1984 2127 2147 2178 etiam
2184 2140 2353 2194 gene-

767 2236 889 2276 rare
922 2215 1375 2281 valcatNideris,
1419 2216 1613 2285 inquit,
1640 2217 1853 2271 debitor
1890 2258 1905 2283 ,
1932 2217 2162 2274 irridere
2197 2220 2351 2282 mihi,

765 2312 861 2367 sed
918 2310 986 2365 da
1056 2308 1187 2362 mihi
1244 2307 1424 2363 fmnus
1490 2323 1693 2362 meum.
1757 2308 1855 2363 llic
1911 2318 2088 2363 autem
2148 2309 2193 2365 si
2244 2326 2352 2363 non

766 2404 1005 2471 gravior,
1037 2409 1091 2455 at
1156 2407 1304 2455 certe
1358 2400 1623 2455 risihilior
1684 2410 1767 2456 est
1822 2417 2024 2468 sermo,
2056 2401 2353 2458 fanerato-

766 2499 864 2557 ris.
899 2498 1003 2551 illis
1033 2511 1149 2566 qua:
1183 2494 1377 2563 qurerit
1423 2494 1603 2548 orbati
1660 2494 1873 2549 scilicet
1906 2511 1921 2549 :
1958 2494 2121 2550 Fetus
2178 2496 2356 2567 perdi-

765 2595 962 2646 dzrunt
1030 2606 1111 2642 me
1170 2605 1275 2644 non
1320 2587 1507 2642 soluti.
1557 2588 1701 2658 Ergo
1753 2588 1995 2663 tandem,
2035 2588 2352 2655 fmncrattir,

769 2699 874 2735 non
955 2688 1040 2735 est
1115 2679 1209 2734 tibi
1268 2679 1603 2733 dominicum
1678 2679 1809 2733 illttd
1875 2681 2098 2734 bonum.
2166 2680 2354 2734 Domi-

768 2790 872 2828 nus
914 2773 1057 2827 enim
1106 2770 1273 2826 fetum
1337 2786 1445 2825 non
1488 2772 1685 2839 perdit,
1721 2771 1817 2826 sed
1878 2772 2017 2827 ditat
2051 2773 2355 2844 majoribus

769 2865 1206 2927 accessionibus,
1238 2874 1292 2919 et
1322 2863 1542 2919 beatum
1573 2863 2011 2934 honoratumque
2044 2864 2211 2928 facit;
2256 2865 2352 2919 sed

766 2958 912 3012 tctus
953 2958 1053 3012 iste
1086 2956 1285 3026 perdit,
1324 2965 1393 3010 ut.
1429 2963 1486 3009 tu
1543 2956 1701 3011 dicis.
1732 2955 1914 3011 Perdit
1958 2955 2104 3010 enim
2137 2964 2189 3010 te
2220 2972 2356 3025 qua-

769 3064 932 3107 tenus
961 3052 1026 3105 ad
1061 3052 1320 3115 animam,
1356 3050 1509 3105 illum
1546 3059 1727 3104 autem
1762 3054 1854 3119 qui
1913 3050 2010 3105 tibi
2064 3050 2357 3120 subjicitur

768 3153 1039 3213 quatenus
1092 3144 1157 3197 ad
1214 3143 1377 3196 vitam
1427 3160 1440 3196 :
1498 3143 1640 3212 quod
1714 3141 1895 3197 ahsitl
1954 3142 2059 3197 Sed
2113 3152 2167 3196 et
2231 3158 2354 3196 cum

771 3238 988 3305 a‘iiquis,
1028 3251 1095 3290 ne
1132 3234 1301 3289 fetum
1347 3235 1485 3305 (aut
1518 3234 1745 3303 faenus)
1790 3235 1956 3299 dicat,
1993 3234 2201 3304 pudore
2235 3250 2359 3304 pro-

772 3329 999 3391 h'ihitus,
1028 3328 1173 3382 hunc
1228 3328 1575 3381 commodum
1613 3336 1794 3391 VOcat,
1843 3325 2222 3395 ambiguitatis
2268 3326 2352 3379 lo-

771 3436 896 3474 cum
938 3422 1102 3475 istum
1166 3420 1281 3490 ipse
1327 3419 1641 3488 reperiens,
1702 3428 1834 3473 tunc
1882 3419 2097 3488 aliquis,
2148 3421 2353 3473 emisso

775 3515 885 3566 risu
938 3523 1088 3567 certe
1118 3511 1464 3580 gravissimo,
1521 3511 1760 3580 deinque
1808 3511 2140 3580 quibusdam
2187 3511 2353 3565 dictis

773 3622 800 3656 ιι
829 3605 1177 3659 sanctissimo
1207 3602 1374 3657 David
1402 3605 1723 3673 assumptis,
1764 3603 1907 3658 dicet
1950 3621 1964 3658 :
1997 3603 2152 3670 Quod
2205 3619 2356 3659 com-

771 3696 993 3751 modum
1037 3698 1091 3749 in
1122 3705 1350 3765 argento
1379 3704 1495 3761 tuo,
1527 3696 1675 3765 quod
1711 3703 1765 3750 te
1798 3696 2037 3751 demittit
2067 3697 2133 3751 ad
2170 3698 2359 3766 perdi-

773 3789 1018 3845 tionem?
1047 3787 1299 3843 Odolose
1320 3789 1645 3854 faenerator,
1676 3805 1961 3859 usquequo
2020 3790 2145 3844 talis
2212 3790 2360 3844 eris?

776 3883 1032 3937 Dolosum
1058 3882 1199 3936 enim
1228 3883 1440 3952 appello
1468 3889 1520 3936 te
1563 3892 1725 3944 recte,
1757 3899 1966 3936 necnon
2016 3897 2364 3952 consequen-

776 3988 860 4030 ter
886 3976 1163 4045 copulanti
1210 3976 1339 4027 talia
1406 3990 1603 4044 magno
1661 3975 1942 4043 propheta:
1976 3989 2041 4029 ac
2101 3974 2234 4043 regi,
2271 3973 2364 4042 qui

774 4069 916 4133 loco,
954 4067 1044 4119 ubi
1080 4068 1146 4119 de
1172 4066 1383 4120 fortiore
1409 4066 1607 4133 agitur,
1642 4067 1721 4121 sic
1744 4074 2072 4135 cxproorat:
2118 4080 2286 4121 usura
2310 4072 2365 4118 et

774 4158 931 4213 dolus
963 4159 1246 4212 manifeste
1267 4169 1594 4211 exercentur
1635 4159 1686 4211 in
1715 4159 1907 4227 plateis
1930 4199 1944 4224 ,
2008 4166 2199 4229 utpote
2239 4157 2367 4212 dolo

2458 2021 2647 2091 φησὶν,
2677 2020 2887 2087 ἔοικας,
2918 2016 2964 2075 ὦ
2995 2023 3272 2090 χρεῶστα.
3327 2024 3400 2075 Σὺ
3427 2024 3483 2076 δὲ
3514 2024 3602 2085 δός
3630 2042 3721 2092 μοι
3757 2029 3851 2078 τὸν
3880 2026 4029 2077 τόκον

2461 2131 2589 2184 μου.
2626 2114 2832 2167 Τούτου
2857 2115 2914 2167 δὲ
2939 2116 2990 2167 ει
3025 2117 3102 2185 μὴ
3135 2114 3460 2186 βαρύτερον,
3491 2116 3609 2169 ἀλλ’
3640 2115 3734 2169 οὖν
3770 2117 4031 2183 γελοιότε-

2461 2227 2554 2282 ρον
2584 2211 2765 2281 νόημα
2817 2210 3123 2277 δανειστοῦ,
3164 2215 3500 2283 στερομένου
3541 2207 3617 2266 ὧν
3640 2212 3816 2282 ζητεῖ,
3847 2216 3933 2264 τό·
3974 2214 4032 2265 0t

2456 2303 2608 2357 τόκοι
2646 2302 2943 2358 ἀπώλεσαν
2981 2323 3071 2375 με,
3122 2306 3198 2375 μὴ
3241 2305 3515 2375 διδόμενοι
3570 2305 3802 2376 δηλαδή.
3841 2306 4032 2358 Λοιπὸν

2457 2395 2590 2467 ἄρα,
2623 2392 2668 2449 ὦ
2697 2397 2948 2461 τοκιττὰ,
3003 2398 3104 2451 ούκ
3158 2398 3275 2451 ἔστι
3325 2416 3409 2452 σοι
3462 2400 3730 2469 κυριακὸν
3776 2399 3938 2452 τοῦτο
3981 2400 4035 2450 τὸ

2458 2488 2687 2555 ἀγαθόν.
2734 2488 2793 2541 '0
2830 2488 3034 2559 Κύριος
3064 2491 3163 2553 μὲν
3190 2493 3298 2561 γὰρ
3329 2493 3431 2545 ούκ
3464 2493 3706 2557 άπὸλλει,
3747 2494 3886 2546 ἀλλὰ
3946 2496 4032 2545 καὶ

2458 2585 2741 2649 πλουτίζει
2770 2587 3014 2655 μείζοσιν
3044 2586 3358 2659 ὲπιθήκαις,
3409 2590 3505 2642 καὶ
3547 2590 3918 2658 εύδαιμονίζει
3950 2595 4035 2642 καὶ

2456 2681 2626 2751 τιμᾷ·
2665 2682 2693 2732 6
2724 2680 2779 2732 δὲ
2835 2682 2993 2743 τόκος
3041 2677 3197 2745 οὗτος
3240 2683 3529 2749 ἀπόλλυσι,
3588 2685 3734 2737 καθὰ
3786 2685 3852 2737 σὺ
3910 2684 4029 2752 φῄς.

2469 2772 2759 2826 Ἀπόλλυσι
2785 2772 2842 2826 δέ
2875 2790 2936 2825 σε
2972 2773 3070 2841 μὲν
3098 2773 3167 2826 τὰ
3196 2776 3251 2837 ἐς
3278 2776 3483 2845 ψυχὴν,
3510 2776 3601 2829 τὸν
3627 2778 3681 2829 δὲ
3709 2778 4038 2830 καταϐαλλό-

2463 2867 2620 2934 μενον
2653 2883 2736 2919 oo:
2767 2865 2931 2918 αὐτὸν
2960 2865 3031 2919 τὰ
3069 2867 3127 2929 ἐς
3164 2866 3328 2934 ζωὴν,
3362 2867 3437 2930 ὡς
3495 2867 3570 2937 μὴ
3604 2867 3836 2935 ὤφελεν.
3899 2871 4034 2921 Ἀλλ’

2457 2958 2545 3010 ὅτε
2581 2959 2675 3010 καὶ
2697 2957 3019 3028 αἰδούμενός
3048 2976 3132 3021 τις
3154 2958 3312 3011 τόκον
3342 2962 3540 3022 εἰπεῖν,
3573 2960 3845 3028 ὠφέλειαν
3879 2961 4037 3013 αὐτὸν

2459 3048 2700 3113 καλέσει,
2739 3050 3125 3118 πολυωνυμίας
3154 3051 3323 3103 τόπον
3376 3051 3565 3105 τοῦτον
3592 3053 3756 3115 αὐτὸς
3782 3054 4035 3123 ἐξευρὼν,

2458 3142 2581 3194 τότε
2621 3141 2687 3211 δὴ
2717 3141 2957 3209 γελάσας
2980 3157 3065 3204 τις
3092 3142 3230 3211 πρὸς
3261 3141 3566 3212 βαρύτητα,
3601 3137 3721 3195 εἶτα
3747 3148 3841 3196 καὶ
3868 3162 4038 3211 παρτι-

2461 3233 2678 3302 φράσας
2709 3234 2773 3285 ἐκ
2798 3233 2908 3285 τῶν
2937 3232 3031 3285 τοῦ
3056 3234 3364 3301 άγιωτάτου
3392 3235 3556 3288 Δαυῒδ
3586 3238 3705 3305 ἐρεῖ
3724 3255 3738 3269 ·
3767 3238 3865 3299 Τίς
3900 3238 4038 3303 ὡςέ-

2460 3323 2579 3375 λεια
2611 3325 2668 3375 ἐν
2694 3323 2774 3393 τῷ
2808 3325 3059 3393 ἀργυρίῳ
3091 3342 3209 3387 σου,
3239 3327 3297 3378 ὲν
3325 3325 3404 3393 τῷ
3428 3326 3820 3391 καταϐιϐάζειν
3860 3346 3918 3381 σε
3968 3331 4037 3390 εἰς

2461 3416 2761 3485 διαφθοράν
2780 3432 2798 3483 ;
2819 3412 2889 3469 Ὠ
2911 3418 3052 3469 δόλιε
3072 3419 3375 3487 τοκογλύφε
3402 3419 3683 3486 ἄνθρωπε,
3714 3422 3887 3490 μέχρι
3907 3424 4039 3483 τίνος

2460 3507 2701 3570 τοιοῦτος
2720 3507 2820 3580 ἔσῃ
2846 3522 2861 3571 ;
2890 3508 3075 3560 Δόλιον
3097 3509 3206 3578 γάρ
3240 3526 3298 3560 σε
3324 3510 3589 3562 ἀποκαλὼ
3616 3511 3933 3573 εύθυὸόλως
3956 3514 4040 3563 καὶ

2463 3601 2775 3664 ἀκολούθως
2798 3600 2878 3670 τῷ
2909 3602 3261 3664 συνδυάξοντι
3296 3604 3365 3656 τὶ
3396 3603 3624 3655 τοιαῦτα
3661 3604 3889 3673 μεγάλῳ
3924 3622 4043 3672 προ·

2462 3694 2610 3766 φητῃ
2640 3696 2734 3746 καὶ
2758 3693 2991 3763 βασιλεῖ.
3041 3694 3100 3756 ὃς
3140 3694 3395 3759 ὀνειδίζει
3453 3696 3641 3756 τόπον,
3696 3696 3826 3748 ἔνθα
3855 3698 4037 3757 τόκος·

2462 3788 2556 3839 καὶ
2578 3787 2737 3848 τόκος
2774 3788 2870 3839 καὶ
2902 3786 3052 3848 δόλος
3102 3786 3585 3857 παρῤησιάζεσθον
3642 3791 3735 3840 ἐπὶ
3776 3789 3887 3840 τῶν
3923 3789 4045 3840 xko-

2471 3879 2656 3941 τειῶν,
2692 3879 2767 3940 ὡς
2816 3878 3315 3943 ἐπακολουθοῦντος
3372 3880 3595 3943 πάντως
3648 3881 3742 3932 καὶ
3795 3880 3948 3933 δόλου
3977 3880 4043 3949 τῷ

2473 3972 2640 4043 τόκῳ.
2673 3972 2978 4025 Ψεύδονται
3002 3974 3112 4043 γὰρ
3141 3975 3590 4044 ὁμολογουμένως
3619 3974 3687 4026 τά
3712 3992 3773 4026 τε
3800 3975 3938 4027 ἄλλα
3962 3977 4045 4025 καὶ

2474 4065 2574 4133 τὴν
2597 4064 2741 4117 κατὰ
2771 4064 2903 4117 Θεὸν
2933 4065 3153 4134 ἀγάπην
3209 4069 3257 4118 οἱ
3290 4067 3382 4118 ἐπὶ
3424 4067 3652 4135 ἀοέσμῳ
3702 4067 3853 4136 τόκῳ
3884 4068 4045 4119 δανείς

2475 4155 2683 4220 ζοντες.

775 4252 977 4319 ubique
1041 4252 1216 4305 fmnus
1271 4255 1586 4307 comitante.
1657 4252 1831 4306 Simili
1893 4268 2128 4323 namque
2206 4251 2370 4306 modo
2440 4252 2589 4305 etin
2654 4252 2866 4306 ctetctis
2910 4252 3147 4307 divinam
3190 4254 3509 4307 (haritatcm
3561 4256 3906 4308 mentiuntur
3956 4254 4043 4308 ilTi-

775 4352 888 4405 cito
921 4348 1129 4404 fmnore
1159 4350 1584 4405 commodantes.

854 4438 1080 4491 διεδ
1131 4440 1387 4505 quoniam
1436 4449 1487 4493 ct
1543 4440 1676 4496 alias
1740 4441 1906 4495 multa
1941 4442 2008 4496 de
2066 4443 2160 4496 tali
2217 4442 2358 4494 malo

782 4532 1051 4591 hortatus,
1088 4528 1222 4579 nihil
1258 4528 1486 4596 profeci,
1521 4531 1651 4597 quin
1689 4532 1853 4584 etiam
1894 4532 2101 4585 adauxi
2129 4533 2358 4593 malum,

2538 4440 2630 4494 v6'.
2670 4439 2811 4493 Ἀλλ’
2840 4439 3025 4511 ἐπειδὴ
3048 4443 3135 4493 καὶ
3166 4441 3354 4495 ἄλλοτε
3389 4443 3558 4496 πολλὰ
3600 4446 4041 4512 παραινέσας

2470 4532 2549 4602 τῷ
2574 4531 2805 4601 τοιούτῳ
2836 4532 3015 4601 κακῷ,
3050 4534 3252 4595 ἀνύσας
3285 4535 3394 4602 ἔχω
3421 4535 3597 4597 οὐδὲν,
3631 4538 3773 4590 ἀλλά
3808 4557 3911 4591 που
3963 4544 4039 4589 κεῖ

776 4633 826 4675 et
862 4621 1140 4691 partuales
1192 4620 1384 4674 anima:
1421 4636 1553 4675 meae
1604 4623 1821 4677 dolores
1849 4628 2022 4690 ,l‘enus
2080 4626 2357 4694 magistra-

2477 4624 2909 4694 προσεπηύξησα
2932 4625 2993 4675 τὸ
3026 4624 3223 4685 δεινὸν,
3256 4627 3349 4675 καί
3375 4642 3465 4693 μοι
3494 4628 3549 4677 αἱ
3587 4629 3686 4695 τῆς
3714 4629 3899 4699 ψυχῆς
3930 4631 4041 4682 (1)6?-

780 4714 908 4775 lcm,
964 4724 1021 4765 ιιι
1058 4712 1344 4766 informem
1390 4713 1583 4775 fetum,
1625 4713 2001 4783 produxerunt
2046 4716 2112 4770 ad
2152 4717 2362 4782 lucem;

783 4807 878 4860 tibi
906 4806 1031 4867 soli,
1094 4806 1187 4873 qui
1256 4819 1449 4872 magna
1509 4814 1817 4876 cunctaque
1875 4817 2051 4876 potes,
2109 4809 2363 4873 Domine,

780 4897 1087 4959 committo,
1113 4905 1170 4949 ut
1204 4897 1426 4949 abortiri
1456 4898 1624 4952 facias
1650 4903 1858 4953 lzunccc
1885 4901 2125 4955 validum
2176 4902 2364 4963 fetum,

787 4990 1115 5043 dialtolicatn
1190 4990 1652 5058 productionem,
1719 4993 2037 5060 t'upiditatis
2110 5002 2367 5062 partum,

781 5082 873 5151 qui
903 5080 1099 5133 fratres
1134 5081 1340 5133 rustice
1377 5080 1511 5141 odit,
1546 5083 1638 5151 qui
1677 5082 1932 5137 inimicus
1961 5095 2049 5139 est
2091 5084 2185 5138 Dei
2235 5084 2373 5138 Dco—

784 5190 889 5241 que
930 5173 1177 5226 odiosus.

848 5262 937 5316 55.
984 5261 1189 5315 Prmter
1224 5263 1332 5328 iam
1376 5263 1522 5316 dicta
1559 5265 1766 5317 malum
1798 5265 1962 5319 etiam
2001 5267 2240 5320 declinat
2276 5269 2368 5336 qui

783 5354 1105 5408 maledicum
1136 5353 1425 5418 diﬂitetur,
1475 5356 1567 5421 qui
1619 5355 2075 5409 calumniatorem
2130 5356 2367 5424 repellit,

780 5446 875 5513 qui
905 5460 1014 5498 non
1049 5454 1328 5499 scrutatur
1364 5447 1650 5499 hominum
1680 5447 1821 5500 vitas
1867 5448 2075 5516 absque
2131 5450 2374 5503 necessi-

780 5545 889 5591 tate
934 5551 1033 5590 nec.
1090 5552 1203 5591 rem
1238 5538 1303 5591 ad
1364 5553 1423 5592 se
1469 5553 1578 5591 non
1634 5539 1992 5607 pertinentem
2033 5541 2147 5595 sive
2173 5556 2375 5595 secun-

781 5629 910 5679 dum
936 5628 1209 5695 Spiritum,
1236 5629 1352 5683 sive
1378 5631 1678 5697 secundum
1711 5646 1971 5697 carnem;
1998 5633 2088 5706 qui
2113 5634 2295 5687 dolum
2320 5634 2371 5685 in

785 5720 1015 5790 negotiis
1040 5734 1146 5771 non
1173 5730 1409 5787 exet-ret,
1440 5722 1531 5790 qui
1562 5724 1802 5789 regulam
1838 5724 1888 5775 ιιι
1911 5724 2230 5777 servitutem
2266 5741 2372 5779 non

780 5810 998 5879 redigit;
1023 5813 1113 5879 qui
1140 5826 1247 5865 non
1268 5812 1413 5879 leges
1440 5814 1654 5877 calcat;
1700 5815 1789 5883 qui
1826 5816 2098 5867 seniorem
2136 5816 2371 5868 honora-

782 5900 1142 5971 biiioremque
1169 5920 1225 5957 se
1251 5921 1356 5957 tmn
1383 5908 1557 5958 solum
1589 5910 1790 5974 primas
1819 5916 2004 5959 tenere
2032 5908 2182 5971 sinit,
2219 5919 2269 5961 et
2299 5911 2372 5967 izli

2471 4732 2559 4776 νες
2583 4715 2741 4768 τόκον
2786 4714 3167 4769 διδασκαλικὸν
3201 4715 3491 4785 ἐξέφηναν,
3527 4713 3618 4769 οἶα
3666 4720 3764 4772 καί
3797 4739 3921 4773 τινα
3955 4723 4041 4790 p.5-

2470 4807 2569 4875 λην
2594 4824 2607 4836 ·
2641 4808 2725 4859 σοὶ
2751 4806 2917 4876 μόνῳ,
2951 4806 3366 4875 μεγαλοδύναμε
3398 4811 3491 4861 καὶ
3519 4811 3906 4883 παντῡόύναμε
3938 4813 4039 4866 Κύ-

2476 4917 2580 4969 ριε.
2612 4900 2911 4968 ἀνατίθημι
2943 4900 3298 4969 ἐξαμύλῶσαι
3321 4902 3414 4953 τὸν
3450 4903 3613 4971 ἁδρὸν
3649 4903 3848 4957 τοῦτον
3872 4907 4038 4964 τόκιν,

2472 4990 2535 5042 τὸ
2559 4991 2876 5059 δαιμονικὸν
2899 4991 3171 5061 γέννημα,
3208 4993 3269 5044 τὸ
3292 4992 3394 5061 τῆς
3418 4992 3761 5060 ,πλεονεξίας
3806 4997 4040 5063 ἀποκύη-

2477 5100 2573 5151 μα,
2607 5082 2667 5134 τὸ
2707 5084 2922 5152 ἄγριον,
2963 5085 3025 5135 τὸ
3053 5083 3402 5151 μισάδελφον,
3442 5084 3504 5138 τὸ
3534 5089 3631 5139 καὶ
3670 5090 3929 5157 μισόθεον
3960 5091 4039 5141 xz‘:

2475 5174 2752 5243 θεομισές.

2546 5264 2639 5319 νε’,
2680 5268 2802 5318 Ἐτι
2836 5267 2971 5336 πρὶς
2994 5270 3108 5329 τοῖς
3136 5268 3452 5338 εἰρημένοις
3477 5269 3728 5325 ἐκκλίνει
3764 5275 3934 5328 κακὸν
3961 5274 4041 5326 καὶ

2474 5358 2503 5409 6
2526 5358 2619 5409 τον
2657 5358 3000 5428 συκοφάντην
3023 5360 3444 5431 ἁποπροσποιού
3454 5380 3639 5431 μενος,
3672 5367 3773 5420 καὶ
3808 5369 3839 5419 6
3858 5368 3947 5418 τὸν
3966 5371 4038 5418 ἐνο

2474 5450 2832 5504 διαϐάλλοντα
2858 5452 3301 5523 παρωθούμενος,
3335 5456 3432 5510 καὶ
3476 5458 3503 5508 ὁ
3558 5458 3635 5527 μὴ
3691 5459 3933 5528 ἐρευνῶν
3961 5460 4038 5511 ἁν-

2477 5541 2712 5612 θρώπων
2736 5542 2889 5612 βίους
2918 5546 2995 5606 εἰς
3026 5546 3184 5599 οὐδὲν
3211 5547 3333 5599 δέον
3367 5554 3463 5601 καὶ
3503 5550 3673 5619 μηδὲν
3695 5553 3854 5623 αύτῷ
3892 5568 4039 5625 προστ

2477 5634 2609 5702 ἧκον
2632 5634 2757 5689 οὔτε
2790 5637 2930 5690 κατὰ
2983 5638 3226 5707 πνεῦμα,
3273 5640 3398 5694 οὔτε
3433 5644 3578 5696 κατὰ
3614 5646 3800 5715 σάρκα
3826 5664 3841 5678 ·
3879 5649 3905 5699 ό
3956 5646 4037 5713 τὴν

2479 5729 2868 5799 πραγματείαν
2892 5730 3203 5795 ἀδολίευτος
3223 5750 3237 5766 ·
3273 5736 3300 5786 ὁ
3335 5736 3408 5803 μὴ
3434 5737 3526 5787 τὸν
3548 5739 3754 5791 κανόνα
3791 5739 4035 5793 κατιὼν·

2478 5821 2772 5891 λούμενος·
2811 5823 2839 5873 6
2870 5824 2943 5892 μὴ
2975 5826 3101 5885 τοὺς
3136 5828 3335 5894 νόμους
3358 5830 3697 5881 καταπατῶν
3722 5846 3739 5861 ·
3771 5834 3800 5883 ὀ
3823 5830 3899 5899 τῷ
3922 5846 4035 5897 πρε·

2482 5912 2727 5983 σϐυτέρῳ
2758 5914 2920 5966 αὐτοῦ
2953 5917 3048 5967 καὶ
3076 5917 3389 5987 τιμιωτέρῳ
3417 5921 3491 5988 μὴ
3525 5922 3686 5990 μόνον
3719 5919 3843 5976 διδοῦ
3874 5937 4031 5985 παρι-
