4210 6438
193 340 305 414 625

1184 360 1268 423 IN
1309 363 1370 424 S.
1411 361 2085 437 QUADRAGESIMAM
2125 379 2411 444 ORATIO
2441 386 2528 447 II.

3342 396 3450 458 626

189 465 388 529 γωρῶν
411 462 502 516 καὶ
535 464 810 538 καθιδρας
835 468 1289 542 ὑπεξιστάμενες,
1315 478 1497 548 πολλῷ
1526 481 1582 534 δὲ
1609 482 1761 534 πλέον

1871 490 1937 543 de
1963 494 2118 545 sedili
2180 498 2339 562 cedit,
2389 502 2484 554 sed
2529 503 2674 569 quod
2719 505 2884 558 multo
2918 515 3144 576 prsnstat
3172 508 3304 563 nihil
3338 529 3448 569 non

187 557 326 623 μηδὲ
362 559 892 629 καταναιδευόμενος
923 562 1018 615 τοῦ
1073 566 1340 634 τοιούτου,
1372 570 1507 623 ἀλλὰ
1539 574 1632 626 καὶ
1666 575 1754 628 λα⁹

185 645 408 708 λοῦντος
440 647 608 700 αὑτοῦ
635 667 736 702 σιω
749 653 880 714 πῶν,
908 655 1003 704 καὶ
1039 656 1220 722 ἀγαθὰ
1243 659 1343 726 μὲν
1366 662 1611 726 εἰπόντος
1638 684 1759 718 πει-

181 736 436 804 θόμενος.
469 740 761 794 πταίσαντι
785 743 840 796 δέ
866 761 917 798 τι
945 750 1353 816 συγγνωμονῶν
1382 752 1756 823 διακριτικῶςο

179 826 260 877 ἔτι
289 829 389 880 καὶ
411 829 438 880 6
470 830 563 883 τὸν
585 830 835 886 όπωσοῦν
875 838 1228 906 πλανώμενον
1281 843 1636 913 ἐπιστρέφων
1672 849 1760 916 ἐφ’

176 920 504 988 ὁποσονοῦν,
542 925 634 974 καὶ
669 926 880 990 ἐντίγων
933 930 1014 990 είς
1040 933 1139 992 τὴν
1170 932 1342 1004 ὀρθήν
1367 951 1381 966 ·
1435 939 1529 990 καὶ
1559 943 1585 992 6
1622 942 1760 1010 πρδς

176 1012 234 1062 τὸ
263 1014 627 1082 ἐρωτώμενον
679 1018 857 1086 ὀρθῶς
891 1022 1352 1092 ἀποκρινόμενος,
1379 1033 1475 1083 καὶ
1505 1033 1578 1103 μὴ
1619 1035 1761 1086 κατὰ

175 1105 499 1173 ὑπόκρισιν,
533 1108 602 1176 ἦν
624 1110 684 1161 τὸ
718 1113 816 1180 μὲν
843 1113 1100 1182 ἀληθινὸν
1132 1117 1269 1183 φῶς,
1305 1122 1337 1190 ἡ
1373 1122 1756 1195 αὑτοαλήθεια,

173 1195 202 1244 6
223 1193 363 1257 Θεὸς
394 1200 568 1266 μισεῖ.
605 1200 633 1251 6
663 1200 717 1252 δὲ
740 1201 836 1254 τοῦ
875 1205 1105 1270 σκότους
1130 1209 1318 1279 ἄρχων
1354 1193 1646 1284 ὑπερφιλὲί
1673 1217 1759 1270 διὰ

173 1287 237 1339 τ’)
272 1288 414 1356 πρὸς
444 1291 610 1343 αὑτὸν
642 1294 855 1360 ὅμοιον.

245 1380 363 1444 νς·’.
400 1384 471 1435 Ἦ
528 1384 637 1454 γὰρ
685 1387 748 1438 οὐ
784 1390 1061 1444 σκοτεινὸν
1096 1395 1247 1447 πᾶσα
1270 1395 1583 1466 ὑπόκρισις,
1637 1401 1760 1470 δίχα

172 1489 236 1538 γε
269 1474 375 1541 τῆς
417 1475 656 1542 λογικῶς
690 1481 1176 1553 παραδεδομένηςς
1229 1489 1290 1540 οὐ
1331 1490 1567 1562 μίμησις
1629 1493 1761 1564 ψιλὴ

173 1565 417 1631 ἀγαθοῦ,
447 1569 543 1620 καὶ
597 1569 759 1624 πλέον
809 1574 998 1640 οὐδένς
1027 1578 1300 1647 Ὄργανον
1347 1585 1563 1654 ἀπάτης
1597 1585 1756 1657 αὕτη,

175 1657 448 1720 ὑπόξυλος
478 1661 736 1732 καλλονὴ,
767 1665 988 1734 ἄγαλμα
1042 1674 1336 1740 πονηρίας,
1379 1677 1626 1746 ῥυπαρὸν
1663 1680 1761 1746 μὲν

174 1748 243 1798 τὰ
277 1747 435 1801 ἔνδον
471 1751 565 1803 καὶ
591 1753 978 1826 ὑπομόχθηρον
1009 1761 1104 1813 καὶ
1127 1762 1400 1834 κίϐδηλον,
1439 1771 1506 1822 τὰ
1541 1770 1596 1822 δὲ
1625 1787 1758 1840 προ-

177 1841 494 1909 φαινόμενα
534 1846 889 1914 περικαλλὲς,
921 1851 1014 1902 καὶ
1036 1851 1097 1903 οὐ
1123 1857 1262 1908 κατὰ
1297 1873 1350 1908 τι
1383 1859 1758 1927 χολοδάφινον,

174 1931 318 1982 ἀλλὰ
349 1933 597 2003 ἀμυδρόν
653 1955 706 1990 τι
763 1941 1094 2010 προλάμπον
1127 1948 1334 2018 χρυσέᾳ
1389 1952 1762 2021 στιλπνότητι.

176 2022 404 2084 Λάκκος
437 2027 576 2095 αὕτη
606 2029 1040 2100 κατηνθισμένος
1070 2037 1164 2087 ἐπὶ
1194 2038 1444 2112 ἀπωλείᾳ
1477 2044 1585 2094 τῶν
1612 2061 1765 2112 περι-

176 2117 544 2184 πεσουμένων
563 2135 578 2147 '
602 2119 781 2188 ψυχῆς
811 2125 1252 2197 ἑκπορνευούσης
1283 2133 1587 2202 μόρφασμα
1615 2153 1627 2166 ·
1660 2154 1761 2189 κα-

177 2205 277 2257 κία
313 2205 569 2272 ὖπουλος,
605 2211 809 2279 ἀρετὴν
834 2213 1197 2282 ἐπιφαίνουσα
1225 2221 1461 2290 διαϐόλῳ
1511 2227 1762 2280 αὐτείκε-

179 2299 306 2350 λον·
330 2299 527 2367 ψεῦδος
561 2302 828 2373 ινσαρκον
851 2323 864 2338 ⁸
897 2307 1066 2378 λιμὴν
1100 2313 1348 2378 φρίσσων
1384 2316 1551 2380 λίθοις
1583 2320 1761 2384 ὀξέσιν

182 2391 448 2456 ὑφάλοιςο
509 2395 679 2459 παγὶς
712 2396 1106 2467 εὐπρόσωπος-ο
1152 2407 1396 2473 χαροπὸν
1450 2408 1662 2478 θηρίον,
1699 2407 1761 2466 οὗ

180 2487 246 2552 τῆ
284 2485 408 2537 κατ’
439 2485 566 2552 δψιν
616 2491 762 2558 χαρᾷ
805 2489 867 2542 τὸ
893 2491 1001 2544 τῶν
1033 2494 1266 2549 ὀδόντων
1304 2498 1604 2567 ἀντιφωνεῖ
1627 2505 1761 2574 κάρ-

180 2594 373 2646 χαρον.
421 2579 744 2648 Ὀρθότητος
781 2582 919 2651 αὕτη
967 2585 1335 2659 ἐμπαίκτρια,
1393 2587 1474 2656 οἷς
1504 2595 1591 2647 ἀεὶ
1625 2599 1760 2649 πλα-

182 2667 388 2731 γιάζει,
435 2668 502 2720 τὰ
556 2669 729 2724 πολλὰ
767 2671 944 2726 δὲκαὶ
977 2675 1164 2746 κύκλῳ
1222 2686 1522 2751 περιπατεῖ
1545 2686 1760 2740 ἀσεδῶν

179 2757 365 2825 δίκην,
400 2759 544 2844 κατὰ
590 2761 682 2813 τὸν
711 2763 1049 2834 Ψαλμῳδόν.
1089 2769 1332 2840 Ἀγάπης
1363 2777 1608 2844 κρυπτ>ις
1636 2781 1757 2833 ὲπί-

179 2849 395 2912 σουλος,
435 2843 514 2913 οἷς
567 2851 856 2924 ὑφειμένη,
897 2858 1038 2909 κατὰ
1070 2860 1160 2911 τὸν
1188 2843 1436 2930 εἰπόντα,
1469 2865 1544 2930 ὡς
1577 2869 1758 2940 ἔχιδνα

178 2939 785 3004 λανθάνουσα,ἒκπίνει
826 2947 917 2997 τὸν
953 2947 1266 3019 ἄνθρωπον.
1325 2954 1579 3026 ’Δλῶπηξ
1621 2939 1759 3031 πλή-

182 3049 284 3100 ρης
313 3031 413 3098 μὲν
442 3033 620 3096 δόλου,
671 3035 940 3091 ἀπατῶσα
968 3039 1025 3091 δὲ
1068 3043 1193 3105 τοὺς
1228 3044 1458 3113 ἁπλοῦς,
1485 3052 1554 3103 τὰ
1587 3053 1758 3108 πλείω

1867 592 2184 636 veneranter
2208 590 2315 652 agit
2344 591 2392 642 in
2419 592 2594 654 illum.
2616 609 2801 648 verum
2825 597 3011 659 etiam,
3047 599 3139 652 illo
3164 601 3448 669 loquente,

1867 681 2028 735 tarrt,
2057 689 2108 727 ct
2140 677 2276 729 bona
2308 682 2523 749 quidem
2551 685 2750 740 dicenti
2777 688 2985 751 ohcdit,
3032 691 3236 760 aliquid
3268 704 3446 746 autem

1863 769 2104 832 peccanti
2167 769 2404 841 indulget
2451 780 2786 845 prudenter;
2840 781 2930 848 qui
3004 783 3165 835 etiam
3218 801 3450 852 quorum

1865 857 2153 928 docunque
2178 877 2471 926 errantem.
2498 880 2660 936 prout
2693 888 2780 926 res
2810 875 3001 926 volunt
3027 874 3237 928 reducit
3279 885 3332 928 et
3392 877 3446 929 in

1865 949 2010 1000 viam
2050 966 2250 1007 rectam
2277 957 2500 1027 dirigit;
2549 963 2641 1028 qui
2670 963 2732 1014 ad
2781 963 3112 1033 interrogata
3169 978 3317 1019 recte
3361 984 3441 1019 re-

1863 1041 2092 1105 spondet
2129 1053 2180 1096 ct
2227 1063 2332 1100 non
2365 1064 2457 1116 per
2507 1053 3041 1125 hypocrisim,qnam
3096 1057 3318 1125 quidem
3359 1060 3446 1111 lnx

1863 1145 2016 1194 vera,
2068 1134 2181 1202 ipsa
2253 1139 2491 1204 veritas,
2556 1141 2696 1198 Deus
2740 1143 2894 1210 odit,
2952 1147 3205 1215 princeps
3264 1158 3446 1203 autem

1863 1225 2205 1280 tenebrarum
2252 1231 2321 1285 ob
2370 1233 2782 1291 similitudinem
2818 1239 2904 1292 sui
2961 1240 3332 1310 maximopere
3365 1240 3449 1295 di-

1860 1313 1995 1382 ligit.

1934 1401 2022 1457 56.
2073 1402 2349 1475 Numquid
2402 1411 2544 1464 enim
2604 1415 2949 1469 tenebrosum
3011 1417 3144 1485 quid
3199 1433 3306 1470 non
3368 1432 3449 1471 est

1863 1493 2043 1545 omnis
2082 1497 2390 1564 hypocrisis
2421 1511 2614 1567 prmter
2674 1517 2793 1556 eam
2835 1519 2956 1570 quae
3012 1505 3182 1572 Ingice
3252 1507 3446 1560 tradita

1864 1591 1944 1636 est
1978 1582 2000 1634 ?
2036 1598 2215 1637 annon
2249 1601 2381 1640 vana
2426 1590 2551 1643 boni
2606 1593 2880 1647 simulatio
2931 1605 3301 1668 pnetercaque
3364 1600 3448 1650 ui-

1868 1673 1984 1724 hil'!
2037 1671 2159 1725 llaec
2193 1676 2529 1744 deceptionis
2557 1680 3002 1744 instrumentum,
3042 1687 3276 1738 conﬁcta
3327 1688 3446 1754 pul-

1865 1761 2138 1828 chritudo,
2179 1764 2404 1820 malitia:
2453 1766 2840 1832 simulacrum,
2895 1772 3176 1825 sordidum
3214 1757 3439 1842 quidem

1872 1853 2102 1908 interius
2133 1865 2186 1909 et
2222 1871 2448 1924 pravum
2487 1866 2540 1911 et
2592 1861 2976 1924 adulteratum,
3025 1867 3268 1919 exterius
3319 1880 3443 1918 vero

1870 1947 2278 2014 perpulchrum,
2308 1958 2360 2001 et
2396 1965 2500 2003 non
2537 1953 2838 2005 secundum
2892 1955 3024 2022 quid
3087 1955 3214 2010 bilis
3256 1957 3442 2010 colore

1866 2035 2088 2098 ﬂavum,
2152 2040 2245 2093 sed
2311 2040 2710 2095 subobscurum
2771 2044 2898 2109 quid
2960 2058 3126 2098 aurea
3191 2047 3441 2100 claritate

1867 2125 2339 2192 prmlncens.llzec
2417 2130 2645 2199 laqueus
2731 2130 2955 2187 ﬂoribus
3027 2143 3325 2189 exornatus
3371 2139 3440 2188 ad

1866 2218 2227 2284 perditionem
2261 2223 2804 2289 supervenientium;
2861 2224 3057 2277 anima:
3111 2224 3438 2281 fornicantis

1864 2313 2082 2380 imago;
2153 2312 2394 2381 pravitas
2452 2313 2840 2381 dissimulata;
2899 2317 3172 2386 ingenium
3218 2318 3437 2371 diabolo

1864 2419 2089 2472 prorsus
2141 2405 2317 2459 simile
2382 2407 2714 2472 ostendens;
2782 2408 3128 2461 mendacium
3183 2410 3437 2464 incarna-

1863 2505 2010 2560 tum;
2048 2507 2237 2565 portus
2296 2496 2522 2565 rupibus
2570 2497 2747 2550 acutis
2788 2499 2841 2551 in
2926 2501 3058 2550 mari
3148 2500 3438 2553 latentibus

1863 2590 2224 2654 horrescens;
2264 2590 2491 2658 laqueus
2527 2590 2851 2657 speciosus;
2886 2592 3036 2644 vultu
3064 2593 3261 2645 ridi-uti
3296 2593 3431 2655 fera,

1861 2680 2017 2748 cujus
2058 2681 2215 2733 l'aciei
2265 2681 2415 2733 visus
2467 2682 2740 2736 hilaritate
2791 2685 3036 2736 dentimu
3089 2687 3231 2738 acris
3289 2688 3434 2738 acies

1863 2781 2086 2842 pugnat.
2133 2772 2466 2827 Rectitudini
2510 2775 2623 2828 haec
2654 2776 2874 2843 irridet,
2914 2777 3115 2845 quippe
3138 2794 3256 2846 qua:
3291 2794 3433 2833 sem-

1865 2877 1957 2927 per
1995 2860 2219 2930 obliquo
2256 2861 2428 2914 utitur
2456 2861 2675 2929 quidem
2735 2872 2906 2927 motu,
2947 2864 3269 2933 plerumque
3307 2879 3434 2919 vero

1862 2953 2122 3012 circuitu.
2157 2953 2453 3021 impiorum
2488 2953 2684 3017 instar,
2717 2954 2872 3023 jnxta
2913 2953 3288 3018 Psalmistanr,
3331 2957 3401 3010 ob

1860 3043 2440 3099 ambulaLChat-itatis
2505 3046 2677 3098 latens
2743 3046 3098 3109 insidiatrix,
3161 3055 3431 3114 quatenus

179 3123 238 3174 δὲ
266 3123 398 3185 τοὺς
432 3125 895 3197 εὐηθικωτέρους,
927 3127 1009 3192 οἷς
1035 3136 1306 3202 νεκρικῶς
1332 3139 1534 3210 ἑαυτὴν
1558 3161 1754 3199 κατευ-

1864 3138 2100 3192 humilis.
2126 3137 2281 3205 juxta
2317 3139 2688 3205 proverbium,
2709 3138 2851 3192 sicut
2888 3141 3068 3207 vipera
3095 3139 3313 3191 latitans
3339 3155 3430 3191 ex-

180 3217 357 3277 νάζςι.
393 3215 564 3283 Αὕτη,
593 3217 728 3288 πρὸς
752 3220 984 3289 αἴνιγμα
1021 3226 1251 3295 φράσαι,
1284 3233 1346 3282 τὸ
1378 3235 1488 3286 πᾶν
1514 3238 1629 3289 ἐστι
1659 3242 1753 3293 καὶ⁵

179 3306 238 3354 τὸ
275 3305 446 3372 μηδέν
469 3321 480 3335 ·
510 3308 688 3359 ἐκεῖνο
717 3309 840 3378 μὲν,
864 3304 948 3372 οἷς
977 3315 1320 3382 τεχνάζεται,
1356 3323 1416 3373 τὸ
1440 3322 1516 3385 δὲ,
1541 3320 1624 3387 οἷς
1660 3331 1753 3397 ἐρ-

185 3397 432 3459 γάζεται.
493 3396 755 3452 Βούλεται
791 3402 894 3470 μὲν
944 3405 1054 3476 γὰρ
1086 3404 1232 3461 θεῖόν
1282 3427 1335 3463 τι
1361 3408 1526 3478 εἶναι,
1564 3396 1752 3472 καθότι

175 3489 274 3539 καὶ
306 3488 503 3554 ἆγιονῗ,
533 3491 860 3546 άπεκϐαίνει
885 3494 942 3548 δὲ
969 3497 1050 3557 είς
1071 3498 1301 3567 δαίμονα
1333 3505 1633 3556 κακοποιὸν
1659 3511 1754 3561 καὶ

180 3579 258 3646 μὴ
292 3580 497 3643 εἰδότα,
527 3581 556 3633 ὃ
582 3582 636 3633 τί
672 3585 801 3636 ποτὲ
829 3586 945 3637 ἐστι
978 3587 1038 3639 τὸ
1063 3589 1272 3654 ἀγαθὸν
1306 3591 1409 3658 τῆς
1433 3594 1752 3664 ὀρθότητος·

177 3670 212 3737 ἢ
249 3672 346 3723 καί
374 3671 572 3732 ἄλλως.
602 3674 780 3728 εἰδότα
805 3676 926 3744 μὲν,
959 3677 1224 3732 ὀκνοῦντα
1252 3681 1312 3734 δὲ
1334 3685 1569 3753 χρῆσθαι
1593 3689 1753 3759 αὐτῇ.

1861 3230 2004 3296 sugit
2058 3231 2351 3283 hominem.
2400 3228 2599 3295 Vulpes
2635 3231 2835 3298 repleta
2866 3232 3026 3295 dolo,
3065 3243 3116 3283 et
3153 3231 3432 3298 simplices

1860 3331 1912 3375 et
1973 3322 2292 3388 plerumque
2337 3322 2778 3389 simplicissimos
2817 3338 3070 3392 quosque
3127 3323 3429 3388 decipiens,

1859 3413 2293 3482 quandoquidem
2314 3429 2392 3477 se,
2418 3415 2568 3468 velut
2590 3418 2842 3477 cadaver,
2863 3417 3224 3483 quiescentem
3257 3415 3425 3483 lingit.

1867 3506 2010 3570 lla-c,
2055 3514 2112 3558 ut
2165 3520 2316 3559 more
2359 3506 2566 3570 vulgari
2629 3507 2843 3575 loquar,
2888 3513 3062 3558 tntum
3117 3515 3200 3559 est
3243 3515 3296 3559 et
3347 3507 3430 3559 ni-

1873 3599 1985 3653 hil:
2020 3599 2150 3652 illud
2183 3599 2424 3668 quidem,
2465 3606 2727 3668 quantum
2778 3599 2843 3651 ad
2909 3609 3072 3661 artes,
3118 3597 3217 3650 huc
3249 3612 3427 3651 autem

1867 3699 2133 3760 quantum
2171 3691 2236 3744 ad
2269 3707 2453 3757 Opera.
2511 3691 2721 3745 Etenim
2763 3691 2874 3744 vult
2918 3691 3134 3758 quidem
3173 3706 3295 3745 esse
3328 3692 3430 3743 ali.-

179 3770 313 3839 qnid
345 3768 590 3822 divinum
614 3776 668 3822 et
696 3781 979 3825 sanctum:
1014 3772 1208 3827 desinit
1240 3786 1423 3830 autem
1457 3778 1514 3832 in
1553 3780 1854 3838 daemonem
1894 3800 2115 3853 pravum
2146 3800 2209 3838 ac
2242 3786 2486 3838 nescium
2525 3784 2657 3854 quid
2698 3785 2768 3839 sit
2807 3786 3147 3841 rectitudinis
3192 3786 3424 3848 bonum;

177 3867 276 3913 aut
333 3869 482 3912 certe
528 3861 789 3913 scientem
821 3861 1061 3929 quidem.
1093 3878 1204 3917 non
1236 3875 1416 3919 autem
1450 3882 1820 3926 exercentem.

250 3952 354 4017 νςι.
386 3953 830 4024 Ψευδὰνθρωπος
855 3955 1149 4024 ἄνθρωπος
1181 3960 1208 4010 6
1239 3959 1568 4032 ὑποκριτὴς,
1595 3964 1673 4028 ὡς
1697 3968 1755 4020 δὲ

177 4052 275 4097 καὶ
301 4042 577 4113 δαιμονῶν
608 4043 830 4113 λεχθείη
859 4045 926 4097 ἂν
959 4048 1055 4100 καὶ
1103 4047 1612 4120 δαιμονάνθρωπος.
1646 4057 1756 4107 Καὶ

182 4135 393 4200 Ἀργος
429 4131 526 4200 μὲν
557 4135 584 4185 6
614 4131 1037 4200 θρυλλούμενος,
1074 4131 1163 4188 οἷα
1187 4138 1498 4208 πανόπτης,
1529 4143 1755 4212 οἴδαμεν

175 4226 353 4294 ὁποίῳ
379 4224 525 4294 λόγῳ
556 4224 802 4286 τοιοῦτος
823 4221 968 4278 εἶναι
999 4227 1293 4282 πλάττεται
1312 4244 1329 4262 ο
1363 4234 1388 4283 6
1419 4233 1475 4284 δὲ
1517 4223 1752 4305 ὑποκριο

177 4317 278 4384 τὴς
305 4315 435 4370 ἄλλο
458 4333 511 4368 τι
545 4317 699 4386 φέρει
725 4317 950 4381 ξενίζον.
978 4320 1248 4375 Ψεύδεται
1282 4323 1389 4392 γὰρ
1409 4326 1517 4394 ὅλῳ
1545 4327 1622 4396 τῷ
1649 4330 1753 4380 σώ-

178 4425 339 4477 ματι,
392 4411 457 4478 τῇ
517 4410 776 4478 ἐπικύψει
817 4412 911 4478 τῆς
965 4413 1229 4481 κεφαλῆς,
1279 4419 1344 4485 τῇ
1379 4418 1620 4472 ὲννεύσει
1649 4422 1747 4490 τῆς

175 4498 379 4565 ὅψεως,
405 4496 484 4565 τῷ
510 4498 851 4566 μειδιάματι,
886 4501 966 4568 τῷ
991 4503 1323 4572 γελάσματι,
1349 4507 1426 4575 τῷ
1456 4509 1748 4579 φιλήματι,

173 4592 242 4658 τῇ
309 4589 488 4658 Ααλιᾷ,
525 4587 603 4657 τῷ
658 4590 941 4658 πτύσματι
995 4593 1023 4644 6
1066 4594 1753 4665 κατάπτυστοςοσυνόλως

173 4680 375 4733 εἰπεῖν.
403 4677 477 4744 τῷ
511 4684 674 4732 παντὶ
703 4681 1002 4751 προσώπῳ,
1031 4685 1096 4753 τῇ
1127 4685 1323 4755 βαθείᾳ
1356 4692 1749 4761 προσκυνήσει,

173 4772 240 4838 τῇ
278 4769 374 4820 τοῦ
405 4769 701 4838 ἀσπασμοῦ
733 4773 1008 4842 ἐμπλοκῇ,
1036 4777 1102 4841 τῇ
1153 4775 1262 4828 τῶν
1297 4780 1496 4846 χειρῶν
1521 4784 1748 4853 ἐμϐολῇ,

172 4865 241 4929 τῇ
259 4861 369 4913 τῶν
398 4863 657 4931 τριχίνων
701 4865 987 4935 περιϐολῇ,
1038 4869 1105 4935 τῇ
1162 4871 1476 4936 μεταδόσει,
1522 4873 1613 4926 ὅτε
1646 4892 1746 4927 που

172 4952 271 5003 καὶ
298 4951 516 5021 ἐλεήσει
564 4954 657 5004 τὸν
687 4955 1015 5009 ἐπαιτοῦντα
1035 4973 1047 4986 ’
1065 4961 1132 5027 τῇ
1165 4959 1273 5012 τῶν
1302 4965 1546 5028 γονάτων
1574 4965 1749 5020 κλίσει

170 5041 250 5101 ὼς
283 5043 366 5104 εἰς
404 5047 718 5114 προσευχήν
740 5062 755 5076 ο
786 5045 864 5115 τῷ
893 5050 1227 5119 παντοδαπῷ
1253 5052 1348 5105 τοῦ
1395 5054 1746 5123 βαδίσματος.

171 5131 314 5184 Οὔτε
367 5136 475 5202 γὰρ
531 5137 747 5206 σεμνῶς
815 5138 1068 5206 βαδίζων,
1117 5142 1254 5210 πρὸς
1306 5144 1568 5214 ἀλήθειαν
1617 5148 1748 5199 αὐτὸ

173 5225 345 5289 ποιεῖ,
404 5227 524 5278 οὐδὲ
586 5232 694 5296 μὴν
748 5230 1021 5297 σπεύδων,
1061 5234 1154 5287 ὅτε
1183 5235 1293 5288 τινὶ
1320 5237 1537 5307 βοηθεῖν
1578 5257 1749 5309 προσ-

171 5318 430 5370 ποιεῖται.
467 5319 548 5370 Τὰ
581 5322 768 5388 μέντοι
798 5323 929 5391 περὶ
967 5326 1229 5395 γαστέρα,
1259 5336 1355 5381 καὶ
1397 5330 1451 5381 εί
1472 5348 1522 5382 τι
1550 5333 1748 5400 ἐχόμε-

169 5426 285 5472 νον,
349 5411 683 5481 πεφυλιὶχθω
731 5418 882 5484 σιγῇ,
932 5409 978 5468 ὦ
1024 5403 1192 5488 ψυχὴ,
1235 5421 1378 5473 οὕτω
1433 5423 1528 5492 τὴν
1572 5425 1745 5494 καλὴν

169 5501 477 5572 ἁχρειοῦσα
539 5505 763 5572 πλάσιν,
809 5511 904 5562 καὶ
935 5509 1027 5563 τὸν
1083 5513 1251 5566 καλὸν
1286 5514 1579 5586 ἄνθρωπον
1611 5517 1745 5586 ψεύ-

167 5593 367 5651 δουσα.

242 5696 350 5759 νη’.
386 5690 540 5761 Ἕχω
573 5692 756 5755 δείξας
783 5695 884 5765 ἠδη
914 5697 1147 5766 τρανῶς,
1193 5697 1369 5767 οἶμαι,
1399 5702 1482 5754 ὅτι
1509 5703 1746 5756 ἐκκλίνει

170 5783 272 5852 τὴν
331 5785 470 5836 κατὰ
528 5783 705 5856 Ψυχὴν
739 5789 1021 5859 κακότητα
1062 5792 1156 5845 καὶ
1216 5793 1245 5843 6
1293 5794 1459 5863 μηδέν
1488 5811 1541 5848 τι
1572 5795 1745 5848 ποιῶν

1933 3971 2020 4023 57.
2084 3969 2257 4023 Homo
2311 3970 2540 4024 mendax
2608 3983 2691 4025 est
2755 3975 3072 4042 hypocrita;
3116 3979 3268 4045 quasi
3304 3992 3431 4029 vero

1863 4063 2230 4116 damnoniaeus
2252 4063 2361 4116 dici
2392 4072 2567 4130 potest
2612 4076 2665 4117 ct
2720 4065 3152 4119 homo-damon.
3203 4066 3266 4119 Et
3309 4072 3430 4136 qni-

1860 4153 1982 4206 dem
2017 4153 2190 4220 Argus
2217 4153 2698 4214 celebratissimus,
2718 4168 2822 4222 qua
2844 4157 3026 4210 omnia
3049 4157 3259 4219 videns,
3279 4159 3427 4225 quali

1862 4245 2021 4297 modo
2051 4244 2173 4296 talis
2201 4257 2322 4298 esse
2347 4243 2598 4311 tingatur,
2631 4247 2922 4301 novimus:
2984 4246 3268 4318 hypocrita
3301 4264 3429 4301 vero

1859 4337 2004 4391 aliud
2035 4337 2163 4405 quid
2220 4337 2744 4404 geritextraneum:
2803 4341 3063 4393 mentitur
3115 4342 3258 4394 enim
3319 4351 3430 4393 toto

1860 4440 2110 4493 corpore,
2144 4427 2338 4493 capitis
2365 4436 2516 4489 nutu,
2558 4430 2840 4480 oculorum
2873 4431 3087 4490 obtutu,
3115 4430 3257 4482 dulci
3291 4432 3425 4492 risu,

1861 4519 2150 4581 cachinno,
2210 4519 2422 4582 osculo,
2499 4521 2732 4588 loquela,
2801 4531 2982 4588 sputo,
3038 4525 3428 4590 conspueudus

1862 4607 2016 4675 ipse;
2051 4622 2160 4660 uno
2195 4608 2383 4671 verbo,
2438 4617 2545 4661 tota
2580 4609 2737 4673 facie,
2771 4610 3035 4678 profunda
3080 4613 3426 4672 salutatione,

1859 4701 2176 4754 osculurum
2233 4703 2619 4770 implicatioue,
2658 4719 2914 4756 manuum
2956 4705 3272 4773 injectione,
3324 4707 3430 4760 cri-

1863 4792 2010 4843 nium
2069 4792 2326 4856 circulis,
2398 4794 2720 4862 largitione,
2771 4799 2814 4849 si
2877 4794 3018 4849 forte
3073 4797 3429 4850 mendicantis

1861 4883 2147 4936 miseretur
2193 4902 2206 4949 ,'
2264 4900 2496 4950 genuum
2541 4885 2686 4938 velut
2725 4886 2790 4938 ad
2823 4888 3123 4940 orationem
3176 4889 3426 4949 ﬂexione,

1859 4984 1972 5026 toto
1998 4991 2216 5040 gressns
2256 4977 2461 5030 habitu.
2501 4977 2608 5030 Nec
2641 4981 2785 5031 enim
2813 4995 2934 5031 cum
2963 4979 3220 5032 decenter
3236 4981 3415 5048 gradi.

1860 5073 1964 5120 tur,
1993 5080 2092 5116 nec
2114 5065 2333 5131 quando
2368 5064 2611 5129 festinat,
2647 5069 2807 5120 alieni
2865 5083 3191 5121 succurrere
3235 5084 3342 5135 pra:
3371 5086 3430 5121 se

1858 5152 2056 5214 ferens,
2087 5154 2240 5221 juxta
2281 5155 2566 5207 veritatem
2591 5155 2740 5209 facit.
2787 5156 2941 5220 Quod
2987 5167 3166 5209 autem
3235 5159 3426 5209 attinet

1857 5243 1920 5293 ad
1983 5254 2227 5297 ventrem
2288 5255 2343 5299 et
2392 5255 2574 5314 partes
2614 5261 2892 5320 aunexas,
2931 5259 3294 5315 praetereatur
3353 5252 3423 5300 si-

1857 5337 2042 5395 lentio,
2071 5352 2104 5390 ο
2160 5337 2359 5401 anima,
2398 5339 2477 5390 sic
2522 5337 2803 5406 pulchram
2845 5339 3142 5408 deturpans
3191 5341 3422 5410 plasma-

1859 5434 2078 5488 tionem,
2109 5440 2158 5481 et
2189 5429 2469 5497 pulchrum
2504 5431 2776 5484 hominem
2821 5433 3112 5487 mentiens.

1926 5701 2451 5755 58.1ameridenter
2471 5702 2876 5758 demonstrasse
2901 5705 3031 5757 mihi
3052 5705 3238 5757 videor
3273 5705 3421 5758 illum

1855 5799 2047 5849 aninne
2072 5797 2332 5850 malitiam
2379 5797 2622 5851 devitarc
2674 5797 2764 5864 qui
2821 5798 2955 5851 nihil
2997 5813 3059 5851 ex
3126 5797 3420 5866 hypocrisi,
