4210 6438
770 370 879 433 627

1538 366 1962 434 EUSTATHII
2004 370 2769 454 THESSALONICENSIS
2794 373 3358 438 METROPOLITAE

3929 383 4044 448 628

769 481 865 533 sed
917 480 1072 548 juxta
1127 462 1408 535 veritatem
1460 480 1591 545 agit.
1620 480 1728 535 Nec
1772 483 1916 535 enim
1948 481 2153 553 aliquid
2197 495 2339 534 com-

2454 482 2852 551 ὑποκριτικῶς,
2904 484 3044 536 ἀ).λά
3075 483 3212 552 πρὸς
3241 484 3523 554 ἀλήθειαν.
3578 485 3716 541 Οὔτε
3751 490 3862 559 γὰρ
3896 492 4045 563 ἡλίῳ

768 587 935 625 mune
964 580 1050 627 est
1088 570 1191 626 soli
1246 585 1370 626 cum
1397 570 1664 633 tenebris,
1695 568 1801 626 nec
1834 572 2047 626 veritati
2081 587 2205 627 cum
2240 571 2346 639 hy-

770 665 1013 733 pocrisi;
1050 664 1181 731 ipsis
1210 674 1393 716 autem
1430 674 1511 717 est
1541 664 1815 732 oppositio
1860 680 1981 733 qua:
2010 664 2247 717 medium
2292 669 2345 716 et

764 760 1113 811 concordiam
1172 758 1369 811 nescit.
1408 758 1503 810 ille
1549 757 1710 810 etiam
1778 756 1966 825 procul
2029 755 2269 811 declinat
2312 771 2342 810 a

764 851 929 903 tnaln.
953 849 1046 917 qui
1080 864 1188 901 non
1214 849 1405 903 dividit
1432 849 1659 913 amicos,
1687 850 1830 903 inter
1852 848 2103 901 inimicos
2160 856 2342 903 autem

762 959 957 1011 pacem
1010 945 1199 998 nectit.
1239 943 1535 1000 llludenim
1566 945 1768 998 factum
1797 959 1937 1012 Opus
1962 953 2044 997 est
2080 943 2341 1006 hominis,

761 1049 952 1107 postea
978 1048 1157 1091 autem
1197 1036 1315 1101 Dei,
1352 1037 1443 1107 qui
1477 1037 1732 1097 vivificat,
1760 1038 1852 1105 qui
1884 1038 2024 1091 Deus
2055 1047 2133 1091 ρει
2167 1037 2346 1090 unita-

758 1132 940 1195 απτ-ιιι
966 1131 1155 1185 eodem
1192 1130 1313 1185 loco
1344 1131 1664 1184 statuendus
1683 1137 1765 1184 est
1785 1130 1877 1199 qui
1902 1128 2345 1185 nonexcitatini-

764 1224 1051 1287 micitiam,
1087 1239 1186 1278 nec
1208 1222 1501 1277 scintillam
1532 1221 1737 1278 animat
1763 1233 1816 1278 et
1852 1222 2159 1278 inflammat
2186 1223 2337 1277 velut

766 1317 832 1369 ad
868 1316 1206 1372 incendium.

835 1492 904 1548 59
962 1495 1143 1557 Quare
1168 1510 1297 1551 vero
1326 1497 1429 1551 mei
1486 1510 1726 1565 meaeque
1757 1494 2053 1566 potestatis
2113 1493 2337 1560 oblitus,

763 1596 935 1639 corner
963 1586 1195 1653 subjecti
1224 1585 1463 1640 thesauri
1509 1586 1829 1641 describere
1872 1586 2095 1649 selecta,
2140 1587 2342 1655 quibus

766 1679 1046 1731 vitandum
1078 1686 1164 1732 est
1192 1678 1481 1732 malitiam?
1511 1679 1723 1733 Sumite
1762 1694 1860 1734 vos
1893 1694 2106 1748 gazam,
2143 1686 2197 1733 et
2229 1678 2342 1732 cir-

765 1783 1088 1828 cumeuntes
1120 1788 1239 1828 eam
1266 1782 1458 1841 augete
1480 1780 1533 1827 et
1551 1788 1671 1842 quae
1696 1772 1849 1826 vobis
1874 1772 2025 1827 utilia
2050 1780 2178 1826 sunt
2197 1787 2343 1840 quie-

2450 578 2634 630 κοινόν
2661 596 2714 632 τι
2744 580 2883 649 πρὸς
2918 580 2979 633 τὶ)
3010 582 3226 648 σκότος,
3257 581 3382 635 οὔτε
3408 587 3475 654 τῇ
3508 584 3744 657 ἀληθείᾳ
3774 588 3913 658 πρὸς
3936 590 4044 659 τὴν

2451 668 2745 739 ὑπόκρισιν
2769 688 2784 703 ·
2821 673 2957 725 ἀλλά
2987 674 3409 745 ἀμεσο).ά6ητος
3446 676 3634 739 αὐτοῖς
3658 680 3807 733 ἔστιν
3837 682 3871 749 ἠ
3890 680 4046 732 ἀντί-

2450 761 2620 825 θεσις,
2648 763 2709 815 οὐ
2742 764 3091 830 γινώσκουσα
3133 765 3438 837 σύμῦασιν.
3498 769 3623 821 Ἔτι
3677 772 3912 840 μακράν
3946 773 4044 825 ὲκ-

2447 854 2622 909 κλίνει
2664 857 2838 909 κακοῦ
2896 859 3049 912 καὶὸ
3081 862 3221 929 μήτε
3264 861 3453 929 φίλους
3477 863 3751 927 διασπῶν,
3786 868 3887 918 καὶ
3920 869 4042 930 τοῖς

2450 948 2668 1018 ἐχθροῖς
2696 950 2753 1001 δὲ
2786 950 3023 1014 σπονδὰς
3058 956 3620 1024 πραγματευόμενος.
3682 958 3896 1010 Ἐκεῖνο
3934 957 4040 1027 μὲν

2446 1041 2557 1112 γὰρ
2591 1044 2799 1110 φάκτον
2819 1044 2979 1113 ἔργον
3007 1045 3223 1114 ἀνδρὸς,
3249 1048 3309 1100 τδ
3335 1047 3391 1099 δὲ
3450 1048 3705 1119 δεύτερον
3730 1050 3894 1116 Θεοῦ,
3933 1048 4036 1103 τοῦ

2447 1132 2734 1198 ζωοδὸτου,
2770 1134 2866 1188 τοῦ
2896 1136 2996 1205 τῆς
3021 1137 3268 1201 ἑνὼσεως
3288 1155 3304 1169 ·
3358 1139 3536 1209 ὁποίῳ
3560 1140 3855 1203 ὲντακτέος
3882 1141 4038 1211 τόπῳ

2446 1227 2541 1278 καὶ
2569 1228 2597 1279 ὁ
2636 1226 2710 1296 μὴ
2744 1228 2845 1297 τὴν
2877 1228 3083 1299 ἔχθραν
3127 1233 3639 1300 προσυπανάπτων,
3694 1238 3788 1286 καὶ
3823 1232 4035 1304 σπουδῇ

2443 1318 2537 1371 τὸν
2571 1320 2849 1389 σπινθῆρα
2878 1322 2974 1375 τοῦ
3011 1322 3205 1392 μίσους
3238 1324 3495 1394 ῥιπίζων,
3522 1327 3616 1380 καὶ
3648 1326 3935 1395 ὲκφλέγων
3957 1325 4037 1389 ὡς

2444 1410 2524 1473 είς
2559 1414 2858 1478 πυρκαϊάν.

2516 1506 2614 1559 νθ’.
2646 1505 2714 1558 Τί
2765 1505 2825 1559 δὲ
2875 1506 3012 1562 ἀλλὰ
3067 1510 3310 1571 ἐμαυτοῦ
3363 1511 3671 1580 λαθόμενος
3705 1514 3803 1567 καὶ⁸
3837 1512 3943 1583 τῆς
3973 1514 4035 1567 ὲν

2443 1597 2569 1666 ἐμοὶ
2591 1598 2895 1669 δυνάμεως,
2925 1602 3212 1673 πειρῶμαι
3241 1606 3310 1657 τά
3330 1606 3429 1674 τῆς
3452 1606 3826 1675 προκειμένης
3852 1598 4034 1676 γάζης

2441 1692 2791 1762 ἀναγράφειν
2819 1694 3105 1766 ἐξαίρετα,
3138 1694 3206 1750 δι’
3237 1688 3313 1750 ὧν
3340 1697 3460 1751 ἐστι
3496 1696 3596 1767 τὴν
3625 1698 3830 1752 κακίαν
3860 1699 4033 1765 tarqni.

2442 1784 2561 1849 γεῖν
2582 1798 2598 1846 ;
2622 1784 2834 1839 Λάϐετε
2863 1787 2963 1855 τὴν
2992 1786 3171 1853 γάζαν
3192 1788 3375 1855 ὑμεῖς,
3395 1790 3495 1843 καὶ
3524 1790 3835 1858 περιιόντες
3858 1790 4032 1857 αὐτὴν

766 1865 893 1917 rite.
926 1862 1068 1917 Nihil
1131 1863 1418 1916 invenietis
1458 1878 1521 1916 ex
1552 1863 1809 1918 omnibus
1853 1861 1998 1931 quod
2036 1878 2143 1915 nou
2172 1862 2244 1916 sit
2270 1863 2337 1915 ad

2446 1874 2986 1946 πολυπραγμονεῖτε,
3029 1882 3123 1933 καί
3147 1880 3462 1950 ζητεῖτέτά
3485 1885 3824 1935 συνοίσοντα.
3850 1881 4031 1950 Εὑρή-

768 1964 1007 2007 vestrum
1039 1952 1412 2014 commodum,
1440 1950 1504 2004 ad
1532 1952 1819 2005 utilitatem
1872 1950 2238 2020 spiritualem,
2270 1950 2337 2004 ad

2443 1983 2568 2020 σετε
2600 1968 2657 2022 δὲ
2690 1969 2869 2034 οὐδὲν,
2897 1971 2925 2024 ὅ
2957 1989 3008 2024 τι
3037 1972 3146 2025 τῶν
3175 1972 3438 2027 ἀπάντων
3466 1975 3544 2045 μὴ
3584 1975 3725 2042 πρδις
3750 1974 4029 2043 χρησίμου

762 2060 925 2099 omne
960 2045 1186 2099 bonum.
1223 2044 1549 2114 Coujungite
1591 2058 1718 2097 vero
1748 2059 1871 2097 cum
1911 2046 2043 2097 hoc:
2086 2042 2338 2096 «Declina

765 2154 796 2191 a
836 2139 1002 2203 malo,
1034 2156 1052 2190 ι
1081 2149 1134 2191 et
1160 2137 1303 2191 istud
1334 2152 1641 2190 connexum
1676 2138 1965 2199 talentum,
1986 2135 2335 2188 cuidivinum

764 2247 828 2284 ac
860 2248 987 2286 vere
1014 2232 1219 2301 regium
1250 2242 1335 2286 est
1363 2231 1705 2300 signaculum
1735 2248 1746 2283 :
1781 2248 1800 2281 ι
1833 2237 1889 2285 et
1926 2229 2012 2283 fac
2043 2229 2271 2284 bonum.
2313 2246 2333 2280 ι

762 2322 882 2376 Non
938 2324 1107 2389 enim,
1142 2325 1292 2392 juxta
1349 2339 1562 2378 sacram
1608 2321 2045 2391 explanationem
2080 2362 2095 2386 ,
2138 2321 2338 2376 sufﬁcit

762 2431 793 2469 a
834 2419 976 2470 malo
1009 2416 1431 2481 deeliuarc,nisi
1453 2416 1576 2485 quis
1608 2415 1661 2468 in
1698 2416 1859 2472 bonis
1882 2417 2141 2486 open‘bus
2181 2431 2339 2470 exer-

763 2515 973 2561 ceatur.

831 2704 921 2759 60.
955 2707 1072 2760 Hoc
1100 2721 1267 2776 porro
1301 2704 1375 2760 ita
1415 2707 1540 2761 dico
1596 2721 1702 2760 non
1734 2714 1793 2759 ut
1820 2706 2125 2775 simplicem
2164 2713 2221 2760 et
2255 2704 2337 2758 iu-

760 2800 993 2853 divisam
1030 2801 1385 2864 sententiam;
1412 2804 1493 2853 sic
1517 2801 1661 2853 enim
1689 2800 2000 2868 distinguo:
2036 2802 2136 2865 Qui
2166 2800 2340 2851 virtu-

760 2893 912 2948 tibus
954 2890 1173 2961 quidem
1232 2890 1449 2967 deditus
1508 2903 1613 2955 est,
1660 2899 1713 2946 et
1753 2892 2008 2945 omnibus
2056 2890 2213 2945 bonis
2246 2905 2333 2944 re-

761 2986 1076 3047 fertus,scd
1111 2993 1290 3039 tamen
1332 2983 1496 3038 habet
1540 2994 1599 3036 ut
1632 2984 1795 3037 homo
1845 2981 2119 3051 quoddam
2177 2982 2336 3035 mali-

760 3079 850 3133 tiae
886 3092 1234 3147 parapegma,
1265 3084 1321 3131 et
1352 3091 1381 3129 a
1428 3076 1519 3129 tali
1562 3076 1707 3129 malo
1758 3075 2016 3136 declinat,
2064 3073 2337 3129 suﬂiceret

2443 2058 2596 2127 ὑμῖν,
2622 2061 2719 2113 καὶ
2742 2060 3011 2128 ὠφελείας
3040 2066 3445 2134 πνευματικῆς,
3471 2065 3565 2118 καὶ
3592 2065 3763 2119 καλοῦ
3800 2066 4028 2127 παντός.

2442 2151 2750 2215 Συντάξατε
2781 2152 2839 2205 δὲ
2873 2153 2972 2223 τῷ,
3018 2176 3036 2206 ι
3082 2155 3375 2209 Ἐκκλινον
3400 2157 3510 2209 ἀπὸ
3548 2155 3749 2221 κακοῦ,
3778 2175 3798 2208 ε
3836 2158 3934 2210 καὶ
3968 2156 4029 2208 τὸ

2444 2244 2807 2313 συγκείμενον
2862 2247 3152 2315 τάλαντον,
3213 2244 3276 2303 οὗ
3330 2249 3599 2320 χάραγμα
3632 2249 3780 2302 θεῖον
3816 2248 3915 2301 καὶ
3950 2246 4030 2317 τῷ

2439 2334 2555 2388 ὄντι
2614 2336 2899 2406 βασιλικὸν
2929 2340 3011 2404 τὸ,
3058 2358 3077 2391 ε
3120 2339 3231 2394 Καὶ
3268 2342 3503 2410 ποίησον
3532 2341 3766 2407 ἀγαθόν.
3809 2359 3830 2393 ι
3866 2340 4028 2393 Κατά

2440 2430 2549 2498 γὰρ
2571 2428 2671 2499 τὴν
2705 2430 2862 2498 ίεράν
2887 2432 3191 2496 ἀνάπτυξιν
3224 2434 3326 2486 οὐκ
3369 2434 3438 2486 ἀν
3476 2434 3564 2503 είη
3596 2433 3806 2502 ἀρκοῦν
3836 2433 4026 2487 ἐκκλί-

2440 2536 2555 2572 νειν
2606 2521 2717 2574 ἀπὸ
2778 2522 2977 2586 κακοῦ,
3013 2524 3063 2575 εί
3110 2514 3189 2597 μὴ
3243 2528 3339 2579 καὶ
3373 2525 3796 2597 ἀγαθαπραξίαν
3823 2526 4025 2598 ἀσκοίη

2438 2631 2543 2675 τις.

2512 2706 2573 2772 ξ’.
2603 2707 2775 2761 Τοῦτο
2810 2709 2867 2765 δὲ
2918 2711 3061 2764 οὕτω
3127 2714 3273 2783 φημὶ
3326 2714 3429 2768 οὐκ
3466 2715 3547 2777 εις
3598 2715 3806 2770 ἁπλοῦν
3836 2733 3893 2768 τι
3931 2708 4027 2768 καὶ

2438 2799 2653 2870 amet;
2686 2800 2867 2869 νόημα
2887 2816 2901 2830 '
2936 2801 3200 2865 διαστίζω
3229 2803 3289 2857 δὲ
3315 2804 3528 2869 οὕτως*
3574 2804 3635 2859 '0
3674 2807 3775 2875 μὲν
3797 2807 4025 2875 ἀρεταίς

2438 2891 2512 2945 ῶν
2540 2891 2957 2961 κατακὼχιμος,
2984 2894 3081 2947 καὶ
3107 2894 3336 2963 ἀγαθοῖς
3362 2899 3534 2950 πᾶσιν
3555 2897 3853 2968 ἔμφορτος,
3878 2899 4025 2967 ἔχων

2436 2984 2492 3036 δέ
2524 3002 2574 3037 τι
2600 2985 2752 3053 ὅμως
2787 2985 2861 3047 ὡς
2891 2985 3178 3057 ἅνθρωπος
3227 2988 3323 3040 καὶ
3378 2990 3738 3059 παράπηγμα
3795 2990 4024 3053 κακίας,

2437 3077 2535 3130 καὶ
2560 3076 2814 3138 ἐκκλίνας
2842 3079 2934 3129 τοῦ
2960 3077 3205 3131 τοιούτου
3234 3079 3431 3142 κακοῦ,
3453 3079 3753 3151 ἀρκεσθείη
3787 3081 3855 3133 ἀν
3878 3078 4025 3134 οῦτώ

760 3172 810 3226 ei
848 3174 927 3227 sic
977 3186 1167 3241 agere;
1204 3180 1333 3224 tunc
1364 3186 1470 3224 non
1516 3169 1681 3222 hasce
1709 3183 1872 3223 voces
1898 3167 2114 3222 audiret
2159 3184 2172 3221 :
2215 3184 2232 3218 ι
2269 3167 2334 3220 Et

2442 3170 2694 3237 ποιήσας,
2731 3170 2829 3222 καὶ
2858 3170 2959 3222 οὐκ
2992 3168 3059 3223 ἂν
3083 3170 3311 3225 ἀκούσοι
3350 3172 3516 3226 ποθὲν
3545 3173 3641 3226 τό·
3677 3192 3694 3224 ε
3731 3174 3842 3227 Καὶ
3861 3174 4022 3243 ποίη-

761 3266 848 3319 fac
902 3264 1130 3318 bonum.
1168 3280 1188 3314 ι
1219 3260 1338 3316 Jam
1396 3262 1541 3316 enim
1582 3260 1707 3315 fecit
1758 3270 1856 3315 :et
1902 3275 2024 3313 cum
2053 3260 2163 3330 jam
2196 3258 2339 3313 fece-

2442 3278 2534 3315 σον
2559 3261 2787 3329 ἀγαθόν.
2828 3280 2846 3314 ι
2887 3262 3027 3333 Ἤδη
3066 3262 3176 3334 γὰρ
3206 3265 3477 3333 πεποίηκε
3498 3281 3513 3296 ⁸

758 3357 867 3423 rit,
898 3371 1008 3410 non
1068 3354 1309 3410 cessabit
1351 3354 1556 3423 aliquid
1613 3353 1844 3407 ulterius
1895 3351 2165 3420 adipisci,
2210 3360 2334 3404 tan-

759 3463 925 3515 quam
954 3448 1056 3502 alia
1090 3448 1307 3517 quidem
1344 3446 1576 3515 adeptus
1596 3445 1735 3500 bona
1760 3462 1777 3512 ;
1805 3445 1902 3499 sed
1935 3460 1997 3497 ex
2034 3444 2123 3498 illa
2147 3443 2335 3499 forsan

760 3541 1114 3596 hortatione:
1148 3559 1165 3591 ι
1210 3538 1390 3595 Unum
1441 3540 1535 3593 tibi
1579 3538 1731 3593 deest
1771 3556 1788 3587 ι
1834 3537 1975 3592 istud
2030 3537 2334 3606 inquirens,

762 3651 827 3689 ex
858 3651 1019 3705 quoa
1052 3636 1218 3704 priori
1253 3634 1481 3697 malitia,
1525 3634 1669 3687 sicut
1719 3632 1904 3701 aliquo
1953 3646 2109 3684 muro
2169 3632 2336 3683 inter-

760 3726 1041 3790 cludatur,
1077 3737 1132 3781 et
1162 3727 1234 3779 ita
1270 3735 1529 3793 tanquam
1566 3739 1633 3779 es
1668 3739 1725 3778 se
1755 3722 2075 3776 naturaliter
2105 3722 2159 3775 in
2194 3722 2336 3776 bono

760 3821 924 3876 simul
952 3835 1015 3874 ac
1042 3820 1093 3873 in
1116 3816 1246 3874 mali
1266 3817 1631 3871 declinatione
1657 3816 1951 3871 stabilitus.
1978 3814 2033 3868 Si
2059 3828 2190 3868 vero
2213 3814 2337 3882 quis

761 3929 869 3967 non
902 3914 1055 3967 dives
1095 3912 1277 3976 bonis,
1314 3918 1601 3964 nocentem
1646 3908 1871 3977 abjiciat
1913 3907 2200 3970 malitiam,
2240 3923 2336 3975 per

758 4020 923 4075 quam
986 4018 1194 4073 pauper
1251 4010 1335 4057 est
1385 4008 1440 4054 et
1473 4016 1641 4070 egens
1698 4000 1847 4053 omni
1913 4000 2077 4061 bono,
2108 4012 2337 4068 prorsus

763 4118 790 4152 ιι
822 4100 968 4153 malo
1015 4099 1317 4159 declinans,
1368 4096 1530 4150 habet
1568 4094 1949 4148 necessitatem
2007 4092 2336 4162 adjungendi

764 4188 854 4241 tuli
892 4186 1080 4239 divino
1143 4186 1352 4240 talento
1402 4184 1566 4238 etiam
1627 4186 1972 4248 secundum,
2031 4198 2134 4249 ne,
2194 4184 2337 4238 bono

763 4281 1090 4343 destitutus,
1122 4278 1474 4347 imperfectus
1508 4277 1577 4333 sit
1619 4276 1804 4341 homo,
1829 4276 2078 4331 divinum
2110 4291 2208 4331 vas
2246 4292 2333 4329 va-

761 4388 949 4433 cuum,
978 4372 1174 4425 domus
1207 4368 1301 4423 Dei
1359 4384 1468 4423 non
1532 4368 1721 4436 polita,
1775 4367 2026 4422 informis
2077 4368 2333 4431 materia,

760 4464 963 4518 bonum
996 4478 1102 4516 non
1168 4461 1475 4531 pulchrum,
1524 4461 1752 4530 idecque
1784 4476 1889 4514 non
1945 4450 2331 4526 desiderabile,

3570 3265 3670 3319 καὶ
3700 3264 4023 3334 πεποιηκὼς

2438 3355 2616 3407 οὐκέτι
2640 3356 2893 3408 κοπιάσει
2924 3355 3055 3409 ἀλλο
3084 3372 3141 3409 τι
3181 3359 3758 3426 προσεπικτήσασθαι,
3806 3359 3885 3421 ῶς
3920 3360 4020 3429 ἥδη

2437 3446 2607 3499 τᾶλλα
2680 3446 2780 3515 μὲν
2841 3448 3019 3501 πάντα
3079 3450 3433 3519 κτησάμενος
3492 3451 3700 3517 ἀγαοά,
3758 3454 3817 3505 ἐν
3856 3450 4021 3517 δὶτῷ

2437 3540 2673 3594 ἀκοῦσαί
2726 3538 2925 3607 ποθεν,
2988 3541 3073 3594 ὅτι
3113 3560 3132 3592 ε
3168 3541 3270 3595 Ἕν
3330 3559 3415 3597 σοι
3440 3544 3658 3610 λείπει,
3692 3563 3714 3596 ι
3781 3545 4019 3613 ἐξευρὼν

2440 3634 2638 3698 ἐκεῖνο,
2663 3632 2723 3697 ἐξ
2746 3628 2810 3687 οὗ
2828 3637 2895 3705 τῇ
2924 3634 3173 3707 προτέρᾳ
3201 3636 3376 3708 κακίᾳ
3394 3636 3495 3690 ὃσα
3526 3639 3621 3690 καὶ
3646 3637 3895 3708 φραγμῷ
3914 3654 4019 3690 τινι

2438 3725 2839 3795 ἀπετειχίζετο,
2909 3714 3005 3779 καὶ
3067 3726 3142 3789 ὡς
3202 3724 3262 3792 ἐξ
3308 3728 3618 3797 αὐτομάτου
3677 3728 4019 3795 ἑγκαταα-τάς

2438 3819 2729 3886 αὐτοφυῶς
2756 3818 2835 3889 τῷ
2868 3819 3062 3890 ἀγαθῷ
3087 3820 3204 3890 ἅμα
3232 3823 3297 3891 τῇ
3336 3822 3583 3875 ἐκκλίσει
3610 3821 3705 3875 τοῦ
3733 3820 3934 3876 κακοῦ.
3958 3822 4017 3874 Ei

2439 3910 2496 3963 δέ
2526 3928 2612 3974 τις
2646 3913 2722 3981 μὴ
2750 3913 3002 3966 πλουτῶν
3031 3913 3257 3981 ἀγαθοῖς
3283 3914 3612 3978 ἀπολεξεται
3653 3915 3863 3968 κακίαν
3890 3916 4019 3977 ἔπη-

2442 4003 2763 4071 ρεάξουσαν,
2792 4003 2860 4057 δι’
2888 3998 2954 4075 ἧς
2986 4006 3281 4073 πτωχεύει,
3316 4006 3612 4069 πενόμενος
3657 4008 3863 4067 παντὸς
3889 4010 4017 4075 ἀγα-

2442 4096 2559 4158 θοῦ,
2596 4098 2803 4159 ἐκεῖνος
2854 4097 3075 4158 πάντως
3124 4096 3384 4159 ἐκκλίνας
3412 4097 3522 4151 ἀπὸ
3567 4097 3744 4151 κακοῦ
3772 4100 4017 4167 ἀνάγκην

2440 4192 2551 4253 ’ἐΞει
2590 4188 2922 4260 προσλαϐεῖν
2968 4189 3048 4257 τῷ
3080 4189 3311 4258 τοιούτῳ
3363 4190 3497 4256 θείῳ
3548 4190 3802 4258 ταλάντῳ
3835 4193 3932 4245 καὶ
3960 4188 4015 4243 τὸ

2438 4282 2719 4350 δεύτερον,
2752 4280 2841 4333 ἴνα
2876 4279 2951 4350 μὴ
2980 4279 3073 4333 τοῦ
3104 4278 3315 4348 ἀγαθοῦ
3346 4281 3669 4350 λειπόμενος
3704 4284 3793 4351 είη
3827 4282 4015 4352 ἀτελὴς

2439 4376 2471 4429 ἇ
2490 4374 2751 4441 ιθρωπος,
2790 4374 3016 4440 ἀγγεῖον
3038 4373 3187 4426 θεῖον
3210 4372 3503 4438 ὑπόκενον,
3533 4368 3682 4436 οἶκος
3710 4374 3852 4427 Θεοῦ
3900 4374 4014 4427 ἀνεῖ-

2440 4467 2714 4530 πίξεστος,
2764 4464 3005 4526 ἀνείδεος
3061 4464 3186 4532 ὕλη,
3241 4464 3448 4531 ἀγαθὸν
3466 4465 3531 4517 οὐ
3564 4464 3753 4530 καλὸν,
3790 4466 3874 4519 διδ
3900 4464 4010 4518 οὕὸἓ

762 4569 813 4609 ιιι
841 4570 1021 4609 autem
1068 4567 1321 4611 accurate
1350 4555 1549 4617 dicam,
1603 4558 1785 4609 omnis
1835 4550 2055 4623 quidem
2113 4546 2332 4608 virtutis

2442 4557 2706 4627 ζηλωτὸν,
2736 4558 2814 4619 ὡς
2858 4556 2925 4609 ἂν
2950 4556 3009 4609 δὲ
3034 4556 3171 4624 πρὸς
3195 4557 3485 4626 ἀκρίϐειαν
3510 4558 3671 4621 εἴπω,
3703 4558 3803 4609 καὶ
3838 4558 4009 4625 πάσης

758 4651 1034 4713 alumnus,
1083 4651 1175 4703 sed
1225 4648 1295 4702 ab
1352 4664 1456 4702 una
1486 4647 1743 4717 quadam,
1782 4656 2005 4717 propter
2071 4647 2331 4699 malitiam

758 4743 1168 4811 impedientem,
1205 4741 1507 4796 abstinens.
1567 4738 1772 4793 Deinde
1822 4740 1912 4793 illc
1968 4740 2185 4807 quidem
2239 4739 2330 4807 qui

757 4838 1049 4891 declinavit
1110 4835 1337 4901 malum,
1372 4843 1427 4888 et
1460 4834 1604 4887 bono
1665 4849 1839 4903 nuper
1898 4834 2096 4901 adepto
2163 4834 2330 4887 inlue-

758 4932 849 4993 sit,
899 4928 1171 4982 luctamen
1223 4940 1287 4980 ac
1322 4926 1705 4981 necessitatem
1769 4925 1930 4978 habet
1990 4940 2098 4978 non
2154 4926 2331 4978 solum

757 5021 1081 5090 simpliciter
1115 5018 1375 5081 faciendi,
1411 5018 1505 5072 sed
1556 5018 1720 5071 etiam
1784 5018 2044 5071 cn‘n'inuc
2098 5016 2328 5071 facit-udi

761 5116 984 5176 bonum,
1028 5121 1086 5166 ut
1121 5126 1231 5165 non
1268 5110 1504 5164 faciliter
1538 5119 1591 5163 cl
1624 5111 1734 5163 cito
1765 5110 1858 5163 tali
1908 5111 2052 5163 bono
2079 5114 2327 5173 orbetnr,

742 5192 849 5258 ’δι-ιι
886 5205 1108 5257 lirmaus
1137 5203 1269 5256 illud
1308 5203 1376 5255 ad
1423 5201 1883 5269 perseverantiam
1919 5192 1985 5254 ex
2024 5218 2196 5267 nuper
2229 5203 2328 5257 im-

756 5297 1037 5364 perfecto,
1094 5294 1305 5349 solidus
1389 5286 1609 5348 virtutis
1662 5308 1953 5361 possessor
2014 5294 2128 5347 liat.
2182 5294 2333 5349 Alias

755 5401 935 5442 autem
966 5396 1050 5443 est
1081 5388 1395 5449 dicendum,
1456 5389 1601 5455 quod
1637 5386 1817 5440 omnis
1851 5386 2033 5450 homo,
2099 5388 2191 5456 qui
2241 5387 2335 5441 de-

754 5484 922 5535 clinat
948 5497 974 5533 a
1006 5482 1167 5545 malo,
1204 5480 1458 5550 protinus
1487 5480 1652 5533 etiam
1685 5478 1811 5533 facit
1847 5478 2066 5548 aliquod
2104 5482 2328 5533 bonum.

752 5570 963 5638 Quale?
1000 5572 1110 5626 Iloc
1138 5574 1310 5640 ipsum
1346 5587 1497 5633 sane,
1527 5586 1555 5623 a
1581 5571 1723 5623 malo
1746 5571 2044 5626 declinare.

826 5664 913 5718 (il.
953 5665 1062 5729 ligo
1098 5681 1227 5719 vero
1265 5666 1644 5734 propheticum
1684 5673 1738 5717 et
1785 5665 1994 5731 regium
2042 5665 2327 5716 uumulum

753 5759 837 5811 hic
866 5760 1182 5821 immutans,
1221 5774 1330 5811 non
1366 5759 1485 5811 fulsi
1526 5757 1815 5811 mouetarii
1852 5757 2045 5818 instar,
2100 5759 2193 5810 scd
2235 5774 2328 5825 per

734 5826 1126 5913 ⁸ιιιιὶιλιιὶυιιρτιι,
1155 5849 1455 5916 placentem
1486 5860 1533 5903 ct
1560 5852 1732 5916 ipsam
1778 5852 1991 5905 summo
2034 5849 2145 5915 rc'gi
2192 5847 2320 5914 Deo,

2446 4650 2544 4718 μὲν
2579 4649 2782 4716 ἀρετῆς
2814 4648 3102 4717 τρόφιμος.
3139 4649 3270 4716 μιᾶς
3299 4647 3356 4701 δέ
3383 4664 3530 4709 τινος
3558 4648 3904 4716 ἀπεχόμενος
3928 4648 4007 4699 διὰ

2441 4743 2641 4796 κακίαν
2695 4740 3032 4793 κωλύουσαν.
3082 4736 3215 4791 Εἶτα
3257 4738 3510 4800 ἐκκλίνας
3565 4738 3667 4806 μὶν
3718 4739 3783 4792 τδ
3820 4738 4003 4800 κακὸν,

2440 4836 2722 4896 καταστὰς
2755 4833 2809 4885 δὲ
2867 4834 2947 4896 είς
3002 4833 3064 4885 τὺ
3091 4832 3384 4901 νεόκτητον
3427 4830 3654 4896 ἀγαθὸν,
3683 4831 3875 4897 ἀγῶνα
3923 4831 4007 4881 καὶ

2441 4929 2599 4989 αὐτὸς
2666 4927 2783 4995 ἔχει
2835 4927 2931 4978 καὶ
2982 4925 3284 4992 ἀπαίτησιν
3335 4922 3407 4992 μὴ
3446 4924 3607 4989 μόνον
3659 4919 3758 4972 τοῦ
3792 4923 4005 4986 ποιῆσαι

2442 5019 2648 5081 ἁπλῶς,
2674 5015 2811 5069 ἀλλά
2836 5015 2931 5067 καὶ
2958 5016 3136 5067 ποιεῖν
3168 5012 3461 5080 ἐνδελεχῶς
3504 5011 3565 5063 τὸ
3597 5010 3784 5071 καλὸν,
3822 5012 3906 5062 ἵνα
3938 5009 4003 5075 μὴ

2439 5110 2686 5171 exinni);
2715 5105 3122 5175 ἀποστερηθείη
3154 5103 3342 5163 αὐτοῦ,
3376 5102 3509 5155 ἀλλὰ
3540 5100 3853 5171 στερεώσας
3883 5097 4001 5152 αὑτό

2437 5210 2513 5265 εἰς
2535 5205 2873 5274 παράμονον,
2892 5202 3013 5253 ἀντὶ
3040 5200 3137 5253 τοῦ
3165 5201 3271 5270 πρὸ
3299 5201 3550 5270 βραχέων
3579 5199 3830 5260 ἀτελοῦς,
3848 5199 4001 5264 ὑπερ·

2435 5297 2596 5368 τε).ὴς
2650 5295 2855 5366 ἀρετῆς
2905 5293 3051 5362 λόγῳ
3108 5295 3364 5363 γένηται.
3408 5294 3565 5346 Ἐστι
3596 5292 3654 5346 δι
3683 5294 3782 5346 καὶ
3813 5293 3998 5361 ἑτέρως

2434 5393 2631 5457 εἰπεῖν,
2673 5392 2755 5443 ὅτι
2813 5388 2962 5451 ᾶπας
3016 5386 3327 5455 ἄνθρωπος,
3386 5385 3641 5448 ἐκκλίνας
3674 5386 3784 5438 ἀπὸ
3815 5382 3993 5443 κακοῦ,

2434 5484 2631 5537 αὐτίκα
2671 5482 2767 5534 καὶ
2808 5481 3079 5547 πεποίηκέ
3111 5497 3164 5531 τι
3194 5477 3418 5546 ἀγαθόν.
3446 5477 3607 5530 Ποῖον
3640 5477 3851 5541 tacetve;
3872 5460 3996 5529 Δὺτδ

2432 5577 2496 5646 δὴ
2520 5575 2677 5627 τοῦτο
2710 5575 2769 5625 1’.-
2797 5573 3040 5625 ἐκκλῖναι
3069 5572 3177 5625 ἀπὸ
3204 5570 3401 5625 κακοῦ.

2504 5663 2603 5729 ξα’.
2649 5662 2791 5729 Ἐγὼ
2824 5663 2879 5716 δὲ
2906 5662 3141 5715 ἐνταῦθα
3190 5662 3522 5731 παραποιῶν
3557 5663 3620 5716 τδ
3667 5660 3991 5733 προφητικὸν

2432 5760 2522 5809 ναὶ
2559 5756 2841 5826 βασι).ικ³ιν
2893 5756 3073 5827 κέρμα
3126 5756 3305 5822 τοῦτο,
3336 5757 3396 5809 οὐ
3436 5758 3544 5827 μὴν
3568 5759 3987 5829 παραχαράκτευ

2426 5852 2607 5917 δικην.
2638 5849 2775 5904 ἁ).λᾶ
2809 5851 2949 5903 κατὰ
2978 5851 3303 5921 ιητείολὴν,
3336 5852 3687 5919 ὰρέογευσεν
3724 5855 3815 5907 καὶ
3840 5852 3989 5904 αὐτὴν
