4210 6438
151 398 262 459 629

1153 398 1239 460 IN
1284 398 1342 461 S.
1382 394 2064 471 QUADRAGESIMAM
2104 399 2394 461 ORATIO
2438 403 2522 463 ll.

3322 408 3428 471 630

150 514 227 577 τῷ
252 510 603 580 παμϐασιλεῐ
655 509 798 580 θεῷ,
832 510 1027 582 θεωρῶ
1081 511 1216 564 αὐτὸ
1266 513 1363 564 καὶ
1393 509 1571 574 ἄλλως
1607 509 1730 579 πρὸς

1847 511 1978 566 illud
2007 521 2061 568 et
2092 514 2254 568 aliter
2291 517 2592 572 secundum
2625 531 2801 573 meam
2843 532 2950 575 non
2983 519 3298 576 discordem
3332 536 3428 576 vo-

153 604 286 673 ὲμδν
336 605 440 657 οὑκ
499 605 790 676 ἄρρυθμον
849 603 1082 675 θέλημα.
1120 604 1230 659 Καὶ
1289 605 1465 658 πείθω
1495 603 1738 674 ἐμαυτὸν

154 700 293 750 κατὰ
317 699 618 767 ἑρμηνείαν
647 698 867 752 ἀλλοίαν
922 698 1042 766 μὲν,
1077 697 1398 767 βελτιοῦσαν
1422 699 1481 753 δὲ
1520 699 1615 751 καὶ
1644 697 1741 752 αύ-

151 786 250 857 τὴν
309 792 436 850 τοὺς
473 789 594 842 κατ’
658 790 757 859 ἐμὲ
789 790 1017 854 δειλοὺς,
1071 791 1365 854 ἐκκλίνειν,
1410 790 1600 862 ὥσπερ
1631 791 1740 845 ἀπὸ

153 885 334 936 κακοῦ
367 886 720 954 πράγματος,
754 886 896 939 οὑτω
930 888 1026 938 καὶ
1068 889 1177 940 ἀπὸ
1207 886 1382 940 κακοῦ
1409 887 1734 957 ἀνθρώπουο

151 971 270 1028 εἶτα
305 978 636 1039 σπουδάζειν
668 979 699 1046 ἢ
725 979 938 1032 ἐκεῖνον
956 981 1136 1032 ποιείν
1157 981 1252 1033 καὶ
1279 979 1568 1033 ἀποτελεῖν
1598 979 1738 1046 ἁγα-

153 1069 244 1120 θδν
280 1072 752 1140 ὲπιστρεπτικῶς,
811 1073 842 1142 ἦ
902 1073 1037 1127 ἀλλὰ
1064 1073 1197 1138 γοῦν
1227 1075 1351 1144 ἐμοὶ
1385 1073 1534 1144 αὑτῷ
1564 1074 1740 1125 ποιεῖν

151 1164 360 1226 ἀγαθὸν
386 1165 446 1218 τὸ
468 1167 742 1219 ἐκκλίνειν
766 1168 859 1220 ἀπ’
890 1168 1128 1234 ἐκείνου,
1157 1168 1232 1239 μὴ
1264 1168 1359 1221 καὶ
1384 1169 1742 1238 συνδιαστραο

150 1257 257 1324 φῶ.
296 1256 543 1312 Ειὼθασι
567 1261 676 1329 γὰρ
705 1259 780 1322 ὼς
811 1262 880 1313 τὰ
913 1261 1086 1314 πολλὰ
1107 1263 1165 1314 αἱ
1208 1261 1349 1330 μετὰ
1379 1263 1490 1314 τῶν
1519 1261 1739 1330 φαύλων

152 1351 505 1420 ἁναστροφαὶ
534 1353 636 1406 οὑκ
663 1356 742 1416 είς
769 1353 935 1407 καλὸν
960 1354 1358 1409 συντελεῖσθαι.
1395 1353 1554 1407 Ἐστι
1602 1353 1646 1406 δ’
1681 1354 1740 1406 ὲν

151 1442 365 1505 τούτοις
424 1445 559 1512 ὁρᾷν
610 1447 706 1498 καὶ
759 1446 856 1498 τό·
895 1465 913 1497 ι
943 1447 1197 1516 Ποίησον.
1248 1467 1268 1499 ι
1327 1447 1401 1500 Οὐ
1432 1446 1540 1515 γὰρ
1572 1442 1694 1500 εἶπε
1721 1461 1733 1474 ·

159 1553 178 1586 ι
212 1534 470 1605 Λάλησον
492 1537 717 1604 ἀγαθὸν,
757 1559 775 1589 ι
812 1540 844 1611 ἢ
881 1559 898 1591 ι
927 1539 1163 1606 δίδαξον,
1204 1559 1224 1590 ι
1256 1539 1287 1610 ἢ
1324 1559 1342 1592 ι
1379 1538 1685 1610 ἐννοήθητι,
1711 1556 1730 1590 ι

149 1628 180 1697 ἢ
209 1629 460 1683 τοιοῦτόν
485 1648 558 1695 τι,
588 1632 724 1685 ἀλλὰ
748 1650 760 1662 ”
801 1652 816 1683 ι
854 1633 1088 1702 Ποίησον
1111 1633 1338 1700 ἀγαθόν.
1377 1652 1395 1685 ι
1428 1634 1494 1686 Ὀ
1522 1631 1585 1702 δὴ
1611 1649 1737 1686 ακο-

148 1719 477 1788 πιμώτατον
506 1723 658 1786 τέλος
694 1724 1052 1794 ὡμολόγηται
1090 1721 1234 1778 εἶναι
1263 1726 1487 1794 ἁπάσης
1520 1726 1613 1778 xal.
1643 1726 1737 1777 λα-

146 1811 270 1874 λιᾶς
330 1813 430 1865 καὶ
476 1813 833 1880 διδασκαλίας
869 1819 963 1869 καὶ
1016 1817 1398 1887 ἐνθυμήσεως.
1435 1819 1557 1871 Ὀτι
1586 1817 1642 1872 δὲ
1677 1818 1737 1871 τὺ

145 1905 426 1958 ἐκκλίνειν
479 1906 590 1958 ἀπὸ
645 1906 816 1959 κακοῦ
850 1909 945 1960 καὶ
1003 1911 1182 1961 ποιεῖν
1229 1910 1433 1977 ἀγαθὰν
1463 1911 1570 1963 οεδ’
1603 1910 1736 1963 αὑτὸ

141 1999 240 2063 τῆς
267 1999 496 2068 ἀγάπης
526 1999 883 2070 κεχώρισται,
917 2004 944 2053 ὁ
976 2003 1069 2054 καὶ
1101 2002 1308 2070 γλυκὺς
1332 2005 1430 2056 καὶ
1457 2005 1619 2068 σορὸς
1643 2006 1734 2057 καὶ

143 2086 300 2154 ἅγιος
335 2089 594 2155 βασιλεύς
629 2088 833 2161 [φησι],
858 2092 1128 2158 παραθεὶς
1154 2091 1353 2144 αὑτίκι
1382 2094 1467 2144 τόο
1508 2112 1525 2144 ι
1559 2095 1733 2163 Ζήτη-

143 2195 237 2230 σον
285 2180 537 2248 εἰρήνην,
600 2183 694 2234 καὶ
743 2181 935 2246 δίωξον
987 2183 1182 2252 αὑτήν.
1216 2203 1235 2234 ι
1310 2184 1395 2246 Ὠς
1444 2185 1553 2253 γάρ
1587 2203 1730 2249 τινος

139 2271 477 2334 ὑπειπόντος
502 2289 517 2303 ·
539 2275 642 2337 Δός
669 2292 760 2343 μοι
797 2275 1048 2344 μέθοδον,
1079 2270 1124 2330 ὧ
1159 2278 1447 2330 διδάσκαλε
1484 2279 1729 2345 βασιλεῦ,

137 2363 214 2424 ὡς
246 2365 316 2417 ἂν
350 2365 602 2429 ἐξανύσω
635 2369 730 2421 καὶ
755 2373 857 2438 τὴν
891 2371 1146 2435 ὲξὰλυξιν
1167 2371 1261 2424 τοῦ
1296 2373 1468 2426 κακοῦ
1508 2374 1602 2426 καὶ
1633 2372 1733 2442 τὴν

139 2459 437 2520 συναπτῶς
493 2460 715 2529 ποίησιν
775 2461 871 2514 τοῦ
926 2462 1160 2529 ἀγαθοῦ,
1216 2464 1538 2529 ὑποτίθησιν
1569 2465 1732 2528 εὐθὺς

136 2551 616 2618 ἑπιστημονικῶς,
655 2554 729 2615 ὡς
759 2554 845 2608 διὰ
876 2559 1123 2626 είρήνης,
1159 2557 1262 2608 εἴτ’
1291 2559 1385 2612 οὖν
1408 2561 1648 2628 ἀγάπης,
1671 2561 1732 2613 τδ

135 2637 387 2690 τοιοῦτον
445 2643 942 2713 ἑκπληρωθήσεται
1009 2646 1236 2714 ἀγαθόν.
1313 2649 1560 2718 Ἀγαπης
1623 2650 1730 2720 γὰρ

132 2729 452 2804 ἁδρομερές
469 2752 520 2786 τι
552 2737 744 2804 κόμμα
766 2739 864 2792 καὶ
894 2740 927 2807 ή
956 2741 1171 2810 εἰρήνη,
1203 2742 1304 2794 οὐκ
1341 2742 1564 2794 ἔλαττον
1587 2743 1730 2812 ἥπερ

138 2823 170 2889 ἡ
215 2823 396 2888 φιλία,
426 2828 498 2886 ὡς
529 2825 1081 2882 ἐπικατασκευάσαι
1105 2832 1194 2883 τὸν
1227 2833 1567 2900 σκεψόμενον
1594 2835 1731 2904 πρξς

136 2913 433 2981 ἀλήθειαν.

217 3005 320 3074 ξβ’.
366 3008 427 3059 ΕΞ
459 3008 640 3062 τοὲνυν
691 3013 792 3064 οὑκ
845 3013 960 3067 ἔστι
999 3014 1244 3085 δρασμὸς
1292 3017 1359 3072 ἐκ
1405 3018 1580 3073 κακοῦ
1633 3022 1729 3075 καὶ⁷

140 3099 367 3168 ποίησις
430 3101 642 3169 ἀγαθοῦ
691 3105 867 3169 ἄλλως
897 3111 946 3160 εί
984 3110 1059 3177 μὴ
1123 3109 1191 3162 δι’
1231 3111 1479 3180 εἰρήνης,
1519 3115 1615 3180 τῆς
1668 3131 1727 3166 τε

1844 607 2110 662 luntatem
2162 609 2474 664 considero.
2511 610 2753 682 Mihique
2793 612 2957 681 juxta
3007 614 3427 683 interpretatio-

1843 715 1966 753 nem
2012 702 2230 770 quidem
2277 703 2535 766 alienam,
2581 703 2677 758 sed
2704 715 2757 760 et
2795 705 2972 775 ipsam
3007 706 3266 761 meliores
3301 706 3430 762 red-

1843 791 2061 847 dentem
2109 795 2256 848 sicut
2308 810 2395 850 me
2439 795 2688 861 timidos,
2725 798 3031 865 persuadeo
3081 797 3424 869 fugiendum.

1841 888 2302 959 quemadmodum
2339 904 2368 943 a
2404 906 2462 945 re
2489 892 2652 957 mala,
2683 892 2766 946 sic
2798 893 2946 947 etab
2969 894 3200 948 nomine
3231 893 3377 946 malo
3405 908 3422 954 ;

1842 979 2038 1035 deinde
2091 981 2427 1046 conandum,
2487 984 2567 1040 vel
2625 984 2781 1040 illum
2831 989 3200 1042 conversione
3244 985 3427 1040 lacere

1843 1071 2238 1144 perlicereque‘
2269 1074 2494 1139 bonum,
2539 1078 2621 1131 vel
2657 1079 2760 1148 ipsi
2799 1077 2934 1133 mihi
2967 1079 3148 1134 lacere
3197 1080 3424 1143 bonum,

1844 1165 1910 1220 ab
1943 1165 2038 1220 illo
2069 1165 2375 1232 declinare,
2407 1182 2471 1222 ne
2499 1168 2617 1235 ipse
2637 1184 2855 1239 quoque
2892 1184 3016 1224 cum
3049 1169 3144 1225 illo
3174 1183 3429 1223 corrum-

1843 1274 1960 1328 par.
2005 1257 2194 1314 Solent
2231 1260 2376 1313 enim
2423 1259 2750 1331 plerumque
2789 1277 2914 1317 cum
2951 1264 3112 1319 malis
3147 1261 3426 1319 consortia

1843 1369 1952 1408 non
2002 1352 2144 1409 bene
2191 1351 2371 1408 linire.
2415 1353 2476 1408 ln
2527 1354 2616 1410 bis
2662 1364 2846 1410 autem
2899 1356 3087 1412 videre
3127 1356 3294 1411 etiam
3344 1363 3430 1410 est

1843 1442 2011 1498 illud:
2039 1462 2057 1496 ι
2090 1441 2222 1498 Fac.
2253 1462 2270 1495 ι
2293 1441 2411 1498 Non
2434 1443 2582 1500 enim
2610 1444 2747 1498 dixit
2781 1462 2796 1498 :
2834 1462 2852 1496 ι
2879 1444 3091 1499 Bonum
3123 1445 3375 1513 loquere,
3402 1463 3420 1494 I

1843 1538 1926 1592 vel
1958 1554 1980 1590 ι
2023 1536 2181 1603 doce,
2221 1557 2239 1590 ι
2275 1539 2360 1593 vel
2398 1556 2416 1587 ι
2457 1538 2658 1607 cogita,
2710 1555 2727 1589 ι
2773 1538 2855 1592 vel
2903 1538 3054 1592 aliud
3097 1538 3224 1602 tale,
3280 1539 3374 1592 sed
3411 1555 3423 1589 :

1847 1651 1866 1684 ι
1900 1631 2008 1687 Fac
2049 1631 2277 1688 bonum.
2319 1650 2337 1683 ι
2370 1630 2528 1697 Quod
2566 1639 2715 1685 certe
2761 1631 2986 1687 ultimus
3026 1634 3148 1685 linis
3183 1633 3427 1687 intentus

1842 1725 2164 1782 conceditur
2207 1740 2333 1779 esse
2381 1726 2562 1778 onmis
2631 1724 2884 1794 loquelae,
2940 1725 3204 1779 doctrina
3235 1740 3296 1778 ac
3328 1741 3427 1778 co—

1842 1819 2145 1887 gitationis.
2177 1816 2335 1884 Quod
2371 1825 2554 1872 autem
2587 1830 2616 1870 a
2649 1817 2793 1871 malo
2823 1815 3104 1871 declinare
3138 1815 3430 1885 lacereQue

1845 1913 2045 1968 bonum
2079 1928 2187 1966 non
2222 1913 2404 1978 ipsum
2427 1909 2664 1965 alienum
2688 1912 2812 1963 sita
2841 1910 3134 1972 cliaritate,
3169 1906 3348 1962 dulcis
3377 1918 3430 1960 et

1844 2007 2066 2077 sapiens
2111 2013 2166 2058 et
2212 2014 2442 2062 sanctus
2492 2019 2584 2058 rex
2640 2004 2736 2066 ait,
2773 2003 2876 2056 boc
2905 2001 3161 2072 protinus
3197 2000 3429 2068 subjun-

1843 2115 2009 2168 gens:
2038 2116 2057 2149 ι
2092 2096 2286 2163 Quaere
2319 2112 2531 2167 pacem,
2578 2105 2629 2151 et
2652 2109 2982 2166 persequere
3008 2109 3129 2147 eam
3151 2099 3197 2146 '.
3228 2110 3246 2144 ι
3280 2090 3424 2144 Tan-

1842 2208 2008 2262 quam
2039 2191 2185 2245 enim
2206 2191 2392 2261 aliquo
2421 2199 2788 2259 suggerente:
2814 2190 2884 2241 Da
2920 2187 3054 2241 mihi
3081 2186 3426 2247 metltodntn,

1844 2294 2148 2357 praeceptor
2205 2297 2321 2348 rex.
2382 2292 2441 2338 ut
2487 2283 2617 2337 mali
2650 2282 2972 2337 vitationem
3024 2291 3078 2336 et
3133 2294 3243 2334 una
3293 2279 3422 2334 boni

1840 2381 2222 2451 Operationem
2254 2377 2576 2448 perﬁciam;
2614 2376 2801 2431 statim
2840 2375 3003 2428 docte
3044 2372 3291 2440 subjicit,
3326 2386 3426 2442 per

1841 2488 2053 2542 pacem,
2083 2472 2200 2526 sive
2232 2487 2328 2541 per
2360 2469 2705 2531 eliaritatem,
2745 2468 2850 2522 tale
2879 2466 3081 2520 bonum
3111 2479 3236 2519 esse
3269 2479 3425 2518 com-

1840 2565 2122 2635 plendum.
2155 2561 2457 2617 Cbaritatis
2485 2561 2630 2615 enim
2663 2557 2883 2628 aliquod
2913 2557 3151 2610 solidum
3184 2562 3270 2609 est
3301 2568 3423 2621 seg-

1842 2666 2084 2715 mentum
2128 2671 2257 2728 pax,
2285 2671 2396 2710 non
2435 2655 2620 2708 minus
2650 2668 2716 2707 ac
2744 2651 3011 2713 amicitia.
3050 2651 3196 2704 sicut
3229 2647 3420 2702 consi-

1839 2751 2052 2806 deranti
2080 2749 2236 2818 juxta
2265 2746 2548 2802 veritatem
2576 2743 2735 2798 facile
2759 2743 3046 2812 probatur.

1907 3023 2000 3077 62.
2027 3021 2086 3076 Si
2105 3033 2238 3089 ergo
2265 3031 2375 3072 non
2401 3012 2913 3070 estmalidevitatio
2932 3025 3033 3066 nec
3049 3009 3301 3079 operatio
3323 3011 3420 3064 bo-

1839 3119 1891 3172 ni
1909 3117 2087 3180 aliter,
2108 3113 2216 3168 nisi
2231 3126 2327 3181 per
2339 3124 2553 3180 pacem,
2574 3116 2689 3160 tum
2710 3120 2806 3174 per
2819 3104 3284 3174 qualemcunque,
3301 3112 3417 3156 tum

139 3189 336 3258 ἄλλης,
372 3193 468 3244 καὶ
495 3194 596 3261 τῆς
634 3197 691 3246 ἐν
718 3197 935 3266 ἑκάστῳ
970 3200 1149 3267 ἡμῶν,
1181 3201 1304 3253 καθ’
1329 3201 1396 3260 ἢν
1431 3205 1575 3256 ἅπαν
1600 3207 1725 3259 ἀντ-

1836 3229 1922 3288 per
1951 3224 2072 3266 eam
2097 3221 2220 3277 qum
2245 3207 2298 3258 in
2339 3215 2676 3270 unoquoque
2709 3207 2959 3251 nostrum
2984 3203 3089 3258 est,
3111 3195 3416 3249 secundum

137 3283 298 3350 αἰρον
329 3283 564 3352 ψυχικὸν
591 3286 762 3349 πάθος
795 3289 1104 3352 δουλοῦται,
1136 3296 1229 3343 καὶ
1272 3290 1451 3357 οὕτως
1481 3297 1727 3351 ὑποτάσ-

139 3390 297 3425 σεται
334 3375 412 3442 τῷ
436 3379 651 3445 βασιλεῖ
683 3380 932 3450 λογισμῷ
958 3399 970 3411 ο
1009 3382 1275 3452 ζητητέον
1317 3387 1509 3457 αὐτὴν.
1539 3391 1592 3442 εἴ
1620 3407 1724 3442 που

139 3466 232 3516 καὶ
259 3466 598 3533 κρύπτεται.
630 3469 738 3522 Καὶ
776 3471 994 3534 πάντως
1034 3474 1360 3544 εὑρήσομεν,
1399 3479 1448 3528 εί
1495 3478 1728 3549 ζητήσο-

140 3572 262 3623 μεν.
303 3557 421 3618 Πᾶς
458 3561 565 3628 γὰρ
623 3563 649 3613 ὸ
691 3559 873 3631 ζητῶν
903 3563 1173 3631 εὑρίσκει,
1207 3567 1346 3618 καθὰ
1378 3568 1727 3639 μανθάνομεν

141 3649 278 3714 πρὶς
309 3650 593 3717 ἀλήθειαν.
655 3652 718 3704 El
768 3653 821 3706 δὲ
868 3655 1216 3723 ζητήσαντες
1261 3660 1356 3710 καὶ
1401 3660 1724 3730 εὑρηκότες,

135 3740 236 3791 οὑκ
261 3741 465 3808 ἔχομεν
511 3743 681 3813 αὐτῆς
705 3744 1006 3815 δράξασθαι
1064 3748 1152 3802 διὰ
1183 3751 1353 3805 πολλὰ
1417 3754 1484 3806 τὰ
1553 3757 1722 3821 αἴτια,

134 3827 211 3885 ὧν
255 3835 534 3904 ὀκνοῦμεν
589 3838 862 3891 ποιεῖσθαι
921 3840 1137 3909 μνείαν,
1185 3843 1261 3914 μὴ
1308 3848 1402 3898 καὶ
1440 3848 1521 3910 είς
1573 3851 1726 3904 οὐδὲν

135 3926 261 3979 δέον
296 3928 720 4000 ὀχλοκοπῶμεν,
759 3932 1125 4001 θορυὸοὖντες
1181 3939 1310 4000 τοὺς
1369 3940 1730 4011 ἀγχινουστέ-

141 4036 271 4087 ρους
301 4020 620 4089 ἀκροατάς·
656 4027 779 4076 τότε
814 4025 879 4095 δὴ
914 4029 1008 4078 καὶ
1061 4027 1332 4100 διώξομεν
1368 4033 1539 4103 αὐτὴν
1598 4037 1729 4103 φεύ-

137 4128 368 4175 γουσαν,
401 4114 538 4181 ἕπερ
570 4116 689 4167 ἐστὲ
716 4133 730 4147 ·
754 4115 1120 4187 δραμούμεθα
1170 4124 1483 4187 σπουδαίως
1513 4130 1592 4190 είς
1625 4131 1725 4182 αύ-

136 4205 261 4271 τὴν,
299 4204 657 4272 κουφίζοντος
686 4209 822 4276 ἡμῖν
858 4209 948 4261 τὸν
1010 4211 1214 4282 δρόμον
1266 4216 1362 4268 τοῦ
1404 4219 1727 4287 κατέχοντος

139 4295 198 4347 ὲν
227 4300 417 4366 χεροῖν
446 4299 506 4350 τὸ
543 4299 798 4368 βραϐεῖον
847 4304 949 4372 τῆς
1000 4303 1116 4358 ἄνω
1176 4308 1444 4376 κλήσεως,
1500 4311 1596 4363 τοῦ
1628 4314 1727 4382 τῆς

141 4390 370 4458 εἰρήνης
401 4389 625 4460 δοτῆρος
657 4393 790 4460 ἡμῖν
818 4397 932 4457 τοῖς
962 4396 1424 4467 ἐπικαλουμένοις
1467 4404 1528 4455 τὸ
1556 4404 1725 4457 αὑτοῦ

141 4485 338 4552 ὄνομα.
381 4486 609 4550 Πάντως
638 4489 745 4560 γαρ
783 4491 813 4541 ὀ
845 4490 1106 4555 καθάπαξ
1133 4493 1305 4544 εἰπὼν
1327 4495 1419 4546 τό·
1461 4514 1478 4546 ι
1517 4495 1722 4568 Εἰρήνη

1830 3287 1995 3379 quam
2044 3300 2226 3356 omnis
2267 3295 2528 3352 exoriens
2577 3291 2778 3345 anima:
2815 3288 3002 3358 passio
3047 3287 3317 3356 redigitur
3361 3287 3414 3339 in

1829 3399 2176 3458 servitutem,
2219 3400 2274 3445 et
2310 3391 2383 3443 ita
2421 3385 2718 3454 subjicitur
2749 3383 2951 3452 reginae
2986 3381 3225 3444 rationi;
3265 3393 3414 3449 qua:-

1831 3491 2063 3546 rendum
2097 3493 2182 3542 est
2212 3498 2358 3549 eam,
2390 3480 2436 3536 si
2464 3479 2603 3533 lorte
2641 3476 3032 3531 absconditur.
3064 3473 3129 3526 Et
3157 3481 3329 3536 certe,
3365 3470 3416 3526 si

1828 3594 2168 3653 quaeramus,
2195 3575 2560 3631 inveniemus.
2606 3591 2624 3622 ι
2664 3567 2859 3625 Omnis
2887 3561 3032 3621 enim
3074 3566 3167 3635 qui
3195 3565 3413 3632 qumrit,

1830 3675 2041 3728 invenit
2088 3671 2156 3732 '°,
2208 3687 2226 3719 ι
2277 3670 2423 3721 sicut
2476 3665 2528 3718 itt
2580 3664 2808 3716 veritate
2844 3661 3131 3714 discimus.
3175 3658 3231 3712 Si
3283 3672 3416 3714 vero

1829 3773 2123 3834 postquam
2149 3757 2511 3828 qumsivimus
2540 3762 2593 3808 et
2627 3751 2960 3814 invenimus,
2987 3764 3094 3803 non
3121 3761 3414 3818 possumus

1830 3872 1949 3910 eam
1981 3867 2180 3922 capere
2212 3857 2436 3919 prOpter
2466 3847 2667 3901 multas
2695 3859 2913 3901 causas.
2940 3857 3172 3913 quarum
3205 3839 3415 3895 omitti-

1832 3964 1951 4001 mus
1981 3945 2164 4001 lucere
2194 3942 2554 4003 mentionem,
2599 3953 2670 3992 ne
2721 3937 2840 3992 sine
2877 3934 3212 3990 necessitate
3254 3930 3416 3985 taedio

1830 4039 2191 4106 molestiaque
2232 4033 2536 4088 allieiamus
2571 4028 2869 4084 benevolos
2909 4026 3227 4087 auditores;
3285 4033 3418 4074 tunc

1828 4132 2023 4186 saltem
2063 4139 2116 4183 et
2149 4139 2550 4197 persequemur
2580 4138 2699 4177 eam
2736 4120 3058 4188 fugientem,
3091 4118 3239 4199 quod
3281 4125 3366 4170 est
3397 4132 3412 4170 :

1831 4220 1897 4274 ad
1929 4235 2048 4272 eam
2073 4217 2403 4272 festinanter
2435 4228 2749 4276 curremus,
2792 4225 3015 4265 cursum
3051 4209 3211 4263 nobis
3241 4208 3412 4262 levem

1832 4312 2067 4366 laeiente
2121 4309 2214 4378 qui
2281 4306 2536 4361 manibus
2587 4313 2740 4358 tenet
2804 4303 3046 4358 caelestis
3105 4300 3414 4354 vocationis

1830 4402 2104 4466 bravium,
2139 4400 2231 4470 qui
2263 4400 2452 4468 pacem
2487 4398 2581 4451 dat
2606 4396 2768 4449 nobis
2796 4392 3183 4448 invocantibus
3208 4407 3412 4445 nomen

1830 4489 1979 4557 ejus.
2008 4487 2168 4542 Certe
2200 4486 2346 4541 enim
2379 4483 2472 4554 qui
2513 4484 2684 4538 semel
2725 4481 2864 4536 dixit
2913 4481 3017 4534 hoc
3058 4495 3073 4532 :
3107 4499 3123 4530 ι
3170 4478 3281 4532 Pax
3319 4494 3416 4546 vo-

143 4577 297 4644 ὑμῖν,
340 4599 360 4629 ι
393 4579 487 4628 καὶ
527 4581 616 4631 τό·
677 4600 694 4630 ι
729 4580 969 4651 Εἰρήνην
988 4584 1090 4654 τὴν
1122 4585 1262 4656 ἐμήν
1291 4586 1483 4656 δίδωμι
1517 4565 1666 4658 ὑμῖν,

1836 4584 1914 4637 bis
1939 4582 2012 4647 υς
2040 4599 2058 4632 ι
2087 4591 2140 4634 et
2163 4581 2269 4634 ltoc
2296 4597 2309 4632 :
2346 4596 2364 4630 ι
2391 4577 2586 4631 Pacem
2611 4592 2787 4630 meam
2807 4574 2882 4628 du
2898 4574 3053 4628 vobis
3077 4574 3177 4637 η.»
3201 4572 3416 4626 scilicet

140 4671 254 4728 τοίς
313 4670 472 4737 ἐμοῖς
516 4670 738 4740 δηλαδὴ,
791 4674 892 4725 οὐκ
943 4673 1010 4726 ἂν
1050 4675 1398 4745 ζητουμένην
1426 4680 1722 4752 ἀποκρύψῃ

141 4761 317 4830 αὐτὴν
352 4763 450 4828 ἀφ’
481 4763 658 4831 ἡμῶν,
691 4764 808 4816 ἀλλ’
840 4767 1093 4829 ἐπιτάξει
1115 4768 1396 4837 προελθεῖν
1435 4771 1514 4832 είς
1552 4775 1722 4841 ἡμᾶς,

144 4856 190 4903 εἰ
226 4855 394 4921 μόνον
422 4855 887 4927 θεοκλυτήσομεν,
926 4859 1427 4929 είνδνσωπήσομεν,
1475 4865 1522 4915 εί
1556 4864 1724 4926 γενώ-

149 4944 288 5007 μεθα
321 4946 539 5010 ἐπάξιοι
568 4953 752 5018 τυχεῖν
770 4952 1016 5021 εἰρήνης,
1053 4952 1152 5021 τῆς
1179 4953 1258 5022 τῷ
1285 4954 1405 5023 Θεῷ
1435 4956 1720 5026 φιλτάτης·

142 5034 210 5109 ἦς
242 5042 339 5092 καὶ
371 5043 422 5092 οἱ
466 5043 720 5110 τυχόντες
777 5045 1064 5114 μακάριοι,
1117 5048 1212 5099 καὶ
1264 5050 1314 5100 οἱ
1364 5048 1618 5117 πρόξενοι
1667 5053 1723 5103 δὲ

152 5133 693 5202 συμμακαρξζονται,
726 5135 800 5196 ὠς
826 5137 928 5188 υίοί
968 5137 1114 5188 θετοὶ
1145 5136 1215 5205 τῷ
1253 5136 1393 5207 Θεῷ.
1465 5157 1484 5190 ι
1535 5141 1728 5194 Μακά-

152 5239 258 5288 ριοι
292 5242 313 5276 ι
375 5224 508 5294 γὰρ,
547 5227 735 5295 φησὶν,
769 5246 788 5278 ι
824 5229 873 5280 οι
903 5229 1256 5299 εἰρηνοποιοὶ,
1305 5229 1388 5282 ὅτι
1419 5230 1577 5284 αὑτοὶ
1626 5232 1734 5285 uici.

148 5311 284 5363 Θεοῦ
315 5312 704 5382 κληθήσονται.
740 5333 760 5368 t

223 5405 325 5471 ξτ-
366 5406 473 5457 Kal-
504 5408 615 5474 ἐγὼ
648 5410 748 5475 μὲν
778 5411 873 5462 καὶ
919 5409 970 5461 οἱ
999 5413 1120 5464 κατ’
1164 5413 1267 5480 ἐμὲ
1302 5411 1448 5464 οὕτω
1498 5412 1730 5480 φρονοῦο

157 5510 258 5560 μεν
292 5495 545 5564 περὶτῆς
575 5498 926 5569 ἀγαπητικῆς
953 5501 1175 5570 εἰρήνης
1207 5502 1302 5556 τοῦ
1320 5503 1477 5564 Θεοῦ,
1499 5505 1594 5555 καὶ
1624 5503 1732 5555 τῶν

156 5587 297 5638 κατὰ
325 5587 428 5656 τὴν
457 5590 716 5659 τοιαύτην
763 5593 1059 5662 εἰρηνικῶν
1100 5595 1428 5664 ἀνθρώπων.
1480 5592 1614 5647 Οἶδα
1673 5595 1730 5649 δέ

153 5693 304 5742 τινας
333 5679 512 5744 ἄλλως
544 5682 928 5755 διακειμένους
957 5703 1050 5740 και
1072 5688 1433 5757 ἀχθομένους,
1479 5688 1532 5740 el
1575 5707 1727 5752 τινας

853 5869 893 5901 ¹⁶
937 5870 1069 5925 ibid.

227 5863 422 5919 'Psal.
456 5879 650 5934 xxxttt,
683 5868 769 5923 l5.
853 5869 893 5901 "
937 5870 1069 5925 ibid.
1155 5872 1192 5901 “
1221 5869 1354 5926 Luc.
1411 5887 1562 5933 xxiv,
1589 5871 1678 5927 56.

1826 4675 1989 4735 meis,
2031 4687 2144 4728 non
2184 4671 2336 4724 illam
2363 4674 2649 4740 quaesitam
2680 4667 2984 4721 abscondet
3023 4681 3052 4719 a
3090 4664 3272 4731 nobis,
3313 4665 3409 4718 sed

1818 4765 2036 4831 jubebit
2069 4764 2135 4816 ad
2159 4778 2258 4816 nos
2289 4763 2498 4824 venire,
2535 4759 2833 4814 dummodo
2860 4757 3029 4812 Deum
3065 4759 3413 4820 invocemus,

1826 4857 2125 4911 dummodo
2197 4854 2475 4924 supplices
2538 4868 2830 4918 rogemus,
2908 4852 3202 4905 dummodo
3264 4851 3416 4921 digni

1832 4950 2025 5001 liamus
2067 4945 2163 5015 qui
2193 4959 2382 5014 pacem
2431 4942 2778 4997 inveniamus
2829 4940 2942 4994 Deo
2982 4941 3410 5000 charissimam;

1837 5042 1994 5109 cujus
2029 5047 2310 5107 compotes
2349 5037 2496 5090 beati
2556 5043 2704 5096 suttt,
2767 5035 2860 5088 sed
2896 5044 2950 5088 et
2984 5042 3239 5088 auctores
3271 5034 3413 5088 beati

1837 5132 2001 5187 simul
2042 5132 2326 5193 dicuntur,
2372 5139 2632 5198 tanquam
2667 5126 2762 5180 lilii
2797 5125 2891 5182 Dei
2917 5126 3176 5195 adoptivi.
3225 5126 3414 5179 «Beati

1838 5229 2007 5292 enim,
2058 5228 2154 5292 ait,
2202 5224 2441 5295 paeilici,
2492 5225 2752 5296 quoniam
2800 5223 2905 5291 ipsi
2953 5222 3050 5276 ﬁlii
3105 5219 3202 5277 Dei
3252 5234 3418 5275 voea-

1839 5321 2062 5372 liuntur.
2098 5335 2116 5368 ι

1908 5411 1997 5465 65.
2041 5410 2152 5478 Ego
2201 5409 2425 5480 quidem
2478 5419 2534 5463 et
2578 5409 2671 5478 qui
2709 5410 2864 5476 juxta
2899 5423 3000 5462 me
3042 5415 3192 5469 sunt,
3228 5406 3302 5461 ita
3345 5405 3416 5460 de

1837 5521 1972 5574 pace
2008 5505 2123 5570 Dei,
2158 5520 2280 5573 qua:
2312 5505 2586 5558 cliaritate
2615 5511 2857 5562 constat.
2891 5499 3030 5554 etde
3055 5497 3304 5567 pacllicis
3328 5512 3415 5550 sev

1840 5595 2082 5650 cundum
2137 5596 2285 5649 illam
2338 5595 2694 5658 hominibus,
2744 5592 3035 5647 sentimus.
3092 5589 3223 5644 Scio
3280 5601 3412 5640 vero

1842 5689 2108 5758 quosdam
2132 5689 2289 5743 aliter
2312 5688 2612 5759 dispositos
2633 5698 2687 5740 et
2710 5689 3038 5746 irascentes,
3069 5682 3114 5738 si
3142 5680 3411 5752 quosdam

1762 5875 1804 5903 "
1840 5870 2039 5926 Joaun.
2071 5889 2180 5935 .vtv,
2229 5871 2317 5925 9.7.
