4210 6438
719 391 819 462 631
1507 386 1925 449 EUSI‘ATIIlI
1972 383 2736 451 THESSALONICENSIS
2778 385 3351 449 METROPOLITAZ
3907 380 4043 445 632

721 506 909 568 vident
930 524 1050 567 sese
1076 506 1406 579 regulariter
1441 488 1725 576 diligentes
1748 507 2011 567 invicem,
2036 513 2089 559 et
2113 520 2310 560 sceun-
2336 506 2378 565 Α

2469 510 2675 565 ιέτεουσι
2707 511 3092 580 φιλιουμὲνους
3121 510 3428 575 κανονικῶς
3444 505 3837 578 ἀλλήλοις,καὶ
3867 508 4044 561 κατὰ

718 605 849 659 ilum
872 605 1039 658 Deum
1060 611 1331 664 amantes,
1351 607 1398 653 et
1422 598 1786 668 spiritualiter
1806 613 1992 667 pacem
2008 597 2322 652 custodien-

2470 603 2559 655 εον
2591 604 2952 670 ἀγαπῶντας,
2969 604 3064 655 καὶ
3085 604 3480 672 πνευματικῶς
3510 600 3938 673 είρηνεύοντας.
3965 600 4043 655 Οῖ

721 705 828 752 tes.
861 696 965 762 Qui
1008 709 1253 765 qucque,
1306 693 1550 762 gladium
1583 693 1890 753 vibrantes,
1925 691 2059 745 tales
2094 690 2322 745 interci-

2469 695 2523 747 αὶ
2557 694 2835 766 μαχαίρας
2862 693 3167 765 βάλλοντες,
3202 697 3303 761 τὰς
3333 696 3599 760 τοιαύτας
3628 696 4041 765 ἀποτέμνουσι

722 790 863 843 dunt
898 788 1316 849 unanimitates,
1336 795 1389 840 et
1406 800 1513 839 non
1542 795 1800 851 verentur
1822 784 1945 838 vitae
1961 784 2325 838 commiscere

2469 788 2748 858 υμφυῖας,
2790 788 2887 841 καὶ
2917 790 3019 843 οὐκ
3052 789 3342 859 ἀνέχονται
3368 789 3444 860 μὴ
3474 790 3752 861 ταράχους
3786 789 3871 860 τῷ
3920 789 4044 859 βίῳ

729 882 929 937 turbas
952 890 1006 934 et
1034 879 1486 949 perturbationes
1509 888 1564 932 et
1595 877 1717 932 lites
1753 886 1806 931 et
1832 876 2232 930 commotiones
2270 883 2324 928 et

2470 879 2908 951 μπολιτεύεσθαι
2940 882 3036 933 καὶ
3067 880 3320 951 ὀχλήσεις
3364 882 3463 934 καὶ
3500 881 3657 944 δίκας
3683 882 3777 933 καὶ
3804 880 4042 951 τύρσας

722 973 995 1028 vindictas
1017 982 1068 1026 et
1115 970 1412 1037 aliquando
1441 970 1757 1038 punitiones
1803 986 1816 1023 :
1857 970 2011 1037 quasi
2051 968 2322 1037 sanguine

2469 975 2522 1027 αὶ
2553 971 2780 1043 ζημίας,
2804 974 2905 1045 ήδη
2933 974 2991 1027 δέ
3014 991 3120 1027 που
3157 975 3256 1027 καὶ
3292 973 3551 1038 κολάσεις
3576 991 3592 1006 ο
3626 973 3704 1036 ῶς
3756 969 3851 1025 οἷα
3888 960 4039 1043 χαί-

727 1058 1003 1127 Ιξειιιηιεε.
1041 1065 1435 1133 capientesque
1467 1062 1523 1115 in
1559 1061 1687 1117 ﬁliis
1719 1062 1813 1116 Dei
1845 1062 2018 1115 libere
2066 1060 2317 1115 exerceri

2469 1085 2621 1130 οντες
2647 1068 2873 1135 αἵμασι.
2918 1070 3014 1122 καὶ
3036 1067 3137 1132 τὰς
3160 1068 3271 1121 τῶν
3293 1068 3549 1123 παλαιῶν
3580 1067 3866 1121 Λακώνων
3920 1081 4040 1118 που

721 1170 977 1214 τειειυιιι
1010 1157 1220 1228 ﬂagella
1247 1156 1520 1209 Laconum
1548 1164 1603 1209 et
1648 1152 2057 1209 irrationabilia
2101 1154 2320 1209 Mithrae

2469 1161 2650 1214 οῦντες
2678 1161 2735 1211 ἐν
2762 1162 2877 1223 τοῖς
2904 1158 3000 1212 τοῦ
3028 1160 3166 1214 Θεοῦ
3197 1159 3688 1232 παρρησιάζεσθαι
3717 1160 4043 1231 μάστιγας,

726 1254 1021 1324 supplicia,
1046 1266 1259 1305 necnon
1303 1246 1617 1304 mortiferus
1643 1244 1920 1303 Celtarum
1948 1264 2013 1301 ex
2056 1246 2234 1300 cbrict
2254 1255 2326 1299 ite

2474 1255 2528 1306 αὶ
2559 1253 2629 1305 τὰ
2675 1251 2822 1321 κατὰ
2851 1252 2942 1306 τὸν
2967 1253 3189 1326 Μίθραν
3235 1255 3499 1322 ἁλόγιστα
3556 1255 3864 1323 κόλαστρα,
3925 1252 4041 1321 ἢδη

730 1350 905 1408 lusus,
940 1356 993 1399 et
1013 1344 1339 1415 Scytharum
1372 1342 1703 1403 tentamina,
1741 1340 1942 1409 quibus
1972 1334 2226 1393 homines
2267 1338 2321 1391 in

2469 1346 2486 1397 ὲ
2517 1345 2611 1397 καὶ
2640 1343 2707 1396 τά
2744 1344 2984 1397 Κελτικὰ
3011 1340 3294 1414 θανάσιμα
3317 1348 3380 1397 ὲκ
3402 1344 3576 1413 μέθης
3617 1344 3881 1410 παίγνια,
3934 1343 4045 1394 καὶ

731 1440 901 1493 altum
944 1436 1195 1507 projecti,
1238 1434 1433 1489 deinde
1506 1433 1688 1502 illapsi
1717 1473 1733 1498 ,
1783 1428 1990 1506 lanceis
2040 1431 2095 1484 in
2154 1429 2325 1484 altum

2469 1436 2499 1487 ὲ
2521 1434 2662 1485 κατὰ
2695 1434 2934 1500 Σκύθας,
2965 1436 3099 1502 παρ’
3127 1429 3209 1497 οἷς
3250 1434 3540 1505 ἅνθρωποι
3570 1432 4045 1505 ἁναρῤιπτούμε-

734 1532 974 1586 sublatis
1022 1526 1505 1596 transligebautur.
1540 1527 1639 1579 His
1682 1532 1863 1579 autem
1899 1527 1985 1577 sic
2019 1522 2329 1591 agentibus,

2469 1545 2514 1579 οι
2543 1528 2599 1588 ἐς
2634 1524 2789 1595 ὕψος,
2822 1509 2941 1578 εἶτα
2969 1527 3258 1589 κατιόντες
3303 1527 3531 1596 λόγχαις
3583 1525 3777 1596 ὀρθαῖς
3843 1540 4046 1592 πεπηο

734 1619 855 1690 ἠυξε
910 1620 1059 1690 pacis
1103 1628 1232 1672 sunt
1274 1618 1434 1670 aliter
1490 1617 1677 1678 etiam,
1728 1624 1786 1668 ut
1847 1613 2082 1676 videtur,
2134 1623 2333 1682 praeter

2474 1618 2620 1680 υίαις
2652 1616 3097 1686 περιεπείροντο.
3128 1617 3255 1679 Τοῖς
3284 1616 3341 1669 δὲ
3398 1616 3546 1669 οὕτω
3602 1611 4047 1682 κατεργαζομέο

736 1728 1088 1768 communem
1139 1719 1194 1766 οι
1231 1719 1509 1763 assuetam
1533 1719 1587 1763 ει
1633 1718 1837 1773 rectam
1862 1708 2211 1768 sententiam,
2228 1716 2281 1759 υἱ
2301 1721 2332 1759 a

2469 1727 2547 1771 οις
2584 1709 2653 1761 τὰ
2706 1710 2964 1780 εἰρηνικὰ
3003 1709 3100 1761 καὶ
3148 1709 3349 1771 ἄλλως,
3392 1709 3470 1771 ῶς
3516 1707 3683 1773 ἔοικε,
3738 1709 3896 1776 παρὰ
3939 1705 4047 1775 τὴν

740 1806 849 1860 Deo
900 1804 1166 1858 traditum
1199 1803 1520 1857 Davidicuin
1566 1804 1634 1855 de
1682 1816 1816 1871 pace
1866 1804 2137 1866 verbum,
2188 1799 2333 1853 cxci-
2372 1860 2378 1872 Ι

2469 1800 2625 1871 νοινὴν
2658 1803 2753 1853 καὶ
2779 1802 2984 1872 συνήθη
3016 1800 3226 1855 ἔννοιαν
3258 1805 3352 1856 καὶ
3383 1801 3554 1872 ὀρθὴν
3606 1802 3701 1855 καὶ
3756 1800 4047 1868 θεοπαρά-

738 1903 989 1969 piuntur.
1031 1898 1298 1964 Qutnrunt
1331 1898 1476 1952 enim
1517 1860 1739 1964 quidem
1785 1895 1924 1950 tales
1975 1860 2190 1963 pacein,
2236 1891 2328 1946 ubi
2371 1860 2378 1913 l

2471 1860 2593 1947 οτον
2617 1893 2678 1946 τὸ
2719 1895 2849 1964 περὶ
2877 1860 2984 1963 τῆς.
3010 1895 3240 1965 είρήνης
3273 1860 3563 1949 Δαυῖτικδν
3597 1895 3764 1966 ρητδν
3824 1860 4045 1961 ἔκλαμ-

743 1988 883 2047 forte
931 1992 1280 2055 invvuiatur,
1339 2001 1393 2045 et
1440 1987 1784 2057 odorisequi,
1841 1985 2133 2041 inveniunt
2184 1981 2330 2051 apud

2469 1990 2687 2040 ιάνεται.
2719 1988 2959 2057 Ζητοῦσι
3010 1990 3113 2057 μὲν
3134 1989 3245 2061 γὰρ
3274 1991 3503 2060 είρήνην
3542 1990 3593 2041 οί
3617 1988 3881 2046 τοιοῦτοι,
3913 1989 4047 2040 ὅποι

742 2086 990 2140 colentes
1023 2100 1167 2147 eam,
1195 2098 1305 2138 non
1335 2092 1517 2135 autem
1544 2079 1686 2147 apu:l
1723 2093 1820 2133 eos
1846 2091 2070 2131 manere
2103 2075 2331 2136 sinunt;

2469 2080 2572 2133 ιοτὲ
2636 2079 3022 2134 πολιτεύεται’
3101 2083 3197 2135 καὶ
3251 2082 3675 2152 ρινηλατοῦντες
3739 2082 4044 2149 εὑρίσκου-

745 2176 842 2232 Sed
874 2181 1279 2245 persequuntur
1309 2173 1418 2227 alio
1450 2170 1636 2233 modo,
1689 2183 1798 2222 non
1840 2176 1901 2220 ut
1933 2165 2333 2234 comprehensa

2469 2190 2498 2226 ll
2542 2176 2642 2253 μὲν
2706 2177 2859 2243 παρὰ
2917 2176 3027 2238 τοῖς
3088 2175 3639 2244 πραγματευομένοις
3696 2174 3895 2245 αὐτὴν,
3940 2174 4047 2226 οὐκ

744 2267 1106 2331 custodiatur,
1130 2268 1223 2321 sed
1253 2271 1311 2318 ut
1342 2273 1487 2318 terra
1518 2269 1700 2325 exeat,
1736 2268 1792 2314 et
1830 2259 1933 2328 ipsi
1968 2254 2249 2311 exsultant
2269 2253 2338 2309 de

2469 2267 2638 2333 ιφιᾶσι
2686 2257 2744 2318 δὲ
2778 2268 2961 2335 μένειν
3006 2268 3137 2339 παρ’
3171 2267 3400 2331 ἐκείνοις
3433 2286 3449 2299 ο
3502 2268 3761 2320 διώκουσι
3796 2266 3857 2320 δὲ
3913 2266 4050 2335 τρό-

752 2357 1147 2428 interpretabili
1224 2356 1543 2426 duplicitate
1603 2350 1989 2422 persequendi,
2026 2347 2183 2418 quasi
2243 2361 2342 2417 per

2469 2375 2550 2411 τον
2605 2357 2786 2421 ἄλλον,
2841 2360 2939 2431 οὐχ
2981 2362 3066 2415 ἵνα
3114 2362 3529 2432 καταληφθεῖσα
3586 2362 3865 2431 φυλαχθῇ,
3922 2360 4048 2412 ἀλλ’

748 2469 869 2508 eam
942 2451 1241 2521 sopbistice
1293 2448 1715 2517 triumphantes.
1780 2444 2045 2513 Persequi
2108 2457 2344 2511 namque

2469 2454 2538 2505 ἴνα
2574 2452 2632 2517 ἐξ
2664 2450 2969 2523 ἀνθρώπων
3015 2456 3277 2522 γένηται·
3335 2458 3431 2506 καί
3484 2471 3587 2507 που
3644 2455 3741 2507 καὶ
3800 2453 4065 2521 ὲπαγάλοι

749 2546 914 2599 etiam
959 2545 1025 2598 de
1051 2542 1345 2597 dilectione
1383 2542 1435 2593 iu
1481 2539 1765 2607 Scriptura
1791 2537 2055 2592 habetur:
2096 2534 2191 2589 sed
2234 2535 2345 2603 plc-

2469 2562 2635 2599 iov-cai
2688 2549 2754 2616 τῇ
2800 2546 2925 2600 κατ’
2985 2546 3199 2600 ἔννοιαν
3241 2548 3441 2618 διπλόη
3484 2548 3587 2617 τῆς
3636 2545 3905 2611 διώξεως,
3956 2540 4051 2597 οἷα

751 2649 985 2705 rumque
1023 2633 1091 2687 de
1135 2632 1280 2687 odio.
1326 2630 1417 2685 Sic
1445 2632 1590 2685 enim
1630 2628 1775 2698 apud
1827 2627 1998 2683 Deum
2033 2626 2350 2680 beatiﬁcau-

2469 2638 2954 2708 κατασοφιζόμενοι
2997 2639 3065 2693 δι’
3109 2640 3302 2709 αὐτῆς.
3362 2638 3595 2693 Διώκειν
3640 2640 3749 2707 γὰρ
3810 2638 3906 2691 καὶ
3953 2639 4054 2692 ἐπὶ

754 2739 862 2793 tur,
890 2742 1031 2797 quos
1062 2724 1285 2795 quidam
1345 2722 1564 2793 probris
1617 2721 1863 2776 alliciunt
1929 2726 2150 2789 propter
2198 2717 2347 2770 illum

2469 2730 2645 2797 φιλίας
2666 2731 2765 2799 μὲν
2790 2731 3001 2784 τίθεται
3024 2731 3341 2802 γραφικῶς,
3372 2732 3443 2785 τὰ
3480 2729 3651 2784 πολλὰ
3696 2730 3754 2783 δὲ
3798 2730 3898 2782 ἐπὶ
3961 2728 4054 2797 μί·

752 2831 807 2875 et
840 2830 1266 2891 persequuntur,
1300 2814 1406 2870 Sed
1455 2814 1673 2884 quidem
1717 2814 1918 2868 talibus
1960 2824 2105 2867 sorte
2139 2808 2354 2864 contiu-

2469 2840 2610 2885 σους.
2647 2822 2805 2878 υῦτω
2824 2824 2933 2894 γὰρ
2966 2826 3231 2894 μακάριοι
3268 2825 3422 2895 παρὰ
3449 2824 3526 2892 τῷ
3574 2823 3716 2891 Θεῷ,
3766 2821 3862 2885 οῦς
3906 2821 4053 2872 ὀνει-

759 2925 849 2984 gat
876 2925 1095 2985 gratum
1131 2912 1269 2982 ipsis
1301 2910 1512 2974 odium,
1543 2918 1601 2962 ut
1633 2923 1758 2962 cum
1780 2906 2022 2970 diabolo,
2050 2903 2354 2959 inimicitia:

2469 2915 2672 2970 δίσουσί
2719 2935 2864 2980 τινες
2906 2918 3095 2971 ἕνεκεν
3148 2918 3315 2971 αὐτοῦ
3367 2918 3460 2971 καὶ
3512 2916 3825 2981 διώξουσιν.
3889 2916 4053 2969 Ἀλλὰ

760 3011 923 3072 duce,
963 3006 1375 3076 congauileaut;
1424 3022 1525 3058 nos
1574 3013 1761 3056 autem
1797 3005 1851 3055 in
1885 3000 2044 3055 nobis
2081 3000 2214 3067 ipsis
2264 2998 2360 3050 ba-

2469 3010 2593 3073 τούς
2609 3011 2889 3072 τοιούτους
2930 3011 3031 3081 μὲν
3064 3011 3220 3082 λάχοι
3239 3012 3299 3064 τὸ
3332 3011 3486 3079 φίλον
3516 3012 3700 3074 αὐτοῖς
3746 3012 3927 3079 μῖσος,
3962 3009 4053 3061 ῐνα

762 3101 989 3155 beamus
1031 3114 1241 3169 pacem,
1291 3101 1439 3151 sicut
1487 3098 1628 3152 Deus
1681 3096 1953 3166 praecipit,
1998 3105 2054 3149 et
2098 3095 2243 3148 illam
2295 3107 2359 3145 ex

2469 3098 2546 3169 τῷ
2580 3098 2813 3169 διαϐόλῳ
2845 3102 3218 3169 συγχαίροιεν,
3260 3101 3338 3170 τῷ
3378 3100 3476 3168 τῆς
3523 3101 3725 3172 ἔχθρας
3774 3102 4004 3169 ἄρχοντι
4034 3115 4050 3131 ο

763 3202 878 3248 tota
921 3193 1104 3247 anima
1132 3192 1402 3246 colamus.

2470 3192 2631 3260 ἡμεῖς
2647 3191 3099 3262 δὲείρηνεύοιμεν
3128 3193 3186 3246 ὲν
3209 3194 3339 3262 ἡμῖν
3358 3193 3564 3257 αὐτοῖς,
3586 3193 3660 3252 ὡς
3690 3193 3718 3243 ό
3746 3191 3884 3254 Θεὸς
3908 3208 4052 3260 παρ-

2466 3284 2740 3352 αγγέλλει,
2763 3286 2859 3337 καὶ
2877 3285 3407 3354 πραγματευοίμεθα
3439 3283 3596 3337 τοῦτο
3616 3285 3673 3351 ἐξ
3700 3285 3831 3352 ὅλης
3846 3284 4049 3353 ψυχῆς.

836 3382 928 3436 64.
963 3379 1259 3435 Precemur
1328 3376 1530 3433 deinde
1594 3387 1655 3430 ut
1717 3371 2103 3445 potentissimo
2166 3376 2359 3423 nostro

770 3472 1108 3527 dominatori
1170 3470 1346 3540 major
1380 3485 1409 3524 a
1451 3469 1563 3525 Deo
1629 3468 1873 3538 potentia
1933 3467 2068 3529 tiat,
2116 3461 2182 3515 ad
2237 3476 2358 3515 eam

770 3566 985 3634 integre
1020 3563 1367 3632 perlecteque
1402 3562 1455 3615 in
1504 3562 1710 3616 mundo
1758 3576 1856 3626 pro
1877 3557 2156 3613 communi
2190 3558 2364 3610 salute

772 3652 1289 3707 exercendam.Etsi
1320 3654 1464 3706 enim
1506 3651 1728 3721 quidam
1762 3649 2012 3703 homines
2057 3661 2201 3715 saepe
2254 3661 2363 3699 non

775 3742 1219 3797 animadvertere
1271 3754 1469 3795 curant
1521 3741 1719 3807 quibus
1794 3738 1903 3794 istc
1984 3737 2365 3791 circumdatur

780 3833 1081 3901 periculis;
1130 3843 1314 3887 tamen
1364 3834 1417 3887 in
1465 3843 1701 3886 mentem
1748 3830 2143 3884 descendentes
2199 3843 2368 3882 accu-

782 3933 897 3979 rate
938 3924 1147 3979 sciunt.
1207 3922 1383 3979 Habet
1427 3920 1645 3993 quidem
1698 3936 1825 3977 vere
1874 3929 2257 3990 perpetuoque
2298 3918 2369 3974 de

781 4018 924 4071 cmlo
948 4014 1209 4072 auxilium
1245 4032 1310 4073 ac
1339 4016 1732 4072 levamentum.
1757 4015 2044 4080 Quomodo
2071 4008 2217 4068 enim
2245 4012 2364 4067 istis

786 4128 892 4164 nou
949 4113 1314 4180 locupletetur
1364 4111 1458 4164 ille
1504 4109 1599 4180 qui
1652 4111 1851 4165 exinde
1880 4109 2002 4163 sine
2026 4108 2208 4162 medio
2228 4109 2374 4162 elec-

787 4212 880 4255 lus
926 4210 1012 4256 est
1049 4217 1078 4254 a
1111 4202 1202 4256 Dei
1247 4200 1514 4271 sapientia
1552 4199 1717 4269 quam
1755 4196 2035 4255 dcamavit
2080 4205 2138 4251 et
2181 4198 2233 4250 in
2280 4210 2370 4249 re-

786 4311 951 4365 gnum
978 4296 1250 4361 elemtus,
1301 4310 1523 4365 unaque
1565 4294 1715 4364 regia
1763 4306 1971 4348 corona
2014 4289 2371 4359 tropaaisque,

788 4404 1025 4458 querum
1051 4403 1151 4443 uos
1184 4387 1442 4455 primitize
1467 4402 1684 4452 sumus,
1712 4382 2013 4439 exornatus
2040 4386 2063 4436 2
2094 4382 2260 4436 Decet
2286 4392 2373 4433 ta-

793 4496 913 4535 men
937 4496 1202 4550 uos,quos
1222 4481 1358 4548 ipse,
1372 4490 1493 4548 post
1507 4478 1700 4540 Deum,
1720 4476 1994 4535 liberavit,
2009 4487 2060 4530 et
2075 4472 2375 4529 secundum

2538 3379 2630 3442 ξδ’.
2658 3378 2961 3446 Εύχοίμεθα
2996 3378 3052 3430 δὲ
3085 3379 3177 3430 καὶ
3212 3378 3291 3448 τῷ
3332 3379 3612 3448 κρατίστῳ
3672 3376 3831 3445 ἡμῶν
3896 3379 4051 3429 αὑτο-

2468 3471 2697 3540 κρὰτορι
2733 3469 3045 3536 ἐγγίνεσθαι
3082 3469 3253 3521 πλείω
3281 3468 3515 3537 δύναμιν
3561 3470 3627 3520 ἑκ
3680 3464 3842 3530 Θεοῦ,
3896 3483 4049 3534 περι-

2470 3563 2802 3634 ποιήσασθαι
2852 3563 3024 3630 αὐτὴν
3067 3565 3143 3625 είς
3195 3562 3456 3632 ἀκέραιον
3507 3562 3601 3614 καὶ
3657 3559 3923 3618 παντελὲς
3979 3558 4053 3626 τῷ

2472 3657 2663 3725 κόσμῳ
2699 3657 2791 3708 ἐπὶ
2813 3655 3059 3726 σωτηρία
3110 3657 3295 3725 κοινῇ⁹
3356 3655 3437 3719 ὃς,
3484 3653 3533 3707 εί
3585 3651 3678 3705 καί
3722 3658 3873 3711 τινες
3929 3650 4053 3712 ἴσως

2471 3750 2574 3802 οὐκ
2606 3748 2960 3802 ὲπιῦάλλουσι
2994 3750 3157 3810 νοεῖν,
3184 3748 3396 3806 ὁποίαις
3428 3745 3725 3815 ὲργωδὶαις
3794 3759 4051 3811 περιτρο-

2473 3840 2728 3908 χάζεται,
2763 3838 2899 3891 ἀλλὰ
2932 3838 3231 3906 βάπτοντες
3257 3836 3333 3898 είς
3362 3834 3486 3888 νοῦν
3508 3836 3686 3887 οἴδασι
3715 3831 3855 3903 πρὸς
3895 3832 4047 3899 ἀκρί-

2478 3932 2653 3984 σειαν.
2688 3930 2797 3982 Καὶ
2826 3929 2939 3998 ἔχει
2973 3928 3070 3995 μὲν
3097 3927 3316 3997 ἀληθῶς
3347 3926 3447 3995 τὴν
3472 3924 3767 3996 οὐρανόθεν
3829 3924 4046 3975 ἐπικου-

2482 4025 2602 4094 ρίαν
2640 4000 3028 4091 καίσύναρσιν
3080 4018 3294 4071 εἰσαεί·
3330 4018 3422 4071 καὶ
3475 4018 3593 4081 πῶς
3657 4015 3769 4084 γὰρ
3834 4014 3935 4067 οὐκ
3985 4014 4046 4066 ἂν

2481 4116 2743 4185 πλουτοίη
2774 4114 2943 4184 αὐτὴν
2967 4116 2995 4168 ό
3019 4115 3117 4167 καὶ
3148 4113 3394 4181 ἔκλεγεὶς
3422 4112 3634 4165 ἐκεῖθεν
3685 4110 3909 4178 ἀμέσως
3963 4108 4047 4161 διὰ

2479 4211 2580 4279 τῆς
2613 4208 2710 4262 τοῦ
2735 4208 2873 4261 Θεοῦ
2905 4208 3123 4274 σοφίας,
3152 4208 3218 4277 ἢν
3250 4207 3659 4276 ὑπερεπάθησε,
3697 4204 3797 4258 καὶ
3850 4206 3932 4265 είς
3966 4204 4051 4273 βα-

2483 4300 2694 4353 σιλείαν
2751 4298 3162 4361 ἀναϐισασθεὶς,
3215 4300 3312 4350 καὶ
3357 4298 3476 4366 ἅμα
3512 4296 3783 4367 βασιλικῷ
3826 4312 3888 4347 τε
3944 4295 4053 4347 στέ-

2484 4408 2577 4460 φει
2596 4394 2694 4445 καὶ
2722 4390 3027 4465 τροπαίοις
3056 4390 3372 4460 ὼραῖσθεὶς,
3401 4384 3668 4458 ῶνήμεῖς
3731 4387 3795 4440 τὸ
3853 4388 4052 4456 πρωτό-

2485 4484 2629 4535 λειον
2658 4498 2673 4547 ;
2711 4481 2932 4552 ιῙρέπον
2964 4482 3020 4534 δὲ
3050 4482 3224 4549 ὅμως,
3259 4481 3356 4532 καὶ⁵
3410 4480 3576 4547 ἡμᾶς,
3608 4478 3736 4539 τοὺς
3769 4476 3840 4530 δι’
3902 4476 4049 4529 αὐτοῦ

792 4589 952 4643 quem
984 4573 1245 4635 vivimus,
1271 4573 1325 4625 in
1360 4586 1656 4625 commune
1690 4564 1922 4624 libenter
1945 4556 2093 4639 quod
2129 4575 2378 4621 nostrum

2493 4574 2632 4646 μετὰ
2654 4574 2790 4627 Θεὸν
2817 4573 3329 4643 ἠλευθερωμένους,
3364 4572 3457 4623 καὶ
3507 4570 3616 4623 ίδοῦ
3656 4569 3891 4633 ζῶντας,
3940 4580 4053 4622 συν-

791 4674 880 4718 est
917 4663 1113 4718 all'erre
1162 4680 1260 4731 per
1307 4680 1520 4732 preces,
1564 4678 1801 4731 quarum
1856 4659 2187 4715 auditionem
2238 4654 2386 4711 Deus

795 4770 929 4810 sane
960 4769 1069 4809 non
1108 4755 1399 4810 recusabit.
1447 4753 1665 4808 Scimus
1703 4752 1874 4816 enim,
1909 4762 1963 4805 et
1991 4748 2123 4819 quid
2164 4746 2237 4801 sit
2267 4760 2391 4799 ora-

797 4848 898 4912 tio,
930 4861 982 4900 et
1010 4849 1157 4914 quod
1206 4847 1349 4902 Deus
1370 4848 1679 4903 orationem
1709 4847 1915 4915 justam
1979 4842 2218 4895 aversari
2277 4852 2387 4891 non

798 4945 998 5005 potest.
1030 4937 1308 5005 Numquid
1344 4935 1495 4991 enim
1563 4937 1848 4989 incensum
1908 4930 2210 4985 inanimum
2256 4927 2388 4981 olim

801 5031 855 5082 iu
890 5030 1056 5081 veteri
1091 5032 1207 5097 tege
1230 5038 1285 5083 et
1309 5043 1455 5083 nunc
1476 5027 1620 5098 apud
1643 5042 1745 5082 nos
1800 5025 2085 5078 incensum
2107 5020 2253 5091 quod
2290 5018 2389 5072 de-

803 5130 891 5174 cet
945 5130 1203 5182 sanetos,
1251 5119 1525 5189 acciperet
1592 5119 1738 5175 sicut
1796 5116 2075 5172 credimus
2143 5108 2391 5181 (accipit

805 5225 987 5266 autem
1009 5203 1155 5267 velut
1169 5212 1479 5268 divinorum
1503 5211 1884 5283 mysteriorum
1903 5205 2257 5277 synibolum),
2271 5216 2394 5257 ora-

809 5302 1012 5359 tionem
1055 5303 1187 5360 vero
1238 5300 1534 5373 quaa'aolet
1573 5304 1641 5359 ad
1669 5300 1827 5357 illum
1882 5299 2048 5367 dirigi
2103 5294 2392 5350 rationalis

806 5406 862 5451 et
910 5398 1174 5463 animata,
1216 5415 1282 5453 ex
1332 5400 1565 5454 veritate
1601 5406 1856 5467 rectaque
1898 5388 2236 5448 conscientia
2264 5404 2393 5456 pro-

810 5488 1023 5556 ﬁciens,
1049 5505 1160 5546 non
1208 5491 1477 5562 reciperet
1510 5492 1533 5543 ?

895 5688 985 5746 65.
1046 5676 1473 5747 Rationabiliter
1527 5698 1713 5745 autem
1767 5704 1916 5744 nunc
1970 5688 2396 5756 deprecarentur

820 5794 1185 5856 opportunam
1235 5784 1446 5855 plagam
1477 5824 1493 5851 ,
1555 5792 1656 5847 ut,
1715 5782 1861 5837 sicut
1920 5781 2069 5836 istud
2112 5778 2395 5835 servitutis

815 5879 1038 5949 pondus
1071 5879 1202 5935 olim
1236 5894 1266 5935 a
1305 5880 1466 5937 nobis
1513 5879 1755 5935 ablatum
1801 5882 1907 5943 est,
1956 5873 2067 5930 Deo
2101 5872 2323 5945 quidem
2365 5886 2394 5926 e

2492 4669 2739 4733 εισάγειν
2774 4665 3036 4726 εὐνοϊκῶς
3078 4663 3141 4716 τὸ
3166 4663 3439 4732 ἡμέτερον
3475 4662 3543 4715 δι’
3599 4661 3801 4729 εὐχῶν,
3835 4655 3912 4713 ὧν
3967 4660 4052 4712 οὒκ

2492 4756 2561 4811 ἂν
2598 4757 2686 4824 εἴη
2718 4756 3000 4823 παρήκοος
3028 4756 3056 4806 ό
3083 4753 3237 4816 Θεός.
3284 4752 3657 4819 Ἑπιστάμεθα
3690 4751 3803 4820 γὰρ
3855 4751 4049 4818 ῶσπερ,

2492 4851 2521 4903 ὃ
2555 4851 2607 4902 τί
2638 4849 2769 4901 ποτε
2800 4849 2948 4899 ἐστιν
2976 4849 3010 4917 ἡ
3036 4846 3193 4915 εὐχὴ.
3220 4845 3363 4899 οὕτω
3388 4846 3507 4910 καὶ,
3537 4845 3619 4896 ὅτι
3649 4845 3871 4907 δικαίας
3906 4845 4048 4911 εὐχῆς

2494 4941 2595 4994 οὐκ
2632 4940 2785 4991 ἐστιν
2836 4922 3176 4991 ’ἀποστατεῖν
3225 4936 3316 4988 τὸν
3356 4935 3513 4989 Θεόν.
3550 4937 3620 4987 Ἦ
3679 4936 3935 5004 θυμίαμα
3969 4935 4051 5002 μὲν

2495 5032 2704 5101 ἄψυχον
2739 5029 2908 5084 πάλαι
2944 5030 3044 5101 μὲν
3075 5029 3141 5081 τὸ
3168 5027 3309 5081 κατὰ
3335 5027 3501 5095 νόμον
3565 5027 3781 5078 ἐκεῖνον
3834 5026 3924 5076 τὸν
3958 5041 4052 5077 πα·

2496 5124 2670 5187 λαιὸν,
2703 5107 2800 5175 καὶ
2825 5120 2923 5175 νῦν
2943 5120 2999 5172 δὲ
3034 5119 3095 5171 τὸ
3125 5117 3251 5172 καθ’
3281 5118 3428 5187 ἡμᾶς
3461 5118 3803 5185 ἁγιοπρεπὲς
3836 5117 4048 5184 δέχεται,

2497 5220 2644 5273 καθὰ
2688 5216 3024 5287 πιστεύομεν
3070 5215 3188 5285 (καὶ
3244 5213 3595 5281 ἀποδέχεται,
3656 5208 3928 5277 σύμϐολον
3972 5208 4051 5258 καὶ

2497 5312 2634 5366 αὐτὸ
2701 5310 2865 5363 θείων
2897 5306 3214 5379 μυστηρίων
3262 5305 3579 5373 τυγχάνον)·
3652 5300 3963 5371 προσευχὴν
4004 5299 4049 5350 δὲ

2498 5400 2934 5458 κατευθύνεσθαι
2966 5398 3203 5453 ἑωθυῖαν
3233 5400 3314 5461 είς
3347 5397 3512 5451 αὐτὸν
3569 5394 3632 5447 οὐ
3696 5392 4047 5462 προσδέξεται,

2497 5499 2600 5570 τὴν
2633 5496 2728 5549 καὶ
2754 5494 2976 5562 ελλογον
3007 5493 3103 5547 καὶ
3131 5491 3400 5561 ἔμψυχον,
3426 5489 3566 5543 κατά
3588 5503 3651 5554 γε
3688 5487 3751 5538 τὸ
3778 5484 3912 5554 πρὸς
3940 5482 4047 5551 ἁλή-

2501 5591 2673 5652 θειαν,
2708 5588 2800 5641 καὶ
2828 5586 3005 5657 ὀρθῶς
3034 5584 3343 5639 ἐνδιάθετον
3370 5599 3385 5648 ;

2574 5682 2663 5747 ξε’.
2692 5680 3005 5751 Εὐχοίμεθα
3024 5679 3080 5732 δὲ
3131 5679 3198 5732 ἂν
3233 5678 3475 5744 εὐλόγως
3514 5677 3641 5746 ἄρτι
3681 5674 3901 5745 καιρίαν
3933 5672 4041 5732 πλὴ-

2501 5776 2626 5847 γὴν,
2685 5776 2795 5839 ἵνα,
2861 5772 3006 5825 καθὰ
3065 5772 3126 5824 τὺ
3178 5770 3415 5822 δούλειον
3464 5768 3644 5821 ἐκεῖνό
3725 5783 3855 5820 ποτε
3908 5764 4037 5834 βαρεῖ

2501 5866 2761 5939 amity/ﬁn
2795 5866 2973 5937 ἡμῶν,
3005 5862 3140 5919 Θεοῦ
3176 5863 3274 5933 μὲν
3330 5862 3606 5929 ἐθέλοντος
3638 5859 3869 5925 άιωθεν,
3906 5854 4029 5909 ἔτι
