4210 6438
765 375 874 440 639

1475 371 1910 439 EUSTATIIII
1952 367 2731 432 THESSALONICENSIS
2790 362 3365 427 METROPOLITIE

3942 364 4070 428 διο

768 486 1101 560 propriatur.
1136 487 1427 543 Decctero
1465 502 1590 543 vero
1638 496 1852 543 sextum
1887 486 2031 541 inter
2068 484 2351 555 hujttsmo-

2474 487 2518 535 ιν
2547 485 2661 546 τοῖς
2691 480 2956 544 τοιούτοις
2991 479 3173 545 ἕκτον,
3206 478 3269 532 τὸ
3303 479 3485 533 ποιεῖν
3520 480 3645 549 μὲν,
3691 483 3770 552 μὴ
3814 482 3975 554 ἔχειν
4002 483 4071 535 δὲ

768 582 822 636 di
854 580 1313 636 conscribendum
1350 589 1488 636 est:
1536 582 1716 636 facere
1768 579 2011 650 quidem,
2077 582 2173 634 sed
2240 593 2348 632 non

770 689 932 742 posse
957 674 1159 726 docere
1198 681 1421 741 prepter
1478 672 1878 742 discipulorum
1932 670 2345 726 indocilitatem.

771 763 1094 817 Excluditur
1112 764 1259 817 enim
1287 764 1389 817 hoc
1413 763 1589 834 ipsum
1623 778 1652 817 a
1689 764 2051 827 beatitudine;
2081 761 2352 832 siquidem

768 858 965 911 beatus
992 859 1198 926 estqui
1239 855 1480 925 loquitur
1522 855 1589 910 ad
1640 858 1859 912 sedulos
1912 857 2215 921 auditores,
2258 858 2351 909 set

769 948 1017 1002 conditio
1043 948 1165 1001 talis
1186 961 1295 1000 non
1314 955 1409 1003 est
1437 946 1580 1017 ejus,
1606 947 1697 1017 qui
1724 949 1787 999 ad
1808 945 2352 1016 indocilesloquitur,

770 1040 920 1093 velut
951 1039 1041 1092 ille
1067 1040 1162 1108 qui
1192 1039 1314 1109 rupi
1361 1040 1477 1110 lyra
1502 1038 1864 1108 praecinit)—
1889 1037 2157 1109 expositis
2190 1038 2355 1107 igitur

774 1133 896 1195 his,
932 1139 991 1185 ut
1042 1132 1302 1197 diximus,
1362 1132 1496 1186 illud
1557 1132 1778 1201 quidem
1845 1147 2009 1201 supra
2071 1132 2351 1202 positum,

774 1234 828 1279 et
870 1225 943 1278 itu
992 1224 1226 1295 primum
1287 1223 1343 1278 in
1405 1224 1667 1295 praefatis,
1736 1233 2054 1279 sanctorum
2111 1224 2358 1279 solitarie

774 1316 1083 1371 virentibus
1112 1316 1395 1386 pr0prium
1429 1327 1534 1383 est,
1562 1317 1652 1387 qui
1680 1332 1904 1387 prorsus
1930 1316 1994 1369 ad
2026 1326 2263 1372 mentem
2297 1332 2357 1373 se

771 1409 1169 1475 puriﬁcantes,
1202 1418 1257 1464 et
1287 1411 1436 1481 quod
1478 1411 1531 1463 in
1562 1412 1700 1480 ipsis
1732 1420 1814 1465 est
1844 1410 2135 1480 Spirituale
2201 1411 2357 1479 quasi

775 1504 1279 1572 ceuglomerantes,
1310 1512 1364 1556 et
1398 1503 1615 1571 punctis
1642 1502 1779 1556 adeo
1826 1502 2083 1556 tenuibus
2136 1512 2194 1556 ut
2219 1502 2358 1557 iuvi-

777 1596 957 1650 sibilia
1014 1594 1129 1649 fere
1184 1595 1458 1660 dicantur,
1498 1594 1563 1649 ad
1594 1603 1797 1650 terram
1849 1605 1902 1650 et
1930 1604 2146 1649 terrena
2200 1594 2362 1663 perti-

780 1695 1006 1751 nentes,
1042 1686 1133 1740 alii
1205 1687 1340 1741 nulli
1379 1688 1644 1753 student,
1691 1688 1797 1742 nisi
1859 1687 1968 1742 Deo
2023 1688 2150 1753 soli,
2198 1701 2361 1742 accu-

780 1778 1059 1833 ratissime
1136 1776 1398 1832 salutaria
1454 1786 1737 1841 curantes,
1797 1786 1873 1842 et,
1935 1777 2015 1833 uti
2074 1778 2199 1848 quis
2252 1794 2358 1833 non

2453 573 2729 627 διδάσκειν
2756 573 2846 628 διὰ
2876 572 2939 627 τὸ
2985 572 3044 625 ὲν
3094 572 3211 634 τοῖς
3270 571 3737 642 μαθητευομένοις
3772 575 4061 645 ἀνήκοον.

2469 664 2805 739 ’Λπῴκισται
2839 668 2950 738 γὰρ
2985 665 3347 736 μακαρισμοῦ
3397 666 3495 720 καὶ
3525 665 3660 719 αὐτό
3687 683 3699 695 ·
3728 667 3783 719 εί
3832 684 3900 735 γε
3944 685 4061 737 μαι

2457 762 2648 831 κάριος
2678 760 2779 831 μὲν
2821 761 2851 813 ό
2880 759 3056 828 λέγων
3102 760 3184 823 είς
3229 758 3506 822 εὐπειθεῖς
3538 758 4063 827 ἀκοάς,ἀναλόγως

2456 851 2513 905 δὲ
2544 852 2607 905 οὐ
2644 850 2886 915 τοιοῦτος
2935 854 2963 904 ὁ
3010 850 3149 921 πρὸς
3191 851 3464 918 ἀνηκόους
3499 849 3680 904 λαλῶν
3712 854 3993 909 καθά.καῖ
4031 854 4066 905 ὁ

2458 942 2595 1015 πρὸς
2622 942 2833 1014 πέτραν
2859 941 3121 1015 λυρίζων)
3149 972 3219 984 -—
3249 943 3658 1015 ὲκτεθειμένων
3687 944 3780 998 οὖν
3810 945 4062 1011 τούτων,

2457 1037 2533 1101 ὡς
2557 1036 2791 1107 ἔφαμεν,
2820 1036 2882 1089 τὸ
2919 1038 3019 1107 μὲν
3071 1038 3474 1107 ὑπερκείμενον
3522 1039 3616 1091 καὶ
3644 1039 3790 1091 οὕτω
3833 1039 4061 1107 πρώτι-

2462 1145 2587 1182 στον
2608 1130 2666 1180 ἐν
2685 1130 2799 1193 τοῖς
2824 1131 3206 1201 προκειμένοις
3224 1133 3337 1195 τοῖς
3365 1132 3707 1204 ὲρημάζουσι
3736 1133 3847 1185 τῶν
3872 1134 4065 1199 ἁγίων

2458 1224 2725 1289 ὡσίωται,
2750 1225 2799 1278 οἳ
2827 1223 3281 1297 ἀποκαθάραντες
3306 1225 3384 1287 είς
3412 1224 3740 1295 αὐτόχρημα
3764 1224 3894 1277 νοῦν
3924 1226 4064 1276 ἑαυο

2460 1316 2666 1388 τοὺς,ἣ
2700 1318 2795 1371 καὶ
2824 1317 2901 1382 ὡς
2930 1313 3043 1371 οἷον
3090 1315 3617 1388 ἀποσφαιρώσαντις
3675 1320 3736 1370 τ),
3770 1321 3830 1371 ἐν
3862 1319 4065 1380 αὐτοῖς

2464 1409 2672 1478 νοερὸν,
2701 1408 2800 1462 καὶ
2832 1408 3085 1481 σημείοις
3145 1408 3289 1463 οὕτω
3331 1410 3697 1480 βραχυτάτοις
3729 1412 3826 1464 καὶ
3856 1409 3939 1472 ὡς
3968 1414 4059 1462 εἰ·

2464 1504 2589 1553 πεῖν
2635 1500 2906 1571 ἀμερέσιν
2952 1502 3329 1572 ἐφαπτόμενοι
3361 1504 3465 1572 γῆς
3493 1503 3586 1557 καὶ
3620 1503 3726 1556 τῶν
3760 1504 3889 1572 περὶ
3921 1504 4060 1572 γῆν,

2463 1594 2599 1664 πρὸς
2630 1594 2809 1648 οὐδενὶ
2833 1594 2980 1665 ἄλλῳ
3011 1596 3108 1649 τὸν
3150 1595 3278 1650 νοῦν
3306 1595 3525 1667 ἔχουσιν
3556 1596 3589 1667 ἢ
3623 1598 3757 1666 πρὸς
3790 1598 3947 1663 μόνῳ
3980 1598 4065 1668 τῷ

2462 1684 2604 1754 Θεῷ,
2635 1682 3164 1755 ἀκριϐολογούμενοι
3198 1685 3266 1738 τὰ
3304 1688 3575 1756 σωτήρια,
3614 1686 3730 1751 καὶ,
3762 1687 3841 1750 ὡς
3870 1690 3942 1740 ἄν
3971 1704 4063 1746 τ.ς

2465 1775 2611 1825 εἷποι
2636 1773 2737 1825 οὐκ
2768 1773 2982 1842 ἀφυῶς,
3035 1774 3495 1844 κιμσικευόμενοι
3533 1778 3828 1839 ἀπλάστως
3868 1779 3943 1830 τὰ
3977 1778 4065 1838 εἰς

780 1869 1017 1925 absurde
1070 1868 1290 1929 dixerit,
1323 1868 1378 1922 in
1438 1869 1606 1923 rebus
1642 1869 1860 1923 virtutis
1889 1846 2361 1939 aperte—parcissi-

2474 1864 2689 1934 ἀρετὴν,
2725 1865 2787 1917 οὐ
2818 1864 3321 1935 προσλογιζόμενοι
3354 1866 3533 1934 γένος,
3572 1867 3634 1918 οὐ
3681 1866 3860 1937 φυλὴν
3894 1867 4066 1918 ἔνθυ-

783 1962 888 2028 mi;
922 1978 1029 2017 non
1056 1976 1230 2033 genus
1249 1970 1658 2030 computantes,
1692 1978 1803 2015 non
1867 1972 2189 2031 reputantes
2259 1964 2363 2017 tri-

784 2054 948 2118 bum;
990 2068 1099 2109 non
1124 2053 1387 2107 familiam
1424 2053 1479 2107 in
1510 2056 1721 2107 ratione
1750 2062 2024 2117 tenentes,
2051 2070 2154 2109 nec
2224 2070 2366 2109 rem-

783 2144 1081 2212 publicam.
1131 2143 1276 2198 sicut
1333 2158 1433 2197 nec
1505 2143 1765 2206 divitias,
1816 2158 1923 2197 nec
1970 2144 2166 2198 famam
2197 2184 2211 2208 ,
2266 2158 2367 2199 nec

786 2236 963 2304 ipsum
986 2243 1156 2288 totum
1180 2234 1463 2296 iuundnm,
1501 2236 1593 2287 sed
1619 2244 1843 2288 econtra
1882 2234 1946 2288 ad
1975 2236 2363 2305 perfectionem

785 2328 1033 2383 solitarie
1061 2328 1324 2393 viventes,
1363 2336 1417 2381 et
1447 2328 1591 2381 sicut
1626 2328 1796 2398 fugati
1832 2342 1860 2380 a
1898 2330 2037 2382 malo
2064 2328 2362 2398 fugientes,

788 2432 843 2476 ut
875 2424 1204 2492 semetipsos
1237 2422 1563 2486 salvificent,
1594 2422 1867 2483 contenti,
1918 2423 1963 2476 si
2019 2424 2135 2477 sola
2177 2425 2365 2479 mundi

788 2513 915 2586 fuga
979 2514 1194 2583 seipsos
1234 2514 1487 2569 homines
1520 2514 1789 2582 perfectos
1832 2514 1947 2568 Deo
1977 2514 2215 2581 sistant;
2248 2517 2369 2586 npi-

787 2616 1001 2665 nantes.
1030 2606 1174 2675 quod
1199 2606 1303 2673 ipsi
1341 2622 1449 2660 non
1483 2607 1683 2661 exinde
1717 2606 1926 2661 crimen
1957 2607 2263 2671 incurrent,
2322 2609 2369 2663 si

780 2714 899 2753 non
933 2700 1070 2754 alios
1102 2701 1355 2754 humanae
1385 2700 1668 2754 societatis
1705 2702 1819 2766 lege
1843 2702 2059 2767 juvent.
2098 2700 2372 2755 Laudabi-

792 2791 915 2843 liter
952 2790 1097 2845 enim
1146 2791 1395 2861 judica‘nt
1459 2808 1915 2861 unumquemque
1970 2794 2249 2847 hominem
2306 2795 2372 2846 ad

792 2882 1023 2937 salutem
1056 2882 1161 2939 sibi
1195 2880 1467 2947 suﬂicere,
1494 2883 1538 2938 si
1578 2884 1728 2945 velit,
1762 2885 2025 2954 nulloque
2054 2900 2215 2954 egere
2241 2885 2374 2937 alie-

792 2989 867 3028 no
914 2975 1207 3046 exemplo,
1258 2976 1345 3030 vel
1400 2974 1568 3030 ductu
1599 3014 1616 3040 ,
1666 2975 1751 3029 vel
1814 2976 2121 3030 directione
2169 2993 2185 3042 ;
2243 2978 2372 3044 quia

796 3067 960 3129 Deus,
996 3067 1117 3121 sine
1160 3067 1484 3136 acceptione
1524 3082 1881 3136 personarum
1911 3109 1926 3132 ,
1955 3068 2111 3120 nobis
2141 3068 2374 3136 largitus

2470 1955 2760 2026 μούμενοι,
2801 1956 2864 2008 οὐ
2919 1957 3175 2037 φρῄτρην
3207 1957 3267 2008 ὲν
3297 1956 3447 2029 λόγῳ
3482 1958 3824 2027 ποιούμενοι,
3860 1958 3927 2012 οὐ
3968 1977 4067 2027 φι-

2467 2048 2589 2100 λίαν
2614 2049 2673 2099 ἐν
2700 2046 2925 2119 ἀριθμῷ
2951 2048 3253 2118 τιθέμενοι,
3282 2047 3347 2104 οὐ
3391 2049 3694 2113 πολιτείαν,
3738 2054 3800 2105 οὐ
3830 2069 4072 2121 στεριου⁴

2471 2142 2616 2205 σίαν,
2647 2142 2708 2194 οὐ
2756 2142 3167 2211 γνωριμότητα,
3194 2142 3257 2195 οὐ
3285 2142 3491 2212 κόσμον
3519 2144 3682 2197 αὐτὸν
3712 2142 3834 2197 ’ὅλον
3854 2160 3869 2173 ο
3915 2146 4068 2198 ἀλλὰ

2474 2233 2799 2303 μονάζοντες
2826 2236 2883 2297 ἐς
2907 2234 3197 2305 ἀκρίϐειαν
3220 2236 3314 2291 καὶ
3339 2239 3480 2291 κατὰ
3504 2241 3632 2301 τοὺς
3658 2239 4064 2310 προτροπάδην

2471 2326 2535 2377 ἐκ
2564 2326 2728 2377 ποθεν
2760 2325 2933 2378 κακοῦ
2968 2327 3297 2395 φεύγοντας,
3331 2328 3419 2381 ἴνα
3463 2332 3605 2396 σφᾶς
3660 2331 3863 2393 αὐτοὺς
3896 2349 4068 2400 περι-

2473 2417 2782 2482 σώζωνται,
2825 2420 3186 2488 ἀρκούμενοι,
3242 2422 3337 2474 ἐᾶν
3375 2424 3442 2493 τῇ
3499 2424 3594 2476 τοῦ
3658 2424 3871 2493 κόσμου
3909 2430 4067 2495 φυγῇ

2476 2510 2616 2581 μόνῃ
2675 2511 2877 2574 αὐτοὺς
2920 2512 3250 2583 ἀνθρώπους
3286 2512 3529 2577 τελείους
3567 2518 3956 2584 περιστήσωσι
3990 2518 4071 2585 τῷ

2474 2603 2627 2670 Θεῷο
2664 2604 3115 2673 φιλοσοφοῦντες,
3151 2606 3309 2659 οὐδὲν
3350 2608 3507 2660 αὐτοὶ
3537 2606 3791 2659 ἐντεῦθεν
3826 2610 4072 2676 αἰτίαμα

2474 2696 2843 2761 ἐπισπᾶσθαι,
2891 2697 2940 2749 ει
3000 2696 3075 2767 μὴ
3135 2698 3334 2761 ἀλλους
3386 2698 3651 2767 ὠφελοῖεν
3703 2701 4074 2771 ἀνθρωπίνης

2474 2787 2762 2850 κοινωνίας
2788 2788 2963 2858 νόμῳ.
3000 2790 3264 2857 Κρίνουσι
3299 2792 3409 2861 γάρ
3444 2792 3772 2855 ὲπαινετῶς,
3823 2794 4075 2847 ἕκαστον

2476 2878 2769 2948 ἄνθρωπον
2803 2880 2999 2949 ἄρκιον
3050 2880 3232 2947 ἑαυτῷ
3260 2877 3403 2936 εἶναι
3455 2884 3591 2953 πρὸς
3634 2887 3941 2956 σωτηρίαν,
3994 2889 4067 2939 εἴ.

2477 2984 2584 3038 περ
2620 2970 2819 3033 ἐθέλει,
2854 2970 2952 3023 καὶ
2987 2971 3262 3042 μηδεμιᾶς
3291 2974 3625 3029 ἐπεισάκτου
3657 2977 3870 3032 δεῖσθαι
3915 2980 4074 3033 διδα-

2480 3062 2709 3121 σκαλίας
2739 3062 2772 3132 ἢ
2805 3063 3066 3133 χορηγίας
3098 3066 3130 3132 ἢ
3166 3065 3390 3134 ὁδηγίας
3412 3083 3425 3097 ·
3463 3069 3545 3121 ὅτι
3601 3071 3738 3139 μηδὲ
3796 3074 4071 3141 ἑτεροζήο

794 3166 880 3211 est
926 3157 1095 3210 animi
1150 3156 1520 3224 principatum
1581 3155 1865 3225 ipsiusque
1912 3156 2154 3219 divitias,
2210 3168 2372 3224 atque

2480 3155 2589 3217 λως
2620 3159 2645 3207 ό
2677 3156 2811 3219 Θεὸς
2865 3157 3125 3226 ἐμέρισεν
3177 3160 3312 3228 ἡμῖν
3364 3160 3425 3213 τὸ
3474 3162 3809 3232 ἡγεμονικὸν
3848 3167 3947 3216 καὶ
3983 3167 4076 3216 τὸν

794 3250 1046 3301 omnibus
1073 3248 1377 3317 :equaliter,
1428 3257 1688 3317 tanquam
1732 3257 1884 3316 pater
1935 3250 2086 3317 prole
2142 3247 2267 3301 felix
2323 3258 2373 3301 et

797 3342 1095 3393 liberorum
1125 3354 1340 3403 amans,
1373 3339 1716 3409 principatus
1742 3341 2076 3392 ambrosiam
2108 3352 2163 3393 et
2190 3351 2379 3391 nectzrr

798 3434 1101 3498 instillavit,
1157 3447 1222 3487 ex
1256 3447 1368 3502 quo
1421 3433 1804 3487 immortaliter
1839 3434 2044 3497 vivere,
2071 3433 2115 3486 si
2178 3433 2377 3501 placet,

799 3526 1066 3577 Valetlllls.

873 3617 925 3670 7.
968 3618 1443 3686 Superuumerant
1469 3623 1651 3666 autem
1688 3612 1777 3669 isti
1810 3613 2073 3666 solitariae
2110 3612 2383 3681 uperutie-

800 3710 889 3764 nis
943 3718 1156 3773 ascette,
1224 3708 1536 3762 viventibus
1602 3705 1934 3770 absconditi,
1978 3714 2045 3758 et
2118 3705 2383 3759 facientes

801 3801 1047 3868 quidem,
1082 3800 1176 3854 sed
1204 3814 1311 3852 non
1356 3798 1640 3862 docentes,
1699 3797 1951 3865 quinimo
2008 3794 2271 3864 quidquid
2315 3798 2380 3849 ad

802 3893 1108 3944 docendum
1169 3892 1361 3943 attinet
1426 3890 1480 3943 in
1567 3891 1879 3957 semetipsis
1936 3887 2273 3943 suiloeantes
2329 3897 2386 3941 ct.

805 3984 1352 4045 circumscribentes,
1387 3983 1530 4051 quod
1583 3982 2038 4049 quemadmodum
2100 3981 2194 4050 qui
2249 3994 2386 4034 sane

807 4079 1016 4146 regitur
1040 4075 1215 4130 oculis
1250 4074 1315 4129 ad
1347 4090 1572 4128 sensum
1618 4074 2006 4136 attinentibus,
2058 4087 2223 4126 tnauu
2285 4070 2388 4126 du-

807 4178 963 4223 cente
993 4185 1099 4221 nun
1127 4178 1248 4235 eget
1277 4167 1344 4220 ad
1384 4166 1802 4229 ambulandum,
1870 4167 1944 4219 ita
1975 4180 2075 4219 nec
2104 4166 2197 4236 qui
2238 4180 2390 4219 men-

809 4272 918 4315 tetn
956 4263 1185 4315 sortitus
1206 4271 1309 4325 est,
1333 4269 1387 4313 et
1416 4260 1496 4314 sic
1533 4277 1561 4313 a
1589 4260 1698 4314 Deo
1736 4259 2097 4323 illuminatur,
2127 4274 2235 4312 non
2292 4257 2390 4313 ba-

800 4353 901 4407 ὕει
960 4354 1180 4406 aliunde
1237 4351 1585 4420 quaerendam
1650 4350 1716 4403 ad
1787 4349 1987 4403 bonum
2049 4348 2387 4413 ductionem,

809 4459 973 4512 quam
1010 4444 1153 4496 Deus
1172 4442 1390 4495 abunde
1430 4441 1771 4510 dispensavit
1810 4449 1863 4492 et
1896 4453 1992 4509 per
2050 4439 2218 4491 vitam
2272 4437 2390 4491 dis-

2484 3247 2604 3301 κατ’
2635 3248 2764 3300 αὐτὸ
2800 3248 3049 3313 πλοῦτον,
3076 3250 3215 3302 ἀλλά
3268 3253 3437 3304 πᾶσιν
3483 3254 3679 3324 ἐπίσης
3715 3248 3804 3308 οἷα
3834 3258 3931 3308 καὶ
3967 3274 4076 3309 πα-

2481 3337 2587 3409 τὴρ
2620 3338 2817 3402 εὔπαις
2854 3343 2949 3393 καὶ
3005 3342 3320 3409 φιλότεκνος
3360 3346 3423 3397 τὸ
3474 3345 3598 3397 καθ’
3632 3350 3941 3415 ἠγεμονίαν
3982 3352 4072 3401 κατ.

2485 3430 2791 3500 ἀμϐρόσιον
2829 3433 2922 3483 καὶ
2954 3433 3251 3501 νεκτάρεον
3296 3436 3643 3501 ὲνεστὰλαξε,
3674 3434 3743 3488 δι’
3772 3432 3835 3490 οὗ
3868 3439 4077 3492 ienui-

2483 3537 2588 3583 τως
2625 3521 2776 3590 βιοῦν
2810 3523 3158 3594 ὲξισχύομεν,
3186 3525 3345 3597 εἴπερ
3377 3526 3707 3597 βουλόμεθα.

2557 3615 2621 3677 ζ’.
2660 3616 3174 3685 Συνεπιλογίζονται
3199 3618 3252 3669 δὲ
3283 3622 3331 3671 οἱ
3354 3621 3455 3689 τῆς
3486 3626 3759 3692 μονήρους
3787 3627 4077 3695 ποιήσεως

2486 3708 2724 3777 ἀσκηταὶ
2755 3705 2926 3772 οὗτοι,
2961 3711 3087 3773 τοὺς
3121 3710 3371 3781 βιοῦντας
3408 3714 3517 3765 ἀπο
3536 3716 3939 3783 ςρυπτόμενοι,
3983 3725 4076 3771 καὶ

2486 3800 2628 3853 οὕτω
2655 3800 2935 3865 ποιοῦντες
2966 3802 3087 3871 μὲν,
3120 3803 3183 3856 οὐ
3216 3804 3565 3869 διδάσκοντες
3597 3807 3677 3869 δὲ,
3710 3808 3850 3860 ἀλλὰ
3880 3814 3945 3863 τὸ
3974 3816 4077 3866 πᾶν

2487 3893 2580 3947 τοῦ
2606 3893 2882 3947 διδάσκειν
2934 3894 3371 3963 καταπνίγοντςς
3422 3896 3481 3948 ὲν
3514 3898 3729 3958 ἑαυτοῖς
3768 3901 3868 3952 καὶ
3912 3920 4075 3972 περι-

2489 3987 2818 4055 γράφοντες.
2872 3988 2984 4039 Καὶ
3027 3987 3133 4052 ὅτι,
3169 3987 3423 4059 καθάπερ
3472 3992 3500 4043 ό
3542 3989 4073 4062 ὃιοικονομούμενος

2490 4079 2661 4145 ὑγιῶς
2687 4076 3008 4148 ὀφθαλμοῖς,
3051 4081 3164 4140 τοῖς
3194 4080 3331 4151 πρὸς
3354 4083 3639 4150 αἴσθησιν,
3669 4086 3729 4136 οὗ
3758 4089 4075 4153 προσδεῖται

2491 4170 2585 4224 τοῦ
2621 4171 3098 4243 χειραγωγοῦντος
3138 4175 3221 4237 εξς
3257 4172 3492 4242 βάδισιν,
3526 4177 3702 4240 οὕτως
3738 4180 3866 4233 οὖδὲ
3896 4184 3925 4234 ὀ
3956 4182 4076 4235 νῦὖν

2491 4264 2725 4335 εἰληχὼς
2764 4264 2857 4317 καὶ
2891 4264 3078 4319 θεόθεν
3129 4265 3279 4320 οὕτω
3314 4271 3738 4340 πεφωτισμένος
3777 4273 3976 4345 ζητοίη
4018 4279 4076 4330 iv

2492 4351 2590 4420 τὴν
2622 4353 2703 4414 εἰς
2729 4351 2788 4404 τὸ
2808 4352 2974 4404 καλὸν
3006 4352 3279 4422 ποδηγίαν
3320 4357 3613 4426 ἑτέρωθεν,
3648 4360 3714 4429 ῆν
3743 4362 3773 4414 ό
3805 4364 3945 4423 θεὸς
3985 4370 4076 4418 καὶ

2496 4441 2960 4511 ἐνεδαψιλεύσατο
3009 4444 3103 4497 καὶ
3158 4446 3576 4515 ὲνδαψιλεύεται
3618 4450 3706 4504 δια
3742 4453 3890 4522 βίου,
3920 4462 3968 4510 εξ
4011 4462 4075 4525 μὴ

798 4545 1031 4603 .pensat,
1094 4534 1194 4586 nisi
1248 4534 1480 4601 quisque
1533 4532 1890 4599 semetipsum
1972 4530 2255 4583 obnubilet
2336 4542 2372 4580 e‘

2495 4534 2658 4596 αὐτὸς
2688 4535 2918 4600 ἕκαστος
2938 4537 3135 4590 ἑαυτὸν
3169 4537 3358 4608 ἀχλύει
3379 4541 3472 4594 καὶ
3505 4543 3774 4608 σκοτίζει,
3799 4548 4071 4620 ἐπιπροσ-

815 4630 1073 4691 obc:ecet,
1109 4627 1290 4679 lumen
1312 4624 1750 4687 iutercludendo,
1782 4633 1839 4677 et
1868 4624 1947 4678 sic
2004 4620 2393 4676 abscondendo

817 4719 1167 4788 passionibus
1209 4718 1384 4779 illum,
1427 4717 1605 4784 quiin
1665 4713 1888 4768 homine
1945 4722 2054 4776 est,
2112 4710 2394 4766 divinissi-

818 4826 964 4864 mum
994 4813 1191 4864 solem.

888 4904 942 4956 8.
976 4904 1038 4956 Et
1090 4904 1161 4955 ita
1218 4900 1436 4971 quidem
1487 4898 1803 4969 huiusmodi
1863 4907 2057 4952 contra
2119 4896 2398 4952 daemones

820 4998 1038 5053 athleta:
1070 4995 1383 5049 hominibus
1406 4993 1630 5063 quidem
1676 4990 1868 5061 ignoti,
1912 4989 2013 5045 soli
2064 4998 2245 5044 autem
2287 4989 2400 5044 Deo

823 5089 1292 5159 coguiti,actores
1342 5087 1687 5153 factoresque
1754 5084 1974 5138 virtutis
2024 5098 2192 5147 sunt;
2258 5096 2400 5152 quos

822 5183 1146 5251 plerumque
1169 5188 1380 5233 secreta
1416 5176 1536 5230 loca
1582 5176 1929 5237 subducunt,
1960 5183 2020 5253 ut
2071 5182 2201 5228 sunt
2235 5186 2400 5227 aurea

829 5272 1068 5332 metalla,
1096 5286 1216 5339 qua:
1255 5269 1365 5323 fodi
1397 5278 1451 5323 et
1473 5270 1525 5321 in
1554 5269 1851 5322 humanum
1889 5267 2160 5321 numisma
2220 5264 2401 5336 efﬁngi

832 5363 1067 5431 fugiunt,
1097 5376 1164 5415 eo
1193 5360 1337 5430 quod
1373 5363 1440 5414 ad
1476 5357 1820 5429 superﬁciem
1851 5374 1959 5413 non
1997 5359 2256 5421 attinent,
2305 5359 2401 5412 sed

834 5455 887 5508 in
930 5452 1198 5523 profundo
1237 5462 1415 5513 terrae,
1473 5467 1538 5506 ne
1582 5451 1896 5515 videantur,
1950 5465 2009 5504 se
2070 5450 2406 5517 immergunt

837 5547 918 5601 vel
952 5544 1316 5598 abscondunt.
1346 5541 1560 5607 Quibus
1589 5552 1768 5594 autem
1800 5541 2002 5595 bonum
2027 5556 2136 5595 non
2174 5540 2226 5594 in
2284 5540 2407 5594 ani-

835 5654 940 5693 mae
970 5637 1239 5706 profundo
1260 5637 1424 5704 jacet,
1459 5633 1557 5690 sed
1588 5638 1640 5688 iu
1673 5637 1788 5689 sola
1829 5636 2035 5705 lingua,
2088 5635 2403 5704 superﬁcia-

838 5731 962 5786 liter
982 5736 1386 5798 supernatat,ct
1414 5726 1497 5782 sic
1522 5724 1869 5779 manifestum
1891 5734 2151 5796 apparet;
2178 5726 2269 5796 qui
2289 5726 2410 5794 qui-

836 5825 959 5883 dem
996 5825 1130 5880 alios
1154 5822 1374 5886 docent,
1408 5819 1736 5889 semetipsos
1768 5819 2086 5889 relinquunt
2114 5819 2323 5875 ruditcr
2347 5832 2411 5874 ac

2497 4623 2629 4688 θῶν,
2698 4624 2795 4676 καὶ
2854 4624 3029 4688 οὕτως
3077 4627 3459 4698 ἀποκρύπτων
3517 4632 3716 4690 πάθεσι
3761 4636 3859 4689 τὸν
3906 4642 3963 4692 ἐν
3994 4646 4075 4695 ἀν-

2499 4715 2703 4786 θρὼπῳ
2728 4718 3008 4773 θειότατον
3036 4719 3212 4790 ἥλιον.

2571 4902 2644 4963 η’.
2676 4896 2781 4951 Καὶ
2800 4897 2944 4952 οὕτω
2978 4900 3077 4969 μὲν
3097 4902 3144 4954 οί
3171 4902 3407 4957 τοιοῦτοι
3433 4907 3576 4960 κατά
3603 4906 3892 4978 δαιμόνων
3922 4916 4080 4985 ἀθλη-

2504 4990 2614 5049 ταὶ,
2643 4990 2955 5060 ἀνθρώποις
3000 4992 3100 5062 μὲν
3163 4995 3459 5062 ἄγνωστοι,
3505 4997 3627 5069 Θεῷ
3655 5001 3712 5053 δὲ
3768 5004 3923 5074 μόνῳ
3952 5024 4082 5073 γνωι

2509 5084 2650 5145 στοὶ,
2681 5083 3008 5154 πρηκτῆρες
3042 5085 3139 5139 καὶ
3174 5091 3407 5159 ποιηταὶ
3440 5090 3691 5157 γίνονται
3726 5095 3939 5163 ἀρετῆς
3963 5115 3978 5129 ’
4001 5097 4082 5159 οὓς

2508 5174 2583 5237 ὡς
2615 5174 2683 5228 τὰ
2718 5175 2901 5243 ,πολλά
2930 5177 2981 5226 οἱ
3032 5176 3527 5249 ἀνακεχωρηκότες
3571 5182 3734 5237 τόποι
3785 5188 3949 5239 ὁποῖα
3999 5191 4079 5240 κςῖ

2510 5266 2755 5337 μέταλλα
2784 5269 2966 5336 χρυσᾶ
2990 5269 3409 5339 ὲνδομυχοῦσιν.
3430 5273 3820 5341 ὲκπεφευγότα
3842 5280 3905 5329 τ’)
3936 5282 4043 5330 σγα
4063 5308 4079 5315 -

2507 5359 2699 5414 λεσθαι
2734 5361 2828 5412 καὶ
2852 5360 2931 5419 είς
2962 5359 3211 5432 νόμισμα
3245 5362 3554 5416 τυποῦσθαι
3588 5366 3959 5434 ἀνθρώπινον,
4005 5372 4076 5421 δά

2508 5453 2568 5517 τὸ
2603 5451 2680 5522 μή
2711 5451 2808 5519 τῆς
2840 5451 3112 5519 ἐπιπολῆς
3143 5447 3309 5509 εἶναι.
3340 5456 3457 5505 ἀλλ’
3494 5458 3552 5508 ὲν
3600 5456 3758 5523 βάθει
3793 5460 3897 5525 γῆς
3936 5464 3995 5512 τά
4025 5478 4071 5525 γε

2510 5544 2590 5605 είς
2619 5543 2810 5610 ὅρασιν
2868 5541 3282 5613 ὑποδύεσθαι,ἧ
3322 5547 3419 5596 καὶ
3484 5546 3875 5600 καταδύεσθαι.
3918 5546 4067 5611 uiui“:

2511 5632 2572 5685 τὸ
2595 5631 2801 5700 ἀγαθὸν
2825 5630 2926 5683 οὐκ
2949 5632 3006 5683 ἐν
3035 5631 3193 5697 βάθει
3225 5635 3405 5685 κεῖται
3426 5634 3631 5702 ψυχῆς.
3659 5636 3780 5687 ἀλλ’
3805 5639 3887 5699 εἰς
3920 5638 4062 5704 72:1:-

2516 5740 2613 5776 σαν
2650 5724 2743 5775 καὶ
2780 5722 2952 5791 μόνην
2990 5722 3336 5787 ἐπιπολάζει,
3368 5725 3462 5775 καὶ
3509 5724 3657 5777 οὓτω
3697 5730 4062 5796 προεξαιιιεται·

2514 5817 2562 5868 οἳ
2595 5815 2817 5884 ἐτέρους
2858 5814 2956 5884 μὲν
2991 5813 3321 5879 διδάσκουσι,
3362 5816 3503 5882 σφὶς
3532 5815 3591 5868 δὲ
3632 5819 3835 5881 αὐτοὺς
3865 5820 4057 5880 ἁσιᾶςτν
