  <div class='ocr_page' id='page_1' title='image "/cluster/home/n/w/nwhite01/storage/ocr_20150623/135/nnc1.0046979727/342.png"; bbox 0 0 4210 6438; ppageno 0'>
   <div class='ocr_carea' id='block_1_1' title="bbox 206 399 319 463">
    <p class='ocr_par' dir='ltr' id='par_1_1' title="bbox 206 399 319 463">
     <span class='ocr_line' id='line_1_1' title="bbox 206 399 319 463; baseline 0.018 -2"><span class='ocrx_word' id='word_1_1' title='bbox 206 399 319 463; x_wconf 68' lang='grc'><strong>649</strong></span> 
     </span>
    </p>
   </div>
   <div class='ocr_carea' id='block_1_2' title="bbox 1152 370 2541 455">
    <p class='ocr_par' dir='ltr' id='par_1_2' title="bbox 1152 370 2541 455">
     <span class='ocr_line' id='line_1_2' title="bbox 1152 370 2541 455; baseline -0.009 -9"><span class='ocrx_word' id='word_1_2' title='bbox 1152 385 1236 448; x_wconf 78' lang='lat' dir='ltr'><strong>IN</strong></span> <span class='ocrx_word' id='word_1_3' title='bbox 1279 384 1338 446; x_wconf 90' lang='lat' dir='ltr'><strong>S.</strong></span> <span class='ocrx_word' id='word_1_4' title='bbox 1384 370 2057 455; x_wconf 78' lang='lat' dir='ltr'><strong>QUADBAGESIMAM</strong></span> <span class='ocrx_word' id='word_1_5' title='bbox 2097 370 2382 432; x_wconf 73' lang='lat' dir='ltr'><strong>ORATIO</strong></span> <span class='ocrx_word' id='word_1_6' title='bbox 2423 372 2541 433; x_wconf 74' lang='lat' dir='ltr'><strong>III.</strong></span> 
     </span>
    </p>
   </div>
   <div class='ocr_carea' id='block_1_3' title="bbox 3355 370 3463 433">
    <p class='ocr_par' dir='ltr' id='par_1_3' title="bbox 3355 370 3463 433">
     <span class='ocr_line' id='line_1_3' title="bbox 3355 370 3463 433; baseline 0.009 -1"><span class='ocrx_word' id='word_1_7' title='bbox 3355 370 3463 433; x_wconf 78' lang='lat'><strong>650</strong></span> 
     </span>
    </p>
   </div>
   <div class='ocr_carea' id='block_1_4' title="bbox 205 484 1797 578">
    <p class='ocr_par' dir='ltr' id='par_1_4' title="bbox 205 493 1784 578">
     <span class='ocr_line' id='line_1_4' title="bbox 205 493 1784 578; baseline -0.015 -11"><span class='ocrx_word' id='word_1_8' title='bbox 205 511 529 567; x_wconf 74' lang='grc' dir='ltr'>ιπέστειλεν</span> <span class='ocrx_word' id='word_1_9' title='bbox 584 506 742 578; x_wconf 70' lang='grc' dir='ltr'>ἀνδρὶ</span> <span class='ocrx_word' id='word_1_10' title='bbox 793 502 943 575; x_wconf 72' lang='grc' dir='ltr'>σοφῷ</span> <span class='ocrx_word' id='word_1_11' title='bbox 1013 499 1461 575; x_wconf 76' lang='grc' dir='ltr'><strong>προκαλούμενος</strong></span> <span class='ocrx_word' id='word_1_12' title='bbox 1512 493 1750 558; x_wconf 78' lang='grc' dir='ltr'><strong>διδάξειν</strong></span> <span class='ocrx_word' id='word_1_13' title='bbox 1770 529 1784 555; x_wconf 87' lang='grc'><strong>,</strong></span> 
     </span>
    </p>
   </div>
   <div class='ocr_carea' id='block_1_5' title="bbox 1892 484 3462 578">
    <p class='ocr_par' dir='ltr' id='par_1_5' title="bbox 1892 484 3462 557">
     <span class='ocr_line' id='line_1_5' title="bbox 1892 484 3462 557; baseline 0.001 -14"><span class='ocrx_word' id='word_1_14' title='bbox 1892 487 2192 557; x_wconf 86' lang='lat' dir='ltr'><strong>sapientem</strong></span> <span class='ocrx_word' id='word_1_15' title='bbox 2221 487 2465 556; x_wconf 76' lang='lat' dir='ltr'><strong>rogitans</strong></span> <span class='ocrx_word' id='word_1_16' title='bbox 2493 494 2551 541; x_wconf 90' lang='lat' dir='ltr'><strong>ut</strong></span> <span class='ocrx_word' id='word_1_17' title='bbox 2581 484 2806 540; x_wconf 86' lang='lat' dir='ltr'><strong>doceret</strong></span> <span class='ocrx_word' id='word_1_18' title='bbox 2837 499 3077 555; x_wconf 82' lang='lat' dir='ltr'><strong>quanam</strong></span> <span class='ocrx_word' id='word_1_19' title='bbox 3104 485 3321 543; x_wconf 89' lang='lat' dir='ltr'><strong>ratione</strong></span> <span class='ocrx_word' id='word_1_20' title='bbox 3347 499 3462 545; x_wconf 86' lang='lat' dir='ltr'><strong>tuto</strong></span> 
     </span>
    </p>
   </div>
   <div class='ocr_carea' id='block_1_6' title="bbox 204 583 1784 671">
    <p class='ocr_par' dir='ltr' id='par_1_6' title="bbox 204 583 1784 671">
     <span class='ocr_line' id='line_1_6' title="bbox 204 583 1784 671; baseline -0.012 -15"><span class='ocrx_word' id='word_1_21' title='bbox 204 604 385 671; x_wconf 81' lang='grc' dir='ltr'>ὁποίῳ</span> <span class='ocrx_word' id='word_1_22' title='bbox 410 601 477 670; x_wconf 83' lang='grc' dir='ltr'>δή</span> <span class='ocrx_word' id='word_1_23' title='bbox 510 618 620 653; x_wconf 89' lang='grc' dir='ltr'>τινι</span> <span class='ocrx_word' id='word_1_24' title='bbox 653 598 845 668; x_wconf 85' lang='grc' dir='ltr'>τρόπῳ</span> <span class='ocrx_word' id='word_1_25' title='bbox 874 598 932 648; x_wconf 76' lang='grc' dir='ltr'>ἐν</span> <span class='ocrx_word' id='word_1_26' title='bbox 968 593 1205 662; x_wconf 77' lang='grc' dir='ltr'><strong>ἀσφαλεῖ</strong></span> <span class='ocrx_word' id='word_1_27' title='bbox 1246 588 1652 656; x_wconf 84' lang='grc' dir='ltr'>καταστήσεται</span> <span class='ocrx_word' id='word_1_28' title='bbox 1685 583 1784 652; x_wconf 80' lang='grc' dir='ltr'><strong>τὴν</strong></span> 
     </span>
    </p>
   </div>
   <div class='ocr_carea' id='block_1_7' title="bbox 205 678 1786 762">
    <p class='ocr_par' dir='ltr' id='par_1_7' title="bbox 205 678 1786 762">
     <span class='ocr_line' id='line_1_7' title="bbox 205 678 1786 762; baseline -0.012 -15"><span class='ocrx_word' id='word_1_29' title='bbox 205 694 411 762; x_wconf 84' lang='grc' dir='ltr'>ἀρχήν.</span> <span class='ocrx_word' id='word_1_30' title='bbox 451 691 564 745; x_wconf 80' lang='grc' dir='ltr'><strong>Καὶ</strong></span> <span class='ocrx_word' id='word_1_31' title='bbox 586 690 853 759; x_wconf 69' lang='grc' dir='ltr'>ἐπέμενεν</span> <span class='ocrx_word' id='word_1_32' title='bbox 900 686 929 739; x_wconf 85' lang='grc' dir='ltr'><strong>δ</strong></span> <span class='ocrx_word' id='word_1_33' title='bbox 957 682 1234 755; x_wconf 65' lang='grc' dir='ltr'>βασιλικὸς</span> <span class='ocrx_word' id='word_1_34' title='bbox 1266 678 1583 742; x_wconf 84' lang='grc' dir='ltr'>ἀπόστολος,</span> <span class='ocrx_word' id='word_1_35' title='bbox 1616 679 1786 731; x_wconf 86' lang='grc' dir='ltr'>ἀπαι-</span> 
     </span>
    </p>
   </div>
   <div class='ocr_carea' id='block_1_8' title="bbox 203 767 1788 852">
    <p class='ocr_par' dir='ltr' id='par_1_8' title="bbox 203 767 1788 852">
     <span class='ocr_line' id='line_1_8' title="bbox 203 767 1788 852; baseline -0.008 -18"><span class='ocrx_word' id='word_1_36' title='bbox 203 783 318 834; x_wconf 83' lang='grc' dir='ltr'>τῶν</span> <span class='ocrx_word' id='word_1_37' title='bbox 348 780 719 852; x_wconf 80' lang='grc' dir='ltr'>ἀντιγραφὴν.</span> <span class='ocrx_word' id='word_1_38' title='bbox 756 779 809 831; x_wconf 82' lang='grc' dir='ltr'><strong>εί</strong></span> <span class='ocrx_word' id='word_1_39' title='bbox 841 794 957 842; x_wconf 89' lang='grc' dir='ltr'><strong>πως</strong></span> <span class='ocrx_word' id='word_1_40' title='bbox 994 772 1379 844; x_wconf 78' lang='grc' dir='ltr'>παλινοστήσει</span> <span class='ocrx_word' id='word_1_41' title='bbox 1406 772 1543 841; x_wconf 79' lang='grc' dir='ltr'>ταχὺ</span> <span class='ocrx_word' id='word_1_42' title='bbox 1574 770 1668 825; x_wconf 69' lang='grc' dir='ltr'><strong>ἐπὶ</strong></span> <span class='ocrx_word' id='word_1_43' title='bbox 1696 767 1788 821; x_wconf 83' lang='grc' dir='ltr'>τὸν</span> 
     </span>
    </p>
   </div>
   <div class='ocr_carea' id='block_1_9' title="bbox 208 860 1786 943">
    <p class='ocr_par' dir='ltr' id='par_1_9' title="bbox 208 860 1786 943">
     <span class='ocr_line' id='line_1_9' title="bbox 208 860 1786 943; baseline -0.008 -17"><span class='ocrx_word' id='word_1_44' title='bbox 208 875 534 943; x_wconf 75' lang='grc' dir='ltr'>πέμψαντα.</span> <span class='ocrx_word' id='word_1_45' title='bbox 573 872 661 931; x_wconf 80' lang='grc' dir='ltr'>Ὡς</span> <span class='ocrx_word' id='word_1_46' title='bbox 690 871 747 924; x_wconf 75' lang='grc' dir='ltr'>δὲ</span> <span class='ocrx_word' id='word_1_47' title='bbox 776 870 939 933; x_wconf 71' lang='grc' dir='ltr'>αὐτὸς</span> <span class='ocrx_word' id='word_1_48' title='bbox 976 869 1076 938; x_wconf 85' lang='grc' dir='ltr'>μὲν</span> <span class='ocrx_word' id='word_1_49' title='bbox 1107 865 1373 931; x_wconf 72' lang='grc' dir='ltr'>ἐνέκειτο,</span> <span class='ocrx_word' id='word_1_50' title='bbox 1418 865 1560 918; x_wconf 88' lang='grc' dir='ltr'>πάνυ</span> <span class='ocrx_word' id='word_1_51' title='bbox 1590 860 1786 932; x_wconf 80' lang='grc' dir='ltr'>ὀχλῶν,</span> 
     </span>
    </p>
   </div>
   <div class='ocr_carea' id='block_1_10' title="bbox 206 955 1791 1034">
    <p class='ocr_par' dir='ltr' id='par_1_10' title="bbox 206 955 1791 1034">
     <span class='ocr_line' id='line_1_10' title="bbox 206 955 1791 1034; baseline -0.008 -14"><span class='ocrx_word' id='word_1_52' title='bbox 206 970 236 1020; x_wconf 85' lang='grc' dir='ltr'><strong>ὀ</strong></span> <span class='ocrx_word' id='word_1_53' title='bbox 266 968 326 1020; x_wconf 84' lang='grc' dir='ltr'>δὲ</span> <span class='ocrx_word' id='word_1_54' title='bbox 359 964 526 1034; x_wconf 71' lang='grc' dir='ltr'>σοφὸς</span> <span class='ocrx_word' id='word_1_55' title='bbox 552 963 715 1017; x_wconf 79' lang='grc' dir='ltr'>ὤκνει</span> <span class='ocrx_word' id='word_1_56' title='bbox 741 964 839 1033; x_wconf 78' lang='grc' dir='ltr'>τὴν</span> <span class='ocrx_word' id='word_1_57' title='bbox 866 961 1108 1032; x_wconf 81' lang='grc' dir='ltr'>γραφὴν,</span> <span class='ocrx_word' id='word_1_58' title='bbox 1136 957 1346 1022; x_wconf 86' lang='grc' dir='ltr'>δεδιὼς.</span> <span class='ocrx_word' id='word_1_59' title='bbox 1378 955 1553 1029; x_wconf 77' lang='grc' dir='ltr'>οἶμαι,</span> <span class='ocrx_word' id='word_1_60' title='bbox 1592 956 1667 1027; x_wconf 80' lang='grc' dir='ltr'><strong>μὴ</strong></span> <span class='ocrx_word' id='word_1_61' title='bbox 1694 955 1791 1007; x_wconf 77' lang='grc' dir='ltr'>καὶ</span> 
     </span>
    </p>
   </div>
   <div class='ocr_carea' id='block_1_11' title="bbox 209 1045 1793 1127">
    <p class='ocr_par' dir='ltr' id='par_1_11' title="bbox 209 1045 1793 1127">
     <span class='ocr_line' id='line_1_11' title="bbox 209 1045 1793 1127; baseline -0.008 -15"><span class='ocrx_word' id='word_1_62' title='bbox 209 1057 433 1127; x_wconf 69' lang='grc' dir='ltr'>γράψας</span> <span class='ocrx_word' id='word_1_63' title='bbox 476 1056 747 1108; x_wconf 80' lang='grc' dir='ltr'><strong>ἔκπυστον</strong></span> <span class='ocrx_word' id='word_1_64' title='bbox 773 1053 927 1122; x_wconf 78' lang='grc' dir='ltr'>θήσει</span> <span class='ocrx_word' id='word_1_65' title='bbox 955 1050 1017 1104; x_wconf 82' lang='grc' dir='ltr'>τὸ</span> <span class='ocrx_word' id='word_1_66' title='bbox 1045 1049 1386 1121; x_wconf 83' lang='grc' dir='ltr'>μυστηρικδν</span> <span class='ocrx_word' id='word_1_67' title='bbox 1441 1045 1793 1102; x_wconf 78' lang='grc' dir='ltr'><strong>διδασκάλων</strong></span> 
     </span>
    </p>
   </div>
   <div class='ocr_carea' id='block_1_12' title="bbox 210 1140 1793 1219">
    <p class='ocr_par' dir='ltr' id='par_1_12' title="bbox 210 1140 1793 1219">
     <span class='ocr_line' id='line_1_12' title="bbox 210 1140 1793 1219; baseline -0.008 -17"><span class='ocrx_word' id='word_1_68' title='bbox 210 1148 501 1219; x_wconf 75' lang='grc' dir='ltr'><strong>ὁτῳδήτινι</strong></span> <span class='ocrx_word' id='word_1_69' title='bbox 530 1145 719 1216; x_wconf 85' lang='grc' dir='ltr'>τρόπῳ</span> <span class='ocrx_word' id='word_1_70' title='bbox 753 1144 848 1195; x_wconf 75' lang='grc' dir='ltr'>καὶ</span> <span class='ocrx_word' id='word_1_71' title='bbox 884 1141 1062 1214; x_wconf 76' lang='grc' dir='ltr'>βλάψῃ</span> <span class='ocrx_word' id='word_1_72' title='bbox 1094 1142 1185 1195; x_wconf 70' lang='grc' dir='ltr'><strong>τὸν</strong></span> <span class='ocrx_word' id='word_1_73' title='bbox 1212 1140 1592 1211; x_wconf 73' lang='grc' dir='ltr'>ἐρωτήσαντα,</span> <span class='ocrx_word' id='word_1_74' title='bbox 1626 1154 1793 1207; x_wconf 85' lang='grc' dir='ltr'>προσ-</span> 
     </span>
    </p>
   </div>
   <div class='ocr_carea' id='block_1_13' title="bbox 214 1233 1791 1310">
    <p class='ocr_par' dir='ltr' id='par_1_13' title="bbox 214 1233 1791 1310">
     <span class='ocr_line' id='line_1_13' title="bbox 214 1233 1791 1310; baseline -0.004 -19"><span class='ocrx_word' id='word_1_75' title='bbox 214 1240 562 1310; x_wconf 79' lang='grc' dir='ltr'>λαμσάνεται</span> <span class='ocrx_word' id='word_1_76' title='bbox 582 1236 675 1289; x_wconf 70' lang='grc' dir='ltr'>τὸν</span> <span class='ocrx_word' id='word_1_77' title='bbox 702 1236 1120 1307; x_wconf 78' lang='grc' dir='ltr'><strong>ἀπεσταλμένον</strong></span> <span class='ocrx_word' id='word_1_78' title='bbox 1139 1236 1217 1299; x_wconf 85' lang='grc' dir='ltr'><strong>είς</strong></span> <span class='ocrx_word' id='word_1_79' title='bbox 1235 1233 1436 1289; x_wconf 76' lang='grc' dir='ltr'>ὀπαδόν</span> <span class='ocrx_word' id='word_1_80' title='bbox 1455 1249 1470 1265; x_wconf 77' lang='grc' dir='ltr'><strong>ο</strong></span> <span class='ocrx_word' id='word_1_81' title='bbox 1490 1234 1586 1287; x_wconf 57' lang='grc' dir='ltr'><strong>καί⁵</strong></span> <span class='ocrx_word' id='word_1_82' title='bbox 1612 1233 1791 1304; x_wconf 77' lang='grc' dir='ltr'>(ἔλαχε</span> 
     </span>
    </p>
   </div>
   <div class='ocr_carea' id='block_1_14' title="bbox 213 1323 1791 1401">
    <p class='ocr_par' dir='ltr' id='par_1_14' title="bbox 213 1323 1791 1401">
     <span class='ocr_line' id='line_1_14' title="bbox 213 1323 1791 1401; baseline -0.003 -18"><span class='ocrx_word' id='word_1_83' title='bbox 213 1333 322 1401; x_wconf 72' lang='grc' dir='ltr'>γὰρ</span> <span class='ocrx_word' id='word_1_84' title='bbox 353 1329 509 1398; x_wconf 81' lang='grc' dir='ltr'>ἀκμὴ</span> <span class='ocrx_word' id='word_1_85' title='bbox 543 1329 734 1398; x_wconf 79' lang='grc' dir='ltr'>θέρους</span> <span class='ocrx_word' id='word_1_86' title='bbox 764 1323 929 1398; x_wconf 78' lang='grc' dir='ltr'>εἶναι)</span> <span class='ocrx_word' id='word_1_87' title='bbox 964 1326 1304 1397; x_wconf 74' lang='grc' dir='ltr'>παραδύεται</span> <span class='ocrx_word' id='word_1_88' title='bbox 1347 1327 1428 1389; x_wconf 84' lang='grc' dir='ltr'><strong>είς</strong></span> <span class='ocrx_word' id='word_1_89' title='bbox 1461 1325 1595 1396; x_wconf 84' lang='grc' dir='ltr'>βαθὺ</span> <span class='ocrx_word' id='word_1_90' title='bbox 1619 1324 1791 1396; x_wconf 74' lang='grc' dir='ltr'>λήϊον,</span> 
     </span>
    </p>
   </div>
   <div class='ocr_carea' id='block_1_15' title="bbox 215 1416 1797 1489">
    <p class='ocr_par' dir='ltr' id='par_1_15' title="bbox 215 1416 1797 1489">
     <span class='ocr_line' id='line_1_15' title="bbox 215 1416 1797 1489; baseline -0.002 -15"><span class='ocrx_word' id='word_1_91' title='bbox 215 1422 312 1474; x_wconf 77' lang='grc' dir='ltr'>καὶ</span> <span class='ocrx_word' id='word_1_92' title='bbox 340 1418 641 1489; x_wconf 81' lang='grc' dir='ltr'><strong>γυμνώσας</strong></span> <span class='ocrx_word' id='word_1_93' title='bbox 662 1420 974 1489; x_wconf 85' lang='grc' dir='ltr'>μαχαίριον,</span> <span class='ocrx_word' id='word_1_94' title='bbox 1004 1417 1188 1487; x_wconf 71' lang='grc' dir='ltr'>ἔκειρε</span> <span class='ocrx_word' id='word_1_95' title='bbox 1206 1416 1480 1488; x_wconf 78' lang='grc' dir='ltr'>σποράδας</span> <span class='ocrx_word' id='word_1_96' title='bbox 1500 1417 1609 1471; x_wconf 83' lang='grc' dir='ltr'><strong>τῶν</strong></span> <span class='ocrx_word' id='word_1_97' title='bbox 1625 1418 1797 1471; x_wconf 83' lang='grc' dir='ltr'>ἀστα-</span> 
     </span>
    </p>
   </div>
   <div class='ocr_carea' id='block_1_16' title="bbox 216 1506 1797 1579">
    <p class='ocr_par' dir='ltr' id='par_1_16' title="bbox 216 1506 1797 1579">
     <span class='ocr_line' id='line_1_16' title="bbox 216 1506 1797 1579; baseline 0.003 -20"><span class='ocrx_word' id='word_1_98' title='bbox 216 1510 387 1579; x_wconf 78' lang='grc' dir='ltr'>χύων,</span> <span class='ocrx_word' id='word_1_99' title='bbox 426 1509 543 1562; x_wconf 85' lang='grc' dir='ltr'>ὅσοι</span> <span class='ocrx_word' id='word_1_100' title='bbox 571 1508 781 1578; x_wconf 78' lang='grc' dir='ltr'><strong>ἐξεῖχον</strong></span> <span class='ocrx_word' id='word_1_101' title='bbox 806 1509 866 1569; x_wconf 65' lang='grc' dir='ltr'>ἐς</span> <span class='ocrx_word' id='word_1_102' title='bbox 891 1507 1065 1577; x_wconf 76' lang='grc' dir='ltr'>μῆκος</span> <span class='ocrx_word' id='word_1_103' title='bbox 1093 1506 1234 1578; x_wconf 77' lang='grc' dir='ltr'>ὑπὲρ</span> <span class='ocrx_word' id='word_1_104' title='bbox 1260 1507 1388 1569; x_wconf 83' lang='grc' dir='ltr'>τοὺς</span> <span class='ocrx_word' id='word_1_105' title='bbox 1415 1506 1639 1569; x_wconf 85' lang='grc' dir='ltr'>λοιπούς</span> <span class='ocrx_word' id='word_1_106' title='bbox 1656 1521 1670 1535; x_wconf 89' lang='lat'><strong>&#39;</strong></span> <span class='ocrx_word' id='word_1_107' title='bbox 1699 1506 1797 1557; x_wconf 67' lang='grc' dir='ltr'>καὶ</span> 
     </span>
    </p>
   </div>
   <div class='ocr_carea' id='block_1_17' title="bbox 216 1595 1798 1670">
    <p class='ocr_par' dir='ltr' id='par_1_17' title="bbox 216 1595 1798 1670">
     <span class='ocr_line' id='line_1_17' title="bbox 216 1595 1798 1670; baseline -0.003 -16"><span class='ocrx_word' id='word_1_108' title='bbox 216 1601 381 1655; x_wconf 75' lang='grc' dir='ltr'>τοῦτο</span> <span class='ocrx_word' id='word_1_109' title='bbox 414 1602 653 1670; x_wconf 74' lang='grc' dir='ltr'>ποιήσας</span> <span class='ocrx_word' id='word_1_110' title='bbox 693 1598 989 1669; x_wconf 80' lang='grc' dir='ltr'>ὑπεξῆλθε,</span> <span class='ocrx_word' id='word_1_111' title='bbox 1031 1598 1127 1651; x_wconf 68' lang='grc' dir='ltr'>καὶ</span> <span class='ocrx_word' id='word_1_112' title='bbox 1162 1598 1407 1668; x_wconf 79' lang='grc' dir='ltr'>ἀπῆλθεν</span> <span class='ocrx_word' id='word_1_113' title='bbox 1439 1596 1602 1663; x_wconf 71' lang='grc' dir='ltr'>οἴκοι,</span> <span class='ocrx_word' id='word_1_114' title='bbox 1636 1595 1798 1650; x_wconf 83' lang='grc' dir='ltr'>καθε-</span> 
     </span>
    </p>
   </div>
   <div class='ocr_carea' id='block_1_18' title="bbox 220 1686 1798 1762">
    <p class='ocr_par' dir='ltr' id='par_1_18' title="bbox 220 1686 1798 1762">
     <span class='ocr_line' id='line_1_18' title="bbox 220 1686 1798 1762; baseline -0.003 -15"><span class='ocrx_word' id='word_1_115' title='bbox 220 1695 386 1761; x_wconf 81' lang='grc' dir='ltr'>στὼς,</span> <span class='ocrx_word' id='word_1_116' title='bbox 412 1693 499 1761; x_wconf 72' lang='grc' dir='ltr'><strong>ἐφ’</strong></span> <span class='ocrx_word' id='word_1_117' title='bbox 529 1687 614 1755; x_wconf 77' lang='grc' dir='ltr'>οἷς</span> <span class='ocrx_word' id='word_1_118' title='bbox 634 1686 705 1762; x_wconf 79' lang='grc' dir='ltr'>ἦν</span> <span class='ocrx_word' id='word_1_119' title='bbox 735 1692 827 1744; x_wconf 73' lang='grc' dir='ltr'>καὶ</span> <span class='ocrx_word' id='word_1_120' title='bbox 870 1690 1084 1762; x_wconf 84' lang='grc' dir='ltr'>πρώην.</span> <span class='ocrx_word' id='word_1_121' title='bbox 1121 1690 1181 1744; x_wconf 85' lang='grc' dir='ltr'><strong>Ὀ</strong></span> <span class='ocrx_word' id='word_1_122' title='bbox 1205 1690 1261 1744; x_wconf 70' lang='grc' dir='ltr'>δὲ</span> <span class='ocrx_word' id='word_1_123' title='bbox 1308 1689 1585 1759; x_wconf 81' lang='grc' dir='ltr'>βασιλικὸς</span> <span class='ocrx_word' id='word_1_124' title='bbox 1633 1689 1798 1744; x_wconf 85' lang='grc' dir='ltr'>πάλιν</span> 
     </span>
    </p>
   </div>
   <div class='ocr_carea' id='block_1_19' title="bbox 1888 579 3466 651">
    <p class='ocr_par' dir='ltr' id='par_1_19' title="bbox 1888 579 3466 651">
     <span class='ocr_line' id='line_1_19' title="bbox 1888 579 3466 651; baseline 0.003 -17"><span class='ocrx_word' id='word_1_125' title='bbox 1888 581 2093 635; x_wconf 79' lang='lat' dir='ltr'><strong>salvam</strong></span> <span class='ocrx_word' id='word_1_126' title='bbox 2155 579 2384 636; x_wconf 73' lang='lat' dir='ltr'><strong>haberet</strong></span> <span class='ocrx_word' id='word_1_127' title='bbox 2441 586 2788 649; x_wconf 85' lang='lat' dir='ltr'><strong>potestatem.</strong></span> <span class='ocrx_word' id='word_1_128' title='bbox 2855 579 2923 633; x_wconf 83' lang='lat' dir='ltr'><strong>Et</strong></span> <span class='ocrx_word' id='word_1_129' title='bbox 2973 580 3315 651; x_wconf 78' lang='lat' dir='ltr'><strong>exspectavit</strong></span> <span class='ocrx_word' id='word_1_130' title='bbox 3372 596 3466 638; x_wconf 87' lang='lat' dir='ltr'><strong>re-</strong></span> 
     </span>
    </p>
   </div>
   <div class='ocr_carea' id='block_1_20' title="bbox 1889 670 3465 744">
    <p class='ocr_par' dir='ltr' id='par_1_20' title="bbox 1889 670 3465 744">
     <span class='ocr_line' id='line_1_20' title="bbox 1889 670 3465 744; baseline 0.003 -21"><span class='ocrx_word' id='word_1_131' title='bbox 1889 672 2011 740; x_wconf 87' lang='lat' dir='ltr'><strong>gius</strong></span> <span class='ocrx_word' id='word_1_132' title='bbox 2048 674 2281 744; x_wconf 87' lang='lat' dir='ltr'><strong>legatus.</strong></span> <span class='ocrx_word' id='word_1_133' title='bbox 2341 670 2668 740; x_wconf 88' lang='lat' dir='ltr'><strong>rescriptum</strong></span> <span class='ocrx_word' id='word_1_134' title='bbox 2718 681 2913 744; x_wconf 90' lang='lat' dir='ltr'><strong>petens</strong></span> <span class='ocrx_word' id='word_1_135' title='bbox 2957 681 3018 727; x_wconf 86' lang='lat' dir='ltr'><strong>nt</strong></span> <span class='ocrx_word' id='word_1_136' title='bbox 3048 673 3199 729; x_wconf 81' lang='lat' dir='ltr'><strong>brevi</strong></span> <span class='ocrx_word' id='word_1_137' title='bbox 3225 673 3296 728; x_wconf 89' lang='lat' dir='ltr'><strong>ad</strong></span> <span class='ocrx_word' id='word_1_138' title='bbox 3335 687 3465 729; x_wconf 85' lang='lat' dir='ltr'><strong>eum</strong></span> 
     </span>
    </p>
   </div>
   <div class='ocr_carea' id='block_1_21' title="bbox 1891 760 3467 833">
    <p class='ocr_par' dir='ltr' id='par_1_21' title="bbox 1891 760 3467 833">
     <span class='ocr_line' id='line_1_21' title="bbox 1891 760 3467 833; baseline 0.003 -21"><span class='ocrx_word' id='word_1_139' title='bbox 1891 760 1985 829; x_wconf 93' lang='lat' dir='ltr'><strong>qui</strong></span> <span class='ocrx_word' id='word_1_140' title='bbox 2045 762 2289 826; x_wconf 87' lang='lat' dir='ltr'><strong>miserat,</strong></span> <span class='ocrx_word' id='word_1_141' title='bbox 2350 762 2575 817; x_wconf 75' lang='lat' dir='ltr'><strong>rediret.</strong></span> <span class='ocrx_word' id='word_1_142' title='bbox 2632 761 2768 816; x_wconf 78' lang='lat' dir='ltr'><strong>Cum</strong></span> <span class='ocrx_word' id='word_1_143' title='bbox 2829 770 3015 818; x_wconf 84' lang='lat' dir='ltr'><strong>autem</strong></span> <span class='ocrx_word' id='word_1_144' title='bbox 3060 764 3179 833; x_wconf 90' lang='lat' dir='ltr'><strong>ipse</strong></span> <span class='ocrx_word' id='word_1_145' title='bbox 3229 763 3467 819; x_wconf 84' lang='lat' dir='ltr'><strong>multum</strong></span> 
     </span>
    </p>
   </div>
   <div class='ocr_carea' id='block_1_22' title="bbox 1890 852 3469 927">
    <p class='ocr_par' dir='ltr' id='par_1_22' title="bbox 1890 852 3469 927">
     <span class='ocr_line' id='line_1_22' title="bbox 1890 852 3469 927; baseline 0.003 -20"><span class='ocrx_word' id='word_1_146' title='bbox 1890 852 2165 909; x_wconf 87' lang='lat' dir='ltr'><strong>sollicitus</strong></span> <span class='ocrx_word' id='word_1_147' title='bbox 2217 854 2467 919; x_wconf 78' lang='lat' dir='ltr'><strong>instaret,</strong></span> <span class='ocrx_word' id='word_1_148' title='bbox 2499 862 2553 910; x_wconf 89' lang='lat' dir='ltr'><strong>et</strong></span> <span class='ocrx_word' id='word_1_149' title='bbox 2598 855 2819 925; x_wconf 86' lang='lat' dir='ltr'><strong>sapiens</strong></span> <span class='ocrx_word' id='word_1_150' title='bbox 2870 856 3143 927; x_wconf 88' lang='lat' dir='ltr'><strong>scriptum</strong></span> <span class='ocrx_word' id='word_1_151' title='bbox 3175 856 3311 912; x_wconf 87' lang='lat' dir='ltr'><strong>dare</strong></span> <span class='ocrx_word' id='word_1_152' title='bbox 3344 870 3469 912; x_wconf 82' lang='lat' dir='ltr'><strong>mo-</strong></span> 
     </span>
    </p>
   </div>
   <div class='ocr_carea' id='block_1_23' title="bbox 1892 945 3463 1027">
    <p class='ocr_par' dir='ltr' id='par_1_23' title="bbox 1892 945 3463 1027">
     <span class='ocr_line' id='line_1_23' title="bbox 1892 945 3463 1027; baseline 0.002 -28"><span class='ocrx_word' id='word_1_153' title='bbox 1892 955 2132 1009; x_wconf 85' lang='lat' dir='ltr'><strong>raretur,</strong></span> <span class='ocrx_word' id='word_1_154' title='bbox 2183 945 2401 1012; x_wconf 88' lang='lat' dir='ltr'><strong>timens,</strong></span> <span class='ocrx_word' id='word_1_155' title='bbox 2457 956 2613 1017; x_wconf 90' lang='lat' dir='ltr'><strong>puto,</strong></span> <span class='ocrx_word' id='word_1_156' title='bbox 2665 962 2734 1027; x_wconf 83' lang='lat' dir='ltr'><strong>ne</strong></span> <span class='ocrx_word' id='word_1_157' title='bbox 2777 948 3146 1019; x_wconf 79' lang='lat' dir='ltr'><strong>qualicunque</strong></span> <span class='ocrx_word' id='word_1_158' title='bbox 3197 948 3383 1013; x_wconf 90' lang='lat' dir='ltr'><strong>modo,</strong></span> <span class='ocrx_word' id='word_1_159' title='bbox 3415 948 3463 1004; x_wconf 92' lang='lat' dir='ltr'><strong>si</strong></span> 
     </span>
    </p>
   </div>
   <div class='ocr_carea' id='block_1_24' title="bbox 1893 1035 3469 1111">
    <p class='ocr_par' dir='ltr' id='par_1_24' title="bbox 1893 1035 3469 1111">
     <span class='ocr_line' id='line_1_24' title="bbox 1893 1035 3469 1111; baseline 0.001 -18"><span class='ocrx_word' id='word_1_160' title='bbox 1893 1035 2101 1105; x_wconf 88' lang='lat' dir='ltr'><strong>scripto</strong></span> <span class='ocrx_word' id='word_1_161' title='bbox 2128 1038 2465 1106; x_wconf 79' lang='lat' dir='ltr'><strong>patefaceret</strong></span> <span class='ocrx_word' id='word_1_162' title='bbox 2502 1039 2884 1111; x_wconf 86' lang='lat' dir='ltr'><strong>mysteriosum</strong></span> <span class='ocrx_word' id='word_1_163' title='bbox 2927 1040 3347 1107; x_wconf 86' lang='lat' dir='ltr'><strong>documentum,</strong></span> <span class='ocrx_word' id='word_1_164' title='bbox 3386 1040 3469 1096; x_wconf 86' lang='lat' dir='ltr'><strong>illi</strong></span> 
     </span>
    </p>
   </div>
   <div class='ocr_carea' id='block_1_25' title="bbox 1893 1127 3467 1199">
    <p class='ocr_par' dir='ltr' id='par_1_25' title="bbox 1893 1127 3467 1199">
     <span class='ocr_line' id='line_1_25' title="bbox 1893 1127 3467 1199; baseline 0.003 -19"><span class='ocrx_word' id='word_1_165' title='bbox 1893 1128 1987 1198; x_wconf 88' lang='lat' dir='ltr'><strong>qui</strong></span> <span class='ocrx_word' id='word_1_166' title='bbox 2023 1127 2456 1199; x_wconf 73' lang='lat' dir='ltr'><strong>interrogaverat</strong></span> <span class='ocrx_word' id='word_1_167' title='bbox 2498 1140 2742 1198; x_wconf 90' lang='lat' dir='ltr'><strong>noceret,</strong></span> <span class='ocrx_word' id='word_1_168' title='bbox 2793 1130 3027 1187; x_wconf 82' lang='lat' dir='ltr'><strong>missum</strong></span> <span class='ocrx_word' id='word_1_169' title='bbox 3063 1133 3170 1189; x_wconf 89' lang='lat' dir='ltr'><strong>sibi</strong></span> <span class='ocrx_word' id='word_1_170' title='bbox 3206 1133 3467 1188; x_wconf 88' lang='lat' dir='ltr'><strong>comitem</strong></span> 
     </span>
    </p>
   </div>
   <div class='ocr_carea' id='block_1_26' title="bbox 1895 1219 3470 1291">
    <p class='ocr_par' dir='ltr' id='par_1_26' title="bbox 1895 1219 3470 1291">
     <span class='ocr_line' id='line_1_26' title="bbox 1895 1219 3470 1291; baseline 0.004 -17"><span class='ocrx_word' id='word_1_171' title='bbox 1895 1219 2179 1291; x_wconf 78' lang='lat' dir='ltr'><strong>adjungit;</strong></span> <span class='ocrx_word' id='word_1_172' title='bbox 2222 1233 2297 1287; x_wconf 91' lang='lat' dir='ltr'><strong>et,</strong></span> <span class='ocrx_word' id='word_1_173' title='bbox 2330 1236 2456 1277; x_wconf 89' lang='lat' dir='ltr'><strong>cum</strong></span> <span class='ocrx_word' id='word_1_174' title='bbox 2489 1229 2623 1278; x_wconf 91' lang='lat' dir='ltr'><strong>tunc</strong></span> <span class='ocrx_word' id='word_1_175' title='bbox 2670 1225 2847 1280; x_wconf 88' lang='lat' dir='ltr'><strong>media</strong></span> <span class='ocrx_word' id='word_1_176' title='bbox 2897 1222 3138 1281; x_wconf 80' lang='lat' dir='ltr'><strong>ferveret</strong></span> <span class='ocrx_word' id='word_1_177' title='bbox 3174 1232 3359 1290; x_wconf 69' lang='lat' dir='ltr'><strong>aestas,</strong></span> <span class='ocrx_word' id='word_1_178' title='bbox 3411 1224 3470 1280; x_wconf 90' lang='lat' dir='ltr'><strong>in</strong></span> 
     </span>
    </p>
   </div>
   <div class='ocr_carea' id='block_1_27' title="bbox 1897 1312 3467 1384">
    <p class='ocr_par' dir='ltr' id='par_1_27' title="bbox 1897 1312 3467 1384">
     <span class='ocr_line' id='line_1_27' title="bbox 1897 1312 3467 1384; baseline 0.003 -19"><span class='ocrx_word' id='word_1_179' title='bbox 1897 1326 2057 1382; x_wconf 87' lang='lat' dir='ltr'><strong>agros</strong></span> <span class='ocrx_word' id='word_1_180' title='bbox 2119 1312 2516 1370; x_wconf 86' lang='lat' dir='ltr'><strong>frumentarios</strong></span> <span class='ocrx_word' id='word_1_181' title='bbox 2570 1323 2848 1384; x_wconf 81' lang='lat' dir='ltr'><strong>penetrat;</strong></span> <span class='ocrx_word' id='word_1_182' title='bbox 2908 1324 2987 1379; x_wconf 89' lang='lat' dir='ltr'><strong>et,</strong></span> <span class='ocrx_word' id='word_1_183' title='bbox 3045 1314 3254 1369; x_wconf 88' lang='lat' dir='ltr'><strong>nudato</strong></span> <span class='ocrx_word' id='word_1_184' title='bbox 3312 1328 3467 1381; x_wconf 88' lang='lat' dir='ltr'><strong>ense,</strong></span> 
     </span>
    </p>
   </div>
   <div class='ocr_carea' id='block_1_28' title="bbox 1898 1403 3472 1477">
    <p class='ocr_par' dir='ltr' id='par_1_28' title="bbox 1898 1403 3472 1477">
     <span class='ocr_line' id='line_1_28' title="bbox 1898 1403 3472 1477; baseline 0.003 -19"><span class='ocrx_word' id='word_1_185' title='bbox 1898 1403 2145 1459; x_wconf 85' lang='lat' dir='ltr'><strong>diversas</strong></span> <span class='ocrx_word' id='word_1_186' title='bbox 2188 1405 2465 1461; x_wconf 83' lang='lat' dir='ltr'><strong>abscindit</strong></span> <span class='ocrx_word' id='word_1_187' title='bbox 2514 1406 2716 1475; x_wconf 78' lang='lat' dir='ltr'><strong>Spicas,</strong></span> <span class='ocrx_word' id='word_1_188' title='bbox 2760 1420 3103 1477; x_wconf 65' lang='lat' dir='ltr'><strong>quaecunque</strong></span> <span class='ocrx_word' id='word_1_189' title='bbox 3148 1421 3319 1476; x_wconf 81' lang='lat' dir='ltr'><strong>super</strong></span> <span class='ocrx_word' id='word_1_190' title='bbox 3360 1422 3472 1462; x_wconf 64' lang='lat' dir='ltr'><strong>ca:-</strong></span> 
     </span>
    </p>
   </div>
   <div class='ocr_carea' id='block_1_29' title="bbox 1900 1495 3473 1571">
    <p class='ocr_par' dir='ltr' id='par_1_29' title="bbox 1900 1495 3473 1571">
     <span class='ocr_line' id='line_1_29' title="bbox 1900 1495 3473 1571; baseline 0.003 -21"><span class='ocrx_word' id='word_1_191' title='bbox 1900 1501 2047 1550; x_wconf 90' lang='lat' dir='ltr'><strong>teras</strong></span> <span class='ocrx_word' id='word_1_192' title='bbox 2077 1495 2369 1552; x_wconf 86' lang='lat' dir='ltr'><strong>altitudine</strong></span> <span class='ocrx_word' id='word_1_193' title='bbox 2404 1498 2767 1564; x_wconf 61' lang='lat' dir='ltr'><strong>praestabant;</strong></span> <span class='ocrx_word' id='word_1_194' title='bbox 2801 1505 2877 1563; x_wconf 91' lang='lat' dir='ltr'><strong>et,</strong></span> <span class='ocrx_word' id='word_1_195' title='bbox 2933 1497 3038 1553; x_wconf 83' lang='lat' dir='ltr'><strong>hoc</strong></span> <span class='ocrx_word' id='word_1_196' title='bbox 3079 1498 3246 1565; x_wconf 90' lang='lat' dir='ltr'><strong>facto,</strong></span> <span class='ocrx_word' id='word_1_197' title='bbox 3281 1513 3473 1571; x_wconf 87' lang='lat' dir='ltr'><strong>egres-</strong></span> 
     </span>
    </p>
   </div>
   <div class='ocr_carea' id='block_1_30' title="bbox 1898 1587 3471 1660">
    <p class='ocr_par' dir='ltr' id='par_1_30' title="bbox 1898 1587 3471 1660">
     <span class='ocr_line' id='line_1_30' title="bbox 1898 1587 3471 1660; baseline 0.001 -16"><span class='ocrx_word' id='word_1_198' title='bbox 1898 1602 1993 1644; x_wconf 90' lang='lat' dir='ltr'><strong>sus</strong></span> <span class='ocrx_word' id='word_1_199' title='bbox 2028 1594 2136 1653; x_wconf 91' lang='lat' dir='ltr'><strong>est,</strong></span> <span class='ocrx_word' id='word_1_200' title='bbox 2170 1596 2226 1641; x_wconf 91' lang='lat' dir='ltr'><strong>et</strong></span> <span class='ocrx_word' id='word_1_201' title='bbox 2270 1587 2496 1642; x_wconf 84' lang='lat' dir='ltr'><strong>domum</strong></span> <span class='ocrx_word' id='word_1_202' title='bbox 2538 1589 2722 1653; x_wconf 88' lang='lat' dir='ltr'><strong>rediit,</strong></span> <span class='ocrx_word' id='word_1_203' title='bbox 2760 1588 2854 1656; x_wconf 91' lang='lat' dir='ltr'><strong>iis,</strong></span> <span class='ocrx_word' id='word_1_204' title='bbox 2896 1589 3100 1660; x_wconf 83' lang='lat' dir='ltr'><strong>quibus</strong></span> <span class='ocrx_word' id='word_1_205' title='bbox 3148 1600 3268 1647; x_wconf 90' lang='lat' dir='ltr'><strong>erat</strong></span> <span class='ocrx_word' id='word_1_206' title='bbox 3309 1602 3471 1646; x_wconf 83' lang='lat' dir='ltr'><strong>antea</strong></span> 
     </span>
    </p>
   </div>
   <div class='ocr_carea' id='block_1_31' title="bbox 1902 1679 3475 1752">
    <p class='ocr_par' dir='ltr' id='par_1_31' title="bbox 1902 1679 3475 1752">
     <span class='ocr_line' id='line_1_31' title="bbox 1902 1679 3475 1752; baseline 0.006 -22"><span class='ocrx_word' id='word_1_207' title='bbox 1902 1681 2227 1750; x_wconf 64' lang='lat' dir='ltr'><strong>praepositus</strong></span> <span class='ocrx_word' id='word_1_208' title='bbox 2257 1679 2325 1735; x_wconf 91' lang='lat' dir='ltr'><strong>de</strong></span> <span class='ocrx_word' id='word_1_209' title='bbox 2376 1694 2520 1735; x_wconf 92' lang='lat' dir='ltr'><strong>novo</strong></span> <span class='ocrx_word' id='word_1_210' title='bbox 2579 1681 2875 1750; x_wconf 82' lang='lat' dir='ltr'><strong>imperans.</strong></span> <span class='ocrx_word' id='word_1_211' title='bbox 2915 1680 3122 1752; x_wconf 71' lang='lat' dir='ltr'><strong>Regius</strong></span> <span class='ocrx_word' id='word_1_212' title='bbox 3147 1691 3330 1737; x_wconf 89' lang='lat' dir='ltr'><strong>autem</strong></span> <span class='ocrx_word' id='word_1_213' title='bbox 3356 1692 3475 1739; x_wconf 88' lang='lat' dir='ltr'><strong>erat</strong></span> 
     </span>
    </p>
   </div>
   <div class='ocr_carea' id='block_1_32' title="bbox 215 1773 1797 1888">
    <p class='ocr_par' dir='ltr' id='par_1_32' title="bbox 215 1784 1796 1858">
     <span class='ocr_line' id='line_1_32' title="bbox 215 1784 1796 1858; baseline 0 -19"><span class='ocrx_word' id='word_1_214' title='bbox 215 1784 285 1858; x_wconf 78' lang='grc' dir='ltr'>ἦν</span> <span class='ocrx_word' id='word_1_215' title='bbox 316 1788 387 1839; x_wconf 79' lang='grc' dir='ltr'>δι’</span> <span class='ocrx_word' id='word_1_216' title='bbox 418 1786 604 1856; x_wconf 73' lang='grc' dir='ltr'>δχλου,</span> <span class='ocrx_word' id='word_1_217' title='bbox 649 1785 920 1851; x_wconf 85' lang='grc' dir='ltr'>ἀπαιτῶν,</span> <span class='ocrx_word' id='word_1_218' title='bbox 960 1786 990 1839; x_wconf 79' lang='grc' dir='ltr'><strong>δ</strong></span> <span class='ocrx_word' id='word_1_219' title='bbox 1022 1786 1117 1839; x_wconf 83' lang='grc' dir='ltr'>καὶ</span> <span class='ocrx_word' id='word_1_220' title='bbox 1149 1787 1442 1856; x_wconf 77' lang='grc' dir='ltr'>πρότερον.</span> <span class='ocrx_word' id='word_1_221' title='bbox 1487 1785 1579 1848; x_wconf 84' lang='grc' dir='ltr'>Ὠς</span> <span class='ocrx_word' id='word_1_222' title='bbox 1618 1784 1674 1838; x_wconf 73' lang='grc' dir='ltr'>δὲ</span> <span class='ocrx_word' id='word_1_223' title='bbox 1702 1784 1796 1840; x_wconf 84' lang='grc' dir='ltr'><strong>τοῦ</strong></span> 
     </span>
    </p>
   </div>
   <div class='ocr_carea' id='block_1_33' title="bbox 1892 1773 3473 1888">
    <p class='ocr_par' dir='ltr' id='par_1_33' title="bbox 1901 1773 3473 1847">
     <span class='ocr_line' id='line_1_33' title="bbox 1901 1773 3473 1847; baseline 0.001 -20"><span class='ocrx_word' id='word_1_224' title='bbox 1901 1773 2083 1827; x_wconf 90' lang='lat' dir='ltr'><strong>denuo</strong></span> <span class='ocrx_word' id='word_1_225' title='bbox 2106 1773 2401 1839; x_wconf 89' lang='lat' dir='ltr'><strong>sollicitus,</strong></span> <span class='ocrx_word' id='word_1_226' title='bbox 2420 1773 2608 1829; x_wconf 86' lang='lat' dir='ltr'><strong>eadem</strong></span> <span class='ocrx_word' id='word_1_227' title='bbox 2636 1789 2758 1845; x_wconf 78' lang='lat' dir='ltr'><strong>qutn</strong></span> <span class='ocrx_word' id='word_1_228' title='bbox 2786 1776 2960 1845; x_wconf 84' lang='lat' dir='ltr'><strong>prius,</strong></span> <span class='ocrx_word' id='word_1_229' title='bbox 2993 1776 3177 1831; x_wconf 80' lang='lat' dir='ltr'><strong>denuo</strong></span> <span class='ocrx_word' id='word_1_230' title='bbox 3206 1776 3473 1847; x_wconf 78' lang='lat' dir='ltr'><strong>rogitans.</strong></span> 
     </span>
    </p>
   </div>
   <div class='ocr_carea' id='block_1_34' title="bbox 218 1864 1797 1948">
    <p class='ocr_par' dir='ltr' id='par_1_34' title="bbox 218 1874 1797 1948">
     <span class='ocr_line' id='line_1_34' title="bbox 218 1874 1797 1948; baseline 0 -19"><span class='ocrx_word' id='word_1_231' title='bbox 218 1876 389 1946; x_wconf 64' lang='grc' dir='ltr'>σοφοῦ</span> <span class='ocrx_word' id='word_1_232' title='bbox 425 1877 597 1948; x_wconf 83' lang='grc' dir='ltr'>μηδὲν</span> <span class='ocrx_word' id='word_1_233' title='bbox 630 1880 768 1947; x_wconf 80' lang='grc' dir='ltr'>μήτε</span> <span class='ocrx_word' id='word_1_234' title='bbox 798 1876 1067 1944; x_wconf 83' lang='grc' dir='ltr'>λέγοντος,</span> <span class='ocrx_word' id='word_1_235' title='bbox 1113 1876 1249 1945; x_wconf 81' lang='grc' dir='ltr'>μήτε</span> <span class='ocrx_word' id='word_1_236' title='bbox 1281 1874 1635 1946; x_wconf 82' lang='grc' dir='ltr'>πράττοντος,</span> <span class='ocrx_word' id='word_1_237' title='bbox 1662 1876 1797 1940; x_wconf 73' lang='grc' dir='ltr'>ἔξω·</span> 
     </span>
    </p>
   </div>
   <div class='ocr_carea' id='block_1_35' title="bbox 1892 1864 3475 1948">
    <p class='ocr_par' dir='ltr' id='par_1_35' title="bbox 1904 1864 3475 1936">
     <span class='ocr_line' id='line_1_35' title="bbox 1904 1864 3475 1936; baseline 0.002 -16"><span class='ocrx_word' id='word_1_238' title='bbox 1904 1864 2040 1920; x_wconf 89' lang='lat' dir='ltr'><strong>Cum</strong></span> <span class='ocrx_word' id='word_1_239' title='bbox 2079 1881 2210 1920; x_wconf 89' lang='lat' dir='ltr'><strong>vero</strong></span> <span class='ocrx_word' id='word_1_240' title='bbox 2243 1867 2466 1936; x_wconf 85' lang='lat' dir='ltr'><strong>sapiens</strong></span> <span class='ocrx_word' id='word_1_241' title='bbox 2505 1866 2644 1922; x_wconf 84' lang='lat' dir='ltr'><strong>nihil</strong></span> <span class='ocrx_word' id='word_1_242' title='bbox 2698 1867 2908 1924; x_wconf 86' lang='lat' dir='ltr'><strong>diceret</strong></span> <span class='ocrx_word' id='word_1_243' title='bbox 2946 1884 3048 1925; x_wconf 83' lang='lat' dir='ltr'><strong>nec</strong></span> <span class='ocrx_word' id='word_1_244' title='bbox 3089 1868 3322 1935; x_wconf 79' lang='lat' dir='ltr'><strong>faceret,</strong></span> <span class='ocrx_word' id='word_1_245' title='bbox 3375 1885 3475 1923; x_wconf 77' lang='lat' dir='ltr'><strong>es-</strong></span> 
     </span>
    </p>
   </div>
   <div class='ocr_carea' id='block_1_36' title="bbox 217 1967 1796 2039">
    <p class='ocr_par' dir='ltr' id='par_1_36' title="bbox 217 1967 1796 2039">
     <span class='ocr_line' id='line_1_36' title="bbox 217 1967 1796 2039; baseline 0 -18"><span class='ocrx_word' id='word_1_246' title='bbox 217 1971 450 2022; x_wconf 86' lang='grc' dir='ltr'>νείδισεν</span> <span class='ocrx_word' id='word_1_247' title='bbox 476 1971 504 2021; x_wconf 86' lang='grc' dir='ltr'><strong>ό</strong></span> <span class='ocrx_word' id='word_1_248' title='bbox 526 1968 624 2022; x_wconf 84' lang='grc' dir='ltr'><strong>τοῦ</strong></span> <span class='ocrx_word' id='word_1_249' title='bbox 650 1968 936 2039; x_wconf 71' lang='grc' dir='ltr'>βασιλέως,</span> <span class='ocrx_word' id='word_1_250' title='bbox 967 1970 1028 2023; x_wconf 81' lang='grc' dir='ltr'>οὐ</span> <span class='ocrx_word' id='word_1_251' title='bbox 1058 1967 1201 2021; x_wconf 86' lang='grc' dir='ltr'>καλὰ</span> <span class='ocrx_word' id='word_1_252' title='bbox 1227 1967 1458 2038; x_wconf 78' lang='grc' dir='ltr'>πάσχειν</span> <span class='ocrx_word' id='word_1_253' title='bbox 1485 1967 1796 2037; x_wconf 77' lang='grc' dir='ltr'>γογγύζων,</span> 
     </span>
    </p>
   </div>
   <div class='ocr_carea' id='block_1_37' title="bbox 216 2062 1801 2136">
    <p class='ocr_par' dir='ltr' id='par_1_37' title="bbox 216 2062 1801 2136">
     <span class='ocr_line' id='line_1_37' title="bbox 216 2062 1801 2136; baseline 0.001 -20"><span class='ocrx_word' id='word_1_254' title='bbox 216 2068 266 2116; x_wconf 84' lang='grc' dir='ltr'>εἰ</span> <span class='ocrx_word' id='word_1_255' title='bbox 304 2064 444 2133; x_wconf 70' lang='grc' dir='ltr'>μηδὲ</span> <span class='ocrx_word' id='word_1_256' title='bbox 476 2063 637 2133; x_wconf 84' lang='grc' dir='ltr'>λόγου</span> <span class='ocrx_word' id='word_1_257' title='bbox 672 2064 899 2130; x_wconf 79' lang='grc' dir='ltr'><strong>ἀξιοῖτο,</strong></span> <span class='ocrx_word' id='word_1_258' title='bbox 936 2064 1154 2136; x_wconf 84' lang='grc' dir='ltr'>μακράν</span> <span class='ocrx_word' id='word_1_259' title='bbox 1195 2080 1256 2117; x_wconf 86' lang='grc' dir='ltr'><strong>τε</strong></span> <span class='ocrx_word' id='word_1_260' title='bbox 1289 2062 1435 2117; x_wconf 75' lang='grc' dir='ltr'>οὕτω</span> <span class='ocrx_word' id='word_1_261' title='bbox 1467 2064 1613 2117; x_wconf 85' lang='grc' dir='ltr'><strong>κατά</strong></span> <span class='ocrx_word' id='word_1_262' title='bbox 1639 2080 1801 2117; x_wconf 82' lang='grc' dir='ltr'>σπου-</span> 
     </span>
    </p>
   </div>
   <div class='ocr_carea' id='block_1_38' title="bbox 218 2155 1799 2226">
    <p class='ocr_par' dir='ltr' id='par_1_38' title="bbox 218 2155 1799 2226">
     <span class='ocr_line' id='line_1_38' title="bbox 218 2155 1799 2226; baseline 0.001 -18"><span class='ocrx_word' id='word_1_263' title='bbox 218 2157 318 2226; x_wconf 78' lang='grc' dir='ltr'>δὴν</span> <span class='ocrx_word' id='word_1_264' title='bbox 349 2157 469 2209; x_wconf 68' lang='grc' dir='ltr'>ὁδὸν</span> <span class='ocrx_word' id='word_1_265' title='bbox 516 2157 889 2225; x_wconf 83' lang='grc' dir='ltr'>στειλάμενος,</span> <span class='ocrx_word' id='word_1_266' title='bbox 923 2157 1019 2209; x_wconf 76' lang='grc' dir='ltr'>καὶ</span> <span class='ocrx_word' id='word_1_267' title='bbox 1051 2157 1150 2226; x_wconf 77' lang='grc' dir='ltr'>τῆς</span> <span class='ocrx_word' id='word_1_268' title='bbox 1195 2155 1410 2219; x_wconf 74' lang='grc' dir='ltr'>ἐλπίδος</span> <span class='ocrx_word' id='word_1_269' title='bbox 1441 2157 1500 2219; x_wconf 77' lang='grc' dir='ltr'>ἐς</span> <span class='ocrx_word' id='word_1_270' title='bbox 1544 2155 1799 2210; x_wconf 82' lang='grc' dir='ltr'>τοσοῦτον</span> 
     </span>
    </p>
   </div>
   <div class='ocr_carea' id='block_1_39' title="bbox 218 2244 1824 2321">
    <p class='ocr_par' dir='ltr' id='par_1_39' title="bbox 218 2244 1824 2321">
     <span class='ocr_line' id='line_1_39' title="bbox 218 2244 1824 2321; baseline 0 -22"><span class='ocrx_word' id='word_1_271' title='bbox 218 2247 603 2319; x_wconf 72' lang='grc' dir='ltr'>ἀπαεωρηθείς</span> <span class='ocrx_word' id='word_1_272' title='bbox 624 2262 638 2275; x_wconf 87' lang='grc'><strong>·</strong></span> <span class='ocrx_word' id='word_1_273' title='bbox 673 2244 914 2299; x_wconf 75' lang='grc' dir='ltr'>ἐνταῦθά</span> <span class='ocrx_word' id='word_1_274' title='bbox 936 2248 1052 2314; x_wconf 71' lang='grc' dir='ltr'>γεὸ</span> <span class='ocrx_word' id='word_1_275' title='bbox 1079 2245 1396 2318; x_wconf 73' lang='grc' dir='ltr'>ἐμπρακτος</span> <span class='ocrx_word' id='word_1_276' title='bbox 1415 2245 1675 2316; x_wconf 53' lang='lat' dir='ltr'><strong>«item;</strong></span> <span class='ocrx_word' id='word_1_277' title='bbox 1696 2248 1824 2321; x_wconf 48' lang='lat' dir='ltr'><strong>sﬁc‘</strong></span> 
     </span>
    </p>
   </div>
   <div class='ocr_carea' id='block_1_40' title="bbox 218 2336 1799 2408">
    <p class='ocr_par' dir='ltr' id='par_1_40' title="bbox 218 2336 1799 2408">
     <span class='ocr_line' id='line_1_40' title="bbox 218 2336 1799 2408; baseline 0.001 -18"><span class='ocrx_word' id='word_1_278' title='bbox 218 2336 515 2405; x_wconf 74' lang='grc' dir='ltr'>βασιλικῆς</span> <span class='ocrx_word' id='word_1_279' title='bbox 540 2336 774 2406; x_wconf 85' lang='grc' dir='ltr'>ἀπορίας</span> <span class='ocrx_word' id='word_1_280' title='bbox 800 2336 1131 2403; x_wconf 82' lang='grc' dir='ltr'>λακωνίσας,</span> <span class='ocrx_word' id='word_1_281' title='bbox 1159 2336 1349 2407; x_wconf 84' lang='grc' dir='ltr'>ὥσπερ</span> <span class='ocrx_word' id='word_1_282' title='bbox 1376 2337 1524 2408; x_wconf 70' lang='grc' dir='ltr'>ἔργῳ</span> <span class='ocrx_word' id='word_1_283' title='bbox 1549 2337 1626 2407; x_wconf 84' lang='grc' dir='ltr'><strong>τῷ</strong></span> <span class='ocrx_word' id='word_1_284' title='bbox 1655 2340 1799 2393; x_wconf 87' lang='grc' dir='ltr'><strong>κατά</strong></span> 
     </span>
    </p>
   </div>
   <div class='ocr_carea' id='block_1_41' title="bbox 218 2426 1800 2501">
    <p class='ocr_par' dir='ltr' id='par_1_41' title="bbox 218 2426 1800 2501">
     <span class='ocr_line' id='line_1_41' title="bbox 218 2426 1800 2501; baseline 0.002 -22"><span class='ocrx_word' id='word_1_285' title='bbox 218 2430 321 2499; x_wconf 75' lang='grc' dir='ltr'>τὴν</span> <span class='ocrx_word' id='word_1_286' title='bbox 357 2428 597 2499; x_wconf 73' lang='grc' dir='ltr'>ἐκτομὴν</span> <span class='ocrx_word' id='word_1_287' title='bbox 627 2428 732 2481; x_wconf 83' lang='grc' dir='ltr'><strong>τῶν</strong></span> <span class='ocrx_word' id='word_1_288' title='bbox 758 2427 1068 2499; x_wconf 87' lang='grc' dir='ltr'>ἀσταχύων,</span> <span class='ocrx_word' id='word_1_289' title='bbox 1098 2426 1242 2482; x_wconf 77' lang='grc' dir='ltr'>οὕτω</span> <span class='ocrx_word' id='word_1_290' title='bbox 1263 2429 1359 2481; x_wconf 63' lang='grc' dir='ltr'><strong>καὶ⁵</strong></span> <span class='ocrx_word' id='word_1_291' title='bbox 1390 2429 1534 2499; x_wconf 85' lang='grc' dir='ltr'>λόγῳ</span> <span class='ocrx_word' id='word_1_292' title='bbox 1553 2428 1633 2500; x_wconf 84' lang='grc' dir='ltr'><strong>τῷ</strong></span> <span class='ocrx_word' id='word_1_293' title='bbox 1658 2430 1800 2501; x_wconf 78' lang='grc' dir='ltr'>πρὸς</span> 
     </span>
    </p>
   </div>
   <div class='ocr_carea' id='block_1_42' title="bbox 221 2517 1799 2591">
    <p class='ocr_par' dir='ltr' id='par_1_42' title="bbox 221 2517 1799 2591">
     <span class='ocr_line' id='line_1_42' title="bbox 221 2517 1799 2591; baseline 0.001 -17"><span class='ocrx_word' id='word_1_294' title='bbox 221 2522 499 2588; x_wconf 76' lang='grc' dir='ltr'>ἐπίλυσιν,</span> <span class='ocrx_word' id='word_1_295' title='bbox 536 2522 799 2586; x_wconf 51' lang='lat' dir='ltr'><strong>tina/.05,</strong></span> <span class='ocrx_word' id='word_1_296' title='bbox 829 2517 1009 2586; x_wconf 81' lang='grc' dir='ltr'>εἶπεν,</span> <span class='ocrx_word' id='word_1_297' title='bbox 1044 2519 1169 2574; x_wconf 78' lang='grc' dir='ltr'>ὅθεν</span> <span class='ocrx_word' id='word_1_298' title='bbox 1203 2520 1459 2591; x_wconf 74' lang='grc' dir='ltr'>ἐστάλης,</span> <span class='ocrx_word' id='word_1_299' title='bbox 1487 2521 1684 2577; x_wconf 79' lang='grc' dir='ltr'>καὶτὸ</span> <span class='ocrx_word' id='word_1_300' title='bbox 1708 2538 1799 2576; x_wconf 83' lang='grc' dir='ltr'>τε·</span> 
     </span>
    </p>
   </div>
   <div class='ocr_carea' id='block_1_43' title="bbox 218 2612 1795 2685">
    <p class='ocr_par' dir='ltr' id='par_1_43' title="bbox 218 2612 1795 2685">
     <span class='ocr_line' id='line_1_43' title="bbox 218 2612 1795 2685; baseline 0.001 -19"><span class='ocrx_word' id='word_1_301' title='bbox 218 2616 315 2666; x_wconf 72' lang='lat' dir='ltr'><strong>tiae</strong></span> <span class='ocrx_word' id='word_1_302' title='bbox 328 2614 493 2684; x_wconf 81' lang='grc' dir='ltr'>μένον</span> <span class='ocrx_word' id='word_1_303' title='bbox 524 2613 871 2681; x_wconf 84' lang='grc' dir='ltr'>ἀνάγγειλον.</span> <span class='ocrx_word' id='word_1_304' title='bbox 903 2613 1014 2667; x_wconf 71' lang='grc' dir='ltr'><strong>Καὶ</strong></span> <span class='ocrx_word' id='word_1_305' title='bbox 1040 2612 1206 2677; x_wconf 78' lang='grc' dir='ltr'>αὐτὸς</span> <span class='ocrx_word' id='word_1_306' title='bbox 1230 2614 1332 2685; x_wconf 71' lang='grc' dir='ltr'>μὲν</span> <span class='ocrx_word' id='word_1_307' title='bbox 1356 2613 1501 2668; x_wconf 79' lang='grc' dir='ltr'>οὕτω</span> <span class='ocrx_word' id='word_1_308' title='bbox 1531 2613 1795 2685; x_wconf 81' lang='grc' dir='ltr'>φάμενος,</span> 
     </span>
    </p>
   </div>
   <div class='ocr_carea' id='block_1_44' title="bbox 217 2702 1800 2773">
    <p class='ocr_par' dir='ltr' id='par_1_44' title="bbox 217 2702 1800 2773">
     <span class='ocr_line' id='line_1_44' title="bbox 217 2702 1800 2773; baseline 0.002 -18"><span class='ocrx_word' id='word_1_309' title='bbox 217 2704 435 2755; x_wconf 75' lang='grc' dir='ltr'>ἔκλεισε</span> <span class='ocrx_word' id='word_1_310' title='bbox 484 2705 546 2756; x_wconf 83' lang='grc' dir='ltr'>τὸ</span> <span class='ocrx_word' id='word_1_311' title='bbox 576 2703 783 2773; x_wconf 83' lang='grc' dir='ltr'>βιδλίον</span> <span class='ocrx_word' id='word_1_312' title='bbox 812 2702 913 2772; x_wconf 86' lang='grc' dir='ltr'><strong>τῆς</strong></span> <span class='ocrx_word' id='word_1_313' title='bbox 955 2702 1163 2765; x_wconf 82' lang='grc' dir='ltr'>λαλιᾶς.</span> <span class='ocrx_word' id='word_1_314' title='bbox 1205 2703 1263 2755; x_wconf 86' lang='lat'><strong>&#39;0</strong></span> <span class='ocrx_word' id='word_1_315' title='bbox 1293 2702 1350 2755; x_wconf 72' lang='grc' dir='ltr'>δὲ</span> <span class='ocrx_word' id='word_1_316' title='bbox 1394 2702 1633 2768; x_wconf 87' lang='grc' dir='ltr'>ἀκούσας</span> <span class='ocrx_word' id='word_1_317' title='bbox 1665 2705 1800 2758; x_wconf 81' lang='grc' dir='ltr'>ἀπέ-</span> 
     </span>
    </p>
   </div>
   <div class='ocr_carea' id='block_1_45' title="bbox 218 2791 1795 2865">
    <p class='ocr_par' dir='ltr' id='par_1_45' title="bbox 218 2791 1795 2865">
     <span class='ocr_line' id='line_1_45' title="bbox 218 2791 1795 2865; baseline 0.001 -20"><span class='ocrx_word' id='word_1_318' title='bbox 218 2811 375 2864; x_wconf 77' lang='grc' dir='ltr'>κρινε</span> <span class='ocrx_word' id='word_1_319' title='bbox 406 2794 508 2864; x_wconf 87' lang='grc' dir='ltr'>μὲν</span> <span class='ocrx_word' id='word_1_320' title='bbox 532 2794 622 2847; x_wconf 85' lang='grc' dir='ltr'>τὸν</span> <span class='ocrx_word' id='word_1_321' title='bbox 654 2795 817 2865; x_wconf 73' lang='grc' dir='ltr'>σοφὸν</span> <span class='ocrx_word' id='word_1_322' title='bbox 848 2793 1017 2865; x_wconf 79' lang='grc' dir='ltr'>ἄνδρα</span> <span class='ocrx_word' id='word_1_323' title='bbox 1044 2792 1154 2846; x_wconf 84' lang='grc' dir='ltr'>τῶν</span> <span class='ocrx_word' id='word_1_324' title='bbox 1180 2791 1316 2863; x_wconf 82' lang='grc' dir='ltr'>ὀρθά</span> <span class='ocrx_word' id='word_1_325' title='bbox 1346 2795 1714 2865; x_wconf 76' lang='grc' dir='ltr'>φρονούντων,</span> <span class='ocrx_word' id='word_1_326' title='bbox 1733 2795 1795 2847; x_wconf 83' lang='grc' dir='ltr'>οὐ</span> 
     </span>
    </p>
   </div>
   <div class='ocr_carea' id='block_1_46' title="bbox 219 2882 1799 2955">
    <p class='ocr_par' dir='ltr' id='par_1_46' title="bbox 219 2882 1799 2955">
     <span class='ocr_line' id='line_1_46' title="bbox 219 2882 1799 2955; baseline 0.001 -20"><span class='ocrx_word' id='word_1_327' title='bbox 219 2886 473 2955; x_wconf 74' lang='grc' dir='ltr'>ςρενήρη</span> <span class='ocrx_word' id='word_1_328' title='bbox 501 2886 896 2954; x_wconf 77' lang='grc' dir='ltr'>γνωματεύσας</span> <span class='ocrx_word' id='word_1_329' title='bbox 924 2886 1133 2937; x_wconf 75' lang='grc' dir='ltr'>ἐκεῖνον</span> <span class='ocrx_word' id='word_1_330' title='bbox 1157 2898 1171 2913; x_wconf 75' lang='grc' dir='ltr'><strong><em>ο</em></strong></span> <span class='ocrx_word' id='word_1_331' title='bbox 1208 2882 1449 2952; x_wconf 74' lang='grc' dir='ltr'>ἐψεύσθη</span> <span class='ocrx_word' id='word_1_332' title='bbox 1472 2882 1528 2936; x_wconf 73' lang='grc' dir='ltr'>δὲ</span> <span class='ocrx_word' id='word_1_333' title='bbox 1548 2882 1648 2953; x_wconf 81' lang='grc' dir='ltr'>τῆς</span> <span class='ocrx_word' id='word_1_334' title='bbox 1677 2884 1799 2954; x_wconf 88' lang='grc' dir='ltr'>κρί-</span> 
     </span>
    </p>
   </div>
   <div class='ocr_carea' id='block_1_47' title="bbox 220 2972 1795 3046">
    <p class='ocr_par' dir='ltr' id='par_1_47' title="bbox 220 2972 1795 3046">
     <span class='ocr_line' id='line_1_47' title="bbox 220 2972 1795 3046; baseline 0.003 -20"><span class='ocrx_word' id='word_1_335' title='bbox 220 2993 362 3038; x_wconf 80' lang='grc' dir='ltr'>σεως</span> <span class='ocrx_word' id='word_1_336' title='bbox 398 2978 456 3037; x_wconf 78' lang='grc' dir='ltr'>ἐς</span> <span class='ocrx_word' id='word_1_337' title='bbox 486 2976 548 3028; x_wconf 84' lang='grc' dir='ltr'>τὸ</span> <span class='ocrx_word' id='word_1_338' title='bbox 584 2978 714 3031; x_wconf 73' lang='grc' dir='ltr'>πᾶν.</span> <span class='ocrx_word' id='word_1_339' title='bbox 764 2975 824 3029; x_wconf 85' lang='grc' dir='ltr'><strong>Ὀ</strong></span> <span class='ocrx_word' id='word_1_340' title='bbox 854 2976 964 3046; x_wconf 87' lang='grc' dir='ltr'><strong>γάρ</strong></span> <span class='ocrx_word' id='word_1_341' title='bbox 999 2992 1082 3028; x_wconf 75' lang='grc' dir='ltr'><strong>τοι</strong></span> <span class='ocrx_word' id='word_1_342' title='bbox 1099 2972 1302 3045; x_wconf 87' lang='grc' dir='ltr'>’κύριος</span> <span class='ocrx_word' id='word_1_343' title='bbox 1338 2973 1595 3044; x_wconf 84' lang='grc' dir='ltr'>βασιλεὺς</span> <span class='ocrx_word' id='word_1_344' title='bbox 1621 2992 1795 3030; x_wconf 84' lang='grc' dir='ltr'>κατα-</span> 
     </span>
    </p>
   </div>
   <div class='ocr_carea' id='block_1_48' title="bbox 220 3066 1792 3139">
    <p class='ocr_par' dir='ltr' id='par_1_48' title="bbox 220 3066 1792 3139">
     <span class='ocr_line' id='line_1_48' title="bbox 220 3066 1792 3139; baseline 0.001 -20"><span class='ocrx_word' id='word_1_345' title='bbox 220 3067 401 3134; x_wconf 60' lang='grc' dir='ltr'>κύψας</span> <span class='ocrx_word' id='word_1_346' title='bbox 432 3068 512 3129; x_wconf 80' lang='grc' dir='ltr'><strong>είς</strong></span> <span class='ocrx_word' id='word_1_347' title='bbox 546 3067 711 3136; x_wconf 76' lang='grc' dir='ltr'>βάθος</span> <span class='ocrx_word' id='word_1_348' title='bbox 745 3066 840 3119; x_wconf 80' lang='grc' dir='ltr'>τοῦ</span> <span class='ocrx_word' id='word_1_349' title='bbox 873 3066 1214 3137; x_wconf 81' lang='grc' dir='ltr'>ὴγγελμὲνου</span> <span class='ocrx_word' id='word_1_350' title='bbox 1247 3066 1431 3136; x_wconf 75' lang='grc' dir='ltr'>ἔργου,</span> <span class='ocrx_word' id='word_1_351' title='bbox 1468 3067 1792 3139; x_wconf 86' lang='grc' dir='ltr'>καθεώρακε</span> 
     </span>
    </p>
   </div>
   <div class='ocr_carea' id='block_1_49' title="bbox 1902 1956 3477 2030">
    <p class='ocr_par' dir='ltr' id='par_1_49' title="bbox 1902 1956 3477 2030">
     <span class='ocr_line' id='line_1_49' title="bbox 1902 1956 3477 2030; baseline 0.004 -22"><span class='ocrx_word' id='word_1_352' title='bbox 1902 1956 2186 2026; x_wconf 85' lang='lat' dir='ltr'><strong>probravit</strong></span> <span class='ocrx_word' id='word_1_353' title='bbox 2212 1973 2241 2009; x_wconf 92' lang='lat' dir='ltr'><strong>a</strong></span> <span class='ocrx_word' id='word_1_354' title='bbox 2270 1973 2397 2026; x_wconf 88' lang='lat' dir='ltr'><strong>rege</strong></span> <span class='ocrx_word' id='word_1_355' title='bbox 2429 1958 2654 2022; x_wconf 88' lang='lat' dir='ltr'><strong>missus,</strong></span> <span class='ocrx_word' id='word_1_356' title='bbox 2682 1972 2790 2013; x_wconf 83' lang='lat' dir='ltr'><strong>non</strong></span> <span class='ocrx_word' id='word_1_357' title='bbox 2819 1958 2958 2014; x_wconf 89' lang='lat' dir='ltr'><strong>bene</strong></span> <span class='ocrx_word' id='word_1_358' title='bbox 2985 1973 3171 2014; x_wconf 86' lang='lat' dir='ltr'><strong>secum</strong></span> <span class='ocrx_word' id='word_1_359' title='bbox 3197 1960 3285 2030; x_wconf 83' lang='lat' dir='ltr'><strong>agi</strong></span> <span class='ocrx_word' id='word_1_360' title='bbox 3321 1974 3477 2014; x_wconf 80' lang='lat' dir='ltr'><strong>mus-</strong></span> 
     </span>
    </p>
   </div>
   <div class='ocr_carea' id='block_1_50' title="bbox 1901 2048 3473 2122">
    <p class='ocr_par' dir='ltr' id='par_1_50' title="bbox 1901 2048 3473 2122">
     <span class='ocr_line' id='line_1_50' title="bbox 1901 2048 3473 2122; baseline -0.001 -18"><span class='ocrx_word' id='word_1_361' title='bbox 1901 2049 2111 2112; x_wconf 85' lang='lat' dir='ltr'><strong>sitans,</strong></span> <span class='ocrx_word' id='word_1_362' title='bbox 2144 2049 2251 2103; x_wconf 89' lang='lat' dir='ltr'><strong>nisi</strong></span> <span class='ocrx_word' id='word_1_363' title='bbox 2302 2048 2467 2104; x_wconf 78' lang='lat' dir='ltr'><strong>verbo</strong></span> <span class='ocrx_word' id='word_1_364' title='bbox 2506 2048 2711 2121; x_wconf 87' lang='lat' dir='ltr'><strong>dignus</strong></span> <span class='ocrx_word' id='word_1_365' title='bbox 2767 2052 3062 2107; x_wconf 76' lang='lat' dir='ltr'><strong>haberetur</strong></span> <span class='ocrx_word' id='word_1_366' title='bbox 3086 2091 3104 2118; x_wconf 94' lang='lat'><strong>,</strong></span> <span class='ocrx_word' id='word_1_367' title='bbox 3142 2060 3264 2105; x_wconf 79' lang='lat' dir='ltr'><strong>tam</strong></span> <span class='ocrx_word' id='word_1_368' title='bbox 3314 2052 3473 2122; x_wconf 85' lang='lat' dir='ltr'><strong>longa</strong></span> 
     </span>
    </p>
   </div>
   <div class='ocr_carea' id='block_1_51' title="bbox 1900 2141 3477 2214">
    <p class='ocr_par' dir='ltr' id='par_1_51' title="bbox 1900 2141 3477 2214">
     <span class='ocr_line' id='line_1_51' title="bbox 1900 2141 3477 2214; baseline 0.001 -17"><span class='ocrx_word' id='word_1_369' title='bbox 1900 2142 2013 2198; x_wconf 90' lang='lat' dir='ltr'><strong>cito</strong></span> <span class='ocrx_word' id='word_1_370' title='bbox 2070 2142 2292 2197; x_wconf 88' lang='lat' dir='ltr'><strong>functus</strong></span> <span class='ocrx_word' id='word_1_371' title='bbox 2332 2143 2442 2208; x_wconf 81' lang='lat' dir='ltr'><strong>via,</strong></span> <span class='ocrx_word' id='word_1_372' title='bbox 2494 2148 2753 2213; x_wconf 86' lang='lat' dir='ltr'><strong>tantaque</strong></span> <span class='ocrx_word' id='word_1_373' title='bbox 2820 2158 2916 2214; x_wconf 88' lang='lat' dir='ltr'><strong>spe</strong></span> <span class='ocrx_word' id='word_1_374' title='bbox 2975 2144 3298 2200; x_wconf 85' lang='lat' dir='ltr'><strong>frustratus.</strong></span> <span class='ocrx_word' id='word_1_375' title='bbox 3324 2141 3477 2198; x_wconf 79' lang='lat' dir='ltr'><strong>Tunc</strong></span> 
     </span>
    </p>
   </div>
   <div class='ocr_carea' id='block_1_52' title="bbox 1900 2233 3473 2307">
    <p class='ocr_par' dir='ltr' id='par_1_52' title="bbox 1900 2233 3473 2307">
     <span class='ocr_line' id='line_1_52' title="bbox 1900 2233 3473 2307; baseline -0.001 -18"><span class='ocrx_word' id='word_1_376' title='bbox 1900 2244 2159 2289; x_wconf 81' lang='lat' dir='ltr'><strong>strenuus</strong></span> <span class='ocrx_word' id='word_1_377' title='bbox 2179 2234 2335 2303; x_wconf 71' lang='lat' dir='ltr'><strong>tegize</strong></span> <span class='ocrx_word' id='word_1_378' title='bbox 2352 2233 2743 2290; x_wconf 80' lang='lat' dir='ltr'><strong>sollicitudinis</strong></span> <span class='ocrx_word' id='word_1_379' title='bbox 2760 2234 2992 2301; x_wconf 89' lang='lat' dir='ltr'><strong>solutor,</strong></span> <span class='ocrx_word' id='word_1_380' title='bbox 3010 2235 3473 2307; x_wconf 84' lang='lat' dir='ltr'><strong>quemadmodum</strong></span> 
     </span>
    </p>
   </div>
   <div class='ocr_carea' id='block_1_53' title="bbox 1899 2322 3476 2395">
    <p class='ocr_par' dir='ltr' id='par_1_53' title="bbox 1899 2322 3476 2395">
     <span class='ocr_line' id='line_1_53' title="bbox 1899 2322 3476 2395; baseline 0.002 -21"><span class='ocrx_word' id='word_1_381' title='bbox 1899 2322 1952 2375; x_wconf 91' lang='lat' dir='ltr'><strong>in</strong></span> <span class='ocrx_word' id='word_1_382' title='bbox 1978 2322 2316 2378; x_wconf 85' lang='lat' dir='ltr'><strong>abscissionc</strong></span> <span class='ocrx_word' id='word_1_383' title='bbox 2336 2324 2615 2391; x_wconf 88' lang='lat' dir='ltr'><strong>spicarum</strong></span> <span class='ocrx_word' id='word_1_384' title='bbox 2643 2334 2826 2393; x_wconf 86' lang='lat' dir='ltr'><strong>antea,</strong></span> <span class='ocrx_word' id='word_1_385' title='bbox 2850 2325 2936 2380; x_wconf 86' lang='lat' dir='ltr'><strong>sic</strong></span> <span class='ocrx_word' id='word_1_386' title='bbox 2965 2325 3193 2380; x_wconf 88' lang='lat' dir='ltr'><strong>nuncin</strong></span> <span class='ocrx_word' id='word_1_387' title='bbox 3231 2324 3476 2395; x_wconf 78' lang='lat' dir='ltr'><strong>explica-</strong></span> 
     </span>
    </p>
   </div>
   <div class='ocr_carea' id='block_1_54' title="bbox 1901 2415 3477 2489">
    <p class='ocr_par' dir='ltr' id='par_1_54' title="bbox 1901 2415 3477 2489">
     <span class='ocr_line' id='line_1_54' title="bbox 1901 2415 3477 2489; baseline 0.003 -21"><span class='ocrx_word' id='word_1_388' title='bbox 1901 2415 2048 2468; x_wconf 89' lang='lat' dir='ltr'><strong>tione</strong></span> <span class='ocrx_word' id='word_1_389' title='bbox 2085 2415 2290 2469; x_wconf 87' lang='lat' dir='ltr'><strong>verbali</strong></span> <span class='ocrx_word' id='word_1_390' title='bbox 2326 2416 2630 2482; x_wconf 83' lang='lat' dir='ltr'><strong>laconicus,</strong></span> <span class='ocrx_word' id='word_1_391' title='bbox 2668 2436 2688 2470; x_wconf 81' lang='grc' dir='ltr'><strong>ι</strong></span> <span class='ocrx_word' id='word_1_392' title='bbox 2725 2416 2852 2483; x_wconf 79' lang='lat' dir='ltr'><strong>Abi,</strong></span> <span class='ocrx_word' id='word_1_393' title='bbox 2894 2418 3096 2489; x_wconf 87' lang='lat' dir='ltr'><strong>inquit,</strong></span> <span class='ocrx_word' id='word_1_394' title='bbox 3128 2418 3359 2489; x_wconf 89' lang='lat' dir='ltr'><strong>etquod</strong></span> <span class='ocrx_word' id='word_1_395' title='bbox 3398 2418 3477 2472; x_wconf 61' lang='lat' dir='ltr'><strong>vir</strong></span> 
     </span>
    </p>
   </div>
   <div class='ocr_carea' id='block_1_55' title="bbox 1899 2505 3473 2579">
    <p class='ocr_par' dir='ltr' id='par_1_55' title="bbox 1899 2505 3473 2579">
     <span class='ocr_line' id='line_1_55' title="bbox 1899 2505 3473 2579; baseline 0.001 -18"><span class='ocrx_word' id='word_1_396' title='bbox 1899 2505 2027 2561; x_wconf 91' lang='lat' dir='ltr'><strong>disti</strong></span> <span class='ocrx_word' id='word_1_397' title='bbox 2065 2509 2340 2562; x_wconf 87' lang='lat' dir='ltr'><strong>renuntia.</strong></span> <span class='ocrx_word' id='word_1_398' title='bbox 2382 2526 2400 2559; x_wconf 84' lang='grc'>›</span> <span class='ocrx_word' id='word_1_399' title='bbox 2437 2510 2505 2563; x_wconf 84' lang='lat' dir='ltr'><strong>Et</strong></span> <span class='ocrx_word' id='word_1_400' title='bbox 2533 2509 2614 2564; x_wconf 89' lang='lat' dir='ltr'><strong>sie</strong></span> <span class='ocrx_word' id='word_1_401' title='bbox 2648 2510 2764 2579; x_wconf 89' lang='lat' dir='ltr'><strong>ipse</strong></span> <span class='ocrx_word' id='word_1_402' title='bbox 2788 2508 2955 2574; x_wconf 85' lang='lat' dir='ltr'><strong>fatus,</strong></span> <span class='ocrx_word' id='word_1_403' title='bbox 2983 2509 3284 2567; x_wconf 78' lang='lat' dir='ltr'><strong>locutionis</strong></span> <span class='ocrx_word' id='word_1_404' title='bbox 3318 2511 3473 2565; x_wconf 58' lang='lat' dir='ltr'><strong>claue</strong></span> 
     </span>
    </p>
   </div>
   <div class='ocr_carea' id='block_1_56' title="bbox 1899 2599 3475 2673">
    <p class='ocr_par' dir='ltr' id='par_1_56' title="bbox 1899 2599 3475 2673">
     <span class='ocr_line' id='line_1_56' title="bbox 1899 2599 3475 2673; baseline 0.001 -20"><span class='ocrx_word' id='word_1_405' title='bbox 1899 2600 1971 2653; x_wconf 83' lang='lat' dir='ltr'><strong>sit</strong></span> <span class='ocrx_word' id='word_1_406' title='bbox 2008 2600 2229 2655; x_wconf 90' lang='lat' dir='ltr'><strong>librum.</strong></span> <span class='ocrx_word' id='word_1_407' title='bbox 2277 2599 2383 2667; x_wconf 85' lang='lat' dir='ltr'><strong>Qui</strong></span> <span class='ocrx_word' id='word_1_408' title='bbox 2440 2616 2571 2657; x_wconf 85' lang='lat' dir='ltr'><strong>vero</strong></span> <span class='ocrx_word' id='word_1_409' title='bbox 2630 2603 2901 2666; x_wconf 78' lang='lat' dir='ltr'><strong>audierat,</strong></span> <span class='ocrx_word' id='word_1_410' title='bbox 2940 2603 3192 2658; x_wconf 74' lang='lat' dir='ltr'><strong>distinxit</strong></span> <span class='ocrx_word' id='word_1_411' title='bbox 3253 2603 3475 2673; x_wconf 78' lang='lat' dir='ltr'><strong>quiden&#39;.</strong></span> 
     </span>
    </p>
   </div>
   <div class='ocr_carea' id='block_1_57' title="bbox 1898 2690 3474 2763">
    <p class='ocr_par' dir='ltr' id='par_1_57' title="bbox 1898 2690 3474 2763">
     <span class='ocr_line' id='line_1_57' title="bbox 1898 2690 3474 2763; baseline 0.004 -20"><span class='ocrx_word' id='word_1_412' title='bbox 1898 2690 2070 2743; x_wconf 90' lang='lat' dir='ltr'><strong>virum</strong></span> <span class='ocrx_word' id='word_1_413' title='bbox 2103 2691 2403 2760; x_wconf 81' lang='lat' dir='ltr'><strong>sapientem</strong></span> <span class='ocrx_word' id='word_1_414' title='bbox 2433 2707 2500 2746; x_wconf 82' lang='lat' dir='ltr'><strong>ex</strong></span> <span class='ocrx_word' id='word_1_415' title='bbox 2533 2700 2682 2747; x_wconf 90' lang='lat' dir='ltr'><strong>recte</strong></span> <span class='ocrx_word' id='word_1_416' title='bbox 2722 2692 3095 2763; x_wconf 83' lang='lat' dir='ltr'><strong>sapientibus,</strong></span> <span class='ocrx_word' id='word_1_417' title='bbox 3155 2710 3264 2750; x_wconf 85' lang='lat' dir='ltr'><strong>non</strong></span> <span class='ocrx_word' id='word_1_418' title='bbox 3328 2708 3474 2750; x_wconf 64' lang='lat' dir='ltr'><strong>sana</strong></span> 
     </span>
    </p>
   </div>
   <div class='ocr_carea' id='block_1_58' title="bbox 1897 2782 3471 2856">
    <p class='ocr_par' dir='ltr' id='par_1_58' title="bbox 1897 2782 3471 2856">
     <span class='ocr_line' id='line_1_58' title="bbox 1897 2782 3471 2856; baseline 0.005 -22"><span class='ocrx_word' id='word_1_419' title='bbox 1897 2783 2094 2837; x_wconf 86' lang='lat' dir='ltr'><strong>me..t&#39;s</strong></span> <span class='ocrx_word' id='word_1_420' title='bbox 2120 2798 2243 2836; x_wconf 90' lang='lat' dir='ltr'><strong>eum</strong></span> <span class='ocrx_word' id='word_1_421' title='bbox 2273 2782 2585 2851; x_wconf 68' lang='lat' dir='ltr'><strong>aestimans;</strong></span> <span class='ocrx_word' id='word_1_422' title='bbox 2625 2784 2721 2840; x_wconf 90' lang='lat' dir='ltr'><strong>sed</strong></span> <span class='ocrx_word' id='word_1_423' title='bbox 2743 2798 2969 2853; x_wconf 83' lang='lat' dir='ltr'><strong>prorsus</strong></span> <span class='ocrx_word' id='word_1_424' title='bbox 3001 2789 3209 2841; x_wconf 72' lang='lat' dir='ltr'><strong>erravit</strong></span> <span class='ocrx_word' id='word_1_425' title='bbox 3237 2785 3471 2856; x_wconf 86' lang='lat' dir='ltr'><strong>judicio.</strong></span> 
     </span>
    </p>
   </div>
   <div class='ocr_carea' id='block_1_59' title="bbox 1898 2872 3474 2949">
    <p class='ocr_par' dir='ltr' id='par_1_59' title="bbox 1898 2872 3474 2949">
     <span class='ocr_line' id='line_1_59' title="bbox 1898 2872 3474 2949; baseline 0.004 -23"><span class='ocrx_word' id='word_1_426' title='bbox 1898 2872 2164 2930; x_wconf 84' lang='lat' dir='ltr'><strong>Dominus</strong></span> <span class='ocrx_word' id='word_1_427' title='bbox 2216 2876 2362 2930; x_wconf 90' lang='lat' dir='ltr'><strong>enim</strong></span> <span class='ocrx_word' id='word_1_428' title='bbox 2405 2878 2527 2946; x_wconf 86' lang='lat' dir='ltr'><strong>ejus</strong></span> <span class='ocrx_word' id='word_1_429' title='bbox 2554 2892 2647 2933; x_wconf 78' lang='lat' dir='ltr'><strong>rex</strong></span> <span class='ocrx_word' id='word_1_430' title='bbox 2677 2876 2731 2932; x_wconf 91' lang='lat' dir='ltr'><strong>in</strong></span> <span class='ocrx_word' id='word_1_431' title='bbox 2771 2879 2957 2949; x_wconf 83' lang='lat' dir='ltr'><strong>operis</strong></span> <span class='ocrx_word' id='word_1_432' title='bbox 3008 2878 3309 2935; x_wconf 78' lang='lat' dir='ltr'><strong>renuntiati</strong></span> <span class='ocrx_word' id='word_1_433' title='bbox 3344 2893 3474 2949; x_wconf 57' lang='lat' dir='ltr'><strong>pro-</strong></span> 
     </span>
    </p>
   </div>
   <div class='ocr_carea' id='block_1_60' title="bbox 1896 2967 3477 3043">
    <p class='ocr_par' dir='ltr' id='par_1_60' title="bbox 1896 2967 3477 3043">
     <span class='ocr_line' id='line_1_60' title="bbox 1896 2967 3477 3043; baseline 0.005 -23"><span class='ocrx_word' id='word_1_434' title='bbox 1896 2967 2126 3021; x_wconf 77' lang='lat' dir='ltr'><strong>tundunt</strong></span> <span class='ocrx_word' id='word_1_435' title='bbox 2179 2968 2421 3033; x_wconf 90' lang='lat' dir='ltr'><strong>intuens,</strong></span> <span class='ocrx_word' id='word_1_436' title='bbox 2456 2970 2694 3025; x_wconf 79' lang='lat' dir='ltr'><strong>vividam</strong></span> <span class='ocrx_word' id='word_1_437' title='bbox 2740 2985 2805 3026; x_wconf 90' lang='lat' dir='ltr'><strong>ac</strong></span> <span class='ocrx_word' id='word_1_438' title='bbox 2854 2973 3022 3027; x_wconf 86' lang='lat' dir='ltr'><strong>altam</strong></span> <span class='ocrx_word' id='word_1_439' title='bbox 3077 2972 3346 3043; x_wconf 88' lang='lat' dir='ltr'><strong>sapientis</strong></span> <span class='ocrx_word' id='word_1_440' title='bbox 3378 2974 3477 3028; x_wconf 86' lang='lat' dir='ltr'><strong>do-</strong></span> 
     </span>
    </p>
   </div>
   <div class='ocr_carea' id='block_1_61' title="bbox 1895 3061 3475 3131">
    <p class='ocr_par' dir='ltr' id='par_1_61' title="bbox 1895 3061 3475 3131">
     <span class='ocr_line' id='line_1_61' title="bbox 1895 3061 3475 3131; baseline 0.004 -18"><span class='ocrx_word' id='word_1_441' title='bbox 1895 3061 2149 3123; x_wconf 70' lang='lat' dir='ltr'><strong>ctrinam,</strong></span> <span class='ocrx_word' id='word_1_442' title='bbox 2170 3070 2223 3117; x_wconf 90' lang='lat' dir='ltr'><strong>et</strong></span> <span class='ocrx_word' id='word_1_443' title='bbox 2253 3061 2575 3131; x_wconf 80' lang='lat' dir='ltr'><strong>patefactam</strong></span> <span class='ocrx_word' id='word_1_444' title='bbox 2606 3078 2794 3128; x_wconf 88' lang='lat' dir='ltr'><strong>manu,</strong></span> <span class='ocrx_word' id='word_1_445' title='bbox 2814 3066 3090 3120; x_wconf 82' lang='lat' dir='ltr'><strong>sermonis</strong></span> <span class='ocrx_word' id='word_1_446' title='bbox 3120 3066 3271 3119; x_wconf 89' lang='lat' dir='ltr'><strong>intus</strong></span> <span class='ocrx_word' id='word_1_447' title='bbox 3296 3065 3475 3119; x_wconf 80' lang='lat' dir='ltr'><strong>laten-</strong></span> 
     </span>
    </p>
   </div>
   <div class='ocr_carea' id='block_1_62' title="bbox 217 3152 1797 3230">
    <p class='ocr_par' dir='ltr' id='par_1_62' title="bbox 217 3157 1787 3230">
     <span class='ocr_line' id='line_1_62' title="bbox 217 3157 1787 3230; baseline 0.001 -20"><span class='ocrx_word' id='word_1_448' title='bbox 217 3162 321 3230; x_wconf 76' lang='grc' dir='ltr'><strong>τὴν</strong></span> <span class='ocrx_word' id='word_1_449' title='bbox 346 3159 716 3228; x_wconf 66' lang='grc' dir='ltr'>ἀγχίστροφον</span> <span class='ocrx_word' id='word_1_450' title='bbox 740 3160 834 3212; x_wconf 73' lang='grc' dir='ltr'><strong>καὶ</strong></span> <span class='ocrx_word' id='word_1_451' title='bbox 858 3158 1081 3228; x_wconf 77' lang='grc' dir='ltr'>βαθεῖαν</span> <span class='ocrx_word' id='word_1_452' title='bbox 1107 3158 1455 3212; x_wconf 83' lang='grc' dir='ltr'>διδασκαλίαν</span> <span class='ocrx_word' id='word_1_453' title='bbox 1481 3157 1576 3212; x_wconf 82' lang='grc' dir='ltr'>τοῦ</span> <span class='ocrx_word' id='word_1_454' title='bbox 1601 3159 1787 3228; x_wconf 82' lang='grc' dir='ltr'>σοφοῦ,</span> 
     </span>
    </p>
   </div>
   <div class='ocr_carea' id='block_1_63' title="bbox 1892 3152 3476 3230">
    <p class='ocr_par' dir='ltr' id='par_1_63' title="bbox 1896 3152 3476 3226">
     <span class='ocr_line' id='line_1_63' title="bbox 1896 3152 3476 3226; baseline 0.001 -18"><span class='ocrx_word' id='word_1_455' title='bbox 1896 3153 1965 3209; x_wconf 91' lang='lat' dir='ltr'><strong>tis</strong></span> <span class='ocrx_word' id='word_1_456' title='bbox 1996 3152 2378 3206; x_wconf 86' lang='lat' dir='ltr'><strong>revelationem</strong></span> <span class='ocrx_word' id='word_1_457' title='bbox 2440 3155 2758 3223; x_wconf 75' lang='lat' dir='ltr'><strong>conspexit;</strong></span> <span class='ocrx_word' id='word_1_458' title='bbox 2801 3166 2857 3211; x_wconf 90' lang='lat' dir='ltr'><strong>et</strong></span> <span class='ocrx_word' id='word_1_459' title='bbox 2898 3156 3162 3212; x_wconf 74' lang='lat' dir='ltr'><strong>intellexit</strong></span> <span class='ocrx_word' id='word_1_460' title='bbox 3213 3171 3476 3226; x_wconf 71' lang='lat' dir='ltr'><strong>superatio</strong></span> 
     </span>
    </p>
   </div>
   <div class='ocr_carea' id='block_1_64' title="bbox 219 3248 1792 3319">
    <p class='ocr_par' dir='ltr' id='par_1_64' title="bbox 219 3248 1792 3319">
     <span class='ocr_line' id='line_1_64' title="bbox 219 3248 1792 3319; baseline 0 -16"><span class='ocrx_word' id='word_1_461' title='bbox 219 3253 317 3304; x_wconf 80' lang='grc' dir='ltr'>καὶ</span> <span class='ocrx_word' id='word_1_462' title='bbox 347 3251 446 3319; x_wconf 77' lang='grc' dir='ltr'>τὴν</span> <span class='ocrx_word' id='word_1_463' title='bbox 475 3250 564 3303; x_wconf 69' lang='grc' dir='ltr'><strong>διὰ</strong></span> <span class='ocrx_word' id='word_1_464' title='bbox 591 3250 775 3319; x_wconf 84' lang='grc' dir='ltr'>χειρὸς</span> <span class='ocrx_word' id='word_1_465' title='bbox 809 3248 1044 3318; x_wconf 81' lang='grc' dir='ltr'>ἔμφασιν</span> <span class='ocrx_word' id='word_1_466' title='bbox 1070 3248 1164 3301; x_wconf 83' lang='grc' dir='ltr'>τοῦ</span> <span class='ocrx_word' id='word_1_467' title='bbox 1196 3249 1340 3303; x_wconf 87' lang='grc' dir='ltr'><strong>κατά</strong></span> <span class='ocrx_word' id='word_1_468' title='bbox 1384 3249 1564 3319; x_wconf 57' lang='lat' dir='ltr'><strong>eum;</strong></span> <span class='ocrx_word' id='word_1_469' title='bbox 1594 3250 1753 3319; x_wconf 85' lang='grc' dir='ltr'>λόγου</span> <span class='ocrx_word' id='word_1_470' title='bbox 1777 3265 1792 3280; x_wconf 79' lang='grc'><strong>⁸</strong></span> 
     </span>
    </p>
   </div>
   <div class='ocr_carea' id='block_1_65' title="bbox 218 3338 1799 3410">
    <p class='ocr_par' dir='ltr' id='par_1_65' title="bbox 218 3338 1799 3410">
     <span class='ocr_line' id='line_1_65' title="bbox 218 3338 1799 3410; baseline 0 -17"><span class='ocrx_word' id='word_1_471' title='bbox 218 3344 318 3394; x_wconf 68' lang='grc' dir='ltr'>καὶ</span> <span class='ocrx_word' id='word_1_472' title='bbox 342 3340 675 3403; x_wconf 71' lang='grc' dir='ltr'>ἀπελύσατο,</span> <span class='ocrx_word' id='word_1_473' title='bbox 711 3338 808 3409; x_wconf 82' lang='grc' dir='ltr'>τὴν</span> <span class='ocrx_word' id='word_1_474' title='bbox 839 3338 947 3391; x_wconf 84' lang='grc' dir='ltr'>τῶν</span> <span class='ocrx_word' id='word_1_475' title='bbox 978 3338 1324 3408; x_wconf 80' lang='grc' dir='ltr'>προεχόντων</span> <span class='ocrx_word' id='word_1_476' title='bbox 1353 3338 1637 3410; x_wconf 88' lang='grc' dir='ltr'>ἀσταχύων</span> <span class='ocrx_word' id='word_1_477' title='bbox 1662 3341 1799 3394; x_wconf 86' lang='grc' dir='ltr'>ἀπο-</span> 
     </span>
    </p>
   </div>
   <div class='ocr_carea' id='block_1_66' title="bbox 216 3427 1798 3501">
    <p class='ocr_par' dir='ltr' id='par_1_66' title="bbox 216 3427 1798 3501">
     <span class='ocr_line' id='line_1_66' title="bbox 216 3427 1798 3501; baseline 0.001 -16"><span class='ocrx_word' id='word_1_478' title='bbox 216 3432 394 3501; x_wconf 74' lang='grc' dir='ltr'>τομὴν</span> <span class='ocrx_word' id='word_1_479' title='bbox 436 3431 677 3499; x_wconf 80' lang='grc' dir='ltr'>δίδαγμα</span> <span class='ocrx_word' id='word_1_480' title='bbox 707 3427 847 3483; x_wconf 81' lang='grc' dir='ltr'>εἶναι</span> <span class='ocrx_word' id='word_1_481' title='bbox 878 3431 973 3483; x_wconf 81' lang='grc' dir='ltr'>τοῦ</span> <span class='ocrx_word' id='word_1_482' title='bbox 1018 3429 1219 3500; x_wconf 77' lang='grc' dir='ltr'>χρῆναι</span> <span class='ocrx_word' id='word_1_483' title='bbox 1249 3430 1491 3485; x_wconf 78' lang='grc' dir='ltr'>κολούειν</span> <span class='ocrx_word' id='word_1_484' title='bbox 1523 3433 1653 3496; x_wconf 78' lang='grc' dir='ltr'>τοὺς</span> <span class='ocrx_word' id='word_1_485' title='bbox 1690 3432 1798 3485; x_wconf 84' lang='grc' dir='ltr'><strong>τῶν</strong></span> 
     </span>
    </p>
   </div>
   <div class='ocr_carea' id='block_1_67' title="bbox 218 3520 1799 3594">
    <p class='ocr_par' dir='ltr' id='par_1_67' title="bbox 218 3520 1799 3594">
     <span class='ocr_line' id='line_1_67' title="bbox 218 3520 1799 3594; baseline 0.001 -19"><span class='ocrx_word' id='word_1_486' title='bbox 218 3522 459 3576; x_wconf 82' lang='grc' dir='ltr'>πολιτῶν</span> <span class='ocrx_word' id='word_1_487' title='bbox 494 3524 574 3583; x_wconf 84' lang='grc' dir='ltr'><strong>εἰς</strong></span> <span class='ocrx_word' id='word_1_488' title='bbox 604 3520 805 3588; x_wconf 88' lang='grc' dir='ltr'>θράσος</span> <span class='ocrx_word' id='word_1_489' title='bbox 836 3520 1236 3591; x_wconf 75' lang='grc' dir='ltr'>ἐπαιρομένους</span> <span class='ocrx_word' id='word_1_490' title='bbox 1276 3522 1669 3594; x_wconf 62' lang='grc' dir='ltr'>ὑπερηφάνως,</span> <span class='ocrx_word' id='word_1_491' title='bbox 1706 3525 1799 3577; x_wconf 77' lang='grc' dir='ltr'>καὶ</span> 
     </span>
    </p>
   </div>
   <div class='ocr_carea' id='block_1_68' title="bbox 218 3612 1800 3681">
    <p class='ocr_par' dir='ltr' id='par_1_68' title="bbox 218 3612 1800 3681">
     <span class='ocr_line' id='line_1_68' title="bbox 218 3612 1800 3681; baseline 0 -13"><span class='ocrx_word' id='word_1_492' title='bbox 218 3615 391 3675; x_wconf 74' lang='grc' dir='ltr'>οὕτως</span> <span class='ocrx_word' id='word_1_493' title='bbox 427 3613 736 3681; x_wconf 67' lang='grc' dir='ltr'>ἐξέχοντας.</span> <span class='ocrx_word' id='word_1_494' title='bbox 767 3613 878 3666; x_wconf 73' lang='grc' dir='ltr'><strong>Καὶ</strong></span> <span class='ocrx_word' id='word_1_495' title='bbox 907 3612 1066 3665; x_wconf 83' lang='grc' dir='ltr'>τοῦτο</span> <span class='ocrx_word' id='word_1_496' title='bbox 1101 3613 1374 3680; x_wconf 83' lang='grc' dir='ltr'>διαγνοὺς,</span> <span class='ocrx_word' id='word_1_497' title='bbox 1404 3614 1499 3666; x_wconf 76' lang='grc' dir='ltr'>καὶ</span> <span class='ocrx_word' id='word_1_498' title='bbox 1522 3615 1644 3667; x_wconf 86' lang='grc' dir='ltr'>κατ’</span> <span class='ocrx_word' id='word_1_499' title='bbox 1668 3615 1800 3669; x_wconf 71' lang='grc' dir='ltr'>αὐτὸ</span> 
     </span>
    </p>
   </div>
   <div class='ocr_carea' id='block_1_69' title="bbox 223 3703 1797 3775">
    <p class='ocr_par' dir='ltr' id='par_1_69' title="bbox 223 3703 1797 3775">
     <span class='ocr_line' id='line_1_69' title="bbox 223 3703 1797 3775; baseline 0 -17"><span class='ocrx_word' id='word_1_500' title='bbox 223 3705 422 3768; x_wconf 83' lang='grc' dir='ltr'>ποιῶν,</span> <span class='ocrx_word' id='word_1_501' title='bbox 454 3703 636 3773; x_wconf 77' lang='grc' dir='ltr'>ἑαυτῷ</span> <span class='ocrx_word' id='word_1_502' title='bbox 669 3704 766 3773; x_wconf 77' lang='grc' dir='ltr'>τὴν</span> <span class='ocrx_word' id='word_1_503' title='bbox 798 3703 1079 3771; x_wconf 74' lang='grc' dir='ltr'>βασιλείαν</span> <span class='ocrx_word' id='word_1_504' title='bbox 1112 3704 1572 3773; x_wconf 67' lang='grc' dir='ltr'>κατησφα).ίζετο,</span> <span class='ocrx_word' id='word_1_505' title='bbox 1611 3706 1797 3775; x_wconf 87' lang='grc' dir='ltr'>μαθὼν</span> 
     </span>
    </p>
   </div>
   <div class='ocr_carea' id='block_1_70' title="bbox 220 3792 1796 3864">
    <p class='ocr_par' dir='ltr' id='par_1_70' title="bbox 220 3792 1796 3864">
     <span class='ocr_line' id='line_1_70' title="bbox 220 3792 1796 3864; baseline 0.001 -15"><span class='ocrx_word' id='word_1_506' title='bbox 220 3797 334 3850; x_wconf 65' lang='grc' dir='ltr'>οἱδ¹</span> <span class='ocrx_word' id='word_1_507' title='bbox 384 3795 548 3856; x_wconf 77' lang='grc' dir='ltr'>αὐτὸς</span> <span class='ocrx_word' id='word_1_508' title='bbox 598 3794 742 3864; x_wconf 85' lang='grc' dir='ltr'>λόγῳ</span> <span class='ocrx_word' id='word_1_509' title='bbox 765 3792 827 3847; x_wconf 88' lang='grc' dir='ltr'><strong>τδ</strong></span> <span class='ocrx_word' id='word_1_510' title='bbox 874 3793 1207 3862; x_wconf 80' lang='grc' dir='ltr'>ποθούμενον</span> <span class='ocrx_word' id='word_1_511' title='bbox 1262 3795 1627 3861; x_wconf 77' lang='grc' dir='ltr'>διδασκάλων,</span> <span class='ocrx_word' id='word_1_512' title='bbox 1681 3796 1796 3850; x_wconf 83' lang='grc' dir='ltr'>ἀλλ’</span> 
     </span>
    </p>
   </div>
   <div class='ocr_carea' id='block_1_71' title="bbox 220 3884 1179 3957">
    <p class='ocr_par' dir='ltr' id='par_1_71' title="bbox 220 3884 1179 3957">
     <span class='ocr_line' id='line_1_71' title="bbox 220 3884 1179 3957; baseline -0.001 -16"><span class='ocrx_word' id='word_1_513' title='bbox 220 3891 372 3957; x_wconf 84' lang='grc' dir='ltr'>εργῳ</span> <span class='ocrx_word' id='word_1_514' title='bbox 404 3886 483 3956; x_wconf 82' lang='grc' dir='ltr'>τῷ</span> <span class='ocrx_word' id='word_1_515' title='bbox 515 3886 605 3939; x_wconf 73' lang='grc' dir='ltr'>διὰ</span> <span class='ocrx_word' id='word_1_516' title='bbox 628 3885 952 3939; x_wconf 82' lang='grc' dir='ltr'>διδασκάλου</span> <span class='ocrx_word' id='word_1_517' title='bbox 989 3884 1179 3954; x_wconf 78' lang='grc' dir='ltr'>σοφοῦ.</span> 
     </span>
    </p>
   </div>
   <div class='ocr_carea' id='block_1_72' title="bbox 297 3977 1798 4050">
    <p class='ocr_par' dir='ltr' id='par_1_72' title="bbox 297 3977 1798 4050">
     <span class='ocr_line' id='line_1_72' title="bbox 297 3977 1798 4050; baseline 0.005 -19"><span class='ocrx_word' id='word_1_518' title='bbox 297 3980 385 4031; x_wconf 86' lang='grc' dir='ltr'>ιθ⁹.</span> <span class='ocrx_word' id='word_1_519' title='bbox 418 3977 630 4031; x_wconf 78' lang='grc' dir='ltr'>Οὐκοῦν</span> <span class='ocrx_word' id='word_1_520' title='bbox 664 3979 919 4048; x_wconf 67' lang='grc' dir='ltr'>φανερὸν,</span> <span class='ocrx_word' id='word_1_521' title='bbox 952 3979 1041 4032; x_wconf 85' lang='grc' dir='ltr'>ἵνα</span> <span class='ocrx_word' id='word_1_522' title='bbox 1080 3978 1155 4050; x_wconf 75' lang='grc' dir='ltr'>μὴ</span> <span class='ocrx_word' id='word_1_523' title='bbox 1187 3979 1356 4033; x_wconf 86' lang='grc' dir='ltr'>πλείω</span> <span class='ocrx_word' id='word_1_524' title='bbox 1396 3981 1455 4035; x_wconf 82' lang='grc' dir='ltr'>ἐν</span> <span class='ocrx_word' id='word_1_525' title='bbox 1483 3984 1597 4046; x_wconf 83' lang='grc' dir='ltr'>τοῖς</span> <span class='ocrx_word' id='word_1_526' title='bbox 1626 3984 1798 4038; x_wconf 84' lang='grc' dir='ltr'>τοιού-</span> 
     </span>
    </p>
   </div>
   <div class='ocr_carea' id='block_1_73' title="bbox 219 4067 1800 4141">
    <p class='ocr_par' dir='ltr' id='par_1_73' title="bbox 219 4067 1800 4141">
     <span class='ocr_line' id='line_1_73' title="bbox 219 4067 1800 4141; baseline -0.001 -19"><span class='ocrx_word' id='word_1_527' title='bbox 219 4086 339 4130; x_wconf 84' lang='grc' dir='ltr'>τοις</span> <span class='ocrx_word' id='word_1_528' title='bbox 394 4068 787 4138; x_wconf 72' lang='grc' dir='ltr'>διατρίϐωμεν,</span> <span class='ocrx_word' id='word_1_529' title='bbox 844 4067 918 4129; x_wconf 83' lang='grc' dir='ltr'>ὡς</span> <span class='ocrx_word' id='word_1_530' title='bbox 976 4068 1092 4120; x_wconf 81' lang='grc' dir='ltr'>ἐστι</span> <span class='ocrx_word' id='word_1_531' title='bbox 1149 4068 1493 4124; x_wconf 76' lang='grc' dir='ltr'>διδάσκεσθαι</span> <span class='ocrx_word' id='word_1_532' title='bbox 1550 4074 1700 4141; x_wconf 72' lang='grc' dir='ltr'>ἡμᾶς</span> <span class='ocrx_word' id='word_1_533' title='bbox 1731 4075 1800 4128; x_wconf 70' lang='grc' dir='ltr'>τὰ</span> 
     </span>
    </p>
   </div>
   <div class='ocr_carea' id='block_1_74' title="bbox 221 4154 1800 4226">
    <p class='ocr_par' dir='ltr' id='par_1_74' title="bbox 221 4154 1800 4226">
     <span class='ocr_line' id='line_1_74' title="bbox 221 4154 1800 4226; baseline -0.001 -14"><span class='ocrx_word' id='word_1_534' title='bbox 221 4156 388 4220; x_wconf 67' lang='grc' dir='ltr'>καλὰ,</span> <span class='ocrx_word' id='word_1_535' title='bbox 426 4159 522 4209; x_wconf 80' lang='grc' dir='ltr'>καὶ</span> <span class='ocrx_word' id='word_1_536' title='bbox 549 4157 637 4207; x_wconf 71' lang='grc' dir='ltr'>δῖε</span> <span class='ocrx_word' id='word_1_537' title='bbox 682 4154 948 4223; x_wconf 80' lang='grc' dir='ltr'>πράξεσιν</span> <span class='ocrx_word' id='word_1_538' title='bbox 981 4155 1257 4224; x_wconf 84' lang='grc' dir='ltr'>ὲναρὲτοις</span> <span class='ocrx_word' id='word_1_539' title='bbox 1303 4156 1669 4226; x_wconf 77' lang='grc' dir='ltr'>ὲμδλέπομεν,</span> <span class='ocrx_word' id='word_1_540' title='bbox 1706 4159 1800 4213; x_wconf 80' lang='grc' dir='ltr'>καὶ</span> 
     </span>
    </p>
   </div>
   <div class='ocr_carea' id='block_1_75' title="bbox 219 4245 1796 4319">
    <p class='ocr_par' dir='ltr' id='par_1_75' title="bbox 219 4245 1796 4319">
     <span class='ocr_line' id='line_1_75' title="bbox 219 4245 1796 4319; baseline -0.007 -7"><span class='ocrx_word' id='word_1_541' title='bbox 219 4250 300 4311; x_wconf 79' lang='grc' dir='ltr'><strong>ὡς</strong></span> <span class='ocrx_word' id='word_1_542' title='bbox 334 4247 628 4316; x_wconf 69' lang='grc' dir='ltr'>ἐγκωμίων</span> <span class='ocrx_word' id='word_1_543' title='bbox 656 4245 803 4312; x_wconf 77' lang='grc' dir='ltr'>ἄξιος</span> <span class='ocrx_word' id='word_1_544' title='bbox 836 4248 931 4300; x_wconf 72' lang='grc' dir='ltr'>καὶ</span> <span class='ocrx_word' id='word_1_545' title='bbox 958 4247 986 4299; x_wconf 86' lang='grc' dir='ltr'>ὁ</span> <span class='ocrx_word' id='word_1_546' title='bbox 1018 4245 1186 4298; x_wconf 85' lang='grc' dir='ltr'>ποιῶν</span> <span class='ocrx_word' id='word_1_547' title='bbox 1231 4247 1291 4298; x_wconf 86' lang='grc' dir='ltr'>τὸ</span> <span class='ocrx_word' id='word_1_548' title='bbox 1333 4248 1497 4301; x_wconf 73' lang='grc' dir='ltr'>καλὸν</span> <span class='ocrx_word' id='word_1_549' title='bbox 1540 4251 1796 4319; x_wconf 72' lang='grc' dir='ltr'>σιγηλιὶς,</span> 
     </span>
    </p>
   </div>
   <div class='ocr_carea' id='block_1_76' title="bbox 220 4344 1799 4418">
    <p class='ocr_par' dir='ltr' id='par_1_76' title="bbox 220 4344 1799 4418">
     <span class='ocr_line' id='line_1_76' title="bbox 220 4344 1799 4418; baseline -0.007 -15"><span class='ocrx_word' id='word_1_550' title='bbox 220 4350 321 4403; x_wconf 71' lang='grc' dir='ltr'>καὶ</span> <span class='ocrx_word' id='word_1_551' title='bbox 354 4347 639 4418; x_wconf 75' lang='grc' dir='ltr'>μονονουχὶ</span> <span class='ocrx_word' id='word_1_552' title='bbox 666 4346 724 4398; x_wconf 80' lang='grc' dir='ltr'>ἐν</span> <span class='ocrx_word' id='word_1_553' title='bbox 748 4345 826 4414; x_wconf 84' lang='grc' dir='ltr'>τῷ</span> <span class='ocrx_word' id='word_1_554' title='bbox 851 4344 1179 4415; x_wconf 75' lang='grc' dir='ltr'>ἐργάζεσθαι</span> <span class='ocrx_word' id='word_1_555' title='bbox 1235 4345 1409 4413; x_wconf 80' lang='grc' dir='ltr'>λέγων</span> <span class='ocrx_word' id='word_1_556' title='bbox 1450 4347 1564 4407; x_wconf 82' lang='grc' dir='ltr'>τοῖς</span> <span class='ocrx_word' id='word_1_557' title='bbox 1594 4347 1799 4415; x_wconf 74' lang='grc' dir='ltr'>θεωμὲ.</span> 
     </span>
    </p>
   </div>
   <div class='ocr_carea' id='block_1_77' title="bbox 221 4439 1799 4509">
    <p class='ocr_par' dir='ltr' id='par_1_77' title="bbox 221 4439 1799 4509">
     <span class='ocr_line' id='line_1_77' title="bbox 221 4439 1799 4509; baseline -0.001 -13"><span class='ocrx_word' id='word_1_558' title='bbox 221 4462 339 4506; x_wconf 83' lang='grc' dir='ltr'>νοις</span> <span class='ocrx_word' id='word_1_559' title='bbox 371 4444 433 4496; x_wconf 88' lang='grc' dir='ltr'><strong>τό</strong></span> <span class='ocrx_word' id='word_1_560' title='bbox 458 4460 471 4473; x_wconf 91' lang='grc'><strong>·</strong></span> <span class='ocrx_word' id='word_1_561' title='bbox 513 4461 531 4493; x_wconf 75' lang='grc' dir='ltr'><strong>ι</strong></span> <span class='ocrx_word' id='word_1_562' title='bbox 573 4444 664 4505; x_wconf 84' lang='grc' dir='ltr'>Ὠς</span> <span class='ocrx_word' id='word_1_563' title='bbox 700 4442 831 4509; x_wconf 78' lang='grc' dir='ltr'>ἐγὼ,</span> <span class='ocrx_word' id='word_1_564' title='bbox 863 4440 1009 4493; x_wconf 77' lang='grc' dir='ltr'>οὕτω</span> <span class='ocrx_word' id='word_1_565' title='bbox 1058 4439 1154 4493; x_wconf 74' lang='grc' dir='ltr'>καὶ</span> <span class='ocrx_word' id='word_1_566' title='bbox 1192 4441 1367 4509; x_wconf 78' lang='grc' dir='ltr'>ὑμεῖς.</span> <span class='ocrx_word' id='word_1_567' title='bbox 1406 4458 1425 4491; x_wconf 75' lang='grc' dir='ltr'><strong>ι</strong></span> <span class='ocrx_word' id='word_1_568' title='bbox 1460 4440 1615 4493; x_wconf 75' lang='grc' dir='ltr'>Οὕτω</span> <span class='ocrx_word' id='word_1_569' title='bbox 1656 4440 1799 4494; x_wconf 87' lang='grc' dir='ltr'><strong>κατά</strong></span> 
     </span>
    </p>
   </div>
   <div class='ocr_carea' id='block_1_78' title="bbox 1903 3245 3477 3313">
    <p class='ocr_par' dir='ltr' id='par_1_78' title="bbox 1903 3245 3477 3313">
     <span class='ocr_line' id='line_1_78' title="bbox 1903 3245 3477 3313; baseline 0.004 -16"><span class='ocrx_word' id='word_1_570' title='bbox 1903 3247 2038 3298; x_wconf 89' lang='lat' dir='ltr'><strong>timn</strong></span> <span class='ocrx_word' id='word_1_571' title='bbox 2104 3245 2382 3313; x_wconf 86' lang='lat' dir='ltr'><strong>spicarum</strong></span> <span class='ocrx_word' id='word_1_572' title='bbox 2438 3247 2832 3303; x_wconf 83' lang='lat' dir='ltr'><strong>abscissionem</strong></span> <span class='ocrx_word' id='word_1_573' title='bbox 2900 3249 3292 3303; x_wconf 87' lang='lat' dir='ltr'><strong>documentum</strong></span> <span class='ocrx_word' id='word_1_574' title='bbox 3353 3264 3477 3303; x_wconf 85' lang='lat' dir='ltr'><strong>esse</strong></span> 
     </span>
    </p>
   </div>
   <div class='ocr_carea' id='block_1_79' title="bbox 1903 3334 3474 3410">
    <p class='ocr_par' dir='ltr' id='par_1_79' title="bbox 1903 3334 3474 3410">
     <span class='ocr_line' id='line_1_79' title="bbox 1903 3334 3474 3410; baseline 0.004 -22"><span class='ocrx_word' id='word_1_575' title='bbox 1903 3334 1971 3388; x_wconf 89' lang='lat' dir='ltr'><strong>de</strong></span> <span class='ocrx_word' id='word_1_576' title='bbox 2004 3336 2336 3390; x_wconf 71' lang='lat' dir='ltr'><strong>nctessitate</strong></span> <span class='ocrx_word' id='word_1_577' title='bbox 2364 3351 2461 3390; x_wconf 87' lang='lat' dir='ltr'><strong>eos</strong></span> <span class='ocrx_word' id='word_1_578' title='bbox 2489 3352 2519 3391; x_wconf 89' lang='lat' dir='ltr'><strong>e</strong></span> <span class='ocrx_word' id='word_1_579' title='bbox 2544 3337 2723 3393; x_wconf 87' lang='lat' dir='ltr'><strong>medio</strong></span> <span class='ocrx_word' id='word_1_580' title='bbox 2752 3338 2978 3394; x_wconf 92' lang='lat' dir='ltr'><strong>tollendi</strong></span> <span class='ocrx_word' id='word_1_581' title='bbox 3021 3339 3116 3410; x_wconf 91' lang='lat' dir='ltr'><strong>qui</strong></span> <span class='ocrx_word' id='word_1_582' title='bbox 3151 3339 3295 3394; x_wconf 91' lang='lat' dir='ltr'><strong>inter</strong></span> <span class='ocrx_word' id='word_1_583' title='bbox 3323 3340 3474 3395; x_wconf 87' lang='lat' dir='ltr'><strong>cives</strong></span> 
     </span>
    </p>
   </div>
   <div class='ocr_carea' id='block_1_80' title="bbox 1906 3426 3475 3498">
    <p class='ocr_par' dir='ltr' id='par_1_80' title="bbox 1906 3426 3475 3498">
     <span class='ocr_line' id='line_1_80' title="bbox 1906 3426 3475 3498; baseline 0.004 -19"><span class='ocrx_word' id='word_1_584' title='bbox 1906 3427 1960 3479; x_wconf 91' lang='lat' dir='ltr'><strong>in</strong></span> <span class='ocrx_word' id='word_1_585' title='bbox 1999 3426 2228 3497; x_wconf 84' lang='lat' dir='ltr'><strong>majores</strong></span> <span class='ocrx_word' id='word_1_586' title='bbox 2256 3427 2407 3497; x_wconf 88' lang='lat' dir='ltr'><strong>justo</strong></span> <span class='ocrx_word' id='word_1_587' title='bbox 2467 3429 2693 3498; x_wconf 88' lang='lat' dir='ltr'><strong>spiritus</strong></span> <span class='ocrx_word' id='word_1_588' title='bbox 2751 3430 2955 3485; x_wconf 83' lang='lat' dir='ltr'><strong>sublati</strong></span> <span class='ocrx_word' id='word_1_589' title='bbox 3013 3431 3370 3487; x_wconf 77' lang='lat' dir='ltr'><strong>excedebant.</strong></span> <span class='ocrx_word' id='word_1_590' title='bbox 3410 3431 3475 3485; x_wconf 77' lang='lat' dir='ltr'><strong>Et</strong></span> 
     </span>
    </p>
   </div>
   <div class='ocr_carea' id='block_1_81' title="bbox 1906 3519 3476 3593">
    <p class='ocr_par' dir='ltr' id='par_1_81' title="bbox 1906 3519 3476 3593">
     <span class='ocr_line' id='line_1_81' title="bbox 1906 3519 3476 3593; baseline 0.003 -21"><span class='ocrx_word' id='word_1_591' title='bbox 1906 3519 2010 3572; x_wconf 79' lang='lat' dir='ltr'><strong>hoc</strong></span> <span class='ocrx_word' id='word_1_592' title='bbox 2056 3519 2240 3589; x_wconf 88' lang='lat' dir='ltr'><strong>agnito</strong></span> <span class='ocrx_word' id='word_1_593' title='bbox 2282 3530 2338 3573; x_wconf 89' lang='lat' dir='ltr'><strong>et</strong></span> <span class='ocrx_word' id='word_1_594' title='bbox 2377 3534 2436 3574; x_wconf 88' lang='lat' dir='ltr'><strong>re</strong></span> <span class='ocrx_word' id='word_1_595' title='bbox 2477 3536 2603 3574; x_wconf 84' lang='lat' dir='ltr'><strong>vera</strong></span> <span class='ocrx_word' id='word_1_596' title='bbox 2652 3519 2823 3586; x_wconf 89' lang='lat' dir='ltr'><strong>facto,</strong></span> <span class='ocrx_word' id='word_1_597' title='bbox 2865 3521 2970 3575; x_wconf 90' lang='lat' dir='ltr'><strong>sibi</strong></span> <span class='ocrx_word' id='word_1_598' title='bbox 3001 3536 3232 3593; x_wconf 83' lang='lat' dir='ltr'><strong>regnum</strong></span> <span class='ocrx_word' id='word_1_599' title='bbox 3269 3523 3321 3577; x_wconf 91' lang='lat' dir='ltr'><strong>in</strong></span> <span class='ocrx_word' id='word_1_600' title='bbox 3360 3532 3476 3577; x_wconf 91' lang='lat' dir='ltr'><strong>tnto</strong></span> 
     </span>
    </p>
   </div>
   <div class='ocr_carea' id='block_1_82' title="bbox 1905 3609 3477 3678">
    <p class='ocr_par' dir='ltr' id='par_1_82' title="bbox 1905 3609 3477 3678">
     <span class='ocr_line' id='line_1_82' title="bbox 1905 3609 3477 3678; baseline 0.004 -18"><span class='ocrx_word' id='word_1_601' title='bbox 1905 3609 2110 3677; x_wconf 85' lang='lat' dir='ltr'><strong>posuit,</strong></span> <span class='ocrx_word' id='word_1_602' title='bbox 2142 3625 2248 3662; x_wconf 91' lang='lat' dir='ltr'><strong>non</strong></span> <span class='ocrx_word' id='word_1_603' title='bbox 2277 3609 2395 3678; x_wconf 92' lang='lat' dir='ltr'><strong>ipse</strong></span> <span class='ocrx_word' id='word_1_604' title='bbox 2427 3610 2599 3664; x_wconf 88' lang='lat' dir='ltr'><strong>verbo</strong></span> <span class='ocrx_word' id='word_1_605' title='bbox 2639 3619 2837 3666; x_wconf 89' lang='lat' dir='ltr'><strong>nactus</strong></span> <span class='ocrx_word' id='word_1_606' title='bbox 2870 3609 3237 3668; x_wconf 82' lang='lat' dir='ltr'><strong>desideratam</strong></span> <span class='ocrx_word' id='word_1_607' title='bbox 3268 3613 3477 3669; x_wconf 81' lang='lat' dir='ltr'><strong>doctri-</strong></span> 
     </span>
    </p>
   </div>
   <div class='ocr_carea' id='block_1_83' title="bbox 1905 3701 3046 3779">
    <p class='ocr_par' dir='ltr' id='par_1_83' title="bbox 1905 3701 3046 3779">
     <span class='ocr_line' id='line_1_83' title="bbox 1905 3701 3046 3779; baseline 0.008 -28"><span class='ocrx_word' id='word_1_608' title='bbox 1905 3715 2053 3763; x_wconf 84' lang='lat' dir='ltr'><strong>nam,</strong></span> <span class='ocrx_word' id='word_1_609' title='bbox 2085 3701 2180 3753; x_wconf 88' lang='lat' dir='ltr'><strong>sed</strong></span> <span class='ocrx_word' id='word_1_610' title='bbox 2207 3702 2471 3769; x_wconf 87' lang='lat' dir='ltr'><strong>sapientis</strong></span> <span class='ocrx_word' id='word_1_611' title='bbox 2495 3704 2745 3775; x_wconf 79' lang='lat' dir='ltr'><strong>exemplo</strong></span> <span class='ocrx_word' id='word_1_612' title='bbox 2775 3703 3046 3779; x_wconf 77' lang='lat' dir='ltr'><strong>magistri.</strong></span> 
     </span>
    </p>
   </div>
   <div class='ocr_carea' id='block_1_84' title="bbox 1979 3974 3474 4045">
    <p class='ocr_par' dir='ltr' id='par_1_84' title="bbox 1979 3974 3474 4045">
     <span class='ocr_line' id='line_1_84' title="bbox 1979 3974 3474 4045; baseline 0.007 -16"><span class='ocrx_word' id='word_1_613' title='bbox 1979 3976 2066 4031; x_wconf 79' lang='grc'><strong>19.</strong></span> <span class='ocrx_word' id='word_1_614' title='bbox 2101 3974 2289 4045; x_wconf 86' lang='lat' dir='ltr'><strong>Itaque</strong></span> <span class='ocrx_word' id='word_1_615' title='bbox 2322 3977 2680 4033; x_wconf 90' lang='lat' dir='ltr'><strong>manifestum</strong></span> <span class='ocrx_word' id='word_1_616' title='bbox 2713 3987 2821 4044; x_wconf 90' lang='lat' dir='ltr'><strong>est,</strong></span> <span class='ocrx_word' id='word_1_617' title='bbox 2874 3990 2934 4035; x_wconf 90' lang='lat' dir='ltr'><strong>ut</strong></span> <span class='ocrx_word' id='word_1_618' title='bbox 2966 3981 3025 4035; x_wconf 85' lang='lat' dir='ltr'><strong>in</strong></span> <span class='ocrx_word' id='word_1_619' title='bbox 3060 3981 3146 4036; x_wconf 84' lang='lat' dir='ltr'><strong>liis</strong></span> <span class='ocrx_word' id='word_1_620' title='bbox 3189 3998 3297 4037; x_wconf 85' lang='lat' dir='ltr'><strong>non</strong></span> <span class='ocrx_word' id='word_1_621' title='bbox 3350 3984 3474 4039; x_wconf 87' lang='lat' dir='ltr'><strong>lon-</strong></span> 
     </span>
    </p>
   </div>
   <div class='ocr_carea' id='block_1_85' title="bbox 1907 4067 3472 4139">
    <p class='ocr_par' dir='ltr' id='par_1_85' title="bbox 1907 4067 3472 4139">
     <span class='ocr_line' id='line_1_85' title="bbox 1907 4067 3472 4139; baseline 0.005 -18"><span class='ocrx_word' id='word_1_622' title='bbox 1907 4067 2029 4137; x_wconf 83' lang='lat' dir='ltr'><strong>gius</strong></span> <span class='ocrx_word' id='word_1_623' title='bbox 2052 4069 2433 4133; x_wconf 80' lang='lat' dir='ltr'><strong>immoremur,</strong></span> <span class='ocrx_word' id='word_1_624' title='bbox 2458 4085 2560 4125; x_wconf 90' lang='lat' dir='ltr'><strong>nos</strong></span> <span class='ocrx_word' id='word_1_625' title='bbox 2584 4084 2745 4139; x_wconf 85' lang='lat' dir='ltr'><strong>posse</strong></span> <span class='ocrx_word' id='word_1_626' title='bbox 2769 4071 2911 4125; x_wconf 89' lang='lat' dir='ltr'><strong>bona</strong></span> <span class='ocrx_word' id='word_1_627' title='bbox 2943 4072 3130 4127; x_wconf 79' lang='lat' dir='ltr'><strong>doceri</strong></span> <span class='ocrx_word' id='word_1_628' title='bbox 3154 4074 3318 4128; x_wconf 88' lang='lat' dir='ltr'><strong>etiam</strong></span> <span class='ocrx_word' id='word_1_629' title='bbox 3347 4092 3472 4129; x_wconf 85' lang='lat' dir='ltr'><strong>eum</strong></span> 
     </span>
    </p>
   </div>
   <div class='ocr_carea' id='block_1_86' title="bbox 1908 4156 3478 4226">
    <p class='ocr_par' dir='ltr' id='par_1_86' title="bbox 1908 4156 3478 4226">
     <span class='ocr_line' id='line_1_86' title="bbox 1908 4156 3478 4226; baseline 0.006 -17"><span class='ocrx_word' id='word_1_630' title='bbox 1908 4156 2209 4213; x_wconf 83' lang='lat' dir='ltr'><strong>laudabiles</strong></span> <span class='ocrx_word' id='word_1_631' title='bbox 2270 4158 2550 4212; x_wconf 87' lang='lat' dir='ltr'><strong>intuemur</strong></span> <span class='ocrx_word' id='word_1_632' title='bbox 2604 4158 2873 4226; x_wconf 87' lang='lat' dir='ltr'><strong>actiones,</strong></span> <span class='ocrx_word' id='word_1_633' title='bbox 2930 4168 2986 4216; x_wconf 83' lang='lat' dir='ltr'><strong>et</strong></span> <span class='ocrx_word' id='word_1_634' title='bbox 3043 4162 3300 4218; x_wconf 84' lang='lat' dir='ltr'><strong>laudibus</strong></span> <span class='ocrx_word' id='word_1_635' title='bbox 3354 4178 3478 4219; x_wconf 86' lang='lat' dir='ltr'><strong>esse</strong></span> 
     </span>
    </p>
   </div>
   <div class='ocr_carea' id='block_1_87' title="bbox 1907 4247 3478 4323">
    <p class='ocr_par' dir='ltr' id='par_1_87' title="bbox 1907 4247 3478 4323">
     <span class='ocr_line' id='line_1_87' title="bbox 1907 4247 3478 4323; baseline 0.004 -21"><span class='ocrx_word' id='word_1_636' title='bbox 1907 4248 2130 4317; x_wconf 88' lang='lat' dir='ltr'><strong>dignum</strong></span> <span class='ocrx_word' id='word_1_637' title='bbox 2181 4251 2345 4301; x_wconf 88' lang='lat' dir='ltr'><strong>etiam</strong></span> <span class='ocrx_word' id='word_1_638' title='bbox 2398 4247 2490 4317; x_wconf 89' lang='lat' dir='ltr'><strong>qui</strong></span> <span class='ocrx_word' id='word_1_639' title='bbox 2524 4248 2754 4303; x_wconf 89' lang='lat' dir='ltr'><strong>silenter</strong></span> <span class='ocrx_word' id='word_1_640' title='bbox 2808 4258 2861 4304; x_wconf 92' lang='lat' dir='ltr'><strong>et</strong></span> <span class='ocrx_word' id='word_1_641' title='bbox 2896 4251 3145 4306; x_wconf 84' lang='lat' dir='ltr'><strong>solitarie</strong></span> <span class='ocrx_word' id='word_1_642' title='bbox 3196 4256 3478 4323; x_wconf 81' lang='lat' dir='ltr'><strong>Operando</strong></span> 
     </span>
    </p>
   </div>
   <div class='ocr_carea' id='block_1_88' title="bbox 1906 4338 3476 4409">
    <p class='ocr_par' dir='ltr' id='par_1_88' title="bbox 1906 4338 3476 4409">
     <span class='ocr_line' id='line_1_88' title="bbox 1906 4338 3476 4409; baseline 0.004 -16"><span class='ocrx_word' id='word_1_643' title='bbox 1906 4340 2107 4393; x_wconf 88' lang='lat' dir='ltr'><strong>bonum</strong></span> <span class='ocrx_word' id='word_1_644' title='bbox 2136 4338 2268 4406; x_wconf 84' lang='lat' dir='ltr'><strong>agit,</strong></span> <span class='ocrx_word' id='word_1_645' title='bbox 2297 4338 2487 4393; x_wconf 83' lang='lat' dir='ltr'><strong>dicens</strong></span> <span class='ocrx_word' id='word_1_646' title='bbox 2510 4341 3012 4409; x_wconf 87' lang='lat' dir='ltr'><strong>contemplantibus</strong></span> <span class='ocrx_word' id='word_1_647' title='bbox 3049 4343 3233 4399; x_wconf 88' lang='lat' dir='ltr'><strong>istud:</strong></span> <span class='ocrx_word' id='word_1_648' title='bbox 3269 4363 3290 4395; x_wconf 79' lang='grc' dir='ltr'><strong>ι</strong></span> <span class='ocrx_word' id='word_1_649' title='bbox 3320 4342 3476 4399; x_wconf 75' lang='lat' dir='ltr'><strong>Sicut</strong></span> 
     </span>
    </p>
   </div>
   <div class='ocr_carea' id='block_1_89' title="bbox 1906 4430 3473 4506">
    <p class='ocr_par' dir='ltr' id='par_1_89' title="bbox 1906 4430 3473 4506">
     <span class='ocr_line' id='line_1_89' title="bbox 1906 4430 3473 4506; baseline 0.004 -22"><span class='ocrx_word' id='word_1_650' title='bbox 1906 4446 2029 4499; x_wconf 85' lang='lat' dir='ltr'><strong>ego,</strong></span> <span class='ocrx_word' id='word_1_651' title='bbox 2062 4431 2138 4485; x_wconf 85' lang='lat' dir='ltr'><strong>ita</strong></span> <span class='ocrx_word' id='word_1_652' title='bbox 2171 4438 2226 4485; x_wconf 92' lang='lat' dir='ltr'><strong>et</strong></span> <span class='ocrx_word' id='word_1_653' title='bbox 2261 4444 2375 4484; x_wconf 84' lang='lat' dir='ltr'><strong>vos.</strong></span> <span class='ocrx_word' id='word_1_654' title='bbox 2412 4449 2432 4482; x_wconf 77' lang='grc' dir='ltr'><strong>ι</strong></span> <span class='ocrx_word' id='word_1_655' title='bbox 2484 4430 2575 4485; x_wconf 87' lang='lat' dir='ltr'><strong>Sic</strong></span> <span class='ocrx_word' id='word_1_656' title='bbox 2606 4430 2761 4499; x_wconf 79' lang='lat' dir='ltr'><strong>juxta</strong></span> <span class='ocrx_word' id='word_1_657' title='bbox 2818 4441 3068 4489; x_wconf 88' lang='lat' dir='ltr'><strong>sanctum</strong></span> <span class='ocrx_word' id='word_1_658' title='bbox 3121 4434 3473 4506; x_wconf 84' lang='lat' dir='ltr'><strong>Evangelinm</strong></span> 
     </span>
    </p>
   </div>
   <div class='ocr_carea' id='block_1_90' title="bbox 220 4523 1797 4601">
    <p class='ocr_par' dir='ltr' id='par_1_90' title="bbox 220 4528 1794 4601">
     <span class='ocr_line' id='line_1_90' title="bbox 220 4528 1794 4601; baseline -0.004 -11"><span class='ocrx_word' id='word_1_659' title='bbox 220 4538 285 4590; x_wconf 80' lang='grc' dir='ltr'>τὸ</span> <span class='ocrx_word' id='word_1_660' title='bbox 329 4535 489 4601; x_wconf 82' lang='grc' dir='ltr'>ᾰγιον</span> <span class='ocrx_word' id='word_1_661' title='bbox 519 4532 847 4600; x_wconf 81' lang='grc' dir='ltr'>Εύαγγέλιον</span> <span class='ocrx_word' id='word_1_662' title='bbox 883 4531 934 4583; x_wconf 84' lang='lat' dir='ltr'><strong>ot</strong></span> <span class='ocrx_word' id='word_1_663' title='bbox 971 4529 1259 4597; x_wconf 75' lang='grc' dir='ltr'>βλέποντες</span> <span class='ocrx_word' id='word_1_664' title='bbox 1292 4529 1363 4581; x_wconf 76' lang='grc' dir='ltr'><strong>τὰ</strong></span> <span class='ocrx_word' id='word_1_665' title='bbox 1409 4528 1467 4581; x_wconf 79' lang='grc' dir='ltr'>ἐν</span> <span class='ocrx_word' id='word_1_666' title='bbox 1498 4547 1607 4583; x_wconf 91' lang='grc' dir='ltr'>τισι</span> <span class='ocrx_word' id='word_1_667' title='bbox 1654 4530 1794 4585; x_wconf 90' lang='grc' dir='ltr'><strong>καλά</strong></span> 
     </span>
    </p>
   </div>
   <div class='ocr_carea' id='block_1_91' title="bbox 1892 4523 3475 4601">
    <p class='ocr_par' dir='ltr' id='par_1_91' title="bbox 1900 4523 3475 4596">
     <span class='ocr_line' id='line_1_91' title="bbox 1900 4523 3475 4596; baseline 0.004 -19"><span class='ocrx_word' id='word_1_668' title='bbox 1900 4525 1996 4593; x_wconf 90' lang='lat' dir='ltr'><strong>qui</strong></span> <span class='ocrx_word' id='word_1_669' title='bbox 2044 4523 2227 4577; x_wconf 89' lang='lat' dir='ltr'><strong>vident</strong></span> <span class='ocrx_word' id='word_1_670' title='bbox 2285 4523 2339 4577; x_wconf 87' lang='lat' dir='ltr'><strong>in</strong></span> <span class='ocrx_word' id='word_1_671' title='bbox 2399 4524 2673 4593; x_wconf 86' lang='lat' dir='ltr'><strong>aliquibus</strong></span> <span class='ocrx_word' id='word_1_672' title='bbox 2731 4538 2896 4594; x_wconf 86' lang='lat' dir='ltr'><strong>opera</strong></span> <span class='ocrx_word' id='word_1_673' title='bbox 2954 4526 3095 4580; x_wconf 85' lang='lat' dir='ltr'><strong>bona</strong></span> <span class='ocrx_word' id='word_1_674' title='bbox 3162 4528 3475 4596; x_wconf 76' lang='lat' dir='ltr'><strong>glorificant</strong></span> 
     </span>
    </p>
   </div>
   <div class='ocr_carea' id='block_1_92' title="bbox 221 4618 1801 4695">
    <p class='ocr_par' dir='ltr' id='par_1_92' title="bbox 221 4618 1801 4695">
     <span class='ocr_line' id='line_1_92' title="bbox 221 4618 1801 4695; baseline -0.003 -16"><span class='ocrx_word' id='word_1_675' title='bbox 221 4631 366 4695; x_wconf 74' lang='grc' dir='ltr'>ἔργα</span> <span class='ocrx_word' id='word_1_676' title='bbox 395 4624 682 4687; x_wconf 73' lang='grc' dir='ltr'>δοξάζουσι</span> <span class='ocrx_word' id='word_1_677' title='bbox 709 4621 802 4672; x_wconf 86' lang='grc' dir='ltr'>τὸν</span> <span class='ocrx_word' id='word_1_678' title='bbox 833 4620 967 4672; x_wconf 86' lang='grc' dir='ltr'>Θεόν</span> <span class='ocrx_word' id='word_1_679' title='bbox 986 4636 1002 4652; x_wconf 76' lang='grc' dir='ltr'><strong>ο</strong></span> <span class='ocrx_word' id='word_1_680' title='bbox 1039 4620 1133 4672; x_wconf 80' lang='grc' dir='ltr'>καὶ</span> <span class='ocrx_word' id='word_1_681' title='bbox 1170 4618 1313 4671; x_wconf 75' lang='grc' dir='ltr'>οὕτω</span> <span class='ocrx_word' id='word_1_682' title='bbox 1342 4620 1547 4681; x_wconf 69' lang='grc' dir='ltr'>λάμπει</span> <span class='ocrx_word' id='word_1_683' title='bbox 1581 4622 1641 4674; x_wconf 86' lang='grc' dir='ltr'>τὺ</span> <span class='ocrx_word' id='word_1_684' title='bbox 1666 4624 1801 4676; x_wconf 78' lang='grc' dir='ltr'>ἀπο-</span> 
     </span>
    </p>
   </div>
   <div class='ocr_carea' id='block_1_93' title="bbox 221 4711 1801 4785">
    <p class='ocr_par' dir='ltr' id='par_1_93' title="bbox 221 4711 1801 4785">
     <span class='ocr_line' id='line_1_93' title="bbox 221 4711 1801 4785; baseline -0.005 -11"><span class='ocrx_word' id='word_1_685' title='bbox 221 4719 477 4774; x_wconf 77' lang='grc' dir='ltr'>στολικδν</span> <span class='ocrx_word' id='word_1_686' title='bbox 502 4716 615 4785; x_wconf 81' lang='grc' dir='ltr'>φῶς</span> <span class='ocrx_word' id='word_1_687' title='bbox 642 4716 873 4769; x_wconf 78' lang='grc' dir='ltr'>ἐνώπιον</span> <span class='ocrx_word' id='word_1_688' title='bbox 899 4715 1011 4766; x_wconf 83' lang='grc' dir='ltr'>τῶν</span> <span class='ocrx_word' id='word_1_689' title='bbox 1053 4711 1376 4782; x_wconf 75' lang='grc' dir='ltr'>ἀνθρώπων,</span> <span class='ocrx_word' id='word_1_690' title='bbox 1408 4713 1586 4783; x_wconf 75' lang='grc' dir='ltr'>ἔργων</span> <span class='ocrx_word' id='word_1_691' title='bbox 1618 4715 1801 4769; x_wconf 86' lang='grc' dir='ltr'>καλῶν</span> 
     </span>
    </p>
   </div>
   <div class='ocr_carea' id='block_1_94' title="bbox 219 4803 1799 4877">
    <p class='ocr_par' dir='ltr' id='par_1_94' title="bbox 219 4803 1799 4877">
     <span class='ocr_line' id='line_1_94' title="bbox 219 4803 1799 4877; baseline -0.005 -13"><span class='ocrx_word' id='word_1_692' title='bbox 219 4810 659 4867; x_wconf 68' lang='grc' dir='ltr'>ὑπαναπτόντων</span> <span class='ocrx_word' id='word_1_693' title='bbox 711 4807 807 4859; x_wconf 74' lang='grc' dir='ltr'>καὶ</span> <span class='ocrx_word' id='word_1_694' title='bbox 856 4804 1226 4873; x_wconf 62' lang='grc' dir='ltr'>ἑκφαινόντων</span> <span class='ocrx_word' id='word_1_695' title='bbox 1270 4803 1368 4877; x_wconf 81' lang='grc' dir='ltr'>τὴν</span> <span class='ocrx_word' id='word_1_696' title='bbox 1418 4803 1676 4873; x_wconf 82' lang='grc' dir='ltr'>λαμπάδα</span> <span class='ocrx_word' id='word_1_697' title='bbox 1705 4804 1799 4857; x_wconf 78' lang='grc' dir='ltr'><strong>τοῦ</strong></span> 
     </span>
    </p>
   </div>
   <div class='ocr_carea' id='block_1_95' title="bbox 217 4895 1798 4969">
    <p class='ocr_par' dir='ltr' id='par_1_95' title="bbox 217 4895 1798 4969">
     <span class='ocr_line' id='line_1_95' title="bbox 217 4895 1798 4969; baseline -0.004 -14"><span class='ocrx_word' id='word_1_698' title='bbox 217 4902 471 4956; x_wconf 83' lang='grc' dir='ltr'>τοιούτου</span> <span class='ocrx_word' id='word_1_699' title='bbox 505 4901 706 4969; x_wconf 84' lang='grc' dir='ltr'>φωτός.</span> <span class='ocrx_word' id='word_1_700' title='bbox 738 4895 1290 4968; x_wconf 84' lang='grc' dir='ltr'>Προσενθυμηθῶμεν</span> <span class='ocrx_word' id='word_1_701' title='bbox 1319 4895 1551 4949; x_wconf 79' lang='grc' dir='ltr'>ἐνταῦθα</span> <span class='ocrx_word' id='word_1_702' title='bbox 1583 4898 1798 4961; x_wconf 81' lang='grc' dir='ltr'>καὶτὰς</span> 
     </span>
    </p>
   </div>
   <div class='ocr_carea' id='block_1_96' title="bbox 221 4981 1799 5065">
    <p class='ocr_par' dir='ltr' id='par_1_96' title="bbox 221 4981 1799 5065">
     <span class='ocr_line' id='line_1_96' title="bbox 221 4981 1799 5065; baseline -0.005 -17"><span class='ocrx_word' id='word_1_703' title='bbox 221 4996 378 5065; x_wconf 65' lang='grc' dir='ltr'>ἱεράς</span> <span class='ocrx_word' id='word_1_704' title='bbox 415 4990 863 5059; x_wconf 76' lang='grc' dir='ltr'>εἰκονογραφίας,</span> <span class='ocrx_word' id='word_1_705' title='bbox 908 4988 968 5054; x_wconf 79' lang='grc' dir='ltr'>ἐξ</span> <span class='ocrx_word' id='word_1_706' title='bbox 1001 4981 1075 5042; x_wconf 84' lang='grc' dir='ltr'>ὧν</span> <span class='ocrx_word' id='word_1_707' title='bbox 1103 4987 1198 5040; x_wconf 75' lang='grc' dir='ltr'>καὶ</span> <span class='ocrx_word' id='word_1_708' title='bbox 1236 4987 1418 5041; x_wconf 78' lang='grc' dir='ltr'>αὐτῶν</span> <span class='ocrx_word' id='word_1_709' title='bbox 1450 4986 1619 5040; x_wconf 75' lang='grc' dir='ltr'>πολλὰ</span> <span class='ocrx_word' id='word_1_710' title='bbox 1668 5006 1799 5058; x_wconf 63' lang='grc' dir='ltr'>μανι</span> 
     </span>
    </p>
   </div>
   <div class='ocr_carea' id='block_1_97' title="bbox 220 5076 1798 5155">
    <p class='ocr_par' dir='ltr' id='par_1_97' title="bbox 220 5076 1798 5155">
     <span class='ocr_line' id='line_1_97' title="bbox 220 5076 1798 5155; baseline -0.005 -14"><span class='ocrx_word' id='word_1_711' title='bbox 220 5091 462 5155; x_wconf 69' lang='grc' dir='ltr'>θάνσμεν</span> <span class='ocrx_word' id='word_1_712' title='bbox 513 5084 574 5137; x_wconf 85' lang='grc' dir='ltr'><strong>ού</strong></span> <span class='ocrx_word' id='word_1_713' title='bbox 604 5084 834 5146; x_wconf 87' lang='grc' dir='ltr'>λαλιαῑς,</span> <span class='ocrx_word' id='word_1_714' title='bbox 870 5080 1206 5151; x_wconf 82' lang='grc' dir='ltr'>ἀναμνήσεσι</span> <span class='ocrx_word' id='word_1_715' title='bbox 1253 5079 1309 5132; x_wconf 77' lang='grc' dir='ltr'>δὲ</span> <span class='ocrx_word' id='word_1_716' title='bbox 1342 5083 1450 5134; x_wconf 82' lang='grc' dir='ltr'>τῶν</span> <span class='ocrx_word' id='word_1_717' title='bbox 1493 5081 1690 5151; x_wconf 76' lang='grc' dir='ltr'>ἔργων,</span> <span class='ocrx_word' id='word_1_718' title='bbox 1723 5076 1798 5133; x_wconf 82' lang='grc' dir='ltr'>ὧν</span> 
     </span>
    </p>
   </div>
   <div class='ocr_carea' id='block_1_98' title="bbox 224 5171 1631 5246">
    <p class='ocr_par' dir='ltr' id='par_1_98' title="bbox 224 5171 1631 5246">
     <span class='ocr_line' id='line_1_98' title="bbox 224 5171 1631 5246; baseline -0.003 -16"><span class='ocrx_word' id='word_1_719' title='bbox 224 5178 370 5231; x_wconf 80' lang='grc' dir='ltr'>κατὰ</span> <span class='ocrx_word' id='word_1_720' title='bbox 406 5176 539 5229; x_wconf 73' lang='grc' dir='ltr'>Θεὸν</span> <span class='ocrx_word' id='word_1_721' title='bbox 566 5175 813 5246; x_wconf 76' lang='grc' dir='ltr'>ἔπραξαν</span> <span class='ocrx_word' id='word_1_722' title='bbox 844 5174 893 5225; x_wconf 89' lang='grc' dir='ltr'>οἱ</span> <span class='ocrx_word' id='word_1_723' title='bbox 923 5172 1032 5224; x_wconf 86' lang='grc' dir='ltr'><strong>τῶν</strong></span> <span class='ocrx_word' id='word_1_724' title='bbox 1064 5171 1289 5224; x_wconf 85' lang='grc' dir='ltr'>εἰκόνων</span> <span class='ocrx_word' id='word_1_725' title='bbox 1315 5172 1631 5241; x_wconf 81' lang='grc' dir='ltr'>ἀρχέτυποι.</span> 
     </span>
    </p>
   </div>
   <div class='ocr_carea' id='block_1_99' title="bbox 299 5262 1800 5333">
    <p class='ocr_par' dir='ltr' id='par_1_99' title="bbox 299 5262 1800 5333">
     <span class='ocr_line' id='line_1_99' title="bbox 299 5262 1800 5333; baseline -0.003 -12"><span class='ocrx_word' id='word_1_726' title='bbox 299 5276 370 5322; x_wconf 83' lang='grc' dir='ltr'><strong>κ’.</strong></span> <span class='ocrx_word' id='word_1_727' title='bbox 402 5266 622 5319; x_wconf 80' lang='grc' dir='ltr'>Τούτων</span> <span class='ocrx_word' id='word_1_728' title='bbox 663 5265 720 5317; x_wconf 82' lang='grc' dir='ltr'>δὲ</span> <span class='ocrx_word' id='word_1_729' title='bbox 745 5263 891 5317; x_wconf 73' lang='grc' dir='ltr'>οὕτω</span> <span class='ocrx_word' id='word_1_730' title='bbox 917 5262 1374 5332; x_wconf 76' lang='grc' dir='ltr'>τεθεωρημένων,</span> <span class='ocrx_word' id='word_1_731' title='bbox 1412 5263 1551 5316; x_wconf 84' lang='grc' dir='ltr'>ἰτέον</span> <span class='ocrx_word' id='word_1_732' title='bbox 1575 5264 1679 5333; x_wconf 62' lang='grc' dir='ltr'><strong>⁸ἐστὶ</strong></span> <span class='ocrx_word' id='word_1_733' title='bbox 1708 5264 1800 5317; x_wconf 67' lang='grc' dir='ltr'>τὸν</span> 
     </span>
    </p>
   </div>
   <div class='ocr_carea' id='block_1_100' title="bbox 225 5354 1801 5423">
    <p class='ocr_par' dir='ltr' id='par_1_100' title="bbox 225 5354 1801 5423">
     <span class='ocr_line' id='line_1_100' title="bbox 225 5354 1801 5423; baseline -0.003 -10"><span class='ocrx_word' id='word_1_734' title='bbox 225 5361 530 5420; x_wconf 74' lang='grc' dir='ltr'>ποιοῦντα,</span> <span class='ocrx_word' id='word_1_735' title='bbox 584 5357 674 5410; x_wconf 70' lang='grc' dir='ltr'>ναὶ</span> <span class='ocrx_word' id='word_1_736' title='bbox 717 5355 776 5408; x_wconf 74' lang='grc' dir='ltr'>δὲ</span> <span class='ocrx_word' id='word_1_737' title='bbox 833 5356 929 5407; x_wconf 76' lang='grc' dir='ltr'><strong>καὶ</strong></span> <span class='ocrx_word' id='word_1_738' title='bbox 987 5354 1324 5407; x_wconf 84' lang='grc' dir='ltr'>διδάσκοντα.</span> <span class='ocrx_word' id='word_1_739' title='bbox 1363 5355 1565 5423; x_wconf 81' lang='grc' dir='ltr'>Ἕργου</span> <span class='ocrx_word' id='word_1_740' title='bbox 1621 5354 1801 5409; x_wconf 81' lang='grc' dir='ltr'>ἐκεῖνο</span> 
     </span>
    </p>
   </div>
   <div class='ocr_carea' id='block_1_101' title="bbox 225 5442 1800 5515">
    <p class='ocr_par' dir='ltr' id='par_1_101' title="bbox 225 5442 1800 5515">
     <span class='ocr_line' id='line_1_101' title="bbox 225 5442 1800 5515; baseline -0.003 -11"><span class='ocrx_word' id='word_1_741' title='bbox 225 5447 540 5511; x_wconf 70' lang='grc' dir='ltr'>ἐπαινετοῦ,</span> <span class='ocrx_word' id='word_1_742' title='bbox 597 5448 757 5513; x_wconf 85' lang='grc' dir='ltr'>λόγου</span> <span class='ocrx_word' id='word_1_743' title='bbox 812 5442 1196 5501; x_wconf 77' lang='grc' dir='ltr'>διδασκαλικοῦ</span> <span class='ocrx_word' id='word_1_744' title='bbox 1249 5444 1309 5497; x_wconf 79' lang='grc' dir='ltr'>τὸ</span> <span class='ocrx_word' id='word_1_745' title='bbox 1362 5443 1634 5515; x_wconf 87' lang='grc' dir='ltr'>δεύτερον.</span> <span class='ocrx_word' id='word_1_746' title='bbox 1691 5448 1800 5499; x_wconf 74' lang='grc' dir='ltr'><strong>Καὶ</strong></span> 
     </span>
    </p>
   </div>
   <div class='ocr_carea' id='block_1_102' title="bbox 225 5537 1801 5611">
    <p class='ocr_par' dir='ltr' id='par_1_102' title="bbox 225 5537 1801 5611">
     <span class='ocr_line' id='line_1_102' title="bbox 225 5537 1801 5611; baseline -0.004 -13"><span class='ocrx_word' id='word_1_747' title='bbox 225 5548 376 5599; x_wconf 76' lang='grc' dir='ltr'>ἐστιν</span> <span class='ocrx_word' id='word_1_748' title='bbox 416 5542 578 5604; x_wconf 67' lang='grc' dir='ltr'>αὐτὸς</span> <span class='ocrx_word' id='word_1_749' title='bbox 604 5539 833 5601; x_wconf 78' lang='grc' dir='ltr'>ἐντελῶς</span> <span class='ocrx_word' id='word_1_750' title='bbox 861 5538 1129 5609; x_wconf 85' lang='grc' dir='ltr'>μακάριος</span> <span class='ocrx_word' id='word_1_751' title='bbox 1160 5537 1304 5589; x_wconf 83' lang='grc' dir='ltr'>δυοῖν</span> <span class='ocrx_word' id='word_1_752' title='bbox 1335 5538 1611 5607; x_wconf 79' lang='grc' dir='ltr'>ὁργάνοιν,</span> <span class='ocrx_word' id='word_1_753' title='bbox 1657 5538 1801 5611; x_wconf 82' lang='grc' dir='ltr'>ἆ;.ερ</span> 
     </span>
    </p>
   </div>
   <div class='ocr_carea' id='block_1_103' title="bbox 224 5610 1796 5700">
    <p class='ocr_par' dir='ltr' id='par_1_103' title="bbox 224 5627 1796 5700">
     <span class='ocr_line' id='line_1_103' title="bbox 224 5627 1796 5700; baseline -0.004 -12"><span class='ocrx_word' id='word_1_754' title='bbox 224 5640 291 5688; x_wconf 78' lang='grc' dir='ltr'>ἐκ</span> <span class='ocrx_word' id='word_1_755' title='bbox 327 5632 420 5686; x_wconf 76' lang='grc' dir='ltr'>τού</span> <span class='ocrx_word' id='word_1_756' title='bbox 454 5632 728 5700; x_wconf 76' lang='grc' dir='ltr'>πανσόφου</span> <span class='ocrx_word' id='word_1_757' title='bbox 757 5627 1005 5697; x_wconf 83' lang='grc' dir='ltr'>τεχνίτου</span> <span class='ocrx_word' id='word_1_758' title='bbox 1027 5627 1164 5680; x_wconf 83' lang='grc' dir='ltr'>Θεοῦ</span> <span class='ocrx_word' id='word_1_759' title='bbox 1202 5628 1554 5699; x_wconf 85' lang='grc' dir='ltr'>πολυδύναμα</span> <span class='ocrx_word' id='word_1_760' title='bbox 1580 5628 1796 5698; x_wconf 77' lang='grc' dir='ltr'>ἔχομεν,</span> 
     </span>
    </p>
   </div>
   <div class='ocr_carea' id='block_1_104' title="bbox 225 5716 1800 5795">
    <p class='ocr_par' dir='ltr' id='par_1_104' title="bbox 225 5716 1800 5795">
     <span class='ocr_line' id='line_1_104' title="bbox 225 5716 1800 5795; baseline -0.006 -11"><span class='ocrx_word' id='word_1_761' title='bbox 225 5726 511 5784; x_wconf 81' lang='grc' dir='ltr'>ἀποτελῶν</span> <span class='ocrx_word' id='word_1_762' title='bbox 570 5723 761 5778; x_wconf 76' lang='grc' dir='ltr'>ἑαυτὸν</span> <span class='ocrx_word' id='word_1_763' title='bbox 797 5721 893 5775; x_wconf 68' lang='grc' dir='ltr'>καὶ</span> <span class='ocrx_word' id='word_1_764' title='bbox 916 5721 1100 5773; x_wconf 79' lang='grc' dir='ltr'>εἰκόνα</span> <span class='ocrx_word' id='word_1_765' title='bbox 1145 5722 1353 5774; x_wconf 70' lang='grc' dir='ltr'>ἐκείνου</span> <span class='ocrx_word' id='word_1_766' title='bbox 1407 5716 1679 5795; x_wconf 39' lang='grc' dir='ltr'>καὶεοῖκσν</span> <span class='ocrx_word' id='word_1_767' title='bbox 1709 5725 1800 5774; x_wconf 78' lang='grc' dir='ltr'>καὶ</span> 
     </span>
    </p>
   </div>
   <div class='ocr_carea' id='block_1_105' title="bbox 230 5811 1797 5887">
    <p class='ocr_par' dir='ltr' id='par_1_105' title="bbox 230 5811 1797 5887">
     <span class='ocr_line' id='line_1_105' title="bbox 230 5811 1797 5887; baseline -0.01 -8"><span class='ocrx_word' id='word_1_768' title='bbox 230 5824 328 5877; x_wconf 71' lang='grc' dir='ltr'><strong>ναδ</strong></span> <span class='ocrx_word' id='word_1_769' title='bbox 344 5840 385 5887; x_wconf 64' lang='lat'><strong>1,</strong></span> <span class='ocrx_word' id='word_1_770' title='bbox 418 5819 512 5870; x_wconf 72' lang='grc' dir='ltr'>καὶ</span> <span class='ocrx_word' id='word_1_771' title='bbox 537 5813 589 5866; x_wconf 78' lang='grc' dir='ltr'>εἴ</span> <span class='ocrx_word' id='word_1_772' title='bbox 619 5832 671 5867; x_wconf 90' lang='grc' dir='ltr'><strong>τι</strong></span> <span class='ocrx_word' id='word_1_773' title='bbox 697 5814 823 5869; x_wconf 80' lang='grc' dir='ltr'>ἄλλο</span> <span class='ocrx_word' id='word_1_774' title='bbox 861 5811 1101 5866; x_wconf 82' lang='grc' dir='ltr'>τοιοῦτον</span> <span class='ocrx_word' id='word_1_775' title='bbox 1144 5814 1201 5867; x_wconf 85' lang='grc' dir='ltr'>ὲν</span> <span class='ocrx_word' id='word_1_776' title='bbox 1228 5814 1453 5884; x_wconf 71' lang='grc' dir='ltr'>ὀνόμασι</span> <span class='ocrx_word' id='word_1_777' title='bbox 1503 5812 1797 5884; x_wconf 75' lang='grc' dir='ltr'>βέλτιστον,</span> 
     </span>
    </p>
   </div>
   <div class='ocr_carea' id='block_1_106' title="bbox 475 5908 1245 5976">
    <p class='ocr_par' dir='ltr' id='par_1_106' title="bbox 475 5908 1245 5976">
     <span class='ocr_line' id='line_1_106' title="bbox 475 5908 1245 5976; baseline -0.012 -1"><span class='ocrx_word' id='word_1_778' title='bbox 475 5915 746 5976; x_wconf 72' lang='lat' dir='ltr'><strong>ParnoL.</strong></span> <span class='ocrx_word' id='word_1_779' title='bbox 778 5910 895 5972; x_wconf 75' lang='lat' dir='ltr'><strong>Gs.</strong></span> <span class='ocrx_word' id='word_1_780' title='bbox 930 5908 1245 5973; x_wconf 72' lang='lat' dir='ltr'><strong>CXXXV.</strong></span> 
     </span>
    </p>
   </div>
   <div class='ocr_carea' id='block_1_107' title="bbox 1906 4614 3473 4688">
    <p class='ocr_par' dir='ltr' id='par_1_107' title="bbox 1906 4614 3473 4688">
     <span class='ocr_line' id='line_1_107' title="bbox 1906 4614 3473 4688; baseline 0.004 -19"><span class='ocrx_word' id='word_1_781' title='bbox 1906 4616 2106 4681; x_wconf 90' lang='lat' dir='ltr'><strong>Deum;</strong></span> <span class='ocrx_word' id='word_1_782' title='bbox 2126 4615 2317 4684; x_wconf 85' lang='lat' dir='ltr'><strong>sicque</strong></span> <span class='ocrx_word' id='word_1_783' title='bbox 2343 4614 2512 4686; x_wconf 83' lang='lat' dir='ltr'><strong>fulget</strong></span> <span class='ocrx_word' id='word_1_784' title='bbox 2534 4630 2721 4670; x_wconf 87' lang='lat' dir='ltr'><strong>coram</strong></span> <span class='ocrx_word' id='word_1_785' title='bbox 2772 4616 3092 4674; x_wconf 84' lang='lat' dir='ltr'><strong>hominibus</strong></span> <span class='ocrx_word' id='word_1_786' title='bbox 3114 4619 3473 4688; x_wconf 86' lang='lat' dir='ltr'><strong>apostolicum</strong></span> 
     </span>
    </p>
   </div>
   <div class='ocr_carea' id='block_1_108' title="bbox 1906 4707 3473 4781">
    <p class='ocr_par' dir='ltr' id='par_1_108' title="bbox 1906 4707 3473 4781">
     <span class='ocr_line' id='line_1_108' title="bbox 1906 4707 3473 4781; baseline 0.002 -22"><span class='ocrx_word' id='word_1_787' title='bbox 1906 4707 2111 4771; x_wconf 84' lang='lat' dir='ltr'><strong>lumen,</strong></span> <span class='ocrx_word' id='word_1_788' title='bbox 2143 4707 2402 4777; x_wconf 90' lang='lat' dir='ltr'><strong>operibus</strong></span> <span class='ocrx_word' id='word_1_789' title='bbox 2432 4709 2590 4763; x_wconf 91' lang='lat' dir='ltr'><strong>bonis</strong></span> <span class='ocrx_word' id='word_1_790' title='bbox 2618 4707 2936 4777; x_wconf 85' lang='lat' dir='ltr'><strong>bujusmodi</strong></span> <span class='ocrx_word' id='word_1_791' title='bbox 2986 4709 3212 4764; x_wconf 84' lang='lat' dir='ltr'><strong>luminis</strong></span> <span class='ocrx_word' id='word_1_792' title='bbox 3260 4709 3473 4781; x_wconf 82' lang='lat' dir='ltr'><strong>lampa-</strong></span> 
     </span>
    </p>
   </div>
   <div class='ocr_carea' id='block_1_109' title="bbox 1905 4800 3475 4872">
    <p class='ocr_par' dir='ltr' id='par_1_109' title="bbox 1905 4800 3475 4872">
     <span class='ocr_line' id='line_1_109' title="bbox 1905 4800 3475 4872; baseline 0.001 -19"><span class='ocrx_word' id='word_1_793' title='bbox 1905 4800 2028 4853; x_wconf 89' lang='lat' dir='ltr'><strong>dem</strong></span> <span class='ocrx_word' id='word_1_794' title='bbox 2064 4801 2491 4856; x_wconf 87' lang='lat' dir='ltr'><strong>accendentibns</strong></span> <span class='ocrx_word' id='word_1_795' title='bbox 2538 4810 2704 4870; x_wconf 87' lang='lat' dir='ltr'><strong>atque</strong></span> <span class='ocrx_word' id='word_1_796' title='bbox 2733 4801 3200 4857; x_wconf 86' lang='lat' dir='ltr'><strong>illuminantibus.</strong></span> <span class='ocrx_word' id='word_1_797' title='bbox 3249 4801 3475 4872; x_wconf 81' lang='lat' dir='ltr'><strong>Insuper</strong></span> 
     </span>
    </p>
   </div>
   <div class='ocr_carea' id='block_1_110' title="bbox 1909 4892 3472 4965">
    <p class='ocr_par' dir='ltr' id='par_1_110' title="bbox 1909 4892 3472 4965">
     <span class='ocr_line' id='line_1_110' title="bbox 1909 4892 3472 4965; baseline 0.003 -21"><span class='ocrx_word' id='word_1_798' title='bbox 1909 4892 1996 4945; x_wconf 87' lang='lat' dir='ltr'><strong>hic</strong></span> <span class='ocrx_word' id='word_1_799' title='bbox 2026 4908 2246 4961; x_wconf 85' lang='lat' dir='ltr'><strong>quoque</strong></span> <span class='ocrx_word' id='word_1_800' title='bbox 2277 4892 2649 4963; x_wconf 82' lang='lat' dir='ltr'><strong>recogitemns</strong></span> <span class='ocrx_word' id='word_1_801' title='bbox 2683 4908 2871 4949; x_wconf 88' lang='lat' dir='ltr'><strong>sacras</strong></span> <span class='ocrx_word' id='word_1_802' title='bbox 2905 4893 3195 4961; x_wconf 85' lang='lat' dir='ltr'><strong>imagines,</strong></span> <span class='ocrx_word' id='word_1_803' title='bbox 3220 4909 3250 4948; x_wconf 87' lang='lat' dir='ltr'><strong>e</strong></span> <span class='ocrx_word' id='word_1_804' title='bbox 3270 4893 3472 4965; x_wconf 83' lang='lat' dir='ltr'><strong>quibus</strong></span> 
     </span>
    </p>
   </div>
   <div class='ocr_carea' id='block_1_111' title="bbox 1907 4982 3472 5054">
    <p class='ocr_par' dir='ltr' id='par_1_111' title="bbox 1907 4982 3472 5054">
     <span class='ocr_line' id='line_1_111' title="bbox 1907 4982 3472 5054; baseline 0.002 -17"><span class='ocrx_word' id='word_1_805' title='bbox 1907 4984 2040 5053; x_wconf 87' lang='lat' dir='ltr'><strong>ipsis</strong></span> <span class='ocrx_word' id='word_1_806' title='bbox 2076 4986 2245 5036; x_wconf 85' lang='lat' dir='ltr'><strong>multa</strong></span> <span class='ocrx_word' id='word_1_807' title='bbox 2269 4984 2535 5038; x_wconf 80' lang='lat' dir='ltr'><strong>discimus</strong></span> <span class='ocrx_word' id='word_1_808' title='bbox 2568 4998 2674 5037; x_wconf 91' lang='lat' dir='ltr'><strong>non</strong></span> <span class='ocrx_word' id='word_1_809' title='bbox 2700 4982 3073 5047; x_wconf 88' lang='lat' dir='ltr'><strong>sermonibus,</strong></span> <span class='ocrx_word' id='word_1_810' title='bbox 3121 4984 3218 5038; x_wconf 84' lang='lat' dir='ltr'><strong>sed</strong></span> <span class='ocrx_word' id='word_1_811' title='bbox 3247 4997 3472 5054; x_wconf 80' lang='lat' dir='ltr'><strong>Operutn</strong></span> 
     </span>
    </p>
   </div>
   <div class='ocr_carea' id='block_1_112' title="bbox 1909 5072 3471 5145">
    <p class='ocr_par' dir='ltr' id='par_1_112' title="bbox 1909 5072 3471 5145">
     <span class='ocr_line' id='line_1_112' title="bbox 1909 5072 3471 5145; baseline 0.004 -20"><span class='ocrx_word' id='word_1_812' title='bbox 1909 5074 2307 5137; x_wconf 86' lang='lat' dir='ltr'><strong>recordatione,</strong></span> <span class='ocrx_word' id='word_1_813' title='bbox 2385 5089 2503 5142; x_wconf 73' lang='lat' dir='ltr'><strong>quae</strong></span> <span class='ocrx_word' id='word_1_814' title='bbox 2575 5072 2882 5128; x_wconf 87' lang='lat' dir='ltr'><strong>secundum</strong></span> <span class='ocrx_word' id='word_1_815' title='bbox 2949 5074 3122 5129; x_wconf 85' lang='lat' dir='ltr'><strong>Deum</strong></span> <span class='ocrx_word' id='word_1_816' title='bbox 3169 5074 3471 5145; x_wconf 82' lang='lat' dir='ltr'><strong>imaginum</strong></span> 
     </span>
    </p>
   </div>
   <div class='ocr_carea' id='block_1_113' title="bbox 1909 5166 2485 5236">
    <p class='ocr_par' dir='ltr' id='par_1_113' title="bbox 1909 5166 2485 5236">
     <span class='ocr_line' id='line_1_113' title="bbox 1909 5166 2485 5236; baseline 0.002 -18"><span class='ocrx_word' id='word_1_817' title='bbox 1909 5166 2189 5236; x_wconf 79' lang='lat' dir='ltr'><strong>archetypi</strong></span> <span class='ocrx_word' id='word_1_818' title='bbox 2221 5167 2485 5219; x_wconf 88' lang='lat' dir='ltr'><strong>fecerunt.</strong></span> 
     </span>
    </p>
   </div>
   <div class='ocr_carea' id='block_1_114' title="bbox 1976 5258 3475 5325">
    <p class='ocr_par' dir='ltr' id='par_1_114' title="bbox 1976 5258 3475 5325">
     <span class='ocr_line' id='line_1_114' title="bbox 1976 5258 3475 5325; baseline 0.004 -15"><span class='ocrx_word' id='word_1_819' title='bbox 1976 5258 2067 5311; x_wconf 72' lang='grc' dir='ltr'><strong>ΞΟ.</strong></span> <span class='ocrx_word' id='word_1_820' title='bbox 2105 5259 2201 5312; x_wconf 86' lang='lat' dir='ltr'><strong>His</strong></span> <span class='ocrx_word' id='word_1_821' title='bbox 2234 5265 2415 5312; x_wconf 89' lang='lat' dir='ltr'><strong>autem</strong></span> <span class='ocrx_word' id='word_1_822' title='bbox 2458 5259 2532 5311; x_wconf 87' lang='lat' dir='ltr'><strong>ita</strong></span> <span class='ocrx_word' id='word_1_823' title='bbox 2576 5258 2963 5325; x_wconf 88' lang='lat' dir='ltr'><strong>consideratis,</strong></span> <span class='ocrx_word' id='word_1_824' title='bbox 3014 5259 3341 5316; x_wconf 86' lang='lat' dir='ltr'><strong>veniendum</strong></span> <span class='ocrx_word' id='word_1_825' title='bbox 3390 5272 3475 5316; x_wconf 88' lang='lat' dir='ltr'><strong>est</strong></span> 
     </span>
    </p>
   </div>
   <div class='ocr_carea' id='block_1_115' title="bbox 1907 5346 3473 5420">
    <p class='ocr_par' dir='ltr' id='par_1_115' title="bbox 1907 5346 3473 5420">
     <span class='ocr_line' id='line_1_115' title="bbox 1907 5346 3473 5420; baseline 0.001 -17"><span class='ocrx_word' id='word_1_826' title='bbox 1907 5348 1976 5403; x_wconf 89' lang='lat' dir='ltr'><strong>ad</strong></span> <span class='ocrx_word' id='word_1_827' title='bbox 2034 5346 2348 5413; x_wconf 77' lang='lat' dir='ltr'><strong>facientem,</strong></span> <span class='ocrx_word' id='word_1_828' title='bbox 2409 5348 2517 5401; x_wconf 89' lang='lat' dir='ltr'><strong>imo</strong></span> <span class='ocrx_word' id='word_1_829' title='bbox 2571 5357 2627 5404; x_wconf 88' lang='lat' dir='ltr'><strong>et</strong></span> <span class='ocrx_word' id='word_1_830' title='bbox 2686 5351 3001 5405; x_wconf 90' lang='lat' dir='ltr'><strong>docentem.</strong></span> <span class='ocrx_word' id='word_1_831' title='bbox 3029 5346 3275 5405; x_wconf 88' lang='lat' dir='ltr'><strong>Primum</strong></span> <span class='ocrx_word' id='word_1_832' title='bbox 3334 5365 3473 5420; x_wconf 79' lang='lat' dir='ltr'><strong>Opus</strong></span> 
     </span>
    </p>
   </div>
   <div class='ocr_carea' id='block_1_116' title="bbox 1911 5438 3473 5507">
    <p class='ocr_par' dir='ltr' id='par_1_116' title="bbox 1911 5438 3473 5507">
     <span class='ocr_line' id='line_1_116' title="bbox 1911 5438 3473 5507; baseline 0.002 -15"><span class='ocrx_word' id='word_1_833' title='bbox 1911 5439 2182 5492; x_wconf 82' lang='lat' dir='ltr'><strong>laudabile</strong></span> <span class='ocrx_word' id='word_1_834' title='bbox 2244 5447 2471 5507; x_wconf 87' lang='lat' dir='ltr'><strong>spectat,</strong></span> <span class='ocrx_word' id='word_1_835' title='bbox 2526 5440 2832 5495; x_wconf 85' lang='lat' dir='ltr'><strong>secundum</strong></span> <span class='ocrx_word' id='word_1_836' title='bbox 2900 5438 2969 5494; x_wconf 89' lang='lat' dir='ltr'><strong>ad</strong></span> <span class='ocrx_word' id='word_1_837' title='bbox 3033 5454 3283 5494; x_wconf 87' lang='lat' dir='ltr'><strong>normam</strong></span> <span class='ocrx_word' id='word_1_838' title='bbox 3341 5440 3473 5495; x_wconf 89' lang='lat' dir='ltr'><strong>doc-</strong></span> 
     </span>
    </p>
   </div>
   <div class='ocr_carea' id='block_1_117' title="bbox 1909 5531 3471 5608">
    <p class='ocr_par' dir='ltr' id='par_1_117' title="bbox 1909 5531 3471 5608">
     <span class='ocr_line' id='line_1_117' title="bbox 1909 5531 3471 5608; baseline 0.004 -25"><span class='ocrx_word' id='word_1_839' title='bbox 1909 5531 2158 5585; x_wconf 87' lang='lat' dir='ltr'><strong>trinalem</strong></span> <span class='ocrx_word' id='word_1_840' title='bbox 2193 5531 2451 5608; x_wconf 87' lang='lat' dir='ltr'><strong>pertinet.</strong></span> <span class='ocrx_word' id='word_1_841' title='bbox 2491 5532 2585 5586; x_wconf 86' lang='lat' dir='ltr'><strong>Est</strong></span> <span class='ocrx_word' id='word_1_842' title='bbox 2622 5541 2802 5586; x_wconf 88' lang='lat' dir='ltr'><strong>autem</strong></span> <span class='ocrx_word' id='word_1_843' title='bbox 2848 5531 2965 5602; x_wconf 91' lang='lat' dir='ltr'><strong>ipse</strong></span> <span class='ocrx_word' id='word_1_844' title='bbox 2991 5546 3217 5602; x_wconf 86' lang='lat' dir='ltr'><strong>prorsus</strong></span> <span class='ocrx_word' id='word_1_845' title='bbox 3259 5533 3471 5597; x_wconf 87' lang='lat' dir='ltr'><strong>beatus.</strong></span> 
     </span>
    </p>
   </div>
   <div class='ocr_carea' id='block_1_118' title="bbox 1910 5622 3476 5692">
    <p class='ocr_par' dir='ltr' id='par_1_118' title="bbox 1910 5622 3476 5692">
     <span class='ocr_line' id='line_1_118' title="bbox 1910 5622 3476 5692; baseline -0.003 -13"><span class='ocrx_word' id='word_1_846' title='bbox 1910 5625 2124 5679; x_wconf 87' lang='lat' dir='ltr'><strong>duobus</strong></span> <span class='ocrx_word' id='word_1_847' title='bbox 2175 5622 2414 5692; x_wconf 86' lang='lat' dir='ltr'><strong>organis,</strong></span> <span class='ocrx_word' id='word_1_848' title='bbox 2451 5638 2568 5691; x_wconf 61' lang='lat' dir='ltr'><strong>qua</strong></span> <span class='ocrx_word' id='word_1_849' title='bbox 2621 5637 2650 5674; x_wconf 90' lang='lat' dir='ltr'><strong>a</strong></span> <span class='ocrx_word' id='word_1_850' title='bbox 2683 5623 3091 5692; x_wconf 89' lang='lat' dir='ltr'><strong>sapientissimo</strong></span> <span class='ocrx_word' id='word_1_851' title='bbox 3123 5622 3338 5679; x_wconf 86' lang='lat' dir='ltr'><strong>artifice</strong></span> <span class='ocrx_word' id='word_1_852' title='bbox 3369 5624 3476 5678; x_wconf 79' lang='lat' dir='ltr'><strong>Dm</strong></span> 
     </span>
    </p>
   </div>
   <div class='ocr_carea' id='block_1_119' title="bbox 1910 5713 3477 5781">
    <p class='ocr_par' dir='ltr' id='par_1_119' title="bbox 1910 5713 3477 5781">
     <span class='ocr_line' id='line_1_119' title="bbox 1910 5713 3477 5781; baseline -0.004 -11"><span class='ocrx_word' id='word_1_853' title='bbox 1910 5716 2286 5771; x_wconf 75' lang='lat' dir='ltr'><strong>efficacissima</strong></span> <span class='ocrx_word' id='word_1_854' title='bbox 2337 5723 2604 5773; x_wconf 86' lang='lat' dir='ltr'><strong>tenemus,</strong></span> <span class='ocrx_word' id='word_1_855' title='bbox 2655 5727 2779 5767; x_wconf 88' lang='lat' dir='ltr'><strong>sese</strong></span> <span class='ocrx_word' id='word_1_856' title='bbox 2832 5713 3123 5781; x_wconf 81' lang='lat' dir='ltr'><strong>perficiens</strong></span> <span class='ocrx_word' id='word_1_857' title='bbox 3158 5715 3304 5769; x_wconf 88' lang='lat' dir='ltr'><strong>illius</strong></span> <span class='ocrx_word' id='word_1_858' title='bbox 3342 5713 3477 5765; x_wconf 85' lang='lat' dir='ltr'><strong>ima-</strong></span> 
     </span>
    </p>
   </div>
   <div class='ocr_carea' id='block_1_120' title="bbox 1911 5805 3474 5881">
    <p class='ocr_par' dir='ltr' id='par_1_120' title="bbox 1911 5805 3474 5881">
     <span class='ocr_line' id='line_1_120' title="bbox 1911 5805 3474 5881; baseline -0.002 -18"><span class='ocrx_word' id='word_1_859' title='bbox 1911 5811 2089 5881; x_wconf 86' lang='lat' dir='ltr'><strong>ginem</strong></span> <span class='ocrx_word' id='word_1_860' title='bbox 2138 5817 2192 5863; x_wconf 90' lang='lat' dir='ltr'><strong>et</strong></span> <span class='ocrx_word' id='word_1_861' title='bbox 2256 5808 2475 5861; x_wconf 89' lang='lat' dir='ltr'><strong>domum</strong></span> <span class='ocrx_word' id='word_1_862' title='bbox 2537 5815 2589 5861; x_wconf 87' lang='lat' dir='ltr'><strong>et</strong></span> <span class='ocrx_word' id='word_1_863' title='bbox 2658 5806 2942 5876; x_wconf 80' lang='lat' dir='ltr'><strong>templum.</strong></span> <span class='ocrx_word' id='word_1_864' title='bbox 2999 5813 3055 5860; x_wconf 85' lang='lat' dir='ltr'><strong>et</strong></span> <span class='ocrx_word' id='word_1_865' title='bbox 3107 5805 3372 5877; x_wconf 87' lang='lat' dir='ltr'><strong>quidquid</strong></span> <span class='ocrx_word' id='word_1_866' title='bbox 3416 5806 3474 5860; x_wconf 77' lang='lat' dir='ltr'><strong>in</strong></span> 
     </span>
    </p>
   </div>
   <div class='ocr_carea' id='block_1_121' title="bbox 2986 5899 3057 5964">
    <p class='ocr_par' dir='ltr' id='par_1_121' title="bbox 2986 5899 3057 5964">
     <span class='ocr_line' id='line_1_121' title="bbox 2986 5899 3057 5964; baseline 0.014 -1"><span class='ocrx_word' id='word_1_867' title='bbox 2986 5899 3057 5964; x_wconf 77' lang='grc'><strong>21</strong></span> 
     </span>
    </p>
   </div>
  </div>
