4210 6438
744 393 844 459 651
1416 387 1840 452 EUSTATUII
1880 384 2637 449 TIIESSMDNKCENSIS
2681 385 3255 470 METROPOLITA!
3918 398 4045 459 552

741 501 1063 557 nominibus
1117 510 1203 556 est
1262 501 1560 569 optimum,
1616 512 1692 563 et,
1750 508 1810 552 ut
1865 497 2337 569 opportunissime
2370 507 2403 553 Α

2377 507 2410 553 Α
2446 495 2787 565 καιριώτατα
2836 500 2894 553 δέ
2941 501 3140 562 εἰπεῖν,
3183 499 3475 569 ἄνθρωπον
3526 504 3620 555 τὸν
3667 504 3740 567 ὡς
3779 505 4039 577 ἀληθως,

742 595 944 656 dicam.
971 595 1252 647 hominem
1280 593 1659 655 verissimum,
1687 590 1784 647 sed
1813 599 1866 646 et
1896 591 2111 645 beatum
2148 589 2333 656 reipsa

2443 590 2539 643 καὶ
2575 590 2844 659 μακάριον
2896 590 2976 655 δέ,
3005 590 3095 642 τὸν
3148 589 3317 653 ὅντως
3347 593 3439 644 καὶ
3476 591 3698 657 τελείως
3738 603 3833 653 καὶ
3881 601 4040 669 ὑπὲρ

745 700 808 740 ac
863 686 1000 738 citra
1071 697 1290 737 omnem
1347 682 1849 751 reprehensionem.
1905 681 1969 734 Et
2018 679 2333 749 huiusmodi

2440 682 2621 733 πᾶσαν
2651 682 2933 737 ἀνάϐασιν.
2971 684 3080 735 Καὶ
3108 683 3297 735 τούτου
3325 688 3418 736 τοὺ
3457 686 3635 749 εἴδους
3684 687 4036 759 εὑρίσκομεν

747 779 945 848 speciei
990 776 1305 831 obtinemus
1372 776 1709 845 qualitates,
1767 777 1812 830 si
1873 774 2193 843 magistrum
2243 773 2334 840 qui

2441 772 2691 840 συνοχέα,
2725 774 2883 843 εἴπερ
2933 774 3250 845 μιμούμεθα
3280 775 3372 828 τὸν
3434 777 3829 847 ὑπερουράνιον
3875 783 4038 836 διδά-

748 885 914 940 super
949 870 1119 923 caelos
1160 879 1243 924 est
1294 868 1615 923 imitemur:
1661 868 1750 935 qui
1792 867 1927 919 alias
1958 867 2176 939 quidem
2212 876 2337 919 ante

2440 863 2637 916 σκαλον
2660 881 2674 895 ·
2720 864 2778 926 ὃς
2812 865 2985 928 ἄλλως
3015 866 3115 933 μὲν
3167 867 3275 935 πρὸ
3307 868 3416 920 τῶν
3450 870 3664 925 αἰώνων
3714 874 3908 938 ποιῶν,
3946 877 4033 940 ὠς

749 963 948 1017 szerula
998 976 1254 1032 oper-aus,
1295 970 1354 1014 ut
1409 963 1532 1031 quis
1602 962 1835 1014 humana
1892 961 2103 1012 ratione
2148 958 2335 1009 conci-

2438 956 2539 1007 οὑκ
2559 954 2623 1007 ἄν
2649 972 2732 1016 τις
2751 956 3107 1026 ἐννοήσασθαι
3132 956 3381 1029 λογισμῷ
3405 960 3733 1032 ἀνθρωπίνῳ
3751 966 4029 1034 ἐφίκοιτο,

750 1072 879 1124 perc
924 1072 1029 1109 non
1081 1056 1279 1119 valeat,
1330 1065 1665 1124 postremum
1719 1063 1903 1107 autem
1947 1051 2131 1105 mundi
2185 1067 2337 1103 ereu-

2440 1046 2669 1117 ὓστερον
2700 1048 2754 1099 δὲ
2794 1050 2859 1117 τῇ
2904 1049 2996 1101 τοῦ
3033 1050 3238 1118 κόσμου
3286 1054 3503 1122 ποιήσει
3536 1055 3834 1119 ἐπιϐαλὼν,
3867 1059 4026 1112 stac.

751 1150 895 1203 doni
927 1163 1149 1201 manum
1209 1148 1529 1211 admovens,
1569 1146 1755 1200 statim
1820 1160 1849 1199 a
1904 1143 2177 1214 principio
2205 1153 2337 1195 tunc

2440 1141 2671 1193 σκαλίαν
2704 1141 2901 1193 αὐτίκα
2924 1143 3046 1194 τότε
3081 1144 3180 1214 τὴν
3210 1143 3387 1214 ἀρχὴν
3419 1149 3539 1207 ταῖς
3567 1148 3679 1200 τῶν
3710 1150 4028 1219 ἀνθρώπων

753 1243 1063 1296 doctrinam
1114 1241 1398 1295 hominum
1452 1240 1732 1295 mentibus
1778 1238 2009 1297 indidit,
2046 1252 2165 1289 eam
2216 1250 2339 1305 qua:

2436 1232 2636 1302 ψυχαῖς
2672 1233 3134 1303 προκατεῆἀλετο,
3158 1236 3257 1306 τὴν
3284 1236 3343 1300 ἐξ
3364 1237 3548 1290 αὑτῶν
3577 1241 3685 1293 τῶν
3716 1242 3900 1313 ἔργων
3925 1246 4030 1296 αὑ-

751 1350 818 1388 ex
849 1333 983 1403 ipsis
1016 1333 1138 1403 ejus
1166 1331 1426 1401 operibus
1463 1339 1567 1392 est.
1602 1331 1780 1402 iisque
1814 1345 1978 1399 super
2000 1329 2239 1392 laudem,
2270 1331 2337 1385 iis

2435 1325 2554 1392 τοῦ,
2576 1328 2684 1380 τῶν
2708 1329 2848 1399 πέρα
2873 1328 3052 1399 δόξης,
3078 1330 3188 1383 τῶν
3204 1332 3586 1394 παντοδαπῶν.
3610 1337 3719 1390 τῶν
3748 1339 3846 1391 καὶ
3871 1338 4032 1390 ἐλλόο

754 1426 1079 1495 magniﬁcis,
1142 1427 1211 1480 iis
1269 1425 1689 1480 rationabilibus
1753 1433 1807 1478 et
1841 1439 2007 1488 supra
2043 1426 2333 1477 rationem.

2438 1436 2552 1487 γων
2610 1424 2707 1476 καὶ
2738 1422 2879 1492 ὑπὲρ
2928 1423 3105 1490 λόγον.
3162 1425 3490 1482 Παιδεύουσι
3533 1431 3643 1499 γὰρ
3676 1431 3812 1483 ἀλλα
3864 1434 3967 1502 μὲν
3994 1435 4026 1485 ὁ

758 1521 1026 1573 Erndiuut
1056 1521 1205 1573 enim
1240 1520 1348 1574 alia
1383 1519 1600 1588 quidem
1629 1518 1777 1581 caeli,
1809 1519 1914 1571 alia
1949 1526 2130 1571 autem
2160 1527 2334 1581 terra;

2438 1507 2689 1575 οὐρανὸς,
2726 1509 2862 1562 ἀλλα
2890 1511 2943 1562 δὲ
2975 1512 3007 1580 ἡ
3035 1512 3105 1581 γῆ
3125 1528 3139 1543 ⁶
3183 1516 3277 1569 καὶ.
3307 1517 3521 1588 ἐτεροῖα
3545 1519 3603 1572 τὸ
3634 1522 3690 1572 ἐν
3720 1522 3869 1591 μέσῳ
3898 1524 4027 1576 τοῦ·

752 1624 807 1668 et
836 1616 961 1673 alia.
1000 1630 1120 1684 quin
1151 1614 1296 1684 jacet
1337 1614 1390 1667 iu
1436 1612 1617 1667 medio
1650 1626 1843 1666 eorum
1876 1612 2189 1666 onmimoda
2226 1610 2340 1678 ple-

2438 1616 2547 1652 των
2582 1604 2837 1654 παντοῖον
2885 1604 3182 1674 πλήρωμα.
3222 1607 3596 1665 Ἐδιδασκοντο
3645 1614 3751 1685 γαρ
3799 1616 4025 1677 πάντως

754 1709 966 1763 ιιίιιιιιο.
1012 1708 1302 1761 Uiscchant
1355 1706 1501 1759 enim
1559 1720 1788 1776 prorsus
1823 1706 1889 1758 ab
1927 1705 2028 1757 hoc
2068 1703 2217 1756 illius
2241 1701 2339 1756 mvi

2438 1688 2525 1741 διὰ
2556 1688 2744 1743 τούτου
2798 1695 2894 1746 καὶ
2922 1694 2971 1744 οί
3011 1695 3135 1747 τότε
3183 1697 3485 1767 ἄνθρωποι.
3534 1702 3629 1766 ὡς,
3676 1705 3819 1757 καθα
3860 1710 3920 1758 ἐν
3953 1709 4020 1776 τῇ

758 1799 1007 1852 homines
1033 1798 1199 1866 quod,
1234 1798 1378 1852 sicut
1409 1798 1463 1850 in
1514 1799 1792 1852 creatione
1815 1839 1828 1858 ,
1858 1786 1938 1849 sic
1968 1803 2023 1847 et
2051 1794 2103 1846 in
2136 1794 2337 1848 creatis
2370 1845 2413 1899 Β

2370 1845 2413 1899 Β
2439 1783 2637 1846 κτίσει,
2672 1782 2815 1836 οὑτω
2840 1786 2936 1838 και⁵
2962 1786 3021 1837 ἐν
3049 1787 3160 1846 τοῖς
3195 1791 3316 1841 κατ’
3353 1792 3521 1858 αὐτὴν
3548 1792 3615 1844 τε
3647 1795 3743 1863 μὲν
3771 1797 4022 1868 ὑπερῆρ-

2443 1892 2529 1899 -...
2594 1876 2659 1899 ,1.
2696 1876 2748 1899 ξι
2792 1877 3061 1899 -μ--Α-ΑΡ-
3097 1878 3119 1899 ε
3166 1897 3204 1899 __
3236 1898 3243 1899 κ
3350 1886 3362 1899 ι
3515 1886 3525 1899 1
3724 1886 3736 1899 ι
3842 1890 3853 1899 ι
3937 1892 3950 1899 -

754 1893 865 1943 alia
896 1890 1114 1960 quidem
1152 1891 1591 1959 supereminent,
1626 1890 1729 1942 alia
1765 1904 1894 1943 vero
1931 1892 2109 1942 locum
2148 1899 2336 1944 tenent
2372 1876 2413 1899 "

2372 1876 2413 1899 "
2443 1892 2554 1933 ται,
2593 1876 2661 1928 τά
2692 1876 2749 1928 δὲ
2791 1877 3061 1940 ταπεινῶς
3094 1878 3210 1949 ἔχει
3234 1898 3245 1909 ·
3279 1886 3372 1936 καὶ
3424 1886 3646 1954 πρέπει.
3683 1886 3749 1939 cs
3798 1890 3898 1955 μὲν
3925 1892 4026 1941 ἀν-

756 1982 1113 2045 inh-riorem;
1181 1990 1236 2035 et
1296 1983 1453 2035 decet
1509 1972 1569 2033 ea
1631 1980 1851 2050 quidem
1910 1981 1963 2033 in
2020 1980 2334 2034 hominibus

2443 1964 2686 2032 θρώποις
2740 1967 2920 2037 ὑψηλὰ
2978 1970 3075 2021 καὶ
3129 1970 3357 2041 λαμπρὰ
3413 1977 3686 2046 σεϐασμια
3728 1976 3873 2033 εἶναι
3927 1983 4024 2033 καὶ

756 2075 1013 2128 sublimia
1098 2074 1540 2144 splendidaque,
1634 2073 1944 2127 veneranda
2020 2074 2335 2142 intactaque

2445 2058 2610 2127 ἀθιγῆ
2626 2060 2737 2121 τοῖς
2761 2062 3168 2130 ταπεινοτέροις
3186 2063 3396 2133 (ἐπειδὴ
3418 2068 3512 2119 καὶ
3532 2066 3600 2119 τὰ
3614 2069 3729 2123 ἀνω
3748 2070 4026 2141 τοιαῦτα),

760 2167 1147 2220 humilioribus
1190 2181 1313 2220 esse
1344 2164 1641 2234 (siquidem
1680 2174 1733 2219 et
1781 2180 1904 2233 quae
1938 2175 2062 2217 sunt
2090 2181 2335 2227 sursum,

2442 2150 2515 2202 τὰ
2541 2150 2598 2202 δέ
2626 2152 2775 2203 κάτω
2802 2154 2897 2206 καὶ
2924 2154 3157 2206 ταπεινὰ
3186 2158 3283 2209 καὶ
3308 2156 3383 2226 μὴ
3414 2155 3845 2227 ὑπερλάμποντα
3871 2165 4030 2234 στέρ-

759 2255 881 2306 talia
918 2263 1092 2324 sunt),
1121 2272 1242 2325 qua:
1294 2270 1428 2311 vero
1467 2257 1724 2310 deorsum
1766 2263 1819 2309 et
1873 2256 2099 2308 humilia
2132 2265 2187 2309 et
2227 2270 2333 2308 non

2444 2259 2584 2309 γειν,
2618 2245 2685 2312 ἢν
2715 2244 2928 2314 ἔλαχον.
2960 2246 3136 2310 τάξιν,
3174 2250 3397 2313 καὶτοῖς
3419 2250 3640 2313 οἰκείοις
3670 2253 3821 2323 ὅροις
3847 2256 4027 2321 ἐμπε-

756 2345 1118 2412 splendentia,
1189 2362 1311 2400 eum
1378 2361 1540 2415 quem
1607 2344 1797 2398 sortita
1864 2353 2034 2409 sunt,
2088 2346 2335 2400 ordinem

2445 2335 2833 2405 ριγράφεσθαι.
2862 2340 2972 2392 Καὶ
2996 2339 3121 2401 νοῦς
3144 2340 3397 2393 ἐντεῦθεν
3429 2343 3820 2409 ὑποϐάλλεται,
3846 2348 3931 2400 ὅτι
3960 2351 4027 2402 τὰ

758 2451 965 2498 amare,
1000 2438 1349 2506 propriisque
1377 2437 1629 2490 terminis
1657 2436 2064 2491 circumscribi.
2097 2435 2160 2491 Et
2185 2453 2337 2493 mens

2447 2430 2819 2499 ὑπερκείμενα
2841 2432 2935 2483 καὶ
2965 2431 3108 2484 οὑτω
3136 2435 3443 2504 τιμιώτερα
3469 2436 3611 2505 ὑπὲρ
3639 2437 3707 2490 τά
3738 2444 4029 2511 κατώτερα

758 2528 956 2581 exinde
999 2529 1241 2598 concipit
1299 2530 1704 2598 superjacenlia
1756 2529 1993 2598 ideoque
2047 2531 2339 2584 venerabi-

2447 2525 2539 2575 καὶ
2571 2524 2803 2577 ταπεινὰ
2830 2524 2891 2577 οὑ
2934 2524 3111 2594 μάτην
3154 2527 3248 2578 καὶ
3285 2528 3434 2596 εἰκῆ,
3464 2529 3583 2582 οὑδὲ
3611 2529 3669 2594 ἐξ
3696 2532 4031 2600 αὐτομάτων

762 2620 901 2688 ιίοιτι
933 2634 1100 2687 super
1128 2618 1386 2673 inferiora
1415 2629 1580 2687 atque
1614 2620 1837 2672 humilia
1881 2635 1989 2673 non
2027 2620 2079 2672 in
2115 2634 2336 2686 vanum,

2448 2618 2704 2686 ὑψοῦνται
2731 2621 2824 2672 καὶ
2842 2620 3235 2688 ἐλλάμπονται,
3262 2620 3379 2674 ἀλλ’
3403 2623 3465 2675 ἔκ
3484 2640 3626 2687 τινος
3648 2627 3824 2679 αἱτῖου
3850 2631 4033 2698 κρείτ-

764 2726 863 2765 nec
893 2727 1048 2772 casu,
1081 2726 1178 2764 nec
1206 2726 1269 2764 ex
1315 2711 1652 2780 semetipsis,
1698 2709 1986 2764 sublimari
2019 2726 2081 2763 ac
2134 2711 2337 2775 lucere,

2445 2724 2600 2769 τονῖς
2623 2710 2721 2761 καὶ
2752 2711 3190 2779 παντοδυνὰμου,
3215 2713 3590 2775 ἀνεσπακότος
3620 2716 3718 2783 μὲν
3742 2718 3835 2769 τδν
3864 2721 4029 2789 οὐρα-

763 2802 858 2855 scd
900 2817 963 2855 ex
1001 2801 1239 2871 quodam
1293 2811 1521 2855 auctore
1569 2802 1835 2857 validiore
1890 2815 2053 2872 atque
2088 2807 2340 2875 omnipo-

2446 2799 2536 2852 νδν
2563 2802 2621 2851 ἐν
2668 2798 3012 2869 ὑψηλοτάτῳ,
3049 2801 3388 2869 ὑποθεμένου
3439 2804 3496 2856 δὲ
3537 2807 3634 2875 τὴν
3682 2811 4031 2878 παμμήτορα

765 2900 933 2957 lente,
960 2893 1053 2961 qui
1086 2894 1308 2961 quidem
1343 2894 1523 2960 posuit
1570 2893 1769 2946 etnlum
1804 2895 1857 2947 in
1891 2896 2181 2957 altissimo,
2212 2912 2341 2967 sup-

2449 2894 2553 2961 γῆν
2582 2894 2655 2955 ὼς
2684 2895 2741 2944 ἐν
2778 2893 3040 2961 συζυγίας
3070 2894 3237 2964 λόγῳ,
3278 2896 3364 2947 ἵνα
3400 2897 3677 2970 ἐπαρδεὺῃ
3732 2903 3834 2968 μὲν
3881 2905 4033 2954 ἐκεῖ-

764 2986 951 3051 posuit
1010 2992 1191 3038 autem
1248 2984 1633 3037 universorum
1698 2993 1926 3038 matrem
1987 2995 2190 3041 terram
2249 3005 2343 3057 per

2452 3003 2563 3048 νος,
2594 2986 2731 3055 αὑτὴ
2758 2985 2813 3038 δὲ
2836 2988 3000 3053 γεννᾷ
3029 2986 3098 3038 τὰ
3121 2986 3453 3056 καθήκοντα,
3476 2988 3946 3056 δαψιλευσαμένου
3977 2996 4034 3046 δὲ

770 3080 987 3128 modum
1021 3076 1447 3142 conjunctionis,
1482 3086 1540 3128 ut
1566 3076 1758 3143 irriget
1795 3091 1913 3130 eam
1940 3079 2162 3147 quidem
2202 3078 2341 3133 illud

2451 3077 2693 3129 ἄσϐεστα
2723 3075 2891 3144 λύχνα
2921 3076 3171 3144 οὐράνια,
3209 3077 3295 3128 ἵνα
3324 3078 3567 3145 ξέν-φωτὶ
3598 3080 3682 3132 ἀεὶ
3723 3080 4033 3150 διάγωμεν,

760 3174 818 3218 et
854 3167 970 3235 ipsa
1008 3166 1262 3235 proprios
1294 3176 1518 3235 generet
1549 3166 1803 3232 h'uctus;
1840 3168 1931 3221 sed
1961 3177 2016 3223 et
2052 3170 2343 3239 magniﬁce
2372 3196 2414 3255 ο

2374 3196 2414 3255 c
2450 3168 2666 3238 ἡμέρας
2686 3166 2784 3236 μὲν
2810 3167 2945 3237 ἡλίῳ
2968 3167 3477 3236 καταλαμπόμενοι,
3500 3170 3691 3232 νυκτὸς
3715 3172 3772 3223 δέ
3802 3201 3873 3211 —-
3901 3175 4036 3227 em

771 3257 1113 3326 dispensavit
1148 3257 1624 3326 iucxstinguihiles
1678 3258 1935 3315 lucernas
1976 3260 2249 3326 cwleStes,
2285 3273 2346 3317 ut

2447 3262 2565 3313 τότε
2603 3259 2983 3329 πολυμέριστα
3034 3257 3392 3323 πλουτοῦντες
3426 3261 3601 3328 φῶτα.
3646 3264 3725 3324 είς
3777 3266 4036 3317 τοσοῦτον

766 3363 985 3419 semper
1014 3349 1065 3401 in
1100 3348 1304 3401 lumine
1334 3348 1619 3417 degamus,
1659 3350 1748 3402 die
1795 3352 2013 3419 quidem
2044 3353 2347 3408 illuminati

2448 3350 2708 3420 ἀμυδρῶς
2741 3348 3100 3402 ἀνατέλλοντα
3136 3348 3259 3417 δίχα
3294 3366 3356 3416 γε
3395 3350 3489 3401 τοῦ
3522 3352 3661 3404 κατᾶ
3690 3353 3952 3421 σελήνην,
3985 3358 4038 3418 ἐς

767 3439 904 3501 sole,
961 3448 1119 3492 nocte
1149 3452 1297 3500 vero.
1330 3438 1454 3491 aliis
1487 3439 1794 3493 innumeris
1834 3442 2148 3497 lucentibus
2186 3445 2345 3499 lumi-

2449 3444 2574 3496 ὅσον
2608 3441 2683 3510 μὴ
2714 3439 3102 3510 προκαλεῖσθαι
3139 3440 3288 3508 ἡμᾶς
3324 3442 3417 3494 ἐπὶ
3447 3440 3507 3492 τὸ
3532 3442 3617 3494 ἀεὶ
3643 3448 3958 3514 γεωργικόν
3982 3462 4033 3497 τι

774 3531 959 3593 nibus,
1007 3528 1057 3581 in
1093 3536 1303 3581 tantum
1359 3527 1701 3583 subobscure
1754 3532 2105 3599 surgentibus
2135 3534 2345 3605 absque

2453 3535 2546 3587 καὶ
2573 3533 2745 3593 ἄλλως
2792 3533 3034 3603 ἐνεργὸν,
3067 3532 3141 3593 ὡς
3184 3531 3527 3593 ἀποκάμνειν
3579 3534 4036 3604 ἀπαγορεύοντας

774 3621 982 3674 lumine
1016 3620 1182 3684 lunae,
1215 3627 1480 3688 quantum
1517 3629 1733 3687 oportet
1779 3630 1839 3675 ut
1872 3638 1978 3676 non
2011 3624 2345 3680 advocemur

2452 3626 2509 3677 ἐν
2537 3624 2614 3693 τῷ
2653 3622 2919 3692 διηνεκῶς
2970 3621 3273 3687 πονεῖσθαι,
3309 3621 3424 3674 ἀλλ’
3469 3622 3616 3691 ἔχειν
3649 3626 4037 3695 ἐγρηγορότως

775 3715 828 3765 in
884 3713 1116 3781 aliquod
1146 3713 1469 3764 continuum
1505 3726 1643 3781 opus
1692 3728 1997 3783 campestre
2036 3726 2090 3771 et
2124 3718 2345 3776 aliunde

2457 3718 2558 3788 μὲν
2586 3715 2674 3769 δια
2706 3716 2804 3784 τὴν
2847 3714 2956 3766 τῶν
2987 3713 3198 3766 ἐκιῖθεν
3241 3714 3437 3781 φώτων
3474 3717 3657 3785 χάριν,
3706 3720 4034 3773 ἀναπεπαυ-

774 3807 1130 3869 laboriosum,
1161 3804 1226 3857 ad
1254 3802 1599 3873 fatigaudnm
1633 3820 1728 3859 eos
1749 3808 1839 3874 qui
1873 3823 1983 3862 non
2009 3812 2348 3866 sustinerent

2048 3812 2348 3866 ustinerent
2459 3811 2634 3881 μένως
2661 3807 2718 3859 δέ
2751 3808 2839 3858 διὰ
2867 3807 2965 3874 τὴν
3000 3805 3261 3873 νύκτερον
3294 3805 3710 3875 ἐπιπρόσθεσιν.

776 3900 1145 3953 intermissam
1184 3912 1440 3966 operam;
1501 3898 1595 3951 sed
1630 3900 1854 3968 vigilare
1889 3904 2110 3972 quidem
2148 3922 2242 3976 per
2302 3907 2619 3981 hujusmodi
2678 3901 2945 3957 luminum
2999 3901 3254 3970 gratiam,
3303 3907 3357 3953 et
3406 3900 3689 3969 quiescere
3723 3918 3823 3972 per
3859 3906 4037 3961 noctis

776 3997 1250 4063 interpositionem
1285 3996 1574 4063 possimus.

849 4092 941 4146 2|.
974 4090 1097 4145 Ilmc
1147 4091 1316 4160 igitur
1345 4090 1695 4159 ,ediscebant,
1749 4101 1825 4157 et,
1869 4092 2099 4149 istorum
2134 4098 2359 4165 auxlio,

2530 4102 2636 4149 καθ.
2671 4091 2859 4147 Ταῦτα
2886 4108 2942 4143 τε
2972 4085 3069 4143 οὖν
3095 4089 3456 4155 ἐδιδάσκοντο,
3484 4095 3575 4145 καὶ
3602 4094 3689 4147 δια
3719 4095 3904 4162 μέσων
3920 4095 4039 4145 τοί-

779 4184 884 4235 alia
927 4183 1080 4249 plura
1133 4194 1198 4233 ac
1250 4179 1497 4233 meliora.
1533 4178 1760 4247 Insuper
1808 4193 1986 4235 autem
2022 4184 2364 4241 doceban'ur

2460 4204 2567 4239 των
2592 4185 2675 4236 Et:
2689 4199 2755 4252 ρα
2776 4185 2871 4234 καὶ
2888 4179 3057 4231 πλείω
3079 4180 3172 4230 καὶ
3198 4178 3481 4249 κρείττονα
3504 4197 3518 4211 '
3546 4184 4035 4251 προσεὸιδασκςντο

779 4273 924 4341 quod
971 4278 1207 4325 mentem
1260 4278 1315 4322 et
1347 4270 1613 4323 rationem
1666 4270 1915 4325 homines
1968 4273 2251 4336 habentes,
2308 4286 2361 4330 et

2459 4279 2513 4331 δὲ
2547 4280 2643 4331 καὶ
2689 4277 2770 4327 ὅτι
2806 4273 2930 4327 νοῦν
2955 4272 3048 4325 καὶ
3080 4272 3237 4337 λόγον
3262 4272 3311 4323 ot
3344 4272 3622 4344 ἄνθρωποι
3655 4277 3901 4343 σχόντες,
3947 4282 4035 4328 καί

782 4369 886 4417 hoc
918 4364 1129 4431 insigne
1191 4375 1358 4431 super
1395 4362 1765 4432 quodcunque
1810 4362 1959 4416 aliud
2005 4365 2206 4418 animal
2243 4365 2362 4421 feli-

2458 4368 2615 4422 τοῦτο
2641 4366 2921 4435 ἐξαίρετον
2958 4365 3096 4432 ὑπὲρ
3122 4362 3262 4427 ζῶον
3292 4364 3437 4416 ἅπαν
3480 4366 3608 4418 ἄλλο
3634 4367 4033 4437 εὑκληροῦντες

779 4458 923 4508 citer
982 4451 1164 4508 sortiti
1229 4467 1294 4507 ex
1356 4452 1532 4506 altero
1595 4454 1820 4507 meliore
1868 4455 2088 4523 spiritu.
2126 4456 2363 4512 ratione-

2460 4460 2523 4512 ἐκ
2552 4460 2717 4511 ποθεν
2744 4458 3055 4526 κρεῖττονος
3083 4457 3270 4524 ἐτέρου
3300 4459 3393 4509 καὶ
3422 4455 3515 4507 νοῦ
3548 4460 3641 4510 καὶ
3673 4458 3861 4523 λόγου,
3897 4460 4030 4511 παν-

786 4560 895 4615 que
927 4551 1245 4614 praestante,
1279 4542 1524 4596 omnium
1552 4557 1674 4611 quae
1720 4550 1851 4597 sunt
1897 4543 1951 4597 in
1987 4544 2192 4598 mundo
2225 4561 2353 4600 auc-
2387 4564 2433 4620 ο

2387 4564 2433 4620 ο
2460 4570 2567 4605 των
2598 4551 2707 4602 τῶν
2736 4550 2877 4601 κατά
2901 4549 3106 4617 κόσμον
3139 4546 3333 4609 αἰτίου,
3366 4546 3435 4598 τι
3462 4547 3685 4599 τοιαῦτα
3716 4548 4033 4601 πλουτοῦσιν

786 4648 932 4700 tore,
966 4634 1276 4706 huiusmodi
1326 4635 1483 4689 bonis
1530 4636 1796 4699 ditantur,
1840 4644 2027 4705 utpote
2053 4638 2366 4697 haereditate

2468 4640 2669 4709 ἀγαθὰ,
2706 4640 2838 4693 ὡσεὶ
2880 4638 2974 4690 καὶ
3013 4638 3216 4707 κλῆρον
3256 4638 3567 4705 καθήκοντα
3602 4640 3679 4699 εἰς
3711 4640 3912 4700 αὐτούς
3936 4657 3947 4668 ·
3982 4640 4034 4689 ἰν

790 4730 856 4783 ad
883 4733 1030 4797 ipsos
1068 4728 1396 4795 pertinente;
1431 4742 1593 4796 quam
1623 4742 1841 4797 semper
1867 4728 2029 4782 etiam
2062 4733 2364 4799 requirere,

2468 4732 2563 4784 καὶ
2597 4729 2762 4799 ἐχρῆν
2812 4728 3091 4797 ἐπιζητεῖν
3124 4728 3299 4790 ἐσαεὶ,
3339 4726 3471 4781 ὡσεὶ
3497 4727 3591 4779 καὶ
3624 4729 3758 4789 παῖς
3814 4727 4034 4796 εὐγενὴς

789 4824 929 4875 sicut
975 4820 1175 4873 nobilis
1224 4819 1366 4873 lilius
1418 4820 1700 4889 proprium
1736 4828 1969 4889 patrem,
2018 4828 2257 4889 oportet.
2301 4822 2368 4879 Et

2467 4820 2685 4890 πατέρα
2714 4821 2807 4871 τὸν
2844 4818 2996 4871 ἴδιον.
3033 4818 3144 4869 Καὶ
3171 4816 3314 4869 οὑτω
3350 4818 3449 4886 μὲν
3492 4817 3647 4871 αὑτοὶ
3689 4818 4034 4878 διδασκαλίας

794 4916 875 4967 sic
903 4912 1122 4981 quidem
1152 4911 1254 4981 ipsi
1286 4909 1588 4964 doctrinam
1619 4910 1960 4980 accipiebant
1991 4910 2365 4967 absconditam

2470 4909 2616 4984 sixw
2672 4909 3062 4980 σεσιγημένης.
3091 4909 3210 4978 ἢνὸ
3258 4910 3462 4979 κόσμος
3508 4908 3691 4971 αὐτοῖς
3739 4909 4036 4963 ὑπέὁαλλεν

793 5017 955 5071 quam
991 5002 1226 5055 mundus
1283 5000 1417 5071 ipsis
1452 4999 1787 5071 subiicichat
1841 5011 2178 5071 conspectus
2221 5012 2274 5057 et
2312 5011 2368 5055 ut

1956 5011 2178 5071 spectus
2221 5012 2274 5057 et
2312 5011 2368 5055 ut
2467 5003 2765 5075 ὁρώμενος,
2797 5003 2892 5054 καὶ
2918 5000 2992 5063 ὡς
3023 4999 3130 5052 εδει
3166 4999 3617 5069 κατανοοῦμενος.

792 5095 945 5147 decet
977 5094 1335 5161 recogitatus.

860 5187 950 5239 ‘22.
978 5185 1115 5241 Cum
1156 5195 1336 5238 autem
1372 5185 1504 5239 illud
1539 5184 1725 5239 efﬁcax
1761 5200 1790 5240 a
1816 5184 1924 5242 Deo
1977 5186 2367 5241 documentum

2542 5185 2648 5254 κβ’.
2691 5185 2846 5239 Ἐπεὶ
2890 5184 2945 5235 δὲ
2976 5183 3036 5234 τὸ
3080 5180 3405 5250 ἔμπρακτον
3432 5176 3589 5231 τοῦτο
3622 5179 3683 5230 ἐκ
3716 5177 3857 5231 Θεοῦ
3902 5181 4034 5233 διδα-

799 5280 979 5332 nullos
1010 5279 1279 5332 inveniret
1321 5286 1559 5331 mentem
1594 5278 1659 5330 ad
1716 5278 1895 5347 ipsum
1943 5278 2230 5342 habentes,
2274 5276 2369 5332 sed

2473 5277 2691 5330 σκάλιον
2728 5277 2943 5338 οὐδένας
2994 5273 3273 5342 εὕρισκεν,
3315 5271 3537 5339 ἔχοντας
3587 5270 3679 5320 τὸν
3728 5272 3860 5323 νοῖν
3908 5272 4032 5339 πρὶς

798 5388 964 5435 prave
1001 5373 1369 5441 intelligerent
1406 5372 1553 5425 hunc
1588 5372 1922 5440 primitivum
1961 5372 2239 5441 spiritum,
2277 5374 2369 5439 qui

2472 5369 2641 5438 αὐτῷ,
2682 5368 2816 5421 ἀλλὰ
2856 5365 3161 5436 παρενὺουν
3202 5364 3292 5416 τὸν
3327 5362 3633 5431 πρώτιστον
3664 5361 3811 5439 νοῖέν,
3848 5362 3906 5422 ὃς
3950 5364 4031 5413 καὶ

798 5476 851 5519 et
900 5464 1126 5534 spiritus
1173 5464 1450 5533 angelicas
1542 5463 1771 5525 creavit,
1848 5471 1901 5517 et
1973 5468 2229 5516 mortales
2278 5464 2368 5531 qui

2366 5465 2368 5515 ί
2472 5462 2597 5523 τοὺς
2622 5460 2943 5527 ἀγγελικοῦς
2979 5457 3101 5519 νόας
3130 5456 3422 5522 ὑπέστησε,
3457 5453 3552 5505 καὶ
3590 5453 3739 5515 τοὺς,
3789 5452 3903 5504 ὅσοι
3935 5450 4028 5502 τῶν

801 5557 959 5623 paulo
996 5556 1177 5608 minus
1216 5554 1283 5607 ah
1311 5554 1515 5623 angelis
1555 5561 1705 5614 sunt,
1760 5567 1823 5605 ac
1860 5554 1910 5605 iu
1942 5556 2233 5604 amentiam
2262 5552 2370 5619 plc-

2364 5580 2370 5589 -
2475 5552 2647 5622 βραχὺ
2677 5568 2728 5603 τι
2779 5550 2907 5619 παρ’
2940 5548 3205 5615 ἀγγέλους
3235 5544 3636 5614 ἡλαττωμένων
3686 5544 3814 5605 εἰσὶ,
3849 5544 3940 5595 καὶ
3960 5542 4026 5600 εις

802 5652 960 5717 rique
989 5651 1239 5702 dremone
1278 5647 1419 5715 pulsi
1450 5652 1926 5711 converterentur,
1968 5653 2020 5697 (ι
2051 5660 2157 5697 ttOu
2192 5646 2369 5698 solum

2359 5666 2369 5696 ι
2472 5643 2735 5695 ἀπόνοιαν
2774 5641 2821 5692 ol
2870 5640 3083 5699 πλείους
3115 5633 3439 5706 δαιμονιώδη
3488 5636 3916 5705 παρετρέποντο,
3946 5629 4021 5681 καὶ

803 5745 855 5794 in
885 5742 1007 5793 aliis
1032 5739 1359 5810 quibusdam
1419 5738 1718 5792 insanirent
1744 5776 1759 5801 ,
1814 5739 1906 5789 sed
1941 5745 1993 5789 et
2029 5744 2212 5789 creata
2245 5751 2370 5789 cor-

2355 5765 2370 5775 -
2472 5733 2530 5783 οὑ
2561 5733 2722 5800 μόνον
2746 5730 2879 5783 ἄλλα
2904 5730 3025 5781 τινὰ
3052 5728 3448 5796 παρεφρόνουν,
3474 5724 3609 5778 ἀλλὰ
3638 5726 3732 5777 καὶ
3756 5724 3822 5777 τα
3849 5722 4017 5775 κτιστα

806 5834 1189 5904 ruptibiliaque
1212 5833 1264 5886 in
1287 5831 1440 5895 deos,
1476 5837 1838 5902 repugnantes
1867 5828 1995 5891 Deo,
2023 5828 2368 5893 cxtollcrcut,

2356 5868 2368 5893 ,
2474 5827 2567 5878 καὶ
2600 5824 2816 5893 ’ξθαρτὶ
2872 5822 2948 5885 εἰς
2996 5820 3149 5883 θεοὺς
3183 5819 3379 5889 ἀνῆγον
3432 5815 3861 5888 θεομαχοῦντεςο
3910 5813 4009 5863 τότε
