4210 6438
224 383 339 449 i353

1155 384 1236 443 ιχ
1281 384 1338 445 s.
1383 382 2070 455 QUADRAGESIMAM
2107 384 2399 447 ORATIO
2443 372 2591 448 tn.‘

3368 402 3478 465 651

222 499 287 570 δὴ
313 498 546 570 ἐλεήσας
574 497 704 561 τοὺς
751 495 1027 557 τοιούτους
1073 495 1169 564 τῆς
1204 494 1511 564 παροινίας,
1542 497 1639 549 καὶ
1676 511 1793 549 ποι-

1898 520 1968 532 -
1997 500 2109 547 tum
2142 496 2400 552 misertus
2425 497 2642 551 illorum
2695 500 3009 570 dementiai,
3038 504 3132 575 qui
3172 516 3373 563 cuncta
3397 511 3479 564 fe-

223 592 366 657 ήσας
400 589 471 641 τὰ
496 589 676 644 πάντα
705 589 803 641 καὶ
846 586 905 639 εὖ
940 586 1196 656 ποιήσας,
1244 587 1458 639 εὐδοκεῖ
1490 586 1577 637 ἐπ’
1607 586 1799 653 ἐκείνῳ

220 682 302 752 τῷ
332 682 661 751 ποιῆσαιτὰ
702 682 916 753 πρῶτα,
948 675 1068 733 εἶτα
1107 679 1203 732 καὶ
1237 679 1442 744 διδάξαι
1470 697 1483 711 ’
1520 682 1613 732 καὶ
1643 680 1802 734 τοῦτο

225 774 555 843 πολυτρόπῳ
592 773 802 844 μεθόδῳ
828 770 1444 841 ὲπιφιλοτιμησάμενος,
1481 772 1802 826 ἀποστέλλει

223 865 570 935 θεράποντας
622 864 790 918 αὐτοῦ
822 864 1184 926 διδασκάλους
1217 863 1327 915 τῶν
1356 863 1518 918 θείων
1562 864 1802 934 θελημά-

222 972 335 1007 των
361 953 595 1017 πολλούς
618 971 634 986 ο
664 956 725 1007 ὲν
750 951 831 1018 οἷς
859 953 983 1024 δίχα
1010 954 1122 1007 τῶν
1148 952 1344 1020 ἄλλων,
1372 954 1481 1007 τῶν
1502 955 1593 1008 καὶ
1623 953 1801 1022 σοφῶν

224 1047 319 1100 καὶ
360 1046 726 1116 πολυσχιδῶν,
778 1047 875 1100 καὶ
935 1045 1209 1116 προφῆται
1264 1045 1455 1113 γένους
1512 1045 1800 1116 ἑκατέρου.

225 1137 363 1190 Οὐδὲ
396 1138 509 1207 γὰρ
540 1137 659 1190 οὐδὲ
706 1137 767 1190 τὸ
795 1137 931 1207 θῆλυ
966 1135 1261 1199 ἀσυντελὲς
1292 1136 1425 1189 οὐδ’·
1453 1136 1686 1191 ἐνταῦθα
1721 1141 1801 1201 είς

222 1227 584 1283 διδασκαλίαν
625 1226 779 1283 θείαν
809 1226 1016 1297 άπέὸη,
1047 1225 1182 1280 ἀλλὰ
1222 1226 1409 1279 πολλοὶ⁵
1443 1225 1800 1297 ἐδιδάχθησαν

224 1321 318 1373 καὶ
346 1319 417 1373 δι’
446 1317 638 1373 αὐτοῦ.

293 1411 404 1479 κγ’.
447 1414 603 1466 Ἐπεὶ
650 1413 710 1467 δὲ
744 1414 1039 1485 κατίσχυεν
1091 1414 1121 1465 δ
1158 1412 1261 1483 τῆς
1307 1412 1579 1484 ἁμαρτίας
1631 1413 1800 1468 είσέτι

221 1504 390 1572 νόμος
425 1506 522 1557 καὶ
551 1504 612 1557 τὸ
642 1503 764 1557 κατ’
811 1505 985 1574 αὐτὴν
1014 1504 1157 1569 έθος,
1191 1504 1286 1560 καλ⁵
1314 1505 1433 1558 οὐδὲ
1470 1504 1643 1568 οὕτως
1671 1505 1799 1575 ἑξη-

223 1596 465 1663 ὶείφετο,
515 1596 653 1649 ἀλλὰ
697 1598 849 1650 πᾶσα
881 1595 1201 1649 διδασκαλία
1249 1599 1343 1649 καὶ
1394 1595 1674 1667 ἔγγραφος
1705 1597 1801 1649 καὶ

1903 593 2053 637 cerat
2082 593 2139 639 et
2188 587 2323 643 bene
2364 586 2590 654 fecerat,
2638 592 2830 659 prima:
2865 597 3132 651 creationi
3168 599 3477 656 doctrinam

1909 675 2147 743 adjecit;
2191 689 2244 733 et
2279 680 2403 735 huic
2435 682 2725 751 multiplici
2766 685 3022 741 methodo
3046 705 3172 744 cum
3226 692 3480 757 adita-sit,

1908 766 2109 824 multos
2130 783 2161 823 e
2185 770 2302 825 suis
2325 772 2499 827 servis
2520 773 2828 829 divinarum
2860 777 3197 837 voluntatum
3220 784 3482 841 doctores

1905 855 2140 927 ablegat,
2167 860 2222 914 in
2250 862 2452 932 quibus
2478 875 2673 933 praeter
2694 868 2856 935 alios,
2888 869 3168 939 sapientes
3188 883 3244 928 et
3273 879 3480 940 varios,

1913 950 2202 1022 utriusque
2222 954 2439 1023 generis
2463 957 2768 1027 prophetae.
2792 960 2902 1018 Nec
2921 963 3068 1018 enim
3092 964 3181 1021 hic
3208 965 3480 1025 femineus

1904 1052 2071 1096 sexus
2125 1044 2193 1097 ad
2232 1044 2470 1101 divinam
2531 1049 2844 1107 doctrinam
2888 1057 3062 1112 evasit
3107 1057 3344 1128 inutilis,
3384 1063 3479 1117 Sed

1905 1130 2062 1185 multi
2100 1134 2170 1189 ab
2206 1135 2300 1189 illo
2325 1138 2502 1194 edocti
2531 1151 2682 1198 sunt.

1971 1391 2062 1447 25.
2096 1394 2232 1481 Cum
2268 1407 2449 1455 autem
2487 1401 2667 1460 adhuc
2708 1420 3032 1477 premeret
3060 1416 3271 1481 peccati
3302 1418 3387 1474 lex
3422 1432 3477 1474 ct

1905 1499 2088 1542 mores
2116 1480 2190 1543 εί
2213 1489 2316 1544 ista
2347 1494 2627 1552 venientes
2646 1512 2715 1553 ne
2743 1499 2824 1556 sic
2849 1505 3071 1573 quidem
3094 1505 3474 1576 abolerentur,

1907 1576 2003 1631 sed
2038 1581 2219 1635 omnis
2244 1580 2498 1639 doctrina
2523 1589 2728 1660 scripta
2762 1600 2816 1647 et
2847 1608 2954 1649 non
2978 1600 3182 1667 scripta
3218 1602 3475 1660 inefficax

222 1689 474 1757 ἄγραφος
506 1690 675 1760 ἀργὸς
703 1667 819 1758 ’ἦνο
855 1689 975 1742 τότε
1019 1689 1085 1760 δὴ
1130 1688 1493 1759 ἀμετασάτως
1535 1690 1629 1747 καὶ
1678 1689 1793 1744 οὐδὲ

1900 1676 2069 1735 εδεεῒ,
2110 1678 2241 1726 tunc
2273 1674 2481 1746 absque
2516 1683 2822 1739 mutatione
2866 1694 2922 1741 et
2952 1690 3295 1749 demissione
3314 1696 3481 1751 desu-

1901 1771 1999 1799 nm-
2032 1758 2084 1799 in
2122 1760 2346 1799 humilia
2392 1766 2731 1799 dannt;anm-
2781 1786 2828 1799 Α.
2882 1779 3041 1799 ..-μη
3093 1782 3105 1799 ι
3305 1786 3317 1799 .
3464 1798 3469 1799 ,

220 1781 522 1850 χθαμαὶῶς
550 1782 743 1845 διαϐάς
786 1781 997 1839 ἄνωθεν
1025 1782 1106 1844 είς
1156 1781 1227 1834 τὰ
1262 1783 1519 1846 ταπεινὰ,
1556 1782 1654 1835 καὶ
1682 1797 1793 1835 κοι-

1901 1771 1999 1825 per
2032 1760 2085 1812 in
2120 1760 2347 1817 humilia
2392 1766 2733 1829 descendens
2776 1786 2831 1831 et
2880 1779 3045 1837 rebus
3091 1782 3370 1852 humanis,
3418 1798 3479 1843 ut

1902 1848 2123 1894 (lambat
2181 1852 2347 1894 nullm
2412 1860 2745 1894 ηανιῖι-ἶηηηρ
2822 1868 2871 1894 ε..
2917 1870 3097 1894 -1--ε,.
3154 1892 3223 1894 ﬂ,
3275 1880 3286 1892 ο
3327 1890 3336 1894 -
3414 1883 3443 1894 ..

219 1847 473 1945 ν-ωνησας
496 1876 608 1928 τῶν
639 1878 762 1929 κατ’
793 1875 1102 1945 ἄνθρωπον,
1132 1875 1207 1940 ὡς
1239 1874 1360 1945 Θιῷ
1383 1875 1643 1946 ἔπρεπεν,
1672 1876 1793 1931 ἐκά-

1902 1848 2124 1905 decebat
2178 1852 2370 1922 Deum,
2408 1860 2769 1932 participans,
2820 1868 2874 1923 in
2914 1870 3102 1941 gloriae
3148 1847 3478 1949 magistratus

221 1970 375 2020 οισεν
404 1969 498 2021 ἐπὶ
527 1967 719 2038 θρόνου
749 1969 912 2038 δόξης
940 1968 1332 2038 διδασκαλικῆς
1354 1981 1370 1999 ⁶
1397 1969 1489 2022 καὶ
1512 1971 1576 2022 ἐκ
1607 1969 1798 2033 παιδὸς

219 2061 329 2122 ἕως
372 2059 468 2112 καὶ
504 2061 583 2120 είς
613 2060 831 2129 ἡλικίαν
858 2059 1073 2113 τελείαν
1124 2060 1463 2130 προσμείνας
1492 2060 1567 2130 τῷ
1618 2064 1797 2116 ποιεῖν

218 2152 316 2202 καὶ
342 2151 640 2214 διδάσκειν,
672 2148 864 2219 ὲξήνυε
894 2149 963 2204 τὰ
988 2151 1069 2212 είς
1099 2150 1376 2220 σωτηρίαν
1405 2151 1585 2220 ἡμῶν,
1616 2169 1797 2221 μακα-

221 2240 492 2309 ριώτατον
525 2238 684 2293 τοῦτο
732 2238 1098 2302 ὲκτετελεκὼς
1144 2242 1399 2312 πρᾶγμα,
1435 2239 1497 2304 ἐξ
1538 2235 1600 2294 οὗ
1626 2241 1797 2293 διεϐι-

218 2331 398 2412 6άσρη
427 2333 455 2384 δ
486 2331 837 2402 μακαρισμὸς
867 2329 964 2385 καὶ
988 2331 1070 2395 είς
1117 2332 1326 2395 πάντας
1358 2331 1573 2398 ἄλλους,
1603 2332 1652 2385 οἳ
1681 2333 1796 2386 δια-

215 2422 539 2491 δεδεγμένοι
567 2421 730 2475 αὐτὸν
766 2421 981 2474 ποιοῦσι
1013 2421 1107 2474 καὶ
1135 2421 1478 2476 διδάσκουσιν
1506 2425 1796 2478 ἀποστολι-

215 2514 358 2576 κῶς,
393 2507 471 2567 ὧν
524 2512 773 2583 ἑκατέρῳ
820 2511 1107 2582 ἀμφότερα
1161 2511 1574 2583 ἐνθεωροῦνται,
1620 2515 1669 2567 εί
1700 2516 1795 2569 καὶ

216 2608 394 2669 ἄλλως
435 2606 512 2669 ὡς
544 2600 633 2658 οἷα
662 2605 730 2658 δι’
763 2602 1012 2676 ἀλλήλων
1042 2604 1267 2673 ἥκοντα.
1304 2606 1525 2676 Ποίησίς
1564 2624 1621 2659 τε
1657 2610 1794 2677 ἀγα-

217 2698 313 2751 θοῦ
344 2700 534 2753 ἅπασα
560 2698 639 2760 είς
668 2697 1021 2751 διδασκαλίαν
1055 2697 1393 2767 ἀποτελευτᾷ
1436 2698 1550 2751 τῶν
1579 2700 1794 2753 ἐθελόν-

214 2807 326 2842 των
367 2788 568 2859 ζηλοῦν
594 2806 609 2821 ·
641 2791 733 2843 καὶ
769 2789 1088 2842 διδασκαλία
1118 2790 1174 2841 δὲ
1202 2789 1407 2855 ἀγαθοῦ
1438 2791 1668 2844 παντοία
1712 2794 1795 2856 είς

216 2885 447 2953 ποίησιν
476 2882 641 2936 αὐτοῦ
672 2885 877 2953 ἀφορᾷ,
926 2883 1001 2945 ὡς
1041 2883 1340 2952 ἁπολήγειν
1388 2882 1446 2935 τ’)
1478 2884 1577 2954 μὲν
1621 2889 1794 2940 ποιεῖν

215 2977 299 3038 είς
330 2977 394 3027 τὸ
426 2976 721 3039 διδάσκειν,
755 2975 817 3027 τὸ
847 2975 905 3028 δὲ
949 2974 1223 3028 διδάσκειν
1252 2977 1332 3036 είς
1366 2976 1424 3027 τὶ
1470 2978 1663 3042 ποιεῖν,
1699 2978 1794 3030 καὶ

216 3061 396 3125 οὕτως
459 3064 538 3125 είς
572 3063 725 3126 τέλος
773 3064 1101 3132 ἀμφοτέρων
1155 3063 1430 3116 ἐκδαίνειν
1483 3067 1791 3134 ἀμφότερα.

215 3155 330 3206 Καὶ
361 3154 512 3206 ἔστιν
557 3155 829 3217 οἰκείωσις
864 3158 958 3207 καὶ
996 3154 1133 3225 αὕτη
1191 3155 1491 3226 φυλακικὴ,
1539 3174 1788 3226 μεταχω-

1904 1937 2101 1995 throno
2130 1945 2309 2012 sedit;
2341 1956 2395 2002 et
2429 1951 2498 2005 ab
2525 1951 2759 2011 infantia
2801 1937 2978 2031 usque
3010 1965 3079 2019 ad
3111 1937 3325 2024 aetatem
3358 1937 3481 2041 per-

1900 2028 2122 2095 fectam,
2178 2034 2361 2095 facere
2404 2040 2713 2116 docereque
2760 2028 3144 2123 perseverans,
3196 2075 3315 2131 qua:
3348 2028 3477 2118 sunt

1900 2120 1967 2173 ad
2018 2132 2263 2212 nostram
2320 2130 2554 2189 salutem
2599 2138 2941 2212 adimplevit,
2997 2120 3476 2210 hoc-felicissimo

1900 2211 2225 2280 perfunctus
2276 2224 2524 2291 negotio,
2566 2242 2635 2282 ex
2670 2245 2781 2300 quo
2815 2211 3090 2295 felicitatis
3125 2242 3473 2313 privilegium

1897 2307 2119 2360 transiit
2140 2310 2207 2363 ad
2231 2310 2369 2368 alios
2392 2328 2608 2385 omnes,
2635 2321 2731 2390 qui
2757 2326 3087 2398 recipientes
3109 2307 3261 2391 illius
3290 2307 3476 2393 locum

1895 2400 2199 2466 apostolice
2241 2403 2452 2461 faciunt
2482 2418 2537 2464 et
2585 2413 2811 2481 docent,
2854 2433 3088 2489 quorum
3135 2425 3189 2479 in
3244 2438 3476 2501 utroque

1896 2490 2059 2544 ambo
2087 2497 2533 2567 conspiciuntur,
2582 2508 2685 2563 etsi
2720 2508 2859 2566 alias
2886 2516 3046 2583 quasi
3094 2533 3192 2587 per
3236 2490 3472 2578 invicem

1896 2584 2136 2641 veniant.
2173 2586 2368 2648 Omnis
2394 2600 2680 2655 exsecutio
2716 2602 2842 2659 boui
2888 2584 3211 2668 terminatur
3245 2615 3312 2668 ad
3343 2616 3475 2670 duco

1899 2676 2098 2732 trinam
2152 2685 2401 2740 aemulari
2453 2690 2796 2761 volentium;
2846 2706 2901 2753 et
2949 2703 3130 2758 omnis
3175 2704 3303 2762 boni
3336 2708 3469 2764 doc-

1898 2767 2041 2821 trina
2075 2770 2140 2822 ad
2171 2771 2323 2828 illius
2352 2781 2760 2839 exsecutionem
2791 2789 3077 2860 prospicit,
3104 2796 3176 2849 ita
3208 2805 3266 2850 ut
3282 2813 3472 2868 opera-
3515 2853 3519 2857 .

1900 2858 1981 2911 tio
2012 2860 2229 2917 desinat
2260 2866 2312 2919 iu
2340 2866 2673 2940 doctrinam,
2704 2885 2759 2930 et
2815 2858 3071 2938 doctrina
3104 2885 3159 2939 in
3194 2858 3473 2958 operatio-

1897 2964 2042 3015 nem,
2076 2965 2129 3007 et
2167 2955 2250 3009 sic
2300 2958 2539 3016 finaliter
2574 2974 2808 3037 utraque
2840 2986 2905 3026 ex
2930 2984 3160 3048 utraque
3188 2955 3468 3050 procedat.

1897 3038 1989 3094 Est
2018 3046 2219 3099 etenim
2252 3053 2558 3119 proprietas
2614 3054 2703 3111 illa
2762 3068 2973 3128 custos,
3006 3038 3097 3121 ubi
3135 3038 3367 3141 utraque
3414 3075 3469 3130 in

1896 3141 2182 3204 utramque
2222 3149 2409 3194 mutua
2463 3144 2580 3199 vice
2626 3151 2824 3205 transit
2875 3162 2930 3208 et
2970 3154 3244 3216 hominem
3273 3178 3472 3220 secun-

216 3244 462 3317 φύντων
506 3245 783 3315 ἑκατέρων
808 3247 886 3306 είς
930 3207 1170 3314 ἑκάτερα
1202 3207 1351 3316 ⁵λόγῳ
1401 3247 1789 3319 ἀντιστροφῆς,
1818 3207 1862 3266 C
1894 3222 2025 3276 dum
2061 3226 2226 3280 "cum
2254 3230 2489 3299 Ρίτίίθίίο

216 3334 313 3388 και
338 3335 810 3405 τελεσφορούντων
836 3336 1119 3409 ἄνθρωπον
1146 3337 1235 3389 τὸν
1266 3338 1407 3390 κατὰ
1439 3337 1592 3396 Θεόν.

287 3425 387 3482 κδ’.
429 3428 857 3496 Καθεσταμένου
884 3428 948 3498 δὴ
981 3427 1122 3480 οὕτω
1167 3434 1258 3480 καὶ
1292 3428 1385 3481 τοῦ
1415 3429 1584 3500 ἄμφω
1618 3434 1789 3488 ταῦτα

214 3520 285 3573 τὰ
320 3518 504 3588 ἀγαθὰ
532 3518 845 3583 δυάζοντος,
877 3519 938 3571 τὸ
964 3519 1166 3589 δηλαδὴ
1201 3520 1295 3573 καὶ⁸
1322 3524 1499 3576 ποιεῖν
1531 3524 1623 3575 καὶ
1644 3524 1787 3579 διδά-

218 3627 397 3675 σκειν,
438 3610 799 3662 ἐπισκεπτέον
825 3610 921 3662 καὶ
946 3611 1036 3663 τὸν
1060 3612 1237 3680 πάντη
1263 3610 1507 3677 ἐξαλλον,
1530 3614 1623 3667 τὸν
1649 3618 1787 3685 μήτε

216 3702 481 3756 ποιοῦντά
510 3720 561 3754 τι
595 3701 822 3770 ἀγαθὸν,
859 3703 996 3772 μηδὲ
1047 3704 1151 3773 μὴν
1182 3703 1504 3759 διδάσκοντα
1529 3722 1543 3737 ’
1579 3710 1669 3759 καὶ
1700 3709 1787 3780 εἴη

216 3796 286 3848 ἂν
312 3793 476 3857 αὐτὸς
519 3793 620 3845 οὐκ
665 3791 734 3846 ἂν
762 3793 883 3845 οὐδὲ
914 3793 1053 3855 ζῶον
1100 3793 1317 3860 ἄλογον,
1344 3796 1465 3848 οὐδέ
1498 3814 1576 3859 τις
1621 3798 1787 3868 ὲτέρα

214 3885 325 3938 τῶν
355 3883 672 3953 ἀλλοφύλων
704 3884 944 3951 φύσεων,
989 3883 1023 3936 ἆ
1054 3886 1146 3936 καὶ
1179 3884 1317 3937 αὐτὰ
1350 3885 1643 3951 λελόγωται
1667 3891 1787 3958 τρόε

213 3993 319 4028 πον
348 3978 496 4039 τινὰ,
529 3969 608 4038 οἷς
640 3976 720 4037 είς
749 3972 1066 4027 Θεοῦ-αἶνον
1102 3976 1535 4045 μετακαλοῦνται
1559 3979 1787 4050 ψαλμῳ-

212 4066 382 4129 δικῶς
415 4066 504 4119 διὰ
532 4068 599 4119 τὰ
644 4067 701 4118 ὲν
732 4068 916 4129 αὐτοῖς
965 4068 1265 4135 θαυμάσια.
1306 4069 1589 4137 Λογίζοιτο
1636 4072 1680 4123 δ’
1720 4072 1787 4125 ἂν

213 4158 663 4228 προσφυέστερον
693 4159 721 4210 ό
754 4159 996 4221 τοιοῦτος
1023 4162 1102 4221 είς
1130 4160 1421 4229 ἄνθρωπον
1448 4162 1479 4231 ἢ
1521 4162 1721 4217 λίθινον
1752 4165 1783 4235 ἢ

215 4251 569 4319 μαινόμενον,
601 4249 651 4301 οῖ
686 4248 810 4302 οὔτε
844 4249 1066 4319 δρῶσιν,
1095 4248 1217 4303 οὔτε
1241 4251 1583 4305 διδάσκουσιν
1610 4256 1783 4317 οὐδὲν,

211 4336 331 4391 ἀλλ’
367 4337 402 4407 ἢ
432 4338 591 4407 μόνον
625 4336 902 4390 ὲλεοῦνται
933 4338 1027 4388 τοῦ
1076 4341 1484 4409 παρενηνέχθαι
1518 4343 1612 4410 τῆς
1644 4347 1785 4397 κατὰ

212 4426 377 4494 φύσιν
408 4426 659 4488 πλάσεως
679 4443 692 4456 ·
724 4419 797 4478 ὧν
822 4427 1121 4496 ὲπιμᾶλλον
1152 4430 1507 4497 δυσμίμητοε,
1548 4433 1607 4484 ὲν
1644 4429 1723 4497 οἷς
1752 4436 1783 4504 ἡ

1966 3412 2053 3465 2i.
2090 3412 2272 3468 Posito
2315 3432 2532 3487 quoque
2581 3420 2656 3475 ita
2692 3422 2818 3491 hoc,
2855 3429 2999 3497 quod
3033 3434 3255 3503 copulat
3306 3441 3471 3496 ambo

1895 3506 2002 3557 ista
2035 3506 2200 3570 bona,
2227 3508 2403 3565 facere
2438 3514 2651 3569 scilicet
2678 3525 2732 3571 et
2759 3517 2983 3589 docere,
3036 3528 3469 3590 considerandus

1893 3596 2056 3649 etiam
2113 3609 2198 3651 est
2257 3602 2349 3656 ille
2414 3619 2642 3672 prorsus
2689 3609 2852 3674 alius,
2908 3613 2999 3669 ille
3057 3619 3151 3687 qui
3205 3636 3307 3678 nec
3363 3627 3468 3679 ali--

1890 3690 2022 3759 quid
2055 3691 2179 3746 boni
2220 3693 2371 3761 facii,
2401 3710 2502 3750 nec
2549 3700 2749 3768 docet;
2796 3704 2925 3773 quin
2970 3707 3088 3778 ipse
3113 3710 3185 3766 sit
3222 3727 3315 3769 aut
3342 3718 3463 3771 bruta

1894 3791 2006 3836 tum
2060 3785 2282 3850 animal,
2338 3796 2434 3841 aut
2481 3793 2733 3862 quaedam
2791 3796 3092 3855 alienarum
3155 3807 3464 3873 specierum

1890 3873 2103 3937 altera;
2153 3890 2273 3942 qua:
2322 3881 2541 3948 quidem
2588 3893 2643 3938 et
2725 3884 2844 3954 ipsa
2877 3889 3284 3955 quodammodo
3328 3912 3457 3953 ass;-

1891 3961 2075 4015 milata
2106 3975 2233 4018 sunt
2284 3970 2506 4033 rationi,
2547 3986 2613 4026 eo
2668 3977 2811 4043 quod
2854 3987 3077 4050 propter
3108 3984 3381 4043 mirabilia
3411 4008 3423 4042 ,ά

1889 4052 1970 4107 eis
2006 4065 2325 4125 cmmpecta,
2368 4062 2434 4113 ad
2480 4062 2571 4118 Dei
2620 4065 2840 4122 laudem
2878 4083 2908 4122 a
2941 4068 3229 4131 Psalmista
3264 4094 3465 4136 convo-

1889 4156 2101 4201 cantur.
2132 4151 2326 4218 Aptius
2355 4165 2535 4206 autem
2564 4156 2688 4210 talis
2720 4171 3138 4227 repraesentaret
3184 4168 3453 4227 hominen

1889 4238 1973 4291 vel
2009 4239 2277 4307 lapideum
2312 4243 2394 4298 vel
2431 4246 2717 4313 insanum,
2755 4252 2849 4318 qui
2903 4268 3007 4309 nec
3036 4256 3238 4327 aliquid
3270 4276 3462 4332 agunt,

1891 4344 1991 4382 nec
2026 4332 2241 4393 docent,
2286 4334 2383 4388 sed
2425 4345 2636 4391 tantum
2692 4341 3127 4416 miserationem,
3163 4367 3229 4407 eo
3258 4358 3404 4422 quod
3433 4375 3464 4412 a

1890 4422 2120 4474 naturali
2160 4425 2489 4481 formatione
2521 4428 2740 4485 alienati
2787 4434 2916 4501 sint,
2945 4438 3189 4495 excitant
3217 4459 3232 4496 :
3264 4445 3465 4515 quibus

211 4522 360 4590 ἄκρα
392 4520 628 4590 πονηρία
661 4519 755 4572 καὶ
787 4521 1024 4591 κοσμικὴ
1071 4522 1319 4591 καχεξία,
1346 4526 1661 4595 Δυσπραγεῖ
1692 4529 1785 4579 καὶ

1893 4512 2059 4565 multo
2093 4514 2410 4573 miseriores
2440 4519 2491 4572 hi
2524 4529 2653 4576 sunt
2701 4522 3029 4592 imitatores,
3065 4530 3119 4586 in
3151 4512 3350 4603 quibus
3381 4546 3466 4594 est

209 4615 294 4674 είς
324 4612 508 4676 πλέον,
552 4612 613 4663 τὸ
650 4613 867 4667 πάντων
905 4614 1197 4682 χείριστον.
1234 4614 1352 4665 Elei.
1385 4617 1488 4686 γάρ
1534 4634 1676 4678 τινες
1704 4619 1783 4682 είς

206 4703 468 4758 τοσοῦτον
517 4704 954 4774 κεκολοὸωμένοι
1005 4705 1104 4773 τῆς
1143 4706 1222 4767 είς
1269 4705 1473 4771 ἀγαθὸν
1511 4707 1781 4781 διαρτίας,

207 4794 350 4848 ὥστε
386 4795 485 4847 σὺν
518 4795 596 4865 τῷ
625 4796 793 4864 μηδὲν
826 4796 1262 4865 εὐηρεστημένον
1293 4796 1411 4866 Θεῷ
1446 4798 1477 4867 ἢ
1531 4803 1780 4871 ποιεῖν,ῆ

204 4886 504 4949 διδάσκειν,
530 4886 875 4939 ἐκκλίνουσιν
929 4887 1008 4948 είς
1045 4886 1105 4938 τὺ
1157 4887 1289 4957 μηδὲ⁹
1321 4889 1493 4954 ἄξιον,
1528 4891 1646 4960 Θεῷ
1695 4911 1783 4961 μι-

210 4980 353 5044 σητὰ
383 4976 479 5030 καὶ
522 4977 985 5047 διαπραττόμενοι
1017 4978 1113 5031 καὶ
1160 4978 1572 5049 ὑποτιθέμενοι,
1605 4983 1780 5035 οὐκέτ’

207 5070 367 5124 αὐτοὶ
416 5068 537 5120 οὐδὲ
583 5068 862 5134 ἄνθρωποι
891 5069 1064 5134 ὄντες,
1098 5070 1213 5121 ἀλλ’
1243 5072 1321 5134 είς
1367 5064 1624 5141 δαίμονάς
1657 5080 1781 5137 τοὺς

207 5160 302 5213 καὶ
326 5161 669 5230 ἀρχεκάκους
696 5162 789 5214 καὶ
815 5163 1177 5230 φαυλοποιοὺς
1204 5165 1296 5216 καὶ
1320 5166 1782 5234 πονηροδιδασκά-

205 5251 334 5313 λους
375 5253 828 5320 άποταττόμενοι.

276 5346 380 5394 κε’.
419 5342 575 5395 Ἐπεὶ
604 5341 696 5395 οὖν
738 5343 882 5395 οὕτω
917 5343 1086 5397 ταῦτα
1121 5346 1236 5408 (καὶ
1263 5347 1324 5399 οὐ
1367 5346 1774 5418 διεξεπέσομεν,

201 5426 386 5498 οἶμαι,
418 5430 515 5482 τοῦ
540 5431 715 5501 ὀρθῶς
739 5431 981 5501 διελεῖν),
1012 5432 1143 5504 φέρε
1170 5432 1234 5504 δὴ
1264 5434 1610 5505 ἐξετάσωμεν
1632 5438 1779 5507 ἡμᾶς

202 5522 426 5587 αὐτοὺς,
458 5521 848 5587 ἀναὸαίνοντες
882 5526 946 5575 ἑκ
996 5524 1104 5576 τῶν
1139 5525 1385 5594 ἐσχάτων
1419 5528 1511 5579 ἐπὶ
1558 5528 1627 5580 τὰ
1674 5530 1780 5599 πρὸ

200 5612 412 5673 αὐτῶν,
440 5613 535 5666 καὶ
565 5612 959 5684 θεωρήσωμεν,
1001 5616 1058 5668 ἐν
1090 5615 1231 5681 ποίῳ
1263 5616 1372 5668 τῶν
1411 5617 1780 5686 διαιρεμάτων

201 5704 544 5772 τεταξόμεθα
588 5707 751 5776 ἡμεῖς
785 5708 834 5758 οί
865 5706 960 5759 νῦν
1007 5706 1374 5770 διδάσκοντες.
1422 5709 1529 5761 Καὶ
1560 5710 1640 5761 ὅτι
1676 5710 1776 5777 μὲν

206 5795 288 5858 είς
346 5794 569 5866 ἔσχατον
620 5797 818 5863 κακίας
866 5798 1279 5861 διεκπίπτοντες
1316 5799 1776 5872 “duorm-[(01:35-

1887 4618 2098 4660 summa
2135 4608 2336 4662 malitia
2370 4621 2425 4665 et
2458 4611 2512 4665 in
2549 4629 2748 4683 genere
2780 4619 2923 4673 mala
2948 4620 3263 4693 dispositio.
3293 4628 3464 4700 Magis

1887 4703 2068 4749 autem
2106 4696 2295 4753 infelix
2326 4702 2508 4755 adhuc
2540 4713 2647 4770 est,
2682 4707 2929 4764 omnium
2963 4715 3284 4781 pessimum.
3320 4696 3464 4775 sunt

1888 4788 2032 4839 enim
2063 4789 2281 4856 quidam
2329 4808 2358 4844 a
2395 4793 2567 4848 forma
2612 4812 2733 4868 qua:
2782 4801 2951 4856 tendit
2977 4805 3044 4858 ad
3074 4807 3273 4861 bonum
3327 4812 3463 4867 adeo

1884 4876 2122 4944 alienati,
2162 4889 2219 4933 ut
2271 4882 2401 4936 dum
2460 4902 2687 4956 prorsus
2740 4892 2879 4946 nihil
2932 4891 3045 4950 Deo
3092 4908 3307 4969 gratum
3364 4920 3463 4960 nec

1889 4982 2050 5039 agant
2086 4988 2183 5028 nec
2232 4975 2499 5045 doceant,
2544 4980 2598 5034 in
2644 4984 2787 5052 quod
2837 4986 3067 5046 minime
3112 4990 3337 5063 dignum
3376 5005 3461 5052 est

1894 5062 2236 5131 delabantur,
2292 5070 2480 5121 odiosa
2518 5069 2627 5125 Deo
2668 5072 2932 5134 facientes
2978 5087 3034 5134 et
3084 5062 3456 5153 suggerentes,

1890 5170 1990 5207 nec
2010 5157 2121 5225 jam
2154 5157 2423 5224 homines,
2457 5162 2660 5234 quippe
2690 5168 2783 5235 qui
2809 5169 2863 5223 in
2891 5173 3165 5229 daemones
3195 5178 3460 5246 pessimos

1884 5247 2023 5300 mala
2050 5250 2306 5305 facientes
2337 5264 2390 5306 et
2419 5270 2579 5322 prava
2618 5259 2871 5316 docentes
2899 5263 3270 5322 transformati
3305 5281 3458 5323 sunt.

1948 5337 2039 5392 23.
2072 5339 2209 5394 Cum
2259 5343 2426 5411 igitur
2476 5347 2591 5402 hzec
2647 5350 2723 5404 ita
2780 5354 2892 5409 sint
2940 5354 3017 5425 (et
3057 5372 3186 5422 non,
3241 5369 3396 5428 puto,
3427 5376 3458 5415 a

1881 5438 2027 5482 recta
2081 5436 2351 5488 sententia
2404 5438 2752 5511 defecimus),
2796 5445 2877 5498 eia
2931 5460 3035 5502 nos
3063 5449 3211 5517 Ipsos
3252 5452 3461 5504 exami-

1881 5534 2095 5587 nemus,
2151 5524 2219 5576 ab
2271 5525 2479 5583 ultimis
2509 5531 2573 5583 ad
2606 5547 2668 5583 ea
2700 5548 2818 5600 qua-
2872 5536 3052 5604 priora
3084 5547 3215 5593 sunt
3258 5556 3457 5597 ascen-

1880 5612 2095 5678 dentes,
2125 5626 2179 5669 et
2210 5616 2509 5681 videamus,
2536 5624 2589 5675 in
2616 5638 2723 5692 qua
2752 5626 3022 5682 divisione
3052 5644 3152 5685 nos
3182 5632 3276 5700 qui
3313 5649 3461 5688 nunc

1882 5704 2158 5771 docemus,
2190 5708 2479 5764 ordinandi
2508 5713 2702 5767 simus.
2731 5715 2884 5781 Quod
2933 5718 2986 5772 in
3018 5719 3270 5776 ultimum
3299 5724 3463 5779 mali-

1883 5808 1972 5855 t.:e
2009 5802 2246 5873 delapsi,
2281 5805 2535 5861 sibilandi
2570 5809 2763 5873 simus,
2798 5825 2904 5865 non
2946 5811 3147 5867 dicam.
3171 5811 3461 5872 Conﬁdens
