4210 6438
217 377 324 442 657

1137 378 1223 442 IN
1258 379 1322 443 S.
1372 379 2055 452 QUADRAGESIMAM
2097 385 2389 446 ORATIO
2434 385 2551 447 lff.

3371 392 3478 458 658

215 494 287 547 τὰ
321 493 402 557 είς
435 492 576 560 ἐμὴν
610 490 920 562 διόρθωσιν,
957 492 1018 546 οῦ
1053 493 1159 563 μὴν
1191 494 1467 563 ὀφεωδῶς,
1502 499 1594 551 καὶ
1619 500 1695 560 ὼς
1729 499 1794 551 ἂν

1913 503 2212 568 serpentino
2276 503 2474 565 modo,
2524 515 2577 558 et
2628 505 2698 558 ita
2747 513 2804 560 ut
2859 505 3136 562 daemones
3181 508 3480 576 gaudeant.

216 586 465 655 χαίροιεν
494 586 769 654 δαίμονες.
809 581 978 655 Οἶμαι
1007 587 1085 648 δὲ,
1118 588 1201 640 ὅτι
1231 591 1322 641 καὶ
1348 590 1521 654 ἄλλως
1554 592 1793 646 αίτιάτε-

214 679 306 730 ταί
359 695 419 731 σε
453 681 480 730 δ
510 679 672 749 όροδς
716 679 895 745 λόγος,
926 682 972 734 εί
1010 683 1082 752 μὴ
1111 682 1238 751 χθές
1277 700 1379 736 που
1421 685 1514 738 καὶ
1547 685 1652 754 πρδ
1680 686 1796 754 τρί-

215 783 314 840 της
353 771 448 823 καὶ⁵
481 771 562 823 ἔτι
596 771 794 840 μικρόν
818 787 872 824 τι
907 773 1121 833 ἀνόπτν,
1156 773 1270 828 ἀλλ’
1303 775 1360 842 ἐξ
1390 777 1561 847 αὐτῆς
1597 778 1796 849 ἀρχῆς,

214 864 302 914 ὅτε
330 862 425 914 τοῦ
448 863 597 930 ἱεροῦ
635 865 826 916 τοῦτον
857 864 1054 934 λάχους
1089 868 1361 938 ἐγενόμην
1395 871 1558 939 μέχρι
1587 873 1680 923 καὶ
1705 873 1802 938 τή-

221 971 392 1025 μερον
427 956 858 1025 ἀνεξελέγκτως,
889 958 1256 1030 λογοπραγεῖς
1313 980 1404 1033 με,
1443 963 1534 1016 τὸν
1565 967 1658 1020 καὶ
1687 965 1802 1019 διά-

218 1065 378 1100 κονον
444 1050 556 1102 τῶν
586 1052 682 1104 τοῦ
735 1051 872 1104 Θ;οῦ
932 1056 1276 1126 μυστηρίων,
1327 1057 1421 1110 καὶ
1478 1058 1650 1127 ἱερέα,
1705 1060 1801 1112 καὶ

223 1143 516 1211 ἀρχιερέα,
557 1146 651 1197 καὶ
687 1144 880 1214 θύτην,
906 1148 1000 1200 καὶ
1037 1149 1250 1218 μύστην
1271 1150 1432 1216 Θεοῦ,
1466 1153 1560 1205 καὶ
1588 1171 1802 1221 μυστα-

219 1237 404 1304 γωγὺν
435 1241 493 1292 ὲν
529 1239 683 1308 ὑμίν,
714 1241 811 1293 καὶ
843 1242 1060 1312 πατέρα
1091 1245 1235 1297 κατὰ
1264 1245 1502 1313 πνεῦμα,
1531 1248 1623 1300 καὶ
1653 1248 1804 1301 διδά-

222 1332 446 1393 σκαλον,
486 1335 580 1388 καὶ
621 1335 894 1405 άγιαστὴν
930 1338 989 1390 ὲν
1027 1337 1147 1410 Θεῷ
1173 1356 1186 1369 ·
1234 1342 1331 1393 καὶ
1362 1341 1662 1412 πράγματα
1694 1359 1804 1396 παο

223 1423 407 1493 ρέχεις
431 1424 526 1477 καὶ
558 1427 952 1494 κατακραυγάς
973 1429 1066 1480 καὶ
1090 1428 1362 1500 ὀχλήσεις.
1388 1435 1480 1486 καὶ
1501 1433 1569 1485 δι’
1590 1431 1805 1503 ῦδρεων

223 1517 403 1583 ἄγεις,
438 1519 536 1570 καὶ
587 1517 686 1586 τὴν
739 1519 1079 1590 ἀδελφότητα
1106 1520 1301 1592 ψεύδῃ,
1346 1525 1440 1576 καὶ
1495 1523 1594 1591 τῆς
1649 1525 1806 1594 ἱερᾶς

222 1609 503 1682 ἀποσχίζῃ
549 1610 848 1676 συνάξεως.
880 1613 975 1666 καὶ
1010 1613 1131 1667 οὐδὲ
1184 1616 1283 1684 τὴν
1312 1615 1486 1686 αὐτὴν
1533 1617 1637 1686 γῆν
1673 1618 1807 1687 ἡμῖν

222 1700 397 1771 ἀνέχῃ
447 1703 660 1765 πατεῖν,
716 1703 837 1756 οὐδὲ
873 1705 966 1756 τὸν
1014 1704 1178 1759 αὑτὸν
1227 1705 1490 1759 ἀναπνεῖν
1523 1707 1683 1776 ἀέρα,
1717 1709 1808 1761 καὶ

225 1793 572 1860 συναντήσας
607 1792 663 1845 δέ
707 1811 808 1846 που
845 1796 969 1848 καθ’
998 1797 1118 1850 ὁδὸν
1170 1797 1414 1869 ὲκτρέπῃ
1462 1800 1804 1867 πλαγιάζων,

224 1882 322 1935 καὶ
378 1852 608 1938 σεαυτδν
653 1887 935 1958 ἀφορίζεις
971 1888 1034 1954 ἔξ
1079 1852 1286 1961 ήμῶν..
1310 1852 1414 1946 καί.
1447 1852 1809 1958 διδωξοὲτιυξ
1842 1852 1883 1910 Β

225 1976 322 2027 ἐπὶ
351 1975 448 2030 τὸν
472 1977 647 2031 νῶτόν
693 1996 785 2033 σου
818 1981 1122 2035 τεκταίνειν
1152 1984 1276 2044 τοὺς
1309 1985 1664 2054 ἁμαρτωλοὺς
1695 1986 1812 2040 δαί-

228 2086 426 2135 μονας,
457 2073 554 2125 καὶ
597 2073 696 2136 τάς
736 2073 873 2140 ψόας
909 2093 1005 2130 σου
1054 2076 1334 2148 ἔμπιπλᾷν
1382 2079 1810 2147 ἐμπαιγμάτων.

228 2162 397 2231 Στῆθι
430 2166 646 2236 μικρὸν,
679 2167 976 2238 ἔμόλεψον,
1010 2169 1246 2239 λάλησον
1277 2171 1356 2232 είς
1383 2172 1643 2239 ἐμφανὲς,
1673 2188 1812 2240 προ⁸

229 2252 400 2307 δαλοῦ
442 2257 509 2309 τά
553 2257 854 2323 λυποῦντα,
895 2262 1282 2325 καταδίκασον,
1319 2263 1664 2332 δικαιώϐητι,
1718 2265 1814 2318 καλ⁵

228 2348 350 2400 τότε
390 2349 703 2422 ποίει,ῦπερ
756 2353 964 2417 ἐθέλεις
988 2370 1004 2385 ο
1046 2355 1136 2408 ὅτε
1175 2357 1406 2425 νικήσας
1455 2356 1555 2424 μὲν
1587 2354 1814 2425 βελτιώ-

230 2458 345 2506 σεις
392 2444 563 2513 ἡμᾶς,
597 2444 844 2514 νικηθεὶς
889 2446 944 2500 δὲ
978 2447 1070 2500 καὶ
1122 2449 1381 2517 ἐπιγνοὺς
1421 2449 1654 2519 τάληθὲς
1692 2449 1816 2519 βελ-

227 2537 499 2606 τιωοήσῃ,
556 2537 943 2602 ἀποκαταστὰς
974 2541 1054 2602 είς
1081 2541 1323 2610 ἔμφρονα
1345 2556 1358 2570 ·
1410 2542 1586 2604 ἄλλως
1614 2541 1671 2594 δὲ
1701 2541 1818 2596 δια-

230 2626 377 2692 δίου,
405 2629 538 2697 ἡμῖν
559 2629 785 2700 ἀπέχειν
805 2631 1005 2700 μανίας
1033 2631 1296 2702 ἄντικρυς
1327 2632 1500 2697 πάοος
1516 2633 1816 2704 ὲξιστὼσης

236 2720 476 2791 φρενῶν.

307 2813 412 2876 κζ’.
461 2813 624 2867 Ἀλλά
654 2816 1096 2883 καταστήσαντες
1124 2816 1221 2872 καὶ
1267 2817 1428 2871 τοῦτο
1460 2819 1717 2884 ἐνταῦθα,
1751 2821 1815 2874 οῦ

233 2904 546 2973 δεησόμεθα
577 2906 806 2976 μακρῶν
840 2908 1017 2975 λόγων
1051 2909 1172 2962 οὐδὲ
1197 2911 1278 2974 είς
1313 2911 1375 2963 τὸ
1410 2911 1646 2981 πρῶτον,
1678 2913 1818 2984 ὅπερ

233 2991 308 3065 ἦν
359 2997 422 3048 τὸ
457 2997 822 3070 ἀγαθουργεῖν
866 3005 963 3056 καὶ
1011 3001 1145 3072 ἄτερ
1191 3003 1562 3068 διδασκαλίας.
1599 3005 1658 3057 Et
1707 3006 1818 3078 γὰρ

236 3087 550 3156 ἐδείξαμεν,
581 3091 663 3142 ὅτι
711 3092 805 3144 καὶ
831 3091 1174 3161 ἐποιήσαμεν
1216 3093 1310 3147 καὶ
1338 3094 1621 3164 ποιοῦμεν,
1649 3111 1816 3149 συνα-

1899 589 2035 644 Ρυιο
2069 605 2196 644 vero
2219 591 2364 660 quod
2402 593 2570 646 etiam
2602 593 2826 649 aliuude
2858 602 2912 649 te
2940 605 3088 649 recta
3120 599 3261 650 ratio
3290 613 3480 665 repre-

1898 679 2118 742 hendet,
2162 680 2206 732 si
2240 695 2347 734 non
2397 682 2539 747 heri,
2571 696 2749 752 neque
2797 684 3002 742 nudius
3054 686 3273 751 tertius,
3304 702 3482 755 neque

1900 772 2063 840 paulo
2086 779 2230 835 ante,
2261 772 2351 824 sel
2376 788 2438 826 ex
2471 774 2590 844 ipso
2615 775 2906 845 principio,
2936 793 3059 832 cum
3089 794 3303 833 sacrant
3337 779 3477 832 hanc

1898 874 2101 917 sortem
2137 864 2372 926 obtinui,
2407 883 2578 934 usque
2623 868 2688 922 ad
2720 880 3040 938 praesentem
3071 870 3237 933 diem,
3269 871 3480 938 absque

1902 955 2225 1024 probatione
2262 956 2622 1013 calumniaris
2654 977 2761 1022 me,
2831 970 2881 1016 et
2925 962 3308 1030 mysteriorum
3383 962 3474 1016 Dei

1904 1049 2237 1114 ministrum,
2283 1060 2336 1104 et
2373 1052 2737 1114 sacerdotem,
2772 1064 2824 1108 et
2857 1055 3385 1117 arehistcerdotem,
3423 1067 3480 1109 et

1905 1140 2250 1202 sacricolam.
2267 1153 2318 1196 et
2341 1143 2430 1197 Dei
2453 1155 2708 1213 mystatn.
2727 1157 2780 1198 et
2801 1158 3175 1216 mystagognm
3198 1148 3341 1200 inter
3359 1163 3477 1210 vos,

1904 1239 1958 1287 et
1990 1233 2290 1288 secundum
2323 1237 2576 1302 spiritum
2611 1247 2847 1306 patrem,
2888 1249 2944 1292 et
2973 1239 3285 1304 doctorem,
3330 1249 3385 1293 et
3423 1239 3479 1291 in

1907 1327 2015 1381 Deo
2048 1327 2511 1384 sanctificatorem
2539 1347 2554 1393 ;
2589 1341 2643 1384 et
2679 1334 2898 1402 negotia
2928 1332 3140 1401 prebes
3184 1343 3237 1386 et
3271 1334 3478 1386 clamo.

1905 1434 1994 1474 res
2015 1431 2067 1473 et
2092 1420 2278 1475 turbas
2302 1424 2436 1484 cies,
2464 1429 2518 1474 et
2543 1422 2805 1489 iniuriose
2836 1426 2974 1495 agis,
3000 1435 3055 1479 et
3081 1423 3484 1480 fraternitatem

1906 1511 2176 1575 mentiris,
2225 1521 2280 1566 et
2330 1528 2359 1565 a
2412 1528 2570 1568 sacra
2606 1518 2994 1572 communione
3030 1527 3081 1572 te
3131 1533 3378 1586 separas,
3432 1526 3489 1568 et

1907 1620 2006 1660 nec
2045 1606 2290 1661 eamdem
2328 1616 2531 1661 terram
2581 1624 2645 1664 ac
2690 1625 2787 1663 nos
2813 1610 3047 1674 calcare,
3076 1627 3178 1665 nec
3229 1611 3484 1665 eumdem

1909 1696 2124 1764 spirare
2149 1713 2331 1750 aerem
2362 1699 2629 1761 sustines,
2676 1708 2730 1753 et
2763 1699 2809 1754 si
2845 1699 2986 1754 forte
3014 1701 3174 1755 nobis
3199 1714 3487 1762 occurras,

1909 1803 2211 1843 conversus
2238 1789 2458 1858 oblique
2500 1804 2527 1842 a
2574 1791 2658 1843 via
2693 1791 2956 1856 declinas,
2991 1801 3046 1846 et
3078 1799 3132 1846 te
3174 1806 3431 1862 segregas
3459 1806 3490 1844 a

1913 1881 2095 1943 nobis,
2145 1891 2197 1934 et
2247 1881 2317 1934 ita
2373 1882 2474 1936 das
2526 1897 2692 1951 super
2726 1883 2952 1937 dorsum
3013 1893 3168 1937 tuum
3217 1883 3491 1936 fabricare

1912 1983 2228 2045 peccatores
2260 1976 2557 2040 dxemones,
2589 1987 2643 2032 et
2693 1992 2848 2032 renes
2877 1988 2999 2034 tuos
3029 1977 3238 2047 impleri
3277 1976 3492 2030 illusio-

1912 2069 2097 2122 nibus.
2146 2066 2292 2123 Siste
2349 2070 2659 2138 paululum,
2715 2069 2951 2133 intuere,
3003 2069 3226 2138 loquere
3280 2075 3492 2135 aperte,

1913 2163 2120 2232 projice
2159 2178 2281 2231 qua:
2331 2169 2385 2215 te
2435 2164 2792 2226 contristant,
2843 2164 3170 2226 condemna,
3220 2159 3493 2230 justitiam

1914 2269 2094 2318 sume,
2124 2262 2178 2309 ct
2209 2262 2343 2308 tunc
2378 2252 2463 2307 fac
2511 2255 2656 2324 quod
2689 2255 2810 2307 vis:
2843 2255 2989 2324 quod
3031 2255 3076 2309 si
3131 2252 3328 2306 viceris
3362 2251 3492 2322 qui-

1913 2347 2059 2410 dem,
2093 2347 2346 2401 meliores
2374 2363 2474 2402 nos
2505 2346 2672 2402 facies
2701 2366 2714 2413 ;
2765 2347 2810 2403 si
2857 2362 2986 2402 vero
3030 2347 3204 2402 victus
3237 2345 3408 2399 fueris
3437 2355 3494 2398 et

1913 2455 2102 2494 verum
2132 2441 2477 2510 cognoveris,
2513 2439 2704 2496 melior
2728 2440 2949 2504 evades,
2979 2441 3042 2494 ad
3072 2454 3294 2496 sensum
3315 2453 3500 2493 rever-

1916 2549 2032 2588 sus.
2065 2530 2334 2586 Czetcrum
2374 2543 2552 2586 autem
2584 2534 2728 2595 vive,
2764 2549 2863 2586 nos
2900 2549 2928 2585 a
2964 2533 3144 2587 mania
3177 2545 3298 2602 quae
3335 2545 3496 2600 pror-

1917 2641 2014 2683 sus
2045 2627 2318 2682 subvertit
2351 2643 2575 2681 sensum
2606 2627 2953 2681 abalienans.

1988 2805 2078 2858 27.
2116 2806 2314 2861 Verum
2357 2808 2522 2863 etiam
2561 2808 2664 2861 hoc
2717 2807 2790 2861 ilii
2844 2807 3047 2877 posito,
3092 2819 3269 2876 neque
3320 2801 3504 2869 longis

1919 2919 2060 2975 opus
2087 2906 2196 2961 erit
2227 2905 2389 2962 nobis
2421 2906 2774 2961 sermonibus
2815 2908 2881 2960 ad
2911 2905 3173 2976 primum,
3201 2902 3345 2974 quod
3379 2910 3500 2957 erat

1920 3012 2085 3068 agerc
2138 2998 2340 3052 bonum
2391 2998 2554 3051 etiam
2611 2999 2818 3066 absque
2866 2997 3130 3053 doctrina:
3178 2995 3497 3050 traditione.

1921 3089 1978 3143 Si
2010 3089 2155 3143 enim
2189 3089 2562 3154 ostendimus,
2587 3090 2732 3158 quod
2759 3097 2815 3144 et
2839 3089 3072 3144 fecimus
3127 3098 3182 3142 et
3234 3087 3494 3147 facimus»,

239 3179 590 3234 ποδιδεικται
619 3181 888 3251 δήπουθεν
922 3184 1016 3236 καὶ
1046 3184 1179 3237 αὐτὸ
1206 3184 1342 3247 τέως
1395 3202 1456 3254 γε
1496 3185 1624 3256 μὴν,
1657 3186 1818 3255 εἴπερ

1922 3184 2083 3240 simul
2116 3184 2299 3255 aliquo
2344 3185 2504 3238 modo
2534 3185 2967 3238 demonstratum
3015 3190 3100 3237 est
3145 3181 3247 3236 hoc
3295 3180 3502 3250 ipsum,

236 3273 337 3324 καὶ
368 3270 528 3323 τοῦτο
559 3272 717 3324 πέσοι
749 3272 806 3335 ἐς
837 3272 1133 3339 ἀπόδειξιν.
1172 3275 1232 3329 Ὀ
1256 3275 1389 3340 Θεὸς
1422 3276 1523 3345 μὲν
1563 3275 1731 3347 είδείη
1753 3277 1820 3332 ἂν

239 3364 338 3418 καὶ
387 3365 436 3416 oi
474 3365 722 3418 ἑκάστων
774 3366 1012 3434 φύλακες
1064 3368 1286 3436 ἄγγελοι
1328 3369 1507 3422 πάντα
1543 3370 1612 3424 τὰ
1637 3372 1824 3436 κακῶς

239 3456 566 3527 ποιούμενα,
599 3457 884 3527 ἄνθρωπος
928 3458 985 3511 δὲ
1040 3459 1140 3512 οὐκ
1176 3454 1329 3530 οἶμαι
1361 3462 1518 3532 είπερ
1548 3463 1714 3527 ἄπας.
1758 3465 1823 3517 Ei

238 3548 353 3618 γὰρ
374 3549 486 3602 τῶν
515 3549 726 3619 σεμνῶς
757 3551 854 3604 καὶ
887 3551 1006 3604 οὐδὲ
1034 3551 1260 3616 κανόνος
1290 3551 1396 3618 ἔξω
1433 3555 1824 3625 πραττομένων

239 3643 311 3692 τὰ
337 3640 510 3693 πλείω
532 3640 846 3710 διεκφεύγει
879 3641 977 3704 τάς
1006 3642 1113 3695 τῶν
1153 3643 1365 3698 πολλῶν
1411 3645 1697 3717 αἰσθήσεις
1729 3647 1827 3701 καὶ⁸

242 3731 344 3794 τάς
362 3732 617 3784 ιντεῦθεν
644 3733 902 3803 εἰδήσεις,
927 3734 1089 3804 σχολῇ
1111 3752 1173 3803 γε
1195 3735 1262 3789 ἂν
1291 3736 1358 3790 τά
1384 3738 1629 3808 σφοδρῶς
1650 3741 1829 3808 ἡμαρ-

244 3824 484 3892 τημένα,
513 3824 610 3876 καὶ
635 3825 828 3876 σκότου
848 3825 996 3891 ἄξια,
1020 3826 1116 3879 καὶ
1138 3827 1403 3897 αίσχύνην
1428 3830 1824 3900 ὲπισυρόμενα,

247 3917 345 3969 καὶ
391 3915 574 3979 αἰδοῦς
612 3917 782 3980 αἴτια,
812 3918 1061 3988 πρόοπτα
1105 3919 1342 3987 γίνοιντο
1389 3922 1478 3986 ἂν,
1512 3922 1607 3974 καὶ
1653 3921 1830 3976 ταῦτα

246 4011 362 4073 τοῖς
388 4011 529 4080 μήτε
560 4009 659 4078 τῆς
684 4010 851 4079 αὐτῆς
881 4010 1090 4074 ἑστίας,
1118 4013 1253 4081 μήτε
1284 4012 1483 4084 ὀρόςου
1510 4012 1606 4066 τοῦ
1636 4013 1828 4081 αὑτοῦ,

250 4104 395 4173 μήτε
430 4101 708 4172 τραπέζης
746 4103 875 4172 μιᾶς
906 4105 1205 4168 κοινωνοῖς.

319 4281 431 4351 κη’.
462 4281 571 4333 Καὶ
615 4279 758 4334 οὕτω
791 4280 891 4352 μὶν
925 4280 1036 4350 ἐγὼ
1083 4281 1229 4352 ἀμφὶ
1257 4283 1474 4346 τούτοις
1509 4280 1636 4353 ἔχω,
1668 4283 1832 4354 τυχὸν

252 4375 353 4445 μὲν
380 4374 522 4443 ὀρθὰ
546 4375 807 4440 δοξάζων,
840 4375 969 4438 ῐσως
1008 4375 1063 4428 δὲ
1104 4377 1199 4428 καὶ
1240 4375 1606 4445 σφαλλόμενος
1625 4391 1641 4407 ο
1673 4375 1831 4446 ὑμεῖς

249 4469 331 4531 δὲ,
361 4461 408 4519 ὦ
437 4467 592 4535 φίλον
644 4469 1034 4538 ἀκροατήριον,
1064 4462 1109 4521 ὦ
1145 4470 1194 4534 ᾧ
1241 4469 1466 4538 Χριστῷ
1511 4468 1752 4536 ἀδελφοὶ,
1786 4464 1832 4523 ὧ

1925 3277 2142 3341 saltem,
2199 3284 2469 3346 quantum
2509 3283 2565 3330 et
2620 3275 2764 3332 istud
2817 3275 2922 3331 sub
2966 3273 3500 3329 demonstrationem

1923 3372 2120 3428 cadere
2157 3379 2354 3441 potest.
2407 3370 2552 3426 Deus
2595 3372 2816 3440 quidem
2886 3371 3012 3430 scit,
3095 3383 3307 3424 necnon
3364 3382 3502 3421 cun-

1925 3475 2140 3520 ctorum
2192 3465 2452 3520 custodes
2505 3465 2685 3536 angeli
2736 3463 2922 3520 omnia
2981 3462 3124 3516 male
3175 3459 3342 3522 facta,
3392 3473 3502 3511 non

1924 3565 2107 3612 autem
2173 3557 2602 3626 unusquisque,
2659 3567 2813 3626 puto,
2865 3554 3201 3610 mortalium.
3254 3551 3311 3605 Si
3355 3551 3504 3604 enim

1926 3657 2118 3704 sancte
2163 3658 2221 3703 et
2266 3662 2374 3701 non
2417 3656 2573 3703 extra
2623 3647 2864 3717 regulam
2923 3645 3192 3700 factorum
3247 3641 3507 3712 pleraque

1927 3742 2142 3812 fugiant
2172 3741 2544 3798 multitudinis
2585 3756 2782 3796 sensus
2813 3739 3047 3808 ideoque
3097 3736 3464 3806 cognitionem
3488 3774 3503 3793 ,

1927 3831 2102 3886 multo
2127 3834 2307 3886 minus
2333 3848 2454 3900 quat
2476 3832 2715 3902 graviter
2741 3843 2869 3884 sunt
2901 3835 3123 3899 peccata
3151 3824 3506 3894 tenebrisque

1928 3922 2112 3994 digna,
2159 3933 2215 3978 et
2264 3923 2530 3993 pudorem
2589 3923 2847 3977 habentia
2895 3921 3179 3983 comitem,
3219 3927 3276 3973 et
3317 3914 3506 3987 probri

1929 4030 2134 4080 causa,
2165 4018 2455 4072 manifesta
2505 4017 2719 4080 fierent,
2758 4021 2822 4070 ‘et
2871 4017 2957 4070 his
2986 4014 3078 4083 qtti
3129 4028 3228 4066 nec
3257 4009 3502 4079 ejusdem

1930 4119 2059 4165 sunt
2088 4111 2307 4176 domus,
2336 4125 2439 4166 nec
2466 4117 2670 4164 tectum
2695 4108 2838 4164 idem
2872 4123 3047 4178 neque
3070 4121 3235 4160 unam
3261 4117 3506 4157 mensam

1929 4202 2286 4274 participant.
2531 4209 2539 4215 ‘

1999 4295 2091 4350 28.
2118 4294 2184 4348 Et
2216 4295 2296 4350 sic
2323 4295 2542 4365 quidem
2589 4309 2752 4363 super
2808 4295 2892 4348 his
2953 4305 3056 4358 ego
3102 4289 3305 4352 sentio,
3369 4286 3511 4341 forte

1933 4389 2152 4459 quidem
2186 4397 2332 4445 recte
2360 4389 2614 4458 Opinans,
2648 4386 2881 4443 forsitan
2913 4394 3097 4438 autem
3138 4393 3190 4438 et
3226 4381 3510 4449 deceptus.

1935 4479 2045 4535 Vos
2077 4488 2280 4543 autem,
2344 4479 2633 4533 ocharnm
2691 4476 3061 4538 auditorium,
3114 4487 3148 4527 o
3201 4469 3399 4526 fratres
3453 4469 3510 4522 in

251 4559 433 4612 δοῦλοι
460 4559 598 4612 Θεοῦ
626 4558 770 4612 καθά
793 4561 886 4613 καὶ
913 4557 1043 4626 ἐγὼ,
1074 4553 1118 4612 ὦ
1145 4559 1238 4613 καὶ
1268 4561 1482 4629 φρονεῖν
1511 4559 1693 4630 ἀκροι,
1727 4561 1818 4615 καὶ

1926 4572 2212 4633 Christo.o
2245 4569 2336 4625 Dei
2356 4570 2497 4624 servi
2527 4572 2668 4624 sicut
2695 4577 2750 4622 et
2775 4582 2897 4636 ego,
2929 4581 2962 4620 o
2994 4579 3222 4634 sagaces
3261 4561 3507 4630 ingenio,

252 4652 467 4721 κρξνειν
496 4649 567 4702 τά
599 4649 850 4719 πρακτέα
880 4649 1056 4721 ὀρθῶς
1081 4649 1267 4716 δεξιοὶ,
1300 4651 1438 4721 πρὸς
1461 4651 1572 4704 τῶν
1598 4651 1830 4722 ἀρετῶν,

253 4743 324 4806 ἀς
361 4743 471 4795 ἰδοὺ
505 4743 982 4814 ἐπεμαρτυράμην
1007 4743 1157 4812 ὑμῖν,
1200 4743 1336 4814 πρὸς
1370 4741 1540 4795 αὐτοῦ
1571 4743 1709 4796 Θεοῦ
1737 4741 1831 4796 τοῦ

255 4834 404 4904 ὑπὲρ
437 4834 656 4887 ἃπασαν
701 4833 925 4905 ἀρετὴν,
973 4832 1287 4900 διακρίνατε
1327 4833 1422 4886 καὶ
1480 4833 1833 4903 ἀποφήνασθε

259 4929 359 4982 καὶ
381 4927 633 4993 διδάξατέ
659 4943 748 4997 με,
778 4927 884 4998 ὅπη
909 4925 1020 4979 τῶν
1038 4927 1152 4994 ἀπη
1160 4925 1330 4996 ριομη
1339 4927 1517 4995 μένων
1539 4927 1720 4979 τόπων
1749 4943 1837 4978 τε-

257 5024 498 5093 τάξομαι
519 5039 532 5053 ·
570 5021 647 5084 ὡς
676 5021 744 5074 ἀν
779 5020 967 5089 μαθὼν
996 5019 1086 5072 τδν
1118 5019 1250 5089 ὲμδν
1287 5020 1477 5085 τόπον,
1509 5020 1836 5074 κατασταθῶ

259 5120 343 5179 εἰς
374 5133 429 5168 τι
460 5114 656 5182 πάγιον
690 5114 721 5182 ἢ
758 5112 1012 5182 γνώσεως
1042 5113 1073 5182 ἢ
1117 5112 1506 5178 ἀπογνώσεως,
1534 5112 1608 5175 ὠς
1649 5111 1745 5165 νῦν
1773 5129 1835 5179 γε

260 5206 479 5277 νομίζω
526 5204 826 5275 σταθερῶς,
862 5205 945 5256 ὅτι
975 5203 1071 5256 καὶ
1104 5205 1338 5271 ἐποίησα
1393 5205 1486 5256 καὶ
1520 5202 1660 5255 ποιῶ
1698 5203 1838 5273 πρὸς

261 5301 502 5368 δύναμιν
539 5297 700 5368 ἐμὴν,
736 5296 832 5350 καὶ
863 5295 1074 5361 ἐδίδαξα
1108 5295 1202 5348 καὶ
1245 5294 1501 5359 διδάσκω,
1539 5294 1684 5346 καθὰ
1719 5296 1837 5345 ἐνε-

263 5389 460 5460 χώρει.
492 5387 646 5438 Δοκῶ
695 5385 772 5456 μὴ
811 5385 1030 5456 μακρὰν
1058 5381 1198 5438 εἶναι
1236 5384 1328 5436 τοῦ
1359 5384 1452 5436 καὶ
1483 5383 1592 5452 ἐγὼ
1628 5383 1838 5452 ἀνθρω-

264 5499 369 5544 πος
413 5478 555 5532 εἶναι
591 5477 749 5543 Θεοῦ,
791 5477 868 5541 ὡς
898 5478 992 5530 καὶ
1041 5478 1196 5545 ὑμῶν
1243 5476 1513 5538 ῑκαστοςο
1555 5476 1651 5530 καὶ
1693 5475 1838 5528 οῦτω

261 5575 508 5640 δοξάζων
543 5574 680 5640 ἀξιῶ
719 5573 780 5639 ἐξ
824 5574 1093 5644 ἀνάγκης,
1126 5573 1402 5639 ἀναλόγως
1452 5575 1520 5644 τῇ
1565 5571 1687 5625 κατ’
1735 5573 1837 5642 ἐμὲ

263 5665 654 5738 ἀνθρωτοότητι
683 5665 1021 5737 ἐξευρίσκειν
1054 5668 1122 5719 τὰ
1157 5664 1288 5733 πρὸς
1330 5665 1429 5735 ἐμὲ
1468 5666 1543 5727 ὠς
1575 5665 1836 5718 ἑκάστοτε

265 5759 679 5827 συμπτώματα.
711 5755 842 5811 Οξόν
875 5775 926 5811 τι
962 5759 1146 5827 λέγως
1187 5758 1386 5812 Ἑθέλω
1426 5758 1662 5826 εὐλογῶν
1684 5775 1837 5821 τινας

264 5851 433 5917 αὐτὸς
463 5851 538 5920 μὴ
589 5851 1028 5922 κακολογεῖσθαι,
1068 5849 1199 5919 μηδὲ
1241 5852 1298 5906 ἐν
1347 5852 1425 5918 τῷ
1454 5853 1697 5908 ἐπαινεῖν
1742 5867 1840 5906 1:3-

1941 4663 2255 4731 habilesquc
2293 4663 2359 4715 ad
2383 4660 2740 4730 jntlicandutn
2773 4676 2893 4728 qua!
2925 4667 3071 4712 recte
3097 4656 3208 4710 sint
3241 4667 3380 4716 acta,
3414 4667 3510 4720 per

1939 4754 2188 4817 virtutes,
2224 4755 2291 4808 de
2330 4756 2533 4822 quibus
2560 4754 2741 4809 testati
2778 4767 2967 4806 sumus
2992 4751 3167 4814 vobis,
3206 4765 3301 4819 per
3326 4748 3504 4816 ipsum

1945 4842 2111 4897 Deum
2143 4842 2238 4911 qui
2281 4857 2445 4912 super
2488 4857 2704 4896 omnem
2740 4840 2994 4894 virtutem
3041 4846 3157 4899 est,
3191 4836 3510 4904 dijudicatc,

1940 4934 2351 5000 ctdenuntiate,
2381 4944 2432 4988 et
2464 4935 2655 4987 docete
2684 4947 2769 4986 me
2796 4946 3040 5000 quonam
3062 4936 3506 4985 enumeratorum

1943 5026 2182 5079 locorum
2214 5025 2560 5094 rcponenlus
2593 5023 2696 5078 sint
2735 5040 2750 5077 :
2812 5033 2893 5088 ut,
2947 5038 3066 5075 meo
3109 5021 3328 5088 cognito
3369 5019 3514 5078 loco,

1942 5115 2245 5169 constituar
2294 5114 2349 5167 in
2407 5114 2642 5184 quadam
2701 5113 3003 5168 stabilitate
3053 5110 3380 5182 cognitionis
3433 5109 3514 5162 vel

1945 5205 2320 5277 ignorationis,
2384 5205 2528 5260 sicut
2597 5219 2742 5258 nunc
2809 5203 3042 5258 firmiter
3097 5202 3301 5264 credo,
3368 5201 3511 5268 quod

1943 5297 2242 5350 secundum
2286 5311 2459 5351 meam
2497 5305 2816 5363 potestatem
2851 5295 2952 5350 feci
2988 5304 3042 5349 et
3072 5293 3232 5358 facio,
3268 5305 3324 5346 et
3359 5292 3513 5362 juxta

1945 5391 2110 5453 vires,
2165 5387 2324 5440 docui
2375 5397 2424 5442 et
2475 5388 2666 5441 doceo.
2726 5386 2864 5439 Puto
2917 5401 3023 5440 non
3079 5385 3268 5455 procul
3322 5385 3517 5438 abesse

1943 5480 2073 5546 quin
2128 5489 2183 5532 et
2214 5492 2312 5548 ego
2351 5478 2454 5532 sim
2505 5477 2668 5531 homo
2704 5477 2818 5542 Dei,
2855 5477 3001 5531 sicut
3037 5486 3093 5531 et
3140 5475 3515 5543 unusquisque

1943 5581 2230 5636 vestrum;
2266 5581 2322 5624 et
2371 5571 2444 5624 ita
2508 5582 2742 5640 putans,
2801 5571 3027 5640 dignum
3061 5585 3127 5624 ex
3188 5570 3516 5624 necessitate

1942 5663 2217 5724 existimo,
2269 5671 2351 5725 ut,
2399 5677 2465 5715 ex
2508 5661 2754 5730 analogia
2803 5676 2929 5713 cum
2986 5661 3325 5714 humanitate
3369 5674 3512 5723 mea,

1944 5754 2211 5823 reperiam
2261 5766 2391 5819 erga
2448 5768 2532 5805 itte
2593 5766 2806 5819 semper
2870 5749 3060 5806 eadem
3119 5757 3511 5820 symptomata.

1943 5849 2085 5914 Quid
2117 5846 2270 5904 dico?
2296 5844 2434 5903 Volo
2455 5846 2724 5912 QUt‘Sd‘dnl
2751 5845 3080 5904 benedicens
3103 5861 3212 5902 non
3232 5842 3510 5913 maledici,
