4210 6438
733 362 843 427 663
1343 363 1345 365 ‘
1440 350 1878 427 EUSTATIIII
1916 356 2688 429 THESSALONICENSIS
2723 352 3290 452 Msrnomum
3866 374 3985 438 est

726 476 996 548 depingit.
1027 474 1222 529 Nonne
1265 474 1408 528 enim
1459 474 1642 544 perdit
1690 473 1942 530 adulator
1995 482 2051 528 ct
2117 474 2289 544 ipsam

2407 476 2631 546 ρόμενος
2683 478 3002 547 ἀχρειοῦται
3047 482 3076 535 6
3123 482 3285 545 καλὸς
3332 482 3655 554 “Opto-mc;
3716 484 3779 537 '0
3833 496 3980 555 προς

723 571 1312 655 οιιίιηιιιηηοιιτιιηοοε
1346 574 1640 622 conterens
1683 567 1918 630 colores,
1958 567 2161 636 quibus
2198 566 2297 627 ad,

2407 569 2690 623 κολακείαν
2742 570 2922 655 λαλῶν
2973 572 3192 642 δαίμονι
3250 575 3698 645 ἐξυπηρετεϊται,
3756 575 3817 638 ὃς
3876 576 3984 628 καὶ

723 660 916 714 hibitis
964 654 1176 713 deletur
1235 658 1477 713 hominis
1535 658 1941 727 pulchritudo?
2006 657 2109 724 Qui
2166 673 2291 712 cum

2407 658 2562 725 αὐτὸς
2614 654 2876 726 θωπείαις
2926 658 3238 719 ὑποσαίνων
3298 668 3626 738 ἀμαρτάδας
3686 668 3985 735 ἐπαλείφει

726 749 1043 808 adulatione
1090 751 1370 822 loquitur,
1429 749 1660 806 daemoni
1720 746 2131 811 subministrat,
2196 749 2290 818 qui

2407 754 2801 820 κομμωτικῶς,
2832 756 2929 810 καὶ
2950 740 3028 820 ῶς
3059 760 3141 821 εἰς
3168 758 3477 829 εὐμορφίαν
3494 758 3710 829 ἀρετῶν
3743 758 3989 828 ἐξωραῖ-

725 857 781 897 et
838 846 954 911 ipse
1008 854 1234 914 peccata
1286 842 1695 899 adulationibus
1751 841 2097 896 demulccns
2130 856 2300 893 orna-

2407 842 2520 907 ζειν
2557 845 2937 917 ὑποκρίνεται,
2975 850 3163 918 ἀγαθά
3204 853 3534 922 ἐπιγράφων
3571 852 3834 922 ὀνόματα.

729 936 929 989 mentis
953 935 1196 1002 decorat,
1225 945 1279 991 et
1308 945 1569 1004 tanquam
1597 933 1665 989 ad
1698 933 1965 988 virtutum
2000 929 2489 1003 pulchritudinem,
2534 935 2675 990 bona
2705 937 3012 994 inscribens
3051 941 3299 1005 nomina,
3336 940 3754 996 similitudinem
3779 939 3990 994 habere

728 1025 975 1079 simulat.

800 1117 891 1173 33.
912 1114 990 1171 Ne
1011 1133 1095 1173 me
1139 1132 1271 1187 ergo
1308 1135 1545 1189 unquam
1592 1120 1695 1175 ista
1731 1118 1912 1189 capiat
1944 1116 2223 1188 cogitatio,
2245 1122 2305 1169 ut

855 1120 891 1222 ξ.
912 1119 990 1171 Ne
1011 1133 1095 1221 me
1139 1132 1273 1222 ergo
1308 1135 1545 1189 unquam
1592 1120 1695 1175 ista
1731 1119 1912 1189 capiat
1944 1119 2223 1188 cogitatio,
2245 1122 2305 1169 ut
2486 1120 2587 1189 λγι,
2624 1121 2716 1195 Μὴ
2745 1126 2847 1195 ἐμὲ
2874 1125 3006 1194 γοῦν
3048 1119 3206 1189 οὗτος
3233 1125 3390 1179 λάθοι
3422 1123 3686 1193 λογισμός
3712 1137 3870 1185 ποτε,
3907 1121 3989 1184 ὡς

728 1209 1048 1283 magistrum
1070 1210 1385 1279 ignobiliter
1416 1212 1626 1276 aduler,
1648 1220 1705 1267 et
1729 1210 2000 1280 decipiam
2020 1216 2074 1265 et
2095 1207 2304 1261 fallam.

2414 1214 2660 1282 ἀγεννῶς
2690 1217 3014 1271 κολακεύειν
3044 1219 3138 1272 καὶ
3172 1218 3391 1289 ἀπατᾷν
3419 1214 3517 1269 καὶ
3554 1214 3849 1285 ψεύδεσθαι
3894 1213 3990 1266 τὸν

730 1297 936 1356 Fidelis
965 1303 1101 1357 mihi
1123 1304 1283 1359 testis
1329 1313 1413 1359 est
1449 1303 1614 1367 Deus,
1643 1303 1790 1375 quod
1819 1318 1883 1359 ex
1914 1302 2043 1369 illis,
2072 1300 2307 1371 quibus-

730 1410 855 1447 cum
888 1412 1103 1466 semper
1131 1412 1446 1465 conversor,
1477 1398 1713 1453 amicum
1748 1395 1988 1461 invenio,
2028 1409 2135 1449 non
2168 1393 2308 1447 adu-

731 1481 958 1550 lantem,
982 1485 1075 1540 sed
1096 1488 1502 1558 reprehendere
1518 1490 1808 1543 scientem.
1835 1487 1901 1542 Et
1924 1487 2086 1541 talem
2113 1485 2304 1555 diligo,

2412 1306 2757 1364 διδάσκαλον.
2803 1309 3003 1373 Πιστός
3035 1327 3127 1379 μοι
3162 1310 3378 1379 μάρτυς
3410 1310 3439 1362 6
3475 1307 3635 1371 Θεὸς,
3673 1306 3756 1374 ἐφ’
3782 1299 3867 1369 οἷς
3897 1305 3994 1358 ἀεὶ.

2414 1401 2911 1471 πραγματεύομαι,
2958 1401 3113 1471 φίλον
3157 1401 3438 1471 εὑρίσκειν
3467 1400 3567 1453 οὐκ
3594 1399 3773 1452 είδότα
3817 1396 3993 1451 κολα-

2414 1491 2619 1556 κεύειν,
2658 1492 2775 1545 ἀλλ’
2808 1493 3148 1563 ἐξελέγχειν.
3198 1492 3310 1546 Καὶ
3342 1491 3549 1558 ἀγαπῶ
3576 1493 3669 1544 τδν
3714 1490 3991 1551 τοιοῦτον,

731 1588 784 1630 et
810 1576 861 1631 in
886 1578 987 1633 hoc
1016 1598 1036 1631 ‹
1064 1582 1283 1650 sapiens
1304 1597 1480 1645 sum,»
1505 1581 1660 1651 juxta
1679 1579 2057 1635 testimonium
2085 1577 2308 1644 sapien-

2415 1582 2509 1635 καὶ
2546 1599 2564 1629 ι
2604 1579 2762 1634 τοῦτό
2805 1581 2870 1650 γὲ
2922 1582 3039 1651 είμι
3070 1582 3255 1652 σοφὸς,
3283 1601 3302 1634 ι
3337 1582 3480 1635 καθᾶ
3512 1579 3861 1648 γνωματεύει
3894 1577 3995 1631 καὶ

733 1668 934 1723 tissimi
961 1671 1343 1739 parcemiastae.
1362 1671 1425 1724 Et
1448 1681 1500 1726 tu
1527 1672 1717 1741 igitur,
1739 1671 1972 1741 quisque.
1994 1671 2125 1723 mihi
2144 1668 2308 1723 dilec-

2417 1674 2445 1724 6
2490 1671 2770 1742 πάνσοφος
2814 1674 3251 1744 παροιμιαστής.
3280 1671 3493 1725 Οὐκοῦν
3521 1672 3618 1724 καὶ
3649 1670 3713 1721 σὺ
3754 1669 3995 1729 ἕκαστος

734 1766 938 1822 torum,
967 1760 1169 1815 bonum
1199 1774 1265 1815 ex
1297 1770 1352 1816 te
1390 1762 1499 1828 fac,
1533 1770 1588 1815 et
1613 1760 1697 1815 fac
1721 1760 1864 1815 istud
1897 1758 2171 1829 primum.
2203 1755 2308 1810 Fac

2417 1765 2528 1818 τῶν
2558 1764 2684 1833 ἐμοὶ
2722 1765 2919 1832 φίλων,
2972 1764 3115 1817 ποίει
3153 1765 3214 1817 τὸ
3258 1763 3426 1816 καλδν
3455 1761 3693 1814 οἴκοθεν·
3729 1758 3893 1813 τοῦτο
3926 1757 3993 1825 δὴ

737 1860 916 1905 autem
961 1853 1124 1908 etiam
1158 1869 1221 1908 ex
1264 1852 1387 1909 aliis
1420 1858 1645 1918 bonum,
1703 1859 1763 1905 ut
1790 1851 2144 1914 conveniens,
2179 1865 2308 1919 sup-

2410 1858 2471 1910 τδ
2502 1856 2742 1925 πρῶτον.
2785 1856 2933 1909 Ποίει
2963 1857 3019 1909 δὲ
3051 1858 3143 1909 καὶ
3174 1856 3231 1909 τὸ
3274 1854 3567 1924 ἑτέρωθεν,
3605 1851 3875 1905 ὑποτεθέν
3908 1849 3991 1911 ὡς

737 1945 1002 2015 positum,
1031 1955 1085 2002 et
1104 1961 1173 2002 ne
1197 1945 1418 2017 fugiens
1444 1944 1956 2015 reprehensionem,
1975 1958 2136 2012 quam
2160 1952 2308 1997 amat

2415 1948 2585 2011 εἰκός·
2625 1948 2719 2001 καὶ
2770 1948 2882 2017 μὴ,
2927 1946 3149 2014 φεύγων
3194 1946 3287 1999 τὸν
3323 1945 3591 2013 ἔλεγχον,
3631 1942 3690 1996 δν
3742 1941 3943 2009 ἀγαπᾷ
3968 1941 3996 1991 6

739 2040 905 2095 homo
962 2040 1203 2110 sapiens,
1261 2039 1628 2096 adulationem
1683 2039 1935 2108 accipere
1974 2036 2111 2091 velis
2144 2045 2196 2090 ct
2227 2036 2309 2090 sic

744 2130 1067 2186 deformati.

813 2222 903 2278 '54.
952 2222 1149 2279 Verum
1198 2223 1483 2294 quoniam,
1527 2230 1587 2277 ut
1641 2222 1775 2288 dixi,
1815 2236 1926 2277 non
1966 2221 2032 2278 ad
2082 2222 2308 2276 adulan-

746 2317 875 2371 dum
902 2316 1106 2373 missus
1139 2330 1284 2380 sum,
1317 2322 1510 2379 restat,
1568 2322 1629 2368 ut
1660 2328 1762 2384 ego
1810 2317 1913 2370 sim
1961 2312 2311 2369 rectitudinis

742 2410 1066 2465 viudicatio.
1098 2407 1423 2478 Hujusmodi
1457 2414 1641 2463 autem
1690 2406 1792 2460 viri
1843 2406 2083 2462 cilicium
2118 2416 2202 2461 cat
2232 2408 2314 2461 di-

746 2521 871 2561 cere
910 2518 1097 2558 verum
1128 2503 1197 2558 ad
1228 2503 1557 2569 accidentia,
1585 2519 1706 2573 qua:
1737 2502 1886 2555 varia
1922 2508 2051 2557 sunt
2072 2509 2126 2554 et
2153 2500 2318 2554 innu-

749 2595 1055 2659 merabilia,
1105 2608 1454 2664 quorumque
1490 2603 1642 2664 pater
1676 2602 1758 2647 est
1804 2593 2022 2659 longum
2073 2604 2311 2660 tempus,

748 2687 1046 2743 artiﬁciosa
1096 2686 1327 2756 gignens
1358 2693 1413 2739 et
1463 2684 1677 2755 negotia
1703 2694 1757 2739 ct
1802 2685 2071 2755 cogitata;
2115 2683 2315 2752 quibus

750 2777 844 2851 qui
874 2782 938 2835 ad
962 2779 1432 2835 enumerationem
1467 2777 1791 2832 immoratus
1815 2787 1920 2843 est,
1944 2786 2087 2829 astra
2113 2776 2319 2846 ipsam-

752 2890 859 2945 que
887 2886 1109 2928 arenam
1157 2884 1447 2925 numerare
1494 2884 1657 2940 posse
1705 2871 1771 2923 de
1824 2878 2022 2923 caetero
2050 2868 2315 2923 confidat.

753 2970 821 3023 Et
851 2970 924 3023 ita
951 2966 1169 3036 quidem
1195 2965 1519 3035 plerumque
1551 2979 1741 3033 puram
1774 2963 1983 3034 absque
2011 2963 2317 3028 reticentia,

755 3059 939 3129 qualis
996 3064 1106 3123 est,
1157 3057 1332 3125 ipsam
1392 3054 1745 3110 administrat
1795 3054 2084 3110 veritatem
2135 3055 2319 3108 omnis

2419 2040 2581 2108 σοφὸς
2618 2041 2781 2110 ἀνὴρ,
2819 2039 2938 2092 θέλε
2974 2038 3402 2101 κολακεύεσθαι,
3461 2036 3557 2089 καὶ
3607 2033 3753 2088 οὕτω
3806 2048 3995 2101 παραο

2417 2132 2754 2201 γράφεσθαι.

2488 2226 2582 2278 λδ’.
2630 2223 2773 2278 Ἀλλ’
2800 2224 3012 2292 ἐπειδὴ,
3053 2227 3190 2295 ὅπερ
3230 2225 3474 2294 ἐφάμην,
3501 2222 3603 2276 ούκ
3633 2216 3995 2286 ἀπέσταλμαι

2420 2318 2763 2380 κολακεύειν,
2787 2318 3038 2370 λείπεται
3067 2317 3131 2387 δὴ
3151 2317 3447 2387 ὀρθότητος
3471 2309 3616 2366 εἷναί
3648 2328 3716 2380 με
3741 2309 3993 2379 ἔλεγχον.

2432 2408 2654 2479 ’Δνδρδς
2702 2409 2759 2462 δὲ
2793 2408 3037 2462 τοιούτου
3101 2408 3263 2477 ἔργον
3331 2403 3688 2476 ἀληθίζεσθαι
3736 2399 3879 2472 πρὸς
3926 2398 3998 2450 τὰ

2424 2500 2871 2570 παραπίπτοντα,
2927 2498 3152 2552 ποικίλα
3193 2499 3322 2552 δντα
3370 2498 3468 2551 καὶ
3529 2494 3867 2563 ἀδιεξίτητα,
3921 2484 3998 2544 ῶν

2423 2592 2609 2661 πατὴρ
2663 2590 2691 2641 6
2748 2589 2955 2658 μακρὶς
2991 2588 3206 2658 χρόνος,
3238 2586 3463 2640 δαίδαλα
3495 2583 3646 2653 φύων
3683 2582 3778 2635 καὶ
3810 2580 3997 2652 πράγο

2426 2702 2572 2755 ματα
2609 2684 2704 2735 καὶ
2748 2684 3020 2751 νοήματαδ
3057 2673 3138 2744 οἷς
3174 2681 3202 2733 6
3250 2676 3599 2747 ἐνδιατρίψας
3653 2674 3733 2736 είς
3783 2670 3995 2741 ἀπαρί-

2425 2777 2633 2847 θμησιν
2660 2773 2941 2845 θαρῤείτω
2969 2772 3064 2836 τοῦ
3098 2770 3287 2824 λοιποῦ
3320 2770 3415 2823 καὶ
3443 2768 3683 2837 ἀστέρας
3717 2765 3864 2834 ἔχειν
3904 2779 3999 2831 με⁸

2426 2868 2577 2936 τρεῖν
2626 2865 2725 2918 καὶ
2779 2866 2964 2933 ἄμμον
3003 2862 3198 2932 αὐτήν.
3253 2860 3364 2913 Καὶ
3417 2858 3560 2912 οὕτω
3614 2857 3714 2926 μὲν
3769 2854 3847 2916 ὡς
3905 2854 3999 2906 ἐπὶ

2396 3022 2401 3027 θ
2426 2961 2683 3012 πλεῖστον
2706 2958 2871 3029 ψιλὴν
2902 2954 3281 3016 ἀνυποστόλως
3310 2954 3480 3022 αὐτὴν
3517 2950 3638 3003 καθ’
3670 2948 3846 3017 αὐτὴν
3878 2947 3999 2998 δια-

2428 3052 2731 3122 χειρίσεται
2779 3049 2881 3119 τὴν
2930 3047 3192 3117 ἀλήθειαν
3223 3046 3319 3099 καὶ
3365 3045 3473 3105 πᾶς
3526 3043 3626 3111 μὲν
3682 3038 3999 3108 ἄνθρωπος,

761 3155 947 3215 homo,
974 3150 1069 3205 sed
1108 3148 1417 3219 prasertim
1449 3148 1540 3217 qui
1572 3137 1976 3212 eruditus'est,
2013 3148 2189 3217 magis
2220 3161 2308 3199 au-

2432 3143 2637 3214 μᾶλλον
2666 3142 2722 3194 δὲ
2758 3143 2785 3195 δ
2838 3136 3295 3206 πεπαιδευμένος,
3325 3134 3418 3186 ἐπὶ
3457 3134 3537 3186 ἔτι
3580 3132 3636 3183 δὲ
3686 3131 3853 3183 πλέον
3885 3132 3913 3181 ὁ
3944 3131 3999 3180 ἐν

757 3257 866 3299 tem
900 3241 994 3313 qui
1022 3218 1311 3297 institutus
1350 3249 1435 3293 est
1466 3238 1520 3291 in
1556 3236 1893 3301 sacerdotio,
1927 3237 2165 3291 maxime
2194 3251 2308 3291 vert

2430 3234 2724 3307 ἱερωσύνῃ,
2763 3232 3002 3303 μάλιστα
3047 3230 3102 3281 δὲ
3162 3227 3283 3280 καθ’
3315 3224 3594 3296 ὑπεροχὴν
3623 3224 3649 3275 ὁ
3679 3218 4000 3291 ἀρχιερεύς.

761 3336 855 3405 qui
893 3333 1198 3391 secundum
1234 3329 1703 3402 prmeminentiam
1749 3336 1835 3383 est
1888 3328 2325 3385 archisacerdos.

762 3429 1101 3484 Occurrente
1122 3439 1252 3480 vero
1274 3422 1509 3494 quodam
1532 3429 1754 3483 eventu,
1775 3420 1869 3492 qui
1888 3421 2013 3475 talis
2040 3430 2123 3475 est
2145 3421 2210 3475 de
2233 3437 2330 3473 cu-

759 3521 977 3591 jusdam
998 3518 1125 3575 boni
1142 3516 1543 3587 gratiﬁcatione
1560 3514 1868 3570 auditorem
1890 3514 1972 3568 vel
1989 3514 2326 3585 singularem

761 3616 847 3669 vel
879 3612 1138 3684 populum
1187 3608 1454 3665 laudabit.
1505 3606 1574 3661 Et
1611 3607 1715 3662 hoc
1761 3623 1869 3662 non
1921 3616 2006 3662 est
2056 3606 2326 3661 adulatio.

768 3712 992 3766 Multum
1027 3709 1174 3765 enim
1225 3705 1436 3760 adulari
1473 3704 1899 3775 spiritaliterque
1935 3702 2157 3758 laudare
2190 3702 2333 3756 inter

768 3821 829 3861 se
854 3805 1197 3873 discrepant,
1212 3809 1556 3868 tantumque,
1585 3806 1849 3868 quantum
1881 3795 2079 3849 veritas
2111 3809 2140 3847 a
2185 3808 2335 3847 men-

769 3899 951 3961 dacio,
993 3895 1348 3963 studiumque
1388 3907 1519 3947 acre
1553 3906 1582 3945 a
1616 3892 1738 3945 lusu
1772 3888 1973 3943 differt.
2015 3887 2072 3942 in
2111 3887 2335 3939 veritate

769 3991 977 4062 quippe
1019 3996 1201 4042 manet
1245 3984 1513 4056 spiritalis
1545 3982 1820 4048 laudator,
1860 3982 1954 4051 qui
1991 3995 2122 4035 vero
2151 3980 2337 4056 laudat

776 4087 828 4138 in
864 4081 1201 4146 adulatione,
1265 4077 1680 4150 pmvaricatur.
1738 4073 1882 4129 Laus
1925 4082 2133 4138 autem,
2172 4088 2335 4140 quam

777 4191 925 4231 nunc
946 4188 1186 4244 expono,
1225 4187 1406 4228 sermo
1423 4180 1509 4225 est
1542 4168 1608 4223 ad
1656 4167 2095 4223 benedictionem
2145 4179 2337 4220 eorum

774 4270 863 4337 qui
893 4268 1045 4338 juxta
1081 4265 1337 4318 virtutem
1370 4261 1593 4325 vivunt;
1634 4269 1688 4315 et
1740 4259 1844 4313 iste
1878 4257 1961 4311 vel
2024 4258 2205 4312 brevis
2254 4254 2340 4310 vel

774 4362 958 4432 gravis
988 4366 1095 4424 est,
1130 4355 1429 4409 secundum
1461 4354 1707 4421 magistri
1760 4351 2050 4421 judicium,
2078 4348 2344 4421 quemad-

780 4452 1000 4506 modum
1031 4450 1233 4501 iterum
1266 4444 1623 4515 reprehensio
1680 4457 1866 4499 sermo
1892 4450 1978 4497 est
2025 4441 2341 4510 huiusmodi

2429 3328 2793 3399 Περιπετείας
2839 3324 2896 3377 δέ
2935 3339 3082 3385 τινος
3117 3318 3544 3388 ἐπιγενομένης,
3579 3315 3672 3367 καὶ
3706 3313 4004 3365 ἐπαινέσει

2428 3439 2522 3476 ται
2557 3419 2836 3490 ἀκροατὴν
2880 3415 2912 3486 ἢ
2961 3414 3250 3484 ἄνθρωπον
3296 3412 3329 3482 ἢ
3371 3410 3546 3479 δῆμον
3580 3409 3609 3461 6
3642 3404 3887 3467 τοιοῦτος
3918 3402 4005 3454 διά

2432 3514 2601 3569 καλοῦ
2635 3529 2779 3574 τινος
2825 3507 3089 3562 ἐπίδοσιν
3124 3504 3219 3558 καὶ
3266 3502 3414 3555 ἔστιν
3457 3497 3589 3553 αὐτὸ
3627 3498 3688 3550 οὗ
3718 3492 4005 3548 κολακεία.

2438 3606 2677 3675 Πλείστη
2710 3603 2820 3674 γάρ
2849 3602 2949 3671 ὅση
2981 3599 3216 3667 διαφορά
3260 3594 3356 3648 τοῦ
3399 3590 3717 3646 κολακεύειν
3768 3588 3866 3640 καὶ
3912 3583 4006 3636 τοῦ

2435 3695 2829 3770 πνευματικῶς
2862 3692 3130 3753 ἐπαινεῖν,
3172 3687 3439 3757 τοσαύτη,
3472 3685 3573 3753 ὅση
3613 3682 3709 3735 καὶ
3740 3678 4009 3748 ἀληθείας

2438 3791 2575 3862 πρδς
2611 3788 2838 3859 ψεῦδος,
2879 3786 2974 3838 καλ
3019 3779 3261 3847 σπουδῆς
3312 3778 3452 3849 πρὸς
3504 3775 3785 3841 παίγνιον.
3847 3770 4008 3837 Ἄλη-

2439 3882 2588 3934 οεύει
2614 3879 2715 3950 μὲν
2749 3877 2858 3947 γὰρ
2892 3876 2920 3928 6
2964 3871 3340 3941 πνευματικὸς
3371 3867 3697 3935 ἐπαινέτης,
3724 3864 4010 3931 παρεργά-

2440 3975 2595 4038 ζεται
2621 3971 2677 4024 δὲ
2710 3972 2738 4023 6
2777 3966 2919 4021 κατὰ
2957 3963 3275 4019 κολακείαν.
3309 3962 3467 4014 Ἐστι
3506 3960 3564 4013 δὲ
3607 3959 3637 4011 6
3671 3956 3919 4018 ἔπαινος,
3951 3951 4007 4003 ὃν

2440 4066 2552 4134 ἐγὼ
2607 4066 2731 4135 ἄρτι
2770 4059 3077 4129 ὲκτίθεμαι,
3125 4058 3284 4125 λόγος
3325 4049 3684 4122 εύλογητικδς
3730 4049 3839 4102 τῶν
3888 4048 4009 4099 κατ⁸

2444 4155 2646 4225 ἀρετὴν
2700 4152 2943 4217 ζώντων.
2974 4190 2977 4195 κ
3009 4151 3119 4202 Καὶ
3174 4147 3336 4209 αὐτὸς
3382 4144 3417 4214 ἢ
3468 4146 3524 4197 ἐν
3570 4138 4009 4210 στενολεσχῖα,ἢ

2444 4247 2745 4316 ἀποτάδην,
2786 4244 2862 4305 ὡς
2919 4244 2948 4296 ὁ
2997 4240 3320 4301 διδάσκαλος
3372 4236 3678 4306 διακρινεῖ·
3728 4232 3921 4301 ῶσπερ
3948 4230 4010 4283 αὖ

2446 4343 2609 4398 πάλιν
2637 4342 2805 4412 ψόγος
2846 4340 2874 4390 ὁ
2921 4330 2999 4407 τῷ
3030 4334 3261 4403 τοιούτῳ
3288 4332 3496 4402 ἐπαίνῳ
3523 4329 3806 4390 ἀντίθετος
3830 4327 4010 4392 λόγος,

2446 4433 2753 4503 δυσφημῶν
2780 4431 2873 4482 τὸν
2920 4428 2996 4499 μὴ
3037 4426 3343 4497 ἀρετῶντα.
3373 4416 3449 4476 UB
3491 4421 3587 4474 καὶ
3618 4417 3788 4472 αὑτοῦ
3825 4434 4014 4485 στοχα-

780 4544 925 4599 laudi
962 4539 1269 4610 oppositus,
1294 4551 1417 4592 eum
1449 4537 1544 4605 qui
1570 4536 1826 4612 virtutem
1867 4549 1973 4589 non
2025 4533 2153 4588 colit
2200 4532 2308 4587 vitu

2407 4542 2422 4594 ι
2451 4528 2602 4579 στέον
2635 4527 2693 4577 ἐν
2712 4521 2891 4594 καιρῷ
2913 4521 3005 4574 τὸν
3027 4518 3172 4571 κατά
3198 4514 3423 4584 πνεῦμα
3454 4513 3805 4575 διδάσκοντα,
3842 4527 4013 4581 πραγ-

779 4650 999 4709 pcrans.
1029 4632 1110 4687 Ad
1143 4645 1304 4701 quem
1342 4628 1519 4697 ipsum
1574 4628 1738 4681 ctiam
1798 4632 2106 4695 Opportune
2149 4639 2341 4679 recur-

783 4722 1013 4780 nendum
1042 4730 1126 4775 est
1154 4720 1221 4774 ab
1244 4733 1310 4773 eo
1342 4717 1433 4787 qui
1486 4716 1679 4794 spiritu
1732 4714 1914 4780 docet,
1946 4714 2183 4779 enitens,
2216 4714 2349 4773 hinc

780 4816 1003 4885 quidem
1038 4810 1197 4865 melle
1232 4808 1556 4877 ceterisque
1596 4805 1962 4861 suavitatibus
2002 4805 2149 4876 pium
2187 4820 2345 4860 sanc-

782 4921 1009 4977 tumque
1044 4903 1313 4961 suscitare
1347 4898 1701 4967 desiderium,
1731 4898 1881 4953 illinc
1910 4908 2092 4952 autem
2122 4897 2346 4952 medici-

782 5001 1005 5056 nalibus
1060 4998 1265 5053 amaris
1318 5010 1380 5050 ac
1452 4993 1680 5063 reliquis
1747 4988 2143 5046 acerbitatibus
2199 4989 2347 5059 quod

784 5094 1103 5151 morbosum
1153 5098 1239 5144 est
1298 5086 1366 5142 ad
1425 5086 1715 5143 sanitatem
1765 5085 2050 5138 reducere.
2099 5070 2345 5148 Quorum

786 5186 960 5257 priori
989 5185 1135 5239 dicta
1160 5183 1281 5237 laus
1304 5178 1789 5251 proportionaliter
1814 5175 2140 5241 infunditur,
2172 5185 2351 5245 poste-

788 5279 1027 5336 tioribus
1062 5282 1243 5330 autem
1264 5272 1642 5345 reprehensio.

859 5370 949 5425 55.
987 5368 1083 5423 His
1105 5366 1431 5437 praemissis,
1452 5365 1562 5435 jam
1606 5363 1765 5433 plane
1793 5360 2037 5417 intellexi
2069 5361 2201 5415 mihi
2240 5377 2348 5417 non

790 5474 917 5514 esse
946 5458 1155 5511 licitum
1204 5454 1417 5508 adulari
1445 5468 1544 5508 vos
1571 5452 1665 5522 qui
1711 5453 1817 5506 mei
1856 5450 2014 5514 estis,
2044 5450 2247 5520 quibus
2276 5450 2356 5504 in-

790 5546 1021 5612 servire,
1053 5559 1190 5609 quos
1219 5543 1285 5597 ad
1312 5543 1514 5597 bonum
1548 5554 1899 5611 componere,
1948 5553 2086 5607 quos
2129 5540 2182 5591 in
2212 5538 2358 5593 veri-

790 5649 955 5693 tatem
990 5635 1249 5691 inducere
1284 5635 1429 5690 volo.
1462 5630 1663 5687 Vereor
1710 5632 1880 5695 enim,
1912 5646 2005 5692 ne,
2060 5630 2346 5685 blandiens

792 5731 848 5784 in
874 5728 1117 5784 docendo
1140 5728 1327 5795 sicque
1353 5725 1642 5789 mentiens,
1673 5733 1861 5778 contra
1888 5720 2056 5774 Deum
2095 5737 2350 5791 pugnem.

796 5821 1011 5878 Etenim
1047 5817 1340 5894 aliquando
1396 5815 1662 5883 blandiar;
1705 5815 1798 5870 sed
1845 5829 1967 5868 cum
2003 5813 2071 5865 ad
2117 5812 2350 5883 aliquem

2453 4617 2851 4690 ματευόμενον,
2884 4616 2960 4685 πῆ
3002 4611 3100 4683 μὲν
3137 4611 3319 4681 μέλιτι
3344 4609 3439 4661 καὶ
3463 4607 3672 4666 λοιποῖς
3704 4605 4014 4675 ἡδύσμασπν

2449 4707 2794 4764 ἀνακτᾶσθαι
2841 4706 2944 4775 τὴν
2980 4702 3204 4772 θεοφιλῆ
3234 4700 3440 4771 δρεξιν,
3485 4699 3560 4768 πῆ
3604 4698 3660 4749 δέ
3694 4698 4011 4766 πικρασμαο

2451 4821 2537 4855 σιν
2574 4800 2936 4871 ἱατρευτικοίς
2974 4798 3069 4850 καὶ
3104 4796 3318 4855 λοιπαῖς
3349 4791 3682 4861 δριμύτησιν
3718 4790 4013 4855 ἐπανάγειν

2447 4894 2511 4948 τὸ
2540 4890 2846 4963 καχεκτοῦν
2872 4891 2952 4953 είς
2987 4889 3232 4958 ὑγίειαν
3262 4879 3338 4939 ῶν
3382 4883 3457 4953 τῷ
3504 4882 3603 4953 μὲν
3641 4882 3853 4950 πρώτῳ
3888 4881 4015 4931 ἀνά-

2450 4987 2609 5055 λογον
2656 4982 2968 5038 διεκπίπτει
3018 4983 3045 5035 ὀ
3096 4978 3286 5051 ῥηθεὶς
3327 4976 3571 5040 ἔπαινος,
3602 4972 3772 5043 ψόγος
3822 4973 3880 5025 δὲ
3914 4974 4017 5031 toi;

2450 5078 2748 5149 δευτέροις.

2525 5348 2623 5401 λε’.
2660 5343 2881 5398 Τούτων
2937 5337 3472 5413 προεκτεθειμένων,
3529 5333 3638 5403 ἔχω
3688 5332 4017 5401 συναγαγὼν

2455 5441 2557 5510 ἤδη
2588 5435 2839 5498 ἐντελῶς,
2901 5431 2977 5495 ὡς
3013 5432 3114 5484 οὐκ
3159 5429 3341 5494 ἔξεστί
3377 5445 3467 5497 μοι
3517 5424 3847 5479 κολακεύειν
3882 5426 4017 5494 ὑμᾶς

2457 5532 2583 5592 τοῖος
2617 5528 2807 5597 ἐμοὺς,
2838 5522 2931 5587 οὒς
2958 5522 3193 5592 ὠφελεῖν
3226 5521 3417 5585 ἐθέλω,
3441 5518 3535 5581 οὒς
3571 5522 3654 5581 εἰς
3690 5519 3901 5586 ἀγαθὸν
3927 5535 4015 5569 κα-

2454 5620 2754 5692 ταρτίζειν,
2794 5616 2887 5680 οὓς
2917 5614 3136 5683 ἐνάγειν
3168 5612 3306 5683 πρὸς
3330 5610 3616 5680 ἀλήθειαν,
3640 5610 3868 5662 Δέδοικα
3892 5608 4010 5675 γάρ.

2463 5717 2536 5783 μὴ
2576 5713 2673 5767 καὶ
2703 5708 2987 5780 θεομαχῶ,
3030 5704 3350 5759 κολακεύων
3376 5706 3435 5758 ἐν
3464 5702 3543 5773 τῷ
3583 5703 3891 5763 διδάσκειν,
3928 5698 4010 5752 καὶ

2459 5808 2600 5863 οὓτω
2633 5805 2986 5878 ψευδόμενος.
3039 5799 3377 5854 Κολακεύσω
3432 5797 3532 5868 μέν
3569 5797 3679 5868 γάρ
3720 5811 3870 5850 ποτε·
3902 5789 4004 5845 ἀλλ’
