4210 6438
239 438 343 503 665

1163 435 1248 496 ΙΝ
1291 435 1351 494 S.
1390 429 2064 505 QUADRAGESIMAM
2101 432 2389 494 ORATIO
2425 431 2541 492 ιῐῐ.

3382 432 3492 498 666

241 556 328 608 ὅτε
358 549 634 615 ποππύζω
671 549 808 620 πρός
852 565 998 613 τινα,
1042 549 1178 600 ώσεὶ
1247 549 1344 601 καὶ
1374 548 1545 601 ἵππον
1583 546 1802 616 ἀγριού⁴

1918 546 2100 624 sibilo,
2135 555 2393 615 tanquam
2419 545 2485 597 ad
2516 558 2716 614 equum
2751 549 3049 612 agrestem,
3089 544 3177 600 vel
3201 545 3374 601 feram
3407 547 3492 599 i'n-

243 664 429 716 μενον,
458 645 492 716 ἢ
520 646 620 698 καὶ
671 644 905 714 καταψῶ
946 643 1136 714 θηρίον
1179 642 1494 696 ἀτίθασσον·
1527 636 1609 705 οἷς
1641 659 1814 712 προσ-

241 736 429 788 θετέον
465 736 563 787 καὶ
613 735 896 802 ἀφύκτους
949 735 1201 804 ἐχθροὺς,
1235 734 1288 786 εἴ
1333 733 1497 786 ποθεν
1532 734 1817 804 κατασκήο

236 829 425 896 ψαιεν.
459 828 570 879 Καὶ
602 827 711 897 μὴν
734 825 844 894 ἐγὼ
875 822 966 897 (ἦν
1004 843 1136 879 ποτε
1181 826 1371 896 καιρὸς
1409 826 1615 888 ἐκεῖνος
1649 826 1818 878 {ursu-

239 922 450 982 κταίος,
483 921 513 972 6
541 919 687 971 κατά
718 919 817 989 τὴν
853 919 1260 989 αἰχμαλωσίαν)
1294 920 1385 970 καὶ
1415 917 1626 970 ὤκνουν
1657 916 1817 970 κολαο

237 1009 448 1072 κεύειν,
483 1011 580 1063 καὶ
611 1013 639 1064 6
674 1010 809 1072 Θεδς
835 1011 1026 1062 ἵστατο
1053 1008 1188 1079 παρ’
1218 1009 1343 1079 ἐμοὶ
1389 1011 1482 1061 καὶ
1519 1008 1605 1060 διὰ
1633 1007 1813 1061 τοῦτο·

238 1104 571 1172 εὐδοκίμουν
625 1103 736 1172 γὰρ
788 1101 1002 1172 τάληθῆ
1056 1101 1232 1169 λέγων
1280 1101 1608 1170 εὐμεθόδως.
1647 1101 1710 1154 Εἰ
1758 1099 1816 1153 δέ

237 1213 373 1249 ποτε
426 1198 522 1250 καὶ
551 1197 718 1267 χολήν
743 1213 867 1249 τινα
897 1197 1011 1258 τοῖς
1035 1195 1330 1256 δεσπόταις
1353 1194 1588 1257 ἐκείνοις
1620 1192 1814 1246 ὑπεκί-

235 1304 388 1353 νουν,
425 1287 569 1340 ἀλλὰ
613 1288 708 1340 καὶ
763 1287 953 1348 αὐτοῖς
999 1284 1139 1355 ταχὺ
1171 1286 1231 1338 τὸ
1261 1283 1375 1354 πῦρ
1405 1283 1716 1346 ἐσϐέννυτο,
1749 1284 1814 1354 τῇ

235 1379 447 1433 ἀνωθεν
477 1379 659 1449 δρόσῳ
711 1378 1142 1448 μαραινόμενον.

304 1470 416 1535 λς’.
451 1471 575 1523 Ἔτι
606 1470 1024 1541 προσεπιζητῶ,
1052 1470 1148 1522 καὶ
1181 1467 1380 1536 coqui);
1407 1459 1547 1521 εἶναι
1581 1465 1678 1519 καὶ
1712 1463 1814 1532 εμὲ

233 1564 330 1614 καὶ
366 1563 538 1631 ὑμᾶς.
597 1562 874 1629 Ἐσόμεθα
929 1561 986 1614 δὲ
1031 1558 1270 1613 τοιοῦτοι
1308 1559 1370 1611 οὐ
1409 1557 1558 1625 πόνῳ
1604 1555 1811 1624 πολλῷ,

231 1655 292 1709 οὗ
347 1655 574 1724 βιϐλίων
619 1655 998 1719 ἑπελεύσεσιν,
1030 1653 1114 1720 ἐφ’
1145 1648 1227 1714 οἷς
1262 1650 1536 1720 ὀφθαλμοὶ
1570 1649 1815 1718 κάμνου-

233 1762 340 1810 σιν,
370 1747 433 1799 οὐ
466 1747 813 1802 διδασκάλων
845 1747 1196 1817 αύστηρίαις,
1229 1740 1304 1800 ῶν
1326 1746 1379 1799 αἰ
1411 1746 1593 1815 χεῖρες
1627 1743 1814 1811 ἀλγειο

233 1843 356 1902 νοῦς
392 1843 707 1913 ἑντρίϐουσι
750 1841 1049 1911 μώλωπας,
1085 1843 1185 1911 οὐχ
1235 1839 1406 1894 ὕπνου
1457 1837 1701 1907 ἀργίαις,
1733 1835 1804 1889 δι’

1918 636 2181 692 domitam
2235 637 2556 701 demulceo;
2600 638 2811 705 quibus
2857 636 3189 706 adiungendi
3243 646 3373 693 sunt
3410 639 3494 694 in-

1917 730 2241 784 eluctabiles
2293 730 2535 793 inimici,
2571 729 2615 783 si
2667 730 2922 786 alicunde
2956 730 3191 788 irruant.
3230 729 3296 783 Et
3344 742 3494 787 certe

1917 835 2039 891 ego,
2075 852 2145 861 —
2174 828 2293 874 erat
2336 821 2464 874 olim
2509 829 2727 889 tempus
2759 821 2894 874 illud
2918 822 3260 891 captivitatis
3286 821 3495 876 abnmi.

1920 912 2187 977 nandum,
2215 943 2283 955 --
2318 913 2528 968 adulari
2569 914 2853 981 quondum
2886 915 3164 977 nolebam,
3200 922 3254 970 et
3285 914 3497 969 idcirco

1918 1004 2051 1059 mihi
2097 1004 2240 1058 Deus
2287 1003 2478 1058 aderat
2512 1021 2528 1057 :
2561 1005 2788 1058 amabar
2821 1005 2965 1059 enim
3019 1005 3180 1073 plana
3226 1007 3312 1059 via
3364 1021 3496 1060 vera

1917 1096 2166 1164 loquens.
2207 1095 2265 1150 Si
2297 1096 2521 1165 quando
2556 1110 2686 1150 vero
2711 1095 2873 1150 bilem
2902 1095 3344 1152 doiniuatoribus
3384 1098 3496 1153 illis

1915 1202 2186 1242 moverem
2213 1227 2227 1251 ,
2267 1202 2396 1243 ecce
2449 1186 2600 1243 brevi
2641 1185 2784 1247 ittuis
2813 1225 2828 1251 ,
2865 1201 2989 1242 rore
3024 1186 3263 1256 desuper
3311 1188 3495 1242 infuso

1917 1280 2392 1352 exstinguebatur.

1984 1465 2076 1520 36.
2115 1463 2181 1519 Et
2207 1464 2387 1520 adhuc
2414 1479 2499 1519 me
2529 1473 2584 1520 et
2611 1478 2706 1519 vos
2734 1477 2856 1519 esse
2885 1462 3168 1532 sapientes
3198 1475 3492 1534 praesumo.

1916 1559 2081 1615 ’l'ales
2113 1567 2296 1613 autem
2328 1556 2536 1613 erimus
2587 1571 2696 1610 non
2740 1554 2911 1609 multo
2941 1554 3156 1618 labore,
3184 1569 3290 1608 non
3327 1553 3498 1608 libro-

1919 1664 2044 1704 rum
2121 1648 2465 1713 accessione,
2517 1662 2685 1717 super
2725 1645 2930 1716 quibus
2985 1645 3286 1716 fatigantur
3325 1647 3494 1709 Oculi,

1916 1754 2023 1794 non
2056 1739 2452 1810 magistrorum
2485 1737 2834 1800 austeritate,
2866 1749 3100 1803 quorum
3145 1748 3348 1788 manus
3379 1748 3497 1785 mo-

1916 1831 2083 1886 lestas
2137 1830 2346 1886 vibices
2411 1829 2760 1899 imprimunt.
2831 1842 2939 1881 non
3017 1826 3339 1888 insomniis,
3399 1840 3498 1894 per

229 1925 303 1986 ῶν
341 1934 439 1986 καὶ
475 1933 658 1986 αὐτῶν
693 1935 830 1988 πολὺ
870 1936 932 1986 τὸ
983 1937 1128 1998 σῖνος
1157 1936 1271 1998 τοῖς
1309 1933 1711 2003 ἀγρυπνοῦσιν,
1737 1928 1800 1983 ού

1906 1937 2026 1992 qua
2085 1921 2315 1978 multum
2387 1921 2714 1976 damnorum
2801 1919 3030 1974 affertur
3103 1918 3493 1988 vigilantibus.

230 2024 412 2077 ποδῶν
439 2024 717 2094 καμάτοις
749 2024 807 2092 ἐξ
842 2025 1185 2096 δδοιποριῶν,
1205 2026 1266 2079 ού
1297 2025 1565 2085 δαπάναις
1593 2024 1714 2086 ταῖς
1744 2039 1802 2074 τε

227 2116 420 2178 ἄλλαις
452 2117 553 2170 καὶ
573 2119 732 2181 ὅσαις
758 2117 1231 2186 ἑκθεραπεύονται
1261 2118 1434 2187 λίχνοι
1466 2113 1800 2181 διδάσκαλοι,

225 2209 324 2261 οὐκ
353 2209 540 2274 ἄλλοις
579 2210 815 2275 τούτοις,
841 2205 916 2265 ὧν
949 2211 1164 2282 μυρίων
1200 2209 1398 2280 ἡκατά
1433 2208 1625 2278 σοφίαν
1655 2206 1805 2275 ιφίε-

225 2319 314 2354 ται
343 2305 564 2374 ἀγωγή.
615 2304 780 2357 ’Δλλά
818 2304 929 2375 χρὴ
958 2306 1120 2375 μόνον
1155 2304 1414 2372 ιθελῆσαι
1448 2301 1546 2356 καὶ
1585 2298 1803 2353 ἐπινεῦ-

226 2409 317 2448 σαι
346 2395 522 2466 ἡμᾶς,
555 2396 650 2449 καί⁵
683 2397 886 2450 αὐτίκα
918 2395 1299 2466 σεσοφίσμεθα
1331 2394 1587 2458 ιντελῶς.

291 2573 390 2641 λζ’.
429 2576 646 2645 Σοφίζει
675 2577 732 2629 δὲ
765 2573 937 2639 οὕτως
969 2576 1120 2646 ἡμᾶς
1169 2574 1532 2644 ἀγαπώμενος
1589 2576 1615 2628 6
1648 2574 1803 2643 ἔλεγ-

222 2683 336 2737 χος.
367 2684 386 2717 ι
431 2665 661 2736 Ἔλεγχε
722 2667 847 2736 γὰρ,
877 2684 895 2716 t
929 2667 1088 2735 φησι,
1121 2683 1140 2715 ι
1175 2665 1338 2734 σοφὸν
1360 2707 1374 2728 ,
1408 2665 1499 2717 καὶ
1524 2666 1801 2734 ἀγαπήσει

223 2775 304 2821 σε,
335 2776 356 2809 ›
393 2759 648 2827 ἀφορμὴν
671 2757 918 2811 ἐντεῦθεν
943 2757 1123 2812 λαϐὼν
1150 2755 1241 2809 τοῦ
1279 2757 1372 2809 καὶ
1407 2757 1707 2826 σοφώτερος
1729 2753 1804 2808 εἰ-

222 2863 332 2900 ναι.
387 2846 452 2897 Ὢ
512 2845 826 2908 διδάσκαλος
883 2838 1035 2908 οὗτος
1063 2845 1404 2913 εύπὸριστος,
1447 2843 1494 2896 ῶ
1522 2845 1717 2913 σαφὴς,
1757 2841 1803 2896 ὣ

220 2935 440 3005 γοργὸς,
477 2934 524 2987 ῶ
543 2934 736 3004 δώροις
765 2934 1054 2997 ἀνάλωτος,
1087 2932 1131 2986 ὣ
1153 2935 1246 2987 καὶ
1278 2932 1545 2987 διδάσκων
1573 2932 1688 3002 ἅμα
1707 2932 1802 2985 καὶ

223 3026 516 3096 ἰατρεύων,
549 3026 611 3078 τὸ
662 3025 779 3096 μὲν,
811 3021 893 3089 οἷς
924 3026 1199 3094 μεθοδεύει
1228 3027 1296 3078 τὰ
1323 3026 1587 3095 σωτήρια,
1620 3024 1680 3077 τὸ
1731 3025 1797 3089 δ’,

219 3116 303 3171 ὅτι
361 3117 464 3186 τῆς
517 3117 754 3187 ψυχικῆς
803 3118 1060 3187 καχεξίας
1107 3117 1390 3170 ἀποκενοϊ·
1429 3116 1474 3168 ῶ
1536 3120 1631 3169 καὶ
1664 3116 1800 3185 πρὸς

219 3210 354 3280 χάος
409 3208 642 3262 ἄϐυσσον
697 3209 956 3273 κατάγων
995 3210 1092 3262 καὶ
1144 3209 1282 3277 πρὸς
1330 3207 1556 3277 οὐρανὸν
1596 3207 1744 3276 ὑψῶν
1770 3208 1798 3259 6
1828 3235 1870 3292 ο

218 3301 408 3363 αὐτὸς,
460 3301 520 3352 τδ
561 3299 795 3369 πρῶτον,
827 3293 909 3362 οἷς
954 3299 1326 3351 ταπεινοποιεϊ
1357 3299 1420 3349 ὲκ
1473 3297 1800 3366 μεταμέλου,

215 3394 280 3446 τδ
303 3392 579 3461 δεύτερον,
617 3388 700 3454 οἷς
728 3391 918 3457 άνάγει
976 3392 1042 3459 τῇ
1075 3392 1139 3441 ἐκ
1194 3389 1485 3456 μετανοίας
1534 3390 1798 3459 καθάρσει

219 3485 359 3555 πρὸς
396 3483 485 3535 τὸν
514 3483 737 3552 ὕψιστον
765 3481 989 3550 Κύριον.
1035 3480 1098 3534 Εἰ
1127 3479 1184 3531 δέ
1224 3496 1308 3541 τις
1342 3480 1672 3550 ἁμαρτάνων
1710 3482 1802 3535 τὸν

216 3574 461 3648 τοιοῦτον
506 3573 729 3642 ἔλεγχον
786 3572 1132 3642 σκορακίζειν
1192 3569 1388 3624 ἑαυτοῦ
1437 3574 1718 3642 πειρᾶται,
1775 3574 1816 3637 ὁ,

219 3663 462 3726 τοιοῦτος
517 3663 782 3732 φριξάτω,
817 3661 1232 3731 εὐλαϐούμενος,
1278 3663 1351 3730 μή
1411 3679 1541 3714 ποτε
1573 3664 1665 3716 καὶ
1699 3665 1801 3717 αύ-

215 3755 311 3819 τδς
335 3755 606 3824 αἰτιαθείη
632 3755 839 3818 δεινῶς,
871 3755 948 3817 ώς
979 3755 1107 3814 τοὺς
1134 3752 1372 3816 δικαίους
1401 3753 1656 3823 ἐλέγχους
1686 3753 1801 3824 μώ·

219 3840 412 3904 λωπας
445 3840 625 3911 ἑαυτῷ
655 3842 788 3911 ἡγού
798 3859 975 3908 μενος.

288 3931 397 4001 λη’.
425 3934 488 3984 Ὢ
521 3933 843 4002 ἁμαρτωλὸς
892 3934 1022 4002 ἐγὼ,
1084 3936 1176 3988 καὶ
1225 3935 1280 3988 εἴ
1324 3953 1408 3999 τις
1446 3935 1634 4005 ἕτερος
1676 3935 1801 3988 κατ’

216 4022 342 4093 ἐμὲ.
372 4023 439 4075 Τί
490 4023 690 4092 δήποτε
722 4027 1251 4096 κεκαυτηριασμὲνοι
1304 4028 1402 4098 τὴν
1452 4027 1782 4096 συνείδησιν,

216 4113 298 4177 οἷς
335 4116 557 4182 οἴδαμεν
587 4117 1008 4183 ἁμαρτάνοντες,
1027 4120 1119 4170 τὸν
1152 4120 1214 4171 ὲκ
1236 4118 1326 4171 τοῦ
1357 4119 1514 4187 λόγου
1548 4120 1800 4188 καυτῆρα

216 4206 661 4275 δυσωπούμεθα;
708 4208 945 4261 Ἐπαινῶ
1007 4214 1278 4279 καχέκτας
1308 4211 1574 4277 ἐκείνους,
1602 4211 1652 4264 οἶ
1703 4212 1800 4264 καὶ

215 4301 398 4351 νοσεῖν
433 4300 795 4362 αἰσθάνονται,
851 4302 947 4355 καὶ
995 4304 1278 4372 ἀνέχονται
1315 4303 1594 4371 καιόμενοι
1660 4302 1799 4372 πρὸς

216 4393 533 4457 ὕγίειαν.’0
569 4394 867 4462 στραϐίζων
897 4396 1176 4464 ἐμφανῶς,
1207 4396 1300 4448 ἐὰν
1324 4395 1553 4466 ἀκούσῃ,
1586 4393 1803 4457 εύωπὺς.

213 4481 380 4544 εἶναι,
439 4484 702 4551 γελᾶσθαι
742 4487 939 4552 κρίνει,
995 4487 1088 4538 καὶ
1139 4487 1232 4539 τδν
1266 4489 1510 4540 ἐπαινεῖν
1538 4487 1799 4542 δοκοῦντα

1905 2027 2016 2068 non
2055 2014 2254 2082 pedum
2306 2029 2372 2068 ex
2424 2013 2718 2068 itineribus
2752 2013 3037 2073 aerumnis,
3075 2027 3185 2064 non
3232 2009 3496 2078 expensis

1905 2103 2210 2160 istiusmodi
2268 2105 2468 2174 quibus
2510 2103 2728 2175 cupidis
2792 2102 3070 2173 magistris
3131 2103 3494 2166 deserviunt,

1909 2212 2021 2251 non
2056 2197 2182 2252 aliis
2211 2197 2360 2252 ntille
2391 2197 2619 2260 talibus,
2657 2211 2780 2266 qua!
2813 2195 3120 2249 secundum
3160 2195 3495 2264 sapientiam

1903 2287 2161 2341 educatio
2212 2287 2464 2355 attingit;
2521 2287 2616 2341 sed
2660 2285 3012 2342 solummodo
3081 2301 3184 2340 nos
3234 2286 3374 2341 velle
3437 2297 3492 2340 et

1902 2378 2158 2432 assentiri
2191 2386 2430 2448 oportet,
2472 2387 2525 2432 et
2555 2378 2740 2433 statim
2775 2393 2995 2432 omnem
3032 2378 3359 2448 sapientiam
3398 2392 3491 2432 ac.

1902 2470 2312 2540 quisiverimus.

1973 2567 2062 2618 37.
2102 2565 2296 2619 Reddit
2316 2573 2500 2620 autem
2528 2567 2598 2619 ita
2627 2582 2726 2620 nos
2746 2567 3025 2636 sapientes
3055 2565 3364 2621 desiderata
3403 2581 3491 2618 re-

1903 2653 2222 2723 prehensio.
2258 2672 2276 2704 ι
2319 2654 2680 2721 Reprehende
2711 2657 2884 2719 enim,
2920 2656 3123 2724 inquit.
3151 2657 3476 2724 sapientem,

1903 2753 1958 2798 et
1989 2745 2193 2796 amabit
2222 2754 2294 2800 te.
2343 2763 2361 2796 ι
2394 2746 2740 2800 occasionem
2771 2745 2898 2800 inde
2919 2763 3145 2802 sumens
3175 2758 3234 2801 ιιι
3265 2749 3493 2816 sapien-

1905 2836 2012 2890 tior
2038 2836 2148 2890 fiat.
2183 2834 2226 2889 Ο
2255 2836 2518 2903 magister
2577 2836 2668 2890 ille
2720 2837 2868 2890 aditu
2921 2837 3137 2892 facilis!
3185 2852 3348 2906 quam
3379 2853 3494 2891 ma-

1905 2927 2163 2992 nifestus,
2197 2943 2359 2996 quam
2387 2928 2608 2992 ardens,
2634 2943 2794 2996 quam
2844 2928 3006 2983 donis
3038 2928 3482 2984 inaccessibilis!

1905 3016 2021 3070 Una
2065 3018 2226 3072 docet
2265 3027 2320 3072 et
2371 3028 2548 3084 sanat,
2591 3019 2738 3074 istud
2792 3019 3014 3087 quidem
3051 3035 3116 3074 eo
3147 3020 3292 3089 quod
3336 3021 3492 3074 salu-

1905 3109 2043 3163 taria
2071 3109 2403 3178 przescribit,
2432 3110 2535 3164 hoc
2564 3120 2744 3181 autem
2800 3127 2864 3166 eo
2923 3111 3066 3182 quod
3104 3111 3300 3166 morbo
3329 3112 3494 3182 Spiri-

1904 3201 1995 3255 tali
2027 3201 2252 3269 purgat!
2287 3200 2432 3255 Idem
2464 3201 2519 3254 iu
2555 3201 2885 3269 profundam
2912 3205 3170 3274 abyssum
3217 3204 3482 3267 demittit,

1907 3301 1959 3348 et
2012 3295 2066 3347 in
2120 3293 2319 3348 cmlum
2383 3295 2616 3356 extollit,
2676 3295 2830 3360 illud,
2870 3295 3018 3362 quod
3065 3311 3132 3349 ex
3165 3296 3486 3363 poenitentia

1909 3385 2187 3446 bumiliat,
2251 3385 2375 3449 hoc,
2413 3387 2561 3455 quod
2627 3388 2869 3456 puritate
2920 3404 2985 3442 es
3035 3383 3356 3458 poenitentia
3415 3392 3483 3443 ad

1907 3475 2242 3531 altissimum
2276 3477 2568 3531 Dominum
2613 3478 2823 3533 elevatl
2863 3477 2919 3531 Si
2957 3479 3082 3548 quis
3135 3495 3268 3534 vero
3303 3481 3483 3534 deliu-

1905 3583 2106 3638 quens,
2140 3568 2456 3636 hujusmodi
2493 3572 2987 3640 reprehensionem
3042 3588 3072 3626 a
3114 3588 3172 3627 se
3211 3574 3485 3642 projicere

1904 3667 2098 3724 tentat,
2124 3660 2248 3713 talis
2290 3663 2706 3728 contremiscat,
2738 3664 2976 3730 veritus,
3011 3679 3078 3719 ne
3110 3663 3406 3734 aliquando
3430 3673 3485 3718 et

1905 3751 2025 3820 ipse
2070 3752 2124 3804 in
2179 3767 2350 3808 causa
2401 3753 2690 3808 tremenda
2756 3757 3159 3818 constituatur,
3221 3766 3480 3828 tanquam

1901 3841 2084 3912 justas
2117 3845 2582 3912 reprehensiones
2613 3847 2717 3900 sibi
2753 3847 2957 3903 vibices
2985 3850 3283 3902 aestimans.

1972 3934 2126 3988 38.0
2159 3943 2412 4003 peccator
2455 3951 2578 4004 ego,
2619 3947 3048 4006 peccatoresque
3095 3936 3141 3991 si
3176 3936 3318 3992 forte
3368 3937 3480 3992 siut

1903 4026 2037 4080 mibi
2079 4027 2308 4092 similes,
2359 4043 2461 4082 cur
2515 4028 2729 4083 tandem
2783 4030 3128 4085 conscientia
3167 4031 3479 4097 cauteriati,

1901 4117 1993 4186 qui
2023 4133 2120 4172 nos
2147 4134 2272 4173 esse
2310 4127 2627 4186 peccatores
2659 4119 2888 4184 scimus,
2917 4123 3216 4174 cauterium
3258 4138 3321 4176 ex
3357 4138 3475 4176 scr-

1868 4211 2156 4290 ’monibus
2213 4225 2355 4277 aegre
2417 4209 2686 4266 ferimus?
2735 4210 2926 4267 Morbo
2967 4213 3282 4268 laborantes
3340 4213 3481 4270 istos

1901 4301 2081 4363 laudo,
2112 4300 2206 4369 qui
2235 4315 2294 4354 se
2325 4301 2574 4355 sentiunt
2613 4314 2889 4372 aegrotare
2923 4304 3482 4375 combustimtemque

1900 4394 2174 4448 sustinent
2198 4394 2265 4446 ad
2293 4395 2612 4448 sanitatem.
2640 4394 2741 4461 Qui
2790 4396 3084 4450 manifeste
3115 4398 3342 4452 strabus
3369 4411 3478 4464 σει,

1902 4485 1946 4538 si
1979 4485 2123 4553 quod
2162 4486 2304 4540 bene
2344 4487 2417 4540 sit
2451 4486 2631 4541 oculis
2659 4487 2870 4552 audiat,
2902 4488 3123 4544 irrideri
3155 4505 3215 4545 se
3243 4492 3478 4557 judicat,

215 4573 518 4641 μέμφεται.
573 4574 728 4626 Οὖτω
777 4574 831 4626 δὲ
867 4576 956 4627 καὶ
982 4579 1009 4628 6
1049 4576 1431 4640 κυλλοποδίων,
1469 4578 1626 4647 εἴπερ
1648 4578 1784 4648 ὀρθά

1901 4585 1943 4630 et
1987 4593 2113 4631 eum
2160 4579 2252 4646 qui
2313 4578 2541 4634 laudare
2599 4581 2816 4634 videtur
2878 4582 3083 4651 arguit.
3155 4581 3249 4636 Sic
3313 4599 3483 4652 porru

212 4662 457 4730 βαδίζειν
480 4663 707 4729 λέγοιτο.
741 4664 814 4716 Τὸ
843 4664 887 4716 δ’
919 4665 1052 4717 αὐτὸ
1082 4666 1175 4718 καὶ
1219 4665 1314 4716 ἐπὶ
1359 4666 1467 4717 τῶν
1498 4666 1670 4719 ἄλλων
1693 4685 1789 4720 κα·

207 4758 280 4807 τά
328 4755 488 4822 σῶμα
540 4755 860 4825 πηρώσεων.
931 4757 1120 4825 Ἡμεῖς
1165 4757 1242 4820 δὲ,
1298 4751 1372 4810 ὧν
1412 4759 1628 4828 πρῶτος
1655 4760 1785 4826 ἐγὼ,

207 4847 514 4916 ἁμαρτίαις
544 4847 894 4916 ὲζοφωμένοι,
945 4852 1039 4902 καὶ
1095 4849 1476 4917 μανθάνοντες,
1508 4851 1620 4918 φῶς
1648 4846 1787 4904 εἶναι

210 4944 310 4992 καὶ
342 4938 568 5006 ἡλιῶδες
601 4941 1030 5010 ἀπαστράπτειν,
1093 4941 1231 4993 διατί
1269 4942 1332 4996 ού
1391 4943 1640 5011 νοοῦμεν,
1702 4943 1788 4996 ὅτι

207 5032 541 5099 γελώμεθα;
587 5032 875 5100 Ἐθέλομεν
902 5032 958 5085 δὲ
989 5033 1228 5101 συνεχῶς
1275 5033 1408 5086 αὐτὸ
1437 5034 1655 5087 ἀκούειν
1707 5037 1788 5098 εἰς

208 5125 460 5175 ἔπαινον.
493 5123 552 5174 Εἰ
574 5123 630 5173 δὲ
657 5125 685 5175 6
723 5122 1026 5191 παραϐλὼψ
1055 5126 1148 5177 καὶ
1180 5125 1374 5193 χωλὸς,
1407 5127 1502 5178 καὶ
1527 5127 1673 5189 ὅσοις
1694 5126 1788 5181 ἄλο

211 5215 335 5276 λοις
379 5216 413 5282 ἡ
449 5214 589 5266 κατὰ
638 5214 795 5283 σῶμα
844 5215 1156 5286 ἡμάρτηται
1207 5217 1427 5282 πλάσις,
1461 5219 1631 5288 θυμὸν
1658 5221 1788 5271 ἀνα-

210 5306 609 5376 λαμϐάνουσιν,
667 5307 755 5359 ὅτε
787 5307 918 5361 ποτὲ
969 5308 1331 5371 σκώπτονται,
1365 5310 1458 5363 καί
1495 5328 1579 5374 τις
1613 5311 1786 5364 οἴεται

204 5400 298 5452 διὰ
336 5398 529 5462 ταῦτα,
560 5399 654 5452 καὶ
680 5400 771 5452 τὸν
793 5401 1151 5470 ἐλεγχόμενον
1178 5405 1270 5454 καὶ
1293 5401 1438 5457 οὓτω
1467 5404 1787 5473 χολούμενον

202 5490 446 5552 δεόντως
471 5491 822 5557 ἀγανακτεῖν,
850 5493 925 5555 ὡς
946 5488 1032 5545 οἷα
1079 5494 1590 5565 περιυϐριζόμενον,
1623 5511 1786 5562 γινω-

205 5579 396 5632 σκέτω
432 5580 494 5631 οὐ
518 5581 695 5644 καλῶς
722 5583 950 5637 οίεσθαι.
982 5585 1057 5637 Οὐ
1081 5587 1188 5655 γὰρ
1220 5587 1413 5639 ταύτὸν
1440 5585 1784 5638 σκώπτεσθαι

203 5669 304 5720 καὶ
334 5668 674 5736 ἐλέγχεσθαι.
709 5671 782 5724 Τδ
824 5671 1050 5744 μὲνγὰρ
1104 5673 1346 5743 σκῶμμα
1386 5675 1569 5738 παίζει
1596 5691 1784 5743 κυριο·

202 5758 596 5827 Αεκτούμε-ιον,
628 5763 655 5815 6
685 5762 741 5816 δὲ
772 5764 993 5834 ἔλεγχος
1033 5766 1322 5829 σπουδάζει
1349 5769 1444 5819 καὶ
1469 5766 1692 5836 διορθοῖ.

273 5848 377 5903 λα.
408 5852 482 5903 Οὐ
516 5852 690 5907 τοίνυν
733 5853 852 5909 οὐδὲ
898 5857 1056 5928 ἡμεῖς
1097 5857 1492 5922 διδασκαλικῶς
1534 5861 1780 5931 ἐλέγχον-

1887 4667 2050 4720 etiam
2083 4669 2331 4733 claudus,
2368 4670 2413 4725 si
2438 4677 2583 4725 recte
2603 4670 2819 4725 dicatur
2853 4672 3127 4726 incedere.
3165 4672 3312 4726 ldeut
3351 4689 3481 4728 vero

1887 4769 1966 4812 est
2006 4774 2224 4829 quoque
2280 4760 2348 4815 de
2393 4763 2609 4817 caeteris
2659 4763 2909 4831 corporis
2958 4763 3290 4820 defectibus.
3361 4765 3474 4820 Nos

1889 4864 2094 4919 autem,
2113 4869 2342 4924 quorum
2370 4869 2470 4925 ego
2501 4855 2728 4925 primus.
2757 4857 2997 4925 peccatis
3021 4857 3305 4921 obcaecati,
3344 4873 3473 4912 cum

1887 4947 2143 5000 audimus
2175 4960 2299 5001 esse
2346 4946 2528 5000 lumen
2578 4954 2632 5001 et
2681 4949 2828 5001 sicut
2879 4949 2962 5003 sol
3010 4947 3241 5018 fulgere,
3307 4964 3482 5018 quare

1889 5053 1991 5093 nos
2033 5038 2245 5092 irrideri
2303 5053 2410 5092 nou
2459 5041 2743 5108 putamus?
2793 5037 2898 5095 Sed
2937 5049 3198 5108 perpetuo
3291 5041 3482 5094 lauda-

1888 5133 2091 5186 tionem
2113 5130 2304 5185 audire
2327 5133 2601 5188 volumus.
2635 5132 2692 5186 Si
2719 5148 2845 5187 vero
2871 5134 3092 5188 strabus
3121 5143 3175 5186 et
3228 5133 3478 5198 claudus,

1887 5233 1943 5279 et
1980 5224 2292 5292 quicunque
2326 5223 2420 5277 tali
2481 5225 2729 5293 corporis
2779 5223 3178 5278 deformatione
3243 5224 3476 5292 laborat,

1891 5318 1970 5370 ira
2006 5326 2312 5379 moventur,
2339 5331 2464 5370 cum
2496 5316 2900 5371 cavillationem
2945 5316 3202 5380 audiunt,
3251 5327 3305 5370 et
3340 5318 3467 5370 ideo

1890 5408 2014 5475 quis
2040 5412 2193 5475 putat
2229 5420 2355 5460 eum
2425 5407 2518 5474 qui
2573 5405 3017 5475 reprehenditur,
3064 5420 3190 5460 cum
3244 5406 3326 5460 sic
3359 5406 3442 5461 ira

1900 5498 2098 5554 scitur.
2120 5499 2316 5552 merito
2346 5497 2618 5568 indignari
2644 5507 2904 5568 tanquam
2927 5497 3196 5567 iniuriam
3215 5510 3467 5565 passum,

1891 5589 2124 5642 multum
2164 5598 2335 5644 errat.
2379 5588 2493 5643 Non
2532 5591 2679 5644 enim
2727 5591 2866 5645 idem
2904 5589 3311 5646 cavillationem
3339 5589 3449 5643 sub

1889 5682 1968 5735 ire
2003 5689 2056 5734 et
2085 5682 2405 5750 reprehendi
2443 5701 2456 5736 :
2489 5684 2764 5737 cavillatio
2814 5684 2958 5738 enim
2997 5682 3217 5752 proprie
3258 5696 3360 5749 per
3381 5681 3469 5736 lu-

1889 5773 2016 5826 duiu
2054 5775 2186 5842 agit,
2227 5775 2583 5844 reprehensio
2620 5791 2748 5830 vero
2785 5777 2931 5832 serio
2980 5775 3094 5844 agit
3126 5787 3182 5830 et
3206 5775 3466 5844 corrigit.

1958 5866 2045 5919 59.
2085 5865 2379 5936 Necigitur
2403 5883 2524 5935 uos,
2559 5883 2682 5923 cum
2708 5866 2952 5923 docendo
2997 5866 3451 5938 reprehendimus
