  <div class='ocr_page' id='page_1' title='image "/cluster/home/n/w/nwhite01/storage/ocr_20150623/135/nnc1.0046979727/351.png"; bbox 0 0 4210 6438; ppageno 0'>
   <div class='ocr_carea' id='block_1_1' title="bbox 718 378 821 439">
    <p class='ocr_par' dir='ltr' id='par_1_1' title="bbox 718 378 821 439">
     <span class='ocr_line' id='line_1_1' title="bbox 718 378 821 439; baseline 0 0"><span class='ocrx_word' id='word_1_1' title='bbox 718 378 821 439; x_wconf 81' lang='lat'><strong>661</strong></span> 
     </span>
    </p>
   </div>
   <div class='ocr_carea' id='block_1_2' title="bbox 1439 376 3265 463">
    <p class='ocr_par' dir='ltr' id='par_1_2' title="bbox 1439 376 3265 463">
     <span class='ocr_line' id='line_1_2' title="bbox 1439 376 3265 463; baseline 0.002 -26"><span class='ocrx_word' id='word_1_2' title='bbox 1439 376 1865 439; x_wconf 81' lang='lat' dir='ltr'><strong>EUSTATHH</strong></span> <span class='ocrx_word' id='word_1_3' title='bbox 1898 377 2657 442; x_wconf 72' lang='lat' dir='ltr'><strong>THESSALONICENSIS</strong></span> <span class='ocrx_word' id='word_1_4' title='bbox 2696 379 3265 463; x_wconf 61' lang='lat' dir='ltr'><strong>METROPOLITA!</strong></span> 
     </span>
    </p>
   </div>
   <div class='ocr_carea' id='block_1_3' title="bbox 3870 386 3984 451">
    <p class='ocr_par' dir='ltr' id='par_1_3' title="bbox 3870 386 3984 451">
     <span class='ocr_line' id='line_1_3' title="bbox 3870 386 3984 451; baseline 0 0"><span class='ocrx_word' id='word_1_5' title='bbox 3870 386 3984 451; x_wconf 79' lang='lat'><strong>663</strong></span> 
     </span>
    </p>
   </div>
   <div class='ocr_carea' id='block_1_4' title="bbox 719 495 2306 576">
    <p class='ocr_par' dir='ltr' id='par_1_4' title="bbox 719 495 2289 572">
     <span class='ocr_line' id='line_1_4' title="bbox 719 495 2289 572; baseline 0.004 -22"><span class='ocrx_word' id='word_1_6' title='bbox 719 512 829 551; x_wconf 91' lang='lat' dir='ltr'><strong>non</strong></span> <span class='ocrx_word' id='word_1_7' title='bbox 862 495 1143 566; x_wconf 77' lang='lat' dir='ltr'><strong>probrose,</strong></span> <span class='ocrx_word' id='word_1_8' title='bbox 1181 511 1359 567; x_wconf 77' lang='lat' dir='ltr'><strong>neque</strong></span> <span class='ocrx_word' id='word_1_9' title='bbox 1394 498 1684 567; x_wconf 72' lang='lat' dir='ltr'><strong>iniuriose,</strong></span> <span class='ocrx_word' id='word_1_10' title='bbox 1716 501 1811 557; x_wconf 87' lang='lat' dir='ltr'><strong>sed</strong></span> <span class='ocrx_word' id='word_1_11' title='bbox 1845 503 1911 556; x_wconf 83' lang='lat' dir='ltr'><strong>ad</strong></span> <span class='ocrx_word' id='word_1_12' title='bbox 1945 502 2135 572; x_wconf 80' lang='lat' dir='ltr'><strong>lapsus</strong></span> <span class='ocrx_word' id='word_1_13' title='bbox 2164 515 2289 556; x_wconf 85' lang='lat' dir='ltr'><strong>cor-</strong></span> 
     </span>
    </p>
   </div>
   <div class='ocr_carea' id='block_1_5' title="bbox 2405 495 3982 576">
    <p class='ocr_par' dir='ltr' id='par_1_5' title="bbox 2405 503 3982 576">
     <span class='ocr_line' id='line_1_5' title="bbox 2405 503 3982 576; baseline 0.003 -19"><span class='ocrx_word' id='word_1_14' title='bbox 2405 522 2507 568; x_wconf 82' lang='grc' dir='ltr'><strong>τες,</strong></span> <span class='ocrx_word' id='word_1_15' title='bbox 2538 504 2633 556; x_wconf 75' lang='grc' dir='ltr'><strong>καὶ</strong></span> <span class='ocrx_word' id='word_1_16' title='bbox 2680 505 2821 576; x_wconf 81' lang='grc' dir='ltr'><strong>μήτε</strong></span> <span class='ocrx_word' id='word_1_17' title='bbox 2852 504 3241 569; x_wconf 75' lang='grc' dir='ltr'><strong>ὁνειδιττικῶς,</strong></span> <span class='ocrx_word' id='word_1_18' title='bbox 3274 504 3411 576; x_wconf 79' lang='grc' dir='ltr'><strong>μηδέ</strong></span> <span class='ocrx_word' id='word_1_19' title='bbox 3455 503 3591 574; x_wconf 68' lang='grc' dir='ltr'><strong>πρδς</strong></span> <span class='ocrx_word' id='word_1_20' title='bbox 3627 503 3805 576; x_wconf 63' lang='grc' dir='ltr'><strong>ὕϐριν,</strong></span> <span class='ocrx_word' id='word_1_21' title='bbox 3837 506 3982 562; x_wconf 79' lang='grc' dir='ltr'><strong>ἀλλά</strong></span> 
     </span>
    </p>
   </div>
   <div class='ocr_carea' id='block_1_6' title="bbox 718 587 2294 661">
    <p class='ocr_par' dir='ltr' id='par_1_6' title="bbox 718 587 2294 661">
     <span class='ocr_line' id='line_1_6' title="bbox 718 587 2294 661; baseline 0.004 -20"><span class='ocrx_word' id='word_1_22' title='bbox 718 587 1018 643; x_wconf 98' lang='lat' dir='ltr'><strong>rectionem</strong></span> <span class='ocrx_word' id='word_1_23' title='bbox 1065 589 1556 661; x_wconf 85' lang='lat' dir='ltr'><strong>relevationemque</strong></span> <span class='ocrx_word' id='word_1_24' title='bbox 1600 606 1788 656; x_wconf 90' lang='lat' dir='ltr'><strong>casus,</strong></span> <span class='ocrx_word' id='word_1_25' title='bbox 1839 596 1921 649; x_wconf 90' lang='lat' dir='ltr'><strong>vel</strong></span> <span class='ocrx_word' id='word_1_26' title='bbox 1952 594 2294 649; x_wconf 90' lang='lat' dir='ltr'><strong>cavillatione</strong></span> 
     </span>
    </p>
   </div>
   <div class='ocr_carea' id='block_1_7' title="bbox 720 682 2296 757">
    <p class='ocr_par' dir='ltr' id='par_1_7' title="bbox 720 682 2296 757">
     <span class='ocr_line' id='line_1_7' title="bbox 720 682 2296 757; baseline 0.003 -20"><span class='ocrx_word' id='word_1_27' title='bbox 720 683 969 753; x_wconf 82' lang='lat' dir='ltr'><strong>capimur</strong></span> <span class='ocrx_word' id='word_1_28' title='bbox 1004 682 1085 738; x_wconf 83' lang='lat' dir='ltr'><strong>vel</strong></span> <span class='ocrx_word' id='word_1_29' title='bbox 1124 685 1549 753; x_wconf 77' lang='lat' dir='ltr'><strong>exprobramus.</strong></span> <span class='ocrx_word' id='word_1_30' title='bbox 1583 689 1651 742; x_wconf 80' lang='lat' dir='ltr'><strong>At</strong></span> <span class='ocrx_word' id='word_1_31' title='bbox 1702 704 1831 743; x_wconf 87' lang='lat' dir='ltr'><strong>vero</strong></span> <span class='ocrx_word' id='word_1_32' title='bbox 1866 688 2008 742; x_wconf 90' lang='lat' dir='ltr'><strong>sicut</strong></span> <span class='ocrx_word' id='word_1_33' title='bbox 2055 688 2149 757; x_wconf 85' lang='lat' dir='ltr'><strong>qui</strong></span> <span class='ocrx_word' id='word_1_34' title='bbox 2197 688 2296 741; x_wconf 87' lang='lat' dir='ltr'><strong>de-</strong></span> 
     </span>
    </p>
   </div>
   <div class='ocr_carea' id='block_1_8' title="bbox 723 773 2292 850">
    <p class='ocr_par' dir='ltr' id='par_1_8' title="bbox 723 773 2292 850">
     <span class='ocr_line' id='line_1_8' title="bbox 723 773 2292 850; baseline 0.004 -23"><span class='ocrx_word' id='word_1_35' title='bbox 723 773 841 828; x_wconf 88' lang='lat' dir='ltr'><strong>vios</strong></span> <span class='ocrx_word' id='word_1_36' title='bbox 864 787 894 826; x_wconf 83' lang='lat' dir='ltr'><strong>a</strong></span> <span class='ocrx_word' id='word_1_37' title='bbox 924 783 1071 828; x_wconf 88' lang='lat' dir='ltr'><strong>recta</strong></span> <span class='ocrx_word' id='word_1_38' title='bbox 1110 774 1197 829; x_wconf 88' lang='lat' dir='ltr'><strong>via</strong></span> <span class='ocrx_word' id='word_1_39' title='bbox 1232 778 1500 832; x_wconf 87' lang='lat' dir='ltr'><strong>reducunt</strong></span> <span class='ocrx_word' id='word_1_40' title='bbox 1523 780 1588 832; x_wconf 91' lang='lat' dir='ltr'><strong>ad</strong></span> <span class='ocrx_word' id='word_1_41' title='bbox 1618 779 1787 846; x_wconf 84' lang='lat' dir='ltr'><strong>illam,</strong></span> <span class='ocrx_word' id='word_1_42' title='bbox 1823 789 1875 834; x_wconf 90' lang='lat' dir='ltr'><strong>et</strong></span> <span class='ocrx_word' id='word_1_43' title='bbox 1907 779 2292 850; x_wconf 80' lang='lat' dir='ltr'><strong>impugnantes</strong></span> 
     </span>
    </p>
   </div>
   <div class='ocr_carea' id='block_1_9' title="bbox 719 868 2293 935">
    <p class='ocr_par' dir='ltr' id='par_1_9' title="bbox 719 868 2293 935">
     <span class='ocr_line' id='line_1_9' title="bbox 719 868 2293 935; baseline 0.006 -16"><span class='ocrx_word' id='word_1_44' title='bbox 719 868 1078 935; x_wconf 86' lang='lat' dir='ltr'><strong>errationem,</strong></span> <span class='ocrx_word' id='word_1_45' title='bbox 1119 877 1174 923; x_wconf 89' lang='lat' dir='ltr'><strong>et</strong></span> <span class='ocrx_word' id='word_1_46' title='bbox 1224 869 1368 925; x_wconf 82' lang='lat' dir='ltr'><strong>viam</strong></span> <span class='ocrx_word' id='word_1_47' title='bbox 1419 869 1841 928; x_wconf 86' lang='lat' dir='ltr'><strong>directissimam</strong></span> <span class='ocrx_word' id='word_1_48' title='bbox 1887 873 2040 927; x_wconf 90' lang='lat' dir='ltr'><strong>illico</strong></span> <span class='ocrx_word' id='word_1_49' title='bbox 2103 884 2293 929; x_wconf 84' lang='lat' dir='ltr'><strong>osten-</strong></span> 
     </span>
    </p>
   </div>
   <div class='ocr_carea' id='block_1_10' title="bbox 720 958 2297 1034">
    <p class='ocr_par' dir='ltr' id='par_1_10' title="bbox 720 958 2297 1034">
     <span class='ocr_line' id='line_1_10' title="bbox 720 958 2297 1034; baseline 0.006 -23"><span class='ocrx_word' id='word_1_50' title='bbox 720 958 933 1023; x_wconf 88' lang='lat' dir='ltr'><strong>dentes,</strong></span> <span class='ocrx_word' id='word_1_51' title='bbox 973 975 1079 1013; x_wconf 90' lang='lat' dir='ltr'><strong>non</strong></span> <span class='ocrx_word' id='word_1_52' title='bbox 1130 962 1487 1025; x_wconf 85' lang='lat' dir='ltr'><strong>invehuntur,</strong></span> <span class='ocrx_word' id='word_1_53' title='bbox 1522 979 1624 1018; x_wconf 91' lang='lat' dir='ltr'><strong>nec</strong></span> <span class='ocrx_word' id='word_1_54' title='bbox 1660 964 1929 1034; x_wconf 74' lang='lat' dir='ltr'><strong>iniuriose</strong></span> <span class='ocrx_word' id='word_1_55' title='bbox 1956 975 2146 1034; x_wconf 75' lang='lat' dir='ltr'><strong>agunt,</strong></span> <span class='ocrx_word' id='word_1_56' title='bbox 2195 980 2297 1020; x_wconf 88' lang='lat' dir='ltr'><strong>nec</strong></span> 
     </span>
    </p>
   </div>
   <div class='ocr_carea' id='block_1_11' title="bbox 721 1052 2296 1126">
    <p class='ocr_par' dir='ltr' id='par_1_11' title="bbox 721 1052 2296 1126">
     <span class='ocr_line' id='line_1_11' title="bbox 721 1052 2296 1126; baseline 0.004 -22"><span class='ocrx_word' id='word_1_57' title='bbox 721 1052 1132 1119; x_wconf 84' lang='lat' dir='ltr'><strong>convitiantur;</strong></span> <span class='ocrx_word' id='word_1_58' title='bbox 1172 1054 1252 1108; x_wconf 91' lang='lat' dir='ltr'><strong>sic</strong></span> <span class='ocrx_word' id='word_1_59' title='bbox 1285 1068 1464 1123; x_wconf 87' lang='lat' dir='ltr'><strong>neque</strong></span> <span class='ocrx_word' id='word_1_60' title='bbox 1511 1056 1605 1123; x_wconf 90' lang='lat' dir='ltr'><strong>qui</strong></span> <span class='ocrx_word' id='word_1_61' title='bbox 1641 1056 2053 1126; x_wconf 78' lang='lat' dir='ltr'><strong>reprehendunt</strong></span> <span class='ocrx_word' id='word_1_62' title='bbox 2096 1057 2148 1110; x_wconf 90' lang='lat' dir='ltr'><strong>in</strong></span> <span class='ocrx_word' id='word_1_63' title='bbox 2197 1072 2296 1111; x_wconf 72' lang='lat' dir='ltr'><strong>ex-</strong></span> 
     </span>
    </p>
   </div>
   <div class='ocr_carea' id='block_1_12' title="bbox 722 1144 2294 1217">
    <p class='ocr_par' dir='ltr' id='par_1_12' title="bbox 722 1144 2294 1217">
     <span class='ocr_line' id='line_1_12' title="bbox 722 1144 2294 1217; baseline 0.003 -18"><span class='ocrx_word' id='word_1_64' title='bbox 722 1144 1015 1211; x_wconf 78' lang='lat' dir='ltr'><strong>hortando,</strong></span> <span class='ocrx_word' id='word_1_65' title='bbox 1063 1146 1349 1200; x_wconf 88' lang='lat' dir='ltr'><strong>molestum</strong></span> <span class='ocrx_word' id='word_1_66' title='bbox 1398 1146 1529 1216; x_wconf 85' lang='lat' dir='ltr'><strong>quid</strong></span> <span class='ocrx_word' id='word_1_67' title='bbox 1568 1147 1811 1214; x_wconf 88' lang='lat' dir='ltr'><strong>faciunt,</strong></span> <span class='ocrx_word' id='word_1_68' title='bbox 1846 1147 1939 1203; x_wconf 90' lang='lat' dir='ltr'><strong>sed</strong></span> <span class='ocrx_word' id='word_1_69' title='bbox 1984 1164 2124 1217; x_wconf 91' lang='lat' dir='ltr'><strong>opus</strong></span> <span class='ocrx_word' id='word_1_70' title='bbox 2184 1149 2294 1204; x_wconf 91' lang='lat' dir='ltr'><strong>Deo</strong></span> 
     </span>
    </p>
   </div>
   <div class='ocr_carea' id='block_1_13' title="bbox 722 1238 2298 1310">
    <p class='ocr_par' dir='ltr' id='par_1_13' title="bbox 722 1238 2298 1310">
     <span class='ocr_line' id='line_1_13' title="bbox 722 1238 2298 1310; baseline 0.004 -19"><span class='ocrx_word' id='word_1_71' title='bbox 722 1248 937 1308; x_wconf 76' lang='lat' dir='ltr'><strong>gratum</strong></span> <span class='ocrx_word' id='word_1_72' title='bbox 971 1238 1281 1307; x_wconf 83' lang='lat' dir='ltr'><strong>perficiunt,</strong></span> <span class='ocrx_word' id='word_1_73' title='bbox 1312 1238 1441 1294; x_wconf 91' lang='lat' dir='ltr'><strong>dum</strong></span> <span class='ocrx_word' id='word_1_74' title='bbox 1474 1240 1529 1295; x_wconf 89' lang='lat' dir='ltr'><strong>in</strong></span> <span class='ocrx_word' id='word_1_75' title='bbox 1566 1242 1731 1297; x_wconf 83' lang='lat' dir='ltr'><strong>rectis</strong></span> <span class='ocrx_word' id='word_1_76' title='bbox 1766 1241 1979 1310; x_wconf 82' lang='lat' dir='ltr'><strong>legibus</strong></span> <span class='ocrx_word' id='word_1_77' title='bbox 2018 1254 2074 1297; x_wconf 91' lang='lat' dir='ltr'><strong>et</strong></span> <span class='ocrx_word' id='word_1_78' title='bbox 2124 1245 2179 1298; x_wconf 90' lang='lat' dir='ltr'><strong>in</strong></span> <span class='ocrx_word' id='word_1_79' title='bbox 2212 1258 2298 1297; x_wconf 86' lang='lat' dir='ltr'><strong>ca-</strong></span> 
     </span>
    </p>
   </div>
   <div class='ocr_carea' id='block_1_14' title="bbox 722 1331 2299 1403">
    <p class='ocr_par' dir='ltr' id='par_1_14' title="bbox 722 1331 2299 1403">
     <span class='ocr_line' id='line_1_14' title="bbox 722 1331 2299 1403; baseline 0.002 -18"><span class='ocrx_word' id='word_1_80' title='bbox 722 1346 925 1385; x_wconf 89' lang='lat' dir='ltr'><strong>nonum</strong></span> <span class='ocrx_word' id='word_1_81' title='bbox 962 1331 1294 1388; x_wconf 86' lang='lat' dir='ltr'><strong>rectitudine</strong></span> <span class='ocrx_word' id='word_1_82' title='bbox 1325 1333 1545 1390; x_wconf 79' lang='lat' dir='ltr'><strong>ﬁrmant</strong></span> <span class='ocrx_word' id='word_1_83' title='bbox 1572 1349 1667 1389; x_wconf 91' lang='lat' dir='ltr'><strong>eos</strong></span> <span class='ocrx_word' id='word_1_84' title='bbox 1694 1335 1785 1403; x_wconf 88' lang='lat' dir='ltr'><strong>qui</strong></span> <span class='ocrx_word' id='word_1_85' title='bbox 1814 1333 1885 1387; x_wconf 84' lang='lat' dir='ltr'><strong>ab</strong></span> <span class='ocrx_word' id='word_1_86' title='bbox 1917 1334 2025 1390; x_wconf 90' lang='lat' dir='ltr'><strong>illis</strong></span> <span class='ocrx_word' id='word_1_87' title='bbox 2055 1335 2299 1391; x_wconf 89' lang='lat' dir='ltr'><strong>declina-</strong></span> 
     </span>
    </p>
   </div>
   <div class='ocr_carea' id='block_1_15' title="bbox 721 1432 948 1479">
    <p class='ocr_par' dir='ltr' id='par_1_15' title="bbox 721 1432 948 1479">
     <span class='ocr_line' id='line_1_15' title="bbox 721 1432 948 1479; baseline 0.004 -1"><span class='ocrx_word' id='word_1_88' title='bbox 721 1432 948 1479; x_wconf 77' lang='lat' dir='ltr'><strong>verunt.</strong></span> 
     </span>
    </p>
   </div>
   <div class='ocr_carea' id='block_1_16' title="bbox 792 1514 2299 1587">
    <p class='ocr_par' dir='ltr' id='par_1_16' title="bbox 792 1514 2299 1587">
     <span class='ocr_line' id='line_1_16' title="bbox 792 1514 2299 1587; baseline 0.003 -16"><span class='ocrx_word' id='word_1_89' title='bbox 792 1515 884 1571; x_wconf 66' lang='lat'><strong>40.</strong></span> <span class='ocrx_word' id='word_1_90' title='bbox 929 1514 1011 1571; x_wconf 80' lang='lat' dir='ltr'><strong>Ad</strong></span> <span class='ocrx_word' id='word_1_91' title='bbox 1064 1516 1194 1587; x_wconf 83' lang='lat' dir='ltr'><strong>quid</strong></span> <span class='ocrx_word' id='word_1_92' title='bbox 1246 1517 1379 1572; x_wconf 87' lang='lat' dir='ltr'><strong>mihi</strong></span> <span class='ocrx_word' id='word_1_93' title='bbox 1423 1517 1574 1573; x_wconf 71' lang='lat' dir='ltr'><strong>ista!</strong></span> <span class='ocrx_word' id='word_1_94' title='bbox 1605 1516 1817 1574; x_wconf 79' lang='lat' dir='ltr'><strong>Idcirco</strong></span> <span class='ocrx_word' id='word_1_95' title='bbox 1851 1527 1910 1572; x_wconf 90' lang='lat' dir='ltr'><strong>ut</strong></span> <span class='ocrx_word' id='word_1_96' title='bbox 1957 1534 2059 1574; x_wconf 89' lang='lat' dir='ltr'><strong>nos</strong></span> <span class='ocrx_word' id='word_1_97' title='bbox 2109 1534 2299 1575; x_wconf 83' lang='lat' dir='ltr'><strong>omnes</strong></span> 
     </span>
    </p>
   </div>
   <div class='ocr_carea' id='block_1_17' title="bbox 722 1612 2302 1684">
    <p class='ocr_par' dir='ltr' id='par_1_17' title="bbox 722 1612 2302 1684">
     <span class='ocr_line' id='line_1_17' title="bbox 722 1612 2302 1684; baseline 0.003 -21"><span class='ocrx_word' id='word_1_98' title='bbox 722 1625 974 1666; x_wconf 90' lang='lat' dir='ltr'><strong>moneam</strong></span> <span class='ocrx_word' id='word_1_99' title='bbox 1007 1612 1240 1667; x_wconf 85' lang='lat' dir='ltr'><strong>invicem</strong></span> <span class='ocrx_word' id='word_1_100' title='bbox 1273 1613 1696 1681; x_wconf 87' lang='lat' dir='ltr'><strong>reprehendere,</strong></span> <span class='ocrx_word' id='word_1_101' title='bbox 1729 1622 1784 1669; x_wconf 91' lang='lat' dir='ltr'><strong>et</strong></span> <span class='ocrx_word' id='word_1_102' title='bbox 1820 1614 1889 1667; x_wconf 86' lang='lat' dir='ltr'><strong>ab</strong></span> <span class='ocrx_word' id='word_1_103' title='bbox 1924 1613 2157 1669; x_wconf 84' lang='lat' dir='ltr'><strong>invicem</strong></span> <span class='ocrx_word' id='word_1_104' title='bbox 2189 1614 2302 1684; x_wconf 81' lang='lat' dir='ltr'><strong>spi-</strong></span> 
     </span>
    </p>
   </div>
   <div class='ocr_carea' id='block_1_18' title="bbox 722 1702 2300 1774">
    <p class='ocr_par' dir='ltr' id='par_1_18' title="bbox 722 1702 2300 1774">
     <span class='ocr_line' id='line_1_18' title="bbox 722 1702 2300 1774; baseline 0.003 -19"><span class='ocrx_word' id='word_1_105' title='bbox 722 1702 1089 1759; x_wconf 62' lang='lat' dir='ltr'><strong>ritualiter‘et</strong></span> <span class='ocrx_word' id='word_1_106' title='bbox 1118 1704 1359 1758; x_wconf 75' lang='lat' dir='ltr'><strong>fraterne</strong></span> <span class='ocrx_word' id='word_1_107' title='bbox 1393 1704 1742 1774; x_wconf 86' lang='lat' dir='ltr'><strong>reprehendi,</strong></span> <span class='ocrx_word' id='word_1_108' title='bbox 1790 1712 1846 1760; x_wconf 91' lang='lat' dir='ltr'><strong>et</strong></span> <span class='ocrx_word' id='word_1_109' title='bbox 1873 1705 1948 1759; x_wconf 83' lang='lat' dir='ltr'><strong>ita</strong></span> <span class='ocrx_word' id='word_1_110' title='bbox 1980 1720 2087 1760; x_wconf 92' lang='lat' dir='ltr'><strong>non</strong></span> <span class='ocrx_word' id='word_1_111' title='bbox 2123 1719 2300 1760; x_wconf 73' lang='lat' dir='ltr'><strong>c.13ch</strong></span> 
     </span>
    </p>
   </div>
   <div class='ocr_carea' id='block_1_19' title="bbox 724 1798 2298 1872">
    <p class='ocr_par' dir='ltr' id='par_1_19' title="bbox 724 1798 2298 1872">
     <span class='ocr_line' id='line_1_19' title="bbox 724 1798 2298 1872; baseline 0.004 -22"><span class='ocrx_word' id='word_1_112' title='bbox 724 1798 1009 1853; x_wconf 88' lang='lat' dir='ltr'><strong>ambulare</strong></span> <span class='ocrx_word' id='word_1_113' title='bbox 1051 1799 1106 1854; x_wconf 89' lang='lat' dir='ltr'><strong>in</strong></span> <span class='ocrx_word' id='word_1_114' title='bbox 1142 1799 1286 1863; x_wconf 87' lang='lat' dir='ltr'><strong>vita,</strong></span> <span class='ocrx_word' id='word_1_115' title='bbox 1320 1800 1417 1856; x_wconf 88' lang='lat' dir='ltr'><strong>sed</strong></span> <span class='ocrx_word' id='word_1_116' title='bbox 1468 1800 1760 1872; x_wconf 70' lang='lat' dir='ltr'><strong>diligenter</strong></span> <span class='ocrx_word' id='word_1_117' title='bbox 1815 1799 1953 1855; x_wconf 89' lang='lat' dir='ltr'><strong>illud</strong></span> <span class='ocrx_word' id='word_1_118' title='bbox 2002 1800 2150 1871; x_wconf 89' lang='lat' dir='ltr'><strong>quod</strong></span> <span class='ocrx_word' id='word_1_119' title='bbox 2206 1816 2298 1856; x_wconf 85' lang='lat' dir='ltr'><strong>se-</strong></span> 
     </span>
    </p>
   </div>
   <div class='ocr_carea' id='block_1_20' title="bbox 723 1888 2296 1962">
    <p class='ocr_par' dir='ltr' id='par_1_20' title="bbox 723 1888 2296 1962">
     <span class='ocr_line' id='line_1_20' title="bbox 723 1888 2296 1962; baseline 0.004 -20"><span class='ocrx_word' id='word_1_120' title='bbox 723 1891 966 1944; x_wconf 84' lang='lat' dir='ltr'><strong>cundum</strong></span> <span class='ocrx_word' id='word_1_121' title='bbox 1002 1888 1170 1945; x_wconf 92' lang='lat' dir='ltr'><strong>Deum</strong></span> <span class='ocrx_word' id='word_1_122' title='bbox 1212 1900 1322 1957; x_wconf 90' lang='lat' dir='ltr'><strong>est,</strong></span> <span class='ocrx_word' id='word_1_123' title='bbox 1352 1889 1458 1946; x_wconf 90' lang='lat' dir='ltr'><strong>iter</strong></span> <span class='ocrx_word' id='word_1_124' title='bbox 1488 1892 1752 1962; x_wconf 87' lang='lat' dir='ltr'><strong>implere,</strong></span> <span class='ocrx_word' id='word_1_125' title='bbox 1782 1892 1975 1961; x_wconf 78' lang='lat' dir='ltr'><strong>sicque</strong></span> <span class='ocrx_word' id='word_1_126' title='bbox 2016 1894 2296 1962; x_wconf 88' lang='lat' dir='ltr'><strong>sapientes</strong></span> 
     </span>
    </p>
   </div>
   <div class='ocr_carea' id='block_1_21' title="bbox 722 1981 2299 2052">
    <p class='ocr_par' dir='ltr' id='par_1_21' title="bbox 722 1981 2299 2052">
     <span class='ocr_line' id='line_1_21' title="bbox 722 1981 2299 2052; baseline 0.001 -16"><span class='ocrx_word' id='word_1_127' title='bbox 722 1981 955 2037; x_wconf 84' lang='lat' dir='ltr'><strong>evadere</strong></span> <span class='ocrx_word' id='word_1_128' title='bbox 1006 1983 1162 2052; x_wconf 80' lang='lat' dir='ltr'><strong>juxta</strong></span> <span class='ocrx_word' id='word_1_129' title='bbox 1217 1984 1419 2039; x_wconf 88' lang='lat' dir='ltr'><strong>istud:</strong></span> <span class='ocrx_word' id='word_1_130' title='bbox 1476 2002 1494 2036; x_wconf 88' lang='grc' dir='ltr'>ι</span> <span class='ocrx_word' id='word_1_131' title='bbox 1539 1984 1808 2040; x_wconf 88' lang='lat' dir='ltr'><strong>Dominus</strong></span> <span class='ocrx_word' id='word_1_132' title='bbox 1871 1984 2145 2039; x_wconf 84' lang='lat' dir='ltr'><strong>illuminat</strong></span> <span class='ocrx_word' id='word_1_133' title='bbox 2192 1998 2299 2038; x_wconf 69' lang='lat' dir='ltr'><strong>caeo</strong></span> 
     </span>
    </p>
   </div>
   <div class='ocr_carea' id='block_1_22' title="bbox 722 2072 2299 2141">
    <p class='ocr_par' dir='ltr' id='par_1_22' title="bbox 722 2072 2299 2141">
     <span class='ocr_line' id='line_1_22' title="bbox 722 2072 2299 2141; baseline 0.003 -18"><span class='ocrx_word' id='word_1_134' title='bbox 722 2084 822 2123; x_wconf 79' lang='lat' dir='ltr'><strong>cos</strong></span> <span class='ocrx_word' id='word_1_135' title='bbox 864 2072 950 2138; x_wconf 70' lang='grc' dir='ltr'><strong>υς</strong></span> <span class='ocrx_word' id='word_1_136' title='bbox 992 2090 1011 2124; x_wconf 78' lang='grc' dir='ltr'><strong>ι</strong></span> <span class='ocrx_word' id='word_1_137' title='bbox 1050 2073 1142 2141; x_wconf 91' lang='lat' dir='ltr'><strong>qui</strong></span> <span class='ocrx_word' id='word_1_138' title='bbox 1199 2087 1328 2126; x_wconf 86' lang='lat' dir='ltr'><strong>sane</strong></span> <span class='ocrx_word' id='word_1_139' title='bbox 1358 2072 1505 2127; x_wconf 88' lang='lat' dir='ltr'><strong>velut</strong></span> <span class='ocrx_word' id='word_1_140' title='bbox 1535 2072 1590 2128; x_wconf 90' lang='lat' dir='ltr'><strong>in</strong></span> <span class='ocrx_word' id='word_1_141' title='bbox 1640 2073 1910 2137; x_wconf 85' lang='lat' dir='ltr'><strong>tenebris,</strong></span> <span class='ocrx_word' id='word_1_142' title='bbox 1944 2075 1998 2127; x_wconf 93' lang='lat' dir='ltr'><strong>in</strong></span> <span class='ocrx_word' id='word_1_143' title='bbox 2052 2075 2157 2128; x_wconf 81' lang='lat' dir='ltr'><strong>hac</strong></span> <span class='ocrx_word' id='word_1_144' title='bbox 2187 2074 2299 2129; x_wconf 89' lang='lat' dir='ltr'><strong>vita</strong></span> 
     </span>
    </p>
   </div>
   <div class='ocr_carea' id='block_1_23' title="bbox 729 2163 2299 2235">
    <p class='ocr_par' dir='ltr' id='par_1_23' title="bbox 729 2163 2299 2235">
     <span class='ocr_line' id='line_1_23' title="bbox 729 2163 2299 2235; baseline 0.004 -22"><span class='ocrx_word' id='word_1_145' title='bbox 729 2172 1143 2226; x_wconf 81' lang='lat' dir='ltr'><strong>conversantes,</strong></span> <span class='ocrx_word' id='word_1_146' title='bbox 1189 2179 1217 2216; x_wconf 92' lang='lat' dir='ltr'><strong>a</strong></span> <span class='ocrx_word' id='word_1_147' title='bbox 1252 2164 1361 2218; x_wconf 83' lang='lat' dir='ltr'><strong>Deo</strong></span> <span class='ocrx_word' id='word_1_148' title='bbox 1406 2173 1554 2219; x_wconf 89' lang='lat' dir='ltr'><strong>recte</strong></span> <span class='ocrx_word' id='word_1_149' title='bbox 1596 2163 1933 2235; x_wconf 73' lang='lat' dir='ltr'><strong>diriguntur,</strong></span> <span class='ocrx_word' id='word_1_150' title='bbox 1986 2174 2039 2219; x_wconf 88' lang='lat' dir='ltr'><strong>et</strong></span> <span class='ocrx_word' id='word_1_151' title='bbox 2100 2165 2299 2221; x_wconf 80' lang='lat' dir='ltr'><strong>itinera</strong></span> 
     </span>
    </p>
   </div>
   <div class='ocr_carea' id='block_1_24' title="bbox 727 2254 2300 2327">
    <p class='ocr_par' dir='ltr' id='par_1_24' title="bbox 727 2254 2300 2327">
     <span class='ocr_line' id='line_1_24' title="bbox 727 2254 2300 2327; baseline 0.004 -21"><span class='ocrx_word' id='word_1_152' title='bbox 727 2254 1016 2323; x_wconf 80' lang='lat' dir='ltr'><strong>perficiunt</strong></span> <span class='ocrx_word' id='word_1_153' title='bbox 1042 2254 1109 2309; x_wconf 89' lang='lat' dir='ltr'><strong>ad</strong></span> <span class='ocrx_word' id='word_1_154' title='bbox 1144 2256 1488 2326; x_wconf 86' lang='lat' dir='ltr'><strong>splendidam</strong></span> <span class='ocrx_word' id='word_1_155' title='bbox 1523 2258 1793 2311; x_wconf 91' lang='lat' dir='ltr'><strong>luminum</strong></span> <span class='ocrx_word' id='word_1_156' title='bbox 1825 2257 2022 2323; x_wconf 80' lang='lat' dir='ltr'><strong>facem,</strong></span> <span class='ocrx_word' id='word_1_157' title='bbox 2062 2273 2300 2327; x_wconf 89' lang='lat' dir='ltr'><strong>quorum</strong></span> 
     </span>
    </p>
   </div>
   <div class='ocr_carea' id='block_1_25' title="bbox 721 2347 2304 2422">
    <p class='ocr_par' dir='ltr' id='par_1_25' title="bbox 721 2347 2304 2422">
     <span class='ocr_line' id='line_1_25' title="bbox 721 2347 2304 2422; baseline 0.004 -23"><span class='ocrx_word' id='word_1_158' title='bbox 721 2347 1047 2403; x_wconf 74' lang='lat' dir='ltr'><strong>excellentia</strong></span> <span class='ocrx_word' id='word_1_159' title='bbox 1083 2361 1213 2404; x_wconf 87' lang='lat' dir='ltr'><strong>sunt</strong></span> <span class='ocrx_word' id='word_1_160' title='bbox 1245 2351 1512 2422; x_wconf 88' lang='lat' dir='ltr'><strong>ellycbnia</strong></span> <span class='ocrx_word' id='word_1_161' title='bbox 1543 2349 1873 2420; x_wconf 80' lang='lat' dir='ltr'><strong>spiritalium</strong></span> <span class='ocrx_word' id='word_1_162' title='bbox 1916 2350 2304 2418; x_wconf 79' lang='lat' dir='ltr'><strong>reprehensio-</strong></span> 
     </span>
    </p>
   </div>
   <div class='ocr_carea' id='block_1_26' title="bbox 727 2442 1224 2513">
    <p class='ocr_par' dir='ltr' id='par_1_26' title="bbox 727 2442 1224 2513">
     <span class='ocr_line' id='line_1_26' title="bbox 727 2442 1224 2513; baseline 0.004 -18"><span class='ocrx_word' id='word_1_163' title='bbox 727 2459 857 2496; x_wconf 82' lang='lat' dir='ltr'><strong>num</strong></span> <span class='ocrx_word' id='word_1_164' title='bbox 897 2442 1224 2513; x_wconf 73' lang='lat' dir='ltr'><strong>disciplinac.</strong></span> 
     </span>
    </p>
   </div>
   <div class='ocr_carea' id='block_1_27' title="bbox 798 2534 2307 2605">
    <p class='ocr_par' dir='ltr' id='par_1_27' title="bbox 798 2534 2307 2605">
     <span class='ocr_line' id='line_1_27' title="bbox 798 2534 2307 2605; baseline 0.002 -17"><span class='ocrx_word' id='word_1_165' title='bbox 798 2536 890 2589; x_wconf 76' lang='grc'><strong>41.</strong></span> <span class='ocrx_word' id='word_1_166' title='bbox 930 2534 1157 2605; x_wconf 53' lang='lat' dir='ltr'><strong>Insuper</strong></span> <span class='ocrx_word' id='word_1_167' title='bbox 1186 2545 1241 2591; x_wconf 87' lang='lat' dir='ltr'><strong>et</strong></span> <span class='ocrx_word' id='word_1_168' title='bbox 1271 2537 1336 2591; x_wconf 89' lang='lat' dir='ltr'><strong>ad</strong></span> <span class='ocrx_word' id='word_1_169' title='bbox 1373 2537 1585 2592; x_wconf 87' lang='lat' dir='ltr'><strong>virilem</strong></span> <span class='ocrx_word' id='word_1_170' title='bbox 1646 2537 1989 2594; x_wconf 88' lang='lat' dir='ltr'><strong>nobilitatem</strong></span> <span class='ocrx_word' id='word_1_171' title='bbox 2040 2538 2307 2592; x_wconf 74' lang='lat' dir='ltr'><strong>exhortor</strong></span> 
     </span>
    </p>
   </div>
   <div class='ocr_carea' id='block_1_28' title="bbox 728 2627 2305 2696">
    <p class='ocr_par' dir='ltr' id='par_1_28' title="bbox 728 2627 2305 2696">
     <span class='ocr_line' id='line_1_28' title="bbox 728 2627 2305 2696; baseline 0.001 -16"><span class='ocrx_word' id='word_1_172' title='bbox 728 2627 821 2696; x_wconf 89' lang='lat' dir='ltr'><strong>qui</strong></span> <span class='ocrx_word' id='word_1_173' title='bbox 861 2643 1074 2683; x_wconf 88' lang='lat' dir='ltr'><strong>mecum</strong></span> <span class='ocrx_word' id='word_1_174' title='bbox 1128 2638 1257 2684; x_wconf 86' lang='lat' dir='ltr'><strong>sunt</strong></span> <span class='ocrx_word' id='word_1_175' title='bbox 1298 2631 1468 2694; x_wconf 86' lang='lat' dir='ltr'><strong>cives,</strong></span> <span class='ocrx_word' id='word_1_176' title='bbox 1508 2638 1563 2686; x_wconf 89' lang='lat' dir='ltr'><strong>et</strong></span> <span class='ocrx_word' id='word_1_177' title='bbox 1589 2630 1797 2686; x_wconf 87' lang='lat' dir='ltr'><strong>induco</strong></span> <span class='ocrx_word' id='word_1_178' title='bbox 1843 2630 2305 2695; x_wconf 81' lang='lat' dir='ltr'><strong>recordationem,</strong></span> 
     </span>
    </p>
   </div>
   <div class='ocr_carea' id='block_1_29' title="bbox 731 2720 2307 2793">
    <p class='ocr_par' dir='ltr' id='par_1_29' title="bbox 731 2720 2307 2793">
     <span class='ocr_line' id='line_1_29' title="bbox 731 2720 2307 2793; baseline 0.004 -22"><span class='ocrx_word' id='word_1_179' title='bbox 731 2730 789 2773; x_wconf 89' lang='lat' dir='ltr'><strong>ut</strong></span> <span class='ocrx_word' id='word_1_180' title='bbox 821 2720 1171 2775; x_wconf 77' lang='lat' dir='ltr'><strong>dimittantur</strong></span> <span class='ocrx_word' id='word_1_181' title='bbox 1199 2722 1306 2777; x_wconf 76' lang='lat' dir='ltr'><strong>illa:</strong></span> <span class='ocrx_word' id='word_1_182' title='bbox 1340 2722 1609 2792; x_wconf 75' lang='lat' dir='ltr'><strong>imperitae</strong></span> <span class='ocrx_word' id='word_1_183' title='bbox 1656 2738 1720 2778; x_wconf 85' lang='lat' dir='ltr'><strong>ac</strong></span> <span class='ocrx_word' id='word_1_184' title='bbox 1754 2724 2085 2793; x_wconf 64' lang='lat' dir='ltr'><strong>importuna:</strong></span> <span class='ocrx_word' id='word_1_185' title='bbox 2122 2722 2307 2786; x_wconf 61' lang='lat' dir='ltr'><strong>mina),</strong></span> 
     </span>
    </p>
   </div>
   <div class='ocr_carea' id='block_1_30' title="bbox 733 2810 2308 2882">
    <p class='ocr_par' dir='ltr' id='par_1_30' title="bbox 733 2810 2308 2882">
     <span class='ocr_line' id='line_1_30' title="bbox 733 2810 2308 2882; baseline 0.004 -21"><span class='ocrx_word' id='word_1_186' title='bbox 733 2810 824 2864; x_wconf 83' lang='lat' dir='ltr'><strong>hic</strong></span> <span class='ocrx_word' id='word_1_187' title='bbox 878 2811 1120 2865; x_wconf 83' lang='lat' dir='ltr'><strong>dentium</strong></span> <span class='ocrx_word' id='word_1_188' title='bbox 1175 2810 1597 2882; x_wconf 87' lang='lat' dir='ltr'><strong>intempestivus</strong></span> <span class='ocrx_word' id='word_1_189' title='bbox 1634 2814 1863 2878; x_wconf 84' lang='lat' dir='ltr'><strong>stridor,</strong></span> <span class='ocrx_word' id='word_1_190' title='bbox 1918 2814 1973 2867; x_wconf 81' lang='lat' dir='ltr'><strong>lii</strong></span> <span class='ocrx_word' id='word_1_191' title='bbox 2020 2813 2075 2867; x_wconf 90' lang='lat' dir='ltr'><strong>in</strong></span> <span class='ocrx_word' id='word_1_192' title='bbox 2107 2829 2308 2868; x_wconf 90' lang='lat' dir='ltr'><strong>vanum</strong></span> 
     </span>
    </p>
   </div>
   <div class='ocr_carea' id='block_1_31' title="bbox 733 2901 2311 2978">
    <p class='ocr_par' dir='ltr' id='par_1_31' title="bbox 733 2901 2311 2978">
     <span class='ocr_line' id='line_1_31' title="bbox 733 2901 2311 2978; baseline 0.006 -24"><span class='ocrx_word' id='word_1_193' title='bbox 733 2901 933 2971; x_wconf 73' lang='lat' dir='ltr'><strong>lingua:</strong></span> <span class='ocrx_word' id='word_1_194' title='bbox 988 2904 1239 2967; x_wconf 89' lang='lat' dir='ltr'><strong>ardores,</strong></span> <span class='ocrx_word' id='word_1_195' title='bbox 1276 2904 1330 2958; x_wconf 93' lang='lat' dir='ltr'><strong>in</strong></span> <span class='ocrx_word' id='word_1_196' title='bbox 1376 2916 1574 2977; x_wconf 85' lang='lat' dir='ltr'><strong>mente</strong></span> <span class='ocrx_word' id='word_1_197' title='bbox 1623 2906 1916 2976; x_wconf 91' lang='lat' dir='ltr'><strong>proverbio</strong></span> <span class='ocrx_word' id='word_1_198' title='bbox 1945 2907 2134 2964; x_wconf 83' lang='lat' dir='ltr'><strong>habito</strong></span> <span class='ocrx_word' id='word_1_199' title='bbox 2164 2908 2311 2978; x_wconf 91' lang='lat' dir='ltr'><strong>quod</strong></span> 
     </span>
    </p>
   </div>
   <div class='ocr_carea' id='block_1_32' title="bbox 737 2996 2188 3072">
    <p class='ocr_par' dir='ltr' id='par_1_32' title="bbox 737 2996 2188 3072">
     <span class='ocr_line' id='line_1_32' title="bbox 737 2996 2188 3072; baseline 0.004 -24"><span class='ocrx_word' id='word_1_200' title='bbox 737 3014 757 3048; x_wconf 83' lang='grc' dir='ltr'>ι</span> <span class='ocrx_word' id='word_1_201' title='bbox 800 2996 1038 3051; x_wconf 85' lang='lat' dir='ltr'><strong>virorum</strong></span> <span class='ocrx_word' id='word_1_202' title='bbox 1070 3008 1155 3053; x_wconf 89' lang='lat' dir='ltr'><strong>est</strong></span> <span class='ocrx_word' id='word_1_203' title='bbox 1185 3013 1368 3069; x_wconf 75' lang='lat' dir='ltr'><strong>agere,</strong></span> <span class='ocrx_word' id='word_1_204' title='bbox 1402 2999 1692 3054; x_wconf 85' lang='lat' dir='ltr'><strong>mulierum</strong></span> <span class='ocrx_word' id='word_1_205' title='bbox 1746 3012 1927 3055; x_wconf 87' lang='lat' dir='ltr'><strong>autem</strong></span> <span class='ocrx_word' id='word_1_206' title='bbox 1957 3000 2129 3072; x_wconf 87' lang='lat' dir='ltr'><strong>loqui.</strong></span> <span class='ocrx_word' id='word_1_207' title='bbox 2169 3020 2188 3054; x_wconf 81' lang='grc' dir='ltr'><strong>ι</strong></span> 
     </span>
    </p>
   </div>
   <div class='ocr_carea' id='block_1_33' title="bbox 2397 597 3981 669">
    <p class='ocr_par' dir='ltr' id='par_1_33' title="bbox 2397 597 3981 669">
     <span class='ocr_line' id='line_1_33' title="bbox 2397 597 3981 669; baseline -0.001 -18"><span class='ocrx_word' id='word_1_208' title='bbox 2397 599 2535 667; x_wconf 64' lang='grc' dir='ltr'><strong>πρὶς</strong></span> <span class='ocrx_word' id='word_1_209' title='bbox 2556 598 2845 669; x_wconf 74' lang='grc' dir='ltr'><strong>διόρθωσιν</strong></span> <span class='ocrx_word' id='word_1_210' title='bbox 2872 598 3189 669; x_wconf 79' lang='grc' dir='ltr'><strong>σφάλματος</strong></span> <span class='ocrx_word' id='word_1_211' title='bbox 3222 599 3317 653; x_wconf 80' lang='grc' dir='ltr'><strong>καὶ</strong></span> <span class='ocrx_word' id='word_1_212' title='bbox 3339 597 3629 666; x_wconf 73' lang='grc' dir='ltr'><strong>ἀνέγερσιν</strong></span> <span class='ocrx_word' id='word_1_213' title='bbox 3658 598 3981 667; x_wconf 75' lang='grc' dir='ltr'><strong>πτώματος,</strong></span> 
     </span>
    </p>
   </div>
   <div class='ocr_carea' id='block_1_34' title="bbox 2397 689 3982 763">
    <p class='ocr_par' dir='ltr' id='par_1_34' title="bbox 2397 689 3982 763">
     <span class='ocr_line' id='line_1_34' title="bbox 2397 689 3982 763; baseline -0.001 -18"><span class='ocrx_word' id='word_1_214' title='bbox 2397 693 2431 763; x_wconf 73' lang='grc' dir='ltr'>ἢ</span> <span class='ocrx_word' id='word_1_215' title='bbox 2460 691 2801 759; x_wconf 84' lang='grc' dir='ltr'><strong>ἁλισκόμεθα</strong></span> <span class='ocrx_word' id='word_1_216' title='bbox 2828 690 3182 762; x_wconf 77' lang='grc' dir='ltr'><strong>σκώμματος,</strong></span> <span class='ocrx_word' id='word_1_217' title='bbox 3232 692 3266 762; x_wconf 78' lang='grc' dir='ltr'>ἦ</span> <span class='ocrx_word' id='word_1_218' title='bbox 3298 689 3649 757; x_wconf 75' lang='grc' dir='ltr'><strong>ὀνειδίζομεν.</strong></span> <span class='ocrx_word' id='word_1_219' title='bbox 3693 691 3833 742; x_wconf 81' lang='grc' dir='ltr'><strong>Ἀλλ’</strong></span> <span class='ocrx_word' id='word_1_220' title='bbox 3862 690 3982 744; x_wconf 80' lang='grc' dir='ltr'><strong>ὤσ-</strong></span> 
     </span>
    </p>
   </div>
   <div class='ocr_carea' id='block_1_35' title="bbox 2397 783 3981 855">
    <p class='ocr_par' dir='ltr' id='par_1_35' title="bbox 2397 783 3981 855">
     <span class='ocr_line' id='line_1_35' title="bbox 2397 783 3981 855; baseline 0 -19"><span class='ocrx_word' id='word_1_221' title='bbox 2397 800 2507 855; x_wconf 82' lang='grc' dir='ltr'><strong>περ</strong></span> <span class='ocrx_word' id='word_1_222' title='bbox 2538 785 2587 838; x_wconf 83' lang='grc' dir='ltr'><strong>οί</strong></span> <span class='ocrx_word' id='word_1_223' title='bbox 2615 784 2742 846; x_wconf 75' lang='grc' dir='ltr'><strong>τοὺς</strong></span> <span class='ocrx_word' id='word_1_224' title='bbox 2779 784 3152 854; x_wconf 70' lang='grc' dir='ltr'><strong>ἐκτραπέντας</strong></span> <span class='ocrx_word' id='word_1_225' title='bbox 3179 784 3277 854; x_wconf 84' lang='grc' dir='ltr'><strong>τῆς</strong></span> <span class='ocrx_word' id='word_1_226' title='bbox 3315 783 3482 853; x_wconf 80' lang='grc' dir='ltr'>ὀρθῆς</span> <span class='ocrx_word' id='word_1_227' title='bbox 3510 784 3631 837; x_wconf 79' lang='grc' dir='ltr'><strong>ὁδοῦ</strong></span> <span class='ocrx_word' id='word_1_228' title='bbox 3667 785 3981 853; x_wconf 59' lang='grc' dir='ltr'><strong>ἐπανάγον-</strong></span> 
     </span>
    </p>
   </div>
   <div class='ocr_carea' id='block_1_36' title="bbox 2395 873 3985 944">
    <p class='ocr_par' dir='ltr' id='par_1_36' title="bbox 2395 873 3985 944">
     <span class='ocr_line' id='line_1_36' title="bbox 2395 873 3985 944; baseline 0.001 -18"><span class='ocrx_word' id='word_1_229' title='bbox 2395 890 2488 936; x_wconf 79' lang='grc' dir='ltr'><strong>τες</strong></span> <span class='ocrx_word' id='word_1_230' title='bbox 2514 874 2591 937; x_wconf 84' lang='grc' dir='ltr'><strong>είς</strong></span> <span class='ocrx_word' id='word_1_231' title='bbox 2611 873 2803 942; x_wconf 81' lang='grc' dir='ltr'><strong>αὐτὴν,</strong></span> <span class='ocrx_word' id='word_1_232' title='bbox 2836 873 2929 926; x_wconf 73' lang='grc' dir='ltr'><strong>καὶ</strong></span> <span class='ocrx_word' id='word_1_233' title='bbox 2950 873 3289 934; x_wconf 77' lang='grc' dir='ltr'><strong>διδάσκοντες</strong></span> <span class='ocrx_word' id='word_1_234' title='bbox 3314 874 3413 944; x_wconf 79' lang='grc' dir='ltr'><strong>τὴν</strong></span> <span class='ocrx_word' id='word_1_235' title='bbox 3448 874 3850 944; x_wconf 67' lang='grc' dir='ltr'><strong>ἀποπλάνησιν,</strong></span> <span class='ocrx_word' id='word_1_236' title='bbox 3881 875 3985 928; x_wconf 82' lang='grc' dir='ltr'><strong>καὶ</strong></span> 
     </span>
    </p>
   </div>
   <div class='ocr_carea' id='block_1_37' title="bbox 2398 966 3985 1038">
    <p class='ocr_par' dir='ltr' id='par_1_37' title="bbox 2398 966 3985 1038">
     <span class='ocr_line' id='line_1_37' title="bbox 2398 966 3985 1038; baseline 0 -17"><span class='ocrx_word' id='word_1_237' title='bbox 2398 968 2498 1038; x_wconf 82' lang='grc' dir='ltr'><strong>τὴν</strong></span> <span class='ocrx_word' id='word_1_238' title='bbox 2528 967 2957 1037; x_wconf 77' lang='grc' dir='ltr'><strong>σκοπιμωτάτην</strong></span> <span class='ocrx_word' id='word_1_239' title='bbox 3018 966 3355 1030; x_wconf 84' lang='grc' dir='ltr'><strong>ἐνστατικῶς</strong></span> <span class='ocrx_word' id='word_1_240' title='bbox 3405 966 3840 1029; x_wconf 79' lang='grc' dir='ltr'><strong>ὕποδεικνύντες,</strong></span> <span class='ocrx_word' id='word_1_241' title='bbox 3875 968 3985 1021; x_wconf 76' lang='grc' dir='ltr'><strong>οὐκ</strong></span> 
     </span>
    </p>
   </div>
   <div class='ocr_carea' id='block_1_38' title="bbox 2400 1059 3981 1130">
    <p class='ocr_par' dir='ltr' id='par_1_38' title="bbox 2400 1059 3981 1130">
     <span class='ocr_line' id='line_1_38' title="bbox 2400 1059 3981 1130; baseline 0.001 -17"><span class='ocrx_word' id='word_1_242' title='bbox 2400 1060 2756 1123; x_wconf 85' lang='grc' dir='ltr'><strong>ἐπιτίθενται,</strong></span> <span class='ocrx_word' id='word_1_243' title='bbox 2814 1059 2941 1113; x_wconf 45' lang='grc' dir='ltr'><strong>οὐδ’</strong></span> <span class='ocrx_word' id='word_1_244' title='bbox 2980 1060 3365 1130; x_wconf 78' lang='grc' dir='ltr'><strong>ἀτιμάζουσιν.</strong></span> <span class='ocrx_word' id='word_1_245' title='bbox 3407 1061 3529 1114; x_wconf 73' lang='grc' dir='ltr'><strong>οὐδὲ</strong></span> <span class='ocrx_word' id='word_1_246' title='bbox 3589 1060 3981 1127; x_wconf 60' lang='grc' dir='ltr'><strong>ὀνειδίζουσιν</strong></span> 
     </span>
    </p>
   </div>
   <div class='ocr_carea' id='block_1_39' title="bbox 2399 1150 3986 1225">
    <p class='ocr_par' dir='ltr' id='par_1_39' title="bbox 2399 1150 3986 1225">
     <span class='ocr_line' id='line_1_39' title="bbox 2399 1150 3986 1225; baseline 0 -18"><span class='ocrx_word' id='word_1_247' title='bbox 2399 1152 2571 1218; x_wconf 78' lang='grc' dir='ltr'><strong>οὕτως</strong></span> <span class='ocrx_word' id='word_1_248' title='bbox 2620 1152 2741 1206; x_wconf 84' lang='grc' dir='ltr'><strong>οὖδέ</strong></span> <span class='ocrx_word' id='word_1_249' title='bbox 2769 1152 2819 1205; x_wconf 78' lang='grc' dir='ltr'><strong>οἱ</strong></span> <span class='ocrx_word' id='word_1_250' title='bbox 2848 1150 3225 1222; x_wconf 68' lang='grc' dir='ltr'><strong>ἐξελέγχοντες</strong></span> <span class='ocrx_word' id='word_1_251' title='bbox 3257 1153 3391 1222; x_wconf 78' lang='grc' dir='ltr'><strong>πρὸς</strong></span> <span class='ocrx_word' id='word_1_252' title='bbox 3418 1154 3768 1225; x_wconf 82' lang='grc' dir='ltr'><strong>παραίνεσιν,</strong></span> <span class='ocrx_word' id='word_1_253' title='bbox 3803 1154 3986 1224; x_wconf 82' lang='grc' dir='ltr'><strong>λυπη-</strong></span> 
     </span>
    </p>
   </div>
   <div class='ocr_carea' id='block_1_40' title="bbox 2402 1242 3989 1316">
    <p class='ocr_par' dir='ltr' id='par_1_40' title="bbox 2402 1242 3989 1316">
     <span class='ocr_line' id='line_1_40' title="bbox 2402 1242 3989 1316; baseline 0 -20"><span class='ocrx_word' id='word_1_254' title='bbox 2402 1245 2494 1316; x_wconf 66' lang='grc' dir='ltr'><strong>ρόν</strong></span> <span class='ocrx_word' id='word_1_255' title='bbox 2523 1262 2575 1298; x_wconf 91' lang='grc' dir='ltr'><strong>τι</strong></span> <span class='ocrx_word' id='word_1_256' title='bbox 2604 1243 2874 1307; x_wconf 77' lang='grc' dir='ltr'><strong>ποιοῦσιν,</strong></span> <span class='ocrx_word' id='word_1_257' title='bbox 2905 1243 3039 1297; x_wconf 84' lang='grc' dir='ltr'><strong>ἀλλά</strong></span> <span class='ocrx_word' id='word_1_258' title='bbox 3066 1242 3187 1313; x_wconf 81' lang='grc' dir='ltr'><strong>Θεῷ</strong></span> <span class='ocrx_word' id='word_1_259' title='bbox 3212 1244 3449 1314; x_wconf 79' lang='grc' dir='ltr'><strong>ἀρέσκον</strong></span> <span class='ocrx_word' id='word_1_260' title='bbox 3491 1243 3655 1314; x_wconf 77' lang='grc' dir='ltr'><strong>ἔργον</strong></span> <span class='ocrx_word' id='word_1_261' title='bbox 3685 1244 3989 1297; x_wconf 82' lang='grc' dir='ltr'><strong>ἀποτελοῦ-</strong></span> 
     </span>
    </p>
   </div>
   <div class='ocr_carea' id='block_1_41' title="bbox 2400 1333 3988 1406">
    <p class='ocr_par' dir='ltr' id='par_1_41' title="bbox 2400 1333 3988 1406">
     <span class='ocr_line' id='line_1_41' title="bbox 2400 1333 3988 1406; baseline -0.001 -17"><span class='ocrx_word' id='word_1_262' title='bbox 2400 1353 2479 1396; x_wconf 86' lang='grc' dir='ltr'><strong>σι.</strong></span> <span class='ocrx_word' id='word_1_263' title='bbox 2506 1336 2688 1406; x_wconf 77' lang='grc' dir='ltr'><strong>νόμοις</strong></span> <span class='ocrx_word' id='word_1_264' title='bbox 2710 1334 2893 1404; x_wconf 86' lang='grc' dir='ltr'><strong>ὀρθοῖς</strong></span> <span class='ocrx_word' id='word_1_265' title='bbox 2918 1335 3017 1388; x_wconf 67' lang='grc' dir='ltr'><strong>καὶ</strong></span> <span class='ocrx_word' id='word_1_266' title='bbox 3053 1333 3297 1389; x_wconf 83' lang='grc' dir='ltr'><strong>κανόνων</strong></span> <span class='ocrx_word' id='word_1_267' title='bbox 3322 1334 3618 1405; x_wconf 72' lang='grc' dir='ltr'><strong>εὐθύτησιν</strong></span> <span class='ocrx_word' id='word_1_268' title='bbox 3649 1333 3988 1404; x_wconf 71' lang='grc' dir='ltr'><strong>ἐμϐιϐάζον-</strong></span> 
     </span>
    </p>
   </div>
   <div class='ocr_carea' id='block_1_42' title="bbox 2400 1425 3521 1497">
    <p class='ocr_par' dir='ltr' id='par_1_42' title="bbox 2400 1425 3521 1497">
     <span class='ocr_line' id='line_1_42' title="bbox 2400 1425 3521 1497; baseline -0.006 -13"><span class='ocrx_word' id='word_1_269' title='bbox 2400 1446 2491 1493; x_wconf 84' lang='grc' dir='ltr'><strong>τες</strong></span> <span class='ocrx_word' id='word_1_270' title='bbox 2519 1428 2645 1491; x_wconf 76' lang='grc' dir='ltr'><strong>τοὺς</strong></span> <span class='ocrx_word' id='word_1_271' title='bbox 2675 1427 2734 1492; x_wconf 84' lang='grc' dir='ltr'><strong>ἐξ</strong></span> <span class='ocrx_word' id='word_1_272' title='bbox 2765 1425 2950 1481; x_wconf 80' lang='grc' dir='ltr'><strong>αὐτῶν</strong></span> <span class='ocrx_word' id='word_1_273' title='bbox 2978 1426 3521 1497; x_wconf 82' lang='grc' dir='ltr'><strong>παροιστρήσαντας.</strong></span> 
     </span>
    </p>
   </div>
   <div class='ocr_carea' id='block_1_43' title="bbox 2476 1517 3990 1591">
    <p class='ocr_par' dir='ltr' id='par_1_43' title="bbox 2476 1517 3990 1591">
     <span class='ocr_line' id='line_1_43' title="bbox 2476 1517 3990 1591; baseline -0.003 -15"><span class='ocrx_word' id='word_1_274' title='bbox 2476 1526 2553 1591; x_wconf 79' lang='grc' dir='ltr'><strong>μ’.</strong></span> <span class='ocrx_word' id='word_1_275' title='bbox 2582 1520 2728 1591; x_wconf 77' lang='grc' dir='ltr'><strong>Πρὸς</strong></span> <span class='ocrx_word' id='word_1_276' title='bbox 2776 1519 2830 1574; x_wconf 83' lang='grc' dir='ltr'><strong>τί</strong></span> <span class='ocrx_word' id='word_1_277' title='bbox 2878 1537 2972 1589; x_wconf 87' lang='grc' dir='ltr'><strong>μοι</strong></span> <span class='ocrx_word' id='word_1_278' title='bbox 3004 1518 3355 1589; x_wconf 79' lang='grc' dir='ltr'><strong>ἀποτέλεσμα</strong></span> <span class='ocrx_word' id='word_1_279' title='bbox 3381 1517 3593 1585; x_wconf 76' lang='grc' dir='ltr'><strong>ταῦτας</strong></span> <span class='ocrx_word' id='word_1_280' title='bbox 3633 1518 3727 1583; x_wconf 76' lang='grc' dir='ltr'><strong>Εἰς</strong></span> <span class='ocrx_word' id='word_1_281' title='bbox 3753 1519 3815 1572; x_wconf 71' lang='grc' dir='ltr'><strong>τὸ</strong></span> <span class='ocrx_word' id='word_1_282' title='bbox 3846 1518 3990 1571; x_wconf 80' lang='grc' dir='ltr'><strong>πάνο</strong></span> 
     </span>
    </p>
   </div>
   <div class='ocr_carea' id='block_1_44' title="bbox 2399 1604 3984 1681">
    <p class='ocr_par' dir='ltr' id='par_1_44' title="bbox 2399 1604 3984 1681">
     <span class='ocr_line' id='line_1_44' title="bbox 2399 1604 3984 1681; baseline -0.027 -17"><span class='ocrx_word' id='word_1_283' title='bbox 2399 1628 2499 1674; x_wconf 83' lang='grc' dir='ltr'><strong>τας</strong></span> <span class='ocrx_word' id='word_1_284' title='bbox 2712 1609 2912 1678; x_wconf 81' lang='grc' dir='ltr'><strong>χρῆναι</strong></span> <span class='ocrx_word' id='word_1_285' title='bbox 2960 1607 3225 1678; x_wconf 81' lang='grc' dir='ltr'><strong>ἀλλήλους</strong></span> <span class='ocrx_word' id='word_1_286' title='bbox 3266 1605 3530 1674; x_wconf 56' lang='grc' dir='ltr'><strong>ἐλέγχειν,</strong></span> <span class='ocrx_word' id='word_1_287' title='bbox 3566 1604 3659 1658; x_wconf 59' lang='grc' dir='ltr'><strong>καὶ</strong></span> <span class='ocrx_word' id='word_1_288' title='bbox 3690 1605 3784 1657; x_wconf 68' lang='grc' dir='ltr'><strong>ὑπο</strong></span> <span class='ocrx_word' id='word_1_289' title='bbox 3810 1604 3984 1672; x_wconf 44' lang='lat' dir='ltr'><strong>iul-1-</strong></span> 
     </span>
    </p>
   </div>
   <div class='ocr_carea' id='block_1_45' title="bbox 2400 1696 3986 1773">
    <p class='ocr_par' dir='ltr' id='par_1_45' title="bbox 2400 1696 3986 1773">
     <span class='ocr_line' id='line_1_45' title="bbox 2400 1696 3986 1773; baseline -0.005 -17"><span class='ocrx_word' id='word_1_290' title='bbox 2400 1704 2507 1757; x_wconf 85' lang='grc' dir='ltr'><strong>λων</strong></span> <span class='ocrx_word' id='word_1_291' title='bbox 2546 1701 2866 1773; x_wconf 72' lang='grc' dir='ltr'><strong>ἐλέγχεσθαι</strong></span> <span class='ocrx_word' id='word_1_292' title='bbox 2919 1697 3304 1769; x_wconf 79' lang='grc' dir='ltr'><strong>πνευματικῶς</strong></span> <span class='ocrx_word' id='word_1_293' title='bbox 3350 1697 3445 1751; x_wconf 67' lang='grc' dir='ltr'><strong>καὶ</strong></span> <span class='ocrx_word' id='word_1_294' title='bbox 3486 1696 3817 1765; x_wconf 82' lang='grc' dir='ltr'><strong>ἀδελφικῶς,</strong></span> <span class='ocrx_word' id='word_1_295' title='bbox 3888 1696 3986 1748; x_wconf 76' lang='grc' dir='ltr'><strong>καὶ</strong></span> 
     </span>
    </p>
   </div>
   <div class='ocr_carea' id='block_1_46' title="bbox 2401 1786 3989 1867">
    <p class='ocr_par' dir='ltr' id='par_1_46' title="bbox 2401 1786 3989 1867">
     <span class='ocr_line' id='line_1_46' title="bbox 2401 1786 3989 1867; baseline -0.008 -16"><span class='ocrx_word' id='word_1_296' title='bbox 2401 1796 2545 1850; x_wconf 81' lang='grc' dir='ltr'><strong>οὕτω</strong></span> <span class='ocrx_word' id='word_1_297' title='bbox 2572 1796 2648 1867; x_wconf 80' lang='grc' dir='ltr'><strong>μὴ</strong></span> <span class='ocrx_word' id='word_1_298' title='bbox 2670 1794 2905 1863; x_wconf 45' lang='lat' dir='ltr'><strong>sucini);</strong></span> <span class='ocrx_word' id='word_1_299' title='bbox 2940 1793 3262 1863; x_wconf 76' lang='grc' dir='ltr'><strong>περιπατεῖν</strong></span> <span class='ocrx_word' id='word_1_300' title='bbox 3289 1792 3348 1845; x_wconf 81' lang='grc' dir='ltr'><strong>ἐν</strong></span> <span class='ocrx_word' id='word_1_301' title='bbox 3378 1789 3497 1857; x_wconf 84' lang='grc' dir='ltr'><strong>βίῳ,</strong></span> <span class='ocrx_word' id='word_1_302' title='bbox 3520 1789 3634 1843; x_wconf 79' lang='grc' dir='ltr'><strong>ἀλλ’</strong></span> <span class='ocrx_word' id='word_1_303' title='bbox 3655 1786 3989 1857; x_wconf 76' lang='grc' dir='ltr'><strong>ἐξικριδοῦ-</strong></span> 
     </span>
    </p>
   </div>
   <div class='ocr_carea' id='block_1_47' title="bbox 2403 1881 3990 1954">
    <p class='ocr_par' dir='ltr' id='par_1_47' title="bbox 2403 1881 3990 1954">
     <span class='ocr_line' id='line_1_47' title="bbox 2403 1881 3990 1954; baseline -0.006 -11"><span class='ocrx_word' id='word_1_304' title='bbox 2403 1890 2528 1944; x_wconf 83' lang='grc' dir='ltr'><strong>σθαι</strong></span> <span class='ocrx_word' id='word_1_305' title='bbox 2579 1888 2649 1942; x_wconf 80' lang='grc' dir='ltr'><strong>τὰ</strong></span> <span class='ocrx_word' id='word_1_306' title='bbox 2692 1887 2838 1941; x_wconf 84' lang='grc' dir='ltr'><strong>κατά</strong></span> <span class='ocrx_word' id='word_1_307' title='bbox 2863 1886 2997 1939; x_wconf 79' lang='grc' dir='ltr'><strong>Θεὸν</strong></span> <span class='ocrx_word' id='word_1_308' title='bbox 3050 1883 3391 1954; x_wconf 77' lang='grc' dir='ltr'><strong>διαϐήματα,</strong></span> <span class='ocrx_word' id='word_1_309' title='bbox 3440 1884 3535 1936; x_wconf 72' lang='grc' dir='ltr'><strong>καὶ</strong></span> <span class='ocrx_word' id='word_1_310' title='bbox 3596 1881 3740 1935; x_wconf 81' lang='grc' dir='ltr'><strong>οὓτω</strong></span> <span class='ocrx_word' id='word_1_311' title='bbox 3787 1881 3990 1949; x_wconf 71' lang='grc' dir='ltr'><strong>σοφοὺς</strong></span> 
     </span>
    </p>
   </div>
   <div class='ocr_carea' id='block_1_48' title="bbox 2399 1973 3990 2047">
    <p class='ocr_par' dir='ltr' id='par_1_48' title="bbox 2399 1973 3990 2047">
     <span class='ocr_line' id='line_1_48' title="bbox 2399 1973 3990 2047; baseline -0.007 -11"><span class='ocrx_word' id='word_1_312' title='bbox 2399 1980 2754 2036; x_wconf 76' lang='grc' dir='ltr'><strong>ἀπεκϐαίνειν</strong></span> <span class='ocrx_word' id='word_1_313' title='bbox 2790 1979 2930 2032; x_wconf 80' lang='grc' dir='ltr'><strong>κατά</strong></span> <span class='ocrx_word' id='word_1_314' title='bbox 2955 1978 3017 2031; x_wconf 83' lang='grc' dir='ltr'><strong>τό</strong></span> <span class='ocrx_word' id='word_1_315' title='bbox 3042 1993 3057 2008; x_wconf 88' lang='grc'><strong>·</strong></span> <span class='ocrx_word' id='word_1_316' title='bbox 3095 1995 3116 2028; x_wconf 87' lang='grc' dir='ltr'><strong>ε</strong></span> <span class='ocrx_word' id='word_1_317' title='bbox 3150 1977 3354 2047; x_wconf 78' lang='grc' dir='ltr'><strong>Κύριος</strong></span> <span class='ocrx_word' id='word_1_318' title='bbox 3392 1976 3549 2043; x_wconf 62' lang='lat' dir='ltr'><strong>sagaci</strong></span> <span class='ocrx_word' id='word_1_319' title='bbox 3578 1973 3817 2043; x_wconf 56' lang='grc' dir='ltr'><strong>τυφλούς</strong></span> <span class='ocrx_word' id='word_1_320' title='bbox 3842 1990 3855 2003; x_wconf 66' lang='grc' dir='ltr'><strong>ο</strong></span> <span class='ocrx_word' id='word_1_321' title='bbox 3892 1990 3911 2023; x_wconf 75' lang='grc' dir='ltr'><strong>ι</strong></span> <span class='ocrx_word' id='word_1_322' title='bbox 3940 1973 3990 2025; x_wconf 78' lang='grc' dir='ltr'><strong>οῖ</strong></span> 
     </span>
    </p>
   </div>
   <div class='ocr_carea' id='block_1_49' title="bbox 2399 2070 3988 2144">
    <p class='ocr_par' dir='ltr' id='par_1_49' title="bbox 2399 2070 3988 2144">
     <span class='ocr_line' id='line_1_49' title="bbox 2399 2070 3988 2144; baseline -0.005 -16"><span class='ocrx_word' id='word_1_323' title='bbox 2399 2073 2600 2144; x_wconf 77' lang='grc' dir='ltr'><strong>δηλαδὴ</strong></span> <span class='ocrx_word' id='word_1_324' title='bbox 2623 2073 2697 2135; x_wconf 83' lang='grc' dir='ltr'><strong>ὥς</strong></span> <span class='ocrx_word' id='word_1_325' title='bbox 2722 2076 2779 2125; x_wconf 80' lang='grc' dir='ltr'><strong>ἐν</strong></span> <span class='ocrx_word' id='word_1_326' title='bbox 2809 2072 3008 2142; x_wconf 82' lang='grc' dir='ltr'><strong>σκότῳ,</strong></span> <span class='ocrx_word' id='word_1_327' title='bbox 3034 2070 3109 2137; x_wconf 83' lang='grc' dir='ltr'><strong>τῷ</strong></span> <span class='ocrx_word' id='word_1_328' title='bbox 3141 2071 3242 2141; x_wconf 83' lang='grc' dir='ltr'><strong>βίῳ</strong></span> <span class='ocrx_word' id='word_1_329' title='bbox 3271 2070 3469 2139; x_wconf 80' lang='grc' dir='ltr'><strong>τούτῳ,</strong></span> <span class='ocrx_word' id='word_1_330' title='bbox 3492 2070 3988 2138; x_wconf 66' lang='grc' dir='ltr'><strong>ἀναστρεφᾶμενοι,</strong></span> 
     </span>
    </p>
   </div>
   <div class='ocr_carea' id='block_1_50' title="bbox 2400 2162 3993 2237">
    <p class='ocr_par' dir='ltr' id='par_1_50' title="bbox 2400 2162 3993 2237">
     <span class='ocr_line' id='line_1_50' title="bbox 2400 2162 3993 2237; baseline -0.006 -17"><span class='ocrx_word' id='word_1_331' title='bbox 2400 2166 2539 2237; x_wconf 77' lang='grc' dir='ltr'><strong>ὀρθά</strong></span> <span class='ocrx_word' id='word_1_332' title='bbox 2567 2165 2989 2235; x_wconf 67' lang='grc' dir='ltr'><strong>πώηγετοῦνται</strong></span> <span class='ocrx_word' id='word_1_333' title='bbox 3018 2163 3224 2230; x_wconf 78' lang='grc' dir='ltr'><strong>θεόθεν,</strong></span> <span class='ocrx_word' id='word_1_334' title='bbox 3250 2163 3347 2216; x_wconf 84' lang='grc' dir='ltr'><strong>καὶ</strong></span> <span class='ocrx_word' id='word_1_335' title='bbox 3383 2164 3487 2216; x_wconf 77' lang='grc' dir='ltr'><strong>ὑπὸ</strong></span> <span class='ocrx_word' id='word_1_336' title='bbox 3514 2162 3709 2230; x_wconf 79' lang='grc' dir='ltr'><strong>φώτων</strong></span> <span class='ocrx_word' id='word_1_337' title='bbox 3734 2162 3993 2229; x_wconf 83' lang='grc' dir='ltr'><strong>λαμπρο-</strong></span> 
     </span>
    </p>
   </div>
   <div class='ocr_carea' id='block_1_51' title="bbox 2401 2251 3991 2330">
    <p class='ocr_par' dir='ltr' id='par_1_51' title="bbox 2401 2251 3991 2330">
     <span class='ocr_line' id='line_1_51' title="bbox 2401 2251 3991 2330; baseline -0.006 -15"><span class='ocrx_word' id='word_1_338' title='bbox 2401 2262 2580 2315; x_wconf 88' lang='grc' dir='ltr'><strong>τάτων</strong></span> <span class='ocrx_word' id='word_1_339' title='bbox 2607 2260 2893 2326; x_wconf 76' lang='grc' dir='ltr'><strong>ἐξανύουσι</strong></span> <span class='ocrx_word' id='word_1_340' title='bbox 2935 2258 3032 2322; x_wconf 70' lang='grc' dir='ltr'><strong>τὰς</strong></span> <span class='ocrx_word' id='word_1_341' title='bbox 3065 2259 3312 2330; x_wconf 80' lang='grc' dir='ltr'><strong>πορείας,</strong></span> <span class='ocrx_word' id='word_1_342' title='bbox 3347 2251 3423 2311; x_wconf 66' lang='grc' dir='ltr'><strong>ὧν</strong></span> <span class='ocrx_word' id='word_1_343' title='bbox 3459 2254 3773 2327; x_wconf 78' lang='grc' dir='ltr'><strong>θρυαλλίδες</strong></span> <span class='ocrx_word' id='word_1_344' title='bbox 3830 2253 3991 2317; x_wconf 84' lang='grc' dir='ltr'><strong>εὐγε-</strong></span> 
     </span>
    </p>
   </div>
   <div class='ocr_carea' id='block_1_52' title="bbox 2402 2345 3993 2421">
    <p class='ocr_par' dir='ltr' id='par_1_52' title="bbox 2402 2345 3993 2421">
     <span class='ocr_line' id='line_1_52' title="bbox 2402 2345 3993 2421; baseline -0.005 -15"><span class='ocrx_word' id='word_1_345' title='bbox 2402 2355 2514 2415; x_wconf 86' lang='grc' dir='ltr'><strong>νεῖς</strong></span> <span class='ocrx_word' id='word_1_346' title='bbox 2538 2353 2631 2408; x_wconf 74' lang='grc' dir='ltr'><strong>καὶ</strong></span> <span class='ocrx_word' id='word_1_347' title='bbox 2663 2354 2719 2407; x_wconf 82' lang='grc' dir='ltr'><strong>αι</strong></span> <span class='ocrx_word' id='word_1_348' title='bbox 2753 2352 2897 2408; x_wconf 83' lang='grc' dir='ltr'><strong>κατά</strong></span> <span class='ocrx_word' id='word_1_349' title='bbox 2928 2353 3055 2415; x_wconf 74' lang='grc' dir='ltr'><strong>τοὺς</strong></span> <span class='ocrx_word' id='word_1_350' title='bbox 3093 2350 3505 2421; x_wconf 68' lang='grc' dir='ltr'><strong>πνευματικοϋς</strong></span> <span class='ocrx_word' id='word_1_351' title='bbox 3550 2348 3813 2417; x_wconf 74' lang='grc' dir='ltr'><strong>ἐλέγχους</strong></span> <span class='ocrx_word' id='word_1_352' title='bbox 3844 2345 3993 2399; x_wconf 65' lang='grc' dir='ltr'><strong>διδα-</strong></span> 
     </span>
    </p>
   </div>
   <div class='ocr_carea' id='block_1_53' title="bbox 2408 2443 2654 2498">
    <p class='ocr_par' dir='ltr' id='par_1_53' title="bbox 2408 2443 2654 2498">
     <span class='ocr_line' id='line_1_53' title="bbox 2408 2443 2654 2498; baseline 0.004 -1"><span class='ocrx_word' id='word_1_353' title='bbox 2408 2443 2654 2498; x_wconf 90' lang='grc' dir='ltr'><strong>σκαλίαι.</strong></span> 
     </span>
    </p>
   </div>
   <div class='ocr_carea' id='block_1_54' title="bbox 2487 2532 3990 2607">
    <p class='ocr_par' dir='ltr' id='par_1_54' title="bbox 2487 2532 3990 2607">
     <span class='ocr_line' id='line_1_54' title="bbox 2487 2532 3990 2607; baseline -0.005 -16"><span class='ocrx_word' id='word_1_354' title='bbox 2487 2544 2597 2606; x_wconf 82' lang='grc' dir='ltr'><strong>μα’.</strong></span> <span class='ocrx_word' id='word_1_355' title='bbox 2645 2538 2772 2591; x_wconf 77' lang='grc' dir='ltr'><strong>Ἐπὶ</strong></span> <span class='ocrx_word' id='word_1_356' title='bbox 2824 2536 2887 2607; x_wconf 76' lang='grc' dir='ltr'><strong>δὴ</strong></span> <span class='ocrx_word' id='word_1_357' title='bbox 2921 2535 3134 2599; x_wconf 74' lang='grc' dir='ltr'><strong>τούτοις</strong></span> <span class='ocrx_word' id='word_1_358' title='bbox 3187 2534 3571 2605; x_wconf 80' lang='grc' dir='ltr'><strong>προκαλοῦμαι</strong></span> <span class='ocrx_word' id='word_1_359' title='bbox 3614 2534 3696 2597; x_wconf 81' lang='grc' dir='ltr'><strong>εις</strong></span> <span class='ocrx_word' id='word_1_360' title='bbox 3723 2532 3990 2602; x_wconf 70' lang='grc' dir='ltr'><strong>ἀνδρικὴν</strong></span> 
     </span>
    </p>
   </div>
   <div class='ocr_carea' id='block_1_55' title="bbox 2408 2626 3992 2700">
    <p class='ocr_par' dir='ltr' id='par_1_55' title="bbox 2408 2626 3992 2700">
     <span class='ocr_line' id='line_1_55' title="bbox 2408 2626 3992 2700; baseline -0.007 -13"><span class='ocrx_word' id='word_1_361' title='bbox 2408 2631 2689 2700; x_wconf 81' lang='grc' dir='ltr'><strong>εὐγένειαν</strong></span> <span class='ocrx_word' id='word_1_362' title='bbox 2717 2632 2842 2692; x_wconf 82' lang='grc' dir='ltr'><strong>τοὺς</strong></span> <span class='ocrx_word' id='word_1_363' title='bbox 2874 2630 2973 2683; x_wconf 78' lang='grc' dir='ltr'><strong>σὺν</strong></span> <span class='ocrx_word' id='word_1_364' title='bbox 3022 2630 3144 2697; x_wconf 79' lang='grc' dir='ltr'><strong>ἐμοὶ</strong></span> <span class='ocrx_word' id='word_1_365' title='bbox 3190 2628 3437 2693; x_wconf 81' lang='grc' dir='ltr'><strong>πολίτας,</strong></span> <span class='ocrx_word' id='word_1_366' title='bbox 3488 2628 3581 2681; x_wconf 68' lang='grc' dir='ltr'><strong>καὶ</strong></span> <span class='ocrx_word' id='word_1_367' title='bbox 3609 2627 3817 2694; x_wconf 68' lang='grc' dir='ltr'><strong>εἰσάγω</strong></span> <span class='ocrx_word' id='word_1_368' title='bbox 3849 2626 3992 2696; x_wconf 78' lang='grc' dir='ltr'><strong>μνή-</strong></span> 
     </span>
    </p>
   </div>
   <div class='ocr_carea' id='block_1_56' title="bbox 2414 2720 3992 2797">
    <p class='ocr_par' dir='ltr' id='par_1_56' title="bbox 2414 2720 3992 2797">
     <span class='ocr_line' id='line_1_56' title="bbox 2414 2720 3992 2797; baseline -0.003 -21"><span class='ocrx_word' id='word_1_369' title='bbox 2414 2743 2521 2797; x_wconf 84' lang='grc' dir='ltr'><strong>μην</strong></span> <span class='ocrx_word' id='word_1_370' title='bbox 2547 2723 2804 2790; x_wconf 67' lang='grc' dir='ltr'><strong>ἀφίεσθαι</strong></span> <span class='ocrx_word' id='word_1_371' title='bbox 2838 2722 2948 2775; x_wconf 82' lang='grc' dir='ltr'><strong>τῶν</strong></span> <span class='ocrx_word' id='word_1_372' title='bbox 2989 2722 3085 2775; x_wconf 77' lang='grc' dir='ltr'><strong>καὶ</strong></span> <span class='ocrx_word' id='word_1_373' title='bbox 3122 2720 3372 2790; x_wconf 71' lang='grc' dir='ltr'><strong>ἀπείρων</strong></span> <span class='ocrx_word' id='word_1_374' title='bbox 3410 2726 3507 2773; x_wconf 80' lang='grc' dir='ltr'><strong>καὶ</strong></span> <span class='ocrx_word' id='word_1_375' title='bbox 3539 2721 3788 2790; x_wconf 74' lang='grc' dir='ltr'><strong>ἀκαίρων</strong></span> <span class='ocrx_word' id='word_1_376' title='bbox 3829 2721 3992 2773; x_wconf 81' lang='grc' dir='ltr'><strong>ἀπει-</strong></span> 
     </span>
    </p>
   </div>
   <div class='ocr_carea' id='block_1_57' title="bbox 2411 2811 3993 2884">
    <p class='ocr_par' dir='ltr' id='par_1_57' title="bbox 2411 2811 3993 2884">
     <span class='ocr_line' id='line_1_57' title="bbox 2411 2811 3993 2884; baseline -0.006 -14"><span class='ocrx_word' id='word_1_377' title='bbox 2411 2817 2541 2881; x_wconf 83' lang='grc' dir='ltr'><strong>λῶν,</strong></span> <span class='ocrx_word' id='word_1_378' title='bbox 2573 2814 2666 2869; x_wconf 74' lang='grc' dir='ltr'><strong>τοῦ</strong></span> <span class='ocrx_word' id='word_1_379' title='bbox 2701 2814 2854 2883; x_wconf 82' lang='grc' dir='ltr'><strong>παρὰ</strong></span> <span class='ocrx_word' id='word_1_380' title='bbox 2907 2812 3057 2884; x_wconf 81' lang='grc' dir='ltr'><strong>ὥραν</strong></span> <span class='ocrx_word' id='word_1_381' title='bbox 3094 2811 3345 2882; x_wconf 77' lang='grc' dir='ltr'><strong>βρυγμοῦ</strong></span> <span class='ocrx_word' id='word_1_382' title='bbox 3365 2811 3474 2864; x_wconf 79' lang='grc' dir='ltr'><strong>τῶν</strong></span> <span class='ocrx_word' id='word_1_383' title='bbox 3502 2811 3754 2876; x_wconf 82' lang='grc' dir='ltr'><strong>ὀδόντων,</strong></span> <span class='ocrx_word' id='word_1_384' title='bbox 3791 2811 3906 2862; x_wconf 76' lang='grc' dir='ltr'><strong>τῶν</strong></span> <span class='ocrx_word' id='word_1_385' title='bbox 3937 2811 3993 2863; x_wconf 79' lang='grc' dir='ltr'><strong>ἐν</strong></span> 
     </span>
    </p>
   </div>
   <div class='ocr_carea' id='block_1_58' title="bbox 2413 2904 3997 2976">
    <p class='ocr_par' dir='ltr' id='par_1_58' title="bbox 2413 2904 3997 2976">
     <span class='ocr_line' id='line_1_58' title="bbox 2413 2904 3997 2976; baseline -0.005 -13"><span class='ocrx_word' id='word_1_386' title='bbox 2413 2912 2590 2973; x_wconf 83' lang='grc' dir='ltr'><strong>κενοῖς</strong></span> <span class='ocrx_word' id='word_1_387' title='bbox 2624 2905 3034 2976; x_wconf 86' lang='grc' dir='ltr'><strong>γλωσσαλγιῶν,</strong></span> <span class='ocrx_word' id='word_1_388' title='bbox 3090 2905 3530 2975; x_wconf 76' lang='grc' dir='ltr'><strong>ἐνθυμουμένους</strong></span> <span class='ocrx_word' id='word_1_389' title='bbox 3565 2904 3626 2957; x_wconf 75' lang='grc' dir='ltr'><strong>τὸ</strong></span> <span class='ocrx_word' id='word_1_390' title='bbox 3659 2904 3997 2974; x_wconf 74' lang='grc' dir='ltr'><strong>περιᾳδόμε-</strong></span> 
     </span>
    </p>
   </div>
   <div class='ocr_carea' id='block_1_59' title="bbox 2413 2993 3997 3067">
    <p class='ocr_par' dir='ltr' id='par_1_59' title="bbox 2413 2993 3997 3067">
     <span class='ocr_line' id='line_1_59' title="bbox 2413 2993 3997 3067; baseline -0.004 -14"><span class='ocrx_word' id='word_1_391' title='bbox 2413 3017 2522 3061; x_wconf 89' lang='grc' dir='ltr'><strong>νον,</strong></span> <span class='ocrx_word' id='word_1_392' title='bbox 2563 2998 2639 3062; x_wconf 85' lang='grc' dir='ltr'><strong>ὼς</strong></span> <span class='ocrx_word' id='word_1_393' title='bbox 2679 3015 2698 3050; x_wconf 79' lang='grc' dir='ltr'><strong>ι</strong></span> <span class='ocrx_word' id='word_1_394' title='bbox 2731 2997 2942 3067; x_wconf 84' lang='grc' dir='ltr'><strong>ἀνδρῶν</strong></span> <span class='ocrx_word' id='word_1_395' title='bbox 2972 2996 3071 3066; x_wconf 78' lang='grc' dir='ltr'><strong>μέν</strong></span> <span class='ocrx_word' id='word_1_396' title='bbox 3098 2994 3160 3048; x_wconf 84' lang='grc' dir='ltr'><strong>τδ</strong></span> <span class='ocrx_word' id='word_1_397' title='bbox 3183 2996 3382 3060; x_wconf 81' lang='grc' dir='ltr'><strong>ποιεῖν,</strong></span> <span class='ocrx_word' id='word_1_398' title='bbox 3408 2994 3687 3063; x_wconf 75' lang='grc' dir='ltr'><strong>γυναικῶν</strong></span> <span class='ocrx_word' id='word_1_399' title='bbox 3723 2994 3784 3047; x_wconf 76' lang='grc' dir='ltr'><strong>δὲ</strong></span> <span class='ocrx_word' id='word_1_400' title='bbox 3812 2993 3877 3046; x_wconf 71' lang='grc' dir='ltr'><strong>τὸ</strong></span> <span class='ocrx_word' id='word_1_401' title='bbox 3906 2993 3997 3046; x_wconf 78' lang='grc' dir='ltr'><strong>λα·</strong></span> 
     </span>
    </p>
   </div>
   <div class='ocr_carea' id='block_1_60' title="bbox 2413 3093 2580 3146">
    <p class='ocr_par' dir='ltr' id='par_1_60' title="bbox 2413 3093 2580 3146">
     <span class='ocr_line' id='line_1_60' title="bbox 2413 3093 2580 3146; baseline -0.006 -2"><span class='ocrx_word' id='word_1_402' title='bbox 2413 3093 2545 3146; x_wconf 86' lang='grc' dir='ltr'><strong>λεῖν.</strong></span> <span class='ocrx_word' id='word_1_403' title='bbox 2562 3111 2580 3143; x_wconf 76' lang='grc' dir='ltr'><strong>ι</strong></span> 
     </span>
    </p>
   </div>
   <div class='ocr_carea' id='block_1_61' title="bbox 808 3175 2306 3256">
    <p class='ocr_par' dir='ltr' id='par_1_61' title="bbox 808 3175 2306 3250">
     <span class='ocr_line' id='line_1_61' title="bbox 808 3175 2306 3250; baseline 0.007 -22"><span class='ocrx_word' id='word_1_404' title='bbox 808 3175 900 3229; x_wconf 68' lang='lat'><strong>4&#39;2.</strong></span> <span class='ocrx_word' id='word_1_405' title='bbox 938 3175 1049 3244; x_wconf 78' lang='lat' dir='ltr'><strong>Ego</strong></span> <span class='ocrx_word' id='word_1_406' title='bbox 1084 3176 1249 3246; x_wconf 76' lang='lat' dir='ltr'><strong>igitur</strong></span> <span class='ocrx_word' id='word_1_407' title='bbox 1280 3180 1525 3243; x_wconf 78' lang='lat' dir='ltr'><strong>extahui,</strong></span> <span class='ocrx_word' id='word_1_408' title='bbox 1552 3180 1633 3236; x_wconf 89' lang='lat' dir='ltr'><strong>sic</strong></span> <span class='ocrx_word' id='word_1_409' title='bbox 1663 3180 1983 3250; x_wconf 80' lang='lat' dir='ltr'><strong>frequenter</strong></span> <span class='ocrx_word' id='word_1_410' title='bbox 2008 3183 2306 3238; x_wconf 78' lang='lat' dir='ltr'><strong>exterritus</strong></span> 
     </span>
    </p>
   </div>
   <div class='ocr_carea' id='block_1_62' title="bbox 2405 3175 3995 3256">
    <p class='ocr_par' dir='ltr' id='par_1_62' title="bbox 2490 3177 3995 3256">
     <span class='ocr_line' id='line_1_62' title="bbox 2490 3177 3995 3256; baseline -0.005 -19"><span class='ocrx_word' id='word_1_411' title='bbox 2490 3182 2599 3256; x_wconf 83' lang='grc' dir='ltr'><strong>μ6’.</strong></span> <span class='ocrx_word' id='word_1_412' title='bbox 2637 3182 2780 3252; x_wconf 84' lang='grc' dir='ltr'><strong>Ἐγὼ</strong></span> <span class='ocrx_word' id='word_1_413' title='bbox 2828 3181 2920 3236; x_wconf 84' lang='grc' dir='ltr'><strong>οὖν</strong></span> <span class='ocrx_word' id='word_1_414' title='bbox 2953 3181 3247 3250; x_wconf 81' lang='grc' dir='ltr'><strong>ἐκτέτηκα,</strong></span> <span class='ocrx_word' id='word_1_415' title='bbox 3301 3178 3447 3233; x_wconf 73' lang='grc' dir='ltr'><strong>οὕτω</strong></span> <span class='ocrx_word' id='word_1_416' title='bbox 3486 3178 3655 3248; x_wconf 83' lang='grc' dir='ltr'><strong>συχνά</strong></span> <span class='ocrx_word' id='word_1_417' title='bbox 3687 3177 3995 3248; x_wconf 75' lang='grc' dir='ltr'><strong>καταϐρον-</strong></span> 
     </span>
    </p>
   </div>
   <div class='ocr_carea' id='block_1_63' title="bbox 736 3268 2310 3342">
    <p class='ocr_par' dir='ltr' id='par_1_63' title="bbox 736 3268 2310 3342">
     <span class='ocr_line' id='line_1_63' title="bbox 736 3268 2310 3342; baseline 0.004 -21"><span class='ocrx_word' id='word_1_418' title='bbox 736 3268 924 3333; x_wconf 85' lang='lat' dir='ltr'><strong>Ininis,</strong></span> <span class='ocrx_word' id='word_1_419' title='bbox 959 3269 1137 3339; x_wconf 89' lang='lat' dir='ltr'><strong>iisque</strong></span> <span class='ocrx_word' id='word_1_420' title='bbox 1165 3269 1218 3323; x_wconf 93' lang='lat' dir='ltr'><strong>in</strong></span> <span class='ocrx_word' id='word_1_421' title='bbox 1251 3286 1336 3327; x_wconf 90' lang='lat' dir='ltr'><strong>me</strong></span> <span class='ocrx_word' id='word_1_422' title='bbox 1367 3273 1644 3338; x_wconf 75' lang='lat' dir='ltr'><strong>maximis,</strong></span> <span class='ocrx_word' id='word_1_423' title='bbox 1674 3272 1889 3328; x_wconf 83' lang='lat' dir='ltr'><strong>fratres.</strong></span> <span class='ocrx_word' id='word_1_424' title='bbox 1925 3272 1971 3329; x_wconf 92' lang='grc'>0</span> <span class='ocrx_word' id='word_1_425' title='bbox 2001 3289 2120 3340; x_wconf 80' lang='lat' dir='ltr'><strong>vos,</strong></span> <span class='ocrx_word' id='word_1_426' title='bbox 2147 3291 2310 3342; x_wconf 75' lang='lat' dir='ltr'><strong>unus,</strong></span> 
     </span>
    </p>
   </div>
   <div class='ocr_carea' id='block_1_64' title="bbox 736 3361 2311 3433">
    <p class='ocr_par' dir='ltr' id='par_1_64' title="bbox 736 3361 2311 3433">
     <span class='ocr_line' id='line_1_64' title="bbox 736 3361 2311 3433; baseline 0.006 -20"><span class='ocrx_word' id='word_1_427' title='bbox 736 3361 869 3423; x_wconf 87' lang='lat' dir='ltr'><strong>duo,</strong></span> <span class='ocrx_word' id='word_1_428' title='bbox 905 3370 1041 3423; x_wconf 87' lang='lat' dir='ltr'><strong>tres,</strong></span> <span class='ocrx_word' id='word_1_429' title='bbox 1069 3362 1275 3430; x_wconf 88' lang='lat' dir='ltr'><strong>plures,</strong></span> <span class='ocrx_word' id='word_1_430' title='bbox 1312 3365 1406 3430; x_wconf 85' lang='lat' dir='ltr'><strong>qui</strong></span> <span class='ocrx_word' id='word_1_431' title='bbox 1437 3364 1603 3419; x_wconf 88' lang='lat' dir='ltr'><strong>nimis</strong></span> <span class='ocrx_word' id='word_1_432' title='bbox 1636 3365 1704 3418; x_wconf 89' lang='lat' dir='ltr'><strong>ad</strong></span> <span class='ocrx_word' id='word_1_433' title='bbox 1743 3365 1880 3419; x_wconf 88' lang='lat' dir='ltr'><strong>iram</strong></span> <span class='ocrx_word' id='word_1_434' title='bbox 1914 3367 2209 3433; x_wconf 84' lang='lat' dir='ltr'><strong>ferventes,</strong></span> <span class='ocrx_word' id='word_1_435' title='bbox 2243 3368 2311 3422; x_wconf 85' lang='lat' dir='ltr'><strong>ad</strong></span> 
     </span>
    </p>
   </div>
   <div class='ocr_carea' id='block_1_65' title="bbox 736 3451 2312 3522">
    <p class='ocr_par' dir='ltr' id='par_1_65' title="bbox 736 3451 2312 3522">
     <span class='ocr_line' id='line_1_65' title="bbox 736 3451 2312 3522; baseline 0.007 -16"><span class='ocrx_word' id='word_1_436' title='bbox 736 3451 1054 3507; x_wconf 79' lang='lat' dir='ltr'><strong>cbaritatem</strong></span> <span class='ocrx_word' id='word_1_437' title='bbox 1099 3453 1311 3522; x_wconf 82' lang='lat' dir='ltr'><strong>lrigetis</strong></span> <span class='ocrx_word' id='word_1_438' title='bbox 1340 3463 1393 3509; x_wconf 92' lang='lat' dir='ltr'><strong>et</strong></span> <span class='ocrx_word' id='word_1_439' title='bbox 1439 3455 1504 3509; x_wconf 83' lang='lat' dir='ltr'><strong>ad</strong></span> <span class='ocrx_word' id='word_1_440' title='bbox 1532 3456 1884 3513; x_wconf 76' lang='lat' dir='ltr'><strong>dilectionem</strong></span> <span class='ocrx_word' id='word_1_441' title='bbox 1939 3458 2079 3514; x_wconf 92' lang='lat' dir='ltr'><strong>forte</strong></span> <span class='ocrx_word' id='word_1_442' title='bbox 2111 3462 2312 3516; x_wconf 89' lang='lat' dir='ltr'><strong>mortui</strong></span> 
     </span>
    </p>
   </div>
   <div class='ocr_carea' id='block_1_66' title="bbox 736 3544 2314 3621">
    <p class='ocr_par' dir='ltr' id='par_1_66' title="bbox 736 3544 2314 3621">
     <span class='ocr_line' id='line_1_66' title="bbox 736 3544 2314 3621; baseline 0.006 -23"><span class='ocrx_word' id='word_1_443' title='bbox 736 3545 894 3608; x_wconf 59' lang='lat' dir='ltr'><strong>estis,</strong></span> <span class='ocrx_word' id='word_1_444' title='bbox 940 3544 1103 3599; x_wconf 85' lang='lat' dir='ltr'><strong>sinite</strong></span> <span class='ocrx_word' id='word_1_445' title='bbox 1154 3560 1241 3600; x_wconf 90' lang='lat' dir='ltr'><strong>me</strong></span> <span class='ocrx_word' id='word_1_446' title='bbox 1270 3547 1421 3601; x_wconf 85' lang='lat' dir='ltr'><strong>brevi</strong></span> <span class='ocrx_word' id='word_1_447' title='bbox 1453 3548 1637 3603; x_wconf 90' lang='lat' dir='ltr'><strong>vivere</strong></span> <span class='ocrx_word' id='word_1_448' title='bbox 1669 3559 1936 3620; x_wconf 85' lang='lat' dir='ltr'><strong>tempore,</strong></span> <span class='ocrx_word' id='word_1_449' title='bbox 1987 3567 2099 3621; x_wconf 89' lang='lat' dir='ltr'><strong>quo</strong></span> <span class='ocrx_word' id='word_1_450' title='bbox 2133 3553 2314 3607; x_wconf 78' lang='lat' dir='ltr'><strong>vietu-</strong></span> 
     </span>
    </p>
   </div>
   <div class='ocr_carea' id='block_1_67' title="bbox 740 3637 2313 3702">
    <p class='ocr_par' dir='ltr' id='par_1_67' title="bbox 740 3637 2313 3702">
     <span class='ocr_line' id='line_1_67' title="bbox 740 3637 2313 3702; baseline 0.01 -16"><span class='ocrx_word' id='word_1_451' title='bbox 740 3650 837 3689; x_wconf 84' lang='lat' dir='ltr'><strong>rus</strong></span> <span class='ocrx_word' id='word_1_452' title='bbox 862 3651 1008 3700; x_wconf 87' lang='lat' dir='ltr'><strong>sum,</strong></span> <span class='ocrx_word' id='word_1_453' title='bbox 1056 3637 1139 3691; x_wconf 89' lang='lat' dir='ltr'><strong>vel</strong></span> <span class='ocrx_word' id='word_1_454' title='bbox 1184 3638 1351 3693; x_wconf 89' lang='lat' dir='ltr'><strong>citius</strong></span> <span class='ocrx_word' id='word_1_455' title='bbox 1400 3639 1577 3696; x_wconf 89' lang='lat' dir='ltr'><strong>tollite</strong></span> <span class='ocrx_word' id='word_1_456' title='bbox 1638 3656 1723 3695; x_wconf 90' lang='lat' dir='ltr'><strong>me</strong></span> <span class='ocrx_word' id='word_1_457' title='bbox 1772 3641 1841 3696; x_wconf 87' lang='lat' dir='ltr'><strong>de</strong></span> <span class='ocrx_word' id='word_1_458' title='bbox 1877 3643 2012 3697; x_wconf 89' lang='lat' dir='ltr'><strong>vita.</strong></span> <span class='ocrx_word' id='word_1_459' title='bbox 2049 3643 2313 3702; x_wconf 87' lang='lat' dir='ltr'><strong>Dimittite</strong></span> 
     </span>
    </p>
   </div>
   <div class='ocr_carea' id='block_1_68' title="bbox 738 3728 2313 3803">
    <p class='ocr_par' dir='ltr' id='par_1_68' title="bbox 738 3728 2313 3803">
     <span class='ocr_line' id='line_1_68' title="bbox 738 3728 2313 3803; baseline 0.007 -22"><span class='ocrx_word' id='word_1_460' title='bbox 738 3728 999 3783; x_wconf 85' lang='lat' dir='ltr'><strong>calcaneo</strong></span> <span class='ocrx_word' id='word_1_461' title='bbox 1035 3728 1165 3783; x_wconf 84' lang='lat' dir='ltr'><strong>mihi</strong></span> <span class='ocrx_word' id='word_1_462' title='bbox 1192 3728 1465 3793; x_wconf 87' lang='lat' dir='ltr'><strong>insidiari,</strong></span> <span class='ocrx_word' id='word_1_463' title='bbox 1502 3733 1765 3794; x_wconf 87' lang='lat' dir='ltr'><strong>scientes,</strong></span> <span class='ocrx_word' id='word_1_464' title='bbox 1796 3736 2138 3803; x_wconf 68' lang='lat' dir='ltr'><strong>praecipuum</strong></span> <span class='ocrx_word' id='word_1_465' title='bbox 2187 3751 2313 3792; x_wconf 85' lang='lat' dir='ltr'><strong>esse</strong></span> 
     </span>
    </p>
   </div>
   <div class='ocr_carea' id='block_1_69' title="bbox 742 3817 2315 3894">
    <p class='ocr_par' dir='ltr' id='par_1_69' title="bbox 742 3817 2315 3894">
     <span class='ocr_line' id='line_1_69' title="bbox 742 3817 2315 3894; baseline 0.008 -26"><span class='ocrx_word' id='word_1_466' title='bbox 742 3820 809 3869; x_wconf 86' lang='lat' dir='ltr'><strong>ad</strong></span> <span class='ocrx_word' id='word_1_467' title='bbox 842 3817 1122 3871; x_wconf 87' lang='lat' dir='ltr'><strong>interitum</strong></span> <span class='ocrx_word' id='word_1_468' title='bbox 1171 3819 1440 3875; x_wconf 60' lang='lat' dir='ltr'><strong>inhaerere</strong></span> <span class='ocrx_word' id='word_1_469' title='bbox 1499 3821 1677 3886; x_wconf 90' lang='lat' dir='ltr'><strong>cordi,</strong></span> <span class='ocrx_word' id='word_1_470' title='bbox 1736 3823 2060 3894; x_wconf 83' lang='lat' dir='ltr'><strong>visceraque</strong></span> <span class='ocrx_word' id='word_1_471' title='bbox 2108 3826 2315 3881; x_wconf 89' lang='lat' dir='ltr'><strong>dilace-</strong></span> 
     </span>
    </p>
   </div>
   <div class='ocr_carea' id='block_1_70' title="bbox 742 3908 2316 3985">
    <p class='ocr_par' dir='ltr' id='par_1_70' title="bbox 742 3908 2316 3985">
     <span class='ocr_line' id='line_1_70' title="bbox 742 3908 2316 3985; baseline 0.006 -25"><span class='ocrx_word' id='word_1_472' title='bbox 742 3922 869 3962; x_wconf 89' lang='lat' dir='ltr'><strong>rare</strong></span> <span class='ocrx_word' id='word_1_473' title='bbox 917 3916 972 3963; x_wconf 92' lang='lat' dir='ltr'><strong>et</strong></span> <span class='ocrx_word' id='word_1_474' title='bbox 1011 3908 1251 3964; x_wconf 86' lang='lat' dir='ltr'><strong>lambere</strong></span> <span class='ocrx_word' id='word_1_475' title='bbox 1284 3925 1561 3966; x_wconf 88' lang='lat' dir='ltr'><strong>cruorem.</strong></span> <span class='ocrx_word' id='word_1_476' title='bbox 1614 3912 1883 3983; x_wconf 78' lang='lat' dir='ltr'><strong>Cagitate,</strong></span> <span class='ocrx_word' id='word_1_477' title='bbox 1916 3915 2063 3985; x_wconf 85' lang='lat' dir='ltr'><strong>quod</strong></span> <span class='ocrx_word' id='word_1_478' title='bbox 2122 3932 2217 3972; x_wconf 83' lang='lat' dir='ltr'><strong>sex</strong></span> <span class='ocrx_word' id='word_1_479' title='bbox 2261 3926 2316 3970; x_wconf 90' lang='lat' dir='ltr'><strong>ct</strong></span> 
     </span>
    </p>
   </div>
   <div class='ocr_carea' id='block_1_71' title="bbox 744 3999 2315 4071">
    <p class='ocr_par' dir='ltr' id='par_1_71' title="bbox 744 3999 2315 4071">
     <span class='ocr_line' id='line_1_71' title="bbox 744 3999 2315 4071; baseline 0.004 -18"><span class='ocrx_word' id='word_1_480' title='bbox 744 3999 933 4054; x_wconf 87' lang='lat' dir='ltr'><strong>decem</strong></span> <span class='ocrx_word' id='word_1_481' title='bbox 968 4001 1229 4069; x_wconf 87' lang='lat' dir='ltr'><strong>annijam</strong></span> <span class='ocrx_word' id='word_1_482' title='bbox 1262 4009 1411 4067; x_wconf 87' lang='lat' dir='ltr'><strong>sunt,</strong></span> <span class='ocrx_word' id='word_1_483' title='bbox 1442 4004 1643 4071; x_wconf 81' lang='lat' dir='ltr'><strong>quibus</strong></span> <span class='ocrx_word' id='word_1_484' title='bbox 1678 4004 1970 4059; x_wconf 81' lang='lat' dir='ltr'><strong>adversum</strong></span> <span class='ocrx_word' id='word_1_485' title='bbox 2026 4020 2127 4060; x_wconf 88' lang='lat' dir='ltr'><strong>nos</strong></span> <span class='ocrx_word' id='word_1_486' title='bbox 2178 4005 2315 4059; x_wconf 65' lang='lat' dir='ltr'><strong>den-</strong></span> 
     </span>
    </p>
   </div>
   <div class='ocr_carea' id='block_1_72' title="bbox 745 4091 2318 4161">
    <p class='ocr_par' dir='ltr' id='par_1_72' title="bbox 745 4091 2318 4161">
     <span class='ocr_line' id='line_1_72' title="bbox 745 4091 2318 4161; baseline 0.004 -17"><span class='ocrx_word' id='word_1_487' title='bbox 745 4099 828 4145; x_wconf 87' lang='lat' dir='ltr'><strong>tes</strong></span> <span class='ocrx_word' id='word_1_488' title='bbox 854 4092 1075 4145; x_wconf 86' lang='lat' dir='ltr'><strong>acuitis.</strong></span> <span class='ocrx_word' id='word_1_489' title='bbox 1129 4091 1423 4161; x_wconf 86' lang='lat' dir='ltr'><strong>Usquequo</strong></span> <span class='ocrx_word' id='word_1_490' title='bbox 1467 4093 1547 4148; x_wconf 86' lang='lat' dir='ltr'><strong>sic</strong></span> <span class='ocrx_word' id='word_1_491' title='bbox 1578 4094 1892 4150; x_wconf 88' lang='lat' dir='ltr'><strong>laborantes</strong></span> <span class='ocrx_word' id='word_1_492' title='bbox 1925 4097 2318 4152; x_wconf 66' lang='lat' dir='ltr'><strong>sustinebitis?</strong></span> 
     </span>
    </p>
   </div>
   <div class='ocr_carea' id='block_1_73' title="bbox 746 4182 2320 4252">
    <p class='ocr_par' dir='ltr' id='par_1_73' title="bbox 746 4182 2320 4252">
     <span class='ocr_line' id='line_1_73' title="bbox 746 4182 2320 4252; baseline 0.004 -16"><span class='ocrx_word' id='word_1_493' title='bbox 746 4182 907 4246; x_wconf 81' lang='lat' dir='ltr'><strong>Ecce,</strong></span> <span class='ocrx_word' id='word_1_494' title='bbox 933 4193 1052 4252; x_wconf 87' lang='lat' dir='ltr'><strong>post</strong></span> <span class='ocrx_word' id='word_1_495' title='bbox 1068 4184 1309 4251; x_wconf 86' lang='lat' dir='ltr'><strong>jndicem</strong></span> <span class='ocrx_word' id='word_1_496' title='bbox 1333 4186 1654 4249; x_wconf 81' lang='lat' dir='ltr'><strong>maximum,</strong></span> <span class='ocrx_word' id='word_1_497' title='bbox 1675 4190 1955 4244; x_wconf 70' lang='lat' dir='ltr'><strong>emlestem</strong></span> <span class='ocrx_word' id='word_1_498' title='bbox 1973 4190 2119 4251; x_wconf 89' lang='lat' dir='ltr'><strong>dico.</strong></span> <span class='ocrx_word' id='word_1_499' title='bbox 2144 4206 2229 4243; x_wconf 91' lang='lat' dir='ltr'><strong>ma</strong></span> <span class='ocrx_word' id='word_1_500' title='bbox 2241 4191 2320 4243; x_wconf 73' lang='lat' dir='ltr'><strong>xi-</strong></span> 
     </span>
    </p>
   </div>
   <div class='ocr_carea' id='block_1_74' title="bbox 749 4276 2318 4349">
    <p class='ocr_par' dir='ltr' id='par_1_74' title="bbox 749 4276 2318 4349">
     <span class='ocr_line' id='line_1_74' title="bbox 749 4276 2318 4349; baseline 0.008 -23"><span class='ocrx_word' id='word_1_501' title='bbox 749 4291 871 4330; x_wconf 90' lang='lat' dir='ltr'><strong>mus</strong></span> <span class='ocrx_word' id='word_1_502' title='bbox 900 4276 954 4329; x_wconf 91' lang='lat' dir='ltr'><strong>in</strong></span> <span class='ocrx_word' id='word_1_503' title='bbox 988 4277 1071 4332; x_wconf 87' lang='lat' dir='ltr'><strong>bis</strong></span> <span class='ocrx_word' id='word_1_504' title='bbox 1105 4279 1197 4346; x_wconf 85' lang='lat' dir='ltr'><strong>qui</strong></span> <span class='ocrx_word' id='word_1_505' title='bbox 1228 4288 1353 4332; x_wconf 88' lang='lat' dir='ltr'><strong>sunt</strong></span> <span class='ocrx_word' id='word_1_506' title='bbox 1392 4294 1558 4349; x_wconf 88' lang='lat' dir='ltr'><strong>super</strong></span> <span class='ocrx_word' id='word_1_507' title='bbox 1601 4290 1802 4335; x_wconf 89' lang='lat' dir='ltr'><strong>terram</strong></span> <span class='ocrx_word' id='word_1_508' title='bbox 1842 4300 1856 4337; x_wconf 87' lang='lat'><strong>:</strong></span> <span class='ocrx_word' id='word_1_509' title='bbox 1888 4284 1941 4338; x_wconf 92' lang='lat' dir='ltr'><strong>in</strong></span> <span class='ocrx_word' id='word_1_510' title='bbox 1986 4298 2211 4338; x_wconf 87' lang='lat' dir='ltr'><strong>causam</strong></span> <span class='ocrx_word' id='word_1_511' title='bbox 2246 4282 2318 4338; x_wconf 84' lang='lat' dir='ltr'><strong>ad</strong></span> 
     </span>
    </p>
   </div>
   <div class='ocr_carea' id='block_1_75' title="bbox 750 4365 2317 4439">
    <p class='ocr_par' dir='ltr' id='par_1_75' title="bbox 750 4365 2317 4439">
     <span class='ocr_line' id='line_1_75' title="bbox 750 4365 2317 4439; baseline 0.007 -21"><span class='ocrx_word' id='word_1_512' title='bbox 750 4365 903 4418; x_wconf 91' lang='lat' dir='ltr'><strong>illum</strong></span> <span class='ocrx_word' id='word_1_513' title='bbox 952 4367 1306 4422; x_wconf 89' lang='lat' dir='ltr'><strong>adducendus</strong></span> <span class='ocrx_word' id='word_1_514' title='bbox 1338 4380 1421 4423; x_wconf 90' lang='lat' dir='ltr'><strong>est</strong></span> <span class='ocrx_word' id='word_1_515' title='bbox 1478 4371 1658 4425; x_wconf 79' lang='lat' dir='ltr'><strong>malus</strong></span> <span class='ocrx_word' id='word_1_516' title='bbox 1703 4370 2123 4427; x_wconf 86' lang='lat' dir='ltr'><strong>arehisacerdos</strong></span> <span class='ocrx_word' id='word_1_517' title='bbox 2184 4374 2317 4439; x_wconf 87' lang='lat' dir='ltr'><strong>ille,</strong></span> 
     </span>
    </p>
   </div>
   <div class='ocr_carea' id='block_1_76' title="bbox 2414 3268 3994 3346">
    <p class='ocr_par' dir='ltr' id='par_1_76' title="bbox 2414 3268 3994 3346">
     <span class='ocr_line' id='line_1_76' title="bbox 2414 3268 3994 3346; baseline -0.008 -15"><span class='ocrx_word' id='word_1_518' title='bbox 2414 3277 2655 3346; x_wconf 83' lang='grc' dir='ltr'><strong>τώμενος</strong></span> <span class='ocrx_word' id='word_1_519' title='bbox 2684 3275 2956 3338; x_wconf 84' lang='grc' dir='ltr'><strong>ἀπειλαῖς,</strong></span> <span class='ocrx_word' id='word_1_520' title='bbox 3015 3272 3310 3327; x_wconf 73' lang='grc' dir='ltr'><strong>καὶταῦτα</strong></span> <span class='ocrx_word' id='word_1_521' title='bbox 3340 3273 3463 3336; x_wconf 87' lang='grc' dir='ltr'><strong>ταῖς</strong></span> <span class='ocrx_word' id='word_1_522' title='bbox 3506 3271 3630 3340; x_wconf 67' lang='grc' dir='ltr'><strong>ἐμοὶ</strong></span> <span class='ocrx_word' id='word_1_523' title='bbox 3674 3268 3994 3338; x_wconf 75' lang='grc' dir='ltr'><strong>μεγίσταις,</strong></span> 
     </span>
    </p>
   </div>
   <div class='ocr_carea' id='block_1_77' title="bbox 2414 3361 3992 3439">
    <p class='ocr_par' dir='ltr' id='par_1_77' title="bbox 2414 3361 3992 3439">
     <span class='ocr_line' id='line_1_77' title="bbox 2414 3361 3992 3439; baseline -0.006 -16"><span class='ocrx_word' id='word_1_524' title='bbox 2414 3369 2654 3439; x_wconf 76' lang='grc' dir='ltr'><strong>ἀδελφοί.</strong></span> <span class='ocrx_word' id='word_1_525' title='bbox 2698 3369 2757 3421; x_wconf 84' lang='lat'><strong>&#39;0</strong></span> <span class='ocrx_word' id='word_1_526' title='bbox 2782 3364 2886 3431; x_wconf 78' lang='grc' dir='ltr'><strong>εἷς,</strong></span> <span class='ocrx_word' id='word_1_527' title='bbox 2921 3367 2972 3419; x_wconf 76' lang='grc' dir='ltr'><strong>οἱ</strong></span> <span class='ocrx_word' id='word_1_528' title='bbox 2998 3366 3114 3430; x_wconf 75' lang='grc' dir='ltr'><strong>δύο,</strong></span> <span class='ocrx_word' id='word_1_529' title='bbox 3143 3367 3193 3418; x_wconf 77' lang='lat' dir='ltr'><strong>oi</strong></span> <span class='ocrx_word' id='word_1_530' title='bbox 3221 3366 3392 3435; x_wconf 82' lang='grc' dir='ltr'><strong>τρεῖς,</strong></span> <span class='ocrx_word' id='word_1_531' title='bbox 3426 3365 3474 3417; x_wconf 84' lang='grc' dir='ltr'><strong>οί</strong></span> <span class='ocrx_word' id='word_1_532' title='bbox 3509 3361 3717 3415; x_wconf 78' lang='grc' dir='ltr'><strong>τούτων</strong></span> <span class='ocrx_word' id='word_1_533' title='bbox 3746 3363 3992 3423; x_wconf 73' lang='grc' dir='ltr'><strong>τελείους.</strong></span> 
     </span>
    </p>
   </div>
   <div class='ocr_carea' id='block_1_78' title="bbox 2414 3454 3999 3531">
    <p class='ocr_par' dir='ltr' id='par_1_78' title="bbox 2414 3454 3999 3531">
     <span class='ocr_line' id='line_1_78' title="bbox 2414 3454 3999 3531; baseline -0.005 -15"><span class='ocrx_word' id='word_1_534' title='bbox 2414 3464 2462 3517; x_wconf 75' lang='grc' dir='ltr'><strong>οἱ</strong></span> <span class='ocrx_word' id='word_1_535' title='bbox 2495 3463 2646 3531; x_wconf 71' lang='grc' dir='ltr'><strong>παρὰ</strong></span> <span class='ocrx_word' id='word_1_536' title='bbox 2676 3461 2738 3513; x_wconf 82' lang='grc' dir='ltr'><strong>τδ</strong></span> <span class='ocrx_word' id='word_1_537' title='bbox 2764 3460 2883 3514; x_wconf 77' lang='grc' dir='ltr'><strong>δέον</strong></span> <span class='ocrx_word' id='word_1_538' title='bbox 2916 3458 3110 3527; x_wconf 78' lang='grc' dir='ltr'><strong>θερμοὶ</strong></span> <span class='ocrx_word' id='word_1_539' title='bbox 3142 3458 3198 3521; x_wconf 88' lang='grc' dir='ltr'><strong>ἐς</strong></span> <span class='ocrx_word' id='word_1_540' title='bbox 3222 3457 3416 3528; x_wconf 76' lang='grc' dir='ltr'><strong>ὀργὴν,</strong></span> <span class='ocrx_word' id='word_1_541' title='bbox 3448 3457 3499 3509; x_wconf 80' lang='grc' dir='ltr'><strong>οῖ</strong></span> <span class='ocrx_word' id='word_1_542' title='bbox 3527 3455 3596 3509; x_wconf 70' lang='grc' dir='ltr'><strong>τὰ</strong></span> <span class='ocrx_word' id='word_1_543' title='bbox 3647 3454 3750 3525; x_wconf 82' lang='grc' dir='ltr'><strong>μὲν</strong></span> <span class='ocrx_word' id='word_1_544' title='bbox 3770 3455 3829 3517; x_wconf 84' lang='grc' dir='ltr'><strong>ἐς</strong></span> <span class='ocrx_word' id='word_1_545' title='bbox 3859 3455 3999 3521; x_wconf 78' lang='grc' dir='ltr'><strong>ἀγά-</strong></span> 
     </span>
    </p>
   </div>
   <div class='ocr_carea' id='block_1_79' title="bbox 2417 3547 3995 3624">
    <p class='ocr_par' dir='ltr' id='par_1_79' title="bbox 2417 3547 3995 3624">
     <span class='ocr_line' id='line_1_79' title="bbox 2417 3547 3995 3624; baseline -0.006 -17"><span class='ocrx_word' id='word_1_546' title='bbox 2417 3573 2527 3624; x_wconf 85' lang='grc' dir='ltr'><strong>πην</strong></span> <span class='ocrx_word' id='word_1_547' title='bbox 2560 3553 2778 3624; x_wconf 74' lang='grc' dir='ltr'><strong>ψυχροὶ,</strong></span> <span class='ocrx_word' id='word_1_548' title='bbox 2826 3551 2893 3605; x_wconf 67' lang='grc' dir='ltr'><strong>τὰ</strong></span> <span class='ocrx_word' id='word_1_549' title='bbox 2936 3550 2993 3603; x_wconf 85' lang='grc' dir='ltr'><strong>δέ</strong></span> <span class='ocrx_word' id='word_1_550' title='bbox 3050 3552 3108 3612; x_wconf 87' lang='grc' dir='ltr'><strong>ἐς</strong></span> <span class='ocrx_word' id='word_1_551' title='bbox 3161 3548 3348 3618; x_wconf 76' lang='grc' dir='ltr'><strong>φιλίαν</strong></span> <span class='ocrx_word' id='word_1_552' title='bbox 3382 3548 3593 3618; x_wconf 80' lang='grc' dir='ltr'><strong>μήποτε</strong></span> <span class='ocrx_word' id='word_1_553' title='bbox 3628 3548 3724 3601; x_wconf 82' lang='grc' dir='ltr'><strong>καὶ</strong></span> <span class='ocrx_word' id='word_1_554' title='bbox 3770 3547 3995 3615; x_wconf 77' lang='grc' dir='ltr'><strong>νεκροί·</strong></span> 
     </span>
    </p>
   </div>
   <div class='ocr_carea' id='block_1_80' title="bbox 2415 3638 3992 3713">
    <p class='ocr_par' dir='ltr' id='par_1_80' title="bbox 2415 3638 3992 3713">
     <span class='ocr_line' id='line_1_80' title="bbox 2415 3638 3992 3713; baseline -0.004 -16"><span class='ocrx_word' id='word_1_555' title='bbox 2415 3644 2582 3713; x_wconf 78' lang='grc' dir='ltr'><strong>ἄφετέ</strong></span> <span class='ocrx_word' id='word_1_556' title='bbox 2612 3661 2679 3713; x_wconf 89' lang='grc' dir='ltr'><strong>με</strong></span> <span class='ocrx_word' id='word_1_557' title='bbox 2732 3642 2834 3713; x_wconf 76' lang='grc' dir='ltr'><strong>ζῇν</strong></span> <span class='ocrx_word' id='word_1_558' title='bbox 2877 3641 2970 3695; x_wconf 81' lang='grc' dir='ltr'><strong>τὸν</strong></span> <span class='ocrx_word' id='word_1_559' title='bbox 3014 3640 3220 3710; x_wconf 80' lang='grc' dir='ltr'><strong>βραχὺν</strong></span> <span class='ocrx_word' id='word_1_560' title='bbox 3252 3640 3463 3709; x_wconf 73' lang='grc' dir='ltr'><strong>χρόνον,</strong></span> <span class='ocrx_word' id='word_1_561' title='bbox 3522 3639 3583 3692; x_wconf 79' lang='grc' dir='ltr'><strong>ὃν</strong></span> <span class='ocrx_word' id='word_1_562' title='bbox 3629 3639 3927 3708; x_wconf 74' lang='grc' dir='ltr'><strong>βιώσομαι,</strong></span> <span class='ocrx_word' id='word_1_563' title='bbox 3962 3638 3992 3703; x_wconf 73' lang='grc' dir='ltr'><strong>ἢ</strong></span> 
     </span>
    </p>
   </div>
   <div class='ocr_carea' id='block_1_81' title="bbox 2416 3729 3996 3804">
    <p class='ocr_par' dir='ltr' id='par_1_81' title="bbox 2416 3729 3996 3804">
     <span class='ocr_line' id='line_1_81' title="bbox 2416 3729 3996 3804; baseline -0.004 -15"><span class='ocrx_word' id='word_1_564' title='bbox 2416 3736 2553 3790; x_wconf 82' lang='grc' dir='ltr'><strong>ἀλλά</strong></span> <span class='ocrx_word' id='word_1_565' title='bbox 2573 3736 2759 3804; x_wconf 81' lang='grc' dir='ltr'><strong>τάχιον</strong></span> <span class='ocrx_word' id='word_1_566' title='bbox 2791 3733 3106 3801; x_wconf 81' lang='grc' dir='ltr'><strong>ἀπαγάγετέ</strong></span> <span class='ocrx_word' id='word_1_567' title='bbox 3140 3748 3208 3801; x_wconf 85' lang='grc' dir='ltr'><strong>με</strong></span> <span class='ocrx_word' id='word_1_568' title='bbox 3259 3729 3354 3784; x_wconf 82' lang='grc' dir='ltr'><strong>τοῦ</strong></span> <span class='ocrx_word' id='word_1_569' title='bbox 3396 3730 3539 3801; x_wconf 84' lang='grc' dir='ltr'><strong>βίου.</strong></span> <span class='ocrx_word' id='word_1_570' title='bbox 3573 3731 3776 3798; x_wconf 68' lang='grc' dir='ltr'><strong>Ἅφετε</strong></span> <span class='ocrx_word' id='word_1_571' title='bbox 3804 3732 3996 3799; x_wconf 83' lang='grc' dir='ltr'><strong>τηρεῖν</strong></span> 
     </span>
    </p>
   </div>
   <div class='ocr_carea' id='block_1_82' title="bbox 2420 3817 3997 3898">
    <p class='ocr_par' dir='ltr' id='par_1_82' title="bbox 2420 3817 3997 3898">
     <span class='ocr_line' id='line_1_82' title="bbox 2420 3817 3997 3898; baseline -0.006 -18"><span class='ocrx_word' id='word_1_572' title='bbox 2420 3846 2510 3898; x_wconf 90' lang='grc' dir='ltr'><strong>μοι</strong></span> <span class='ocrx_word' id='word_1_573' title='bbox 2550 3826 2646 3897; x_wconf 86' lang='grc' dir='ltr'><strong>τὴν</strong></span> <span class='ocrx_word' id='word_1_574' title='bbox 2678 3826 2936 3895; x_wconf 78' lang='grc' dir='ltr'><strong>πτέρναν,</strong></span> <span class='ocrx_word' id='word_1_575' title='bbox 2967 3824 3168 3886; x_wconf 63' lang='grc' dir='ltr'><strong>εἰδᾶτες</strong></span> <span class='ocrx_word' id='word_1_576' title='bbox 3213 3821 3425 3891; x_wconf 86' lang='grc' dir='ltr'><strong>καίριον</strong></span> <span class='ocrx_word' id='word_1_577' title='bbox 3469 3817 3612 3874; x_wconf 78' lang='grc' dir='ltr'><strong>εἷναι</strong></span> <span class='ocrx_word' id='word_1_578' title='bbox 3642 3824 3723 3884; x_wconf 85' lang='grc' dir='ltr'><strong>είς</strong></span> <span class='ocrx_word' id='word_1_579' title='bbox 3773 3821 3997 3890; x_wconf 64' lang='grc' dir='ltr'><strong>δλεθρον</strong></span> 
     </span>
    </p>
   </div>
   <div class='ocr_carea' id='block_1_83' title="bbox 2418 3914 3999 3990">
    <p class='ocr_par' dir='ltr' id='par_1_83' title="bbox 2418 3914 3999 3990">
     <span class='ocr_line' id='line_1_83' title="bbox 2418 3914 3999 3990; baseline -0.004 -17"><span class='ocrx_word' id='word_1_580' title='bbox 2418 3921 2656 3990; x_wconf 77' lang='grc' dir='ltr'><strong>ἐμφῦναι</strong></span> <span class='ocrx_word' id='word_1_581' title='bbox 2707 3920 2773 3988; x_wconf 77' lang='grc' dir='ltr'><strong>τῇ</strong></span> <span class='ocrx_word' id='word_1_582' title='bbox 2828 3917 3026 3988; x_wconf 76' lang='grc' dir='ltr'><strong>καρδίᾳ</strong></span> <span class='ocrx_word' id='word_1_583' title='bbox 3082 3918 3178 3970; x_wconf 69' lang='grc' dir='ltr'><strong>καὶ</strong></span> <span class='ocrx_word' id='word_1_584' title='bbox 3213 3917 3493 3985; x_wconf 77' lang='grc' dir='ltr'><strong>σπαράξαι</strong></span> <span class='ocrx_word' id='word_1_585' title='bbox 3535 3914 3844 3983; x_wconf 73' lang='grc' dir='ltr'><strong>σπλάγχνα,</strong></span> <span class='ocrx_word' id='word_1_586' title='bbox 3905 3920 3999 3970; x_wconf 81' lang='grc' dir='ltr'><strong>και</strong></span> 
     </span>
    </p>
   </div>
   <div class='ocr_carea' id='block_1_84' title="bbox 2417 4006 3998 4077">
    <p class='ocr_par' dir='ltr' id='par_1_84' title="bbox 2417 4006 3998 4077">
     <span class='ocr_line' id='line_1_84' title="bbox 2417 4006 3998 4077; baseline -0.003 -13"><span class='ocrx_word' id='word_1_587' title='bbox 2417 4012 2645 4064; x_wconf 81' lang='grc' dir='ltr'><strong>λάπτειν</strong></span> <span class='ocrx_word' id='word_1_588' title='bbox 2693 4008 2945 4077; x_wconf 83' lang='grc' dir='ltr'><strong>αἵματος.</strong></span> <span class='ocrx_word' id='word_1_589' title='bbox 2973 4006 3183 4061; x_wconf 78' lang='grc' dir='ltr'><strong>Λάσετε</strong></span> <span class='ocrx_word' id='word_1_590' title='bbox 3210 4007 3355 4060; x_wconf 88' lang='grc' dir='ltr'><strong>κατά</strong></span> <span class='ocrx_word' id='word_1_591' title='bbox 3378 4006 3524 4069; x_wconf 72' lang='grc' dir='ltr'><strong>νοῦν,</strong></span> <span class='ocrx_word' id='word_1_592' title='bbox 3553 4007 3636 4059; x_wconf 82' lang='grc' dir='ltr'><strong>ὅτι</strong></span> <span class='ocrx_word' id='word_1_593' title='bbox 3679 4006 3864 4075; x_wconf 50' lang='lat' dir='ltr'><strong>Eii-.31;</strong></span> <span class='ocrx_word' id='word_1_594' title='bbox 3899 4025 3998 4059; x_wconf 61' lang='grc' dir='ltr'><strong>που</strong></span> 
     </span>
    </p>
   </div>
   <div class='ocr_carea' id='block_1_85' title="bbox 2419 4093 4001 4168">
    <p class='ocr_par' dir='ltr' id='par_1_85' title="bbox 2419 4093 4001 4168">
     <span class='ocr_line' id='line_1_85' title="bbox 2419 4093 4001 4168; baseline -0.003 -12"><span class='ocrx_word' id='word_1_595' title='bbox 2419 4104 2514 4157; x_wconf 77' lang='grc' dir='ltr'><strong>καὶ</strong></span> <span class='ocrx_word' id='word_1_596' title='bbox 2540 4103 2672 4156; x_wconf 83' lang='grc' dir='ltr'><strong>δέκα</strong></span> <span class='ocrx_word' id='word_1_597' title='bbox 2701 4101 2962 4159; x_wconf 80' lang='grc' dir='ltr'><strong>ἐνιαυτοὶ.</strong></span> <span class='ocrx_word' id='word_1_598' title='bbox 2981 4101 3039 4152; x_wconf 83' lang='grc' dir='ltr'><strong>ἐν</strong></span> <span class='ocrx_word' id='word_1_599' title='bbox 3078 4093 3160 4163; x_wconf 78' lang='grc' dir='ltr'><strong>οἷς</strong></span> <span class='ocrx_word' id='word_1_600' title='bbox 3194 4098 3316 4153; x_wconf 82' lang='grc' dir='ltr'><strong>καθ’</strong></span> <span class='ocrx_word' id='word_1_601' title='bbox 3344 4097 3499 4168; x_wconf 78' lang='grc' dir='ltr'><strong>ἡμῶν</strong></span> <span class='ocrx_word' id='word_1_602' title='bbox 3529 4097 3838 4160; x_wconf 86' lang='grc' dir='ltr'><strong>ἀκονῶντες</strong></span> <span class='ocrx_word' id='word_1_603' title='bbox 3854 4099 4001 4151; x_wconf 76' lang='grc' dir='ltr'><strong>ὀδὸνο</strong></span> 
     </span>
    </p>
   </div>
   <div class='ocr_carea' id='block_1_86' title="bbox 2419 4190 3993 4263">
    <p class='ocr_par' dir='ltr' id='par_1_86' title="bbox 2419 4190 3993 4263">
     <span class='ocr_line' id='line_1_86' title="bbox 2419 4190 3993 4263; baseline -0.004 -15"><span class='ocrx_word' id='word_1_604' title='bbox 2419 4214 2519 4260; x_wconf 87' lang='grc' dir='ltr'><strong>τας</strong></span> <span class='ocrx_word' id='word_1_605' title='bbox 2543 4196 2783 4262; x_wconf 82' lang='grc' dir='ltr'><strong>ὁξύνετε.</strong></span> <span class='ocrx_word' id='word_1_606' title='bbox 2826 4193 3006 4263; x_wconf 80' lang='grc' dir='ltr'><strong>Μέχρι</strong></span> <span class='ocrx_word' id='word_1_607' title='bbox 3029 4192 3176 4254; x_wconf 89' lang='grc' dir='ltr'><strong>τίνος</strong></span> <span class='ocrx_word' id='word_1_608' title='bbox 3215 4191 3469 4257; x_wconf 73' lang='grc' dir='ltr'><strong>ἀνέξεσθε</strong></span> <span class='ocrx_word' id='word_1_609' title='bbox 3495 4190 3639 4243; x_wconf 74' lang='grc' dir='ltr'><strong>οὕτω</strong></span> <span class='ocrx_word' id='word_1_610' title='bbox 3664 4191 3993 4257; x_wconf 54' lang='grc' dir='ltr'><strong>κάμνοντες</strong></span> 
     </span>
    </p>
   </div>
   <div class='ocr_carea' id='block_1_87' title="bbox 2434 4280 3994 4354">
    <p class='ocr_par' dir='ltr' id='par_1_87' title="bbox 2434 4280 3994 4354">
     <span class='ocr_line' id='line_1_87' title="bbox 2434 4280 3994 4354; baseline -0.007 -15"><span class='ocrx_word' id='word_1_611' title='bbox 2434 4286 2564 4339; x_wconf 78' lang='grc' dir='ltr'><strong>Ἰδοὺ</strong></span> <span class='ocrx_word' id='word_1_612' title='bbox 2620 4284 2822 4354; x_wconf 81' lang='grc' dir='ltr'><strong>ὁμετά</strong></span> <span class='ocrx_word' id='word_1_613' title='bbox 2854 4282 2946 4335; x_wconf 78' lang='grc' dir='ltr'><strong>τὸν</strong></span> <span class='ocrx_word' id='word_1_614' title='bbox 2980 4283 3235 4351; x_wconf 70' lang='grc' dir='ltr'><strong>μέγιστον</strong></span> <span class='ocrx_word' id='word_1_615' title='bbox 3265 4280 3549 4350; x_wconf 75' lang='grc' dir='ltr'><strong>δικαστὴν,</strong></span> <span class='ocrx_word' id='word_1_616' title='bbox 3581 4280 3672 4331; x_wconf 66' lang='grc' dir='ltr'><strong>τὸν</strong></span> <span class='ocrx_word' id='word_1_617' title='bbox 3722 4280 3994 4349; x_wconf 69' lang='grc' dir='ltr'><strong>οὐράνιον,</strong></span> 
     </span>
    </p>
   </div>
   <div class='ocr_carea' id='block_1_88' title="bbox 2425 4370 3997 4445">
    <p class='ocr_par' dir='ltr' id='par_1_88' title="bbox 2425 4370 3997 4445">
     <span class='ocr_line' id='line_1_88' title="bbox 2425 4370 3997 4445; baseline -0.005 -17"><span class='ocrx_word' id='word_1_618' title='bbox 2425 4376 2678 4445; x_wconf 80' lang='grc' dir='ltr'><strong>μέγιστος</strong></span> <span class='ocrx_word' id='word_1_619' title='bbox 2734 4374 2792 4426; x_wconf 82' lang='grc' dir='ltr'><strong>ἐν</strong></span> <span class='ocrx_word' id='word_1_620' title='bbox 2843 4374 2956 4434; x_wconf 83' lang='grc' dir='ltr'><strong>τοῖς</strong></span> <span class='ocrx_word' id='word_1_621' title='bbox 2987 4372 3081 4425; x_wconf 75' lang='grc' dir='ltr'><strong>ἐπὶ</strong></span> <span class='ocrx_word' id='word_1_622' title='bbox 3140 4371 3244 4439; x_wconf 78' lang='grc' dir='ltr'><strong>γῆς</strong></span> <span class='ocrx_word' id='word_1_623' title='bbox 3276 4372 3472 4423; x_wconf 76' lang='grc' dir='ltr'><strong>ἀκτέον</strong></span> <span class='ocrx_word' id='word_1_624' title='bbox 3525 4370 3656 4439; x_wconf 84' lang='grc' dir='ltr'><strong>παρ’</strong></span> <span class='ocrx_word' id='word_1_625' title='bbox 3684 4370 3880 4439; x_wconf 83' lang='grc' dir='ltr'><strong>ἐκείνῳ</strong></span> <span class='ocrx_word' id='word_1_626' title='bbox 3910 4370 3997 4421; x_wconf 69' lang='grc' dir='ltr'><strong>τὶν</strong></span> 
     </span>
    </p>
   </div>
   <div class='ocr_carea' id='block_1_89' title="bbox 749 4459 2306 4535">
    <p class='ocr_par' dir='ltr' id='par_1_89' title="bbox 749 4459 2306 4534">
     <span class='ocr_line' id='line_1_89' title="bbox 749 4459 2306 4534; baseline 0.004 -24"><span class='ocrx_word' id='word_1_627' title='bbox 749 4459 842 4527; x_wconf 89' lang='lat' dir='ltr'><strong>qui</strong></span> <span class='ocrx_word' id='word_1_628' title='bbox 880 4473 975 4512; x_wconf 86' lang='lat' dir='ltr'><strong>vos</strong></span> <span class='ocrx_word' id='word_1_629' title='bbox 1035 4460 1301 4525; x_wconf 77' lang='lat' dir='ltr'><strong>excoriat,</strong></span> <span class='ocrx_word' id='word_1_630' title='bbox 1339 4461 1432 4530; x_wconf 87' lang='lat' dir='ltr'><strong>qui</strong></span> <span class='ocrx_word' id='word_1_631' title='bbox 1488 4461 1656 4526; x_wconf 71' lang='lat' dir='ltr'><strong>laedit,</strong></span> <span class='ocrx_word' id='word_1_632' title='bbox 1715 4464 1810 4533; x_wconf 89' lang='lat' dir='ltr'><strong>qui</strong></span> <span class='ocrx_word' id='word_1_633' title='bbox 1862 4464 2181 4533; x_wconf 84' lang='lat' dir='ltr'><strong>injuriatur,</strong></span> <span class='ocrx_word' id='word_1_634' title='bbox 2223 4466 2306 4534; x_wconf 82' lang='lat' dir='ltr'><strong>qui</strong></span> 
     </span>
    </p>
   </div>
   <div class='ocr_carea' id='block_1_90' title="bbox 2405 4459 3992 4535">
    <p class='ocr_par' dir='ltr' id='par_1_90' title="bbox 2422 4460 3992 4535">
     <span class='ocr_line' id='line_1_90' title="bbox 2422 4460 3992 4535; baseline -0.005 -16"><span class='ocrx_word' id='word_1_635' title='bbox 2422 4466 2589 4519; x_wconf 69' lang='grc' dir='ltr'><strong>κακὸν</strong></span> <span class='ocrx_word' id='word_1_636' title='bbox 2615 4462 2897 4535; x_wconf 78' lang='grc' dir='ltr'><strong>ἀρχιερέα,</strong></span> <span class='ocrx_word' id='word_1_637' title='bbox 2926 4462 3020 4516; x_wconf 76' lang='grc' dir='ltr'><strong>τὸν</strong></span> <span class='ocrx_word' id='word_1_638' title='bbox 3039 4461 3339 4514; x_wconf 85' lang='grc' dir='ltr'><strong>σκύλλοντα</strong></span> <span class='ocrx_word' id='word_1_639' title='bbox 3367 4462 3532 4529; x_wconf 77' lang='grc' dir='ltr'><strong>ὑμᾶς.</strong></span> <span class='ocrx_word' id='word_1_640' title='bbox 3551 4462 3641 4513; x_wconf 73' lang='grc' dir='ltr'><strong>τὸν</strong></span> <span class='ocrx_word' id='word_1_641' title='bbox 3669 4460 3992 4527; x_wconf 71' lang='grc' dir='ltr'><strong>βλάπτοντα,</strong></span> 
     </span>
    </p>
   </div>
   <div class='ocr_carea' id='block_1_91' title="bbox 752 4530 2306 4621">
    <p class='ocr_par' dir='ltr' id='par_1_91' title="bbox 752 4530 2306 4621">
     <span class='ocr_line' id='line_1_91' title="bbox 752 4530 2306 4621; baseline 0.004 -18"><span class='ocrx_word' id='word_1_642' title='bbox 752 4551 915 4619; x_wconf 78' lang='lat' dir='ltr'><strong>rapit,</strong></span> <span class='ocrx_word' id='word_1_643' title='bbox 966 4552 1058 4621; x_wconf 88' lang='lat' dir='ltr'><strong>qui</strong></span> <span class='ocrx_word' id='word_1_644' title='bbox 1099 4553 1471 4621; x_wconf 85' lang='lat' dir='ltr'><strong>quodcunque</strong></span> <span class='ocrx_word' id='word_1_645' title='bbox 1519 4530 1929 4611; x_wconf 43' lang='lat' dir='ltr'><strong>malum—facit.</strong></span> <span class='ocrx_word' id='word_1_646' title='bbox 1956 4555 2022 4610; x_wconf 85' lang='lat' dir='ltr'><strong>Et</strong></span> <span class='ocrx_word' id='word_1_647' title='bbox 2079 4557 2171 4611; x_wconf 89' lang='lat' dir='ltr'><strong>ille</strong></span> <span class='ocrx_word' id='word_1_648' title='bbox 2204 4530 2306 4609; x_wconf 70' lang='lat' dir='ltr'><strong>nia-</strong></span> 
     </span>
    </p>
   </div>
   <div class='ocr_carea' id='block_1_92' title="bbox 2405 4530 3995 4621">
    <p class='ocr_par' dir='ltr' id='par_1_92' title="bbox 2424 4547 3995 4620">
     <span class='ocr_line' id='line_1_92' title="bbox 2424 4547 3995 4620; baseline -0.008 -11"><span class='ocrx_word' id='word_1_649' title='bbox 2424 4557 2515 4609; x_wconf 81' lang='grc' dir='ltr'><strong>τὸν</strong></span> <span class='ocrx_word' id='word_1_650' title='bbox 2575 4553 2887 4615; x_wconf 80' lang='grc' dir='ltr'><strong>ἀδικοῦντα,</strong></span> <span class='ocrx_word' id='word_1_651' title='bbox 2949 4551 3043 4604; x_wconf 73' lang='grc' dir='ltr'><strong>τὸν</strong></span> <span class='ocrx_word' id='word_1_652' title='bbox 3088 4548 3429 4620; x_wconf 72' lang='grc' dir='ltr'><strong>ἁρπάζοντα,</strong></span> <span class='ocrx_word' id='word_1_653' title='bbox 3482 4549 3572 4601; x_wconf 75' lang='grc' dir='ltr'><strong>τὸν</strong></span> <span class='ocrx_word' id='word_1_654' title='bbox 3619 4547 3772 4600; x_wconf 73' lang='grc' dir='ltr'><strong>ἅπαν</strong></span> <span class='ocrx_word' id='word_1_655' title='bbox 3828 4548 3995 4601; x_wconf 65' lang='grc' dir='ltr'><strong>κακὸν</strong></span> 
     </span>
    </p>
   </div>
   <div class='ocr_carea' id='block_1_93' title="bbox 751 4636 2306 4715">
    <p class='ocr_par' dir='ltr' id='par_1_93' title="bbox 751 4645 2306 4715">
     <span class='ocr_line' id='line_1_93' title="bbox 751 4645 2306 4715; baseline 0.007 -21"><span class='ocrx_word' id='word_1_656' title='bbox 751 4657 915 4711; x_wconf 78' lang='lat' dir='ltr'><strong>gnum</strong></span> <span class='ocrx_word' id='word_1_657' title='bbox 971 4645 1211 4698; x_wconf 82' lang='lat' dir='ltr'><strong>scandali</strong></span> <span class='ocrx_word' id='word_1_658' title='bbox 1247 4645 1478 4715; x_wconf 82' lang='lat' dir='ltr'><strong>lapidem</strong></span> <span class='ocrx_word' id='word_1_659' title='bbox 1535 4647 1767 4710; x_wconf 81' lang='lat' dir='ltr'><strong>auferet,</strong></span> <span class='ocrx_word' id='word_1_660' title='bbox 1820 4658 1873 4702; x_wconf 91' lang='lat' dir='ltr'><strong>et</strong></span> <span class='ocrx_word' id='word_1_661' title='bbox 1916 4664 2017 4704; x_wconf 85' lang='lat' dir='ltr'><strong>vos</strong></span> <span class='ocrx_word' id='word_1_662' title='bbox 2058 4650 2131 4703; x_wconf 83' lang='lat' dir='ltr'><strong>ita</strong></span> <span class='ocrx_word' id='word_1_663' title='bbox 2174 4661 2306 4705; x_wconf 64' lang='lat' dir='ltr'><strong>recti</strong></span> 
     </span>
    </p>
   </div>
   <div class='ocr_carea' id='block_1_94' title="bbox 2405 4636 3995 4715">
    <p class='ocr_par' dir='ltr' id='par_1_94' title="bbox 2425 4636 3995 4708">
     <span class='ocr_line' id='line_1_94' title="bbox 2425 4636 3995 4708; baseline -0.007 -10"><span class='ocrx_word' id='word_1_664' title='bbox 2425 4644 2706 4698; x_wconf 78' lang='grc' dir='ltr'><strong>ποιοῦντα.</strong></span> <span class='ocrx_word' id='word_1_665' title='bbox 2739 4643 2850 4695; x_wconf 76' lang='grc' dir='ltr'><strong>Καὶ</strong></span> <span class='ocrx_word' id='word_1_666' title='bbox 2896 4642 3104 4702; x_wconf 77' lang='grc' dir='ltr'><strong>ἐκεῖνος</strong></span> <span class='ocrx_word' id='word_1_667' title='bbox 3152 4638 3507 4708; x_wconf 79' lang='grc' dir='ltr'><strong>ἐξαιρήσεται</strong></span> <span class='ocrx_word' id='word_1_668' title='bbox 3531 4638 3591 4689; x_wconf 76' lang='grc' dir='ltr'><strong>τὸ</strong></span> <span class='ocrx_word' id='word_1_669' title='bbox 3643 4637 3791 4706; x_wconf 78' lang='grc' dir='ltr'><strong>μέγα</strong></span> <span class='ocrx_word' id='word_1_670' title='bbox 3830 4636 3995 4705; x_wconf 74' lang='grc' dir='ltr'><strong>πρόε-</strong></span> 
     </span>
    </p>
   </div>
   <div class='ocr_carea' id='block_1_95' title="bbox 753 4729 2306 4809">
    <p class='ocr_par' dir='ltr' id='par_1_95' title="bbox 753 4733 2306 4809">
     <span class='ocr_line' id='line_1_95' title="bbox 753 4733 2306 4809; baseline 0.008 -25"><span class='ocrx_word' id='word_1_671' title='bbox 753 4733 1099 4799; x_wconf 72' lang='lat' dir='ltr'><strong>gradiemini.</strong></span> <span class='ocrx_word' id='word_1_672' title='bbox 1149 4735 1281 4791; x_wconf 86' lang='lat' dir='ltr'><strong>Esto</strong></span> <span class='ocrx_word' id='word_1_673' title='bbox 1303 4737 1552 4806; x_wconf 73' lang='lat' dir='ltr'><strong>quaedam</strong></span> <span class='ocrx_word' id='word_1_674' title='bbox 1582 4746 1637 4792; x_wconf 90' lang='lat' dir='ltr'><strong>et</strong></span> <span class='ocrx_word' id='word_1_675' title='bbox 1663 4753 1730 4792; x_wconf 78' lang='lat' dir='ltr'><strong>ex</strong></span> <span class='ocrx_word' id='word_1_676' title='bbox 1764 4739 1922 4793; x_wconf 89' lang='lat' dir='ltr'><strong>vobis</strong></span> <span class='ocrx_word' id='word_1_677' title='bbox 1957 4744 2150 4808; x_wconf 78' lang='lat' dir='ltr'><strong>gratia.</strong></span> <span class='ocrx_word' id='word_1_678' title='bbox 2178 4756 2306 4809; x_wconf 75' lang='grc' dir='ltr'>(ιιιοι</span> 
     </span>
    </p>
   </div>
   <div class='ocr_carea' id='block_1_96' title="bbox 2405 4729 3998 4809">
    <p class='ocr_par' dir='ltr' id='par_1_96' title="bbox 2426 4729 3998 4806">
     <span class='ocr_line' id='line_1_96' title="bbox 2426 4729 3998 4806; baseline -0.008 -15"><span class='ocrx_word' id='word_1_679' title='bbox 2426 4754 2638 4806; x_wconf 86' lang='grc' dir='ltr'><strong>κομμα,</strong></span> <span class='ocrx_word' id='word_1_680' title='bbox 2675 4735 2769 4788; x_wconf 72' lang='grc' dir='ltr'><strong>καὶ</strong></span> <span class='ocrx_word' id='word_1_681' title='bbox 2820 4734 2977 4804; x_wconf 79' lang='grc' dir='ltr'><strong>ὑμεῖς</strong></span> <span class='ocrx_word' id='word_1_682' title='bbox 3006 4731 3143 4801; x_wconf 75' lang='grc' dir='ltr'><strong>ὀρθὰ</strong></span> <span class='ocrx_word' id='word_1_683' title='bbox 3177 4731 3319 4785; x_wconf 75' lang='grc' dir='ltr'><strong>οὕτω</strong></span> <span class='ocrx_word' id='word_1_684' title='bbox 3369 4730 3634 4796; x_wconf 81' lang='grc' dir='ltr'><strong>βαδίσετε.</strong></span> <span class='ocrx_word' id='word_1_685' title='bbox 3683 4729 3870 4782; x_wconf 85' lang='grc' dir='ltr'><strong>Ἐστω</strong></span> <span class='ocrx_word' id='word_1_686' title='bbox 3920 4744 3998 4789; x_wconf 89' lang='grc' dir='ltr'><strong>τις</strong></span> 
     </span>
    </p>
   </div>
   <div class='ocr_carea' id='block_1_97' title="bbox 752 4819 2306 4899">
    <p class='ocr_par' dir='ltr' id='par_1_97' title="bbox 752 4822 2306 4898">
     <span class='ocr_line' id='line_1_97' title="bbox 752 4822 2306 4898; baseline 0.004 -19"><span class='ocrx_word' id='word_1_687' title='bbox 752 4840 818 4879; x_wconf 82' lang='lat' dir='ltr'><strong>ex</strong></span> <span class='ocrx_word' id='word_1_688' title='bbox 858 4822 1224 4881; x_wconf 78' lang='lat' dir='ltr'><strong>Romanorum</strong></span> <span class='ocrx_word' id='word_1_689' title='bbox 1279 4839 1424 4882; x_wconf 88' lang='lat' dir='ltr'><strong>terra</strong></span> <span class='ocrx_word' id='word_1_690' title='bbox 1462 4844 1557 4898; x_wconf 88' lang='lat' dir='ltr'><strong>per</strong></span> <span class='ocrx_word' id='word_1_691' title='bbox 1615 4846 1713 4884; x_wconf 80' lang='lat' dir='ltr'><strong>vos</strong></span> <span class='ocrx_word' id='word_1_692' title='bbox 1768 4830 2022 4884; x_wconf 74' lang='lat' dir='ltr'><strong>deleatur</strong></span> <span class='ocrx_word' id='word_1_693' title='bbox 2074 4833 2306 4886; x_wconf 64' lang='lat' dir='ltr'><strong>omnium</strong></span> 
     </span>
    </p>
   </div>
   <div class='ocr_carea' id='block_1_98' title="bbox 2405 4819 3995 4899">
    <p class='ocr_par' dir='ltr' id='par_1_98' title="bbox 2425 4819 3995 4899">
     <span class='ocr_line' id='line_1_98' title="bbox 2425 4819 3995 4899; baseline -0.006 -18"><span class='ocrx_word' id='word_1_694' title='bbox 2425 4828 2582 4899; x_wconf 78' lang='grc' dir='ltr'><strong>χάρις</strong></span> <span class='ocrx_word' id='word_1_695' title='bbox 2602 4829 2694 4880; x_wconf 76' lang='grc' dir='ltr'><strong>καὶ</strong></span> <span class='ocrx_word' id='word_1_696' title='bbox 2723 4825 2782 4891; x_wconf 79' lang='grc' dir='ltr'><strong>ἐξ</strong></span> <span class='ocrx_word' id='word_1_697' title='bbox 2808 4823 2984 4893; x_wconf 79' lang='grc' dir='ltr'><strong>ὑμῶν,</strong></span> <span class='ocrx_word' id='word_1_698' title='bbox 3010 4823 3093 4875; x_wconf 84' lang='grc' dir='ltr'><strong>ὅτι</strong></span> <span class='ocrx_word' id='word_1_699' title='bbox 3116 4822 3215 4890; x_wconf 75' lang='grc' dir='ltr'><strong>τῆς</strong></span> <span class='ocrx_word' id='word_1_700' title='bbox 3240 4820 3557 4889; x_wconf 69' lang='grc' dir='ltr'><strong>Ῥωμαῖεῖος</strong></span> <span class='ocrx_word' id='word_1_701' title='bbox 3578 4819 3645 4872; x_wconf 79' lang='grc' dir='ltr'><strong>δι’</strong></span> <span class='ocrx_word' id='word_1_702' title='bbox 3677 4820 3837 4887; x_wconf 72' lang='grc' dir='ltr'><strong>ὑμῶν</strong></span> <span class='ocrx_word' id='word_1_703' title='bbox 3859 4823 3995 4873; x_wconf 64' lang='grc' dir='ltr'><strong>ἀπα.</strong></span> 
     </span>
    </p>
   </div>
   <div class='ocr_carea' id='block_1_99' title="bbox 754 4910 2306 4989">
    <p class='ocr_par' dir='ltr' id='par_1_99' title="bbox 754 4918 2306 4987">
     <span class='ocr_line' id='line_1_99' title="bbox 754 4918 2306 4987; baseline 0.005 -19"><span class='ocrx_word' id='word_1_704' title='bbox 754 4924 949 4969; x_wconf 89' lang='lat' dir='ltr'><strong>auctor</strong></span> <span class='ocrx_word' id='word_1_705' title='bbox 978 4918 1245 4972; x_wconf 87' lang='lat' dir='ltr'><strong>malorum</strong></span> <span class='ocrx_word' id='word_1_706' title='bbox 1295 4919 1640 4975; x_wconf 83' lang='lat' dir='ltr'><strong>Eustathius.</strong></span> <span class='ocrx_word' id='word_1_707' title='bbox 1694 4919 2021 4975; x_wconf 84' lang='lat' dir='ltr'><strong>Denuntiale</strong></span> <span class='ocrx_word' id='word_1_708' title='bbox 2070 4937 2174 4987; x_wconf 91' lang='lat' dir='ltr'><strong>me,</strong></span> <span class='ocrx_word' id='word_1_709' title='bbox 2210 4923 2306 4976; x_wconf 74' lang='lat' dir='ltr'><strong>dis</strong></span> 
     </span>
    </p>
   </div>
   <div class='ocr_carea' id='block_1_100' title="bbox 2405 4910 3996 4989">
    <p class='ocr_par' dir='ltr' id='par_1_100' title="bbox 2423 4910 3996 4989">
     <span class='ocr_line' id='line_1_100' title="bbox 2423 4910 3996 4989; baseline -0.007 -16"><span class='ocrx_word' id='word_1_710' title='bbox 2423 4922 2712 4989; x_wconf 77' lang='grc' dir='ltr'><strong>λιφήσεται</strong></span> <span class='ocrx_word' id='word_1_711' title='bbox 2754 4920 2784 4971; x_wconf 80' lang='grc' dir='ltr'>ὁ</span> <span class='ocrx_word' id='word_1_712' title='bbox 2836 4914 3051 4969; x_wconf 80' lang='grc' dir='ltr'><strong>πάντων</strong></span> <span class='ocrx_word' id='word_1_713' title='bbox 3081 4916 3269 4967; x_wconf 83' lang='grc' dir='ltr'><strong>κακῶν</strong></span> <span class='ocrx_word' id='word_1_714' title='bbox 3295 4913 3470 4974; x_wconf 83' lang='grc' dir='ltr'><strong>αῖτιος</strong></span> <span class='ocrx_word' id='word_1_715' title='bbox 3514 4911 3844 4974; x_wconf 73' lang='grc' dir='ltr'><strong>Εὐστάίιιος.</strong></span> <span class='ocrx_word' id='word_1_716' title='bbox 3884 4910 3996 4963; x_wconf 81' lang='grc' dir='ltr'><strong>Ἑκ-</strong></span> 
     </span>
    </p>
   </div>
   <div class='ocr_carea' id='block_1_101' title="bbox 757 5003 2306 5083">
    <p class='ocr_par' dir='ltr' id='par_1_101' title="bbox 757 5008 2306 5082">
     <span class='ocr_line' id='line_1_101' title="bbox 757 5008 2306 5082; baseline 0.004 -21"><span class='ocrx_word' id='word_1_717' title='bbox 757 5008 1072 5062; x_wconf 82' lang='lat' dir='ltr'><strong>simulatum</strong></span> <span class='ocrx_word' id='word_1_718' title='bbox 1129 5011 1376 5077; x_wconf 84' lang='lat' dir='ltr'><strong>malum;</strong></span> <span class='ocrx_word' id='word_1_719' title='bbox 1411 5014 1650 5067; x_wconf 79' lang='lat' dir='ltr'><strong>revelate</strong></span> <span class='ocrx_word' id='word_1_720' title='bbox 1679 5028 1785 5075; x_wconf 89' lang='lat' dir='ltr'><strong>me,</strong></span> <span class='ocrx_word' id='word_1_721' title='bbox 1852 5014 2149 5082; x_wconf 89' lang='lat' dir='ltr'><strong>perniciem</strong></span> <span class='ocrx_word' id='word_1_722' title='bbox 2211 5031 2306 5070; x_wconf 76' lang='lat' dir='ltr'><strong>non</strong></span> 
     </span>
    </p>
   </div>
   <div class='ocr_carea' id='block_1_102' title="bbox 2405 5003 4002 5083">
    <p class='ocr_par' dir='ltr' id='par_1_102' title="bbox 2428 5003 4002 5083">
     <span class='ocr_line' id='line_1_102' title="bbox 2428 5003 4002 5083; baseline -0.01 -14"><span class='ocrx_word' id='word_1_723' title='bbox 2428 5014 2634 5083; x_wconf 80' lang='grc' dir='ltr'><strong>φήνατέ</strong></span> <span class='ocrx_word' id='word_1_724' title='bbox 2666 5029 2757 5081; x_wconf 88' lang='grc' dir='ltr'><strong>με,</strong></span> <span class='ocrx_word' id='word_1_725' title='bbox 2784 5010 2844 5064; x_wconf 82' lang='grc' dir='ltr'><strong>τδ</strong></span> <span class='ocrx_word' id='word_1_726' title='bbox 2872 5008 3106 5063; x_wconf 79' lang='grc' dir='ltr'><strong>ὓπουλον</strong></span> <span class='ocrx_word' id='word_1_727' title='bbox 3135 5006 3304 5061; x_wconf 84' lang='grc' dir='ltr'><strong>κακόν</strong></span> <span class='ocrx_word' id='word_1_728' title='bbox 3325 5021 3340 5036; x_wconf 88' lang='grc'><strong>·</strong></span> <span class='ocrx_word' id='word_1_729' title='bbox 3372 5003 3757 5073; x_wconf 60' lang='grc' dir='ltr'><strong>ἀνακαλύψατέ</strong></span> <span class='ocrx_word' id='word_1_730' title='bbox 3792 5022 3884 5070; x_wconf 82' lang='grc' dir='ltr'><strong>με,</strong></span> <span class='ocrx_word' id='word_1_731' title='bbox 3915 5004 4002 5054; x_wconf 68' lang='grc' dir='ltr'><strong>τὶν</strong></span> 
     </span>
    </p>
   </div>
   <div class='ocr_carea' id='block_1_103' title="bbox 755 5096 2306 5177">
    <p class='ocr_par' dir='ltr' id='par_1_103' title="bbox 755 5101 2306 5177">
     <span class='ocr_line' id='line_1_103' title="bbox 755 5101 2306 5177; baseline 0.006 -24"><span class='ocrx_word' id='word_1_732' title='bbox 755 5101 1014 5158; x_wconf 89' lang='lat' dir='ltr'><strong>omnibus</strong></span> <span class='ocrx_word' id='word_1_733' title='bbox 1074 5104 1450 5159; x_wconf 82' lang='lat' dir='ltr'><strong>manifestam.</strong></span> <span class='ocrx_word' id='word_1_734' title='bbox 1512 5107 1807 5161; x_wconf 85' lang='lat' dir='ltr'><strong>Invenietis</strong></span> <span class='ocrx_word' id='word_1_735' title='bbox 1861 5107 2094 5175; x_wconf 83' lang='lat' dir='ltr'><strong>gratiam</strong></span> <span class='ocrx_word' id='word_1_736' title='bbox 2172 5107 2306 5177; x_wconf 80' lang='lat' dir='ltr'><strong>apud</strong></span> 
     </span>
    </p>
   </div>
   <div class='ocr_carea' id='block_1_104' title="bbox 2405 5096 4001 5177">
    <p class='ocr_par' dir='ltr' id='par_1_104' title="bbox 2429 5096 4001 5172">
     <span class='ocr_line' id='line_1_104' title="bbox 2429 5096 4001 5172; baseline -0.007 -13"><span class='ocrx_word' id='word_1_737' title='bbox 2429 5108 2491 5159; x_wconf 85' lang='grc' dir='ltr'><strong>οὐ</strong></span> <span class='ocrx_word' id='word_1_738' title='bbox 2520 5105 2809 5172; x_wconf 81' lang='grc' dir='ltr'><strong>πασίδηλον</strong></span> <span class='ocrx_word' id='word_1_739' title='bbox 2829 5101 3071 5172; x_wconf 71' lang='grc' dir='ltr'><strong>ὄλεθρον.</strong></span> <span class='ocrx_word' id='word_1_740' title='bbox 3102 5100 3381 5169; x_wconf 81' lang='grc' dir='ltr'><strong>Εὑρήσετε</strong></span> <span class='ocrx_word' id='word_1_741' title='bbox 3410 5098 3572 5167; x_wconf 71' lang='grc' dir='ltr'><strong>χάριν</strong></span> <span class='ocrx_word' id='word_1_742' title='bbox 3617 5097 3771 5166; x_wconf 81' lang='grc' dir='ltr'><strong>παρά</strong></span> <span class='ocrx_word' id='word_1_743' title='bbox 3806 5114 3865 5149; x_wconf 83' lang='grc' dir='ltr'><strong>τε</strong></span> <span class='ocrx_word' id='word_1_744' title='bbox 3891 5096 4001 5164; x_wconf 77' lang='grc' dir='ltr'><strong>Θεῷ</strong></span> 
     </span>
    </p>
   </div>
   <div class='ocr_carea' id='block_1_105' title="bbox 759 5192 2320 5268">
    <p class='ocr_par' dir='ltr' id='par_1_105' title="bbox 759 5192 2320 5268">
     <span class='ocr_line' id='line_1_105' title="bbox 759 5192 2320 5268; baseline 0.005 -23"><span class='ocrx_word' id='word_1_745' title='bbox 759 5192 925 5246; x_wconf 83' lang='lat' dir='ltr'><strong>Deum</strong></span> <span class='ocrx_word' id='word_1_746' title='bbox 959 5205 1015 5248; x_wconf 90' lang='lat' dir='ltr'><strong>et</strong></span> <span class='ocrx_word' id='word_1_747' title='bbox 1042 5194 1315 5261; x_wconf 83' lang='lat' dir='ltr'><strong>homines,</strong></span> <span class='ocrx_word' id='word_1_748' title='bbox 1348 5213 1417 5252; x_wconf 78' lang='lat' dir='ltr'><strong>ex</strong></span> <span class='ocrx_word' id='word_1_749' title='bbox 1453 5199 1556 5252; x_wconf 90' lang='lat' dir='ltr'><strong>boc</strong></span> <span class='ocrx_word' id='word_1_750' title='bbox 1578 5212 1739 5251; x_wconf 83' lang='lat' dir='ltr'><strong>sacro</strong></span> <span class='ocrx_word' id='word_1_751' title='bbox 1788 5198 1931 5262; x_wconf 89' lang='lat' dir='ltr'><strong>loco,</strong></span> <span class='ocrx_word' id='word_1_752' title='bbox 1966 5198 2124 5251; x_wconf 88' lang='lat' dir='ltr'><strong>illum</strong></span> <span class='ocrx_word' id='word_1_753' title='bbox 2157 5216 2320 5268; x_wconf 87' lang='lat' dir='ltr'><strong>quem</strong></span> 
     </span>
    </p>
   </div>
   <div class='ocr_carea' id='block_1_106' title="bbox 758 5284 2333 5350">
    <p class='ocr_par' dir='ltr' id='par_1_106' title="bbox 758 5284 2333 5350">
     <span class='ocr_line' id='line_1_106' title="bbox 758 5284 2333 5350; baseline 0.003 -14"><span class='ocrx_word' id='word_1_754' title='bbox 758 5299 855 5337; x_wconf 82' lang='lat' dir='ltr'><strong>vos</strong></span> <span class='ocrx_word' id='word_1_755' title='bbox 883 5284 1141 5340; x_wconf 83' lang='lat' dir='ltr'><strong>indicatis</strong></span> <span class='ocrx_word' id='word_1_756' title='bbox 1170 5286 1545 5350; x_wconf 88' lang='lat' dir='ltr'><strong>maledictum,</strong></span> <span class='ocrx_word' id='word_1_757' title='bbox 1578 5287 1913 5342; x_wconf 77' lang='lat' dir='ltr'><strong>auferentes.</strong></span> <span class='ocrx_word' id='word_1_758' title='bbox 1943 5287 2061 5342; x_wconf 85' lang='lat' dir='ltr'><strong>Non</strong></span> <span class='ocrx_word' id='word_1_759' title='bbox 2094 5304 2192 5343; x_wconf 91' lang='lat' dir='ltr'><strong>vos</strong></span> <span class='ocrx_word' id='word_1_760' title='bbox 2211 5305 2333 5342; x_wconf 70' lang='lat' dir='ltr'><strong>om-</strong></span> 
     </span>
    </p>
   </div>
   <div class='ocr_carea' id='block_1_107' title="bbox 762 5376 2328 5448">
    <p class='ocr_par' dir='ltr' id='par_1_107' title="bbox 762 5376 2328 5448">
     <span class='ocr_line' id='line_1_107' title="bbox 762 5376 2328 5448; baseline 0.005 -19"><span class='ocrx_word' id='word_1_761' title='bbox 762 5392 882 5441; x_wconf 74' lang='lat' dir='ltr'><strong>nes,</strong></span> <span class='ocrx_word' id='word_1_762' title='bbox 930 5376 1149 5442; x_wconf 84' lang='lat' dir='ltr'><strong>fratres,</strong></span> <span class='ocrx_word' id='word_1_763' title='bbox 1208 5379 1419 5448; x_wconf 83' lang='lat' dir='ltr'><strong>pudore</strong></span> <span class='ocrx_word' id='word_1_764' title='bbox 1467 5379 1710 5436; x_wconf 78' lang='lat' dir='ltr'><strong>afﬁciens</strong></span> <span class='ocrx_word' id='word_1_765' title='bbox 1740 5382 1853 5435; x_wconf 67' lang='lat' dir='ltr'><strong>haec</strong></span> <span class='ocrx_word' id='word_1_766' title='bbox 1888 5381 2035 5437; x_wconf 87' lang='lat' dir='ltr'><strong>dico.</strong></span> <span class='ocrx_word' id='word_1_767' title='bbox 2081 5380 2328 5437; x_wconf 88' lang='lat' dir='ltr'><strong>Perfecte</strong></span> 
     </span>
    </p>
   </div>
   <div class='ocr_carea' id='block_1_108' title="bbox 764 5469 2325 5542">
    <p class='ocr_par' dir='ltr' id='par_1_108' title="bbox 764 5469 2325 5542">
     <span class='ocr_line' id='line_1_108' title="bbox 764 5469 2325 5542; baseline 0.003 -19"><span class='ocrx_word' id='word_1_768' title='bbox 764 5469 963 5540; x_wconf 85' lang='lat' dir='ltr'><strong>quippe</strong></span> <span class='ocrx_word' id='word_1_769' title='bbox 991 5471 1141 5535; x_wconf 87' lang='lat' dir='ltr'><strong>novi,</strong></span> <span class='ocrx_word' id='word_1_770' title='bbox 1161 5473 1304 5527; x_wconf 88' lang='lat' dir='ltr'><strong>sicut</strong></span> <span class='ocrx_word' id='word_1_771' title='bbox 1334 5474 1705 5528; x_wconf 84' lang='lat' dir='ltr'><strong>numerabiles</strong></span> <span class='ocrx_word' id='word_1_772' title='bbox 1737 5475 2019 5542; x_wconf 87' lang='lat' dir='ltr'><strong>inimicos,</strong></span> <span class='ocrx_word' id='word_1_773' title='bbox 2050 5474 2133 5530; x_wconf 89' lang='lat' dir='ltr'><strong>sic</strong></span> <span class='ocrx_word' id='word_1_774' title='bbox 2162 5475 2325 5528; x_wconf 85' lang='lat' dir='ltr'><strong>etiam</strong></span> 
     </span>
    </p>
   </div>
   <div class='ocr_carea' id='block_1_109' title="bbox 762 5564 2327 5636">
    <p class='ocr_par' dir='ltr' id='par_1_109' title="bbox 762 5564 2327 5636">
     <span class='ocr_line' id='line_1_109' title="bbox 762 5564 2327 5636; baseline 0.005 -22"><span class='ocrx_word' id='word_1_775' title='bbox 762 5572 988 5618; x_wconf 65' lang='lat' dir='ltr'><strong>crateres</strong></span> <span class='ocrx_word' id='word_1_776' title='bbox 1022 5565 1116 5634; x_wconf 90' lang='lat' dir='ltr'><strong>qui</strong></span> <span class='ocrx_word' id='word_1_777' title='bbox 1151 5564 1344 5629; x_wconf 87' lang='lat' dir='ltr'><strong>Deum,</strong></span> <span class='ocrx_word' id='word_1_778' title='bbox 1373 5565 1467 5636; x_wconf 86' lang='lat' dir='ltr'><strong>qui</strong></span> <span class='ocrx_word' id='word_1_779' title='bbox 1498 5566 1817 5631; x_wconf 86' lang='lat' dir='ltr'><strong>Ecclesiam,</strong></span> <span class='ocrx_word' id='word_1_780' title='bbox 1868 5567 1961 5636; x_wconf 91' lang='lat' dir='ltr'><strong>qui</strong></span> <span class='ocrx_word' id='word_1_781' title='bbox 2009 5566 2327 5622; x_wconf 85' lang='lat' dir='ltr'><strong>sacerdotes</strong></span> 
     </span>
    </p>
   </div>
   <div class='ocr_carea' id='block_1_110' title="bbox 760 5657 2323 5732">
    <p class='ocr_par' dir='ltr' id='par_1_110' title="bbox 760 5657 2323 5732">
     <span class='ocr_line' id='line_1_110' title="bbox 760 5657 2323 5732; baseline 0.004 -25"><span class='ocrx_word' id='word_1_782' title='bbox 760 5666 967 5720; x_wconf 86' lang='lat' dir='ltr'><strong>amant,</strong></span> <span class='ocrx_word' id='word_1_783' title='bbox 1012 5672 1123 5713; x_wconf 91' lang='lat' dir='ltr'><strong>uno</strong></span> <span class='ocrx_word' id='word_1_784' title='bbox 1179 5657 1367 5724; x_wconf 89' lang='lat' dir='ltr'><strong>verbo,</strong></span> <span class='ocrx_word' id='word_1_785' title='bbox 1403 5658 1496 5728; x_wconf 91' lang='lat' dir='ltr'><strong>qui</strong></span> <span class='ocrx_word' id='word_1_786' title='bbox 1552 5658 1608 5715; x_wconf 93' lang='lat' dir='ltr'><strong>in</strong></span> <span class='ocrx_word' id='word_1_787' title='bbox 1646 5657 1753 5715; x_wconf 86' lang='lat' dir='ltr'><strong>Deo</strong></span> <span class='ocrx_word' id='word_1_788' title='bbox 1805 5658 2006 5717; x_wconf 86' lang='lat' dir='ltr'><strong>fratres</strong></span> <span class='ocrx_word' id='word_1_789' title='bbox 2058 5659 2323 5732; x_wconf 75' lang='lat' dir='ltr'><strong>diligunt;</strong></span> 
     </span>
    </p>
   </div>
   <div class='ocr_carea' id='block_1_111' title="bbox 839 5830 1353 5901">
    <p class='ocr_par' dir='ltr' id='par_1_111' title="bbox 839 5830 1353 5901">
     <span class='ocr_line' id='line_1_111' title="bbox 839 5830 1353 5901; baseline 0.002 -10"><span class='ocrx_word' id='word_1_790' title='bbox 839 5831 879 5863; x_wconf 86' lang='lat'>&quot;</span> <span class='ocrx_word' id='word_1_791' title='bbox 908 5830 1052 5891; x_wconf 63' lang='lat' dir='ltr'><strong>Psal.</strong></span> <span class='ocrx_word' id='word_1_792' title='bbox 1092 5852 1243 5901; x_wconf 74' lang='lat' dir='ltr'><strong>cxtv,</strong></span> <span class='ocrx_word' id='word_1_793' title='bbox 1300 5838 1353 5892; x_wconf 87' lang='lat'><strong>8.</strong></span> 
     </span>
    </p>
   </div>
   <div class='ocr_carea' id='block_1_112' title="bbox 2433 5189 4001 5266">
    <p class='ocr_par' dir='ltr' id='par_1_112' title="bbox 2433 5189 4001 5266">
     <span class='ocr_line' id='line_1_112' title="bbox 2433 5189 4001 5266; baseline -0.007 -15"><span class='ocrx_word' id='word_1_794' title='bbox 2433 5200 2527 5252; x_wconf 75' lang='grc' dir='ltr'><strong>καὶ</strong></span> <span class='ocrx_word' id='word_1_795' title='bbox 2557 5196 2888 5266; x_wconf 82' lang='grc' dir='ltr'><strong>ἀνθρώποις,</strong></span> <span class='ocrx_word' id='word_1_796' title='bbox 2922 5192 3307 5260; x_wconf 81' lang='grc' dir='ltr'><strong>ἀπαγαγόντες</strong></span> <span class='ocrx_word' id='word_1_797' title='bbox 3358 5189 3566 5243; x_wconf 80' lang='grc' dir='ltr'><strong>τοιοῦδε</strong></span> <span class='ocrx_word' id='word_1_798' title='bbox 3624 5189 3797 5242; x_wconf 77' lang='grc' dir='ltr'><strong>τόπου</strong></span> <span class='ocrx_word' id='word_1_799' title='bbox 3850 5190 4001 5256; x_wconf 76' lang='grc' dir='ltr'><strong>ἁγίου</strong></span> 
     </span>
    </p>
   </div>
   <div class='ocr_carea' id='block_1_113' title="bbox 2433 5280 4004 5355">
    <p class='ocr_par' dir='ltr' id='par_1_113' title="bbox 2433 5280 4004 5355">
     <span class='ocr_line' id='line_1_113' title="bbox 2433 5280 4004 5355; baseline -0.006 -14"><span class='ocrx_word' id='word_1_800' title='bbox 2433 5289 2525 5342; x_wconf 73' lang='grc' dir='ltr'><strong>τὸν</strong></span> <span class='ocrx_word' id='word_1_801' title='bbox 2554 5286 2629 5350; x_wconf 83' lang='grc' dir='ltr'><strong>ὡς</strong></span> <span class='ocrx_word' id='word_1_802' title='bbox 2679 5287 2837 5355; x_wconf 75' lang='grc' dir='ltr'><strong>ὑμεῖς</strong></span> <span class='ocrx_word' id='word_1_803' title='bbox 2892 5284 3109 5353; x_wconf 81' lang='grc' dir='ltr'><strong>κρίνετε</strong></span> <span class='ocrx_word' id='word_1_804' title='bbox 3163 5282 3357 5348; x_wconf 77' lang='grc' dir='ltr'><strong>ἐναγῆ.</strong></span> <span class='ocrx_word' id='word_1_805' title='bbox 3406 5281 3523 5333; x_wconf 72' lang='grc' dir='ltr'><strong>Οὐκ</strong></span> <span class='ocrx_word' id='word_1_806' title='bbox 3552 5280 3838 5348; x_wconf 76' lang='grc' dir='ltr'><strong>ἐντρέπων</strong></span> <span class='ocrx_word' id='word_1_807' title='bbox 3867 5280 4004 5347; x_wconf 73' lang='grc' dir='ltr'><strong>ὑμᾶς</strong></span> 
     </span>
    </p>
   </div>
   <div class='ocr_carea' id='block_1_114' title="bbox 2432 5371 3999 5445">
    <p class='ocr_par' dir='ltr' id='par_1_114' title="bbox 2432 5371 3999 5445">
     <span class='ocr_line' id='line_1_114' title="bbox 2432 5371 3999 5445; baseline -0.008 -10"><span class='ocrx_word' id='word_1_808' title='bbox 2432 5381 2705 5443; x_wconf 70' lang='grc' dir='ltr'><strong>ἅπαντας.</strong></span> <span class='ocrx_word' id='word_1_809' title='bbox 2730 5372 2776 5433; x_wconf 78' lang='grc' dir='ltr'>ὦ</span> <span class='ocrx_word' id='word_1_810' title='bbox 2801 5377 3044 5445; x_wconf 73' lang='grc' dir='ltr'><strong>ἀδελφοὶ,</strong></span> <span class='ocrx_word' id='word_1_811' title='bbox 3078 5376 3253 5427; x_wconf 74' lang='grc' dir='ltr'><strong>ταῦτα</strong></span> <span class='ocrx_word' id='word_1_812' title='bbox 3286 5374 3453 5440; x_wconf 88' lang='grc' dir='ltr'><strong>λέγω.</strong></span> <span class='ocrx_word' id='word_1_813' title='bbox 3504 5371 3865 5441; x_wconf 72' lang='grc' dir='ltr'><strong>Ἦκριεωκὼς</strong></span> <span class='ocrx_word' id='word_1_814' title='bbox 3896 5373 3999 5437; x_wconf 65' lang='grc' dir='ltr'><strong>γὰρ</strong></span> 
     </span>
    </p>
   </div>
   <div class='ocr_carea' id='block_1_115' title="bbox 2434 5463 3998 5543">
    <p class='ocr_par' dir='ltr' id='par_1_115' title="bbox 2434 5463 3998 5543">
     <span class='ocr_line' id='line_1_115' title="bbox 2434 5463 3998 5543; baseline -0.01 -16"><span class='ocrx_word' id='word_1_815' title='bbox 2434 5473 2563 5543; x_wconf 75' lang='grc' dir='ltr'><strong>ἔχω,</strong></span> <span class='ocrx_word' id='word_1_816' title='bbox 2601 5472 2744 5526; x_wconf 91' lang='grc' dir='ltr'><strong>καθά</strong></span> <span class='ocrx_word' id='word_1_817' title='bbox 2788 5470 2914 5532; x_wconf 76' lang='grc' dir='ltr'><strong>τοὺς</strong></span> <span class='ocrx_word' id='word_1_818' title='bbox 2966 5466 3269 5539; x_wconf 72' lang='grc' dir='ltr'><strong>μετρητοὺς</strong></span> <span class='ocrx_word' id='word_1_819' title='bbox 3321 5463 3671 5535; x_wconf 80' lang='grc' dir='ltr'><strong>φιλέχθρους,</strong></span> <span class='ocrx_word' id='word_1_820' title='bbox 3731 5463 3880 5517; x_wconf 75' lang='grc' dir='ltr'><strong>οὓτω</strong></span> <span class='ocrx_word' id='word_1_821' title='bbox 3910 5463 3998 5515; x_wconf 79' lang='grc' dir='ltr'><strong>καὶ</strong></span> 
     </span>
    </p>
   </div>
   <div class='ocr_carea' id='block_1_116' title="bbox 2431 5554 3995 5630">
    <p class='ocr_par' dir='ltr' id='par_1_116' title="bbox 2431 5554 3995 5630">
     <span class='ocr_line' id='line_1_116' title="bbox 2431 5554 3995 5630; baseline -0.01 -10"><span class='ocrx_word' id='word_1_822' title='bbox 2431 5554 2555 5628; x_wconf 67' lang='grc' dir='ltr'><strong>τοὺς</strong></span> <span class='ocrx_word' id='word_1_823' title='bbox 2594 5564 2817 5626; x_wconf 74' lang='grc' dir='ltr'><strong>λοιποὺς</strong></span> <span class='ocrx_word' id='word_1_824' title='bbox 2854 5560 3157 5630; x_wconf 80' lang='grc' dir='ltr'><strong>φιλοθέους,</strong></span> <span class='ocrx_word' id='word_1_825' title='bbox 3201 5558 3330 5620; x_wconf 76' lang='grc' dir='ltr'><strong>τοὺς</strong></span> <span class='ocrx_word' id='word_1_826' title='bbox 3379 5555 3827 5626; x_wconf 78' lang='grc' dir='ltr'><strong>φιλεκκλησίους,</strong></span> <span class='ocrx_word' id='word_1_827' title='bbox 3876 5554 3995 5614; x_wconf 71' lang='grc' dir='ltr'><strong>τοὺς</strong></span> 
     </span>
    </p>
   </div>
   <div class='ocr_carea' id='block_1_117' title="bbox 2434 5644 3995 5728">
    <p class='ocr_par' dir='ltr' id='par_1_117' title="bbox 2434 5644 3995 5728">
     <span class='ocr_line' id='line_1_117' title="bbox 2434 5644 3995 5728; baseline -0.008 -17"><span class='ocrx_word' id='word_1_828' title='bbox 2434 5658 2828 5728; x_wconf 77' lang='grc' dir='ltr'><strong>φιλαρχιερεῖς,</strong></span> <span class='ocrx_word' id='word_1_829' title='bbox 2858 5654 2920 5708; x_wconf 73' lang='grc' dir='ltr'><strong>τὸ</strong></span> <span class='ocrx_word' id='word_1_830' title='bbox 2960 5656 3073 5707; x_wconf 78' lang='grc' dir='ltr'><strong>πᾶν</strong></span> <span class='ocrx_word' id='word_1_831' title='bbox 3123 5651 3319 5717; x_wconf 75' lang='grc' dir='ltr'><strong>εἰπεῖν,</strong></span> <span class='ocrx_word' id='word_1_832' title='bbox 3345 5650 3474 5712; x_wconf 69' lang='grc' dir='ltr'><strong>τοὺς</strong></span> <span class='ocrx_word' id='word_1_833' title='bbox 3503 5650 3560 5702; x_wconf 84' lang='grc' dir='ltr'><strong>ἐν</strong></span> <span class='ocrx_word' id='word_1_834' title='bbox 3604 5646 3725 5718; x_wconf 78' lang='grc' dir='ltr'><strong>θεῴ</strong></span> <span class='ocrx_word' id='word_1_835' title='bbox 3758 5644 3995 5717; x_wconf 68' lang='grc' dir='ltr'><strong>φιλαδέλ-</strong></span> 
     </span>
    </p>
   </div>
  </div>
