4210 6438
193 435 297 500 66')

1120 436 1203 497 1N
1247 438 1308 498 S.
1352 437 2027 510 QUADRAGESIMAM
2060 441 2347 505 ORATIO
2407 445 2533 509 ῙῙῘ.

3343 451 3451 517 670

193 564 352 618 φδυς·
389 548 479 612 οὓς
511 547 605 602 καὶ
664 546 899 601 δυσωπῶ
934 547 1266 618 ἐπεύχεσθαι
1302 555 1368 623 τῇ
1424 553 1574 607 πόλει
1600 553 1773 625 ταύτῃ
1802 553 1848 611 Α

1802 553 1848 611 Α
1874 570 2013 624 quos
2048 556 2369 627 suppliciter
2391 561 2679 628 deprecor,
2708 567 2768 614 ut
2794 565 3055 629 exoptent
3079 559 3209 617 huic
3237 560 3446 619 civitati

190 642 255 693 si
284 640 553 710 βελτίονα,
593 640 681 695 ἴνα
712 641 786 710 μὴ
815 638 910 693 καὶ
936 640 1167 695 ἐνταῦθα
1202 643 1386 696 κανῶν
1413 642 1625 713 ἀνδρῶν
1653 644 1765 696 όλιο

192 737 399 802 γίστων
448 738 548 790 οἰκ
595 736 674 797 είς
731 733 933 799 ἀγαθὸν
989 734 1338 789 ἀπολαύσωσι
1380 735 1448 789 τά
1498 737 1760 806 ἡμέτερα.

191 830 315 891 Θεὲ,
342 829 569 895 πανάγιε
599 827 844 896 βασιλεῦ,
872 828 966 881 καὶ
995 827 1214 897 βασιλεῦ
1239 828 1388 881 ἐνθεε
1410 844 1423 859 ·
1470 829 1767 898 ἐπιϐλέψα-

191 938 248 972 τε
283 921 368 987 εφ’
403 922 571 990 ἡμᾶς,
604 923 694 973 καὶ
724 923 1181 989 κατασειομένους
1221 922 1581 991 στερεώσατε,
1616 924 1701 975 ἶνα
1732 922 1766 991 ἦ

192 1015 248 1064 ὲν
279 1015 517 1082 ἀσφαλεῖ
544 1014 872 1084 στησώμεθα
902 1015 1350 1085 προφαινόμενα,
1382 1016 1415 1085 ἢ
1439 1015 1575 1069 ἀ)λά
1602 1034 1768 1069 κατα-

195 1106 455 1168 πεσόντες
493 1104 787 1173 πεισόμεθα
816 1109 894 1168 είς
942 1107 1253 1177 ἀνέγερτον.
1288 1109 1444 1160 Λυοῖν
1464 1107 1571 1174 γάρ
1611 1106 1769 1162 θάτε-

199 1215 310 1267 ρον.
341 1199 375 1267 ἢ
410 1198 591 1261 καλῶς
623 1197 745 1267 ζῂν,
780 1198 811 1268 ἢ
848 1198 1100 1253 τεθνάναι
1132 1197 1335 1264 καλῶς,
1367 1199 1631 1267 ἐφιέμεθα
1677 1198 1769 1251 καὶ

197 1294 380 1359 ἡμεῖς.
419 1293 496 1356 ὡς
546 1293 819 1363 ἄνθρωποι
854 1294 947 1346 καὶ
992 1291 1258 1361 ἐμπαθεῖς
1294 1292 1392 1346 καὶ
1420 1293 1766 1361 περιπαθεῖς.

196 1384 383 1437 Ταῦτα
410 1385 602 1447 είπὼν,
643 1380 725 1446 οἷς
758 1385 858 1437 οὐκ
890 1384 956 1437 ἀν
985 1384 1127 1438 εῐποι
1172 1402 1254 1448 τις
1280 1385 1355 1454 μὴ
1390 1385 1485 1437 καὶ
1514 1384 1767 1437 διδασκα-

195 1479 314 1530 λίαν
344 1480 563 1547 πυκνὴν
601 1477 1071 1548 παρενεσπάρθαι,
1098 1471 1164 1546 ἧς
1201 1477 1388 1529 ’ἐνεκεν
1416 1476 1770 1546 ὀφειλειικῶς

196 1570 429 1623 ἐνταῦθα
464 1570 896 1640 συνηνέχθημεν,
957 1571 1253 1640 σιγήσομαι
1280 1569 1375 1623 τοῦ
1415 1569 1629 1633 λοιποῦ,
1666 1570 1771 1631 ῑως

194 1649 357 1725 ὁν’ἑξ
384 1660 543 1730 ὑμῶν
570 1661 798 1730 μάθοιμι
828 1660 1232 1729 ἀπυφαντικῶς,
1258 1663 1380 1716 ὅποι
1407 1662 1514 1714 τῶν
1550 1663 1771 1732 ἠρωτηο

196 1750 375 1821 μένων
438 1752 621 1805 τόπων
688 1751 1024 1816 κατατάξετε
1088 1755 1235 1823 ἡμᾶς
1259 1792 1276 1819 ,
1328 1757 1454 1815 τοὺς
1494 1754 1627 1817 ῐσως
1674 1753 1772 1823 μὲν

191 1844 434 1912 χρείους.
467 1842 612 1898 καθά
630 1861 713 1907 τις
746 1843 851 1913 ἔφη
899 1844 1082 1911 σοφὸς,
1119 1846 1248 1909 ῐσως
1275 1844 1331 1898 δὲ
1354 1845 1768 1916 ἀχρείους.Τότε

1870 646 2114 709 meliora,
2169 662 2237 702 ne
2290 646 2377 703 hic
2416 663 2632 718 quoque
2660 666 2722 704 ex
2758 651 3110 720 paucissimis
3151 654 3309 710 malis
3343 654 3447 709 he-

1870 738 2105 794 minihus
2164 756 2251 795 res
2317 750 2522 796 nostra:
2583 741 2913 810 amigantur.
2978 741 3156 808 Deus,
3213 747 3444 802 sanctis-

1870 830 2007 885 sime
2056 847 2167 894 τοι,
2217 842 2267 888 et
2309 849 2402 889 rex
2436 835 2641 896 divine,
2676 837 2728 888 in
2765 850 2863 890 nos
2893 836 3133 904 aspicias
3161 846 3214 892 et
3244 837 3443 892 robora

1868 936 2191 984 concussos.
2236 936 2293 978 ut
2333 929 2414 979 vel
2461 929 2516 979 in
2556 936 2673 980 tuto
2704 929 2974 982 manifesti
3008 936 3341 995 constemus,
3360 929 3441 982 vel

1870 1027 2152 1087 postquam
2175 1020 2555 1081 ceciderimus.
2583 1022 2639 1075 in
2669 1027 2853 1093 quiete
2872 1024 3174 1093 jaceamus.
3208 1024 3283 1079 Ex
3308 1024 3442 1080 duo-

1870 1109 1972 1165 bus
2002 1127 2195 1173 unum.
2245 1112 2325 1166 τοι
2377 1114 2600 1182 pulchre
2649 1108 2849 1179 viitere.
2902 1133 2980 1171 vel
3026 1119 3253 1186 pulchre
3301 1116 3440 1172 mori

1870 1201 2243 1258 desideramus
2280 1216 2334 1259 et
2363 1221 2482 1268 nos.
2515 1215 2771 1276 tanquam
2830 1210 3080 1262 homines
3126 1208 3327 1265 turbidi
3355 1224 3445 1265 ve-

1873 1287 2263 1360 hementerque
2297 1295 2579 1365 exagitati.
2618 1296 2713 1351 llis
2745 1298 2929 1362 dictis,
2965 1298 3164 1367 quibus
3200 1316 3305 1353 non
3358 1297 3444 1353 did

1872 1384 2009 1436 xerit
2052 1385 2252 1453 aliquis
2298 1402 2405 1441 non
2451 1390 2677 1444 densam
2736 1390 3102 1446 intermisceri
3135 1390 3443 1447 doctrinam

1870 1487 2091 1545 propter
2121 1490 2283 1547 quam
2314 1478 2521 1534 utiliter
2551 1482 2639 1535 hic
2670 1496 2863 1537 sumus
2885 1486 3218 1555 congregati,
3248 1487 3314 1540 de
3336 1501 3446 1540 ca:-

1873 1574 1988 1621 tero
2013 1581 2159 1624 nunc
2194 1569 2409 1633 tacebo,
2444 1571 2621 1627 donec
2661 1589 2727 1628 ex
2761 1575 2918 1629 vobis
2970 1585 3154 1642 aperte
3209 1577 3443 1637 discam.

1873 1673 1981 1727 quo
2033 1671 2439 1729 propositorum
2494 1665 2735 1719 iocorum
2797 1666 3068 1723 ordinetis
3117 1683 3241 1730 nos.
3298 1669 3442 1726 forte

1871 1750 2089 1820 quidem
2122 1753 2304 1816 utiles,
2336 1765 2397 1809 ut
2428 1756 2553 1824 quis
2583 1757 2660 1811 ait
2695 1758 2937 1827 sapiens,
2972 1758 3114 1815 forte
3146 1762 3276 1816 vero
3324 1762 3448 1816 inu-

1872 1842 2017 1899 tiles.
2047 1843 2344 1915 Postquam
2381 1856 2558 1902 autem
2586 1850 2979 1916 audiverimus,
3013 1852 3324 1923 loquemur,
3359 1854 3443 1907 vel

268 1937 608 1997 ἀκούσαντες
630 1907 993 2008 λαλήσομενη
1020 1907 1440 2008 πεφεισμένωςξ.
1468 1937 1502 2007 ἢ
1549 1934 1769 2007 ἀφειδὲο
1802 1907 1846 1963 Β

1020 1907 1440 2008 πεφεισμένως
1468 1937 1502 2007 ἢ
1549 1934 1769 2007 ἀφειδι-
1802 1907 1846 1963 Β
1874 1948 2062 2004 parce,
2104 1907 2405 1996 vel-minus
2433 1940 2682 1997 remisse.

192 2046 283 2081 στε
297 2046 414 2099 ρον.

265 2129 381 2191 μγ’.
415 2123 503 2191 Τῷ
525 2124 665 2187 τέως
688 2123 742 2175 δὲ
760 2123 1032 2191 ἀναφωνῶ
1063 2125 1309 2194 συνήθως
1334 2125 1463 2192 ὑμῖν
1486 2122 1773 2177 διασκευά-

194 2216 387 2280 ζεσθαι
427 2218 563 2286 πρὸς
617 2216 710 2269 τὸν
745 2216 969 2271 ἐπιόντα
1024 2218 1118 2285 τῆς
1159 2217 1417 2288 νηστείας
1476 2218 1769 2285 ἁγιασμόν,

194 2310 321 2363 καθ’
347 2310 497 2372 οἴους
535 2310 773 2379 τρόπους
823 2308 987 2377 κόλαξ
1019 2310 1299 2380 ὑπεθέμην
1324 2312 1473 2380 ὑμίν.
1507 2311 1618 2363 Ούκ
1664 2308 1772 2379 ἔχω

197 2404 305 2471 γάρ
350 2421 407 2456 τι
462 2403 687 2455 ὲκείνων
733 2402 940 2474 φράσαι
991 2403 1207 2457 κάλλιον
1255 2402 1288 2472 ἢ
1341 2400 1767 2471 άκριὸέστερον’

193 2496 417 2565 ἄρτυμα
448 2496 503 2550 δὲ
555 2496 697 2548 ἔστω
740 2496 869 2564 ὑμῖν
908 2494 1003 2548 τοῦ
1053 2494 1347 2556 θεαρέστου
1396 2492 1771 2563 νηστεύματος

196 2586 273 2656 μὴ
308 2589 473 2651 μόνον
505 2587 537 2656 ή
569 2585 867 2655 ὀλιγοσιτία
912 2586 1005 2637 καὶ
1055 2585 1114 2637 τὸ
1157 2584 1438 2654 ἐγκρατῶς
1475 2583 1768 2653 αὔταρκες,

192 2678 258 2728 τὰ
296 2678 411 2739 τοῖς
447 2677 689 2728 πλείοσιν
736 2676 959 2745 εὐχερῆ,
995 2675 1130 2729 ἀλλά
1183 2674 1279 2728 καὶ
1311 2675 1546 2745 μάλιστα
1574 2674 1602 2723 ό
1634 2675 1767 2743 πρὸς

194 2767 324 2826 τοὺς
352 2766 642 2835 δεομένους
674 2764 817 2825 nso;
846 2767 873 2814 ό
907 2767 1047 2819 κατά
1088 2765 1321 2834 δύναμιν
1341 2781 1353 2795 ·
1384 2765 1444 2818 ὃν
1473 2766 1581 2819 οὐδ’
1609 2768 1768 2818 αὑτὸν

192 2860 696 2929 ἀποπροσποιεῖται
730 2862 757 2912 ὀ
790 2860 1085 2926 πάγκοινος
1117 2857 1365 2925 ἐλεήμων
1396 2857 1548 2922 Θεὸς,
1582 2858 1681 2910 οὐκ
1712 2858 1771 2909 ὲν

190 2952 271 3023 τῷ
305 2952 490 3021 πολλῷ
537 2954 681 3021 μόνῳ
734 2952 795 3003 τὸ
850 2950 991 3019 μέγα
1023 2949 1123 3019 τῆς
1157 2948 1529 3018 ὲλεημοσύνης
1560 2950 1773 3019 τιθέμε-

193 3060 309 3107 νος,
352 3043 491 3096 ἀλλά
545 3043 639 3094 καὶ
691 3041 749 3092 ὲν
778 3041 856 3109 τῷ
886 3040 1052 3108 ὀλίγῳ
1087 3038 1164 3107 τῷ
1213 3039 1353 3090 κατά
1383 3038 1553 3105 ἰσχὺν.
1587 3038 1677 3089 καὶ
1712 3039 1769 3089 ἐν

194 3135 347 3203 αὐτῷ
377 3134 435 3186 δὲ
470 3132 550 3201 τῷ
588 3132 867 3200 ὀλιγίστῳ,
903 3130 952 3182 εί
994 3133 1083 3183 καὶ
1114 3129 1247 3181 αὐτὸ
1296 3130 1496 3195 ἱλαρῶς
1540 3128 1633 3180 καὶ
1656 3128 1768 3182 δια-

193 3227 463 3298 κριτικῶς
493 3225 715 3280 δίδοται.
754 3225 819 3276 Ὃ
853 3224 909 3275 δὲ
945 3224 1003 3275 ἐν
1032 3225 1143 3285 τοῖς
1172 3223 1439 3284 τοιούτοις
1483 3222 1562 3283 εἰς
1593 3222 1769 3273 νόστι-

196 3340 297 3392 μον
339 3321 475 3382 ἃλας
500 3317 795 3386 λογίζεται,
837 3317 961 3386 μηδ’
987 3317 1118 3370 αὐτὸ
1145 3316 1463 3369 ἐλλειπέτω.

272 3413 383 3484 μδ.
416 3415 574 3467 Ἐστι
604 3412 659 3464 δὲ
686 3412 861 3462 ἐκεῖνο
895 3411 927 3479 ἡ
960 3410 1170 3479 ἀγάπη,
1218 3409 1278 3461 τδ
1309 3409 1402 3461 καὶ
1447 3409 1770 3467 εὐπόριστον

192 3505 425 3573 ἀγαθὸν,
459 3505 614 3571 εἴπερ
669 3502 925 3569 ἐθέλομεν
982 3501 1305 3553 ἀναϐλέπειν
1357 3499 1453 3552 καὶ
1489 3499 1767 3568 ψηλαφᾷν,

193 3601 291 3652 καὶ
312 3596 700 3664 δυσπόριστον,
730 3594 844 3661 εἴγε
887 3594 1243 3662 καταμύομεν
1274 3594 1367 3645 καὶ
1412 3593 1772 3662 διερευνώμεο

195 3688 297 3740 θαο
334 3687 462 3754 περὶ
500 3681 568 3756 ἦς
602 3684 827 3754 μυρίους
880 3685 1035 3746 ὅσους
1065 3683 1255 3751 λόγους
1282 3684 1525 3751 χέαντες,
1563 3681 1662 3735 οὐκ
1692 3678 1771 3734 οῖ-

196 3781 283 3842 δα,
320 3778 482 3847 εἰπερ
511 3777 607 3839 τὰς
652 3779 729 3838 είς
768 3776 948 3844 φιλίαν
980 3776 1272 3842 ἀτέγκτους
1301 3774 1482 3844 ψυχάς
1530 3774 1773 3842 ὑγράνα-

201 3888 327 3939 μεν,
360 3871 457 3923 καὶ
487 3871 565 3929 εἰς
607 3869 887 3937 κάρπιμον
918 3866 1282 3937 διηνοίξαμεν.
1318 3866 1534 3935 Ταύτης
1574 3866 1772 3918 ἐπιλει-

198 3965 436 4033 πούσης,
503 3962 680 4032 μάτην
750 3963 1060 4029 πονήσομεν
1123 3960 1217 4013 καὶ
1275 3960 1607 4028 εὐχόμενοι,
1676 3960 1771 4011 καὶ

195 4056 574 4126 νηστεύοντες.
619 4054 708 4104 καὶ
743 4050 1185 4117 γονεδπετοῦντες,
1224 4053 1317 4102 καὶ
1341 4050 1769 4118 ἀγρυπνοῦντες,

196 4152 293 4202 καὶ
331 4150 379 4200 ἐ)
396 4164 482 4199 εον
513 4144 966 4215 προϐεὗλημίνοι,
1026 4144 1120 4195 καὶ
1161 4143 1371 4211 δάκρυα
1408 4143 1767 4211 προχέοντες·

195 4243 253 4294 οὐ
297 4242 409 4309 γάρ
453 4224 518 4291 ἂν
548 4239 630 4306 εἴη
666 4237 749 4289 τὸν
783 4235 939 4298 Θεὸν,
996 4235 1093 4304 τὴν
1131 4234 1505 4300 αὑτοσγάπην,
1547 4232 1773 4299 προσδέ-

198 4331 393 4397 ξασθαί
451 4348 501 4382 τι
536 4332 597 4381 ὲκ
630 4328 739 4379 τῶν
771 4329 867 4397 τὴν
920 4327 1145 4393 ἀγάπην
1194 4325 1640 4389 ὲξουθενούντων,
1678 4324 1773 4376 καί

194 4424 339 4476 οὓτω
371 4420 891 4487 κατανωτιζομένων
925 4421 1018 4473 καὶ
1042 4420 1138 4487 τὴν
1168 4417 1225 4482 ἐξ
1256 4418 1464 4469 ἐκείνου
1496 4415 1769 4483 βοήθειαν.

198 4513 439 4583 Πυνηροὶ
468 4513 515 4564 oi
554 4514 627 4582 μὴ
662 4512 984 4577 ἀγαπῶντες
1006 4526 1018 4539 ·
1062 4510 1330 4579 πονηροὺς
1355 4509 1409 4560 δὲ
1444 4510 1470 4561 ό
1509 4509 1683 4576 φίλιος
1710 4510 1771 4561 οὺ

1946 2118 2036 2174 43.
2087 2118 2382 2191 ﬂuensque
2409 2138 2538 2179 vero
2592 2123 2660 2179 de
2718 2139 2868 2179 more
2898 2125 3135 2195 praedico
3175 2125 3352 2189 vobis,
3389 2136 3449 2182 ut

1874 2215 2252 2284 praeparentini
2293 2214 2360 2267 ad
2397 2216 2689 2271 instantem
2720 2216 2916 2287 jejunii
2955 2219 3444 2275 sanctilicationem

1874 2306 1979 2360 illis
2014 2306 2210 2370 modis,
2244 2307 2399 2375 queis
2428 2307 2580 2361 vobis
2629 2308 2885 2364 adulator
2917 2312 3242 2380 suppositus
3296 2327 3442 2367 sum.

1873 2395 1992 2452 Non
2024 2399 2169 2452 enim
2204 2398 2376 2453 habeo
2428 2400 2610 2455 dicere
2642 2402 2938 2471 quidquam
2980 2405 3090 2458 illis
3124 2405 3322 2459 melius
3354 2404 3443 2459 vel

1874 2490 2189 2559 perfectius.
2233 2489 2316 2544 Sit
2371 2502 2553 2545 autem
2587 2495 2744 2547 vobis
2785 2494 2980 2563 jejunii
3025 2495 3133 2550 Deo
3170 2496 3445 2565 placentis

1875 2582 2283 2636 condimentum
2325 2598 2432 2636 non
2483 2586 2661 2637 solum
2715 2585 2817 2638 cibi
2869 2587 3129 2653 parcitas,
3190 2596 3243 2644 et
3290 2590 3447 2642 firma

1876 2673 2259 2739 temperantia,
2318 2687 2439 2742 qua:
2503 2674 2774 2742 plerisque
2830 2674 3008 2729 facilia
3058 2686 3210 2740 sunt,
3254 2678 3347 2733 sed
3392 2691 3447 2733 et

1873 2764 2109 2817 maxime
2165 2779 2292 2833 erga
2345 2779 2611 2833 pauperes
2671 2767 3040 2821 misericordia
3090 2769 3243 2837 juxta
3303 2771 3448 2823 vires

1874 2857 2111 2911 exercita
2143 2873 2158 2921 ;
2197 2872 2357 2926 quam
2404 2872 2502 2911 nec
2536 2859 2706 2928 ipsam
2758 2860 2977 2929 ahjiciet
3008 2862 3253 2915 omnium
3285 2865 3450 2917 mise-

1876 2957 2026 3001 rator
2060 2948 2224 3012 Dens,
2260 2951 2351 3018 qui
2382 2965 2487 3003 non
2525 2951 2699 3005 solum
2740 2954 2891 3021 ponit
2924 2954 2975 3006 in
3017 2953 3187 3009 multo
3212 2955 3443 3008 elecmo-

1871 3054 2021 3108 syna:
2053 3042 2502 3107 magnitudinem,
2564 3041 2658 3095 sed
2708 3042 2868 3094 etiam
2910 3042 2962 3094 in
3017 3056 3193 3110 paucn
3232 3042 3447 3096 viribus

1873 3136 2256 3199 respondente,
2292 3132 2387 3186 sed
2422 3140 2475 3185 et
2515 3133 2565 3185 iu
2599 3133 2717 3200 ipso
2751 3132 3106 3200 paucissimo,
3142 3133 3187 3186 si
3218 3133 3323 3187 hoc
3357 3135 3443 3201 ip-

1874 3238 1994 3275 sum
2033 3222 2273 3275 hilariter
2306 3232 2354 3276 et
2386 3225 2620 3277 discrete
2659 3224 2838 3277 detur.
2872 3222 3027 3289 Quod
3061 3232 3245 3279 autem
3276 3226 3329 3279 in
3359 3226 3445 3278 his

1877 3313 2007 3368 utile
2042 3314 2119 3366 sal
2153 3323 2461 3381 reputatur,
2497 3328 2596 3368 nec
2635 3314 2812 3382 ipsum
2850 3314 3015 3369 desit.

1944 3406 2031 3459 Η.
2072 3404 2165 3459 Est
2199 3414 2379 3459 autem
2419 3404 2562 3459 istud
2596 3406 2861 3469 charitas,
2899 3407 3097 3476 adeptu
3153 3407 3308 3463 facile
3343 3408 3444 3463 bo-

1872 3512 2023 3562 num,
2056 3496 2352 3549 dummodo
2397 3497 2624 3550 velimus
2684 3513 2900 3551 sursum
2944 3500 3191 3566 aspicere
3217 3510 3273 3554 et
3297 3516 3447 3568 qua:-

1874 3603 2015 3652 rcrc,
2068 3586 2283 3641 difficile
2338 3603 2466 3642 vero
2509 3589 2732 3642 inventu
2784 3590 2829 3643 si
2875 3590 3203 3646 claudamus
3250 3594 3444 3646 oculos

1871 3691 1922 3735 et
1955 3683 2314 3750 inquiramus,
2350 3683 2415 3735 de
2448 3695 2553 3749 qua
2583 3697 2704 3735 cum
2741 3683 2887 3735 mille
2918 3698 3199 3738 sermones
3230 3685 3444 3739 inf‘ude-

1875 3776 2072 3837 rimus,
2128 3774 2312 3829 nescio
2350 3791 2416 3827 an
2453 3775 2636 3829 aridas
2694 3776 2758 3827 ad
2828 3776 3175 3835 dilectionem
3229 3778 3437 3831 animas

1875 3865 2354 3927 madefecerimus,
2378 3874 2431 3917 et
2449 3865 2514 3917 ad
2544 3863 3015 3919 frttctilicationem
3044 3869 3446 3934 aperuerimns.

1872 3957 1976 4011 lsta
2002 3956 2386 4026 praetermissa,
2421 3955 2616 4008 frustra
2644 3957 3013 4011 laborabimus
3043 3966 3263 4012 orantes
3291 3968 3346 4011 et
3364 3958 3448 4026 je-

1868 4045 2151 4114 junantes,
2189 4053 2243 4098 et
2302 4043 2741 4113 genuﬂectentes,
2769 4055 2822 4099 et
2852 4047 3161 4113 vigilantes,
3198 4057 3251 4100 et
3280 4049 3441 4101 mise-

1877 4137 2171 4191 ricordiam
2207 4146 2549 4201 exercentes,
2578 4146 2630 4190 et
2664 4140 2931 4206 lacrymas
2966 4137 3259 4193 fundentes
3297 4157 3309 4193 :
3346 4141 3442 4192 im-

1876 4228 2133 4295 possibile
2189 4227 2330 4279 enim
2363 4235 2463 4291 est,
2499 4227 2645 4293 quod
2687 4226 2851 4291 Dens,
2897 4228 3014 4296 ipsa
3062 4231 3323 4292 charitas,
3352 4232 3443 4282 ali-

1876 4320 2001 4386 quid
2034 4319 2267 4386 accipiat
2320 4334 2387 4372 ex
2420 4320 2505 4372 his
2540 4322 2630 4385 qui
2662 4318 2983 4373 charitatem
3046 4322 3444 4389 parvipentlunt

1875 4418 1930 4463 et
1984 4410 2061 4464 sic
2088 4408 2350 4461 auxilium
2387 4424 2452 4461 ex
2484 4409 2577 4461 illo
2616 4416 2996 4464 contemnunt.
3033 4407 3158 4462 Mali
3195 4422 3324 4464 sunt
3349 4412 3441 4478 qni

1879 4516 1986 4555 non
2046 4500 2245 4553 habent
2292 4499 2649 4562 charitatem;
2712 4499 2885 4553 malos
2926 4507 3107 4554 autem
3171 4509 3445 4568 preteetor

197 4605 509 4676 προσίεται.
545 4602 752 4655 ’Λδικοι
774 4604 822 4654 οἱ
864 4602 937 4670 μὴ
968 4601 1289 4667 ἀγαπῶντες
1311 4617 1326 4631 ·
1362 4601 1571 4662 ἀδίκοις
1591 4600 1645 4654 δὲ
1675 4601 1775 4653 οὐκ
1808 4605 1852 4660 ι)

1808 4594 2188 4660 Ddilectionis
2220 4591 2452 4657 benigne
2504 4608 2609 4645 non
2646 4592 3013 4661 prosequitur.
3066 4590 3261 4658 lnjusti
3314 4602 3440 4646 sunt

197 4699 503 4765 ἐπιλάμπει
537 4697 564 4747 ὁ
620 4695 720 4762 τῆς
757 4692 1101 4760 δικαιοσύνης
1151 4693 1320 4761 ἣλιος.
1374 4691 1537 4744 Οὐδὲν
1571 4692 1776 4759 ἀγαθὸν

199 4790 355 4858 παρὰ
409 4786 523 4848 τοῖς
557 4784 631 4854 μὴ
665 4784 958 4852 ἀγαπῶσιν
980 4800 991 4811 '
1026 4786 1054 4835 ό
1082 4784 1138 4835 δὲ
1173 4784 1305 4847 Θεὸς
1342 4784 1564 4851 ἀγαθῶν
1600 4785 1774 4837 ἀπάνε-

196 4895 306 4930 των
331 4878 523 4937 αἴτιος.
556 4875 824 4928 Κοινωνία
848 4873 938 4927 οὖν
960 4874 1186 4942 οὐδεμία
1214 4878 1323 4938 τοῖς
1353 4876 1613 4938 τοιούτοις
1639 4874 1777 4944 πρὸς

198 4971 286 5022 τὸν
317 4968 476 5020 θεόν.
514 4965 843 5036 Βοηθητικὸν
876 4967 909 5033 ἡ
940 4966 1150 5033 ἀγάπη,
1211 4967 1509 5034 ἐπικουρεῖ,
1555 4984 1776 5035 συμμα-

198 5063 305 5131 χεῖ,
354 5059 573 5126 θερμῶς
630 5058 943 5124 ὑπερπονεί.
1011 5057 1262 5110 Πονείται
1304 5056 1576 5125 όλοψύχωι
1638 5058 1774 5127 ὑπὲρ

198 5152 310 5205 τῶν
332 5152 737 5218 ἀγαπωμένων,
768 5151 861 5201 καὶ
894 5150 989 5219 τὴν
1019 5148 1198 5217 ψυχὴν
1218 5147 1381 5201 αὑτοῦ
1403 5148 1613 5217 τίθησιν
1637 5149 1774 5217 ὑπὲρ

203 5244 383 5298 αὐτῶν
403 5260 415 5271 ·
453 5242 632 5295 πάντα
656 5239 875 5310 πάσχει,
907 5241 1085 5294 πάντα
1113 5242 1273 5305 ποιεῖ,
1308 5241 1483 5295 πάντα
1513 5240 1773 5308 ὑπομένει

199 5339 227 5387 ὁ
254 5334 517 5404 ἀγαπῶν.

276 5512 387 5585 με’.
414 5513 481 5565 Τί
505 5511 571 5565 ἂν
594 5511 825 5580 ὠφελοίη
848 5510 979 5576 ζῶν,
1020 5510 1053 5582 ἢ
1083 5511 1165 5574 τίς
1187 5510 1349 5564 αὐτοῦ
1379 5512 1534 5582 χρεία
1560 5515 1617 5565 ἐν
1644 5512 1770 5582 βίῳς

212 5608 414 5675 Ὁρᾶτε
447 5602 582 5674 πρὸς
603 5602 660 5655 τὸ
700 5607 792 5655 καὶ
822 5602 1035 5671 πρῶτον
1066 5604 1160 5655 καὶ
1211 5602 1370 5671 μόνον
1396 5604 1487 5656 καὶ
1519 5603 1772 5672 μέγιστον

207 5702 261 5751 tv
287 5700 404 5760 τοῖς
441 5695 567 5765 ἀρτι
594 5695 967 5765 παράδειγμα,
998 5696 1089 5747 τὸν
1110 5696 1508 5765 αὐτοκράτορα,
1549 5697 1603 5757 ὃς
1637 5698 1770 5763 ἀγαο

209 5789 327 5841 πῶν
354 5788 445 5841 τὸν
472 5787 694 5855 κόσμον,
729 5781 817 5839 οἷα
838 5787 932 5838 καὶ
970 5787 1048 5848 είς
1077 5785 1195 5839 θεὸν
1226 5787 1375 5856 αὐτῷ
1410 5788 1772 5855 ἐπικεκλημέ-

211 5896 298 5939 vo;
332 5877 471 5948 μετά
508 5876 600 5931 τὸν
656 5877 1070 5946 ὑπερθυράνιον,
1118 5877 1306 5933 οὐσίαν
1353 5878 1541 5948 ὥσπερ
1597 5879 1770 5949 ἑαυτῷ

1879 4699 1986 4739 non
2034 4688 2311 4736 amantes:
2336 4682 2556 4749 iniustis
2594 4692 2773 4734 autem
2806 4696 2913 4735 non
2947 4681 3215 4735 illucescit
3243 4682 3323 4736 sui
3352 4682 3445 4749 ju~

1878 4776 2057 4830 stitize.
2110 4773 2253 4827 Nihil
2283 4774 2409 4828 boni
2473 4774 2621 4827 venit
2660 4787 2689 4825 a
2720 4787 2829 4826 non
2880 4772 3208 4829 habentibus
3258 4774 3444 4827 chari-

1877 4875 2044 4921 tatem
2078 4884 2091 4920 Ξ
2127 4866 2265 4921 Deus
2295 4874 2475 4918 autem
2508 4865 2750 4919 omnium
2785 4864 3053 4918 bonorum
3097 4874 3183 4919 est
3227 4879 3444 4919 αυειοτ.

1876 4957 2035 5013 Nulla
2082 4960 2240 5027 igitur
2278 4957 2477 5010 talibus
2505 4956 2571 5009 ad
2618 4956 2783 5008 Deum
2815 4964 2897 5009 est
2928 4956 3292 5024 participatio.
3326 4959 3441 5010 Au...

1879 5051 2119 5104 xi'hutrix
2150 5058 2233 5103 est
2264 5050 2526 5109 charitas,
2562 5048 2858 5111 succurrit,
2896 5048 2949 5100 in
2988 5063 3162 5117 pugna
3195 5049 3440 5116 adjuvat.

1878 5144 2144 5197 ferventer
2193 5141 2517 5196 collaborat.
2551 5138 2630 5193 Ex
2679 5141 2865 5194 animo
2915 5140 3169 5209 fatigatur
3222 5153 3443 5208 propter

1876 5235 2109 5289 dilectos
2136 5240 2187 5287 et
2211 5234 2444 5285 animam
2489 5246 2644 5285 suam
2702 5247 2799 5300 pro
2860 5231 2992 5299 ipsis
3031 5231 3220 5298 ponit:
3259 5231 3435 5283 omnia

1877 5327 2088 5388 suffert,
2134 5323 2314 5377 omnia
2344 5322 2494 5387 facit,
2526 5322 2710 5377 omnia
2757 5321 2995 5376 sustinet
3048 5322 3143 5391 qui
3195 5320 3442 5377 charm--

1878 5427 1983 5470 ictu
2020 5417 2199 5469 habet.

1952 5509 2038 5563 45.
2075 5508 2215 5574 Quid
2263 5507 2453 5560 vivens
2486 5503 2791 5575 prodesset,
2819 5503 2902 5557 vel
2933 5504 3078 5573 quod
3114 5502 3263 5557 illius
3291 5510 3439 5557 esset

1881 5606 1932 5656 in
1968 5603 2073 5653 vita
2110 5597 2505 5653 commodum?
2533 5596 2823 5650 Intuemini
2860 5596 3096 5665 primum
3150 5604 3206 5650 et
3258 5596 3438 5650 solum

1874 5704 1927 5747 ct
1962 5693 2253 5746 niaximum
2286 5691 2497 5743 illorum
2533 5689 2626 5757 qui
2657 5701 2803 5741 nunc
2842 5696 2970 5741 sunt
2994 5687 3292 5756 exemplar,
3332 5687 3439 5741 Do-

1877 5786 2081 5839 minum
2118 5784 2571 5850 omnipotentem,
2605 5780 2699 5848 qui
2746 5778 2974 5848 diligens
3003 5776 3293 5841 mundum,
3317 5788 3437 5831 tan~

1876 5894 2033 5949 quam
2086 5876 2200 5946 ipse
2256 5875 2387 5930 deus
2422 5885 2546 5943 post
2611 5873 3056 5942 supercmlestem
3108 5871 3434 5943 deputatus,
