4210 6438
716 382 829 446 690

1436 383 1860 443 EUSTATIIII
1900 382 2190 443 THESSA
2204 381 2343 441 [ΟΝ
2362 382 2376 439 1
2393 380 2667 442 CENSIS
2690 382 3266 444 METROPOI.IT.E

3877 389 3997 451 ’ἵοη

710 508 855 565 eoat,
909 497 1052 554 sicut
1108 497 1405 568 spiritualis
1464 500 1629 553 ardor
1678 511 1981 568 opportune
2042 499 2293 553 lucescit.

2409 515 2494 565 μοι
2531 500 2586 560 ἐς
2618 499 2718 567 τὴν
2745 499 3123 561 διδασκαλίαν.
3154 503 3229 565 ὡς
3262 504 3293 571 ή
3326 504 3465 556 κατὰ
3495 503 3678 575 ψυχὴν
3708 506 3997 576 θερμότης

711 593 867 658 Quod
890 603 1070 649 autem
1092 595 1155 646 de
1181 592 1403 647 civitate
1430 606 1613 649 nostra
1660 595 1929 665 spirituali
1964 596 2291 648 mentionem

710 682 843 744 feci,
900 699 1059 752 quam
1120 694 1311 737 natura
1378 684 1668 749 ordinavit,
1733 686 1874 740 Dens
1932 684 2295 739 consolidavit

710 790 836 829 cum
872 775 924 829 iu
974 774 1159 841 liuent,
1199 787 1256 830 ut
1285 776 1466 829 onmia
1500 779 1704 845 optime
1748 777 2200 831 administrentur
2231 792 2292 829 ae

710 869 1106 937 guberueutur,
1142 869 1193 922 id
1216 870 1416 922 dictum
1445 870 1602 922 velim
1637 872 1781 938 quod
1818 869 2001 923 outuia
2038 885 2294 938 prospere

711 960 1005 1014 succedent
1035 970 1090 1015 et
1126 961 1329 1030 optime
1352 963 1649 1017 eoostituta
1688 973 1867 1018 erunt.
1892 964 2123 1028 Quando
2150 964 2293 1016 enitn

709 1054 905 1107 oculus
952 1066 1114 1108 recto
1180 1056 1382 1108 intuitu
1440 1065 1635 1124 praeest
1692 1065 1749 1108 ut
1808 1057 1979 1115 decet.
2038 1057 2292 1125 tangendi

701 1143 928 1215 quoque
980 1162 1173 1201 sensus
1209 1147 1312 1202 rite
1355 1148 1794 1217 obtemperabit;
1836 1149 1880 1202 si
1914 1150 2163 1219 gustandi
2196 1150 2294 1203 de-

712 1239 840 1295 inde
882 1242 1303 1295 instrumentum
1347 1243 1485 1297 bene
1510 1242 1720 1312 judicat
1750 1254 1804 1297 et
1835 1259 1933 1297 nos
1970 1245 2128 1298 docet
2156 1258 2279 1312 quo-

711 1333 873 1386 modo
920 1343 1192 1403 unguenta
1246 1335 1675 1391 administranda
1734 1347 1884 1400 sunt,
1934 1347 2127 1406 gustus
2180 1338 2297 1404 ipse

711 1439 940 1480 munere
968 1441 1069 1479 suo
1104 1426 1205 1480 rite
1239 1427 1516 1495 fungetur.
1550 1428 1758 1483 Sensus
1790 1430 2064 1483 auditivns
2092 1427 2206 1493 ubi,
2237 1437 2295 1482 ut

712 1514 890 1579 decet,
921 1532 1021 1572 nos
1053 1519 1200 1574 ducit
1244 1520 1298 1574 in
1336 1521 1497 1575 rebus
1547 1522 1627 1576 sni
1665 1522 1901 1590 generis,
1943 1521 1995 1574 id
2043 1520 2209 1575 efficit
2238 1529 2296 1574 ut

712 1616 892 1663 tactus
923 1610 1106 1666 minus
1136 1622 1301 1676 erret,
1330 1623 1523 1667 contra
1548 1615 1690 1682 quod
1720 1614 1882 1683 judex
1911 1612 2211 1681 praesertim
2239 1612 2293 1667 in

713 1715 941 1755 lnnuere
975 1704 1223 1757 obeundo
1257 1719 1317 1758 se
1354 1706 1527 1772 ipsmn
1556 1707 1855 1760 custodiet.
1898 1704 2092 1760 Gnstui
2133 1719 2295 1772 porro

714 1793 769 1846 in
812 1794 879 1848 iis
908 1809 1029 1863 qua:
1074 1796 1140 1849 ad
1177 1812 1302 1850 eum
1336 1805 1585 1866 spectant
1612 1807 1778 1852 certa:
1813 1797 2013 1867 regula:
2046 1796 2295 1865 praescri-

2404 588 2659 654 ὲξέζεσεν
2698 592 2799 643 οὐκ
2830 592 2937 655 ἔξω
2992 590 3208 660 καιροῦ.
3249 593 3314 644 ’0
3366 593 3423 646 δὲ
3466 592 3676 662 ἔλεγον,
3713 614 3732 647 ι
3771 598 3872 663 τῆς
3932 598 3994 647 ἐν

2398 683 2535 749 ἡμῖν
2596 683 2973 752 ἀκροπόλεως.
3015 703 3033 736 ι
3072 686 3141 754 ἢν
3198 685 3361 752 φύσις
3420 685 3523 754 μὲν
3575 688 3991 757 ἐπιτεταγμὲνη

2395 773 2815 845 ᾠκοδομήσατο,
2841 776 2870 828 6
2889 777 3022 839 Θεὸς
3044 777 3099 830 δὲ
3126 777 3421 848 συμπήξας
3443 778 3798 849 ἐστερέωσεν,
3830 780 3987 848 ἑχού-

2398 884 2501 933 σης
2530 867 2589 920 εὖ
2617 868 2728 920 τῶν
2759 869 2873 923 ἄνω
2903 870 3311 939 ἐφισταμένων,
3344 872 3687 941 στρατηγίας
3716 873 3865 934 τινος
3893 873 3993 924 xa‘.

2395 957 2721 1028 ταξιαρχὲας
2756 959 2932 1031 δίκην,
2980 961 3079 1013 καὶ
3120 962 3189 1014 τὰ
3219 961 3382 1015 λοιπὰ
3422 960 3482 1014 εὖ
3528 962 3985 1033 καθεστήξονται.

2411 1051 2728 1122 Ὀψθαλμοῦ
2763 1054 2872 1122 γὰρ
2917 1054 3056 1124 ὀρθᾶ
3109 1054 3403 1123 βλέποντος
3444 1056 3538 1107 καὶ
3569 1056 3987 1118 ἐπιτάσσοντος.

2394 1137 2470 1197 ὧν
2502 1144 2774 1198 ἅπτεσθαι
2816 1145 2938 1199 δέον
2971 1146 3111 1212 ἐστὶ,
3141 1147 3517 1201 ὑπακούσεται
3569 1149 3787 1209 πάντως
3817 1150 3917 1200 καὶ
3957 1149 3990 1216 ὴ

2395 1236 2526 1305 ἁφή.
2578 1237 2937 1308 Ὀσςρρήσεως
2968 1238 3439 1309 γνωματευούσης
3467 1239 3668 1309 ὀρθῶς,
3698 1241 3855 1303 ὅπως
3881 1242 3991 1308 χρὴ

2394 1328 2858 1400 διοικονομεῖσθαι
2907 1332 3009 1401 τὴν
3064 1333 3287 1403 ἐπαφὴν
3335 1332 3432 1385 τοῦ
3491 1333 3823 1403 μυροῦσθαι,
3886 1336 3990 1385 οὐκ

2396 1422 2511 1476 ἐσθ’
2544 1423 2694 1485 ὅπως
2733 1424 3196 1494 ἀμαρτηθήσεται
3235 1428 3266 1493 ἡ
3304 1425 3569 1492 ἀνάλογος
3615 1426 3754 1497 ἁφή.
3787 1426 3991 1495 Ἐγριο

2396 1532 2489 1568 νεν
2538 1516 2573 1583 ἠ
2623 1516 2931 1587 ἀκουστικὴ
2989 1517 3126 1587 πρὸς
3181 1518 3476 1588 ὀρθότητα,
3535 1517 3696 1570 τίνων
3753 1517 3989 1579 δεόντως

2397 1607 2621 1668 ἁπτέον.
2653 1609 2748 1661 καὶ
2782 1608 2898 1671 πῶς
2926 1607 2992 1661 ἂν
3014 1611 3049 1678 ἡ
3084 1609 3197 1678 ἁφὴ
3219 1611 3536 1680 τυραννήσῃ
3566 1610 3707 1662 κατὰ
3730 1607 3832 1678 τῆς
3864 1609 3992 1678 κρε-

2399 1716 2561 1762 σεως,
2595 1695 2665 1772 ἧς
2690 1700 2865 1763 οὐδεὶς
2911 1700 3111 1769 ὲφέτης
3140 1701 3575 1772 ·ὑπερκάθηται.
3614 1702 3993 1754 Πεπαίδευται

2397 1791 2430 1861 ἠ
2457 1790 2648 1860 γεῦσις
2680 1792 2950 1847 ἅπτεσθαι
2974 1793 3085 1847 τῶν
3113 1795 3235 1848 κατ’
3268 1796 3493 1866 ἐντολήν
3512 1811 3525 1825 ·
3550 1796 3666 1865 (καὶ
3698 1795 3831 1847 ποία
3854 1795 3990 1864 θρα·

710 1893 819 1953 ptze
849 1897 995 1951 sunt,
1024 1903 1163 1956 quas
1207 1891 1469 1943 audacter
1505 1889 1860 1959 prartergredi
1892 1889 1973 1944 fas
2020 1903 2123 1943 non
2171 1900 2292 1955 est;

2409 1884 2571 1953 σύτης
2605 1884 2744 1955 αὐτῇ
2799 1885 3186 1954 ἐγγενήσεται,
3232 1888 3724 1958 κατεπιχειρῆσαι,
3763 1888 3863 1941 καὶ
3895 1889 3997 1952 τὴν

709 1987 763 2033 et
801 1993 928 2034 ecce
963 1979 1051 2035 hic
1073 1997 1288 2050 quoque
1335 1983 1438 2036 ima
1479 1998 1602 2037 eum
1631 1982 1860 2037 summis
1896 1983 2214 2047 miscentur,
2242 1991 2297 2036 et

713 2086 855 2139 eptts
904 2073 994 2126 Dei
1045 2076 1280 2129 maxime
1306 2077 1605 2145 egregium,
1637 2077 1799 2129 homo
1830 2076 2297 2147 iuteger,jejuna-

715 2172 802 2216 tor
821 2165 1065 2232 prudens
1104 2181 1231 2220 cum
1276 2167 1461 2221 divino
1495 2168 1754 2235 psalterio
1784 2168 2026 2222 concinit
2060 2177 2115 2222 et
2146 2169 2298 2222 auri-

718 2254 822 2311 bus
850 2258 1131 2327 mentique
1160 2259 1285 2311 dum
1313 2258 1382 2314 ab
1413 2259 1622 2314 artifice
1650 2260 1898 2328 pulsatur
1932 2259 2225 2315 satisfacit.

784 2521 875 2576 30.
915 2522 1039 2578 Haec
1058 2538 1181 2577 cum
1202 2538 1414 2593 eo,qno
1434 2524 1671 2581 diximus
1694 2527 1857 2581 modo
1879 2527 2133 2583 instituta
2168 2531 2300 2595 sint,

715 2632 1010 2671 numerum
1043 2631 1107 2671 ac
1140 2617 1456 2687 rhythmum
1492 2618 1542 2672 in
1567 2619 1728 2675 rebus
1758 2635 1877 2690 qum
1902 2623 1967 2675 ad
1997 2622 2300 2677 doctrinam

715 2718 965 2777 spectant
986 2724 1195 2779 ponere
1246 2712 1538 2776 debemus;
1573 2711 1651 2767 sic
1702 2716 1847 2767 enim
1900 2728 2053 2768 sacra
2110 2715 2303 2769 concio

717 2816 826 2854 non
861 2800 1080 2854 habebit
1122 2801 1189 2855 de
1212 2815 1323 2871 quo
1386 2810 1666 2871 gravetur.
1743 2802 2042 2871 Diligenter
2116 2818 2298 2858 autem

716 2892 787 2947 ab
820 2891 977 2947 initio
1024 2906 1197 2962 usque
1227 2897 1294 2947 ad
1360 2893 1520 2947 finem
1591 2894 1930 2949 observanda
2012 2905 2139 2950 sunt
2184 2911 2305 2965 qua:

716 2984 934 3038 divinus
957 2998 1132 3039 canon
1168 2984 1235 3040 iis
1274 2985 1366 3056 qui
1392 2985 1659 3056 jejunium
1695 2995 1954 3042 exercent
1976 2988 2302 3057 praescribit.

718 3076 850 3141 Quae
882 3078 1102 3146 quidem
1133 3078 1482 3134 observantia
1537 3079 1605 3133 ad
1644 3079 1901 3134 virtutem
1958 3091 2087 3136 ante
2119 3082 2303 3135 omnia

719 3177 950 3237 spectat,
984 3170 1184 3223 nedum
1219 3170 1381 3225 rebus
1413 3170 1658 3227 futilibus
1688 3171 1920 3226 studeat.
1960 3171 2149 3227 Omnis
2209 3185 2308 3225 au-

722 3268 830 3311 tem
872 3260 1045 3313 virtus
1074 3260 1219 3315 circa
1256 3261 1491 3315 medium
1533 3261 1786 3326 vertitur,
1838 3276 2002 3330 quam
2040 3262 2125 3317 vir
2162 3262 2305 3332 sapi-

723 3364 844 3414 eus,
874 3351 1029 3418 cujus
1058 3352 1240 3407 studia
1267 3352 1414 3407 circa
1449 3368 1631 3408 mores
1681 3356 2183 3423 versantur,-probe
2208 3370 2306 3411 no-

724 3441 804 3495 vit
850 3450 905 3496 et
939 3444 1116 3513 magni
1148 3442 1300 3499 facit.
1352 3442 1420 3498 Et
1472 3445 1599 3499 huic
1642 3443 1859 3513 quidem
1915 3460 2014 3501 nos
2042 3446 2306 3502 maximo-

724 3548 855 3602 pere
886 3535 1106 3591 stndere
1154 3535 1435 3601 debemus,
1471 3536 1517 3591 si
1570 3536 1788 3591 virtutis
1827 3551 1993 3606 opera
2050 3551 2307 3595 exercere

730 3621 889 3676 nobis
952 3623 1106 3678 cordi
1158 3633 1263 3680 est.
1324 3623 1451 3680 llaec
1510 3626 1656 3680 enim
1736 3626 2085 3697 pulchritudo
2127 3628 2307 3684 varias

722 3726 971 3769 assttmet
1002 3715 1232 3781 formas,
1273 3720 1363 3773 ubi
1415 3720 1554 3774 Dens
1584 3719 1897 3777 hominibus
1954 3737 2013 3777 se
2042 3721 2308 3776 mediato-

730 3820 844 3859 retn
874 3809 1186 3872 praebuerit.
1231 3810 1539 3865 Divinitatis
1574 3812 1758 3881 lgitttr,
1813 3811 2030 3877 fratres,
2089 3822 2145 3866 et
2197 3828 2311 3868 me-

730 3900 950 3954 dietatis
983 3903 1246 3956 rationem
1283 3904 1599 3970 habeamus,
1628 3907 1781 3975 cujus
1810 3907 1963 3960 venia
1984 3916 2039 3960 et
2073 3907 2309 3962 visibilia

731 4001 787 4044 et
822 3990 1114 4046 invisibilia
1162 3993 1463 4049 cernimus.
1508 3995 1638 4049 Dein
1670 3997 1758 4050 ubi
1791 3998 2041 4051 examine
2077 3997 2219 4050 facto
2256 3997 2309 4051 in

733 4082 1026 4137 medietate
1083 4085 1258 4138 ideam
1311 4087 1689 4141 rationabilem
1753 4089 2030 4142 videamus
2067 4090 2315 4143 conside-

732 4186 918 4229 rantes
953 4178 1095 4242 quod
1139 4177 1173 4230 ii
1203 4177 1293 4245 qui
1328 4179 1561 4231 medium
1592 4180 1734 4248 quod
1766 4181 1887 4249 plus
1921 4195 2081 4248 quam
2121 4182 2319 4234 huma-

736 4280 862 4317 num
881 4277 983 4331 est,
1009 4268 1311 4333 transgredi
1337 4269 1555 4333 audent,
1582 4270 1718 4339 jam,
1744 4280 1947 4323 mutata
1976 4271 2174 4333 indole,
2206 4286 2314 4325 non

736 4356 1007 4419 homines.
1046 4359 1140 4412 sed
1177 4359 1351 4427 angeli
1396 4374 1457 4411 ac
1487 4360 1744 4413 ctelieolm
1777 4369 2092 4414 evaserunt.
2123 4361 2314 4415 Plures

735 4446 991 4515 deinceps
1008 4448 1158 4502 fuere
1182 4449 1274 4518 qui
1299 4451 1571 4504 hominem
1589 4466 1653 4505 eo
1668 4467 1774 4521 quo
1796 4467 1894 4519 par
1914 4468 2016 4505 non
2041 4462 2318 4521 erat,per-

2398 1976 2566 2047 ὀρθὴν
2600 1977 2928 2049 διαστρέψαι
2984 1979 3271 2034 παίδευσιν
3299 1980 3340 2050 ;)
3379 1981 3475 2033 καὶ
3522 1980 3655 2041 ἰδοὺ,
3700 1979 3995 2032 κάνταῦθα

2399 2069 2468 2123 τὰ
2499 2071 2652 2123 κάτω
2677 2071 2777 2142 τῆς
2810 2072 2925 2125 ἄνω
2959 2072 3254 2142 συνῆπται,
3285 2075 3383 2125 καὶ
3423 2072 3484 2125 τὸ
3512 2071 3609 2124 τοῦ
3640 2071 3780 2124 Θεοῦ
3810 2074 3953 2141 ἑμμ.
3973 2101 3995 2111 -

2400 2159 2493 2224 λὲς
2521 2159 2775 2230 ὄργανον,
2805 2162 2833 2213 6
2858 2160 3025 2224 καλὸς
3057 2161 3368 2232 ἄνθρωπος,
3406 2163 3435 2215 ό
3488 2162 3651 2231 σοφδς
3685 2164 3996 2231 uersari;

2401 2253 2481 2314 εἷς
2513 2232 2843 2322 συμφωνίαν
2866 2252 3154 2324 ψαλτηρίῳ
3182 2254 3315 2325 θείῳ
3342 2254 3663 2324 πρέπουσαν
3685 2255 3995 2324 ἥρμοσται,

2402 2343 2619 2413 χορδεῖν
2648 2344 2809 2396 ὁποῖα
2841 2344 3320 2415 συγκροτούμενον
3343 2345 3423 2416 τῷ
3454 2344 3765 2415 πενταδικῷ
3792 2345 3909 2397 τῶν
3936 2362 3997 2396 τε

2406 2438 2868 2506 προφαινομένων
2906 2438 3239 2507 αἰσθήσεων,
3277 2439 3373 2491 καὶ
3403 2439 3527 2491 ὅσαι
3559 2443 3700 2491 κατὰ
3730 2438 3889 2492 νοῦν.

2474 2527 2539 2581 λ’.
2571 2527 2793 2581 Τούτων
2842 2528 2907 2599 δὴ
2958 2527 3103 2582 οὕτω
3145 2529 3807 2600 διεσκευασμένωνγήμῖν
3858 2530 3968 2581 duo

2404 2616 2613 2679 λούθως
2644 2613 2727 2681 οἷς
2755 2621 3331 2691 προανεφωνήσαμεν,
3384 2621 3716 2692 ρυθμιστέον
3756 2622 3853 2673 καὶ
3900 2621 3999 2674 i1-

2407 2710 2516 2773 λως
2542 2712 2603 2764 τὸ
2631 2711 3037 2777 διδασκαλικὸν,
3069 2714 3146 2776 ὡς
3180 2714 3281 2767 οὐκ
3306 2712 3374 2767 ἂν
3401 2710 3556 2783 οἶμαι
3591 2713 3918 2784 βαρυνείται
3942 2715 4000 2764 τ’.

2406 2804 2532 2857 καθ’
2564 2805 2716 2874 ἡμᾶς
2768 2804 2914 2875 ἱερὸν
2961 2806 3243 2874 όμακόῖον.
3296 2805 3575 2859 Σπουδαία
3630 2807 4000 2875 πραγματεία

2409 2897 2698 2967 πρόκειται
2724 2896 2857 2966 ἡμῖν
2889 2897 2997 2949 ἀπὸ
3023 2896 3125 2965 τῆς
3155 2897 3279 2965 ἄρτι
3316 2897 3411 2949 καὶ⁸
3443 2896 3549 2959 ἕως
3579 2896 3885 2966 τέρματος,
3920 2899 4004 2955 εἰς

2408 2986 2548 3056 ὅπερ
2576 2987 2605 3039 6
2637 2985 2781 3049 θεῖος
2813 2984 2997 3039 κανὼν
3043 2987 3142 3049 τὰς
3177 2986 3484 3055 νηστίμους
3536 2986 3725 3056 ὥρισε.
3759 3004 3778 3037 ι
3814 2987 4002 3038 Σπου-

2408 3078 2567 3133 δαίαν
2613 3097 2631 3130 t
2680 3077 2739 3132 δέ
2771 3096 2955 3149 φαμεν
2979 3077 3081 3147 τὴν
3121 3076 3245 3131 κατ’
3272 3079 3500 3148 ἀρετὴν,
3529 3079 3589 3131 ού
3636 3077 3744 3147 μὴν
3774 3078 3879 3146 τὴν
3909 3078 3968 3130 ἆ)
3992 3109 4005 3116 -

2410 3169 2519 3232 λως
2574 3168 2961 3221 κενόσπουδον.
3001 3168 3197 3237 Ἀρετὴ
3229 3167 3286 3219 δὲ
3314 3169 3467 3221 πᾶσα
3514 3169 3609 3220 καὶ
3644 3167 3779 3237 περὶ
3832 3169 4008 3235 [as-36°-

2411 3278 2550 3331 τητα
2581 3259 2901 3330 ἠσχόληται,
2930 3241 2998 3330 ἢν
3038 3258 3067 3310 6
3100 3257 3292 3327 ὴθικὸς
3328 3257 3594 3329 ἀκριϐοῦν
3638 3256 3748 3310 οἶδε
3792 3259 3962 3326 σοφός
3988 3272 4005 3288 ⁸

2416 3354 2512 3405 καὶ
2539 3351 2670 3405 αὐτὸ
2708 3351 2763 3403 δὲ
2809 3349 2969 3403 τοῦτο
3005 3349 3241 3418 μεσότης
3283 3349 3378 3402 καὶ
3427 3351 3543 3403 ἐστι
3577 3348 3672 3403 καὶ
3722 3350 4007 3416 ὀνομάζε-

2413 3462 2525 3500 ται.
2557 3442 2780 3513 Ταύτης
2803 3442 2899 3496 οῦν
2936 3443 3031 3495 καὶ
3067 3444 3201 3512 ἡμῖν
3242 3441 3574 3511 στοχαστέον
3619 3442 3693 3504 ὡς
3733 3441 4005 3510 μάλιστα,

2417 3538 2533 3608 εἴγε
2575 3535 2906 3608 βουλοίμεθα
2954 3535 3021 3589 τὰ
3080 3535 3218 3603 πρὸς
3278 3535 3482 3606 ἀρετὴν
3537 3535 4005 3606 διαπράττεσθαι.

2419 3632 2533 3685 Καὶ
2565 3631 2719 3684 ἔσται
2768 3629 2867 3700 μὲν
2896 3631 3031 3698 ἡμῖν
3073 3629 3167 3681 καὶ
3208 3629 3385 3691 ἄλλως
3414 3627 3477 3680 τὸ
3520 3629 3683 3681 καλὸν
3713 3628 3878 3680 τοῦτο
3912 3646 4011 3679 ττο-

2418 3723 2710 3793 λύτροπον,
2746 3720 2843 3774 τοῦ
2894 3720 3017 3788 Θεῷ
3075 3721 3171 3773 καὶ
3202 3718 3514 3790 ἀνθρώποις
3573 3720 4009 3789 μεσιτεύσαντος

2426 3815 2595 3885 μέσου
2620 3813 2914 3882 γινομένου
2940 3810 3219 3864 κάνταῦθα
3250 3812 3318 3863 τὰ
3351 3812 3430 3873 εἰς
3469 3812 3637 3880 ἡμᾶς.
3673 3810 4013 3879 Εὖπορτίῦνῖ-

2427 3926 2581 3960 σεται
2608 3906 2663 3958 δὲ
2698 3909 2814 3969 καὶ,
2847 3904 2923 3966 ὼς
2952 3905 2979 3956 6
3008 3903 3166 3970 λόγος
3197 3902 3359 3965 εὐθὺς
3394 3900 3842 3957 ύποτυπώσεται.
3874 3903 4008 3954 Στι-

2422 3999 2721 4069 χασώμεθα
2743 4000 2839 4065 τῆς
2863 3996 3142 4066 θεότητος,
3173 3995 3493 4064 μεσότητος,
3524 3988 3568 4046 ὦ
3604 3994 3846 4061 ἀδελφοὶ,
3885 3995 4011 4045 καθ’

2421 4092 2489 4159 ἣν
2522 4092 2579 4142 ὲν
2608 4090 2739 4158 ἡμῖν
2765 4088 2825 4140 τό
2851 4105 2909 4139 τε
2933 4086 3131 4155 ὁρατὸν
3156 4086 3495 4155 τεθεώρηται
3524 4085 3619 4137 καὶ
3646 4085 3709 4135 τὸ
3740 4086 4008 4153 ἀόρατον·

2423 4182 2518 4234 καὶ
2552 4180 2886 4249 σκεψάμενοι
2926 4177 3351 4248 ὲπινοησὼμεθα
3382 4177 3681 4247 μεσότητος
3727 4177 3879 4227 ἰδέαν
3926 4180 4014 4229 ἐῶ.-

2425 4273 2608 4338 ).ογον,
2637 4272 2734 4322 καὶ
2775 4270 3178 4338 ἱστορήσωμεν,
3212 4267 3287 4330 ὡς
3321 4268 3370 4319 οἱ
3409 4266 3507 4335 μὲν
3557 4267 3666 4318 τῶν
3696 4265 3825 4317 καθ’
3856 4268 4012 4335 ﬁgi;

2428 4362 2842 4431 ὑπεραναὸῆναι
2870 4361 2930 4413 τὸ
2976 4360 3098 4413 κατ’
3143 4360 3431 4427 ἄνθρωπον
3488 4361 3651 4428 μέσον
3697 4358 4013 4426 90.0%:er-

2431 4471 2646 4520 σαντες,
2672 4453 2987 4517 ἐϐιάσαντο,
3020 4452 3096 4521 μὴ
3127 4450 3313 4512 ἁπλῶς
3341 4449 3619 4519 ἄνθρωποι
3652 4452 3860 4518 μεῖναι,
3898 4452 4013 4502 ἀλλ’

737 4540 1029 4601 duxerunt,
1055 4540 1126 4592 ita
1144 4550 1201 4593 ιιι
1224 4550 1362 4593 terra
1384 4555 1503 4595 esse
1530 4543 1823 4607 noluerint,
1845 4543 1953 4597 imo
1971 4544 2022 4596 in
2054 4552 2302 4597 tartarun'

2426 4545 2683 4615 ἄντικρυς
2720 4542 3012 4611 νοωθῆναι,
3046 4543 3139 4594 καὶ
3169 4543 3248 4604 εἰς
3280 4540 3413 4609 ῦψος
3442 4540 3803 4608 ἀναθλιόἧναι
3838 4543 4016 4607 ἀγγε-

738 4644 799 4682 se
834 4632 1314 4699 praecipitaverunt.
1357 4632 1448 4687 Sic
1483 4634 1647 4703 igitur
1703 4651 1763 4690 re
1820 4650 2083 4704 perpensa
2116 4636 2302 4690 medie-

2424 4636 2597 4699 λικδν,
2649 4637 2743 4687 καὶ
2784 4632 3041 4702 γενέσθαι
3079 4633 3346 4703 οὐράνιοι.
3385 4631 3613 4692 Πλείους
3655 4631 3711 4683 δέ
3762 4647 3827 4695 γε
3862 4632 4018 4684 sua:

744 4729 907 4774 tatem
942 4721 997 4774 iu
1036 4722 1183 4777 hisce
1222 4726 1384 4779 rebus
1413 4728 1800 4796 ampleetamut
1828 4744 1850 4793 .;
1911 4737 1966 4781 et
2011 4728 2156 4797 quod
2222 4727 2302 4781 ali:

2424 4729 2740 4796 κατήγαγον
2770 4727 2862 4777 τὸν
2894 4724 3210 4795 ἄνθρωπον,
3256 4724 3335 4786 εἰς
3369 4723 3507 4792 ὅπερ
3550 4723 3651 4773 οὐκ
3686 4722 3881 4791 ἐχρῆν,
3921 4724 4016 4774 καὶ

743 4814 809 4864 ad
841 4815 1131 4869 velandum
1162 4818 1374 4884 prmditi
1410 4833 1515 4873 non
1552 4833 1739 4873 sumus
1788 4819 1988 4888 quibus
2041 4820 2093 4873 in
2158 4821 2302 4874 subii.

2426 4819 2528 4872 οὐκ
2558 4816 2858 4888 ἠγάπησαν
2890 4816 2997 4868 κᾶν
3031 4814 3163 4883 γοῦν
3203 4809 3343 4866 εἶναι
3378 4814 3471 4881 γῆ,
3508 4812 3624 4864 ἀλλ’
3662 4812 4016 4865 ύπεϐξδασαν

745 4920 885 4956 mem
915 4919 1093 4961 acrem
1125 4907 1238 4962 tolli
1306 4909 1602 4976 valeamus,
1670 4920 1960 4966 terrestres
2015 4910 2302 4966 animante:

2429 4911 2661 4973 ἑαυτοὺς
2692 4908 2767 4971 ὡς
2799 4909 2879 4971 εἰς
2937 4907 3236 4978 τάρταρον.
3281 4906 3393 4959 Καὶ
3438 4903 3584 4957 οὓτω
3620 4902 4015 4974 θεωρήσαντες

746 5009 871 5051 esse
899 5008 1234 5067 satagamus,
1275 4998 1418 5056 sicut
1459 5001 1574 5070 ipsa
1607 5010 1807 5066 natura
1848 5000 2114 5072 praacipit.

2429 5004 2594 5074 ἡμεῖς
2624 5000 2921 5071 γενώμεθα
2946 4999 3040 5053 τοῦ
3074 5000 3133 5051 ἐν
3172 4999 3385 5061 τούτοις
3422 4999 3593 5068 μέσου
3620 5014 3636 5028 ο
3668 5000 3767 5050 καὶ
3802 4998 3889 5050 ὅτι
3943 5000 4017 5067 μὴ

2433 5094 2611 5163 πτερὰ
2650 5092 2850 5162 ἔχομεν
2880 5090 3061 5160 φύειν,
3089 5089 3159 5143 δι’
3213 5082 3288 5141 ὧν
3344 5088 3460 5141 ἄνω
3505 5088 3867 5157 κουφίζεσθαι
3927 5092 4017 5142 δυο

2434 5185 2739 5255 νησόμεθα,
2774 5182 3104 5251 σπεύδοιμεν
3154 5180 3289 5233 ἀλλὰ
3319 5180 3451 5249 γοῦν
3492 5174 3637 5232 εἶναι
3686 5180 3869 5248 γήϊνοι
3926 5184 4019 5234 καὶ

2439 5276 2613 5340 ζωῖκὰ
2644 5275 2887 5342 φρονεῖν,
2912 5271 2988 5334 ὡς
3010 5272 3044 5342 ἠ
3073 5269 3173 5340 τῆς
3196 5270 3410 5339 φύσεως
3443 5268 3679 5340 ὀρθότης
3709 5271 4019 5335 κανονιςειν

2443 5367 2787 5438 προτίθεται.

2513 5460 2616 5513 λα’.
2645 5456 2783 5520 Βοῦς
2817 5456 2879 5509 οὐ
2909 5454 3193 5524 ψεύδεται,
3231 5453 3370 5524 ὅπερ
3408 5452 3578 5518 ἐστὶν,
3609 5454 3733 5506 om
3784 5455 3898 5515 τοῖς
3930 5453 4022 5505 τοῦ

764 5564 1042 5627 mulando,
1079 5576 1175 5615 nec
1210 5560 1559 5615 destinationi
1601 5573 1711 5612 sum
1769 5559 2045 5611 contraria
2083 5556 2231 5609 facit.
2268 5556 2302 5611 Ο

2445 5553 2616 5605 ἵππου
2649 5550 2840 5621 ἤθεσιν
2866 5541 3148 5601 ἐπιϐάλλει
3168 5563 3183 5578 ο
3210 5545 3399 5609 ἵππος,
3431 5545 3548 5597 ἀλλ’
3574 5545 3699 5598 οὐδὲ
3730 5545 3893 5607 αὐτὸς
3924 5562 4025 5597 παν

764 5655 847 5707 vis
872 5652 1117 5707 eamdem
1153 5666 1365 5719 semper
1403 5648 1871 5703 mansuetudinem
1904 5656 2172 5700 monstrat
2200 5663 2215 5709 ;
2252 5660 2302 5699 ea

2453 5642 2681 5713 ρανομεϊ
2711 5641 2780 5695 τὰ
2806 5639 2894 5709 ἐφ’
2924 5632 3005 5700 οἷς
3037 5637 3341 5706 παρῆκται.
3374 5635 3659 5705 Πρόδατον
3709 5636 3866 5703 μένει
3898 5635 4023 5700 εὔη-

767 5759 870 5813 pua
900 5755 957 5795 ut
986 5741 1265 5796 consuevit
1314 5742 1572 5809 pascitur,
1634 5750 1683 5792 et
1719 5739 1799 5791 sic.
1844 5746 2037 5791 ca'tera
2092 5737 2302 5791 animali

2451 5734 2541 5797 θες
2573 5732 2662 5786 διὰ
2691 5732 2831 5801 βίου.
2861 5731 2969 5784 Τὸν
3023 5724 3157 5798 αἶγα
3196 5728 3382 5798 βόσκει
3430 5727 3492 5780 τὸ
3524 5726 3648 5780 κατ’
3681 5727 3851 5780 αὐτὸν
3887 5726 4004 5786 ἔθος

770 5832 1007 5891 indolem
1044 5833 1367 5903 peculiarem
1400 5841 1637 5888 servant.
1694 5830 1873 5895 Quare
1927 5845 2023 5884 nos
2082 5829 2181 5895 ipsi
2216 5844 2302 5898 ιιιιι

2453 5826 2574 5881 Τῶν
2606 5825 2783 5881 ἄλλων
2816 5823 3048 5878 ἕκαστον
3086 5822 3186 5876 οὐκ
3213 5822 3326 5875 ἐσθ’
3356 5822 3503 5884 ὅπως
3529 5819 3589 5872 τὸ
3622 5819 3859 5887 φυσικὸν
3887 5817 4021 5886 θέμε

830 5468 923 5523 '51.
954 5466 1057 5520 llos
1086 5475 1336 5521 naturam
1368 5479 1521 5520 snam
1570 5480 1674 5520 non
1739 5473 1902 5534 negat
1948 5464 2200 5533 equinam
2261 5464 2337 5519 si-
