4210 6438
187 375 283 442 701

187 584 540 654 σχυνόμενοι,
572 584 668 637 liv
695 585 782 638 ἐπ’
810 583 992 646 ἄλλοις
1017 584 1077 635 οὐ
1107 585 1522 654 παρηγούμενοι
1551 589 1764 655 ἁπλῶς,

185 677 322 728 ἀλλὰ
361 679 505 746 χειρὶ
546 677 681 731 Θεοῦ
715 677 1117 744 πεπλασμένοι,
1151 680 1242 731 τὸν
1267 680 1526 750 τεχνίτην
1571 682 1766 752 αίσχύο

186 783 389 832 νωμεν.
442 767 785 838 Ἐτάχθημεν
821 768 940 820 κατ’
991 770 1178 822 εἰκόνα
1205 770 1340 822 Θεοῦ
1363 787 1377 801 ·
1425 773 1559 842 μηδὲ
1593 792 1768 842 παρα-

186 860 560 929 χαράττοιμεν
593 861 652 912 τὸ
683 860 826 913 θεῖον
862 863 1173 928 εἰκόνισμα.
1208 863 1470 926 Τεθέντες
1503 867 1560 917 ἐν
1591 883 1768 935 παρα-

182 948 370 1019 δεῐσῳ,
397 945 515 1003 εἶτα
543 952 986 1014 ἐκπεπτωκότες,
1013 951 1344 1021 βιαζοίμεθα
1358 957 1458 1024 τὴν
1481 956 1766 1023 ἐπάνοδον,

187 1040 278 1088 καὶ
339 1039 418 1107 μὴ
473 1040 892 1109 φιλοτιμώμεθα
947 1043 1036 1093 τὸν
1095 1044 1378 1096 ἑπιπλεῖον
1433 1047 1767 1116 ἀφορισμόν.

197 1130 662 1201 Ἐντρεποξμεθα,
698 1136 746 1186 εί
779 1134 952 1187 τάλλα
1003 1135 1102 1204 μὲν
1135 1135 1249 1198 ζῶα
1279 1138 1340 1190 οὐ
1394 1137 1641 1191 θέλουσιν
1675 1141 1771 1193 ἀν-

185 1224 590 1292 θρωπίζεσθαι,
613 1228 774 1294 ἡμεῖς
799 1227 855 1280 δὲ
888 1229 1276 1299 ἁλογιζόμεθα,
1303 1232 1475 1284 καὶτὸ
1495 1235 1594 1301 τῆς
1622 1251 1773 1304 παρ-

186 1317 416 1385 αγωγῆς
465 1318 803 1388 ἀχρειοῦμεν
862 1322 1066 1390 τίμιον.
1125 1323 1365 1393 Ἐχομεν
1414 1327 1771 1396 παμϐασιλέα

185 1409 320 1461 Θεὸν
343 1425 359 1439 ⁸
394 1411 620 1479 οῖδαμεν
648 1412 739 1465 τὸν
769 1413 829 1476 ἐξ
887 1415 1100 1469 ἐκείνου
1129 1418 1468 1480 ἀποστάντα,
1513 1421 1604 1472 τὸν
1641 1423 1770 1473 ἀντ-

184 1503 388 1571 άρτην,
437 1503 531 1556 τὸν
578 1505 881 1574 ἀλιτήριον.
920 1508 1009 1576 Μὴ
1037 1504 1132 1560 οὖν
1164 1510 1514 1580 ἀνταίρωμεν
1559 1514 1651 1565 καὶ
1677 1514 1775 1566 αὖ·-

183 1600 291 1659 τοὶ,
329 1597 470 1648 ἀλλὰ
501 1597 595 1649 τοῦ
631 1600 900 1666 βασιλέως
932 1603 1240 1668 γινοίμεθα.
1273 1604 1363 1672 Μὴ
1391 1605 1774 1672 στρατολογοί-

189 1691 333 1758 μεθα
371 1690 449 1759 τῷ
481 1692 811 1762 κληρονόμῳ
839 1694 932 1746 τοῦ
975 1695 1278 1764 ταρτάρου,
1311 1697 1428 1748 ἀλλ’
1472 1697 1775 1750 ἐπακολου-

185 1782 422 1851 θοίημεν
447 1784 526 1853 τῷ
555 1786 632 1847 εἰς
662 1786 887 1854 οὐρανὸν
916 1789 1062 1854 ἡμᾶς
1085 1789 1366 1854 ἀνάγοντι.
1409 1789 1775 1856 Ἐνθυμητέον

1147 380 1228 441 1N
1265 381 1322 444 S.
1365 382 2024 455 QUADliAGESlMAM
2065 390 2350 455 ORATIO
2397 397 2494 458 IV.

188 493 548 563 παρατίθησι.
590 492 867 562 Μένοιμεν
895 487 988 546 οῦν
1021 494 1115 546 καὶ
1150 496 1312 563 ἡμεῖς
1343 495 1644 566 ἀνθρωττοι,
1679 501 1762 551 alo
1791 507 1832 561 Α
1865 519 1972 571 quc

2068 507 2444 564 hOtninesnos
2517 510 2855 578 praebeamus
2927 521 2983 570 et
3064 515 3448 576 embeseamus

1874 598 2171 652 inhumana
2199 600 2378 655 facere
2417 613 2469 656 et
2500 603 2761 657 artiﬁcem
2816 606 2981 660 Deum
3017 609 3168 676 cujus
3197 618 3262 662 ad
3309 613 3450 665 ima-

1871 688 2049 752 ginem
2084 690 2210 743 facti
2245 707 2452 754 sinuus,
2501 709 2568 746 ne
2614 694 2972 750 oﬂ‘cudatnus.
3006 698 3086 752 Ad
3125 701 3214 753 Dei
3255 701 3444 771 imagi-

1871 780 2047 848 ginem
2084 784 2226 834 enim
2259 784 2531 851 plasmati,
2586 786 2726 840 hanc
2773 787 3064 855 imaginem
3107 791 3248 846 haud
3307 791 3447 847 {atde

1873 873 2241 941 di-turpemus.
2281 876 2334 929 lu
2388 879 2641 945 paradiso
2681 881 2838 946 positi
2908 896 2936 934 a
2976 883 3266 948 principio,
3323 886 3445 938 inde

1873 966 2028 1033 ejecti
2087 985 2312 1034 sunms;
2368 970 2459 1025 sed
2503 971 2674 1023 nihilo
2728 973 2907 1026 serius
2958 985 3016 1026 ut
3072 989 3140 1028 eo
3203 987 3444 1028 reverta-

1876 1076 1997 1111 mur
2028 1076 2242 1114 onmcnt
2277 1078 2496 1130 operam
2544 1065 2758 1122 demus.
2834 1081 2974 1133 aegre
3008 1067 3151 1122 hanc
3181 1069 3446 1135 separati-

1872 1164 2026 1204 Ouem
2065 1153 2320 1210 ferentes.
2369 1153 2433 1209 Ut
2468 1168 2663 1209 cit-tera
2706 1159 2926 1222 quidem
2979 1159 3256 1212 hominum
3299 1160 3441 1214 line-

1873 1257 2082 1299 amenta
2135 1246 2355 1299 induere
2393 1259 2641 1302 recusant
2673 1267 2686 1311 ;
2721 1268 2817 1303 nos
2851 1251 3140 1304 humanam
3171 1264 3444 1315 naturam,

1872 1348 1978 1402 qua
2019 1335 2186 1387 induti
2223 1351 2430 1396 sumus.
2470 1340 2520 1389 in
2596 1339 2818 1391 honoris
2875 1343 2992 1395 loco
3035 1357 3320 1409 ponamus.
3350 1339 3449 1394 lla-

1875 1427 2061 1482 bemus
2090 1428 2256 1481 Deum
2293 1431 2530 1482 omnium
2576 1433 2968 1486 moderatorem
2998 1450 3012 1496 ;
3046 1449 3169 1486 eum
3230 1435 3320 1501 qui
3355 1433 3448 1487 de-

1875 1512 2026 1578 fecit,
2104 1520 2374 1572 diabolmn
2433 1521 2575 1584 dico,
2614 1525 2886 1576 novimus.
2964 1522 3043 1577 Ne
3119 1525 3281 1593 igitur
3351 1541 3449 1579 nos

1874 1625 2090 1677 quoque
2132 1613 2484 1676 obsistamus,
2517 1616 2608 1668 sed
2653 1617 2703 1666 in
2760 1616 2849 1668 Dei
2929 1615 3176 1684 partibus
3221 1627 3447 1672 stemus.

1875 1703 2221 1759 Neatartari
2290 1709 2498 1761 hmrede
2538 1723 2765 1773 stemus,
2823 1710 2917 1763 Sed
2973 1724 3098 1762 eum
3155 1724 3451 1777 sequamur

1879 1798 1966 1864 qui
2014 1798 2064 1851 in
2112 1799 2302 1851 cwlum
2337 1817 2434 1854 nos
2483 1804 2756 1854 conducit.
2807 1801 3007 1855 Locum
3065 1803 3338 1856 felicitatis
3371 1804 3453 1854 in-

185 1875 245 1925 τὸ
275 1875 488 1943 χωρίον
519 1878 617 1942 τῆς
650 1880 952 1946 νοουμένης
986 1880 1223 1949 τρυφῆς,
1266 1882 1546 1948 ἐννοητέον
1576 1882 1634 1932 τὸ
1661 1881 1770 1934 τῶν
1805 1867 1846 1920 Β

1805 1867 1846 1920 Β
1881 1888 2214 1952 telleclualis,
2255 1891 2425 1943 locum
2463 1893 2760 1961 punitionis
2805 1895 2873 1945 ob
2938 1894 3123 1947 oculos
3154 1909 3447 1960 ponamus;

187 1966 474 2020 κολάσεων
495 1984 507 1996 ·
538 1968 698 2020 τοῦτο
720 1973 833 2032 τοῖς
860 1975 913 2021 ἐν
945 1972 1238 2040 ἁμαρτίαις
1272 1972 1605 2040 δαιμονῶσιν
1627 1972 1776 2039 ἀφώ-

187 2076 398 2130 ρισται,
438 2062 615 2113 ἐκεῖνο
664 2065 779 2125 τοῖς
815 2064 1036 2131 ἀρεταῖς
1084 2064 1425 2132 ἐντρυφῶσιν
1463 2064 1772 2117 ἀπόκειται.

187 2154 434 2222 Πότερον
477 2153 723 2215 κάλλιον,
773 2154 830 2218 ἐξ
880 2154 1114 2221 οὐρανοῦ
1165 2156 1373 2218 πεσεῖν,
1425 2155 1455 2222 ἢ
1505 2155 1775 2222 ἀναϐῆναι

185 2246 328 2312 πρὸς
359 2247 628 2314 οὐρανόν;
685 2244 862 2298 Τοῦτο
912 2245 1004 2298 τοῦ
1038 2246 1340 2314 ἑωσφόρου,
1393 2248 1566 2298 ἐκεῖνο
1598 2247 1774 2314 ἡμῶν,

186 2340 349 2406 εἴπερ
386 2338 678 2404 ἐθέλομεν.
712 2338 1121 2406 Εὑκολώτερον,
1155 2338 1291 2389 Θεοῦ
1324 2338 1603 2404 γενέσθαι,
1631 2338 1775 2406 ἢπερ

191 2431 422 2500 μακρὰν
474 2431 933 2499 ἀποπλανηθῆναι
967 2431 1066 2498 τῆς
1114 2429 1328 2482 ἐκείνου
1378 2430 1773 2500 χρηστότητος.

189 2523 549 2592 Μακρύνετιι
582 2526 678 2591 μὲν
711 2525 818 2592 γάρ
848 2541 930 2586 τις
959 2523 1095 2576 Θεοῦ
1128 2525 1224 2592 ό·ψέ
1256 2541 1385 2576 ποτε
1418 2525 1507 2576 διὰ
1535 2525 1595 2576 τὸ
1627 2523 1771 2575 ὲκεί-

189 2635 282 2668 νου
319 2616 731 2684 φιλάνθρωπον,
774 2615 980 2681 ἐγγίζει
1009 2617 1065 2669 δὲ
1092 2618 1178 2670 διὰ
1207 2618 1267 2669 τὸ
1297 2618 1396 2686 τῆς
1429 2617 1771 2686 ἀγαθὸτητος

190 2707 364 2760 αὐτοῦ
390 2709 642 2773 ὲᾳολκόν.
675 2707 762 2775 Τῴ
788 2707 1000 2776 δαίμονι
1029 2708 1084 2760 δὲ
1109 2707 1222 2776 ἅμα
1251 2709 1575 2778 διανοήματι
1607 2725 1774 2778 προσ-

193 2801 409 2868 ελήιρθη
450 2817 556 2860 τις,
594 2798 1062 2867 ἐγκαταλιπόντος
1094 2801 1302 2851 ἐκεῖνον
1348 2799 1442 2852 τοῦ
1485 2799 1643 2862 Θεοῦ,
1681 2801 1770 2852 ὅτε

195 2896 335 2961 μήτε
377 2895 686 2962 πόππυσμα
721 2891 952 2960 καθιστᾷ
986 2891 1078 2943 τὸν
1109 2891 1342 2961 στρῆνον
1409 2892 1504 2960 τῆς
1542 2893 1770 2959 σαρκὸς,

196 2984 339 3052 μήτε
375 2983 556 3051 κημὸς
583 2983 742 3050 ἄγχει
777 2983 870 3033 καὶ
905 2982 1118 3050 χαλινὸς
1153 2984 1244 3036 τὸν
1295 2983 1459 3037 αὑτοῦ
1505 2985 1773 3053 ἀποσκιρ-

195 3076 402 3130 τῶντα.

264 3168 372 3236 λβ’.
411 3170 533 3220 Ἐτι
567 3167 972 3220 ἀναπεταννύει
1002 3167 1136 3230 Θεὸς
1166 3167 1436 3235 ἀγκάλας,
1476 3168 1572 3220 καὶ
1598 3167 1772 3221 εἰσδέ·

191 3279 353 3330 χεται
412 3261 515 3314 ὅσα
550 3261 646 3312 καὶ
687 3261 743 3312 εν
783 3259 966 3328 λιμένι
992 3276 1007 3292 ο
1061 3260 1269 3328 ἀνοίγει
1299 3260 1374 3322 ὡς
1435 3263 1514 3324 είς
1563 3262 1776 3330 φίλημα

189 3359 216 3407 ὁ
247 3356 488 3421 δαίμων,
524 3354 618 3405 καὶ
651 3351 1102 3422 καταϐροχθίζει,
1152 3353 1250 3421 οὐχ
1285 3353 1384 3404 ὅσα
1416 3354 1510 3444 καὶ
1556 3355 1776 3423 δράκων

189 3445 222 3511 ἦ
259 3446 424 3504 λέων,
456 3443 575 3494 οὐδὲ
604 3442 708 3510 μὴν
735 3443 877 3496 καθά
907 3461 988 3504 τις
1033 3443 1318 3512 χάρυϐδις,
1349 3442 1572 3504 ἀλλ”ὼς
1603 3444 1772 3504 αὐτὸς

187 3535 494 3601 τάρταρος.
542 3531 711 3583 Λαλεῖ
758 3533 786 3582 ό
831 3531 961 3591 Θεὸς
994 3532 1088 3582 καὶ
1139 3533 1319 3582 ποιεῖ’
1377 3532 1716 3600 ὑπισχνεῖται
1748 3533 1775 3582 ὁ

192 3625 576 3692 ἀντικείμενος
609 3626 700 3676 καὶ
724 3625 1019 3692 ἀπρακτεῖ.
1065 3623 1349 3691 Ἀληθεῦει
1378 3626 1402 3677 ὁ
1426 3623 1735 3690 αὐτάγαοος
1757 3639 1772 3654 ο

193 3716 466 3782 φαντάζει
528 3715 556 3767 ὁ
609 3715 937 3776 αὑτόκακος.
989 3715 1371 3783 Ἐκνικησάτω
1421 3717 1478 3767 ὲν
1537 3718 1669 3783 ἡμῖν
1717 3714 1778 3766 τὸ

193 3810 478 3876 θειότερον
509 3808 542 3877 ἡ
581 3806 749 3876 ψυχὴ,
782 3807 875 3858 καὶ
906 3806 980 3874 μὴ
1011 3807 1072 3857 τὸ
1100 3808 1282 3874 χεῖρον
1315 3808 1346 3874 ἡ
1384 3805 1478 3873 γῆ.
1523 3805 1778 3872 Ἀφῶμεν

194 3903 256 3955 τὸ
293 3901 483 3968 σῶμα,
539 3896 834 3966 γενώμεθα
869 3898 970 3967 τῆς
1025 3895 1225 3964 ψυχῆς.
1266 3897 1327 3947 El
1358 3894 1413 3946 δὲ
1470 3896 1543 3963 μὴ
1595 3894 1776 3955 τοῦτο,

196 3989 604 4058 ἀκολουθητέον
653 3987 788 4054 γοῦν
832 3987 932 4058 τὴν
967 3987 1149 4054 σάρκα
1195 3989 1260 4056 τῇ
1315 3989 1568 4053 ζωογόνῳ
1607 3985 1777 4053 ψυχῇ,

197 4085 295 4136 καὶ
328 4082 405 4151 μὴ
442 4080 700 4148 ἔμπαλιν.
749 4078 813 4130 Τί
843 4077 933 4129 τὸν
969 4077 1140 4147 πηλὸν
1197 4078 1555 4144 περιέπομεν,
1592 4074 1779 4142 ἀφιὲν-

196 4192 293 4238 τες
337 4175 439 4242 τὴν
496 4171 636 4223 κατά
675 4169 895 4238 πνεῦμα
925 4168 1097 4231 ζέσιν,
1201 4169 1529 4237 συνέχεταις
1577 4167 1639 4217 Τί
1688 4166 1781 4217 τὸν

200 4267 336 4338 χοῦν
367 4264 695 4332 στέργομεν,
738 4262 796 4323 ὃς
842 4261 1046 4328 ἀνέμου
1080 4261 1313 4330 βραχείᾳ
1345 4261 1476 4328 ῥιπῇ
1533 4256 1783 4319 σκεδάζε-

203 4379 292 4414 ται
325 4377 338 4425 ;
371 4358 438 4410 Τί
473 4373 605 4407 ποτε
661 4353 976 4423 ἀμελοῦμεν
1010 4352 1294 4422 ἄνθρωποι
1326 4350 1462 4403 Θεοῦ
1509 4346 1646 4401 εἶναι
1688 4350 1782 4400 καὶ

201 4455 403 4521 ἄνδρες
435 4447 773 4514 ἐπιθυμιῶν,
808 4446 993 4498 ὁποῖαι
1020 4445 1112 4496 τὸν
1151 4443 1326 4512 μέγαν
1357 4441 1552 4509 Δανιὴλ
1588 4439 1782 4503 ὲξεπύ·

205 4559 372 4615 ρουνς
405 4539 673 4608 γινόμεθα
700 4537 754 4589 δὲ
781 4536 1010 4588 πλούτου
1038 4536 1252 4605 ἄνδρες,
1282 4529 1363 4597 οἷς
1389 4533 1454 4584 τά
1484 4535 1656 4601 χείρω
1686 4533 1780 4598 ὲμ-
1817 4551 1856 4602 ο

1594 4549 1656 4582 >ω
1686 4533 2033 4602 ἐμ-οιοιιιε
2101 4554 2284 4590 smnus
2338 4553 2456 4602 qua:
2533 4553 2628 4587 nos
2713 4536 3068 4596 tleterioraot,
3136 4548 3256 4600 que

207 4633 585 4707 πορευόμεθα,
639 4630 735 4682 καὶ
789 4629 981 4698 ἄνδρες
1043 4628 1311 4697 αἱμάτων,
1375 4621 1454 4687 οἷς
1523 4624 1782 4691 ἀλλήλους

205 4725 568 4799 λῃστεύομεν,
631 4722 724 4775 καὶ
775 4723 878 4792 γῆς
927 4719 1151 4785 ἔνδοξοι,
1222 4717 1540 4787 προσθήκης
1599 4716 1784 4767 κακῶν

206 4827 350 4890 ἄξιοι
372 4839 387 4887 ;

277 4914 382 4986 ).γ⁹.
423 4914 605 4982 Ὤμοι,
633 4912 713 4964 ὅτι
740 4908 831 4962 τὸν
853 4907 946 4961 τοῦ
973 4904 1110 4958 Θεοῦ
1128 4901 1278 4957 οἶκον
1308 4905 1450 4972 ἡμᾶς
1471 4903 1546 4964 εἰς
1572 4900 1782 4972 λῃστῶν

207 5005 592 5073 ὕπανοίγομεν
625 5001 916 5070 σπήλαιον,
952 4998 1078 5050 ἔνθα
1118 4996 1236 5048 δέον
1263 4995 1343 5057 ὃν,
1375 4994 1509 5045 Θεὸν
1552 4993 1783 5044 ὲ-ιοικεῖν

208 5102 306 5153 καὶ
345 5096 771 5168 ἐμπεριπατεῖν,
802 5092 918 5144 ἀλλ’
949 5090 1112 5151 αὐτὸς
1157 5090 1236 5150 είς
1271 5088 1564 5156 μωμητοὺς
1594 5085 1790 5155 βολεῶ.

212 5209 311 5252 νας
348 5187 756 5258 μεταποιεῖται,
793 5177 867 5235 ὧν
898 5182 1012 5245 ὄζει
1045 5180 1320 5248 φαυλότης
1368 5181 1432 5246 τῇ
1484 5176 1626 5230 κατά
1655 5177 1787 5230 Θεὸν

213 5283 502 5339 ἀντίθετος
538 5277 753 5346 εὐωδίᾳ.
789 5275 856 5326 Of
878 5290 990 5342 μοι,
1018 5273 1101 5324 ὅτι
1133 5271 1191 5323 τὸ
1216 5268 1550 5337 τιμιώτατον
1575 5270 1633 5320 ὲν
1658 5268 1788 5336 ἡμῖν

217 5372 630 5442 γλωσσόκομον,
661 5369 724 5418 τὸ
771 5364 932 5417 καλὸν
961 5363 1160 5431 στόμα,
1198 5361 1258 5412 οὐ
1309 5359 1569 5428 χρυσέαις
1611 5374 1788 5425 παρα-

217 5468 437 5527 ϐύεται,
475 5463 567 5528 ἀφ’
598 5453 673 5511 ῶν
700 5458 906 5526 χρύσεα
937 5455 1327 5524 παραδέδονται
1364 5451 1629 5516 στόματα,
1654 5447 1788 5501 ἀλλὰ

219 5556 502 5625 κιϐδήλοις
535 5549 809 5618 γλώσσαις
840 5547 934 5600 καὶ
969 5545 1320 5614 ὑποχάλκοις,
1368 5541 1436 5593 δι’
1467 5538 1539 5594 ὢν
1569 5537 1792 5608 ὲξηχοῦ·

221 5667 325 5718 μεν
373 5648 452 5707 ὡς
491 5641 767 5711 κύμϐαλα,
816 5636 1250 5707 δυσφημοῦντες,
1302 5631 1788 5698 συκοέαντοῦντες,

220 5743 269 5791 εἰ
297 5738 470 5807 μηδὲν
493 5735 640 5796 ἀλλο,
673 5734 861 5799 ἀργοῖς
890 5732 1068 5796 λόγοις
1094 5725 1589 5795 ὲναδολεσχοῦντες,
1620 5722 1790 5774 τᾶλλα

223 5831 532 5890 ποιοῦντες,
569 5819 642 5880 ὧν
702 5825 888 5876 ἕνεκεν
927 5822 1090 5875 καλὸν
1121 5816 1210 5887 ἦν,
1263 5822 1312 5872 εί
1355 5818 1488 5888 μηδὲ
1543 5817 1790 5884 γλώσσας

1879 1980 1967 2032 ille
1999 1981 2210 2048 quidem
2249 1983 2433 2050 prohis
2485 1985 2790 2036 hominibus
2846 1984 3159 2052 propositus
3207 1994 3330 2047 est;
3364 1984 3450 2037 hic

1879 2085 2189 2139 peccatores
2224 2086 2424 2127 manet.
2485 2075 2622 2139 Quid
2656 2077 2826 2129 satius
2857 2086 2962 2138 est,
3014 2092 3043 2128 e
3075 2077 3213 2130 coelo
3249 2077 3448 2137 delabi,

1877 2178 1965 2216 aut
1997 2165 2048 2217 in
2084 2167 2276 2219 malum
2314 2169 2652 2220 ascendere?
2687 2168 2922 2222 Fat-ilius
2952 2181 3032 2221 est
3065 2187 3091 2221 ιι
3151 2167 3258 2221 Deo
3305 2179 3451 2220 stare

1877 2271 2035 2324 quam
2071 2258 2136 2309 ab
2167 2257 2282 2323 ejus
2311 2259 2594 2310 εοιιι-ιίιςιιο
2638 2257 2887 2312 deiicere.
2958 2260 3097 2312 Dt-us
3149 2261 3292 2312 enim
3358 2275 3452 2321 per

1879 2348 2198 2400 thiritrdem
2275 2367 2427 2403 suam
2511 2352 2712 2404 homini
2776 2353 3192 2420 prOSperitatem
3260 2352 3452 2403 tribuit

1877 2447 1925 2487 et
1957 2439 2035 2490 ειιί
2073 2440 2300 2492 similem
2332 2457 2452 2494 eum
2495 2440 2643 2504 facit,
2703 2444 2828 2495 dun:
2879 2443 3104 2494 thenmni
3182 2441 3449 2510 quispiam

1879 2530 2275 2596 adhmret,quia
2316 2533 2452 2585 Dens
2508 2535 2677 2600 ipsum
2727 2534 2964 2602 reliquit,
3003 2533 3222 2602 quando
3277 2543 3451 2599 neqne

1877 2622 2115 2673 Sillllillio
2149 2625 2327 2675 Carnis
2365 2624 2641 2675 libidini-ni
2679 2624 2845 2688 sistit,
2897 2637 3071 2692 neque
3124 2623 3335 2676 [renum
3366 2633 3451 2674 re-

1879 2713 2245 2766 talritraulvm
2304 2716 2605 2779 perdomat.

1947 3171 2034 3225 52.
2067 3169 2183 3223 lluc
2216 3168 2423 3223 accedit
2455 3166 2594 3236 quod
2627 3167 2768 3219 Deus
2806 3163 3023 3217 brachia
3056 3162 3322 3216 tendendo
3352 3176 3449 3214 nos

1880 3266 2019 3319 sicut
2056 3267 2194 3318 intra
2257 3272 2468 3332 portum
2520 3261 2732 3323 recipit.
2788 3258 3004 3312 Daemon
3066 3273 3128 3310 os
3179 3258 3332 3324 quasi
3384 3257 3450 3308 ad

1881 3356 2196 3409 hasiamlum
2245 3353 2414 3422 aperit
2449 3362 2500 3405 et
2527 3353 2769 3410 devorat.
2803 3366 2906 3402 non
2933 3363 2983 3399 ut
3016 3349 3181 3402 draco
3223 3359 3310 3399 aut
3340 3347 3450 3409 Iro,

1878 3459 1967 3500 aut
2022 3445 2325 3512 charybdis.
2351 3445 2443 3497 sed
2474 3445 2612 3496 sicut
2638 3453 2891 3496 tartarus.
2925 3441 3062 3493 Deus
3119 3440 3360 3508 loquitur
3399 3448 3452 3492 et

1876 3549 2166 3609 operatur;
2200 3537 2538 3590 adversarius
2599 3535 2862 3603 promittit
2913 3542 2963 3586 et
3028 3531 3311 3600 promissis
3346 3546 3450 3582 non

1882 3640 2008 3685 stat.
2046 3630 2146 3694 Qui
2184 3639 2374 3680 natura
2431 3626 2610 3678 bonus
2650 3635 2750 3687 est,
2807 3625 3084 3674 veritatem
3140 3623 3316 3686 colit;
3361 3619 3454 3685 qui

1886 3721 2184 3788 improbus,
2242 3717 2563 3771 hariolatur.
2641 3714 2834 3768 Vincat
2891 3714 2945 3766 in
2999 3714 3151 3765 nobis
3241 3713 3456 3781 animus

1881 3818 1970 3882 qui
2017 3815 2213 3866 divinue
2257 3821 2341 3863 est
2382 3810 2629 3876 originis,
2677 3823 2776 3860 nec
2813 3823 2942 3860 vero
2995 3817 3160 3867 terra,
3210 3816 3328 3870 qua:
3387 3805 3456 3854 ad

1884 3901 1986 3952 inea
2035 3900 2224 3953 tendit.
2314 3897 2532 3950 Omisso
2575 3912 2800 3963 corpore
2872 3895 3032 3948 animi
3090 3902 3270 3960 partes
3337 3908 3453 3942 am-

1882 3996 2197 4062 plectamur.
2229 3991 2322 4042 Stn
2356 3991 2554 4050 minus,
2595 4005 2721 4041 caro
2754 3990 2948 4041 animae
2979 3989 3202 4040 virilium
3229 3987 3458 4039 snlnnito

1884 4094 2044 4148 letur,
2079 4098 2173 4136 nec
2218 4082 2334 4133 vice
2367 4096 2544 4132 versa.
2597 4080 2734 4144 Quid
2792 4081 2975 4131 limum
3029 4080 3332 4145 sequimur.
3365 4091 3456 4128 ca-

1885 4177 2054 4230 lorem
2127 4175 2630 4243 Spiritualcmouo
2699 4172 3009 4225 continetur
3084 4170 3458 4236 negligentes?

1884 4269 2020 4332 Quid
2057 4265 2338 4320 colluviem
2380 4266 2669 4323 ambimus,
2695 4279 2816 4331 quae
2851 4263 2952 4314 levi
2990 4272 3152 4312 vento
3177 4259 3461 4313 diruitur?

1884 4359 1996 4411 Cur
2027 4374 2128 4409 non
2164 4357 2409 4409 homines
2458 4353 2547 4406 Dei
2600 4363 2653 4405 et
2701 4354 3094 4405 desideriorum
3161 4367 3282 4403 esse
3332 4350 3460 4401 niti-

1891 4465 2027 4509 mur,
2068 4457 2122 4500 ut
2171 4461 2397 4516 magnus
2474 4445 2696 4496 Daniel?
2750 4445 2857 4496 Cur
2929 4443 3235 4494 divitiarum
3287 4452 3462 4493 secta-

3359 4548 3459 4583 llOS

1890 4632 2208 4695 sanguinem
2255 4628 2501 4678 sitientes
2552 4625 2782 4678 reddunt
2833 4634 2887 4678 et
2942 4625 3186 4677 latrones
3239 4634 3293 4676 et
3341 4638 3460 4677 om-

1893 4722 2048 4773 nibus
2081 4718 2242 4771 malis
2271 4716 2502 4784 dignos?

1963 4902 2052 4955 55.
2087 4900 2173 4953 Vx
2204 4897 2383 4960 IIOlliS,
2421 4899 2545 4962 quia
2587 4895 2677 4949 Dei
2737 4894 2955 4947 domum
3011 4891 3279 4943 latronum
3340 4901 3464 4952 spe-

1894 4992 2106 5046 luncam
2152 4989 2407 5050 facimus,
2456 4987 2544 5039 ubi
2579 4986 2718 5038 Deus
2758 4984 3006 5037 habitare
3031 4989 3085 5034 et
3119 4979 3462 5032 inambulare

1894 5082 2135 5142 deberet,
2170 5094 2266 5145 pro
2302 5092 2406 5142 quo
2439 5078 2489 5128 in
2551 5085 2708 5140 turpe
2768 5084 2980 5125 stercus
3035 5077 3278 5122 mutatur
3316 5065 3460 5119 malo

1893 5181 2056 5230 odore
2088 5174 2327 5241 plenum.
2365 5167 2456 5222 Vae
2502 5167 2680 5227 nobis.
2738 5166 2866 5234 quia
2933 5161 3353 5231 pulcherrimum
3404 5159 3460 5212 in

1895 5268 2050 5321 nobis
2094 5267 2527 5323 iustrumentmu,
2560 5259 2760 5326 lingua,
2825 5271 2933 5309 non
2967 5254 3147 5307 aureis
3175 5253 3266 5305 sed
3302 5251 3461 5303 adul-

1897 5357 2089 5412 terinis
2117 5365 2168 5408 et
2201 5355 2355 5407 cereis
2397 5351 2622 5404 vocibus
2671 5349 2918 5408 inservit,
2983 5360 3093 5414 quo
3128 5343 3186 5395 lit
3217 5351 3277 5395 ut
3319 5344 3462 5396 sicut

1895 5446 2312 5502 tintinnabulum
2352 5440 2762 5501 maledicatnus,
2809 5435 3190 5490 denuntietnus
3224 5442 3315 5485 aut
3347 5431 3459 5484 sal-

1899 5549 2005 5591 tem
2069 5536 2240 5590 iutilia
2269 5533 2628 5602 proferamus,
2680 5544 2791 5582 uno
2844 5527 3029 5591 verbo,
3089 5539 3152 5578 ea
3199 5522 3461 5576 faciamus

1898 5639 2116 5698 propter
2149 5641 2269 5694 qua:
2297 5625 2486 5677 melius
2515 5623 2692 5688 lingua
2723 5618 2944 5673 omnino
2971 5628 3309 5669 careremus.
3352 5610 3464 5664 Cur

1901 5720 2110 5786 linguas
2147 5717 2333 5768 inanes
2370 5713 2642 5766 reddimus
2663 5720 2716 5763 et
2744 5723 2811 5764 ea
2873 5708 3098 5761 colimus
3128 5720 3249 5772 qua:
3277 5701 3459 5755 domui

1904 5819 2100 5864 nostrm
2148 5807 2487 5875 splendorem
2547 5803 2783 5856 tribuere
2814 5800 3060 5870 queant?
3105 5797 3210 5852 Sed
3266 5795 3459 5850 talibus
