4210 6438
727 369 834 433 703

1472 364 1898 428 EUSTATHII
1944 361 3296 426 TIlESSALONlCENSlS.METllOPOLle!

3875 358 3997 422 τοι

735 497 802 534 ne
833 478 1164 533 insistamus.
1202 478 1469 533 Odoratns
1498 496 1607 534 non
1635 482 1925 535 admodum
1980 481 2155 536 facilis
2210 493 2297 536 est

2428 483 2654 552 ἔχομεν.
2682 482 2747 535 Τί
2787 481 2833 534 δ’
2869 481 3005 534 ἀλλὰ
3042 478 3295 548 γλώσσας
3328 478 3431 549 μὲν
3474 475 3826 547 ἀχρειοῦμεν,
3870 478 3999 530 ὅσοι

733 579 990 632 tractatu,
1025 571 1169 637 (quis
1197 570 1340 623 enim
1375 580 1619 623 nostrum
1677 574 1812 624 adeo
1843 572 2096 626 humidus
2125 580 2178 625 et
2244 572 2306 626 li-

732 662 932 731 quidus
985 671 1089 724 est,
1116 649 1180 713 iit
1220 662 1507 728 unguentis
1539 662 1813 717 delibutus
1855 663 2041 717 iisdem
2076 664 2142 716 ad
2180 678 2302 732 per-

727 752 926 809 niciem
991 767 1145 807 suam
1176 753 1484 822 abutatur?)
1525 754 1621 808 sed
1676 755 1779 807 alia
1829 755 1992 808 etiam
2028 754 2299 808 dementia

729 861 796 898 ac
857 856 1061 900 natum
1110 846 1418 899 falsilicatio
1481 848 1771 901 intercedit
1828 852 2102 915 quzelnon
2160 849 2305 901 circa

730 939 1037 1001 odoratum,
1085 938 1179 991 scd
1223 938 1370 991 circa
1403 939 1910 1008 pervestigationem
1964 948 2015 992 el
2049 938 2309 1007 vestigio-

734 1045 855 1083 rum
885 1031 1271 1084 scrutationem
1295 1032 1545 1097 vertitur,
1563 1034 1715 1101 cujus
1733 1032 1938 1085 auxilio
1960 1031 2233 1085 hominem
2254 1040 2311 1082 ut

714 1117 954 1173 'brutum
978 1119 1174 1173 animal
1201 1120 1542 1175 dilaniamus.
1571 1121 1756 1175 (lc-uiis
1785 1122 1951 1175 etiam
1977 1122 2111 1175 adeo
2134 1121 2313 1175 abuti-

740 1227 859 1263 mur
905 1218 964 1264 ut
1025 1211 1199 1281 lyncis
1246 1214 1416 1265 aciem
1474 1213 1751 1267 oculorum
1797 1222 1853 1267 et
1906 1213 2023 1280 ejus
2083 1213 2202 1279 qui,
2256 1221 2311 1264 ιιι

731 1307 892 1362 estin
925 1308 1232 1375 prOvei-bio,
1262 1310 1441 1362 omnia
1479 1310 1622 1361 videt
1646 1319 1703 1362 et
1731 1309 1889 1378 cujus
1922 1323 2126 1375 corpus
2154 1308 2311 1375 plane

736 1397 1011 1452 oculatum
1045 1398 1111 1451 ab
1142 1399 1379 1466 antiquis
1410 1400 1736 1469 depingitur,
1783 1399 1984 1453 habere
2016 1412 2314 1465 przesumao

739 1503 885 1542 mus.
924 1488 1032 1544 Sed
1096 1491 1349 1557 equidem
1394 1506 1499 1542 non
1539 1490 1958 1557 pulcltritmlinis
2008 1488 2313 1542 custodiam

739 1588 833 1632 aut
896 1581 1119 1635 visionis
1187 1596 1369 1633 curam
1445 1580 1672 1649 intligilo
1749 1582 1930 1643 aliam,
2030 1578 2135 1633 nisi
2201 1594 2320 1648 qua:

2413 574 2647 627 τοιοῦτοι
2674 576 2862 641 ἐσμεν.
2896 572 3280 640 σεμνυνόμεθα
3304 572 3360 625 δὲ
3389 574 3501 632 τοίς
3547 569 3776 633 λοιποῖς,
3814 569 3887 621 δι’
3912 562 4001 621 ὧν

2415 666 2512 720 τοῦ
2537 666 2662 719 καθ’
2690 669 2841 737 ἡμᾶς
2862 666 3016 718 οῑκου
3050 665 3325 733 τηλαυγὲς
3362 664 3431 718 ἂν
3455 662 3516 714 τὸ
3541 662 3838 731 πρόσωπον
3857 660 3995 727 φαί-

2413 779 2589 827 νοιτο;
2623 760 2836 813 Οῠκουν
2863 762 2964 813 οὐκ
2992 760 3159 818 ἔστιν.
3188 761 3265 822 είς
3292 758 3356 811 τί»
3399 759 3512 811 πᾶν
3539 756 3737 817 είπεῖν,
3765 753 3847 816 ὡς
3885 753 3991 806 καὶ

2408 854 2904 926 ἀπισχυρίσασθαι.
2942 855 3256 921 Ὀσφρησις
3312 851 3415 919 μὲν
3463 849 3574 917 γὰρ
3623 850 3759 919 ἡμῖν
3814 846 4000 908 ἄλλως

2414 950 2514 1018 μὲν
2554 949 2685 1009 ίσως
2742 947 2805 1000 οὐ
2864 948 3039 1015 πάντη
3076 946 3505 1013 δυσανάγωγοςυ
3541 943 3644 1011 (τίς
3674 940 3784 1012 γὰρ
3834 939 4001 1009 ἡμῶν

2410 1037 2554 1091 οὕτω
2597 1037 2855 1108 περιττὸς
2889 1036 2987 1087 καὶ
3020 1036 3242 1087 πλαδὼν
3276 1033 3373 1086 καὶ
3407 1032 3617 1103 εὖροῶν
3648 1030 3720 1084 τὰ
3763 1032 3821 1092 ὲς
3854 1029 3998 1098 βίον,

2411 1132 2487 1192 ὡς
2519 1130 2711 1199 μύροις
2748 1128 3123 1198 ἐγκολυμὸᾷν,
3159 1128 3257 1180 καὶ
3279 1126 3379 1194 τὴν
3401 1125 3612 1178 ἐκεῖθεν
3636 1122 4005 1192 παράχρησιν

2414 1221 2757 1292 ἐξευρίσκειν
2806 1222 2885 1283 είς
2914 1218 3251 1283 ἀπώλειανς)
3296 1216 3431 1287 ἄλλη
3456 1216 3513 1269 δέ
3544 1232 3630 1277 τις
3665 1213 3866 1266 ὕπεστι
3894 1229 4002 1265 παο

2418 1312 2609 1383 ράνοια
2658 1312 2754 1363 καὶ
2797 1309 3174 1379 παραποίησις
3208 1308 3451 1376 φύσεως,
3482 1306 3544 1358 ού
3596 1305 3734 1374 πρὸς
3781 1302 4003 1370 ὃσφραν

2417 1403 2790 1473 ἡσχολημένη,
2820 1402 2961 1454 ἀλλά
2984 1402 3121 1470 πρὸς
3141 1400 3205 1451 τδ
3235 1398 3547 1470 ρινηλατεῖν
3574 1396 3671 1449 καὶ
3694 1394 3819 1464 ῐχνη
3846 1395 4007 1463 ἔρευ-

2418 1497 2537 1565 νᾷν,
2573 1494 2642 1549 δι’
2673 1489 2748 1549 ὧν
2776 1493 3090 1563 ἐξευρόντες
3124 1492 3418 1560 ἄνθρωπον
3448 1491 3550 1543 ὅσα
3582 1488 3678 1540 καὶ
3708 1486 3863 1555 θῆρα
3891 1485 4008 1536 δια-

2422 1589 2802 1658 σπαράξομεν.
2836 1585 3172 1653 ’οφθαλμοῖς
3192 1585 3248 1637 δὲ
3273 1584 3354 1645 είς
3376 1582 3535 1634 τῦσον
3558 1575 4005 1648 παραχρώμεθα,

737 1669 931 1724 alienis
996 1673 1222 1741 negotiis
1283 1686 1500 1737 operam
1551 1672 1642 1724 dat
1702 1671 1930 1739 ideoque
1991 1670 2145 1737 culpa
2211 1684 2317 1723 non

2428 1683 2585 1739 ὥστε.
2613 1680 2749 1749 πρὸς
2779 1679 2815 1733 ἃ
2864 1680 2962 1748 μὲν
2996 1677 3223 1746 μὴ.δὲον
3271 1675 3416 1740 ἐστὶ,
3464 1671 3730 1739 Λυγκέως
3764 1668 4009 1722 ἀνασλιο

740 1769 917 1815 vacat.
975 1759 1320 1816 Vociferatur
1378 1762 1571 1831 aliquis
1627 1762 1696 1815 ob
1738 1762 1993 1827 vincam,
2063 1761 2198 1815 alius
2255 1761 2317 1815 de

2428 1791 2549 1827 πειν
2570 1773 2726 1837 ὁξύτε
2736 1791 2848 1842 ρον,
2871 1774 2904 1842 ἢ
2930 1769 3141 1825 καὶτοῦ
3166 1765 3676 1840 παροιμιαζομένου
3697 1763 4011 1823 πανόπτου,

738 1849 901 1905 domo
957 1862 1138 1921 erepta
1193 1852 1416 1916 clamat,
1451 1854 1589 1910 alius
1631 1851 1774 1920 quod
1832 1853 2033 1920 agellus
2091 1852 2207 1922 ejus
2237 1850 2317 1903 ni-

2428 1867 2484 1920 δν
2507 1834 2663 1934 λιτὸς
2685 1869 2713 1919 ὁ
2736 1834 2964 1927 incisis;
2986 1834 3437 1932 oioaopa'm'et;
3454 1856 3772 1925 ὀφθαλμοὺς
3798 1853 4010 1925 times.

743 1943 847 1996 mis
905 1942 1187 2009 limitetur,
1237 1954 1290 1998 et
1342 1945 1421 1998 sic
1466 1945 1630 1998 inulta
1678 1947 1779 1997 alia
1841 1945 2014 1999 oculis
2052 1945 2317 2013 objicun-

2428 1960 2537 2013 Καὶ
2590 1961 2653 2013 ού
2702 1958 2848 2025 λέγω
2896 1957 3127 2017 κάλλους
3178 1953 3476 2006 ἐποπτείαν
3524 1949 3621 2005 καὶ
3673 1948 4013 2018 περιεργίαν

744 2042 853 2085 tur.
892 2032 982 2086 Sic
1032 2035 1176 2087 circa
1229 2035 1495 2089 desideria
1527 2046 1711 2091 nostra
1740 2038 1882 2089 oculi
1936 2038 2108 2090 nostri
2156 2045 2317 2089 erunt

2428 2053 2603 2119 ὕψεως
2628 2052 2898 2122 ἑτεροίαν,
2918 2049 3056 2102 ἀλλὰ
3078 2048 3176 2116 τὴν
3198 2044 3724 2115 ἐποφθαλμίζουσαν
3748 2040 4017 2109 πράγμα-

752 2124 1252 2212 perspicacissimi;
1300 2125 1392 2179 ubi
1439 2136 1619 2180 autem
1672 2128 1814 2180 ratio
1855 2141 1989 2180 sana
2044 2127 2109 2179 ad
2161 2129 2315 2193 aspi-
2429 2161 2514 2195 σιν
2543 2143 2872 2212 ἀλλοτρίοις,
2913 2142 3008 2195 καὶ
3046 2139 3225 2202 οὕτως
3272 2136 3573 2191 ἀδικοῦσαν
3610 2135 3691 2195 είς
3719 2134 4014 2201 στέρησιν.

745 2211 994 2266 ciendum
1045 2216 1261 2277 invitat,
1312 2217 1569 2270 voluntas
1591 2217 1735 2285 quod
1770 2218 1986 2272 visibile
2022 2230 2108 2273 est
2153 2217 2317 2273 refert

2428 2232 2684 2301 Κέκραγὲ
2710 2211 2793 2295 τις
2830 2233 2925 2285 ἐπὶ
2968 2231 3278 2300 ἀμπελῶνι,
3319 2227 3419 2297 βοᾷ
3462 2227 3654 2295 ἔτερος
3697 2223 3791 2275 ἐπὶ
3827 2220 4016 2283 οίκίας

751 2305 817 2358 ad
849 2304 1033 2358 odium
1069 2318 1156 2359 aut
1191 2307 1256 2360 ad
1293 2316 1492 2361 metmu
1525 2322 1723 2377 preme,
1776 2319 1871 2361 aut
1911 2325 2165 2379 expensa:
2198 2322 2317 2363 mo-

748 2397 918 2461 dicae;
951 2398 1046 2452 sed
1081 2400 1380 2453 cmcitaiem
1424 2402 1672 2454 innatam
1716 2398 1784 2469 (si
1832 2400 1932 2454 hoc
1972 2403 2193 2456 nomine
2243 2400 2320 2454 uti

751 2486 917 2559 libet)
964 2493 1276 2560 superando
1316 2496 1573 2547 virtutem
1612 2508 1718 2547 non
1754 2508 1976 2561 parvam
2026 2509 2325 2561 recognos‘

751 2579 952 2641 cimus.
985 2582 1203 2636 etiamsi
1249 2584 1423 2639 oculis
1453 2585 1693 2654 obliquis
1734 2584 2019 2638 intuemur
2093 2584 2326 2650 Quando

750 2672 1076 2737 explorandi
1139 2689 1308 2728 causa
1371 2676 1551 2728 locum
1611 2685 1705 2729 aut
1761 2676 2094 2737 salutarem,
2143 2678 2185 2729 si
2228 2690 2327 2743 pro

752 2762 970 2827 amicis,
1008 2772 1094 2816 ant
1133 2766 1528 2833 perniciosum,
1560 2766 1604 2819 si
1641 2782 1739 2835 pro
1772 2767 2048 2829 inimicis,
2093 2782 2329 2834 occupa-

752 2855 956 2917 vimus,
994 2855 1047 2907 in
1081 2858 1308 2910 salutari
1344 2858 1588 2926 quidem,
1622 2859 1769 2927 quod
1802 2859 2004 2912 bonum
2041 2868 2144 2921 est,
2179 2860 2328 2912 vidc-

755 2958 915 3007 mus;
952 2946 1005 2999 in
1043 2948 1354 3015 pl-rnicioso
1376 2946 1571 3004 autem
1600 2966 1731 3015 non,
1766 2960 1823 3004 ut
1850 2951 1998 3005 Dcus
2029 2951 2169 3016 vult,
2203 2966 2331 3020 spec-

752 3036 1028 3093 Culatttttr.
1068 3038 1161 3092 Sic
1194 3041 1356 3093 etiam
1389 3041 1433 3094 si
1473 3057 1581 3096 non
1632 3042 1958 3097 imitationis
2006 3044 2179 3113 gratia
2228 3058 2329 3097 nos

2426 2328 2744 2396 ἀφαιρέσει,
2799 2323 2977 2380 ἄλλος.
3016 2321 3099 2373 ὅτι
3155 2320 3543 2388 ὁρογλυφείται
3585 2317 3647 2367 τὸ
3691 2311 3817 2366 κατ’
3848 2310 4019 2365 αὐτὴν

2425 2418 2647 2489 γήδιονο
2680 2415 2850 2469 πολλὰ
2879 2414 2935 2466 δὲ
2982 2415 3078 2465 καὶ
3103 2412 3273 2483 ἕτερα
3300 2410 3531 2463 τοιαῦτα
3559 2405 3865 2477 ὀφθαλμῶν
3900 2403 4021 2459 ἀδι-

2426 2513 2673 2580 κήματα.
2708 2509 2819 2563 Καὶ
2847 2506 2994 2559 οὕτω
3024 2505 3122 2575 μὲν
3152 2503 3560 2569 ὀξυωπέστατοι
3588 2497 3903 2580 ποιούμεθα
3924 2497 4021 2547 ἐπὶ

2428 2606 2542 2667 τοῖς
2576 2603 2788 2670 ὲφετοῖς
2819 2603 2959 2670 ἡμῖν
2981 2616 2995 2631 ⁸
3032 2599 3162 2652 ἔνθα
3195 2599 3251 2651 δὲ
3277 2600 3304 2649 ὁ
3343 2597 3443 2666 μὲν
3476 2594 3633 2665 ὀρθὸς
3662 2593 3826 2660 λόγος
3873 2607 4019 2661 προ-

2430 2697 2682 2750 καλεῖται
2731 2693 2971 2764 βλέπειν,
3025 2694 3059 2763 ή
3105 2692 3163 2745 δὲ
3218 2691 3540 2760 προαίρεσις
3592 2684 3918 2741 ἀναστέλλει
3957 2682 4025 2735 τὸ

2429 2786 2712 2855 ὀπτικὺνῆ
2765 2787 2908 2839 κατὰ
2940 2785 3140 2854 ἔχθραν
3171 2783 3203 2851 ἢ
3238 2781 3387 2850 φόϐῳ
3417 2779 3621 2848 ζημίας
3669 2777 3702 2846 ἢ
3735 2775 3879 2828 ἀλλὰ
3916 2775 3986 2825 δα
4014 2805 4021 2810 -

2431 2882 2607 2950 πάνης
2647 2878 2876 2949 μετρίας
2904 2905 2976 2917 —
3013 2875 3131 2929 ἀλλ’
3164 2876 3282 2927 ἐκεῖ
3317 2873 3411 2926 καὶ
3432 2871 3531 2941 τὴν
3558 2871 3622 2921 ὲκ
3660 2868 3900 2937 γενετῆς
3926 2866 4024 2918 τύ-

2435 2974 2663 3047 φλωσιν,
2696 2971 2853 3039 εἴπερ
2912 2963 3024 3021 οἷόν
3052 2969 3109 3019 τέ
3160 2969 3311 3019 ἐστιν
3360 2964 3562 3025 είπεῐν,
3596 2960 4021 3031 ὐπερπαίομεν,

2432 3064 2634 3134 ἀρετὴν
2683 3064 2744 3115 ού
2782 3062 2983 3130 μικρὰν
3015 3059 3327 3129 κρίναντες,
3378 3055 3429 3108 si
3483 3056 3577 3107 καὶ
3632 3049 4023 3121 παραὸλῶπες

763 3126 832 3179 ad
874 3130 1095 3193 angelos
1145 3131 1468 3195 referimus,
1512 3131 1691 3187 Patris
1736 3134 2044 3199 luminum,
2093 3141 2155 3186 ut
2202 3148 2317 3187 cum

2436 3126 2917 3224 ﬂ-poasVEXOtDpEil.
2967 3126 3077 3203 Kal
3119 3152 3209 3201 ὅτε
3259 3149 3315 3200 δὲ
3367 3148 3600 3200 σκοπιαν
3635 3141 4025 3212 θώμεθα,τὴν

760 3217 1057 3286 Evangelio
1096 3220 1421 3288 loquamur,
1467 3222 1659 3277 faciem
1739 3235 2001 3293 perpetuo
2047 3224 2329 3291 videntes,

759 3310 1000 3365 tenebris
1055 3312 1204 3381 digni
1264 3312 1360 3367 lilii
1408 3312 1600 3378 liuius,
1650 3315 1741 3369 ubi
1793 3331 1895 3369 nec
1938 3315 2080 3371 Deus
2124 3318 2179 3371 in
2229 3333 2333 3371 nos

761 3401 954 3456 oculos
985 3410 1146 3457 vertit
1172 3408 1297 3473 quia
1330 3405 1556 3459 verbum
1587 3407 1709 3475 ejus
1736 3422 1843 3461 non
1874 3424 2148 3463 veremur.
2189 3406 2334 3462 Dixit

757 3496 908 3549 enim
943 3511 1003 3551 se
1035 3499 1169 3552 tales
1207 3499 1456 3555 homines
1491 3501 1822 3554 intuiturum
1855 3515 1979 3556 esse
2004 3501 2146 3556 sicut
2174 3502 2335 3556 mites

765 3594 821 3641 et
851 3590 1176 3657 tranquillos
1206 3602 1260 3643 et
1291 3592 1384 3662 qui
1417 3591 1549 3644 illud
1581 3592 1877 3651 observant
1903 3610 1918 3646 :
1949 3610 1968 3644 ι
1998 3593 2100 3658 Qui
2124 3602 2234 3647 stat
2263 3593 2341 3647 vi-

767 3676 896 3730 deat
919 3693 985 3731 ne
1004 3680 1180 3733 cadat.
1218 3699 1236 3732 ι

2437 3247 2548 3298 εἴτε
2586 3248 2881 3314 σωτήριον,
2918 3243 3007 3294 ὅτε
3061 3241 3202 3311 ὑπὲρ
3238 3239 3412 3308 φίλων
3463 3239 3698 3307 γίνεται,
3730 3237 3849 3291 εἴτε
3900 3236 4027 3288 ὀλε-

2438 3337 2617 3407 θρίαν,
2654 3335 2835 3413 ὅτεδτὺ
2868 3333 3162 3397 ἀνάπαλιν,
3188 3331 3283 3384 τοῦ
3322 3332 3423 3399 μὲν
3469 3331 3688 3397 πρώτου
3727 3328 3900 3397 ἔργου
3935 3344 4028 3394 γι-

2437 3429 2677 3496 νόμενοι,
2708 3428 2763 3491 ἒς
2798 3426 3001 3493 ἀγαθὸν
3037 3425 3308 3494 βλέπομεν
3328 3439 3344 3456 ο
3374 3422 3664 3492 ζηλοῦντες
3708 3420 3769 3473 δὲ
3802 3420 3869 3472 τὸ
3897 3417 4028 3472 δεύ-

2437 3535 2620 3586 τερον,
2653 3518 2787 3571 ἀλλά
2813 3517 2936 3570 τότε
2973 3516 3097 3586 οὐχ.
3134 3514 3212 3579 ὥς
3240 3519 3267 3568 ὸ
3306 3515 3437 3577 Θεὸς
3480 3514 3680 3575 ἐθέλει,
3714 3513 4028 3582 βλέπομεν.

2442 3610 2601 3664 οὕτω
2629 3611 2687 3664 δὲ
2717 3610 2834 3675 καὶ,
2878 3611 2968 3664 ὅτε
3007 3611 3083 3680 μὴ
3116 3609 3174 3672 ἐς
3215 3608 3488 3674 ἀγγέλους
3520 3604 3841 3675 μιμητικῶς
3875 3604 4030 3672 ἡμᾶς

2439 3704 2634 3766 αὐτοὺς
2665 3703 2960 3773 ἀνάγομεν,
2991 3701 3255 3770 διηνεκῶς
3288 3700 3351 3753 τό
3380 3699 3473 3753 τοῦ
3504 3699 3718 3768 Πατρὸς
3746 3697 3863 3749 τῶν
3898 3698 4023 3764 φῶ·

763 3793 879 3844 των
906 3790 1218 3861 βλέποντες,
1267 3794 1635 3863 εύαγγελικῶς
1682 3797 1878 3861 εἰπεῖν,
1930 3798 2241 3867 πρόσωπον,
2264 3797 2402 3853 ἀλλὰ
2438 3800 2548 3852 τῶν
2578 3796 2675 3852 τοῦ
2706 3799 2935 3860 σκότους
2966 3796 3132 3861 ἀξίων
3169 3795 3435 3865 γινόμεθα
3462 3808 3479 3825 ⁸
3523 3794 3613 3846 ὅτε
3647 3792 3769 3845 οὖδι
3803 3794 3832 3844 ό
3885 3791 4025 3855 Θεὸς

770 3887 855 3955 ἐφ’
887 3891 1033 3957 ἡμᾶς
1059 3889 1270 3958 βλέπει,
1304 3893 1377 3953 ὡς
1413 3891 1487 3960 μὴ
1515 3892 1817 3960 τρέμοντας
1864 3895 1956 3945 τὸν
1984 3893 2151 3947 αὑτοῦ
2185 3894 2362 3962 λόγον.
2386 3894 2531 3965 Ἔφη
2567 3897 2700 3963 γὰρ,
2734 3895 2827 3946 ἐπὶ
2853 3894 3128 3953 τοιούτους
3155 3888 3480 3959 ἀνθρώπους
3524 3886 3731 3940 ἐθέλειν
3769 3883 4030 3954 βλέπειν,

768 3981 913 4036 καθὰ
958 3985 1050 4038 καὶ
1075 3984 1167 4036 ἐπὶ
1193 3986 1317 4045 τοὺς
1364 3986 1592 4053 πρᾴους,
1622 3986 1713 4037 καὶ
1743 3985 2022 4055 ήσυχίους,
2064 3990 2159 4041 καὶ
2190 3990 2314 4050 τοὺς
2347 3987 2644 4058 φυλάσσειν
2683 3987 2894 4049 εἰδότας
2919 3988 2981 4038 τὸ
3017 4003 3035 4036 ι
3060 3984 3122 4037 '0
3142 3983 3319 4037 δοκῶν
3353 3981 3599 4044 ἑστάναι,
3631 3978 3911 4047 βλεπέτω,
3952 3980 4031 4046 μὴ

768 4079 932 4147 πέσῃ.
972 4097 989 4128 ι

843 4176 936 4229 54.
980 4175 1040 4228 Et
1074 4175 1153 4229 sic
1193 4176 1307 4230 luec
1358 4192 1417 4231 se
1446 4178 1665 4231 habent.
1700 4176 1757 4230 Si
1796 4186 1977 4231 autem
2003 4174 2069 4228 ad
2103 4172 2317 4227 autlituu

2516 4169 2609 4222 λδ’.
2642 4169 2750 4220 Καὶ
2786 4166 2931 4219 οὕτω
2985 4166 3084 4233 μὲν
3127 4164 3322 4218 ταῦτα.
3377 4164 3439 4216 Ei
3472 4163 3529 4215 δὲ
3556 4166 3667 4233 χρὴ
3714 4163 4033 4230 πλαγιάσαι

775 4271 1131 4336 ψιιεειίοιιειιι
1192 4269 1377 4328 vertis.
1418 4284 1484 4322 ne
1526 4270 1769 4322 auditum
1816 4268 2034 4337 quidem
2072 4268 2215 4321 sicut
2253 4279 2317 4333 pa

2447 4263 2527 4323 είς
2559 4262 2659 4331 τὴν
2709 4260 2899 4328 ἀκοὴν,
2935 4257 3057 4312 οὐδὲ
3103 4257 3271 4326 αὖτὴν
3306 4256 3702 4326 συνττιροῦμεν,
3737 4256 3814 4317 ὠς
3864 4258 4037 4325 ἐπρε-

773 4370 878 4417 est.
909 4362 1223 4421 recolimus,
1256 4361 1347 4413 sed
1377 4376 1536 4413 aures
1560 4360 1832 4423 laudibus,
1859 4359 2165 4428 plausibus,
2217 4370 2317 4411 can

2448 4370 2551 4405 πεν
2574 4369 2587 4383 ⁸
2618 4351 2736 4403 ἀλλ’
2768 4349 3012 4410 ἐπαίνοις
3049 4349 3150 4416 μὲν
3199 4350 3293 4401 καὶ
3326 4348 3610 4417 κροτάλοις
3655 4348 3752 4399 καὶ
3793 4347 4035 4414 μούσαις

778 4453 945 4513 tibus.
980 4454 1159 4520 nugis,
1228 4453 1335 4506 imo
1376 4454 1727 4521 blaspbeiniis
1768 4452 2150 4513 obtendimus,
2193 4458 2317 4516 atqu

2450 4443 2678 4511 ᾤδικαίς
2712 4440 2808 4492 καὶ
2840 4438 3252 4507 εὐτραπελίαις,
3290 4438 3391 4507 ἤδη
3421 4438 3477 4488 δέ
3522 4454 3624 4487 που
3657 4436 3755 4487 καὶ
3783 4436 4033 4505 βλασφή-

779 4541 1150 4595 adu’aforiliits
1198 4550 1364 4593 utcas
1390 4542 1567 4609 pravis
1593 4542 1939 4595 sermonibus
1962 4537 2345 4598 transfodiaut,

781 4633 829 4687 si
862 4632 1045 4687 velint.
1089 4633 1319 4686 Verbum
1383 4632 1591 4685 Domini
1640 4633 1969 4693 fastidimus,
2000 4633 2144 4684 unde
2176 4629 2345 4684 fames

782 4738 882 4775 nos
915 4723 1107 4789 premit
1134 4738 1255 4774 cum
1311 4737 1484 4790 eaque
1515 4723 1637 4777 sitis
1656 4723 1820 4775 verba
1844 4722 2024 4775 divina
2051 4718 2305 4773 audiendi
2333 4736 2348 4773 ι

782 4813 1017 4866 Verbum
1053 4811 1263 4865 DOmitti
1292 4823 1469 4864 autem
1524 4828 1629 4867 non
1658 4813 1779 4865 dico
1810 4812 1861 4865 id
1895 4812 2092 4874 solum,
2121 4811 2267 4879 quod
2298 4814 2350 4863 in

781 4903 1076 4974 Evangelia
1126 4911 1180 4956 et
1212 4904 1263 4955 in
1312 4905 1525 4957 czeteris
1564 4903 1936 4972 apostolorum
1971 4900 2188 4970 scriptis
2222 4899 2353 4969 legi-

783 5002 897 5056 tur,
943 4996 1029 5047 ubi
1067 4994 1265 5047 Paulus
1312 4993 1591 5058 apostolus
1636 4993 1847 5045 Domini
1895 4988 2132 5061 loquitur
2178 5001 2232 5044 et
2261 4990 2352 5059 qui

785 5083 946 5136 simul
1003 5097 1127 5135 cum
1186 5097 1250 5136 eo
1300 5083 1462 5135 locuti
1529 5091 1694 5145 sunt,
1738 5096 1860 5135 cum
1914 5083 2197 5149 gravitate.
2260 5080 2353 5132 Sed

785 5175 839 5231 id
892 5180 1053 5228 etiam
1119 5176 1262 5242 quod
1329 5175 1379 5228 in
1438 5175 1651 5228 caneris
1724 5174 1930 5226 nuntiis
1980 5187 2043 5225 ac
2092 5172 2360 5240 magistris

786 5266 986 5321 divinis
1066 5267 1357 5320 invenitur.
1431 5264 1631 5320 Omnes
1718 5265 1863 5317 enim
1931 5258 1994 5318 os
2066 5263 2153 5317 Dei
2213 5271 2359 5324 sunt,

789 5367 850 5412 ut
916 5358 1077 5411 etiam
1166 5358 1546 5426 prophetarum
1624 5358 1843 5410 chorus.
1918 5355 2120 5409 ldcico
2199 5356 2361 5409 etiam

790 5452 1013 5504 verbum
1064 5464 1128 5503 ex
1180 5451 1366 5503 talium
1430 5450 1666 5502 virorum
1724 5463 1837 5513 ore,
1896 5448 2115 5501 verbum
2151 5445 2361 5499 Domini

787 5552 895 5605 eat,
936 5555 1036 5595 nec
1079 5542 1272 5603 solum,
1306 5541 1398 5593 sed
1456 5541 1632 5603 quivis
1687 5555 1866 5593 sermo
1912 5538 2207 5591 Dominicis
2247 5552 2363 5590 ser-

792 5632 1047 5685 monibus
1122 5630 1340 5694 similis,
1380 5631 1798 5698 quibuscunque
1853 5630 2012 5683 labiis
2070 5627 2364 5696 profertur.

796 5720 980 5788 Itaque
1044 5720 1297 5775 indocilis
1356 5721 1443 5774 ille
1502 5721 1664 5773 verbo
1730 5718 1941 5772 Domini
2005 5732 2164 5771 aures
2206 5718 2366 5770 obtu-

797 5816 939 5871 favi
982 5826 1034 5872 et
1068 5816 1339 5873 sententia
1370 5815 1683 5884 evangelica
1719 5814 1774 5869 in
1817 5830 1940 5868 eum
1983 5827 2205 5880 quoque
2244 5826 2367 5865 sau-

2382 4566 2424 4619 D
2456 4550 2577 4602 μοις
2605 4532 2789 4600 λόγοις
2809 4530 2982 4598 ἡδέως
3011 4528 3328 4596 ὲκδιδόαμεν
3357 4528 3457 4590 τας
3485 4527 3678 4589 ἀκοὰς,
3703 4528 3802 4579 καὶ
3837 4528 4035 4593 κόλαξι

2451 4626 2511 4677 δὲ
2561 4621 2972 4693 παρατιθέαμεν
3020 4620 3211 4683 αὑτὰς,
3270 4616 3347 4682 ὡς
3401 4620 3497 4672 καὶ
3551 4620 3945 4688 κατατρυπᾷν,
3989 4620 4038 4671 εί

2456 4714 2749 4783 βούλοιντο,
2779 4713 2872 4764 καὶ
2900 4709 3223 4779 ἀνευρύνειν
3258 4710 3338 4772 εἰς
3363 4709 3425 4761 τδ
3456 4709 3674 4777 φαύλως
3702 4710 4035 4763 ἀκούεσθαι.

2452 4803 2626 4868 Λόγον
2649 4802 2704 4853 δὲ
2725 4800 2930 4871 Κυρίου
2966 4800 3189 4852 ἀκούειν
3217 4796 3508 4868 ὀκνοῦμεν,
3536 4798 3657 4851 ὅθεν
3686 4799 3785 4850 καὶ
3816 4800 3845 4850 ὁ
3876 4798 4037 4866 λιμὸς

2455 4895 2586 4964 ἡμῖν
2616 4895 2927 4962 ὲπεισφρεῖ,
2963 4894 3276 4961 συντρέχων
3306 4892 3385 4961 τῷ
3421 4892 3567 4962 λιμῷ
3590 4893 3690 4960 τῆς
3726 4892 3838 4943 τῶν
3875 4893 4039 4945 θείων

2455 4983 2629 5049 λόγων
2678 4985 2871 5051 ἀκοῆς.
2928 5001 2949 5035 ι
2994 4984 3168 5050 Λόγον
3201 5001 3219 5033 ι
3256 4981 3314 5034 δὲ
3369 4977 3526 5034 εἶπον
3565 5000 3583 5033 ι
3623 4980 3861 5050 Κυρίου,
3903 4999 3925 5031 ι
3967 4982 4039 5051 μὴ

2462 5078 2621 5148 μόνον
2653 5076 2744 5127 τὸν
2771 5076 2830 5126 ἐν
2854 5076 2971 5136 τοῖς
3003 5076 3169 5146 ἱεροῖς
3198 5073 3577 5138 Εὑαγγελίοις,
3604 5076 3719 5132 τοῖς
3749 5090 3812 5125 τε
3852 5074 4039 5135 ἀλλοις

2459 5170 2569 5230 τοῖς
2596 5164 2995 5230 ἀποστολικοῐς,
3013 5165 3129 5231 είγε
3152 5164 3243 5217 καὶ
3268 5163 3478 5225 Παῦλος
3502 5163 3798 5224 ἀπόστολος
3830 5166 4037 5235 Κυρίου

2463 5259 2896 5328 σεμνολογεῖται,
2929 5257 3006 5318 ὡς
3036 5257 3131 5309 καὶ
3163 5255 3329 5317 αὐτὸς
3375 5255 3762 5321 ἀποφαίνεται,
3809 5258 4037 5309 ἀκολοὺο

2466 5350 2573 5412 θως
2604 5349 2662 5401 δὲ
2692 5350 2787 5402 καὶ
2815 5350 2865 5400 oi
2888 5348 3011 5401 κατ’
3040 5347 3207 5399 αὐτόν
3233 5362 3250 5379 ο
3284 5346 3420 5397 ἀλλὰ
3450 5349 3543 5398 καὶ
3569 5346 3662 5397 τὸν
3690 5349 3751 5397 ὲν
3796 5351 3913 5409 τοῖς
3938 5349 4041 5400 ω-

2466 5443 2589 5499 ποίς
2617 5440 2786 5499 θείοις
2806 5437 3005 5507 κήρυξι
3036 5437 3132 5489 καὶ
3165 5436 3532 5499 διδασκάλοις.
3580 5436 3767 5504 Στὸμα
3803 5438 4042 5507 γᾶρθιιύο

2465 5516 2550 5583 τοι
2580 5532 2781 5591 πάντες
2810 5528 3037 5599 Κυρίου,
3070 5528 3214 5580 καθα
3243 5529 3338 5579 καὶ
3357 5528 3419 5580 τὸ
3450 5529 3795 5597 προφητικὸν
3824 5530 4038 5598 ἄγημα.

2468 5623 2579 5678 Καὶ
2615 5622 2801 5675 τοίνυν
2833 5622 2928 5673 καὶ
2968 5624 2996 5673 ὁ
3024 5622 3090 5673 ἐκ
3120 5618 3379 5672 τοιούτων
3422 5620 3712 5687 στομάτων
3751 5618 3916 5686 λόγος
3938 5621 4043 5673 Κυ-

2474 5716 2593 5785 ρίου
2625 5716 2805 5782 λόγος,
2857 5716 2949 5767 κα“ι
2974 5715 3035 5766 οὗ
3064 5713 3228 5781 μόνος
3257 5712 3443 5774 αὐτὸς,
3491 5713 3627 5765 ἀλλὰ
3659 5712 3754 5766 καὶ⁵
3792 5714 3955 5782 εἰπερ
3988 5713 4039 5776 ἐξ

2472 5807 2814 5875 οἱασδήτινος
2836 5804 3084 5872 γλώσσης
3104 5805 3399 5873 ἁπηχεῖται
3418 5804 3577 5858 λαλιὰ
3606 5803 3904 5873 σύμφωνος
3924 5804 4038 5862 τοῖς
