4210 6438
182 405 284 465 705

1093 405 1171 464 IN
1213 406 1253 462 S
1323 404 1989 474 QUADRAGESIMAM
2027 404 2311 465 ORATIO
2357 408 2448 468 ιν.

3336 412 3444 478 706

177 519 329 567 οὕτω
359 533 466 584 κυρ
480 519 657 575 ιακαῖ.ῖ
673 558 684 568 .
715 514 928 567 Οὐκοῦν
956 517 1049 568 καὶ
1067 519 1094 568 ὀ
1111 517 1314 585 ταύτης
1329 517 1610 584 παρήκοος
1629 516 1760 584 λόγιγ

1878 514 2020 566 citur
2062 524 2115 567 ct
2153 517 2327 569 eidem
2369 518 2580 586 judicio
2627 521 2922 590 subjicitur
2953 520 3040 576 eui
3079 521 3124 576 is
3154 523 3247 592 qui
3285 538 3445 579 sacra

179 607 389 675 Κυρίου
411 609 570 658 ἔθυσε
596 609 695 674 τὴν
717 607 908 676 ἀκοὴ),
934 609 1026 658 καὶ
1054 607 1442 675 ἡεύαγγελικὴ
1472 608 1649 675 ψῆφος
1673 608 1766 660 καὶ

177 702 294 752 κατ’
323 700 494 752 αὐτοῦ
528 701 816 768 κυροῦται,
852 701 948 752 καὶ
984 703 1064 761 εἰς
1092 696 1211 752 ἶσον
1240 701 1460 767 ἔρχεται
1499 700 1764 769 κατακρί-

170 810 315 853 σεως
357 793 451 843 καὶ
487 792 673 854 αὐτὸς,
709 792 902 854 ὁποίας
933 792 1026 844 καὶ
1052 792 1081 843 ὁ
1109 791 1217 844 τῶν
1241 790 1566 860 ἁγιωτάτων
1598 792 1764 859 εὐαγ-

171 883 380 950 γελίων
413 884 834 951 άνεπέστροφος.

243 983 342 1027 λε’.
383 978 490 1027 Καὶ
529 977 604 1045 μή
655 994 744 1044 μοι
782 976 1262 1030 ἀντικαθιστάσθω
1303 996 1388 1040 τις
1443 977 1761 1049 ἁγερωχῶν,

169 1070 266 1119 καὶ
299 1069 726 1136 βρενθυόμενος,
757 1069 850 1120 καὶ
885 1069 1157 1132 ἀπαξιῶν,
1187 1071 1244 1135 ἐξ
1279 1070 1513 1122 εὐτελῶν
1545 1070 1764 1140 προσώ-

169 1179 292 1210 πων
333 1161 562 1212 ἀκούειν
609 1161 767 1227 λόγον
806 1161 1014 1218 δέοντα.
1063 1164 1235 1229 Λόγος
1273 1163 1381 1232 γὰρ
1431 1163 1576 1224 ἅπας
1619 1163 1763 1226 θεῖος

172 1253 588 1320 προερχόμενος
606 1253 954 1321 ἀνθρωπίνου
987 1256 1257 1322 στόματος
1280 1256 1476 1322 ἡγίασε
1498 1256 1558 1307 τὸ
1589 1256 1763 1324 στόμα

170 1349 381 1408 ἐκεῖνο,
413 1345 538 1398 ὅθεν
576 1346 669 1396 καὶ
715 1346 788 1408 ὡς
826 1348 888 1399 ἐκ
925 1345 1204 1416 θειοτέρου
1258 1349 1522 1416 ὲρπνοίας
1557 1349 1763 1418 προῖὼν

171 1436 325 1502 ἆγιός
361 1438 504 1499 ἐστι,
539 1437 634 1488 καὶ
669 1438 758 1488 τον
786 1439 948 1505 ἀέρα,
971 1439 1038 1489 δι’
1071 1434 1130 1490 οὗ
1162 1441 1390 1506 ὀχεῖται,
1422 1441 1603 1508 τίμιον
1629 1444 1763 1492 ἁπο-

170 1529 347 1587 τελεῖ,
383 1527 529 1580 οὕτω
565 1530 621 1581 δὲ
659 1531 752 1581 καὶ
787 1530 885 1598 τὴν
937 1531 1128 1598 ἀκοὴν,
1163 1531 1230 1581 δι’
1261 1527 1326 1601 ἧς
1363 1532 1418 1592 ὲς
1450 1533 1630 1600 ψυχὴν
1667 1549 1761 1584 πο-

175 1621 424 1686 ρεύεται.
465 1622 524 1673 El
549 1621 731 1673 τοίνυν
759 1623 907 1692 καὶὴ
940 1624 1086 1693 ψυχὴ
1114 1626 1508 1679 ἀναπετάσασα
1540 1628 1703 1698 έαυτὴ
1725 1646 1755 1692 ο,

170 1712 262 1762 τὸν
294 1712 544 1763 τοιοῦτον
580 1712 724 1764 θεῖον
754 1712 911 1780 λόγον
941 1716 1318 1781 είσοικίσεται,
1351 1718 1446 1770 καὶ
1479 1719 1571 1788 ὅλη
1602 1720 1759 1789 γένηο

169 1818 262 1850 ται
300 1799 498 1861 αὑτοῦ,
525 1801 786 1869 ἡγίασται
818 1820 831 1833 ’
868 1803 942 1872 μὴ
965 1804 1107 1855 οὕτω
1131 1806 1185 1856 δὲ
1217 1805 1598 1876 διατεθειμένη
1633 1827 1760 1860 οκο-

1872 606 2160 674 Evangelia
2198 610 2548 678 dedignatur.

1949 958 2038 1010 55.
2081 958 2156 1012 Ne
2187 967 2368 1009 autem
2407 958 2678 1027 superbus
2707 960 2906 1029 aliquis
2947 972 2999 1015 et
3040 962 3316 1031 gloriosus
3342 967 3443 1021 de.

1867 1053 2156 1119 dignanter
2192 1049 2323 1101 mihi
2353 1050 2708 1118 respondeat,
2739 1053 2833 1118 qui
2873 1068 2978 1105 non
3027 1056 3133 1108 nisi
3166 1072 3289 1108 cum
3318 1061 3444 1110 vili-

1869 1148 1968 1200 bus
2016 1145 2332 1199 conversari
2380 1144 2580 1212 dignns
2645 1153 2752 1200 cst.
2811 1145 2985 1199 Omne
3037 1150 3183 1202 enim
3230 1152 3445 1204 dictum

1866 1234 2110 1287 divinum
2139 1232 2284 1300 quod
2327 1249 2392 1286 ex
2434 1248 2530 1284 ore
2567 1236 2804 1287 humano
2839 1237 3062 1301 prodiit,
3103 1240 3153 1291 id
3188 1255 3250 1294 os
3281 1258 3444 1295 sanc-

1865 1325 2134 1388 tificavit;
2163 1341 2336 1392 quare
2368 1327 2556 1386 etiam,
2588 1335 2644 1376 ut
2675 1343 2735 1378 ex
2776 1329 2976 1392 spiritu
3013 1330 3273 1384 tliviniori
3316 1348 3444 1399 pro-

1863 1419 2040 1480 diens,
2068 1427 2318 1470 sanetum
2348 1425 2452 1480 est,
2472 1426 2525 1470 ct
2553 1432 2731 1469 aerem
2760 1435 2920 1486 quem
2947 1424 3138 1475 transit
3172 1439 3444 1476 veneran-

1864 1509 1990 1561 dum
2025 1510 2238 1570 reddit;
2273 1508 2466 1561 codctn
2494 1510 2657 1560 modo
2689 1522 2739 1562 et
2774 1528 2940 1563 aures
2972 1528 3066 1580 per
3096 1530 3234 1579 quas
3270 1516 3438 1568 vitam

1863 1600 2211 1666 adipiscitur.
2236 1600 2290 1652 Si
2329 1601 2493 1668 igitur
2524 1601 2706 1653 anima
2741 1602 2794 1654 in
2824 1603 2990 1656 altum
3023 1606 3239 1658 sublata
3274 1610 3438 1660 talem

1865 1707 2173 1745 sermonem
2228 1693 2478 1746 divinum
2543 1695 2849 1756 inhabitat,
2904 1697 2988 1748 sui
3056 1700 3214 1765 plena
3289 1699 3438 1753 facta

1863 1788 2201 1839 sanctificata
2232 1797 2354 1851 cst;
2389 1788 2533 1855 quod
2558 1787 2604 1838 si
2631 1803 2735 1838 non
2769 1789 2875 1840 isto
2903 1789 3065 1840 modo
3091 1791 3438 1846 c0nforu-ata

172 1894 348 1944 πείτω
372 1895 466 1945 καὶ
487 1893 852 1957 εὑλαὸείσοω,
881 1896 955 1964 μὴ
976 1896 1186 1962 ἐναγιῖις
1204 1898 1552 1953 διατέθειται.
1581 1902 1758 1952 Καλὸν

1864 1888 1967 1942 cst,
2013 1879 2175 1931 liabet
2199 1893 2332 1931 sane
2362 1883 2504 1947 quod
2554 1888 2762 1932 metuat
2795 1895 2861 1932 ue
2890 1882 3031 1934 inter
3068 1896 3156 1935 res
3187 1897 3441 1936 exsecra-

171 1986 394 2054 κρατὴρ
435 1986 667 2055 χρύσεος
699 1987 1179 2056 ὲκκλησιαστικῦς,
1219 1994 1276 2042 ἐν
1301 1986 1344 2058 ᾧ
1374 1994 1434 2044 τὸ
1484 1994 1756 2064 πάντιμον

171 2077 456 2143 κίρναται.
490 2078 551 2129 Εἰ
577 2078 633 2130 δὲ
664 2079 761 2129 καὶ
791 2079 848 2129 ὲν
875 2079 1068 2149 ύελίνῳ
1097 2083 1534 2152 μυστηριασθεέη
1561 2086 1627 2136 τὰ
1657 2104 1756 2138 Sto.

172 2167 420 2234 τήριτι.ἦ
454 2167 532 2234 τῷ
568 2167 676 2218 ἀπὸ
707 2167 888 2228 ξύλου,
922 2169 1029 2220 εἴτε
1067 2170 1358 2239 ὀστράκου,
1389 2168 1497 2240 ἆρά
1529 2191 1590 2239 γε
1623 2176 1756 2226 ἁπο-

173 2259 460 2326 πέμψεταί
518 2276 602 2319 τις
639 2259 964 2328 Χριστιανὸς
999 2262 1064 2312 τὰ
1115 2261 1408 2327 θειότατας
1457 2265 1678 2332 Μηδεὶς,
1713 2261 1756 2317 ὧ

177 2350 378 2418 Κύριε,
417 2349 660 2412 τοιοῦτος
715 2353 1040 2418 ἀναφανείη.
1085 2354 1242 2405 Οὖτω
1283 2355 1414 2420 γοῦν
1457 2360 1545 2408 καὶ
1583 2359 1756 2425 στόμα

174 2441 524 2510 σχεδιασθὲν,
553 2442 626 2503 ὡς
655 2445 730 2504 είς
771 2444 918 2511 ἱερὸν
950 2444 1177 2512 βιϐλίον,
1222 2448 1315 2498 καὶ
1346 2446 1538 2513 λόγους
1580 2448 1755 2512 θείους

174 2535 448 2601 πρόαγον,
500 2533 713 2585 πείθειν
745 2535 812 2588 ἂν
868 2536 977 2603 ἔχοι
1025 2538 1157 2599 τοὺς
1211 2538 1530 2606 ἐχέφρονας,
1573 2541 1758 2592 ὁποῖον

174 2625 239 2675 ἂν
269 2625 370 2675 καὶ
425 2626 510 2692 εἴη
554 2627 734 2676 ἐκεῖνο
778 2624 840 2676 τὸ
896 2628 1092 2694 στόμα.
1133 2629 1199 2679 Ἢ
1231 2628 1348 2689 ὄνος
1387 2629 1484 2698 μὲν
1532 2629 1757 2700 Βαλαὰμ

173 2717 742 2784 γλωττηματισθεῖσα
767 2721 888 2771 κατ’
919 2720 1226 2789 ἄνθρωπον,
1260 2722 1599 2791 ἐπιστροφὴν
1633 2724 1757 2792 ἔσχε

175 2808 276 2876 τὴν
302 2809 364 2871 ἐξ
396 2810 721 2876 ἀκροάσεως
742 2827 756 2872 ;
781 2811 1068 2878 ἄνθρωπος
1098 2811 1154 2862 δὲ
1186 2809 1444 2882 λαλήσας,
1472 2813 1546 2876 ὡς
1565 2816 1755 2883 ἐχρῆν,

175 2905 256 2961 εἰς
292 2902 420 2951 (nou
456 2903 653 2970 μοίραν
700 2904 1134 2967 ἁποτετάξεταις
1168 2905 1325 2972 Ὄφις
1361 2907 1760 2974 παρακουέσθω

177 2993 382 3053 λαλῶν,
419 2994 520 3044 ὃσα
555 2997 666 3054 τοῖς
711 2996 874 3062 Ἐδὲμ
911 2995 1221 3058 ἀποικίζειν
1253 2997 1470 3063 ἔχουσιν
1496 3015 1508 3026 ·
1544 2999 1759 3067 ἄνθρω-

180 3103 282 3145 ¹ιτος
314 3086 394 3146 δὲ,
425 3088 574 3146 ὅστις
606 3086 671 3137 ἂν
707 3088 800 3138 καὶ
844 3089 951 3154 εἴη,
985 3087 1267 3140 ἀκουέσθω
1317 3087 1494 3141 λαλῶν
1525 3090 1591 3143 τά
1619 3093 1756 3143 οἰκί-

176 3175 345 3235 ζοντα
374 3177 454 3234 είς
488 3176 842 3244 παράδεισον.

249 3267 363 3329 λς’.
404 3267 615 3334 Διαιρώ
660 3269 750 3318 τὸν
783 3267 1070 3336 ἄνθρωπον
1107 3269 1218 3321 ἰδοὺ
1263 3272 1341 3331 είς
1387 3271 1636 3334 πολλοὺς,
1664 3273 1758 3323 καὶ

177 3359 416 3410 λαλείτω
435 3359 666 3418 ἕκαστος
694 3359 759 3408 τὶ
792 3359 884 3409 τοῦ
908 3359 1065 3422 Θεοῦ,
1096 3361 1186 3411 καὶ
1218 3362 1590 3430 ὀβουλόμενος
1624 3382 1760 3432 παρ-

177 3448 457 3506 ακουέτω,
511 3449 598 3498 ἴνα
633 3447 726 3498 καὶ
751 3447 916 3498 αὑτοῦ
943 3449 1235 3520 παρακούῃ
1265 3453 1291 3501 ο
1314 3452 1462 3512 Θός.
1500 3453 1609 3503 Καὶ
1637 3455 1761 3513 τοὺς

184 3540 285 3606 μὲν
328 3540 511 3607 ἱεροὺς
558 3539 806 3600 ἅπαντας
862 3539 967 3608 ἰδία
1015 3540 1238 3608 τίθεμαι
1287 3543 1405 3592 κατ’
1442 3544 1757 3610 ἐξαίρετον·

179 3630 410 3696 γίνομαι
446 3629 503 3680 δὲ
553 3628 649 3695 τῆς
678 3627 870 3696 λοιπῆς
905 3630 1266 3695 ὲπελεύσεως,
1311 3633 1416 3685 τῶν
1451 3636 1760 3686 ταπεινοτέ-

181 3736 294 3787 ρων
323 3719 659 3786 άρξάμενος.
693 3719 946 3771 Θλίϋεται
970 3719 1175 3782 δοῦλος,
1210 3723 1240 3789 ἠ
1272 3725 1569 3792 κατωτέρω
1597 3723 1756 3792 τύχη,

181 3814 277 3863 καὶ
309 3811 343 3878 ἡ
379 3809 559 3877 θλίψις
594 3811 694 3862 οῦκ
742 3809 995 3878 εῦφορος,
1043 3813 1136 3863 καὶ
1180 3814 1456 3880 ἀναφωνεῖ
1504 3814 1572 3866 τὰ
1626 3816 1761 3882 πρὸς

179 3903 356 3965 ἔλεον,
395 3904 756 3970 παραμιγνὺς
787 3903 881 3954 καί
908 3902 1043 3953 Θεοῦ
1067 3904 1236 3971 ὄνομα
1265 3920 1277 3933 ·
1313 3906 1394 3966 τίς
1421 3905 1484 3975 δὴ
1509 3902 1601 3958 οὖν
1630 3907 1764 3958 ἑπά-

183 4010 350 4062 ρατος
383 3995 579 4055 οὕτως.
627 3993 700 4054 ὡς
739 3994 810 4061 μὴ
860 3992 996 4061 πρὸς
1037 3994 1233 4062 ἐκείνῳ
1263 3994 1360 4062 τὴν
1399 3997 1570 4063 ἀκοὴν
1596 3996 1758 4063 ἔχειν,

184 4088 279 4138 καὶ
304 4087 518 4145 ὲλεείνς
574 4083 830 4145 Πιέζεταί
875 4100 958 4144 τις
997 4086 1309 4153 χειρομάχα
1359 4087 1523 4154 ψυχὴ,
1567 4089 1646 4140 ὅτι
1675 4105 1762 4139 κο-

184 4176 407 4228 λούεται
438 4175 635 4241 μισθοῦ
663 4177 690 4226 ὁ
712 4175 1020 4244 ἄνθρωπος,
1044 4178 1136 4227 καὶ
1162 4176 1528 4244 προϐάλλεται
1546 4179 1762 4247 οἰκτρὸν

187 4268 282 4319 τὸν
317 4267 546 4326 ἱκέσιον,
585 4268 765 4332 (nstin
799 4265 1036 4318 ἀκοῦσαι
1059 4267 1132 4328 ὼς
1157 4286 1175 4318 ι
1200 4268 1352 4331 Ἰδοὺ,
1387 4269 1592 4338 ἑταῖρε,
1621 4269 1762 4338 ἔχεις

183 4359 243 4407 τὸ
272 4358 402 4407 σόν·
448 4374 466 4405 ι
507 4356 690 4416 ἄθλιος
735 4352 880 4407 οὖνὸ
918 4355 1085 4424 eam;
1132 4357 1229 4425 τὴν
1271 4359 1438 4425 ἀκοὴν
1491 4358 1619 4428 θείῳ
1663 4360 1764 4430 ῥή-

190 4464 346 4515 ματι.
384 4445 524 4497 Θεοῦ
573 4446 680 4513 γὰρ
737 4446 914 4512 λόγος,
965 4447 1059 4497 καὶ
1096 4446 1154 4497 τὺ
1212 4449 1286 4515 μὴ
1320 4448 1629 4501 ἀδικεῖσθαι
1673 4451 1765 4502 τὸν

1865 1973 2001 2024 biles
2038 1981 2298 2040 ponatur.
2353 1971 2457 2023 Res
2499 1973 2726 2040 pulchra
2771 1974 2915 2026 calix
2955 1988 3189 2036 aureus,
3238 1977 3289 2028 in
3329 1991 3445 2044 quo

1865 2064 2128 2117 sacerdos
2179 2067 2484 2132 pretiosum
2539 2067 2864 2134 sanguinem
2902 2066 3119 2119 miscet.
3162 2067 3218 2121 Si
3258 2081 3438 2123 autem

1867 2157 2181 2226 mysterium
2216 2160 2456 2210 salutare
2502 2159 2554 2211 in
2600 2174 2727 2213 vase
2763 2161 2956 2222 vitreo,
2991 2168 3085 2213 aut
3118 2161 3318 2228 ligneo,
3345 2171 3443 2216 aut

1868 2249 2168 2318 argillaceo
2225 2260 2599 2317 perageretur,
2633 2267 2760 2302 Illllll
2787 2261 2867 2303 est
2888 2252 3236 2308 Cbrisuanus
3262 2257 3442 2308 Sacri-

1869 2342 2048 2395 ficiutn
2101 2345 2230 2396 illud
2293 2344 2625 2410 repudians?
2683 2346 2758 2397 Ne
2821 2364 2984 2412 unus,
3029 2348 3274 2410 Domine,
3325 2349 3439 2401 lucc

1867 2433 2050 2488 faciat.
2085 2437 2176 2491 Sic
2205 2437 2367 2490 etiam
2402 2451 2462 2491 os
2494 2441 2900 2493 contumelians
2946 2443 3118 2496 libros
3147 2451 3202 2495 et
3227 2457 3438 2494 sermo-

1867 2541 1963 2577 nes
1990 2526 2232 2587 tlivinos,
2266 2543 2371 2580 non
2412 2527 2574 2581 facile
2602 2532 2945 2584 nobilitatem
2972 2546 3126 2585 suam
3155 2533 3434 2601 probabit.

1865 2617 2004 2668 Nom
2054 2618 2290 2672 Balaami
2342 2622 2494 2672 asina
2537 2636 2667 2674 voce
2702 2623 2934 2676 bamana
2982 2625 3206 2693 prtedila
3245 2641 3308 2679 ex
3340 2640 3440 2677 au-

1863 2711 1980 2763 dittt
2013 2711 2276 2778 loquelam
2307 2721 2556 2765 mutuala
2581 2714 2697 2765 est?
2724 2713 2895 2766 llotno
2918 2725 3100 2769 autem
3124 2716 3218 2783 qui
3246 2716 3437 2770 debito

1867 2816 2117 2854 sermone
2161 2818 2295 2857 usus
2346 2812 2453 2864 est,
2495 2804 2825 2858 animalisne
2869 2807 3012 2859 bruti
3057 2821 3282 2860 munere
3313 2808 3440 2861 fitti-

1865 2893 2058 2959 getur?
2115 2893 2353 2962 Serpens
2415 2895 2644 2962 loquens
2697 2897 3006 2950 audiendus
3062 2913 3172 2952 non
3225 2907 3310 2953 est
3367 2899 3438 2952 ab

1864 2985 2143 3038 exsulibus
2179 2988 2374 3051 Iidem;
2419 2987 2583 3040 homo
2624 2997 2845 3052 autem,
2888 2990 3143 3058 quisquis
3191 2991 3296 3057 sit,
3338 3005 3438 3044 au-

1865 3078 2070 3144 diatur,
2105 3080 2325 3147 quando
2359 3080 2426 3131 de
2459 3081 2614 3132 novis
2656 3081 2904 3134 Paradisi
2936 3083 3130 3136 incolis
3169 3084 3434 3154 loquitur.

1934 3258 2022 3312 56.
2063 3257 2348 3311 llmniuem
2378 3258 2431 3310 in
2469 3260 2654 3326 plures
2683 3259 2891 3321 divido,
2925 3276 3161 3330 quorum
3194 3265 3433 3335 quisque

1865 3365 1949 3402 res
1971 3351 2183 3402 divinas
2207 3350 2260 3401 lo
2282 3359 2460 3415 luatur
2479 3366 2494 3413 ;
2516 3350 2606 3417 qui
2631 3350 2824 3403 audire
2848 3367 2955 3404 non
2977 3355 3111 3417 vult,
3135 3370 3200 3408 ne.
3222 3357 3432 3423 audito,

1865 3452 1921 3493 ut
1961 3442 2102 3494 Deus
2134 3457 2352 3508 quoque
2383 3456 2506 3493 eum
2561 3458 2668 3494 non
2715 3444 2998 3498 exaudiat.
3035 3443 3197 3502 Viros
3237 3464 3432 3503 sacros

1861 3548 2050 3584 omnes
2087 3534 2139 3583 in
2176 3532 2295 3584 loco
2330 3532 2588 3598 peculiari
2622 3543 2832 3597 statuo,
2871 3535 2939 3587 ad
2980 3536 3202 3591 viliores
3232 3542 3437 3594 transi-

1864 3633 2039 3675 turus.
2077 3621 2280 3675 Servus
2321 3624 2520 3691 aliquis
2569 3625 2869 3678 tribulatur
2900 3636 2954 3679 et
2983 3629 3129 3681 inter
3161 3638 3432 3685 tormenta

1863 3715 2141 3767 hominum
2211 3713 2417 3782 Deique
2479 3717 2654 3784 ipsius
2709 3718 3137 3772 misericordiam
3193 3721 3429 3777 invocat.

1862 3805 1993 3870 Quis
2021 3807 2155 3859 adeo
2175 3806 2348 3860 durus
2377 3814 2462 3859 est
2494 3815 2552 3860 ut
2589 3809 2851 3861 miserum
2878 3824 2987 3862 non
3020 3812 3232 3877 audiat,
3265 3814 3432 3867 mise-

1865 3898 2156 3950 ricordiam
2190 3899 2465 3966 deneget?
2515 3896 2815 3953 Laboriosa
2857 3903 3042 3954 anima
3075 3903 3131 3954 in
3159 3904 3434 3972 angustiis

1861 3997 1946 4041 est
1995 3990 2142 4057 quod
2193 3988 2355 4041 homo
2407 3991 2658 4043 mercede
2711 3990 3015 4045 frustratur
3057 4003 3112 4046 et
3163 3995 3429 4050 miserum

1862 4081 2160 4148 supplicem
2196 4081 2396 4147 rejieit,
2439 4090 2496 4135 ut
2527 4082 2574 4135 ei
2612 4084 2831 4136 dicatur
2863 4102 2878 4139 :
2910 4085 3011 4147 En,
3051 4088 3248 4150 amice,
3283 4105 3401 4142 mer

1862 4175 2047 4228 cedem
2094 4174 2275 4226 tuatui
2333 4168 2503 4242 Miser.
2540 4175 2707 4244 igitur
2759 4178 2849 4243 qui
2900 4179 3069 4232 verbo
3111 4179 3208 4234 Dei
3265 4195 3430 4235 aures

1863 4265 2105 4318 obturat.
2142 4264 2232 4315 Dei
2265 4264 2411 4318 enim
2437 4273 2520 4318 est
2549 4269 2773 4319 verbum
2811 4267 3111 4334 prohibens
3146 4284 3216 4323 ne
3245 4271 3294 4324 ei
3335 4271 3429 4338 qui

1865 4371 1963 4409 sua
2011 4355 2210 4407 alienat
2250 4355 2865 4422 iniuriam-inferamus.
2901 4359 3046 4410 Puer
3083 4361 3428 4421 verberatur,

1865 4445 1957 4498 sed
1994 4445 2120 4498 inde
2153 4446 2514 4510 emendatur;
2553 4449 2696 4501 ictus
2726 4463 2923 4517 graves
2956 4465 3065 4503 non
3099 4461 3250 4512 sunt.
3279 4463 3334 4505 et
3367 4467 3431 4506 os

185 4537 470 4602 ἀπέχοντα
500 4535 559 4585 τὸ
605 4535 820 4588 ἑαυτοῦ.
880 4535 1154 4587 Τύπτεται
1192 4538 1342 4599 παῖς,
1387 4537 1488 4588 εἴτ’
1537 4534 1629 4591 οὖν
1660 4558 1760 4591 σω-

1867 4541 1982 4608 ejus
2020 4539 2111 4591 Dei
2157 4539 2480 4592 recordatur
2513 4547 2565 4592 et
2589 4543 2798 4593 veniam
2835 4546 3171 4610 exposmlat,
3212 4544 3430 4602 Stultus

188 4624 535 4693 φρονίζεται,
572 4625 665 4674 καὶ
708 4625 914 4694 πληγαὶ
955 4626 1014 4676 οὺ
1065 4626 1188 4676 κατ’
1236 4626 1543 4696 ἄνθρωπον,
1581 4628 1763 4681 καὶτὸ

190 4718 370 4783 στόμα
423 4716 634 4766 ἐκείνου
675 4716 836 4784 γέμει
883 4715 1019 4767 Θεοῦ
1073 4717 1314 4786 μνήμηῖ,
1349 4718 1439 4768 καὶ
1478 4719 1764 4788 παρακλη-

187 4805 341 4857 τεύει
374 4798 514 4874 πρὸς
559 4805 779 4857 άνεσιν’
816 4808 994 4874 μωρὸς
1035 4807 1125 4857 οὖν
1167 4807 1509 4869 διδάσκαλος,
1538 4808 1594 4870 ὃς
1640 4811 1766 4862 παίε-

189 4897 379 4948 δευσιν
433 4899 668 4963 εἰσάγων
705 4896 826 4948 οὐδὲ
878 4897 1074 4948 πολλοῦ
1118 4898 1246 4960 ἴσως
1304 4899 1482 4962 ἀξίαν,
1529 4902 1765 4967 ἁπάγειν

191 4989 371 5041 ἐθέλει
404 4989 741 5058 τιμιωτάτην
777 4989 978 5058 ψυχήν.
1013 4991 1266 5057 Στέρεται
1297 4991 1403 5042 τῶν
1432 4993 1645 5044 οἰκείων
1672 4995 1765 5062 ὀρ-

193 5080 362 5146 φανός
388 5096 493 5140 τις,
523 5080 614 5130 καὶ
642 5080 732 5130 τὸν
761 5081 855 5148 τῆς
885 5081 1152 5148 ὀρφανίας
1188 5083 1499 5149 προστάτην
1533 5086 1768 5150 ἐκφωνεί

196 5174 330 5238 πρὶς
368 5171 655 5237 ἱκετηρίαν
682 5171 970 5222 θεόκλυτον
996 5187 1009 5200 ·
1048 5173 1252 5238 φαῦλος
1285 5173 1376 5224 οῦν
1404 5174 1517 5235 υἱὸς
1547 5177 1574 5225 ὁ
1609 5175 1766 5226 ἀδελ-

197 5261 295 5326 φοῦ
323 5260 575 5311 τοιούτου
611 5261 916 5330 ὑπερορῶν,
946 5263 1028 5325 ὃς,
1061 5265 1108 5313 εἰ
1143 5264 1238 5313 καὶ
1272 5264 1477 5331 πατρὸς
1504 5265 1596 5316 τοῦ
1626 5267 1766 5319 κατά

196 5354 297 5422 γῆν
339 5353 630 5420 στερηθεὶς
685 5354 1074 5421 ἁπεσκοτώθη,
1111 5352 1248 5406 ἀλλὰ
1292 5355 1385 5406 τοῦ
1432 5356 1542 5406 τῶν
1575 5357 1767 5422 φώτων

193 5449 291 5498 καὶ
319 5446 433 5496 τῶν
462 5445 719 5513 ὀρφανῶν
758 5446 966 5513 Πατρὸς
1001 5447 1101 5498 οὐκ
1127 5447 1502 5500 ἐκπέπτωκεν,
1551 5449 1768 5501 Ἠλικία

193 5538 514 5606 γεροντικὴ.
558 5538 651 5588 καὶ
700 5537 821 5588 οὐδὲ
855 5539 1044 5602 γένους
1081 5533 1139 5589 εὖ
1170 5539 1390 5606 ἔχουσα,
1447 5540 1544 5608 ήδη
1591 5539 1643 5590 δὲ
1673 5539 1767 5592 καὶ

193 5628 271 5698 τῷ
300 5628 506 5678 πλείονι
533 5628 664 5695 πρὸς
696 5628 774 5697 τῷ
805 5628 941 5699 ’ᾼδῃ
971 5623 1126 5691 οὖσα,
1157 5631 1246 5680 καί
1279 5648 1330 5682 τι
1361 5632 1665 5699 πάσχουσα,
1693 5626 1766 5684 ὧν

194 5721 293 5770 οὐκ
333 5720 484 5769 ἐστιν
534 5719 850 5787 ἀνέχεσθαι,
906 5720 1079 5784 λαλεῖ,
1112 5721 1208 5772 καὶ
1247 5721 1336 5773 τὸν
1377 5723 1606 5774 παλαιὸν
1658 5722 1766 5775 τῶν

200 5812 429 5882 ἡμερῶν
468 5812 561 5864 ἐπὶ
601 5811 866 5880 στόματος
899 5812 1075 5880 φέρει,
1125 5812 1215 5864 καὶ
1253 5813 1319 5865 δι’
1350 5814 1558 5866 ἐκείνου
1602 5813 1767 5880 μέσου

1865 4632 2029 4698 igitur
2080 4637 2164 4681 est
2214 4629 2476 4695 magister
2511 4629 2603 4696 qui
2653 4630 3006 4700 disciplinam
3053 4636 3214 4686 vilem
3254 4637 3432 4687 intro-

1864 4719 2134 4771 tlucturns
2201 4718 2438 4768 animam
2502 4715 2799 4784 pretiosam
2863 4719 2916 4768 ιιι
2979 4718 3239 4772 exsdium
3294 4727 3429 4792 agit.

1864 4810 2157 4878 Orphanus
2206 4808 2407 4875 aliquis
2455 4806 2696 4861 fortunis
2748 4806 3024 4874 privatus,
3074 4816 3311 4861 tutorem
3361 4812 3428 4863 ad

1868 4900 2329 4969 supplicationem
2379 4897 2488 4950 Deo
2545 4897 2880 4951 offerendam
2938 4907 3153 4950 evocat.
3222 4896 3434 4952 Pravus

1865 4996 2030 5064 igitur
2064 4993 2210 5046 filius
2245 4992 2405 5043 talem
2437 4990 2660 5042 fratrem
2688 5004 2752 5041 cx
2785 4989 2964 5042 oculis
2998 4989 3268 5057 abjiciens
3309 4990 3430 5056 qui,

1866 5088 1968 5140 etsi
2009 5095 2160 5154 patre
2231 5083 2475 5137 terrestri
2531 5081 2775 5151 privatus
2827 5082 2923 5145 sit,
2975 5081 3193 5134 Patrem
3250 5089 3430 5135 tamen

1870 5179 2139 5232 luminum
2174 5183 2226 5230 et
2257 5176 2631 5242 orplianorom
2671 5173 2811 5226 baud
2844 5172 3046 5226 amisit.
3094 5171 3250 5226 IEtas
3299 5187 3426 5240 pro-

1868 5279 2044 5332 vecta,
2075 5267 2286 5319 viribus
2310 5265 2616 5326 debilitata,
2637 5265 2864 5332 jamque
2889 5277 3056 5331 prape
3085 5263 3150 5315 ad
3176 5273 3430 5323 mortem,

1871 5373 1966 5428 per
2024 5355 2388 5410 intolerabilia
2448 5356 2587 5406 mala
2629 5354 2870 5421 loquitur
2903 5361 2958 5405 et
2995 5352 3290 5417 Antiquom
3323 5351 3438 5403 die-

1873 5463 1990 5502 rum
2037 5448 2090 5500 in
2128 5462 2221 5500 ore
2258 5446 2418 5516 gerit,
2452 5453 2507 5497 et
2537 5461 2633 5512 per
2661 5460 2784 5498 eum
2821 5443 3254 5497 misericordiam
3304 5456 3432 5510 pro-

1871 5554 2066 5593 vocare
2097 5547 2290 5592 tentat.
2334 5537 2406 5591 Os
2427 5537 2682 5590 dentibus
2725 5547 2948 5590 exutum
2994 5533 3192 5588 divinis
3216 5532 3434 5602 hymnis

1874 5637 2112 5682 resonat.
2139 5628 2306 5696 Igitur
2332 5631 2422 5695 qui
2451 5631 2694 5680 animum
2729 5641 2836 5680 non
2861 5625 3114 5690 attendit,
3136 5639 3236 5678 nec
3263 5623 3430 5675 Deum

1875 5722 2051 5782 timet,
2093 5736 2191 5774 nec
2229 5731 2479 5783 mortem,
2514 5735 2614 5775 nec
2655 5727 2991 5774 senectutem
3031 5718 3192 5772 enixe
3222 5721 3429 5783 sperat.

1877 5811 1934 5867 Si
1965 5811 2109 5867 enim
2144 5825 2268 5880 spes
2301 5811 2599 5866 senecwtis
2625 5811 2670 5866 ei
2711 5808 2982 5880 fulgeret,
3020 5819 3232 5862 tuorum
3281 5799 3426 5857 simir
