4210 6438
732 368 836 431 70⁸1

1469 361 1889 423 EUSTATHII
1928 356 2694 421 Τ11Ε58Α1.οΝΙΕΕΝ515
2732 357 3299 418 METROPOLITJE

3870 360 3984 422 τινι

726 478 902 534 luudo
937 477 1168 531 aliorum
1200 489 1324 529 eum
1350 474 1620 528 alliceret.
1660 475 1785 526 Mihi
1815 483 1998 527 autem
2031 471 2123 539 qui
2156 468 2281 522 tatis
2316 480 2355 528 Α

2319 480 2355 528 Α
2388 465 2539 519 ἔλεον
2568 468 2740 521 ἐθέλει
2775 469 3126 538 ἐφέλκεσθαι,
3166 473 3397 526 ἐδόντων
3431 474 3532 543 μὲν
3559 474 3701 540 τάχα
3733 489 3841 527 που
3875 476 3981 526 ἑκ-

729 580 817 622 est
852 568 1065 621 videtur
1106 568 1400 621 auditurus
1446 567 1574 620 illud
1608 582 1725 623 esse
1764 585 1777 620 :
1815 567 1873 619 lu
1919 579 2093 617 annos
2149 562 2292 615 haud

729 659 919 720 venit,
980 657 1246 724 siquidem
1298 668 1621 727 praematura
1686 666 1860 710 morte
1907 666 2128 722 ereptus
2186 661 2292 707 est.

730 748 1080 817 Supponatur
1128 748 1330 815 aliquis
1380 746 1565 800 ebrius
1604 748 1730 817 qui,
1767 762 1889 800 cuni
1944 744 2294 799 fundamenta

730 839 929 889 domus
954 837 1075 902 ejus
1110 840 1371 892 subversa
1403 848 1552 913 sunt,
1582 839 1807 908 pedibus
1843 845 1993 891 stare
2021 853 2124 888 non
2156 837 2299 889 valet

731 930 801 983 oh
849 930 1165 990 cerebrum,
1214 929 1377 998 pedes
1407 940 1459 983 et
1501 939 1687 998 caput,
1722 943 1843 999 quae
1890 929 2029 982 male
2070 928 2295 983 habent.

730 1020 1027 1077 Auferatur
1055 1036 1121 1075 ex
1153 1036 1249 1075 ore
1297 1021 1562 1090 quidquid
1598 1022 1885 1086 odiosum;
1920 1021 2103 1089 lingua
2162 1034 2297 1087 pur-

746 1124 907 1183 getur
938 1112 1194 1168 sordibus
1228 1112 1468 1182 polluta;
1511 1112 1862 1181 duplicentur
1895 1111 1949 1164 iti
1979 1110 2152 1163 oculis
2177 1124 2299 1177 qua

733 1209 1035 1261 echruntur
1085 1216 1138 1259 et
1164 1207 1244 1259 sic
1299 1206 1442 1259 male
1498 1207 1860 1259 retineantur.
1914 1203 2066 1257 Meus
2119 1211 2297 1253 autem

734 1296 1040 1363 Itttjnsntodi
1087 1297 1184 1348 viri
1236 1311 1371 1351 sana
1420 1298 1514 1359 sit,
1546 1303 1601 1350 et
1631 1296 1812 1365 lingua
1867 1296 2175 1350 errabunda
2213 1306 2300 1346 res

733 1389 947 1443 debitas
976 1388 1125 1441 tentti
1177 1404 1311 1443 voce
1342 1389 1570 1449 eﬂ'utiat.
1607 1398 1665 1441 ιιι
1706 1407 1735 1439 ιι
1761 1392 1908 1442 ultos
1940 1388 2116 1441 facere
2153 1388 2301 1440 vide-

734 1495 876 1533 mus.
910 1481 1013 1544 Qui
1059 1480 1230 1550 igitur
1285 1480 1426 1549 quod
1477 1480 1629 1534 audit
1674 1480 1823 1549 parvi
1877 1477 2031 1541 iacit,
2084 1479 2303 1547 quando

732 1570 1064 1639 resipiscere
1116 1573 1284 1640 cmpit
1337 1585 1439 1625 uec
1495 1572 1656 1639 plane
1716 1570 1901 1625 ebrius
1957 1577 2085 1633 est,
2147 1569 2302 1624 valde

734 1664 997 1729 superbit.

2400 560 2806 629 κεκρουσμένη,
2831 561 3235 629 ὲμπιπλῶσα’δὲ
3251 565 3311 617 τί»
3334 564 3514 633 στόμα
3537 564 3983 633 θεοκλυτήσεως·

2400 648 2429 699 ὁ
2462 650 2645 702 τοίνυν
2677 651 2752 720 μὴ
2800 651 2968 716 ἀξιῶν
2997 653 3134 722 πρὸς
3163 654 3300 725 αὐτῇ
3353 656 3445 708 τὸν
3476 655 3604 709 νοῦν
3652 656 3823 723 ἔχειν,
3853 656 3987 707 ait;

2402 739 2537 793 Θεὸν
2569 741 2904 807 εὐλαϐεῖται,
2938 746 3032 796 καὶ
3080 746 3202 798 οὐδὲ
3248 746 3544 815 καραδοκεῖ
3584 746 3839 811 θάνατον,
3878 749 3987 814 μή·

2403 850 2536 886 ποτε
2575 833 2631 888 δὲ
2658 835 2781 888 οὐδὲ
2819 837 3016 906 γῆρας.
3059 837 3122 891 Ei
3151 838 3257 907 γὰρ
3311 838 3467 902 ἐλπὶς
3516 838 3682 891 αὑτὸν
3715 838 3987 891 ὐπέσαινε

2402 925 2828 995 γηραλεότητος,
2862 927 3039 994 ὲφίλει
3072 928 3140 981 ἂν
3180 928 3240 981 τὸ
3287 928 3642 998 ὁμοιοπαθές.
3682 928 3791 981 Καὶ
3822 924 3987 996 οἶμαι

2401 1016 2658 1071 ἀκούσειν
2704 1020 2817 1089 εχοι
2859 1020 3024 1074 ποθὲν
3069 1022 3166 1074 καὶ
3208 1024 3237 1075 ὁ
3268 1021 3517 1086 τοεοῦτος
3560 1023 3622 1075 τὸ
3657 1039 3676 1073 ι
3722 1021 3797 1091 μὴ
3832 1020 3989 1089 ὥρας

2403 1109 2595 1174 ἵκοιτο,
2640 1129 2659 1163 ι
2693 1111 2810 1164 ἀλλ’
2852 1111 3203 1182 ἐκθερισθείη
3247 1114 3522 1183 πρόωρος.
3579 1112 3989 1166 Ύποτεθείσθω

2406 1219 2490 1265 τις
2525 1203 2622 1256 καὶ
2658 1204 2896 1274 μεθύων,
2924 1206 3051 1269 τοὺς
3084 1204 3373 1275 θεμελίους
3402 1206 3498 1259 τοῦ
3528 1207 3671 1260 κατά
3698 1206 3864 1274 σῶμα
3899 1221 3990 1255 σε·

2409 1292 2740 1363 σαλευμένος
2769 1294 2946 1359 οἴκου,
2979 1295 3076 1349 καὶ
3104 1297 3205 1349 οὐκ
3234 1296 3375 1367 ἔχων
3401 1300 3482 1360 εἰς
3510 1296 3673 1367 ὀρθὸν
3700 1296 3988 1357 ῖστασθςι,

2404 1388 2467 1440 τὸ
2518 1389 2769 1459 ύπερῳον
2816 1391 3315 1459 κατασεσεισμένος
3365 1392 3585 1459 (ἐκεῖνοι
3639 1390 3742 1458 μὲν
3795 1391 3986 1451 πόδες,

2406 1480 2567 1533 τοῦτο
2595 1480 2653 1534 δὲ
2684 1481 2923 1551 κεφαλή)
2949 1497 2963 1512 ο
2989 1481 3355 1551 ἀποςερέσθω
3399 1481 3495 1536 τοῦ
3550 1484 3817 1552 στόματος
3849 1480 3989 1533 πολὺ

2405 1571 2468 1624 τδ
2496 1572 2679 1640 ἀηδὲς,
2713 1573 3117 1645 παραφερέσθω
3148 1575 3181 1645 ἡ
3208 1574 3430 1641 γλῶσσα
3458 1575 3677 1642 φαύλως
3707 1574 3988 1641 ὲγκολυμ-

2338 1658 2376 1712 Β
2410 1661 2580 1715 ϐοῦσα
2613 1666 2878 1728 τοιούτοις
2927 1665 3188 1735 ῥεύμασι,
3214 1665 3601 1728 δυαζέσθωςαν
3635 1668 3749 1727 τοῖς
3781 1666 3991 1731 ὀφθαλ-

735 1757 854 1823 μοῖς
903 1756 972 1807 τὰ
1000 1755 1275 1824 ὁρώμενα,
1322 1754 1418 1808 καὶ
1471 1754 1615 1808 οὕτω
1658 1751 2235 1825 παραϐλεπέσθωσαν·
2284 1754 2312 1807 ὁ
2341 1755 2462 1818 νοῦς
2493 1757 2551 1811 δὲ
2582 1759 2734 1828 ὅμως
2780 1761 2860 1830 τῷ
2909 1763 3142 1829 τοιούτῳ
3176 1760 3461 1831 ὲρῤώσθω,
3500 1762 3594 1815 καὶ
3637 1755 3985 1813 ὁπολαλείτω

734 1851 1166 1920 παρακόπτουσα
1195 1854 1228 1922 ἡ
1251 1851 1473 1919 γλῶσσα
1509 1853 1577 1903 τὰ
1627 1848 1838 1911 δέοντα,
1889 1846 2103 1908 ὁποίους
2138 1846 2367 1911 πολλοὺς
2403 1850 2678 1915 τοιούτους
2730 1852 3057 1921 τεθεάμεθα.
3106 1853 3163 1904 '0
3195 1852 3329 1920 γοῦν
3361 1851 3658 1915 ἒξουθενῶν
3688 1853 3751 1905 τὸ
3780 1854 3985 1905 ἀκουό-

738 1959 922 2011 μενον,
956 1942 1098 1995 ὀκνῶ
1122 1944 1315 2008 εἰπεῖν,
1347 1946 1505 2013 εἴπερ
1533 1944 1838 2014 ἐγρήγορεν
1872 1943 1952 2005 είς
1978 1940 2261 2009 νηφάλιον,
2297 1942 2391 1994 καὶ
2419 1943 2497 2015 μὴ
2530 1944 2721 2013 μεθύει
2753 1945 2890 1998 πολὺ
2914 1944 2974 1998 τὸ
2998 1943 3302 2013 ἀγέρωχον.

812 2036 901 2087 57.
944 2034 1049 2088 Sed
1096 2050 1193 2087 cur
1244 2036 1461 2104 longius
1492 2036 1544 2088 in
1570 2037 1762 2103 coeptis
1799 2034 1931 2087 meis
1972 2032 2300 2101 procedam?

737 2126 851 2179 Cur
878 2141 984 2179 non
1020 2125 1198 2180 verbis
1227 2125 1365 2179 meis
1397 2126 1557 2178 finem
1596 2124 1911 2193 imponant?
1945 2124 1999 2177 Si
2037 2124 2179 2177 enim
2219 2132 2297 2175 ta-

740 2216 884 2270 libus
918 2229 1080 2270 aures
1109 2225 1235 2269 sunt
1269 2213 1590 2283 pra-bendte,
1644 2216 1922 2283 quomodo
1970 2228 2074 2265 non
2120 2212 2167 2265 ei
2206 2211 2298 2281 qui

740 2322 930 2359 omnes
957 2306 1219 2373 superat?
1249 2305 1339 2359 Sie
1368 2314 1547 2359 autem
1578 2306 1786 2359 scimus
1820 2305 2065 2357 oxuuium
2096 2312 2260 2371 caput
2287 2343 2302 2367 ,

744 2395 913 2449 Deum
968 2397 1210 2466 inquam,
1270 2397 1467 2460 recoli;
1515 2396 1560 2451 si
1617 2396 1871 2451 sensibus
1905 2396 2106 2449 ucstris
2139 2398 2303 2449 finem

746 2488 1073 2542 laudabilem
1113 2488 1539 2557 praescribimus,
1590 2502 1813 2557 scoputn
1853 2500 2000 2556 puta,
2043 2488 2106 2540 ad
2143 2502 2305 2555 quem

741 2597 935 2636 omnes
960 2582 1052 2649 qui
1080 2579 1374 2634 secundum
1409 2577 1575 2632 Deum
1604 2581 1815 2642 vivunt,
1849 2580 2053 2634 visunt.
2075 2580 2192 2635 Non
2220 2591 2303 2633 est

744 2674 832 2728 hic
853 2674 1005 2727 locus
1029 2673 1302 2725 hominem
1328 2671 1626 2727 secundum
1656 2670 1883 2739 populos
1907 2671 2302 2741 tliStiugueudi,

742 2779 914 2833 quare
948 2771 1155 2815 tantum
1183 2761 1249 2816 de
1284 2770 1484 2816 nostra:
1527 2763 1706 2816 aetatis
1750 2763 1970 2817 homine
2022 2777 2201 2831 grazeo
2240 2775 2305 2814 ac

746 2853 988 2907 barbaro
1038 2851 1367 2906 mentionem
1403 2850 1620 2905 faciam.
1658 2850 1865 2920 Lingua
1897 2859 2079 2903 autem
2131 2861 2307 2919 graeca

751 2943 1064 3010 loquentem
1097 2940 1312 3004 audire,
1341 2939 1520 3009 eique,
1545 2939 1637 2994 uhi
1667 2953 1897 2994 necesse
1923 2949 2027 3001 est,
2057 2938 2304 3001 obedire,

744 3047 906 3086 neruo
955 3031 1246 3086 recusabit.
1299 3028 1728 3098 lpse‘harbarus
1768 3043 1855 3083 res
1920 3027 2160 3082 referens
2199 3041 2304 3079 non

744 3122 1108 3186 refutandas,
1178 3122 1247 3175 ah
1312 3120 1536 3174 arbitris
1606 3122 1810 3173 nostris
1880 3118 2301 3172 condemnatur.

2475 2035 2575 2099 λζ’.
2612 2037 2723 2090 Ποῦ
2753 2038 2809 2090 δὲ
2838 2040 3184 2107 προχωρήσω
3218 2036 3314 2089 τοῦ
3347 2035 3540 2088 λοιποῦ
3573 2037 3655 2098 είς
3683 2036 3852 2089 πλέον
3874 2040 3993 2100 τοῖς

2407 2128 2471 2180 ὲκ
2497 2127 2608 2180 τῶν
2640 2128 2938 2181 ἐλαττόνων
2981 2128 3401 2197 ἐπιχειρήμασι,
3432 2126 3526 2178 καὶ
3574 2127 3650 2197 μὴ
3701 2144 3995 2194 συγκεφα-

2405 2216 2719 2290 λαιώσομαι
2744 2219 2837 2273 τὸν
2868 2218 3060 2287 λόγονς
3093 2218 3190 2281 ὡς,
3231 2217 3347 2285 εῐγε
3375 2216 3639 2281 τοιούτοις
3669 2221 3996 2288 προσώποις

2405 2308 2589 2362 δοτέον
2629 2308 2729 2371 τὰς
2759 2309 2954 2372 ἀκοάς,
2987 2308 3066 2379 τῷ
3094 2310 3262 2362 παντὶ
3294 2310 3458 2362 πλέον
3490 2310 3604 2371 τοῖς
3647 2310 3704 2362 ὲν
3739 2312 3992 2382 ὑπεροχῇ

2407 2400 2619 2454 τούτων
2642 2402 2736 2454 καὶ
2768 2401 3097 2471 κρείττοσιν.
3125 2400 3313 2464 Οῦτως
3337 2402 3568 2470 οἴδαμεν
3591 2403 3863 2472 τιμᾶσθαι
3890 2404 3997 2473 τὴν

2411 2492 2681 2562 μεγίστην
2716 2493 2873 2563 ήμῶν
2916 2493 3182 2564 κεφαλὴν,
3209 2493 3301 2546 τὸν
3342 2494 3497 2560 Θεὸν,
3536 2497 3585 2547 εί
3620 2495 3722 2557 τάς
3754 2498 3815 2548 ὲν
3851 2498 3995 2564 ἡμῖν

2410 2585 2695 2662 αἰσθήσεις
2720 2586 3211 2655 διοικονομούμεθα
3241 2587 3379 2655 πρὸς
3398 2586 3653 2654 ἐνάρετον
3683 2588 3863 2650 τέλος,
3898 2588 3999 2641 καὶ

2411 2678 2545 2747 προς
2576 2677 2635 2730 δν
2668 2678 2871 2731 σκοπὸν
2914 2680 2963 2730 oi
2989 2678 3131 2731 κατά
3181 2676 3313 2730 Θεδν
3350 2676 3596 2746 βιοῦντες
3639 2680 3998 2744 τοξάζοντσι.

2423 2767 2763 2837 ’Υφέλκομαι
2790 2768 2868 2837 τῷ
2900 2767 3043 2837 λόγῳ
3075 2766 3273 2819 διελεῖν
3303 2766 3426 2819 κατ’
3468 2767 3622 2828 ἔθνος
3653 2768 3745 2821 τὸν
3777 2770 4003 2837 ἄνθρω-

2412 2877 2537 2924 πον,
2593 2860 2688 2912 καὶ
2728 2858 2979 2928 ἀφορίζω
3029 2857 3288 2927 παχυλῶς
3334 2859 3415 2920 εἷς
3444 2874 3504 2910 τε
3545 2858 3636 2911 τὸν
3684 2858 3810 2912 καθ’
3844 2862 4004 2929 ἡμᾶς

2410 2952 2655 3022 Ἕλληνα
2683 2952 2778 3005 καὶ
2803 2952 2881 3014 είς
2914 2948 3214 3021 βάρϐαρον.
3247 2949 3359 3002 Καὶ
3394 2948 3645 3019 γλώσσης
3682 2951 3785 3018 μὲν
3835 2951 4005 3020 ἑλλη-

2411 3044 2665 3114 νιζούσης
2689 3045 2912 3097 ἀκούειν
2933 3044 3027 3095 καὶ
3046 3041 3364 3103 ὑπακούειν,
3389 3040 3517 3094 ἔνθα
3546 3040 3666 3093 δέον
3691 3041 3873 3103 ἐστὶν,
3900 3044 4003 3096 οὐκ

2411 3135 2479 3189 ἂν
2509 3137 2819 3204 ἀποφάσκοι
2850 3150 2958 3197 τις’
2993 3136 3021 3186 ὁ
3047 3133 3103 3185 δὲ
3129 3131 3425 3202 βάρϐαρος,
3452 3132 3630 3216 λαλῶν
3664 3132 3763 3184 καὶ
3789 3135 3999 3196 αὐτὸς,

745 3215 953 3267 Videns
990 3213 1134 3266 enim
1174 3226 1233 3266 se
1271 3226 1301 3265 a
1337 3210 1495 3265 nobis
1531 3224 1641 3263 non
1683 3208 1913 3277 intelligi
1952 3208 2182 3261 barbare
2222 3207 2306 3260 lo-
2336 3199 2379 3256 C

2337 3199 2379 3256 ο
2412 3222 2512 3273 ὅσα
2562 3199 2662 3273 οὐκ
2690 3221 2756 3273 ἃν
2801 3223 2910 3273 δέοι
2960 3199 3397 3290 παρακούεσθαι,
3434 3206 3537 3273 καί
3588 3221 3662 3289 μὴ
3708 3221 3999 3287 εὑρίσκων

747 3314 1029 3377 quentem,
1059 3319 1089 3358 a
1116 3318 1372 3359 sermone
1399 3302 1577 3371 patrio
1602 3299 1835 3364 destitit,
1864 3299 2094 3367 digitum
2120 3312 2313 3352 versus

746 3395 945 3449 cmlum
971 3395 1226 3457 tendens,
1255 3392 1364 3447 Deo
1387 3389 1599 3446 crelesti
1629 3405 1731 3443 nos
1753 3388 2119 3451 corumeudat,
2156 3398 2210 3441 et
2235 3389 2315 3442 sic

748 3483 1076 3553 theologiam
1113 3491 1333 3537 exercet
1371 3481 1650 3536 innuendo
1696 3478 2046 3534 Altissimum
2078 3493 2207 3533 suas
2233 3480 2315 3548 ip-

750 3579 868 3631 sius
896 3590 1086 3645 preces
1121 3573 1404 3629 exaudirc.
1457 3572 1514 3626 Si
1566 3573 1733 3640 igitur
1759 3569 2069 3635 obedimus,
2098 3570 2311 3623 miseri-

749 3668 993 3724 c.irdiam
1029 3666 1271 3720 divinam
1324 3676 1747 3733 recuperantus;
1783 3661 1829 3716 si
1869 3675 1977 3714 non
2025 3660 2313 3729 obtempe-

753 3775 959 3823 ramus,
996 3758 1048 3812 in
1086 3758 1403 3812 barathrum
1431 3753 1689 3825 perniciei
1729 3738 1997 3807 cadiuius.

830 4148 921 4203 58.
965 4145 1023 4201 Si
1053 4143 1177 4213 quis
1220 4143 1325 4197 hoc
1375 4142 1496 4196 loco
1544 4153 1781 4209 querens
1821 4135 2130 4207 interpellat
2168 4134 2316 4204 quod

759 4253 939 4293 sermo
990 4236 1169 4305 ipsum
1212 4241 1268 4286 et
1303 4230 1550 4284 Graecum
1599 4229 2004 4296 barbati-umque
2041 4224 2111 4278 ad
2139 4226 2317 4293 justas

758 4329 1177 4383 lamentationes
1228 4322 1428 4390 adegit,
1478 4335 1571 4389 per
1616 4334 1704 4372 me
1748 4328 2031 4386 queratur,
2066 4316 2198 4369 illud
2258 4315 2315 4370 in

764 4417 1085 4472 memoriam
1113 4427 1377 4468 revocans
1403 4412 1567 4479 quod,
1595 4411 1735 4464 sicut
1757 4409 2036 4471 conservi,
2059 4407 2131 4459 ita
2153 4408 2317 4460 etiam

759 4521 1097 4573 congeneres
1127 4518 1319 4559 sumus
1372 4501 1441 4555 ab
1500 4515 1606 4554 uno
1653 4508 1822 4568 patre,
1882 4498 1937 4552 id
1994 4506 2081 4552 est
2126 4510 2157 4548 a
2209 4495 2319 4549 Deo

761 4612 1031 4663 creatore,
1053 4607 1109 4651 et
1142 4597 1209 4650 ab
1236 4612 1344 4649 una
1379 4604 1572 4655 matre,
1598 4600 1745 4644 terra
1770 4590 2014 4659 inquam,
2044 4590 2314 4657 prognati.

762 4688 853 4743 Sic
882 4688 1104 4756 quidem
1142 4684 1542 4754 oppositionem
1573 4680 1693 4749 ejus
1723 4679 2026 4740 admittant,
2060 4676 2113 4729 id
2148 4690 2317 4728 unum

759 4794 990 4835 monens
1018 4777 1165 4847 quod
1196 4776 1341 4829 circa
1378 4772 1548 4826 multa
1582 4770 1686 4823 alia
1713 4769 1866 4821 multi
1901 4781 2093 4821 sumus
2127 4766 2183 4819 in
2214 4767 2323 4819 dis-

763 4870 1017 4936 serendo,
1055 4868 1251 4921 dubias
1289 4862 1621 4934 quaestiones
1657 4857 2036 4930 proponendo,
2073 4857 2126 4910 in
2154 4856 2323 4910 Deum

764 4966 941 5033 ipsum
992 4959 1331 5029 inquirentes
1374 4970 1470 5011 cur
1502 4954 1556 5007 id
1597 4966 1698 5007 nec
1729 4965 1857 5005 vero
1906 4948 2041 5002 illud
2089 4948 2321 5011 fecerit;

763 5055 864 5107 etsi
897 5055 1011 5120 ipse
1046 5065 1153 5104 non
1200 5047 1427 5101 irrideat
1474 5044 1706 5113 maligne
1737 5042 1814 5095 uti
1843 5042 1897 5095 in
1933 5039 2120 5093 multis
2160 5038 2282 5091 aliis
2305 5074 2323 5102 ,

766 5144 864 5200 sed
911 5145 1180 5196 miserans
1245 5145 1459 5193 nosmet
1514 5136 1609 5204 qui
1665 5134 1814 5189 circa
1872 5145 2009 5184 vana
2068 5128 2325 5200 profundi

769 5252 977 5291 sumus.
1017 5233 1093 5287 De
1125 5234 1208 5285 his
1248 5244 1410 5299 quam
1453 5225 1777 5281 brevissime
1811 5238 2034 5293 possum
2070 5220 2325 5283 monebo,

773 5340 841 5378 ne
887 5333 1075 5376 eotttra
1136 5322 1302 5374 Deum
1355 5321 1627 5373 luctemus
1678 5322 1756 5378 et,
1792 5312 1964 5367 Deum
2002 5311 2324 5376 correcturi,

770 5417 1109 5485 legislatures
1155 5426 1257 5466 nos
1291 5425 1413 5464 esse
1440 5421 1857 5478 prasumamus,
1892 5415 1966 5468 et,
2013 5417 2123 5472 quo
2155 5401 2326 5461 lubet.

775 5509 1075 5570 trahentes,
1111 5519 1141 5558 e
1181 5502 1355 5557 servis
1398 5500 1603 5556 domini
1640 5497 1770 5555 facti
1806 5498 1861 5553 in
1901 5495 2326 5551 dominationem

774 5602 945 5671 ipsum
980 5596 1347 5651 dominemur.

2414 3312 2773 3381 ἐπιστροφὴν,
2804 3312 3134 3380 κατάκρισιν
3165 3311 3387 3379 ἐμποιεῖ
3415 3311 3508 3362 καὶ
3536 3311 3696 3371 αὐτὸς
3728 3314 3895 3379 παρὰ
3922 3312 4003 3381 τῷ

2416 3404 2611 3466 κοινῶς
2639 3403 2918 3457 διαιτῶντι
2949 3404 3063 3463 τοῖς
3092 3401 3219 3455 καθ’
3251 3402 3422 3470 ἡμᾶς.
3455 3400 3624 3462 Εἰδὼς
3656 3400 3785 3466 γὰρ,
3814 3402 3907 3453 ὅτι
3938 3401 4000 3454 ού

2417 3496 2693 3565 ξυνίεμεν,
2730 3488 2803 3549 ῶν
2831 3494 3167 3564 βατταρίζει,
3195 3493 3288 3545 καὶ
3314 3492 3586 3559 ἀπογνοὺς
3604 3491 3705 3560 τῆς
3738 3491 4004 3555 πλείονος

2419 3585 2900 3657 βαρϐαροφωνίας,
2956 3583 3231 3637 ἀνατείνει
3276 3580 3537 3635 δάκτυλον
3566 3581 3642 3643 ὡς
3692 3583 3777 3643 είς
3830 3583 4005 3634 αὐτὸν

2414 3679 2668 3747 οὐρανὸν,
2710 3678 2806 3731 καὶ
2834 3676 3150 3745 ἀνατίθησιν
3178 3675 3324 3745 ἡμᾶς
3350 3672 3429 3741 τῷ
3461 3671 3701 3741 οὐρανίῳ
3725 3671 3877 3741 Θεῷ,
3911 3676 4006 3725 καὶ

2412 3770 2557 3825 οὕτω
2589 3770 2852 3836 θεολογεῖ,
2887 3769 3123 3837 ἐπήκοον
3153 3767 3251 3834 τῆς
3284 3764 3451 3820 αὑτοῦ
3491 3764 3644 3832 λιτῆς
3676 3765 4002 3832 αἰνιττόμε-

2416 3878 2508 3923 νος
2537 3858 2677 3913 εἷναι
2696 3859 2790 3913 τὸν
2809 3859 3098 3927 ’Υψιστον.
3123 3856 3236 3908 Καὶ
3268 3855 3302 3924 ἢ
3332 3854 3657 3923 πειθόμεθα,
3688 3854 3786 3906 καὶ
3819 3855 4002 3910 κατά·

2414 3969 2585 4022 γομεν
2606 3950 2702 4003 τοῦ
2723 3948 2915 4002 λοιποῦ
2942 3949 3035 4001 τὸν
3058 3947 3265 4001 ἄνωθεν
3285 3946 3464 3997 ελεοψ
3497 3946 3531 4014 ἢ
3557 3944 3997 4014 δυσπειθοῦμεν,

2418 4044 2514 4097 καὶ
2544 4040 2900 4111 καταγόμεθα
2923 4042 3004 4102 είς
3046 4038 3298 4107 βάθιστον
3331 4036 3576 4100 ὄλεθρον.

2488 4135 2591 4202 λη’.
2630 4135 2692 4187 Ei
2724 4133 2782 4186 δέ
2814 4149 2895 4193 τις
2926 4128 3159 4204 ἐνταῦθα
3184 4127 3585 4197 ύποκρούσεται
3614 4128 4002 4196 μεμφόμε.·ος,

2420 4226 2504 4279 ὅτι
2537 4224 2730 4277 ἑαυτὸν
2760 4222 2968 4292 ἢγαγεν
2999 4220 3028 4271 ὁ
3053 4217 3208 4286 λόγος
3236 4216 3477 4285 Ἕλληνα
3505 4232 3562 4268 τε
3589 4218 3684 4269 καὶ
3717 4214 4005 4283 βάρϐαρον

2422 4316 2492 4369 τά
2516 4332 2579 4382 γε
2615 4315 2697 4376 είς
2721 4313 2780 4365 τὸ
2812 4308 3138 4363 ποτνιᾶσθαι
3173 4307 3422 4368 δικαίως,
3448 4304 3611 4358 αὑτὸν
3652 4305 3751 4373 μὲν
3775 4307 4007 4372 ,ἀςήσω

2424 4404 2707 4473 τηνὰλλως
2737 4401 2943 4463 λαλεῖν,
2976 4394 3263 4450 ὑποϐαλὼν
3307 4393 3608 4460 ἐνθύμησιν
3635 4390 3733 4443 τοῦ
3762 4392 4005 4453 πάντες.

2428 4495 2617 4562 ὥσπερ
2658 4489 3003 4561 ὁμοδούλους,
3049 4484 3192 4538 οῦτω
3239 4483 3334 4535 καὶ
3371 4482 3654 4550 ὁμογενεῖς
3687 4478 3868 4531 εἶναι·
3924 4482 4012 4534 ὅτι

2425 4586 2525 4638 καὶ
2551 4582 2755 4650 πατρὸς
2788 4580 2928 4643 ὲνδς,
2956 4576 3051 4630 τοῦ
3092 4575 3415 4642 ποιήσαντος
3456 4569 3616 4630 Θεοῦ,
3654 4570 3748 4623 καὶ
3792 4570 4009 4639 μητρὸς

2430 4675 2560 4743 μιᾶς
2591 4672 2715 4740 γῆς.
2750 4668 2844 4738 ἀφ’
2874 4663 2942 4739 ἧς
2986 4662 3372 4733 πεπλάσμεθα.
3426 4662 3535 4712 Καὶ
3581 4659 3729 4711 οὓτω
3781 4660 3891 4727 μὲν
3923 4662 4011 4711 ἒν-

2421 4764 2605 4835 τρέψω
2645 4761 2810 4815 αὐτὸν
2869 4759 2968 4829 τῆς
3022 4754 3374 4816 ἀντιλαλιᾶς,
3434 4750 3737 4818 ὁπομνήςω
3791 4749 3879 4812 δὲ,
3931 4750 4011 4812 ὡς

2423 4854 2629 4924 ὁμοίως
2668 4852 2765 4905 καὶ
2798 4851 2890 4903 ἐπὶ
2946 4848 3122 4900 ἄλλων
3179 4843 3392 4896 πολλῶν
3447 4842 3614 4907 ἐσμεν
3672 4837 3855 4902 λάλοι,
3913 4842 4012 4890 καὶ.

2427 4942 2664 5012 ἀπορίας
2691 4939 2904 5009 ψυχρὰς
2940 4930 3380 5005 προϐαλλόμεθα,
3418 4930 3512 4981 καὶ
3547 4926 4011 4995 λογοπραγοῦμεν

2425 5035 2585 5095 Θεὸν,
2614 5032 2709 5085 κα).
2729 5027 3047 5100 ἐρωτῶμεν,
3081 5025 3168 5077 διὰ
3195 5023 3248 5076 τί
3269 5020 3428 5074 τοῦτο
3463 5020 3560 5069 καὶ
3590 5018 3667 5083 μὴ
3702 5018 3893 5068 ἐκεῖνο
3918 5034 4012 5069 πε-

2428 5125 2694 5193 ποίηκεν;
2729 5123 2777 5174 εἰ
2820 5120 2915 5172 καὶ
2945 5116 3105 5179 αὐτὸς
3140 5113 3394 5182 ἀνέχεται
3436 5109 3537 5161 οὐκ
3580 5107 3852 5175 ἐκγελῶν,
3885 5108 4009 5159 οὐδὲ

2433 5213 2787 5285 μυκτηρὶζων
2819 5209 2930 5278 (ἐπ’
2962 5207 3142 5268 ἄλλοις
3172 5204 3282 5274 γὰρ
3313 5199 3486 5255 ταῦτά
3519 5199 3632 5266 γε),
3668 5197 3809 5251 ἀλλά
3835 5197 4006 5248 tum

2430 5310 2575 5378 ἡμᾶς
2610 5311 2735 5367 τοὺς
2766 5306 2822 5356 ὲν
2849 5303 3023 5362 κενοῖς
3051 5293 3384 5367 γλαφυρούς.
3432 5293 3547 5360 Ἐφ’
3578 5286 3661 5353 οἷς
3704 5293 3898 5341 ἐκεῖνα
3946 5290 4004 5340 ἔν

2433 5400 2758 5471 βραχυτάτῳ
2790 5395 2919 5463 ἡμῖν
2949 5388 3295 5456 ὑποτίθεμαι,
3329 5385 3415 5437 ῖνα
3463 5383 3539 5451 μὴ
3574 5382 3671 5435 καὶ
3716 5379 4007 5471 θεομαχῶ-

2434 5470 2557 5563 μεν,
2607 5489 2907 5557 πάσχοντες
2962 5480 3134 5542 οὕτω,
3190 5478 3285 5531 καὶ
3321 5476 3412 5527 τὸν
3467 5473 3605 5525 Θεὸν
3648 5470 4008 5542 διορθοῦσθαι

2434 5560 2794 5652 πειρώμενοι,
2836 5567 3290 5643 θεσμοθετοῦντες
3322 5560 3434 5619 οἷον
3462 5562 3639 5631 αὐτῷ,
3679 5564 3777 5616 καὶ
3806 5564 4008 5617 καθὲλ-

2437 5691 2649 5738 κοντες,
2684 5673 2807 5726 ὅποι
2843 5663 3173 5738 βουλόμεθα,
3209 5662 3305 5715 καὶ
3355 5658 3477 5711 ἀντὶ
3513 5656 3720 5710 δούλων
3750 5656 4010 5711 δεσπόται

2438 5768 2744 5837 γενόμενοι,
2780 5763 2875 5818 καὶ⁸
2904 5756 3293 5832 τυραννοῦντες
3333 5750 3433 5822 τὴν
3471 5750 3793 5821 κυριότητα.
