4210 6438
199 416 306 481 709

193 620 501 689 θρωπίνης,
530 618 784 685 ἀπορεῖν,
820 613 907 665 διὰ
956 613 1009 665 τί
1042 629 1172 663 ποτε
1215 614 1241 664 ὁ
1273 613 1401 673 Θεὸς
1438 613 1630 665 τοῦτον
1678 615 1778 683 μὲν

190 718 282 765 τὸν
321 713 499 774 ξένον,
555 710 650 761 καὶ
694 709 904 759 ἐκεῖνον
936 706 1027 759 τὸν
1066 705 1316 771 ἀδελφὸν,
1357 705 1448 756 καὶ
1494 706 1637 758 τόνδε
1686 708 1778 758 τὸν

191 806 417 869 γείτονα
441 845 456 866 ,
489 804 582 855 καὶ
616 801 775 855 ἄλλον
807 802 1093 869 περίοικον
1141 797 1513 867 κατήντλησεν
1553 798 1777 865 ἀγαθοῖς

187 896 305 955 τοῖς
344 896 477 964 περὶ
511 895 739 962 κόσμον,
787 892 1142 960 φαιδρότησιν
1185 891 1351 943 οῑκων
1385 890 1685 959 ἐλλάμψας,
1726 890 1775 940 οἳ

189 968 343 1043 κιδά
402 991 498 1043 καὶ
560 990 713 1059 ἥλιος
766 988 1207 1056 ιναστράπτουσι
1258 986 1532 1047 κάλλεσιν,
1569 986 1774 1054 ἀγροὺς

188 1083 483 1149 πληθύνας
536 1082 771 1141 πίονας.
842 1078 1334 1147 ινευθηνουμέννιυς
1388 1080 1501 1134 τοῖς
1558 1080 1621 1129 ὲκ
1674 1077 1774 1144 γῆς

188 1176 446 1241 ἀγαθοῖς,
479 1174 546 1227 τά
582 1174 787 1243 ταμεῖα
818 1171 1117 1240 πληρώσας
1152 1173 1356 1230 αὐτοῖς,
1388 1169 1482 1219 καὶ
1511 1184 1773 1237 στενοχω-

194 1270 380 1338 ρήσας
410 1266 807 1337 εὐδαιμονικοῖς
863 1262 1148 1332 ἑνθέμασι,
1184 1262 1524 1327 θεράποντας
1562 1261 1657 1312 καὶ
1687 1260 1775 1311 Οε-

194 1362 480 1429 ραπαίνας
533 1358 755 1420 ἐπιδοὺς
801 1360 879 1420 εις
931 1354 1244 1424 φιλοτιμίαν
1302 1352 1601 1423 ἀμύθητον,
1660 1353 1774 1415 ζῶα

192 1455 558 1523 προππιθεὶς
585 1456 665 1513 εἰς
697 1452 1053 1522 πλουτισμδν,
1092 1452 1191 1503 καὶ
1223 1447 1413 1501 τοῦτον
1444 1450 1773 1517 ἀμέτρητον,

1155 407 1237 469 ΙΝ
1279 410 1333 471 3.
1370 409 2030 480 QUADRAGESIMAM
2080 414 2366 477 ORATIO
2393 421 2491 481 1V;

264 530 368 581 λοι.
402 528 518 580 Οὐκ
569 524 743 588 ἀξιον,
791 517 837 574 ὦ
869 513 1015 574 οὗτοι
1064 522 1287 583 πάντες,
1332 521 1644 588 λογιότητος
1687 523 1775 573 ἀν,
1812 537 1853 583 Α

3355 430 3461 496 710

1955 525 2044 578 59.
2088 526 2203 582 Non
2255 531 2479 596 dignum
2528 535 2789 600 sapientia
2829 538 3068 593 humana
3100 550 3183 595 est
3210 558 3462 611 quterere

1884 615 2088 682 quibus
2114 634 2178 671 ex
2208 622 2394 676 causis
2425 626 2764 692 peregrinum
2793 630 3056 699 aliquem,
3087 641 3180 685 aut
3206 634 3457 707 fratrem,

1883 720 1976 762 aut
2011 710 2276 777 vicinum,
2332 727 2426 769 aut
2472 718 2610 773 alios
2661 723 2817 775 bonis
2872 726 3229 781 terrestribus
3265 742 3460 781 cumu-

1883 803 2031 864 laiit,
2058 805 2332 861 deliciosis
2365 811 2700 878 locupletatis
2724 813 2886 867 rebus
2908 814 3099 870 domos
3123 817 3257 874 solis
3281 819 3459 874 instar

1884 895 2234 963 splendentes
2261 936 2274 958 ,
2314 915 2534 969 catttpOs
2567 902 2769 957 fertiles
2802 904 3185 961 ft'uclilit'audo
3210 948 3225 971 ,
3260 912 3456 965 horrea

1886 987 2125 1053 replens,
2179 988 2454 1045 felicitatis
2513 1009 2733 1062 germen
2795 996 2997 1065 ubique
3056 998 3453 1067 itnplautando,

1885 1091 2076 1131 servos
2106 1087 2159 1130 ct
2199 1093 2387 1134 servas
2418 1084 2627 1138 zelosas
2679 1085 2949 1152 addendo,
3000 1089 3333 1144 animalibus
3359 1093 3456 1144 do-

1887 1169 2134 1222 mesticis
2169 1170 2279 1222 imo
2314 1175 2457 1225 onmi
2494 1177 2872 1243 prosperitatis
2896 1194 3093 1245 genere
3125 1182 3453 1245 cumulavit,

1882 1274 1969 1311 me
2001 1270 2180 1313 autem
2213 1264 2303 1329 qui
2344 1264 2416 1317 illi
2455 1268 2601 1319 nulla
2635 1269 2685 1319 in
2724 1283 2780 1321 re
2815 1267 3040 1321 inferior
3073 1287 3215 1332 sum,
3249 1274 3302 1325 iii
3335 1288 3456 1326 om-

1883 1353 2045 1406 nibus
2075 1356 2367 1409 tuinorarit
2395 1365 2449 1411 et
2479 1360 2678 1427 siliqua
2713 1360 3017 1412 inaniorem
3057 1363 3201 1425 lecit,
3230 1375 3447 1419 cunctis

1884 1447 2148 1513 privatum
2178 1448 2200 1500 Ἰ

199 1551 261 1601 τὸ
289 1549 349 1601 δὲ
392 1550 503 1601 πᾶν
532 1547 732 1609 εἰπεῖν,
764 1547 859 1599 καὶ
890 1546 1004 1606 ὀἷς
1036 1543 1146 1595 ἔσω
1177 1543 1270 1596 καὶ
1301 1544 1412 1604 τοῖς
1448 1541 1554 1607 ἔξω
1606 1538 1800 1593 ἑαυτοῦ
1858 1541 2296 1597 πολλαπλασίονα
2349 1548 2675 1617 κορυφώσας
2740 1546 2833 1599 τὸν
2875 1546 3047 1610 οὕτως
3078 1546 3141 1601 εὖ
3173 1548 3413 1602 παρόντα
3432 1568 3447 1583 ·

194 1640 297 1709 ἐμὲ
360 1639 418 1690 δὲ
471 1638 625 1690 οὐδὲν
668 1637 966 1690 ἀπεοικότα
1010 1635 1221 1688 ἐκείνου
1278 1638 1390 1697 τοῖς
1454 1634 1658 1687 ἅπασιν
1737 1632 2036 1703 ἠλάττωσε,
2090 1636 2184 1689 καὶ
2245 1638 2448 1707 αὐτῆς,
2509 1639 2540 1693 δ
2601 1657 2758 1705 φασι.
2816 1638 3101 1711 λεϐηρίδος
3154 1642 3453 1716 κενὼτερον

197 1729 527 1790 ἀπετέλεσε,
555 1731 668 1791 τοῖς
696 1728 838 1789 ὅλοις
872 1729 1255 1797 ἀποστερήσας
1286 1727 1423 1794 ἑμές

266 1819 345 1889 μ’.
380 1822 473 1890 Μὴ
518 1822 585 1890 δὴ
629 1820 858 1875 τοιαῦτά
906 1838 991 1883 τις
1044 1820 1414 1889 ὲπαπορείτω,
1459 1822 1768 1888 φιλοσοφεῖν

1950 1821 2040 1876 40.
2085 1820 2251 1877 Nemo
2293 1824 2477 1891 igitur,
2515 1825 2871 1894 pliil050pliia3
2897 1837 3182 1896 przetextu.
3211 1827 3279 1884 de
3307 1846 3451 1887 noro

192 1915 419 1979 ἐθέλων,
475 1914 572 1966 καὶ
606 1912 744 1965 Θεοῦ
798 1913 1316 1981 καταψηφιζόμενος
1346 1914 1407 1964 τὸ
1435 1912 1769 1981 ἀδιάκριτον.

1877 1913 2043 1967 dubia
2091 1929 2338 1979 movens,
2375 1915 2722 1972 confusionis
2766 1919 2931 1973 Deum
2978 1919 3280 1974 accusabit.
3317 1920 3452 1975 For-

204 2007 458 2059 ’Δκούσοι
496 2005 606 2073 γὰρ
637 2006 703 2059 άν
753 2007 919 2058 ποθεν
954 2007 1017 2056 ὲκ
1062 2004 1172 2056 τῶν
1206 2004 1499 2073 κατωτέρω
1540 2004 1773 2068 (ἄνωθεν

192 2098 301 2166 γαρ
324 2100 354 2150 ὁ
378 2098 583 2166 Κύριος
610 2098 710 2151 οὐκ
734 2097 801 2151 ἂν
825 2099 902 2167 μὴ
931 2098 1031 2148 οὐκ
1058 2094 1393 2164 ἐξουδενώσῃ
1420 2095 1511 2147 τὸν
1534 2095 1775 2148 τοιοῦτον

190 2190 470 2257 διάλογον)
501 2191 698 2261 πρῶτα
732 2189 831 2258 μέν
855 2206 869 2220 θ
903 2189 1070 2241 Πόθεν
1097 2184 1268 2251 οἶδας,
1303 2181 1350 2241 ὦ
1378 2182 1555 2252 οὗτος,
1586 2188 1660 2251 ὡς
1682 2190 1772 2241 οὐ·

192 2281 279 2331 ειν
324 2281 597 2345 ἀπέοικας
644 2282 739 2333 τοῦ
783 2281 1171 2349 φθονουμένου,
1202 2274 1246 2345 ᾧ
1275 2282 1538 2347 ὲγκοτεῖς,
1581 2281 1629 2331 ει
1686 2297 1772 2331 το-

195 2372 378 2426 σαῦτα
401 2375 711 2438 περίκειται
731 2373 934 2440 ἀγαθά;
958 2373 1183 2439 Μήποτε
1201 2372 1305 2440 γὰρ
1334 2373 1398 2423 σὺ
1426 2371 1525 2439 μὲν
1551 2370 1770 2434 ἀνάξιος

192 2465 562 2532 εὐδαιμονεῖν,
589 2465 801 2525 ἐκεῖνος
828 2463 884 2515 δὲ
914 2462 1188 2527 κατάξιος,
1214 2462 1306 2513 καί
1334 2478 1437 2513 που
1470 2464 1563 2513 καὶ
1592 2463 1772 2514 πλειό-

191 2574 299 2609 νων
327 2553 574 2616 ὲπάξιος.
606 2546 739 2605 Εἶτα
772 2553 959 2621 ἐπειδὴ
1006 2552 1166 2603 τοῦτο
1203 2550 1422 2604 δάκνειν
1456 2552 1571 2619 ἔχει
1601 2568 1657 2603 σε
1690 2552 1768 2614 εις

191 2646 375 2716 ψυχὴν
400 2645 517 2715 (καὶ
540 2626 646 2713 γάρ
666 2661 746 2697 τοι
772 2645 921 2697 πᾶσα
947 2644 1237 2712 σύγκρισις
1262 2643 1561 2695 ὲλαττοῦσα
1586 2643 1767 2694 δάκνει

192 2738 284 2789 τὸν
318 2736 840 2805 ὑποσιϐαζόμενον),
875 2736 1015 2806 μάθε
1046 2736 1162 2800 καὶ,
1195 2735 1278 2787 ὃτι
1317 2735 1394 2803 τῷ
1434 2736 1534 2804 μὲν
1558 2735 1769 2806 ἀδελφῷ

194 2827 336 2897 πρὸς
386 2827 612 2896 ἰσότητα
642 2825 801 2895 ήκεις
849 2825 1333 2894 ταλαντευόμενος.
1370 2827 1549 2879 Ἔστω
1584 2827 1663 2891 δὲ,
1694 2828 1769 2890 ὼς

194 2920 287 2971 καὶ
320 2917 618 2981 καθέλκεις
655 2921 723 2989 τῇ
762 2920 902 2987 ῥοπῇ
943 2918 1075 2987 πρός
1108 2936 1157 2970 τι
1208 2920 1395 2988 μεῖζον
1437 2920 1531 2973 καὶ
1571 2920 1768 2971 πολλοῦ

193 3010 351 3073 ἄξιον
375 3025 388 3038 ·
423 3012 516 3061 καὶ
554 3012 701 3079 ὅμως
738 3012 766 3064 ό
800 3009 896 3063 τοῦ
929 3009 1047 3079 βίου
1081 3008 1321 3079 βραϐεὺς
1352 3008 1524 3079 μέγας
1557 3011 1710 3075 Θεὸς,
1740 3012 1770 3064 ό

188 3101 407 3162 δίκαιος
429 3100 720 3168 διανομεὺς
753 3100 1148 3169 γεωμετρήσας
1179 3099 1274 3152 ἐπὶ
1300 3102 1504 3163 παντὸς
1542 3100 1604 3153 τὸ
1636 3102 1766 3154 ἀνά-

1878 2013 2025 2060 tasse
2054 2008 2195 2060 enim
2234 2006 2302 2061 ab
2331 2008 2457 2061 imis
2484 2007 2620 2061 locis
2654 2009 2965 2076 (desursum
2994 2012 3138 2063 enim
3181 2011 3446 2066 Dominus

1877 2096 2147 2164 ejusmodi
2196 2113 2504 2152 sermonem
2555 2101 2874 2169 contemnit)
2933 2103 3163 2155 audierit
3212 2119 3445 2158 vocem:

1876 2189 2018 2241 unde
2052 2190 2198 2251 seis,
2245 2191 2442 2254 sodes,
2485 2192 2632 2259 quod
2668 2206 2777 2245 non
2802 2192 3088 2247 dissimilis
3122 2194 3201 2247 sis
3233 2194 3282 2247 ci
3306 2235 3320 2259 ,
3357 2197 3448 2250 cui

1874 2280 2090 2334 invides
2129 2280 2395 2335 divitias?
2438 2279 2553 2334 Non
2594 2282 2740 2335 enim
2781 2291 2836 2336 tu
2876 2282 3155 2352 indignus,
3203 2285 3295 2338 ille
3326 2302 3450 2354 per-

1872 2372 2108 2440 dignus,
2152 2374 2261 2426 imo
2300 2372 2550 2444 pluribus
2583 2390 2746 2443 (luam
2787 2391 2905 2443 qua:
2940 2378 3184 2443 possidet
3222 2378 3445 2447 dignus.

1873 2464 2029 2529 Quod
2072 2474 2251 2519 autem
2302 2466 2406 2520 hoc
2457 2467 2702 2519 animqu
2758 2477 2911 2520 tuum
2966 2469 3194 2522 devorat
3246 2471 3448 2536 (omnis

1874 2557 2019 2608 enim
2056 2559 2397 2623 comparatio
2448 2558 2793 2611 liumiliatum
2837 2558 3091 2622 oﬂ'endit)
3140 2560 3279 2615 scito
3317 2576 3443 2613 cum

1872 2648 2043 2702 fratre
2078 2649 2267 2702 eadem
2303 2649 2508 2701 trutina
2538 2657 2589 2703 te
2616 2651 2927 2717 ponderari.
2957 2650 3142 2705 Posito
3168 2662 3349 2706 autem
3383 2662 3445 2708 ιιι

1873 2752 1927 2794 ιιι
1963 2741 2187 2808 tnajoris
2221 2743 2479 2795 momenti
2512 2756 2575 2795 ac
2603 2743 2760 2810 pretii
2785 2744 2863 2797 sis
2886 2743 3163 2808 ittVenlus,
3197 2752 3442 2798 attamen

1872 2836 2056 2899 Deus,
2099 2847 2329 2902 magnus
2379 2834 2504 2887 vitae
2552 2833 2902 2898 distributor,
2939 2837 3035 2904 qui
3072 2835 3254 2887 omnia
3296 2834 3445 2902 juste

1869 2923 2177 2985 dimetitur,
2236 2921 2461 2976 fratrem
2514 2922 2862 2990 locupletem,
2904 2934 2954 2977 te
2988 2939 3114 2977 vero
3150 2938 3446 2992 pauperem

1875 3031 1995 3070 esse
2028 3014 2220 3070 statuit
2244 3022 2301 3069 et
2325 3016 2609 3070 miserum.
2631 3013 2743 3069 Cur
2770 3016 2936 3084 igitur
2961 3014 3189 3069 Domino
3212 3025 3264 3068 et
3292 3016 3440 3069 Patri

1869 3105 2013 3159 diem
2045 3105 2204 3168 dicis,
2232 3110 2288 3158 et
2315 3117 2572 3157 recenses
2628 3103 2753 3172 ejus
2802 3103 3134 3158 creationem
3162 3105 3185 3158 ?
3210 3102 3350 3156 Num
3386 3107 3440 3159 in

194 3192 383 3257 λογον,
407 3192 500 3243 τὸν
524 3191 625 3258 μὲν
651 3191 881 3259 ἀδελφὸν
915 3191 1155 3261 διέκρινε
1187 3191 1462 3260 πλήθοντα
1501 3189 1642 3246 εἶναι
1674 3194 1765 3247 καὶ

1873 3195 2082 3249 Domini
2123 3194 2241 3247 loco
2273 3208 2398 3248 eum
2438 3194 2706 3263 ponisiet
2740 3194 3051 3262 quomodo,
3087 3210 3278 3249 servus
3313 3210 3439 3248 cum

191 3284 270 3352 τῷ
298 3283 405 3352 βίῳ
444 3284 627 3345 πίονα,
667 3283 727 3335 σὲ
757 3283 814 3335 δὲ
862 3283 1000 3337 ἀλλά
1037 3284 1218 3353 ἰσχνὸν
1248 3286 1342 3336 καὶ
1382 3285 1673 3342 ὑπόκενον.
1702 3286 1766 3338 Τί

1870 3298 1970 3345 sis,
2009 3282 2300 3334 Dominum
2346 3282 2413 3334 ad
2446 3281 2713 3335 rationem
2755 3282 3087 3336 reddendam
3125 3283 3335 3338 vocas?
3371 3287 3443 3339 At

189 3376 255 3443 δὴ
306 3374 403 3427 οὖν
444 3373 781 3440 λογιστεύεις
815 3373 906 3425 τὸν
950 3373 1044 3426 καὶ
1077 3373 1360 3442 Δεσπότην
1395 3377 1486 3427 καὶ
1520 3376 1764 3445 Πατέρα,

193 3469 285 3516 καὶ
306 3465 399 3516 διὰ
427 3464 581 3532 δίκης
608 3464 785 3529 ἄγεις,
814 3462 901 3531 ἐφ’
924 3457 1002 3525 οἷς
1028 3464 1501 3533 διῳκονομήσατο;
1532 3467 1765 3535 Πότερον

190 3553 480 3622 Δεσπότην
513 3555 722 3605 ἐκεῖνον
744 3556 932 3622 τίθηςς
969 3555 1079 3607 Καὶ
1115 3557 1233 3616 πῶς
1267 3555 1453 3617 δοῦλος
1491 3555 1567 3607 ὣν
1596 3556 1722 3623 λογο
1748 3587 1766 3596 -

191 3647 431 3712 πραγεῖς
464 3643 555 3695 τὸν
584 3643 823 3712 Κύριον;
873 3644 1040 3697 ’Δλλὰ
1080 3643 1295 3712 πατέρα
1324 3644 1631 3714 ὀνομάζεις.
1656 3646 1765 3697 Καὶ

189 3735 338 3788 διατι
368 3735 595 3804 τολμᾷς,
628 3735 861 3795 ἀναιδῶς
889 3735 1321 3804 προσφέρεσθαι,
1358 3737 1451 3788 καὶ
1484 3735 1559 3803 μή
1594 3736 1764 3788 δεδιέ-

189 3843 281 3877 ναι
311 3826 414 3893 τὴν
448 3825 673 3892 ἔννομον
703 3826 1069 3896 ἀποκήρυξιν,
1117 3829 1166 3879 εἰ
1197 3826 1339 3879 οὕτω
1370 3826 1761 3897 καταϐρασύνῃ

190 3914 397 3979 αὒτοῦ;
427 3914 741 3979 Θεοκλύτει,
771 3916 1032 3983 δυσώπει,
1062 3917 1400 3987 ὲξευμένιζε,
1428 3918 1612 3986 μέσοις
1646 3918 1761 3988 χρῶ

189 4011 310 4071 ταῖς
356 4009 563 4078 εὐχαῖς,
614 4009 707 4062 καὶ
757 4010 993 4077 μάλιστα
1038 4011 1150 4072 τοῖς
1199 4011 1376 4076 ἁγίοις
1421 4009 1621 4062 αὐτοῦ·
1669 4012 1763 4061 καὶ

187 4099 387 4164 οὕτως,
415 4101 575 4168 εἴπερ
600 4099 718 4151 δέον
747 4095 887 4152 εἶναι
921 4099 1210 4167 διακρινεῖ,
1237 4101 1640 4169 άπομερίσεται
1666 4100 1759 4152 τοῦ

190 4191 322 4259 παρ’
359 4191 511 4260 αὐτῷ
544 4190 776 4244 πλούτου
823 4192 917 4244 καὶ
955 4191 1061 4252 σοὶ,
1100 4193 1195 4243 καὶ
1227 4191 1518 4259 μυρίολόον
1549 4193 1761 4244 ἀποκα-

186 4280 459 4347 ταστήσει
485 4295 566 4331 σε.
608 4278 669 4330 Et
697 4277 742 4330 δ’
775 4279 901 4340 ἴσως
942 4279 1036 4329 καὶ
1069 4277 1433 4346 ποτνιώμενος
1466 4278 1557 4329 καὶ
1584 4278 1757 4330 πολλὰ

189 4372 385 4433 ποιῶν,
446 4370 584 4421 ἄττα
636 4369 771 4435 πρὸς
822 4368 1104 4433 ἑντευξιν,”
1139 4367 1322 4437 μένεις
1375 4369 1402 4420 ὁ
1450 4368 1610 4429 αὐτὸς
1662 4370 1756 4422 τοῦ

187 4461 401 4525 λοιποῦ,
434 4462 648 4526 λόγισαι
680 4462 909 4529 Θέμενος
943 4462 999 4523 ἐς
1023 4461 1223 4529 ψυχὴν,
1254 4459 1328 4521 ὠς
1366 4460 1399 4530 ἢ
1430 4460 1562 4512 πολὺ
1593 4463 1649 4511 ἐν
1675 4461 1761 4513 σοὶ

1869 3371 2081 3426 Patrem
2117 3373 2393 3426 nominas.
2428 3370 2712 3437 Quomodo
2754 3387 2883 3427 vero
2912 3373 3081 3428 audes
3118 3390 3217 3443 pro
3252 3376 3425 3445 impu-

1864 3464 2047 3517 dentia
2073 3474 2183 3527 tua,
2212 3471 2563 3518 contemnere
2589 3464 3442 3529 excommunicationem?Anxia

1866 3557 1999 3609 lium
2050 3555 2282 3624 implora
2339 3555 2618 3621 divinum;
2670 3555 2758 3609 fac
2805 3557 3223 3625 paenitentiam,
3274 3560 3433 3627 expia

1867 3653 2090 3713 peccata
2148 3655 2240 3699 tua
2291 3648 2544 3714 precibus
2572 3648 2707 3714 tuis,
2746 3648 2813 3701 ad
2853 3656 3078 3703 sanctos
3133 3653 3435 3717 prtesertim

1865 3736 1982 3803 ejus
2012 3736 2206 3790 elIusis
2228 3774 2241 3801 ,
2276 3746 2329 3791 et
2360 3738 2449 3791 tibi
2485 3753 2621 3807 opus
2661 3740 2768 3793 erit
2800 3740 3023 3793 divitias
3056 3741 3155 3795 tibi
3186 3756 3437 3795 cominu-

1865 3828 2095 3891 nicabit,
2126 3836 2178 3883 et
2207 3843 2332 3882 vere
2370 3830 2580 3882 beatum
2627 3830 2834 3883 reddet.
2891 3829 2946 3882 Si
2982 3838 3184 3895 autem,
3220 3832 3436 3901 suppli-

1864 3934 1995 3972 cans
2044 3929 2099 3974 et
2140 3934 2238 3989 pro
2270 3921 2478 3973 viribus
2522 3921 2667 3988 quod
2722 3930 2873 3973 tuum
2924 3931 3011 3975 est
3058 3936 3325 3991 peragens
3376 3923 3432 3977 in

1862 4015 2050 4067 eadem
2088 4014 2309 4067 fortuna
2344 4029 2557 4075 manes,
2597 4015 2779 4083 cogita
2804 4016 2948 4083 quod
2982 4015 3053 4068 ob
3087 4026 3306 4083 peccata
3343 4026 3433 4070 tua

1863 4118 1952 4160 aut
2010 4105 2155 4159 aliud
2200 4108 2469 4175 quoddam
2513 4115 2564 4159 te
2604 4107 2917 4159 di\itiat'uut
2954 4108 3273 4176 participem
3308 4123 3431 4163 esse

1864 4214 1971 4250 non
2000 4198 2129 4249 vult.
2152 4196 2305 4250 Nunc
2332 4200 2548 4264 quidem
2579 4200 2685 4251 voti
2705 4207 3008 4264 compotem
3040 4200 3153 4250 ﬁeri
3181 4199 3313 4250 nihil
3334 4199 3430 4253 tibi

1862 4290 2177 4358 prodesset;
2212 4289 2387 4341 veniet
2426 4300 2609 4341 autem
2644 4298 2879 4356 tempus,
2910 4303 3018 4357 quo
3058 4299 3177 4341 Vitae
3212 4298 3428 4357 pratum

1861 4381 2095 4439 ﬂorebit.
2128 4388 2183 4433 el.
2218 4391 2272 4433 tu
2312 4379 2549 4432 fructum
2601 4380 2972 4448 lnrgissunum
3026 4382 3284 4447 colligere
3334 4395 3433 4446 p0-

1862 4474 2015 4524 teris.
2051 4472 2157 4523 Λιιι
2185 4489 2289 4523 ιιυιι
2323 4471 2472 4525 vides
2507 4471 2733 4523 arbores
2783 4469 3051 4523 fructibus
3109 4472 3319 4538 plenos,
3374 4479 3431 4525 ef.

186 4559 245 4607 τὸ
281 4555 624 4623 ὲςάμαρτον,
670 4554 762 4606 καὶ
812 4552 880 4604 δι’
917 4552 1052 4605 αὐτὸ
1100 4554 1201 4604 οὑκ
1242 4552 1386 4618 ἀξιοῖ
1429 4554 1523 4604 καὶ
1561 4552 1619 4605 σὲ
1664 4554 1757 4605 τοῦ

1864 4560 2196 4630 frugiferos;
2257 4563 2393 4613 alios
2461 4561 2758 4627 quotannis
2824 4559 3028 4628 passim
3095 4558 3426 4628 frug-feros.

187 4645 608 4714 πλουτισμοῦ,ή
642 4646 766 4696 ἄλλο
800 4662 874 4697 τι.
908 4644 1019 4696 Νῦν
1056 4645 1155 4710 μὲν
1182 4645 1241 4696 οὐ
1274 4647 1552 4714 συμφέρον
1591 4662 1671 4695 σοι
1698 4643 1758 4696 τὸ

189 4741 467 4808 πλήρωμα
510 4736 604 4788 τοῦ
651 4736 989 4803 αἱτήματος’
1034 4736 1186 4787 ἕσται
1230 4736 1286 4787 δὲ
1333 4736 1418 4787 ὅτε
1454 4736 1479 4785 ὁ
1513 4735 1603 4787 τοῦ
1642 4736 1757 4804 βίου

186 4828 394 4896 λειμὼν
420 4826 725 4896 ἐξανθήσει,
756 4828 847 4877 καὶ
874 4824 1179 4895 δρέψασθαὶ
1205 4842 1286 4878 σοι
1307 4828 1469 4877 δώσει
1502 4828 1556 4877 ἐν
1582 4827 1759 4896 καιρῷ

188 4921 360 4972 πολὺν
390 4921 482 4970 τὸν
527 4920 758 4987 καρπόν.
794 4919 863 4970 Ἦ
901 4919 999 4986 οὐχ
1031 4919 1160 4987 ὁρᾷς
1197 4918 1289 4970 καὶ
1322 4920 1469 4985 φυτὰ
1499 4919 1757 4989 δένδρων,

182 5015 252 5063 ei
287 5010 389 5080 μὲν
423 5011 654 5076 καρποῖς
688 5009 962 5079 βρίθοντα,
993 5011 1059 5059 τα
1095 5008 1151 5060 δέ
1186 5026 1307 5060 τινα
1337 5009 1627 5068 διαπαντὸς
1660 5012 1755 5068 οὐχ

183 5105 458 5171 ἄκαρπα;
502 5102 592 5153 καὶ
623 5101 731 5153 τῶν
782 5102 1084 5169 καρπίμων
1115 5101 1184 5151 τὰ
1226 5102 1322 5166 μὲν
1371 5106 1448 5161 εις
1481 5101 1600 5153 ὅλον
1641 5102 1757 5162 ἔτος

182 5195 461 5263 τηροῦντα
496 5193 556 5243 τὸ
586 5194 787 5261 τρέφον
822 5191 998 5260 φῦμα,
1043 5192 1109 5244 τά
1156 5192 1211 5243 δὲ
1261 5192 1315 5255 ἐξ
1347 5193 1499 5253 ἔτους
1548 5193 1647 5260 μὲν
1678 5195 1756 5256 εἰς

181 5293 303 5353 ἔτος
358 5288 696 5359 εὑφοροῦντα
748 5290 812 5340 ἐκ
857 5288 1268 5354 διαλείμματος.
1297 5287 1388 5338 τὸν
1417 5287 1471 5338 δὲ
1517 5292 1573 5337 ἐν
1601 5287 1753 5357 μέσῳ

180 5383 381 5456 καιρὸν
414 5385 477 5435 οὐ
512 5384 671 5451 μόνον
695 5382 920 5449 ἄκαρπα
955 5384 1035 5443 εις
1064 5380 1125 5432 τὸ
1160 5382 1291 5440 πᾶν,
1319 5380 1454 5431 ἀλλὰ
1492 5380 1586 5431 καὶ
1618 5380 1754 5447 φυλ-

178 5474 500 5546 λοχοοῦντα,
534 5476 629 5526 καὶ
672 5478 768 5544 τὴς
814 5475 1068 5541 φυσικῆς,
1105 5473 1178 5531 ὡς
1215 5474 1409 5535 εἰπεῖν,
1445 5471 1616 5541 κόμης
1652 5488 1756 5537 φα·-

179 5566 581 5638 λακρούμενας
622 5565 696 5619 Τὸ
740 5566 795 5618 δέ
827 5567 976 5616 ἐστιν
1012 5566 1073 5617 οὐ
1115 5566 1287 5635 μάτην
1318 5568 1410 5619 καὶ
1442 5566 1585 5633 εἰκῆ,
1621 5566 1752 5619 alii

178 5664 323 5717 κατὰ.
374 5661 539 5729 φύσιν
588 5658 825 5727 ελλογον.
878 5660 1007 5710 Ὅτε
1058 5660 1156 5726 μὲν
1196 5660 1306 5727 γὰρ
1352 5661 1496 5711 ἔστιν
1524 5659 1749 5713 ὄνασοαί

176 5751 402 5822 τινας,ἦ
434 5750 754 5820 ἀνθρώπους
778 5750 809 5820 ἢ
834 5751 1077 5819 ὲτεροίαν
1109 5750 1289 5819 φύσιν,
1322 5753 1413 5804 τοῦ
1443 5751 1747 5821 καρπώμα-

177 5864 290 5916 τος,
326 5846 448 5900 τότε
480 5844 543 5917 δὴ
581 5843 773 5916 καιροῦ
810 5849 903 5901 καὶ
938 5848 984 5899 οἱ
1016 5845 1235 5919 βλαστοὶ
1262 5849 1449 5915 μεστοὶ
1481 5850 1570 5900 καὶ
1595 5846 1748 5900 καλοὶ

1864 4656 2063 4724 passim
2124 4655 2336 4708 steriles
2379 4654 2506 4706 folia
2549 4654 2785 4721 dejicere
2839 4661 2894 4707 et
2938 4666 3110 4706 comae
3159 4650 3427 4705 naturalis

1861 4746 2130 4800 calvitiqu
2187 4745 2339 4813 pati?
2398 4745 2551 4810 Quod
2590 4760 2695 4798 non
2742 4760 2939 4797 vanum
2985 4758 3048 4796 ac
3102 4744 3288 4807 inane,
3329 4744 3421 4796 sed

1860 4836 2159 4889 secundum
2190 4847 2400 4889 natura:
2451 4835 2742 4889 rationem.
2772 4832 2999 4904 Quando
3038 4831 3183 4886 enim
3214 4830 3426 4885 fructus

1861 4937 1955 4981 aut
1994 4929 2333 4990 hominibus,
2363 4935 2456 4981 aut
2485 4930 2695 4980 caeteris
2743 4925 3009 4979 creaturis
3039 4929 3296 4993 prolesse
3326 4923 3424 4974 de-

1859 5019 2008 5081 bent,
2045 5019 2204 5073 ﬂores
2238 5020 2377 5087 pleni
2403 5028 2457 5071 et
2490 5020 2607 5071 visu
2644 5018 2859 5085 pulchri
2894 5025 3179 5084 apparent,
3213 5024 3265 5068 et
3297 5015 3421 5066 folia

1858 5114 1911 5167 in
1946 5112 2178 5166 fructum
2209 5113 2521 5175 virescunt;
2558 5111 2600 5165 si
2636 5117 2819 5163 autem
2857 5110 3067 5162 fructus
3099 5108 3253 5168 abiit,
3292 5106 3419 5159 folia

1857 5221 2069 5274 quoque
2122 5204 2265 5256 humi
2320 5203 2601 5257 labuntur.
2654 5201 2911 5269 Vivipara
2965 5200 3107 5253 enim
3153 5200 3311 5267 quasi
3365 5199 3416 5250 in

1859 5298 2069 5350 radices
2104 5296 2293 5348 matris
2328 5295 2577 5360 redeunt,
2602 5294 2783 5362 ibique
2817 5289 3109 5345 residentia
3134 5291 3332 5345 sensim
3363 5291 3417 5342 in

1859 5403 1949 5441 ver
1982 5402 2181 5439 novum
2217 5388 2582 5450 reviviscunt,
2615 5385 2831 5452 quando
2862 5393 2921 5435 ut
2953 5397 3046 5452 per
3075 5382 3295 5435 canales
3332 5395 3419 5433 re-

1855 5486 2121 5540 currunt,
2152 5486 2203 5529 et
2240 5487 2296 5528 ιιι
2331 5491 2477 5529 anno
2506 5477 2687 5543 elapso
2722 5487 2929 5527 natura:
2966 5473 3257 5541 peculiaris
3294 5485 3419 5523 mu-

1856 5587 1983 5627 nerc
2024 5570 2343 5643 funguntur.
2380 5567 2511 5622 Vide
2548 5570 2710 5637 igitur
2759 5582 2827 5621 ne
2873 5576 2928 5620 tu
2976 5579 3196 5633 quoque
3243 5562 3412 5617 simili

1852 5666 1957 5735 legi
1998 5665 2344 5732 subjiciaris,
2396 5674 2449 5717 ct
2496 5662 2585 5716 ubi
2639 5661 2715 5715 nil
2769 5660 2861 5713 tibi
2910 5656 3152 5727 proderit
3208 5655 3408 5713 arbor.

1854 5758 1995 5810 unde
2034 5755 2194 5811 flores
2220 5764 2273 5809 et
2310 5756 2521 5809 fructus
2558 5751 2906 5823 spectabiles,
2939 5760 2997 5805 ut
3026 5749 3151 5802 folia
3181 5758 3234 5800 et
3260 5760 3412 5815 qua:-

1854 5866 2069 5920 cunquc
2106 5865 2131 5903 a
2168 5849 2304 5903 bona
2353 5848 2547 5903 arbore
2591 5844 2947 5916 proveniunt,
2999 5848 3325 5909 naswutur,
3359 5846 3416 5894 et
