4210 6438
775 373 876 440 7II
1515 370 1941 433 EUSTATIIII
1978 368 2079 430 TII
2091 367 2424 429 ESSALON

2351 368 2424 429 )N
2437 366 2732 426 ICENSIS
2773 367 2825 427 Μ
2840 367 3335 431 ILTROPOLITi‘E
3901 375 4013 441 ’112

779 505 888 555 ne,
928 488 977 544 si
1016 486 1237 559 quando
1278 499 1374 542 eos
1403 483 1661 555 colligere
1687 484 1866 553 cupis,
1900 484 2086 538 omnia
2117 494 2168 539 te
2195 481 2336 537 eﬂ'u-
2363 483 2411 541 Α

2363 483 2411 541 Α
2442 466 2755 550 βλέπεσθαι,
2769 482 2862 534 καὶ
2875 481 2942 533 τὰ
2964 481 3137 547 φύλλα
3154 482 3348 551 τέθηλε
3368 485 3455 538 διὰ
3471 484 3563 538 τὶν
3583 488 3794 557 καρπὸν
3810 490 4012 546 ταῦτα.

784 582 975 649 giattt,
1011 582 1136 649 quia
1184 588 1396 646 tempus
1449 591 1555 631 non
1602 586 1682 631 est
1709 584 2097 642 Opportunum.
2140 574 2244 627 Sed
2281 573 2333 625 id
2445 580 2446 585 “

2445 574 2571 625 Ὅτε
2586 572 2641 623 δὲ
2655 575 2816 637 αύτές
2829 573 3062 645 ἀπέλθῃ.
3085 576 3204 628 τότε
3222 578 3398 630 καὶτὰ
3414 578 3590 646 φύλλα
3610 581 3775 649 ἔραζε
3794 584 4014 649 πίπτει,

779 688 1000 742 quoque
1035 669 1179 735 vide,
1212 683 1279 722 ne
1300 669 1540 723 carduus
1571 668 1623 721 iu
1655 669 1822 721 ramis
1850 668 2129 721 sterilibus
2157 673 2253 717 aut
2282 665 2337 718 in

2441 667 2536 718 καὶ
2549 665 2619 717 τὰ
2633 667 2796 719 λοιπά
2809 666 2865 719 δὲ
2881 665 2973 718 τοῦ
2998 666 3220 736 δένδρου
3238 668 3336 736 τὴν
3360 672 3633 739 προτέραν
3654 671 3804 741 ιῗιριν
3823 675 4012 728 ούιιέτι

782 761 936 815 rubis
967 769 1022 813 et
1066 760 1201 830 piris
1241 758 1590 813 silvestribus
1629 756 1905 827 producas
1935 755 2027 825 (ob
2063 756 2164 809 hoc
2190 755 2336 808 enim
2440 760 2444 801 ί

2440 754 2577 823 εχει.
2610 755 2966 809 Παλιννοστεῖ
2993 758 3103 828 γὰρ
3131 759 3195 811 τὸ
3223 758 3493 826 ζωογόνον
3528 766 3608 825 είς
3640 764 3738 826 τὰς
3768 768 4014 838 μητέρας

780 853 1019 906 fructum
1047 851 1268 920 quidem
1306 849 1437 913 fers,
1462 848 1555 903 sed
1587 862 1697 903 non
1730 846 1969 903 debitum
1994 855 2048 903 et
2079 860 2336 902 manuum
2439 868 2442 894 ι

2439 847 2663 900 ἐκείνων
2688 846 2866 916 ῥίζας,
2891 849 2986 903 καὶ
3015 850 3325 921 ὑφεδρεύει,
3355 854 3447 906 καὶ
3476 852 3794 925 ὑποσμύχον
3827 857 4014 919 (uiuu-

777 941 1081 995 contractui
1138 938 1541 1009 resistentem).
1598 937 1798 992 Annon
1852 937 1997 991 Deus
2055 935 2334 992 hominem

2442 942 2617 1007 ρεῖται
2649 942 2726 1000 εἰς
2753 942 2876 1011 ξαρ,
2922 943 3015 996 ὅτε
3051 943 3212 996 πάλιν
3254 944 3331 1008 ὡς
3363 944 3432 997 δι’
3464 945 3808 1014 ὑπαγωγέων
3843 950 4011 1004 τινῶν

778 1047 1006 1101 parvum
1054 1034 1187 1087 facit
1227 1040 1284 1086 et
1326 1030 1598 1085 deminuit
1642 1031 1733 1100 qui
1768 1027 1836 1083 ad
1868 1028 2083 1084 fructus
2132 1030 2341 1098 produ-
2399 1023 2402 1025 Α

2399 1023 2402 1025 λ
2443 1033 2830 1103 ἑκθλιϐόμενον
2851 1034 3143 1105 ἀνατρέχει
3166 1037 3260 1089 καὶ
3279 1039 3444 1107 γεννᾷ
3462 1040 3527 1091 τὰ
3546 1040 3780 1108 πέρυσιν
3800 1041 4006 1107 ἀγαθά.

745 1177 748 1181 ,
780 1124 991 1179 rendus
1032 1133 1198 1177 natus
1236 1137 1344 1177 non
1375 1131 1489 1189 est,
1535 1129 1627 1176 aut
1671 1121 1910 1175 fructum
1945 1121 2167 1190 quidem
2201 1121 2340 1185 fert,

2443 1122 2593 1190 Ὅρα
2617 1123 2765 1189 γοῦν.
2796 1126 3011 1194 μήποτε
3042 1127 3136 1178 καὶ
3162 1126 3227 1177 σὺ
3256 1127 3483 1196 τοιούτῳ
3509 1128 3653 1196 λόγῳ
3683 1130 4013 1183 ὑποπίπτω-

779 1227 878 1269 eos
903 1223 1086 1268 autem
1116 1216 1209 1283 qui
1237 1214 1358 1269 illos
1381 1223 1600 1284 tangere
1628 1212 1822 1266 volunt
1850 1213 2143 1282 pungendo
2162 1212 2343 1267 laedit?

2442 1232 2566 1278 κας,
2621 1216 2716 1269 καὶ
2761 1218 2891 1287 ῆού
2941 1216 3223 1286 σύμφορόν
3253 1236 3338 1271 σοι
3386 1220 3566 1272 λαλεῖν
3618 1220 3775 1290 ὓλην.
3829 1222 3891 1288 ἐξ
3946 1221 4013 1293 ἧς

781 1305 980 1362 Preces
1032 1305 1198 1361 funde
1243 1307 1308 1361 ad
1350 1307 1539 1366 Deum,
1584 1314 1638 1359 et
1666 1320 1826 1374 spera
1863 1306 1916 1359 in
1952 1320 2078 1360 cum
2103 1345 2119 1369 ,
2147 1317 2202 1359 et
2229 1307 2344 1375 ipse

2444 1304 2596 1358 ἔσται
2660 1305 2868 1375 βλάστη
2914 1309 3011 1362 καὶ
3045 1308 3254 1377 καρπὸς
3286 1307 3437 1371 ἄξιος
3491 1310 3649 1376 λόγου
3705 1316 3800 1367 καὶ
3838 1312 4014 1381 φύλλα

781 1399 964 1453 faciet.
1018 1396 1186 1468 Imple
1247 1399 1367 1466 ejus
1410 1398 1789 1461 voluntatem,
1851 1406 1905 1453 et
1965 1400 2058 1452 tibi
2117 1399 2339 1452 favebit.

2445 1399 2540 1450 καὶ
2569 1397 2733 1469 λοιπὴ
2787 1401 2937 1451 πᾶσα
2971 1400 3170 1468 εὑφυϊα
3220 1400 3460 1470 χρηστοῦ
3495 1402 3736 1471 δένδρου,
3789 1403 3825 1472 ἢ
3874 1404 4012 1457 sm

776 1488 957 1543 Irrora
979 1488 1183 1544 Iabiutn
1213 1490 1416 1544 siccum
1449 1489 1542 1544 siti
1573 1487 1826 1559 ﬂagrans,
1858 1499 1912 1543 et
1940 1489 2085 1558 pluet
2114 1490 2205 1543 tibi
2231 1504 2345 1545 cm-

2446 1492 2558 1550 καὶ,
2594 1492 2779 1543 εἴποτε
2811 1490 3006 1561 λάϐῃς,
3044 1491 3160 1543 ἀλλ’
3193 1491 3351 1555 αὖθις
3383 1495 3793 1564 ἁπορρυήσεταί
3827 1512 3913 1548 σοι
3944 1499 4013 1547 τὰ

784 1582 918 1637 litus
949 1580 1146 1635 manna
1171 1580 1455 1650 spirituale
1477 1580 1825 1634 etseusibile.
1853 1580 1933 1632 An
1960 1580 2107 1633 nosti
2138 1580 2342 1651 virgam
2443 1608 2446 1625 ‹

2443 1582 2701 1651 δεδομένα
2730 1582 2817 1634 διὰ
2842 1583 2903 1635 τὸ
2933 1582 3009 1651 μὴ
3044 1581 3281 1652 καίριον.
3315 1586 3519 1638 Σκόπει
3550 1586 3607 1638 δὲ
3647 1591 3762 1645 καὶ.
3797 1589 4010 1658 μήποτε

778 1670 1045 1724 virentem
1069 1676 1123 1722 et
1146 1669 1264 1723 solo
1294 1667 1387 1723 Dei
1424 1684 1703 1723 servormn
1732 1669 1898 1722 verho
1922 1670 2339 1737 germinantem,

2444 1674 2826 1741 ἀκανθοςρορῇς
2854 1673 2998 1725 κατά
3027 1670 3122 1730 τὰς
3159 1673 3399 1740 ρἀνους
3436 1676 3553 1741 (καὶ
3589 1674 3676 1725 διὰ
3705 1675 3868 1727 τοῦτο
3894 1677 4015 1728 οὐδὲ

782 1767 1069 1812 sexcentos
1108 1774 1141 1813 e
1182 1767 1356 1813 morte
1386 1759 1753 1812 excitantcm?
1782 1758 1822 1811 Τ
1826 1775 1857 1814 e
1887 1769 2068 1813 autem
2102 1763 2341 1829 plantam
2376 1830 2405 1835 ᾳ

2376 1830 2405 1835 ᾳ
2444 1763 2860 1832 ωρποφορείς),
2891 1764 2923 1834 ἦ
2957 1752 3101 1816 κατὰ
3127 1766 3253 1826 τοὺς
3279 1764 3476 1833 βάτους
3501 1768 3595 1819 καὶ
3624 1771 3754 1828 τοὺς
3784 1769 4015 1835 ἀγρίους

779 1848 1052 1901 madidam
1074 1887 1090 1913 ,
1133 1862 1277 1902 nunc
1310 1848 1493 1916 pravis
1523 1850 1917 1916 cupiditatibus
1947 1858 2301 1919 mgrotantcm
2324 1892 2341 1917 ,
2376 1830 2413 1885 Β

2376 1830 2413 1885 Β
2444 1830 2649 1916 ἀπίους
2676 1830 2792 1925 (παὶ
2910 1830 3040 1909 αὐτὸ
3069 1857 3253 1923 φέρεις
3279 1830 3392 1924 *μὲν
3424 1857 3659 1922 καρπον,
3693 1830 4015 1927 περιψερεις

779 1956 901 2010 qum
927 1957 957 1996 e
982 1940 1240 2010 paradiso
1273 1941 1453 2005 venit,
1493 1941 1760 2005 educare,
1809 1943 2105 1996 insertione
2148 1943 2347 2011 ampli-

2443 1945 2489 1997 δ’
2523 1948 2753 2012 ἐκεῖνον,
2787 1949 2969 1999 ὁποῖον
3000 1949 3106 2016 χρὴ
3145 1948 3595 2018 τελεσφορεῖσθαι
3642 1949 3799 2019 φυτῷ
3847 1949 4016 2001 ἀκάν-

780 2039 943 2089 tii-are
963 2046 1017 2090 et
1040 2034 1331 2089 fecundam
1356 2034 1584 2089 reddere
1605 2048 1712 2087 tiOtt
1740 2033 1921 2088 vales?
1956 2034 2150 2088 Desine
2176 2048 2205 2088 a
2233 2034 2344 2089 Deo

2445 2038 2566 2101 θαις
2627 2038 2939 2109 φρίσσοντι.
3008 2040 3103 2093 καὶ
3157 2041 3256 2101 τὰς
3317 2040 3777 2107 προσαπτομένας
3816 2044 4015 2109 χεῖρας

779 2139 1008 2199 petere,
1067 2137 1123 2184 et
1183 2129 1298 2199 ipse
1348 2137 1544 2197 sponte
1602 2129 1693 2182 tibi
1748 2129 1916 2182 dabit.
1975 2128 2093 2182 Non
2150 2146 2179 2182 a
2238 2128 2347 2184 Deo

2444 2126 2787 2195 ἀμύσσοντι).
2825 2128 2893 2180 ’Ἡ
2922 2126 3032 2194 γίιρ
3074 2126 3137 2180 ού
3180 2126 3470 2192 σμικρύνει
3509 2127 3640 2190 Θεὸς
3680 2130 3775 2182 καὶ
3804 2129 4021 2197 ἀχρειοῖ

782 2222 981 2291 petiisti
1021 2230 1077 2274 ut
1124 2221 1177 2274 in
1230 2221 1425 2274 matris
1472 2228 1579 2275 tua:
1629 2231 1786 2273 utero
1835 2222 2243 2290 concipereris,
2294 2229 2349 2275 et

2445 2217 2758 2285 ἄνθρωπον,
2793 2218 2851 2281 ὃς
2876 2219 2907 2286 ἢ
2935 2221 3339 2289 καρποτροφεῖν
3373 2220 3435 2271 οὐ
3468 2220 3737 2286 πέφυκεν,
3760 2221 3793 2289 ἢ
3826 2221 4022 2292 τρέφει

780 2321 962 2368 tamen
998 2312 1087 2366 illa
1123 2320 1177 2368 te
1209 2314 1487 2382 concepit.
1525 2312 1597 2365 Ex
1636 2322 1790 2366 utero
1817 2312 1869 2366 in
1898 2312 2070 2367 lucem
2107 2313 2345 2381 prodire,

2451 2308 2550 2377 μὲν
2594 2308 2835 2374 καρπὸν,
2871 2309 3150 2378 κεντρίζει
3200 2310 3256 2361 δὲ
3297 2311 3421 2372 τοὺς
3455 2311 3877 2378 προσάπτεσθαι
3926 2317 4023 2366 καὶ

782 2403 1004 2469 nutriri,
1044 2404 1370 2473 procedere,
1413 2404 1505 2458 ubi
1537 2419 1682 2459 nunc
1717 2416 1851 2468 stas,
1887 2420 1994 2457 non
2029 2414 2131 2459 tua:
2162 2407 2351 2458 Vullm-

2446 2402 2743 2470 δρέπεσθαι
2800 2401 3091 2465 θέλονταςς
3150 2400 3317 2467 Εὗξαι
3346 2403 3424 2473 τῷ
3464 2403 3605 2471 Θεῷ,
3636 2402 3711 2468 ὡς
3756 2405 3857 2458 καὶ
3886 2407 4025 2457 ἀπο,-

784 2494 913 2548 tatis
935 2492 1059 2557 fuit,
1080 2501 1319 2547 attamen
1346 2492 1461 2547 hzec
1487 2493 1688 2551 omnia.
1716 2503 1766 2545 te
1791 2493 1982 2556 invito,
2004 2493 2347 2548 acciderunt.

2448 2492 2631 2544 δοῦναι
2660 2491 2809 2562 αύτῷ
2842 2494 2939 2555 τὰς
2964 2493 3152 2561 εὐχὰς,
3186 2493 3282 2545 καὶ
3307 2492 3528 2546 ἐλπισον
3555 2494 3642 2546 ἐπ’
3664 2495 3901 2557 ἐκεῖνον,
3927 2496 4025 2547 καὶ

784 2584 953 2653 Igitur
993 2593 1189 2637 cmtera
1236 2600 1453 2653 quoque
1492 2583 1589 2637 tibi
1630 2584 1925 2648 dabuntur,
1953 2586 2247 2638 dummodo
2285 2598 2349 2639 ea

2448 2581 2609 2641 αὐτὸς
2662 2583 2903 2650 ποιήσει.
2960 2581 3389 2652 Πληροςὸρησον
3434 2585 3534 2651 τὴν
3578 2586 3900 2652 μετάδοσιν,
3931 2588 4028 2640 καὶ

786 2678 986 2741 facias,
1036 2685 1160 2745 post
1208 2691 1328 2745 quae
1361 2687 1553 2730 cetera
1602 2675 1868 2731 addentur
1897 2684 1951 2729 et
1981 2685 2041 2729 ut
2076 2676 2129 2729 in
2157 2675 2352 2731 funda-

2451 2673 2710 2726 ἐπιδώσει
2739 2691 2846 2729 σοι.
2886 2675 3147 2744 Δρόσισον
3174 2677 3350 2742 χεῖλος
3386 2677 3581 2739 ἐνδεὲς,
3616 2677 4029 2746 ύποκαιόμενυν

785 2776 967 2821 mento
1018 2768 1174 2821 firmo
1216 2768 1581 2821 stabilicntur.
1615 2769 1754 2833 Quid
1799 2768 2027 2821 Dmnino
2064 2767 2330 2822 reddituri

2451 2763 2619 2833 δίψει,
2673 2767 2767 2820 καὶ
2796 2764 3078 2833 ὲπιόρέξει
3132 2782 3215 2817 σοι
3250 2765 3458 2817 ἄνωθεν
3490 2766 3559 2821 ta
3605 2766 3875 2837 ζωογόνα,
3928 2773 4029 2821 καὶ

791 2856 966 2909 sitnus
995 2856 1294 2918 nescimus,
1334 2866 1575 2909 attamen
1612 2858 1759 2909 dedit
1791 2857 1971 2920 nobis,
2002 2870 2237 2924 quorum
2264 2864 2351 2910 est
2451 2886 2453 2901 ‹

2451 2857 2583 2909 αὐτὸ
2613 2855 2669 2908 δὲ
2702 2857 2901 2925 μάννα,
2957 2859 3018 2909 τὸ
3064 2860 3161 2912 καὶ
3190 2857 3480 2926 νοπύμενον
3529 2860 3624 2912 καὶ
3665 2860 4025 2929 φαινόμενον.

799 2947 849 2999 ci
891 2955 1114 3015 accepta
1145 2945 1366 3000 referre.
1394 2946 1544 3011 Quid
1587 2947 1750 3016 igitur
1784 2956 1961 3015 petere
1994 2948 2077 3000 vis
2110 2961 2139 2999 a
2169 2945 2349 3001 crcdi-
2453 2947 2461 2966 ‘

2453 2946 2524 2998 Ἦ
2570 2945 2766 3018 ράθδον
2822 2946 2921 3017 μὲν
2973 2944 3120 3011 οἶδας
3173 2948 3583 3017 βλαστήσασαν,
3634 2952 3731 3004 καὶ
3770 2954 3924 3017 φυτὰ
3973 2953 4030 3004 δὲ

789 3037 943 3091 tore?
974 3038 1236 3091 Dominus
1268 3040 1570 3092 mercedem
1598 3040 1697 3093 tibi
1726 3039 1874 3093 dedit
1908 3053 2087 3104 servo,
2120 3040 2209 3092 cui
2240 3053 2349 3093 non

2457 3033 2631 3103 μυρία
2661 3036 2727 3086 εκ
2756 3032 3075 3104 νεκρὼσεως
3105 3035 3524 3105 ἀναθηλήσαντα
3552 3037 3695 3109 λόγῳ
3735 3042 3835 3094 καὶ
3879 3041 4032 3110 μόνῳ

788 3129 1047 3194 debebat,
1081 3132 1192 3182 noli
1230 3130 1393 3200 igitur
1418 3130 1785 3199 impudentem
1828 3138 1881 3183 te
1914 3145 2103 3199 gerere
2140 3138 2197 3184 et
2225 3144 2348 3196 pre-
2374 3174 2418 3229 ϐ

2374 3174 2418 3229 c
2454 3125 2564 3178 τῶν
2593 3125 2688 3178 τοῦ
2718 3124 2853 3179 Θεοῦ
2882 3126 3261 3195 θεραπόντων;
3291 3128 3458 3181 αὐτὸν
3496 3130 3553 3182 δέ
3599 3147 3682 3193 σε,
3712 3131 3775 3184 τὸ
3800 3131 3889 3185 [et
3918 3134 4031 3185 ενι-

790 3220 948 3273 cihus
974 3221 1083 3274 tuis
1118 3220 1368 3289 fatigare,
1402 3235 1469 3274 ne
1505 3236 1572 3274 ex
1604 3223 1671 3275 iis
1700 3235 1821 3289 quae
1852 3220 2101 3290 possides
2129 3220 2350 3276 excidas
2379 3216 2418 3229 ’“

2379 3216 2418 3229 ’“
2457 3232 2597 3283 κμον
2633 3217 2819 3285 φυτὸν,
2871 3216 2933 3270 τὸ
2984 3217 3081 3271 νῦν
3124 3218 3224 3286 μὶν
3274 3220 3619 3290 ἠγριωμένον
3667 3222 3933 3288 πάθεσιν,
3970 3228 4031 3278 ει

789 3320 843 3363 et
871 3310 1015 3364 servi
1070 3312 1279 3364 inutilis
1329 3320 1531 3365 sortem
1573 3311 1847 3381 obtingas.
1893 3309 2053 3365 Pater
2110 3309 2352 3366 heredes

2456 3306 2788 3375 παραδείσου
2818 3307 2876 3360 δὲ
2912 3308 3175 3361 ἀνέκαθεν
3210 3312 3473 3378 πεφυκὸς,
3506 3313 3606 3363 οὐκ
3638 3314 3755 3381 ῑχει
3786 3318 4030 3385 μοσχιῦ-

800 3399 1143 3468 designavit;
1172 3414 1277 3453 non
1305 3401 1467 3469 igitur
1493 3404 1549 3454 iu
1580 3416 1643 3454 ea
1677 3412 1759 3454 est
1797 3403 2149 3465 necessitate,
2190 3415 2352 3469 quam
2454 3416 2462 3445 ε

2454 3412 2567 3461 σαι,
2621 3402 2715 3452 καὶ
2762 3398 2837 3460 ὡς
2886 3394 3001 3452 οἷον
3054 3400 3120 3453 δι’
3157 3403 3466 3470 ἑπεμὸολῆς
3522 3407 3902 3475 μεταποιῆσαι
3951 3412 4034 3466 εἰς

791 3501 848 3545 tu
872 3494 923 3546 ei
953 3492 1251 3546 attribuere
1281 3494 1383 3546 vis.
1411 3491 1639 3561 Magnus
1667 3492 1796 3546 olim
1822 3493 2066 3561 possedit
2095 3490 2229 3558 Job;
2258 3491 2353 3546 sed

2455 3489 2636 3557 πάντη
2669 3488 2898 3558 ἣμερον,
2940 3491 3038 3544 καὶ
3088 3492 3522 3547 καταπλουτίσαι
3570 3497 3652 3558 είς
3698 3496 4030 3564 ἔγκαρπονς

790 3582 973 3635 omnia
1005 3582 1262 3650 perdidit,
1293 3581 1400 3635 imo
1430 3596 1490 3635 se
1520 3584 1694 3649 ipsum
1725 3582 1931 3635 amisit.
1961 3580 2174 3635 smmi
2205 3582 2350 3635 enim

2460 3578 2631 3645 Ἀφες
2678 3579 2933 3632 ἀπαιτεῖν
2975 3581 3067 3633 τὸν
3107 3581 3262 3645 Θεὸν,
3318 3585 3414 3636 καὶ
3447 3584 3609 3647 αὐτὸς
3641 3585 3805 3638 δώσει
3860 3590 4030 3646 ἑκών.

795 3672 848 3722 iu
903 3673 1109 3723 saniem
1159 3669 1469 3731 resolutus,
1512 3684 1614 3723 nec
1644 3680 1824 3725 tamen
1855 3671 2032 3725 Deum
2067 3674 2354 3726 accusavit
2456 3692 2457 3701 ι

2456 3668 2570 3721 Ούκ
2621 3668 2895 3738 ἐζήτησας
2943 3670 3033 3722 τὸν
3083 3671 3246 3737 Θεὸν,
3304 3674 3363 3724 ὲν
3416 3673 3595 3742 κοιλίᾳ
3645 3674 4034 3744 συλληφθῆναι

792 3759 1219 3823 inconsiderate,
1268 3772 1376 3813 non
1419 3759 1487 3812 de
1535 3759 1850 3828 repetundis
1899 3760 2211 3827 postulavit,
2256 3776 2355 3816 nec

2460 3760 2704 3829 μητρός·
2741 3762 2835 3813 καὶ
2882 3762 3064 3830 ἐκείνη
3118 3762 3380 3815 συνέλαϐε
3429 3780 3511 3817 σε.
3561 3764 3672 3816 Οὐκ
3702 3765 4034 3834 ἠνάγκασες

791 3853 929 3906 dixit
968 3866 1028 3906 se
1077 3852 1284 3919 aliquid
1328 3850 1613 3914 amisisse,
1650 3852 1745 3905 sed
1785 3852 1839 3904 in
1883 3851 1990 3905 Deo
2031 3850 2349 3905 facultatem

2456 3851 2743 3917 προελθεῖν
2792 3851 3027 3919 μήτρας,
3077 3854 3168 3905 καὶ
3197 3853 3313 3919 φῶς
3346 3854 3498 3917 ἰδεῖν,
3530 3856 3623 3908 καὶ
3654 3859 4034 3929 ἐκτραφῆναι,

792 3945 955 3997 dandi
986 3954 1040 3998 et
1069 3944 1338 4012 eripiendi
1374 3942 1617 4011 agnovit.
1658 3942 1827 4012 Igitur
1856 3942 1927 3997 ob
1959 3944 2348 4011 gratitudinem

2456 3940 2552 3991 καὶ
2589 3940 2881 4008 προϐῆναι,
2917 3942 3041 3994 ὅποι
3078 3943 3172 3994 νῦν
3196 3943 3433 4012 ἕστηκας
3455 3958 3469 3973 °
3506 3946 3806 4000 καὶταῦτα
3848 3951 4036 4003 πάντα

794 4054 901 4091 non
965 4038 1224 4104 majorem
1279 4036 1589 4089 felicitatem
1648 4034 1938 4088 affectavit.
2002 4035 2114 4103 Ego
2172 4044 2354 4088 autem

2459 4032 2652 4097 γέγονέ
2711 4048 2793 4083 σοι
2843 4032 3216 4102 ἀπραγμόνως
3264 4035 3493 4092 ἐκεῖθεν.
3527 4038 3719 4091 Ἔσται
3759 4039 3900 4104 γοῦν
3955 4059 4036 4093 σοι

794 4139 981 4183 mctno
1015 4144 1081 4182 ne
1119 4128 1263 4181 Deus
1290 4126 1544 4195 precibus
1580 4125 1690 4179 tuis
1718 4124 1979 4193 fatigatus
2012 4126 2107 4178 tibi
2141 4126 2230 4178 det
2261 4131 2355 4177 aut

2457 4122 2660 4189 ὁμοίως
2708 4124 2897 4176 καὶτὰ
2946 4123 3165 4192 ἑφεξῆς,
3211 4126 3259 4177 εί
3294 4128 3453 4194 μόνον
3488 4129 3675 4182 εκεῖνα
3719 4134 3930 4195 ποιεῖς,
3961 4127 4037 4185 ὧν

804 4222 985 4288 potius
1023 4220 1276 4272 restituat
1315 4215 1457 4285 quod
1506 4217 1599 4269 tibi
1648 4217 2009 4283 expetendum
2060 4232 2166 4269 non
2212 4227 2351 4271 erat.
2462 4230 2466 4241 ‘

2462 4215 2766 4282 γινομένων
2802 4215 2984 4266 καὶτὰ
3013 4213 3148 4267 ἄλλα
3181 4218 3530 4284 προτίθενται
3559 4221 3654 4271 καὶ
3690 4222 4036 4288 ὀροφοῦνται

796 4314 936 4364 Cum
972 4310 1116 4363 enim
1154 4307 1262 4361 Deo
1298 4308 1491 4361 dedisti
1524 4307 1669 4375 quod
1696 4323 1794 4376 par
1827 4321 1934 4361 non
1960 4316 2100 4371 erat,
2135 4318 2188 4361 tu
2219 4322 2355 4377 quo.
2456 4328 2458 4346 ι

2456 4303 2531 4364 ὡς
2590 4304 2684 4354 ἐπὶ
2739 4304 2975 4373 θεμελίῳ
3038 4306 3268 4375 στερῤᾦ.
3323 4307 3387 4359 Ἰί
3440 4311 3908 4379 ἀνταποδτὶωομεν
3962 4314 4037 4382 τῷ

795 4417 903 4471 que
945 4399 1199 4467 redipisci
1246 4401 1410 4450 debes
1450 4413 1569 4465 qum
1605 4397 1868 4451 uolucris.
1908 4396 2011 4450 Job
2058 4399 2199 4450 inter
2239 4399 2355 4451 dira

2457 4393 2727 4462 Δεσπότῃ,
2756 4395 2851 4446 καὶ
2888 4395 3229 4465 ἀποροῦμεν,
3264 4399 3359 4449 καὶ
3387 4399 3778 4469 μεθοδεύομεν,
3824 4405 3907 4465 ὠς
3943 4402 4036 4458 οἷα

804 4499 1078 4544 tormenta
1108 4489 1216 4541 Deo
1238 4504 1343 4540 non
1379 4488 1682 4555 incongrua
1716 4487 1886 4549 dixit,
1918 4495 1975 4540 tu
2009 4497 2215 4549 autem,
2246 4501 2354 4540 non
2390 4524 2433 4577 Β
2460 4486 2466 4531 ἐ

2390 4524 2433 4577 D
2460 4483 2662 4552 δηλαδὴ
2693 4487 2860 4545 δόντι,
2912 4488 3006 4537 καὶ
3044 4486 3219 4548 οὕτως
3248 4489 3660 4559 ὲποφειλομένῳ
3688 4493 3753 4543 τδ
3803 4494 4035 4564 ἀντιση-

799 4580 1000 4635 similia
1029 4594 1248 4648 passus,
1280 4593 1403 4630 eum
1432 4577 1792 4644 blasphemas.
1826 4575 1995 4644 Igitur
2030 4576 2098 4629 ab
2122 4590 2189 4629 eo
2212 4577 2355 4630 reci-
2392 4575 2409 4577 θ

2392 4575 2409 4577 θ
2461 4575 2626 4639 κοῦν;
2657 4575 2722 4626 Τί
2751 4576 2882 4643 γοῦν
2915 4578 3170 4630 ἀπαιτεῖν
3193 4578 3395 4641 ἐθέλεις
3423 4582 3513 4631 τὸν
3540 4580 4033 4651 χρεωττούμενονς

800 4673 915 4740 pies
956 4670 1099 4741 quod
1146 4670 1239 4723 tibi
1286 4678 1497 4737 gratum
1548 4669 1774 4720 minime
1813 4667 1940 4734 erit,
1982 4668 2088 4721 nisi
2120 4669 2361 4724 charitas

2475 4667 2729 4719 Ἀπέδοτό
2754 4685 2832 4719 σοι
2862 4668 2953 4719 τὸν
2989 4668 3180 4736 μισθὸν
3217 4672 3244 4722 ὁ
3273 4670 3570 4740 Δεσπότης,
3602 4672 3697 4724 καὶ
3738 4675 3921 4725 ταῦτα
3960 4675 4036 4742 μὴ

801 4764 986 4817 divina
1022 4762 1164 4815 maia
1209 4777 1240 4816 a
1289 4772 1343 4817 te
1389 4761 1587 4818 aufert.
1624 4760 1680 4816 Si
1711 4770 1893 4816 autem
1929 4761 2002 4817 ob
2041 4762 2361 4817 vexationes
2459 4778 2463 4801 ε

2459 4757 2689 4825 ὀφείλων
2721 4758 2945 4827 μισθοὺς
2993 4760 3072 4828 τῷ
3104 4758 3291 4829 δούλῳ.
3323 4761 3491 4828 ’Λφες
3520 4760 3614 4814 οὗν
3644 4762 4035 4816 ἀναιδεύεσθιι

801 4869 1115 4908 murmuras
1147 4866 1201 4908 et
1244 4857 1516 4923 quereris,
1547 4864 1598 4909 te
1626 4854 1910 4923 interrogo
1941 4870 1954 4906 :
1990 4852 2065 4907 De
2087 4868 2196 4919 quo
2224 4868 2360 4923 que-
2462 4870 2463 4877 η

2462 4854 2556 4902 καὶ
2586 4849 3029 4921 προσεπιζητεῖν,
3060 4850 3135 4921 μὴ
3163 4854 3257 4904 καὶ
3287 4846 3361 4906 ὧν
3384 4853 3525 4922 ἔχεις
3549 4855 3816 4920 ικπέσης,
3844 4856 3945 4911 καὶ
3966 4859 4036 4910 τὰ

800 4948 941 5000 reris
993 4946 1239 5001 amisso?
1289 4946 1429 5001 Sane
1472 4948 1623 5000 dices
1672 4945 1820 4999 nulla
1855 4955 1909 4999 te
1947 4961 2006 4999 re
2034 4959 2193 5015 cgere
2239 4960 2361 5013 qua:
2460 4961 2462 4973 ί

2460 4938 2555 4993 τοῦ
2603 4940 2824 5010 ἀχρείου
2862 4939 3049 4994 δούλου
3083 4942 3510 5011 καθυποσταίης.
3561 4945 4035 5016 Ἐκληροδότησεν

806 5036 1046 5091 hominis
1077 5048 1284 5091 natura:
1328 5039 1604 5090 convenit.
1631 5036 1827 5092 Omnia
1865 5036 1960 5089 tibi
1994 5036 2135 5090 bona
2164 5045 2360 5104 praesto
2463 5053 2468 5079 ‹

2463 5032 2492 5085 δ
2518 5034 2709 5099 Πατήρ
2730 5047 2743 5060 ·
2777 5031 2964 5085 οὐκέτι
2985 5031 3117 5099 γοῦν
3133 5034 3377 5101 ἀνάγκην
3400 5034 3510 5103 ἔχοι
3532 5038 3816 5107 τοιαύτην.
3840 5041 4036 5092 ὁποίαν

801 5138 957 5181 sunt.
1000 5126 1350 5181 Metuendum
1386 5128 1482 5179 tibi
1518 5142 1623 5180 non
1654 5136 1738 5180 est
1769 5142 1835 5180 ne
1866 5127 1919 5179 in
1949 5123 2195 5180 mo'rbum
2227 5126 2364 5179 inci-

2463 5138 2547 5174 σοι
2576 5123 2802 5188 ἐπάγειν
2836 5122 3066 5185 ἐθέλεις.
3105 5119 3228 5193 Εῐχέ
3259 5141 3389 5177 ποτε
3420 5126 3449 5176 ό
3483 5127 3658 5194 μέγας
3712 5128 3842 5180 Ἰὼϐ
3861 5145 3879 5161 ο
3918 5128 4036 5183 ἀλλ’

800 5221 920 5273 das.
948 5217 1143 5273 Omnia
1178 5233 1340 5287 opera
1373 5218 1610 5271 humana
1662 5215 1923 5285 perficere
1963 5217 2106 5285 potis
2138 5230 2199 5269 es
2235 5215 2363 5269 inde

2462 5213 2687 5279 ἐξέπεσε
2719 5214 2958 5277 πάντων,
2986 5208 3060 5285 ὧν
3090 5210 3225 5283 εἶχε,
3255 5218 3348 5268 καὶ
3375 5216 3555 5269 οὐκέτ’
3576 5212 3727 5287 εἶχεν
3754 5220 3883 5272 οὐδὲ
3910 5223 4036 5273 εαυ-

799 5326 830 5362 a
863 5311 1029 5377 prima
1072 5319 1231 5363 etate
1280 5326 1399 5377 quae
1449 5310 1599 5361 humi
1655 5307 1793 5375 repit
1829 5318 1879 5361 et
1907 5308 1993 5360 vix
2025 5315 2216 5375 sponte
2246 5322 2363 5361 tuo-

2460 5304 2572 5357 τόν.
2618 5305 2876 5373 Ἀπέρῤεε
2927 5307 3057 5375 γὰρ,
3089 5305 3169 5366 είς
3225 5307 3427 5375 ἰχῶρος
3472 5307 3886 5376 ἀναλυόμενος·
3919 5310 4037 5364 ἀλλ’

804 5412 982 5456 vetur.
1012 5403 1147 5455 Ecce
1181 5412 1231 5456 te
1260 5402 1513 5455 vestitum
1555 5409 1609 5452 et
1642 5414 1807 5469 super
1843 5400 2118 5454 columnis
2150 5397 2322 5453 firmis
2343 5437 2360 5461 .
2462 5417 2466 5437 <

2462 5396 2564 5447 οὐκ
2588 5394 2896 5462 ὲλογίστευε
2920 5394 3011 5444 τὸν
3048 5392 3204 5456 θεὸν,
3235 5395 3334 5446 οὐκ
3373 5395 3887 5466 ἐπολυπραγμόνει,
3938 5401 4039 5451 οὐκ

805 5497 1035 5566 pedibus
1092 5496 1256 5561 dico,
1326 5493 1687 5548 constitutum
1746 5492 2104 5546 incedentem.
2171 5490 2364 5545 Omnia
2464 5509 2467 5534 ε

2464 5484 2669 5566 ἐζήτει.
2699 5485 2818 5537 οὐδὲ
2848 5485 2953 5554 μὴν
2982 5484 3189 5551 ἔλεγεν,
3219 5486 3620 5541 ἀπολωλεκέναι
3646 5505 3733 5540 τι·
3765 5490 3909 5543 ms
3946 5496 4038 5543 τὶν

812 5602 1003 5657 porro,
1047 5586 1251 5656 quibus
1276 5584 1481 5639 homini
1513 5586 1577 5637 ad
1612 5583 1966 5637 iucedemlum
1992 5589 2046 5634 et
2068 5581 2204 5635 alias
2234 5597 2365 5651 ope-
2465 5579 2474 5631 l

2465 5578 2670 5649 Κύριον
2698 5579 2792 5631 καὶ
2834 5577 3017 5630 δοῦναι
3060 5579 3153 5629 καὶ
3183 5576 3474 5639 ἀφελέσθαι
3508 5580 3866 5647 ἀπεφαίνετο.
3896 5583 4040 5634 οὐκ·

826 5680 1068 5734 rationes
1103 5692 1243 5747 opus
1281 5688 1386 5741 est,
1424 5676 1613 5737 habes,
1647 5677 1760 5728 sive
1792 5674 1975 5735 homo,
2011 5673 2126 5726 sive
2162 5672 2363 5726 animal
2463 5687 2488 5721 ο

2463 5669 2558 5721 οὖν
2605 5670 2923 5737 ἀνέκαμψεν
2977 5671 3055 5731 είς
3089 5671 3150 5722 τὸ
3186 5669 3319 5721 πολὺ
3356 5673 3606 5737 κρεῖττον
3637 5673 3732 5722 καὶ
3773 5671 4040 5741 εὔδαιμον

811 5770 1043 5838 simplex
1078 5769 1342 5840 specteris
1362 5807 1379 5834 ,
1409 5767 1562 5821 dives
1594 5780 1673 5819 cs.
1698 5764 1840 5830 Quid
1876 5763 2038 5832 igitur
2066 5760 2352 5816 Dominum
2470 5787 2473 5804 ι

2470 5760 2559 5815 διὰ
2619 5762 2679 5813 τὸ
2737 5760 3079 5831 εὐχάριστον.
3130 5759 3270 5829 Ἐγὼ
3304 5760 3375 5813 δὲ’
3406 5762 3498 5814 καὶ
3540 5761 3905 5833 εὐλαϐοῦμαι,
3941 5770 4042 5832 μή·
