4210 6438
166 446 272 512 79.!

1140 439 1225 502 IN
1266 441 1326 505 S.
1371 440 2039 513 QUADRAGESIMAM
2080 448 2371 510 ORATIO
2412 451 2510 512 IV.

3355 461 3469 531 722

163 560 317 619 ὅπως
348 555 455 609 οὒκ
496 556 885 607 εισακούσεται
923 552 1082 623 ἡμῶν
1132 550 1160 602 ό
1191 550 1346 613 Θεός.
1395 551 1455 603 ’0
1489 548 1612 605 κατ’
1642 551 1745 619 όᾷι·

1871 566 1954 610 est
1988 555 2135 624 quod
2175 556 2323 612 Dens
2351 575 2452 615 nos
2488 575 2597 616 non
2631 563 2909 620 exaudiat.
2942 564 3047 633 Qui
3080 581 3264 627 coram
3294 573 3463 646 impe-

164 648 389 718 βισλεῖ
420 645 791 715 ἐντυγχάνων,
835 643 931 697 καὶ
981 641 1303 712 παρεστὼς,
1353 642 1448 693 καὶ
1483 641 1759 711 δεόμενος,

160 739 321 792 οὐδέν
351 756 408 789 τι
439 738 553 789 τῶν
584 740 642 788 ὲν
676 735 785 804 ὅλῳ
815 733 894 802 τῷ
928 732 1032 803 βίῳ
1058 732 1415 794 εἰσοικίζεται
1440 735 1583 784 κατὰ
1614 732 1759 784 νοῦψ

161 833 302 887 ἀλλὰ
345 832 451 893 τὰς
476 831 604 892 ὅλας
634 828 855 890 κλείσας
886 830 985 897 τῆς
1034 825 1214 896 ψυχῆς
1243 824 1436 895 θύρας.
1480 825 1556 888 ὡς
1594 824 1763 895 μηδέν

159 942 213 978 τι
246 924 366 977 τῶν
399 925 508 988 ἔξω
540 917 1038 991 παρεισκρίνεσθαι
1069 920 1149 979 είς
1180 916 1374 987 αὐτὴν,
1417 916 1643 980 ίδιὰζειν
1673 920 1763 972 τὸν

158 1016 291 1069 νοῦν
326 1015 529 1085 ἀφίησι
583 1013 678 1067 καὶ
710 1010 909 1065 ἑαυτοῦ
961 1005 1104 1063 εἶναι
1137 1010 1233 1061 καὶ
1280 1008 1463 1061 λαλεῖν
1505 1010 1572 1062 τὰ
1622 1010 1760 1078 πρὸς

158 1108 375 1174 δέησιν.
423 1106 542 1158 Οὐκ
573 1102 890 1171 ἐνθυμεῖται
929 1099 1218 1169 συζυγίαν,
1261 1100 1322 1152 οὐ
1350 1098 1452 1170 τὴν
1480 1098 1761 1168 σύμφυτον

159 1201 439 1265 γλυκεῖαν
468 1197 695 1265 ἀγέλην,
721 1195 783 1247 ού
820 1192 1073 1254 πλοῦτον,
1113 1192 1178 1245 ού
1212 1191 1409 1260 κτῆσιν
1432 1208 1445 1223 ’
1485 1190 1549 1243 τὸ
1578 1190 1762 1258 μεῖξον

159 1294 368 1351 εἰπεῖν,
408 1291 506 1342 καὶ
543 1285 740 1341 ἑαυτοῦ
789 1288 817 1340 ό
851 1285 1099 1346 τοιοῦτος
1147 1282 1449 1349 ιξίσταται,
1486 1283 1582 1336 καί
1614 1282 1757 1336 κατὰ

158 1384 434 1451 οὒδεμίαν
490 1381 748 1451 αἴσθησιν
820 1379 1062 1449 ινεργεῖ.
1119 1376 1351 1440 Οὐδενὸς
1417 1376 1531 1429 τῶν
1593 1373 1757 1446 πέριξ

160 1473 363 1527 ἀκούει
385 1488 400 1503 ·
436 1473 531 1524 καὶ
563 1470 695 1543 γὰρ,
743 1472 792 1523 εί
843 1470 939 1522 καὶ
988 1467 1257 1539 βροντῶσι
1291 1468 1407 1530 τοῖς
1456 1467 1660 1533 λόγοις,
1694 1466 1759 1520 ού

160 1570 472 1638 πλαγιάζει
529 1569 623 1623 τὸν
673 1566 959 1637 ὀφθαλμὸν
994 1566 1076 1628 είς
1112 1564 1330 1628 οὐδένα,
1386 1564 1482 1619 καὶ
1530 1564 1673 1628 ὅλως
1694 1563 1757 1617 ού

162 1663 438 1715 πλατύνει
492 1660 557 1713 τδ
612 1658 964 1730 αίσθητικόνο
1025 1656 1165 1710 ἀλλὰ
1226 1657 1573 1725 στενοχωρεῖ,
1617 1654 1758 1725 πρὸς

163 1758 245 1809 ἐνὶ
272 1758 373 1810 καὶ
409 1755 559 1825 μόνῳ
589 1753 783 1822 ἐκείνῳ
809 1749 1123 1820 τυγχάνων,
1151 1748 1231 1818 τῷ
1267 1746 1503 1818 βασιλεῖ,
1553 1747 1646 1800 καὶ
1676 1740 1759 1810 εἷς

160 1849 301 1917 πρὸς
344 1848 444 1900 ἕνα
477 1847 785 1916 μετρεῖται,
814 1845 908 1896 καὶ
936 1843 1099 1912 μόνος
1124 1841 1291 1912 μόνου
1318 1843 1561 1909 γίνεται.
1586 1841 1752 1897 Οἴδα-

164 1960 267 2013 μεν
309 1939 547 2000 πολλοὺς
586 1940 646 1990 ὲν
690 1939 805 2000 τοῖς
831 1936 1100 1999 τοιούτοις
1140 1936 1237 1988 καὶ
1276 1934 1485 2004 τριχῶν
1526 1934 1755 2005 ἑλκομέ-

160 2051 311 2096 νους,
358 2034 455 2086 καὶ
491 2030 907 2091 ἀντιϐαίνοντας
956 2028 1163 2098 psmn-3
1214 2026 1625 2097 σκοπουμένους
1673 2028 1752 2094 δὲ,

162 2125 304 2194 πρὸς
355 2121 523 2174 τίνων
572 2120 847 2173 ἕλκονται.
906 2118 1190 2187 ῐιάσχουσι
1242 2118 1338 2170 καὶ
1387 2117 1623 2187 πληγὰς,
1661 2119 1756 2173 καὶ

156 2218 269 2272 οὐδ’
298 2215 483 2278 οὕτως
513 2213 965 2281 ἐπιστρέφονται,
998 2211 1136 2263 ἀλλὰ
1179 2210 1562 2276 διατέθεινται,
1611 2212 1754 2265 καθὰ

154 2309 251 2363 καὶ
278 2308 428 2361 λίθοι
458 2305 849 2377 πληττόμενοι.
883 2303 1141 2374 ’Υὸρεων
1168 2302 1226 2356 δὲ
1252 2303 1602 2371 ὲμπάζεσθαι
1626 2304 1752 2366 τοὺς

152 2398 461 2463 τοιούτους,
501 2397 623 2461 πῶς
665 2397 731 2451 ἂν
765 2395 889 2465 εἴης
934 2394 1262 2463 Κωφεύουσι
1305 2396 1415 2463 γὰρ
1447 2395 1586 2465 πρὸς
1622 2395 1751 2448 ἄλλο

152 2493 309 2547 ἅπαν
354 2491 631 2555 ἄκουσμα,
685 2486 1123 2561 καραδοκοῦντες
1169 2487 1232 2540 τὸ
1286 2486 1569 2555 βασιλικὸν
1603 2488 1744 2542 ἁπό-

155 2586 409 2655 φθεγμα.

224 2675 295 2730 ν’.
326 2677 438 2729 Καὶ
465 2676 608 2729 οὕτω
630 2690 807 2727 τοινυν
842 2675 937 2728 καὶ
966 2676 1115 2745 ἡμᾶς
1142 2674 1400 2745 εὔχεσθαι
1447 2674 1575 2744 χρὴ,
1611 2673 1750 2745 βρα-

152 2769 313 2835 χεῖαν
344 2766 476 2837 γοῦν
510 2767 728 2834 ἐκείνην
751 2766 902 2837 ὥραν
954 2765 1313 2836 ἀφορίζοντας
1357 2766 1435 2837 τῷ
1470 2765 1588 2835 Θεῷ
1609 2780 1623 2794 ·
1658 2766 1750 2818 καὶ

151 2858 332 2922 οὕτως
388 2858 665 2928 ἀνύσομεν
716 2858 779 2910 τὸ
843 2857 1200 2928 ζητούμενον.
1233 2857 1635 2928 Συλλαλήσουσι
1691 2857 1747 2909 δὲ

149 2951 380 3010 πᾶντως
428 2950 547 3011 ταῖς
599 2948 785 3018 εὐχαῖς
844 2948 1129 3013 κυκλόθεν,
1167 2949 1262 3002 καὶ
1292 2948 1348 3001 εἴ
1408 2966 1553 3011 τινες
1617 2950 1748 3018 ἡμῖν

148 3040 391 3105 πράξεις
440 3038 641 3106 ἀγαθαὶ
687 3036 1213 3109 προκατώρθωνται,
1246 3040 1342 3092 καὶ
1371 3039 1477 3110 πρὸ
1507 3039 1616 3092 τῶν
1648 3039 1744 3093 ἄλ-

149 3130 261 3182 λων
288 3131 324 3198 ή
358 3129 720 3199 ἐλεημοσύνη,
760 3130 855 3183 καὶ
907 3129 1067 3199 αὑτὴ,
1105 3130 1194 3183 ὅτε
1225 3131 1366 3201 μετὰ
1427 3132 1745 3201 ἱλαρότητος

149 3219 385 3284 ⁴γίνοιτο.
457 3218 695 3289 Οίδαμεν
756 3219 888 3289 γὰρ,
932 3220 1161 3288 «ἱλαρὸν
1214 3221 1372 3281 δότην
1425 3220 1744 3287 ἀγαπᾶσθαι
1775 3275 1813 3289 η

150 3311 308 3380 παρὰ
331 3309 491 3363 Θεοῦ·
520 3327 539 3361 ι
577 3310 701 3361 ἐπεί
726 3326 833 3374 τοι,
869 3310 929 3373 ὃς
961 3313 1038 3380 μὴ
1083 3310 1257 3375 οὕτως
1286 3312 1445 3375 ἐλεεῖ,
1476 3312 1611 3365 ἀλλὰ
1646 3331 1738 3381 με·

146 3402 219 3455 τὰ
252 3402 481 3469 πικρίας
514 3400 900 3472 δυσπρόσιτον,
966 3402 1113 3455 ἔοικε
1170 3405 1292 3465 ταῖς
1333 3404 1577 3472 τροφοῖς,
1616 3404 1738 3455 ὅσαι

147 3494 284 3564 χολῇ
317 3495 420 3563 τὴν
451 3492 622 3564 θηλὴν
675 3493 1070 3562 ἐπιλείψουσαι
1126 3494 1627 3562 ἁπογαλακτίςουσι
1672 3497 1741 3548 τὰ

147 3586 370 3653 νεογνά.
399 3584 559 3638 Οὕτω
593 3584 700 3655 γὰρ
733 3588 761 3639 ό
789 3586 927 3655 μετὰ
971 3587 1133 3655 χολῆς
1188 3586 1377 3647 ἐλεῶν,
1431 3587 1740 3657 ἀπότροφον

146 3680 241 3729 τὴν
272 3674 540 3746 ζητοῦντα
578 3677 785 3746 πένητα
811 3678 1043 3747 τίθησιν.
1078 3677 1152 3730 Οὐ
1183 3678 1291 3747 γὰρ
1320 3678 1384 3732 ἂν
1430 3679 1636 3740 ἐκεῖνος
1660 3682 1739 3739 είς

144 3768 412 3836 δευτέραν
464 3768 749 3821 ἐλεύσεται
778 3769 985 3837 δέησιν.

218 3863 322 3912 v1’.
366 3858 762 3928 Ὕπερλαλήσει
791 3860 889 3929 τῆς
929 3861 1205 3929 ἡμετέρας
1251 3861 1416 3931 εὐχῆς
1458 3863 1608 3931 καὶὴ
1642 3864 1739 3929 φύ-

147 3972 236 4015 σις
282 3953 448 4021 αὐτὴ,
479 3954 576 4005 ἐὰν
625 3954 854 4017 δεόντως
903 3954 1229 4024 φυλάξωμεν
1265 3955 1327 4007 τὸ
1355 3958 1452 4023 τῆς
1487 3956 1737 4018 πλάσεως

146 4048 293 4100 θεῖον
322 4047 402 4116 τῷ
423 4064 483 4099 τε
534 4047 741 4118 κυρίως
799 4046 1095 4116 μοναδικῷ,
1136 4049 1228 4099 καὶ
1279 4046 1357 4117 τῷ
1398 4047 1521 4100 κατ’
1552 4050 1738 4103 είκόνα

146 4140 230 4208 (ἓν
281 4139 342 4191 δὲ
398 4140 618 4199 πάντως
680 4140 849 4207 ἄμφω
892 4137 1084 4201 ταῦτα,
1113 4139 1194 4190 ὅτι
1229 4140 1325 4190 καὶ
1381 4138 1441 4202 ἐξ
1481 4140 1598 4202 ἑνὸς
1643 4142 1737 4193 καὶ

145 4232 287 4298 πρὸς
315 4231 477 4301 Eva)‘
512 4231 592 4283 ἔτι
625 4231 682 4282 δὲ
715 4231 829 4294 καὶ,
884 4232 981 4282 ἐὰν
1030 4231 1231 4299 τρόπον
1292 4230 1450 4285 ἄλλον
1508 4232 1569 4284 τὸ
1615 4233 1737 4285 καθ’

145 4326 298 4393 ἡμᾶς
327 4324 533 4376 ἑνιαῖον
569 4323 729 4375 τοῦτο
779 4322 1367 4391 πολλαπλασιάσωμεν,
1395 4320 1737 4393 ἐννοούμενοι

142 4419 217 4467 τὰ
254 4417 358 4485 τῆς
385 4413 723 4485 παραγευγοῦ
759 4414 1082 4477 συνθέσεως,
1116 4416 1209 4466 καὶ
1241 4414 1315 4485 μὴ
1350 4415 1511 4484 μόνον
1538 4417 1739 4485 σχιςὼ-

149 4508 291 4575 μεθα
343 4508 424 4569 είς
459 4506 693 4576 τετράδα
751 4505 1107 4575 στοιχειακῶς
1154 4508 1274 4568 ταῖς
1318 4508 1561 4573 γεελικαίς
1605 4508 1738 4576 ἀρε-

145 4600 292 4659 ταῖς,
337 4596 475 4649 ἀλλά
508 4598 599 4649 καὶ
632 4597 805 4657 ἄλλως
832 4596 1253 4666 πολιτικώτερον
1278 4597 1372 4649 καὶ
1396 4596 1736 4667 κοσμικὼτε-

1871 654 2055 703 ratore
2085 650 2311 719 supplex
2349 660 2493 706 astat
2526 653 2663 708 nihil
2695 655 2841 709 aliud
2873 658 2925 712 iu
2962 668 3198 717 mentem
3235 662 3457 737 ingerit.

1867 742 1959 795 sed
2023 743 2282 799 omnibus
2334 746 2529 801 anima:
2574 750 2747 818 portis
2793 750 3021 818 clausis,
3072 756 3144 812 ita
3200 766 3261 813 ut
3318 761 3458 816 nihil

1864 834 2217 892 extrinsecus
2252 838 2460 894 intrare
2491 845 2684 910 possit,
2713 856 2953 903 mentem
2982 850 3212 923 colligit,
3247 863 3307 909 ut
3337 864 3458 911 tan-

1867 938 1982 982 tum
2015 945 2111 985 res
2127 932 2192 985 ad
2228 934 2547 1001 petitionem
2584 947 2898 1006 spectantes
2920 944 3305 1016 proloquatur.
3334 948 3454 1005 Non

1864 1020 2183 1091 coniugem,
2204 1039 2312 1077 nan
2340 1026 2531 1084 dulces
2561 1039 2744 1092 natos.
2773 1046 2882 1086 non
2908 1034 3160 1101 divitias,
3190 1054 3301 1093 non
3330 1057 3457 1109 pos-

1864 1109 2146 1167 sessiones
2184 1126 2314 1169 ante
2351 1117 2540 1172 oculos
2574 1120 2771 1187 habet;
2807 1122 2920 1177 imo
2954 1126 3099 1194 quod
3138 1131 3316 1197 maius
3342 1139 3451 1194 est,

1864 1201 1949 1256 sui
1978 1217 2205 1274 compos
2258 1222 2368 1262 non
2419 1218 2506 1263 est
2552 1222 2607 1263 et
2653 1215 2929 1271 sentiendi
2983 1216 3244 1276 facultate
3294 1222 3455 1287 plane

1862 1292 2177 1351 destitutus.
2230 1296 2313 1352 Nil
2372 1314 2564 1355 eorum
2619 1318 2743 1366 otia:
2788 1319 2956 1375 prope
3011 1323 3138 1363 eum
3188 1311 3455 1367 dicuntur

1862 1385 2035 1451 audit,
2093 1396 2149 1442 et
2199 1388 2326 1444 licet
2373 1406 2572 1462 magno
2612 1396 2856 1450 clamore
2904 1398 3299 1466 vociferatur,
3340 1416 3453 1456 nou

1862 1475 2052 1542 nictat,
2125 1477 2260 1533 nihil
2314 1485 2511 1548 sentit;
2582 1486 2972 1555 imperatorem
3019 1490 3199 1545 solum
3278 1492 3447 1556 videt,

1860 1570 1909 1623 ei
1966 1571 2067 1625 soli
2120 1573 2318 1640 studet,
2369 1576 2633 1632 adhaeret.
2692 1580 2892 1637 Multos
2940 1585 3193 1639 crinibus
3242 1594 3448 1643 tractos

1862 1660 2102 1718 vidimus
2135 1664 2391 1721 incedere
2432 1670 2744 1725 nescientes
2776 1686 2806 1725 a
2834 1673 3037 1741 quibus
3070 1676 3442 1731 traherentur.

1862 1754 2100 1811 Verbera
2125 1771 2344 1828 quoque
2373 1761 2652 1830 accipiunt
2686 1762 2820 1818 nihil
2851 1766 3178 1831 sentientes,
3215 1776 3279 1820 ut
3308 1768 3446 1838 lepi-

1859 1849 1957 1903 des
1997 1851 2293 1906 verberati.
2354 1851 2516 1908 Tales
2574 1854 2828 1923 iniuriam
2880 1859 2991 1927 pati
3047 1874 3272 1929 prorsus
3333 1876 3445 1915 mm

1858 1954 2113 2014 possunt;
2142 1945 2295 2001 surdi
2327 1948 2472 2001 enim
2511 1957 2635 2003 sunt
2670 1950 2739 2002 ad
2763 1964 2954 2006 omnes
2990 1967 3174 2019 voces,
3204 1953 3444 2022 impera-

1861 2037 1994 2093 toris
2023 2052 2289 2108 responso
2324 2040 2480 2097 unice
2512 2040 2730 2097 intenti.

1924 2655 2014 2710 50.
2054 2657 2147 2713 Sic
2179 2660 2347 2728 igitur
2388 2677 2491 2716 nos
2524 2679 2737 2732 quoque
2787 2668 3001 2734 precari
3043 2671 3225 2724 decet.
3268 2670 3441 2727 Breve

1852 2746 2016 2818 igitur
2042 2750 2303 2819 temporis
2343 2752 2580 2819 spatium
2628 2752 2739 2809 Deo
2768 2770 3155 2813 consacremus
3199 2769 3255 2814 et
3292 2760 3438 2830 quod

1850 2841 2101 2908 cupimus
2126 2844 2534 2898 nanciscemur.
2557 2844 2693 2898 Dum
2721 2862 2819 2903 nos
2846 2862 3158 2915 precamur,
3175 2851 3268 2905 alii
3292 2851 3440 2907 circa

1854 2947 1956 2987 nos
1984 2932 2437 3000 contabulantur,
2471 2946 2711 2990 attamen
2747 2938 2918 2993 benas
2952 2939 3165 3009 aliquas
3188 2944 3439 2999 actiones

1850 3037 2170 3096 agnoscent,
2194 3038 2245 3081 et
2270 3027 2410 3081 inter
2433 3028 2540 3081 alia
2570 3029 3007 3083 misericordiam
3033 3045 3089 3088 et
3112 3034 3437 3089 charitaicm

1852 3118 2104 3172 hilarem.
2160 3119 2380 3173 Scimus
2435 3121 2581 3176 enim
2639 3120 2868 3177 hilarem
2933 3121 3183 3180 datorem
3238 3141 3268 3180 a
3325 3127 3437 3184 Deo

1850 3210 2046 3263 amari.
2073 3209 2284 3265 Revera
2310 3213 2455 3265 enim
2478 3214 2572 3282 qui
2609 3229 2718 3268 non
2747 3215 2829 3269 sic
2862 3214 2954 3270 dat
3002 3215 3433 3290 eleemosyuam,

1850 3302 1944 3355 sed
2003 3317 2128 3354 cum
2182 3304 2499 3369 asperitate,
2553 3306 2863 3362 nutricibus
2919 3306 3127 3364 similis
3171 3318 3256 3367 est
3314 3329 3438 3383 qua:

1849 3406 2140 3444 mammam
2189 3392 2297 3446 bile
2349 3402 2615 3463 tingentes
2648 3410 2843 3453 recens
2879 3400 3296 3456 natoslactant.
3328 3401 3434 3469 Qui

1846 3483 1989 3535 enim
2016 3482 2097 3537 sic
2132 3498 2256 3536 cum
2288 3484 2395 3539 bile
2427 3486 2861 3543 misericordiam
2892 3502 3112 3546 exercet
3141 3508 3432 3563 pauperem

1849 3576 2164 3628 mendicum
2221 3579 2491 3647 peregrini
2552 3578 2670 3634 loco
2722 3582 2906 3647 habet,
2960 3587 3052 3654 qui
3103 3595 3254 3642 certe
3324 3604 3434 3643 non

1846 3667 2145 3719 secundam
2183 3670 2501 3735 petitionem
2542 3670 2723 3726 faciet.

1918 3840 2008 3896 5|.
2054 3842 2315 3900 Precibus
2361 3846 2568 3901 nostris
2619 3848 2734 3917 ipsa
2795 3857 2991 3906 natura
3041 3851 3266 3917 favebit,
3313 3859 3428 3923 ubi,

1846 3935 1987 3988 sicut
2012 3935 2295 3996 debemus.
2330 3937 2571 3992 divinam
2602 3941 2864 3997 unitatem
2891 3954 2946 3999 ct
2975 3945 3267 4016 imaginem
3297 3966 3431 4007 con-

1847 4025 2188 4078 Servabimus
2220 4028 2363 4095 (quae
2396 4028 2505 4083 duo
2558 4046 2724 4085 unum
2768 4042 2901 4088 sunt
2949 4035 3004 4089 in
3045 4049 3311 4107 quantum
3361 4058 3432 4097 ex

1847 4132 1957 4169 uno
1993 4125 2049 4169 et
2088 4117 2154 4170 ad
2204 4123 2429 4189 unum);
2470 4121 2667 4178 deinde
2713 4125 2761 4179 si
2813 4129 3150 4185 unumillod
3199 4133 3344 4200 quod
3376 4135 3429 4189 iu

1848 4208 2008 4262 nobis
2037 4217 2123 4262 est
2166 4210 2676 4280 multiplicabimus,
2708 4222 3167 4289 compositionem
3212 4224 3433 4279 deriva-

1847 4306 1956 4352 tam
2008 4300 2359 4369 meditantes,
2416 4322 2514 4359 nec
2563 4308 2613 4360 in
2665 4315 3086 4376 quaterninnem
3128 4317 3432 4372 scindimur

1846 4392 2115 4447 virtutum
2166 4394 2581 4451 elementalium
2611 4409 2665 4453 et
2699 4405 3042 4471 generalium
3073 4409 3298 4471 auxilio,
3333 4409 3430 4463 sed

1846 4484 1952 4537 alia
1982 4486 2196 4541 ratione
2222 4488 2392 4553 civili,
2429 4502 2488 4543 ut
2515 4492 2585 4543 ita
2617 4493 2819 4560 dicam,
2850 4508 2901 4550 et
2937 4499 3110 4568 magis
3142 4500 3427 4565 terrestri;

1846 4572 1889 4627 si
1923 4577 2123 4630 cmlum
2159 4577 2343 4645 limus,
2375 4593 2554 4636 mente
2592 4598 2775 4638 aerem
2810 4590 3179 4655 pervulanies,
3212 4601 3263 4642 et
3298 4593 3431 4646 stel-

148 4704 277 4755 ρονο
308 4688 360 4739 εί
394 4685 659 4756 γινόμεθα
693 4687 922 4757 οὐρανὸς
975 4687 1076 4758 μὲν
1108 4663 1225 4750 ταῖς
1276 4663 1545 4757 αίθερίαις
1598 4688 1741 4743 κατὰ

1852 4663 2025 4720 larum
2060 4668 2233 4723 instar
2287 4670 2583 4742 fulgemus,
2616 4690 2779 4745 super
2812 4678 3009 4746 quibus
3053 4683 3226 4751 angeli
3278 4682 3430 4737 ince-

145 4776 273 4829 νοῦν
333 4775 631 4830 ἀναϐάσεσι
686 4778 782 4831 καὶ
831 4778 952 4839 ταῖς
1001 4776 1121 4831 κατ’
1152 4777 1329 4846 ἄστρα
1381 4778 1734 4847 ἐλλάμψεσιν,

145 4862 221 4921 ὧν
254 4867 487 4936 ἄγγελοι
519 4868 619 4937 μὲν
652 4867 1047 4932 ἐπιϐαίνουσιν,
1079 4869 1303 4938 ἀστοχεῖ
1329 4870 1385 4923 δὲ
1410 4871 1438 4922 ό
1467 4869 1608 4923 ἑκὼν
1639 4889 1737 4924 κα-

145 4958 563 5027 ταόεόλημὲνος
592 4959 805 5013 ἐκεῖθεν
850 4959 1129 5023 σκοτεινὸς
1187 4962 1465 5031 ἑωσφόρος
1491 4981 1503 4993 ’
1538 4963 1737 5016 αὐτίκα

141 5052 196 5103 δὲ
230 5051 351 5121 ἅμα
376 5052 470 5104 καὶ
500 5051 597 5120 γῆ,
633 5051 767 5122 πρὸς
796 5052 1028 5122 μίμησιν
1081 5054 1494 5123 κοσμογενείας,
1526 5057 1645 5108 καθ’
1670 5058 1736 5125 ῆν

140 5144 373 5213 οὐρανὸς
396 5144 491 5195 καὶ
518 5143 593 5212 γῆ
621 5145 816 5214 πρῶτα
872 5144 1243 5213 πεποίηνται·
1276 5145 1349 5215 γῆ
1401 5146 1481 5213 δὲ,
1523 5147 1599 5210 ὡς
1657 5148 1732 5217 μὴ

141 5238 292 5289 κάτω
324 5234 533 5307 βρίθειν
558 5236 874 5303 deuexa!
905 5237 981 5307 μὴ
1007 5237 1207 5291 εἰδέναι
1235 5240 1333 5307 τὴν
1363 5240 1729 5310 ἁνωφόρησιν,

136 5327 275 5381 ἀλλὰ
308 5329 404 5380 καὶ
431 5326 591 5379 τοῦτο
615 5328 713 5397 μὲν
737 5330 804 5398 τῇ
831 5328 1167 5382 ταπεινώσει
1195 5332 1288 5383 καὶ
1310 5331 1387 5400 τῷ
1421 5332 1495 5399 μὴ
1524 5332 1732 5385 ἐθέλειν

138 5419 601 5489 ὑπερφαίνεσθαι,
632 5420 770 5474 ἀλλὰ
824 5424 953 5494 περὶ
992 5421 1091 5492 τὴν
1129 5423 1339 5493 μητέρα
1393 5426 1496 5493 γῆν
1524 5425 1734 5478 κυπτάο

138 5513 255 5575 ζειν
296 5512 393 5564 καὶ
417 5512 717 5566 ἐννοεῖσθαι
761 5514 1199 5585 ἀναστρέφομεν,
1232 5515 1328 5567 καὶ
1382 5515 1523 5567 οὕτω
1578 5516 1733 5570 κάτω

138 5604 362 5672 βάλλειν
407 5604 587 5655 πᾶσαν
630 5603 862 5674 ἔπαρσιν
910 5607 1002 5659 καὶ
1036 5606 1180 5659 ᾶπαν
1216 5608 1470 5676 φρόνημα
1506 5607 1731 5675 κοῦφον,

137 5694 233 5746 καὶ
271 5692 350 5763 μὴ
377 5696 522 5747 κατὰ
552 5694 685 5747 Θεὸν
729 5695 1191 5766 μεταρσιούμενον
1214 5712 1229 5724 ·
1256 5698 1494 5764 μάλιστα
1547 5698 1602 5749 δὲ
1638 5698 1732 5751 ἄ).-

136 5788 245 5850 ὶως
284 5786 355 5854 γῆ
385 5785 524 5838 πίων
544 5785 632 5839 διὰ
662 5788 757 5839 τοῦ
793 5788 867 5858 μὴ
903 5789 1132 5857 πέτραις
1157 5789 1440 5858 πληθύειν,
1468 5788 1594 5842 ὅσαι
1653 5793 1729 5859 μὴ

137 5878 277 5944 729%;
314 5877 459 5929 θεῖον
492 5876 690 5946 σπόρον
718 5878 1124 5943 αὑλακίζονται,
1168 5880 1302 5949 μηδὲ
1329 5881 1437 5949 μὴν
1461 5880 1729 5943 ἁκάνθα;ς

139 5967 356 6021 Gallam
378 5966 811 6036 συμπνιτούσαις
856 5968 918 6023 τὰ
948 5970 1088 6024 κατᾶ
1117 5970 1203 6023 τὸν
1235 5971 1367 6023 Θεὸν
1407 5971 1720 6040 σπέρματα.

1845 4755 2002 4824 dunt,
2034 4766 2088 4814 et
2124 4761 2269 4815 unde
2301 4761 2521 4819 Lucifer
2551 4767 2755 4822 atriissa
2796 4769 2917 4823 luce
2952 4783 3144 4839 sponte
3172 4772 3429 4840 delapsus

1840 4860 1955 4916 est;
1987 4851 2187 4908 deinde
2215 4861 2363 4910 terra
2396 4856 2463 4910 ad
2496 4857 2867 4914 imitationem.
2902 4864 3090 4916 mundi
3130 4865 3429 4919 creationis

1841 4943 2145 4998 secundum
2176 4961 2339 5015 quam
2373 4951 2571 5004 etnlum
2607 4962 2659 5006 et
2694 4964 2837 5008 terra
2870 4965 2999 5009 ante
3028 4958 3213 5012 omnia
3242 4965 3425 5013 creata

1843 5047 2002 5103 sont;
2036 5048 2180 5093 terra
2218 5051 2399 5096 autem
2450 5046 2635 5111 lituus,
2671 5065 2777 5103 non
2834 5050 2886 5102 in
2928 5063 3192 5119 quantum
3226 5054 3429 5122 procli-

1844 5143 1956 5194 vos,
2015 5129 2252 5186 humiles
2304 5145 2358 5188 ct
2419 5151 2450 5189 a
2512 5140 2771 5207 superbia
2828 5145 3025 5197 remoti
3078 5161 3291 5212 sumus,
3328 5146 3424 5202 scd

1842 5230 2003 5277 terra:
2034 5228 2227 5282 matris
2278 5230 2605 5288 modestiam
2653 5235 2929 5292 imitantes
2962 5254 3181 5294 omnem
3217 5239 3423 5297 fastum

1841 5321 2179 5392 Spir-ilusque
2214 5324 2405 5378 inanes
2454 5335 2507 5379 et
2567 5343 2596 5380 a
2635 5327 2744 5382 Deo
2784 5330 3054 5385 alienatos
3103 5332 3421 5400 rcjiciruus;

1839 5414 2080 5483 denique
2122 5422 2265 5469 terra
2315 5416 2530 5487 pinguis
2576 5420 2773 5487 simus,
2829 5431 2884 5476 et
2934 5424 3156 5480 minime
3205 5436 3422 5495 pctrosa

1839 5518 1961 5571 quae
1995 5520 2179 5559 semen
2234 5508 2478 5561 divinum
2535 5513 2747 5581 respuit
2780 5524 2835 5568 et
2869 5514 3065 5571 lolium
3096 5516 3246 5573 fovet
3268 5518 3422 5588 quod

1839 5610 2023 5649 Cenwu
2067 5598 2311 5651 divinum
2350 5599 2607 5656 suffocat.
