4210 6438
211 433 323 498 725

1178 428 1261 488 ΙΝ
1315 427 1373 485 S.
1416 421 2080 495 QUADRAGESIMAM
2118 419 2411 483 ORATIO
2442 423 2537 483 ιν.

3373 424 3486 487 726

206 544 448 618 Γραφιῖη
494 541 815 610 ἀναόοῶμαι
852 543 964 602 τοῖς
997 539 1376 606 τοκογλύφοις,
1405 537 1661 590 τοσοῦτον
1705 535 1799 586 αύ-

1911 523 2124 586 ratores
2172 531 2454 596 declamo,
2483 545 2552 587 eo
2583 533 2796 602 pejores
2842 528 3013 587 futuri
3046 539 3210 599 sunt,
3243 539 3300 591 et
3333 537 3481 606 quod

204 639 295 691 τοὶ
352 636 704 689 ἐκϐαίνονται
741 635 818 693 εἰς
879 630 1240 685 πολυτοκίαν’
1269 631 1366 682 καὶ⁵
1393 627 1536 680 οὕτω
1568 629 1634 679 τὰ
1687 627 1796 695 ἐμὰ

204 725 559 788 διδασκάλια,
588 724 655 777 δι’
681 715 757 776 ὧν
784 719 1136 776 ἀναστέλλειν
1171 717 1450 787 πειρῶμαι
1488 715 1564 776 ὡς
1591 716 1679 766 διὰ
1720 731 1797 764 τι-

205 832 296 877 νος
333 814 594 880 ἐπαοιδῆς
625 812 725 881 τὴν
750 809 843 865 τοῦ
881 809 1068 880 θηρίου
1126 808 1448 876 ἀγριότητα,
1474 805 1797 874 ἐμϐοήματα

208 908 519 972 κρίνονται,
579 899 749 958 δι’ὧν
783 904 916 958 αὐτὸ
970 899 1273 974 ἐρεθίζεται
1332 897 1648 968 καταπηδᾷν
1705 903 1796 950 καὶ

209 1000 481 1068 βλάπτειν
506 1001 633 1061 τοὺς
661 998 740 1068 τῷ
760 997 880 1066 Θεῷ
913 997 1014 1066 μὲν
1045 994 1399 1066 ὴλεημένους,
1434 992 1694 1059 ἀδελφοὺς
1743 990 1796 1041 δὲ

207 1096 346 1161 ἡμῖν
389 1092 794 1162 λογιζομένους,
826 1089 970 1142 καθά
1018 1089 1115 1142 καὶ
1162 1087 1454 1158 θρέμματα
1509 1085 1690 1148 πίονα,
1721 1075 1797 1135 ὧν

208 1190 302 1236 καὶ
339 1185 483 1252 γάλα
520 1184 612 1236 καὶ
646 1183 856 1253 σάρκας
888 1183 983 1235 καὶ
1015 1181 1190 1251 δέρμα
1226 1179 1320 1232 καὶ
1356 1179 1500 1249 ἔριον
1552 1178 1630 1238 είς
1663 1175 1796 1246 χρή-

210 1296 377 1343 σιμον
399 1279 448 1329 oi
483 1277 858 1332 οἱκοδεσπὸται
903 1273 1476 1345 προσφερόμενοι,κα“ι
1541 1267 1666 1340 μηδ’
1701 1271 1797 1321 αὐ-

208 1371 318 1421 τὼν
347 1371 459 1421 τῶν
489 1371 570 1430 είς
607 1368 809 1438 βρῶσιν
835 1367 1074 1436 ἀχρείων
1135 1366 1486 1434 ἀπεχόμενοι,
1516 1362 1653 1414 αύτά
1705 1359 1796 1428 βο-

209 1466 402 1523 τάναις
427 1463 655 1527 ἀφιᾶσιν
680 1459 1038 1528 ἐντρέφεσθαι
1069 1459 1163 1510 καὶ
1195 1456 1433 1516 θαλλοῖς.
1457 1449 1534 1506 Ἷι
1565 1452 1672 1522 γὰρ
1699 1453 1796 1519 οὐχ

207 1553 387 1614 οὕτως
410 1551 718 1619 ὀφειλέταις
749 1551 843 1603 καὶ
867 1551 1028 1619 ἡμεῖς
1059 1545 1520 1617 προσφερόμεθα;
1552 1545 1662 1596 Καὶ
1692 1561 1797 1610 μα-

212 1645 434 1708 καριον,
471 1641 626 1708 εἴπερ
656 1641 851 1702 οὕτως·
890 1640 984 1692 νῦν
1015 1638 1070 1690 δέ
1111 1639 1204 1690 καὶ
1235 1639 1416 1705 χεῖρον
1448 1631 1799 1700 διατιθέμεθα

211 1735 300 1783 ir.‘
324 1735 533 1795 αὐτοῖς.
559 1733 850 1802 Θρέμμασι
884 1731 983 1800 μὲν
1022 1730 1131 1797 γὰρ
1172 1731 1283 1790 τοῖς
1327 1727 1682 1796 κτηματικοῖς
1709 1723 1802 1775 καὶ

210 1830 429 1881 κλίσιον
489 1830 872 1899 ἀνεγείρομεν,
925 1829 1018 1878 καὶ
1067 1827 1310 1895 μάνδραν
1363 1822 1663 1892 γυροῦμεν,
1703 1820 1799 1873 καὶ

1908 632 2177 694 praet-cpta
2232 640 2352 680 mea
2396 623 2622 696 quibus,
2663 631 2725 679 ut
2760 625 3257 690 incantationibus,
3289 627 3484 683 bestia:

1907 717 2058 771 illius
2093 715 2436 772 ferocitatem
2465 717 2692 774 domare
2722 731 2916 784 conor,
2945 732 3044 788 pro
3069 718 3216 773 inani
3245 719 3485 776 clamore

1907 812 2201 878 habentur,
2230 827 2340 883 quo
2369 812 2459 867 illa
2488 816 2765 870 excitatur
2785 813 2852 869 ad
2877 817 3251 885 proruendum
3284 829 3487 872 nocen—

1906 901 2146 972 dumque
2197 905 2263 960 iis
2308 919 2448 976 quos
2505 904 2653 962 Deus
2697 905 2990 962 miseretur
3032 917 3090 964 ct
3139 906 3232 977 qui
3284 908 3485 963 fratres

1907 995 2081 1048 nostri
2130 1005 2450 1064 censentur,
2505 1005 2564 1051 ut
2609 1012 2740 1051 oves
2785 999 3017 1067 pingues
3047 1013 3283 1068 quarum
3314 999 3397 1053 lac
3430 1009 3487 1054 et

1906 1102 2153 1154 carnem,
2196 1089 2391 1158 pellem
2419 1097 2475 1145 et
2506 1094 2686 1143 lanam
2733 1091 3003 1145 mconomi
3036 1091 3089 1145 in
3127 1105 3286 1145 usum
3317 1105 3484 1144 suum

1907 1189 2152 1243 vertunt,
2183 1195 2282 1234 nec
2309 1180 2378 1235 iis
2400 1197 2520 1249 quae
2547 1181 2669 1236 esui
2702 1196 2810 1236 non
2841 1181 3148 1237 inserviunt
3173 1192 3484 1252 parcentes,

1910 1273 2110 1340 plantis
2142 1283 2198 1326 et
2229 1273 2527 1329 arboribus
2568 1272 2945 1329 stercorandis
2975 1273 3258 1330 adhibent.
3291 1271 3486 1330 Nonne

1910 1380 2008 1418 nos
2041 1381 2259 1435 quoque
2301 1367 2355 1421 in
2398 1367 2711 1422 debitorum
2753 1367 3074 1422 conditione
3129 1368 3364 1423 sumus?
3401 1357 3482 1422 ‘Et

1909 1456 2065 1522 bene,
2091 1459 2135 1513 si
2160 1459 2231 1513 ita
2259 1469 2362 1513 est.
2383 1458 2539 1514 Nunc
2567 1467 2751 1514 autem
2776 1460 3055 1528 iniquiore
3077 1461 3130 1514 in
3157 1459 3478 1515 conditione

1908 1565 2126 1606 sumus.
2191 1550 2441 1619 Namque
2489 1551 2784 1620 pecoribus
2834 1551 3113 1604 stabulum
3166 1552 3480 1622 aperimus.

1911 1644 2194 1696 mandram
2244 1643 2602 1698 concedimus
2631 1645 2686 1696 in
2712 1642 2946 1712 campis,
2978 1651 3035 1698 et
3073 1643 3220 1712 quod
3258 1653 3481 1699 susten-

1913 1733 2093 1787 tandis
2137 1734 2372 1789 inservit
2399 1750 2494 1802 per
2533 1735 2769 1790 hiemem
2816 1737 3142 1801 offerimus,
3186 1737 3329 1791 lacti‘
3355 1750 3478 1806 par-

1909 1833 2118 1890 centes,
2138 1834 2388 1894 pastores
2406 1829 2799 1898 pratponimus,
2822 1829 2964 1883 luem
2988 1831 3236 1899 aliosque
3264 1827 3483 1883 morbos

212 1924 498 1992 σταθμοὺς
545 1922 819 1992 ἐτεροίους
880 1923 1322 1990 περιγράψομεν,
1364 1919 1458 1970 καὶ
1530 1915 1800 1986 συρφετὸν

1907 1916 1974 1968 ab
1999 1915 2067 1970 iis
2092 1930 2457 1982 removsmus,
2478 1926 2634 1987 prata
2658 1919 3004 1987 depascenda
3022 1929 3268 1988 tempore
3284 1932 3485 1987 oppor-

211 2016 614 2086 κειμηλιοῦμεν
646 2019 726 2078 είς
778 2015 984 2084 τροφὴν
1039 2013 1341 2082 χειμέριον,
1391 2010 1484 2062 καὶ
1537 2008 1799 2076 ἀμέλγειν

211 2108 359 2160 αὐτὰ
391 2108 678 2176 ὁκνοῦμεν,
710 2110 797 2161 ὅτε
829 2110 857 2159 ὁ
894 2107 991 2158 τοῦ
1022 2106 1290 2171 γάλακτος
1320 2103 1504 2161 αὐτοῖς
1535 2099 1719 2167 ὀχετὸς
1739 2097 1799 2149 οὐ

208 2201 501 2269 πέπληθε·
533 2201 629 2252 καὶ
665 2200 928 2267 ποιμένας
974 2197 1330 2265 ἐφιστῶντες,
1365 2193 1460 2245 τοῦ
1489 2209 1548 2245 τε
1583 2193 1658 2262 μὴ
1689 2191 1802 2260 ψω-

213 2295 347 2361 ρῑᾷν
410 2291 872 2361 προμηθούμεθα,
915 2292 1026 2342 εἴτε
1075 2294 1166 2343 καὶ
1229 2289 1406 2347 ἄλλως
1462 2287 1796 2354 καχεκτεῖνο

213 2385 500 2453 κηδόμεθα
528 2385 584 2437 δὲ
613 2387 729 2450 καὶ,
755 2384 963 2454 πηνίκα
1004 2382 1197 2451 καιροῦ
1259 2381 1352 2432 καὶ
1378 2382 1470 2430 ποῖ
1518 2394 1644 2429 ποτε
1691 2377 1798 2429 λει-

216 2479 401 2546 μῶνος
454 2477 849 2546 βοσκήσονται·
884 2477 979 2529 καὶ
1009 2474 1104 2526 τοῦ
1161 2473 1315 2540 ἐρίου
1369 2472 1424 2522 δὲ
1501 2469 1789 2538 φιλοῦμεν,

211 2571 305 2622 ὅτε
335 2569 460 2622 οὔτε
497 2570 676 2640 ψυχῆς
717 2570 905 2623 δάκνει
962 2567 1255 2636 δριμύττον
1305 2567 1382 2625 εἰς
1433 2561 1803 2631 ρίγωσιν,ἀλ-

212 2662 285 2715 λὰ
317 2663 410 2715 καὶ
443 2663 502 2715 τὸ
527 2663 672 2732 ἔριον
708 2663 1014 2730 αὐτόματον
1041 2660 1354 2728 καταρρέει,
1390 2657 1485 2708 καὶ
1509 2656 1558 2705 εί
1601 2654 1674 2722 μὴ
1703 2652 1802 2705 τά-

213 2771 334 2822 χιον
371 2754 666 2832 ἀφαιρεθῇ,
701 2754 965 2812 ἀκάνθαις
1015 2753 1324 2821 ἀρπάζεται
1377 2749 1469 2800 καὶ
1523 2745 1799 2808 κολλᾶται,

1909 2017 2043 2064 tono
2065 2010 2564 2074 recluditnus,lana
2592 2014 2872 2078 exuimus,
2901 2014 3123 2082 quando
3152 2027 3259 2066 non
3278 2013 3482 2081 algent,

1910 2101 2018 2155 imo
2059 2101 2180 2154 lana
2225 2101 2343 2171 ipsa
2385 2104 2519 2167 exit,
2574 2113 2628 2156 et
2676 2119 2706 2157 a
2755 2104 2981 2158 carduis
3030 2103 3325 2166 laceratur,
3376 2100 3481 2155 nisi

1906 2195 2241 2262 quantocius
2275 2192 2654 2249 tondcas.Nos
2677 2204 2857 2250 autem
2896 2196 3028 2248 nihil
3051 2195 3159 2248 tale
3181 2195 3235 2248 in
3261 2193 3480 2247 miseris

1905 2285 2144 2339 alumnis
2173 2285 2264 2339 Dei
2296 2285 2553 2348 facimus,
2588 2287 2721 2354 quin
2759 2286 2866 2340 imo
2909 2285 3107 2338 nullam
3145 2299 3341 2338 eorum
3377 2300 3477 2336 cn-

1911 2391 2027 2430 ratn
2063 2385 2312 2445 agentes,
2343 2377 2722 2446 deportamus,
2757 2378 2925 2432 ubera
2957 2378 3322 2447 exprimimus
3351 2393 3486 2446 quo-

1909 2466 2067 2531 tidie,
2111 2468 2254 2522 fante
2295 2483 2579 2531 necamus,
2633 2470 2930 2529 nudantus,
2988 2469 3226 2531 edimus,
3268 2482 3375 2520 non
3429 2477 3486 2519 ut

1911 2561 2162 2614 vultures
2213 2560 2507 2624 cadavera,
2541 2560 2635 2614 sed
2670 2560 2816 2616 sicut
2849 2560 3047 2628 aquilae
3099 2559 3483 2613 Prometheum

1907 2654 2030 2719 rupi
2075 2651 2419 2720 impositum,
2463 2659 2516 2704 et
2558 2652 2638 2706 sic
2677 2653 2847 2704 cruda
2891 2651 3128 2704 humana
3160 2664 3328 2704 carne
3359 2665 3484 2704 ves-

1908 2759 2115 2798 Clllllll'.

213 2848 354 2898 ὅπου
386 2848 544 2916 χρεία
568 2847 815 2916 οὐδεμία,
859 2846 1054 2913 Ἠμείς
1085 2846 1141 2896 δὲ
1174 2843 1326 2896 οὐδέν
1380 2859 1431 2893 τι
1502 2838 1741 2891 τοιοῦτον
1773 2837 1868 2891 ἐπὶ
1906 2841 2018 2902 τοῖς
2082 2840 2335 2902 ἐλεεινοῖς
2383 2838 2596 2905 τούτοις
2663 2840 2758 2895 τοῦ
2815 2841 2951 2895 Θεοῦ
3003 2838 3486 2910 διοικονομούμεθα

212 2940 557 3007 θρέμμασιν,
614 2937 751 2990 ἀλλά
813 2937 1080 3005 μηδεμίαν
1131 2931 1458 3002 κηδεμονίαν
1523 2932 1580 2982 ὲν
1634 2931 1819 2989 αὐτοῖς
1877 2932 2300 3001 ἐνδεικνύμενοι,
2369 2933 2750 3002 ἀποικίζομεν,
2803 2934 3131 3002 ἐκπιέζομεν
3186 2933 3479 3005 ὁσημέραι.

214 3031 681 3103 λιμαγχονοῦμεν,
744 3030 1076 3100 γυμνοῦμεν,
1111 3027 1444 3094 ἀπεσθίομεν
1478 3023 1801 3095 τεραστίως,
1839 3026 1900 3077 ού
1927 3026 2072 3078 καθα
2102 3027 2274 3095 γῦπες
2338 3028 2570 3098 νεκρούς
2630 3045 2802 3093 τινας,
2839 3027 2954 3081 ἀλλ’
2989 3027 3065 3089 ὡς
3089 3027 3237 3081 ἀετοὶ
3275 3028 3367 3080 τὸν
3388 3028 3483 3084 ἐπὶ

219 3129 493 3190 σκόλοπος
540 3125 838 3196 Προμηθέα
895 3126 1128 3186 ἐκεῖνον,
1166 3123 1261 3174 καὶ
1309 3121 1481 3182 οὕτως
1514 3120 1804 3188 ἀνεψήτοις
1837 3121 2197 3191 ἀνθρωπίνοις
2221 3122 2578 3192 ἐπρυφῶμεν
2606 3121 2852 3192 κρέασιν.

290 3241 403 3306 νς’.
478 3233 1195 3305 Ἀπαγαγερφιλάνθρωπε
1260 3232 1455 3301 Κύριε,
1506 3231 1604 3298 τὴν
1630 3230 1803 3283 ἀπάν-

1980 3233 2070 3286 56.
2113 3235 2341 3298 Amove,
2395 3247 2606 3302 quaeso,
2654 3232 2882 3286 Domine
2924 3230 3262 3296 misericors,
3304 3246 3485 3285 mores

215 3339 442 3404 θρωπον
493 3331 702 3398 ταύτην
746 3327 1084 3396 φιλοτησίαν,
1119 3326 1212 3376 καὶ
1259 3324 1458 3384 παντὸς
1491 3324 1590 3389 μὲν
1642 3322 1803 3373 ἄλλου

217 3422 581 3495 Χριστιανοῦ,
623 3420 720 3472 καὶ
795 3419 954 3488 ἡμῶν
1011 3417 1092 3480 δὲ,
1136 3417 1186 3468 οἳ
1245 3412 1805 3484 ἁνθρωποφμαγοῦντες

215 3515 536 3587 ψευδόμεθα
579 3516 678 3583 τὴν
707 3512 828 3565 κατ’
862 3509 1152 3577 ἄνθρωπον
1186 3509 1519 3576 ἡμερότητα.
1553 3506 1652 3565 Δὸς
1675 3504 1808 3572 ἡμῖν

218 3607 570 3674 λογίσασθαι,
600 3607 681 3657 ὅτι
711 3602 953 3663 κάλλιον,
987 3600 1242 3662 καθάπαξ
1300 3600 1516 3664 ἀφεῖναι
1546 3595 1636 3646 τὸν
1662 3595 1808 3644 ἀδελ-

221 3703 328 3764 ενὸν
358 3694 662 3764 ἐγχανόντα
690 3692 892 3752 θανεῖν,
921 3689 1064 3758 ἥπερ
1108 3688 1201 3739 ἐπὶ
1253 3687 1387 3737 πολὺ
1451 3684 1807 3751 στρεύγεσθαι

219 3787 603 3862 χαλεπωτάτῳ
629 3783 793 3853 λιμῷ.
838 3781 1139 3848 Ὀδήγησον
1164 3779 1311 3846 ἡμᾶς
1347 3780 1541 3838 ποιεῖν,
1573 3776 1600 3826 ὃ
1632 3775 1809 3837 καλῶς

217 3879 527 3947 δυνάμεθα.
550 3873 835 3942 Δυνάμεθα
855 3872 912 3923 δὲ
970 3872 1081 3924 θεοὶ
1124 3869 1376 3936 γενέσθαι
1423 3873 1562 3920 κατα
1591 3868 1650 3919 τὸ
1673 3884 1812 3934 παρ-

217 3969 482 4038 άγγελμα
529 3984 642 4026 σου,
698 3965 754 4026 ὃς
787 3964 938 4016 οὐδὲν
981 3963 1103 4014 οῦτε
1154 3961 1436 4025 ἀδύνατον,
1485 3958 1610 4010 οὔτε
1644 3958 1809 4025 ἄηθες

221 4060 648 4130 παραδέδωκας.
693 4055 872 4124 Δοίης,
916 4056 990 4123 μὴ
1029 4055 1202 4105 ποιεῖν
1254 4053 1421 4120 ἡμᾶς,
1470 4053 1569 4102 ὅσα
1622 4050 1809 4111 κακῶς

219 4151 507 4220 δυνάμεθα
536 4164 551 4179 ⁸
587 4149 753 4200 κακία
780 4148 838 4199 δέ
865 4147 1151 4214 δυνάμεως
1213 4144 1491 4211 τοιαύτης,
1528 4144 1586 4195 τὺ
1623 4145 1809 4210 62.251.0—

222 4247 324 4314 νᾷν
354 4247 451 4295 καὶ
510 4241 590 4309 τῷ
627 4238 934 4306 διδασκάλῳ
983 4238 1083 4304 τῆς
1136 4236 1465 4302 φαυλότητος
1514 4235 1812 4284 ἐπακολου-

222 4339 369 4389 θεῖν.
397 4331 667 4395 Διδάξαις,
703 4327 948 4396 γίνεσθαι
997 4326 1091 4380 τοῦ
1138 4324 1389 4394 ούρανοῦ,
1423 4324 1501 4384 εἰς
1549 4323 1608 4374 ὃν
1651 4322 1811 4381 αὐτὸς

224 4425 591 4495 προεκαλέσω
623 4422 791 4491 ἡμᾶς,
824 4416 1128 4480 κατελθὼν,
1162 4418 1246 4468 ἵνα
1278 4416 1594 4482 ἁναῦὦμεν,
1620 4431 1810 4464 ταπει-

221 4520 446 4582 νωθεὶς,
472 4516 546 4576 ὼς
579 4515 642 4567 ἂν
667 4512 996 4581 ὑψωθῶμεν.
1022 4510 1114 4578 Μὴ
1145 4510 1335 4569 ἐάσαις
1381 4508 1528 4574 ἡμᾶς
1554 4506 1646 4556 τοῦ
1677 4523 1811 4574 ταρ-

222 4613 398 4676 ταρου
433 4605 708 4676 γενέσθαι,
734 4606 814 4665 είς
841 4603 898 4655 ὃν
937 4605 1195 4670 πειρᾶται
1229 4600 1487 4666 κατάγειν
1534 4601 1561 4650 ὁ
1600 4599 1807 4652 ἀνωθεν

223 4699 439 4762 πεσὼν,
468 4698 562 4750 καὶ
588 4696 647 4748 τὸ
683 4693 1026 4762 ἀνθρώπινον
1069 4692 1269 4744 ἐθέλων
1326 4691 1804 4755 συγκατενεγκεῖν,

223 4793 314 4842 ἵνα
346 4788 676 4848 ἀπεναντίας
707 4785 785 4853 τῷ
811 4784 1051 4836 ἐθέλοντι
1084 4782 1254 4834 πλείω
1279 4781 1524 4848 γίνεσθαι
1550 4784 1614 4831 τα
1650 4780 1804 4848 εὺερη

223 4882 538 4950 γετούμενα
584 4878 849 4944 πληθυνεῖ
895 4876 1056 4936 αὐτὸς
1097 4875 1165 4925 τὰ
1221 4870 1684 4938 κακοποιούμενα,
1720 4869 1811 4920 καὶ

224 4971 576 5042 συμμερίτας
610 4968 706 5040 ἔχῃ
737 4969 988 5030 πλείονας
1022 4966 1122 5034 τῆς
1146 4966 1435 5029 κολάσεως.

299 5065 399 5129 νς’.
437 5064 667 5116 Ἥθιλον
715 5063 882 5114 εἰσέτι
942 5061 1114 5112 πλείω
1143 5061 1451 5122 διδάσκειν,
1508 5055 1554 5112 ὦ
1589 5058 1809 5130 ἀδελφοὶ

223 5159 324 5210 καὶ
355 5156 524 5224 φίλοι,
562 5155 685 5206 ἐπεὶ
720 5154 858 5224 μηδέ
893 5154 1069 5221 πάντη
1099 5153 1198 5220 τὴν
1227 5152 1365 5221 ἐμὴν
1414 5151 1720 5219 κλεψύδραν
1750 5152 1810 5201 τὸ

222 5252 322 5303 τοῦ
355 5249 538 5314 λέγειν
562 5246 703 5314 ὕδωρ
746 5245 1120 5298 ἐπιλέλοιπεν.
1155 5246 1295 5296 Ἀλλ’
1333 5247 1415 5297 ὅτι
1472 5247 1575 5297 κάν
1602 5245 1809 5304 τούτοις

226 5344 292 5395 τὸ
323 5341 549 5409 μέτριον
609 5339 1010 5408 συγκροτεῖται,
1054 5336 1394 5406 βραχύτατόν
1445 5354 1497 5387 τι
1555 5337 1810 5405 προσθεὶς

224 5433 604 5503 πεπαύσομαι.

301 5529 406 5591 νη’.
443 5527 887 5596 Μετεχειρήσατο
918 5526 1168 5577 κόσκινον
1211 5526 1238 5575 ὁ
1287 5523 1417 5584 Θεὸς
1462 5524 1552 5592 (οὐ
1610 5523 1810 5592 μακροὶ

225 5617 377 5675 οὗτοι
423 5620 719 5687 ἐνιαυτοὶ),
758 5619 824 5670 δι’
869 5612 1041 5688 οὗπερ
1090 5619 1257 5687 ἡμᾶς,
1314 5617 1471 5676 ὄντας
1525 5617 1620 5682 μὲν
1674 5620 1809 5683 πρὸς

227 5714 495 5782 αλήθειαν
562 5713 738 5772 σὶτους
773 5710 931 5774 θεοῦ,
990 5709 1335 5766 συνιαθέντας
1369 5707 1427 5758 δὲ
1474 5707 1549 5776 τῷ
1597 5707 1811 5775 ἐξαιτη-

231 5807 456 5877 εαμένῳ
479 5805 620 5874 ἡμᾶς
654 5804 888 5872 Σατανᾷ,
920 5804 1010 5856 καὶ
1045 5799 1514 5868 συναναμιγέντας
1543 5801 1638 5850 οὐκ
1673 5801 1805 5864 ἁγα-

1238 5890 1250 5907 ι

1908 3323 2044 3377 istos
2072 3325 2404 3380 inhumanos
2439 3334 2555 3378 tum
2609 3325 2678 3378 ab
2704 3327 2854 3378 omni
2891 3325 3112 3393 quidem
3137 3322 3477 3386 Christiano,

1918 3429 2040 3466 cum
2076 3429 2105 3466 a
2129 3415 2288 3468 nobis
2317 3415 2411 3482 qui
2436 3429 2601 3468 carne
2629 3414 2865 3468 lmmana
2895 3425 3178 3469 vescentes
3218 3431 3479 3468 mansuc-

1909 3504 2084 3557 tndini
2111 3519 2235 3572 qua:
2267 3505 2542 3558 hominem
2569 3505 2746 3570 decet,
2771 3506 3177 3559 renuntiamus.
3213 3503 3285 3555 Da
3320 3511 3378 3558 ttt
3402 3506 3487 3557 in-

1908 3597 2228 3665 telligamus
2285 3599 2458 3651 satius
2497 3613 2617 3651 esse
2653 3597 2877 3652 fratrem
2916 3597 2970 3650 in
3012 3599 3208 3652 mortis
3250 3596 3484 3650 articulo

1910 3687 2188 3751 deserere,
2222 3703 2387 3757 quam
2423 3689 2585 3743 famis
2621 3691 2911 3742 tormentis
2953 3689 3299 3743 excruciare.
3343 3688 3486 3743 Doce

1911 3796 2014 3833 nos
2042 3779 2259 3848 operari
2296 3795 2393 3848 pro
2427 3781 2659 3834 viribus.
2697 3781 2997 3835 Possumus
3035 3790 3218 3835 autem
3250 3781 3325 3834 dii
3368 3781 3485 3836 ﬁeri

1915 3883 1972 3925 ut
2007 3881 2061 3925 tu
2119 3874 2235 3938 ipse
2292 3873 2500 3932 dixisti.
2548 3872 2639 3940 qui
2679 3873 2814 3927 nihil
2846 3883 3032 3927 contra
3069 3873 3358 3928 facultates
3392 3883 3487 3926 aut

1912 3979 2092 4016 mores
2126 3963 2432 4017 instituisti.
2464 3962 2541 4018 Ne
2569 3966 2853 4033 permittas
2877 3966 3036 4020 nobis
3068 3967 3252 4020 facere
3281 3967 3483 4020 malum

1912 4054 2298 4122 quodcunque,
2329 4055 2558 4108 dannoni
2586 4057 2850 4126 magistro
2883 4059 3256 4124 perversitatis
3282 4058 3489 4111 obtent-

1913 4143 2180 4213 perando.
2219 4145 2359 4200 Doce
2386 4161 2488 4200 nos
2523 4147 2778 4202 caslcstes
2815 4148 2952 4211 fieri,
2990 4149 3247 4217 quoniam
3281 4157 3337 4202 tu
3373 4150 3488 4218 ipse

1915 4235 1967 4286 in
1997 4236 2195 4287 caelum
2227 4251 2328 4289 nos
2355 4239 2587 4301 vocasti,
2613 4247 2668 4292 et
2697 4241 2934 4293 adventu
2965 4250 3060 4293 tuo
3094 4241 3270 4295 fecisti
3297 4249 3355 4293 ut
3388 4257 3487 4296 nos

1913 4324 2364 4390 ascenderemus;
2412 4327 2503 4394 qui
2550 4337 2600 4381 te
2636 4328 2940 4382 humiliain
2984 4338 3044 4381 ut
3078 4345 3179 4384 nos
3218 4331 3487 4383 exaltare-

1915 4431 2054 4468 tnnr.
2096 4414 2174 4469 Ne
2209 4418 2358 4469 siuas
2387 4433 2485 4471 nos
2520 4420 2706 4471 tartari
2744 4419 2955 4473 incolas
2995 4420 3131 4484 fieri,
3169 4421 3220 4472 in
3248 4435 3410 4488 quem
3441 4420 3488 4472 is

1915 4510 2008 4574 qui
2043 4509 2258 4562 coalitus
2293 4509 2478 4578 lapsus
2514 4521 2597 4563 cst
2637 4527 2736 4565 nos
2779 4511 3044 4581 projicere
3086 4521 3278 4576 tentat,
3313 4527 3487 4580 genus

1917 4599 2198 4650 hominum
2242 4599 2649 4662 destt'uctttrns,
2685 4610 2738 4654 et
2767 4603 2861 4670 qui
2897 4603 3035 4654 mala
3074 4602 3488 4670 multiplicauit

1913 4703 1978 4739 eo
2011 4690 2163 4755 plura
2208 4691 2471 4742 beneﬁcia
2505 4702 2810 4760 emergant,
2845 4703 2898 4746 et
2931 4705 2990 4746 ut
3026 4708 3091 4748 co
3127 4693 3312 4762 plures
3351 4695 3487 4747 adu-

1915 4781 2132 4835 lationis
2162 4790 2450 4837 consortes
2484 4784 2700 4838 habeat.

1988 5067 2077 5119 57.
2116 5066 2277 5119 Plura
2312 5067 2493 5121 adhuc
2517 5067 2701 5123 dicere
2735 5071 2789 5122 in
2830 5072 3016 5125 animo
3049 5080 3187 5137 erat,
3225 5088 3258 5128 ο
3285 5073 3483 5129 fratres

1915 5166 1967 5209 ct
2001 5159 2196 5219 altrici,
2249 5175 2352 5211 non
2396 5161 2541 5213 enim
2581 5175 2798 5231 tempus
2853 5165 3299 5219 sermocinationi
3351 5182 3484 5219 meae

1915 5267 2234 5304 concessum
2265 5252 2493 5306 efﬂuxit.
2531 5254 2635 5307 Sed
2665 5271 2787 5308 cum
2821 5256 3018 5310 modus
3051 5258 3183 5310 tnihi
3216 5259 3486 5315 tenendus

1914 5353 2016 5402 cst,
2048 5359 2313 5412 perpauca
2343 5346 2592 5398 addendo
2621 5348 2778 5398 linem
2816 5348 3031 5401 dicendi
3073 5349 3293 5403 faciant.

1990 5523 2078 5574 5:1.
2130 5526 2372 5572 \utmttttt
2409 5522 2566 5583 beans,
2596 5523 2860 5589 proximis
2889 5523 3088 5590 elapsis
3111 5522 3274 5575 annis
3306 5525 3481 5576 mani-

1917 5611 2144 5677 ναίω-ιι,
2187 5629 2292 5684 qua
2336 5629 2458 5672 no,
2509 5615 2756 5666 \‘eritatis
2802 5614 2868 5666 ad
2929 5613 3093 5666 Deum
3148 5614 3478 5668 frumentum

1916 5702 2089 5754 iLIClﬂa
2147 5715 2198 5755 ct
2249 5705 2461 5756 Salatm'
2506 5721 2667 5772 opere
2707 5707 2900 5760 semini
2938 5707 3081 5759 malo
3117 5706 3305 5760 mundi
3345 5709 3484 5760 ulte-

1920 5799 2079 5851 i‘iOlla
2116 5800 2379 5851 inimum
2411 5813 2544 5852 ηιιυξ
2583 5800 2758 5854 hum:
2791 5799 3024 5867 agricola
3055 5798 3403 5868 dijudicavit,
3428 5810 3494 5854 et.
