4210 6438
202 394 316 456 729

230 563 1853 586 Μ

1169 401 1269 460 DE
1318 401 1793 463 EMENDANDA
1847 407 2024 467 VITA
2082 409 2541 474 MONACHICA.

3371 423 3481 489 730

209 543 3478 616 M

1519 761 1662 872 Ε]
1685 761 2150 876 USDEM

790 1027 932 1114 DE
1020 1023 1757 1112 IZMENDANDA
1809 1029 2087 1115 VITA
2167 1030 2902 1132 MONACHICA.

212 1383 331 1440 τοῦ
391 1383 582 1438 αὐτοῦ
636 1385 979 1436 Εὑσταθίου
1035 1385 1496 1449 Θεσσαλονίκης
1552 1385 1790 1438 ἐπίσκε-

1905 1385 2154 1455 Ejusdem
2187 1389 2453 1446 Eustathii
2508 1395 2992 1458 Thessalonicensis
3020 1407 3135 1461 vita:
3165 1414 3474 1468 ntanasticw

279 1476 390 1541 ψις
441 1475 586 1537 βίου
622 1472 963 1542 Ῑιοναχικοῦ
1006 1473 1104 1525 ἐπὶ
1148 1472 1455 1542 διορθώσει
1505 1473 1622 1526 τῶν
1667 1475 1800 1544 περὶ

278 1567 494 1621 αὐτόν.

281 1662 358 1708 α’.
390 1652 462 1710 Ὦ
504 1656 756 1726 ἀκριϐεῖς
809 1658 1038 1726 μοναχοί
1063 1673 1078 1687 ⁸
1121 1651 1167 1711 ὦ
1213 1658 1435 1728 ἀληθεῖς
1469 1660 1795 1729 Ναζιραίοι·

202 1742 252 1800 ὦ
283 1750 644 1819 ἀναχωρηταί
667 1765 682 1777 ⁸
718 1748 762 1801 ὦ
788 1750 887 1818 τὴν
915 1749 1125 1819 τύρεην
1161 1751 1260 1818 μὲν
1301 1751 1552 1814 λιπόντες
1577 1753 1671 1804 καὶ
1707 1753 1799 1805 τὸν

202 1841 354 1891 κατᾶ
389 1840 506 1909 βίον
545 1841 759 1908 ἀγῶνα,
795 1842 894 1910 τῆς
939 1843 1144 1908 γωνίας
1185 1843 1243 1895 δὲ
1275 1843 1361 1895 διὰ
1399 1844 1489 1895 τὸν
1525 1845 1660 1896 Θεδν
1701 1863 1797 1913 γε-

204 1932 451 2000 νόμενοι·
506 1933 603 1984 καὶ
648 1932 857 2001 κόσμου
922 1933 1022 2000 μὲν
1077 1935 1512 1998 ἀπαναστάντες,
1566 1935 1686 2004 Θεῷ
1736 1937 1793 1988 δὲ

205 2025 734 2093 προσχωρήσαντα,
769 2025 866 2076 καὶ
895 2029 955 2094 τῇ
992 2027 1308 2095 καταμόνας
1336 2028 1539 2096 ἠσυχίᾳ
1564 2028 1794 2097 πράξεσι

207 2115 534 2184 Θεαρέστοις
576 2118 1064 2186 ἔγγυμνασάμενοι
1098 2119 1234 2186 πρὸς
1268 2119 1566 2184 ἐντέλειαν,
1607 2121 1697 2172 καὶ
1723 2125 1791 2193 τῇ

204 2207 418 2277 θεωρίᾳ
440 2208 816 2271 ἐπαναϐάντες
843 2211 923 2272 εἰς
944 2209 1005 2261 τὸ
1035 2211 1290 2278 ἀγχίθεον
1323 2215 1413 2265 καὶ
1439 2213 1608 2276 οὕτως
1639 2215 1793 2282 ίσὰγ-

204 2300 392 2363 γελονο
431 2300 526 2352 καὶ
551 2301 651 2367 τὴν
684 2300 784 2369 μὶν
813 2302 965 2354 κάτω
993 2301 1240 2355 δουλείαν
1270 2305 1665 2373 ἀπειπάμενοι,
1695 2308 1792 2360 καὶ

202 2392 300 2442 τὸν
331 2392 433 2459 τῆς
483 2391 684 2454 κακίας
730 2392 904 2455 οὕτως
936 2396 1175 2464 ἄρχοντα
1206 2396 1593 2464 διεκφυγόντες
1639 2399 1791 2451 εὐλο-

204 2483 374 2550 γητοὶ
403 2484 693 2551 δραπέται,
730 2483 808 2554 τῷ
847 2486 902 2537 δὲ
954 2485 1126 2549 ὅντως
1169 2487 1508 2558 ἐλευθερωτῇ
1543 2492 1789 2564 Δεσπότῃ

207 2576 706 2644 προσδραμόντες,
755 2579 851 2630 καὶ
902 2579 1014 2630 τῶν
1059 2581 1265 2647 γηΐνων
1309 2581 1675 2651 ἀλλαξάμενοι
1720 2586 1788 2637 τὰ

204 2668 462 2736 οὐράνιασ
492 2663 536 2720 ὦ
566 2670 742 2723 τοίνυν
770 2672 928 2740 ὑμεῖς
957 2673 1094 2724 όσ;οι
1116 2672 1194 2740 τῷ
1220 2673 1357 2741 Θεῷ,
1390 2675 1483 2726 καὶ
1514 2676 1638 2728 ἀντὶ
1694 2694 1785 2729 κο-

211 2762 571 2826 σμοπολιτῶν
601 2764 1041 2830 ούρανοπολῖται,
1067 2765 1318 2817 ἀκούοιτέ
1371 2784 1473 2834 μου
1518 2769 1784 2836 εὐμενῶς,
1819 2748 1860 2798 Β

205 2852 556 2921 προθεμένου
592 2855 824 2924 λαλῆσαι
868 2856 1006 2923 πρὸς
1053 2859 1182 2920 τοὺς
1225 2859 1284 2909 ὲν
1325 2861 1438 2922 τοῖς
1472 2860 1595 2913 καθ’
1639 2862 1787 2930 ἡμᾶς

203 2946 508 3013 ἀνομοίους
539 2949 604 3016 τῇ
636 2949 693 2999 ἐν
721 2949 847 3013 ὑμῖν
882 2948 1147 3018 πολιτείᾳ,
1182 2952 1279 3002 καὶ
1305 2951 1574 3020 ὲγκράξαι
1603 2954 1787 3016 αὐτοῖς

203 3038 700 3106 ἀποπλανωμένοις
742 3039 845 3108 τῆς
876 3041 1092 3109 τρίδου,
1134 3041 1200 3112 ἠν
1234 3042 1391 3111 ὑμεῖς
1424 3045 1656 3098 εἵλεσθε⁸
1692 3050 1785 3100 καί

207 3147 303 3198 μοι
337 3130 648 3199 συνάρασθε
688 3132 786 3196 τῆς
838 3132 1172 3201 προθέσεως,
1215 3134 1269 3185 εἴ
1296 3152 1412 3198 πως
1445 3135 1786 3204 βελτιωθείεν

201 3218 319 3270 τῶν
348 3235 494 3281 τινες
522 3218 652 3289 περὶ
681 3219 802 3289 ἐμὲ,
831 3214 912 3282 οἷς
936 3220 1056 3272 οὐδὲ
1079 3222 1471 3292 ἀποκρύψομαι.
1500 3226 1659 3296 τήνδε
1687 3226 1786 3296 τὴν

202 3311 426 3377 λαλιὰν,
457 3312 574 3364 ἀλλ’
608 3314 688 3376 εἰς
726 3313 968 3383 ἐμφανὲς
1007 3317 1350 3385 ἀναμνήσας,
1382 3319 1412 3389 ἦ
1450 3319 1783 3375 ἀνακαλέσο-

206 3423 311 3472 μαι
339 3405 438 3474 τῆς
469 3405 815 3476 ἀϐελτερίας,
842 3407 873 3476 ἧ
901 3408 1036 3460 ἀλλὰ
1062 3409 1120 3460 τὸ
1148 3409 1281 3475 γοῦν
1323 3409 1453 3480 ἐμὸν
1481 3414 1785 3483 ἀποπλήσω

202 3498 391 3566 χρέος,
445 3498 540 3550 καὶ
569 3499 796 3565 ἐλέγξω,
844 3499 942 3551 καὶ
971 3502 1386 3570 ἀνεπιτιμήτως
1413 3504 1784 3573 παρακαλέσω

205 3593 505 3660 (ἐπιτιμᾷν
526 3590 636 3661 γὰρ
662 3592 846 3653 αὐτοῖς
873 3594 972 3645 οὐκ
996 3594 1198 3664 ἔστιν),
1224 3596 1298 3659 ὡς
1320 3596 1442 3648 οὐδὲ
1466 3599 1576 3659 τοῖς
1604 3600 1783 3668 πλημ-

208 3680 396 3748 μελῶς
437 3682 784 3750 πεπληγόσιν
836 3685 915 3746 είς
952 3685 1116 3753 βάθος
1157 3687 1462 3741 ἑπισπάσαι
1508 3691 1663 3759 ῥίζας
1693 3708 1781 3742 πι-

202 3773 373 3838 κρὰς,
398 3771 430 3841 ἦ
461 3772 660 3841 δριμέα
683 3775 1036 3843 προσπλάσαι
1063 3776 1356 3846 φάρμακαο
1392 3780 1483 3831 καὶ
1514 3780 1652 3842 τέως
1682 3783 1786 3851 πρό

206 3881 273 3928 τε
315 3865 425 3916 τῶν
456 3864 633 3918 ἄλλων
678 3867 904 3935 μνήμην
939 3870 1122 3931 αὐτοῖς
1158 3871 1499 3923 ἀνακαινίσω
1529 3872 1624 3924 τοῦ
1663 3890 1785 3925 σκο-

207 3955 341 4018 ττοῦ,
373 3954 497 4008 καθ’
528 3955 588 4008 ὃν
622 3956 957 4020 ἀπελέξαντο
985 3959 1084 4028 τὴν
1126 3960 1322 4029 λαῖκὴν
1354 3963 1663 4032 κοινότητα,
1693 3968 1785 4016 καὶ

1975 1483 2332 1539 consideratio
2408 1492 2476 1542 ad
2551 1493 2971 1550 emendationem
3019 1517 3199 1553 eorum
3261 1505 3353 1573 qui
3427 1506 3475 1559 ei

1974 1589 2160 1629 nomen
2196 1578 2479 1636 dederunt.

1975 1669 2025 1722 1.
2045 1667 2089 1721 0
2116 1672 2327 1724 strenui
2366 1676 2642 1738 monachi,
2675 1693 2708 1730 ο
2743 1679 2855 1732 veri
2887 1679 3115 1736 Naziraei
3140 1723 3154 1748 ,
3181 1701 3213 1739 ο
3237 1689 3476 1742 anacho-

1899 1765 2067 1817 retze!
2104 1779 2199 1820 vos
2229 1765 2322 1834 qui
2365 1767 2554 1820 mundi
2590 1777 2644 1821 ct
2691 1772 2811 1824 vitze
2844 1775 3048 1828 relictis
3088 1778 3253 1843 curis,
3289 1783 3472 1850 anguli

1901 1872 2031 1912 vero
2080 1867 2304 1927 propter
2343 1858 2513 1914 Deum
2549 1861 2911 1932 habitatores,
2941 1885 2971 1921 e
2999 1871 3204 1924 mundo
3249 1872 3472 1940 quidem

1899 1952 2224 2015 recessistis,
2293 1953 2400 2008 Deo
2432 1971 2560 2009 vero
2617 1960 3139 2030 appropinquantes,
3188 1965 3243 2018 in
3285 1967 3474 2021 solita-

1897 2044 1977 2097 ria
2019 2046 2412 2114 tranquillitate
2467 2050 2727 2117 operibus
2769 2052 2881 2108 Deo
2917 2056 3084 2122 gratis
3124 2072 3222 2111 vos
3249 2059 3315 2111 ad
3347 2075 3470 2127 per-

1895 2133 2181 2190 fectionem
2206 2148 2544 2208 exercentes,
2572 2149 2624 2195 et
2652 2147 3111 2214 contemplatione
3152 2149 3218 2201 ad
3265 2149 3471 2203 cultum

1895 2226 2006 2280 Deo
2041 2231 2351 2297 propiorem
2385 2238 2437 2285 ct
2479 2232 2557 2286 sic
2610 2235 2819 2304 angelis
2863 2252 3047 2305 parem
3086 2241 3469 2306 ascendentes,

1895 2328 2154 2375 terrestre
2205 2323 2428 2392 quidem
2475 2328 2756 2381 servitium
2790 2341 3113 2390 renuentes.
3159 2341 3212 2385 et
3248 2335 3468 2388 malitia:

1893 2415 1969 2468 sic
1993 2415 2291 2485 principem
2327 2417 2616 2488 fugientes,
2654 2422 2924 2477 benedicti
2953 2423 3248 2494 transfugae
3272 2426 3337 2480 ad
3372 2442 3470 2482 ve-

1893 2524 2012 2562 rum
2060 2510 2409 2566 liberatorem
2450 2513 2736 2568 Dominum
2779 2526 3063 2572 currentes
3097 2528 3151 2571 et
3184 2519 3468 2574 terrestria

1890 2604 2208 2658 coelestibus
2247 2598 2645 2671 immutantes;
2695 2623 2726 2661 ο
2759 2622 2857 2662 vos
2906 2609 3217 2680 igitur'Deo
3264 2612 3465 2665 sacrati

1889 2705 1942 2749 et
1966 2697 2254 2750 mundanae
2287 2698 2643 2754 habitationis
2670 2702 2791 2755 loco
2832 2703 3071 2768 caelites,
3099 2704 3332 2774 benigne
3378 2721 3467 2760 me

1892 2789 2095 2855 audite,
2133 2790 2223 2858 qni
2269 2791 2335 2845 ad
2376 2792 2670 2848 dissimiles
2715 2796 2855 2850 inter
2887 2812 2985 2852 nos
3017 2799 3084 2852 ab
3118 2800 3464 2856 ordinatione

1891 2892 2069 2935 νοδινα
2093 2882 2236 2951 loqui
2259 2884 2597 2953 propono,fet
2620 2887 2767 2956 ipsos
2784 2902 3012 2956 arguere
3034 2905 3062 2944 a
3085 2894 3280 2945 semita
3301 2907 3462 2960 quam

1891 2990 1986 3029 vos
2031 2976 2274 3044 elegistis
2330 2977 2661 3036 deviantes:
2717 2990 2769 3034 et
2826 2984 3107 3052 proposito
3157 2999 3276 3039 meo
3329 3000 3463 3039 con-

1893 3068 2096 3122 formes
2147 3070 2290 3131 sitis,
2339 3070 2383 3124 si
2432 3069 2573 3126 forte
2609 3073 2863 3129 meliores
2918 3077 3194 3129 evaserint
3241 3078 3460 3146 quidam

1889 3160 2059 3214 dehis
2091 3160 2180 3230 qni
2207 3169 2387 3227 partes
2419 3177 2566 3216 meas
2598 3172 2812 3227 tenent;
2838 3173 2892 3220 et
2930 3166 3130 3235 quibus
3160 3167 3262 3220 hoc
3289 3168 3463 3222 collo-

1888 3253 2075 3321 quium
2133 3269 2240 3306 non
2300 3254 2509 3317 celabo,
2556 3255 2648 3308 sed
2692 3257 2744 3310 in
2792 3257 2966 3312 lucem
3023 3259 3330 3326 producens
3370 3270 3463 3314 ant

1889 3343 1957 3397 ab
2002 3345 2312 3413 insipientia
2347 3348 2614 3402 revocabo
2653 3357 2746 3402 aut
2792 3349 2950 3404 aliter
2981 3351 3159 3406 oilieio
3190 3369 3309 3407 meo
3343 3369 3464 3422 per-

1888 3437 2085 3506 !nngar
2123 3449 2177 3491 et
2210 3453 2434 3509 arguam
2467 3450 2523 3493 et
2578 3442 3131 3511 irreprebensibiliter
3181 3447 3460 3501 advocabo

1889 3531 2309 3598 (reprehendere
2347 3533 2490 3585 enim
2538 3533 2659 3591 illos
2693 3551 2800 3589 non
2852 3536 3002 3605 licet)
3053 3546 3312 3605 tanquam
3351 3558 3457 3594 non

1890 3623 1960 3675 sit
2008 3623 2397 3676 comenienter
2429 3624 2534 3678 alte
2575 3642 2962 3694 percussorum
2998 3627 3214 3682 radices
3245 3643 3461 3684 amaras

1888 3717 2216 3779 extraxisse,
2260 3725 2354 3769 aut
2407 3723 2599 3772 acerba
2662 3719 3062 3774 medicamenta
3112 3721 3457 3788 coniecisse,

1887 3815 1941 3861 et
1993 3817 2119 3862 tunc
2156 3819 2281 3864 ante
2312 3812 2417 3864 alia
2454 3813 2771 3866 memoriam
2824 3813 2961 3883 ipsis
2992 3814 3249 3869 reducam
3307 3816 3459 3882 scopi

1890 3906 2114 3965 propter
2142 3914 2302 3966 quem
2349 3901 2545 3954 laicnm
2585 3902 2997 3968 commercium,
3033 3912 3087 3958 et
3126 3905 3249 3958 licet
3295 3919 3459 3958 mun-

1887 3987 2082 4039 danam
2139 4002 2481 4044 communem
2531 3993 2696 4045 vitam
2727 3992 3008 4060 elegerunt
3033 4011 3047 4058 ;
3075 4003 3128 4047 et
3161 3995 3213 4046 in
3242 3994 3458 4049 deside-

205 4049 269 4100 τδ
312 4047 460 4099 οὕτω
501 4049 767 4116 κοσμικὸν
804 4051 1093 4104 κοινόὸιον·
1128 4054 1223 4105 καὶ
1271 4055 1348 4116 είς
1400 4053 1696 4126 ἐνθύμησιν
1727 4057 1783 4109 δὲ

1890 4078 2032 4133 rium
2083 4080 2334 4135 inveham
2375 4083 2798 4149 promissionum
2854 4099 2992 4153 quas
3032 4089 3285 4142 secunda:
3333 4090 3456 4142 vitae

207 4139 537 4208 ἁνακομίσω
568 4140 676 4194 τῶν
708 4141 1085 4212 ὑποσχέσεων,
1140 4145 1204 4208 ἃς
1240 4146 1334 4198 τοῦ
1372 4147 1625 4216 δευτέρου
1665 4149 1781 4218 βίου

205 4237 691 4306 προκατεόἀλοντο
725 4239 814 4290 ἐπ’
840 4240 1005 4292 αὑτοῦ
1039 4242 1347 4307 ἀγιωτάτου
1378 4243 1623 4313 ἀρχείου,
1654 4243 1784 4296 ἔνθα.

212 4326 431 4395 βασιλεῖ
474 4328 721 4397 μεγίστῳ
759 4328 838 4397 τῷ
874 4330 994 4399 Θεῷ
1036 4330 1132 4383 ἐπὶ
1173 4333 1480 4400 συγκλήτου
1519 4335 1620 4403 τῆς
1661 4335 1782 4386 κατ’

206 4418 376 4470 αὐτον
417 4417 700 4481 ἐτάξαντο.

285 4509 354 4577 β’.
389 4509 612 4563 Τούτων
658 4511 715 4562 δὲ
769 4511 1252 4582 προϐεϐλημένων,
1299 4514 1397 4582 τῆς
1445 4517 1780 4586 προθέσεως,

209 4604 381 4669 λέγω,
405 4604 474 4672 ἠν
507 4604 756 4665 ἑκάστοις
788 4608 814 4657 ὁ
859 4605 976 4659 νοῦς
1009 4606 1260 4677 ὠδίνησε,
1294 4608 1387 4660 καὶ
1417 4610 1513 4676 τῆς
1549 4611 1782 4680 ὑποσχέ-

209 4712 374 4760 σεως,
408 4697 476 4766 ἢν
513 4697 802 4761 ἀπέτεκεν,
841 4698 1082 4767 ἐκφήνας
1121 4699 1392 4761 αύτὰςείς
1425 4700 1625 4767 γνῶσιν
1653 4702 1782 4757 ὲνξῦ-

208 4802 338 4838 πιον
393 4786 720 4855 ἀνθρώπων,
768 4787 860 4850 οὓς
893 4791 920 4842 ό
954 4791 1156 4843 καθὲνα
1203 4792 1424 4864 ἤθροισε
1473 4795 1780 4864 πανηγυρίο

211 4895 414 4941 σοντας
457 4881 550 4932 ἐπὶ
599 4883 665 4950 τῇ
703 4882 869 4934 αὑτοῦ
918 4884 1184 4956 σωτηρίᾳ,
1227 4887 1321 4939 καὶ
1356 4887 1465 4957 πρό
1507 4904 1569 4954 γε
1602 4888 1780 4941 αὐτῶν

207 4973 305 5024 ἐπὶ
328 4970 488 5037 Θεοῦ,
535 4975 626 5027 καὶ
652 4975 759 5027 τῶν
791 4976 954 5028 αὐτοῦ
984 4977 1256 5044 ἀγγέλων,
1288 4975 1407 5032 εἶτα
1434 4981 1780 5050 προενέγκω-

210 5083 313 5134 μαι
347 5067 426 5128 είς
461 5066 800 5119 ἔκθεσινόύκ
834 5069 1325 5140 ἁμφιϐαλλομένην
1365 5073 1604 5136 καὶτοὺς
1632 5075 1779 5142 βίους

205 5161 304 5212 καὶ
336 5161 436 5221 τάς
483 5159 782 5222 πολιτείας,
831 5154 907 5213 ὧν
960 5161 1202 5227 γίνονται
1226 5164 1273 5214 oi
1306 5165 1516 5217 ἐνδατοὶ
1554 5167 1778 5235 μοναχοὶ

207 5251 350 5318 μετὰ
382 5252 481 5320 τὴν
514 5252 604 5304 τοῦ
635 5253 838 5323 κόσμου
863 5253 1208 5324 ἀπαλλαγήν·
1233 5255 1303 5316 ὡς
1327 5256 1411 5317 ἂν,
1445 5259 1493 5308 εἰ
1515 5258 1615 5326 μὲν
1639 5259 1777 5310 καλὰ

205 5343 452 5406 ποιοῦσι⁹
485 5345 579 5396 καὶ
624 5345 778 5414 ὑμῶν
821 5346 929 5397 τῶν
970 5347 1140 5413 ἁγίων
1188 5346 1337 5411 ἄξια,
1389 5350 1521 5417 πρὸς
1565 5350 1656 5410 οὓς
1699 5351 1774 5414 ὡς

203 5439 499 5506 ἀρχέτυπα
522 5437 642 5491 θεῖα
672 5439 966 5492 τυποῦνται
992 5439 1084 5491 καὶ
1105 5441 1426 5509 γράφονται,
1466 5443 1604 5494 καθὰ
1635 5443 1773 5512 πέμ-

203 5547 371 5582 πουσι
401 5530 648 5599 δόκησιν,
694 5532 1101 5604 ὲπευλογήσητε
1145 5533 1364 5600 αὐτοὺς,
1405 5538 1492 5588 καὶ
1538 5537 1606 5587 τὰ
1637 5536 1772 5606 ἔργα

202 5624 320 5674 τῶν
354 5621 557 5691 χειρῶν
583 5624 760 5676 αὐτῶν
799 5626 1200 5691 κατευθυνεῖτε,
1247 5627 1533 5696 ψαλμιηώς
1574 5629 1771 5694 εἰπεῖν,

204 5717 294 5771 ἐπ’
331 5716 550 5776 αὐτούς.
589 5716 654 5769 Εἰ
696 5716 752 5768 δὲ
797 5719 872 5780 ὡς
903 5718 1275 5788 ἐκλαθόμενοι,
1323 5720 1407 5772 ὅτι
1455 5722 1770 5789 μονάζουσι,

205 5811 386 5870 πάντα
416 5809 580 5866 τᾶλλα
617 5811 880 5880 ποιοῦσιν,
915 5815 1060 5886 ἥπερ
1087 5814 1146 5867 τὸ
1176 5815 1456 5885 προτεθὲν,
1498 5815 1528 5884 ἢ
1567 5815 1769 5867 οἰκονο-

1886 4180 2013 4224 ante
2067 4181 2276 4240 tempus
2327 4172 2603 4236 solverant
2643 4189 2826 4229 coram
2857 4177 3212 4232 sanctissimo
3241 4194 3454 4249 prtepo-

1886 4262 2116 4314 sitorum
2170 4271 2337 4328 cmtu,
2391 4262 2480 4316 ubi
2521 4263 2628 4332 regi
2656 4266 2898 4318 maximo
2936 4267 3046 4321 Deo
3085 4284 3208 4322 cum
3251 4286 3452 4326 convo-

1885 4360 2008 4406 cato
2053 4361 2198 4405 coetu
2236 4353 2328 4422 qui
2363 4353 2456 4407 Dei
2499 4363 2582 4409 est
2613 4355 2846 4411 ordinati
2881 4367 3028 4411 sunt.

1955 4532 2005 4584 2.
2044 4528 2136 4584 llis
2172 4531 2483 4600 praendssis.
2518 4531 2805 4601 propositi,
2835 4532 2982 4597 dico,
3024 4535 3164 4602 quod
3220 4535 3449 4605 singuas

1886 4639 2039 4678 mens
2097 4625 2410 4693 parturivit,
2470 4634 2524 4678 et
2589 4625 2980 4693 promissionis
3037 4642 3197 4695 quam
3245 4631 3450 4696 peperit

1888 4711 2008 4768 illas
2036 4716 2088 4767 in
2149 4715 2516 4783 cognitionem
2579 4715 2839 4770 emittens
2899 4731 3082 4771 coram
3135 4718 3448 4775 hominibus

1884 4822 2021 4874 quos
2051 4807 2212 4861 unius
2249 4822 2398 4862 more
2429 4810 2776 4879 congregavit
2817 4808 3012 4863 festum
3068 4818 3289 4877 agentes
3349 4825 3446 4876 pro

1885 4904 2082 4953 mentis
2115 4901 2359 4968 ejusdem
2395 4903 2597 4967 salute,
2623 4912 2677 4955 et
2710 4912 2837 4955 ante
2865 4903 3048 4956 omnia
3097 4917 3193 4968 pro
3234 4901 3343 4956 Deo
3391 4913 3448 4956 et

1883 4991 2090 5058 angelis
2138 4994 2296 5062 ejus,
2354 4991 2548 5044 deinde
2616 4993 2668 5044 in
2725 4993 3166 5062 explanationem
3231 4994 3444 5048 adduco

1883 5082 2105 5135 minime
2180 5083 2396 5135 dubiam
2462 5093 2514 5135 et
2590 5083 2732 5138 vitas
2789 5095 2844 5138 et
2920 5087 3137 5151 regendi
3205 5088 3442 5141 rationes

1882 5186 2106 5239 quarum
2138 5170 2430 5239 participes
2451 5169 2586 5223 ﬁunt
2613 5170 2878 5239 indigena:
2902 5173 3151 5225 monachi
3185 5182 3306 5242 post
3348 5187 3440 5227 se-

1881 5261 2214 5330 parationem
2243 5276 2272 5313 a
2311 5261 2544 5325 mundo;
2587 5264 2655 5314 ita
2702 5272 2758 5315 ut
2793 5263 2834 5315 si
2884 5263 3098 5331 quidem
3134 5264 3273 5318 bona
3305 5279 3440 5334 ope-

1886 5359 2076 5403 rantur
2110 5363 2162 5403 et
2201 5351 2367 5404 vestri
2401 5361 2716 5404 sanctorum
2753 5351 2913 5418 digna
2961 5367 3056 5419 pro
3101 5353 3300 5421 quibus
3350 5370 3436 5409 ar-

1878 5445 2104 5512 chetypa
2142 5442 2324 5494 divina
2374 5443 2753 5510 insculpantur
2787 5454 2879 5497 aut
2915 5445 3246 5512 scribantur,
3295 5449 3440 5505 sicut

1877 5537 2135 5589 emittunt
2167 5536 2654 5603 exspectationem,
2692 5551 2787 5589 eos
2821 5536 3130 5592 benedicite
3179 5554 3231 5592 et
3271 5556 3436 5610 opera

1878 5647 2136 5685 manuum
2163 5648 2351 5686 eorum
2402 5631 2624 5699 dirigite
2668 5647 2832 5699 super
2889 5648 3025 5697 eos,
3060 5644 3118 5685 ut
3176 5636 3250 5688 ait
3289 5634 3440 5689 Psal-

1881 5724 2064 5777 mista.
2102 5724 2155 5776 Si
2187 5739 2314 5776 vero
2347 5734 2606 5791 tanquam
2637 5724 2790 5779 obliti
2827 5725 2970 5793 quod
3010 5729 3260 5780 monachi
3285 5737 3434 5790 sunt,
3471 5726 3476 5731 ’

1875 5817 2057 5870 omnia
2103 5818 2206 5870 alLa
2255 5815 2460 5872 iaciunt
2492 5817 2630 5871 sicut
2674 5818 3010 5888 propositum
3051 5827 3154 5884 cst,
3185 5827 3276 5873 aut
3325 5821 3438 5874 dis-
