4210 6438
743 403 850 471 ⁶ἔ31

1467 388 1889 457 ΕΗΞΤΑΤΗΙΙ
1922 381 2687 447 TIlESSALONiCENSlS
2718 374 3292 438 METROPOLITIE

3910 366 4030 432 7.32

750 519 984 585 pensate
1009 507 1410 566 correctionem
1439 518 1561 574 qua:
1592 516 1727 571 ipsts
1764 496 2052 567 competit,
2096 493 2323 549 ahoien-
2351 531 2363 557 Α

2468 506 2644 561 ιησητε
2677 488 2969 557 διορθωσιν
3013 486 3116 552 τὴν
3154 478 3246 535 ἐπ’
3286 476 3500 545 αὑτοῖς,
3539 491 4027 548 καταργησαντες,

750 623 837 661 tes
869 619 993 675 quae
1020 611 1231 669 Operatt
1267 608 1438 656 sunt;
1469 602 1564 647 aut
1605 592 1744 646 alias
1780 605 1879 660 pro
1933 588 2095 642 nobis
2140 600 2335 654 opera-

751 699 888 752 mini
920 708 1020 766 pro
1056 692 1166 746 Deo
1200 690 1475 759 legatione
1508 685 1832 754 fungentes.
1882 684 2081 735 anima:
2121 678 2335 733 sereni-

750 798 941 851 tatem,
982 784 1113 854 quia
1138 797 1285 836 nunc
1312 796 1419 835 non
1450 778 1505 831 in
1529 776 1737 832 malitia
1794 773 2072 830 stetimus.
2100 783 2336 838 quorum

752 876 1048 949 perniciosi
1068 871 1467 945 agitantventi,
1494 872 1641 923 sicut
1658 869 1929 926 videmus.
1949 864 2247 919 salutarem
2270 861 2338 915 si-

753 985 912 1034 num,
935 969 1030 1039 qui
1050 968 1200 1022 solus
1218 966 1299 1019 eis
1328 964 1423 1033 qui
1450 980 1479 1017 e
1499 963 1620 1016 vitae
1640 960 1776 1014 mari
1796 958 2079 1027 appellunt
2097 956 2161 1009 ad
2185 968 2339 1008 secn-

755 1077 849 1117 ros
892 1070 1106 1130 portus,
1146 1056 1368 1112 brachia
1412 1055 1653 1108 odercns
1679 1090 1694 1116 ,
1759 1050 2022 1105 salutaria
2064 1045 2338 1117 proponit.

829 1152 1105 1221 5.1taque
1159 1164 1189 1203 a
1254 1162 1513 1203 sermone
1576 1157 1767 1198 nostro
1822 1143 2148 1214 projiciatur
2193 1138 2341 1208 quod

757 1250 1164 1315 proposuerunt
1211 1238 1434 1311 quando
1497 1236 1568 1291 ab
1615 1236 1771 1290 initio
1827 1235 1951 1288 vitae
1995 1232 2201 1285 exitum
2247 1245 2347 1285 cu-

762 1344 1066 1400 raverunt;
1095 1348 1195 1389 nec
1246 1332 1382 1385 inibi
1417 1331 1579 1401 longo
1602 1342 1857 1385 sermone
1889 1341 2033 1395 opus
2065 1326 2171 1380 erit
2200 1365 2215 1387 ,
2241 1336 2346 1375 nec

756 1437 979 1498 tempus
1037 1439 1363 1482 consumam
1409 1423 1554 1477 ultra
1606 1419 1750 1491 quod
1794 1420 1952 1473 decet
1996 1414 2343 1472 disserendo.

765 1520 919 1575 Sicut
972 1518 1143 1583 enim,
1176 1517 1401 1585 inquam
1428 1556 1442 1579 ,
1470 1513 1666 1567 anima:
1693 1511 1844 1565 salus
1863 1520 1918 1565 et
1941 1509 2007 1563 ad
2039 1507 2233 1572 Deum,
2267 1507 2348 1561 sic

765 1612 1013 1668 studium
1042 1625 1140 1665 eos
1189 1609 1409 1665 reduxit
1440 1622 1469 1661 a
1506 1607 1615 1659 vita
1654 1618 1683 1657 a
1715 1619 1822 1673 qua
1866 1617 2044 1671 nuper
2077 1601 2346 1655 desertio-

763 1720 888 1758 nem
952 1705 1218 1759 fecerant.
1274 1700 1410 1760 Nam
1465 1714 1585 1755 eam
1646 1697 1865 1767 quidem
1923 1695 2346 1756 damnaverunt,

762 1798 1045 1852 meliorem
1077 1810 1207 1849 vero
1237 1794 1547 1862 elegerunt,
1574 1790 1938 1859 apostolicam
1965 1786 2201 1856 ideoque
2234 1800 2337 1837 an-

2434 581 2470 634 a
2502 578 2842 646 ἐνεργοῦσιν,
2891 577 2924 644 ἣ
2973 573 3108 630 ἁλλὰ
3149 570 3663 643 πραγματεὺσησθε
3698 572 3858 638 ἡμῖν,
3908 565 4032 635 Θεῴ

2438 669 2864 741 πρεσϐεύοντες,
2908 665 3156 735 γαλήνην
3205 663 3410 734 ψυχῆς·
3441 661 3515 724 ὼς
3562 660 3658 715 νῦν
3705 677 3769 728 γε
3816 660 3922 711 οὑκ
3971 659 4032 710 ἐν

2437 761 2738 832 ἀκυμάντῳ
2760 759 3127 827 καθέσταμεν,
3154 753 3235 818 οἷς
3268 755 3558 823 πνεύματα
3582 752 3799 822 πονηρὰ
3819 750 4032 820 ταράτ-

2437 874 2531 908 του
2546 874 2645 919 σιν,
2677 855 2778 906 ὅσα
2810 869 2872 919 γε
2901 851 2998 904 καὶ
3027 850 3177 920 ἡμᾶς
3208 848 3452 919 βλέπειν,
3491 848 3692 899 κόλπον
3727 847 4033 914 σωτήριον,

2440 949 2499 1013 ὃς
2528 947 2687 1017 μόνος
2718 946 2817 1016 τῆς
2848 945 2912 996 ἐκ
2959 943 3244 1012 θαλάσσης
3279 940 3398 1011 βίου
3430 940 3787 1009 καταίρουσιν
3856 935 4037 987 ἀκλύ-

2445 1057 2602 1098 στους
2635 1039 2838 1107 ὅρμους
2877 1034 3310 1103 ἀγκαλιζόμενος
3342 1033 3613 1100 ἐγγυᾶται
3651 1030 3721 1082 τὰ
3758 1028 4033 1091 σιῖιζοντα.

2514 1138 2592 1199 γ’.
2624 1128 2944 1200 Προκείσθω
2973 1127 3154 1179 τοίνυν
3182 1123 3277 1177 τοῦ
3309 1124 3471 1191 λόγου
3512 1125 3665 1192 ἡμῖν,
3700 1122 3837 1189 ὅπερ
3876 1117 4040 1170 aitet

2445 1222 2764 1293 προέθεντο,
2815 1220 2982 1288 ἡνίκα
3011 1217 3114 1288 τὴν
3163 1216 3342 1287 ἀρχὴν
3382 1215 3726 1284 ἐμελέτησαν
3771 1210 4040 1278 γενέσθαι

2446 1314 2690 1369 ἅπόδιοι·
2744 1314 2839 1365 καὶ
2882 1313 2943 1364 οὑ
2987 1311 3254 1379 δεήσομαι
3298 1307 3462 1375 λόγου
3504 1303 3723 1376 μακροῦ
3768 1300 4041 1357 ἐνταῦθα,

2446 1407 2569 1460 οὑδέ
2599 1405 2778 1476 τρέψω
2815 1406 3030 1474 χρόνον,
3062 1402 3206 1469 πέρα
3249 1398 3346 1451 τοῦ
3377 1397 3589 1457 δέοντος
3617 1392 4047 1464 ἐμπλατυνὸμε-

2448 1514 2559 1559 νος.
2602 1497 2691 1556 Ὧς
2733 1494 2866 1565 γὰρ,
2900 1494 3030 1556 ἔπος
3061 1496 3253 1561 φάναι,
3286 1490 3535 1559 σωτηρία
3561 1487 3742 1557 ψυχῆς
3772 1486 3872 1537 καὶ
3903 1485 4048 1551 πρὸς

2450 1588 2605 1653 Θεὸν,
2624 1587 2803 1651 οὑτως
2818 1587 3095 1648 οἰκείωσις
3114 1585 3498 1650 ἁπανέστησεν
3516 1580 3736 1641 αὐτοὺς,
3757 1572 3826 1649 ἦς
3845 1575 4048 1647 πρώην

2455 1682 2871 1753 μετεποιοῦντο,
2903 1680 3075 1749 ζωῆς.
3104 1676 3289 1747 Αὐτῆς
3313 1676 3414 1747 μὲν
3440 1676 3551 1743 γὰρ
3576 1673 3886 1739 κατέγνων,
3920 1670 4054 1720 ἐπέ-

2453 1791 2649 1845 κριναν
2685 1773 2742 1827 δὲ
2789 1775 2888 1843 τὴν
2917 1772 3187 1843 βελτίονα,
3235 1770 3335 1838 τὴν
3385 1764 3780 1833 ἁποστολικὴν,
3813 1762 3911 1814 καὶ
3962 1760 4055 1812 διὰ

767 1891 1023 1959 gelicam;
1077 1897 1134 1942 et
1184 1887 1316 1942 huic
1345 1884 1764 1947 incumbentes,
1816 1882 2218 1947 elongaverunt
2263 1874 2351 1930 fu-

2468 1868 2616 1920 τοῦτο
2644 1866 2971 1936 ἀγγελικὴν·
2997 1864 3094 1917 καὶ
3120 1862 3257 1932 πρὸς
3282 1861 3421 1930 αὐτῇ
3452 1859 3754 1928 γενόμενοι,
3794 1856 4055 1923 ἐμακρυ-

763 1982 1004 2049 gientes,
1054 1979 1201 2033 sicut
1259 1978 1316 2031 in
1392 1978 1615 2030 deserto
1685 1974 1975 2039 mansuri;
2040 1969 2351 2040 praesertim

2468 1979 2547 2015 ναν
2596 1958 3015 2029 φυγαδεύοντες,
3073 1957 3150 2018 ὡς
3203 1956 3261 2006 ἐν
3309 1955 3505 2023 ἐρήμῳ
3557 1949 4055 2018 αὑλισθησόμενοι,

764 2073 989 2141 quidem
1015 2071 1159 2127 sicut
1192 2071 1248 2125 in
1282 2068 1679 2140 promissionis
1722 2077 1933 2122 terram
1981 2062 2352 2126 restituendi;

765 2181 861 2234 per
888 2180 1055 2235 quam
1093 2163 1258 2218 vitam
1284 2171 1549 2232 tanquam
1588 2161 1700 2215 Deo
1729 2168 1961 2215 vocante
1993 2156 2256 2213 exierunt
2283 2155 2354 2226 ab

2452 2052 2695 2120 μάλιστα
2728 2051 2829 2120 μὲν
2860 2044 2954 2102 οῦν
2997 2047 3198 2111 dic-ei;
3227 2046 3332 2114 γῆν
3381 2041 3716 2110 ἐπαγγελίας
3764 2044 4061 2094 ἀποκατα-

2454 2145 2811 2215 στησόμινοι·
2857 2141 2924 2194 δι’
2962 2141 3029 2211 ἢν
3076 2139 3151 2203 ὡς
3200 2137 3336 2191 Θεοῦ
3380 2136 3675 2198 καλοῦντος
3726 2131 3965 2201 ἐξῆλθον
3992 2134 4059 2183 ἐκ

766 2261 1009 2325 ipsorum
1044 2266 1189 2311 terra
1225 2265 1278 2310 et
1299 2254 1632 2323 cognatione
1654 2290 1670 2317 ,
1726 2259 1782 2307 et
1828 2259 2102 2306 venerunt
2136 2249 2193 2304 in
2248 2258 2359 2304 tcr-

2468 2238 2554 2307 ιῆς
2585 2236 2693 2307 γῆς
2738 2234 2921 2289 αὐτῶν
2964 2234 3059 2287 καὶ
3091 2234 3156 2285 ἐκ
3202 2232 3304 2300 τῆς
3345 2227 3696 2297 συγγενείας,
3737 2226 3835 2277 καὶ
3884 2219 4060 2293 ἦλθον

764 2363 883 2401 ram
917 2355 972 2401 et
1001 2346 1169 2400 vitam
1200 2347 1422 2416 qualem
1462 2346 1606 2400 Deus
1636 2342 1882 2399 ostendit
1916 2341 1985 2397 iis
2034 2340 2131 2411 qui
2175 2340 2356 2395 Abra-

769 2438 919 2495 hami
969 2450 1159 2509 partes
1194 2448 1406 2505 tenent,
1437 2447 1489 2492 et
1527 2445 1797 2509 quotquot
1837 2435 1934 2489 illo
1964 2434 2115 2503 digni
2147 2443 2300 2489 sunt.

838 2534 891 2585 4.
918 2530 983 2583 Εῑ
1007 2529 1096 2585 hic
1113 2529 1333 2599 quidem
1352 2528 1490 2598 ipsis
1514 2528 1697 2582 exsilii
1728 2526 2029 2597 terminus,
2047 2524 2210 2593 cujus
2231 2539 2361 2594 gra—

768 2624 843 2676 tia
879 2623 969 2676 hic
999 2622 1286 2676 mulierem
1314 2628 1369 2675 et
1397 2620 1626 2684 liberos,
1646 2619 1740 2674 ille
1788 2617 2159 2674 substantiam
2188 2628 2242 2671 et
2266 2632 2364 2686 pe-

768 2714 1010 2781 ripsema
1032 2727 1197 2768 omne
1215 2713 1339 2767 vitae
1365 2713 1711 2777 commercii,
1732 2711 1879 2767 sicut
1896 2710 2101 2766 dixerit
2128 2708 2355 2780 aliquis,

770 2805 1074 2875 generatim
1103 2819 1234 2859 vero
1263 2804 1457 2860 cuncti
1484 2805 1720 2875 quodvis
1751 2803 2062 2859 secundum
2086 2801 2358 2857 mundum

772 2898 1021 2965 cupitum
1048 2894 1394 2963 deserentes,
1420 2911 1587 2950 unam
1633 2896 2019 2964 eamdemque,
2052 2893 2362 2949 secundum

772 2994 922 3065 quod
949 2993 1084 3065 ipsis
1116 2993 1464 3064 propositum
1491 3002 1638 3056 erat,
1675 2990 1966 3058 elegerunt
1998 2988 2177 3043 vitam
2208 3026 2224 3052 ,
2274 2985 2367 3040 cui

774 3088 1100 3142 insistentes
1124 3092 1180 3139 et
1244 3098 1368 3140 sese
1418 3084 1777 3152 accingentes
1825 3086 1892 3134 ad
1946 3095 2116 3151 opera
2161 3078 2368 3150 quibus

775 3182 1032 3237 homines
1068 3178 1175 3233 tale
1205 3177 1498 3233 consilium
1531 3177 1811 3247 capientes
1840 3176 1900 3229 in
1946 3182 2157 3229 rectam
2200 3172 2367 3227 semi-
2392 3211 2437 3271 α

779 3284 887 3328 tam
922 3271 1294 3337 deducuntur,
1320 3269 1487 3339 idque
1514 3283 1625 3322 non
1677 3266 2009 3336 simpliciter
2063 3271 2205 3320 etut
2250 3262 2367 3318 fors

782 3364 975 3418 tulerit
1008 3373 1062 3418 et
1127 3373 1185 3417 ut
1229 3362 1335 3433 ipsi
1371 3364 1617 3427 voluere,
1679 3362 1943 3431 Operibus
1972 3357 2189 3425 divinis
2246 3366 2367 3411 stu-

779 3457 1038 3510 duerunt.
1065 3452 1345 3523 Numquid
1374 3459 1523 3509 enim
1554 3458 1623 3508 de
1672 3453 1792 3508 suis
1839 3451 2083 3522 peccatis
2129 3465 2367 3505 excusa-

781 3551 986 3603 tionem
1051 3548 1354 3614 haberent,
1417 3556 1606 3616 utpote
1662 3547 1755 3616 qui
1817 3545 1922 3615 ipsi
1991 3551 2366 3607 tentaverunt,

782 3645 887 3715 ipsi
915 3646 1285 3709 devoverunt,
1322 3643 1425 3714 ipsi
1472 3652 1779 3712 coeperunt,
1819 3641 1963 3694 viam
2021 3638 2242 3693 nemine
2287 3651 2371 3690 reo

784 3740 1018 3804 ferente,
1077 3737 1296 3792 nemine
1353 3733 1648 3798 cdocentc,
1723 3731 1945 3787 nemine
2003 3729 2145 3782 viam
2215 3743 2374 3781 mon-

783 3841 1014 3895 strante,
1052 3829 1269 3885 nemine
1306 3826 1641 3897 impediente
1673 3842 1689 3891 ;
1730 3824 1965 3892 ideoque
1996 3823 2135 3877 nihil
2166 3822 2368 3874 mirum

785 3924 998 3977 ratiunt
1027 3922 1072 3976 si
1115 3920 1259 3974 viam
1302 3919 1467 3973 aliam
1499 3933 1565 3973 ac
1609 3916 1949 3988 propositam
1995 3914 2170 3969 secuti
2223 3922 2371 3971 sunt.

787 4029 967 4082 neque
998 4011 1272 4065 rationem
1316 4008 1547 4065 reddere
1581 4009 1802 4073 debent,
1853 4023 1919 4061 eo
1964 4005 2112 4076 quod
2153 4005 2373 4058 inventa

788 4101 1132 4166 dilIicultatc,
1173 4100 1231 4154 in
1278 4101 1349 4156 iis
1378 4116 1502 4171 qua:
1553 4101 1928 4170 cogitaverant
1970 4106 2025 4151 et
2057 4097 2377 4164 incepcrant

790 4189 1087 4269 inexperti,
1121 4188 1193 4243 ob
1231 4202 1354 4243 eam
1398 4188 1616 4258 longius
1653 4186 1735 4242 ire
1782 4185 2143 4247 destiterunt,
2190 4193 2245 4237 et
2279 4181 2378 4257 ali-

792 4284 1118 4353 quantisper
1160 4281 1439 4350 progressi
1476 4288 1696 4349 sperata
1752 4277 1980 4347 planitie
2006 4276 2201 4346 pedem
2234 4283 2377 4327 retu-

794 4377 1000 4440 lerunl,
1042 4388 1109 4427 eo
1159 4373 1306 4442 quod
1353 4373 1495 4426 viam
1554 4371 1866 4425 habuerunt
1920 4367 2217 4439 asperam?
2260 4364 2377 4418 Non

796 4467 967 4534 igitur
1024 4465 1339 4519 inconsulte
1362 4464 1529 4516 vitam
1562 4461 1941 4517 monachicam
1974 4461 2236 4523 inierunt,
2271 4458 2381 4511 imo

2452 2335 2536 2393 sic
2564 2335 2671 2402 γῆν
2704 2329 2802 2385 καὶ
2833 2326 3050 2397 βιοτὴν,
3089 2325 3282 2377 όποίαν
3317 2326 3344 2376 ὁ
3374 2322 3505 2381 Θεὸς
3543 2320 3904 2371 ὑποδείκνυσι
3947 2318 4065 2376 τοῖς

2452 2420 2550 2475 τοῦ
2601 2420 2878 2489 Ἀϐραὰμ,
2920 2418 3017 2470 καὶ
3065 2416 3181 2469 ὅσοι
3212 2413 3381 2467 αὐτοῦ
3415 2414 3555 2464 είσιν
3579 2411 3740 2476 ἄξιοι.

2531 2509 2597 2566 δ’.
2625 2511 2737 2564 Καὶ
2762 2507 3009 2571 τοιοῦτος
3048 2507 3148 2577 μὲν
3178 2506 3365 2566 αὐτοῖς
3391 2506 3418 2556 ὁ
3453 2502 3658 2564 σκοπὸς
3690 2502 3790 2569 τῆς
3817 2514 4068 2569 μετανα-

2460 2604 2763 2665 στεύσεως,
2797 2594 2860 2653 οὑ
2894 2600 3055 2670 χάριν
3088 2598 3118 2648 ό
3176 2598 3276 2667 μὲν
3307 2598 3407 2651 καὶ
3462 2596 3702 2662 γυναῖκα
3733 2592 3831 2643 καὶ
3864 2592 4067 2650 τέκνα,

2459 2701 2487 2751 ό
2514 2697 2573 2750 δὲ
2622 2695 2719 2748 καὶ
2766 2692 3096 2763 περιουσίαν
3132 2691 3227 2742 καὶ
3283 2688 3555 2756 συρφετὸν
3600 2685 3821 2738 ἅπαντα
3867 2684 3974 2752 τῆς
4010 2685 4070 2733 ἐν

2463 2790 2566 2862 βίῳ
2593 2785 2969 2857 ἀναστροφῆς,
2990 2786 3178 2837 ὁποῖον
3208 2782 3274 2835 ἂν
3301 2783 3449 2835 εἴποι
3475 2796 3583 2844 τις,
3611 2776 3814 2839 κοινῶς
3840 2775 3901 2828 δὲ
3929 2775 4073 2827 πάν-

2462 2899 2556 2943 τες
2576 2881 2637 2935 τὸ
2661 2878 2804 2933 κατὰ
2826 2878 3032 2947 κόσμον
3058 2875 3272 2946 θέλημα
3292 2870 3637 2935 ἐκλιπόντες,
3665 2871 3783 2931 ἐνὶς
3808 2868 4074 2934 ἐγένοντο

2467 2973 2565 3026 καὶ
2600 2971 2765 3043 μόνου
2794 2968 2892 3022 τοῦ
2927 2968 3071 3022 κατὰ
3118 2970 3217 3037 τὴν
3248 2964 3662 3033 ἐκλελεγμὲνην
3705 2961 4009 3031 πρόθεσιν·

2468 3068 2569 3122 καὶ
2600 3065 3014 3135 στοιχήσαντις,
3045 3057 3168 3114 εἶτα
3209 3060 3305 3113 καὶ
3348 3054 3593 3125 ἅψασθαι
3637 3054 3934 3123 μέλλοντες
3986 3050 4077 3120 ερ-

2468 3180 2606 3228 γων,
2649 3161 2797 3223 ὅσοις
2841 3155 3190 3228 ἐξορθοῦνται
3224 3159 3304 3217 είς
3352 3154 3474 3208 ὁδὸν
3512 3152 3798 3221 ἂνθρωποι
3835 3148 4077 3201 τοιαῦτα

2473 3252 2831 3323 προθέμενοι,
2860 3250 2959 3318 οὐχ
2993 3246 3205 3313 ἁπλῶς,
3237 3246 3335 3298 καὶ
3362 3245 3513 3306 ὅπως
3545 3241 3613 3296 ἂν
3650 3239 3838 3310 τύχοι,
3864 3238 3972 3291 καὶ
4000 3238 4077 3298 ὡς

2473 3347 2634 3401 αὐτοὶ
2660 3343 3065 3412 ἐϐουλήθησαν,
3089 3340 3200 3402 τοῖς
3242 3337 3413 3400 θείοις
3448 3336 3634 3405 ἔργοις
3660 3332 3962 3386 ἐπέδα-λον.
4000 3327 4077 3381 'll

2471 3438 2580 3508 γὰρ
2602 3436 2668 3490 ἂν
2690 3430 2839 3504 εἶχον
2856 3433 3126 3499 ἀπόλογον
3148 3430 3399 3500 ὓστερον,
3418 3429 3506 3497 ἐφ’
3522 3424 3605 3489 οἷς
3626 3424 4077 3495 προσέπταισαν,

2470 3532 2547 3592 ὡς
2563 3529 2719 3581 αὐτοὶ
2747 3527 3198 3597 ἐγχειρήσαντες,
3220 3523 3378 3575 αὐτοὶ
3393 3521 3770 3592 κυρώσαντες,
3798 3517 3969 3569 αὐτοὶ
3993 3518 4079 3567 ἐν·

2473 3621 2800 3691 αρξὰμενοι,
2823 3617 3056 3688 μηδενὸς
3094 3616 3542 3685 ὑπομνήσαντος,
3567 3612 3796 3681 μηδενὸς
3819 3608 4081 3673 διδάξαν-

2473 3732 2590 3777 τος,
2612 3712 2840 3783 μηδενὸς
2865 3709 3251 3775 ὑποδείξαντος
3270 3708 3373 3775 τὴν
3398 3706 3539 3771 ὁδὸν,
3565 3704 3798 3775 μηδενὸς
3820 3702 4081 3772 ἐμπεδώ-

2479 3824 2695 3868 σαντος,
2712 3804 2863 3857 οὐδέν
2877 3820 2927 3855 τι
2949 3800 3407 3872 καινοπραγοῦσι,
3425 3798 3769 3869 τραπόμενοι
3787 3795 3970 3863 ἆλΑην
3988 3810 4082 3845 πα·

2479 3901 2549 3971 ρὰ
2572 3902 2672 3966 τὴν
2692 3899 2790 3966 τῆς
2822 3896 3157 3967 προθέσεως,
3199 3896 3321 3947 οὐδὲ
3345 3893 3668 3946 ὑπόκεινται
3702 3886 4079 3957 λογοπραγίᾳ,

2478 3989 2749 4058 ἐργωδίαν
2806 3986 3127 4058 εὑρηκότες,
3151 3985 3237 4055 ἐφ’
3259 3980 3342 4047 οἷς
3383 3985 3725 4053 ἐσκόπησαν,
3768 3982 3871 4033 καὶ
3914 3982 4079 4048 ἐνήρ-

2482 4081 2645 4143 ξαντο
2681 4078 3062 4139 ἀνεπίτακτοι,
3095 4076 3190 4127 καὶ
3224 4073 3484 4144 διἀὑτὴν
3501 4072 3772 4141 ἀφέμενοι
3808 4071 3934 4124 τῶν
3954 4075 4079 4140 ἐφε-

2483 4170 2604 4240 ξῆς,
2624 4170 2718 4225 καὶ
2750 4168 3183 4240 προποδίσαντες
3203 4167 3302 4237 μὲν
3320 4165 3499 4237 βραχὺ
3520 4163 3695 4217 ἐλπίδι
3718 4164 3817 4233 τῆς
3842 4164 4079 4233 ὁμαλῆς,

2482 4263 2908 4325 ἀναποὸίσαντες
2933 4262 2989 4314 δὲ
3018 4260 3195 4324 αὖθις,
3224 4261 3309 4312 ὅτι
3348 4261 3611 4329 τραχεῖαν
3635 4257 3906 4327 ἐτριόονς
3938 4258 4080 4310 052-

2484 4374 2580 4407 ουν
2621 4353 3072 4426 ἀπροϐουλεύτως
3132 4352 3427 4423 ἐνήρξαντο
3463 4351 3561 4404 τοῦ
3599 4353 3914 4421 μοναχικοῦ
3948 4352 4080 4422 βίον,

2484 4448 2623 4501 ἀλλὰ
2651 4447 3010 4517 σκεψάμενοι,
3041 4446 3137 4500 καὶ
3184 4444 3631 4513 βουλευσάμενοι,
3682 4448 3783 4496 καὶ
3826 4446 4079 4513 ἀναμνη-

799 4572 929 4611 vero
966 4571 1092 4610 cum
1134 4553 1533 4609 deliberatione
1577 4562 1631 4606 et
1681 4552 1917 4607 consilio
1954 4561 2244 4620 postquam
2284 4548 2349 4603 ad

2484 4542 2725 4607 σθέντες,
2764 4539 2859 4593 καὶ
2899 4538 3267 4609 διδαχθέντες,
3302 4538 3395 4590 καὶ
3452 4536 3592 4605 μετὰ
3632 4540 4085 4606 παρεγγυήσεων

799 4648 996 4703 moniti
1042 4655 1097 4703 et
1136 4647 1282 4702 docti
1322 4646 1570 4712 fuerunt,
1600 4645 1924 4716 plerumque
1950 4649 2077 4712 post
2123 4640 2378 4694 traditio-

803 4754 925 4794 nem
969 4747 1025 4793 et
1074 4737 1535 4802 admonitionem,
1571 4750 1774 4804 easque
1820 4733 2115 4788 formidine
2167 4732 2379 4801 plenas,

805 4833 852 4886 si
902 4830 1065 4886 modo
1132 4829 1481 4895 audirentur,
1546 4842 1685 4896 quas
1743 4826 2034 4882 discursus
2086 4823 2380 4888 sermonis,

807 4932 1071 4995 quantum
1101 4923 1237 4976 satis
1267 4923 1394 4985 erit,
1425 4922 1640 4975 innuet.

963 5014 1100 5070 Cum
1123 5011 1199 5067 ita
1232 5014 1342 5067 sint
1403 5027 1525 5083 qua:
1557 5009 1875 5065 istiusmodi
1925 5008 2178 5064 homines
2223 5019 2372 5061 certe

811 5117 865 5160 ct
903 5111 1233 5160 inconcusse
1282 5110 1682 5174 proposuerunt
1737 5111 1792 5156 et
1834 5107 2259 5165 assumpserunt
2305 5100 2384 5165 (et

808 5201 969 5251 aliter
1010 5196 1235 5250 minime
1279 5210 1401 5248 sese
1450 5192 1694 5261 habent),
1723 5192 1835 5261 jam
1872 5189 2110 5256 breviter
2156 5188 2387 5242 dicenda

808 5306 931 5358 qua:
980 5287 1120 5355 apud
1162 5302 1259 5342 eos
1297 5284 1460 5340 hodie
1496 5282 2034 5337 animadvertuntur.
2080 5279 2147 5333 Et
2173 5279 2384 5332 utinam

810 5396 917 5432 tum
944 5378 1104 5445 longe
1135 5376 1246 5432 sint
1272 5390 1302 5429 α
1336 5376 1448 5428 vita
1483 5389 1652 5444 quam
1719 5373 2004 5441 elegerunt
2036 5390 2050 5426 :
2090 5369 2384 5439 nequidem

813 5478 914 5525 hUl.‘
948 5470 1234 5524 eveniente
1268 5483 1497 5522 necesse
1550 5469 1656 5521 erit
1686 5482 1806 5530 eos,
1854 5474 1979 5536 post
2015 5466 2180 5519 allata
2218 5479 2387 5532 argu-

811 5572 1018 5624 nrenta,
1044 5569 1417 5629 resnrgcre,ut
1441 5560 1553 5612 duo
1585 5560 1775 5628 gravia
1802 5561 1904 5613 ista
1935 5573 2042 5611 non
2071 5557 2390 5619 admittant,

812 5654 967 5723 ipsus
1009 5663 1163 5706 extra
1194 5652 1337 5705 viam
1371 5667 1577 5706 rectam
1626 5666 1773 5715 esse,
1820 5662 1983 5721 atque
2003 5650 2143 5703 alios
2187 5649 2391 5703 adeam

812 5745 1129 5799 Secmtttlam
1197 5746 1424 5801 idoneos
1486 5743 1604 5799 suis
1662 5745 1930 5814 exutiiplts
1993 5741 2391 5798 deducentibus

813 5849 1092 5890 ηιυελιῖς,

2482 4634 2533 4687 οἱ
2564 4632 2785 4694 πλείους
2841 4632 2936 4684 καὶ
2973 4629 3344 4695 καταθέσεων,
3377 4629 3471 4682 καὶ
3508 4628 3711 4692 αὐτῶν,
3737 4629 3934 4683 ὁποῖαι
3966 4632 4055 4699 ςρξ

2484 4741 2590 4795 an;
2624 4727 2905 4795 γέμουσιν,
2945 4724 2997 4775 εί
3036 4724 3130 4776 καὶ
3167 4722 3329 4791 μόνον
3362 4721 3623 4789 λέγοιντο·
3665 4721 3764 4774 καὶ
3808 4722 4085 4791 ὑποκρο-

2488 4832 2639 4870 σεται
2673 4816 2843 4879 αὑτὰς
2869 4817 2897 4869 ό
2950 4815 3107 4882 λόγος
3140 4811 3367 4886 προῖὼν,
3417 4811 3506 4883 ἐφ’
3535 4813 3661 4866 ὅσον
3693 4812 3855 4866 ἔσται
3884 4814 4081 4868 ἱκανόν.

2562 4906 2622 4962 ε’.
2660 4908 2847 4972 Οὕτως
2878 4905 2970 4962 οἶν
2996 4909 3251 4978 ἐχόντων,
3275 4901 3351 4960 ὧν
3376 4909 3473 4959 καὶ
3503 4906 3802 4977 προέθεντο
3834 4910 3940 4961 καὶ
3970 4910 4088 4960 ὑπέ-

2493 5019 2687 5072 σχοντο
2718 5002 3062 5072 ἁμεταθὲτωτ
3106 5000 3200 5054 καὶ
3234 5000 3493 5068 ἀσφαλῶς
3527 5002 3577 5052 ol
3611 4998 3851 5052 τοιοῦτοι
3887 5001 4086 5069 (ἔχουσι

2491 5097 2551 5149 δὲ
2578 5098 2794 5158 παντως
2819 5096 2920 5148 οὐκ
2950 5095 3170 5162 ἄλλως),
3190 5093 3915 5162 ἐκθετέον-βραχυλογικῶς,
3944 5095 3981 5146 ἃ
4003 5094 4086 5142 νῦν

2496 5187 2767 5257 βλέπομεν
2794 5188 2879 5239 ἐπ’
2901 5187 3105 5249 αὐτοῖς.
3130 5188 3242 5239 Καὶ
3264 5186 3351 5254 εἴη
3377 5186 3452 5255 μὴ
3478 5185 3851 5252 παρεκνεύειν
3876 5184 4085 5243 αὐτοὺς,

2494 5275 2562 5351 ἦς
2615 5280 2926 5349 ἐκύρωσαν,
2978 5278 3290 5339 πολιτείας’
3341 5278 3440 5339 ὡς,
3492 5276 3609 5344 εἴγε
3665 5276 3828 5328 τοῦτο
3876 5293 4086 5343 φανείη,

2496 5372 2714 5440 ἀνάγκη
2756 5371 2993 5437 πάντως,
3032 5370 3447 5440 κατορθωθῆναι
3487 5370 3610 5429 τοὺς
3642 5369 3930 5430 τοιούτους
3963 5372 4089 5437 μετα

2498 5466 2597 5535 τὴν
2630 5465 2724 5517 ἐπὶ
2757 5465 2997 5534 ἐλέγχων
3024 5464 3249 5528 ἔνδειξιν
3277 5480 3290 5492 ’
3330 5464 3418 5516 ἶνα
3450 5462 3529 5533 μὴ
3555 5460 3650 5513 δύο
3692 5462 4088 5531 πλημμελῶσιν

2500 5560 2685 5611 ἐκεῖνα
2708 5558 2965 5626 φορτικὰ,
2996 5558 3136 5627 μήτε
3160 5556 3316 5611 αὑτοὶ
3345 5558 3618 5625 γινόμενοι
3650 5557 3751 5625 τῆς
3781 5558 3977 5627 ὀρθῆς,
4007 5554 4090 5607 καὶ

2500 5651 2627 5713 τοὺς
2660 5651 2995 5718 δυναμένους
3031 5650 3087 5703 δὲ
3126 5651 3441 5720 προϐαίνειν
3475 5652 3611 5720 αὐτῇ
3650 5650 3985 5719 ἀπάγοντες,
4014 5638 4088 5708 οἷς

2507 5745 2703 5807 αὖτοὺς
2743 5746 2807 5814 τῇ
2840 5746 3073 5814 μεμήτει
3107 5744 3491 5814 ἐκτρέπονται.
