4210 6438
743 410 854 478 735

1445 407 1868 467 EUSTATl‘lII
1909 407 2200 467 TIIESSA
2215 404 2672 468 LONICENSIS
2709 389 3278 466 METROPOLIT£

3904 413 4018 491 736

742 523 909 591 cujus
932 521 1094 593 capiti
1127 519 1326 575 deinde
1350 519 1530 573 insani
1567 518 1918 580 insidientur,
1945 516 2108 586 idque
2145 517 2315 570 velim

2423 514 2767 582 άγιάσαντος,
2803 515 2939 568 ἀλλὰ
2967 517 3195 583 παντὸς,
3222 516 3536 572 οὑτινοσοῦν
3560 519 3670 574 κᾶν
3706 518 3944 577 ὕστερον
3967 529 4014 578 oi

745 618 1050 672 demittere.
1084 612 1186 678 Qui
1223 611 1324 666 sibi
1363 610 1620 664 videmur
1669 609 1849 677 capita
1896 624 2037 675 esse,
2095 609 2190 663 sed
2246 625 2304 663 re

740 720 869 758 vera
901 717 1051 758 mera
1086 702 1222 756 colla
1257 701 1375 755 sine
1398 701 1600 768 capite,
1636 699 1729 767 qui
1763 714 1862 752 sua
1888 697 2160 767 jactantia
2196 715 2319 751 tmt-

742 803 931 849 tantur
965 794 1019 848 in
1068 805 1236 862 opera
1295 806 1396 844 suo
1419 789 1632 843 auctori
1683 790 2138 843 contradicentia.
2191 788 2320 842 Ete-

742 886 856 940 nitn
891 899 998 938 non
1027 882 1272 952 cogitant
1301 883 1491 936 Patres
1519 879 1738 948 quidem
1782 894 1842 932 se
1881 894 2002 932 esse
2037 878 2091 932 in
2126 880 2320 933 ordine

742 975 1109 1038 hierarchico,
1142 971 1236 1029 sed
1266 973 1478 1026 Patrem
1532 970 1753 1024 Patrum
1785 985 1909 1024 esse
1958 971 2312 1038 pontiﬁcem;

743 1082 850 1122 nec
884 1076 1133 1136 pastores
1163 1063 1382 1133 quidem
1410 1077 1548 1123 sese,
1579 1063 1706 1131 quia
1738 1071 1980 1137 prati-unt
2001 1061 2314 1130 aliquando,

741 1174 1017 1215 summum
1053 1170 1180 1209 vero
1215 1163 1490 1224 pastorem
1514 1169 1636 1208 esse
1667 1151 2001 1221 pontiﬁcem,
2031 1153 2116 1205 cui
2149 1166 2316 1220 supra

741 1257 1054 1320 praeeuntes
1081 1261 1205 1300 esse
1239 1245 1501 1313 contigit,
1536 1255 1592 1299 et
1642 1259 1784 1312 saepe
1830 1244 2152 1312 episcOpum
2202 1243 2318 1312 epi-

2423 606 2498 676 μὴ
2541 605 2965 675 βαθυγνώμονες
3000 610 3397 679 ὲπεγείρωνται
3434 613 3558 674 ταῖς
3597 613 3887 681 κεφαλαῖς,
3919 616 4018 666 καὶ

2420 699 2657 766 ἀπάγειν
2694 699 2866 760 αὑτὰς
2903 699 3166 752 ὲθέλωτι·
3211 701 3499 766 δοκοῦντες
3544 703 3645 774 μὲν
3692 707 3742 758 oi
3776 705 4016 760 τοιοῦτοι

2423 791 2659 858 κεφαλαὶ
2702 787 2867 859 εἶναι,
2897 795 2978 865 τῷ
3011 794 3126 847 δντι
3156 795 3213 847 δὲ
3253 796 3486 866 αὐχένες
3523 798 3677 863 ὄντες
3716 802 4016 870 ἀκέφαλοι,

2425 885 2522 934 καὶ
2547 880 2719 946 οὕτως
2744 885 3250 956 ἀποκαθιστάμενοι
3279 891 3345 959 τῇ
3379 889 3672 962 ἀλαζονείᾳ
3697 895 3782 954 εἰς
3811 895 4018 964 χειρῶν

2429 973 2747 1042 πλάσματα,
2779 979 2892 1039 τοῖς
2915 978 3056 1032 αὐτά
3081 981 3378 1049 ποιήσασιν
3399 983 3774 1050 ἀντιλέγοντα.
3804 987 3880 1038 Οὐ
3909 989 4018 1057 γάρ

2425 1063 2719 1131 ἐννοοῦσιν,
2738 1068 2820 1120 ὅτι
2845 1069 3086 1139 Πατέρες
3114 1071 3216 1139 μὲν
3241 1073 3392 1124 αὐτοὶ
3416 1073 3789 1144 διακρίνονται
3819 1080 4012 1147 ἀρχιε-

2429 1157 2638 1227 ρατικῷ
2665 1159 2877 1230 ῥυθμῷ,
2901 1160 3091 1230 Πατὴρ
3107 1161 3162 1214 δὲ
3192 1163 3453 1234 Πατέρων
3481 1168 3510 1218 6
3534 1167 3827 1237 ἀρχιερεύς
3853 1186 3869 1201 ο
3899 1170 4017 1222 οὗθ’

2434 1249 2520 1302 ὅτι
2569 1250 2826 1319 ποιμένες
2871 1253 2971 1322 μὲν
3011 1252 3199 1318 αὐτοὶ,
3240 1257 3321 1308 ὅτι
3361 1258 3456 1311 καὶ
3497 1261 3792 1329 ἡγούμενοί
3838 1280 4014 1328 ποτε,

740 1355 1068 1412 scaporum;
1097 1355 1273 1410 neque
1301 1353 1362 1393 se
1391 1336 1664 1391 modicum
1700 1333 2042 1388 monachicis
2070 1335 2321 1404 Operibus

2431 1340 2776 1412 ἀρχιποίμην
2822 1343 2879 1396 δὲ
2932 1346 2960 1397 6
3003 1347 3324 1416 ἀρχιερεὺς,
3371 1350 3497 1402 ἐπεὶ
3551 1352 3648 1404 καὶ
3689 1353 4017 1421 ἡγουμένων

737 1434 1076 1490 exercitatos
1124 1432 1176 1484 in
1223 1428 1601 1499 pontiﬁcatum
1650 1427 1950 1481 ascendere
2005 1433 2324 1494 optaturos,

739 1539 850 1580 non
885 1521 1028 1593 quod
1047 1520 1434 1587 dentergantur
1465 1532 1532 1571 ex
1566 1516 1717 1585 apice
1747 1517 1949 1570 montis
1979 1514 2032 1569 itt
2061 1529 2324 1585 praeceps,

739 1616 834 1671 sed
865 1613 1011 1684 quod
1037 1627 1068 1667 e
1101 1619 1246 1665 terra
1273 1610 1324 1661 in
1355 1606 1556 1661 coelum
1586 1613 1900 1677 assurgant.

2434 1429 2672 1500 ὕπερθεν
2697 1432 2888 1502 ἔλαχεν
2914 1428 3076 1502 εἶναι,
3099 1438 3128 1488 6
3154 1439 3250 1491 καὶ
3279 1440 3601 1493 ἐπισκόπων
3625 1443 3928 1506 ἐπίσκοπος
3957 1447 4018 1496 ἐν

2430 1523 2678 1586 πολλοῐς’
2723 1525 2847 1579 οὔτε
2888 1528 2970 1580 ὅτι
3007 1533 3205 1598 μικρὸν
3247 1531 3373 1583 ὅσον
3423 1534 3903 1603 ἑμμελετήσαντες
3949 1539 4014 1605 τῇ

2435 1617 2701 1687 μοναχικῇ
2736 1617 2995 1688 ἐργωδίᾳ,
3026 1615 3144 1673 εἶτα
3175 1621 3579 1692 ἐπιθυμήσουσι
3605 1628 3701 1679 καὶ
3726 1629 3808 1686 εἰς
3831 1628 4018 1696 ἱεράρ-

739 1726 842 1781 χας
874 1707 1030 1762 αὐτοὶ
1072 1701 1371 1775 μεταϐῆναι
1396 1716 1412 1731 ο
1453 1700 1514 1753 οὐ
1558 1699 1731 1770 δήπου
1773 1699 2316 1770 ὑποκατασησὸμενοι
2351 1700 2428 1766 ὡς
2459 1705 2571 1758 ἀπὸ
2598 1708 2913 1780 ἀκρωρείας
2944 1710 3024 1775 εἷς
3053 1728 3206 1776 τινας
3243 1716 3525 1786 κρημνοὺς
3549 1757 3563 1778 ,
3591 1717 3707 1771 ἀλλ’
3764 1719 3844 1781 ὼς
3916 1722 4017 1793 ἀρ-

742 1803 1034 1875 θησὸμενοι
1060 1800 1124 1852 ὲκ
1151 1796 1252 1864 γῆς
1284 1795 1364 1856 είς
1395 1794 1705 1860 Ὄλυμπον.

811 1898 866 1952 9.
897 1893 1003 1948 Sed
1025 1906 1188 1961 quam
1211 1892 1282 1945 ob
1311 1903 1533 1944 causam
1558 1887 1793 1957 amplius
1827 1887 2095 1959 divagari,
2120 1897 2175 1944 et
2207 1902 2314 1942 non

2501 1887 2569 1945 θ’.
2624 1889 2786 1943 um
2814 1891 2868 1944 τί
2910 1910 3002 1962 μοι
3034 1895 3418 1965 παρεξοδεῦειν
3446 1900 3526 1962 είς
3569 1900 3760 1964 πλέον,
3799 1905 3900 1956 καὶ
3942 1905 4017 1976 μὴ

741 1993 807 2042 ad
844 1984 1278 2058 pereurrendum
1327 1981 1561 2037 stadium
1599 1981 1876 2035 reﬁeetcre
1901 1981 1923 2032 ?
1949 1982 2227 2050 Agebatur
2252 1981 2321 2036 de

641 2107 647 2114 ε
740 2078 994 2152 eligenda
1053 2077 1164 2131 vita
1227 2071 1501 2144 periecta,
1531 2079 1586 2125 et
1607 2071 1674 2125 de
1702 2073 2104 2126 consideranda
2157 2074 2210 2127 itt
2255 2087 2320 2127 ea

744 2172 1002 2228 universa
1032 2167 1139 2220 vita
1187 2163 1511 2218 monachica
1542 2179 1557 2217 :
1587 2177 1750 2232 quant
1785 2164 1879 2232 qui
1920 2173 2045 2233 post
2084 2178 2318 2232 primam

740 2259 1061 2316 describunt
1090 2255 1332 2308 illustres
1367 2252 1512 2320 apud
1558 2267 1659 2307 nos
1695 2253 1973 2317 monachi,
2032 2252 2086 2306 in
2117 2267 2319 2307 vanum

743 2355 1018 2414 laborant,
1047 2347 1191 2418 quod
1220 2345 1289 2399 ad
1315 2346 1467 2415 ipsos
1499 2344 1716 2399 attinet.
1752 2344 1809 2398 Si
1867 2354 2052 2404 autem
2081 2346 2149 2400 ad
2181 2346 2320 2401 bene

743 2444 1114 2501 ordinandum
1150 2453 1462 2497 sermonem
1505 2438 1644 2492 istos
1677 2438 1883 2508 primos
1917 2438 2228 2507 aggredior,
2266 2439 2317 2493 id

741 2554 937 2594 omnes
974 2534 1284 2590 mundanas
1330 2531 1553 2586 ordines
1603 2530 1844 2594 docebit,
1905 2542 1964 2584 ttt
2002 2530 2174 2597 aittnt,
2207 2548 2323 2586 ma-

743 2643 910 2700 gnum
938 2637 992 2682 et
1019 2640 1275 2696 parvum,
1300 2622 1452 2677 circa
1491 2623 1700 2690 majora
1763 2632 1860 2676 aut
1896 2623 2110 2677 minora
2146 2638 2317 2676 oceu-

744 2732 952 2793 patttm.
987 2718 1138 2772 Alius
1177 2713 1401 2785 quidem
1465 2713 1533 2767 ad
1591 2714 1797 2782 majora
1860 2712 2156 2768 ordinatus
2207 2723 2316 2780 est,

743 2815 884 2867 altus
917 2809 984 2863 ad
1011 2807 1316 2864 secundum
1347 2807 1554 2869 locum,
1591 2815 1646 2858 et
1675 2806 1873 2859 tertius
1906 2805 1973 2858 ad
2009 2804 2314 2861 inferiora:

743 2920 870 2973 quae
891 2902 1102 2972 singula
1130 2914 1231 2954 nos
1253 2912 1578 2967 percurrere
1606 2911 1766 2950 nemo
1798 2897 2119 2966 postulabit,
2149 2881 2320 2966 siqui;

745 2997 870 3050 dem
934 3007 1094 3047 nemo
1148 2989 1356 3059 estqui
1420 2988 1564 3042 hanc
1609 2991 1936 3044 sententiam
1981 2990 2036 3044 itt
2089 2991 2318 3045 dubium

750 3094 990 3142 tevocet.

819 3180 904 3233 to.
939 3175 1325 3240 Monachorutp
1355 3189 1532 3244 genus
1567 3174 1844 3228 extrcitus
1870 3183 1976 3238 est,
2045 3187 2154 3228 non
2183 3189 2318 3244 qua-

747 3271 1053 3337 liscunque,
1073 3266 1167 3321 sed
1188 3280 1312 3319 vere
1328 3265 1571 3318 divinus.
1603 3264 1785 3332 Cupite
1814 3279 2008 3328 sacrae,
2035 3263 2130 3318 Dei
2149 3265 2317 3329 acies,

745 3359 910 3416 electi
957 3359 1206 3419 Domino,
1257 3357 1311 3408 ιιι
1364 3355 1505 3410 caelo
1533 3355 1748 3424 inclyti,
1799 3355 2024 3408 omnino
2051 3357 2324 3425 segregati

746 3471 774 3506 a
812 3450 1132 3521 proceribus
1173 3457 1334 3502 terrae
1357 3448 1557 3516 quibus
1599 3447 1739 3499 mala
1764 3457 2077 3511 servantur,
2120 3446 2323 3499 milites

751 3545 1015 3597 adversus
1046 3546 1353 3608 apostatam
1381 3545 1435 3591 et
1467 3536 1726 3590 rebellent
1765 3535 2072 3599 diabolum,
2098 3541 2322 3604 angelo-

749 3650 868 3687 rttttt
894 3633 1220 3694 imitatores,
1253 3629 1484 3696 ideoque
1510 3641 1620 3680 non
1643 3626 1804 3680 modo
1827 3627 2022 3680 anitum
2047 3626 2321 3689 humanm,

748 3725 848 3780 sed
902 3723 1068 3776 etiam
1105 3719 1356 3788 corporis
1400 3718 1679 3780 custodes,
1715 3717 1829 3780 cui,
1885 3715 2086 3771 amotis
2130 3732 2325 3786 pecca.

747 3821 841 3880 tis,
869 3823 1113 3869 nostram
1166 3812 1398 3882 primam
1423 3809 1767 3862 harmoniam
1831 3807 1970 3863 bene
2025 3822 2323 3877 congruant

747 3905 1125 3969 turbantibus,
1149 3903 1442 3957 sanitatem
1469 3899 1746 3966 aﬁ‘erunt;
1777 3899 1880 3969 ipsi
1935 3899 2154 3956 virtutis
2193 3916 2324 3955 vasa

745 4003 793 4053 si
842 4000 907 4051 ad
934 4011 1056 4050 eam
1116 3993 1370 4064 protinus
1425 4001 1623 4061 aperta
1647 4001 1815 4056 sunt;
1852 3990 2052 4045 divinae
2089 3992 2325 4062 myrrha:

748 4087 1115 4158 receptacula,
1163 4083 1386 4153 quando
1442 4084 1684 4151 graviter
1709 4097 1816 4136 non
1849 4082 2032 4147 olent;
2102 4096 2324 4152 aposto-

749 4183 926 4237 lorum
959 4180 1185 4249 elligies,
1215 4177 1434 4248 quando
1464 4176 1532 4230 ad
1567 4191 1656 4229 res
1685 4176 1897 4253 divinas
1930 4177 2324 4245 exsculpendas

747 4281 877 4329 sttnt
932 4270 1152 4335 idonei;
1191 4268 1431 4336 paradisi
1466 4269 1762 4330 salutares,
1795 4267 2062 4322 inaecessi
2102 4271 2322 4336 perﬁdis

750 4362 1104 4432 serpentibus
1138 4373 1235 4428 per
1267 4372 1409 4428 quos
1471 4357 1727 4412 diabolus
1755 4373 1882 4412 cum
1947 4360 2322 4428 praebentibus

748 4469 935 4507 aurem
967 4453 1082 4505 vult
1108 4450 1367 4520 colloqui.
1390 4448 1514 4504 Ilaec
1545 4449 1916 4517 pulcherrima
1967 4452 2133 4515 acies,
2157 4469 2321 4522 quam

2423 1979 2820 2051 ἑπανακάμψαι
2860 1983 2941 2048 είς
2980 1985 3039 2038 τὸ
3076 1988 3500 2058 προτεθειμένον
3535 1992 3868 2062 τρόχασμας
3904 1992 4017 2048 Ἦν

2423 2071 2478 2124 δὲ
2526 2073 2656 2126 αὐτὸ
2693 2075 2922 2146 ὲπιλογῇ
2971 2078 3071 2147 τῆς
3118 2081 3606 2152 μιγαλοσχήμονος
3650 2085 3868 2155 βιοτῆς,
3919 2089 4016 2141 καὶ

2423 2159 2627 2232 θεωρίᾳ
2672 2163 2745 2215 δι’
2795 2165 2965 2235 αὐτῆς
3014 2166 3109 2219 τοῦ
3158 2167 3281 2221 ὅλου
3332 2171 3632 2241 μοναχικοῦ
3678 2173 3800 2242 βίου
3854 2176 3920 2229 ὃν
3967 2180 4016 2230 οἱ

2422 2251 2519 2320 τῆς
2560 2252 2683 2306 καθ’
2727 2255 2875 2324 ἡμᾶς
2903 2258 3007 2324 γῆς
3046 2256 3247 2323 ἔνδοξοι
3285 2263 3512 2330 μοναχοὶ
3547 2265 4016 2334 παραγράφοντες

2420 2343 2806 2412 ἀχρειοῦσι,τ6
2837 2364 2900 2414 γε
2944 2350 3026 2412 εἰς
3057 2351 3252 2413 αὐτοὺς
3283 2346 3440 2422 ἧκον.
3479 2354 3542 2407 Εί
3583 2356 3640 2408 δὲ
3676 2360 3812 2426 πρὸς
3847 2361 4018 2412 εὐτα-

2423 2431 2540 2495 ξίαν
2575 2435 2737 2499 λόγου
2768 2439 2893 2500 τοὺς
2933 2440 3206 2503 τοιούτους
3231 2441 3481 2510 πρώτους
3512 2450 4014 2518 μεταχειρίσομαι.

2422 2528 2576 2589 αὐτὸ,
2601 2530 2754 2595 φασὶ,
2784 2529 3014 2599 δηλώσει
3038 2534 3204 2586 παντὶ
3225 2536 3467 2603 τάγματι
3485 2539 3759 2608 κοσμικῷ,
3782 2544 4018 2613 μεγάλῳ

2423 2618 2515 2669 καὶ
2542 2619 2743 2689 μικρῷ,
2763 2621 2895 2691 περὶ
2925 2623 3098 2691 μείζω
3129 2627 3542 2696 καταγινομένῳ
3567 2630 3662 2681 καὶ
3685 2633 3818 2699 περὶ
3851 2635 4018 2687 ἐλάτ-

2420 2726 2570 2764 τονα.
2615 2710 2677 2765 'O
2713 2713 2814 2782 μέν
2854 2730 2938 2775 τις
2983 2716 3334 2770 ἐπιτέτακται
3372 2720 3453 2781 είς
3494 2721 3702 2788 μεῖζον,
3755 2724 3785 2774 6
3821 2725 3880 2777 δὲ
3934 2731 4016 2791 εἰς

2421 2799 2691 2872 δεύτερον,
2726 2805 2816 2856 καὶ
2848 2803 2976 2875 ἑξῆς
3001 2809 3080 2869 είς
3111 2806 3500 2879 ὑποδεέστερον
3526 2828 3542 2843 ο
3568 2815 3662 2865 καὶ
3694 2817 4018 2883 περιελθεῖν

2423 2890 2788 2957 ἑπαγωγικῶς
2814 2893 2882 2944 τὰ
2909 2893 3137 2947 τοιαῦτα
3166 2895 3343 2960 οὐδεὶς
3382 2900 3527 2968 ἡμᾶς
3555 2902 3900 2974 ἀπαιτήσει,
3932 2909 4018 2961 ὅτι

2423 2981 2557 3050 μηδὲ
2578 2983 2663 3053 εἴη
2689 2982 2756 3038 ἂν
2781 2985 2808 3036 6
2839 2986 3160 3056 ἀμφιγνοῶν
3186 2996 3337 3042 τουτὶ
3374 2993 3434 3043 τὸ
3460 2992 3680 3063 λῆμμα.

2495 3162 2546 3216 ι’.
2581 3164 2738 3216 Ἐστι
2767 3164 2830 3228 δὴ
2858 3166 3044 3236 τάγμα
3072 3184 3125 3220 τι
3153 3170 3250 3222 καὶ
3281 3169 3343 3222 τὸ
3370 3177 3686 3242 μοναχικὺν,
3723 3181 3822 3230 καὶ
3855 3182 3920 3232 οὗ
3955 3183 4016 3234 τδ

2422 3257 2603 3325 τυχὸν,
2652 3257 2788 3310 ἀλλὰ
2835 3258 2976 3312 θεῖον
3015 3260 3093 3328 τῷ
3141 3261 3296 3315 δντι’
3347 3267 3578 3335 στρατὸς
3629 3271 3774 3338 ίερός
3802 3288 3819 3302 ο
3874 3277 4018 3327 θεοῦ

2425 3348 2774 3420 παρεμϐολήυ
2815 3351 3064 3407 ἐκλεκτοὶ
3106 3355 3325 3431 κυρίῳο
3358 3356 3558 3422 ἔνδοξοι
3598 3361 3692 3412 τοῦ
3727 3364 3971 3433 οὐρανοῦ
3999 3382 4013 3394 ·

2422 3438 2499 3506 τῷ
2526 3442 2687 3492 παντὶ⁵
2710 3443 3079 3511 ἀφεστηκότες
3099 3449 3208 3498 τῶν
3231 3447 3458 3514 ἐνδόξων
3479 3450 3581 3518 τῆς
3603 3455 3726 3520 γῆς,
3749 3451 3836 3518 οἷς
3861 3459 4040 3510 κακά’

2423 3531 2807 3599 προτίθενται·
2856 3535 3188 3604 στρατιῶται
3233 3539 3374 3591 κατὰ
3412 3540 3507 3592 τοῦ
3546 3542 3868 3598 ἀποπάτου
3915 3549 4018 3603 καὶ

2422 3623 2688 3690 ἀντὰρτου
2732 3623 2986 3692 δαίμονος
3007 3641 3022 3656 ·
3055 3627 3303 3695 ἀγγέλων
3337 3633 3609 3699 μιμηταὶ,
3640 3635 3735 3685 καὶ
3769 3635 3845 3686 δι’
3877 3639 4018 3691 αὐτὸ

2424 3711 2664 3780 φύλακες
2690 3715 3044 3783 ἀνθρωπίνων
3070 3717 3132 3769 οὐ
3166 3718 3327 3786 μόνον
3353 3719 3563 3791 ψυχῶν,
3601 3723 3742 3776 ἀλλά
3771 3728 3874 3779 καὶ
3907 3745 4014 3781 σω.

2427 3804 2636 3873 μάτων,
2668 3799 2746 3868 οἷς
2775 3806 3113 3873 ὐγιάζουσιν,
3141 3810 3575 3876 ἀπαλλάττοντες
3607 3815 3929 3886 ἁμαρτιῶν,
3956 3821 4014 3872 αῖ

2426 3896 2520 3948 καὶ
2558 3897 2658 3967 τὴν
2705 3899 2763 3950 ἐν
2796 3899 2929 3968 ἡμῖν
2969 3899 3231 3962 πολλάκις
3275 3902 3612 3972 εὐάρμοστον
3651 3913 4015 3979 στοιχειακὴν

2425 3989 2688 4058 ἁρμονίαν
2715 3991 3084 4061 παραλύουσιν
3105 4009 3118 4021 ·
3149 3994 3351 4064 ἀρετῆς
3375 3996 3532 4049 αὐτοὶ
3557 3997 3761 4067 δοχεῖα,
3789 4003 3843 4053 εί
3871 4005 4014 4072 πρὸς

2423 4079 2594 4148 αὐτὴν
2625 4079 2858 4143 εὐθέτως
2888 4082 3194 4150 ἀνοίγονται
3215 4101 3234 4119 ο
3264 4087 3438 4158 μύρου
3473 4087 3621 4141 θείου
3658 4093 3891 4159 ἀγγεῖα,
3921 4098 4011 4149 ὅτε

2427 4171 2504 4240 μὴ
2554 4171 2756 4241 τύχωσι
2805 4174 3028 4244 σαπρῶς
3079 4175 3257 4245 ἔχειν·
3307 4179 3645 4235 ἀποστολικὰ
3685 4185 4011 4255 ἐκμαγεῖα,

2425 4261 2588 4331 ἡνίκα
2620 4263 2695 4332 μὴ
2733 4263 2922 4332 ἀφυῶς
2947 4264 3163 4335 ἔχουσιν
3195 4269 3563 4337 έκμάττεσθαι
3595 4273 3664 4326 τά
3698 4276 3799 4329 τοῦ
3833 4279 3972 4332 Θεοῦ
3992 4297 4009 4314 ο

2424 4353 2744 4420 παράδεισοι
2773 4357 3050 4425 σωτήριοι,
3079 4359 3416 4428 ἀπρόσϐατοι
3438 4363 3692 4434 ψιθύροις
3720 4367 3911 4436 ὄφεσι,
3941 4373 4011 4424 δι’

2423 4440 2498 4499 ὧν
2526 4447 2554 4497 6
2582 4447 2790 4517 δαίμων
2831 4449 3005 4502 ἐθέλει
3034 4449 3216 4506 λαλεῖν
3255 4455 3408 4523 παρά
3437 4458 3548 4518 τοῖς
3579 4459 4010 4527 ἁνορθιὰζουσιν

751 4545 1057 4599 hierarchia
1085 4544 1192 4596 alia
1220 4543 1446 4597 omnino
1475 4549 1723 4611 superat,
1750 4549 1986 4595 ostentat
2016 4559 2149 4599 suos
2173 4560 2318 4614 prte-

2424 4537 2609 4602 αὐτοῖς
2649 4540 2718 4592 τὰ
2747 4535 2884 4594 ὦτα.
2926 4543 3096 4596 Τοῦτο
3142 4545 3205 4598 τὸ
3244 4546 3526 4614 πάγκαλον
3560 4551 3794 4618 τάγμα,
3837 4549 4010 4625 οὗπερ

749 4640 888 4693 latos
918 4637 1014 4707 qui
1041 4643 1170 4690 sunt
1218 4635 1435 4706 magnis
1467 4634 1713 4704 insignes
1746 4634 2064 4700 virtutibus,
2099 4637 2192 4707 qui
2236 4637 2320 4708 (ut

748 4730 999 4785 absolute
1047 4728 1252 4796 dicant)
1286 4741 1440 4782 suam
1484 4726 1941 4795 magnitudinem,
1975 4737 2033 4783 et
2059 4742 2317 4798 magnum

749 4822 1120 4876 characterem
1180 4833 1338 4874 suum
1395 4818 1546 4872 nullo
1609 4816 1770 4872 modo
1824 4817 2016 4873 fallere
2080 4817 2315 4884 debent;

748 4913 907 4982 cujus
929 4911 1149 4981 quidem
1174 4907 1588 4978 intelligentiam
1607 4922 1716 4962 non
1755 4907 2089 4963 arbitrorita
2124 4922 2320 4962 ascen-

748 5005 878 5058 dere
908 5003 964 5056 itt
996 5011 1203 5055 mentes
1227 4999 1504 5063 omnium,
1564 5013 1740 5067 neque
1772 4997 2071 5068 perfectam
2122 4998 2315 5068 cogni-

752 5099 977 5162 tionem,
1015 5103 1074 5148 ut
1109 5093 1284 5162 primo
1307 5092 1500 5148 obtutu
1530 5091 1891 5162 intelligatur.

848 5269 936 5325 il.
995 5267 1299 5339 Prnpositis
1378 5268 1654 5322 variarum
1750 5266 2054 5336 specierum
2128 5266 2316 5336 ﬁguris

753 5360 1412 5431 mathematicis,sphera
1447 5359 1688 5413 eminere
1713 5357 1945 5421 videtur,
1979 5357 2142 5426 cujus
2172 5356 2314 5412 linea

751 5454 1158 5514 circumducta,
1211 5463 1375 5520 atque
1423 5465 1556 5518 gyro
1589 5464 1690 5503 suo
1730 5451 1912 5505 omnia
1956 5449 2104 5503 intus
2137 5447 2315 5502 invol-

751 5558 907 5607 vens,
937 5556 1241 5611 magnaque
1276 5540 1594 5609 apparentia
1619 5539 1746 5593 inde
1771 5539 2096 5606 conspicua.
2121 5542 2316 5592 merito

753 5632 984 5689 dicenda
1011 5640 1095 5685 est
1122 5645 1317 5701 magna
1351 5633 1520 5700 ﬁgura
1544 5642 1768 5699 propter
1793 5643 1948 5682 suam
1970 5630 2314 5698 magnitudi—

755 5743 900 5782 nent.
943 5725 1146 5779 l‘lodetn
1190 5724 1351 5778 modo
1383 5725 1712 5788 monachus,
1745 5723 1945 5777 virtute
1970 5723 2230 5789 caelestis,
2261 5733 2317 5777 et

759 5819 1100 5894 propinquus
1135 5817 1268 5885 Dco,
1328 5823 1379 5871 ct
1419 5815 1618 5885 dignus
1684 5815 1868 5889 aliquo
1912 5814 2074 5871 modo
2105 5816 2196 5886 qui
2244 5816 2310 5870 ad

2425 4628 2602 4692 ἄλλως
2633 4636 3011 4702 πρωτοστατεῖ
3067 4636 3285 4698 πάντως
3313 4637 3372 4690 τὸ
3400 4639 3818 4711 ἀρχιερατικδν,
3851 4653 4010 4717 apo?-

2425 4723 2722 4790 σταμένους
2740 4724 2898 4792 αὐχεῖ
2919 4725 3044 4786 τοὺς
3059 4724 3154 4778 τοῦ
3185 4727 3401 4796 άληθῶς
3427 4731 3664 4796 μεγάλου
3693 4735 4006 4803 σχήματος,

2423 4809 2520 4874 οὓς
2547 4811 2651 4882 χρὴ
2676 4813 2896 4875 πάντως
2928 4815 3066 4883 μήτε
3099 4814 3159 4866 τὸ
3193 4815 3338 4883 μέγα
3369 4815 3660 4884 ψεύδεσθαι
3689 4821 4005 4885 (em-5w,—

2421 4901 2594 4965 οὕτως
2623 4904 2858 4974 εἰπεῖν),
2895 4905 3034 4974 μήτε
3063 4905 3169 4975 μὴν
3203 4905 3473 4968 συνθέτως
3504 4907 3566 4959 τὸ
3597 4909 3741 4977 μέγα
3771 4914 3964 4981 σχῆμα
3988 4930 4003 4941 ’

2421 4989 2484 5050 οὗ
2515 4994 2613 5066 τὴν
2651 4994 2859 5049 ῑννοιαν
2887 4995 2988 5049 οὐκ
3016 4991 3171 5065 οἶμαι
3201 4998 3280 5059 είς
3305 4997 3406 5060 τάς
3432 4998 3650 5052 πάντων
3680 5002 4005 5078 ἀναδαίνειν

2420 5088 2621 5158 ψυχὰς,
2665 5090 2734 5141 τά
2771 5106 2830 5141 τε
2869 5091 2950 5152 είς
2984 5090 3187 5161 ἀκριῦἧ
3229 5092 3578 5162 κατανόησιν,
3626 5096 3844 5148 τοιάνδε
3885 5101 4004 5151 τινα

2418 5176 2607 5246 οὖσαν,
2633 5183 2708 5243 ὡς
2736 5183 2794 5235 ὲν
2826 5183 3016 5252 πρώτῃ
3049 5183 3276 5253 ἑπιὸολῇ
3309 5185 3602 5253 θεωρῆσαι.

2494 5279 2582 5325 ια’.
2621 5271 2742 5324 Τῶν
2773 5274 2911 5326 κατά
2953 5273 3188 5342 μάθησιν
3219 5274 3514 5343 σχημάτων
3543 5259 3851 5330 πολυειδῶν
3871 5281 4002 5332 ὐπο-

2418 5363 2748 5433 τεθειμένων
2779 5365 3138 5435 ὑπερκεῖσθαι
3174 5365 3232 5418 τὸ
3260 5365 3402 5418 κατά
3433 5366 3532 5435 τὴν
3558 5370 3800 5437 σφαῖραν
3830 5371 3997 5434 δοκεῖ,

2419 5455 2541 5506 καθ’
2583 5455 2651 5524 ἣν
2682 5458 2775 5507 καὶ
2819 5457 2854 5525 ἠ
2901 5457 3149 5526 ἀπλανὴς
3187 5459 3558 5527 περιηγμένη,
3610 5461 3710 5511 καὶ
3741 5461 3824 5530 τῷ
3879 5463 3998 5513 κατ’

2419 5544 2590 5614 αὐτὴν
2621 5544 2771 5615 γύρῳ
2803 5547 2862 5596 τὸ
2898 5547 3008 5598 πᾶν
3045 5545 3154 5598 ἔσω
3195 5546 3506 5615 σφίγγουσα
3529 5585 3544 5612 ,
3573 5548 3670 5600 καὶ
3700 5549 3828 5602 λίαν
3865 5553 3997 5604 πολὺ

2419 5634 2686 5705 σέμνωμα
2715 5635 2965 5688 ἐντεῦθεν
2991 5634 3319 5702 πλουτοῦσα,
3343 5637 3518 5707 ὀρθῶς
3547 5639 3638 5690 δια
3665 5643 3728 5691 τι
3752 5642 3882 5693 κατ’
3905 5645 3998 5694 αὖε

2416 5725 2516 5794 τὴν
2565 5726 2850 5795 μεγαλεῖον
2887 5727 3101 5794 λέγοιτο
3141 5728 3208 5781 ἂν
3260 5729 3404 5796 μέγα
3451 5731 3658 5800 σχῆμα.
3719 5735 3777 5786 ὐ
3814 5738 3996 5786 τοίνυν

2418 5817 2519 5886 τὴν
2553 5817 2755 5889 ἀρετὴν
2791 5820 3039 5890 οὐράνιος
3076 5819 3329 5892 μοναχὺς,
3365 5822 3459 5876 καὶ
3488 5822 3664 5886 οὕτως
3697 5825 3990 5896 ἀγχίθεος,
