4210 6438
175 497 262 545 τού
294 494 555 564 ἀνεφέλου
576 495 741 549 τόπου
770 496 861 548 καὶ
891 497 975 548 ἀεὶ
1001 499 1352 565 cptum-pavo);
1381 515 1395 527 ο

174 589 425 656 adﬁni-att
454 587 554 656 τῆς
590 588 845 654 τοιαύτης
881 589 1142 657 ἐφέσεως,
1197 590 1296 642 εἴτ’
1326 584 1420 642 οὖν
1475 590 1748 656 ψαύσεως.

177 684 264 734 καὶ
298 685 378 742 εἰς
409 681 498 733 τδν
527 682 658 733 Θεδν
689 680 1067 750 ἀποκαταστῆ,
1095 683 1264 734 τόπου
1291 681 1582 750 γενόμενος
1618 683 1754 750 ὑψη-

173 773 418 836 λοτάτου,
451 773 542 841 ἀφ’
571 767 632 826 ἀὖ
656 774 966 826 ἐπιϐλέπων
990 776 1017 825 ὁ
1057 773 1257 836 Κᾶριος
1291 773 1561 826 διοπτεύει
1612 772 1752 826 πάν-

174 885 264 928 τας
319 869 447 929 τοὺς
499 867 641 929 υἱοὺς
705 868 813 918 τῶν
873 867 1202 936 ἀνθρώπων.
1266 867 1358 918 καί
1401 884 1517 930 πως
1556 865 1752 934 ἐκείνῳ

176 960 646 1029 συμπροκύπτων,
678 959 904 1011 δύναται
950 962 1042 1012 καὶ
1095 958 1256 1020 αὐτὸς
1288 960 1490 1030 ὲιρορᾷν
1548 958 1754 1027 ἀνθρώ-

173 1070 324 1113 πους,
351 1052 466 1102 ὅσοι
502 1054 600 1120 τῆς
625 1049 792 1102 αὐτοῦ
829 1051 1086 1120 ἐφορείας
1137 1051 1372 1111 δέονται.
1428 1049 1525 1102 καὶ
1572 1052 1752 1102 πάντα

175 1147 265 1196 ut
295 1145 480 1208 αὐτὸς,
513 1145 612 1195 ὅσα
642 1142 839 1206 ἐθέλει,
867 1144 1041 1194 ποιεῖν
1063 1174 1131 1184 --
1171 1143 1295 1194 τότε
1335 1142 1400 1212 δὴ
1443 1143 1502 1194 τὸ
1558 1141 1753 1210 μικρὸν

176 1236 548 1298 ιὶττεραναὸὰς,
581 1239 660 1297 εἰς
701 1238 827 1288 ὅσον
879 1235 982 1287 οὐκ
1018 1237 1085 1290 ἂν
1132 1238 1216 1302 εἴη
1258 1235 1752 1304 ἐξαριθμήσασθαι,

172 1332 264 1383 τοῦ
304 1329 547 1397 μεγαλου
576 1329 770 1394 γέγονε
802 1329 1104 1397 σχήματος,
1163 1327 1439 1395 προσώπῳ
1486 1329 1568 1379 ἑνὶ
1618 1327 1756 1395 λαμ-

176 1421 299 1490 πρῷ
334 1422 430 1474 καὶ
465 1419 831 1487 πολυμεγέθει
860 1422 1281 1486 σεμνυνόμενος,
1322 1423 1381 1471 ὲν
1413 1421 1488 1486 τῷ
1527 1419 1754 1471 ὀπτανε-

176 1515 300 1565 σθαι
335 1516 415 1583 τῷ
451 1514 730 1582 προσώπῳ
774 1512 866 1564 τοῦ
901 1511 1143 1579 μεγάλου
1172 1511 1308 1563 Θεοῦ
1370 1512 1464 1564 καὶ
1501 1512 1754 1581 Σωτῆρος

174 1608 355 1674 ἡμῶν,
429 1605 604 1673 Ἰησοῦ
656 1602 919 1669 Χριστοῦ,
962 1603 1056 1656 τοῦ
1116 1604 1233 1664 ἑνὸς
1262 1604 1361 1670 τῆς
1431 1603 1754 1670 ὑπερφώτου

175 1699 429 1760 Τριαδος.
463 1698 559 1750 καὶ
592 1697 668 1766 τῷ
691 1696 864 1765 λοιπῷ
882 1696 938 1748 δὲ
964 1698 1059 1764 τῆς
1088 1695 1230 1748 κατὰ
1263 1695 1477 1763 πνεῦμα
1509 1695 1757 1763 διαρτίας

174 1791 233 1852 ἐξ
261 1790 532 1856 ἀναλόγου
575 1788 880 1857 μεγαλείως
916 1789 1010 1841 καὶ
1040 1787 1234 1846 ἑνικῶς
1263 1787 1614 1854 ἐσταλμένος,
1663 1789 1754 1839 καὶ

1137 381 1234 440 DE
1279 382 1757 442 EMEMMNDA
1787 383 1961 441 VITA
2004 381 2472 441 MONACHICA.

3322 379 3432 444 742

1436 499 1529 548 καὶ
1561 499 1623 554 δὴ
1656 500 1750 549 καὶ
1785 506 1822 555 Α
1857 501 2100 560 potiatur
2131 499 2231 549 hoc
2263 508 2408 561 ιοιυ,
2438 499 2534 550 hac
2559 499 2698 560 luce,
2727 499 2881 564 juxta
2907 496 3075 552 Deum
3099 495 3280 550 sedem
3310 499 3436 564 ligat

1859 592 1996 643 civis
2057 589 2344 642 altissimze
2392 588 2660 656 regionis,
2702 605 2732 643 e
2771 605 2876 659 qua
2935 589 3241 661 universos
3293 588 3435 640 ﬁlios

1862 682 2140 734 hominum
2186 681 2450 734 Dominus
2511 683 2820 752 conspicit;
2850 692 2904 735 et
2931 682 3048 750 ipse
3076 696 3136 736 se
3173 696 3298 734 cum
3339 681 3432 732 illo

1858 776 2040 844 aliquo
2063 776 2225 830 modo
2252 777 2520 829 inclinans
2546 786 2720 843 potest
2741 775 2993 829 homines
3016 784 3282 844 quatquot
3309 776 3432 840 ipso

1857 869 1992 922 duce
2026 869 2268 938 indigent
2302 868 2568 935 aspicere,
2599 880 2651 921 et
2687 882 3033 934 quaecunque
3057 867 3160 919 sibi
3201 871 3423 935 placue-

1858 958 1968 1012 rint
2021 975 2296 1029 peragere.
2344 960 2499 1014 Tunc
2547 959 2822 1012 modicum
2885 975 3230 1029 progressus,
3255 975 3432 1027 quan—

1857 1051 2032 1104 tulum
2071 1053 2379 1105 meusurari
2411 1053 2500 1106 vix
2536 1052 2802 1121 possibile
2835 1063 2938 1117 est,
2967 1052 3026 1106 fit
3054 1053 3238 1121 magni
3276 1053 3434 1105 indu-

1857 1142 2026 1196 menti
2055 1143 2359 1212 particeps,
2393 1160 2498 1198 una
2532 1144 2717 1212 specie
2745 1144 2922 1197 lucida
2951 1152 3005 1198 et
3057 1160 3254 1211 magna
3294 1161 3430 1199 cou-

1859 1234 2109 1304 spicuus,
2152 1234 2303 1287 visus
2335 1235 2438 1288 sub
2461 1237 2642 1302 specie
2675 1233 2855 1306 magni
2897 1233 3014 1294 Dei.
3051 1246 3104 1288 et
3132 1235 3435 1289 Salvator-is

1858 1330 2039 1386 nostri
2089 1328 2220 1385 Jesu
2253 1330 2488 1394 Christi,
2523 1331 2684 1384 unius
2716 1331 2781 1384 de
2831 1329 3099 1384 Trinitatc
3131 1333 3437 1398 incompre-

1858 1425 2140 1485 hensibili,
2180 1433 2234 1478 et
2259 1424 2519 1476 similiter
2543 1423 2749 1490 reliqua
2774 1422 3012 1490 Spiritus
3045 1421 3435 1474 informatione

1858 1519 2086 1570 multum
2119 1525 2172 1570 et
2222 1516 2381 1569 unice
2426 1515 2709 1584 przeditusv,
2764 1514 2956 1581 sicque
2997 1513 3431 1582 assumptiencm

1860 1609 2041 1675 magni
2079 1607 2383 1660 indumenti
2419 1621 2526 1659 non
2570 1606 2786 1669 failens,
2848 1605 2996 1674 quod
3045 1605 3287 1658 eveniret
3316 1604 3439 1671 qui-

1859 1698 1981 1751 dem
2045 1699 2156 1768 (res
2218 1697 2490 1753 mirabilis
2537 1697 2751 1766 dictu!)
2813 1696 2921 1749 nisi
2962 1695 3011 1747 id
3046 1693 3223 1748 sancti
3251 1693 3440 1750 Patres

1857 1788 2168 1856 indicarent
2204 1789 2424 1843 differre
2471 1805 2498 1842 a
2542 1789 2779 1842 maxima
2815 1795 2868 1841 et
2903 1786 3066 1842 unica
3103 1786 3197 1840 Dei
3234 1785 3438 1856 specie,

174 1884 319 1935 οὕτω
351 1885 426 1952 μὴ
447 1883 772 1950 ψευδόμενος
802 1886 899 1949 τὴν
933 1881 1026 1934 τοῦ
1053 1881 1291 1949 μεγάλου
1326 1881 1601 1948 σχήματος
1633 1880 1761 1931 ἀνά-

1873 1883 1938 1935 ad
1977 1897 2135 1949 quam
2161 1881 2650 1952 incomparabilem
2711 1880 2780 1935 ab
2839 1888 3049 1934 aeterno
3099 1893 3296 1934 omnes
3318 1877 3442 1932 alia:

175 1976 361 2044 ληψιν,
395 1976 534 2044 ὅπερ
583 1969 651 2044 ἦν
695 1975 761 2026 ἂν
793 2003 859 2013 --
885 1974 977 2028 καὶ
1014 1973 1272 2041 μέγιστον
1303 1974 1477 2024 εἰπεῖν
1512 2001 1578 2014 --
1609 1973 1655 2024 εί
1687 1973 1762 2043 μὴ

1872 1977 2019 2030 νεΙυι
2054 1977 2259 2030 umbra:
2293 1982 2584 2046 apparent.

175 2069 514 2120 ὃεαστέλ).ειν
547 2068 677 2120 αὐτὸ
701 2071 747 2120 οἱ
779 2069 1020 2128 Πατὲρες
1052 2063 1110 2120 εὖ
1143 2067 1446 2131 ποιοῦντες,
1479 2068 1750 2133 διέκρινον
1783 2070 1886 2140 τῆς
1928 2073 2068 2126 κατὰ
2104 2073 2237 2126 Θεδν
2310 2072 2708 2141 παμμεγίστης
2769 2068 3274 2141 μονοσχημοσὺνης,
3348 2068 3444 2122 καὶ

180 2167 316 2236 πρὸς
351 2165 415 2234 ἦν
436 2165 851 2230 ἀπαραποσήτον
876 2165 1109 2226 αίωνίως
1138 2164 1305 2217 οὖσαν
1334 2166 1390 2217 αἱ
1414 2165 1597 2217 λοιπαὶ
1623 2165 1755 2218 ώσεὶ
1798 2169 1891 2221 καὶ
1925 2172 2072 2223 σκιαί
2107 2188 2253 2232 τινες
2284 2170 2671 2238 τεθεώρηνται.

249 2259 343 2321 ιζ’.
381 2256 638 2309 Τοιοῦτον
653 2257 833 2308 τοίνυν
857 2256 932 2318 ὡς
961 2258 1017 2307 ὲν
1042 2258 1243 2326 τριπλῇ
1280 2257 1459 2326 ἐννοίᾳ
1490 2257 1643 2319 ὄντος
1669 2258 1765 2310 τοῦ

181 2352 675 2421 μεγαλοσχήμονος
696 2349 835 2418 βίου,
866 2349 1009 2402 καθὰ
1033 2351 1275 2417 εἴρηται,
1305 2351 1403 2413 τῆς
1420 2351 1527 2400 τῶν
1546 2350 1768 2416 ἀγαθῶν
1787 2396 1800 2402 ,

177 2445 526 2514 Χριστιανῶν
597 2441 940 2508 καταφυγῆς,
998 2442 1086 2492 ὅτε
1140 2442 1423 2510 πολεμίων
1478 2442 1538 2505 ἐξ
1596 2443 1764 2510 ἀέρος

181 2535 494 2605 βαλλόντων
528 2531 864 2602 κρύψασθαι,
893 2532 1174 2599 βούλονται
1198 2575 1213 2594 ,
1271 2533 1539 2602 μακάριος
1590 2534 1689 2599 μὲν
1736 2534 1764 2584 ὁ

181 2628 305 2679 κατ’
341 2625 475 2679 αὐτὸ
502 2624 718 2692 ἀληθῶς
749 2624 1242 2693 ἐσχηματισμένος,
1276 2625 1374 2676 εἴτ’
1409 2624 1503 2676 οὖν
1548 2624 1758 2676 είδοπε-

182 2721 487 2788 ποιημένος
551 2716 821 2776 θεοειδῶς.
856 2717 952 2769 καὶ
983 2716 1256 2786 θειότερον
1305 2716 1758 2786 μεμορφωμένοςο

178 2813 261 2873 ὡς
290 2806 384 2863 οἷα
415 2811 472 2861 tv
505 2811 686 2876 μορφῇ
709 2807 846 2859 Θεοῦ
878 2808 1182 2870 καθεστὼς,
1212 2810 1305 2860 καὶ
1330 2809 1428 2875 τὴν
1458 2805 1760 2874 μεγαλοσύ·

182 2920 286 2968 νην
320 2899 575 2953 ἐντεῦθεν
606 2898 895 2967 αὐτοφυῶς
928 2898 1360 2968 κληρωσάμενος
1399 2915 1412 2929 ·
1433 2900 1512 2951 Est
1587 2900 1643 2952 δὲ
1675 2917 1765 2952 τε·

183 2991 460 3052 λειοποιὺς
483 2991 591 3043 τῶν
627 2991 732 3043 ὐπδ
759 2992 816 3043 τὸ
851 2990 1014 3060 μέγα.
1046 2992 1139 3043 καὶ
1161 2993 1302 3044 οὕτω
1325 2992 1544 3061 πρῶτον
1576 2995 1764 3060 σχῆμα

181 3083 512 3152 φιλοσοφίας
543 3082 684 3150 λόγῳ
716 3083 809 3134 καὶ
843 3084 1008 3134 πᾶσιν
1035 3083 1265 3145 ἐκείνοις
1313 3085 1372 3135 τὸ
1431 3084 1608 3136 ἐνδέον
1669 3086 1768 3136 ἀν-

1949 2263 2032 2314 t7.
2074 2263 2224 2316 Talis
2248 2277 2372 2315 cum
2405 2263 2498 2323 sit,
2531 2272 2585 2316 et
2617 2262 2720 2316 sub
2749 2262 2951 2331 triplici
2998 2263 3214 2317 ratione
3268 2255 3444 2332 passil

1868 2354 2207 2408 considerari
2242 2355 2348 2408 vita
2383 2353 2762 2422 perfectionis,
2799 2361 2858 2408 ut
2890 2370 3055 2423 supra
3089 2355 3295 2407 dictum
3334 2364 3442 2413 est.

1867 2449 1949 2500 vel
1991 2449 2115 2516 fuga
2152 2450 2417 2502 bonorum
2467 2449 2906 2503 Christianorum
2958 2447 3050 2517 qui
3103 2448 3172 2500 ab
3203 2447 3444 2502 inimicis

1863 2542 1969 2594 tela
2026 2557 2089 2594 ex
2157 2541 2269 2593 alto
2333 2540 2761 2610 conjicientibus
2834 2549 3086 2608 quaerunt
3133 2540 3442 2601 abscondi,

1865 2635 2061 2688 beatus
2095 2649 2230 2688 sane
2260 2644 2343 2687 est
2375 2635 2466 2702 qui
2501 2635 2553 2686 in
2585 2648 2649 2687 ea
2678 2641 2928 2686 sanctum
2961 2631 3205 2688 habitum
3235 2643 3288 2684 et
3315 2647 3440 2699 spc-

1864 2725 2003 2779 ciem
2031 2740 2158 2778 vere
2183 2724 2504 2791 assumpsit,
2535 2723 2630 2790 qtti
2664 2723 2848 2776 divine
2882 2721 3216 2774 informatus
3243 2727 3351 2780 est,
3383 2729 3439 2772 ct

1867 2818 2023 2886 quasi
2079 2818 2131 2870 in
2161 2818 2331 2868 forma
2360 2815 2450 2869 Dei
2487 2817 2658 2878 stetit,
2715 2812 3258 2882 magnittulineutquc
3322 2810 3447 2878 jure

1867 2906 2116 2975 accepit,
2153 2906 2246 2974 qui
2301 2907 2524 2973 insuper
2588 2906 2797 2975 perlicit
2830 2903 3078 2956 homines
3108 2903 3209 2956 sub
3245 2917 3441 2969 magno

1866 3009 1919 3053 et
1949 3001 2125 3066 printo
2149 3000 2340 3052 ordine
2370 2999 2678 3060 inferiores,
2713 2997 3107 3066 philoSOphicis
3152 2995 3354 3057 vethis,
3393 3003 3448 3046 ct

1875 3092 2104 3159 reliquis
2133 3093 2408 3146 similibus
2438 3093 2750 3145 rationibus
2770 3134 2784 3156 ,
2810 3092 3044 3159 implens
3085 3091 3230 3157 quod
3262 3091 3440 3149 deest,

184 3177 462 3243 απληρῶν
488 3176 695 3245 μεθόδῳ
722 3177 844 3246 θεία
872 3178 1278 3247 συλλογιστικῇ,
1329 3177 1396 3228 δι’
1452 3174 1519 3249 ἧς
1563 3181 1595 3246 ἡ
1660 3181 1767 3231 τῶν

1876 3185 2178 3239 secundum
2210 3186 2484 3252 egregiam
2505 3183 2806 3252 syllogismi
2849 3182 3192 3241 metitodum,
3239 3196 3344 3250 qua
3377 3180 3445 3232 a-l

184 3269 413 3336 ἀγαθῶν
440 3269 644 3335 γνῶσις
683 3271 1022 3337 περαίνεται,
1061 3269 1152 3322 ναὶ
1186 3270 1290 3336 μὴν
1321 3271 1413 3321 καὶ
1437 3273 1513 3331 είς
1540 3272 1771 3340 οὖρανοῦ

186 3364 614 3433 ἀνατεινόμενος
647 3364 899 3432 μίμησιν,
924 3363 998 3423 ὠς
1021 3364 1078 3414 tv
1107 3365 1220 3424 τοῖς
1258 3364 1383 3431 ἑξῆς
1411 3365 1775 3433 ὑποτυπωθήο

189 3477 374 3514 σεται.
417 3457 524 3509 Καὶ
539 3456 684 3509 οὕτω
719 3457 818 3523 μὲν
850 3455 1116 3524 μακάριος
1147 3457 1174 3507 ὀ
1214 3455 1451 3517 τοιοῦτος
1473 3456 1642 3523 λόγων
1663 3476 1775 3510 τοι-

185 3554 372 3606 οὑτων
400 3550 590 3620 τριῶν,
622 3549 716 3602 ἐπὶ
748 3548 1013 3600 ἀναϐάσει
1064 3549 1130 3614 τῇ
1191 3548 1330 3598 κατὰ
1390 3547 1481 3599 τὸν
1537 3548 1774 3614 μεγαλο-

191 3646 471 3712 σχήμονα.
498 3642 574 3700 ῶς
599 3641 678 3700 εἰς
705 3639 887 3706 τρίτον
911 3637 1260 3706 ὲλαφρισθεὶς
1288 3637 1516 3706 οὐρανόν
1552 3655 1563 3668 ·
1593 3637 1774 3699 ἄθλιος

190 3735 276 3795 δὲ,
320 3735 418 3786 καὶ
463 3731 564 3783 οὐκ
623 3730 882 3794 εἰσάπαξ,
942 3729 1078 3780 ἀλλὰ
1156 3728 1461 3797 τρισάθλιος
1514 3731 1540 3779 ὁ
1602 3727 1776 3787 ᾰλὶως

193 3826 320 3879 καθ’
345 3825 634 3891 ὑπόκρισιν
667 3819 1256 3889 προσωποποιοὺμενος
1317 3819 1385 3872 δι’
1443 3817 1630 3880 αὐτοῦ,
1686 3823 1778 3873 καὶ

194 3918 446 3986 σχήματι
475 3913 572 3984 μὲν
596 3911 1029 3978 αντεπάγγελτος
1059 3911 1194 3963 Θεοῦ
1227 3909 1481 3979 πεφηνὼς
1506 3909 1776 3979 πρόσφυξ,

193 4010 496 4079 πράγματι
525 4005 582 4058 δὲ
611 4004 1049 4071 ἀπροσκόλλητος
1075 4001 1150 4054 ὢν
1182 4003 1396 4070 ἐκείνῳ.
1430 4002 1504 4064 ὡς
1545 4002 1575 4068 ἢ
1607 4018 1776 4054 κατα-

194 4101 438 4163 παίζων,
471 4098 503 4165 ἢ
536 4097 609 4164 μὴ
633 4093 1110 4162 ἑκουσιαζόμενος,
1144 4092 1176 4157 ἦ
1203 4092 1337 4144 ἀλλά
1379 4092 1621 4159 ἐμπολῆς
1682 4092 1777 4158 χά-

198 4210 294 4260 ριν
326 4190 391 4242 τὸ
416 4187 580 4240 καλὸν
622 4185 946 4256 προϐάλλων
1007 4183 1514 4252 πραγματιυτικῶς
1543 4197 1557 4212 ⁸
1609 4183 1667 4245 ὃς
1716 4182 1779 4233 τὸ

193 4282 409 4352 τριχῶς
438 4281 538 4350 ήδη
564 4279 801 4344 ἀνεπτυγ
815 4276 972 4346 μένον
1013 4275 1154 4343 μέγα
1182 4276 1364 4344 σχῆμα
1412 4273 1777 4342 ψευσάμενος,

193 4376 328 4428 οὔτε
358 4371 594 4440 λογικῶς
624 4371 985 4440 μιμόρφωται
1023 4366 1302 4436 προσώπῳ
1326 4365 1483 4428 Θεοῦ,
1510 4364 1604 4417 καὶ
1617 4364 1778 4416 ἀσυλ-

192 4465 474 4532 λογίστως
508 4461 632 4531 βιοῖ,
668 4459 1169 4526 κατασοφιζόμενος
1196 4457 1302 4510 ὑπὸ
1339 4456 1433 4508 τοῦ
1459 4456 1555 4526 τὴν
1575 4456 1775 4508 κακίαν

197 4558 509 4621 πανσόφου,
547 4554 644 4607 καλ⁵
669 4552 767 4606 τοῦ
788 4551 932 4605 κατά
963 4551 1090 4603 νοῦν
1114 4549 1168 4602 δὲ
1211 4549 1438 4618 οὐρανοῦ
1477 4547 1779 4614 ἀπολισθή-

199 4667 332 4711 σας,
367 4646 445 4707 ὡς
483 4647 563 4706 εις
589 4644 865 4714 ἑωσφόρον
888 4644 1182 4694 κατέπεσε.
1206 4642 1313 4693 Καὶ
1344 4636 1413 4709 ἦν
1465 4643 1572 4710 ἀρα
1603 4641 1782 4709 κρεῖτ-

196 4757 300 4794 τον
329 4736 501 4805 αὐτῷ,
528 4737 673 4789 καθά
706 4736 804 4788 καὶ
837 4734 1189 4802 εὐηρεστεῖτο
1232 4733 1290 4784 tv
1316 4735 1392 4800 τῷ
1439 4731 1618 4802 καιρῷ
1683 4732 1782 4799 τῆς

201 4832 440 4898 κουρᾶς,
474 4828 549 4896 μὴ
579 4826 846 4892 τάξασθαι
880 4828 957 4894 τῷ
981 4825 1123 4895 Θεῷ,
1149 4825 1182 4893 ἢ
1227 4823 1532 4893 ταξάμενον
1581 4824 1783 4892 ψεύσα-

202 4924 359 4975 σθαι.
412 4921 619 4972 Ἐκεῖνο
643 4919 742 4986 μὲν
794 4913 1077 4987 γὰρ,εἴχεν
1102 4917 1167 4970 ἂν
1197 4919 1371 4986 κρῖμα
1413 4931 1428 4946 ·
1461 4915 1522 4968 τὸ
1565 4915 1621 4968 δὲ
1667 4915 1784 4968 δεύ-

200 5031 372 5083 τερον
400 5012 479 5073 είς
510 5010 715 5080 ἀκριδῆ
747 5008 1075 5077 κατάκρισιν
1106 5006 1470 5075 ἀποτελευτᾷ.

287 5105 536 5174 ιη’Λνέρε
569 5103 698 5170 γὰρ,
733 5101 1073 5170 ὀλιγόστιχον
1129 5099 1432 5168 ὲπιδρομὴν
1471 5098 1785 5165 ποιησώμε-

203 5198 305 5257 θα,
337 5188 414 5246 ὧν
447 5192 827 5244 κατατίθενται
853 5193 898 5242 οἱ
944 5189 1080 5258 πρὸς
1115 5187 1489 5256 μεγαλοσύνην
1538 5205 1783 5256 πνευμα-

202 5287 373 5352 τικὴν
400 5281 891 5350 ἐσχηματισμένοι,
916 5282 1008 5331 καὶ
1039 5279 1211 5340 οὕτως
1266 5279 1636 5346 ὑπεσχημὲνοι
1690 5279 1782 5330 ἐκ·

206 5376 533 5444 προσυιπεῖν
560 5370 639 5438 τῷ
670 5369 787 5437 Θεῷ
814 5387 829 5402 ·
859 5369 944 5421 ἱνα
965 5373 1030 5437 τῇ
1064 5373 1197 5435 πρὸς
1229 5368 1364 5420 αὐτὰ
1406 5368 1512 5420 τῶν
1539 5367 1658 5418 κατ’
1693 5368 1787 5420 αὑ-

205 5469 342 5527 τοὺς
383 5463 634 5534 πράξεων
670 5461 968 5530 παραθέσει
994 5459 1330 5526 ὲπιγνῶμεν,
1367 5459 1416 5509 εἰ
1469 5457 1602 5527 πρὸς
1632 5458 1788 5525 ἀκρι-

205 5562 307 5619 6t;
341 5553 715 5622 ἐξομοιοῦνται
739 5553 1085 5621 προκέντημα
1116 5550 1165 5601 οἱ
1196 5549 1329 5618 πρὸς
1359 5548 1540 5601 ἔνθεον
1563 5549 1788 5612 ἑαυτοὺς

208 5652 271 5701 ὲν
302 5649 422 5709 τοῖς
467 5643 598 5713 περὶ
632 5644 779 5712 ἡμᾶς
834 5641 1207 5712 μορφὰζοντες
1256 5641 1570 5710 πρόσωπον.
1634 5640 1790 5710 Ἔχει

209 5725 271 5793 δὲ
291 5739 363 5792 τὰ
383 5737 484 5805 τῆς
516 5737 779 5804 ἐπιτομῆς
803 5734 1006 5803 ταύτης
1036 5734 1210 5796 οὕτως
1236 5731 1784 5800 ἐπελευστικώτερον.

291 5828 384 5882 ιϐ’.
418 5825 615 5897 Πρῶτα
647 5826 743 5894 μὲν
793 5826 856 5879 ὲκ
886 5825 1164 5894 θειοτάτης
1195 5823 1504 5895 ζπλοθήκης
1546 5822 1788 5893 ἀναλαμ-

1876 3273 2015 3327 bona
2044 3274 2420 3339 cognoscenda
2452 3274 2798 3340 pervenitur;
2838 3281 3001 3340 atque
3040 3271 3205 3326 etiam
3237 3271 3300 3321 ad
3333 3285 3416 3323 cm
3437 3299 3450 3310 -

1879 3365 2093 3419 lcstium
2122 3366 2473 3420 imitationem
2500 3364 2794 3434 protendit,
2829 3364 2969 3417 sicut
2989 3379 3052 3416 ex
3091 3361 3232 3415 infra
3262 3361 3450 3414 dicen~

1876 3458 1964 3512 dis
2001 3458 2227 3526 patebit.
2260 3458 2485 3511 Beatum
2533 3473 2665 3521 ergo
2730 3457 2982 3509 dicemus
3036 3455 3231 3508 horum
3257 3473 3260 3475 λ
3287 3454 3447 3505 ιτῑιιίι

1876 3552 2130 3605 ordinum
2169 3553 2470 3614 hominem,
2523 3552 2593 3604 ob
2649 3550 3030 3603 ascensionem
3069 3547 3123 3600 in
3172 3547 3455 3599 monachi-

1876 3660 1995 3700 cam
2055 3643 2473 3713 perl'cctioncm,
2530 3658 2708 3710 usque
2755 3641 2822 3694 ad
2859 3639 3060 3693 cmlum
3119 3641 3451 3692 evolante-m.

1881 3733 2138 3789 Miserum
2166 3745 2370 3796 autem,
2404 3749 2504 3787 nec
2528 3732 2717 3793 semel,
2760 3733 2854 3784 sed
2883 3739 2970 3784 tcr
2999 3731 3257 3784 miserum
3282 3729 3453 3799 hypo-

1881 3829 2098 3892 critam,
2133 3828 2223 3895 qui
2260 3827 2360 3878 sub
2419 3829 2517 3879 hac
2566 3826 2753 3895 specie
2806 3825 2967 3878 aliam
3012 3822 3324 3884 abscondit,
3358 3822 3454 3890 qui

1880 3919 2097 3973 videtur
2139 3918 2206 3971 ad
2260 3919 2428 3972 Deum
2461 3919 2759 3986 confugere
2810 3917 3034 3979 dicitur,
3089 3931 3147 3969 re
3189 3925 3370 3968 autem
3407 3913 3456 3967 ei

1884 4013 2108 4066 minime
2138 4012 2392 4073 adhaesit,
2450 4011 2566 4063 sive
2598 4025 2662 4062 ex
2692 4009 2957 4069 ludibrio,
2996 4009 3112 4059 sive
3140 4024 3205 4058 cx
3235 4009 3454 4066 timore,

1883 4105 1998 4158 sive
2033 4120 2096 4158 ex
2137 4104 2366 4156 avaritia
2401 4103 2602 4155 bonum
2644 4101 2750 4154 hoc
2795 4099 3118 4170 prarfcrcnte
3146 4097 3210 4150 ad
3245 4113 3332 4150 res
3359 4114 3457 4147 au-

1880 4196 2121 4263 gendas;
2153 4196 2243 4263 qui
2279 4195 2546 4262 triplicem
2593 4207 2761 4260 supra
2803 4201 3164 4245 memoratum
3201 4204 3454 4258 maguum

1882 4287 2130 4340 habitum
2180 4288 2501 4348 ementitus,
2554 4301 2622 4338 ne
2676 4284 2891 4337 ratione
2942 4283 3161 4351 quidem
3222 4283 3458 4334 divinant

1883 4380 2117 4447 speciem
2154 4380 2476 4446 assumpsit,
2509 4378 2602 4446 qui
2629 4377 3068 4430 ἰιοτιιιὶοιι.ιι›ἰ1ριιι
3095 4378 3261 4426 vitam
3285 4373 3459 4436 ducit,

1887 4468 2162 4536 decipitur
2194 4484 2220 4520 a
2258 4468 2520 4536 magistro
2566 4465 2812 4529 malitize,
2860 4473 2913 4520 et
2950 4466 3015 4518 de
3050 4465 3190 4519 cosio
3254 4463 3462 4515 intelli-

1885 4562 2099 4629 gentiae,
2147 4560 2291 4614 sicut
2324 4558 2560 4619 Lucifer,
2587 4558 2812 4610 decidit.
2847 4557 3034 4610 Melius
3062 4566 3177 4609 erat
3208 4555 3276 4617 ci,
3318 4555 3462 4607 sicut

1886 4661 2133 4721 tempore
2167 4661 2407 4704 tonsurae
2450 4649 2870 4709 admonebatur,
2899 4646 3008 4700 Deo
3035 4661 3137 4698 non
3159 4645 3460 4708 adh-.crerc,

1884 4760 2048 4813 quam
2098 4743 2463 4795 adltmrentcm
2514 4739 2830 4792 renuntiare
2873 4760 2885 4793 ;
2930 4735 3064 4790 illud
3111 4736 3257 4789 enim
3295 4751 3462 4788 excu-

1887 4837 2150 4888 sationem
2207 4833 2350 4886 forte
2409 4831 2729 4894 habuisset,
2795 4830 2896 4884 hoc
2954 4845 3083 4884 vero
3133 4829 3338 4883 desiuit
3406 4829 3458 4882 iu

1888 4934 2092 4982 certam
2125 4923 2662 4981 condemnationem.

1961 5109 2044 5161 18.
2089 5107 2198 5176 Age
2230 5122 2382 5173 ergo,
2434 5120 2552 5174 quae
2603 5105 2864 5174 objiciant
2897 5104 3149 5159 homines
3192 5104 3259 5158 ad
3290 5103 3456 5171 spiri-

1891 5199 2086 5253 tualem
2139 5196 2569 5267 magnitudinem
2616 5197 2890 5260 instructi,
2925 5209 2978 5250 et
3017 5198 3121 5250 Deo
3161 5196 3456 5250 assimilari

1890 5291 2098 5362 parati,
2159 5291 2395 5344 breviter
2434 5305 2828 5359 percurramus
2853 5329 2866 5346 .
2934 5299 2994 5342 ut
3051 5290 3265 5342 actibus
3298 5290 3362 5342 ad
3398 5306 3458 5342 ea

1887 5384 2102 5437 collatis
2136 5397 2501 5449 agnoscamus
2555 5391 2737 5436 utrum
2767 5385 2832 5435 ad
2868 5392 3151 5451 punctum,
3181 5390 3233 5433 et
3254 5383 3318 5434 ad
3347 5399 3466 5447 per-

1890 5475 2090 5529 fectum
2128 5474 2336 5527 similes
2364 5475 2494 5538 sint,
2557 5474 2649 5544 qui
2697 5474 2909 5542 seipsos
2956 5475 3020 5528 ad
3054 5475 3291 5528 divinam
3333 5489 3459 5542 spe-

1890 5567 2027 5621 ciem
2067 5567 2367 5621 informare
2412 5565 2633 5620 debent.
2677 5565 2796 5621 Tali
2835 5567 2999 5620 modo
3032 5566 3225 5620 melius
3273 5581 3465 5622 succe-

1890 5661 1980 5716 det
2019 5661 2108 5715 illa
2142 5659 2322 5715 brevis
2350 5659 2641 5728 expositio.

1956 5821 2039 5877 lt).
2057 5819 2367 5891 Etprimum
2387 5834 2449 5876 ex
2472 5818 2574 5873 hoc
2595 5815 2783 5873 divino
2803 5816 3227 5872 armamentario
3244 5829 3474 5869 suumn-
