4210 6438
786 389 894 451 ’143

1502 388 1927 449 EUSTATHH
1962 384 2722 449 TIIESSALONICENSIS
2761 388 3324 450 METROPOLITB

3942 393 4054 455 7ίᾷ

792 517 884 552 ιιιι·
917 515 1068 555 arma
1101 502 1168 555 ad
1204 500 1404 555 bellum
1439 501 1730 569 spirituale
1766 504 1830 556 ad
1855 503 1999 570 quod
2029 503 2360 557 ordinantur
2390 549 2393 560 ς

2469 501 2716 556 δάνονται
2747 503 2813 556 τὰ
2847 502 3167 574 φραγνύντα
3206 502 3434 565 τούτους
3495 503 3894 570 πνευματικῶς
3953 506 4053 558 ἐπὶ

791 605 844 646 ιι
871 602 1262 663 praeparantur.
1294 591 1422 656 ane
1450 596 1596 647 enim
1638 610 1738 662 pro
1785 595 1956 647 armis
2017 595 2160 648 inter
2203 610 2358 648 sacra

795 681 1119 741 induuntur.
1145 682 1319 751 pridie
1349 686 1414 737 ad
1448 699 1758 751 vesperam,
1816 693 1979 740 extra
2013 687 2201 753 templi
2243 686 2358 739 adi-

796 777 882 820 tus
911 779 1312 836 prmparantur,
1350 769 1790 835 sanctiﬁcantur,
1841 783 1894 826 et
1923 773 2272 842 baptizautur
2300 782 2360 825 ut

796 861 926 911 fiant
955 858 1126 913 lorica
1169 874 1306 929 aqua
1338 872 1658 929 temperata.
1717 864 1989 918 Postridie
2041 865 2126 920 liis
2179 866 2359 934 primo

794 950 1098 1004 induuntur
1130 964 1254 1004 ante
1288 966 1498 1006 sacram
1547 953 1946 1016 initiationem,
1995 971 2119 1024 qua:
2177 973 2355 1019 mane,

787 1048 838 1093 et
873 1055 1048 1110 usque
1079 1042 1144 1093 ad
1179 1041 1462 1096 ardentem
1513 1043 1682 1096 solem
1753 1045 2121 1110 protenditur.
2171 1046 2243 1099 ita
2301 1055 2359 1099 ut

788 1147 1036 1202 vespere,
1066 1147 1225 1187 mane
1251 1145 1305 1186 et
1327 1134 1551 1187 meridie
1583 1144 1910 1189 cnarrcntur
1941 1136 2031 1190 Dei
2065 1138 2355 1194 mirabilia.

783 1216 853 1272 Et
881 1235 1004 1273 cum
1031 1220 1421 1288 perliciendum
1472 1229 1556 1275 est
1605 1222 1772 1292 hujus
1836 1225 1978 1280 ritus
2015 1228 2355 1296 mysterium,

784 1311 1121 1369 inchoantur
1153 1324 1348 1368 cantus
1397 1315 1719 1382 spirituales
1775 1328 1828 1373 et
1879 1320 2097 1387 psalmi,
2157 1321 2358 1390 quibus

781 1404 1043 1472 gaudium
1085 1403 1283 1459 mentis
1318 1405 1633 1460 declaratur
1687 1407 1888 1475 (latum
1947 1411 2091 1462 enim
2147 1412 2355 1480 aliquid

780 1507 978 1548 cantus
1007 1503 1112 1560 est,
1137 1509 1238 1549 nec
1269 1497 1439 1549 ullum
1461 1497 1660 1550 animal
1689 1499 1846 1551 triste
1863 1513 2062 1555 canere
2085 1499 2311 1569 dicitur)
2339 1519 2353 1558 :

782 1596 1093 1653 sequuntur
1131 1587 1304 1655 elogia
1344 1602 1534 1640 eorum
1579 1588 1672 1656 qui
1731 1589 1925 1644 eodem
1959 1590 2121 1645 modo
2161 1608 2358 1646 secun—

783 1677 910 1729 dum
936 1676 1100 1732 Deum
1125 1679 1312 1734 vestiri
1335 1680 1641 1749 elegerunt,
1667 1689 1723 1735 et
1753 1685 2146 1752 pronuntiatur
2167 1686 2353 1740 saeculi

785 1770 1172 1823 condemnatio
1204 1772 1256 1825 in
1278 1773 1504 1839 psalmis
1525 1781 1579 1827 et
1611 1775 1664 1827 in
1701 1790 1980 1839 sermone,
2008 1779 2152 1830 velut
2175 1794 2239 1833 ex
2259 1794 2356 1832 ore

786 1860 933 1917 illius
969 1861 1062 1929 qui
1105 1864 1412 1918 tondendus
1468 1876 1571 1931 est,
1629 1866 1786 1934 quasi
1834 1883 1959 1922 eum
2013 1871 2358 1937 pmniteatet

784 1953 1010 2022 pudeat,
1036 1954 1182 2023 quod
1241 1956 1479 2025 seipsnm
1517 1959 1680 2012 rebus
1712 1960 1941 2015 terrenis
1971 1971 2025 2015 et
2077 1971 2362 2034 contemp-

789 2046 1040 2101 tibilibus
1097 2047 1453 2118 implieuerit,
1513 2050 1871 2119 caelestiaque
1941 2055 2358 2122 contempserit.

786 2136 997 2202 Quibus
1040 2139 1292 2206 peractis,
1345 2140 1782 2211 monachnsjam
1829 2144 1897 2194 ad
1960 2144 2124 2196 Deum
2173 2146 2361 2210 proxi-

791 2243 931 2290 mns,
957 2229 1284 2299 stansjuxta
1323 2230 1497 2294 illum,
1531 2240 1582 2284 et
1613 2233 1838 2286 omnino
1869 2248 2216 2301 progressus,
2245 2236 2361 2303 ipse

791 2319 845 2372 in
879 2321 1067 2375 limine
1124 2324 1499 2392 interrogatur
1531 2339 1639 2392 qua
1689 2325 1756 2379 de
1819 2339 1985 2380 causa
2040 2328 2362 2389 accesserit,

794 2423 980 2467 utrum
1035 2414 1305 2484 spondeat
1333 2431 1655 2486 permanere
1699 2418 1753 2472 in
1809 2419 2366 2490 monasterio,atque

794 2506 846 2558 in
901 2507 1330 2574 exercitatione,
1366 2524 1539 2578 usque
1592 2509 1660 2564 ad
1718 2509 1902 2573 tinem,
1954 2511 2056 2565 hoc
2117 2521 2203 2567 est
2253 2528 2361 2567 non

794 2597 957 2651 modo
1003 2613 1176 2669 usque
1225 2597 1292 2652 ad
1322 2599 1591 2670 integrum
1625 2609 1680 2654 et
1712 2598 1781 2653 ad
1808 2599 2223 2670 perfectionem.
2266 2602 2360 2657 sed

794 2701 850 2746 et
917 2706 1091 2759 usque
1149 2691 1218 2744 ad
1273 2699 1528 2746 mortem.
1595 2691 1790 2747 Postea
1845 2691 2192 2762 postulantur
2256 2691 2362 2748 ite-

794 2799 912 2837 rum
975 2782 1285 2838 obedientia
1313 2821 1329 2844 .
1371 2783 1631 2852 patientia
1653 2826 1668 2849 ,
1717 2785 2047 2850 submissio,
2083 2785 2323 2840 solitudo
2345 2825 2363 2851 ,

793 2884 848 2931 et
879 2877 982 2930 alia
1016 2876 1102 2931 bis
1133 2876 1375 2942 similia;
1401 2887 1454 2931 et
1474 2884 1761 2946 postquam
1784 2877 2098 2947 spopondit,
2140 2877 2366 2948 iubetur

797 2967 1046 3036 cogitare
1081 2967 1212 3037 quid
1241 2967 1580 3036 promiserit,
1614 2969 1701 3021 cui
1730 2967 2061 3037 promissum
2116 2967 2363 3022 credide-

796 3059 888 3122 rit,
915 3059 1160 3130 profecto
1183 3059 1383 3126 Deo,et
1404 3061 1630 3132 angelis,
1659 3075 1888 3131 quorum
1908 3060 2079 3114 ambit
2097 3059 2357 3130 speciem.

2461 591 2706 660 πολέμῳ,
2733 594 2811 656 είς
2836 593 2896 646 ὃν
2921 594 3242 659 ταττόμενοι
3274 590 3687 660 ἑτοιμάζονται.
3725 594 3796 644 ’Δ
3824 593 3941 662 γὰρ
3976 598 4054 646 ἱε-

2463 686 2570 755 ρῶς
2599 685 2987 754 ἀμφιέννυνται
3009 685 3276 754 ὁπλισμοῦ
3299 683 3475 756 τύπῳ,
3537 687 3572 756 ὴ
3638 684 3741 756 μὲν
3780 684 4052 753 φθάσασα

2461 777 2668 843 ἑσπέρα
2696 775 2804 828 ἔσω
2851 777 2960 829 τῶν
2983 775 3078 828 τοῦ
3101 775 3235 828 ναοῦ
3266 775 3477 828 ἀδύτων
3505 775 3767 844 ταμιεύει
3810 774 4050 842 ἁγιαζό-

2462 887 2618 936 μενα,
2649 870 2742 920 καὶ
2771 867 2916 921 οὕτω
2947 867 3372 937 βαπτόμεναέίς
3398 865 3754 938 θωρακισμοῦ
3809 870 4052 939 crta-{iptio

2459 977 2598 1028 τητα
2658 977 2670 990 ·
2719 961 2754 1028 ἡ
2792 960 2848 1012 δὲ
2875 960 3073 1030 ἑφεξῆς
3100 960 3307 1029 ἡμέρα.
3334 959 3632 1030 προϐάλλει
3677 959 4047 1029 περιδύεσθαι

2459 1050 2600 1101 αὐτὰ
2631 1049 2763 1119 πρὸς
2804 1047 3026 1115 τελετὴν
3071 1048 3252 1115 ἁγίαν,
3297 1048 3732 1116 παρατείνουσαν
3783 1047 3894 1108 ἓως
3947 1047 4047 1098 καὶ

2458 1141 2539 1196 εἰς
2567 1140 2779 1208 ἡμέραν
2809 1139 3191 1207 ἀκμάζουσαν,
3221 1139 3311 1192 ἵνα
3337 1139 3430 1191 καὶ
3461 1139 3634 1203 οὕτως
3664 1138 3909 1208 ἑσπέρας
3938 1141 4043 1190 καὶ

2458 1232 2604 1302 πρωῒ
2628 1234 2724 1284 καὶ
2753 1232 3100 1302 μεσημὸρίας
3136 1231 3592 1298 ἀπαγγέλλω-και
3621 1232 3691 1285 τὰ
3739 1231 3836 1284 τοῦ
3892 1230 4042 1284 Θεοῦ

2459 1319 2758 1389 θαυμάσια.
2785 1320 2914 1372 Ὅτε
2955 1321 3010 1374 δὲ
3036 1321 3128 1374 καὶ
3165 1321 3434 1372 τελεῖσθαι
3463 1321 3573 1389 χρὴ
3619 1319 3682 1371 τὸ
3727 1321 3831 1389 τῆς
3857 1321 4042 1390 ἔργα·

2460 1412 2584 1473 σίας
2619 1409 2826 1478 ταύτης
2863 1411 3187 1480 μυστήριον,
3219 1410 3592 1480 πρυηγοῦνται
3619 1411 3756 1480 ᾠδαὶ
3787 1428 4044 1479 πνευμα-

2455 1502 2610 1554 τικαὶ
2636 1503 2730 1553 καὶ
2779 1500 3003 1570 ψαλμοὶ,
3049 1501 3229 1570 ψυχὴν
3280 1501 3862 1569 συμϐολογραφοῦντες
3921 1501 4051 1570 χαί·

2461 1610 2662 1664 ρουσαν
2699 1592 3014 1661 (χαροποιὸν
3051 1591 3161 1661 γάρ
3194 1608 3248 1642 τι
3279 1593 3374 1644 καὶ
3405 1593 3438 1662 ἡ
3475 1590 3607 1660 ᾠδὴ,
3637 1591 3775 1643 καθὸ
3817 1591 3916 1644 καὶ
3954 1591 4051 1642 οὗ-

2457 1688 2547 1741 δὲν
2583 1686 2720 1750 ζῶον
2759 1683 3101 1752 λυπούμενον
3134 1680 3282 1750 ᾄδειν
3311 1681 3587 1748 λέγεται)⁶
3635 1679 4047 1747 συνεφέποντσι

2457 1780 2513 1832 δὲ
2554 1781 2649 1832 καὶ
2679 1777 3023 1848 μακαρισμοὶ
3051 1775 3161 1829 τῶν
3203 1774 3653 1844 προαιρουμένων
3707 1773 3856 1824 οὕτω
3901 1771 4051 1824 κατά

2461 1869 2594 1922 Θεὸν
2621 1867 3054 1936 σχηματίζεσθαι
3089 1881 3106 1898 ο
3141 1865 3233 1918 καὶ
3277 1863 3390 1933 βίου
3427 1865 3484 1917 δὲ
3529 1864 3878 1930 κατάγνωσις
3951 1862 4051 1913 ἀκ-

2463 1957 2786 2028 φωνουμένη
2828 1956 3222 2027 ψαλμῳδικῶς,
3253 1953 3333 2007 ἔτι
3381 1953 3439 2005 δὲ
3481 1955 3576 2005 καὶ
3633 1951 4051 2021 εὖαγγελικῶς,

2460 2051 2535 2113 ὡς
2565 2052 2631 2103 ὲκ
2661 2048 2954 2118 προσώπου
2975 2047 3071 2099 τοῦ
3104 2046 3390 2116 μέλλοντος
3429 2043 3731 2114 κείρεσθαι,
3791 2038 3883 2096 οἷα
3914 2059 4056 2112 μετ-

2461 2143 2763 2211 εγνωκότος
2809 2141 2906 2195 καὶ
2951 2139 3371 2208 αἰσχυνομένου,
3399 2139 3560 2206 εἴπερ
3585 2136 3777 2189 ἑαυτὸν
3799 2135 4058 2203 ἀπησχό-

2461 2237 2545 2288 λει
2574 2238 2688 2298 τοῖς
2709 2235 2862 2287 κάτω
2892 2234 2987 2286 καὶ
3019 2232 3408 2300 πατουμένοις.
3445 2229 3518 2302 τα
3542 2229 3806 2281 ἀνωτάτω
3841 2228 4054 2296 ὑπερο-

2467 2329 2597 2396 ρῶν.
2652 2327 2775 2379 Ἐπὶ
2803 2325 3039 2389 τούτοις,
3085 2325 3159 2387 ὡς
3184 2325 3289 2393 ήδη
3313 2322 3410 2375 τοῦ
3438 2320 3670 2392 μοναχυῦ
3715 2319 4052 2387 ἐγγίσαντος

2465 2419 2546 2489 τῷ
2567 2416 2707 2486 Θεῷ,
2747 2417 2845 2470 καὶ
2877 2415 3013 2486 πρὸς
3051 2414 3202 2484 αὖτῴ
3225 2414 3545 2484 γενομένου,
3582 2411 3678 2463 καὶ
3710 2411 4054 2478 αὐτόχρημα

2471 2508 2960 2579 προσεληλυθότος,
2994 2507 3271 2576 ἐρωτᾶται
3318 2506 3348 2556 ὁ
3396 2503 3674 2572 ὲττηλύτης
3733 2501 3785 2552 τί
3841 2499 4055 2570 δήποτε

2471 2599 2766 2671 προσῆλθε,
2795 2600 2890 2652 καὶ
2919 2599 2967 2650 εἰ
3005 2598 3346 2666 παραμένειν
3371 2593 3451 2662 τῷ
3491 2589 3844 2662 μοναστηρξῳ
3888 2606 4062 2641 κατα-

2470 2691 2678 2744 τίθεται
2705 2691 2800 2743 καὶ
2827 2692 2894 2758 τῇ
2928 2689 3166 2758 ἀσκήσει
3194 2687 3300 2748 ἓως
3335 2686 3434 2737 καὶ
3463 2685 3544 2746 είς
3579 2681 3734 2742 τέλος
3762 2697 3778 2711 ο
3829 2681 3859 2730 ὸ
3920 2696 4064 2732 ταυ-

2467 2785 2559 2838 τόν
2590 2786 2737 2836 ἐστιν
2790 2783 2849 2834 οὐ
2910 2780 3070 2850 μόνον
3108 2778 3186 2848 τῷ
3233 2779 3313 2841 εἰς
3346 2777 3605 2845 ἀκέραιον
3663 2774 3760 2827 καὶ
3813 2771 4062 2832 ἐντελὲς,

2469 2874 2602 2930 ἀλλὰ
2627 2875 2722 2927 καὶ
2765 2873 2841 2941 τῷ
2888 2871 2992 2932 ἓως
3031 2870 3128 2922 καὶ
3169 2869 3250 2931 είς
3287 2868 3538 2921 θάνατον.
3601 2861 3734 2918 Εἶτα
3773 2878 4065 2931 προσεπε-

2469 2968 2712 3036 ρωτᾶται
2766 2965 2862 3018 καὶ
2889 2961 3159 3030 ὑπακοὴν,
3208 2961 3302 3012 καὶ
3349 2956 3652 3027 ὑπομονὴν,
3709 2954 3806 3007 καὶ
3851 2951 4064 3018 θλίψιν,

2467 3060 2560 3112 καὶ
2591 3057 2650 3110 τὸ
2679 3056 3032 3124 στενόχωρον,
3069 3051 3164 3104 καὶ
3185 3050 3318 3104 ἄλλα
3354 3048 3614 3116 σύστοιχα
3640 3044 3863 3105 τούτοις
3894 3059 3911 3072 ·
3966 3039 4062 3092 καὶ

794 3156 1018 3208 ἐπειδὰν
1080 3155 1410 3226 κατάθηται,
1473 3155 1918 3226 παραγγέλλεται
1958 3155 2199 3225 βλέπειν,
2242 3152 2331 3210 οἷά
2379 3172 2438 3208 τε
2479 3153 2807 3215 συντίθεται,
2838 3152 2933 3204 καὶ
2975 3148 3081 3202 τίνι
3101 3146 3389 3216 ἀνατίθησι
3417 3145 3516 3216 τὴν
3541 3142 3844 3210 συνθήκην,
3873 3136 4063 3206 δῆλον.

794 3251 874 3302 ὅτι
909 3249 1049 3317 Θεῷ,
1075 3253 1168 3304 καὶ
1195 3252 1275 3305 ὅτι
1304 3252 1578 3319 ἀγγέλοις,
1605 3246 1680 3304 ὧν
1707 3251 1766 3304 τὸ
1802 3253 1989 3321 σχῆμα
2019 3252 2295 3305 ἐπιποθεῖ.

863 3343 952 3399 9.0.
979 3341 1164 3398 Eidem
1201 3344 1487 3398 nuntiatur
1519 3344 1713 3398 adesse
1736 3345 1978 3414 angelos,
2011 3347 2284 3414 promissa
2306 3345 2374 3399 ab
2402 3351 2443 3405 c

796 3435 916 3503 ipso
933 3433 1124 3488 littrris
1141 3433 1463 3489 mandantes
1482 3450 1497 3491 :
1517 3432 1743 3503 insuper
1762 3433 2038 3490 hominem
2055 3435 2137 3489 sic
2153 3436 2376 3489 ordina-

801 3537 918 3580 tum
949 3527 1101 3582 cruci
1132 3535 1185 3579 et
1215 3526 1376 3580 morti
1413 3524 1696 3581 addictum
1738 3540 1886 3588 esse,
1917 3541 1982 3581 ex
2028 3535 2160 3581 tunc
2196 3526 2376 3580 cruci-

806 3621 1077 3690 ﬁgendum
1105 3626 1159 3674 et
1181 3619 1529 3673 moriendum
1554 3633 1677 3674 esse
1698 3620 1924 3682 mundo,
1945 3619 2091 3674 sicut
2113 3619 2372 3672 mundum

803 3714 943 3777 sibi,
974 3723 1033 3767 ut
1082 3726 1182 3766 nec
1221 3712 1361 3781 ipse,
1401 3725 1430 3764 e
1459 3718 1606 3764 terra
1647 3712 1701 3764 in
1729 3713 1897 3764 altum
1930 3710 2010 3765 sic
2036 3710 2282 3765 elevatus
2322 3709 2375 3762 in

802 3819 986 3868 cruce,
1014 3805 1254 3856 animum
1311 3801 1516 3856 mundo
1575 3801 1846 3871 applicet:
1909 3815 2084 3869 neque
2142 3800 2247 3854 sibi
2297 3800 2377 3854 sic

803 3899 1041 3950 cxaltato
1077 3895 1316 3948 mundus
1356 3907 1596 3952 amorem
1635 3892 1911 3962 impertiat
1947 3907 2043 3962 per
2070 3907 2200 3946 suos
2251 3906 2380 3958 pro-

806 3990 1065 4058 pinquos,
1095 4001 1164 4040 ne
1191 4002 1248 4040 se
1270 3986 1591 4038 crucitixum
1624 3992 2001 4038 commoveant
2023 3984 2376 4052 etdejiciant.

807 4080 1081 4133 Continuo
1112 4079 1258 4131 enim
1289 4075 1516 4145 jubetur
1544 4075 1792 4144 separari
1823 4091 1854 4129 a
1886 4077 2232 4144 parentibus,
2269 4076 2380 4130 fra-

808 4171 1018 4230 tribus,
1067 4176 1122 4221 et
1169 4165 1317 4220 omni
1355 4165 1711 4235 cognatione,
1743 4167 2047 4220 amicorum
2095 4166 2380 4222 familiari-

811 4273 943 4321 tate,
980 4275 1009 4312 a
1041 4259 1358 4325 mundanis,
1386 4259 1642 4322 tumultu,
1678 4257 2126 4328 cogitationibus,
2158 4273 2382 4328 posses-

810 4353 1061 4406 sionibtts
1094 4359 1217 4420 post
1242 4361 1527 4406 tonsuram
1558 4351 1933 4421 acquirendis,
1975 4351 2154 4416 bonis,
2189 4351 2381 4420 volup-

812 4455 944 4508 tate,
973 4442 1168 4514 εἶσι-ζα,
1203 4459 1312 4496 non
1357 4443 1858 4513 qualibuscunque,
1887 4443 1983 4498 sed
2014 4444 2170 4498 vanis
2220 4442 2380 4509 hujus

2549 3350 2616 3399 κ’.
2670 3342 3114 3398 amasium:
3140 3338 3196 3390 δὲ
3221 3337 3316 3391 καὶ
3334 3338 3415 3388 ὅτι
3438 3334 3662 3402 ἄγγελοι
3689 3333 4068 3398 παρεστᾶσιν,

2481 3435 2948 3506 ἀπογραιΡῦμενοι,
2982 3432 3129 3500 ἅπερ
3155 3429 3316 3492 αὐτὸς
3350 3427 3632 3496 ὁμολογεῖ·
3677 3425 3955 3493 μανθάνει
4015 3423 4070 3475 δὲ

2482 3528 2578 3581 καὶ
2610 3528 2691 3579 ὅτι
2729 3527 2756 3578 ό
2790 3523 2963 3586 οὕτως
2988 3521 3433 3589 ἀποτασσόμενος
3472 3517 3704 3585 σταυρὸν
3745 3517 3846 3568 καὶ
3899 3515 4070 3566 θάνα-

2482 3635 2572 3670 τον
2596 3615 3011 3684 ἐπαγγέλλεται,
3034 3613 3130 3664 καὶ
3160 3614 3243 3664 ὅτι
3265 3612 3329 3663 ὲκ
3361 3609 3461 3678 τῆς
3510 3608 3636 3672 ἄρτι
3687 3606 4070 3674 σταυροῦσθαι

2485 3709 2591 3778 χρὴ
2623 3709 2723 3759 καὶ
2757 3703 3084 3775 κιεκροῦσθαι
3125 3701 3288 3754 αὐτόν
3307 3717 3368 3752 τε
3407 3700 3485 3769 τῷ
3533 3699 3748 3766 κόσμῳ,
3816 3697 3919 3749 καὶ
3982 3697 4070 3749 τὸν

2485 3801 2690 3869 κόσμον
2720 3797 2870 3866 αὺτῷ
2901 3813 2916 3828 ο
2949 3797 3035 3848 ἴνα
3074 3795 3215 3862 μήτε
3241 3791 3404 3853 αὐτὸς
3444 3790 3582 3860 πρὸς
3612 3789 3688 3858 τῷ
3727 3789 3929 3856 κόσμῳ
3979 3789 4071 3839 τὸν

2484 3893 2610 3946 νοῦν
2649 3890 2770 3961 ἔχῃ,
2826 3889 2922 3942 ἆτε
2955 3887 3125 3955 γῆθεν
3172 3884 3310 3953 ὑψοῦ
3363 3883 3674 3952 σταυρικῶς
3731 3880 4067 3949 ὲξηρμένος,

2491 3986 2627 4053 μήτε
2684 3983 2713 4033 ό
2771 3983 2976 4049 κόσμος
3021 3975 3361 4048 προσπαθῶς
3419 3973 3499 4040 τῷ
3555 3972 3733 4033 οὕτως
3790 3971 4069 4038 ὐψωθέντι

2488 4067 2801 4142 προσανέχῃ
2830 4068 2918 4120 διὰ
2939 4067 3049 4120 τῶν
3093 4063 3604 4134 προσῳκειωμένων
3664 4059 3842 4129 αὐτῷ,
3901 4061 4077 4129 δρατο

2484 4165 2731 4234 τομένων
2760 4158 2873 4214 οἷον
2897 4158 2990 4213 τοῦ
3028 4156 3475 4226 ἐσταυρωμένον,
3505 4153 3602 4205 καὶ
3650 4151 4068 4205 κατασπώντων

2486 4256 2671 4310 αὐτόν.
2698 4253 2906 4307 Αὐτίκα
2933 4251 3043 4322 γὰρ
3084 4250 3463 4318 ἐπιφωνείται,
3505 4246 3600 4298 καὶ
3625 4242 3885 4312 γονεῦσιν
3934 4245 4068 4296 ἀπο-

2485 4345 2808 4407 τάσσεσθαι,
2845 4343 2939 4396 καὶ
2960 4341 3232 4411 ἀδελφοῖς,
3259 4339 3356 4392 καὶ
3407 4336 3706 4405 συγγενείᾳ.
3749 4336 3932 4405 πασῃ,
3975 4336 4067 4386 καὶ

2489 4437 2803 4507 συνηθείαις
2862 4432 3143 4502 φιλικαῖς,
3213 4431 3309 4482 καὶ
3359 4429 3566 4496 κόσμου
3640 4424 3904 4493 θορύὸοις
3979 4422 4068 4475 καὶ

812 4536 1019 4598 seculi,
1049 4535 1315 4604 siquidem
1351 4545 1480 4588 tunc
1502 4535 1720 4589 demum
1755 4535 2044 4589 fruendum
2068 4535 2174 4589 erit
2199 4535 2384 4603 volup-

2490 4529 2734 4598 φροντίσι
2767 4528 2860 4579 καὶ
2896 4527 3142 4595 κτήσεσι,
3165 4524 3283 4585 ταῖς
3305 4520 3506 4591 δηλαδὴ
3537 4520 3676 4588 μετά
3705 4518 3808 4584 τὴν
3839 4515 4067 4583 κουρὰν,

818 4628 1018 4681 tatibus
1041 4627 1163 4681 aliis
1188 4625 1488 4680 secundum
1518 4624 1710 4689 Deum,
1765 4627 1906 4680 inter
1958 4640 2098 4695 quas
2149 4625 2378 4695 primum

2493 4621 2589 4673 καὶ
2627 4617 2912 4688 ὐπάρξεσι,
2949 4615 3042 4668 καὶ
3077 4613 3261 4684 ἡδονῇ.
3292 4615 3388 4665 καὶ
3424 4609 3572 4681 δόξῃ.
3601 4609 3662 4660 οὗ
3701 4610 3827 4667 ταῖς
3860 4606 4067 4665 ἀτελῶς,

820 4725 996 4776 locum
1025 4721 1237 4775 obtinet
1291 4719 1382 4774 Dei
1433 4720 1771 4778 meminisse,
1800 4725 1855 4770 ct
1888 4717 1954 4769 de
1977 4693 2095 4772 vboc
2119 4693 2381 4786 gaudere,

2491 4711 2626 4764 ἀλλὰ
2653 4711 2772 4771 ταῖς
2803 4708 3061 4778 ματαίαις
3083 4708 3203 4766 ταῖς
3229 4703 3320 4757 τοῦ
3359 4702 3495 4772 βίον,
3520 4701 3609 4752 διὰ
3636 4700 3698 4750 τὸ
3733 4699 3830 4749 καὶ
3864 4696 4066 4767 ἡδονῶν

816 4831 988 4882 eaque
1023 4812 1192 4881 gloria
1230 4827 1334 4880 qna
1366 4812 1509 4865 Deus
1543 4810 1823 4879 magniﬁce
1846 4808 2204 4877 gloriﬁcatur.
2227 4808 2384 4862 Tales

822 4919 1047 4972 prorsus
1071 4910 1343 4969 suntquae
1383 4915 1411 4952 a
1450 4899 1633 4952 labore
1667 4914 1764 4967 pro
1799 4895 1911 4952 Deo
1946 4907 2224 4966 suscepto,
2257 4906 2316 4952 ut
2353 4912 2383 4952 ιι

825 4997 994 5061 fonte,
1034 4987 1376 5054 derivantur,
1435 4991 1699 5062 siquidem
1755 4990 1990 5055 labores,
2016 5001 2074 5043 ut
2111 4991 2383 5056 novimus,

826 5090 1048 5158 gloriam
1079 5091 1319 5156 pariunt.

2493 4801 2811 4870 θεοπρεπῶς
2836 4800 3038 4870 ἑτέρων
3061 4795 3457 4866 κατάρχεσθαι,
3492 4789 3568 4846 ὧν
3610 4793 3644 4860 ἡ
3679 4790 3968 4860 κορυφαξα
4015 4787 4068 4837 ti.

2497 4896 2804 4964 μεμνῆσθαι
2839 4891 2932 4945 τοῦ
2957 4891 3116 4956 Θεοῦ,
3143 4891 3236 4944 καὶ
3294 4887 3469 4948 οὕτως
3519 4884 3945 4953 εὖφραίνεσθαι,
3977 4881 4067 4932 καὶ

2492 4988 2659 5052 δοξῶν
2684 4987 2762 5049 δὲ,
2795 4986 2917 5040 καθ’
2949 4985 3016 5047 ἃς
3039 4986 3134 5038 καὶ
3159 4980 3318 5043 αὐτὸς
3348 4983 3376 5033 ό
3400 4979 3534 5038 Θεὸς
3561 4977 3792 5042 ἐνδόξως
3852 4975 4066 5039 Sciit:-

2496 5079 2878 5132 ται.Τοιαῦται
2905 5076 2964 5128 δὲ
2987 5076 3224 5139 παντως,
3263 5070 3460 5124 ὁπόσαι
3490 5063 3578 5121 οἶα
3600 5067 3693 5120 καὶ
3727 5069 3942 5134 πατρὸς
3981 5063 4067 5116 τοῦ

2498 5173 2637 5224 κατὰ
2670 5169 2802 5222 Θεὸν
2841 5169 3005 5222 πόνου
3030 5166 3340 5234 ἐκφύονται,
3376 5162 3429 5214 εί
3441 5177 3503 5229 γε
3533 5160 3686 5212 πόνοι
3724 5160 3965 5226 γεννῶσι
3988 5158 4062 5209 διὶ-

2499 5263 2618 5328 ξαν,
2653 5259 2728 5322 ὼς
2757 5259 2872 5311 οἴδα
2881 5275 3001 5325 μεν.

2572 5352 2679 5406 ια’.
2743 5351 2886 5418 Πρὸς
2933 5351 3143 5410 τούτοις
3197 5346 3520 5415 κατηχεῐται
3557 5340 3928 5408 ἀπαρνεῖσθαι
3980 5337 4069 5388 καὶ

897 5362 988 5416 ειι.
1025 5360 1359 5412 Admonetur
1389 5372 1551 5427 porro
1574 5356 1737 5410 etiam
1759 5355 1995 5408 animam
2021 5353 2396 5424 abnegaudam

831 5472 974 5512 esse.
1027 5453 1203 5519 Quam
1256 5450 1539 5504 animam?
1594 5449 1665 5502 Ea
1732 5447 1942 5503 scilicet
1992 5462 2099 5516 qua
2142 5447 2400 5502 animalis

836 5552 996 5602 homo
1021 5564 1082 5602 ea
1106 5564 1226 5617 quin
1258 5551 1387 5600 sunt
1416 5540 1652 5610 Spiritus
1686 5554 1792 5593 non
1820 5539 2069 5609 percipit,
2096 5554 2202 5608 qua
2235 5539 2400 5594 abne.

834 5646 956 5705 gata
1012 5653 1230 5692 crucem
1262 5634 1514 5695 assumit,
1567 5640 1625 5686 ut
1665 5630 1941 5686 Christum
1999 5641 2278 5701 sequatur.
2336 5631 2399 5684 Et

837 5738 1034 5781 iterum
1083 5729 1174 5797 qui
1231 5725 1469 5780 accessit
1501 5721 1569 5777 ad
1599 5723 1766 5775 Deum
1809 5736 1876 5776 nc
1929 5735 2050 5789 quae
2109 5721 2394 5790 requirunt

835 5825 944 5878 etia
987 5836 1189 5891 pecora
1223 5817 1642 5884 irrationabilia,
1690 5816 1804 5889 ipse
1853 5825 2239 5887 prosequatur,
2300 5830 2399 5869 nec

2507 5446 2678 5513 αὐτὴν
2704 5445 2800 5512 τὴν
2826 5443 3026 5511 ψυχήν.
3065 5440 3226 5492 Ποίαν
3249 5439 3419 5507 αὐτήν
3453 5451 3468 5500 ;
3529 5433 3670 5487 Καθ’
3722 5433 3794 5503 ἦν
3847 5432 4069 5499 summa;

2504 5535 2786 5604 ἄνθρωπος
2823 5534 2885 5585 οὐ
2915 5532 3103 5602 φρονεῖ
3125 5529 3193 5582 τὰ
3212 5527 3304 5580 τοῦ
3336 5526 3650 5595 Ιινεύματος
3671 5537 3691 5556 ο
3731 5524 3801 5592 ἢν
3826 5524 3857 5574 ὁ
3890 5519 4068 5572 ἀποὶέο

2505 5626 2602 5693 ξας
2636 5626 2778 5695 αἴρει
2808 5625 3058 5694 σταυρὸν,
3107 5623 3200 5674 καὶ
3238 5617 3525 5672 ἀκολουθεῖ
3554 5605 3632 5684 τῷ
3676 5614 3924 5684 Χρισιῷ.
3958 5611 4069 5662 Ἰζτι

2510 5717 2856 5786 παραινεῖται
2903 5711 3207 5784 τηνικαῦτα
3260 5712 3288 5762 ὀ
3321 5709 3402 5780 τῷ
3474 5705 3596 5776 Θεῷ
3648 5706 4066 5775 προσχωρήσας.

2515 5813 2650 5880 μήτε
2682 5809 2891 5872 ἀνέσεις
2923 5805 3152 5870 ἐθέλειν,
3187 5805 3367 5857 ὁποῖαι
3404 5803 3513 5864 τοῖς
3547 5800 3670 5862 ἁγεὲ
3685 5798 3826 5860 αίοις
3869 5796 3960 5848 καὶ
3987 5792 4067 5844 οὖ-
