4210 6438
196 450 309 512 ’ἶιὸ

1188 439 1287 498 DE
1320 437 1795 498 EMENDANDA
1839 436 2017 497 VITA
2045 436 2517 497 MONACHICA.

3368 434 3477 501 746

192 579 306 624 τως
335 562 544 621 ἀνέτοις
574 559 876 623 φιλοῦνται,
933 558 1070 626 μήτε
1117 556 1452 624 ἀμεριμνίας
1495 559 1592 606 καὶ
1648 570 1780 622 τρυ-

1892 552 2180 618 incuriam,
2223 567 2323 607 nec
2372 551 2620 605 delicias.
2675 551 3016 607 Accenditur
3066 558 3119 604 et
3163 549 3229 604 ad
3263 565 3474 620 pugnas

195 657 327 722 φάς.
361 654 769 722 Παρακαλεῖται
798 652 964 703 δὲκαὶ
998 651 1077 712 είς
1102 649 1318 715 ἀγῶνας
1346 647 1779 713 πνευματικοὺς.

196 750 292 797 καὶ
318 746 397 807 εἰς
427 744 704 808 πτωχείαν
732 761 743 771 ·
768 740 961 793 ὁποίαν
996 742 1200 805 ταύτην
1228 739 1373 790 εἴποι
1412 756 1494 800 τις
1541 739 1628 799 ἂν,
1669 739 1779 791 εἴτε

194 837 299 903 τὴν
332 836 474 887 κατὰ
502 833 740 901 πνεῦμα,
772 832 893 883 καθ’
921 832 986 901 ἢν
1023 840 1294 898 πτωχευευ
1351 846 1431 891 τις
1472 830 1779 899 ἁμαρτιῶν,

196 934 309 982 εἴτε
347 929 445 997 τὴν
488 930 545 979 ὲν
601 924 1018 994 περιουσιασμῷ
1062 922 1139 989 τῷ
1176 923 1315 975 κατὰ
1367 924 1591 987 κόσμον.
1658 922 1782 973 Ἔτι

197 1021 565 1091 προκαλεῖται
598 1020 693 1070 καὶ
726 1018 803 1077 είς
827 1015 1023 1074 πένθος
1053 1015 1275 1081 ἀγαθὸν.
1306 1016 1489 1067 ὁποῖον
1522 1031 1782 1083 πραγμα-

198 1113 422 1166 τεύεται
450 1113 498 1171 ὁ,
531 1109 604 1171 ὡς
629 1108 859 1179 ἐρρέθη,
899 1107 1302 1176 σταυρούμενος
1352 1108 1445 1159 καὶ
1486 1108 1784 1177 νεκρούμε-

198 1222 290 1266 νος
313 1222 328 1232 ·
364 1205 421 1266 ὃς
451 1207 542 1256 καὶ
567 1202 722 1270 ζητεί
745 1203 844 1271 τὴν
874 1201 1125 1253 ἐντεῦθεν
1160 1201 1442 1266 ἀνάλυσιν,
1466 1201 1559 1253 καὶ
1581 1201 1784 1253 κλαίων

198 1300 355 1362 λέγει
396 1298 454 1348 τὸ
492 1316 508 1345 ι
539 1295 723 1361 Clipea,
788 1295 932 1362 ὁτιή
981 1294 1245 1361 παροικία
1289 1309 1388 1361 μου
1438 1294 1780 1362 ὲμακρύνθη,

205 1391 300 1442 καὶ
340 1390 440 1441 οὐκ
458 1387 763 1455 ἀπολύομαι
804 1384 941 1454 ταχὺ
994 1385 1094 1452 τῆς
1126 1384 1291 1451 ζωῆς.
1337 1402 1358 1435 ι
1422 1383 1783 1453 Ἐπισκήπτε-

199 1500 293 1533 ται
335 1482 391 1531 δὲ
424 1485 517 1534 καὶ
546 1480 681 1547 φῶς,
710 1480 894 1531 εἴποτε
939 1480 1210 1545 πεινήσει,
1256 1476 1349 1529 καὶ
1393 1478 1634 1546 διψήσει,
1690 1476 1784 1528 καὶ

197 1578 579 1645 γυμνιτεύσει.
617 1578 711 1629 καὶ
742 1575 971 1647 ὑϐρισθῇ
990 1574 1080 1626 διὰ
1108 1573 1198 1626 τὸν
1256 1576 1313 1627 ἐν
1364 1575 1477 1635 τοῖς
1533 1573 1784 1643 οὐρανοῖς

199 1673 375 1723 πολὺν
398 1670 564 1723 αὐτοῦ
598 1668 827 1736 μισθόν⁸
866 1660 1039 1732 οὗπερ
1090 1668 1276 1719 ἕνεκεν
1334 1664 1550 1733 χαίρειν
1611 1664 1779 1717 αὐτὸν

200 1759 406 1829 χρεών.
442 1759 551 1812 Καὶ
574 1759 684 1828 ἔχει
716 1758 816 1826 μὲν
862 1760 921 1809 ἰν
952 1756 1164 1819 τούτοις
1205 1757 1381 1807 είπεῖν
1412 1757 1504 1809 καὶ
1532 1756 1693 1819 αὐτὸς
1724 1756 1786 1808 τὸ

207 1872 227 1902 ε
262 1853 364 1914 Ἰίς
392 1854 499 1915 ἄρα
525 1852 750 1905 δύναται
808 1849 1045 1919 σωθῆναι
1073 1867 1086 1914 ;
1119 1868 1137 1900 ι
1198 1847 1367 1910 Εἰδὼς
1418 1849 1475 1901 δὲ
1531 1848 1785 1900 ἀκούσειν

1888 646 2228 712 spirituales,
2254 657 2418 713 atque
2443 642 2511 697 ad
2544 652 2917 712 paupertatem
2941 661 2955 697 :
2981 658 3099 698 eam
3134 658 3329 712 nempe
3352 644 3476 699 dico

1885 753 2007 805 qua:
2029 748 2113 791 est
2144 736 2380 805 Spiritus
2409 754 2423 802 ;
2456 745 2509 789 et
2574 750 2601 787 a
2655 744 2883 798 peccato
2934 736 3170 805 jejunat,
3208 737 3324 791 sive
3354 751 3477 806 qua

1884 833 2032 885 circa
2064 831 2394 884 mundanam
2429 831 2824 889 abundantiam
2855 841 3130 885 versatur.
3164 832 3372 887 Deinde
3404 833 3470 885 ad

1884 924 2090 978 bonum
2150 924 2398 977 dolorem
2456 925 2780 991 adducitur,
2818 941 2981 995 quem
3050 929 3339 995 concepit,
3412 936 3475 981 ut

1885 1018 2093 1071 dictum
2121 1026 2225 1083 est,
2263 1019 2428 1070 homo
2456 1017 2754 1075 cruciﬁxus
2789 1026 2842 1071 et
2864 1026 3140 1084 mortuus,
3164 1019 3471 1088 quiesinde

1884 1112 2080 1178 quaerit
2128 1111 2379 1174 dissolvi,
2432 1121 2486 1165 et
2511 1109 2588 1165 ait
2614 1125 2739 1164 cum
2772 1112 3069 1183 Iacrymis:
3107 1130 3127 1164 ι
3165 1112 3280 1166 ileu
3312 1113 3469 1173 mihi.

1884 1204 2015 1272 quia
2048 1205 2319 1258 incolatus
2364 1218 2519 1258 mens
2570 1203 2926 1272 prolongatus
2961 1206 3107 1271 est',
3156 1214 3210 1259 et
3266 1220 3374 1259 non
3404 1221 3469 1260 ex

1884 1302 1993 1350 vita
2056 1298 2159 1349 ista
2204 1295 2440 1348 iiberori
2482 1314 2501 1348 ι
2548 1294 2616 1350 Et
2648 1297 2963 1351 ostenditur
2996 1302 3258 1367 splendor
3284 1297 3469 1364 lamis,

1888 1387 2039 1447 sitis,
2080 1385 2377 1445 nuditatis,
2418 1398 2473 1439 et
2520 1386 2877 1455 injuriarum.
2916 1399 3138 1459 propter
3189 1389 3473 1460 copiosam

1887 1476 2196 1532 mercedem
2232 1492 2423 1531 carum
2458 1478 2511 1532 in
2540 1480 2721 1545 ‘rceiis,
2783 1482 2929 1535 unde
2976 1482 3291 1536 necessario
3340 1495 3475 1552 gau-

1885 1566 2122 1621 dendum
2155 1567 2258 1636 ipsi
2292 1576 2397 1621 est.
2440 1566 2720 1637 Contingit
2746 1572 2885 1625 inter
2927 1572 3040 1625 haec
3084 1587 3153 1625 cu
3180 1592 3209 1624 n
3252 1572 3473 1627 dicere:

1892 1678 1911 1713 ι
1939 1659 2074 1724 Quis
2094 1675 2224 1729 ergo
2253 1662 2451 1729 poterit
2474 1661 2660 1714 salvus
2688 1677 2813 1715 esse
2832 1662 2852 1692 ’
2876 1662 2897 1715 τ
2925 1682 2943 1713 ι
2981 1662 3086 1717 Sed
3116 1679 3238 1718 cum
3267 1662 3479 1718 audivit

1887 1756 2359 1822 evangelizantem
2411 1754 2776 1823 impossnbiiia
2823 1755 2966 1822 apud
3010 1755 3262 1810 homines
3299 1754 3476 1823 possio

1891 1847 2020 1899 hiiia
2061 1861 2181 1903 esse
2210 1846 2353 1915 apud
2378 1846 2571 1912 Deum,
2600 1858 2741 1902 tacet
2770 1848 3026 1913 libenter,
3076 1848 3397 1917 prudenter,
3426 1855 3482 1902 et

198 1946 629 2011 εὐαγγελικῶς,
703 1942 780 2006 ὡς
839 1942 908 1995 τὰ
965 1942 1204 1995 ἀδύνατα
1269 1941 1421 2010 παρά
1481 1939 1790 2009 ἀνθρώποις

1896 1950 2061 2008 caput
2117 1939 2411 1994 inclinans.
2473 1938 2565 1993 Sic
2615 1941 3017 1995 consentiendo
3066 1942 3213 1995 dicta
3258 1941 3475 2012 recipit.

196 2037 410 2090 δυνατά
444 2037 594 2104 παρά
616 2034 693 2105 τῷ
710 2035 847 2104 Θεῷ,
877 2035 1059 2103 σιωπᾷ
1093 2032 1360 2095 εὐλαϐῶς,
1405 2027 1463 2085 εὖ
1505 2048 1567 2098 γε
1592 2029 1787 2095 ποιῶν,

199 2131 299 2181 καὶ
362 2127 752 2183 κατακύπτων.
818 2127 930 2180 Καὶ
991 2125 1163 2185 οὕτως
1237 2124 1792 2194 ἀνθομολογούμενος,

195 2225 420 2290 δέχεται
442 2223 510 2274 τὰ
542 2220 942 2286 ἐκλαλούμενα,
961 2219 1463 2289 ψυχαγωγούμενος
1495 2213 1576 2281 οἷς
1606 2218 1793 2271 ἀκούει

194 2315 405 2367 αὐτίκα
432 2315 575 2374 τότε,
609 2315 691 2365 ὅτι
723 2313 1010 2379 ἐξελέξατο
1038 2313 1243 2365 αὑτὸνὸ
1279 2311 1435 2373 Θεὸς.
1472 2311 1564 2363 καὶ
1599 2310 1760 2380 διεχώ

196 2423 355 2474 ρισεν
378 2406 487 2457 ἀπὸ
512 2407 608 2473 τῆς
640 2408 697 2457 ἐν
746 2404 939 2473 κόσμῳ
957 2403 1103 2473 ζωῆς
1134 2420 1146 2431 ·
1179 2402 1274 2455 καὶ
1298 2401 1373 2463 ὡς
1392 2405 1455 2454 ὲκ
1490 2401 1784 2469 προσώπου

198 2496 402 2563 αὑτοῦ,
447 2497 583 2567 πρὸς
631 2496 660 2549 ὃ
692 2497 1092 2566 σχηματίζεται
1148 2492 1597 2564 μεγαλυνόμενος
1636 2492 1791 2546 ἔθετο

1898 2031 2165 2086 suadetur
2212 2046 2336 2085 cum
2374 2033 2628 2101 protinus
2676 2032 2831 2085 audit
2876 2046 2937 2087 se
2986 2047 3016 2085 a
3072 2032 3183 2087 Deo
3242 2033 3476 2087 electum

1900 2140 2023 2180 esse
2045 2165 2059 2188 ,
2100 2134 2563 2196 segregatumque
2615 2126 2685 2178 ab
2717 2127 2821 2179 ista
2854 2126 2968 2180 vita
3001 2126 3316 2188 mundana;
3348 2140 3475 2180 (tum

1895 2220 2050 2271 audit
2080 2219 2231 2273 velut
2257 2233 2323 2272 ex
2364 2231 2600 2287 persona
2653 2218 2804 2272 illius
2847 2221 3150 2273 secundum
3192 2232 3359 2287 quem
3393 2220 3478 2271 in-

1897 2312 2170 2366 formatur
2197 2326 2322 2366 eum
2357 2311 2543 2366 laetitia
2570 2352 2584 2375 ,
2612 2326 2673 2366 se
2699 2314 2935 2381 positum
2970 2311 3140 2367 inisse
3166 2312 3394 2365 militem
3426 2310 3480 2364 in

1894 2405 2058 2458 vitam
2094 2407 2427 2476 angelicam,
2470 2407 2524 2458 in
2552 2406 2748 2476 agendi
2799 2407 3066 2460 rationem
3100 2406 3394 2461 sublimem
3426 2414 3482 2460 et

1891 2500 2136 2553 caelestis
2168 2498 2427 2554 similem.

196 2596 369 2647 αὐτὸν
423 2596 896 2665 στρατευσόμενον
933 2598 1011 2657 εἰς
1049 2595 1326 2665 διαγωγὴν
1370 2596 1690 2665 ἀγγελοειδῆ
1728 2598 1785 2649 ἐν
1831 2595 1955 2663 ὕψει
1981 2596 2425 2666 οὐρανομιμήτου
2450 2596 2746 2660 πολιτείας.

271 2685 385 2741 κδ’.
442 2689 553 2741 Καὶ
595 2691 701 2741 sic!
744 2689 843 2756 μὲν
874 2689 969 2741 καὶ
997 2689 1224 2741 τοιαῦτα
1255 2689 1435 2741 πάντα
1484 2689 1712 2758 φρικτὰ,
1746 2681 1792 2741 ὦ

198 2780 410 2849 ἀδελφὲ
444 2798 457 2811 ο
492 2780 591 2849 ἐμὲ
624 2780 678 2832 δὲ
703 2780 866 2832 πλέον
896 2780 1136 2849 παράγει
1170 2780 1226 2842 ἐς
1256 2780 1458 2850 φρίκην
1489 2782 1581 2833 καί
1613 2783 1792 2834 ἐκεῖνο

200 2876 303 2929 τοῦ
347 2875 631 2927 θειοτάτου
664 2872 870 2942 βιὸλίου
892 2873 988 2941 τῆς
1019 2873 1324 2940 ἀποταγῆς,
1354 2874 1436 2925 ὅτι
1463 2872 1538 2935 ὡς
1567 2868 1653 2926 οἶα
1688 2892 1789 2926 κα-

198 2967 545 3037 τηχούμενος
571 2970 598 3020 ὁ
636 2967 879 3031 τοιοῦτος
911 2968 1436 3037 ἀπολαμὸανόμενος
1473 2969 1667 3020 ἀκούει
1698 2967 1793 3035 βά-

200 3078 427 3129 πτισμα
460 3060 765 3127 λαμϐάνειν
794 3061 1014 3123 αὐτίκα,
1046 3062 1107 3114 τό
1136 3079 1194 3113 τε
1220 3062 1299 3122 είς
1330 3061 1611 3129 καταρχὴν
1644 3060 1791 3128 ζωῆς

200 3154 403 3221 ἑτέρας
420 3152 521 3204 καὶ
551 3151 666 3219 βίου
695 3152 1007 3218 μετάθεσιν,
1042 3152 1485 3221 προσφυέστερον
1510 3152 1565 3204 δὲ
1592 3153 1789 3212 είπεῖν,

200 3242 641 3310 παλιγγενεσίαν
689 3244 976 3311 σωτήριον,
1024 3244 1121 3296 καὶ
1147 3242 1258 3294 τῶν
1288 3243 1575 3311 ἁμαρτιῶν
1626 3243 1789 3296 αὐτοῦ

1971 2691 2061 2745 22.
2100 2690 2408 2746 Tremenda
2444 2701 2575 2748 sunt
2604 2693 2858 2762 equidem
2898 2693 3013 2747 haec
3051 2692 3259 2752 omnia,
3284 2688 3478 2746 t‘rater.

1902 2782 2139 2851 amplius
2165 2790 2347 2837 autem
2388 2783 2453 2837 ad
2485 2784 2827 2839 tremendum
2862 2800 2947 2838 me
2981 2785 3203 2838 adducit
3235 2783 3341 2837 hoc
3360 2796 3482 2836 ver-

1900 2873 2033 2928 bum
2058 2872 2235 2926 divini
2278 2874 2407 2928 libri
2440 2874 2798 2939 initiationis,
2828 2875 3102 2938 eumdem,
3132 2882 3193 2927 ut
3221 2874 3481 2928 catechu-

1899 2980 2142 3029 menum,
2157 2966 2361 3034 suscipi
2375 3009 2388 3027 .
2402 2966 2690 3037 juberique
2716 2967 3044 3036 baptismum
3063 2967 3323 3020 continuo
3340 2964 3482 3018 reci-

1903 3073 2052 3126 pere,
2095 3059 2334 3126 incipere
2361 3059 2586 3113 alteram
2623 3059 2813 3123 vitam,
2842 3066 2897 3111 et
2954 3068 3192 3113 veterem
3243 3065 3481 3119 mutare,

1898 3165 2016 3213 seu,
2043 3161 2103 3203 ut
2124 3152 2308 3218 aptius
2332 3151 2547 3219 loquar,
2571 3150 2783 3204 renasci
2811 3149 2875 3203 ad
2900 3150 3156 3212 salutem,
3185 3164 3213 3202 a
3242 3147 3482 3218 peccatis

1900 3241 2169 3303 mundari,
2196 3252 2248 3295 et
2267 3242 2435 3295 lilium
2467 3241 2607 3297 lucis
2643 3242 2779 3295 ﬁeri.
2808 3240 2975 3295 Audit
3002 3242 3163 3296 etiam
3196 3240 3479 3296 Christum

200 3316 598 3405 καθαίρεσθαι,
634 3336 730 3388 καὶ
763 3335 878 3397 υἱὸς
911 3336 1088 3403 φωτὸς
1123 3335 1368 3402 γίνεσθαι
1401 3351 1417 3369 ο
1450 3337 1541 3388 καὶ
1576 3336 1656 3389 ὅτι
1688 3338 1785 3389 αὐ-

1892 3346 2017 3385 cum
2076 3334 2282 3387 sanctis
2323 3333 2528 3402 angelis
2579 3333 2646 3388 de
2691 3348 2788 3388 sua
2841 3333 3162 3403 pmnitentia
3220 3332 3480 3401 gaudere,

201 3432 297 3489 τὸς
350 3429 587 3495 Χριστὸς
618 3430 647 3480 ὁ
678 3427 811 3489 Θεὸς
841 3428 1130 3497 συγχαίρει
1164 3430 1305 3497 μετά
1346 3430 1455 3481 τῶν
1490 3429 1662 3495 ἁγίων
1690 3430 1791 3496 ἀγ·

205 3520 389 3587 γέλων
430 3522 522 3571 ἐπὶ
550 3522 617 3587 τῇ
655 3519 819 3572 αὑτοῦ
856 3521 1139 3589 μετανοίᾳ.
1169 3518 1311 3571 θύων
1342 3521 1434 3572 τὸν
1470 3521 1672 3590 μόσχον
1700 3522 1792 3572 τὸν

208 3610 463 3660 σιτευτόν
497 3624 512 3639 ο
550 3609 647 3659 καὶ
682 3609 763 3659 ὅτι
795 3608 853 3674 ἐξ
880 3609 1099 3676 ἐκείνης
1119 3609 1219 3677 τῆς
1247 3610 1395 3679 ὥρας
1436 3612 1687 3678 ὲνάγεται
1711 3612 1790 3671 είς

203 3700 271 3753 τὸ
300 3701 627 3768 περιπατεῖν
661 3698 825 3764 ἀξίως
852 3702 951 3769 τῆς
983 3701 1249 3768 κλήσεως.
1281 3702 1373 3754 καὶ
1421 3705 1519 3770 τῆς
1541 3702 1650 3754 τῶν
1687 3720 1791 3769 μα-

204 3790 383 3843 ταίων
428 3791 807 3860 προσπαθείας
866 3790 1330 3853 ἀπαλλάττεσθαι,
1403 3791 1497 3843 καὶ
1544 3792 1792 3860 μηδὸλως

208 3882 293 3942 είς
344 3882 414 3933 τΞι
449 3880 625 3931 ὀπίσω
670 3879 1046 3948 στρέφεσθαι·
1086 3882 1162 3949 μὴ
1206 3862 1596 3950 καίτὲνηται,
1641 3884 1796 3951 φησὶ,

212 3969 389 4036 στήλη
424 3969 549 4031 ἁλὸς
581 3970 721 4020 κατὰ
751 3968 850 4037 τὴν
885 3971 1119 4037 γυναῖκα
1153 3969 1245 4023 τοῦ
1274 3971 1416 4035 Λὼτ,
1450 3973 1480 4041 ἢ
1516 3973 1593 4034 ὼς
1626 3973 1793 4035 κύων,

208 4060 406 4126 φησὶν,
465 4060 812 4128 ἐπιστρέφων
852 4062 931 4121 εἰς
987 4062 1119 4114 ῐδιον
1166 4064 1444 4132 ἔμετον,ἥ
1491 4063 1795 4134 ἐξομοιωθῇ

1899 3422 2239 3494 vitulumque
2267 3425 2576 3495 saginatum
2608 3424 2879 3489 occidere,
2917 3433 3079 3494 atque
3101 3438 3166 3477 ex
3208 3422 3311 3477 hac
3345 3422 3478 3476 hora

1900 3530 1960 3571 se
2011 3517 2230 3570 invitari
2267 3516 2335 3569 ad
2384 3517 2773 3571 ambulandum
2815 3517 2981 3585 digne
3028 3516 3315 3571 vocatione
3358 3528 3480 3577 sua,

1898 3606 1967 3661 ad
2016 3607 2394 3677 deponendum
2462 3608 2717 3663 vanitatis
2756 3622 3021 3671 amorem,
3056 3616 3317 3675 retroque
3374 3605 3476 3658 mi-

1897 3700 2046 3754 nime
2093 3700 2517 3769 respiciendum.
2569 3715 2638 3755 ne
2688 3698 2801 3764 liat,
2862 3697 3062 3769 inquit,
3097 3699 3230 3754 salis
3279 3704 3481 3761 statua,

1900 3801 1959 3847 ut
1993 3808 2131 3846 uxor
2164 3791 2265 3845 Lot
2290 3833 2305 3856 ,
2342 3793 2425 3845 vel
2454 3794 2607 3847 canis
2645 3791 2709 3846 ad
2742 3806 2898 3846 suum
2934 3790 3193 3845 vomitum
3218 3787 3481 3853 'rediens,

1902 3894 1995 3938 aut
2054 3901 2120 3939 ne
2163 3886 2528 3955 aequiparetur
2585 3884 2790 3938 homini
2850 3898 3073 3936 manum
3126 3881 3364 3935 mittenti
3410 3882 3477 3935 ad

1900 3982 2145 4026 aratrum
2168 4011 2184 4035 ,
2233 3984 2287 4027 et
2319 3985 2464 4027 retro
2508 3974 2819 4033 respicienti
2842 4011 2856 4031 .
2887 3981 2940 4026 et
2973 3973 3198 4028 minime
3227 3982 3357 4042 apto
3407 3972 3476 4025 ad

1902 4079 2132 4134 regnum
2196 4065 2313 4119 Dei.

208 4155 372 4223 ἀνδρὶ
403 4152 714 4205 ὲπιὸαλόντι
750 4156 907 4222 χεῖρα
938 4154 1029 4205 ἐπὶ
1073 4155 1325 4223 ἄροτρον,
1362 4158 1455 4207 καὶ
1491 4158 1569 4219 είς
1599 4159 1669 4209 τὰ
1695 4157 1926 4209 κατόπιν
1957 4159 2275 4229 στραφέντι,
2319 4160 2415 4212 καὶ
2486 4158 2633 4212 οὕτω
2685 4160 2758 4229 μὴ
2825 4158 3029 4228 εὐθέτῳ
3072 4159 3151 4219 είς
3222 4158 3322 4227 τὴν
3385 4158 3481 4212 τοῦ

206 4248 353 4299 θεοῦ
389 4247 670 4311 βασιλείαν
699 4248 832 4301 ὄντι.

288 4345 399 4405 κγ’.
437 4337 511 4390 Τὸ
540 4338 596 4391 δὲ
623 4337 776 4405 ἅγιον
810 4339 879 4407 βιν
900 4340 1014 4392 λίον
1044 4343 1222 4394 ἐκεῖνο
1257 4344 1394 4411 πρὸς
1432 4344 1640 4406 τούτοις
1674 4346 1793 4396 επι-

208 4430 409 4483 τάσσει
440 4430 664 4480 ἀπεῖναι
691 4428 787 4481 τοῦ
820 4430 1301 4500 μεγαλοσχήμονος
1332 4436 1613 4501 ἀνηκοΐαν,
1650 4438 1798 4488 ἀντι-

1972 4343 2062 4396 25.
2104 4344 2226 4396 Vult
2254 4345 2419 4396 etiam
2446 4352 2668 4398 sanctus
2698 4344 2835 4399 liher
2866 4358 3119 4412 magnum
3150 4344 3480 4399 monachum

1904 4435 2140 4488 alienum
2175 4449 2297 4489 esse
2348 4436 2417 4488 ab
2458 4435 2848 4495 inobedientia.
2899 4437 3275 4497 contentione,
3315 4433 3478 4495 fastu,

210 4527 430 4592 ὶογίαν,
479 4524 886 4594 ὑπερηφανίαν.
927 4526 1064 4595 ἔριν,
1092 4527 1285 4591 θυμὸν,
1326 4530 1596 4600 κραυγὴν,
1631 4529 1790 4599 βλασ·

1905 4526 2203 4590 discordia,
2235 4527 2337 4588 ira,
2387 4527 2647 4587 clamore,
2686 4524 3064 4594 blasphemia.
3117 4522 3479 4584 detractione,

210 4618 453 4683 φημίαν,
486 4616 841 4679 καταλαλιὰν,
897 4617 1147 4685 ἀεργίαν,
1179 4620 1495 4689 παρρησίαν
1517 4661 1530 4683 ,
1567 4620 1800 4690 μερικὴν

213 4704 428 4773 φιλίαν,
456 4704 851 4772 λαθροφαγίαν,
883 4707 1237 4775 περπερείαν,
1268 4713 1609 4779 γογγυσμὸν,
1642 4711 1801 4780 quau-

213 4795 445 4866 ρισμὸν,
479 4794 766 4861 ἐπίκτησιν
798 4794 1109 4859 ίδιάζουσαν
1147 4799 1368 4869 οἰκτροῦ
1423 4802 1751 4871 πράγματος
1784 4822 1795 4833 ·

211 4886 417 4955 οἰκτρά
469 4886 721 4952 λέγοντος
765 4886 860 4939 τοῦ
906 4889 1367 4958 παραγγέλματος
1406 4891 1438 4960 ἦ
1492 4893 1669 4948 πάντα
1728 4898 1797 4948 τὰ

215 4981 366 5036 κατὰ
414 4979 549 5048 βίον,
583 4979 658 5040 ὡς
681 4978 866 5031 οἴκτου
898 4979 1050 5043 ἄξιον
1075 4982 1444 5037 ἀποτελοῦντα
1475 4988 1570 5039 τὸν
1615 4989 1798 5048 αὐτοῖς

216 5076 657 5141 προσανέχοντα,
715 5071 747 5141 ἢ
794 5072 862 5123 τὰ
915 5071 1277 5125 εὐτελέστατα
1310 5092 1322 5102 ·
1360 5077 1446 5130 ἵνα
1494 5081 1521 5130 ὀ
1569 5082 1800 5150 μοναχὸς

216 5164 360 5232 μηδὲ
401 5164 469 5214 τὰ
501 5164 838 5230 σμικρότατα
869 5166 1092 5235 ἐγχειρῇ
1124 5167 1451 5221 ἐπικτᾶσθαι
1487 5187 1497 5197 ·
1531 5173 1559 5223 ὃ
1580 5173 1644 5241 δὴ
1687 5177 1799 5236 τοῖς

212 5257 393 5316 ὗντως
418 5255 825 5322 ἀκτημονοῦσιν
859 5258 1157 5326 ἐπιπρέπει
1185 5262 1264 5323 είς
1293 5262 1549 5328 μάλιστα.
1586 5265 1637 5317 οἳ
1676 5282 1800 5335 σχε-

214 5348 308 5398 δὸν
339 5345 537 5414 μόνους
584 5346 808 5408 ἑαυτοὺς
854 5349 1170 5419 κέκτηνται.
1228 5355 1291 5406 Εἰ
1336 5354 1391 5407 δέ
1426 5372 1477 5407 τι
1507 5359 1599 5408 καὶ
1652 5357 1795 5426 ἔχειν

214 5436 348 5495 τοὺς
393 5436 666 5499 τοιούτους
717 5438 823 5507 χρὴ
879 5440 1082 5504 (ἕξουσι
1129 5444 1185 5495 δὲ
1223 5446 1461 5508 πάντως.
1494 5446 1567 5509 ὠς
1607 5449 1635 5499 ὀ
1665 5448 1796 5511 Θεὸς

214 5525 566 5594 ἀρέσκεται),
628 5528 744 5581 ἀλλ’
797 5532 905 5583 οὐδ’
939 5534 1070 5585 αὐτὸ
1122 5535 1227 5598 ἔξω
1274 5540 1452 5591 κεῖται
1496 5539 1594 5606 τῆς
1643 5559 1795 5609 τηνι-

216 5616 403 5670 καῦτα
444 5616 727 5688 βιὸλιακῆς
758 5621 1058 5694 ὑποθήκης.
1102 5626 1524 5699 Ἐπιτὲτραπται
1563 5632 1671 5701 γὰρ
1696 5634 1791 5684 αὐ·-

214 5710 336 5770 τοῖς
363 5708 442 5769 εἰς
475 5709 668 5778 κτῆσιν
690 5712 1003 5787 ἀγιοπρεπῆ
1038 5720 1377 5790 φιλαδελφία,
1411 5726 1629 5796 ἡσυχία,
1680 5729 1792 5780 ἐπι-

297 5868 315 5900 ³
350 5867 497 5923 Psai.
557 5883 706 5933 cus,
744 5871 796 5925 5.
873 5875 893 5904 '
934 5873 1123 5930 Matth.
1180 5896 1293 5943 xix,
1350 5881 1442 5938 95.

534 5970 801 6032 ΡΑτιιοι..
859 5972 974 6036 Gn.
1022 5976 1324 6040 CXXXV.

1906 4620 2207 4684 otiositate,
2246 4618 2599 4686 procacitate,
2653 4618 2913 4672 amicitiis
2958 4616 3207 4686 privatis,
3262 4614 3479 4667 occulta

1906 4712 2263 4774 comestione,
2312 4709 2752 4777 praesumptione.
2780 4709 3024 4775 querela,
3084 4706 3481 4765 susurratione.

1908 4811 1963 4853 «ιι
1996 4818 2054 4855 re
2089 4801 2387 4856 miserabili
2428 4800 2645 4869 proprie
2673 4798 3022 4867 possidenda;
3057 4810 3109 4851 et
3146 4796 3478 4850 miserabilia

1908 4896 2167 4947 dicuntur
2200 4911 2227 4946 a
2285 4894 2398 4959 iege
2461 4894 2644 4946 omnia
2677 4893 2817 4946 bona
2848 4891 2902 4945 in
2932 4893 3037 4945 huc
3082 4890 3305 4953 mundo,
3352 4891 3478 4957 quia

1909 4988 2121 5043 decedit
2173 4989 2377 5057 dignus
2428 4987 2782 5042 miseratione
2850 4986 2943 5053 qui
2994 4986 3061 5038 iis
3116 4983 3482 5053 agglutinatus

1910 5093 2028 5144 est,
2071 5092 2184 5135 tum
2239 5082 2499 5136 vilissima
2551 5094 2618 5131 ne
2649 5078 2870 5130 minima
2905 5076 3125 5146 quidem
3176 5077 3478 5129 monachus

1908 5183 2060 5227 curet
2113 5174 2399 5241 acquirere
2433 5189 2446 5223 :
2488 5172 2587 5223 hoc
2620 5168 2764 5222 enim
2802 5182 3041 5222 maxime
3064 5182 3188 5221 vere
3207 5181 3479 5235 pauperes

1906 5266 2056 5318 decet
2088 5264 2178 5333 qui
2218 5266 2330 5317 lere
2363 5262 2493 5316 nihil
2533 5260 2637 5315 nisi
2660 5261 2871 5328 scipsos
2912 5259 3215 5329 possident.
3250 5257 3309 5310 Si
3344 5257 3477 5324 quid

1905 5366 2115 5425 op-rtet
2137 5356 2269 5410 tales
2308 5357 2504 5409 habere
2530 5358 2616 5415 (et
2647 5354 2925 5407 habebunt
2952 5350 3219 5419 proiecto,
3254 5356 3311 5403 ut
3346 5365 3476 5404 con-

1904 5449 2048 5502 cedit
2082 5447 2271 5513 Dens),
2323 5448 2449 5500 illud
2492 5456 2648 5500 extra
2683 5450 2820 5499 hanc
2872 5444 3040 5499 libelli
3090 5457 3334 5498 normam
3367 5456 3476 5495 non

1905 5541 2024 5592 i-rit.
2060 5540 2131 5592 Iis
2158 5539 2303 5591 enim
2333 5553 2430 5603 pro
2463 5540 2812 5605 possessione
2839 5538 3049 5590 sanctis
3073 5548 3312 5604 congrua
3340 5548 3478 5587 eon-

1904 5646 2057 5685 cessa
2102 5641 2227 5685 sunt
2277 5628 2537 5693 charitas,
2597 5628 2895 5689 silentium,
2956 5629 3223 5689 decentia,
3278 5626 3474 5695 pietas,

1905 5725 2149 5781 studium
2214 5725 2363 5780 verbi
2415 5723 2608 5787 divini,
2666 5722 2849 5788 lectio,
2899 5736 3063 5793 Opera
3117 5719 3331 5775 viribus
3380 5732 3477 5771 ac-

2958 5976 3039 6037 2’s
