4210 6438
207 390 310 450 ῑ53

1178 394 1275 453 DE
1311 392 1783 454 EMENDAXDX
1831 398 2007 455 \‘lTA
2056 400 2528 462 MONMIIHCA.

3379 416 3492 482 ’γει

204 501 301 551 καὶ
358 502 424 567 τῇ
480 499 799 570 ἀδιακρισίᾳ
834 502 926 553 καὶ
979 502 1053 571 τῷ
1104 506 1383 576 ἀδιαφόρῳ
1413 508 1547 569 τῶν,
1589 514 1636 559 εί
1678 528 1782 577 χρη

1892 527 2107 581 pompa,
2162 518 2464 569 secundum
2513 517 2854 585 deliciantes.
2892 537 2963 579 ne
3011 524 3117 579 ista
3172 529 3368 598 agendi
3403 548 3489 586 ra-

204 592 352 643 οὖτω
383 592 578 658 φάναι,
617 596 1003 659 προτακτικῶν
1050 599 1096 647 οἱ
1136 599 1493 652 ὑποτακτικοὶ
1539 600 1789 658 διαστρέη

204 701 420 749 φωνται
462 684 557 737 τοῦ
597 685 897 747 ἰουτενοῦς,
940 689 1166 755 φαύλοις
1212 692 1419 754 τούτοις
1462 694 1789 762 άρχετῦιτίιι,

204 776 651 845 ἐξομοιούμενυι,
712 780 807 831 καὶ
837 781 937 831 οὐκ
975 784 1262 851 ἐντέχνως,
1298 786 1419 840 οὐδὲ
1463 788 1597 857 πρὸς
1630 789 1788 855 ἀκρί-

203 870 363 923 εειαν
387 872 460 923 τὰ
502 874 849 938 πνευματικά
877 874 1239 943 γραφόμενοι.
1275 876 1365 946 Μὴ
1405 880 1512 946 γάρ
1548 882 1609 929 οὐ
1644 878 1791 939 τριλο-

204 966 371 1030 coepta
401 964 549 1015 κατὰ
573 965 697 1023 τοὺς
723 965 913 1032 ἁγίους
946 967 1197 1037 Πατέρας
1223 970 1341 1021 ἐστὶ
1371 972 1464 1022 καὶ
1496 972 1529 1040 ή
1548 971 1790 1022 πολιτεία

201 1055 312 1106 τῶν
347 1056 524 1118 οὕτως
549 1058 771 1127 ὑψηλῶν
808 1057 1085 1126 μοναχῶν,
1128 1059 1177 1111 οἰ
1208 1059 1299 1112 τὸν
1331 1061 1407 1129 τῷ
1434 1060 1549 1113 δντι
1578 1062 1787 1130 φιλόσνιο

203 1163 306 1209 φον
358 1150 419 1198 ἐν
462 1149 649 1215 σφίσιν
705 1149 889 1209 αὐτοῖς
944 1150 1295 1217 είκονίζουσι,
1326 1152 1420 1204 τὸν
1447 1153 1523 1216 ὡς
1568 1153 1786 1223 άληθῶς

202 1236 429 1305 πρῶτον
477 1241 571 1292 καὶ
610 1241 993 1306 ἀνυπόθετονς
1040 1242 1097 1304 ὃς
1153 1242 1291 1310 πρὸς
1343 1243 1602 1312 οὐδεμίαν
1655 1246 1792 1307 ὅλως

202 1329 385 1396 ἀρχὴν
427 1329 597 1398 ἄλλην
630 1332 965 1400 σχηματίζει
998 1333 1099 1393 τὰς
1149 1335 1270 1386 κα;⁹
1311 1334 1476 1387 αὑτὸν
1531 1334 1789 1404 θεωρίας,

201 1418 285 1469 ὅτι
322 1422 401 1488 μὴ
435 1422 572 1489 πρὸς
622 1423 722 1491 τὴν
776 1425 1090 1493 ὑπέραρχον
1137 1426 1229 1477 καὶ
1273 1427 1543 1494 ἄναρχον·
1598 1430 1677 1488 είς
1724 1429 1791 1495 ἦν

198 1511 543 1576 ἀναϐαίνων,
564 1517 659 1566 καὶ
678 1515 1047 1585 δραττόμενος
1066 1519 1254 1589 αὐτῆς,
1280 1518 1373 1571 καὶ
1396 1520 1788 1586 ἐμπνεόμενος,

196 1606 558 1677 ἁποκαθιστᾷ
587 1610 783 1662 ἑαυτὸν
816 1612 894 1673 είς
927 1612 1211 1679 αἰτήματα
1246 1613 1341 1664 καὶ
1376 1612 1669 1681 ἀξιώματα
1697 1614 1790 1665 καὶ

194 1694 442 1757 ἐννοίας,
495 1697 562 1747 δι’
589 1689 666 1747 ὦν
722 1701 950 1763 συνάγει
980 1699 1058 1768 τῷ
1114 1699 1234 1769 Θεῷ
1263 1700 1392 1769 φίλα
1425 1702 1784 1771 θεωρήματα,

196 1784 478 1850 θεάμασιν
541 1779 691 1839 absit
747 1790 1221 1859 συγκροτούμενα,
1280 1787 1362 1854 οἷς
1423 1794 1786 1862 ἐλλάμπεται,

1900 611 2064 665 tione,
2117 603 2264 656 nulla
2307 606 2549 660 adhibita
2601 609 2938 668 discretione
2987 623 3042 669 et
3101 615 3412 677 diiierentia
3454 638 3487 678 a

1897 693 2161 759 praelatis,
2218 698 2261 749 si
2325 698 2394 749 ita
2447 700 2779 767 loquendum
2842 713 2967 770 est,
3024 707 3256 778 subjecti
3308 727 3339 766 a
3396 715 3485 768 via

1895 799 2038 838 recta
2068 786 2432 851 deducantur,
2472 791 2595 846 istis
2642 795 2810 851 variis
2853 800 3118 868 exemplis
3168 803 3301 858 ﬁant
3339 805 3490 859 sitni-

1896 883 1990 934 tcs.
2028 892 2075 931 et
2108 882 2225 934 sine
2260 891 2397 939 arti.
2456 885 2575 937 sine
2608 885 2943 953 perfectione
2995 891 3301 959 spiritualia
3358 897 3487 950 edo-

1894 984 2144 1026 ceantur.
2192 972 2383 1029 Nonne
2450 977 2595 1029 enim
2654 978 2993 1054 philosophia
3031 995 3116 1037 est
3151 985 3308 1053 juxta
3360 1003 3481 1041 satu

1892 1076 2010 1119 ctos
2072 1065 2259 1121 Patres
2313 1069 2505 1122 horum
2558 1085 2885 1139 magnorum
2938 1077 3333 1131 monachorum
3384 1094 3486 1147 gu-

1892 1156 2161 1221 bernatio,
2214 1159 2305 1226 qui
2364 1174 2486 1213 iere
2560 1160 2944 1231 philosophum
3002 1166 3143 1220 inter
3189 1182 3306 1230 eos,
3357 1182 3486 1222 vere

1895 1250 2149 1316 primum,
2205 1261 2258 1302 et
2327 1251 2458 1305 nulli
2528 1253 2923 1319 prasferendunt
2992 1257 3320 1312 imitantur?
3382 1259 3482 1314 llic

1892 1357 2085 1410 nempe
2123 1348 2187 1395 ad
2233 1344 2438 1397 nullum
2488 1344 2633 1399 aliud
2668 1347 2997 1416 principium
3051 1364 3181 1403 suas
3228 1352 3473 1408 theorias

1894 1433 2173 1499 informat,
2210 1436 2315 1489 nisi
2366 1436 2432 1489 ad
2484 1437 2610 1490 illud
2646 1440 2790 1507 quod
2822 1439 2925 1498 fuit
2967 1452 3093 1496 ante
3122 1458 3284 1497 omne
3326 1445 3479 1515 ptin-

1893 1525 2114 1591 cipium,
2170 1541 2267 1579 nec
2320 1528 2481 1582 habet
2536 1530 2891 1599 principium,
2952 1533 3016 1586 ad
3077 1537 3225 1603 quod
3283 1551 3480 1591 ascen-

1893 1616 2047 1677 dens,
2088 1620 2231 1686 quod
2279 1620 2528 1688 adeptus,
2572 1637 2600 1674 a
2635 1637 2745 1691 quo
2792 1624 3113 1692 inspiratus,
3162 1631 3480 1696 questioni-

1891 1708 2013 1773 bus,
2059 1712 2548 1777 propositionibus,
2592 1717 2881 1772 sententiis
2931 1730 2986 1771 et
3046 1719 3478 1786 cogitationibus

1891 1801 2184 1868 incumbit,
2228 1815 2280 1856 cl
2337 1808 2534 1862 exinde
2590 1810 3057 1866 considerationes
3108 1812 3220 1869 Deo
3264 1825 3478 1885 gratas,

195 1876 428 1943 ἁμέσως
454 1878 661 1944 ὁμιλῶν
691 1878 768 1948 τῷ
800 1880 921 1947 Θεῷ
945 1885 1189 1951 σχήματι
1217 1884 1441 1954 μεγάλῳ
1476 1889 1565 1940 καὶ
1593 1889 1782 1958 ὑψηλῷ

1887 1904 1941 1946 ει
1997 1896 2341 1952 auditoribus
2390 1899 2797 1968 applaudendas
2852 1904 3081 1975 colligit,
3130 1914 3184 1958 et
3234 1907 3317 1961 sic
3353 1908 3477 1961 iliu-

190 1966 274 2034 τῷ
306 1967 434 2019 κατ’
465 1969 629 2020 αὑτόν
650 1987 664 2001 ο
695 1971 762 2023 τὰ
796 1974 974 2042 μικρὰ
994 1974 1087 2026 καὶ
1116 1976 1379 2045 χαμερπῆ
1407 1982 1782 2048 παραλογισά-

197 2078 388 2128 μενος,
430 2062 527 2114 καὶ
561 2064 657 2127 ὡς,
702 2068 749 2117 εί
784 2066 937 2119 οὐδὲν
972 2067 1222 2136 θέμενος,
1258 2069 1339 2122 ὃτι
1374 2070 1510 2141 μηδὲ
1549 2073 1599 2123 οἱ
1659 2075 1778 2127 κατ’

192 2155 342 2206 αὐτὰ.
396 2158 868 2224 ἐσχηματισμένοι
919 2159 1069 2228 λόγοι
1127 2177 1187 2214 τε
1246 2163 1341 2215 καὶ
1389 2163 1670 2233 ἄνθρωποι
1720 2168 1779 2220 τὸ

195 2247 416 2309 ἐντελὲς
459 2248 656 2317 ἀπειλή
668 2266 854 2315 φασιν.

264 2420 373 2477 λαῗ.
423 2422 583 2475 Ἀλλὰ
616 2426 722 2493 γὰρ
754 2426 989 2480 ἐνταῦθα
1022 2430 1403 2500 ὑποδλέπομαι
1425 2436 1551 2496 τοὺς
1589 2452 1777 2507 μικρο-

195 2516 301 2584 σχή
314 2533 485 2583 μονάς
509 2519 805 2586 μοναχοὺς,
830 2517 910 2583 οἷς
932 2522 1142 2593 μέμηλε
1166 2523 1232 2576 τά
1258 2524 1428 2578 πλείω
1447 2528 1777 2598 ἱπποκομεῖν

193 2611 289 2660 καὶ
322 2608 685 2675 ἱππάξεσθαι,
732 2613 1186 2682 τονθορύζοντας,
1225 2618 1318 2669 καὶ
1349 2617 1645 2686 μύζοντας,
1684 2621 1776 2672 καὶ

192 2695 299 2751 ὦδε
331 2704 493 2752 κάκεῖ
532 2704 939 2772 στρεφομένους
960 2720 973 2733 ·
1008 2708 1149 2772 τάχα
1184 2709 1283 2775 μὲν
1313 2710 1393 2770 είς
1426 2710 1775 2780 ἁπόστροφον

192 2792 254 2843 τὸ
287 2793 378 2843 ἐπ’
410 2793 554 2861 ἐμοὶ,
589 2795 751 2862 τυχὸν
800 2793 857 2846 δὲ
900 2795 1012 2851 καὶ,
1036 2796 1121 2848 ἶνα
1154 2798 1370 2868 ὀργάνῳ
1416 2818 1775 2873 περιτετυχη-

194 2882 356 2940 κότες
403 2880 463 2942 ἐξ
508 2881 842 2949 αὐτομάτου,
897 2886 1207 2954 χρήσωνται
1258 2889 1402 2939 κατὰ
1459 2890 1566 2942 τῶν
1623 2891 1774 2960 ἐμῶν

196 2975 448 3041 χειλέων,
505 2975 581 3037 ὡς
620 2976 799 3029 λάλων
843 2978 981 3043 ὑπὲρ
1029 2979 1084 3030 τὸ
1113 2978 1254 3033 δέον.
1305 2982 1446 3048 Ἐγὼ
1492 2984 1549 3035 δὲ
1588 2984 1772 3051 ἀφιεὶς

194 3065 397 3126 αὐτοὺς
431 3068 571 3118 κατὰ
614 3069 680 3120 τά
716 3069 1145 3141 θυμομαχοῦντα
1179 3074 1289 3126 τῶν
1335 3075 1541 3144 θηρίων
1596 3076 1772 3129 διατε-

196 3157 436 3221 θεῖσθαι,
468 3160 561 3211 καὶ
592 3163 1097 3230 προφωνγισάμενος
1126 3166 1424 3234 ἀναμένειν
1461 3168 1637 3236 ἠσυχῆ
1679 3169 1770 3219 τὸν

194 3251 287 3303 ἐπ’
320 3254 390 3303 αὑ
407 3255 511 3314 τοῖς
536 3253 714 3320 λόγον,
744 3255 851 3306 τῶν
876 3257 1023 3323 ἐμῶν
1046 3258 1209 3310 πάλιν
1239 3259 1493 3327 μεγάλων
1516 3262 1768 3329 μοναχῶν
1797 3245 1838 3298 c

192 3346 442 3412 γίνομαι,
483 3349 574 3399 καὶ
610 3350 689 3409 εὶς
725 3350 850 3400 νοῦν
889 3351 1072 3412 αὐτοῖς
1108 3352 1322 3420 τίθημι,
1348 3354 1511 3406 ὁποῖα
1560 3356 1660 3422 μὲν
1692 3356 1769 3423 τῷ

192 3434 317 3502 Θεῷ
390 3434 642 3505 ηὔξαντο,
704 3432 791 3491 οἵα
846 3440 904 3492 δὲ
953 3442 1389 3496 ἐπιδείκνυνται·
1438 3445 1537 3514 οὐχ
1583 3446 1768 3505 ἁπλῶς

192 3529 497 3597 ἐτεροῖα,ῆ
546 3530 756 3593 ἀλλοῖα,
794 3534 826 3601 ἦ
870 3534 1027 3597 ἄλλα,
1063 3535 1094 3605 ἢ
1143 3536 1398 3606 διάφορι,
1450 3541 1669 3592 ἐναντία
1710 3540 1766 3593 δὲ

190 3622 275 3683 εἰς
308 3622 368 3673 τὸ
401 3624 528 3685 πᾶν,
551 3624 624 3686 ὡς
656 3626 818 3694 εἰπερ
859 3627 933 3695 μὴ
957 3628 1323 3695 ὴρωτήθησαν
1352 3632 1445 3681 ἐπι
1475 3631 1766 3698 διορθώσει

191 3713 407 3766 κακιῶν
432 3717 524 3765 καὶ
553 3716 639 3767 ἐπ’
674 3717 937 3783 ἀναλήψει
966 3718 1176 3786 ἀρετῶν
1197 3733 1209 3747 ⁸
1245 3720 1358 3771 ἀλλ’
1388 3722 1473 3772 ἵνα
1493 3722 1561 3772 τὰ
1588 3723 1767 3790 φαῦλα

191 3806 575 3871 ἐπεγνωκότες
620 3807 978 3877 ἀνδρίσωνται
1025 3811 1083 3861 ἐν
1128 3812 1311 3873 αὐτοῖς
1362 3813 1617 3877 ἐκείνοις,
1675 3817 1768 3867 καὶ

189 3899 628 3970 ἑρμηνευθέντες
652 3902 719 3953 τὰ
750 3901 923 3964 δεινά,
950 3897 1029 3965 οἷς
1055 3904 1440 3972 ἐκπολεμεῖται
1466 3905 1494 3957 6
1523 3907 1615 3958 τοῦ
1631 3906 1766 3959 θεοῦ

188 3992 502 4059 ἄνθρωπος,
536 3995 1007 4062 προσχωρήσωσιν
1038 3998 1128 4047 ἐπ’
1157 3997 1320 4057 αὐτὰ,
1355 4000 1447 4050 καὶ
1470 3999 1765 4071 ,φιλιωθέν-

187 4102 283 4146 τες
318 4085 546 4137 ἔλθωσιν
574 4088 657 4147 είς
688 4086 745 4137 ἐν
775 4088 981 4151 αὐτοῖς,
1006 4091 1102 4140 καὶ
1135 4089 1213 4159 μὴ
1247 4090 1416 4158 ἔχωσι
1449 4090 1541 4143 τοῦ
1578 4092 1765 4145 λοιποῦ

189 4179 252 4240 ἐξ
316 4176 543 4228 ἐκείνων
595 4179 934 4247 πράγματα’
990 4179 1223 4243 δεδιότες
1263 4177 1401 4248 οἷον,
1444 4184 1517 4251 μή
1560 4200 1689 4236 ποτε
1739 4187 1766 4236 ό

190 4271 334 4333 θεῖος
366 4271 656 4337 ὁπλισμὸς,
694 4271 749 4322 ὃν
811 4272 1195 4341 ἀναληφθέντα
1231 4275 1294 4325 ἐκ
1342 4273 1435 4324 τοῦ
1469 4276 1608 4326 κατᾶ
1634 4275 1767 4329 Θεὸν

188 4364 473 4432 θωρακίου
502 4365 871 4432 περίκεινται,
898 4363 975 4425 ὡς
994 4364 1190 4416 ἀνόπιν
1229 4365 1259 4415 ὁ
1283 4363 1439 4431 λόγος
1475 4366 1761 4434 ἐδήλωσεν,

186 4459 248 4508 οὐ
272 4456 606 4525 δεφενδεύσῃ
628 4456 817 4518 αὐτοῖς
834 4457 938 4525 τὴν
951 4456 1276 4523 ἀσφάλειαν,
1299 4455 1421 4509 οὐδέ
1439 4456 1760 4526 δυνήσονται

1884 1994 2116 2049 stratur,
2168 1988 2296 2041 dum
2339 1993 2443 2044 Iteo
2501 2006 2779 2062 magnoet
2833 1994 3109 2049 altissimo
3170 2000 3474 2068 exeinplari

1883 2078 2193 2133 immediate
2225 2081 2484 2146 adhzcrct,
2540 2099 2818 2153 parvaque
2865 2098 2918 2139 et
2971 2096 3185 2142 terrena
3231 2088 3476 2157 fastidit,

1880 2179 1933 2223 et
1963 2186 2060 2239 pro
2108 2173 2282 2228 nihilo
2326 2185 2558 2240 reputat,
2607 2192 2673 2231 eo
2717 2179 2857 2247 quod
2897 2183 3016 2234 istis
3078 2183 3248 2236 rebus
3300 2182 3472 2237 inier-

1878 2262 2009 2313 inati
2058 2262 2306 2317 homines
2367 2278 2418 2318 et
2476 2282 2762 2323 sermones
2814 2271 3109 2327 admittant
3174 2274 3472 2342 perfectio-

1887 2366 2037 2406 nem.

1947 2445 2036 2499 3i.
2103 2446 2257 2501 Nunc
2312 2456 2492 2502 autem
2555 2453 2796 2509 minores
2861 2456 3205 2523 monachos,
3271 2460 3476 2530 quibus

1877 2552 2048 2607 equos
2081 2555 2274 2593 curare
2328 2553 2380 2592 et
2431 2544 2731 2600 ascendere
2771 2547 3099 2618 plerumque
3150 2552 3306 2609 cordi
3364 2562 3470 2615 est.

1880 2630 2118 2699 inspicio
2142 2631 2511 2699 mussitantes,
2553 2646 2869 2705 querentes,
2892 2641 3017 2695 hinc
3037 2642 3186 2698 illinc
3214 2644 3469 2715 agitatus.

1876 2722 1991 2774 sive
2046 2732 2104 2775 ut
2154 2739 2238 2776 me
2292 2725 2610 2793 incrcpcnt,
2669 2730 2783 2783 sive
2847 2733 3218 2790 instrumento
3274 2746 3468 2806 sponte

1875 2811 2058 2866 oblato
2111 2821 2322 2866 utantur
2382 2825 2573 2870 contra
2624 2819 2770 2872 labia
2824 2836 2940 2875 mea
3015 2823 3252 2879 dicentis
3300 2828 3458 2895 plura

1874 2918 2034 2972 quam
2062 2908 2370 2970 oportebat.
2412 2906 2523 2975 Ego
2577 2923 2705 2961 vero
2740 2911 2880 2965 istos
2928 2928 3078 2967 more
3112 2914 3354 2971 ferarum
3392 2920 3466 2973 si-

1877 3011 2013 3051 nens
2045 2996 2256 3056 szevire,
2289 3005 2342 3050 et
2381 3014 2691 3057 sermonem
2733 3002 2801 3058 de
2857 3004 2990 3075 ipsis
3031 3005 3233 3075 iubens
3279 3010 3462 3076 silere,

1874 3101 2064 3140 rursus
2097 3089 2162 3141 ad
2210 3090 2513 3145 monachos
2563 3108 2792 3163 magnos
2829 3111 2979 3151 meos
3026 3100 3214 3167 redeo,
3247 3116 3463 3155 eorum'

1872 3196 1979 3249 que
2011 3181 2065 3233 in
2102 3190 2335 3234 tuentem
2385 3197 2583 3236 revoco
2611 3199 2733 3253 quae
2779 3185 2890 3240 Deo
2917 3190 3165 3241 γονέι-ἔπι
3244 3202 3296 3245 et
3340 3210 3463 3261 qua:

1870 3271 2206 3335 ostendunt;
2238 3287 2343 3325 non
2382 3273 2528 3327 varia
2586 3284 2789 3343 autem,
2835 3287 2930 3330 aut
2974 3279 3206 3337 diversa.
3236 3290 3330 3335 aut
3356 3285 3463 3337 alia

1870 3370 2021 3422 sunt.
2063 3364 2155 3415 sed
2191 3365 2347 3427 plane
2397 3367 2672 3417 contraria
2714 3383 2728 3429 ;
2781 3366 2941 3435 quasi
2988 3371 3305 3445 interrogati
3352 3389 3460 3427 non

1871 3450 2194 3506 fuissentde
2227 3452 2372 3504 vitiis
2418 3453 2698 3517 curandis,
2748 3460 3187 3528 assumendaque
3233 3462 3456 3518 virtute.

1870 3546 1962 3597 scd
2000 3552 2057 3595 ut
2103 3544 2313 3611 cognita
2354 3546 2592 3597 vanitate
2636 3545 2704 3599 ad
2730 3561 2851 3600 eam
2892 3550 3129 3605 innuant
3173 3560 3232 3606 ut
3267 3554 3430 3608 admo

1870 3634 1967 3687 niti
2029 3633 2098 3688 de
2150 3634 2405 3701 periculis
2459 3634 2655 3702 quibus
2690 3644 2773 3688 est
2810 3637 3083 3695 obnoxius
3130 3642 3294 3696 homo
3336 3645 3453 3709 Dei,

1871 3709 1921 3778 in
1964 3740 2027 3780 ea
2067 3725 2371 3787 incurrant,
2408 3736 2459 3776 et
2505 3724 2647 3780 facta
2707 3726 2949 3781 amicitia
2982 3729 3035 3783 in
3086 3747 3252 3785 unum
3286 3734 3454 3789 simul

1869 3826 2115 3887 pergant,
2143 3833 2316 3885 neque
2343 3818 2579 3887 amplius
2601 3835 2767 3875 curas
2789 3822 2858 3876 de
2879 3825 2999 3879 istis
3019 3827 3271 3897 capiant;
3296 3833 3453 3896 quasi

1872 3909 2097 3962 timeant
2149 3922 2214 3960 ne
2270 3923 2419 3960 arma
2469 3910 2654 3963 ditina
2705 3926 2829 3980 qua:
2880 3926 3165 3986 assumpta
3208 3933 3276 3974 ex
3329 3935 3454 3975 arce

1870 3996 1962 4052 Dei
2010 3998 2321 4059 induerunt,
2360 4010 2420 4051 ut
2454 4001 2692 4054 ostendit
2744 4018 2927 4058 sermo
2960 4009 3235 4076 superius,
3286 4027 3454 4066 secu-

1869 4090 2083 4142 ritatem
2129 4090 2232 4141 sibi
2269 4105 2375 4142 non
2430 4092 2728 4158 praebeant,
2760 4109 2858 4149 nec
2891 4097 3104 4164 possint
3139 4100 3241 4153 tela
3282 4102 3448 4171 ignita

1872 4181 2075 4233 inimici
2105 4181 2480 4252 exstinguere,
2511 4199 2632 4253 qua:
2683 4186 2901 4249 quidem
2938 4199 3130 4242 contra
3176 4190 3446 4248 sideream

1867 4280 1922 4326 et
1954 4272 2190 4324 divinam
2226 4272 2525 4331 thoracem.
2573 4278 2655 4326 vel
2696 4286 2887 4330 contra
2920 4278 3137 4334 tirmum
3171 4281 3445 4351 clypeum,

1869 4364 1984 4417 sive
2012 4362 2378 4429 quodcunque
2433 4364 2701 4419 munitum
2756 4371 3226 4438 propugnaculum
3254 4387 3446 4441 parum

1872 4454 1952 4508 vel
1983 4453 2117 4507 nihil
2163 4453 2380 4519 valent;
2418 4466 2610 4509 contra
2656 4456 2900 4514 calamos
2948 4471 3151 4526 autem,
3196 4471 3293 4517 aut
3343 4463 3445 4519 fa:-

188 4549 532 4602 κατασσέσαι
570 4549 637 4601 τὰ
672 4547 1052 4618 πεπυρωμένα
1084 4548 1213 4617 βέλη
1236 4548 1330 4601 τοῦ
1358 4548 1557 4617 ἐχθροῦ
1579 4567 1591 4579 ·
1623 4552 1767 4621 άπερ

1881 4561 2022 4609 num,
2076 4555 2168 4599 aut
2216 4546 2484 4614 reliquum
2543 4562 2794 4601 acervum
2844 4559 3076 4618 possunt
3127 4552 3442 4608 incendium

187 4643 334 4694 κατὰ
374 4643 474 4709 μὲν
531 4641 787 4709 σιδηρίου
820 4642 1093 4710 θώρακος,
1132 4641 1228 4694 τοῦ
1286 4642 1427 4695 κατὰ
1458 4641 1612 4701 Θεὸν,
1666 4643 1759 4694 καὶ

1867 4647 1922 4692 et
1961 4638 2176 4691 ruinam
2204 4636 2422 4691 inferre.

186 4735 333 4787 κατὰ
382 4732 610 4803 στερεοῦ
657 4733 874 4801 θυρεοῦ,
928 4734 1009 4785 ἔτι
1049 4734 1103 4785 δὲ
1136 4737 1231 4787 καὶ
1271 4738 1470 4795 παντὸς
1518 4734 1756 4803 ἐρυμνοῦ
1838 4733 2193 4801 τειχίσματος
2244 4734 2415 4800 μικρὰ
2512 4734 2542 4797 ἢ
2598 4733 2751 4786 οὐδὲν
2809 4734 3117 4806 ἐνεργοῦσι,
3177 4740 3318 4793 κατὰ
3384 4738 3441 4795 δὲ

186 4831 445 4897 καλάμης
482 4829 579 4880 καὶ
615 4826 808 4895 χόρτου
835 4828 929 4877 καὶ
959 4823 1148 4878 λοιποῦ
1180 4823 1451 4893 συρφετοῦ
1493 4823 1750 4877 δύνανται
1791 4825 1870 4885 εἰς
1896 4822 2240 4889 ἐκφλόγωσιν
2269 4820 2362 4873 καὶ
2389 4820 2687 4874 ἀπώλειαν.

256 4922 361 4973 λ6’.
396 4919 568 4972 Τοῦτό
593 4937 654 4972 τε
675 4916 769 4971 οὖν
791 4918 935 4970 οὓτω
960 4918 1166 4987 δειλιᾷν
1194 4919 1291 4970 ἐπὶ
1310 4920 1423 4979 τοῖς
1456 4933 1753 4985 πνευματι-

184 5017 303 5073 κοῖς
349 5011 539 5073 ὅπλοις
578 5011 811 5070 ἐοίκασι,
856 5010 951 5060 καὶ
1009 5008 1129 5059 οὐδὲ
1186 5009 1252 5059 τά
1282 5008 1757 5075 προπεφρασμένα

184 5102 312 5172 ἱερὰ
348 5104 536 5153 ἐκεῖνα
559 5100 658 5167 τῆς
697 5098 1072 5166 πνευματικῆς
1100 5099 1305 5165 κουρᾶς
1340 5098 1417 5159 εἰς
1444 5095 1567 5148 νοῦν
1598 5098 1753 5162 ἄγει)

180 5196 449 5264 ψάλματα
483 5193 789 5258 φαίνονται,
836 5190 902 5242 δι’
934 5183 1009 5242 ὧν
1044 5191 1145 5241 ὅσα
1182 5188 1275 5239 καὶ
1307 5188 1630 5254 σαλπίγγων
1662 5190 1755 5238 καὶ

180 5285 390 5338 λοιπῶν
416 5284 686 5349 ὀργάνων,
721 5277 803 5342 οἷς
831 5278 1285 5349 θαρσοποιοῦνται
1331 5280 1409 5339 είς
1439 5279 1613 5346 μέγαν
1653 5279 1749 5330 πό-

181 5377 237 5428 λε
249 5393 354 5444 μον
392 5373 691 5440 ἄνθρωποι,
748 5371 995 5437 γλυκέως
1052 5368 1310 5433 ἐτάξαντο
1344 5368 1437 5419 τὸν
1479 5370 1616 5420 κατὰ
1655 5368 1750 5420 τοῦ

177 5468 441 5536 δαίμονος
463 5465 692 5523 ⁶ἕκαστος
710 5464 969 5530 πόλεμον,
992 5461 1431 5530 κατεπᾳδόμενος
1454 5460 1547 5513 καὶ
1571 5476 1749 5528 μακα-

179 5558 422 5627 ρισμοῖς,
454 5554 530 5615 ὡς
564 5554 798 5623 ἐρρέθη·
838 5546 915 5606 ὧν
940 5551 991 5603 οἱ
1021 5550 1253 5605 τοιοῦτοι
1294 5550 1620 5618 στρατιῶται
1652 5549 1743 5602 τοῦ

176 5648 315 5701 θεοῦ
339 5646 795 5713 ἐπιτυγχάνουσιν
816 5646 1262 5711 ἀριστεύσαντες.
1288 5642 1403 5695 Οὐκ
1428 5640 1743 5709 ἐνθυμεῖται

176 5744 229 5792 δὲ
258 5743 287 5791 ὁ
310 5737 553 5791 τοιοῦτοε
587 5737 816 5805 μοναχὸς
840 5735 957 5787 οὐδὲ
979 5735 1075 5803 τὴν
1107 5734 1200 5786 τοῦ
1228 5734 1346 5804 βίου
1374 5738 1737 5801 κατάγνωσιν,

177 5836 242 5901 ἣν
285 5831 773 5901 καταψαλλομένην
805 5827 1019 5881 ἁκούων
1059 5827 1454 5895 συνηγαλλιᾶτο
1486 5828 1579 5879 καὶ⁵
1612 5844 1741 5893 συγ-

1931 4916 2018 4968 32.
2067 4912 2177 4968 ΙΙοσ
2224 4916 2290 4967 de
2334 4914 2713 4981 spiritualibus
2775 4916 2942 4969 armis
2987 4918 3092 4972 isto
3145 4921 3309 4974 modo
3357 4938 3439 4973 re-

1862 5005 2158 5060 formidare
2209 5004 2306 5057 visi
2353 5013 2505 5065 sunt,
2559 5013 2613 5057 et
2666 5006 2905 5073 psalmos
2956 5023 3144 5062 sacros
3193 5020 3435 5065 tonsurie

1860 5095 2165 5164 spiritualis
2202 5104 2324 5145 ante
2354 5094 2657 5147 celebratos
2690 5096 2743 5146 in
2777 5107 3012 5149 mentem
3043 5112 3303 5153 revocare
3325 5116 3432 5155 non

1862 5185 2133 5247 videntur,
2170 5185 2367 5251 quibus
2415 5184 2565 5236 velut
2620 5186 2746 5237 tuba
2798 5196 2851 5238 et
2880 5187 3005 5242 altis
3049 5188 3430 5246 instrumentis

1860 5276 2107 5330 homines
2168 5274 2234 5328 ad
2280 5285 2565 5328 strenuum
2619 5276 2816 5329 bellum
2873 5280 3266 5343 excitantibus,
3321 5282 3429 5349 ipsi

1856 5370 2053 5436 singuli
2099 5383 2158 5421 se
2204 5380 2542 5437 pugnaturos
2593 5380 2785 5422 contra
2830 5370 3131 5424 dartnonem
3195 5372 3429 5427 iibentcr

1854 5460 2239 5527 promiserunt.
2266 5470 2321 5513 et
2347 5459 2681 5514 beatitudine
2710 5476 2816 5530 qua
2836 5460 3087 5514 fruuntur
3133 5463 3301 5519 fortes
3333 5466 3426 5520 Dei

1857 5552 2078 5617 milites,
2111 5552 2282 5604 allecti
2317 5563 2466 5613 sunt.
2500 5554 2643 5607 sicut
2692 5555 2896 5607 dictum
2930 5564 3037 5609 est.
3091 5554 3200 5610 Nec
3243 5560 3427 5615 consi-

1853 5645 2007 5702 derat
2042 5646 2145 5699 iste
2192 5646 2490 5700 monachus
2544 5648 2667 5701 vitae
2717 5648 3254 5714 condemnationem,
3317 5666 3422 5720 qua

1853 5737 2035 5789 audita
2067 5737 2392 5800 exsultabat,
2421 5750 2476 5791 ct
2514 5740 2626 5806 ipse
2656 5740 3094 5805 condemnabat;
3129 5743 3224 5797 sed
3261 5744 3419 5811 quasi

1852 5841 1973 5880 cum
2013 5832 2273 5897 pteniteat
2300 5829 2440 5897 quod
2471 5828 2676 5898 aliquid
2732 5829 2930 5887 bonum
2968 5830 3420 5888 condcmnaverit
