4210 6438
769 386 873 448 755

1474 379 1891 442 EUSTATHII
1935 379 2702 439 TIIESSALONICENSIS
2742 378 3312 442 METROPOLITJE

3936 391 4062 454 756

763 498 827 548 aui
864 492 1092 562 pristina
1131 493 1446 554 revertitur,
1481 507 1543 545 ea
1581 492 1776 545 blande
1821 493 2198 558 amplectitur;
2235 507 2340 544 non

2452 495 2856 560 κατεγίνωσκεν
2876 510 2891 524 ο
2911 494 3026 547 ἀλλ’
3048 489 3248 557 ὠςοῖον
3273 497 3742 566 μεταμε).όμ;νος,
3768 501 3848 553 ἔτι
3872 502 4060 552 καλοῦ

764 588 929 642 modo
956 588 1216 650 demisse,
1249 595 1308 638 ut
1336 586 1511 656 prius,
1549 586 1643 639 sed
1682 585 1954 653 abjectius
1993 586 2123 653 agit,
2159 585 2204 638 si
2231 573 2347 637 lieri

766 687 964 750 potest.
1009 677 1118 732 Nec
1147 678 1385 747 amplius
1420 677 1668 731 meminit
1698 676 1828 746 quid
1858 677 2227 746 interrogatus
2255 677 2348 741 sit,

765 771 1007 842 quidque
1039 772 1406 841 responderit,
1439 780 1626 824 sancta
1672 769 1974 823 initiatione
2001 769 2251 822 ineunte.

834 1058 924 1110 55.
958 1058 1066 1111 Ista
1115 1056 1500 1123 interrogatio,
1538 1059 1727 1116 lratcr,
1761 1055 1824 1106 ad
1871 1067 2092 1108 causam
2139 1054 2214 1106 tui
2254 1051 2353 1104 ad-

765 1161 962 1202 ventus
995 1148 1229 1200 maxime
1255 1147 1573 1215 speetabat;
1605 1146 1890 1215 quaerebat
1918 1146 2143 1212 insuper
2170 1151 2350 1196 utrum

766 1242 916 1310 operi
960 1241 1202 1294 maximo
1243 1243 1552 1310 applicatus
1583 1242 1634 1292 in
1689 1241 1792 1292 hoc
1857 1253 2032 1306 usque
2078 1238 2144 1290 ad
2189 1237 2350 1288 linem

767 1335 1069 1401 lortissime
1128 1347 1510 1401 pcrmaneres,
1568 1334 1611 1386 si
1660 1331 1853 1399 paucis
1925 1331 2109 1383 verbis
2169 1329 2354 1382 omnia

761 1426 995 1480 dicenda
1027 1434 1176 1479 sunt.
1225 1423 1287 1476 Et
1321 1431 1378 1476 tu
1433 1423 1714 1483 ardenter,
1773 1422 1944 1474 corde
1993 1423 2233 1484 sincero,
2297 1429 2356 1473 ut

764 1518 1076 1582 videbatur,
1111 1517 1480 1585 spopondisti.
1522 1517 1598 1567 Ita
1632 1514 1724 1567 illo
1765 1523 2032 1581 tempore.
2078 1511 2231 1565 Multi
2281 1519 2357 1566 te-

763 1617 874 1663 stes
914 1610 1305 1678 noupatientes
1341 1607 1658 1676 exprobrati
1685 1605 1984 1668 mendacii,
2011 1604 2047 1657 ii
2085 1605 2138 1656 in
2165 1604 2355 1672 primis

759 1700 852 1771 qui
880 1699 1261 1768 Omnipotenti
1307 1699 1709 1768 prepiuquant,
1757 1713 1998 1764 quorum
2047 1710 2236 1748 vocem
2267 1710 2358 1747 au-

759 1791 877 1845 dire
905 1791 1141 1860 quisque
1177 1797 1355 1856 optat,
1383 1804 1580 1858 nempe
1617 1789 1796 1853 angeli
1826 1787 1953 1845 Dei:
1992 1801 2130 1856 quos
2159 1787 2203 1838 si
2230 1785 2356 1855 quis

2461 585 2788 652 πράγματος
2820 585 3252 652 κατεγίνωσκεν,
3288 589 3570 641 ἐπάνεισιν
3601 591 3679 650 είς
3713 593 3778 642 τὰ
3821 598 4060 661 πρώην,

2457 679 2555 729 καὶ
2608 677 3021 745 ἐκμειλίσσεται
3101 680 3261 742 αὐτὰ,
3317 679 3580 747 βιοτεύων
3647 682 3893 750 φαύλως,
3949 687 4060 753 οὐχ

2456 769 2648 838 ὥσπερ
2680 770 2774 821 καὶ
2817 769 2970 838 πρὶν,
3003 771 3140 822 ἀλλὰ
3178 771 3536 840 Θερμότερον,
3591 774 3644 824 εί
3678 791 3739 841 γε
3775 775 4019 828 δύναται
4045 793 4060 804 ·

2458 863 2554 913 καὶ
2582 864 2640 913 οὐ
2671 861 3066 928 διαλογίζεται,
3115 863 3166 916 τί
3198 863 3298 932 μὲν
3345 866 3634 935 ἠρωτήθη.
3675 868 4060 936 ἐναρχόμενος

2457 955 2548 1007 τοῦ
2587 955 2734 1023 ἱεροῦ
2792 955 3214 1024 πολιτεύματος,
3237 959 3292 1008 τί
3323 958 3378 1010 δὲ
3411 959 3766 1028 ἀπεκρίνατο.

2530 1045 2632 1111 λγ⁸.
2676 1046 2739 1098 Ἢ
2772 1046 3042 1115 ἐρώτησις
3089 1048 3296 1114 ἐκείνη,
3333 1043 3378 1101 ὦ
3410 1050 3629 1116 ἀδελφὲ,
3666 1051 3725 1102 τὸ
3751 1052 3846 1117 τῆς
3874 1067 4058 1119 προσ-

2458 1137 2722 1200 ελεύσεως
2749 1137 3233 1208 ἐπολυπραγμόνει
3258 1140 3432 1192 αἴτιον
3451 1157 3464 1169 ·
3494 1141 3833 1193 ἐπυνθάνετο
3863 1143 3923 1193 δὲ
3952 1144 4057 1193 καὶ

2458 1229 2835 1297 εἰπροσελοὼν
2856 1231 3090 1300 ἐργασίᾳ
3109 1231 3529 1301 σπουδαιοτάτῃ,
3547 1236 3886 1300 παραμενεῖς
3904 1232 4052 1300 αὐτῇ

2461 1325 2623 1393 μέχρι
2652 1323 2844 1384 τέλους
2879 1323 3349 1391 φερεπονὼτερον,
3387 1325 3433 1375 εἰ
3468 1325 3572 1392 χρὴ
3612 1326 3672 1376 τὸ
3714 1326 3824 1376 πᾶν
3864 1327 4054 1376 εἰπεῖν

2460 1417 2517 1466 ὲν
2557 1412 2730 1476 οὕτως
2766 1415 3052 1483 ὀλιγίστῳ.
3085 1415 3155 1466 Σὺ
3185 1415 3240 1466 δὲ
3274 1417 3505 1468 κατέθου
3547 1416 3788 1484 (θερμῶς,
3816 1419 3934 1480 καὶ,
3972 1418 4053 1478 ὡς

2461 1507 2734 1574 ἐφαίνετο,
2771 1507 2834 1558 ἐκ
2867 1506 3051 1574 βυϐίου
3079 1506 3406 1575 θελήματος.
3437 1508 3544 1560 Καὶ
3569 1507 3726 1560 τοῦτο
3760 1509 3860 1576 μὲν
3890 1510 4048 1560 τότε.

2461 1600 2572 1652 Καὶ
2595 1601 2644 1650 oi
2673 1600 2950 1669 μάρτυρες
2991 1598 3201 1660 πολλοὶ,
3227 1600 3320 1652 καὶ
3350 1600 3469 1652 οὐδὲ
3503 1602 3880 1670 παραγραφὴν
3904 1603 4053 1652 είδο-

2460 1710 2552 1755 τες
2587 1694 2841 1762 πάσχειν,
2896 1695 2988 1745 καὶ
3028 1693 3263 1763 μάλιστα
3303 1695 3352 1746 οί
3397 1693 3473 1762 τῷ
3500 1695 3773 1764 κρείττονι
3802 1696 4051 1764 πλησια-

2461 1786 2666 1850 ζοντες,
2701 1781 2775 1838 ὧν
2817 1785 3036 1855 εὔχεται
3064 1801 3149 1847 τις
3181 1783 3410 1836 ἀκοῦσαι
3453 1787 3660 1854 φωνὴν,
3694 1786 3744 1836 οἱ
3779 1783 3876 1836 τοῦ
3907 1784 4048 1836 Θεοῦ

759 1879 1032 1935 mendacii
1087 1895 1320 1949 arguere
1379 1879 1636 1942 auderet,
1679 1879 1800 1948 ipso
1833 1878 1978 1932 laeto
2041 1893 2239 1930 manus
2296 1878 2348 1928 in

2455 1880 2676 1948 ἄγγελοι
2701 1895 2717 1911 ο
2743 1879 2837 1942 οὒς
2867 1879 2922 1930 εί
2943 1897 3027 1942 τις
3061 1877 3536 1947 παραγράψασθαι
3577 1878 4046 1938 ἁπαυθαδίσεται,

760 1969 934 2024 Deum
965 1969 1265 2022 attolleret.
1324 1966 1437 2022 Nec
1490 1968 1712 2037 longum
1764 1979 1983 2037 tempus
2038 1969 2344 2030 t-llluxerat,

763 2070 819 2114 et
868 2074 994 2112 ecce
1027 2067 1322 2113 conventio
1357 2074 1454 2126 pro
1507 2060 1678 2112 nihilo
1729 2059 2128 2127 Ieputabatur;
2161 2059 2347 2120 aliter,

762 2166 888 2204 cum
923 2151 1160 2213 insania,
1212 2165 1318 2202 non
1354 2165 1477 2203 cum
1501 2157 1650 2203 recta
1697 2157 1749 2201 el
1775 2165 1907 2203 sana
1952 2148 2161 2201 ratione
2199 2157 2350 2202 tene-

760 2243 942 2297 batur.
999 2242 1202 2296 Obedis
1249 2253 1305 2294 tu
1355 2241 1610 2310 quidem,
1666 2240 1759 2294 sed
1813 2255 1921 2292 non
1971 2249 2027 2291 ut
2083 2241 2346 2302 statuisti,

761 2334 982 2399 quando
1045 2341 1098 2384 te
1147 2332 1347 2401 aliquis
1392 2333 1457 2384 ad
1512 2332 1724 2385 loculos
1783 2331 1946 2385 Slmlll
1997 2329 2346 2394 dividendos,

760 2423 828 2477 ad
883 2425 1182 2492 parandam
1229 2424 1546 2479 innocentis
1602 2423 1848 2478 hominis
1883 2422 2346 2484 inbumationem,

762 2526 855 2570 aut
901 2518 967 2568 ad
1015 2518 1122 2570 alia
1164 2517 1364 2570 similia
1398 2518 1612 2571 invitat.
1659 2514 1853 2570 Nonne
1881 2515 2026 2569 enim
2058 2515 2163 2569 ista
2199 2524 2344 2579 sunt,

761 2624 886 2680 qua:
949 2626 978 2664 α
1034 2618 1086 2665 te
1155 2612 1206 2665 in
1271 2604 1521 2664 homines
1583 2610 1720 2663 nihil
1780 2611 2010 2662 meritos
2069 2605 2350 2674 aguntur?

761 2701 878 2756 'l‘ua
929 2703 1070 2757 enim
1111 2717 1283 2769 opera
1311 2717 1431 2756 esse
1474 2709 1704 2755 autumo
1737 2715 1861 2768 qua:
1906 2715 1936 2752 a
1971 2709 2022 2753 te
2054 2699 2344 2767 jubentur.

769 2794 862 2848 Sic
893 2797 1038 2850 enim
1102 2795 1294 2851 obedis
1335 2807 1394 2850 ut
1436 2811 1541 2848 non
1584 2794 1845 2849 debebas.
1899 2791 2129 2847 Oculum
2181 2792 2350 2861 projio

771 2903 900 2942 cere
927 2903 1154 2942 necesse
1177 2896 1294 2940 erat
1325 2888 1501 2955 magis
1530 2901 1692 2956 quam
1713 2889 1792 2940 sic
1816 2887 2007 2940 audire
2026 2895 2077 2939 et
2103 2886 2346 2942 obedire.

771 2978 828 3030 In
861 2986 1070 3030 tantum
1103 2977 1275 3045 premi
1322 2993 1570 3042 recusas,
1607 2986 1665 3030 ut
1694 2978 1838 3030 oeuli
1881 2980 1958 3029 tui
2001 2977 2221 3030 caerulei
2247 2977 2346 3044 (4),

767 3083 918 3121 more
955 3067 1150 3130 ferino,
1186 3077 1237 3121 te
1294 3070 1564 3136 abripiant
1591 3070 1644 3120 in
1708 3070 1846 3122 alios
1905 3067 2252 3135 premendus,
2289 3080 2345 3122 ut

764 3170 819 3212 tu
845 3160 1067 3215 laiteris.
1103 3159 1284 3214 Causa
1332 3159 1476 3211 enim
1519 3161 1707 3228 gloriae.
1738 3176 1900 3228 quam
1941 3161 2209 3228 repulisti,
2247 3160 2348 3212 sub

2453 1971 2653 2023 αὐτίκα
2678 1972 2771 2024 καὶ
2789 1971 2925 2023 Θεοῦ
2956 1970 3120 2022 αὐτοῦ
3151 1973 3624 2040 κατεπιχειρήσει.
3667 1971 3742 2022 Οὐ
3777 1970 3951 2031 πολὺς
3990 1971 4048 2022 δὲ

2454 2061 2755 2130 καθορᾶται
2791 2063 3006 2132 χρόνος,
3031 2061 3180 2130 καὶὴ
3216 2063 3646 2132 ἀνθομολογησις
3686 2063 3876 2131 ἐκείνη
3912 2082 4046 2114 κατ-

2452 2153 2692 2222 ήργηται
2720 2169 2802 2205 σοι
2874 2152 3050 2216 ἄλλως
3086 2153 3494 2224 φυλαττομένη,
3529 2155 3670 2209 κατά
3700 2171 3823 2207 τινα
3860 2153 4047 2224 παρὰ-

2451 2262 2628 2308 νοιαν,
2659 2249 2757 2298 καί
2780 2245 2842 2297 οὐ
2879 2245 3017 2314 πρὸς
3045 2245 3320 2314 ὀρθότητα
3369 2247 3461 2298 καὶ
3502 2246 3716 2312 ὑγίειαν
3742 2246 4046 2313 λογισμοῦ.

2463 2337 2794 2400 ’Υπαχούεις
2839 2338 2938 2406 μὲν
2968 2338 3078 2408 γὰρ
3110 2368 3182 2378 -
3223 2338 3364 2407 πλὴν
3397 2339 3460 2390 οὐ
3497 2339 3643 2390 καθὰ
3684 2339 3886 2402 ὲταξω,
3924 2339 4046 2391 ἀλλ’

2452 2431 2540 2482 ὅτε
2568 2448 2652 2492 τις
2681 2431 3086 2501 προκαλέσεταί
3115 2447 3173 2482 σε
3203 2432 3282 2492 εἰς
3313 2431 3686 2499 κοινοποίησιν
3721 2432 4044 2500 ﬁala-1:50;,

2455 2524 2550 2576 καὶ
2584 2525 2663 2587 εἰς
2686 2524 3022 2592 προαγωγὰς
3051 2522 3306 2590 κρύψεως
3333 2521 3544 2589 ἀνδρῶν
3575 2523 3769 2576 aechm
3799 2527 3877 2586 εἰς
3914 2525 4044 2591 γῆν,

2451 2617 2545 2668 καὶ⁵
2582 2617 2663 2677 είς
2695 2613 2830 2666 ἄλλα
2865 2614 3052 2682 ὃμοια.
3080 2609 3156 2666 Ἥ
3205 2614 3317 2681 γὰρ
3357 2613 3418 2664 οὐ
3454 2611 3679 2665 τοίαῦτα
3728 2616 3795 2665 τὰ
3828 2615 3919 2664 διὰ
3949 2617 4045 2667 σοῦ

2450 2707 2807 2776 ἐντριϐόμενα
2835 2707 3139 2775 πράγματα
3171 2709 3284 2767 τοῖς
3322 2706 3474 2758 οὐδὲν
3508 2707 3744 2770 αἰτίοιςς
3788 2707 3895 2759 Σοῦ
3927 2708 4042 2775 γὰρ

2450 2795 2592 2851 εἶναί
2637 2814 2778 2866 φημι
2815 2797 2955 2866 ἔργα
2986 2798 3053 2851 τὰ
3087 2800 3191 2850 ὑπὸ
3227 2796 3322 2848 σοῦ
3349 2798 3704 2865 κελευόμενα.
3741 2800 3853 2851 Καὶ
3888 2799 4044 2851 οὕτω

2456 2886 2554 2956 μὲν
2598 2886 2920 2948 ὑπακοῦεις,
2953 2886 3026 2948 ὡς
3071 2891 3144 2956 μὴ
3172 2884 3380 2952 ὤφελες
3404 2902 3417 2916 ·
3463 2884 3668 2952 ὤφελες
3697 2887 3810 2954 γὰρ
3862 2905 4048 2940 κεκω.

2453 2977 2666 3044 φῶσθαι
2725 2977 2949 3044 μᾶλλον,
3005 2977 3038 3044 ἦ
3091 2978 3268 3039 οὓτως
3307 2976 3524 3028 ἀκούειν
3556 2979 3651 3030 καὶ
3699 2979 4037 3032 ὑπακούειν.

2451 3066 2749 3120 (θλίϐεσθαι
2777 3068 2834 3118 δὲ
2866 3069 2943 3131 εἰς
2971 3068 3224 3119 τοσοῦτον
3238 3069 3490 3136 ἀπέχεις,
3517 3067 3590 3127 ὡς
3619 3069 3704 3120 διὰ
3733 3070 3836 3136 τὴν
3865 3075 3923 3122 ἐν
3957 3077 4033 3122 τοὶ

2452 3159 2691 3229 Θηριώδη
2751 3160 3102 3226 γαροπότητα
3149 3158 3244 3210 καὶ
3277 3159 3768 3227 πραγματεύεσθαι
3819 3163 4031 3228 eas-42:,-

761 3251 944 3320 specie
965 3261 1306 3320 contemptus
1323 3253 1408 3304 cui
1434 3259 1629 3305 iterum
1658 3252 2004 3314 renuntiasti,
2033 3253 2343 3322 quibusque

2452 3252 2680 3318 ἑτέροις,
2698 3251 2783 3301 ἵνα
2807 3252 2870 3300 σὺ
2890 3249 3110 3318 χαίρῃς.
3135 3248 3224 3316 Τῷ
3243 3250 3352 3316 γὰρ
3376 3250 3520 3317 λόγῳ
3541 3250 3639 3316 τῆς
3660 3251 4029 3319 gaesaque

763 3342 1124 3396 humilitatem
1162 3344 1281 3396 ovis
1319 3343 1412 3397 Dei
1461 3342 1830 3412 praeposuisti,
1861 3357 1969 3396 non
2012 3342 2173 3396 modo
2229 3356 2346 3409 pre-

765 3435 890 3498 mis,
923 3435 1038 3488 sive
1066 3437 1194 3490 tcris
1222 3435 1390 3506 (quod
1427 3445 1510 3488 est
1539 3434 1791 3501 0mm),
1829 3435 1922 3488 sed
1960 3435 2121 3486 etiam
2173 3436 2341 3486 strin-

763 3528 867 3594 gis,
911 3525 1170 3589 suﬂ‘ocas,
1207 3528 1490 3590 vulneras,
1526 3526 1863 3595 colapliizas,
1903 3524 2161 3593 castigas,
2190 3539 2343 3591 pres-

764 3632 949 3670 suram
982 3617 1192 3672 moliris
1232 3633 1297 3672 eo
1330 3617 1455 3682 line,
1487 3626 1543 3670 ut
1569 3628 1862 3670 conterens
1889 3655 1903 3679 ,
1936 3624 2088 3668 stans
2113 3616 2343 3668 seorsiin

763 3721 817 3761 et
851 3711 1162 3764 inaccessus
1207 3696 1274 3762 ei
1327 3709 1519 3762 alienis
1569 3709 1728 3762 bonis
1784 3707 1963 3776 possis
1997 3705 2347 3773 locupletari.

764 3803 896 3868 Qua:
923 3817 1064 3855 novo
1095 3802 1328 3855 consilio
1357 3801 1595 3868 peragis,
1638 3799 1828 3866 sicque
1875 3798 2130 3851 mentiris
2182 3809 2344 3861 quam

765 3895 1010 3964 elegeras
1040 3893 1600 3964 paupertatem,hodie
1663 3891 1878 3961 quidem
1931 3890 2348 3958 restringentom

765 3998 821 4044 et
849 3987 1160 4057 evangelice
1193 3993 1553 4055 prementem,
1589 3994 1773 4050 postea
1807 3995 1987 4036 autem
2028 3983 2348 4035 immensam

768 4080 1044 4149 planitiem
1078 4077 1436 4146 aperientem.

2450 3341 2516 3412 ἢν
2551 3341 2822 3406 ἁπελέξω,
2857 3342 2951 3392 καὶ
2992 3343 3056 3408 τῇ
3089 3342 3314 3409 ἀφορμῇ
3351 3340 3445 3391 τοῦ
3485 3342 3971 3411 ἅκαταςρονῂτου,
4010 3347 4033 3395 ὁ

2451 3434 2542 3486 καὶ
2583 3434 2714 3486 αὐτὸ
2770 3433 3099 3502 ἁπηρνήσω,
3150 3427 3233 3493 οἷς
3273 3431 3550 3499 πρόϐατον
3596 3433 3733 3484 Θεοῦ
3787 3434 4032 3500 γεγονὼς

2451 3527 2710 3596 προείλου
2748 3525 3101 3582 ταπείνωσιν.
3163 3524 3260 3592 οὐχ
3303 3523 3488 3581 ἁπλῶς
3537 3523 3761 3588 θλίϐεις,
3812 3526 3914 3577 είτ“
3946 3523 4032 3577 οὖν

2453 3619 2662 3681 πιέζεις
2693 3617 2875 3687 (τοῦτο
2914 3618 3024 3685 γάρ
3057 3617 3172 3667 ἐστι
3209 3614 3464 3682 Θλίὁειν),
3497 3616 3634 3669 ἀλλὰ
3677 3619 4029 3685 συμπνὲγεες,

2451 3709 2665 3777 ἄγχεις,
2704 3709 2964 3774 αίκίζεις,
2997 3708 3272 3772 κολάζεις,
3323 3707 3670 3776 ὑπερϐαίνων
3722 3709 4032 3776 εὖμεθόξως

2451 3801 2549 3870 τὴν
2579 3801 2868 3867 Ολιπτικὴν
2903 3802 3187 3871 ἐνέργειαν
3213 3819 3228 3835 ο
3271 3803 3360 3855 ἵνα
3395 3801 3783 3870 συντριπτικὸς
3819 3802 4032 3852 ἀποκα-

2449 3893 2655 3953 ταστὰς
2688 3893 2779 3945 καὶ
2817 3893 3138 3963 ἀπρόσιτος,
3172 3895 3301 3965 ἔχῃς
3330 3898 3444 3958 τοῖς
3479 3896 3782 3961 ἀλλοτρίοις
3817 3896 4030 3970 ἐμπλα-

2455 3983 2744 4036 τὺνεσθαι’
2782 3985 2810 4037 ὃ
2840 3985 2906 4055 δὴ
2939 3987 3034 4040 καὶ
3067 3990 3241 4049 ποιεῖς
3274 3988 3458 4054 χάριτι
3501 3990 3601 4057 τῆς
3635 3975 4031 4054 ὑστερογενέἰς

2457 4075 2514 4126 ἐν
2551 4091 2633 4126 σοι
2665 4075 3011 4144 προθέσεως·
3054 4080 3149 4130 καὶ
3175 4078 3318 4129 οὕτω
3351 4079 3531 4150 φεύγῃ
3574 4078 3666 4130 καὶ
3711 4077 3810 4147 τὴν
3858 4093 4034 4129 στενο-

765 4169 992 4241 χωρίαν,
1022 4168 1082 4238 ἢν
1109 4167 1391 4236 ἐστερξας,
1414 4165 1510 4233 τὴν
1534 4166 1706 4227 ἄλλως
1736 4163 1832 4231 μὶν
1855 4165 2333 4233 ἁποστενουμένην
2382 4163 2440 4215 ὲν
2471 4168 2583 4228 τοῖς
2625 4157 2750 4233 ὧδε,
2792 4169 2888 4221 καὶ
2917 4169 3212 4223 ολίδουσαν
3241 4169 3638 4238 εὖαγγελικῶς,
3695 4169 3754 4220 ὲν
3787 4168 3848 4218 δὲ
3920 4173 4028 4220 τοῖς

769 4265 884 4315 ἐκεῖ
909 4262 1234 4328 ἀνοίγουσαν
1265 4259 1605 4327 εὐρυχωρίαν
1631 4258 2042 4326 ἁνεκδιήγητον.

843 4353 1081 4410 55.Ecce
1101 4368 1247 4406 nunc
1267 4353 1410 4406 subit
1434 4354 1691 4405 memoria
1712 4353 2048 4422 paupertatis
2062 4368 2168 4406 non
2189 4352 2350 4406 abso-

773 4449 900 4501 luta:
922 4447 1066 4499 circa
1103 4443 1434 4506 necessaria,
1466 4445 1581 4495 sine
1605 4442 1802 4510 quibus
1831 4443 2010 4495 vivere
2031 4457 2139 4494 non
2168 4448 2348 4510 potest

775 4541 963 4602 homo,
979 4535 1102 4603 quia
1121 4534 1175 4586 in
1201 4549 1394 4602 purum
1415 4535 1656 4585 animum
1679 4533 1977 4586 monachus
1994 4547 2224 4600 magnus
2242 4547 2349 4584 non

771 4627 1075 4680 tianslatus
1120 4631 1226 4686 est;
1249 4623 1340 4675 sed
1369 4623 1518 4676 illius
1537 4623 1868 4690 paupertatis
1891 4637 2010 4690 qua:
2035 4621 2168 4674 nibil
2191 4621 2348 4674 liabet

769 4729 1060 4770 commune
1096 4727 1218 4766 cum
1251 4713 1521 4781 superﬂua
1557 4713 1911 4774 abundantia,
1943 4712 2209 4780 siquidem
2249 4727 2346 4764 nec

779 4816 1073 4878 paupertas
1117 4807 1422 4860 absolutam
1452 4807 1814 4875 indigentiam
1853 4807 2044 4870 traliit,
2080 4820 2178 4858 nec
2204 4805 2343 4858 idem

769 4909 852 4953 est
871 4899 926 4953 in
953 4899 1216 4969 angustiis
1233 4914 1350 4952 esse
1371 4908 1463 4952 aut
1490 4899 1544 4952 in
1566 4898 1776 4953 deliciis
1804 4907 1892 4952 :et
1916 4900 2036 4952 ideo
2064 4899 2218 4951 multi
2238 4911 2346 4952 non

771 4999 990 5057 egentes
1020 5003 1287 5057 pauperes
1316 5003 1437 5042 esse
1465 5001 1518 5041 et
1545 4989 1652 5043 dici
1697 4997 1940 5058 possunt,
1975 4989 2027 5042 in
2075 4989 2160 5042 his
2222 5003 2346 5057 qua:

771 5080 837 5133 ad
873 5079 1158 5142 mundum,
1207 5088 1299 5130 aut
1329 5077 1392 5129 ad
1448 5087 1694 5130 sanctum
1737 5076 2000 5146 Spiritum
2049 5081 2342 5144 pertinent.

774 5171 983 5225 similis
1006 5179 1090 5224 est
1112 5170 1260 5223 enim
1285 5171 1418 5223 fonti
1446 5173 1554 5224 vita
1575 5185 1858 5238 prospera,
1884 5179 1938 5223 et
1965 5171 2295 5224 abondantia
2331 5189 2343 5225 :

776 5270 831 5312 et
854 5261 1319 5328 quemadmodum
1346 5275 1510 5329 super
1539 5261 1719 5312 locum
1741 5276 1994 5326 magnum
2017 5271 2069 5313 et
2094 5260 2340 5329 frequen-

775 5359 946 5404 tatum
981 5351 1102 5404 lous
1145 5365 1347 5420 parvus
1374 5350 1648 5403 modicum
1678 5359 1894 5418 pratum
1929 5351 2162 5418 irrigans
2189 5350 2352 5404 habet

776 5437 998 5492 inutiles
1024 5452 1193 5507 aquas
1237 5440 1510 5508 exiguas;
1543 5448 1592 5492 et
1633 5447 1822 5492 contra
1856 5441 1901 5494 si
1959 5441 2154 5494 civitas
2221 5441 2355 5493 satis

777 5543 971 5595 magna
998 5535 1084 5582 est
1107 5564 1124 5590 ,
1149 5528 1438 5583 abundans
1459 5530 1617 5598 aquis
1639 5545 1769 5582 sane
1822 5528 2212 5582 abundantiam
2246 5544 2346 5585 nec

779 5619 846 5672 ad
870 5619 1180 5672 necessaria
1206 5621 1427 5689 quidem
1458 5611 1746 5690 diSsipabit
1775 5637 1790 5674 :
1817 5621 1896 5674 sic
1933 5619 1988 5672 in
2016 5621 2352 5674 monasterio

2527 4349 2620 4402 l6'.
2657 4347 2862 4417 Μνήμη
2891 4347 2948 4400 δέ
2986 4365 3077 4417 μοι
3127 4348 3492 4417 στενοχωρίας
3541 4345 3805 4410 ἐνταῦθα,
3855 4351 3918 4401 οὐ
3968 4353 4027 4418 τῇ

2457 4440 2714 4503 καθάπαξ
2750 4444 2806 4493 ἐν
2833 4441 2944 4501 τοῖς
2989 4441 3330 4506 ἀναγκαίοις,
3367 4439 3462 4491 καὶ
3491 4431 3565 4490 ὧν
3599 4441 3729 4492 ἄνευ
3781 4442 3886 4493 οὒκ
3918 4442 4030 4493 ἔστι

2384 4565 2428 4619 υ
2459 4532 2608 4600 βιοῦν
2650 4531 2940 4600 ἄνθρωπον
2985 4530 3252 4592 τοιοῦτον,
3291 4530 3372 4582 ὃτι
3411 4530 3544 4598 μηδὲ
3587 4533 3666 4591 εἰς
3700 4532 4028 4599 αὐτόχρημι

2456 4623 2579 4675 νοῦν
2604 4624 2630 4674 ὁ
2663 4623 3100 4692 μεγαλοσχήμων
3129 4621 3593 4692 μετεσκεύασται·
3616 4622 3753 4674 ἀλλὰ
3778 4625 3881 4691 τῆς
3909 4628 4027 4675 ανε-

2458 4714 2720 4783 πιμίκτου
2746 4714 2824 4784 τῷ
2857 4713 3327 4783 περιουσιαστικῴ
3364 4711 3666 4779 πλατυσμῷ
3689 4730 3702 4742 ·
3755 4715 3885 4766 ἐπεὶ
3913 4714 4027 4766 sit:

2457 4807 2518 4857 τδ
2546 4806 2881 4874 στενοχωρον
2933 4789 3290 4856 ἀνεπίδεκτον
3344 4804 3460 4854 ἐστι
3509 4802 3602 4855 τοῦ
3635 4803 3772 4864 ex»;
3808 4809 4026 4872 χωρεῖν,

2458 4897 2551 4948 καὶ
2577 4896 2696 4948 οὐδὲ
2727 4897 2920 4948 ταυτὸν
2949 4895 3398 4965 στενοχωρεῖσθαι
3433 4896 3526 4947 καὶ
3544 4895 4024 4962 gmina-.5301;-

2448 4984 2530 5036 διὸ
2568 4985 2661 5036 καὶ
2692 4983 2808 5035 ἐστι
2850 4981 3079 5044 πολλοὺς
3138 4984 3212 5052 μὴ
3267 4983 3593 5051 ἁπερίττους
3641 4983 3825 5043 ὄντας.
3882 4986 4023 5049 ὅμως

2449 5077 2998 5146 ἐστενοχωρημένους
3047 5077 3140 5126 καὶ
3171 5070 3311 5126 εἶναι
3339 5076 3434 5126 καὶ
3463 5073 3742 5139 λέγεσθαι.
3775 5078 3871 5125 καὶ
3901 5077 4022 5126 αὐτὸ

2447 5169 2540 5220 ὲπί
2569 5186 2626 5220 τε
2657 5167 2764 5220 τῶν
2789 5167 2882 5220 τοῦ
2918 5169 3150 5235 κόσμου,
3183 5168 3278 5217 καὶ
3310 5166 3440 5228 τῶν,
3474 5167 3590 5217 ὅσοι
3620 5163 3714 5216 τοῦ
3743 5165 4019 5218 Gustata:

2448 5261 2790 5329 Πνεύματος.
2837 5260 3021 5311 Ἐοικε
3055 5258 3163 5327 γὰρ
3197 5260 3350 5324 πηγῇ
3385 5273 3492 5307 τινι
3526 5257 3622 5307 καὶ
3667 5257 3693 5306 ὁ
3722 5258 3869 5307 κατὰ
3917 5258 4019 5322 βίον

2450 5353 2748 5421 πορισμὸς,
2779 5351 2874 5404 καὶ
2905 5351 2934 5400 ὁ
2961 5349 3212 5402 ἐντεῦθεν
3241 5347 3670 5417 περιουσιασμὸς
3691 5363 3707 5377 ο
3758 5349 3852 5398 καὶ
3883 5350 4017 5397 Exn

2456 5442 2608 5507 ἰδεῖν,
2637 5442 2743 5504 ὅτι,
2775 5440 3029 5508 καθάπερ
3053 5440 3145 5492 ἐπὶ
3184 5439 3423 5507 μεγάλου
3463 5437 3558 5489 καὶ
3587 5437 4012 5503 πολυανθρώπου

2451 5532 2618 5583 τόπου
2669 5532 2900 5601 βραχεῖα
2959 5531 3136 5598 πηγὴ,
3197 5530 3298 5581 οὐκ
3353 5527 3635 5594 ἀξιόλογον
3683 5529 4012 5589 eamea-is:

2455 5621 2715 5684 λιεάδιον,
2737 5619 2933 5690 ἀχρεία
2959 5620 3074 5670 ἐστὶ
3105 5620 3204 5687 τῆς
3223 5619 3556 5687 ὀλιγότητος·
3574 5621 3622 5670 εἰ
3647 5619 3702 5670 δε
3737 5634 3839 5669 πο)
3865 5620 4009 5668 ειπε-

844 5795 918 5868 (ι)
947 5795 1098 5867 Apud
1142 5805 1348 5853 veteres
1384 5795 1596 5851 cmrulei
1628 5797 1770 5853 oculi
1832 5796 2168 5851 habebantur
2218 5805 2274 5850 ut
2311 5797 2464 5868 signa
2509 5796 2722 5850 roboris
2769 5795 3084 5850 animalium
3111 5803 3166 5850 et
3193 5795 3494 5849 hominum.
