4210 6438
195 392 303 452 737
1175 393 1272 453 DE
1315 389 1791 452 EMENDANDA
1816 389 1994 450 VITA
2038 388 2506 449 MONACHICA.
3359 392 3482 455 758

195 509 513 578 ρίγραπτός
552 527 637 572 τις
690 510 777 579 εἴη
816 510 1002 580 κώμη,
1056 511 1377 579 πληθύουσα
1437 507 1647 568 ῦδασιν,
1708 508 1777 567 εἰς

1893 520 2060 573 parvo
2116 506 2324 560 inutilis
2385 514 2468 559 est
2516 505 2682 559 nimia
2737 504 3033 574 possessio,
3069 513 3122 558 et
3168 507 3475 574 praesertim

192 599 348 650 οὐδὲν
409 601 598 667 εκείνη
658 601 964 666 ἀναγκαῖον
1026 600 1277 667 εύμοιρετ
1335 596 1429 650 τοῦ
1502 596 1777 664 πλησμίου

1885 596 1974 649 ubi
2010 598 2265 650 monachi
2302 594 2644 665 superﬂuum
2695 595 2748 648 in
2802 611 3002 649 vanum
3048 594 3204 648 abire
3237 598 3481 662 sinunt;

191 688 389 751 ὓδατος
422 720 492 728 -—-
537 689 685 743 οὕτω
724 692 821 743 καὶ
866 690 960 743 ἐπὶ
1006 688 1368 756 μοναστηρίον
1418 686 1517 755 μὲν
1547 682 1777 753 σμικροῦ

1882 686 2230 755 amplissimo
2272 697 2456 740 autem
2492 686 2828 741 monasterio
2868 694 2981 738 tum
3009 682 3288 749 domibus,
3357 697 3475 739 tum

196 782 435 847 μάταιος
469 784 501 851 ἠ
537 782 867 851 ὑπέρπλεως
919 782 1136 849 κτῆσις,
1193 782 1289 833 καὶ
1338 778 1557 848 μάλισθ’
1592 779 1678 830 ὅτε
1733 776 1777 829 ol

1883 779 2049 832 rebus
2083 778 2260 832 sacris
2290 794 2383 832 cas
2412 778 2772 847 replentibus,
2815 776 3036 845 prodest
3071 790 3267 844 magna
3302 778 3475 829 ahun-

192 874 529 940 μονάζοντες
577 876 655 936 είς
681 874 837 925 κενὸν
880 874 1074 940 ἀφιᾶσι
1106 871 1462 925 κατακεῖσθαι
1494 871 1555 922 τὸ
1595 885 1777 937 περιτ⁴

1880 869 2091 933 dantia,
2172 870 2316 925 sicut
2360 884 2556 940 magno
2620 870 2766 941 gregi
2822 884 3088 941 pascumn
3166 868 3475 923 abundans.

187 967 312 1017 τόν·
346 966 768 1033 μεγεθυνομένῳ
793 962 871 1027 δὲ,
897 963 991 1015 καὶ
1013 962 1075 1013 οὐ
1100 963 1261 1030 μόνον
1285 962 1617 1030 οἰκοδομαῖς,
1650 958 1785 1011 ἀλλὰ
1830 959 1921 1010 καὶ
1954 959 2259 1029 πληθυσμῷ
2285 960 2434 1030 θείῳ,
2470 959 2672 1027 πολλῆς
2717 961 2876 1030 χρεία
2925 962 3026 1028 τῆς
3092 961 3476 1029 περιττότητος

190 1055 338 1108 καθὰ
370 1058 465 1106 καὶ
494 1056 663 1123 νομῆς
698 1054 954 1121 δαψιλοῦς
993 1055 1215 1123 μεγάλῳ
1246 1052 1502 1123 ποιμνίῳ.

259 1151 360 1203 λε’.
396 1152 505 1202 Καὶ
546 1150 659 1219 ἔχει
691 1168 774 1213 τις
803 1152 1077 1219 ἐπιλέγειν
1106 1151 1183 1219 τῷ
1215 1150 1314 1218 μὲν
1345 1150 1773 1218 εὐπεριγράπτῳ

192 1240 607 1310 φροντιστηρίῳ
662 1242 723 1293 τὸ
764 1260 781 1291 ι
830 1241 892 1295 'H
937 1243 1083 1311 πηγή
1141 1258 1223 1292 σοι
1264 1240 1356 1292 τοῦ
1399 1239 1588 1301 ὓδατος
1640 1239 1778 1290 ἔστω

195 1332 327 1395 ίδία,
368 1334 444 1402 μὴ
476 1334 847 1401 παραπίνοντι
889 1335 1224 1403 κλοπιμαίας
1252 1331 1610 1400 γλυκύτητος,
1652 1350 1670 1382 ι
1701 1329 1777 1398 τῷ

1886 1332 2174 1386 dulcedine
2206 1331 2394 1383 bibens
2419 1345 2431 1393 ;
2460 1347 2477 1378 ι
2502 1338 2555 1383 et
2578 1331 2643 1384 de
2671 1330 2901 1383 nimium
2931 1330 3099 1385 divite
3127 1347 3139 1381 :
3167 1349 3184 1381 ι
3209 1329 3477 1385 Deriven-

192 1426 250 1476 δὲ
269 1426 749 1495 εὐπεριουσιάστῳ
769 1426 848 1487 εἰς
871 1426 1178 1494 ὑπερὸολὴν
1197 1426 1257 1477 τδ
1284 1445 1301 1475 t
1336 1423 1777 1493 ’Υπερεκχείσοω

1889 1430 1979 1476 tur
2013 1421 2194 1473 fontes
2233 1420 2309 1473 tui
2346 1429 2500 1473 extra
2555 1427 2758 1471 rectam
2812 1417 3057 1488 viam(5),
3082 1433 3245 1487 quam
3294 1420 3362 1473 ab
3393 1419 3476 1473 in-

193 1517 255 1567 τὸ
302 1518 363 1568 ὲν
414 1519 497 1568 σοὶ
540 1517 683 1585 ὕδωρ
712 1517 815 1582 ἔξω
845 1517 946 1584 τῆς
981 1517 1257 1587 γραφικῆς
1294 1516 1439 1577 ὁδοῦ.
1483 1534 1501 1567 ι
1545 1516 1603 1567 ὃν
1634 1515 1726 1567 καὶ
1758 1516 1777 1565 d

1892 1514 1982 1566 viu
2023 1519 2076 1565 et
2125 1510 2345 1564 sitiente
2376 1508 2663 1577 distinguit
2714 1507 3022 1562 Psaltnista.
3054 1508 3127 1562 lis
3156 1508 3248 1578 qui
3300 1522 3473 1576 regu-

198 1607 518 1675 Ψαλμῳδὸς
546 1611 609 1677 τῇ
638 1608 824 1677 ἀϐάτῳ
854 1609 949 1660 καὶ
970 1608 1183 1678 ἀνύδρῳ
1204 1606 1644 1660 ἀντιδιαστέλλει.
1678 1606 1777 1657 Καὶ

1894 1605 1995 1657 lari
2024 1603 2342 1671 irrigatione
2392 1602 2659 1668 indigent,
2699 1599 2906 1668 largum
2973 1600 3207 1653 rivulum
3267 1614 3476 1667 praepa-

198 1700 228 1747 ὸ
248 1696 387 1757 Θεὸς
413 1697 493 1757 είς
518 1697 743 1766 ἀμάραν
769 1698 1075 1767 πολύρρουν
1101 1697 1356 1764 τεχνᾶται
1379 1697 1487 1756 τοῖς
1513 1694 1777 1762 δεομένοις

1895 1693 2031 1746 ravit
2088 1690 2272 1755 Deus;
2302 1690 2391 1742 ubi
2429 1690 2572 1741 enim
2632 1689 2922 1743 abundans
2967 1703 3106 1756 aqua
3143 1688 3311 1743 ﬂuere
3363 1704 3472 1742 non

199 1786 432 1855 ἀρδείας
464 1789 757 1856 κανονικῆς
779 1804 794 1820 ·
826 1788 925 1850 ὼς,
956 1790 1004 1839 εί
1039 1789 1111 1857 μή
1139 1804 1201 1853 γε
1229 1788 1400 1848 οὕτως
1427 1787 1777 1857 ὲξαπορῤέειν

1891 1785 2192 1848 debuisset,
2259 1781 2454 1834 melius
2509 1780 2730 1846 luisset,
2793 1782 2905 1834 sia
2947 1778 3215 1849 principio
3273 1780 3473 1833 mnda-

204 1877 396 1945 μέλλοι
462 1879 522 1928 τὸ
568 1877 666 1945 τῆς
718 1878 1108 1948 ύπερκτήσεως
1151 1876 1317 1946 ὓδωρ,
1356 1880 1603 1946 κρεῖττον
1645 1872 1777 1946 ἦνῆ

1889 1887 2066 1931 menta
2127 1875 2401 1944 supposita
2432 1888 2536 1926 non
2576 1874 2826 1937 fuissent,
2856 1872 2939 1927 vel
2968 1873 3013 1925 si
3046 1872 3098 1925 in
3135 1872 3303 1925 altum
3356 1871 3470 1925 ele-

202 1970 348 2039 μηδὲ
378 1970 479 2035 τὴν
510 1971 682 2038 ἀρχὴν
718 1970 950 2039 θεμέλια
976 1970 1240 2040 ὀρυγῆναι
1268 1968 1545 2032 τοιαύταις
1576 1968 1777 2021 οἰκοδο-

1883 1980 2009 2023 vata
2065 1980 2223 2023 terra:
2277 1979 2450 2030 motu,
2509 1977 2829 2036 tempestate
2881 1975 2937 2023 et
2981 1965 3189 2022 caelesti
3229 1966 3355 2036 igne
3386 1963 3473 2019 di-

1956 1146 2043 1198 55.
2089 1146 2278 1198 Posset
2306 1146 2505 1214 aliquis
2541 1146 2607 1198 de
2636 1160 2804 1213 parvo
2858 1145 3197 1201 monasterio
3230 1147 3413 1201 dicere
3458 1170 3477 1206 :

1898 1258 1914 1289 ι
1961 1236 2161 1292 Fontes
2194 1253 2458 1306 aquarum
2511 1238 2705 1292 habeto
2758 1237 2927 1302 solos,
2992 1253 3097 1291 non
3164 1238 3233 1291 de
3293 1238 3475 1292 furata

201 2064 360 2129 μαίς,
397 2061 429 2129 ἢ
471 2062 603 2147 ἲἀλλέ
656 2060 1146 2129 τελεσφορηθείσας
1198 2079 1260 2113 εκ
1310 2061 1475 2129 μέσου
1531 2060 1778 2125 γενέσθαι

196 2153 469 2223 ἁρπυίαις
518 2154 611 2203 καὶ
641 2156 882 2220 σεισμοῖς
916 2154 1009 2204 καὶ
1037 2153 1167 2220 θείῳ
1209 2152 1359 2219 πυρί.

272 2243 374 2307 λζ’.
433 2245 497 2294 Τί
524 2246 631 2313 γὰρ
670 2246 897 2313 κτητέον
932 2247 1029 2298 καὶ
1066 2246 1387 2315 ὲπικτητέον
1430 2247 1507 2307 είς
1539 2247 1779 2315 πονηρὰν

196 2338 399 2403 κτῆσιν
436 2338 563 2398 τοὺς
604 2337 831 2401 εἰδότας,
887 2338 967 2389 ὅτι
1014 2339 1107 2389 καὶ
1140 2341 1208 2406 γῆ
1248 2337 1531 2406 μετάλλοις
1577 2338 1780 2405 τιμίοις

197 2426 512 2479 πλουτοῦσα
536 2428 597 2478 ού
638 2429 851 2496 συνέχει
896 2428 1033 2479 αὐτὰ
1068 2428 1148 2489 είς
1185 2428 1497 2497 ὲνδόμυχον,
1542 2425 1678 2478 ἀλλά
1712 2428 1779 2479 τὰ

201 2518 305 2585 μὲν
340 2516 608 2585 ἐπιπολῆς
644 2516 879 2581 ἐξανθεῖ,
921 2517 996 2578 ὡς
1040 2519 1136 2569 καὶ
1168 2518 1456 2585 φαίνεσθαι
1493 2518 1585 2569 καὶ
1616 2516 1777 2570 συνά-

198 2608 398 2674 γεσθαι
427 2611 505 2669 είς
527 2609 723 2676 χρῆσιν
749 2608 890 2677 ζωῆς
908 2624 922 2638 ·
951 2608 1018 2661 τὰ
1040 2608 1097 2661 δὲ
1117 2608 1351 2677 κρύπτει
1382 2610 1499 2678 μὶν,
1523 2609 1777 2679 ἐμφαίνει

196 2702 253 2752 δὲ
294 2701 473 2763 ἄλλως
510 2703 567 2752 ὲν
594 2701 677 2769 τῷ
706 2701 1281 2769 πολυπραγμονεῖσθαι
1316 2702 1634 2772 βαθύτερον,
1684 2700 1780 2754 καὶ

196 2790 348 2843 οὕτω
390 2792 763 2845 διδόναιαὺτά
804 2794 1193 2862 μεταλλευταίς
1241 2796 1333 2847 ἐπὶ
1375 2792 1693 2862 οἱκωιρελίᾳ,
1729 2793 1778 2845 οἱ

197 2883 351 2935 καθά
384 2900 435 2935 τι
467 2885 595 2949 ὄψον
646 2886 815 2937 κόπου
844 2887 915 2937 τὰ
962 2887 1227 2952 κερδαλέα
1258 2885 1632 2955 λ.αμ6ἀνουσι;
1669 2884 1780 2937 Καὶ⁵

198 2974 412 3026 κοιλίαι
454 2974 510 3026 δὲ
568 2975 692 3044 γῆς,
744 2974 936 3038 ὓδατος
984 2982 1429 3047 μεμεστωμέναι,
1476 2976 1634 3030 ἄλλαι
1681 2976 1779 3046 μὲν

196 3066 599 3132 ἀνερεύγονται
627 3066 691 3119 τὸ
726 3069 782 3119 ὲν
832 3068 1023 3130 αὐταῖς
1056 3067 1222 3120 καλὸν
1253 3071 1332 3130 είς
1381 3068 1645 3136 ἐμφανὲς,
1684 3067 1778 3120 καὶ

197 3156 349 3209 οὕτω
397 3159 548 3227 κοινὴ
609 3158 909 3220 ἀπόλαυσις
958 3158 1316 3226 πρόκεινται’
1369 3160 1585 3221 πλείους
1622 3158 1680 3211 δέ
1714 3174 1775 3225 γε

1885 2070 2006 2116 ruta
2050 2062 2301 2117 fuissent.

1954 2236 2043 2289 36.
2074 2236 2186 2290 Cur
2218 2236 2361 2288 enim
2396 2235 2599 2289 addent
2632 2249 2687 2291 et
2722 2237 3095 2307 superaddent
3126 2238 3178 2291 in
3237 2250 3464 2306 pravam

1883 2327 2313 2395 possessionem,
2367 2342 2474 2381 non
2529 2327 2842 2396 ignorantes
2910 2329 3166 2396 pretiosis
3227 2327 3467 2385 metallis

1882 2426 2083 2471 terram
2126 2419 2352 2472 ditatam
2406 2433 2467 2472 ea
2530 2420 2585 2473 in
2642 2420 2952 2473 visceribus
2998 2420 3121 2477 Tuon
3155 2418 3463 2481 recludere,

1881 2507 1990 2564 imo
2039 2511 2284 2577 quaedam
2343 2510 2694 2565 extrinsecus
2754 2509 2997 2579 pateﬁeri
3064 2510 3278 2574 solere,
3339 2523 3467 2579 qua

1880 2602 2299 2659 manifestantur
2328 2613 2382 2657 ct
2412 2603 2467 2657 in
2524 2619 2683 2658 usum
2733 2604 2852 2655 vita:
2903 2603 3239 2671 colliguntur
3269 2619 3283 2665 ;
3319 2614 3466 2670 qua-

1881 2696 2004 2749 dam
2039 2712 2166 2751 vero
2201 2705 2404 2765 tegere.
2454 2706 2508 2751 et
2538 2696 2696 2749 aliter
2750 2695 3015 2765 proferre,
3078 2694 3302 2764 quando
3334 2693 3463 2747 i‘un-

1881 2787 2029 2841 ditus
2049 2790 2337 2850 evertitur,
2368 2802 2541 2857 eaque
2566 2787 2851 2856 profutura
2872 2786 3216 2840 universitati
3246 2786 3463 2840 tradere

1883 2881 2193 2945 metallicis,
2246 2882 2336 2949 qui
2391 2896 2455 2934 ea
2522 2882 2670 2934 lucra
2731 2895 2829 2949 pro
2892 2881 3247 2935 condimento
3307 2879 3463 2934 labo-

1882 2972 1957 3025 ris
2013 2974 2094 3025 sui
2130 2972 2435 3040 percipiunt
2464 2973 2485 3024 ?
2510 2972 2576 3026 Et
2619 2972 2829 3025 viscera
2878 2983 3036 3027 terrae
3081 2987 3221 3041 aqua
3252 2973 3464 3041 repleta

1881 3066 2042 3118 modo
2067 3065 2270 3118 bonum
2331 3080 2492 3118 suum
2557 3065 2624 3118 ad
2648 3075 2803 3119 extra
2834 3066 3194 3136 profundunt,
3246 3076 3301 3121 et
3336 3067 3461 3121 uui-

1882 3171 2054 3209 versrs
2125 3167 2374 3225 prosunt,
2452 3164 2507 3211 et
2581 3158 2787 3225 saepius
2831 3173 2951 3210 eam
3030 3158 3085 3210 in
3134 3158 3461 3211 abscondito

201 3250 632 3317 συστελλόμεναι
669 3253 747 3310 είς
780 3251 1030 3319 κρύφιον,
1059 3254 1170 3312 τοῖς
1203 3252 1543 3319 φρεωρύχοις
1576 3252 1777 3320 ἀρετὴν

1886 3250 2003 3302 loco
2074 3250 2362 3317 colligunt.
2434 3250 2886 3318 iodieutibusque
2960 3250 3093 3304 dant
3164 3250 3457 3303 utilitatem

200 3342 535 3410 παρέχουσι,
591 3343 962 3412 δεξιουμένοις
1010 3345 1178 3405 αὑτὰς
1226 3343 1510 3412 τεχνικῶς,
1563 3342 1653 3394 καὶ
1696 3346 1773 3404 εἰς

200 3434 322 3501 φῶς
355 3435 684 3502 προάγουσι.
724 3437 832 3486 Καὶ
861 3434 1004 3486 οὕτω
1037 3437 1152 3503 μὲν,
1183 3431 1226 3486 ὦ
1252 3436 1515 3503 ἡμέτεροι
1550 3434 1776 3503 μεγάλοι

199 3528 261 3576 ὲν
292 3528 409 3586 τοῖς
455 3519 554 3577 ὧδε
586 3526 831 3594 μοναχοὶ,
870 3526 931 3576 οὑ
964 3525 1083 3577 καθ’
1113 3526 1340 3585 ἑαυτοὺς
1393 3526 1577 3591 μέντοι
1604 3524 1775 3585 ἄλλως

202 3616 455 3685 μεγάλοι,
509 3616 648 3668 ἀλλὰ
707 3617 794 3670 διὰ
841 3618 938 3684 τὴν
992 3616 1086 3668 τοῦ
1130 3616 1490 3683 εὐαγγελικοῦ
1536 3617 1774 3682 μεγάλου

199 3708 489 3773 περίθεσιν
519 3711 818 3776 σχήματος.
843 3710 1030 3775 ὅμοιον
1047 3707 1104 3759 δὲ
1130 3710 1321 3772 εἰπεῖν,
1344 3708 1432 3759 διὰ
1458 3707 1517 3759 τὸ
1546 3725 1776 3776 προφαι·

198 3801 453 3867 νόμενον,
480 3800 926 3867 περιουσιαστέον
957 3799 1051 3849 καὶ
1084 3800 1227 3866 ὑμᾶς
1257 3798 1491 3867 ὕπερθεν
1523 3798 1651 3860 ίσως
1681 3799 1777 3866 μὲ-

197 3906 368 3958 τρουο
401 3891 577 3951 ἄλλως
621 3889 677 3941 δὲ
719 3891 817 3941 οὐκ
866 3889 954 3942 ἄν.
1003 3890 1317 3960 Προμήθεια
1355 3892 1462 3959 γὰρ
1497 3889 1590 3941 καὶ
1639 3890 1775 3960 μόνη

196 3980 296 4032 τοῦ
323 3980 627 4049 μέλλοντος,
666 3983 761 4033 καὶ
799 3981 937 4050 αὐτὴ
973 3981 1213 4051 σταθερά
1245 3981 1340 4032 καὶ
1368 3979 1642 4047 θεοφιλὴς,
1676 3980 1774 4052 τὴν

199 4072 297 4124 τοῦ
329 4072 717 4135 πλεονάζοντος
745 4073 1007 4125 ἀπόθεσιν
1060 4072 1306 4143 συνιστᾷ,
1340 4072 1621 4142 χρησίμην
1654 4073 1773 4123 ἐσο-

202 4166 376 4233 μένην
401 4165 497 4216 καὶ
528 4164 832 4230 ἀναγκαίαν
859 4167 917 4215 ἐν
946 4165 1058 4225 τοῖς
1086 4166 1389 4218 είσέπειτα.
1421 4165 1596 4231 Ὅπερ
1621 4165 1678 4216 ὲν
1706 4167 1774 4235 τῇ

202 4257 441 4324 μεγίστῃ
473 4257 579 4306 τῶν
608 4257 813 4307 πόλεων
836 4256 1071 4324 μάλιστα
1090 4257 1771 4325 ὲφωράσαμενοίκονομίας

197 4350 347 4416 λόγῳ
376 4348 859 4416 καταπραττεσθαι
883 4366 896 4379 ’
933 4350 1065 4400 ὅπου
1110 4348 1457 4400 ἀποτίθενται
1494 4349 1594 4414 μὲν
1634 4350 1773 4401 καθὰ

200 4439 297 4488 καὶ
320 4440 376 4488 ὲν
417 4438 796 4502 εύαγγελικοῖς
846 4438 1112 4505 κοφίνοις,
1160 4438 1240 4489 ἑτι
1271 4438 1328 4490 δὲ
1359 4440 1453 4491 καὶ
1493 4440 1767 4507 σπυρίσιν,

200 4528 543 4597 ἐλλείμματα
572 4529 691 4598 Θεῷ
722 4531 871 4595 φίλα,
906 4529 1198 4598 εὐλογητοῦ
1222 4532 1386 4600 κόρου
1417 4530 1674 4599 λείψανα·
1707 4533 1767 4583 οὺ

1803 3298 1850 3362 C

1884 3356 2037 3391 suam
2110 3353 2225 3393 arte
2290 3341 2543 3395 haustam
2605 3351 2662 3395 et
2726 3341 3014 3395 adductam
3100 3343 3167 3395 ad
3249 3343 3451 3397 lucem.

1884 3429 2080 3483 Eodem
2137 3432 2318 3494 modo,
2357 3446 2388 3485 ο
2420 3431 2694 3497 monachi,
2729 3431 2879 3486 hisce
2912 3433 3078 3487 rebus
3106 3433 3307 3501 magni,
3350 3448 3458 3488 non

1878 3523 2058 3577 tanien
2092 3538 2188 3592 per
2225 3523 2590 3593 vosmetipsos
2641 3525 2844 3594 magni,
2893 3518 3015 3579 sed"
3036 3538 3100 3577 eo
3128 3525 3274 3591 quod
3306 3538 3457 3596 mag-

1879 3631 2003 3668 nam
2048 3617 2317 3685 evangelii
2371 3614 2602 3669 formam
2667 3616 2945 3682 induistis,
3010 3617 3169 3685 quasi
3232 3618 3455 3671 dicatur

1878 3724 1941 3761 ex
1999 3723 2064 3762 eo
2097 3708 2243 3777 quod
2303 3717 2549 3779 apparet,
2606 3707 2765 3763 vobis
2827 3708 2966 3761 [οι-ιιι
3006 3722 3169 3777 supra
3228 3708 3457 3764 modqu

1878 3802 2265 3854 abundandum
2298 3812 2423 3866 est;
2461 3802 2569 3855 alio
2600 3800 2782 3865 modo,
2839 3802 3085 3856 minime.
3149 3800 3275 3855 Sola
3303 3801 3461 3857 enim

1878 3891 2217 3960 providentia
2290 3890 2558 3959 temporis
2614 3890 2785 3943 iutnri
2844 3905 3020 3959 eaque
3084 3901 3348 3945 constans
3400 3900 3458 3947 et

1880 3984 2129 4048 religiosa
2183 3982 2405 4035 divitem
2471 3983 2629 4035 docet
2679 3996 2947 4051 seponere
3003 3982 3150 4051 quod
3213 3983 3343 4037 utile
3398 3990 3457 4038 et

1880 4076 2253 4129 necessarium
2318 4075 2424 4129 erit
2468 4074 2521 4127 in
2572 4082 2875 4143 posterum.
2920 4073 3092 4140 Quam
3169 4076 3451 4146 dispensa-

1880 4167 2080 4221 tionem
2128 4170 2180 4220 in
2239 4166 2471 4221 maxima
2518 4165 2807 4220 civitatum
2850 4167 3154 4235 praesertim
3215 4168 3453 4224 vidimus

1876 4260 2147 4319 exerceri,
2202 4255 2292 4310 ubi
2328 4266 2668 4324 reponuntur
2718 4255 2773 4309 in
2814 4256 3069 4310 canistris
3098 4258 3452 4327 evangelicis,

1877 4368 1939 4403 at:
1971 4352 2022 4402 in
2056 4351 2263 4418 sportis
2311 4350 2613 4418 fragmenta
2654 4351 2997 4405 remanentia
3039 4358 3094 4403 et
3126 4349 3236 4403 Deo
3272 4359 3451 4419 grata,

1875 4454 2037 4512 atque
2090 4442 2331 4511 reliquiae
2386 4442 2735 4496 abundantiae
2772 4443 3092 4498 benedictae.
3146 4441 3273 4497 Haec
3332 4445 3455 4497 inn-

1876 4537 2047 4589 tiliter
2074 4578 2088 4602 ,
2144 4550 2253 4588 non
2293 4544 2519 4604 urgente
2551 4533 2903 4597 necessitate,
2955 4549 3065 4588 non
3111 4534 3451 4599 dividuntur,

198 4621 551 4673 δαπανῶνται
570 4621 622 4672 δὲ
650 4622 880 4691 ἀχρείως
906 4624 983 4684 είς
1004 4623 1155 4674 οὐδὲν
1172 4622 1311 4683 δέον,
1334 4622 1449 4674 ἀλλ’
1473 4624 1560 4674 ὅτε
1584 4622 1771 4691 καιρὸς

1882 4631 1975 4684 sed
2005 4643 2127 4681 cum
2161 4627 2317 4681 adest
2356 4635 2568 4693 tempus
2599 4623 2989 4689 distribuendi,
3017 4625 3245 4679 collecta
3263 4625 3451 4679 omnia

200 4713 426 4763 καλεσει
458 4713 723 4780 δαπάνης,
760 4713 1138 4775 ὲξαντλοῦνται
1161 4716 1228 4766 τὰ
1252 4716 1562 4783 συνηγμένα
1586 4732 1601 4746 ⁸
1630 4714 1770 4765 ὥστε

199 4804 231 4871 ἦ
265 4804 443 4871 ψυχὰς
475 4803 746 4865 πεινώσας
778 4804 1056 4871 ἐμπλῆσαι
1090 4804 1293 4871 ἄρτων,
1328 4810 1420 4857 καὶ
1452 4808 1510 4858 έν
1536 4806 1770 4877 ἡμέραις

198 4894 465 4962 χορτάσαι
518 4893 701 4960 λιμοῦ,
751 4895 782 4964 ῆ
822 4896 962 4946 κατά
1015 4895 1389 4964 αἰχμαλωσίας
1430 4897 1657 4963 ῥυῆναι·
1695 4897 1767 4957 ὡς

198 4986 522 5056 παρατύραι
561 4989 659 5055 μὲν
692 4990 832 5041 κατά
866 4988 1203 5052 δουλώσεως,
1234 4990 1687 5057 ἀποκαταστῆσαι
1720 4992 1774 5041 δὲ

198 5080 328 5139 τοὺς
361 5078 885 5148 ὴχμαλωτισμένους
910 5083 990 5142 είς
1018 5081 1077 5130 τὸ
1106 5080 1419 5148 ἐλευθέριον
1445 5094 1458 5107 ·
1489 5081 1521 5148 ἢ
1559 5083 1773 5132 ἀντικα-

200 5169 466 5236 τιστῆναι
498 5170 674 5238 χρόνῳ
722 5172 1009 5239 ὲγχανόντι
1056 5173 1198 5224 κατά
1229 5173 1328 5241 τῆς
1362 5170 1551 5241 μονῆς,
1584 5171 1617 5241 ἢ
1644 5170 1773 5225 ἄλλο

197 5277 251 5310 τι
278 5262 533 5330 ἐνάρετον
571 5260 1041 5331 καταπράξεσθαι.

274 5375 375 5437 λζ’.
401 5375 641 5447 Τοιούτῳ
668 5378 725 5429 δέ
749 5395 853 5430 τινι
883 5378 1029 5449 λόγῳ
1061 5379 1186 5449 δίχα
1219 5381 1432 5434 πολλῶν
1458 5381 1660 5447 ἄλλων,
1692 5382 1759 5435 δι’

196 5459 275 5517 (sv
304 5466 375 5516 τὰ
404 5467 549 5517 κατὰ
600 5470 805 5536 κόσμον
857 5468 1195 5537 συνίσταται,
1231 5474 1329 5524 καὶ
1380 5470 1457 5541 τῷ
1492 5473 1764 5542 Δαυῖτικῴ

276 5643 355 5711 (5)
384 5644 672 5716 Nescimus
728 5659 967 5713 quonam
997 5646 1411 5714 Scripturarum
1474 5648 1773 5716 exemplari

204 5728 342 5766 tusus
367 5718 438 5768 sit
469 5714 790 5767 Eustathius
818 5731 832 5777 ;
871 5719 1138 5786 Stdetliln
1183 5719 1384 5769 habent
1419 5714 1773 5786 Septuaginta

206 5790 274 5836 ad
311 5786 458 5838 hunc
489 5786 701 5840 locum:
732 5783 1003 5845 ti'ror.\",
1046 5785 1104 5840 l7
1147 5805 1158 5839 ;
1199 5787 1337 5840 l'ons
1370 5783 1524 5857 aqua:
1554 5783 1655 5841 iuni
1700 5794 1771 5841 sit

1878 4722 2277 4777 exhauriuntur
2338 4717 2452 4773 sive
2488 4719 2555 4772 ad
2618 4717 2832 4771 animas
2878 4716 3159 4770 fatnelicas
3216 4715 3451 4785 panibus

1881 4814 2231 4876 saturandas,
2294 4810 2359 4863 ad
2400 4809 2583 4863 cibum
2655 4816 2901 4878 tempore
2958 4806 3139 4871 famis,
3199 4810 3316 4863 sive
3379 4809 3449 4862 ad

1880 4904 2213 4975 erogandum
2286 4903 2544 4970 captivis,
2596 4900 2745 4953 verbi
2805 4900 3002 4967 gratia,
3039 4902 3106 4952 ad
3156 4900 3450 4954 minuenda

1881 4998 2023 5050 mala
2080 4992 2438 5063 captivitatis,
2493 4991 2562 5044 ad
2588 5005 2779 5047 servos
2846 4991 3100 5045 libertate
3132 4990 3446 5055 donandos,

1877 5094 1969 5139 aut
2027 5086 2094 5139 ad
2150 5084 2583 5138 subveniendum
2630 5083 2963 5137 monasterio
3018 5084 3245 5150 penuria
3284 5083 3448 5137 adve-

1877 5180 2079 5241 niente,
2121 5178 2235 5230 sive
2294 5176 2358 5228 ad
2416 5175 2561 5228 aliud
2614 5175 2743 5243 quid
2774 5176 2979 5227 bonum
3033 5174 3444 5244 perliciendum,

1947 5384 2034 5437 37.
2070 5383 2269 5436 Eadem
2297 5383 2531 5445 ratione,
2582 5380 2802 5436 omissis
2842 5379 3035 5434 multis
3077 5379 3198 5434 aliis
3248 5381 3452 5448 quibus

1876 5473 2163 5529 mundanae
2194 5489 2280 5527 res
2311 5481 2589 5541 reguntur,
2623 5472 2677 5526 in
2730 5472 2989 5527 thesauro
3021 5469 3243 5525 Davidis
3276 5471 3447 5524 multa

1886 5651 1980 5705 tibi
2014 5652 2290 5719 ρι-οιπίυε,
2317 5671 2333 5701 ι
2363 5660 2413 5704 et
2436 5669 2453 5701 ι
2491 5649 2556 5704 t6
2587 5668 2601 5708 :
2637 5649 2753 5705 Non
2784 5649 3306 5722 superell‘undantur
3336 5648 3434 5705 tibi

1886 5738 2039 5789 aqua:
2062 5735 2213 5773 cura
2241 5730 2391 5775 tuum
2420 5722 2650 5775 fontem.
2683 5741 2701 5773 ι
