4210 6438
202 348 299 409 761

1200 361 1298 419 DE
1340 360 1813 423 EMENDANDA
1855 363 2033 423 VITA
2077 367 2549 433 MONACHICA.

3376 386 3480 448 762

198 476 367 528 πιμα·
397 461 476 523 ὡς
508 461 577 515 ἂν
606 461 754 515 οὕτω
781 468 873 517 καὶ
907 468 1064 537 ῥίζας
1093 470 1377 544 ἀπλώσῃς,
1421 472 1489 525 δι’
1521 466 1595 525 ὧν
1633 474 1765 526 ἐστα

1894 485 1947 529 et
2010 479 2175 531 etiam
2231 481 2405 536 instar
2464 484 2723 537 arhorum
2791 495 3013 556 ιιι-θρίοι-
3082 488 3294 545 fruetus
3347 511 3480 549 suos

199 568 284 604 σοι
319 554 381 604 τὸ
414 554 581 616 θάλος
610 557 886 627 διηνεκὲς,
912 562 1005 612 καὶ
1036 564 1116 623 εἰς
1156 566 1400 634 πρέμνον
1437 566 1732 636 ἀδρυνοῄς·
1762 567 1789 619 ὃ

195 646 289 696 καὶ
323 650 697 715 παραφυάδας
754 652 979 718 εὐφυεῖς
1040 656 1419 727 ἀναθηλήσει,
1461 659 1789 729 ἀνθρώπους

190 737 407 807 δηλαδὴ
436 741 537 808 τὴν
570 743 671 812 σὴν
701 746 911 814 ἀρετὴν
949 746 1276 815 ζηλοῦντας,
1314 750 1413 803 καὶ
1448 751 1591 805 οὕτω
1627 759 1785 825 στερ-

191 830 305 900 ρῶς
344 838 821 901 παραπεφυκότας
862 854 966 901 σοι,
1010 840 1105 890 καὶ
1139 840 1367 910 στελέχη
1409 842 1665 895 ἀνατελεῖ
1693 844 1787 897 καὶ

194 922 437 985 κλάδους
473 927 567 978 καὶ
601 927 859 996 ὄρπηκας
884 946 898 960 ·
933 932 1027 982 καὶ
1062 932 1262 995 αὐτοὺς
1291 934 1427 995 τέως
1460 938 1559 1003 μὲν
1595 936 1786 989 ἄνθεσι

199 1014 472 1084 βρύοντας
501 1021 614 1079 τοῖς
648 1020 741 1071 τοῦ
775 1023 992 1086 καρποῦ
1030 1026 1388 1094 προδρόμοις,
1417 1029 1478 1079 ἐν
1522 1029 1579 1080 δὲ
1607 1030 1784 1099 καιρῷ

197 1110 691 1179 καρπογονοῦντας
729 1114 795 1165 τὰ
830 1114 1082 1185 ψυχικῶς
1126 1125 1395 1188 τρόφιμα’
1426 1114 1500 1173 ὧν
1556 1122 1621 1190 δὴ
1645 1125 1781 1176 πάνθ

193 1218 308 1254 των
344 1203 645 1275 ἐστέρηται
694 1205 761 1257 τὰ
797 1210 935 1277 μήτε
974 1210 1189 1277 παγίως
1240 1212 1322 1273 εἰς
1368 1212 1536 1281 βάθος
1590 1214 1781 1282 ῥιζού-

193 1314 363 1363 μενα,
406 1300 548 1367 μήτε
608 1301 691 1363 εἰς
733 1300 868 1371 ὕψος
929 1303 1322 1369 ἀναϐαίνοντα,
1364 1310 1781 1378 προστετηκότα

183 1388 242 1440 δέ
289 1394 362 1459 τῇ
403 1394 552 1443 κατὰ
589 1395 695 1461 γῆν
743 1395 925 1463 ἕρψει.
962 1390 1063 1449 Ὧν
1116 1398 1404 1467 ἐκφεύγων
1458 1401 1549 1452 τὸν
1596 1400 1777 1468 ζῆλον,

183 1476 229 1534 ῶ
261 1486 495 1553 μοναχέ,
526 1486 665 1554 μηδὲ
686 1488 750 1540 σὺ
780 1487 940 1555 ἕρπε,
967 1488 1107 1542 ὡσεὶ
1138 1495 1232 1543 καὶ
1257 1492 1504 1561 τρίϐολο;
1528 1494 1780 1565 ἀχρειοῦ-

185 1592 258 1627 σα
311 1576 375 1627 τὸ
420 1575 569 1628 θεῖον
622 1581 912 1648 κήπευμα,
951 1581 1154 1650 μενοῦν
1211 1598 1275 1650 γε
1330 1584 1469 1653 μηδξ⁹
1504 1586 1647 1638 κατά
1677 1586 1777 1655 τὴν

183 1667 507 1736 κάππαριν,
557 1664 626 1739 ἧς
672 1672 722 1721 εἰ
768 1672 864 1723 καὶ
894 1674 1128 1742 χρηστοὶ
1165 1676 1305 1742 πρὸς
1348 1674 1555 1744 βρῶσιν
1584 1679 1635 1729 οἱ
1681 1680 1775 1729 κό-

183 1760 417 1830 ρυμϐοι,
452 1762 549 1815 και
583 1781 685 1815 που
717 1767 813 1816 καὶ
843 1766 1102 1833 τάηάκρα,
1128 1768 1299 1834 ὅμως,
1325 1764 1404 1829 οἷς
1434 1768 1771 1838 ἡκάνθωται,

183 1851 549 1918 ἀπρόσϐατός
584 1855 702 1907 ἐστι
737 1858 833 1908 καὶ
871 1857 1012 1927 αὐτὴ
1048 1861 1160 1921 τοῖς
1197 1861 1271 1930 μὴ
1307 1861 1491 1923 καλῶς
1526 1863 1777 1917 ὑποδεδε-

186 1943 377 2010 μένοις
414 1946 495 2007 εἰς
533 1945 862 2013 ἐτοιμασίαν
905 1949 1052 2006 ὁδοῦ.
1109 1950 1379 2005 Ἐνταῦθα
1411 1954 1648 2022 ἐνθυμοῦ
1681 1957 1773 2008 καὶ

179 2037 266 2087 ὅτι
304 2038 477 2105 νόμος
520 2040 830 2106 γεωργικὸς
863 2043 1231 2112 παραδέδοται
1274 2045 1354 2113 τῷ
1412 2046 1621 2099 πλείονι
1672 2049 1774 2117 μέν

180 2130 451 2184 ἵστασθαι
506 2134 570 2184 τὸ
630 2134 801 2201 φυτὸν
855 2138 1278 2207 ἐγκεχωσμὲνον
1332 2143 1397 2211 τῇ
1446 2144 1538 2210 γῇ,
1596 2144 1672 2211 τῷ
1714 2144 1772 2196 δέ

178 2222 455 2287 ἐλάττονι,
485 2228 786 2298 κινεῖσθαι,
830 2230 905 2292 ὡς
950 2230 1017 2283 ἂν
1061 2232 1206 2283 οὕτω
1243 2234 1340 2299 τῆς
1398 2235 1609 2302 μητρὸς
1662 2236 1768 2301 γῆς

178 2316 465 2369 ἀπολαῦον
492 2321 577 2381 εἰς
620 2320 921 2390 πλήσμιον,
971 2324 1241 2394 ἀναϐαίνῃ
1289 2325 1475 2393 ὄρθιον
1506 2327 1767 2393 ἀσφαλῶς

177 2410 274 2460 ἐπὶ
305 2410 529 2477 καρποῦ
566 2412 908 2484 ἐπαγγελίᾳ.
950 2416 1284 2483 Προσμένιυν
1313 2412 1407 2468 οὖν
1447 2419 1543 2469 καὶ
1579 2420 1767 2485 αὐτὸς,

177 2503 273 2551 καὶ
321 2500 399 2562 ὼς
438 2500 554 2555 οἷον
583 2506 1157 2573 ἐγκατορωρυγμένος
1188 2509 1267 2568 εἰς
1300 2510 1405 2573 γῆν
1428 2510 1491 2575 τῇ
1524 2509 1633 2560 τῶν
1665 2511 1771 2575 ἔξω

176 2591 349 2663 λήθῃ,
377 2594 477 2646 καὶ
498 2594 853 2662 ριζούμενος,
872 2596 1129 2649 ἀνάϐαινε
1158 2597 1235 2666 τῷ
1258 2598 1587 2668 κατ’ἀρετὴν
1622 2600 1765 2668 ὕψει,

175 2686 272 2734 καὶ
336 2685 481 2737 οὕτω
525 2687 794 2755 τεχνάζου
851 2688 1013 2757 βάθος
1072 2688 1233 2743 τοῦτο
1268 2696 1362 2743 καὶ
1396 2689 1526 2758 ῦψος
1572 2691 1766 2762 θεάρε-

175 2793 330 2839 στου,
363 2777 569 2846 μόνιμα
611 2780 831 2840 πάντως
870 2780 963 2831 καὶ
989 2782 1152 2835 αὑτά.

253 2870 330 2931 μ’.
380 2865 445 2916 Τί
482 2869 589 2935 γὰρ
617 2868 960 2937 γελοιότερον
988 2869 1082 2921 τοῦ
1109 2871 1209 2939 τὴν
1254 2872 1355 2941 μὲν
1387 2876 1565 2947 ἀρχὴν
1602 2880 1769 2931 ἐκπε-

174 2955 456 3023 τασθῆναι
512 2959 620 3009 τῶν
659 2962 803 3013 κατά
837 2961 938 3030 τὴν
982 2963 1137 3014 πόλιν
1195 2966 1518 3035 διατριϐῶν,
1568 2973 1665 3023 καὶ
1709 2969 1770 3034 ἐξ

177 3047 491 3117 ὀφθαλμῶν
551 3053 809 3117 γενέσθαι
871 3054 1055 3121 φιλίας
1116 3057 1362 3128 ἁπάσης,
1396 3062 1497 3129 τῆς
1528 3079 1585 3114 τε
1624 3065 1768 3115 κατὰ

1892 568 2241 635 dilectarum,
2275 582 2331 627 ut
2367 576 2448 630 sic
2489 578 2702 630 radices
2762 579 2869 634 late
2934 581 3298 637 diﬂ'unilantu'.
3362 605 3484 656 qua:

1890 674 2209 731 perpetuam
2238 671 2845 733 causentviriditatem,
2884 682 2938 725 et
2994 684 3222 730 truncus
3251 679 3480 735 robore-

1891 762 2000 822 tur,
2025 759 2115 826 qui
2140 758 2364 815 frutices
2389 760 2595 817 fertiles
2619 764 2968 831 germinabit.
2989 768 3200 822 scilicet
3228 771 3482 829 homines

1894 859 1998 902 tua:
2024 850 2243 906 viitutis
2273 853 2648 917 a'mulatores,
2677 855 2833 923 juxta
2862 867 2911 911 te
2939 873 3315 927 assurgentes,
3345 867 3483 922 refe-

1887 950 2071 994 rentes
2105 952 2329 998 truncos
2377 956 2431 998 et
2466 961 2650 1001 ramos
2709 960 2760 1002 et
2795 949 3061 1016 frutices;
3104 963 3270 1023 atque
3312 961 3343 1011 ii
3380 975 3482 1027 po-

1888 1042 2004 1085 stea
2043 1049 2184 1088 nunc
2216 1034 2375 1090 ﬂores
2410 1036 2689 1093 fructuum
2749 1042 3046 1110 signiferos
3100 1048 3297 1109 edent,
3337 1066 3480 1105 nunc

1887 1127 2099 1180 fructus
2130 1126 2196 1179 ad
2231 1128 2470 1182 animam
2497 1131 2848 1185 nutriendam
2908 1138 3316 1202 germinabunt.
3382 1142 3477 1198 liis

1886 1216 2049 1270 rebus
2075 1219 2332 1275 omnibus
2361 1222 2644 1290 privantur
2682 1225 2908 1279 arbores
2938 1243 3061 1295 quae
3120 1246 3218 1284 nec
3273 1235 3477 1290 soiidas

1886 1308 2099 1363 radices
2126 1323 2291 1380 agunt
2315 1313 2369 1365 in
2396 1313 2585 1379 imum,
2622 1332 2799 1386 neque
2826 1319 2893 1373 ad
2920 1321 3119 1375 cmlum
3153 1336 3471 1394 assurgunt,

1885 1400 2056 1468 magis
2090 1417 2218 1455 vero
2252 1405 2318 1457 ad
2388 1408 2685 1473 rependum
2754 1410 2907 1463 hami
2980 1422 3107 1467 sunt
3161 1417 3471 1472 destinatae.

1881 1490 2029 1556 Quas
2064 1496 2175 1548 noli
2210 1498 2477 1562 aemulari,
2521 1515 2553 1551 o
2604 1503 2891 1568 monacho,
2927 1504 3073 1559 humi
3099 1510 3361 1577 rependo,
3414 1519 3475 1565 ut

1884 1584 2119 1641 tribulus
2150 1589 2243 1655 qui
2281 1591 2615 1658 optimorum
2648 1596 2856 1647 olerum
2902 1598 3188 1653 utilitatem
3234 1603 3468 1670 adimit;

1881 1692 1981 1730 nec
2005 1678 2170 1731 etiam
2200 1684 2420 1749 cappari
2456 1685 2848 1753 :equiparatur,
2882 1689 3038 1757 cujus
3071 1692 3207 1744 rami
3237 1703 3293 1746 et
3318 1709 3473 1748 sum-

1880 1769 2099 1823 mitates
2119 1770 2187 1824 ad
2212 1778 2537 1828 vescendum
2573 1778 2736 1831 utiles
2757 1789 2885 1833 sunt
2914 1799 2927 1833 :
2954 1791 3257 1851 etquorum
3288 1796 3470 1842 tamen

1880 1860 2055 1928 spinis
2079 1878 2271 1931 aspera
2296 1864 2414 1917 loca
2441 1866 2639 1920 calcari
2660 1885 2766 1923 non
2797 1882 3048 1939 possunt.
3074 1890 3101 1927 a
3131 1876 3342 1932 viatore
3358 1880 3471 1933 cal—

1876 1956 2175 2007 ceameutis
2210 1956 2391 2009 itineri
2424 1957 2639 2013 idoneis
2663 1976 2767 2012 non
2798 1961 3087 2017 instructo.
3110 1967 3298 2036 Cogita
3325 1968 3469 2025 hanc

1880 2044 2054 2111 legem
2080 2049 2332 2113 agricolis
2353 2050 2531 2103 datam
2560 2069 2571 2104 :
2595 2053 2793 2106 sismre
2817 2058 3096 2111 meliorem
3124 2075 3332 2113 ramum
3360 2073 3467 2117 ter-

1879 2153 1949 2190 ra:
2004 2140 2271 2207 inditum;
2302 2142 2569 2196 minorem
2628 2154 2810 2199 autem
2849 2151 3076 2211 moveri,
3110 2160 3167 2204 ut
3194 2168 3261 2205 eo
3291 2156 3456 2210 modo

1885 2236 2031 2283 terra
2063 2242 2305 2285 utniatre
2331 2236 2573 2290 nutritus
2601 2247 3053 2306 assurgatrectus
3082 2252 3137 2295 et
3170 2244 3383 2300 validus
3407 2256 3463 2300 et

1879 2319 2097 2376 fructus
2116 2324 2378 2391 proferat.
2401 2327 2462 2381 Et
2486 2338 2540 2381 tu
2571 2346 2925 2396 perseverans
2944 2376 2959 2399 ,
2981 2335 3136 2401 quasi
3176 2345 3336 2391 terra:
3378 2340 3463 2393 in-

1873 2421 2055 2464 sertus
2081 2426 2147 2464 ex
2184 2413 2461 2469 oblivione
2490 2434 2669 2470 rerum
2697 2430 3076 2487 externarum,
3107 2435 3158 2478 et
3177 2427 3462 2483 radicibus

1873 2500 2064 2556 ﬁrmus
2093 2507 2330 2560 ascende
2362 2508 2428 2560 ad
2466 2511 2722 2564 verticem
2758 2514 2996 2578 virtutis,
3045 2524 3098 2568 et
3157 2533 3284 2586 para
3331 2536 3463 2589 pro-

1875 2592 2200 2649 funditatem
2224 2607 2279 2652 et
2308 2599 2652 2656 altitudinem
2669 2605 2949 2671 eximiam,
2969 2624 3090 2678 qua:
3105 2612 3217 2668 sint
3236 2617 3461 2670 omnino

1872 2687 2197 2744 immobiles.

1942 2864 2033 2920 ιο.
2073 2870 2212 2931 Quid
2246 2872 2390 2924 enim
2433 2875 2609 2944 magis
2647 2877 2956 2947 ridendum,
2990 2899 3154 2953 quam
3180 2902 3209 2941 a
3247 2889 3458 2957 princi-

1876 2958 1964 3025 pio
2020 2961 2332 3030 relinquere
2382 2970 2597 3035 negotia
2649 2971 2889 3026 civitatis
2920 3014 2934 3036 .
2983 2978 3157 3031 oculis
3200 2982 3443 3036 omnium

1873 3049 2177 3102 amicorum
2229 3052 2477 3108 subtrahi
2543 3066 2597 3110 et
2645 3061 2982 3130 reliquorum
3043 3068 3443 3137 proximorum,

179 3140 517 3206 συγγένειαν
540 3148 635 3194 καὶ
668 3144 888 3212 λοιπῆς,
923 3148 1017 3197 καὶ
1050 3149 1262 3216 ἀρετῶν
1289 3152 1407 3219 δρει
1440 3155 1765 3223 προσϐῆναι,

1875 3140 2086 3207 apicem
2130 3143 2353 3199 virtutis
2383 3149 2704 3215 ascendere,
2738 3155 2905 3220 quaeri
2954 3163 3009 3209 et
3046 3173 3153 3211 nou
3189 3161 3447 3228 inveniri,

176 3234 269 3283 καὶ
312 3233 648 3302 ζητεῖσθαι,
687 3237 784 3289 καὶ
842 3239 916 3307 μὴ
965 3240 1361 3308 εὑρίσκεσθαι,
1398 3248 1539 3313 μετά
1585 3246 1639 3298 δὲ
1677 3266 1766 3317 μι-

177 3324 317 3391 κρὸν
349 3325 695 3389 ἐπανελθεῖν,
734 3329 827 3379 καὶ
857 3330 1149 3397 εὑρεθῆναι
1182 3336 1297 3395 τοῖς
1332 3336 1534 3404 μηκέτι
1568 3338 1766 3406 ζητοῦ-

180 3432 296 3474 σιν.
328 3417 448 3468 ἀλλ’
472 3419 940 3488 ἐκφροντίσασινς
982 3422 1110 3491 Ὀψὲ
1142 3424 1261 3491 μέν,
1302 3421 1346 3477 ῶ
1373 3421 1550 3493 οὗτος,
1584 3432 1763 3499 ἀπῆλ-

178 3510 272 3570 θες
315 3508 391 3571 ὡς
440 3510 533 3561 ἐπὶ
568 3511 853 3581 μετανοίᾳθ
885 3516 1024 3583 ταχὺ
1070 3516 1128 3567 δέ
1168 3517 1477 3586 ἐπανῆλθες
1516 3523 1761 3591 μετάμε-

176 3600 294 3662 λος·
335 3600 665 3669 ἀνέκαμψας
701 3603 912 3667 κακῶς,
958 3606 1081 3657 ὅθεν
1112 3611 1507 3675 συμφερόντως
1537 3613 1759 3681 ἔφυγες.

176 3694 295 3761 Οὐχ
327 3690 504 3755 οὕτως
532 3693 656 3745 οὐδὲ
693 3696 885 3756 στατὸς
929 3697 1117 3763 ἵππος,
1156 3700 1469 3771 ἀκοστήσας
1500 3706 1589 3756 ἐπί
1625 3710 1762 3774 φάτ-

179 3808 272 3859 νῃ,
327 3791 426 3841 καὶ
473 3791 887 3859 φαντασάμενος
928 3792 1097 3859 νομὰς
1144 3795 1381 3855 παλαιὰς
1412 3798 1506 3847 καὶ
1537 3796 1758 3865 λουτρὰ,

171 3877 259 3944 ο’ς
302 3880 587 3949 ἐναθύρων
628 3882 845 3945 ἔϐοσκε,
881 3882 942 3934 τὸ
970 3885 1069 3951 τῆς
1103 3885 1405 3953 ἐπιθυμίας
1433 3887 1652 3952 ἄλογον,
1693 3891 1761 3943 τὰ

170 3973 357 4041 δεσμά
392 3972 586 4041 ῥήξας.
622 3974 740 4024 ἐκεῖ
768 3974 975 4041 τρέχει,
1019 3975 1146 4026 ὅποι
1198 3977 1293 4026 καὶ
1340 3978 1534 4045 πρώην
1569 3980 1758 4049 ἐνέμεο

170 4083 259 4117 το.
322 4066 567 4130 Ἀγνοεῖν
618 4066 824 4130 ἔοικας,
882 4060 927 4117 ὦ
980 4066 1196 4133 ἀδελφὲ,
1230 4068 1311 4118 ὃτι
1362 4068 1460 4135 τὴν
1497 4068 1755 4139 θεωρίαν,

171 4158 240 4225 ἣν
274 4155 507 4221 συνάγει
552 4156 581 4207 ὁ
633 4158 958 4226 καταμόνας
1005 4156 1217 4227 ὁμιλῶν
1264 4157 1405 4227 Θεῷ,
1462 4160 1760 4214 ἀπόλλυσιν

169 4248 360 4311 αὖθις,
396 4248 487 4300 ὅτε
522 4248 622 4317 τῆς
648 4249 857 4317 ἀγορᾶς
889 4248 1141 4317 γένηται·
1174 4250 1269 4300 καὶ
1298 4251 1381 4301 ὅτι
1428 4251 1757 4319 ἐκκρούεται

174 4344 206 4410 ἡ
247 4339 600 4409 ήσυχαστικὴ
640 4343 830 4409 μνήμη
867 4341 955 4393 διὰ
988 4344 1089 4408 τῆς
1132 4341 1431 4408 κοσμικῆς,
1464 4345 1558 4393 καὶ
1586 4343 1660 4405 ὡς
1700 4347 1758 4398 ἐν

171 4434 635 4501 ἀντιπεριστάσει
681 4434 791 4484 τινὶ
844 4434 1030 4485 ἐκεῖνα
1090 4430 1191 4499 μὲν
1238 4432 1307 4485 τά
1342 4434 1405 4485 ἐκ
1456 4434 1550 4486 τοῦ
1597 4436 1757 4507 ὅρους

1878 3241 2045 3300 atque
2072 3234 2258 3302 elapso
2298 3237 2513 3292 modico
2551 3249 2796 3311 tempore
2832 3247 3055 3309 reverti.
3084 3259 3135 3302 et
3167 3267 3273 3304 non
3297 3269 3447 3320 quaa-

1875 3326 2155 3391 rentibus,
2196 3328 2306 3379 iuto
2363 3346 2469 3381 nor
2528 3334 2899 3399 cogitantibus
2946 3343 3448 3411 apparere?Scro,

1872 3430 1903 3467 ο
1956 3416 2145 3475 Ιιοιιιο,
2178 3416 2243 3468 ad
2295 3420 2671 3485 paenitentiam
2730 3440 2982 3491 veneras,
3030 3429 3453 3488 brevimutato

1867 3509 2100 3561 consilio
2125 3511 2316 3577 pedem
2348 3514 2603 3578 retulisti,
2628 3531 2692 3568 eo
2732 3519 2885 3572 nullo
2914 3521 3116 3576 decore
3149 3523 3448 3581 reflecteris

1867 3603 2012 3655 unde
2070 3602 2302 3656 feliciter
2361 3619 2610 3660 veneras.
2643 3607 2759 3661 Non
2853 3613 2933 3665 sic
2963 3630 3137 3682 equus
3204 3619 3442 3683 otiosus,

1867 3703 2060 3761 pastus
2112 3698 2165 3747 in
2217 3696 2448 3760 faliscis.
2501 3707 2554 3754 et
2591 3713 2745 3768 prata
2798 3705 3031 3772 pristina
3090 3708 3447 3781 imaginatus,

1866 3798 1930 3837 ac
1965 3797 2154 3854 stagna
2193 3788 2283 3841 ubi
2328 3789 2628 3846 indomitus
2682 3795 2978 3862 pascebat,
3015 3795 3447 3857 irrationabilem

1863 3877 2117 3932 ardorem
2162 3881 2502 3943 manifestat.
2540 3900 2662 3937 cum
2700 3888 2916 3939 vincula
2970 3892 3194 3958 rumpit.
3234 3903 3287 3946 et
3321 3895 3448 3949 illuc

1863 3974 2049 4017 currat
2080 3967 2170 4019 ubi
2221 3968 2376 4035 prius
2431 3973 2711 4040 pascebat.
2764 3976 3022 4044 lgnorare
3058 3979 3299 4046 videris,
3330 3983 3444 4037 fra-

1866 4070 1967 4124 ter,
1996 4076 2135 4128 quas
2164 4065 2495 4128 sententias.
2557 4066 2709 4120 solus
2743 4082 3103 4127 conversatus
3142 4089 3263 4128 cum
3312 4077 3445 4144 Deo,

1861 4152 2177 4218 collegerat,
2204 4154 2475 4207 continuo
2500 4171 2592 4210 eas
2652 4160 2877 4225 perdere
2909 4176 3033 4214 cum
3079 4165 3284 4226 plateas
3339 4168 3448 4223 fre-

1861 4251 2090 4310 quentat
2118 4260 2131 4305 ;
2164 4260 2194 4295 e
2226 4246 2490 4298 memoria
2540 4248 2816 4304 solitarius
2866 4255 3231 4321 cogitationes
3284 4274 3447 4314 mun-

1862 4330 2018 4385 danis
2065 4333 2283 4401 expelli,
2313 4346 2500 4403 atque,
2538 4343 2763 4395 mutatis
2808 4345 2963 4409 quasi
3010 4346 3244 4410 vicibus,
3284 4365 3446 4404 asce-

1865 4429 1972 4474 taiu
2006 4423 2436 4481 descendentem
2472 4430 2779 4496 spiritualia
2810 4449 2873 4487 ex
2906 4435 3014 4489 alto
3039 4437 3300 4492 deorsum
3352 4457 3441 4496 re-

170 4526 529 4590 πνευματικά
554 4526 581 4576 ό
615 4525 860 4587 καταϐὰς
900 4524 1152 4593 ἀσκητὴς
1199 4527 1349 4577 κάτω
1382 4528 1605 4596 ἀφίησι,
1634 4506 1753 4583 ἀκα-

1875 4515 2354 4585 liuqucre,eaque,
2378 4527 2435 4572 lit
2465 4524 2762 4587 cameluni,
2784 4527 3099 4583 inc!inattnn
3135 4532 3442 4601 deponere;

176 4620 356 4687 μήλου
395 4618 555 4684 δίκην
583 4617 925 4683 ἀποθέμενος
971 4616 1113 4667 αὐτὰ
1147 4615 1215 4667 δι’
1256 4618 1650 4682 ὑποπτώσεως,
1686 4621 1756 4673 τὰ

171 4710 230 4761 δὲ
256 4709 358 4777 τῆς
387 4706 593 4775 τύρϐης
623 4706 947 4776 ἀχθοφορῶν
980 4705 1093 4759 άνω
1139 4707 1315 4774 φέρει,
1354 4707 1449 4759 καὶ
1477 4708 1575 4759 τοῦ
1624 4728 1757 4761 παν-

171 4802 267 4863 τὸς
318 4798 697 4866 ἀλλαξάμενος
760 4798 821 4849 τὸ
870 4797 1039 4865 μηδὲν
1077 4796 1311 4859 ἄνεισιν,
1360 4800 1480 4850 ἀντὶ⁵
1509 4801 1754 4866 ἁσκητοῦ

170 4893 409 4961 ἀσκίτης
461 4892 713 4952 θύλακος,
773 4889 1238 4959 ἐμπεπλησμένος
1306 4891 1375 4942 τὰ
1427 4891 1601 4944 πολλὰ
1660 4896 1755 4946 καὶ

172 4984 502 5052 ἀγωγίμων,
546 4984 689 5049 ἆπερ
725 4982 982 5051 μισοῦσιν
1039 4982 1087 5032 οἱ
1135 4982 1450 5049 ἐγκρατεῖς,
1500 4982 1596 5035 καὶ
1645 4986 1756 5046 τοῖς

173 5077 233 5139 ἐξ
257 5075 608 5142 ἀφαιρέσεως
634 5073 1046 5140 φαντάσμασιν,
1080 5073 1243 5123 ὁποῖα
1276 5072 1525 5123 κάτωθεν
1554 5074 1759 5142 ἀνεμά-

173 5168 307 5233 ξατο
376 5166 687 5230 ἀπαλείψας
727 5166 788 5217 τὸ
818 5184 836 5216 ι
874 5164 995 5217 κατ’
1042 5166 1249 5227 εἰκόνα,
1308 5182 1327 5215 ι
1367 5164 1393 5215 ὃ
1436 5164 1522 5216 διὰ
1555 5167 1758 5234 νοημὰο

170 5276 286 5311 των
318 5257 479 5309 θείων
512 5257 897 5310 ἐνετυπώσατο
929 5259 992 5308 ἐκ
1020 5256 1118 5324 τῆς
1147 5256 1315 5325 μονῆς
1346 5256 1377 5325 ἡ
1408 5256 1578 5325 ψυχή.

249 5357 361 5420 μα’.
401 5350 629 5421 ’Λνέϐης
667 5353 747 5411 εἰς
800 5349 957 5417 ὕψος,
996 5344 1041 5401 ῶ
1074 5351 1410 5418 κεκαρμὲνε,
1447 5365 1756 5417 πνευματι-

172 5443 313 5504 κῶς.
364 5444 460 5494 καὶ
506 5443 793 5512 ἄνθρωπος
837 5440 1011 5503 οὕτως
1046 5442 1235 5506 ἐγένου
1265 5439 1425 5505 Θεοῦ,
1463 5441 1550 5491 ὅτε
1586 5441 1664 5501 ei;
1699 5440 1758 5492 τὸ

171 5537 302 5604 δρος
344 5533 596 5602 ἀνῆλθες.
636 5534 701 5586 Ti
747 5532 879 5601 γοῦν
928 5532 1419 5600 κατακυλιόμενος,
1453 5534 1621 5600 πρινὴ
1664 5534 1757 5583 καὶ

171 5627 611 5695 κατασταθῆναι,
657 5625 871 5689 πεδινὸς
940 5626 1126 5697 φέρῃς
1192 5624 1430 5693 ’Υψηλὸς
1482 5625 1710 5690 γέγονας
1740 5641 1754 5654 ο

173 5724 317 5778 διατι
381 5720 752 5791 ἀποτελευτᾷς
810 5722 890 5783 εἰς
961 5717 1389 5790 χθαμαλὸτητα;
1453 5718 1753 5784 Οὐράνιον

170 5815 318 5871 διατί
345 5813 666 5880 κατάγειος;
696 5812 889 5879 Διέϐιςς
918 5815 977 5865 ἐκ
1004 5810 1208 5878 φθορᾶς
1233 5810 1313 5871 εἰς
1343 5807 1543 5876 ζωνὴν,
1565 5808 1638 5870 ὡς
1667 5801 1755 5859 οἷα

1858 4623 1979 4661 eum
2028 4626 2191 4665 curas
2237 4615 2488 4680 vulgares
2542 4616 2752 4678 subire,
2813 4618 2955 4673 ferre
2996 4622 3050 4675 iu
3084 4625 3289 4690 altum;
3324 4642 3450 4695 pro-

1853 4700 2025 4768 jicere
2054 4701 2197 4769 quod
2237 4712 2321 4755 est
2355 4718 2520 4773 super
2552 4709 2758 4773 omnia,
2791 4717 2843 4762 et
2873 4712 3094 4765 minima
3134 4716 3392 4784 accipere
3425 4735 3445 4782 ;

1861 4806 1959 4860 pro
2006 4796 2185 4845 anima
2245 4804 2487 4848 ventrem
2545 4796 2986 4863 dilatare;cihis
3041 4806 3250 4866 vetitis.
3283 4821 3430 4875 quos

1859 4885 2095 4939 oderunt
2136 4886 2325 4948 sobrii,
2378 4888 2700 4957 plerumque
2755 4893 2998 4959 repleri;
3051 4904 3104 4948 ct
3160 4912 3259 4965 pro
3302 4900 3434 4953 abs-

1860 4979 2048 5032 tractis
2116 4979 2601 5047 imaginationibus
2662 4999 2799 5051 quas
2859 4985 3113 5039 deorsum
3174 4988 3428 5058 elIiugit,

1857 5070 2101 5123 oblivisci
2132 5071 2384 5139 imaginis
2415 5087 2576 5139 quam
2612 5074 2720 5127 sibi
2751 5076 2940 5129 anima
2977 5093 3040 5132 ex
3075 5080 3439 5136 medita'ioue

1859 5160 2043 5214 divina
2074 5160 2128 5213 iu
2161 5160 2457 5215 solitudine
2483 5161 2901 5220 etIormavcrat.

1930 5337 2021 5391 41.
2052 5336 2108 5391 1η
2149 5338 2315 5391 altum
2367 5341 2730 5409 spiritualiter
2784 5342 3144 5404 ascenderas,
3178 5358 3212 5394 n
3258 5351 3439 5406 tonse,

1860 5438 1915 5482 et
1947 5448 2011 5485 eo
2061 5431 2222 5485 modo
2253 5434 2417 5487 homo
2454 5432 2547 5487 Dei
2598 5448 2881 5497 evaseras,
2916 5449 3038 5486 cum
3093 5433 3150 5487 in
3194 5445 3438 5491 montem

1862 5524 2080 5577 venisti.
2105 5523 2213 5576 Cur
2242 5538 2373 5593 ergo
2403 5526 2703 5590 revolutus,
2740 5534 3032 5595 antequam
3066 5527 3247 5581 sedem
3281 5526 3437 5595 ligas,

1863 5618 2106 5670 ambulas
2136 5617 2189 5669 in
2223 5616 2488 5685 planitie?
2514 5618 2773 5671 Excelsus
2820 5631 2968 5680 eras,
2992 5631 3090 5671 cur
3137 5619 3346 5673 desinis
3382 5622 3435 5672 in

1866 5708 2168 5763 humilem?
2195 5709 2463 5777 Caelestis,
2491 5726 2590 5763 cur
2615 5721 2871 5764 terrenus
2891 5710 2913 5762 ?
2932 5710 2971 5763 E
2993 5710 3347 5779 corruptione
3370 5709 3438 5763 ad

1878 5802 2045 5857 vitam
2099 5805 2403 5859 translatus
2454 5818 2597 5870 eras,
2628 5802 2786 5872 quasi
2838 5816 2977 5857 nova
3002 5802 3305 5871 creatione,
3338 5814 3437 5858 cur
