4210 6438
810 410 914 472 ’Ῑθ3

1534 405 1956 469 EUSTATHI!
1992 399 2752 465 THESSALONICENSIS
2784 401 3354 466 METROPOLIT/E

3968 409 4079 470 764

806 540 940 595 ergo
985 524 1041 579 in
1087 524 1320 593 pristina
1365 521 1598 578 dissolvi
1665 521 1863 592 eupis‘l
1919 518 2160 572 Mutatus
2211 529 2292 582 es,
2325 525 2385 568 ut

2492 516 3055 586 μεταπεπλασμένος·
3101 519 3244 573 ίνατί
3297 520 3429 590 γοῦν
3480 520 3686 583 ἐθέλεις
3734 520 4077 575 ἀναλύεσθαι

807 615 994 672 Enoch
1033 624 1351 685 assumptus
1381 615 1446 668 ad
1491 613 1697 672 Deum:
1732 628 1891 667 mane
1931 625 2062 681 ergo
2097 610 2253 680 juxta
2291 622 2384 660 vo-

808 708 1074 762 luntatem
1131 707 1247 770 Dei,
1275 706 1368 776 qui
1407 715 1460 759 te
1497 721 1722 760 manere
1774 705 1930 775 jubet
1961 706 2138 759 donec
2173 701 2380 767 veniat,

807 813 1140 870 quocunque
1183 799 1346 852 modo
1389 798 1493 852 iste
1550 797 1820 851 adventus
1864 796 2224 866 intelligatur.
2263 792 2380 848 Nec

804 901 890 950 est
932 894 1030 949 tibi
1062 894 1287 962 injuria,
1321 895 1366 948 si
1422 901 1572 948 tanta
1622 893 1884 947 instantia
1924 893 2280 962 pmniteutetn
2332 900 2384 944 te

804 1001 1062 1040 vocamus
1091 1002 1107 1038 :
1138 1001 1247 1040 non
1277 986 1438 1040 debet
1466 986 1591 1040 inde
1625 986 1954 1040 erubescere
1985 984 2080 1051 qui
2106 983 2382 1052 paenitens

803 1079 1029 1132 dicitur.
1069 1074 1330 1147 Teipsum
1387 1093 1418 1130 a
1465 1078 1671 1131 saeculo
1721 1077 2030 1132 removisti.
2079 1075 2224 1142 Quid
2297 1075 2381 1130 vis

805 1169 976 1238 igitur
1013 1171 1066 1221 in
1115 1169 1237 1222 loco
1272 1168 1506 1235 pristino
1555 1169 1741 1223 incola
1790 1167 2169 1231 annumerari,
2201 1175 2254 1219 et
2298 1164 2380 1220 sic

806 1260 863 1313 in
899 1260 1005 1312 line
1040 1258 1253 1312 nullum
1312 1259 1490 1312 locum
1523 1259 1725 1313 habere
1749 1299 1763 1324 ,
1795 1267 1959 1327 atque
2001 1257 2194 1311 audire
2240 1257 2384 1308 hanc

807 1351 1121 1405 irrisionem
1149 1367 1164 1405 :
1202 1369 1220 1401 ι
1253 1351 1447 1405 Adhuc
1481 1351 1758 1421 pusillum,
1790 1361 1845 1403 et
1882 1365 1992 1403 non
2026 1349 2132 1402 erit
2190 1361 2382 1415 pecca-

806 1451 923 1506 tor;
954 1451 1010 1496 et
1029 1457 1244 1512 quaeres
1269 1442 1448 1496 locum
1472 1443 1616 1510 ejus,
1644 1450 1699 1494 et
1719 1457 1827 1495 non
1855 1441 2102 1495 invenies
2121 1439 2161 1492 ⁷.
2179 1457 2197 1489 ι
2224 1438 2384 1490 Nunc

805 1543 988 1590 autem
1051 1536 1304 1589 videntur
1376 1533 1632 1588 monachi
1704 1534 1946 1588 minores
2024 1532 2182 1586 nobis
2249 1530 2386 1584 insi-

805 1628 984 1692 diari,
1045 1629 1138 1696 qui
1206 1639 1368 1682 nosa
1418 1626 1674 1695 patribus
1728 1639 1918 1678 eorum
1973 1623 2380 1686 distraxerunt,

805 1730 1226 1785 sermonemque
1289 1715 1356 1768 ad
1408 1729 1760 1769 communem
1811 1714 2246 1784 objurgationem
2302 1710 2386 1764 di-

803 1815 1124 1871 verterunt,
1186 1816 1245 1860 ut
1291 1805 1348 1860 in
1401 1806 1502 1860 hac
1579 1805 1895 1875 sympathia
1951 1808 2169 1872 utrique
2239 1801 2383 1872 parti

2486 607 2564 666 είς
2603 605 2672 659 τά
2701 605 3002 675 πρότερονς
3035 608 3303 674 Μετέθου,
3338 610 3478 664 κατά
3519 611 3612 665 τὸν
3654 611 3831 679 Ἑνὼχ
3867 612 4070 679 rivali;-

2486 695 2640 764 φθεὶς
2669 695 2746 766 τῷ
2763 696 2903 766 Θεῷ·
2928 701 3110 767 μεῖνον
3128 696 3222 753 οὖν
3239 701 3380 754 κατά
3404 701 3466 755 τὸ
3488 701 3808 772 θέληματοῦ
3828 702 3994 765 Θεοῦ,
4020 703 4077 765 ὃς

2487 785 2666 838 ἐθέλει
2697 788 2791 838 καὶ
2827 787 2886 840 σὲ
2910 789 3117 856 μένειν,
3146 790 3252 851 ἕως
3279 791 3523 861 ἔρχεται,
3543 794 3739 845 ὁποίαν
3777 792 3846 845 ἂν
3866 791 4080 856 ταύτην

2486 876 2697 931 ἐλευσιν
2726 879 2936 942 ἐθέλεις
2955 882 3118 935 νοεῖν.
3149 881 3264 934 Οὐκ
3293 882 3410 936 ἐστι
3444 899 3527 934 σοι
3559 882 3770 950 ἀτιμία.
3810 883 3974 951 εἰπερ
4010 885 4076 950 τῇ

2485 968 2716 1040 τοιαύτῃ
2755 971 3083 1041 προσεδρείᾳ
3126 973 3501 1042 μεταθέμενόν
3545 990 3604 1024 σε
3653 972 3957 1042 καλοῦμεν.
3997 974 4073 1024 Ού

2486 1061 2591 1130 γάρ
2619 1063 2737 1114 ἐστι
2779 1062 3061 1115 κάνταῦθα
3101 1064 3432 1134 ἐφύϐριστος
3457 1067 3485 1118 ό
3522 1064 3860 1132 καλούμενος
3897 1081 4075 1134 μετα-

2489 1152 2737 1219 θέμενος.
2787 1152 3142 1218 Ἐξετόπισας
3193 1154 3288 1207 τοῦ
3329 1155 3450 1224 βίου
3503 1155 3752 1207 σεαυτόν.
3787 1154 3854 1206 Τί
3887 1154 4076 1206 τοίνυν

2488 1239 2692 1304 ἐθέλεις
2748 1241 2974 1306 ἐντοπος
3012 1246 3126 1307 τοῖς
3187 1245 3380 1316 πρώην
3439 1247 3923 1318 προστετηκέναι,
3980 1248 4074 1300 καὶ

2485 1331 2659 1394 οὓτως
2692 1333 2968 1388 ἐκϐαίνειν
2996 1335 3221 1400 ἄτοπος,
3255 1337 3349 1390 καί
3388 1356 3490 1391 που
3525 1340 3620 1392 καὶ
3658 1340 3885 1392 ἀκούειν
3909 1342 3989 1402 ῶς
4018 1341 4075 1392 ἐν

2491 1424 2862 1493 μυκτηρισμῷ
2887 1425 3378 1495 καταψαλλόμενόν
3419 1444 3512 1481 σου
3544 1429 3606 1481 τὸ
3648 1447 3667 1480 t
3709 1430 3834 1480 Ἐτι
3865 1429 4072 1496 ὀλίγον,

2489 1512 2584 1565 καὶ
2615 1513 2676 1564 οὐ
2718 1514 2794 1582 μὴ
2828 1514 3049 1585 ὑπάρξῃ
3097 1517 3124 1568 ό
3169 1518 3520 1587 ἁμαρτωλὸς,
3553 1520 3648 1573 καὶ
3692 1519 3955 1590 ζητήσεις
3984 1522 4074 1573 τὸν

2487 1604 2654 1657 τόπον
2689 1605 2884 1670 αὑτοῦ,
2912 1608 3007 1658 καὶ
3033 1609 3093 1660 ού
3123 1609 3198 1678 μὴ
3224 1608 3434 1680 εὖρῃς;
3474 1629 3491 1661 ι
3545 1612 3708 1664 Ἀλλὰ
3743 1614 3853 1682 γάρ
3888 1613 4074 1667 ἐοίκα-

2489 1715 2575 1749 σιν
2638 1700 2686 1750 οί
2749 1701 3191 1768 μικροσχήμονες
3247 1703 3768 1772 πανουργεύσασθαι
3825 1706 3926 1758 καὶ
3981 1706 4074 1759 νῦν

2489 1785 2612 1838 καθ⁹
2635 1786 2813 1856 ἡμῶν,
2854 1785 2934 1849 οἷς
2965 1790 3382 1860 ἀποστήσαντες
3404 1795 3555 1862 ἡμᾶς
3589 1794 3699 1847 τῶν
3725 1797 3848 1849 κατ’
3873 1798 4073 1861 αὐτοὺς

801 1898 948 1952 dicta
995 1898 1240 1964 emuant,
1273 1899 1323 1954 si
1367 1897 1632 1969 possibile
1695 1906 1781 1954 est
1811 1913 1825 1951 :
1855 1898 1949 1967 qui
2016 1911 2217 1966 scopus
2270 1910 2379 1948 non

2489 1879 2745 1948 πατέρων
2780 1879 3180 1949 ἀπησχόλησαν
3208 1880 3300 1934 τὸν
3341 1882 3501 1951 λόγον
3543 1887 3680 1955 πρὸς
3707 1891 3822 1951 τοῖς
3868 1891 4074 1952 κοινοῖς

804 1989 1124 2060 attingetnr.

876 2249 970 2304 42.
999 2248 1143 2305 Ecce
1177 2250 1327 2306 enim
1357 2251 1565 2307 omissa
1597 2251 2000 2306 communitate
2032 2248 2100 2302 ad
2141 2247 2380 2318 majores

808 2343 1113 2396 monachos
1147 2342 1420 2406 redimus,
1455 2343 1552 2412 qui
1586 2343 1747 2396 malis
1776 2341 1895 2396 suis
1923 2339 2187 2408 exemplis
2213 2337 2382 2392 disci.

807 2433 969 2500 pulos
1001 2441 1344 2500 pervertunt,
1363 2433 1568 2502 quique
1589 2431 1917 2487 simulantes
1946 2446 2006 2486 se
2033 2445 2141 2485 non
2168 2444 2294 2486 esse
2311 2427 2382 2484 de

810 2525 912 2579 hoc
945 2523 1174 2591 mundo,
1193 2539 1326 2579 sane
1349 2539 1478 2579 vero
1514 2527 1846 2591 ccenobitas,
1869 2538 1936 2578 eo
1965 2523 2113 2594 quod
2144 2522 2381 2579 seorsim

807 2617 1017 2681 vivant,
1049 2615 1156 2669 ista
1211 2615 1445 2669 edocent
1495 2618 1634 2670 alios
1676 2617 1981 2686 discipulos
2008 2616 2077 2670 ad
2119 2629 2382 2670 corrum-

806 2709 1047 2776 pendum
1077 2723 1305 2778 pronos.
1337 2709 1396 2762 lu
1451 2708 1679 2778 pri-fecti
1747 2709 2001 2762 monachi
2061 2707 2382 2763 memoriam

807 2815 1006 2856 revoco
1067 2815 1194 2855 eum
1251 2801 1571 2855 desiderare
1634 2802 1953 2872 angelorum
2010 2801 2250 2870 speciem
2310 2799 2384 2853 ita

806 2891 1144 2945 admonitum
1171 2889 1364 2956 fuisse,
1393 2903 1454 2946 ut
1492 2892 1546 2946 in
1576 2893 1876 2962 angelicam
1928 2906 2218 2961 personam
2271 2890 2387 2960 ipse

809 2985 1101 3038 ordinatus
1150 2983 1338 3038 fuerit.
1375 2983 1487 3038 lloc
1527 2984 1667 3039 forte
1713 3000 1822 3039 non
1861 2985 2089 3038 multum
2139 2983 2386 3038 conferet

810 3077 878 3127 ad
934 3076 1354 3130 confundendus
1401 3091 1500 3129 eos
1551 3078 1644 3146 qui
1695 3077 1919 3147 angelos
1952 3077 2291 3144 despiciunt,
2329 3087 2387 3130 ut

810 3167 1137 3220 discimuse
1176 3166 1384 3220 sanctis
1443 3177 1752 3221 ascetarum
1809 3169 2053 3237 scriptis,
2100 3171 2244 3221 sicut
2294 3182 2389 3220 vo-

2489 1971 2789 2037 φορτικοίς,
2813 1968 2889 2032 ὡς
2917 1969 2983 2022 ἂν
3013 1972 3070 2023 ἐν
3096 1975 3162 2041 τῇ
3199 1973 3426 2045 τοιαύτῃ
3451 1977 3806 2048 κοινοπαθείᾳ
3836 1979 4072 2047 συγχεό-

2492 2076 2628 2127 μενα
2664 2060 2732 2110 τά
2771 2061 3054 2130 ἑκατέρων
3083 2063 3304 2132 ἔχωσιν,
3337 2067 3386 2119 εί
3411 2067 3663 2132 δυνατὸν,
3698 2069 4072 2138 κρύπτεσθαι.

2489 2150 2602 2202 Ούκ
2637 2149 2702 2202 ἂν
2736 2150 2795 2202 δὲ
2829 2151 3073 2205 ἀνύσωσι
3107 2154 3169 2206 τὸ
3197 2155 3350 2224 σφίσι
3390 2158 3780 2227 προκείμενον.

2562 2238 2677 2308 μβ’.
2725 2239 3018 2311 ’Λφέμενοι
3058 2244 3193 2313 γὰρ,
3245 2245 3392 2309 ίδοὺ,
3427 2248 3537 2300 τῶν
3581 2251 3798 2311 κοινῶν,
3838 2251 4074 2320 ἐπανερ-

2487 2329 2700 2398 χόμεθα
2730 2332 2870 2401 πρὸς
2901 2333 3097 2401 μόνους
3143 2336 3267 2398 τοὺς
3311 2336 3594 2406 μείζονας,
3622 2340 3671 2393 οἱ
3709 2343 3776 2411 τῇ
3806 2341 3953 2408 πρὸς
3978 2343 4075 2395 αύ-

2489 2421 2618 2483 τοὺς
2669 2420 2992 2488 ἐξομοιώσει
3040 2425 3534 2498 συνδιαστρέφουσι
3590 2431 3717 2494 τοὺς
3778 2434 4074 2502 ὁμιλητὰς,

2491 2511 2586 2562 καὶ
2617 2511 2944 2582 ψευδόμενοι
2971 2516 3032 2568 τὸ
3061 2517 3238 2584 άϐιον,
3273 2521 3418 2574 καθά
3442 2524 3539 2576 καὶ
3561 2523 3623 2576 τὸ
3646 2525 3945 2590 κοινόὸιον,
3986 2528 4076 2578 διά

2489 2601 2585 2655 τού
2617 2600 2760 2658 εἶναι
2801 2607 3031 2673 ίδιόϐιοι,
3085 2611 3460 2680 καθηγοῦνται
3494 2616 3588 2669 τοῦ
3635 2618 3803 2671 αὐτοῦ
3851 2619 4078 2672 παιδεύ-

2494 2711 2668 2762 ματος
2715 2698 2809 2749 και
2842 2702 2957 2762 τοῖς
2991 2701 3210 2770 εὐφυῶς
3244 2704 3618 2775 διακειμένοις
3644 2709 3786 2778 πρὸς
3813 2710 4074 2780 διαστρο-

2493 2785 2600 2853 φὴν
2650 2787 2947 2856 μαθηταῖς.
2985 2791 3330 2856 ’Δνασιύάζω
3382 2796 3447 2864 δὴ
3482 2799 3538 2860 ἐς
3572 2800 3763 2868 νόησιν
3792 2801 3872 2869 τῷ
3905 2818 4078 2870 μεγα-

2492 2875 2789 2945 λοσχήμονι
2823 2880 3066 2950 μοναχῷ,
3114 2886 3208 2936 καὶ
3244 2886 3326 2938 ὅτι
3366 2889 3617 2956 ἀγγέλων
3649 2891 3840 2960 σχῆμα
3870 2893 4076 2944 ἐπιποο

2494 2965 2607 3021 θεῖν
2640 2968 2914 3039 ἐδιδάχθη,
2946 2972 3088 3026 ὥστε
3137 2978 3232 3029 καὶ
3273 2980 3356 3040 είς
3386 2982 3677 3049 πρόσωπον
3706 2985 3871 3045 αὐτὸς
3905 2987 4076 3052 ἀγγέ-

2494 3053 2590 3107 λου
2621 3057 2907 3113 τέτακται.
2944 3063 3102 3114 Ἐστι
3143 3065 3199 3116 δὲ
3237 3067 3342 3136 ἄρα
3374 3071 3534 3120 τοῦτο
3565 3072 3627 3121 ού
3679 3073 3825 3139 μέγα
3864 3078 3948 3134 εἰς
3984 3077 4072 3126 ἐν-

2493 3145 2706 3214 τροπὴν
2739 3149 2851 3211 τοῖς
2889 3151 3174 3216 τοιούτοις,
3210 3155 3260 3206 οἲ
3295 3157 3389 3207 καὶ
3433 3158 3665 3224 ἄγγελον
3697 3161 4075 3230 ὑπεραναῦαί·

814 3258 972 3319 Ιιιηι,
1005 3257 1095 3326 qui
1135 3256 1442 3312 Psalmistae
1480 3259 1700 3312 verbum
1749 3261 1974 3313 minoris
2021 3258 2252 3324 faciunt,
2285 3261 2388 3312 sci-

2497 3252 2700 3299 νουσιν,
2723 3236 2799 3300 ὠς
2824 3239 2923 3306 τῆς
2955 3241 3255 3311 ἱερωτάτης
3285 3247 3588 3318 άσκητικῆς
3618 3255 3842 3319 γραςςῆς
3872 3257 4074 3320 Exacu-

814 3350 962 3418 ipSos
982 3347 1175 3401 ittllant
1194 3350 1316 3417 plus
1340 3364 1504 3418 quam
1537 3363 1751 3418 :equum
1772 3360 1873 3404 est.
1899 3349 2014 3404 lloe
2046 3351 2213 3420 igitur
2239 3359 2384 3414 tene,

816 3442 1089 3493 tnonaehe
1113 3441 1223 3508 jatn
1241 3455 1353 3494 non
1380 3442 1518 3496 laice
1540 3450 1597 3496 et
1619 3453 1807 3496 sancte
1833 3444 1905 3496 ob
1933 3443 2274 3512 pr0positum
2301 3486 2313 3505 ,
2335 3451 2390 3496 et

816 3531 862 3584 si
902 3538 953 3583 te
981 3531 1146 3583 talem
1187 3531 1366 3595 decet,
1397 3541 1453 3586 et
1483 3544 1679 3588 natura
1708 3536 2058 3590 immateriali
2103 3538 2155 3588 in
2193 3537 2388 3588 metal-

815 3621 928 3674 lum
975 3624 1081 3676 vile
1115 3633 1168 3676 et
1201 3633 1460 3679 terrestre
1486 3639 1704 3690 versus,
1740 3627 2054 3695 oblitusque
2089 3626 2388 3690 solitarius,

815 3728 873 3772 ut
912 3726 1142 3770 narrant
1194 3716 1430 3786 antiqui,
1464 3731 1585 3771 mox
1627 3717 1856 3786 iustitia
1907 3719 2195 3788 t-0pulatos
2243 3735 2388 3782 esse,

812 3811 943 3877 quia
999 3813 1284 3860 materiam
1352 3807 1851 3874 mortiiicaverant,
1908 3816 1966 3861 tu
2034 3818 2152 3862 esto
2201 3808 2388 3862 saeculi

813 3913 1068 3968 magnes,
1121 3899 1406 3952 attrahens
1465 3907 1628 3952 tenue
1693 3898 1942 3966 ferrum;
1992 3900 2075 3954 vel
2142 3911 2200 3954 ut
2259 3915 2389 3955 suc-

813 3989 999 4041 cinum
1062 3989 1316 4041 attollens
1363 3989 1547 4056 paleas
1576 3989 1778 4055 quibus
1809 4005 1898 4046 res
1939 3993 2234 4046 saeculares
2272 3994 2390 4059 jure

811 4089 1206 4148 comparantur
1248 4079 1360 4147 igni
1390 4080 1824 4151 inexstinguibili
1871 4093 2184 4136 reservate.
2209 4082 2386 4148 Nosti,

812 4185 846 4222 ο
874 4171 1473 4238 monache,potestates
1509 4181 1563 4223 et
1597 4174 1820 4240 angelos
1861 4173 2194 4239 secundare,
2216 4185 2391 4226 tuam-

812 4278 918 4330 que
948 4264 1369 4317 consensionem
1421 4263 1763 4333 inscribere;
1800 4282 1938 4336 quos
2007 4283 2152 4322 nunc
2201 4283 2392 4338 aggre-

815 4361 966 4418 tlcrc,
999 4356 1045 4408 si
1065 4355 1168 4417 vis,
1192 4369 1319 4423 rape
1345 4353 1612 4421 libellum,
1635 4371 2052 4429 consonumque
2083 4361 2342 4415 illSCt'ibe.

883 4563 971 4617 45.
1009 4563 1259 4618 Ditlicisti
1322 4569 1484 4618 etiam
1525 4581 1749 4622 crucem
1773 4578 1824 4623 et
1857 4581 2088 4624 mortem
2121 4573 2218 4626 tibi
2246 4590 2381 4643 pr:c-
2412 4545 2456 4598 θ

815 4655 1079 4708 nuntiari.
1141 4657 1197 4709 Si
1227 4657 1336 4722 jam
1371 4659 1652 4727 desperas,
1691 4663 1836 4726 subi,
1872 4677 1979 4715 nan
2013 4679 2256 4728 erucem,
2289 4668 2383 4719 δραι

814 4747 1072 4797 mercium
1103 4747 1447 4812 fasciculum,
1471 4753 1784 4820 deprimens
1813 4757 2198 4824 negotiationis
2223 4775 2387 4824 onus,

818 4847 877 4888 υι
916 4837 983 4890 de
1037 4839 1368 4908 loquacitate
1408 4843 1709 4897 irridearis.
1762 4844 1968 4900 Praeter
2024 4863 2386 4906 mercaturam

813 4929 958 4981 enim
1002 4932 1166 4983 etiam
1217 4932 1600 5001 loquacitatem
1641 4951 1902 5001 exerces,
1948 4940 2036 4992 cui
2065 4980 2080 5004 ,
2126 4952 2185 4995 ut
2227 4958 2390 5012 supra

815 5034 1101 5077 ostensum
1151 5036 1269 5090 est,
1300 5029 1739 5084 renuntiaveras.
1785 5030 1904 5088 Non
1957 5049 2176 5090 crucem
2230 5039 2396 5107 igitur

816 5117 970 5182 tolle,
1002 5126 1061 5171 ut
1092 5119 1330 5172 diximus
1359 5136 1373 5184 ;
1399 5135 1505 5173 non
1529 5122 1639 5190 jam
1669 5139 1903 5189 morere,
1935 5129 2194 5181 mundum
2225 5131 2394 5186 relin-

815 5226 994 5280 quens
1021 5212 1086 5265 ad
1143 5215 1457 5266 merendam
1501 5214 1666 5268 vitam
1714 5226 2010 5285 aeternam;
2075 5235 2209 5275 sane
2266 5238 2398 5278 vero

818 5304 965 5367 vive,
1017 5312 1072 5356 et
1134 5305 1322 5358 laudes
1373 5314 1427 5358 et
1471 5307 1810 5362 saltationem
1868 5319 1922 5364 et
1973 5311 2198 5366 delicias
2240 5329 2398 5366 exer-

819 5404 938 5447 ccto
961 5410 976 5456 ;
1009 5393 1168 5447 fortis
1192 5405 1308 5448 esto
1330 5405 1521 5448 contra
1552 5400 1760 5462 omnia,
1787 5415 1884 5468 pro
1909 5409 1959 5454 te
1988 5403 2053 5453 da
2081 5404 2220 5457 hanc
2243 5421 2386 5460 cont-

819 5487 1172 5538 mutationem
1205 5485 1400 5550 morti;
1439 5487 1644 5557 sicque,
1673 5490 1718 5542 si
1754 5493 2007 5560 possibile
2049 5503 2169 5562 cst,
2204 5497 2386 5552 omnia

815 5586 967 5630 sorte
1013 5576 1164 5631 solus
1206 5577 1409 5630 obtine.

889 5805 1074 5862 ’l‘sal.
1117 5823 1303 5874 xxxvi,
1361 5808 1440 5861 ιο.

2493 3327 2751 3396 θάνομεν,
2811 3331 2972 3399 είπερ
3008 3333 3286 3398 ἐθέλουσι,
3337 3337 3437 3406 τὴν
3483 3340 3770 3409 ψαλρικην
3808 3343 4072 3413 βραχεῖαν

2490 3421 2789 3474 ἐλάττωσιν
2816 3423 3188 3491 παραύξοντες
3219 3429 3374 3480 αὐτοὶ
3403 3433 3496 3482 καὶ
3523 3432 3665 3500 ὑπὲρ
3690 3435 3789 3500 τὴν
3823 3437 4068 3505 ἰσότητι.

2491 3511 2708 3580 Κάτεχε
2737 3509 2853 3576 οὖν,
2884 3509 2928 3568 ὧ
2963 3515 3084 3568 άὸιε
3130 3518 3224 3570 καὶ
3272 3523 3337 3589 τῇ
3383 3523 3642 3589 προθέσει
3681 3527 3807 3590 ἅγιε
3843 3530 4071 3596 μοναχὲ,

2493 3607 2586 3653 και
2619 3603 2796 3655 τοῦτο’
2827 3607 2920 3657 καὶ
2969 3608 3021 3660 εἴ
3071 3625 3153 3660 σοι
3185 3611 3493 3683 τηλικούτῳ
3518 3615 3633 3666 ὄντι
3672 3619 3887 3686 πρέπον
3933 3623 4071 3684 ἐστὶ,

2492 3695 2912 3758 κατασπασθεὶς
2944 3697 3044 3766 τῆς
3092 3691 3288 3764 ἁῦλίας
3323 3705 3403 3765 εἰς
3449 3706 3673 3771 ἀγεννές
3713 3724 3767 3759 τι
3805 3711 4072 3778 μέταλλον

2494 3783 2619 3851 γῆς,
2677 3790 2772 3838 καὶ
2820 3789 2956 3858 μηδὲ
3000 3790 3381 3861 λογισάμενος,
3421 3795 3497 3858 ὡς
3547 3799 3578 3866 ἡ
3616 3798 3828 3852 παλαιά
3865 3805 4072 3874 ἱστορία

2493 3878 2604 3938 τοῖς
2645 3877 2847 3938 ’Δί’ίοις
2876 3882 3077 3932 αὐτίκα
3111 3884 3203 3934 καὶ
3229 3892 3289 3936 τὸ
3316 3885 3664 3941 δικαιότατον
3691 3893 3963 3960 συνέθηκε
3990 3896 4071 3948 διὰ

2492 3969 2553 4020 τὸ
2581 3969 2702 4020 κατ’
2737 3971 2934 4034 αὐτοὺς
2985 3973 3296 4041 όλιγόῦλον,
3342 3979 3434 4029 ἔσο
3476 3985 3750 4050 μαγνῆτις
3783 3984 3929 4052 βίου,
3967 3989 4071 4038 inp

2495 4060 2754 4128 σπωμένη
2788 4063 3006 4130 σιδήρια
3038 4067 3311 4136 μοχθηράο
3337 4071 3368 4139 ἦ
3395 4073 3488 4123 καὶ
3521 4073 3594 4134 ὡς
3620 4074 3889 4144 ἧλεκτρις
3917 4078 4069 4147 €921-

2494 4149 2722 4216 zéysvo;
2752 4153 2953 4222 ἄχυρα,
3007 4151 3086 4219 οἷς
3145 4159 3322 4227 ὀρθῶς
3377 4161 3662 4226 εἰκάζεται
3710 4169 3779 4219 τά
3821 4167 4069 4236 βιωτικά,

2493 4240 2664 4308 πυρὸς
2689 4242 2955 4294 ἀσϐέστου
2985 4245 3241 4314 δεόμενα,
3276 4250 3618 4322 Ἐδιδάχθης,
3641 4247 3687 4306 ὦ
3719 4257 3954 4326 μοναχέ,
3979 4263 4068 4321 τάς

2493 4327 2668 4394 ἀρχὰς
2712 4332 2806 4382 καὶ
2860 4331 3130 4400 ἀγγέλους
3173 4340 3540 4406 παρεστάναι,
3573 4342 4068 4412 ἀπογρατομένους

2491 4423 2589 4478 τὰς
2614 4421 2902 4487 όμο“·ογία;
2937 4441 3054 4476 σου.
3098 4428 3369 4480 Διάὸαλλε
3396 4432 3575 4483 τοίνυν
3607 4435 3830 4499 αὐτοὺς,
3867 4441 3916 4488 εἰ
3950 4437 4069 4504 βοῦν

2493 4506 2592 4570 λει,
2627 4512 3004 4578 ἀφαρπάζων,
3040 4517 3132 4568 καὶ
3173 4517 3234 4569 τὸ
3276 4523 3570 4589 σύμφωνον
3614 4524 3927 4595 ἔγγραψον.

2541 4598 2675 4679 ¹μγ⁰⁸
2729 4600 2974 4669 Ἔμαθες
3024 4609 3120 4658 καὶ
3163 4609 3246 4660 ὅτι
3291 4613 3527 4680 σταυρὸν
3572 4615 3915 4684 ἐπηγγείλου
3980 4621 4068 4674 καὶ

2494 4692 2750 4748 θάνατον.
2806 4698 2868 4748 Ei
2920 4699 3054 4766 γοῦν
3107 4703 3539 4771 ἀποδυσπετείς,
3591 4709 3836 4778 βάσταζε
3877 4719 4069 4784 μηκέτι

2495 4786 2751 4854 σταυρὸν,
2789 4789 2926 4841 ἀλλὰ
2956 4791 3164 4860 ῥῶπον,
3212 4797 3313 4850 εἴτ’
3348 4795 3444 4852 οὖν
3476 4801 3677 4870 φόρτον
3709 4820 4068 4874 πραγματευ-

2494 4875 2643 4926 τικὸν
2671 4877 2821 4929 κάτω
2872 4878 3201 4951 βαρύνοντα,
3254 4887 3339 4939 ἵνα
3383 4893 3477 4942 καὶ
3511 4895 3594 4955 είς
3627 4897 4068 4969 ρωποπερπερήο

2498 4963 2635 5061 θραν
2654 4969 2966 5061 -σκωφθῇφ
3012 4973 3156 5043 Πρὸς
3183 4978 3290 5048 γὰρ
3327 4980 3404 5049 τῷ
3448 4981 3618 5054 ρώπῳ
3647 4988 3745 5038 καὶ
3775 4988 3840 5041 sb

2496 5053 2887 5151 pauéﬁaoxsic,
2938 5063 2986 5112 εί
3021 5065 3114 5114 καὶ
3144 5067 3275 5120 αὐτὸ
3305 5053 3637 5142 άπηρνήσω,
3676 5078 3827 5130 καθά
3872 5053 4068 5151 προῖὼν

2493 5144 2522 5194 ό
2558 5144 2714 5212 λόγος
2765 5150 3054 5220 ἀποφανεῖ.
3097 5156 3257 5227 Μήτε
3309 5163 3494 5215 τοίνυν
3523 5168 3789 5236 σταυρὸν,
3835 5144 4066 5240 ὡς’ῐςαο

2498 5251 2618 5328 μεν,
2667 5237 2716 5287 εί
2763 5238 2984 5308 βούλει,
3023 5245 3290 5314 βάσταζε,
3336 5254 3431 5304 καὶ
3483 5255 3622 5324 μηδὲ
3659 5259 3908 5328 θνῆσκε,
3962 5237 4064 5322 τοῖς

2672 5331 3042 5420 νεκρούμενος
3100 5338 3182 5404 είς
3229 5342 3589 5414 ἀντάλλαγμα
3623 5325 3769 5420 (0,71;-
3823 5355 4059 5405 ,ξωνξογ

2493 5415 2630 5516 ἀλλά
2664 5416 2810 5516 ζῆθι,
2843 5429 2935 5478 καὶ
2963 5428 3226 5498 ἀγάλλου,
3257 5437 3352 5488 καὶ
3386 5437 3574 5502 ἄλλου,
3611 5443 3707 5495 καὶ
3722 5415 3944 5516 ⁷τρύςρα,
3977 5453 4060 5502 καὶ

2496 5510 2637 5607 κατά
2662 5511 2880 5568 πάντων
2905 5519 3184 5589 ἀνδρίζου,
3209 5528 3303 5580 καὶ
3333 5530 3476 5582 δίδου
3508 5533 3808 5607 ἀντίψυχον
3826 5541 4054 5594 τοιοῦτον

2497 5597 2659 5696 χάριν
2696 5618 2790 5696 σου
2831 5605 2911 5676 τῷ
2953 5607 3204 5682 θανάτῳ’
3239 5619 3333 5670 καὶ
3375 5618 3572 5689 οὕτως,
3632 5597 3794 5681 έετὲὲο
3842 5623 3952 5682 οἷόν
3979 5647 4052 5696 τε,

2500 5687 2660 5756 μόνος
2689 5692 3016 5767 κληρονόμει
3050 5702 3112 5754 τὸ
3154 5707 3283 5762 πᾶν.
