4210 6438
186 347 277 403 iiii
1135 346 1235 405 DE
1272 347 1739 407 EMENDANDA
1782 346 1956 406 VITA
1998 349 2465 413 MONACIIICA.

3323 357 3425 420 Τῖί

181 451 426 518 ἀγάπης,
468 451 530 504 τὸ
563 451 641 513 δὲ,
696 453 778 506 ὅτι
812 453 903 504 τὸν
931 453 1108 520 μέγαν
1142 456 1234 507 καὶ
1268 457 1487 527 πρῶτον
1540 458 1754 526 Ιῐατέρα

1862 470 1979 507 nem
2018 454 2070 506 in
2122 456 2231 509 Deo
2265 472 2554 524 amorem;
2605 463 2928 526 secundum,
2987 466 3110 532 quia
3175 481 3427 536 magnum

181 542 509 609 κοινοὺμῖῦα
531 559 545 573 ·
581 544 642 596 τὸ
679 547 734 596 δὲ
759 547 962 615 τρίτον,
980 548 1060 599 ὃτι
1084 547 1343 614 ἀλλήλους
1371 549 1756 616 ἀναγεννῶμεν

184 633 250 684 τὰ
278 633 422 691 θεῖα,
452 638 499 685 εἰ
525 636 618 686 τὸν
649 637 745 689 τῖῦ
768 637 907 689 Θεοῦ
945 639 1110 706 φόϐον
1143 639 1613 709 συλλαμϐάνοντες
1637 640 1756 692 ὡδί-

182 739 381 790 νομεν,
411 725 504 776 καὶ
543 727 801 795 τίκτομεν
831 729 1105 799 σωτηρίας
1133 732 1371 800 πνεῦμα,
1407 732 1634 793 ἕκαστος
1665 733 1756 786 τὸν

186 813 420 877 πλησίον
449 814 856 881 ἐπωφελοῦντες
884 834 898 847 ·
927 820 1014 870 ὅτε
1046 821 1138 870 καὶ
1169 822 1195 871 ὁ
1221 819 1320 887 μὲν
1352 820 1574 886 ὠφελῶν
1604 823 1756 889 φίλος

185 905 372 971 πατὴρ
414 905 478 957 ἂν
502 906 772 972 λογίζοιτο
800 909 887 962 διὰ
921 911 982 962 τὸ
1006 913 1129 963 κατ’
1157 913 1355 980 ἀρετὴν
1387 914 1697 982 πρεσϐεῖον,
1728 916 1755 966 δ

188 995 245 1047 δὲ
284 997 671 1066 ἀφελούμενος
706 1001 786 1062 είς
810 1002 1002 1052 τέκνον
1031 1004 1298 1055 τάττοιτο.

258 1173 359 1240 νγ’.
393 1175 581 1242 Ἔχεις
610 1179 716 1229 ἰδοῦ
747 1180 838 1229 xz‘t
873 1179 1155 1247 δευτέραν,
1188 1174 1232 1230 ὦ
1271 1180 1493 1247 ἁδελφέ,
1522 1181 1619 1250 τῆς
1655 1199 1754 1249 με·

185 1271 346 1332 ρελιῆς
383 1269 567 1334 φιλίας
621 1270 920 1334 ἀνάπτυξιν
947 1289 964 1305 ο
1000 1277 1093 1324 καὶ
1132 1272 1339 1338 γένοιτό
1388 1289 1470 1324 σοι
1516 1275 1575 1325 ἐκ
1619 1273 1754 1325 Θεοῦ

180 1360 486 1420 ἐπίπνοια,
546 1365 1030 1428 καταπραττεσοαι
1092 1364 1152 1414 τὸ
1212 1364 1388 1421 οὕτως
1446 1364 1756 1434 ὁλοκλήρως

182 1449 426 1514 φιλικόν.
483 1449 724 1517 ῐίῦλομαι
755 1452 812 1503 δὲ
845 1451 1003 1504 τοῦτο
1049 1455 1145 1504 οὐκ
1175 1456 1253 1511 εἰς
1290 1453 1489 1522 μάτην,
1523 1455 1641 1507 ἀλλ’
1671 1455 1755 1506 ὅτι

182 1538 372 1606 βλέπω
393 1541 494 1603 τὰς
523 1543 577 1593 ἐν
609 1545 720 1603 τοῖς
751 1543 892 1595 κατὰ
927 1547 982 1596 σὲ
1021 1546 1391 1614 ἀδελορὸτητας
1423 1547 1756 1615 ψιλουμένας

181 1631 329 1682 κατά
371 1633 564 1700 μέροςο
597 1634 690 1686 καὶ
716 1635 848 1686 αὐτὸ
879 1637 999 1706 οὐχὶ
1033 1637 1353 1706 ἁδρομερὲς,
1388 1637 1522 1690 ἀλλὰ
1558 1636 1754 1708 μικροῦ

179 1723 415 1789 ἀμερές.
478 1725 550 1775 Τὸ
589 1725 645 1775 δὲ
690 1727 886 1789 αἴτιον,
942 1730 1022 1779 ὅτι
1058 1728 1340 1794 δυσμελῶς
1395 1729 1644 1797 ἁρμόττῃ
1696 1730 1755 1779 τὸ

1858 555 1909 597 et
1945 547 2175 615 primum
2217 559 2425 616 patrem
2475 549 2743 604 habemus
2800 570 3186 621 communem;
3234 567 3284 610 et
3322 564 3432 610 ter-

1860 632 2013 697 tium,
2046 635 2174 702 quia
2213 635 2303 688 alii
2335 637 2471 691 alios
2516 639 2569 692 in
2627 638 2826 694 divinis
2881 644 3039 698 rebus
3084 658 3429 712 generamus,

1857 726 1904 778 si
1939 725 2186 779 timorem
2220 723 2312 778 Dei
2357 729 2748 798 concipientes,
2779 731 3186 801 ingemiscintus
3215 741 3269 787 et
3303 749 3430 801 par-

1860 819 2088 870 tui-imus
2119 818 2368 887 spiritum
2409 819 2623 883 salutis,
2656 821 2887 891 quisque
2932 824 3236 890 proximum
3270 824 3430 892 adju-

1858 914 2053 960 vantes
2080 929 2090 958 :
2122 909 2344 976 quando
2375 909 2468 978 qui
2510 908 2731 980 adiuvat
2792 929 2858 967 ex
2904 914 3064 969 senili
3101 915 3298 970 virtute
3333 930 3430 984 pa-

1859 1004 1942 1048 ter
1990 997 2241 1052 amabilis
2294 999 2403 1053 dici
2467 1008 2642 1070 potest
2673 1042 2688 1066 ,
2736 1013 2789 1056 et
2839 1005 2931 1074 qui
2993 1007 3283 1075 adjuvatur
3329 1021 3431 1074 pro

1862 1086 1971 1140 lilio
2001 1089 2260 1155 reputari.

1932 1177 2020 1230 53.
2057 1177 2194 1232 Ecce
2225 1194 2421 1232 novam
2451 1182 2640 1246 babes,
2670 1181 2740 1236 mi
2777 1168 2968 1249 frater),
3010 1186 3258 1254 partialis
3297 1188 3433 1241 ami-

1859 1270 2000 1322 citiae
2033 1269 2429 1337 definitionem,
2467 1281 2521 1327 et
2561 1276 2769 1328 utinam
2807 1285 2859 1330 te
2909 1277 3046 1332 Deus
3100 1280 3328 1348 inspiret
3362 1280 3431 1334 ad

1861 1361 2182 1414 servandam
2218 1361 2369 1414 illam
2394 1364 2754 1418 universalem
2786 1367 3104 1424 amicitiam.
3134 1369 3288 1434 Quod
3325 1387 3431 1426 non

1859 1461 1987 1519 Opto
2018 1454 2070 1504 in
2105 1467 2345 1518 vanum;
2405 1454 2604 1508 etenim
2668 1455 2822 1509 video
2881 1458 3076 1513 fratres
3131 1468 3255 1515 tuos
3301 1476 3432 1528 par.

1862 1544 1978 1608 tim,
2014 1559 2121 1596 non
2166 1559 2357 1612 magna
2387 1560 2453 1598 ex
2484 1554 2654 1612 parte,
2706 1546 2800 1600 sed
2852 1547 2992 1602 forte
3035 1551 3204 1613 nulla,
3234 1552 3431 1605 amari.

1858 1635 2035 1689 Causa
2071 1643 2154 1688 est
2187 1635 2506 1702 discrepans
2553 1638 2848 1690 concordia
2896 1639 3059 1693 triutn
3115 1641 3432 1695 facultatum

1859 1727 2076 1790 animat,
2103 1735 2207 1780 tua:
2241 1726 2485 1794 quidem,
2526 1736 2578 1780 et
2629 1727 2855 1802 fratrum
2898 1739 3114 1784 tuorum
3144 1733 3431 1815 :n'eoira-

181 1813 481 1879 σύμφωνον
519 1815 614 1866 τοῦ
650 1817 933 1884 τριαδικοῦ
963 1818 1062 1885 τῆς
1095 1817 1295 1887 ψυχῆς,
1329 1818 1423 1870 τοῦ
1462 1836 1522 1870 τε
1560 1821 1615 1870 ἐν
1650 1820 1752 1883 σοὶ,

1859 1818 2051 1872 scibile
2083 1817 2288 1878 frenas,
2321 1823 2381 1869 ut
2415 1831 2580 1883 supra
2633 1817 2906 1884 diximus,
2939 1837 3038 1876 nec
3088 1813 3436 1898 concupisci-

176 1907 276 1955 καὶ
320 1904 416 1955 τοῦ
444 1908 582 1958 κατὰ
613 1907 712 1974 τὴν
741 1907 1098 1976 ἀδελςςὸτητα·
1129 1910 1218 1960 καὶ
1248 1908 1369 1960 οὔτε
1393 1909 1517 1970 τοὺς
1547 1909 1752 1978 Θυμοὺς

180 2001 428 2063 μετρείς,
453 1998 527 2057 ὡς
553 1999 814 2067 ἀνωτέρω
845 1999 1127 2065 ἐλέγομεν,
1173 2001 1294 2050 οῦτε
1319 2001 1416 2062 τὰς
1450 2001 1753 2067 ἐπιθυμίας

177 2090 567 2155 συμειεάζεις,
624 2092 698 2151 ὡς
747 2092 774 2143 ὁ
821 2091 1002 2144 κανὼν
1042 2092 1313 2154 βούλεταν
1357 2093 1448 2143 καὶ
1479 2093 1536 2142 τὸ
1577 2090 1754 2142 κοινὸν

173 2185 230 2236 δὲ
259 2185 482 2249 λογικδν
507 2185 564 2234 ἐν
592 2185 728 2252 ἡμῖν
761 2184 1114 2250 τετάρακται³
1149 2186 1240 2236 καὶ
1275 2184 1334 2236 οὖ
1369 2183 1642 2251 κατέχεις,
1673 2183 1754 2234 ὅτι

174 2276 278 2327 οὐκ
318 2277 469 2327 ἔστιν
506 2275 630 2328 οὔτε
663 2275 984 2342 ἀδελφότης,
1017 2275 1138 2327 οὔτε
1183 2277 1356 2339 φιλία,
1397 2275 1524 2328 οῦτε
1577 2290 1753 2326 κοινο-

174 2369 429 2436 ίιαρχία,
460 2366 583 2418 οὔτε
611 2365 745 2435 ἄλλη
781 2383 864 2428 τις
892 2367 1148 2419 κοινωνία
1174 2367 1290 2438 (καὶ
1320 2369 1381 2418 οῦ
1407 2367 1553 2432 λέγω
1589 2366 1754 2434 μόνον

172 2461 280 2525 τὴν
313 2459 710 2527 πνευματικὴν,
743 2460 878 2511 ἀλλά
927 2463 1019 2512 x1".
1079 2464 1258 2514 πᾶσαν
1321 2460 1595 2528 ἐτεροίαν)
1623 2461 1679 2510 ὲν

174 2553 280 2603 οἰκ
308 2553 456 2602 ἔστιν
496 2551 678 2618 ἰσότης
711 2551 952 2616 ἕλλογος,
987 2553 1083 2603 καὶ
1122 2555 1154 2619 ἡ
1185 2550 1436 2603 ἐντεῦθεν
1474 2552 1749 2619 ἰσηγορία.

172 2644 251 2694 Τὸ
288 2644 400 2710 γὰρ
431 2643 688 2710 ἀνόμοιον
717 2642 810 2693 καὶ
855 2643 1039 2695 ἄνισον
1087 2643 1413 2711 συγχυτικὺν
1449 2641 1752 2710 πανταχοῦ,

170 2738 264 2787 ὅτε
304 2738 380 2802 μὴ
419 2734 558 2785 κατά
598 2734 758 2801 λόγον
795 2733 1160 2796 ἀποτελεῖται,
1198 2733 1256 2784 ὂν
1283 2733 1505 2785 δύναται
1546 2734 1646 2801 μέν
1673 2749 1753 2793 τις

172 2827 274 2878 καὶ
315 2827 693 2894 γεωμετρικὸν
719 2826 916 2887 εἰπεῖν,
955 2825 1009 2886 ὃς
1044 2825 1102 2875 ὲν
1136 2825 1412 2890 ἀνομοίοις
1460 2823 1756 2891 ὁμοιότητα

173 2917 468 2983 ςίυλὰττεγ
511 2915 745 2984 μάλιστα
778 2915 834 2966 δὲ
869 2914 1049 2975 καλῶς
1082 2915 1149 2965 ἂν
1179 2914 1324 2966 είποι
1360 2916 1753 2982 πνευματικὸν,

170 3007 258 3057 ὅτι
296 3007 392 3056 καὶ
419 3003 802 3066 ἀποστολικὸν,
831 2995 891 3054 οῦ
919 3003 1126 3070 Θεωρία
1157 3003 1252 3056 καὶ
1281 3003 1365 3054 τόο
1406 3003 1526 3070 (Μὴ
1557 3003 1755 3063 πάντες

1717 3089 1743 3109 τ

171 3096 492 3156 ἀπόστολοι,
529 3114 548 3145 ι
599 3096 787 3148 καὶτὰ
827 3094 980 3160 ἑξῆς·
1011 3095 1150 3160 ὅπερ
1196 3095 1289 3144 καὶ
1321 3094 1384 3144 σὺ
1414 3090 1472 3146 εὖ
1501 3094 1675 3156 εἰδὼς.
1711 3090 1755 3147 ὦ

175 3189 622 3263 μεγαλομὸναχε,
655 3190 801 3256 ὅμως
835 3189 894 3240 οῦ
928 3187 1100 3250 Θέλεις
1127 3187 1474 3255 ὲξακριόοῦν·
1500 3187 1597 3248 ὡς,
1631 3189 1746 3255 εἴγε

1855 1909 1963 1962 bile
2002 1908 2305 1976 componis,
2337 1915 2394 1962 ut
2438 1909 2676 1976 postulat
2705 1911 2889 1978 regula
2920 1928 2936 1976 ;
2965 1928 3089 1966 nam
3123 1904 3436 1981 communis

1858 2002 2000 2054 ratio
2039 2000 2092 2053 in
2167 2001 2326 2054 nobis
2383 2003 2710 2056 conturbata
2746 2014 2895 2069 .est;
2960 2020 3060 2058 nec
3126 2005 3436 2060 recordaris

1857 2094 2053 2146 abesse
2089 2091 2504 2157 fraternitatem,
2538 2101 2592 2146 et
2639 2095 2961 2160 amicitiam,
3015 2103 3067 2149 et
3085 2074 3250 2149 vitam
3288 2111 3437 2152 com-

1856 2200 2098 2246 munem,
2131 2191 2184 2236 et
2233 2198 2619 2254 quamcunque
2683 2183 3154 2251 communitatem,
3179 2188 3309 2257 (non
3344 2205 3438 2242 so.

1854 2274 1962 2330 lam
2017 2275 2143 2328 dico
2185 2275 2552 2342 spiritualcm,
2600 2277 2693 2329 sed
2760 2278 3061 2346 quamlibet
3113 2277 3320 2347 aliam),
3343 2278 3435 2332 ubi

1855 2365 2008 2420 deest
2023 2365 2371 2418 rationabilis
2399 2366 2968 2435 aequalitas;itemque
2989 2368 3246 2438 loquendi
3272 2369 3439 2424 liber-

1857 2465 1961 2509 tas.
2003 2453 2134 2519 Quae
2163 2455 2308 2508 enim
2339 2456 2552 2511 diversa
2611 2468 2666 2510 et
2697 2441 2986 2527 inaequalia
3039 2467 3188 2524 sunt,
3222 2475 3440 2529 semper

1857 2549 2264 2610 disturbantur,
2300 2547 2406 2602 nisi
2458 2547 2782 2602 ordinentur
2827 2551 3039 2605 ratione
3091 2567 3253 2620 quam
3311 2567 3439 2621 geo-

1859 2639 2141 2693 metricam
2199 2640 2399 2708 aliquis
2461 2643 2638 2708 potest
2690 2642 2871 2694 dicere
2923 2643 3342 2696 similitudinem
3379 2644 3432 2695 in

1858 2730 2227 2788 dissimilibus
2287 2741 2584 2798 servatam,
2620 2745 2673 2788 et
2729 2735 2970 2789 maxime
3013 2736 3351 2804 spiritualem
3384 2744 3439 2789 ct

1858 2824 2237 2890 apostolicam,
2300 2826 2460 2892 cujus
2515 2826 2630 2879 haec
2668 2837 2752 2881 est
2792 2827 3041 2883 tlteoria:
3083 2847 3101 2878 ι
3142 2828 3261 2882 Non
3323 2843 3441 2882 om-

1859 2929 1958 2968 nes
2002 2916 2258 2982 apostoli,
2293 2933 2312 2967 ι
2349 2925 2401 2970 et
2433 2917 2639 2986 reliqua
2669 2919 2706 2950 ¹¹
2737 2936 2751 2984 ;
2791 2919 2935 2987 quod
2995 2918 3201 2988 optime
3263 2919 3432 2980 nosti,

1860 3017 1894 3057 ο
1949 3020 2144 3070 magne
2217 3009 2508 3072 monaclte,
2561 2994 2843 3076 perficere.
2881 3018 3065 3064 autem
3136 3024 3244 3062 non
3312 3009 3434 3062 vis:

1859 3110 2011 3159 nam,
2041 3105 2092 3151 te
2142 3098 2386 3162 volente,
2435 3113 2665 3155 necesse
2709 3107 2831 3154 erat
2887 3099 3185 3168 quemlibet
3215 3098 3437 3153 obvium

1857 3188 2104 3251 fratrem,
2138 3198 2199 3242 ut
2249 3189 2426 3256 decet,
2455 3213 2480 3246 a
2529 3200 2582 3246 te
2632 3193 2821 3256 statui,
2861 3191 2951 3246 ubi
2988 3191 3295 3260 oportebat.

171 3290 314 3341 αὐτὸ
389 3287 616 3357 ἤθελες,
684 3284 853 3354 ἐχρῆν
924 3301 981 3336 σε
1062 3284 1508 3352 προσφερόμενον
1562 3283 1790 3347 ἅπασιν,
1863 3285 1938 3346 ὼς
1997 3284 2260 3353 ἔπρεπεν,
2296 3285 2674 3354 ἀποκαθιστᾷν
2719 3284 2954 3338 ’ἑκαστον
3006 3282 3260 3352 ἀδελφὸν,
3307 3282 3438 3338 ἔνθα

169 3383 310 3434 Est.

245 3471 342 3524 νδ¹.
390 3471 617 3532 Πάντως
641 3471 696 3522 δὲ
731 3471 812 3523 δεῖ
839 3471 930 3521 τον
964 3469 1063 3538 μὲν
1094 3470 1230 3536 μετά
1271 3469 1470 3537 ἀρετῆς
1509 3483 1750 3534 πρακτι-

169 3563 272 3614 κὸν
305 3561 722 3626 ἑγκαθιστᾶνειν
768 3563 880 3620 τοῖς
933 3560 1392 3628 μοναστηριακοῖς
1435 3557 1752 3624 πράγμασι,

167 3655 266 3705 τὸν
296 3653 354 3704 δὲ
387 3652 646 3704 δοκοῦντα
688 3652 782 3716 μὲν
816 3649 1033 3716 εὐφυῶς
1069 3650 1214 3717 ἔχειν
1251 3649 1580 3716 ἐπιπρέπῖιν
1610 3647 1756 3714 ἔργῳ

167 3744 432 3812 τοιούτῳ,
469 3743 636 3811 μήπω
658 3741 714 3793 δὲ
755 3741 1208 3808 πληροφοροίντα
1243 3741 1342 3806 τὴν
1374 3740 1630 3806 τοιαύεην
1669 3737 1758 3789 δό-

169 3851 370 3901 κησιν,
401 3832 755 3900 παραδιδόναι
791 3831 866 3896 τῷ
900 3830 1021 3882 κατ’
1047 3829 1250 3898 ἀρετὴν
1295 3827 1670 3896 πραγματικῷ
1699 3830 1755 3878 ὲν

168 3927 289 3985 τοῖς
331 3924 452 3986 ἔξω·
509 3923 593 3974 ἵνα
647 3921 1074 3987 συνεζευγμένος
1107 3921 1324 3986 ἐκείνῳ,
1371 3914 1461 3970 οἷα
1495 3919 1589 3969 καὶ
1629 3917 1755 3985 βοῦς

171 4017 482 4083 ἀπείρατος
534 4013 846 4082 ὲργατείας,
899 4013 1144 4082 μανθάνῃ
1200 4013 1609 4079 συγγεωργετνο
1659 4011 1755 4062 καὶ

174 4105 376 4176 μαοὼν
416 4105 513 4172 μὲν
543 4103 886 4172 ἁποταχθεεη
913 4104 1004 4154 καί
1034 4102 1197 4163 αὐτὸς
1228 4105 1284 4162 ἐς
1310 4101 1436 4169 βοῦν
1463 4103 1757 4170 ἐργατικὴν

174 4199 520 4252 διδάσκαλον·
557 4196 790 4266 σκληρὸς
836 4197 891 4246 δὲ
924 4184 1196 4256 ἀπεκσᾶις,
1248 4194 1324 4256 ὡς
1377 4196 1471 4247 καὶ
1527 4194 1757 4262 ἄροτρον

172 4289 516 4358 συντρίϐειν,
544 4289 637 4339 καὶ
659 4286 875 4354 ἄμαξαν
905 4287 1204 4356 κατακλᾷν,
1225 4288 1320 4338 καὶ
1343 4285 1515 4347 οὕτως
1541 4288 1755 4354 ἀχρεῖος

170 4379 344 4440 εἶναι,
377 4379 700 4447 ἐπιταχθείη
735 4379 865 4431 ἄλλο
922 4395 975 4430 τι
1036 4378 1197 4444 ἔργον
1239 4379 1435 4438 ποιεῖν,
1471 4376 1537 4428 δι’
1582 4371 1643 4429 οῦ
1680 4376 1754 4445 μὴ

171 4475 292 4540 ἔχει
327 4470 590 4538 βλάπτειν
620 4471 677 4522 τι)
720 4471 1105 4540 μοναστήριον·
1146 4470 1207 4521 οῦ
1243 4469 1350 4538 μὴν
1393 4468 1534 4523 οὕτω
1586 4470 1756 4537 σκλη-

177 4562 528 4632 ροτράχηλον
551 4559 913 4628 ἐληλεγμένον
949 4558 1302 4627 ὑπερτιθὲναι
1343 4557 1437 4610 καὶ
1478 4559 1755 4626 προτιμᾶ-

175 4654 308 4705 σθαι
334 4650 428 4702 τοῦ
459 4650 763 4718 ταλαεργοῦ
801 4651 896 4702 xal.
924 4649 1202 4718 σώφρονος
1258 4650 1470 4701 ἐκείνου
1504 4649 1646 4717 βολς,
1680 4650 1754 4710 ὡς

1928 3463 2017 3519 54.
2053 3463 2282 3530 Oportet
2339 3464 2499 3532 plane
2532 3465 2796 3532 optimum
2847 3464 3158 3534 operarium
3197 3465 3441 3534 negotiis

1860 3557 2177 3608 monasterii
2231 3570 2291 3608 se
2324 3556 2621 3623 applicare,
2671 3556 3061 3624 hominemque
3117 3560 3209 3626 qui
3277 3567 3441 3611 natus

1857 3649 2073 3700 videtur
2101 3648 2166 3699 ad
2209 3650 2325 3700 haec
2357 3662 2523 3714 onera
2573 3663 2833 3717 prospere
2898 3650 3125 3718 agenda,
3179 3649 3255 3701 illi
3288 3650 3441 3718 operi

1860 3755 1918 3791 se
1949 3739 2236 3802 addicere;
2262 3752 2498 3807 eumque
2527 3739 2618 3805 qui
2653 3739 2794 3791 lianc
2811 3753 2962 3804 spem
2994 3752 3101 3791 non
3133 3737 3308 3803 aﬂert,
3342 3754 3442 3806 op-

1861 3833 1995 3884 timo
2053 3832 2307 3898 operario
2347 3833 2401 3884 in
2445 3831 2607 3884 rebus
2660 3829 3026 3884 exterioribus
3059 3831 3312 3895 tradere;
3350 3828 3439 3883 cui

1857 3923 2168 3989 colligatus,
2191 3931 2250 3974 ut
2297 3921 2396 3974 bos
2429 3921 2619 3974 arandi
2669 3920 2913 3984 nescius,
2972 3921 3147 3974 discat
3178 3935 3284 3974 una
3320 3934 3442 3974 ara-

1857 4028 1937 4067 re.
1991 4013 2058 4067 Ει
2129 4027 2254 4066 cum
2315 4011 2590 4074 didicerit,
2649 4011 2767 4080 ipse
2819 4019 2878 4065 ut
2934 4012 3030 4065 bos
3095 4013 3440 4080 Operarido-

1857 4118 1989 4158 cens
2059 4113 2374 4167 statuetur;
2416 4117 2447 4157 e
2510 4110 2698 4156 contra
2769 4117 2890 4156 cum
2943 4103 3193 4156 indoctus
3257 4116 3440 4156 evase-

1857 4197 1949 4262 rit,
1984 4196 2054 4249 ita
2096 4203 2155 4248 ut
2213 4205 2451 4248 aratrum
2515 4193 2867 4263 confringat,
2920 4194 3222 4261 plaustrum
3283 4208 3441 4246 rum-

1858 4295 1970 4355 pat,
2001 4295 2051 4340 et
2102 4286 2175 4339 sit
2221 4286 2450 4347 inutilis,
2499 4286 2567 4338 ad
2628 4283 2849 4352 aliquod
2929 4284 3072 4337 aliud
3103 4299 3240 4352 opus
3291 4283 3440 4336 ordi-

1857 4377 2101 4441 nabitur,
2154 4390 2183 4429 a
2237 4390 2348 4444 quo
2409 4375 2794 4428 detrimentum
2859 4375 3254 4428 monasterium
3330 4389 3438 4426 non

1858 4467 2056 4535 capiat.
2117 4464 2301 4533 Neque
2358 4464 2657 4519 indomitus
2708 4465 2804 4518 bos
2865 4466 3282 4532 anteponendus
3333 4473 3436 4526 est,

1857 4561 1911 4606 et
1967 4552 2137 4620 magis
2177 4550 2555 4614 honorandus,
2601 4566 2760 4618 quam
2813 4551 2901 4604 ille
2954 4550 3164 4618 peritus
3213 4556 3266 4603 et
3351 4562 3440 4602 sa-

1861 4645 2032 4712 piens,
2075 4645 2149 4697 ila
2193 4652 2252 4696 ut
2326 4643 2686 4712 posteriorem
2757 4642 3233 4696 condemnandum
3302 4657 3441 4711 pone

172 4743 347 4796 αὖτδν
383 4741 483 4810 μὲν
519 4743 865 4811 παρατηρεῖν
913 4741 1398 4808 καταγνωστικῶς,
1434 4740 1511 4810 τῷ
1545 4742 1601 4793 δὲ
1650 4758 1752 4792 κα-

1861 4737 2138 4798 οὺςθτγθε,
2163 4735 2510 4802 prioremque
2539 4735 2782 4797 emittas,
2812 4750 2984 4800 neque
3016 4734 3116 4785 hoc
3139 4733 3322 4796 modo,
3343 4733 3439 4786 sed

171 4835 404 4902 κούργῳ
437 4833 632 4899 ἐκείνῳ
658 4834 869 4901 ἐφιέναι
909 4831 975 4884 τὰ
1007 4833 1308 4902 γεωργικά·
1341 4833 1441 4884 οὐκ
1481 4833 1613 4884 αὐτὸ
1650 4831 1752 4900 μόο

172 4944 292 4987 νον,
332 4925 468 4977 ἀλλὰ
503 4923 599 4976 καὶ
630 4925 892 4993 περιορᾷν
916 4925 1125 4976 ἐκεῖνον
1156 4924 1611 4991 κατασκιρτῶντα
1653 4922 1754 4988 τῆς

172 5016 389 5082 ἀέ-ωῆς,
426 5013 549 5067 οὔτε
585 5013 854 5078 ἀλοῶντα,
889 5013 965 5077 ὡς
1001 5013 1076 5083 μὴ
1129 5013 1297 5081 φιμοῦ
1336 5013 1574 5076 δέεσθαι,
1615 5014 1753 5066 ἀλλά

173 5112 300 5178 εξκῆ
345 5108 704 5161 κατεσθίοντα
749 5107 816 5160 τὰ
873 5106 1189 5175 δράγματα,
1240 5104 1362 5158 οὕτε
1411 5106 1752 5173 ἀπεχόμενον

173 5202 273 5255 τοῦ
310 5203 644 5271 σπαράττειν
671 5201 731 5254 τὸ
774 5202 1042 5270 τρόφιμον
1076 5203 1173 5254 σὺν
1201 5201 1279 5266 τῷ
1327 5201 1419 5252 καὶ
1449 5200 1751 5266 ἀμύνεσθαι

176 5294 435 5361 κέρασιν,
471 5292 630 5353 εἴτις
660 5291 1031 5362 προσπελάσει
1062 5291 1261 5344 ἐθέλων
1294 5287 1632 5344 ἀποκωλύειν
1655 5288 1750 5342 τοῦ

175 5381 658 5450 κτταὸιὸρώτκειν
687 5383 756 5435 τὰ
787 5386 886 5452 τῆς
919 5383 1108 5452 μονῆς.

246 5479 348 5528 γε’.
386 5473 498 5524 Καὶ
547 5474 715 5543 ἐχρῆν
753 5476 852 5544 μὲν
894 5475 1034 5529 οὕτω
1078 5474 1346 5541 γίνεσθαι,
1383 5475 1459 5537 ὡς
1514 5473 1744 5541 ἔφαμεν·

177 5566 237 5618 εὖ
263 5565 479 5632 γίνεται
511 5564 589 5622 δέ.
622 5564 722 5617 Διά
747 5565 838 5632 τίς
869 5566 993 5620 Ὀτι
1031 5567 1129 5635 τῆς
1171 5566 1379 5628 ἅλωνος
1427 5564 1745 5630 ἀπελαθεὶς,

259 5724 301 5754 ⁸³
342 5721 358 5776 1
409 5720 535 5774 Cor.
597 5735 692 5784 xu,
726 5721 818 5777 εἶθ.

1858 4841 1984 4882 cum
2034 4825 2222 4879 \ideas
2249 4826 2302 4876 in
2361 4839 2486 4878 area
2571 4825 2894 4883 saltantem,
2930 4837 3035 4874 non
3091 4823 3436 4875 triturantem

1859 4928 1919 4972 ut
1979 4933 2041 4971 os
2098 4916 2312 4985 alligari
2367 4931 2474 4969 non
2535 4915 2610 4968 sit
2668 4928 2936 4976 necesse,
2972 4914 3065 4968 sed
3132 4912 3441 4980 manipulos

1858 5008 2063 5079 passim
2134 5016 2487 5077 carpentem,
2539 5020 2566 5056 a
2628 5004 2751 5057 cibo
2815 5001 3028 5057 edendo
3107 5017 3212 5054 non
3292 4999 3438 5053 desi-

1860 5111 2113 5164 stentem,
2154 5108 2208 5154 et
2265 5100 2528 5153 cornibus
2581 5106 2937 5159 averleuletn,
2971 5095 3017 5147 si
3069 5094 3193 5160 quis
3226 5089 3440 5146 accedit

1863 5211 1930 5251 ne
1972 5195 2114 5249 bona
2157 5191 2472 5246 monasterii
2532 5188 2832 5258 disperdat,
2871 5186 3251 5255 impediturus.

1929 5470 2015 5525 55.
2042 5468 2116 5523 Ita
2146 5467 2263 5523 fieri
2291 5466 2602 5534 oportebat,
2637 5470 2695 5517 ut
2726 5461 2964 5516 diximus
2987 5476 3000 5524 ;
3024 5473 3124 5512 nec
3142 5468 3321 5513 tamen
3352 5455 3438 5512 fa-

1855 5573 2001 5620 ctum
2046 5570 2149 5617 est.
2204 5557 2376 5625 Quam
2424 5557 2494 5612 ob
2527 5557 2792 5612 causam?
2828 5555 2952 5624 quia
3017 5569 3083 5608 ex
3131 5568 3253 5608 area
3303 5564 3436 5622 pro-
