4210 6438
775 425 886 485 775

1485 412 1917 478 EUSTATHII
1953 405 2724 472 THESSALONICENSIS
2753 404 3328 466 METROPOLITA!

3934 405 4038 475 7Ἰὸ

773 537 984 606 pulsus,
1051 530 1118 586 ad
1191 539 1243 583 te
1310 524 1658 594 confugiens,
1716 522 1786 576 mi
1826 522 2016 581 frater,
2068 531 2360 590 postquam

2483 515 2561 568 ιαὶ
2591 518 2672 578 είς
2705 515 2766 569 σὲ
2793 513 3180 584 προσδραμὼν.
3211 507 3256 566 ὦ
3283 512 3402 566 ἀδελ
3415 513 3502 581 φὶ,
3528 515 3624 568 καὶ
3652 514 3721 567 τὰ
3746 517 3849 584 μὲν
3873 519 4042 572 πλείω

769 627 929 697 plura
995 621 1267 681 comedit,
1299 618 1560 686 misitque
1597 617 1650 668 in
1711 622 1982 676 ventrem,
2037 627 2201 666 etiam
2249 611 2364 678 spi-

773 732 895 770 cam
933 722 1027 767 aut
1065 713 1293 764 alteram
1324 709 1486 762 labiis
1519 708 1837 769 admovens,
1878 705 2097 759 seducit
2121 703 2368 756 clemen-

775 806 912 858 tiam
980 812 1128 854 tuam
1164 800 1420 854 mirantis
1486 796 1693 864 aliquid
1755 795 1903 865 quod
1973 794 2162 848 tritum
2233 805 2367 845 con-

777 894 903 952 fit-it,
985 901 1044 944 ut
1121 893 1324 944 bonum
1418 887 1616 942 alTerre
1697 886 1766 941 ad
1839 899 1989 939 tuum
2075 881 2364 951 judicium,

778 989 842 1041 Et
897 987 1037 1040 idem
1087 986 1272 1039 videre
1321 990 1407 1037 est
1441 983 1494 1036 in
1534 983 1683 1033 omni
1729 981 1836 1033 alio
1902 973 2149 1030 servitio.
2187 974 2366 1030 Minus

779 1081 1042 1133 laudatur
1094 1081 1252 1132 homo
1307 1076 1400 1145 qui
1465 1076 1675 1128 vineam
1738 1071 1935 1138 diligit,
1965 1079 2018 1124 et
2072 1067 2368 1136 anteponi-

777 1183 869 1227 tur
893 1186 1234 1227 racemomm
1266 1169 1461 1223 artifex
1492 1187 1504 1221 :
1542 1170 1682 1218 alius
1708 1163 1931 1231 quidam
1969 1161 2370 1215 condemnatur

777 1282 845 1317 eo
896 1265 1040 1332 quod
1119 1262 1408 1315 humilium
1488 1259 1767 1311 vinearum
1845 1272 1952 1309 non
2033 1256 2369 1306 misereatur

787 1366 1114 1407 ointtstarum
1200 1353 1464 1405 fructibus
1547 1349 1831 1419 gravibus,
1890 1356 1944 1401 et
2030 1347 2095 1399 ad
2164 1356 2368 1399 terram

785 1459 1222 1514 ploslratnrttttl;
1288 1444 1429 1498 alius
1485 1451 1665 1495 autem
1716 1440 1970 1494 laudatur
2045 1437 2176 1507 quia
2249 1451 2369 1490 sar-

787 1549 969 1594 menta
1027 1539 1292 1604 permittit
1363 1535 1667 1603 quiescere,
1719 1531 1936 1586 sublato
1999 1530 2175 1582 nimio
2231 1544 2370 1598 pon-

785 1634 939 1694 dere,
991 1644 1044 1680 et
1095 1645 1159 1683 ea
1219 1629 1284 1681 ad
1328 1628 1502 1690 magis
1562 1623 1967 1678 ﬂoresceudum
2040 1631 2230 1688 postea
2273 1621 2368 1674 ad-

785 1724 959 1777 ducit.
1008 1723 1066 1775 Si
1141 1723 1265 1789 quis
1302 1717 1536 1772 furatum
1567 1717 1631 1770 ad
1692 1726 1896 1785 patrem
1956 1713 2209 1781 proiecit,
2265 1712 2369 1768 hoc

792 1818 860 1870 ad
947 1816 1180 1870 salutem
1253 1814 1302 1866 ei
1387 1810 1478 1876 qui
1555 1817 1843 1878 peccatum
1918 1805 2211 1859 confessus
2285 1814 2371 1858 est

2471 607 3031 677 καταμασησάμενος,
3062 606 3158 660 καὶ
3185 606 3266 668 είς
3295 606 3539 673 γαστέρα
3585 609 3834 676 πέμψας,
3864 610 3966 662 ινα
3993 611 4044 664 δὲ

2469 699 2697 767 στάχυν,
2732 701 2875 770 ἦπου
2917 700 3011 752 καὶ
3036 697 3129 751 δύο
3151 697 3261 750 τῶν
3300 698 3529 767 χειλέων
3564 699 4042 767 προϐεϐλημένος,

2468 790 2721 858 γοητεύει
2742 790 2840 860 τὴν
2867 791 2924 840 ὲν
2955 791 3037 842 σοὶ
3063 790 3393 850 ὲπιεὲκειαν,
3420 789 3748 857 ἀγαπῶσαν,
3768 791 3852 843 ὅτι
3885 791 4050 843 καλόν

2468 900 2521 935 τι
2551 884 2925 951 παρακομίζει
2964 885 3026 950 τῇ
3062 881 3335 946 διακρίσει
3365 898 3483 943 σου⁹
3513 882 3541 934 6
3575 881 3907 949 ψωχόμενον
3934 901 4051 936 συν·

2467 973 2630 1028 τελεῖ.
2657 972 2730 1025 Τὸ
2752 972 2797 1025 δ’
2831 974 2965 1026 αὐτὸ
2997 973 3090 1025 καὶ
3112 975 3203 1025 ἐπὶ
3237 973 3418 1041 πάσης
3444 972 3613 1041 ἄλλης
3637 975 3745 1040 πλη
3757 975 4054 1042 μμελείται

2469 1062 2766 1123 διακονίας.
2804 1061 2864 1113 Ὀ
2918 1061 3010 1114 ἐπὶ
3060 1059 3154 1113 τοῦ
3207 1061 3536 1128 ἀμπελῶνος
3585 1060 3792 1123 ἀγαθὸς
3846 1057 3955 1126 μιν
3986 1059 4056 1110 ὢν

2470 1152 2982 1220 παρευδοκιμεῖται,
3037 1152 3524 1220 προσλαμῦάνεται
3558 1152 3616 1203 δὲ
3674 1154 3702 1203 6
3754 1151 3902 1204 κατὰ
3951 1149 4055 1203 τῶν

2473 1240 2714 1312 βοτρύων
2750 1241 3004 1308 ἐνεργήςο
3033 1242 3060 1291 6
3101 1239 3199 1306 μὲν
3235 1240 3814 1306 καταγινωσκὸμενος.
3873 1234 4057 1303 οἶμαι,

2471 1335 2552 1386 ὅτι
2606 1332 2680 1400 μὶκ
2742 1331 2883 1384 ὲλεεῖ
2909 1331 3008 1392 τὰς
3040 1331 3306 1392 ταπεινὰς
3361 1331 3642 1394 ἀμπέλους
3677 1331 4058 1400 βαρυνομένας

2475 1425 2704 1491 ἐπαχθεῖ
2726 1427 2803 1493 τῷ
2832 1425 3055 1495 καρπῷ,
3081 1425 3154 1488 ὡς
3193 1427 3286 1478 καὶ
3310 1425 3703 1476 κατασπᾶσθαι
3731 1427 3811 1486 είς
3845 1424 3957 1492 γῆν
3986 1439 4000 1453 ·
4035 1424 4062 1474 6

2475 1517 2532 1569 δὲ
2559 1516 2974 1585 εύλογούμενος,
2997 1516 3078 1568 ὅτι
3102 1515 3372 1569 ἀναπαύει
3405 1517 3473 1566 τά
3505 1515 3784 1583 κλήματα,
3817 1517 3879 1567 τὸ
3913 1513 4054 1566 πολῦ

2475 1609 2569 1661 τοῦ
2609 1608 2811 1677 βάρους
2853 1611 3105 1677 ἀπάγων,
3157 1610 3254 1660 καὶ
3309 1608 3486 1670 οὕτως
3539 1607 3823 1658 ἐνδίδωσιν
3873 1607 4064 1669 αὐτοῖς

2477 1702 2569 1752 ἐπὶ
2607 1700 2769 1752 πλέον
2803 1702 3019 1754 θάλλειν
3050 1704 3104 1763 ὲς
3139 1701 3334 1754 νέωτα.
3361 1701 3422 1752 El
3452 1701 3512 1754 δέ
3546 1717 3597 1752 τι
3621 1699 3717 1752 τοῦ
3740 1699 4067 1766 κλέμματος

2476 1797 2571 1847 καὶ
2604 1794 2682 1862 τῷ
2715 1794 2886 1860 πατρὶ
2923 1796 3255 1862 προσφέρει.
3289 1792 3424 1847 ἀλλὰ
3461 1793 3625 1845 τοῦτο
3663 1797 3743 1855 εἰς
3781 1792 4070 1862 σωτηρίαν

787 1899 956 1977 idque
1002 1909 1139 1976 patri
1170 1923 1199 1960 a
1260 1872 1531 1974 principio
1558 1872 1782 1960 evolvit,
1819 1900 2155 1966 deputatur:
2189 1910 2240 1950 et
2291 1895 2371 1950 sic

2483 1887 2674 1955 ἐκείνῳ
2704 1886 2951 1954 κρίνεται
2980 1886 3552 1953 ἀνθομολογησαμένίε.ι
3575 1885 3638 1937 τὸ
3670 1886 3945 1952 πταῖσμα,
3975 1886 4070 1935 καὶ

795 2002 974 2053 furata
1020 2000 1396 2053 benedictione
1430 1995 1626 2061 ipsein
1677 1991 1994 2059 paradisum
2045 1986 2372 2040 intromitti—

790 2107 901 2150 tur.
977 2092 1286 2157 talibusque
1345 2089 1542 2156 dignus
1605 2083 1839 2137 habetur
1903 2079 2053 2133 votis
2110 2078 2372 2145 qualibus

789 2184 958 2240 ἔνιοι)
1019 2201 1144 2237 cum
1197 2197 1453 2250 magnum
1493 2189 1700 2242 patrem
1748 2185 1800 2229 et
1849 2176 2216 2242 pzttrtareham
2252 2172 2376 2225 ciho

792 2279 986 2331 illexit.
1029 2277 1220 2329 Adhuc
1274 2285 1324 2326 et
1382 2271 1640 2326 cellarius
1691 2269 1784 2336 qui
1841 2276 1997 2320 curat
2033 2266 2100 2318 de
2129 2279 2376 2316 comnm-

793 2373 964 2426 nitate
1012 2370 1258 2425 fratrum.
1289 2381 1411 2419 vere
1433 2378 1662 2429 utaguus
1699 2377 1726 2414 a
1756 2371 1810 2414 te
1868 2375 1976 2413 non
2007 2359 2274 2421 habetur;
2324 2363 2376 2409 te

794 2471 978 2516 tamen
1030 2462 1186 2526 angit
1245 2461 1288 2511 si
1349 2472 1574 2526 parvum
1642 2463 1696 2507 et
1752 2454 2050 2504 maximum
2106 2451 2159 2501 in
2188 2447 2375 2501 eodem

795 2557 966 2623 gradu
1005 2554 1261 2622 reponit;
1297 2562 1351 2604 et
1406 2551 1451 2604 si
1502 2547 1730 2600 ﬁrmiter
1775 2545 1956 2598 taliter
1990 2541 2374 2610 permanserit,

797 2663 922 2702 eum
948 2663 977 2699 a
997 2645 1272 2699 laboribus
1303 2645 1583 2710 quiest-ere.
1607 2653 1836 2708 prorsus
1858 2635 2097 2704 iubebis.
2116 2632 2170 2685 Si
2197 2638 2377 2684 autem

799 2751 1106 2798 successor,
1139 2749 1306 2788 causa
1371 2732 1614 2796 coenita,
1663 2729 1863 2797 piscem
1917 2725 2177 2778 eximium
2232 2735 2381 2775 com-

801 2834 1096 2898 paraverit,
1140 2843 1330 2897 parum
1383 2835 1474 2878 aut
1505 2823 1640 2877 nihil
1681 2835 1883 2876 curans
1936 2819 2003 2872 de
2037 2816 2382 2878 fratribus,et

802 2923 850 2976 si
903 2922 1004 2989 ipsi
1055 2917 1535 2979 murmuraverint,
1592 2923 1720 2966 tunc.
1774 2921 2069 2964 coronatur
2128 2905 2222 2974 qui
2277 2903 2376 2958 tibi

810 3013 1114 3075 inservivit,
1155 3020 1208 3065 et
1237 3009 1485 3076 arguitur
1519 3005 1886 3058 communitas
1918 3015 2039 3069 qua:
2075 2999 2201 3052 talis
2255 3011 2380 3049 cum

804 3102 901 3164 sit,
923 3102 1020 3155 tali
1074 3113 1128 3155 et
1161 3110 1272 3152 tam
1304 3113 1504 3165 magno
1536 3112 1593 3150 se
1624 3094 1891 3163 aequalem
1927 3091 2077 3144 facit.
2115 3087 2188 3139 De
2223 3098 2384 3139 etme-

2475 1979 2730 2046 άπαρχὴν
2761 1977 2930 2030 αὑτοῦ
2971 1979 3402 2045 προσενεγκόντι
3431 1977 3510 2046 τῷ
3534 1980 3727 2044 πατρὶ,
3761 1977 3856 2029 καὶ
3888 1976 4070 2038 οὕτως

2475 2074 2535 2124 ὲν
2564 2071 2642 2140 τῷ
2674 2071 2774 2140 τὴν
2805 2071 3055 2134 εὐλογίαν
3079 2070 3280 2136 κλέψαι
3302 2069 3565 2135 άφεθέντι
3593 2069 3672 2130 είς
3699 2067 3864 2120 αὐτὸν
3895 2068 4076 2135 παρά-

2476 2165 2672 2226 δεισον,
2703 2165 2886 2230 μήπου
2921 2163 2976 2214 δὲ
3011 2163 3106 2213 καὶ
3154 2160 3329 2228 εὐχῶν
3387 2160 3810 2223 καταξιωθέντι,
3861 2159 4077 2212 ὁποίων

2478 2255 2572 2305 καὶ
2603 2255 2631 2306 6
2674 2253 2893 2316 Ἰακὼϐ,
2946 2253 3036 2305 ὅτε
3073 2251 3164 2302 τὸν
3203 2251 3381 2318 μέγαν
3412 2253 3508 2304 καὶ
3550 2253 3768 2318 πατέρα
3814 2253 3916 2304 καὶ
3951 2268 4077 2302 πα-

2476 2346 2748 2414 τριάρχην
2786 2344 2995 2412 Ορέψας
3028 2343 3485 2412 ἐψυχαγώγησεν.
3525 2344 3646 2396 Ἔτι
3675 2346 3771 2394 καὶ
3802 2346 3828 2395 ὁ
3853 2342 4081 2411 ὀψωνηο

2477 2439 2600 2506 τὴς,
2659 2439 2960 2508 κηδόμενος
2997 2439 3098 2507 μὲν
3129 2438 3230 2505 τῆς
3261 2436 3559 2504 ἀδελφικῆς
3611 2437 3953 2504 κοινότητος,
4015 2437 4080 2489 οὑ

2481 2531 2622 2582 πάνυ
2653 2530 2826 2598 μέγας
2854 2530 3100 2599 κρίνεται
3133 2529 3240 2582 ὑπὸ
3273 2528 3392 2581 σοῦ.
3437 2528 3602 2581 Ἀλλά
3633 2545 3738 2579 που
3769 2531 3866 2579 καὶ
3896 2529 4081 2582 ολίεει

2484 2634 2567 2684 σε,
2605 2621 2654 2671 εί
2689 2622 2798 2680 τοῖς
2840 2621 3058 2690 μικροῖς
3109 2621 3164 2678 ἐς
3221 2617 3419 2669 ταυτὸν
3478 2617 3601 2684 ἄγει
3635 2618 3728 2669 τὸν
3775 2619 3836 2668 ἑν
3885 2618 4083 2678 air-2E;

2483 2710 2726 2778 ὕψιστον.
2763 2713 2871 2764 Καὶ
2896 2710 3101 2773 τοίνυν,
3124 2711 3172 2760 εί
3209 2711 3472 2778 συχνάκις
3517 2708 3760 2769 τοιοῦτος
3795 2708 4080 2774 διαμένει,

2484 2801 2826 2862 καταπαύεις
2860 2801 3071 2854 ἑκείνον
3105 2799 3198 2851 τοῦ
3234 2801 3457 2865 κοπιᾷν.
3491 2800 3553 2850 ΕΞ
3586 2801 3642 2851 6‘s
3677 2800 3706 2850 ὁ
3751 2798 3873 2865 μετ’
3908 2799 4082 2850 αὐτὸν

2484 2895 2744 2959 ἐπιγνοὺς
2779 2893 2840 2945 τὸ
2891 2894 3083 2952 αἴτιον.
3141 2892 3309 2958 ἁδρὸν
3343 2890 3497 2958 ἰχθὺν
3550 2888 4078 2956 πραγματεύσεται,

2489 2980 2721 3050 μικράῆ
2768 2980 2924 3032 οὐδὲν
2967 2980 3068 3047 τῆς
3116 2978 3479 3045 ἁδελφότητος
3527 2977 3941 3044 ὲμπαζὸμενος,
3982 2978 4083 3029 καὶ

2487 3073 2643 3126 αὐτοὶ
2676 3071 3026 3140 ὲπιμύζουσι,
3064 3069 3189 3119 τότε
3241 3068 3304 3134 δὴ
3357 3067 3720 3130 στεφανοῦται
3762 3069 3790 3118 6
3829 3066 3898 3116 τὰ
3933 3067 4082 3135 ὑπὲρ

804 3195 884 3248 ris
909 3193 1098 3246 eadem
1159 3206 1371 3258 semper
1398 3159 1720 3255 praestantia
1760 3186 1943 3238 locum
1996 3181 2180 3235 habet.
2207 3178 2371 3231 Edunt

2491 3163 2584 3216 σοῦ
2613 3165 2965 3230 διακονήσας,
3009 3161 3102 3214 καὶ
3141 3159 3694 3230 καταῤῥητορεύεται
3735 3159 4079 3226 ἠκοινότης,

811 3288 928 3350 alii,
958 3296 1012 3339 et
1049 3283 1148 3336 soli
1209 3291 1366 3336 terra:
1421 3279 1620 3333 debent
1679 3290 1778 3330 sua
1836 3275 2133 3336 alimenta;
2171 3280 2227 3323 tu
2254 3285 2382 3322 vero

807 3380 931 3443 plus
958 3376 1119 3430 etiam
1171 3374 1304 3426 mari
1325 3412 1339 3434 ,
1371 3388 1401 3426 e
1441 3388 1548 3441 quo
1576 3369 1916 3422 abundantes
1943 3367 2109 3431 dapes
2157 3363 2382 3431 accipis,

808 3473 1042 3531 quantas
1112 3478 1217 3514 nou
1283 3461 1482 3514 habent
1534 3460 1586 3511 in
1644 3459 1842 3510 saeculo
1899 3455 2181 3522 epulones.
2216 3451 2385 3505 Num-

809 3557 938 3623 quid
1001 3555 1160 3622 jubes
1214 3564 1410 3607 castora
1499 3548 1808 3604 istiusmodi
1877 3561 1906 3600 a
1968 3559 2056 3598 me
2113 3545 2383 3614 percurri,

814 3649 895 3699 vel
954 3642 1215 3698 non?Te
1275 3650 1595 3711 negaturum
1671 3639 1928 3690 arbitror.
2020 3634 2182 3688 Facta
2239 3635 2383 3688 enim

815 3737 1057 3798 licentia,
1087 3736 1208 3804 jam.
1261 3750 1369 3787 non
1418 3732 1622 3800 poteris
1668 3745 1790 3782 eam
1853 3727 2092 3788 auferre.
2138 3741 2261 3779 eum
2325 3740 2388 3778 os

816 3844 926 3896 prae
974 3827 1176 3878 rubore
1239 3824 1577 3877 demittetur.
1655 3819 1769 3873 lloc
1832 3822 1994 3873 modo
2053 3817 2386 3886 peculiarem

816 3920 1110 3972 attrit-itiam
1190 3932 1414 3971 servare
1468 3930 1575 3967 non
1629 3913 1854 3984 poteris,
1920 3927 2096 3977 neque
2163 3911 2216 3961 in
2269 3922 2384 3960 tuo-

819 4011 1081 4072 uasterio,
1131 4017 1184 4062 et
1217 4009 1386 4061 multo
1463 4008 1647 4059 minus
1721 4005 1789 4057 ad
1847 4014 2041 4056 extra:
2095 4005 2191 4069 qui
2243 4001 2388 4053 enim

820 4103 968 4156 intus
1019 4118 1126 4154 non
1171 4110 1254 4154 est
1299 4098 1606 4160 ordinatus,
1679 4095 1766 4149 vix
1800 4096 1852 4148 in
1908 4097 2069 4149 rebus
2102 4092 2393 4146 exteriori-

822 4194 922 4249 bus
974 4191 1224 4244 ordtnem
1290 4186 1677 4241 manifestabit.

894 4364 982 4415 56.
1040 4361 1288 4427 Insuper.
1343 4360 1417 4412 mi
1485 4359 1738 4419 domine.
1802 4358 2143 4426 investigabo
2210 4372 2395 4411 annon

828 4467 880 4508 te
936 4454 1273 4520 superaverit
1304 4451 1630 4520 arrogantiae
1705 4451 1930 4511 malum,
1984 4465 2146 4518 quam
2206 4465 2396 4517 super-

2492 3257 2651 3308 ὁποία
2684 3255 2822 3308 οὖσα
2866 3256 2964 3323 οἵῳ
2993 3255 3086 3306 καὶ
3119 3253 3292 3334 ἡλίκῳ
3347 3250 3690 3317 ἀντιφερίζει
3728 3249 3925 3316 πατρί.
3969 3252 4082 3301 Καὶ

2493 3349 2586 3402 τοῦ
2603 3348 2794 3400 λοιποῦ
2819 3347 3030 3414 γίνεται
3058 3348 3090 3413 ὴ
3115 3343 3338 3413 τοιαύτη
3362 3344 3696 3410 προτίμησις
3721 3346 3776 3402 ὲς
3797 3342 4078 3407 διηνεκές.

2499 3440 2608 3493 Καὶ
2639 3441 2686 3492 οί
2726 3438 2824 3506 μὲν
2879 3436 3028 3490 ἄλλοι
3084 3435 3348 3496 ἐσθίουσι,
3407 3437 3472 3502 τῇ
3514 3436 3586 3500 γῇ
3645 3434 3781 3502 μόνῃ
3843 3433 4083 3502 χάριτας

2495 3531 2752 3598 ὄφλοντες
2786 3527 2883 3595 τῆς
2911 3526 3139 3595 τροφῆς·
3175 3527 3239 3576 σὺ
3271 3525 3327 3576 δὲ
3354 3527 3422 3594 τῇ
3462 3523 3713 3593 θαλάτσῃ
3759 3524 3828 3574 τὰ
3885 3523 4081 3584 πλείω,

2494 3620 2560 3673 δι’
2590 3615 2656 3690 ἧς
2684 3619 2784 3686 τὴν
2821 3615 3148 3670 πανδαισίαν
3190 3615 3444 3675 πλουτεῖς
3474 3613 3666 3664 ὁποίαν
3693 3611 3817 3664 obit
3856 3613 3908 3662 oi
3941 3611 4084 3663 σπά-

2495 3708 2643 3761 ταλοι
2677 3705 2953 3772 κοσμικοί.
2979 3702 3256 3764 Κελεύεις,
3294 3702 3664 3766 ἐπελεύσομαι
3697 3701 3792 3752 καὶ
3821 3703 3890 3752 τά
3914 3702 4082 3752 λοιπά

2496 3797 2744 3859 τοιαῦτα,
2776 3795 2812 3858 ἦ
2845 3793 2940 3858 οὖ;
2996 3787 3545 3862 ’Λποςρήσεις,οῐμαι.
3575 3791 3637 3842 Εἰ
3666 3791 3777 3860 γὰρ
3813 3793 4085 3842 κατανεύο

2501 3903 2634 3948 σεις,
2664 3885 2848 3936 οὐκέτι
2880 3883 2946 3935 ἂν
3003 3881 3146 3950 ἔχοις
3203 3880 3520 3939 ἀναν;ὖσαι,
3581 3881 3915 3944 κατακύψας
3980 3881 4084 3932 ὑπὸ

2498 3977 2788 4045 ὲντροπῆς.
2822 3973 3010 4034 Οὕτως
3054 3972 3178 4024 οὐδὲ
3219 3971 3318 4040 τὴν
3351 3969 3586 4038 μερικὴν
3623 3971 3809 4035 φιλίαν
3844 3971 4083 4023 δύνασαι

2499 4066 2824 4136 κατορθοῦν,
2851 4063 2978 4117 οὔτε
3007 4065 3065 4114 ἐν
3095 4065 3161 4132 τῇ
3210 4063 3373 4132 μονῇ,
3410 4059 3539 4113 οὔτε
3592 4060 3775 4128 πολλῷ
3809 4063 3983 4111 πλέον
4027 4063 4084 4112 ὲν

2499 4160 2609 4221 τοῖς
2640 4158 2816 4220 ἐκτός.
2856 4157 2916 4208 '0
2947 4156 3056 4226 γὰρ
3085 4158 3155 4208 τά
3188 4158 3339 4216 ἐντὸς
3368 4155 3608 4222 ἄκοσμος
3635 4153 3711 4205 ὢν
3735 4153 3904 4223 σχολῇ
3940 4153 3996 4220 γ’
4019 4151 4084 4206 ἂν

2501 4249 2558 4300 ὲν
2587 4249 2701 4310 τοῖς
2739 4246 2844 4310 ἔξω
2870 4246 2930 4299 τὸ
2961 4247 3194 4314 κόσμιον
3226 4246 3592 4314 ἐπιδείξηται.

2573 4338 2681 4402 νς⁸.
2721 4339 2846 4391 Ἐπὶ
2877 4337 3113 4404 τούτοις,
3137 4333 3184 4391 ὦ
3215 4339 3457 4391 δέσποτά
3487 4354 3614 4406 μου,
3650 4337 4084 4406 ίξακριόοὗμαι,

2503 4431 2596 4483 καὶ
2640 4431 2802 4501 εἴπερ
2853 4430 2917 4482 τὸ
2964 4431 3065 4498 τῆς
3101 4431 3440 4500 περπερείας
3493 4429 3663 4480 κακίαν
3701 4429 3762 4480 οὗ
3802 4445 4087 4495 κατεπεμ-

832 4548 931 4598 bim
977 4517 1147 4596 sociat
1184 4517 1468 4609 Scriptura
1515 4555 1690 4601 sacra,
1718 4539 1962 4607 dicitque
1999 4517 2030 4590 a
2095 4537 2204 4592 Deo
2297 4554 2368 4606 op

2506 4519 2683 4572 ὅαίνει
2711 4537 2826 4583 σου,
2852 4520 2921 4588 ἦν
2947 4520 2976 4571 ὁ
3007 4519 3106 4588 μὲν
3124 4519 3510 4587 ἰερογραφικδς
3532 4517 3691 4584 λόγος
3717 4521 3782 4585 τῇ
3813 4520 4082 4584 φυτιὼσει

829 4637 963 4690 timo
1016 4635 1141 4687 odio
1199 4633 1420 4698 haberi;
1496 4647 1659 4702 quam
1735 4629 2099 4698 arrogantiam
2174 4629 2263 4681 alii
2307 4645 2402 4680 au-

832 4741 1008 4778 t-torcs
1048 4725 1238 4777 dicunt
1295 4723 1495 4775 mentis
1565 4723 1881 4782 elationem,
1937 4735 2043 4773 non
2124 4722 2397 4789 egregiam

835 4835 932 4868 nec
989 4817 1268 4878 divinam,
1308 4816 1450 4868 sicut
1497 4821 1582 4868 est
1632 4813 1896 4867 fortitudo
1951 4813 2117 4868 elatio
2149 4813 2400 4882 quaedam

833 4910 1060 4972 divina,
1096 4908 1208 4961 imo
1264 4907 1440 4972 magis
1530 4906 1820 4960 elationem
1873 4906 2180 4974 jactatoris,
2237 4921 2402 4975 quam

839 5001 1073 5052 maxime
1125 5001 1273 5065 vani,
1343 5015 1451 5052 non
1531 4998 1863 5062 communis,
1957 5007 2016 5050 ut
2053 4997 2170 5066 ipso
2237 4998 2403 5051 verbo

834 5094 1162 5153 ostenditur,
1213 5092 1511 5145 secundum
1550 5107 1711 5160 quam
1765 5091 2094 5146 sententiam
2129 5106 2400 5158 praesum-

839 5186 1074 5254 p.ionem
1135 5183 1301 5252 aliqui
1393 5183 1595 5237 habent
1653 5181 2154 5252 superetﬂueutem.
2193 5182 2404 5236 Dicitur

836 5276 979 5328 cutim
1022 5287 1212 5326 nomen
1259 5273 1456 5327 ducere
1488 5289 1516 5326 a
1581 5273 1707 5327 ferri
1761 5276 2046 5342 (arrogans
2077 5271 2402 5344 [πέρπερος]

839 5367 1110 5419 enimnon
1131 5367 1277 5418 sistit
1307 5366 1459 5432 quasi
1483 5365 1893 5432 circumlatus);
1922 5367 2035 5418 sive
2053 5381 2082 5417 a
2101 5366 2407 5418 circumvo-

841 5458 952 5510 lare
997 5467 1051 5509 et
1087 5457 1342 5525 progredi
1374 5458 1764 5520 inconstanter,
1821 5471 1982 5525 quam
2029 5458 2098 5509 ob
2138 5458 2404 5511 rationem

844 5548 1095 5600 homines
1139 5547 1296 5600 istius
1338 5548 1535 5601 indolis
1571 5548 1636 5601 de
1701 5547 2137 5614 praecipitatione
2177 5546 2408 5600 irriden-

843 5647 949 5690 tur.
1001 5639 1075 5691 De
1121 5654 1232 5704 quo
1274 5637 1404 5691 vitio
1447 5635 1706 5703 Stagirita
1762 5637 2200 5706 philosophatur,
2278 5653 2406 5691 nee-

846 5746 950 5781 non
983 5741 1034 5783 et
1071 5729 1325 5797 discipuli
1382 5731 1521 5794 ejus.
1562 5728 1762 5782 llorum
1839 5730 2082 5784 omnium
2157 5729 2405 5783 doctrina

847 5838 901 5875 m
957 5823 1058 5878 hoc
1139 5822 1508 5878 concluditur.
1593 5830 1933 5877 arrogantem
2000 5834 2123 5876 esse
2203 5822 2405 5874 elatum

2509 4613 2938 4681 προσεταιρίζει,
2971 4614 3066 4665 καὶ
3104 4611 3184 4672 είς
3212 4611 3414 4679 ἔχθραν
3445 4612 3511 4678 τῇ
3547 4610 3685 4660 κατά
3711 4609 3848 4660 Θεὸν
3894 4612 4085 4680 ἀγάπῃ

2505 4702 2875 4772 ἀποτετάχθαι
2930 4701 3190 4752 διδάσκει·
3246 4702 3295 4752 οί
3338 4699 3394 4751 δὲ
3442 4699 3616 4758 ἄλλως
3658 4698 4085 4766 περι).αλοῦντες

2507 4794 2723 4863 ἔξαρμα
2747 4793 2924 4862 ψυχῆς
2951 4810 3112 4859 φασιν
3141 4789 3278 4843 εἶναι
3309 4792 3407 4857 τὴν
3464 4789 3826 4857 περπερείαν,
3861 4790 3963 4840 οὐκ
3999 4794 4081 4840 ἐν·

2507 4888 2720 4956 ἀρετον,
2753 4886 2844 4936 καὶ⁵
2879 4883 3021 4936 οὕτω
3048 4884 3192 4934 θεῖον
3222 4883 3364 4933 κατα
3401 4881 3460 4932 τὸ
3500 4881 3731 4948 θάρσος,
3762 4881 3793 4930 δ
3831 4881 3953 4932 θεία
4004 4898 4082 4941 τις

2505 4977 2663 5044 ἄρσις
2715 4973 2883 5026 ἐστίν’
2921 4973 3247 5034 ἀλαζονικὸν
3295 4974 3372 5033 6‘s,
3435 4972 3527 5022 καὶ
3562 4973 3660 5038 οὐχ
3696 4970 3914 5031 ἁπλῶς,
3953 4973 4080 5024 ἀλλά

2507 5065 3013 5137 ὑπερεκπερισσοῦ,
3065 5067 3141 5126 ὡς
3192 5067 3286 5116 καὶ
3324 5066 3355 5130 ἡ
3397 5061 3624 5131 λεκτικὴ
3680 5063 3964 5128 ὲτνμότης
3991 5067 4077 5114 ὲκ-

2508 5162 2710 5227 φαίνειο
2755 5157 2878 5210 καθ’
2901 5156 2968 5226 ἢν
2995 5153 3203 5207 ἔννοιαν
3240 5150 3453 5203 ποιοῦσί
3482 5168 3624 5212 τινες
3664 5150 3763 5201 καὶ
3794 5151 4078 5217 uuam-ga-

2507 5249 2624 5304 νίαν
2651 5247 3003 5319 ἑκπερισσοῦ.
3035 5245 3270 5311 Λέγεται
3295 5243 3350 5294 δὲ
3375 5243 3516 5310 καὶῆ
3553 5241 3708 5310 παρᾶ
3737 5241 3799 5293 τὸ
3821 5242 4075 5310 φέρετθαι

2506 5342 2826 5410 ὠνομάσθαι
2855 5339 3026 5405 αὐτὴν
3061 5337 3306 5404 (ἀστατεί
3335 5335 3445 5402 γὰρ
3473 5334 3548 5395 ὡς
3579 5329 3666 5384 οἷα
3703 5334 4073 5401 περιφερόμε-

2509 5451 2595 5497 νος
2627 5436 2654 5485 ὁ
2685 5429 3010 5501 πέρπερος),
3044 5429 3078 5496 ἢ
3106 5429 3258 5496 παρὰ
3318 5428 3379 5477 τὸ
3410 5425 3832 5493 περιπέτεσθαι.
3867 5429 3962 5476 καὶ
4005 5425 4072 5492 μὴ

2512 5523 2789 5595 σταθερῶς
2843 5519 3136 5590 βεδηκέναι
3164 5535 3178 5549 ο
3229 5511 3274 5584 ᾧ
3325 5516 3391 5586 δὴ
3447 5517 3591 5584 λόγῳ
3645 5517 3746 5572 καὶ
3793 5516 4072 5583 πετόμενα

2511 5616 2852 5669 σκώπτονται
2903 5615 2954 5665 oi.
3005 5610 3102 5664 τοῦ
3150 5610 3394 5663 τοιούτου
3429 5609 3614 5678 ἧΘους.
3661 5610 3771 5662 Καὶ
3798 5609 4072 5680 φιλοπτεί

2513 5709 2610 5776 μὲν
2640 5710 2770 5777 περὶ
2798 5705 2995 5765 κακίας
3021 5702 3278 5772 τοιαύτης
3313 5701 3411 5754 καὶ
3435 5703 3463 5754 6
3494 5700 3876 5769 Σταγειρόθεν,
3910 5699 4002 5752 καὶ
4026 5699 4069 5746 οι

2509 5800 2575 5853 τά
2607 5797 2729 5852 κατ’
2759 5795 2923 5853 αὑτὸν
2947 5793 3346 5862 εὐκρινοῦντες·
3385 5791 3780 5862 κεφαλαιοῦται
3815 5792 3872 5843 δὲ
3914 5790 4064 5840 πᾶσιν
