4212 6434
785 429 887 492 771

1488 421 1907 486 ausuram
1947 416 2713 483 THESSAIDNICENSIS
2753 368 3323 478 emerole

3936 409 4049 467 ’ΠΣ

780 542 869 596 dic
931 547 1113 594 utrum
1173 538 1500 610 peculiarem
1568 539 1893 604 amicitiam,
1959 547 2018 592 ut
2087 538 2394 596 diximus”

2474 532 2958 603 toaxqpo'véarats,
3000 532 3070 595 sl,
3102 529 3176 591 ὡς
3228 530 3476 596 εἴπομεν,
3512 524 3736 610 άπαρνῇ
3803 520 3905 590 τὴν
3946 536 4047 587 με·

787 632 1187 699 repudiaveris,
1223 646 1420 699 nempe
1444 631 1488 684 si
1519 630 1666 684 dicta
1711 631 1938 685 audisti.
1973 630 2100 686 Sive
2139 629 2240 684 hoc
2276 629 2354 682 in-

783 725 1016 793 telligas.
1047 725 1163 778 sive
1182 739 1318 787 non,
1346 739 1446 794 ego
1472 725 1568 778 tibi
1595 725 1720 778 dico
1741 723 2036 793 perfectam
2061 721 2358 777 amicitiam

786 820 1116 886 peculiarem
1169 817 1236 870 de
1281 817 1440 872 nobis
1487 833 1516 870 a
1559 827 1611 872 te
1638 818 2003 888 repudiatam.
2052 815 2162 871 Nos
2213 819 2358 872 enim

787 911 1034 978 singulos
1081 922 1262 979 patres
1314 921 1438 964 tuos
1482 927 1588 965 non
1633 927 1808 973 amas,
1856 912 2046 980 sicque
2104 926 2202 965 nec
2233 913 2360 965 uoi-

785 1003 1076 1062 versalem,
1133 1017 1231 1055 nec
1285 1004 1596 1071 generalem
1640 1003 1938 1056 amicitiam
1982 1018 2189 1070 servas,
2254 1001 2359 1067 Qui

783 1093 930 1144 enim
961 1094 1262 1146 membrum
1294 1094 1477 1159 magni
1517 1074 1779 1147 momenti
1807 1092 1913 1148 Deo
1939 1104 2360 1154 consecratum,

785 1187 945 1251 eique
1006 1197 1198 1236 eontra
1266 1193 1316 1236 te
1367 1188 1655 1246 assistens,
1714 1194 2061 1248 aversantur,
2113 1187 2360 1254 nunquid

788 1277 1053 1328 dicendus
1097 1285 1181 1328 est
1219 1275 1637 1330 universitatem
1671 1277 1902 1344 diligere
1941 1291 2063 1331 cum
2098 1279 2360 1341 optimam

788 1378 999 1434 partem
1029 1381 1061 1418 ο
1085 1368 1208 1418 lerit
1234 1367 1256 1418 ?
1283 1366 1528 1430 Quadam
1573 1367 1723 1419 enim
1759 1379 1938 1432 parte,
1979 1377 2035 1422 et
2078 1367 2361 1436 qualicun-

787 1472 915 1518 que,
971 1472 1075 1508 non
1113 1457 1310 1524 loquor
1345 1458 1411 1510 de
1457 1458 1630 1525 magis
1667 1459 1929 1525 pretiosa,
1983 1459 2267 1526 desumpta
2295 1463 2363 1513 de

787 1547 1004 1615 generis
1062 1551 1375 1612 totalitatc,'
1408 1564 1515 1602 non
1557 1559 1668 1601 tota
1708 1565 1806 1602 sua
1845 1550 2162 1619 integritate
2192 1565 2360 1622 gene-

789 1639 922 1702 rale,
955 1650 1049 1694 aut
1084 1642 1389 1694 universale
1408 1641 1646 1710 amplius
1678 1654 1802 1692 vere
1831 1643 2129 1696 diceretur.

858 1817 945 1868 5|.
981 1815 1074 1869 Eia
1109 1831 1233 1884 ago,
1259 1819 1365 1870 alio
1396 1831 1615 1880 conatu,
1651 1829 1704 1874 et
1730 1821 2076 1884 evidentiori,
2107 1837 2360 1890 quaenam

789 1909 856 1960 sit
910 1909 1144 1963 amicitia
1204 1910 1492 1976 peculiaris
1546 1911 1641 1965 tibi
1698 1927 2005 1981 exponam,
2043 1916 2204 1983 idque
2261 1932 2368 1970 non

791 2001 944 2068 longe
976 2016 1004 2052 a
1047 2015 1193 2053 vero.
1229 1998 1444 2056 Norunt
1477 2003 1654 2070 periti,
1682 2006 2140 2070 quemadmodum
2165 2017 2368 2074 partem

789 2091 854 2140 ad
889 2090 1178 2151 totum,sic
1204 2091 1483 2158 partialem
1512 2093 1867 2160 quantitatem
1899 2095 1963 2148 ad
2006 2097 2367 2154 universalcm

793 2182 1055 2247 reputari.
1101 2181 1209 2235 Hac
1250 2184 1410 2248 igitur
1443 2183 1654 2238 ratione
1692 2195 1747 2239 tu
1778 2186 2141 2256 interrogatus
2173 2205 2242 2243 an
2275 2206 2369 2259 pe-

791 2273 983 2326 culiari
1048 2277 1299 2329 amicitiae
1362 2278 1727 2340 renuntiat-es,
1790 2293 1818 2330 a
1884 2290 1934 2332 te
1987 2295 2107 2334 eam
2166 2297 2367 2335 renun-

792 2361 1070 2428 tiandam,
1101 2365 1524 2435 sectandamque
1577 2368 1937 2424 universalcm
1998 2372 2361 2429 declaravisti.

794 2454 941 2509 Talis
969 2467 1051 2511 est
1101 2467 1279 2511 autem
1355 2475 1474 2527 quae
1509 2461 1574 2515 de
1608 2471 1716 2514 tota
1784 2473 1960 2517 mente
1984 2467 2250 2532 procedit,
2297 2469 2367 2521 si-

794 2549 1009 2615 quidem
1093 2551 1274 2617 aliquo
1322 2561 1569 2620 respectu
1603 2553 1877 2616 deficiens.
1961 2561 2203 2624 partialis
2263 2563 2366 2615 erit

796 2639 1052 2691 amicitia.
1100 2638 1289 2694 Totam
1345 2657 1470 2696 vero
1539 2644 1776 2698 animam
1853 2647 1972 2717 lego
2047 2663 2171 2703 eam
2238 2667 2364 2719 qua:

797 2742 950 2780 suam
986 2732 1359 2786 admirabilem
1411 2742 1464 2787 et
1495 2735 1762 2802 triplicem
1820 2747 2068 2792 naturam
2124 2744 2175 2794 in
2233 2745 2364 2797 eba-

797 2821 959 2873 ritate
1010 2837 1114 2874 non
1181 2823 1493 2889 frustratur,
1551 2841 1673 2894 qua:
1717 2829 1982 2896 triplicem
2045 2831 2359 2888 facultatem

799 2925 904 2963 non
946 2914 1134 2979 perdit,
1168 2930 1288 2967 cum
1323 2914 1504 2970 ﬂorem
1537 2919 1792 2973 amicitiae
1814 2921 2032 2976 emittit.

869 3001 954 3056 52.
1024 3005 1160 3069 Quid
1239 3007 1413 3060 dico?
1472 3006 1665 3062 Verum
1723 3019 1776 3064 et
1851 3028 2102 3082 magnum
2174 3030 2360 3069 mona-

799 3093 958 3146 chum
999 3095 1142 3146 vtelut
1186 3111 1562 3164 quemcunque
1660 3099 1930 3152 sincerum
1967 3103 2358 3164 Christianum.

2468 625 2630 694 ρικὴν
2656 624 2862 692 φιλίαν.
2898 625 2953 676 εῐ
2979 640 3032 676 τι
3063 623 3199 684 τέως
3230 620 3466 680 ἐπαϊεις,
3501 609 3577 670 ὧν
3602 616 3870 681 λέγομεν;
3920 611 4048 663 Εἴτε

2463 715 2520 768 δὲ
2572 717 2738 778 νοεῖς,
2782 714 2894 766 εἴτε
2931 713 3026 766 λαὶ
3084 713 3180 782 μὴ.
3217 712 3361 777 λέγω
3419 725 3526 768 σοι,
3565 708 3649 758 ὅτι
3700 703 3892 771 φιλίαν
3947 703 4051 770 μὲν

2464 807 2771 872 ὲξάπαντος
2812 805 3044 875 μερικὴν
3075 806 3294 872 ὲιιερνῇ
3323 804 3422 869 τὴν
3449 800 3533 866 ἐφ’
3565 801 3720 866 ἡμῖν,
3761 797 3904 865 ἡμᾶς
3935 796 4051 860 γάρ

2465 901 2594 962 τοὺς
2643 901 2856 960 ἑνικοὺς
2909 898 3165 956 παπάὸας
3199 895 3299 965 (5⁰)
3361 895 3421 946 οὐ
3482 892 3653 960 φιλεῖς
3678 907 3694 922 ο
3727 888 3794 942 δι’
3822 886 3958 940 αὐτὸ
3992 886 4048 938 δὲ

2468 992 2592 1045 οὐδὲ
2651 990 2840 1058 ὀλικὴν
2876 990 2907 1058 ἢ
2941 990 3167 1058 γενικὴν
3219 987 3511 1056 φυλάττεις
3563 981 3769 1050 φιλίαν.
3821 979 3882 1032 ’0
3935 983 4052 1046 γᾰρ

2467 1086 2630 1153 μέρος
2664 1082 2814 1146 ἀξιον
2857 1084 3016 1150 λόγου
3049 1080 3246 1134 πολλοῦ
3293 1082 3902 1147 άποπροσποιουμενος,
3929 1074 4052 1141 Θεῷ

2463 1191 2521 1226 τε
2547 1176 2942 1243 ἁφωσιωμένον
2996 1176 3092 1226 καὶ
3121 1169 3629 1242 συμπαραστατοῦν
3679 1168 3877 1236 ἐκείνῳ
3906 1167 4051 1217 κατᾶ

2466 1270 2551 1333 σὲ,
2595 1269 2712 1331 πῶς
2761 1270 2829 1320 ἂν
2879 1267 3096 1338 λεχθείη
3151 1265 3276 1318 καθ’
3321 1266 3557 1333 ὀλότητα
3613 1262 3814 1328 φιλεῖν,
3871 1261 4051 1329 μισῶν

2469 1365 2632 1432 μέρος
2688 1362 2750 1414 τὸ
2806 1363 3212 1430 καιριώτατον;
3276 1355 3488 1424 Βιέρους
3561 1355 3674 1425 γάρ
3730 1370 3902 1417 τινος,
3953 1353 4050 1403 καὶ

2467 1455 2633 1507 αὐτοῦ
2664 1452 2760 1506 τοῦ
2791 1455 3068 1522 τυχόντος,
3107 1453 3181 1521 μὴ
3211 1451 3293 1502 ὅτι
3314 1465 3379 1516 γε
3408 1450 3502 1500 τοῦ
3531 1449 3590 1499 ὲν
3624 1446 3838 1499 πλείονι
3870 1445 4047 1514 λόγῳ,

2465 1546 2865 1615 ὑποσπωμένου
2917 1544 2979 1597 ἐκ
3020 1543 3122 1611 τῆς
3173 1540 3316 1594 κατὰ
3347 1540 3505 1607 γένος
3536 1539 3896 1606 ὁλοκληρίας,
3949 1538 4052 1588 οὐκ

2463 1637 2530 1691 ἂν
2562 1639 2632 1708 τῇ
2667 1638 2885 1707 ὁλότητι
2938 1635 3091 1707 πάσῃ
3131 1632 3194 1685 τὸ
3236 1636 3458 1700 γενικὸν
3487 1634 3519 1702 ἢ
3549 1633 3612 1684 τὸ
3644 1631 3766 1684 ὅλον
3820 1627 4046 1696 άπαληο

2466 1727 2702 1784 θεύοιτο.

2543 1818 2646 1872 να’.
2701 1818 2841 1886 Φέρε
2889 1817 2946 1872 δὲ
2985 1817 3084 1871 καὶ
3133 1817 3310 1880 ἄλλως
3339 1813 3639 1877 ἐπιὸαλὼν,
3674 1811 3800 1864 κατ’
3833 1811 4052 1863 ἔννοιαν

2477 1909 2819 1978 σαφεστέραν
2846 1909 3098 1977 ικθωμαί
3121 1926 3200 1962 σοι
3224 1909 3323 1976 τὴν
3360 1905 3593 1977 μερικὴν
3612 1904 3821 1971 φιλίαν,
3857 1903 3946 1955 οἵα
3967 1903 4053 1963 τῖς

2475 2004 2647 2064 ἐστιν,
2679 2001 2805 2053 οὐδὲ
2842 2001 2985 2053 οὕτω
3013 2002 3231 2068 μακρὰν
3247 2000 3568 2067 ὀρθότητος.
3603 1996 4056 2061 Ἐγνωσταιτοῖς

2475 2092 2700 2156 εἰδόσιν,
2739 2091 2932 2160 ὥσπερ
2965 2092 3024 2144 τὸ
3069 2093 3234 2160 μέρος
3273 2091 3409 2158 πρὸς
3441 2089 3587 2149 ὅλον,
3647 2088 3793 2139 οὓτω
3823 2087 3926 2138 καὶ
3954 2085 4055 2150 τὴν

2474 2181 2708 2251 μερικὴν
2742 2183 3005 2250 πο;ὀτητα
3043 2182 3177 2251 πρὸς
3199 2181 3300 2250 τὴν
3330 2179 3519 2248 ὁλικὴν
3553 2177 3832 2243 λέγεσθαι.
3860 2175 4059 2242 Τούτῳ

2470 2272 2534 2342 δὴ
2556 2273 2635 2341 τῷ
2650 2274 2793 2342 λόγῳ
2813 2274 2905 2326 καὶ
2926 2274 2990 2326 σὺ
3015 2273 3181 2334 αὐτὸς
3201 2273 3584 2340 ὴρωτημένος,
3621 2270 3668 2320 εί
3687 2269 3788 2335 τὴν
3814 2267 4060 2336 μερικὴν

2470 2365 2657 2432 φιλίαν
2685 2367 2927 2433 ἀπαρνῇ,
2955 2363 3190 2416 κατέθου
3220 2363 3505 2430 ἀρνεῖσθαι
3539 2359 3732 2427 αὐτὴν,
3765 2358 3844 2418 ὡς
3867 2358 4058 2409 ivre-3-

2469 2458 2562 2510 θεν
2593 2456 3016 2524 ἀντεισάγεσθαί
3053 2472 3138 2508 σοι
3158 2456 3257 2526 τὴν
3281 2454 3495 2522 ὁλικήν.
3534 2453 3693 2505 Ἐστι
3721 2453 3777 2503 δὲ.
3814 2449 4058 2515 τοιαύτη

2468 2549 2502 2619 ἡ
2529 2549 2588 2612 ἐξ
2608 2551 2734 2618 ὅλης
2766 2549 2966 2618 ψυχῆς,
2992 2549 3068 2609 ὡς
3089 2550 3205 2616 εἴγε
3241 2547 3316 2617 μὴ
3347 2546 3594 2610 τοιαύτη,
3635 2544 3845 2612 μερικὴ
3881 2543 3950 2595 ἂν
3969 2544 4062 2609 εἴη

2468 2641 2637 2707 φιλία.
2671 2643 2828 2706 Λέγω
2869 2641 2924 2694 δὲ
2962 2640 3140 2710 ψυχὴν
3192 2639 3340 2709 ὅλην,
3360 2640 3457 2708 τὴν
3493 2637 3567 2707 μὴ
3612 2636 3963 2715 ψευδομένην
4001 2635 4062 2685 τδ

2466 2730 2590 2782 κατ’
2632 2731 2817 2800 ,αὐτὴν
2857 2731 3002 2782 θεῖον
3037 2730 3299 2798 τριμερὲς
3355 2730 3415 2780 ἐν
3449 2728 3528 2796 τῷ
3579 2727 3782 2791 φιλεῖν,
3820 2723 3926 2791 τὴν
3985 2722 4064 2790 μὴ

2465 2823 2795 2891 ἀχρειοῦσαν
2816 2823 2877 2874 τὸ
2913 2823 3121 2890 ὶμφυὲς
3153 2820 3524 2891 τριστέλεχον,
3550 2819 3637 2871 ὅτε
3679 2817 3781 2884 τὴν
3827 2815 4065 2883 φιλικὴν

2465 2915 2636 2984 ἄνθην
2677 2915 3024 2982 προῖσχεται.

2536 3003 2636 3060 νϐ’.
2666 3001 2796 3057 Οἷον
2839 3007 2890 3056 τί
2920 3007 3065 3070 λέγω
3092 3021 3107 3069 ;
3145 3003 3265 3074 Χρὴ
3314 3004 3409 3056 τὸν
3440 3003 4067 3078 άληθὴβμεγαλομὸναο

2464 3114 2578 3167 χον,
2632 3096 2824 3165 ὥσπερ
2860 3099 2951 3150 καὶ
3010 3096 3182 3148 πάντα
3242 3095 3334 3145 τὸν
3387 3093 3466 3161 τῷ
3523 3096 3640 3148 ὅντι
3699 3097 4064 3164 Χριστιανὸν*

802 3191 1012 3250 oportet
1053 3199 1265 3252 semper
1313 3196 1558 3254 paratum
1612 3203 1734 3242 esse
1803 3193 1869 3244 ad
1909 3193 2182 3259 juvandos
2233 3198 2369 3246 ami-

2478 3187 2815 3256 ἡτοιμάσθαι
2836 3187 3107 3246 παντοίως
3123 3189 3202 3248 εἰς
3222 3187 3524 3248 θεραπείαν
3542 3187 3700 3252 φίλου
3721 3188 3811 3253 ἐφ’
3830 3187 4064 3251 ἅπασιν,

800 3289 895 3328 cos
926 3281 978 3328 in
1008 3277 1261 3330 omnibus
1294 3281 1473 3340 rebus,
1502 3294 1623 3331 cum
1653 3294 1719 3332 eo
1755 3279 2032 3349 indigent;
2063 3285 2243 3338 omnia
2270 3300 2384 3339 suae

800 3376 853 3418 et
889 3380 1076 3418 eorum
1116 3367 1313 3421 mentis
1362 3366 1522 3420 volita
1567 3376 1808 3424 statuere
1849 3377 1904 3424 et
1964 3371 2206 3439 dirigere
2235 3389 2371 3427 con-

802 3458 1114 3520 cordanles,
1174 3457 1324 3526 juxta
1375 3457 1468 3512 Dei
1536 3460 1839 3524 mandata;
1908 3463 1973 3514 ad
2035 3465 2380 3531 spiritualem

803 3551 1155 3602 concordiam
1186 3591 1201 3614 ,
1248 3561 1412 3618 atque
1449 3553 1513 3602 ad
1565 3553 1888 3605 vincendum
1936 3553 2238 3608 daan'ionem
2268 3593 2284 3616 ,
2317 3557 2381 3610 ad

805 3641 950 3708 quod
990 3640 1128 3692 Deus
1179 3642 1401 3706 praemio
1455 3642 1672 3702 invitat.
1727 3658 2081 3704 concurrere.
2117 3654 2174 3697 ut
2222 3645 2384 3700 simul

807 3745 835 3782 a
905 3730 1010 3782 Deo
1095 3730 1380 3796 praemium
1464 3733 1754 3799 accipiant,
1806 3735 1973 3802 cujus
2042 3737 2216 3804 gratia
2271 3737 2386 3804 ipse

809 3820 960 3887 prius
1038 3820 1344 3882 ordinatus,
1393 3829 1447 3874 et
1512 3821 1566 3874 in
1621 3837 1680 3876 se
1739 3826 2140 3880 coneordauter
2199 3828 2385 3894 dispo-

809 3923 944 3963 nens
986 3909 1257 3973 virtutem,
1317 3911 1433 3964 sive
1459 3927 1579 3980 qua:
1619 3913 1674 3965 in
1721 3915 1932 3968 ratione
1962 3916 2064 3970 sita
2109 3926 2215 3980 est,
2273 3920 2388 3973 sive

807 4017 926 4069 quae
960 4001 1238 4056 irascibile
1299 4003 1618 4057 moderatur
1677 4013 1732 4058 et
1789 4006 1891 4060 rite
1961 4009 2209 4076 corrigit,
2275 4012 2388 4064 sive

807 4109 929 4162 qua:
964 4095 1188 4149 instruit
1237 4093 1700 4163 concupiscibile;
1730 4103 1784 4148 et
1832 4095 2031 4152 deinde
2096 4113 2385 4166 personam

807 4185 968 4253 cujus
1036 4200 1274 4241 amorem
1319 4186 1637 4240 niouacbice
1697 4187 2068 4254 prosequitur,
2121 4198 2386 4256 quantum

809 4285 1006 4344 potest,
1045 4277 1099 4329 in
1137 4292 1197 4330 se
1235 4292 1520 4331 assumens
1555 4293 1570 4340 ;
1603 4285 1718 4330 tum
1765 4291 1832 4329 eo
1888 4277 2052 4330 modo
2085 4277 2387 4347 dispositus

811 4370 878 4420 ad
932 4369 1157 4422 alterum
1238 4369 1509 4421 hominem
1565 4370 1785 4432 feretur,
1876 4370 2020 4423 sicut
2061 4369 2113 4421 in
2168 4379 2388 4425 tonsura

812 4463 1084 4528 promisit,
1128 4467 1207 4523 ut,
1241 4461 1363 4512 dum
1389 4475 1510 4514 sese
1539 4463 1768 4524 ratione,
1811 4461 2050 4528 appetitu
2119 4469 2170 4513 et
2219 4462 2390 4527 passi-

2484 3275 2565 3343 οἷς
2588 3282 2652 3332 ἂν
2682 3282 2892 3340 ἐκεῖνος
2925 3278 3092 3332 αὐτοῦ
3131 3279 3490 3349 προσδέηται,
3537 3281 3632 3331 καὶ
3659 3279 3941 3350 καθιστᾷν
3973 3283 4069 3333 καὶ

2488 3369 2857 3439 συμὸιὸάζειν
2895 3367 3210 3436 ἁρμονικῶς
3264 3369 3532 3420 καὶκατὰ
3577 3367 3728 3420 θείαν
3757 3368 4068 3434 ἐμμέλειαν

2490 3461 2628 3531 πρὸς
2654 3459 2980 3528 συμφωνίαν
3011 3461 3398 3528 πνευματικὴν
3423 3457 3592 3510 αὐτοῦ
3622 3474 3682 3509 τε
3714 3459 3811 3509 καὶ
3845 3459 4068 3510 ἐκείνου

2485 3551 2554 3603 τὰ
2575 3551 2717 3602 κατά
2732 3548 2910 3619 ψυχὴν
2932 3548 2961 3600 λ
2979 3549 3099 3618 (5")
3125 3549 3493 3618 βουλεύματα,
3519 3550 3615 3598 καὶ.
3647 3551 4066 3618 ουντροχάζειν,

2490 3641 2562 3703 ὡς
2591 3643 2619 3692 ὁ
2639 3641 2769 3702 Θεὸς
2803 3639 3081 3708 βραϐεύει,
3108 3641 3198 3692 ἐπὶ
3226 3640 3354 3707 νίκῃ
3379 3642 3444 3708 τῇ
3477 3639 3618 3690 κατὰ
3641 3638 3735 3691 τοῦ
3765 3640 4066 3708 δαίμονοςο

2491 3733 2578 3785 ἵνα
2630 3733 2721 3784 καὶ
2751 3733 2811 3784 τὸ
2832 3734 2896 3784 ὲκ
2932 3731 3069 3783 Θεοῦ
3126 3729 3358 3782 ἔπαθλον
3391 3731 3743 3798 κοινὼσηται,
3804 3726 3870 3784 οὗ
3902 3733 4067 3801 χάριν

2489 3822 2653 3881 αὐτὸς
2693 3822 2965 3891 ῥυθμίσας
3025 3822 3320 3890 πρότερον,
3352 3823 3448 3872 καὶ
3502 3822 3672 3884 τάξας
3720 3824 4070 3892 ἑναρμονίως

2487 3912 2620 3982 παρ’
2675 3913 2854 3981 ἑαυτῷ
2883 3914 2984 3979 τήν
3031 3928 3092 3962 τε
3151 3911 3295 3963 κατὰ
3326 3911 3386 3962 τὸ
3418 3909 3639 3976 λογικὸν
3697 3912 3939 3980 ἀρετὴν,
3977 3915 4068 3965 καὶ

2487 4002 2588 4071 τὴν
2616 4003 2676 4055 τὸ
2723 4003 2953 4072 θυμικὸν
2984 4001 3289 4070 μετροῦσαν
3335 4003 3430 4054 καὶ
3459 4001 3914 4068 καταρτίζουσαν
3946 4003 4068 4054 θεο-

2492 4095 2739 4162 πρεπῶς.
2774 4095 2938 4147 ἔτιδὲ
2974 4097 3070 4148 καὶ
3098 4095 3198 4162 τὴν
3255 4095 3316 4146 τὸ
3367 4095 3696 4164 ὲπιθυμικδν
3773 4096 4071 4148 παιδεύουο

2491 4203 2615 4249 σαν,
2641 4183 2760 4239 εἶτα
2778 4187 2874 4240 καὶ
2903 4188 2964 4239 τὸ
2995 4188 3292 4256 πρόσωπον
3319 4187 3394 4250 ὡς
3446 4188 3678 4240 δυνατὸν
3747 4188 3943 4256 ἑαυτῷ
3984 4190 4069 4252 ἐξ·

2490 4279 2787 4348 ομοιὼσας,
2807 4296 2868 4333 ου
2893 4278 2990 4348 τὴν
3024 4281 3209 4347 φιλίαν
3237 4283 3548 4350 μοναχικῶς
3581 4282 4068 4349 πραγματεύεται,

2489 4371 2891 4440 τοιουτοψύχως
2939 4371 3442 4441 προσενεχθήσεται
3492 4373 3570 4439 τῷ
3599 4373 3858 4438 τοιούτῳ,
3927 4374 4067 4424 καῦά

2491 4465 2807 4530 κειρόμενος
2841 4463 3161 4530 ὡμολόγησε
3183 4479 3196 4491 ·
3232 4464 3324 4514 καὶ
3361 4463 3438 4530 τῷ
3489 4462 3611 4514 κατ’
3644 4463 3812 4514 αὑτὸν
3866 4463 4070 4529 λογικῷ

811 4554 1008 4606 onibus
1100 4551 1290 4605 amicis
1370 4550 1478 4604 Deo
1553 4550 1860 4605 reformatis
1925 4550 2206 4620 conjungit
2257 4567 2380 4606 cum

2491 4553 2874 4622 ἐπιθυμητικῷ
2905 4570 2964 4604 τε
3018 4554 3115 4603 καὶ
3141 4551 3360 4622 θυμικῷ
3395 4552 3661 4620 θεοφιλῶς
3686 4554 4071 4622 ὲρρυθμισμέ-

816 4642 1050 4694 amicum
1087 4653 1246 4692 suum
1276 4638 1702 4693 concordantem
1757 4639 2015 4703 reddidit,
2071 4655 2382 4694 sermonem

817 4731 1068 4783 amicitire
1103 4730 1224 4782 huic
1269 4730 1510 4782 sermoni
1567 4729 1889 4782 monachico
1919 4730 2140 4798 jungat,
2177 4742 2229 4783 et
2256 4740 2387 4785 tunc

816 4824 968 4890 quasi
1023 4836 1115 4887 per
1155 4819 1454 4888 perfecmm
1526 4835 1830 4874 sermonem
1894 4821 2184 4873 roboratus
2257 4837 2380 4876 cum

821 4915 995 4966 au-ico
1033 4915 1098 4966 ad
1157 4911 1566 4979 perfectionem,
1609 4912 1905 4964 amicitiam
1958 4923 2240 4981 comparet
2273 4929 2382 4968 non

824 5002 1128 5072 partialem,
1165 5001 1258 5055 sed
1290 5015 1516 5068 prorsus
1557 5001 1797 5064 totulem,
1860 5010 2006 5053 totus
2041 5004 2136 5054 toti
2181 5006 2380 5068 amico,

824 5101 918 5145 aut
957 5092 1126 5154 fratri,
1168 5099 1262 5145 aut
1309 5091 1420 5145 filio
1451 5091 1808 5158 spiritualiter
1859 5091 2198 5158 conjunctus.
2260 5091 2384 5148 llasc

825 5185 966 5237 enim
999 5184 1181 5236 omnia
1203 5183 1268 5235 ad
1289 5183 1516 5236 invicem
1551 5197 1762 5244 sumus,
1797 5181 1886 5234 Dei
1918 5181 2112 5249 gratia,
2146 5183 2235 5236 filii
2272 5184 2386 5250 Dei,

829 5277 872 5329 si
918 5287 1061 5330 recte
1099 5276 1362 5344 sapimus:
1387 5275 1619 5340 primum
1649 5273 1868 5342 quidem
1901 5281 2118 5341 propter
2142 5288 2390 5329 commu-

901 5485 1002 5552 (δ’)
1047 5479 1160 5535 Vox
1202 5481 1391 5552 πάπας
1444 5475 1585 5552 apud
1649 5473 1944 5552 scriptores
1989 5476 2392 5552 ecclesiasticos

833 5542 1122 5619 reperitur,
1143 5553 1208 5603 de
1239 5565 1342 5617 qua
1373 5542 1492 5619 lnge
1523 5547 1660 5619 inter
1691 5542 2185 5619 aliaADEIcangius:
2223 5564 2242 5595 ι
2264 5546 2392 5619 _Ob-

833 5611 1015 5674 servat
1045 5611 1279 5676 Goarus'.
1319 5618 1385 5670 ad
1420 5614 1676 5675 Euchol.,
1710 5629 1762 5680 p.
1800 5611 1925 5674 298,
1965 5611 2149 5666 Vocem
2203 5615 2392 5678 πάπας
2468 5637 2471 5640 ·

832 5690 1121 5756 dupliciter
1151 5687 1364 5750 eﬂerri;
1406 5702 1469 5739 ac
1513 5685 1701 5734 πάπαν
1731 5681 1946 5756 quidem
1978 5682 2082 5756 dici
2116 5697 2389 5756 summum

836 5752 1166 5823 pontilicem,
1209 5756 1570 5823 velsmgulari
1624 5754 1859 5823 quadam
1895 5752 2255 5823 appellatione
2297 5767 2393 5819 pa-

835 5821 1125 5884 triarcbam
1157 5821 1620 5887 Alexandrinum;
1659 5822 1844 5873 παπᾶν
1889 5836 2013 5875 vero
2053 5821 2393 5876 sacerdotem

2488 4661 2598 4706 νοις
2626 4646 2894 4712 σύμφωνα
2915 4645 3012 4696 καὶ
3033 4643 3103 4695 τὰ
3127 4643 3222 4695 τοῦ
3252 4644 3406 4709 φίλου
3438 4644 3850 4710 ἁρμοσάμενος,
3876 4649 4069 4714 τριάδι

2489 4736 2714 4811 φιλικὴν
2743 4735 2922 4805 τριάδι
2958 4737 3145 4805 ἐκείνῃ
3174 4739 3443 4804 μοναχικῇ
3500 4737 3714 4796 ἑνώσει,
3748 4737 3849 4788 καὶ
3883 4739 3961 4798 ὡς
3989 4740 4071 4790 διὰ

2487 4844 2632 4888 τινος
2650 4824 2835 4889 ἑξάδος
2849 4826 3051 4894 ταύτης
3071 4827 3285 4887 τελείας
3300 4829 3380 4886 εἰς
3394 4827 3708 4888 τελειότητα
3729 4829 4072 4896 συγκραθεὶς

2491 4918 2568 4985 τῷ
2604 4919 2764 4988 φίλῳ,
2792 4918 3042 4982 ὲξανύσει
3073 4917 3258 4981 φιλίαν
3281 4919 3344 4970 οὑ
3381 4918 3634 4985 μερικὴν,
3659 4916 3800 4970 ἀλλα
3852 4922 3937 4988 τῷ
3965 4922 4069 4970 om

2488 5009 2818 5079 δλικὴν,ὅλο;
2843 5010 2948 5077 ὅλῳ
2974 5024 3253 5077 συγκεκρα
3261 5009 3415 5076 μένος
3433 5008 3847 5073 πνευματικῶς,
3867 5011 3949 5077 τῷ
3967 5013 4069 5062 εἴτε

2495 5102 2654 5169 φίλῳ,
2680 5100 2790 5152 εἴτε
2820 5097 3055 5167 ἀδελφῷ,
3079 5097 3190 5150 εἴτε
3220 5099 3315 5149 καὶ
3327 5096 3524 5164 τέκνῳ.
3557 5097 3741 5151 Πάντα
3761 5100 3882 5168 γάρ
3899 5100 4070 5152 ταῦτα

2501 5189 2637 5243 Θεοῦ
2670 5189 2855 5259 χάριτί
2881 5191 3048 5254 ἐσμεν
3073 5188 3324 5256 ἀλλήλοις
3348 5188 3400 5240 oi
3418 5186 3512 5239 τοῦ
3535 5187 3695 5249 Θεοῦ,
3725 5191 3826 5241 ἐὰν
3862 5190 4069 5259 φρονῶο

2510 5295 2609 5348 μεν
2633 5277 2767 5346 ὀρθά
2789 5293 2805 5309 ο
2833 5277 2895 5330 τὸ
2931 5277 3028 5346 μὲν
3050 5276 3140 5328 διά
3167 5277 3266 5345 τὴν
3314 5275 3603 5329 κοινωνίαν
3636 5276 3737 5343 τῆς
3765 5281 3920 5330 κατὰ
3945 5279 4070 5330 Θεὸν

2495 5491 2592 5531 seu
2612 5477 2868 5548 clericum
2886 5478 3225 5539 saecularem,
3251 5484 3310 5530 ut
3337 5476 3710 5548 ῖερομονάχον,
3736 5475 4064 5530 monachum

2497 5545 2870 5601 sacerdotem.

2570 5615 2690 5682 (5")
2724 5614 2836 5669 Hec
2870 5615 2898 5666 λ
2929 5623 3013 5669 εει
3041 5615 3095 5668 in
3120 5615 3364 5684 margine
3389 5615 3546 5682 cujus
3572 5613 3787 5684 reliqua
3811 5616 4066 5679 bibliOpe-

2495 5699 2575 5805 gis
2625 5685 2801 5739 culter
2849 5685 3105 5751 abscidit,
3163 5683 3481 5739 truncatum
3535 5683 3752 5737 videtur
3801 5698 3871 5738 ex
3928 5685 4064 5750 λογι-

2496 5772 2619 5805 κιν.

2496 5772 2619 5824 κην.
