4212 6434
201 325 290 383 ἱῖῖί

1156 332 1255 391 DE
1292 334 1759 396 EMENDANDA
1803 337 1976 397 VITA
2019 343 2484 408 MONACIIICA.
3341 362 3405 423 77

195 430 444 498 ἀγάπης,
486 433 548 485 τδ
581 433 659 495 δὲ,
715 435 797 488 ὅτι
832 436 922 488 τὸν
950 438 1127 505 μέγαν
1161 443 1252 493 καὶ
1288 444 1506 514 πρῶτον
1560 447 1756 516 Ιῐατέρτ

1881 462 1998 499 nem
2037 446 2090 499 in
2142 449 2250 503 Deo
2284 467 2572 520 amorem;
2623 461 2946 526 secundum,
3005 467 3129 532 quia
3193 482 3445 538 magnum

193 522 526 588 κομιούμεθα
551 541 563 554 ·
599 527 659 578 τὸ
697 529 752 580 δὲ
778 531 981 598 τρίτον,
999 533 1078 584 ὅτι
1101 533 1362 601 ἀλλήλους
1390 539 1774 605 ἁναγεννῶμεν

194 613 260 662 τα
289 613 438 672 θεῖα,
468 619 515 666 εἰ
544 618 634 669 τὸν
665 620 762 672 τεῦ
786 621 925 673 Θεοῦ
963 624 1128 690 φόϐον
1160 625 1632 696 συλλαμϐάνοντες
1655 631 1774 682 ὠδί-

192 719 392 769 νομεν,
425 706 519 757 καὶ
560 708 819 777 τίκτομεν
848 714 1122 784 σωτηρίας
1150 718 1388 786 πνεῦμα,
1424 719 1651 782 ἕκαστος
1682 723 1773 774 τὸν

195 792 434 856 πλησίον
463 797 873 863 ἐπωφελοῦντες
900 818 914 831 ·
943 804 1031 854 ὅτε
1062 806 1154 856 καὶ
1186 808 1212 857 ὁ
1237 807 1336 873 μὲν
1369 806 1591 873 ὠφελῶν
1621 812 1774 878 φίλος

193 885 382 951 πατὴρ
427 885 492 938 ἂν
517 888 787 954 λογίζοιτο
816 892 903 946 διὰ
936 895 996 946 τὸ
1021 898 1145 948 κατ’
1173 899 1370 967 ἀρετὴν
1403 903 1713 969 πρεσϐεῖον,
1743 906 1770 956 ὁ

194 975 252 1026 δὲ
291 975 322 1026 (ἶ
343 980 684 1048 φελιύμενος
720 984 801 1044 είς
826 985 1016 1036 τέκνον
1046 989 1313 1040 τάττοιτο.

264 1153 370 1219 vf.
404 1155 594 1223 ’Ἔχεις
623 1161 729 1212 ἰδοὺ
760 1163 851 1212 καὶ
886 1163 1169 1232 δευτέραν,
1201 1160 1246 1216 ὦ
1285 1167 1508 1235 ὁὸελφὲ,
1536 1170 1633 1239 τῆς
1669 1189 1768 1239 με-

189 1250 355 1312 ριλιῆς
394 1250 579 1314 φιλίας
633 1253 932 1318 ἀνάπτυξιν
960 1273 976 1290 ο
1013 1261 1106 1309 καὶ
1145 1258 1352 1324 γένοιτό
1401 1277 1483 1311 σοι
1530 1263 1589 1314 ἐκ
1633 1262 1767 1315 Θεοῦ

182 1339 497 1401 ἐπίπνοια,
557 1348 1042 1412 καταπραττεσοαι
1104 1349 1165 1400 τὸ
1225 1350 1400 1409 οὕτως
1459 1353 1768 1424 ὁλοκλήρως

184 1429 436 1493 φιλικόν.
493 1430 734 1499 Εὖχομαι
766 1435 822 1486 δὲ
855 1435 1014 1489 τοῦτο
1060 1441 1156 1490 οὐκ
1187 1443 1266 1499 εἰς
1301 1441 1501 1510 μάτην,
1535 1444 1653 1495 ἀλλ’
1683 1446 1766 1496 ὅτι

183 1517 380 1584 βλέπω
403 1521 504 1584 τὰς
532 1524 588 1574 ὲν
620 1527 731 1586 τοῖς
762 1527 903 1579 κατὰ
937 1531 992 1581 σὲ
1031 1532 1401 1601 ἀδελφιὶτητας
1434 1536 1768 1604 ψιλουμένας

182 1611 334 1662 κατὰ
380 1613 574 1680 μέρος
605 1617 700 1668 καὶ
725 1617 857 1670 αὐτὸ
889 1622 1009 1690 οὐχὶ
1042 1624 1364 1693 ἁδρομερὲς,
1399 1626 1533 1678 ἀλλᾶ
1569 1627 1764 1698 μικροῦ

179 1701 424 1769 ἀμερές.
487 1706 560 1756 Τὸ
600 1707 654 1758 δὲ
700 1709 894 1773 αἴτιον,
951 1715 1030 1764 ὅτι
1068 1713 1349 1780 δυσμελῶς
1405 1718 1653 1786 ἁρμόττῃ
1706 1721 1765 1770 τὸ

1876 546 1928 588 et
1965 539 2194 606 primum
2235 554 2443 610 patrem
2492 546 2761 602 habemus
2818 569 3204 624 communem;
3252 569 3301 612 et
3339 567 3449 612 ter-

1879 623 2031 690 tium,
2065 628 2192 695 quia
2231 630 2321 682 alii
2352 632 2489 687 alios
2534 636 2587 688 in
2644 636 2844 693 divinis
2898 643 3056 698 rebus
3101 623 3446 713 generamus,

1875 717 1922 770 si
1957 717 2202 772 timorem
2237 717 2329 772 Dei
2374 725 2764 794 concipientes,
2796 729 3203 800 ingemiscimus
3231 744 3285 789 et
3320 751 3446 804 par-

1876 810 2104 863 turimus
2135 812 2384 880 spiritum
2425 815 2639 880 salutis,
2672 820 2903 889 quisque
2948 825 3252 889 proximum
3285 827 3445 894 adju-

1874 905 2069 953 vantes
2096 921 2106 952 :
2138 903 2360 969 quando
2391 904 2483 973 qui
2526 905 2746 976 adiuvat
2808 927 2874 966 ex
2920 915 3078 968 senili
3116 916 3314 972 virtute
3347 933 3445 987 pa-

1874 995 1957 1038 ter
2005 989 2256 1045 amabilis
2310 993 2418 1048 dici
2481 1004 2702 1066 potest,
2751 1011 2804 1054 et
2853 1005 2946 1073 qui
3008 1007 3298 1075 adjuvatur
3344 1023 3445 1077 pro

1876 1077 1986 1131 lilio
2015 1083 2274 1148 reputari.

1947 1169 2034 1223 55.
2071 1170 2208 1225 Ecce
2238 1188 2435 1227 nm'am
2464 1177 2654 1242 babes,
2683 1178 2754 1232 mi
2789 1167 2980 1248 frateP,
3023 1187 3271 1254 partialis
3310 1191 3446 1243 ami-

1871 1261 2014 1314 citia:
2046 1262 2442 1333 deﬁnitionem,
2480 1277 2534 1322 et
2575 1272 2781 1325 utinam
2819 1283 2872 1328 te
2921 1276 3058 1332 Dens
3112 1280 3341 1349 inspiret
3375 1283 3443 1338 ad

1873 1354 2194 1407 servandam
2231 1356 2380 1409 illam
2406 1359 2766 1414 universalein
2798 1366 3116 1425 amicitiam.
3145 1369 3300 1434 Quod
3337 1389 3442 1429 non

1871 1452 1999 1510 opto
2029 1446 2082 1497 in
2117 1461 2356 1513 vanum;
2417 1451 2616 1504 etenim
2679 1453 2833 1506 video
2891 1457 3087 1513 fratres
3142 1468 3266 1517 tuos
3312 1478 3442 1531 par-

1873 1535 1990 1600 tim,
2025 1551 2132 1589 non
2177 1552 2367 1606 magna
2398 1555 2463 1594 ex
2495 1551 2665 1608 parte,
2716 1544 2811 1598 sed
2863 1545 3003 1601 forte
3046 1551 3214 1614 nulla,
3244 1555 3441 1607 amari.

1869 1626 2045 1681 Causa
2081 1635 2165 1681 est
2197 1629 2516 1697 discrepans
2563 1636 2857 1689 concordia
2907 1639 3068 1692 trium
3124 1641 3441 1697 facultatum

1869 1720 2085 1783 animae,
2113 1728 2217 1773 tua:
2250 1721 2494 1788 quidem.
2535 1733 2587 1777 et
2638 1725 2864 1801 fratrum
2907 1737 3122 1784 tuorum
3153 1735 3440 1816 :‘n'eoira-

180 1791 489 1858 οὑμφωνον
528 1796 623 1847 τοῦ
658 1800 941 1867 τριαδικοῦ
973 1803 1071 1870 τῆς
1103 1803 1304 1873 ψυχῆς,
1338 1807 1432 1858 τοῦ
1471 1824 1530 1858 τε
1569 1810 1624 1859 ἐν
1659 1811 1756 1874 σοὶ1

1868 1810 2060 1864 scibile
2093 1811 2297 1872 frenas,
2331 1818 2390 1864 ut
2424 1826 2588 1879 supra
2641 1795 2915 1883 diximus;
2947 1836 3047 1875 nec
3097 1799 3445 1899 concupisci-

176 1887 282 1934 καὶ
326 1884 424 1935 τοῦ
452 1889 592 1940 κατὰ
621 1890 720 1957 τὴν
749 1891 1106 1961 ἀδελφότητα·
1137 1896 1226 1947 καὶ
1256 1896 1378 1947 οὔτε
1402 1898 1526 1959 τοὺς
1556 1898 1761 1966 Θυμοὺς

179 1981 435 2043 μετρεῖς,
460 1979 534 2037 ὠς
559 1981 822 2050 ἀνωτέρω
852 1982 1134 2049 ἐλέγομεν,
1180 1987 1302 2037 οὗτε
1326 1988 1423 2049 τὰς
1457 1989 1760 2057 ἐπιθυμίας

175 2071 574 2135 συξλ-ειεὰζεις,
631 2073 706 2133 ὡς
753 2075 780 2125 ὀ
828 2076 1009 2128 κανὼν
1049 2078 1320 2139 βούλεται’
1364 2081 1456 2131 καὶ
1486 2081 1544 2130 τὸ
1584 2080 1761 2131 κοινὸν

169 2163 232 2215 δὲ
262 2164 489 2229 λογικὶν
513 2165 571 2216 ὲν
599 2168 735 2234 ἡμῖν
767 2168 1120 2234 τετάρακται’
1155 2171 1246 2222 καὶ
1281 2171 1340 2222 οὗ
1375 2172 1649 2240 κατέχεις,
1679 2173 1761 2224 ὅτι

170 2255 283 2306 οὐκ
323 2256 475 2307 ἐστιν
511 2256 635 2309 οὔτε
669 2258 989 2325 ἀδελφότης,
1023 2261 1143 2312 οὔτε
1188 2263 1360 2326 φιλία,
1403 2263 1530 2315 οὔτε
1582 2280 1759 2315 κοινο-

169 2348 434 2415 ειαρχία,
465 2347 588 2399 οὔτε
616 2347 750 2417 ἄλλη
785 2366 869 2412 τις
897 2352 1152 2404 κοινωνία
1179 2353 1294 2423 (καὶ
1325 2356 1386 2406 οὐ
1411 2355 1558 2421 λέγω
1593 2355 1760 2422 μόνον

168 2439 284 2504 τὴν
315 2442 713 2509 πνευματικὴν,
747 2443 882 2494 ἀλλὰ
932 2448 1024 2497 καὶ
1083 2450 1263 2500 πᾶσαν
1324 2449 1599 2516 ἑτεροίαν)
1627 2449 1683 2499 ὲν

169 2533 284 2583 οἰκ
311 2533 461 2583 ἔστιν
500 2533 682 2600 ἰσότης
713 2534 956 2600 ἔλλογος,
991 2538 1088 2587 καὶ
1126 2540 1157 2604 ὴ
1188 2537 1439 2590 ἐντεῦθεν
1478 2541 1752 2608 ἰσηγορία.

168 2623 253 2674 Τὸ
291 2623 405 2689 γὰρ
434 2625 691 2691 ἀνόμοιον
719 2625 812 2676 καὶ
858 2626 1042 2678 ἄνισον
1090 2630 1416 2697 συγχυτικὸν
1452 2631 1755 2698 πανταχοῦ,

165 2717 268 2765 ὅτε
305 2718 384 2782 μὴ
421 2715 559 2766 κατᾶ
601 2716 760 2782 λόγον
797 2718 1162 2781 ἀποτελεῖται,
1200 2719 1258 2770 ὃν
1285 2719 1506 2773 δύναται
1548 2723 1648 2789 μέν
1676 2739 1756 2783 τις

167 2806 276 2857 καὶ
315 2809 694 2874 γεωμετρικὸν
721 2808 918 2872 εἰπεῖν,
956 2809 1011 2870 ὃς
1046 2810 1104 2860 ὲν
1137 2811 1413 2876 ἀνομοίοις
1462 2812 1757 2879 ὁμοιότητα

167 2896 469 2963 ςυλὰττει·
511 2897 746 2964 μάλιστα
779 2898 835 2949 δὲ
869 2899 1050 2959 καλῶς
1083 2900 1149 2950 ἂν
1179 2900 1324 2952 εἴποι
1360 2906 1754 2970 πνευματικὸν,

163 2986 260 3036 ὅτι
297 2987 394 3036 γαί
419 2985 802 3049 ἁποατολικδν,
831 2978 891 3037 οὗ
919 2986 1126 3054 Θεωρία
1157 2989 1252 3041 καὶ
1281 2990 1365 3041 τόο
1406 2992 1526 3059 «Μὴ
1556 2993 1755 3053 πάντες

164 3076 491 3137 ἀπόστολοι,
529 3095 546 3126 ι
597 3078 690 3129 και
718 3080 786 3130 τά
827 3078 980 3142 ἑξῆς·
1011 3080 1149 3146 ὅπερ
1196 3082 1288 3130 καὶ
1320 3081 1383 3132 σὺ
1413 3079 1472 3133 εὖ
1500 3083 1674 3146 εἰδὼς.
1709 3079 1754 3136 ὦ

167 3170 621 3243 μεγαλομὸναχε,
653 3171 800 3238 ὅμως
833 3172 894 3223 οὑ
927 3172 1099 3235 θέλεις
1126 3173 1473 3240 ὲξακριῦοὖψ
1498 3176 1596 3236 ὡς,
1630 3178 1744 3244 εἴγε

1863 1901 1971 1953 bile
2010 1901 2313 1970 componis,
2345 1911 2402 1956 ut
2447 1906 2684 1972 postulat
2713 1909 2896 1976 regula
2927 1927 2943 1974 ;
2973 1928 3096 1966 nam
3130 1905 3444 1982 communis

1865 1994 2008 2045 ratio
2047 1993 2100 2046 in
2174 1994 2332 2049 nobis
2391 2001 2717 2052 conturbata
2752 2011 2902 2068 .est;
2967 2019 3067 2058 nec
3132 2008 3443 2063 recordaris

1864 2085 2060 2138 abesse
2095 2085 2510 2153 fraternitatem,
2544 2098 2598 2142 et
2645 2091 2968 2159 amicitiam,
3022 2075 3256 2150 etvitam
3294 2113 3443 2154 com-

1861 2191 2104 2239 munem,
2137 2185 2190 2229 et
2239 2193 2624 2250 quamcunque
2689 2182 3160 2252 communitatem,
3185 2189 3315 2258 (non
3350 2206 3444 2244 so.

1859 2265 1966 2320 lam
2022 2267 2148 2321 dico
2191 2270 2556 2336 spiritualem,
2605 2274 2698 2327 sed
2766 2277 3066 2344 quamlibet
3117 2278 3325 2348 aliam),
3349 2281 3439 2335 ubi

1859 2357 2012 2411 deest
2029 2357 2376 2413 rationabilis
2404 2363 2973 2440 aequalitasg'itemque
2993 2368 3250 2438 loquendi
3277 2371 3444 2425 liber-

1860 2455 1965 2500 tas.
2006 2445 2139 2512 Quae
2167 2449 2312 2502 enim
2342 2451 2555 2506 diversa
2615 2465 2669 2508 ct
2700 2455 2990 2525 inaequalia
3043 2467 3191 2524 sunt,
3225 2477 3443 2532 semper

1860 2539 2268 2604 disturbantur,
2303 2542 2410 2596 nisi
2461 2543 2785 2600 ordinentur
2829 2551 3042 2604 ratione
3095 2567 3256 2621 quam
3314 2569 3442 2623 geo-

1861 2631 2144 2685 metricam
2202 2634 2402 2702 aliquis
2464 2639 2640 2704 poteSt
2692 2639 2873 2693 dicere
2925 2642 3344 2699 similitudinem
3382 2646 3434 2698 in

1860 2721 2229 2781 dissimilibus
2289 2737 2584 2794 servatam,
2621 2741 2675 2784 et
2731 2733 2972 2788 maxime
3014 2736 3353 2804 spiritualem
3385 2747 3440 2792 et

1859 2816 2238 2881 apostolicam,
2301 2821 2461 2886 cujus
2517 2821 2630 2875 lucc
2669 2835 2754 2879 est
2793 2826 3042 2882 tlieoria:
3083 2847 3102 2878 ι
3143 2829 3261 2883 Νοη
3323 2845 3442 2883 om—

1859 2919 1958 2959 nes
2003 2909 2258 2974 apostoli,
2293 2927 2312 2961 ι
2349 2919 2402 2964 et
2433 2912 2638 2982 reliqua
2669 2916 2706 2948 ¹¹
2737 2933 2752 2981 ;
2791 2918 2934 2985 quod
2995 2918 3201 2987 optime
3263 2922 3432 2983 nosti,

1860 3008 1894 3048 ο
1949 3011 2144 3062 magne
2218 3004 2508 3068 monaclte,
2561 3008 2824 3072 perlicere
2879 3017 3064 3062 autem
3135 3025 3243 3063 non
3311 3011 3434 3065 vis:

1858 3101 2010 3152 nam,
2039 3098 2092 3143 te
2141 3091 2385 3157 volente,
2433 3109 2664 3152 necesse
2708 3105 2830 3152 erat
2886 3100 3183 3166 quemlibet
3214 3100 3435 3154 obvium

1855 3179 2103 3244 fratrem,
2136 3191 2196 3236 ut
2247 3183 2424 3249 decet,
2453 3207 2478 3241 a
2527 3196 2580 3242 te
2631 3191 2819 3254 statui,
2860 3190 2948 3244 ubi
2986 3191 3293 3260 oportebat.

163 3269 311 3320 αὐτὸ
387 3267 612 3337 ἤθελες,
681 3267 851 3336 ἐχρῆν
922 3285 979 3319 σε
1060 3271 1506 3338 προσφερόμενον
1560 3271 1787 3336 ἅπασιν,
1861 3275 1936 3338 ὡς
1995 3276 2257 3346 ἔπρεπεν,
2294 3280 2672 3350 ἀποκαθιστᾷν
2717 3281 2950 3338 ’ἑκαστον
3003 3282 3257 3352 ἀδελφὸν,
3304 3284 3434 3340 ἔνθα

162 3361 306 3414 Est.

242 3451 340 3504 νδ’.
387 3452 613 3514 Πάντως
637 3452 692 3504 δὲ
728 3454 809 3506 δεῖ
836 3455 927 3504 τδν
960 3453 1060 3522 μὲν
1091 3456 1228 3521 μετά
1268 3456 1466 3524 ἀρετῆς
1506 3473 1746 3522 πρακτι-

160 3542 270 3593 κὴν
301 3542 718 3606 ἐγκαθιστάνειν
764 3546 877 3604 τοῖς
928 3547 1389 3612 μοναστηριακοῖς
1431 3546 1748 3612 πράγμασι,

158 3634 263 3684 τὸν
292 3633 350 3684 δὲ
383 3633 642 3684 δοκοῦντα
683 3635 778 3699 μὲν
811 3634 1028 3700 εὐφυῶς
1064 3635 1210 3703 ἔχειν
1246 3637 1574 3703 ἐπιπρέπειν
1605 3637 1751 3704 ἔργῳ

158 3724 426 3792 τοιυὺτῳ,
462 3724 536 3792 μή
553 3742 630 3775 κω
653 3723 708 3775 δὲ
749 3725 1203 3792 πληροφοροίντα
1238 3728 1336 3793 τὴν
1368 3727 1625 3796 τοιαύεην
1663 3727 1752 3779 δύο

159 3830 364 3880 κησιν,
395 3814 748 3880 παραδιδόναι
784 3815 860 3880 τῷ
894 3815 1015 3866 κατ’
1041 3815 1244 3882 ἀρετὴν
1289 3817 1663 3884 πραγματικῷ
1693 3820 1748 3868 ἐν

158 3907 283 3963 τοῖς
324 3904 446 3966 ἔξιθ’
501 3904 586 3955 ἵνα
640 3905 1067 3971 συνεζευγμένος
1101 3907 1318 3972 ἐκείνῳ,
1365 3902 1454 3958 οἷα
1489 3908 1582 3958 καὶ
1621 3906 1748 3974 βοῦς

162 3996 474 4062 ἀπείρατος
527 3995 839 4062 ὲργατείας,
892 3998 1136 4067 μανΟάνῃ
1193 4002 1601 4067 συγγεωργεῖν·
1651 4001 1747 4052 καὶ

163 4085 368 4155 μαῠὼν
407 4085 506 4152 μὲν
535 4086 877 4154 ἁποταχθεεη
904 4088 996 4138 καὶ
1026 4087 1189 4148 αὐτὸς
1220 4091 1276 4148 ἐς
1302 4089 1428 4156 βοῦν
1456 4093 1749 4159 ὲργατικθιν

162 4179 512 4232 διδασκαλοιν
548 4179 781 4248 σκληρὸς
827 4179 882 4230 δὲ
916 4181 1187 4242 ἀπεκὸας,
1239 4181 1316 4242 ὼς
1368 4185 1487 4234 καὶ.
1518 4183 1748 4251 ἄροτρον

161 4269 506 4338 συντρίϐειν,
535 4270 627 4320 καὶ
649 4269 866 4337 ἄμαξαν
896 4272 1194 4340 κατακλᾷν,
1215 4274 1310 4324 καὶ
1333 4273 1506 4334 οὕτως
1531 4276 1746 4343 ἀχρεῖος

159 4358 334 4419 εἶναι,
368 4361 690 4428 ἐπιταχθείη
726 4361 854 4414 ἄλλο
911 4379 965 4413 τι
1026 4362 1188 4429 ἔργον
1229 4366 1425 4425 ποιεῖν,
1461 4365 1526 4416 δι’
1572 4359 1633 4418 οὗ
1669 4366 1742 4435 μὴ

162 4454 282 4520 ἔχει
316 4449 579 4518 βλάπτειν
609 4453 666 4503 τδ
710 4455 1094 4522 μοναστήριον·
1135 4455 1196 4506 οὐ
1232 4456 1339 4524 μὴν
1381 4456 1523 4511 οὕτω
1575 4459 1745 4528 σκλη-

167 4542 517 4610 ροτρὰχηλον
539 4541 902 4610 ἐληλεγμένον
938 4543 1290 4612 ὑπερτιθέναι
1331 4545 1425 4598 καὶ
1466 4548 1744 4613 προτιμᾶ-

164 4633 295 4684 σθαι
321 4630 416 4682 τοῦ
447 4632 751 4699 ταλαεργοῦ
789 4634 884 4685 καὶ
911 4633 1190 4703 σώφρονος
1246 4637 1458 4688 ἐκείνου
1491 4637 1633 4705 βοὸς,
1667 4639 1742 4699 ὡς

1925 3455 2013 3510 54.
2049 3455 2277 3524 Oportet
2336 3459 2495 3526 plane
2529 3461 2792 3528 optimum
2843 3464 3154 3532 operarium
3193 3467 3437 3536 negotiis

1855 3550 2174 3600 monasterii
2227 3564 2286 3602 se
2319 3551 2616 3618 applicare,
2667 3552 3056 3624 hominemque
3112 3561 3204 3626 qui
3272 3570 3436 3614 natus

1852 3639 2068 3692 videtur
2097 3641 2161 3692 ad
2205 3643 2320 3694 haec
2352 3657 2518 3710 Opera
2569 3660 2827 3713 prospere
2893 3649 3119 3716 agenda,
3173 3650 3250 3702 illi
3282 3653 3435 3720 operi

1854 3745 1912 3783 se
1943 3731 2230 3796 addicere;
2256 3746 2492 3802 eumque
2521 3735 2613 3801 qui
2648 3735 2788 3789 hanc
2805 3751 2956 3802 spem
2988 3752 3094 3791 non
3128 3737 3302 3805 aﬂert,
3336 3756 3436 3807 op-

1854 3825 1988 3876 timo
2047 3826 2300 3892 Operario
2341 3827 2395 3879 in
2439 3827 2601 3880 rebus
2654 3828 3018 3883 exterioribus
3053 3832 3305 3897 tradere;
3343 3830 3432 3884 cui

1850 3915 2242 3982 Colligatus,nt
2289 3916 2388 3969 bos
2422 3918 2611 3970 arandi
2662 3918 2906 3983 nescius,
2964 3920 3139 3975 discat
3171 3936 3276 3976 una
3311 3936 3434 3975 ara-

1850 4019 1928 4058 re.
1983 4005 2049 4059 Et
2121 4020 2246 4059 cum
2307 4005 2582 4070 didicerit,
2641 4009 2759 4077 ipse
2811 4018 2870 4063 ut
2927 4011 3022 4064 bos
3087 4015 3432 4080 cperarido-

1849 4109 1980 4149 cens
2050 4105 2365 4162 statuetur;
2407 4112 2439 4152 e
2501 4107 2689 4152 contra
2759 4115 2881 4154 cum
2935 4101 3185 4156 indoctus
3248 4118 3431 4158 evase-

1848 4188 1939 4253 rit,
1974 4188 2045 4241 ita
2087 4196 2146 4241 ut
2204 4199 2442 4242 aratrum
2506 4190 2858 4260 confringat,
2910 4193 3213 4260 plaustrum
3274 4209 3431 4247 rum.

1847 4285 1960 4346 pat,
1991 4287 2041 4332 et
2092 4279 2164 4332 sit
2210 4280 2441 4341 inutilis,
2489 4282 2557 4334 ad
2618 4281 2838 4349 aliquod
2918 4283 3063 4336 aliud
3093 4299 3230 4352 opus
3280 4285 3430 4338 ordi-

1845 4367 2090 4434 nabitur,
2143 4383 2172 4422 a
2227 4384 2336 4438 quo
2397 4370 2783 4424 detrimentum
2847 4375 3243 4427 monasterium
3319 4391 3427 4428 non

1847 4459 2044 4526 capiat.
2105 4457 2289 4526 Neque
2347 4459 2645 4516 indomitus
2697 4463 2793 4515 bos
2854 4467 3270 4531 anteponendus
3321 4474 3424 4528 est,

1845 4552 1898 4598 et
1955 4545 2125 4613 magis
2166 4543 2542 4611 honorandus,
2589 4563 2748 4614 quam
2801 4549 2889 4602 itle
2943 4551 3152 4618 peritus
3200 4557 3254 4604 et
3339 4565 3428 4604 sa—

1849 4636 2019 4703 piens,
2063 4637 2136 4690 ita
2180 4646 2240 4690 ut
2314 4639 2673 4706 posteriorem
2744 4642 3220 4696 condemnandum
3289 4659 3428 4712 pone

161 4723 335 4775 αὑτὸν
371 4721 470 4790 μὲν
506 4726 852 4793 παρατηρεῖν
900 4727 1384 4794 καταγνωστικῶς,
1421 4728 1498 4798 τῷ
1532 4730 1588 4782 δὲ
1637 4747 1739 4781 κα-

1852 4729 2124 4792 οὺςειδνοε,
2150 4728 2496 4797 prioremque
2525 4731 2767 4795 emittas,
2798 4748 2971 4799 neque
3003 4733 3102 4784 hoc
3126 4734 3308 4798 modo,
3330 4735 3425 4788 sed

160 4814 392 4882 κνὺργῳ
425 4813 618 4880 ἐκείνῳ
644 4816 856 4882 ἐφιέναι
896 4815 962 4867 τὰ
994 4819 1294 4887 γεωργικάο
1327 4819 1427 4871 οὐκ
1467 4821 1599 4873 αὐτὸ
1637 4821 1738 4890 μό-

159 4923 278 4965 νον,
318 4905 453 4957 ἀλλὰ
489 4905 583 4957 καὶ
615 4908 878 4976 περιορᾷν
902 4908 1111 4960 ἐκεῖνον
1142 4911 1596 4979 καταοκιρτῶντα
1639 4912 1740 4978 τῆς

159 4996 375 5061 ἀζιωῆς,
412 4994 534 5048 οὗτε
569 4995 840 5061 ἀλοῶντα,
874 4997 951 5060 ὡς
987 4997 1061 5067 μὴ
1113 4999 1282 5067 φιμοῦ
1321 4999 1558 5064 δέεσθαι,
1600 5003 1737 5056 ἀλλὰ

158 5091 286 5157 εἰκῆ
330 5088 688 5143 κατεσθίοντα
734 5090 801 5142 τὰ
857 5089 1174 5160 δράγματα,
1224 5091 1346 5145 οὔτε
1395 5094 1736 5162 ἀπεχόμενον

159 5181 260 5234 τοῦ
294 5183 628 5251 σπαράττειν
654 5183 714 5235 τὸ
758 5186 1027 5254 τρόφιμον
1059 5188 1156 5239 σὺν
1185 5187 1262 5252 τῷ
1311 5189 1403 5239 καὶ
1433 5188 1734 5254 ἀμύνεσθαι

162 5273 418 5340 κέρασιν,
454 5272 612 5336 εἴτις
643 5274 1014 5344 προσπελάσει
1045 5277 1244 5330 ἐθέλων
1276 5275 1615 5330 ἀποκωλύειν
1638 5278 1732 5332 τοῦ

160 5362 640 5431 καταὸισρώσκειν
670 5365 738 5417 τὰ
770 5369 868 5436 τῆς
902 5368 1090 5437 μονῆς.

232 5458 330 5506 νε’.
368 5453 478 5505 Καὶ
528 5455 696 5525 ἐχρῆν
735 5459 834 5526 μὲν
877 5459 1016 5513 οὕτω
1059 5460 1327 5526 γίνεσθαι,
1365 5462 1440 5524 ὡς
1496 5460 1726 5529 ἔφαμεν·

160 5545 222 5597 εὖ
248 5545 459 5611 γίνεται
492 5545 570 5604 δέ.
603 5547 703 5600 Διὰ
728 5549 818 5615 τί;
850 5549 974 5605 Ὀτι
1012 5553 1110 5621 τῆς
1151 5552 1360 5615 ἅλωνος
1408 5553 1726 5620 ἀπελαθεὶς,

243 5703 283 5733 ”
323 5701 339 5755 l
389 5701 514 5756 Cor.
577 5717 672 5766 xu,
706 5705 798 5759 ‘29.

1844 4833 1970 4872 cum
2021 4817 2208 4872 \ideas
2237 4819 2288 4871 in
2347 4833 2472 4873 area
2557 4821 2880 4882 saltantem,
2917 4837 3020 4873 non
3077 4824 3421 4876 triturantcm

1844 4919 1904 4964 ut
1964 4925 2026 4963 os
2083 4910 2298 4979 alligari
2353 4926 2459 4964 non
2521 4911 2595 4964 sit
2653 4926 2920 4975 necesse,
2957 4914 3050 4967 sed
3117 4914 3426 4981 manipulos

1842 4999 2048 5069 passim
2119 5010 2472 5070 carpentem,
2523 5016 2551 5052 a
2613 5001 2735 5054 cibo
2800 5001 3013 5055 edendo
3091 5017 3197 5054 non
3276 5000 3423 5054 desi-

1844 5102 2096 5157 stentem,
2137 5101 2192 5148 et
2249 5094 2511 5148 cornibus
2565 5103 2920 5158 avertentem,
2955 5094 3000 5147 si
3054 5094 3177 5160 quis
3209 5092 3423 5147 accedit

1846 5201 1914 5241 ne
1956 5187 2098 5240 bona
2140 5185 2456 5240 monasterii
2515 5185 2815 5254 disperdat,
2854 5186 3234 5254 impediturus.

1910 5461 1996 5516 55.
2023 5460 2097 5515 Ita
2127 5459 2244 5516 fieri
2273 5461 2583 5528 oportebat,
2618 5467 2676 5513 ut
2708 5459 2981 5524 diximus;
3005 5468 3302 5513 nectamen
3333 5457 3419 5515 fa-

1836 5563 1981 5611 ctum
2026 5564 2128 5609 est.
2184 5551 2356 5618 Quam
2405 5553 2474 5607 ob
2507 5554 2772 5608 causam?
2808 5554 2933 5622 quia
2997 5568 3063 5608 ex
3111 5569 3234 5609 area
3283 5567 3416 5623 pro-
