4212 6434
790 406 902 466 775

1501 395 1932 460 EUSTATHII
1968 390 2739 456 THESSALONICENSIS
2769 389 3343 451 METROPOLITAZ

3951 391 4070 461 776

788 518 1000 587 pulsus,
1066 512 1134 568 ad
1206 521 1259 565 te
1325 506 1673 576 confugiens,
1732 505 1802 558 mi
1841 504 2031 565 frater,
2084 515 2376 574 pOSIquam

2494 500 2576 552 καὶ
2606 503 2686 562 είς
2721 499 2781 553 σὲ
2809 499 3195 570 προσδραμὼν.
3226 492 3271 551 ὧ
3298 497 3517 566 άδελφὲ,
3543 501 3639 554 καὶ
3668 499 3736 553 τὰ
3762 503 3862 570 μὲν
3884 505 4076 558 πλείω

785 609 944 679 plura
1010 603 1282 663 comedit,
1313 601 1574 668 misitque
1612 600 1665 652 in
1727 605 1997 659 ventrem,
2053 610 2217 649 unam
2263 594 2379 662 spio

788 713 910 751 cam
949 704 1042 749 aut
1079 695 1308 746 alteram
1339 691 1500 745 labiis
1534 691 1852 752 admovens,
1893 688 2112 742 seducit
2136 686 2383 739 clemen-

790 787 926 840 tiam
995 794 1142 836 tuam
1178 782 1435 836 mirantis
1501 778 1708 848 aliquid
1771 778 1918 848 quod
1989 777 2176 831 tritum
2247 789 2382 828 con-

792 875 918 934 lirit,
999 883 1058 926 ut
1135 875 1338 926 bonum
1432 869 1631 924 aﬂerre
1712 869 1780 924 ad
1853 882 2004 922 tuum
2089 864 2379 934 judicium,

793 971 857 1022 Et
911 968 1052 1022 idem
1102 967 1286 1022 videre
1336 965 1509 1019 estin
1549 965 1698 1016 omni
1744 964 1851 1016 alio
1917 957 2162 1014 servitio.
2201 957 2381 1014 Minus

794 1062 1057 1115 laudatur
1109 1063 1266 1114 homo
1321 1059 1413 1127 qui
1479 1059 1690 1110 vineam
1753 1055 1950 1122 diligit,
1979 1061 2033 1106 et
2087 1051 2382 1119 anteponi-

792 1165 883 1209 tur
907 1168 1248 1208 racemomm
1281 1150 1475 1205 artifex
1506 1170 1518 1203 :
1556 1153 1696 1201 alius
1723 1147 1946 1214 quidam
1983 1143 2384 1198 condemnatur

792 1264 859 1299 eo
910 1247 1054 1313 quod
1133 1245 1422 1296 humilium
1501 1242 1782 1293 vinearqu
1859 1255 1966 1292 non
2048 1240 2383 1290 misereatur

801 1348 1128 1389 (llttlSlal'lllll
1215 1335 1479 1388 fructibus
1561 1333 1845 1402 gravibus,
1905 1339 1958 1383 et
2045 1331 2109 1383 ad
2177 1340 2382 1383 terram

799 1440 1236 1495 prostraturum;
1302 1427 1443 1480 alius
1500 1434 1679 1478 autem
1731 1423 1983 1477 laudatur
2059 1421 2191 1490 quia
2264 1435 2383 1474 sar-

802 1531 982 1576 menta
1041 1521 1306 1586 permittit
1377 1517 1682 1586 quiescere,
1733 1515 1950 1569 sublato
2013 1513 2189 1566 nimio
2245 1528 2383 1581 pon-

800 1616 953 1676 dere,
1004 1625 1058 1663 et
1108 1627 1172 1665 ea
1233 1611 1298 1664 ad
1342 1610 1514 1672 magis
1575 1606 1980 1661 ﬂoresccudum
2054 1615 2243 1672 postea
2286 1605 2383 1658 ad-

799 1706 973 1759 ducit.
1023 1705 1080 1757 Si
1155 1705 1278 1771 quis
1315 1699 1549 1754 iuratum
1581 1700 1644 1752 ad
1705 1709 1910 1767 patrem
1969 1696 2222 1764 proiecit,
2279 1696 2383 1752 hoc

806 1799 874 1851 ad
960 1798 1193 1852 salutem
1267 1797 1316 1848 ei
1400 1793 1492 1859 qui
1569 1801 1856 1861 peceatum
1932 1789 2224 1842 confessus
2299 1797 2384 1842 est

2485 593 3046 661 καταμασησάμενος,
3077 591 3173 644 καὶ
3200 592 3282 654 είς
3310 592 3554 659 γαστέρα
3599 595 3847 662 πέμψας,
3876 597 3980 648 ἱνα
4009 597 4076 650 δὲ

2485 683 2711 752 στάχυν,
2747 685 2890 754 ἦπου
2932 682 3144 736 καὶδύο
3166 683 3276 734 τῶν
3315 684 3543 753 χειλέων
3578 685 4070 754 προϐεϐλημένος⁹

2483 774 2736 842 γοητεύει
2757 774 2856 844 τὴν
2882 775 2939 826 ὲν
2971 775 3052 826 σοὶ
3078 775 3407 836 ἐπιείκειαν,
3435 775 3761 842 ἀγαπῶσαν,
3781 777 3864 829 ὅτι
3895 777 4081 830 καλόν

2483 884 2535 920 τι
2566 868 2940 936 παρακομίζει
2978 870 3040 936 τῇ
3076 867 3349 932 διακρίσει
3379 883 3497 929 σου,
3527 867 3555 919 δ
3590 867 3917 936 ψωχόμενον
3945 887 4080 922 συν.

2483 957 2644 1012 τελεῖ.
2671 957 2745 1010 Τὸ
2766 957 2812 1009 δ’
2846 959 2979 1010 αὐτὸ
3012 959 3104 1010 καὶ
3126 959 3218 1009 ὲπὶ
3251 959 3432 1026 πάσης
3459 958 3627 1026 ἄλλης
3651 961 3759 1027 πλη
3770 961 4083 1028 μμελείται

2483 1047 2781 1108 διακονίας.
2818 1046 2878 1098 '0
2933 1047 3024 1099 ἐπὶ
3074 1045 3168 1098 τοῦ
3221 1046 3550 1114 ἀμπελῶνος
3599 1046 3806 1110 ἀγαθὸς
3859 1045 3965 1111 μὲν
3995 1046 4084 1096 ὢν

2484 1137 2996 1204 παρευδοκιμεῖται,
3051 1137 3538 1205 προσλαμϐάνεται
3571 1137 3629 1189 δὲ
3687 1140 3716 1190 ὁ
3767 1138 3912 1189 κατὰ
3961 1136 4082 1188 τῶν

2487 1224 2728 1295 βοτρύων
2764 1225 3018 1293 ἐνεργής·
3047 1227 3074 1276 ὁ
3115 1225 3213 1292 μὲν
3249 1225 3826 1292 καταγινωσκὸμενος,
3884 1220 4081 1290 οἶμαι,

2485 1319 2566 1371 ὅτι
2620 1316 2693 1384 μὶ·
2756 1316 2896 1368 ἐλεεῖ
2923 1317 3022 1377 τὰς
3054 1316 3321 1378 ταπεινὰς
3374 1316 3656 1380 ἀμπέλους
3691 1317 4083 1386 βαρυνομένας

2489 1409 2717 1475 ἐπαχθεῖ
2740 1411 2817 1478 τῷ
2847 1410 3068 1480 καρπῷ,
3094 1410 3168 1474 ὡς
3206 1412 3299 1462 καὶ
3325 1410 3717 1462 κατασπᾶσθαι
3745 1412 3824 1472 είς
3859 1410 3966 1478 γῆν
3995 1426 4011 1439 ·
4053 1411 4085 1460 ὁ

2488 1501 2545 1553 δὲ
2573 1500 2988 1569 εύλογούμενος,
3011 1500 3091 1553 ὅτι
3115 1501 3386 1554 ἀναπαύει
3417 1502 3486 1552 τὰ
3517 1501 3796 1568 κλήματα,
3829 1503 3890 1554 τὸ
3923 1500 4074 1553 πολὺ

2487 1593 2582 1646 τοῦ
2622 1593 2825 1662 βάρους
2866 1595 3118 1662 ἀπάγων,
3170 1595 3267 1645 καὶ
3323 1594 3499 1655 οὕτως
3552 1593 3836 1644 ἐνδίδωσιν
3885 1594 4084 1655 αὐτοῖς

2490 1686 2582 1737 ἐπὶ
2620 1684 2783 1737 πλέον
2816 1686 3032 1738 θάλλειν
3063 1689 3118 1748 ὲς
3151 1686 3346 1739 νέωτα.
3374 1686 3435 1738 Ei
3466 1687 3525 1739 δέ
3559 1703 3610 1738 τι
3634 1684 3731 1737 τοῦ
3753 1685 4088 1752 κλέμματος

2490 1781 2584 1831 καὶ
2617 1777 2694 1847 τῷ
2729 1779 2900 1845 πατρὶ
2936 1780 3268 1848 προσφέρει,
3301 1778 3438 1832 ἀλλὰ
3474 1779 3638 1831 τοῦτο
3677 1781 3756 1840 εἰς
3793 1778 4090 1847 σωτηρίαν

801 1881 968 1959 idque
1016 1891 1152 1958 patri
1183 1905 1213 1942 a
1273 1887 1544 1956 principio
1575 1885 1796 1944 evolvit,
1832 1883 2168 1949 deputatur:
2203 1893 2253 1934 et
2305 1879 2385 1934 sic

2494 1871 2687 1940 ἱκείνῳ
2717 1871 2964 1938 κρίνεται
2993 1871 3565 1938 ἀνθομολογησαμένῳ
3589 1872 3651 1922 τὸ
3683 1872 3954 1938 πταῖσμα,
3984 1873 4090 1922 καὶ

807 1984 988 2034 furata
1033 1983 1409 2036 benedictione
1443 1981 1556 2044 ipse
1587 1977 1639 2028 in
1690 1973 2006 2042 paradisum
2058 1971 2385 2022 intromitti-

803 2089 914 2131 tur.
989 2074 1299 2140 talibusque
1358 2071 1556 2139 dignus
1617 2066 1852 2120 habetur
1917 2063 2066 2116 votis
2123 2062 2385 2129 qualibus

802 2166 971 2221 Jaeoh
1032 2183 1157 2219 eum
1210 2179 1466 2232 mugitum
1506 2171 1713 2225 patrem
1761 2167 1812 2212 et
1863 2160 2228 2226 patriareh'tm
2265 2156 2388 2208 eiho

805 2260 999 2313 illexit.
1042 2259 1232 2312 Adhuc
1287 2268 1337 2308 et
1395 2254 1653 2308 eeliarius
1704 2253 1797 2319 qui
1853 2260 2010 2303 curat
2045 2249 2113 2301 de
2142 2263 2389 2299 comnm-

805 2354 976 2408 nitate
1025 2352 1271 2407 fratrum.
1302 2363 1424 2402 vere
1446 2361 1675 2411 magnus
1711 2360 1739 2397 a
1769 2353 1823 2397 te
1881 2359 1989 2396 non
2020 2343 2286 2405 habetur;
2336 2346 2389 2393 te

807 2453 990 2497 tamen
1043 2444 1199 2509 angit
1257 2443 1301 2494 si
1361 2454 1586 2508 parvqu
1654 2446 1708 2490 et
1764 2437 2062 2487 maximum
2119 2434 2172 2484 iu
2201 2431 2387 2485 eodem

808 2539 979 2604 gradu
1017 2536 1274 2604 reponit;
1309 2545 1364 2586 et
1419 2534 1464 2586 si
1515 2530 1742 2584 ﬁrmiter
1788 2528 1969 2581 taliter
2003 2525 2386 2593 permanserit,

809 2644 934 2683 eum
961 2644 989 2681 a
1009 2627 1284 2681 laboribus
1315 2627 1596 2692 quiesrcre
1619 2635 1848 2691 prorsus
1870 2618 2109 2687 iubebis.
2128 2615 2183 2669 Si
2209 2622 2389 2668 autem

812 2734 1118 2780 successor,
1151 2732 1318 2770 causa
1382 2714 1626 2778 coanita,
1675 2712 1874 2780 piscem
1928 2709 2189 2760 eximium
2243 2719 2393 2759 eom-

813 2816 1108 2880 paraverit,
1152 2825 1342 2879 parum
1395 2818 1486 2860 aut
1517 2806 1652 2860 nihil
1693 2819 1894 2858 curans
1948 2802 2015 2855 de
2049 2800 2394 2862 fratribus,et

813 2903 862 2958 ai
915 2904 1016 2971 ipsi
1066 2900 1547 2962 murmuraveriut,
1603 2906 1731 2949 tune
1785 2905 2081 2948 coronatur
2139 2889 2234 2957 qui
2289 2887 2388 2942 tibi

822 2995 1126 3057 inservivit,
1167 3002 1220 3047 et
1248 2991 1496 3058 arguitur
1530 2989 1898 3040 communitas
1929 2999 2050 3052 qure
2087 2983 2212 3036 talis
2266 2994 2392 3033 cum

815 3083 912 3146 sit,
934 3083 1031 3136 tali
1085 3094 1139 3136 et
1173 3091 1283 3134 tam
1316 3096 1515 3148 magno
1547 3095 1604 3132 se
1637 3077 1902 3146 aequalem
1938 3075 2089 3127 facit.
2126 3071 2199 3123 De
2234 3082 2395 3124 caete-

2488 1963 2743 2031 ἁπαρχὴν
2774 1962 2943 2016 αὐτοῦ
2984 1964 3414 2030 προσενεγκόντι
3444 1963 3522 2031 τῷ
3547 1965 3740 2030 πατρὶ,
3773 1963 3870 2016 καὶ
3899 1962 4088 2024 οὕτως

2488 2057 2548 2107 ὲν
2577 2054 2655 2124 τῷ
2687 2055 2788 2124 τὴν
2817 2055 3068 2119 εὐλογίαν
3093 2055 3292 2122 κλέψαι
3314 2055 3578 2120 άφεθέντι
3605 2056 3685 2116 είς
3712 2054 3878 2106 αὐτὸν
3904 2055 4092 2122 παρά-

2489 2149 2684 2209 δεισον,
2716 2149 2899 2214 μήπου
2933 2147 2988 2198 δὲ
3023 2147 3118 2198 καὶ
3167 2145 3341 2213 εύχῶν
3399 2145 3821 2209 καταξιωθέντι,
3875 2146 4093 2198 ὁποίων

2492 2239 2585 2289 καὶ
2615 2240 2644 2290 ὁ
2687 2237 2905 2300 Ἰακὼϐ,
2959 2238 3050 2290 ὅτε
3085 2236 3176 2288 τὸν
3215 2238 3394 2304 μέγαν
3424 2239 3520 2290 καὶ
3563 2240 3779 2305 πατέρα
3825 2239 3924 2290 καὶ
3961 2254 4094 2288 πα-

2489 2330 2762 2398 τριάρχην
2799 2329 3007 2397 θρέψας
3041 2328 3496 2397 ἐψυχαγώγησεν.
3537 2330 3658 2382 Ἐτι
3687 2331 3782 2380 καὶ
3813 2332 3840 2380 ὁ
3866 2329 4096 2397 6:},qu-

2489 2424 2612 2490 τὴς,
2671 2423 2972 2492 κηδόμενος
3009 2423 3110 2492 μὲν
3141 2423 3241 2490 τῆς
3272 2421 3571 2490 ἁδελφικῆς
3623 2423 3963 2490 κοινότητος,
4029 2424 4093 2476 οὐ

2493 2515 2634 2567 πάνυ
2665 2515 2838 2583 μέγας
2865 2515 3113 2583 κρίνεται
3145 2515 3252 2567 ὑπὸ
3285 2513 3404 2566 σοῦ.
3449 2513 3615 2567 Ἀλλά
3646 2530 3750 2564 που
3780 2518 3878 2565 καὶ
3906 2515 4095 2568 θλίεει

2495 2618 2578 2668 σε,
2617 2606 2666 2655 εἰ
2701 2606 2810 2664 τοῖς
2851 2606 3070 2674 μικροῖς
3121 2606 3176 2663 ἐς
3232 2603 3430 2654 ταυτδν
3489 2603 3612 2670 ἄγει
3647 2603 3740 2654 τὸν
3787 2605 3848 2654 ἐν
3895 2605 4095 2664 αὖτεῖς

2495 2694 2738 2763 ὕψιστον.
2775 2697 2882 2748 Καὶ
2908 2695 3113 2758 τοίνυν,
3137 2696 3184 2745 εί
3220 2696 3483 2762 συχνάκις
3528 2694 3773 2755 τοιοῦτος
3805 2694 4092 2760 διαμένει,

2496 2785 2838 2847 καταπαύεις
2871 2786 3083 2838 ἐκεῖνον
3117 2784 3210 2836 τοῦ
3246 2786 3468 2850 κοπιᾷν.
3503 2785 3565 2835 ΕΞ
3598 2787 3655 2836 δὲ
3687 2786 3716 2836 ὀ
3762 2784 3885 2852 μετ’
3917 2785 4092 2836 αὐτὸν

2495 2879 2756 2944 ἐπιγνοὺς
2791 2878 2852 2930 τὸ
2902 2879 3095 2936 αἴτιον.
3153 2877 3320 2942 ἁῧρδν
3354 2875 3508 2943 ἰχθὺν
3562 2875 4090 2942 πραγματεύσεται.

2501 2965 2733 3035 μικρὰῆ
2779 2965 2935 3017 οὐδὲν
2979 2965 3080 3031 τῆς
3127 2963 3490 3030 ἀδελφότητος
3538 2963 3951 3030 ὲμπαζόμενος,
3995 2965 4094 3016 καὶ

2499 3058 2654 3110 αὐτοὶ
2688 3056 3038 3125 ὲπιμύξουσι,
3075 3054 3200 3104 τότε
3253 3053 3315 3120 δὴ
3369 3053 3731 3116 στεφανοῦται
3773 3056 3800 3104 ὁ
3840 3053 3908 3102 τα
3942 3053 4092 3121 ὑπὲρ

815 3145 1110 3229 riseadem
1170 3188 1383 3241 seraper
1413 3145 1732 3238 praestantia
1772 3169 1955 3222 locum
2007 3165 2191 3218 habet.
2218 3162 2385 3215 Edunt

2502 3148 2595 3201 σοῦ
2624 3149 2976 3215 διακονήσας,
3020 3146 3113 3200 καὶ
3152 3145 3704 3216 καταρῤητορεύεται
3745 3145 4089 3212 ήκοινότης,

823 3269 939 3332 alii,
969 3278 1024 3320 et
1061 3265 1159 3318 soli
1220 3273 1378 3317 terrre
1433 3263 1631 3316 debent
1690 3274 1790 3313 sua
1848 3259 2144 3320 alimenta;
2182 3263 2238 3307 tu
2264 3269 2393 3306 vero

817 3361 942 3424 plus
969 3359 1130 3412 etiam
1183 3356 1351 3416 mari,
1382 3370 1412 3408 e
1452 3370 1559 3423 quo
1587 3352 1927 3404 abundantes
1954 3351 2120 3415 dapes
2167 3346 2394 3415 accipis,

819 3456 1053 3512 quantas
1123 3460 1228 3496 non
1294 3444 1494 3496 habent
1545 3443 1596 3493 in
1655 3442 1852 3493 szeculo
1911 3439 2192 3505 epulones.
2226 3435 2396 3488 Nutu-

821 3538 949 3604 qnid
1012 3537 1171 3604 juhes
1225 3546 1421 3588 caetera
1511 3531 1818 3586 istiusmodi
1887 3544 1916 3582 a
1979 3543 2066 3582 me
2124 3529 2394 3597 percurri,

825 3630 906 3680 vel
965 3625 1226 3680 non?Te
1285 3633 1606 3693 negaturum
1682 3621 1938 3674 arbitror.
2030 3617 2192 3672 Facta
2249 3619 2394 3671 enim

826 3718 1068 3779 licentia,
1097 3718 1219 3786 jam.
1272 3732 1379 3769 non
1429 3714 1632 3782 poteris
1679 3727 1800 3766 eam
1864 3710 2101 3771 auferre,
2148 3724 2271 3762 cum
2336 3724 2398 3762 os

827 3825 937 3877 pne
986 3809 1186 3861 rubore
1250 3806 1587 3860 demittetur.
1665 3803 1779 3856 lloc
1843 3805 2003 3856 modo
2064 3801 2396 3869 peculiarem

827 3901 1121 3954 amicitiam
1201 3915 1424 3953 servare
1478 3913 1586 3950 non
1639 3896 1864 3967 poteris,
1930 3911 2106 3960 neque
2174 3895 2226 3945 in
2279 3906 2395 3943 mo-

829 3993 1091 4053 nasterio,
1141 3999 1194 4044 et
1227 3992 1396 4044 niulto
1472 3991 1657 4042 minus
1732 3989 1799 4040 ad
1857 3997 2050 4040 extra:
2106 3989 2200 4053 qui
2253 3985 2399 4037 enim

830 4083 978 4137 intus
1029 4100 1136 4136 non
1180 4092 1264 4136 est
1309 4081 1616 4143 ordinatus,
1689 4079 1776 4132 vix
1809 4079 1862 4131 in
1918 4067 2079 4132 rebus
2111 4076 2403 4131 exteriori-

833 4175 932 4230 bus
984 4172 1234 4226 ordmem
1300 4169 1687 4223 manifestabit.

903 4346 992 4397 56.
1049 4343 1298 4410 Insuper.
1353 4343 1426 4394 mi
1495 4341 1748 4403 domine,
1812 4341 2152 4410 investigabo
2220 4356 2405 4396 annon

837 4448 888 4489 te
945 4437 1282 4502 superaverit
1313 4434 1640 4502 arrogantiae
1715 4434 1938 4495 malum,
1993 4449 2155 4501 quam
2215 4449 2405 4501 supr-r-

2503 3241 2662 3292 ὁποία
2695 3239 2833 3292 οὖσα
2877 3241 2974 3308 οἴῳ
3005 3240 3098 3290 καὶ
3129 3238 3303 3308 ἡλίκῳ
3357 3237 3700 3303 ἀντιφερίζει
3737 3235 3934 3301 πατρί.
3982 3239 4092 3288 Καὶ

2504 3333 2597 3386 τοῦ
2615 3333 2804 3385 λοιποῦ
2829 3332 3040 3399 γίνεται
3069 3333 3101 3398 ἡ
3127 3329 3348 3399 τοιαύτη
3373 3330 3705 3396 προτίμησις
3731 3331 3786 3388 ἐς
3806 3327 4087 3394 διηνεκές.

2510 3424 2619 3477 Καὶ
2649 3427 2697 3476 ol.
2736 3423 2834 3491 μὲν
2890 3421 3038 3475 ἄλλοι
3095 3421 3358 3482 ἐσθίουσι,
3417 3423 3482 3487 τῇ
3524 3422 3595 3486 γῇ
3655 3419 3790 3488 μόνῃ
3853 3419 4092 3488 χάριτας

2505 3515 2763 3582 δφλοντες
2797 3512 2894 3580 τῆς
2921 3511 3150 3580 τροφῆς·
3185 3512 3250 3561 σὺ
3282 3510 3337 3561 δὲ
3365 3512 3432 3579 τῇ
3472 3509 3722 3579 θαλάσσῃ
3770 3509 3838 3560 τὰ
3897 3509 4088 3568 πλείω,

2505 3604 2571 3657 δι’
2601 3599 2666 3675 ἧς
2695 3604 2794 3671 τὴν
2831 3601 3158 3654 πανδαισίαν
3200 3600 3454 3660 πλουτεῖς
3484 3598 3676 3650 ὁποίαν
3703 3597 3826 3649 acet
3867 3598 3920 3649 oi
3950 3598 4092 3650 σπάο

2506 3692 2654 3745 ταλοι
2687 3689 2962 3756 κοσμικοί.
2988 3687 3266 3748 Κελεύεις,
3303 3688 3674 3752 ἐπελεύσομαι
3706 3687 3802 3738 καὶ
3830 3689 3903 3738 τά
3925 3688 4090 3738 λοιπά

2507 3782 2754 3844 τοιαῦτα,
2786 3780 2822 3843 ἦ
2855 3778 2948 3842 οὖς
3005 3779 3354 3847 ’Λποςρήσεις,
3376 3773 3554 3845 οἶμαι.
3585 3777 3646 3828 Εἰ
3676 3777 3787 3845 γὰρ
3822 3779 4092 3829 κατανεύ-

2511 3887 2644 3932 σεις,
2674 3869 2858 3920 οὐκέτι
2889 3867 2956 3920 ἂν
3013 3867 3156 3936 ἔχοις
3213 3865 3530 3924 ἀνανεῦσαι,
3589 3866 3928 3930 κατακύψας
3990 3867 4091 3918 ὑπὸ

2509 3961 2796 4029 ἐντροπῆς.
2831 3957 3019 4019 Οὕτως
3064 3957 3188 4009 οὐδὲ
3229 3957 3327 4025 τὴν
3361 3955 3595 4024 μερικὴν
3632 3956 3818 4020 φιλίαν
3855 3957 4087 4009 δύνασαι

2509 4051 2834 4120 κατορθοῦν,
2861 4047 2987 4102 οὗτε
3017 4050 3075 4099 ὲν
3105 4051 3170 4116 τῇ
3220 4049 3383 4116 μονῇ,
3419 4045 3549 4098 οὔτε
3601 4047 3786 4113 πολλῷ
3817 4049 3992 4098 πλέον
4036 4050 4089 4098 tv

2509 4145 2620 4206 τοῖς
2649 4142 2826 4204 ἐκτός.
2866 4142 2926 4193 '0
2956 4141 3066 4212 γὰρ
3094 4143 3164 4193 τά
3196 4143 3347 4201 ἐντὸς
3376 4141 3616 4207 ἄκοσμος
3643 4138 3719 4192 ὢν
3745 4139 3915 4210 σχολῇ
3950 4139 4002 4206 γ’
4027 4138 4087 4192 ἄν

2511 4234 2567 4285 ἐν
2597 4234 2711 4294 τοῖς
2748 4231 2853 4294 ἔξω
2879 4230 2939 4284 τὸ
2970 4231 3203 4300 κόσμιον
3235 4231 3600 4300 ἐπιδείξηται.

2582 4322 2690 4386 νς’.
2730 4324 2855 4375 Ἐπὶ
2886 4323 3122 4388 τούτοις,
3147 4317 3192 4376 ὦ
3223 4323 3466 4376 δέσποτά
3497 4340 3622 4392 μου,
3659 4323 4086 4392 ἐξακριϐοὖμαι,

2512 4415 2606 4468 καὶ
2649 4417 2811 4485 εἰπερ
2862 4414 2926 4467 τὸ
2973 4415 3074 4482 τῆς
3110 4416 3449 4485 περπερείας
3502 4415 3673 4466 κακὴν
3709 4415 3772 4466 ού
3812 4431 4091 4480 καταπεμ-

841 4529 940 4579 hiae
985 4528 1156 4578 Sociat
1193 4525 1478 4592 Scriptura
1525 4538 1700 4584 sacra,
1727 4523 1971 4590 dicitque
2009 4536 2039 4574 a
2105 4521 2213 4575 Deo
2306 4538 2385 4590 op.

2515 4504 2691 4556 ϐαίνει
2720 4521 2835 4567 σου,
2861 4505 2930 4573 ἢν
2956 4505 2984 4556 ὁ
3016 4505 3114 4572 μὲν
3133 4504 3519 4573 ἱερογραφικδς
3541 4503 3699 4570 λόγος
3725 4507 3792 4571 τῇ
3821 4505 4085 4571 φυσιώσει

838 4618 971 4672 timo
1025 4617 1151 4669 odio
1208 4615 1429 4680 haberi;
1505 4630 1668 4684 quam
1745 4613 2108 4682 arrogantiam
2183 4613 2272 4665 alii
2317 4629 2411 4664 au-

841 4722 1016 4760 ctores
1056 4707 1247 4759 dicunt
1305 4706 1504 4758 mentis
1574 4706 1890 4766 elationem,
1946 4719 2052 4757 non
2132 4706 2406 4773 egregiam

843 4817 941 4850 nec
998 4798 1277 4861 divinam,
1317 4798 1459 4851 sicut
1507 4803 1590 4851 cst
1641 4796 1904 4850 fortitudo
1960 4797 2126 4850 elatio
2157 4797 2408 4865 quaedam

842 4891 1068 4954 divina,
1105 4891 1217 4943 imo
1273 4891 1449 4955 magis
1539 4889 1828 4943 elationem
1881 4889 2188 4957 jactatoris,
2245 4903 2410 4957 quam

847 4983 1082 5034 maxime
1133 4983 1282 5048 vani,
1352 4998 1460 5035 non
1540 4981 1871 5045 communis,
1965 4991 2024 5034 ut
2061 4981 2178 5049 ipso
2245 4982 2411 5034 verbo

842 5076 1170 5136 ostenditur,
1221 5075 1519 5128 secundum
1558 5090 1720 5142 quam
1773 5075 2102 5128 sententiam
2137 5089 2408 5141 praesum-

846 5167 1082 5235 βλημα-ιη
1143 5166 1309 5234 aliqui
1401 5165 1604 5219 habent
1661 5164 2162 5234 superetﬂueutem.
2201 5166 2412 5220 Dicitur

844 5259 988 5309 enim
1030 5270 1220 5309 nomen
1267 5255 1464 5310 ducere
1496 5271 1524 5308 a
1589 5256 1715 5309 lerri
1769 5258 2053 5324 (arrogans
2085 5255 2410 5327 [περπερος]

847 5347 1118 5400 enimnon
1140 5349 1285 5400 sistit
1314 5349 1467 5415 quasi
1491 5348 1900 5414 circumlatus);
1930 5349 2043 5400 sive
2061 5363 2090 5399 a
2109 5349 2416 5402 circumvo-

849 5439 961 5490 lare
1005 5449 1059 5490 et
1095 5439 1349 5506 progredi
1382 5440 1771 5502 inconstanter,
1829 5453 1990 5507 quam
2037 5440 2106 5493 ob
2146 5441 2412 5494 rationem

852 5530 1103 5582 homines
1147 5529 1303 5582 istius
1345 5530 1542 5584 indolis
1577 5531 1642 5583 de
1708 5529 2144 5597 praecipitatioue
2184 5529 2415 5584 irriden-

851 5628 957 5672 tur.
1010 5621 1082 5673 De
1129 5636 1238 5686 quo
1281 5619 1412 5674 vitio
1455 5617 1712 5686 Stagirita
1769 5621 2208 5688 philosOphatur,
2285 5636 2413 5674 nec-

854 5727 957 5762 non
990 5722 1041 5764 ct
1078 5711 1332 5778 discipuli
1389 5712 1527 5777 ejus.
1568 5710 1770 5764 llorum
1846 5713 2089 5767 omnium
2163 5713 2412 5768 doctrina

855 5819 908 5856 in
964 5803 1064 5859 hoc
1147 5804 1515 5860 concluditur.
1600 5813 1939 5861 arrocuntcm
2007 5819 2130 5860 esse
2210 5806 2412 5858 elatum

2517 4597 2947 4665 προσεταιρίζει,
2979 4599 3075 4650 καὶ
3113 4593 3192 4657 είς
3221 4595 3422 4664 ἔχθραν
3453 4597 3518 4663 τῇ
3555 4596 3694 4646 κατὰ
3718 4594 3857 4646 Θεὸν
3903 4597 4087 4665 ἀγάπῃ

2515 4687 2884 4755 ἀποτετάχθαι
2938 4685 3199 4737 διδάσκει·
3254 4687 3304 4736 oi
3346 4685 3403 4736 δὲ
3450 4684 3624 4744 ἄλλως
3667 4684 4087 4751 περιλαλοῦντες

2515 4778 2731 4847 ἕξαρμα
2755 4777 2933 4846 ψυχῆς
2959 4794 3120 4844 φασιν
3149 4773 3287 4827 εἶναι
3317 4777 3416 4842 τὴν
3472 4775 3833 4843 περπερείαν,
3869 4777 3969 4826 οὐκ
4003 4779 4083 4825 ἐν.

2515 4871 2728 4939 άρετον,
2761 4871 2852 4920 καὶ
2887 4867 3029 4920 οὕτω
3056 4868 3200 4918 θείον
3230 4867 3372 4918 κατὰ
3408 4866 3469 4917 τὸ
3508 4866 3738 4933 θάρσος,
3772 4867 3801 4916 δ
3837 4867 3958 4917 θεία
4007 4882 4084 4925 τις

2514 4961 2671 5028 ἄρσις
2723 4958 2890 5011 ἐστίν·
2929 4957 3255 5017 ἀλαζονικὸν
3303 4957 3380 5018 δὲ,
3442 4957 3536 5007 καὶ
3571 4957 3670 5024 οὐχ
3703 4955 3921 5016 ἁπλῶς,
3957 4958 4081 5008 ἀλλὰ

2515 5049 3020 5121 ὑπερεκπερισσοῦ,
3072 5051 3148 5110 ὡς
3200 5051 3294 5100 καὶ
3333 5050 3362 5115 ἡ
3405 5047 3632 5116 λεκτικὴ
3688 5049 3967 5114 ἐτυμότης
3994 5051 4078 5098 ὲκο

2516 5146 2718 5210 φαίνει’
2762 5141 2885 5193 καθ’
2909 5140 2976 5211 ἢν
3002 5138 3210 5191 ἔννοιαν
3247 5135 3461 5188 ποιοῦσί
3491 5153 3632 5198 τινες
3673 5137 3771 5186 καὶ
3802 5136 4079 5203 ὑπερηφα-

2515 5233 2631 5286 νίαν
2659 5231 3011 5302 ἐκπερισσοῦ.
3043 5229 3277 5296 Λέγεται
3303 5227 3358 5280 δὲ
3383 5229 3524 5296 καὶῆ
3561 5227 3714 5295 παρᾶ
3742 5227 3807 5278 τὸ
3827 5226 4076 5295 φέρεσθαι

2514 5325 2833 5394 ὠνομάσθαι
2863 5323 3033 5389 αὐτὴν
3069 5322 3314 5389 (ἀστατεί
3343 5319 3452 5388 γὰρ
3481 5319 3556 5380 ὡς
3588 5314 3675 5369 οἷα
3709 5318 4074 5387 περιφερόμε-

2516 5435 2602 5481 νος
2635 5420 2662 5469 ὁ
2692 5413 3018 5484 πὲρπερος),
3052 5415 3085 5481 ἢ
3114 5413 3266 5480 παρα
3325 5413 3387 5463 τὸ
3418 5410 3838 5478 περιπέτεσθαι,
3873 5415 3966 5462 aut
4007 5409 4075 5476 μὴ

2519 5507 2797 5579 σταθερῶς
2851 5504 3186 5574 βεϐηκέναιο
3237 5496 3281 5569 ᾧ
3333 5501 3398 5570 δὴ
3453 5502 3599 5570 λόγῳ
3653 5501 3752 5556 καὶ,
3801 5502 4074 5569 πετόμενοι

2519 5600 2860 5653 σκώπτονται
2911 5601 2961 5650 οί
3013 5594 3109 5648 τοῦ
3157 5594 3401 5648 τοιούτου
3435 5595 3621 5664 ἦθουξ.
3668 5595 3778 5646 Καὶ
3806 5593 4074 5666 φιλοσοτεί

2521 5693 2617 5760 μὲν
2647 5694 2777 5761 περὶ
2805 5690 3002 5749 κακίας
3028 5687 3286 5756 τοιαύτης
3320 5687 3418 5740 καὶ
3441 5687 3470 5739 ὁ
3501 5685 3884 5754 Σταγειρόθεν,
3919 5684 4007 5737 καὶ
4030 5682 4071 5731 οἱ

2515 5784 2582 5837 τὰ
2615 5781 2736 5837 κατ’
2766 5779 2930 5837 αὑτὸν
2953 5777 3352 5846 εὐκρινούντες·
3391 5777 3788 5846 κεφαλαιοῦται
3822 5777 3880 5830 δὲ
3925 5775 4069 5827 πᾶσιν
