4212 6434
247 386 348 446 ’ῑδι

1218 389 1317 449 DE
1361 391 1829 453 E-MENDANDA
1877 398 2057 456 VITA
2097 398 2558 460 MONACHICA.

3408 403 3513 472 789

247 498 583 567 παχύνεται,
635 500 992 564 πλατύνεται,
1041 500 1121 565 εἰς
1169 503 1293 556 ὅσον
1328 505 1450 558 οὐδὲ
1488 507 1555 558 τά
1585 508 1832 571 λακκιζό·

1943 512 2263 565 animalium
2295 513 2495 577 oll'ulaa,
2559 512 2703 583 quod
2740 514 2805 569 de
2833 527 3009 571 carne
3041 529 3148 570 nor.
3184 516 3512 588 intelligitur

252 609 395 660 μενα
431 592 540 645 τῶν
571 592 931 662 θρεμμάτων,
967 595 1062 646 καὶ
1095 596 1193 648 οὐκ
1227 598 1357 649 αὐτὸ
1397 599 1457 650 οὐ
1489 600 1629 651 κατὰ
1657 604 1837 668 σάρκα

247 684 566 753 διατριϐῆς,
599 685 714 737 ἀλλ’
744 687 820 749 είς
847 688 1106 756 χρήματα
1136 690 1204 741 δι’
1231 691 1597 759 ἐπικτήσεως,
1622 694 1738 755 πῶς
1770 694 1836 746 ἂν

253 780 522 846 συστήσει
549 782 786 848 μοναχὸν
819 781 1012 832 ἐαυτὸν
1065 777 1225 847 εῖναι,
1253 784 1349 838 καὶ
1372 786 1434 838 οὐ
1466 790 1648 856 παχὺν
1683 788 1832 855 βοῦν,

251 869 283 936 ἦ
325 870 554 937 μοσχίον
578 888 592 933 ;

336 961 437 1028 ξβ’.
470 963 588 1014 Elei
610 962 664 1014 δέ
697 981 841 1028 τινες
892 965 1196 1036 περίφημοι
1242 967 1299 1017 ἐν
1329 971 1440 1029 τοίς
1472 968 1757 1033 τοιούτοις,
1785 971 1834 1022 οἳ

255 1057 352 1102 καὶ
387 1056 497 1104 asto
529 1058 925 1123 πραγματειῶν
962 1058 1360 1121 πλουτίζονται.
1389 1060 1500 1111 Καὶ
1530 1061 1629 1112 οὐκ
1660 1060 1724 1113 ἂν
1755 1064 1834 1124 είς

258 1146 402 1196 πολὺ
460 1146 567 1197 τῶν
618 1147 882 1200 τοιούτων
931 1150 1247 1218 καθάψηται
1282 1152 1312 1218 ἡ
1346 1153 1641 1221 συγγραφὴ
1672 1154 1833 1224 αὕτη,

261 1238 338 1306 μὴ
377 1245 471 1289 και
513 1239 779 1306 χαίρωσιν
834 1241 1149 1305 ἀκούοντες,
1184 1242 1325 1294 καθὰ
1355 1242 1448 1294 καὶ
1481 1244 1832 1312 πράττοντες.

257 1331 622 1400 Παρομαρτεῖ
672 1333 782 1402 γάρ
819 1351 949 1387 ποτε
982 1335 1077 1387 καὶ
1104 1334 1263 1388 τοῦτο
1300 1339 1412 1398 τοῖς
1451 1335 1546 1388 τοῦ
1597 1337 1669 1405 μὴ
1700 1338 1836 1404 ἀγα-

256 1423 355 1474 θοῦ
395 1427 676 1493 ἐρασταῖς,
701 1429 752 1479 οἶ
781 1428 1076 1496 ψεγόμενοι
1129 1447 1237 1483 των
1295 1430 1606 1499 πρακτέων,
1632 1431 1837 1481 ἐπιτεί-

257 1533 417 1566 νουσι
449 1519 549 1586 τὴν
584 1519 882 1587 ἐπιθυμίαν
923 1521 1000 1582 είς
1028 1522 1463 1591 ἀνυπέρϐλητον.
1507 1521 1647 1573 Ἀλλ’
1680 1522 1836 1573 αὐτοὶ

262 1607 365 1672 μὲν
404 1610 731 1662 ποιείτωσαν
765 1612 825 1663 τὸ
863 1613 1048 1679 σφίσιν
1075 1613 1287 1678 ἐφετὸν,
1321 1615 1415 1666 καὶ
1439 1614 1684 1666 ἔστωσαν
1707 1614 1837 1680 ψευ-

252 1698 501 1765 δόμενοι,
531 1699 590 1750 τὸ
624 1701 764 1753 κατά
792 1701 888 1770 τὴν
916 1706 1222 1771 μοναχικην
1277 1704 1556 1755 πολιτείαν
1582 1703 1835 1771 οὐράνιον

257 1788 433 1854 φυτὸν
467 1790 752 1857 ἀφιέμενοι
789 1791 1094 1860 τεθηλέναι,
1126 1792 1230 1854 ἕως
1255 1791 1320 1844 ἂν
1364 1793 1396 1861 ἢ
1424 1794 1638 1862 καρπδν
1666 1792 1836 1859 ἐκφή-

1942 601 2035 653 sed
2069 601 2132 652 de
2161 605 2313 655 novis
2371 602 2656 671 acquisitis
2698 604 2928 671 divitiis,
2971 608 3248 676 quomodo
3290 626 3348 664 se
3401 626 3515 664 mo—

1943 693 2174 746 nachum
2219 712 2496 753 essc.non
2558 695 2811 766 pinguem
2872 699 3088 763 bovem,
3138 716 3236 755 seu
3286 702 3513 757 vituluzu

1947 789 2203 856 probabit
2238 789 2260 840 ἲ

2009 964 2100 1020 62.
2139 964 2292 1019 Inter
2351 966 2451 1021 hos
2518 976 2648 1021 sunt
2715 969 2964 1023 nonnulli
3031 967 3359 1025 illustriores
3417 973 3510 1041 qui

1940 1072 2003 1109 ex
2039 1058 2402 1126 negotiatione
2438 1059 2701 1112 ditantur.
2737 1062 2873 1115 Istos
2907 1073 3086 1115 autem
3139 1077 3320 1115 sermo
3360 1079 3514 1118 meus

1940 1165 2047 1202 non
2076 1161 2258 1219 tangat
2291 1153 2545 1212 multum,
2582 1168 2648 1206 ne
2679 1154 2881 1207 auditis
2915 1157 3058 1208 sicut
3091 1156 3322 1223 patratis
3353 1157 3517 1208 relns

1947 1243 2216 1296 laetentur.
2244 1241 2357 1297 Hoc
2386 1245 2528 1298 enim
2558 1246 2758 1299 accidit
2787 1247 2995 1300 homini
3028 1250 3226 1300 bonum
3249 1263 3354 1301 non
3385 1250 3516 1302 diEi-

1939 1333 2110 1400 genti,
2141 1333 2207 1386 de
2233 1332 2390 1388 factis
2415 1335 2865 1405 quivituperatus
2901 1340 2969 1392 ad
3016 1340 3224 1409 majora
3256 1343 3516 1412 concupi-

1939 1424 2136 1476 scenda
2171 1425 2557 1480 inﬂammatur.
2583 1427 2688 1495 ipsi
2717 1431 2977 1494 permissa
3011 1432 3339 1499 compleant,
3370 1449 3516 1487 men-

1938 1516 2153 1569 dacium
2190 1525 2484 1580 ostentent,
2504 1521 2776 1572 cmlestem
2802 1521 2921 1573 vitae
2941 1524 3273 1577 monachica:
3301 1539 3513 1577 ramum

1939 1607 2226 1662 ﬂorescere
2260 1611 2594 1678 permittant,
2644 1612 2817 1666 donec
2851 1613 2930 1666 vel
2962 1614 3188 1668 aﬂerant
3213 1616 3420 1671 fructus
3448 1617 3515 1669 ad

1938 1716 2076 1769 quos
2106 1701 2218 1753 nati
2255 1711 2404 1766 sunt,
2441 1717 2706 1771 quosque,
2741 1713 2798 1757 ut
2831 1707 2946 1758 vnlt
2985 1707 3144 1771 Deus,
3198 1725 3305 1762 non
3338 1711 3517 1778 prole-

1937 1801 2086 1852 runt,
2111 1790 2193 1842 vel
2223 1793 2400 1845 securi
2440 1795 2637 1846 resecti
2673 1795 2724 1847 in
2761 1796 2938 1864 ignem
2975 1799 3284 1854 mittantur.

253 1901 447 1940 νωσιν,
479 1886 552 1945 εἰ,
582 1885 641 1938 ὃν
673 1889 1000 1953 πεφυκότες,
1027 1891 1177 1957 ὅμως
1201 1890 1261 1942 οὐ
1309 1890 1701 1959 προὸάλλονται
1731 1888 1910 1951 αὑτὸν,
1936 1887 2010 1949 ὡς
2043 1889 2327 1940 ἐπιτάσσει
2386 1890 2518 1951 Θεὸς
2542 1907 2555 1919 ο
2624 1889 2656 1957 ἢ
2728 1892 2867 1944 ἀλλὰ
2908 1896 2971 1962 τῇ
3044 1894 3198 1965 ἀξίνῃ
3277 1913 3513 1948 καταλο-

255 1983 479 2040 πέντες,
514 1981 778 2048 γένωνται
812 1984 908 2035 τοῦ
953 1987 1145 2052 πυρός.

335 2078 436 2140 ξγκ
466 2079 534 2128 Συ
599 2077 655 2129 δὲ
707 2081 991 2148 μοναχὲιὸ
1028 2085 1163 2152 πρὸς
1215 2083 1496 2152 ἀλήθειαν,
1535 2085 1833 2154 μελέτησον
1865 2081 1911 2141 Β

258 2171 361 2220 σὺν
411 2169 550 2240 Θεῷ,
597 2173 689 2222 καὶ
744 2174 880 2240 μάθε
932 2175 1108 2237 καλῶς
1148 2177 1478 2230 ἐπικτᾶσθαι
1539 2178 1676 2246 μετὰ
1730 2178 1826 2246 τὴν

254 2263 602 2330 ἀπόκαραιν·
651 2266 936 2320 καὶτοῦτο
987 2268 1060 2337 μὴ
1113 2270 1389 2333 ἁπλοϊκῶς
1445 2270 1638 2332 οὕτως,
1693 2273 1827 2326 ἀλλὰ

257 2355 400 2419 πρὸς
431 2356 681 2423 διπλόην,
706 2359 773 2428 ἢν
804 2362 1016 2427 φθάσας
1041 2361 1278 2429 ἤκουσας
1309 2363 1537 2416 ἐνώπιον
1564 2365 1723 2428 Θεοῦ,
1753 2365 1828 2427 ὡς

256 2450 354 2496 καὶ
380 2448 406 2497 ὁ
430 2449 707 2516 κουρειίων
737 2451 1101 2521 ἐξεφώνησεν,
1127 2450 1183 2508 εὖ
1220 2455 1394 2516 εἰδὼς,
1425 2457 1477 2509 τί
1502 2457 1703 2522 ἐλάλει,
1732 2458 1826 2510 καὶ

253 2535 331 2597 ὣς
366 2539 526 2600 αὐτὸς
553 2538 705 2604 οἶδας
738 2545 872 2612 πρὸς
902 2546 1210 2614 ἀκρίϐειαν,
1247 2550 1339 2602 καλ⁵
1372 2549 1446 2612 ὼς
1467 2553 1517 2603 ot
1552 2549 1828 2621 παρεστῶ-

255 2647 352 2692 τες
413 2634 780 2702 ἠκροάσαντο.
843 2638 1121 2701 Ἤκουσας
1153 2639 1233 2703 δὲ,
1285 2642 1379 2692 καὶ
1427 2643 1732 2714 ἀπηρνήσω
1767 2647 1827 2698 οὗ

254 2723 359 2792 τὴν
392 2725 578 2786 ἁπλῶς
634 2730 729 2778 καὶ
778 2729 923 2781 κατά
953 2747 1005 2781 τι
1060 2733 1295 2801 μονῆρες
1327 2734 1618 2806 ἐπίκτησιν
1643 2756 1655 2768 '
1693 2741 1829 2793 ἀλλὰ

258 2817 586 2884 προσέκειτο
622 2821 679 2871 ἐν
711 2823 824 2882 τοῖς
863 2825 982 2875 τότε
1024 2825 1117 2877 καὶ
1145 2825 1206 2877 τὸ
1247 2845 1264 2877 ι
1310 2827 1408 2894 τὴν
1446 2829 1776 2894 ίδιάζουσαν,
1806 2851 1824 2885 ι

257 2908 286 2960 ὃ
309 2911 508 2962 ταυτόν
539 2913 654 2963 ἐστι
686 2913 762 2981 τῷ
797 2933 814 2964 ι
861 2917 958 2984 τήν
990 2935 1074 2970 σοι
1107 2919 1250 2989 μόνῳ
1283 2921 1420 2973 ίδίαν
1443 2939 1456 2951 ·
1491 2943 1509 2974 ι
1548 2925 1633 2976 ἵνα
1667 2925 1741 2995 μὴ
1771 2927 1832 2978 τὸ

257 3001 660 3069 Σολομὼντειον
685 3008 861 3059 ἐκεῖνο
896 3013 1248 3079 παρανοήσας
1278 3014 1337 3064 τό
1363 3031 1376 3043 ·
1410 3034 1426 3064 ι
1472 3015 1534 3066 Ἡ
1562 3019 1711 3086 πηγή
1748 3035 1830 3070 σοι

255 3095 355 3146 τοῦ
397 3093 592 3159 ὕδατος
634 3098 774 3150 ἔστω
829 3099 955 3164 ἰδία,
996 3120 1014 3151 ι
1067 3102 1394 3162 ἐξιδιοῦσθαι
1429 3106 1731 3178 μελετήσῃς
1771 3110 1832 3160 τὸ

258 3190 402 3257 μετά
434 3189 531 3258 τὴν
563 3191 766 3257 κουρὰν
797 3193 1055 3261 ἐπιρῤἐον
1094 3211 1174 3246 σοι
1201 3195 1442 3259 ὁθενοῦν,
1488 3198 1623 3250 ἀλλά
1664 3217 1830 3268 μετο-

253 3280 488 3350 χετεύῃς
518 3281 670 3343 αὐτὸ,
706 3281 834 3334 ἔνθα
867 3285 1112 3351 πρέπει·
1141 3288 1236 3337 καὶ
1275 3286 1554 3354 προεστὼς
1588 3289 1687 3357 μὲν
1721 3308 1831 3343 κοι-

255 3373 501 3441 νότητος,
562 3375 1033 3444 ἀποκαταστήσῃς
1091 3377 1224 3428 αὐτὸ
1277 3381 1342 3445 τῇ
1415 3386 1828 3452 μοναστηριακῇ

252 3463 548 3533 δεξαμενῇ,
584 3465 658 3526 ὼς
695 3467 759 3517 ἂν
806 3471 870 3535 τῇ
921 3471 1072 3536 κοινῇ
1136 3469 1452 3540 συνεισέλθῃ
1517 3477 1710 3542 κτήσει
1739 3477 1831 3529 καὶ

250 3557 384 3608 αὐτό
408 3572 421 3584 ·
450 3555 697 3622 ὑφεστὼς
730 3556 806 3616 δὲ,
831 3559 923 3607 καὶ
959 3556 1131 3620 οὕτως
1157 3559 1635 3627 ἐλαττονούμενος,
1664 3580 1833 3630 προσ-

250 3649 467 3716 αγάγῃς
499 3649 574 3713 τῷ
622 3650 1034 3718 καθῃγουμένῳ,
1070 3653 1152 3701 ἵνα
1204 3654 1407 3712 ἐκεῖνος
1471 3655 1568 3720 μὲν
1632 3657 1830 3724 ποιήσῃ

251 3739 313 3788 τὸ
345 3740 654 3800 κανονικδν,
691 3741 720 3804 ὴ
781 3739 834 3789 δὲ
866 3742 922 3790 ἐν
955 3743 1034 3790 σοι
1087 3742 1353 3809 σεμνότης
1398 3743 1698 3811 φυλάξηται
1733 3745 1830 3812 τὴν

251 3831 322 3880 δι’
381 3832 728 3897 ἐπικτήσεως
773 3833 1286 3900 πολυκτημοσύνην,
1321 3835 1395 3897 ὡς
1427 3837 1826 3904 παρήγγελται,

255 3921 354 3970 καὶ
388 3925 483 3990 τὴν
528 3923 778 3975 ἐντεῦθεν
831 3925 1217 3993 ἀσχημοσύνην
1246 3941 1258 3953 ·
1307 3927 1374 3977 δι’
1409 3930 1472 3994 ἢν
1525 3929 1828 3980 κεκώλυται

249 4014 366 4073 τοῖς
404 4015 728 4080 μονάζουσιν
769 4017 828 4066 οὐ
879 4017 1002 4082 δίχα
1042 4017 1519 4085 παρασημάνσεως
1567 4021 1627 4070 τὸ
1674 4019 1704 4088 ἢ
1738 4037 1828 4070 κε-

252 4105 511 4171 κτῆσθαι,
570 4105 595 4174 ἢ
633 4107 1126 4173 προσεπικτᾶσθαι,
1158 4108 1296 4161 ἀλλὰ
1345 4111 1402 4161 τδ
1449 4111 1689 4172 ἰδιάζον·
1738 4113 1826 4164 ἵνα

249 4199 421 4247 πολλὰ
453 4200 594 4249 κακά
619 4199 866 4269 ἐκφύγῃς
899 4201 1244 4268 άκτημονῶν.
1294 4201 1692 4265 Πολυσύνθετος
1717 4203 1827 4274 γὰρ

249 4291 527 4356 φωλότης
568 4293 657 4340 καὶ
688 4291 748 4341 τὸ
778 4292 1232 4358 πολυκτημονείν,
1327 4295 1420 4344 καὶ
1469 4294 1631 4362 ζῆλος
1687 4313 1826 4366 παρ-

248 4389 466 4442 έπεται,
486 4384 576 4433 καὶ
600 4384 736 4451 ἔρις,
758 4384 849 4434 καὶ
870 4385 1200 4452 ἀδιακρισία,
1225 4390 1316 4436 καὶ
1335 4387 1653 4456 περιττότης
1672 4389 1822 4458 κενὴ,

248 4475 346 4524 καὶ
380 4474 537 4541 ἡδονὴ
567 4475 624 4524 δὲ
663 4475 890 4539 ματαία,
919 4477 1012 4527 καὶ
1036 4476 1163 4539 δόξα
1186 4479 1349 4544 ὁμοία
1374 4493 1387 4505 ·
1414 4472 1490 4538 οἷς
1525 4482 1615 4530 καὶ
1637 4481 1822 4545 αὐτοῖς

247 4567 273 4611 ό
304 4565 505 4630 κυρίως
543 4564 770 4630 μοναχ>ις
806 4566 1135 4630 ἀπετάξατο,
1169 4567 1312 4619 καθά
1341 4570 1433 4620 καὶ
1460 4573 1523 4638 τῇ
1552 4569 1824 4639 λαϐροφα-

251 4657 370 4724 γὲᾳ,
405 4657 468 4723 ἣν
503 4657 599 4707 οὐκ
636 4657 699 4707 ἂν
737 4657 848 4723 ἔχοι
880 4657 953 4726 μὴ
987 4659 1355 4724 ἐγκαλεῖσθαι.
1384 4663 1503 4711 κατ’
1529 4663 1664 4713 ἰδίαν
1688 4682 1823 4732 χρη-

2014 2077 2100 2130 65.
2155 2074 2234 2129 Tu
2277 2085 2483 2141 autem,
2516 2077 2726 2132 sincere
2762 2080 3050 2142 monache,
3085 2096 3241 2135 cura.
3275 2079 3365 2135 Dei
3395 2097 3517 2150 gra-

1932 2168 2028 2232 tia,
2063 2177 2114 2222 et
2139 2170 2292 2220 disce
2309 2168 2631 2236 locupletari
2654 2171 2818 2223 etiam
2845 2182 2966 2238 post
2998 2181 3317 2236 tonsuram;
3353 2174 3519 2242 idque

1930 2277 2035 2315 non
2077 2261 2360 2324 absolute,
2405 2261 2498 2313 sed
2559 2275 2625 2314 eo
2673 2277 2837 2315 sensu
2893 2278 3000 2332 quo
3062 2266 3237 2333 prius,
3298 2263 3352 2316 in
3389 2280 3516 2325 con,

1930 2360 2123 2421 spectu
2161 2353 2250 2406 Dei
2302 2353 2524 2415 audisti,
2556 2361 2609 2406 et
2642 2355 2785 2407 sicut
2812 2355 3062 2409 miniSIer
3110 2357 3290 2409 sciens
3313 2358 3517 2427 optima

1929 2447 2058 2516 quid
2094 2446 2297 2500 diceret
2343 2447 2885 2516 postulavit,etsicut
2922 2449 3036 2518 ipse
3072 2450 3315 2518 perfecte
3346 2452 3513 2518 nosti,

1929 2547 1984 2593 et
2015 2539 2436 2594 circumstantes
2469 2539 2783 2595 audierunt.
2805 2539 2922 2596 Non
2974 2541 3280 2611 simplicem
3322 2559 3517 2598 novam

1929 2631 2396 2699 comparationem
2421 2631 2475 2684 in
2499 2633 2835 2688 monasterio
2862 2633 3065 2687 audisti
3085 2643 3139 2689 et
3166 2635 3514 2706 repudiasti;

1931 2725 2024 2779 sed
2077 2734 2130 2778 et
2153 2725 2254 2778 hoc
2275 2725 2518 2779 auditum
2549 2724 2652 2781 fuit
2679 2743 2693 2780 :
2722 2745 2740 2778 ι
2771 2726 3066 2794 privatam,
3110 2745 3128 2778 ι
3155 2729 3368 2783 scilicet
3395 2744 3517 2798 quae

1933 2819 2028 2872 tibi
2062 2819 2281 2887 propria
2319 2827 2438 2872 est:
2479 2833 2547 2871 ne
2581 2817 2746 2872 verbo
2805 2818 3118 2874 Salomonis
3155 2820 3296 2875 male
3355 2821 3517 2875 intel-

1936 2913 2074 2965 lecto
2094 2927 2110 2965 :
2136 2929 2153 2960 ι
2178 2910 2378 2964 Fontes
2400 2925 2553 2977 aquae
2577 2910 2774 2964 habeto
2795 2909 2967 2975 solus,
2982 2928 3000 2960 ι
3026 2911 3236 2980 cogites
3255 2929 3378 2980 qua:
3396 2923 3516 2983 post

1935 3011 2216 3056 tonsuram
2239 3000 2602 3070 undecunque
2640 3002 2706 3054 ad
2727 3011 2778 3056 te
2800 3002 3066 3055 venerint.
3096 3002 3367 3070 privatum
3391 3018 3516 3057 nos-

1933 3095 2258 3160 sidere;sed
2295 3104 2354 3148 ιιι
2404 3096 2494 3150 illa
2530 3110 2634 3163 qua
2685 3110 2780 3163 par
2817 3097 2922 3148 erit
2940 3095 3166 3161 referas,
3187 3105 3240 3148 ut
3262 3097 3515 3165 praelatus

1934 3187 2312 3238 cnmmnnitati
2345 3201 2407 3239 ea
2427 3185 2770 3253 receptacula
2797 3187 3120 3239 monasterii
3157 3202 3426 3251 reserves,
3458 3189 3511 3240 in

1937 3277 2212 3330 fortunam
2258 3277 2501 3329 omnium
2548 3278 2963 3341 concurrentia,
3000 3285 3054 3331 et
3085 3277 3388 3347 subjectus,
3416 3295 3511 3334 seu

1937 3371 1988 3422 iu
2019 3370 2181 3422 ferias
2199 3369 2264 3422 ad
2291 3371 2574 3437 praelatum
2594 3367 2808 3433 aﬂ‘eras,
2838 3377 2897 3421 ut
2919 3369 3008 3422 hic
3027 3373 3327 3424 secundum
3354 3387 3516 3440 regu-

1942 3463 2044 3514 lam
2078 3470 2222 3530 agat,
2263 3471 2312 3514 ct
2358 3472 2446 3513 tua
2475 3461 2713 3524 dignitas
2745 3460 2964 3515 divitias
2995 3477 3060 3514 ex
3103 3464 3515 3531 comparatione

1939 3569 2098 3617 nova,
2136 3561 2194 3607 ut
2226 3555 2427 3606 dictum
2452 3563 2558 3616 est,
2592 3564 2649 3606 ut
2681 3553 2999 3608 indecorum
3055 3566 3223 3615 esset,
3257 3556 3459 3609 devitet
3494 3574 3506 3608 :

1937 3659 2217 3718 propterea
2255 3647 2538 3700 monachis
2570 3663 2635 3698 ne
2667 3648 3017 3714 acquirerent
3064 3658 3116 3700 et
3145 3649 3511 3710 cumularent,

1938 3754 2042 3790 non
2086 3739 2206 3791 sine
2245 3738 2548 3798 reticentia,
2582 3739 2915 3805 prohibitum
2954 3740 3088 3804 fuit;
3131 3748 3185 3792 et
3223 3741 3306 3795 sic
3342 3743 3511 3793 multa

1935 3827 2073 3880 mala
2110 3828 2447 3896 paupertatis
2501 3828 2749 3894 eﬂ'ngics.
2783 3827 3059 3896 Multiplex
3092 3829 3236 3881 enim
3294 3833 3512 3884 miseria

1933 3919 2268 3981 divitiarum,
2320 3932 2454 3986 quas
2481 3920 2778 3972 comitatur
2808 3921 3031 3987 invidia,
3058 3921 3213 3980 rixas.
3233 3922 3512 3983 confusio.

1929 4011 2218 4077 jactantia,
2263 4010 2512 4078 voluptas
2580 4025 2715 4063 vana
2772 4012 3078 4079 similisque
3135 4013 3341 4079 gloria.
3376 4031 3515 4080 quo-

1932 4116 2050 4153 rum
2084 4102 2324 4152 omnium
2343 4115 2536 4168 expers
2554 4112 2637 4153 est
2659 4116 2818 4154 verus
2860 4103 3184 4164 monachus,
3206 4111 3264 4154 ιιι
3283 4115 3514 4158 secretae

1935 4191 2398 4252 manducationis,
2426 4191 2494 4243 de
2516 4206 2622 4258 qua
2654 4206 2759 4243 non
2785 4191 3034 4244 accusari
3067 4207 3174 4244 non
3197 4202 3378 4259 potest
3414 4195 3512 4261 qui

1931 4296 2066 4350 opes
2096 4282 2336 4349 privatas
2368 4280 2682 4347 acquisivit.
2737 4279 2838 4345 Qui
2872 4282 3018 4334 enim
3051 4281 3119 4334 de
3152 4283 3346 4350 majori
3384 4298 3515 4336 con-

1929 4373 2169 4426 vincitur
2217 4373 2284 4425 de
2344 4372 2650 4426 minoribus
2707 4372 2760 4425 in
2811 4373 3188 4440 suspicionem
3241 4389 3347 4425 non
3395 4390 3515 4426 mo-

1928 4465 2105 4518 dicam
2153 4465 2367 4525 incidit,
2419 4472 2475 4517 et
2507 4464 2789 4529 illegitime
2813 4463 3056 4516 divitiari
3087 4464 3210 4532 plus
3233 4475 3317 4518 est
3339 4480 3511 4533 quam

1927 4567 2138 4611 secreto
2161 4557 2512 4611 manducare.
2529 4556 2734 4609 Deinde
2753 4555 3058 4610 monachus
3076 4557 3169 4626 qui
3190 4558 3254 4609 ad
3278 4559 3512 4609 mandu-

1924 4652 2155 4702 candum
2191 4649 2420 4717 colligit,
2445 4663 2570 4702 mox
2610 4649 2675 4702 ad
2711 4650 3040 4718 voluptatem
3071 4647 3277 4717 aliquid
3308 4647 3512 4704 addet:

249 4747 640 4812 ματιξόμενος.
703 4746 762 4797 Ὀ
845 4749 954 4815 γὰρ
1016 4749 1106 4800 τοῦ
1176 4751 1426 4817 μείζονος
1482 4752 1832 4822 ἁλισκόμενος

1947 4739 2223 4793 fruitionis
2259 4740 2403 4791 enim
2434 4755 2558 4802 pars
2606 4754 2714 4792 non
2746 4741 2970 4792 minima
3016 4739 3158 4807 apud
3201 4741 3514 4794 mundanas

246 4836 494 4898 ὕποπτος
530 4840 596 4890 ἂν
649 4841 735 4908 είη
772 4840 874 4908 οὐχ
919 4841 1119 4908 ἣκιστα
1181 4845 1274 4894 καὶ
1311 4843 1403 4895 ἐπὶ
1436 4843 1817 4912 τῷδέλάττονν

249 4930 434 4996 μεῖζον
471 4930 526 4982 δὲ
574 4931 788 4991 πάντως
821 4934 845 4982 ο
882 4932 1108 5000 ἄκαιρος
1173 4936 1556 5002 χρηματισμὸς
1587 4937 1681 4988 τοῦ
1731 4938 1823 4991 λα-

243 5023 564 5086 θροφαγεῖν.
596 5023 701 5072 Καὶ
739 5023 844 5090 μὴν
882 5025 1110 5091 μοναχος
1135 5027 1202 5075 τα
1238 5028 1372 5092 πρὸς
1403 5027 1649 5094 δαπάνην
1689 5046 1819 5081 συν-

241 5115 393 5177 άγων
424 5113 561 5180 τάχα
627 5114 691 5163 ἂν
735 5115 1122 5166 καταϐαλείταί
1157 5133 1208 5167 τι
1254 5120 1349 5168 καὶ
1381 5119 1472 5168 ἐπὶ
1500 5119 1821 5171 ἀπολαύσει.

245 5207 429 5273 Μέρος
465 5204 516 5254 δὲ
549 5204 648 5254 οὐκ
701 5205 986 5270 ἐλάχιστον
1048 5207 1406 5271 ἀπολαύσεως
1446 5212 1501 5262 ἐν
1533 5216 1820 5279 κοσμικοῖς

247 5296 347 5362 μὲν
380 5295 438 5346 το
469 5297 686 5362 φαγεῖν,
718 5298 775 5345 ἐν
816 5298 1070 5363 μοναχοίς
1102 5298 1157 5348 δὲ
1188 5299 1246 5349 οὐ
1277 5299 1361 5361 τὸ,
1390 5298 1700 5362 ἀσυνθέτως
1744 5304 1820 5353 εἰ·

238 5389 385 5445 πεῖν,
426 5390 618 5453 φαγεῖν
671 5387 823 5451 (αὐτὸ
864 5388 969 5453 γὰρ
1024 5389 1320 5454 πάγκοινόν
1366 5393 1559 5462 ἐστιν),
1594 5391 1728 5444 ἀλλά
1762 5394 1820 5445 τὸ

241 5483 626 5545 ιαιιροφαγείν,
663 5481 688 5531 ὃ
712 5482 905 5531 ταυτόν
954 5484 1067 5533 ἐστι
1101 5482 1175 5548 τῷ
1210 5483 1375 5551 ἡδέως
1421 5487 1612 5551 φαγεῖν
1637 5496 1649 5509 ⁸
1683 5484 1815 5536 καθ·-

237 5573 321 5621 ότι
361 5571 455 5622 καὶ
489 5571 694 5638 κλοπῆς
750 5571 893 5640 ὕδωρ
938 5573 1201 5640 γλυκερίν
1233 5575 1522 5642 γράφεται.
1558 5576 1652 5627 Ἓν
1675 5577 1813 5645 τάχα

243 5665 403 5728 μόνον
435 5664 462 5712 ὁ
494 5663 732 5726 τοιοῦτος
762 5665 914 5730 ἄγκος
962 5668 1391 5733 χρηματιστικὸς
1425 5666 1638 5735 νομίσοι
1674 5667 1810 5735 ἁγα-

317 5847 354 5871 ¹⁴
396 5843 553 5896 Prov.
591 5861 638 5904 ν,
683 5845 760 5897 l7.
843 5848 882 5875 “
937 5846 1101 5900 Eccli.
1131 5845 1216 5907 l0,
1276 5844 1327 5898 6.

1924 4842 2006 4887 est
2034 4830 2298 4884 comestio
2328 4845 2342 4892 ;
2368 4829 2509 4897 apud
2545 4829 2843 4882 monachos
2863 4837 3044 4883 autem
3085 4844 3195 4882 non
3224 4830 3510 4893 comestio,

1926 4924 1992 4978 ad
2023 4924 2352 4989 loquendum
2386 4919 2729 4988 disjunctim,
2753 4920 2845 4973 sed
2881 4928 3093 4973 secreta
3130 4919 3504 4978 manducatio.

1925 5033 2017 5072 seu
2044 5017 2186 5085 quod
2216 5015 2359 5067 idem
2393 5023 2478 5068 est
2517 5013 2834 5080 voluptuose
2876 5012 3228 5072 manducare,
3253 5013 3512 5082 quemad-

1928 5113 2144 5164 modum
2168 5107 2377 5161 dulcior
2399 5122 2520 5160 essc
2539 5105 2742 5158 dicitur
2760 5119 2902 5172 aqua
2923 5104 3123 5158 iurata.
3150 5105 3310 5158 Forte
3337 5121 3503 5158 unum

1925 5201 2125 5253 bonum
2168 5198 2311 5267 quod
2339 5197 2489 5250 vovit
2533 5206 2758 5250 sanctus
2802 5196 2890 5251 hic
2918 5197 3223 5264 negotiator
3254 5196 3306 5248 id
3338 5209 3506 5247 unum

1928 5291 2234 5343 arbitratur
2295 5291 2539 5350 habere,
2589 5303 2696 5340 non
2767 5301 2888 5340 esse
2949 5285 3174 5340 omnino
3239 5285 3501 5340 otiosum.

1927 5383 2046 5453 ipse
2078 5384 2220 5437 istud
2257 5397 2361 5436 nou
2391 5381 2702 5448 intelligens
2736 5397 2748 5433 :
2783 5396 2801 5428 ι
2841 5362 3058 5431 Nullum
3088 5391 3227 5446 opus
3253 5377 3506 5429 ruborem

1926 5477 2122 5530 addit“
2162 5493 2180 5526 ι
2215 5474 2280 5527 ad
2317 5488 2376 5528 se
2413 5471 2830 5540 justiticandum
2886 5469 3098 5522 nullum
3163 5483 3304 5536 opus
3337 5465 3509 5534 injus-

1925 5586 2040 5624 sum
2071 5583 2194 5622 esse
2223 5566 2512 5629 monacho,
2542 5565 2771 5630 ideoque
2799 5575 2897 5615 nec
2946 5560 3209 5622 divitiari,
3232 5558 3502 5627 siquidem

1919 5663 2024 5718 hoc
2041 5665 2107 5717 ad
2128 5662 2461 5730 operandum
2489 5655 3000 5714 attinet.Manil’este
3018 5655 3254 5722 seipsutu
3279 5649 3499 5718 decipit,
