4212 6434
189 402 291 472 809

1121 404 1218 464 DE
1260 404 1735 468 EMENDANDA
1774 411 1952 473 VITA
1994 418 2463 483 MONACI—IICA;

3366 430 3473 499 8lfl

191 520 285 572 καὶ
322 519 526 589 βροντὴ
578 519 926 589 τρανεστάτη
987 524 1210 591 μακρὰν
1264 523 1581 592 ἐξηγεῖται·
1620 520 1695 579 ὧν
1749 529 1773 596 ἡ

1890 535 1942 587 in
1988 544 2155 597 terra,
2194 555 2381 593 coram
2421 540 2741 598 hominibus
2767 543 3091 614 refulgens;
3122 560 3469 616 quorumque

188 615 453 683 ἀστραπὴ
477 615 662 682 φαίνει
694 618 760 684 τῇ
784 615 1109 684 οἰκουμένῃ,
1134 615 1430 683 λάμπουσα
1463 617 1778 687 ἔμπροσθεν

186 710 296 759 τῶν
335 708 651 776 ἀνθρώπων
677 722 693 739 ο
727 700 800 759 ὧν
837 709 868 776 ἠ
907 708 1046 777 ὀδμὴ
1079 709 1139 759 ού
1196 707 1343 761 θείου
1381 710 1517 770 δςει,
1554 710 1670 762 ἀλλ’
1700 713 1778 774 εις

189 802 430 869 οὐρανὸν
461 802 627 853 αὐτὸν
664 800 873 869 εὐώδης
903 802 1211 854 ἁναὸαένει.

258 893 366 960 ιβ’.
410 893 653 961 Τοιούτῳ
700 893 829 959 γοῦν
870 892 1057 961 λάμπε
1094 894 1253 961 φωτί.
1291 896 1400 947 Καὶ
1443 895 1777 965 δραμοῦνται

190 992 395 1049 πάντες
431 987 523 1038 ἐπὶ
579 988 660 1050 σὲ,
696 988 789 1038 καὶ
832 987 1102 1052 ἁνάψουσι
1136 989 1231 1039 καὶ
1268 988 1420 1041 αὐτοὶ
1471 988 1776 1058 μεταλήψει

189 1084 252 1146 τῇ
317 1080 429 1129 ἀπο
487 1078 579 1128 σού
618 1078 773 1145 φῶτα
819 1078 1005 1144 ὃμοια.
1062 1078 1172 1131 Καί
1232 1096 1348 1142 πως
1402 1079 1775 1148 ἁμιλλώμενοι

188 1167 501 1234 λαμπάδων
561 1167 749 1232 ἀγῶνα
801 1169 990 1219 τοῦτον
1042 1167 1322 1221 τελέσουσι
1372 1170 1460 1221 διὰ
1518 1167 1648 1236 σοῦ,
1697 1172 1777 1243 τῷ

191 1264 358 1311 παντὶ
406 1263 740 1328 σεμνότερον
776 1260 869 1313 τοῦ
902 1262 959 1312 ὲν
992 1263 1103 1323 τοῖς
1146 1263 1311 1316 πάλαι
1362 1264 1771 1332 ἱστορουμένου.

194 1355 337 1419 Ἤδη
365 1353 424 1405 δὲ
460 1355 555 1405 καὶ
584 1355 727 1424 ὑπὲρ
760 1356 825 1405 τά
851 1354 959 1406 τῶν
984 1356 1345 1424 Νικομηδέων
1374 1357 1528 1423 φῶτα
1560 1358 1619 1409 ἐν
1644 1360 1780 1410 ἀκα-

195 1450 279 1514 ρεῖ
319 1447 597 1517 πολλαχοῦ
630 1451 734 1516 γῆς
779 1448 876 1517 τὴν
916 1450 975 1500 ἐν
1022 1450 1103 1500 σοὶ
1134 1448 1330 1514 δείξεις
1374 1450 1776 1518 φωτοφάνειαν.

194 1542 449 1607 Λάμπων
483 1541 669 1607 μέντοι
705 1540 963 1593 σύστελλε
997 1540 1056 1592 τὸ
1081 1541 1272 1610 ἄγριον
1295 1542 1565 1610 πυρῶδες.
1598 1541 1666 1593 δι’
1688 1535 1776 1594 οὗ·

192 1651 301 1701 περ
351 1634 409 1684 αἱ
454 1632 659 1698 φαῦλαι
693 1631 939 1698 νεφέλαι,
978 1634 1023 1682 οξ
1072 1632 1238 1684 δεινοὶ
1279 1631 1527 1700 μοναχοὶ,
1572 1632 1630 1683 τὸ
1673 1649 1777 1683 πα-

190 1724 472 1790 ραπεπτον
499 1725 958 1790 καταφλέγουσιν,
984 1724 1059 1787 ὡς
1086 1726 1365 1792 ἄγρωστις
1388 1724 1523 1792 ξηρὰ
1559 1724 1775 1793 βρωθή-

190 1830 342 1865 σεται
375 1816 518 1867 κατὰ
556 1816 647 1866 τὸν
700 1815 856 1880 ἅγιον
891 1814 1119 1866 Ἡσαΐαν
1168 1814 1271 1865 ὑπὸ
1314 1817 1520 1882 πυρός·
1571 1816 1662 1867 ἔσο
1717 1816 1773 1867 δὲ

186 1907 477 1973 ταμιεύων
519 1908 650 1959 αὐτὸ
685 1908 833 1959 ὕλαις
865 1908 1046 1970 ἀξίαις
1076 1907 1325 1969 καύσεως
1351 1907 1767 1976 ὲπιτιμητικῆς,

185 1998 381 2058 ὁποίας
420 1999 625 2060 πολλάς
654 2001 681 2051 ὀ
716 1999 900 2060 ὐλαίος
930 1998 1165 2065 ἀναφύει
1197 1999 1331 2067 βίος.

262 2097 330 2155 ρ’.
366 2092 620 2143 Συνελεῖν
651 2091 759 2161 γὰρ
791 2092 849 2142 τὸ
895 2094 1004 2144 πᾶν
1045 2094 1102 2144 ἐν
1157 2093 1520 2160 βραχυτάτῳο
1576 2093 1773 2163 νεφέλῃ

188 2182 373 2246 φωτὸς
409 2183 646 2250 ὀφείλεις
694 2181 1035 2243 εἰκάζεσθαι,
1071 2184 1130 2234 οὐ
1174 2184 1281 2253 μὴν
1326 2184 1772 2253 ἐκπυρηνιξούσῃ

188 2278 518 2344 κεραυνοὺς,
552 2278 734 2329 ὁποῖόν
780 2295 831 2328 τι
866 2277 1259 2346 κεραυνοϐόλον
1291 2276 1542 2342 φαίνεται
1590 2279 1769 2344 νέφος,

186 2370 285 2419 καὶ
315 2370 343 2417 ὁ
380 2370 454 2436 μὴ
486 2368 789 2428 Δαυῖτικῶς
818 2369 1184 2437 ἐναδολεσχῶν
1206 2371 1262 2421 ὲν
1297 2374 1407 2431 τοῖς
1437 2370 1531 2422 τοῦ
1565 2373 1772 2440 Κυρίου

186 2460 579 2527 δικαιώμασιν,
628 2459 766 2511 ἀλλὰ
829 2459 1233 2530 καταφλυαρῶν
1276 2461 1619 2530 βλασφήμως
1682 2465 1777 2515 καὶ

188 2554 481 2617 alaeam,
520 2546 594 2605 ὧν
627 2552 693 2603 ἂν
727 2553 994 2620 βούλοιτο,
1036 2554 1132 2609 καὶ
1161 2552 1338 2616 οὕτως
1373 2554 1562 2622 ἀφιεὶς
1601 2556 1777 2623 χάλα-

190 2644 294 2706 ζαν
327 2646 423 2696 καὶ
458 2648 627 2714 napi);
653 2646 962 2716 ἄνθρακας,
990 2644 1286 2714 ψαλμικῶς
1316 2648 1493 2699 εἰπεῖν
1523 2648 1591 2700 δι’
1617 2643 1693 2701 ὧν
1719 2649 1777 2701 τὸ

188 2739 287 2790 τοῦ
320 2740 618 2806 πυρόεντος
643 2739 816 2808 θυμοῦ
844 2742 1278 2809 σκιαγραφεῖται
1306 2742 1647 2813 νεκροποιόν.
1676 2744 1778 2795 Οὖ-

190 2847 301 2891 τως
324 2833 356 2899 ἠ
393 2830 502 2901 ἐμὴ
531 2833 699 2885 πάλαι
732 2833 884 2894 πόλις
918 2834 1019 2901 τὴν
1053 2835 1359 2906 μοναχικὴν
1394 2836 1779 2907 μελαμφορίαν

194 2926 462 2988 σεμνυνεῖ
520 2924 1120 2995 φιλενδεικτικώτερον.
1168 2924 1382 2989 Ἀλλως
1444 2927 1627 2993 μέντοι
1680 2930 1781 2980 οὐκ

194 3014 595 3084 ἀπηκρίϐωται
651 3016 712 3069 τὸ
764 3017 935 3085 μέλαν
974 3016 1173 3089 χρῶμα
1233 3018 1619 3089 προκαθῆσθαι
1672 3021 1781 3071 τῶν

191 3105 373 3157 ἄλλων
436 3107 756 3175 ὑπερφυῶς,
814 3110 862 3161 εἰ
922 3107 985 3160 τὸ
1041 3109 1135 3161 τοῦ
1193 3111 1557 3164 ἀποστολικοῠ
1617 3112 1780 3182 ἤθους

1886 628 2021 681 odor
2064 645 2169 682 non
2211 631 2441 698 sulphur
2472 632 2604 698 olet,
2640 635 2736 689 sed
2762 652 2885 689 cum
2915 637 3215 709 fragrantia
3262 640 3328 695 ad
3361 656 3474 696 eae-

1886 722 1990 775 lum
2035 724 2211 793 ipsum
2246 726 2515 780 ascendit.

1950 905 2038 958 99.
2074 906 2186 958 llac
2222 907 2389 975 igitur
2427 908 2547 961 luce
2580 908 2808 978 refulge.
2837 909 2994 962 Tunc
3049 925 3242 964 omnes
3303 913 3368 964 ad
3418 920 3472 962 te

1882 1011 2234 1062 concurrent,
2276 999 2592 1068 similiaque
2648 1000 2853 1055 lumina
2889 1002 2988 1055 abs
3033 1011 3083 1054 te
3153 1013 3472 1055 mutuantes

1882 1096 2208 1155 accendent,
2242 1104 2319 1156 et,
2350 1094 2508 1163 quasi
2542 1093 2754 1162 agmine
2788 1094 2951 1157 facto,
2982 1096 3131 1147 illam
3157 1096 3468 1162 lampadum

1884 1202 2116 1253 pugnam
2167 1187 2335 1238 altera
2390 1186 2693 1255 antiquitus
2756 1186 2953 1238 tradita
2993 1188 3345 1241 illustriorem
3378 1203 3473 1254 ρι-ι·

1883 1288 1934 1331 te
1964 1279 2275 1332 conﬁcient.
2321 1278 2440 1332 Mox
2483 1295 2649 1347 super
2683 1278 3123 1332 Nicomediensia
3152 1280 3379 1341 lumina,
3417 1283 3469 1333 in
3550 1314 3565 1332 .

1882 1372 1992 1425 ictu
2024 1372 2190 1435 oculi,
2228 1371 2430 1440 ubique
2454 1382 2724 1424 terrarum
2751 1372 2926 1425 lucem
2966 1379 3114 1423 tuam
3151 1372 3444 1440 patefacies

1880 1464 2135 1517 Attamen
2191 1480 2314 1518 cum
2375 1463 2630 1531 iulgebis,
2696 1479 2899 1517 saavum
2953 1464 3134 1531 ignem
3166 1466 3469 1531 comprime

1881 1574 1988 1624 quo
2019 1559 2191 1611 nubes
2215 1573 2425 1621 vacuat,
2465 1557 2743 1609 metuendi
2780 1557 3035 1609 monachi
3067 1557 3335 1625 quidquid
3376 1571 3469 1609 oc-

1880 1650 2051 1702 currit
2072 1648 2463 1709 iuceudunt,et
2492 1648 2616 1715 igne
2635 1646 2984 1700 comburitur
3016 1662 3239 1715 gramen
3263 1648 3470 1701 siceum

1881 1742 2180 1796 secundum
2227 1751 2480 1795 sanctum
2525 1741 2742 1795 Isaiam.
2776 1739 2933 1794 llunc
2987 1739 3168 1808 ignem
3199 1739 3321 1793 fove
3345 1755 3468 1791 ma-

1883 1838 2013 1889 teria
2046 1835 2507 1887 eondemnalione
2546 1842 2599 1886 et
2656 1834 2999 1886 crematioue
3029 1832 3216 1901 digna,
3249 1831 3467 1900 qualem

1881 1925 2109 1976 multam
2152 1922 2307 1974 ailcrt
2336 1923 2445 1975 vita
2484 1924 2813 1976 materialis.

1951 2106 2071 2157 ltiti.
2127 2101 2243 2155 Jam
2296 2118 2422 2154 vero
2488 2102 2811 2154 brevissime
2893 2115 3003 2152 rem
3053 2100 3468 2153 concludamus.

1880 2199 2097 2251 Lucida:
2137 2197 2268 2250 nubi
2301 2196 2467 2248 debes
2521 2195 2841 2257 assimilari,
2872 2210 2980 2248 non
3015 2202 3197 2245 autem
3250 2192 3469 2244 fulmini

1875 2292 2210 2354 coruscanti,
2264 2298 2321 2342 ut
2357 2300 2624 2357 apparent
2692 2289 2862 2340 nubes
2919 2286 3125 2339 fulmen
3170 2285 3465 2355 jacieutes,

1876 2398 1930 2439 et
1978 2386 2144 2437 homo
2182 2383 2273 2451 qui
2307 2398 2412 2435 non
2478 2381 2608 2434 dicit
2659 2395 2782 2433 cum
2826 2377 3471 2446 Davidejustificationes

1882 2477 2120 2538 Domini,
2157 2474 2252 2529 sed
2284 2473 2657 2542 blasphemias
2692 2484 2745 2526 et
2781 2470 3093 2525 calumnias
3118 2509 3133 2531 .
3181 2478 3471 2537 utcunque

1881 2572 2134 2631 voluerit.
2174 2569 2527 2637 nmltiplicat,
2571 2568 2762 2636 sicque
2794 2566 3123 2636 grandinem
3172 2574 3227 2618 et
3276 2563 3472 2616 carbo-

1882 2674 1979 2712 nes
2014 2658 2157 2726 ignis
2195 2657 2419 2720 emittit,
2459 2666 2517 2709 ut
2548 2656 2728 2711 dicam
2757 2672 2880 2708 eum
2917 2654 3236 2713 Psaltnista,
3267 2653 3470 2721 quibus

1880 2753 2215 2806 describitur
2250 2751 2409 2821 plaga
2463 2749 2717 2804 mortalis
2743 2763 2988 2803 accensa
3018 2748 3114 2802 ira:
3147 2762 3161 2798 :
3199 2745 3292 2800 Sic
3350 2759 3470 2798 mea

1882 2852 2043 2896 vetus
2089 2842 2283 2895 civitas
2323 2842 2511 2909 nigras
2558 2840 2958 2893 monachorum
2995 2848 3183 2893 vestes
3217 2837 3473 2905 magnifi-

1885 2946 1976 2991 cat
2001 2946 2052 2989 ct
2086 2943 2352 2990 ostentat.
2399 2936 2514 2988 Non
2549 2945 2730 2988 tamen
2765 2949 2956 2988 verum
2999 2943 3083 2987 est
3120 2931 3336 3001 nigrum
3377 2946 3474 2985 co-

1888 3030 2057 3087 lorem
2094 3030 2309 3083 caeteris
2344 3030 2622 3083 eolorihus
2656 3028 2795 3081 mire
2827 3036 3115 3095 praestare,
3152 3025 3196 3081 si
3252 3038 3468 3078 morum

1888 3124 2316 3193 apostolieorum
2372 3122 2662 3183 indicium,
2720 3118 3095 3189 evangelicam
3146 3115 3473 3175 similitudi-

191 3199 545 3265 ἐπάγγελμα,
573 3201 668 3251 καὶ
690 3201 789 3269 τὴν
813 3201 1181 3271 εὐαγγελικὴν
1214 3205 1530 3273 ὁμοιότητα,
1568 3208 1660 3257 καὶ
1685 3206 1773 3274 τὴν

1889 3229 2033 3276 nem,
2099 3222 2261 3280 atque
2310 3210 2553 3262 divinam
2605 3208 2912 3260 claritatem
2964 3220 2993 3258 a
3038 3204 3312 3258 monacho
3342 3201 3472 3270 quis

194 3290 386 3343 θεόθεν
420 3291 690 3360 ἔλλαμψιν
745 3294 1017 3362 ἀφέληταί
1057 3312 1141 3353 τις
1181 3295 1277 3347 τοῦ
1334 3297 1575 3368 μοναχοῦ
1604 3316 1615 3328 ·
1653 3299 1779 3351 καθ’

191 3387 258 3453 ἣν
295 3388 354 3436 ὲν
383 3388 447 3454 τῇ
478 3384 638 3453 δῆθεν
678 3387 872 3456 σκοτίᾳ
914 3385 1013 3454 τῆς
1049 3386 1435 3455 μελαμφορίας
1488 3387 1603 3457 φῶς
1636 3390 1778 3442 θειό-

191 3499 355 3548 τερον
387 3484 496 3542 τοῖς
531 3481 666 3548 ὀρθά
694 3480 1138 3547 πολιτευομένοις
1164 3481 1493 3550 ἐκφλέγεται
1525 3484 1619 3537 καὶ
1648 3501 1755 3554 προ

191 3574 404 3640 λάμπει
431 3572 744 3643 ἔμπροσθεν
785 3571 893 3624 τῶν
931 3573 1192 3626 τοιούτων
1244 3574 1572 3643 ἀνθρώπων,
1607 3578 1655 3628 ει
1686 3580 1778 3629 καὶ

188 3667 216 3716 ὀ
255 3665 400 3717 κατὰ
433 3665 593 3733 σῶμα
650 3666 917 3733 κρύπτειν
947 3666 1077 3717 αὐτὸ
1110 3668 1374 3737 πειρᾶται
1426 3667 1640 3734 μόδιοςο
1678 3669 1774 3731 ὡς,

193 3760 248 3809 εἴ
279 3774 341 3820 γε
382 3758 443 3807 τὸ
477 3756 720 3808 τοιοῦτον
753 3756 1011 3825 οὐράνιον
1038 3756 1176 3824 φῶς,
1211 3758 1269 3808 τὸ
1317 3758 1568 3826 mea“.
1602 3759 1776 3810 εἰπεῖν

190 3849 249 3899 δὲ
307 3848 549 3917 άληθῶς.
600 3848 739 3918 ὑπὲρ
772 3848 946 3919 ἣλιον,
1001 3851 1101 3918 τῆς
1159 3849 1463 3919 μοναχικῆς
1514 3850 1776 3919 μελανὶας

193 3940 484 4007 ἀπαγάγοι
516 3957 619 4002 τις,
668 3941 856 4007 ὅμοιόν
896 3958 954 3992 τε
999 3941 1210 4007 γίνεται
1262 3942 1591 4009 τηνικαῦτα,
1626 3944 1700 4007 ὡς
1730 3946 1777 3997 εξ

196 4035 291 4086 καὶ
321 4032 531 4100 ἄνθραξ
560 4032 672 4102 πῦρ
708 4032 938 4099 φλόγεον
976 4032 1205 4097 στέγων,
1237 4029 1358 4085 εἷτα
1400 4033 1652 4094 σϐεσθεὶς
1683 4038 1777 4090 καὶ

194 4125 553 4194 ἀμαυρωθεὶς
585 4127 664 4185 εἰς
702 4124 1054 4192 μελάντερον,
1090 4125 1223 4191 ἠΰτε
1277 4126 1466 4189 πίσσα,
1501 4128 1687 4180 οὐκέτι
1718 4129 1777 4179 τὸ

195 4216 489 4285 πρεσϐεῖον
524 4215 619 4267 τοῦ
655 4216 897 4284 χρηστοῦ
942 4214 1235 4284 ἄνθρακος,
1284 4218 1422 4270 ἀλλὰ
1456 4219 1773 4288 μελάσματι

196 4308 345 4376 μόνῳ
397 4308 876 4378 ἀπομνημόνευμα
907 4308 1120 4361 ἐκείνου
1170 4310 1469 4379 περισώζει
1505 4314 1618 4375 τοῖς
1649 4313 1771 4383 βλέ-

190 4416 410 4454 πουσιν.

267 4490 371 4559 ρα’.
399 4492 501 4560 Εἷη
526 4494 583 4546 δὲ
610 4494 677 4545 ἂν
708 4493 801 4546 καὶ
832 4493 1320 4564 θεωρητικὼτερον
1351 4498 1450 4566 μιᾷ
1477 4498 1576 4566 μὲν
1600 4499 1771 4573 ταύτῃ

189 4589 375 4657 χροιᾷ,
411 4590 476 4656 τῇ
516 4588 655 4639 κατὰ
680 4588 771 4640 τὸν
814 4589 1140 4657 μονάζοντα,
1167 4590 1414 4659 νομίζειν
1444 4596 1658 4665 χαίρειν
1683 4597 1771 4647 τὸν

190 4678 550 4745 παμϐασιλέα
581 4679 811 4748 Κύριον,
860 4675 921 4735 οὗ
956 4682 1095 4733 καλὰ
1128 4681 1196 4735 τὰ
1233 4684 1409 4737 πάντα
1458 4687 1770 4755 ποιήματα·

188 4769 513 4833 ἐξιιυθενοῦν
552 4771 608 4823 δὲ
664 4772 731 4824 τὰ
786 4772 952 4824 λοιπά
1009 4774 1300 4843 χρώματα,
1347 4777 1421 4839 ὡς
1482 4777 1615 4847 μηδὲ
1656 4780 1774 4842 ὲνὲς

188 4862 377 4914 αὖτῶν
400 4865 655 4929 ἀφιέντος
691 4865 786 4917 τὸν
815 4865 957 4918 αὐτὰ
989 4868 1459 4940 περιϐεϐλημένον
1484 4871 1770 4937 ἀξιοῦσθαι

188 4953 293 5021 τῆς
329 4955 410 5016 εἰς
431 4953 523 5005 τὸν
561 4955 894 5025 παράδεισον
936 4958 1291 5023 εἰσελεύσεως
1318 4978 1331 4991 ·
1373 4961 1431 5014 ὃν
1465 4963 1565 5015 οὐκ
1600 4963 1665 5015 ἂν
1691 4967 1771 5018 εἴα

188 5062 375 5111 ποιμι,
420 5045 535 5097 ἀλλ’
565 5046 685 5098 οὐδὲ
714 5048 1106 5117 ὲνθυμηθείην,
1143 5052 1501 5123 μελανδρύοις
1548 5056 1644 5123 μὲν
1677 5074 1770 5109 τε-

185 5136 418 5203 θηλέναι
456 5140 550 5189 καὶ
591 5139 821 5201 ἐὸἐνοις,
879 5143 974 5193 καὶ
1020 5142 1166 5204 ὅσοις
1207 5143 1389 5207 ἄλλοις
1433 5150 1492 5197 οὐ
1540 5148 1702 5216 μόνον
1732 5152 1765 5219 ή

187 5227 390 5295 καρδία
420 5227 478 5278 τὸ
511 5228 681 5297 μέλαν
710 5230 891 5297 φέρει,
929 5230 1064 5284 ἀλλὰ
1109 5232 1203 5284 καὶ
1240 5234 1271 5302 ἡ
1309 5236 1498 5304 ὀλότης
1538 5239 1766 5308 τοιούτῳ

186 5319 496 5382 πνκάζεται
534 5321 823 5391 χρώματιο
856 5324 1095 5393 δένδροις
1144 5326 1200 5377 δὲ
1249 5328 1323 5397 μὴ
1357 5332 1764 5402 ἐνευθηνεῖσθαι

183 5412 282 5464 καὶ
310 5414 563 5479 καρποτῆ
605 5405 677 5464 ὧν
712 5415 804 5465 καὶ
857 5414 994 5485 ἄνθη
1036 5418 1249 5482 πάντως
1282 5422 1521 5491 ἀνάλογα
1565 5425 1763 5494 προδέ-

183 5501 440 5568 6>.ηνται,
474 5500 553 5565 οἷς
584 5504 846 5574 ελλάμπει
871 5510 1108 5573 φανότης
1133 5510 1474 5581 λευκότητος,
1496 5517 1625 5585 φίλη
1652 5519 1763 5580 τοῖς

179 5592 277 5644 τοῦ
312 5593 490 5659 φωτὸς
529 5598 807 5664 ἀγγέλοις.
845 5600 906 5651 El
952 5601 1008 5653 δέ
1046 5620 1129 5664 τις
1165 5605 1271 5656 τῶν
1322 5609 1761 5677 ἐριστικωτέρων

179 5683 321 5750 πρὸς
352 5684 473 5734 λίαν
510 5686 650 5738 πάνυ
690 5690 831 5756 μέγα
864 5691 1128 5760 σέμνωμα
1163 5695 1260 5762 τῆς
1292 5697 1672 5766 μελαμφορὶας
1701 5699 1759 5750 τὸ

177 5776 435 5839 οὖράνιον
489 5778 880 5851 άντιπροιρέρει
939 5786 1189 5848 κυάνεον,
1236 5790 1331 5838 καὶ
1372 5790 1427 5839 τὸ
1478 5790 1614 5841 κατᾶ
1652 5790 1758 5858 γῆν

179 5868 276 5922 καὶ
328 5868 607 5923 θάλασσαν
662 5874 830 5940 μέλαν
856 5876 1110 5945 (μέλαινα
1147 5880 1254 5946 γὰρ
1305 5884 1398 5935 καὶ
1451 5885 1635 5953 ἐκείνη
1666 5888 1760 5938 καὶ

461 5970 729 6034 ΡΑτιιοι..
764 5973 875 6034 (in.
913 5974 1011 6037 CX
1028 5976 1223 6037 XXV.

1884 3307 2219 3377 dempserit,
2266 3303 2473 3373 quibus
2507 3303 2672 3356 rebus
2721 3300 2775 3354 iu
2833 3300 2935 3354 hac
2983 3298 3125 3369 nigri
3157 3295 3469 3351 indumenti

1884 3399 2247 3461 obscuritate,
2275 3398 2366 3451 lux
2393 3396 2641 3449 caelestis
2674 3392 2817 3462 apud
2851 3403 3033 3446 rectos
3066 3389 3318 3443 homines
3348 3387 3469 3441 elu-

1892 3503 2003 3555 cet.
2034 3503 2087 3546 et
2120 3493 2290 3560 fulget
2334 3491 2386 3543 in
2432 3496 2733 3557 conspectu
2779 3486 3065 3540 hominum
3093 3524 3108 3545 .
3160 3485 3287 3537 licet
3340 3497 3460 3537 eam

1884 3587 2102 3641 modius
2135 3584 2386 3653 corporis
2415 3581 2750 3635 obumbrare
2786 3586 3040 3631 conetur.
3072 3574 3128 3628 Si
3166 3576 3292 3643 quis
3321 3576 3467 3629 enim

1883 3682 2025 3734 hanc
2083 3679 2258 3732 lucem
2287 3677 2567 3729 emit-stem
2596 3674 2856 3735 solarem,
2886 3671 3058 3740 magis
3102 3681 3283 3722 autem
3315 3667 3470 3735 plus-

1882 3789 2044 3843 quam
2104 3773 2365 3831 solarem,
2406 3784 2435 3822 e
2473 3768 2647 3836 nigris
2704 3765 2955 3819 monachi
3004 3762 3250 3817 vestibus
3309 3759 3468 3813 aufe-

1880 3875 2002 3929 rat,
2053 3875 2164 3919 tum
2216 3863 2440 3925 accidit,
2498 3859 2658 3930 quasi
2734 3858 2903 3911 carbo
2950 3856 3130 3924 ignem
3184 3853 3467 3907 ardentem

1880 3960 2157 4018 emittens,
2206 3966 2261 4009 et
2308 3970 2431 4006 mor
2480 3953 2814 4011 exstinctus,
2856 3947 3230 4015 redactusque
3279 3942 3345 3997 ad
3383 3945 3470 3996 ni-

1882 4053 2124 4121 gritiem,
2163 4059 2221 4102 ut
2257 4048 2342 4116 pix
2403 4046 2513 4114 jam
2580 4044 2841 4098 carbonis
2887 4041 3041 4095 utilis
3072 4041 3290 4093 titulum
3325 4040 3470 4091 ami-

1883 4146 1978 4206 sit,
2010 4153 2063 4197 et
2096 4142 2212 4197 sola
2254 4141 2474 4210 nigritie
2514 4138 2835 4192 memoriam
2866 4135 3032 4205 hujus
3064 4143 3251 4189 servat
3277 4131 3468 4187 viden-

1882 4239 2051 4292 tibus.

1952 4504 2078 4558 lOl.
2118 4505 2181 4558 Et
2220 4504 2405 4557 forsan
2444 4511 2589 4558 esset
2636 4502 2798 4557 nimis
2827 4501 3181 4557 temerarium
3215 4500 3319 4554 hoc
3356 4515 3469 4553 uno

1877 4597 2084 4661 colore,
2117 4596 2445 4650 monachico
2472 4611 2690 4664 nempe,
2739 4594 2979 4663 gaudere
3032 4593 3235 4662 Regem
3273 4610 3464 4663 regum

1881 4692 2173 4746 Dominum
2204 4689 2487 4749 arbitrari,
2517 4689 2678 4755 cujus
2707 4700 2880 4756 Opera
2908 4686 3094 4739 omnia
3134 4686 3274 4740 bona
3309 4696 3464 4751 sunt,

1874 4790 1928 4835 et
1954 4781 2199 4849 reliquos
2226 4779 2299 4831 ita
2336 4778 2625 4847 despicere
2649 4778 2865 4833 colores
2891 4787 2971 4839 ut,
3004 4793 3115 4832 uno
3136 4792 3329 4831 eorum
3371 4780 3467 4831 de-

1876 4872 2117 4929 ﬁciente.
2150 4870 2317 4924 homo
2334 4872 2418 4924 eis
2449 4868 2915 4939 circumscriptus
2936 4883 3047 4922 non
3077 4868 3280 4937 dignus
3307 4869 3463 4921 inve-

1875 4965 2056 5019 niatur
2072 4964 2163 5033 qui
2195 4963 2583 5017 iutroducatur
2607 4963 2662 5017 in
2688 4962 3151 5032 paradisum.Qui
3172 4962 3464 5033 paradisus

1876 5075 1975 5113 nec
2007 5058 2294 5119 dicendus,
2327 5073 2428 5112 nec
2462 5056 2790 5125 cogitandus
2820 5055 3042 5125 quidem
3092 5066 3176 5111 est
3211 5056 3461 5109 consitus

1874 5153 2047 5221 nigris
2068 5152 2407 5219 quercubus,
2435 5160 2484 5205 et
2501 5154 2699 5212 ebeno,
2718 5159 2771 5203 et
2793 5165 3129 5218 quacunque
3143 5149 3245 5202 alia
3263 5150 3461 5203 arbore

1869 5257 1916 5300 el
1960 5262 2055 5298 cor
2088 5247 2306 5312 nigrum
2346 5248 2493 5299 intus
2530 5245 2765 5309 habens,
2819 5255 2874 5298 et
2931 5245 3188 5298 universa
3226 5246 3457 5297 materia

1874 5338 1977 5390 hoc
2016 5338 2202 5390 colore
2244 5337 2528 5401 inficitur;
2565 5344 2619 5388 et
2677 5351 2785 5388 non
2827 5334 3109 5387 abundare
3143 5333 3457 5396 arboribus,

1868 5442 1919 5486 et
1952 5430 2245 5490 fructibus,
2274 5440 2326 5483 et
2352 5427 2578 5482 ﬂoribus
2613 5429 2881 5483 similibus
2916 5425 3223 5494 productis,
3257 5427 3311 5480 in
3337 5429 3463 5493 qui-

1869 5525 1968 5577 bus
2002 5523 2234 5589 refulget
2264 5521 2427 5574 nimia
2450 5521 2643 5575 albedo
2678 5521 2885 5587 angelis
2906 5519 2998 5573 Dei
3033 5526 3285 5587 accepta.
3318 5517 3378 5569 Et
3405 5520 3449 5571 si

1864 5617 1988 5685 quis
2022 5617 2289 5684 sophista,
2317 5613 2381 5666 ad
2427 5614 2728 5683 augendam
2787 5627 3040 5683 magnam
3087 5620 3138 5664 et
3163 5611 3451 5664 sublimem

1867 5709 2003 5776 nigri
2061 5706 2368 5761 indumenti
2425 5706 2792 5775 dignitatem,
2850 5705 3101 5760 conferat
3150 5703 3449 5757 cmruleum

1866 5802 2089 5861 omium,
2138 5808 2339 5852 terram
2396 5810 2447 5853 et
2486 5814 2631 5852 mare
2669 5800 2887 5869 nigrum
2926 5802 3077 5868 (sunt
3108 5799 3253 5853 enim
3298 5801 3450 5866 nigra

1866 5894 1976 5944 [nec
2009 5899 2061 5943 et
2108 5890 2300 5959 istud),
2336 5902 2389 5945 et
2421 5907 2543 5944 mox
2589 5891 2812 5947 omissis
2843 5892 3099 5944 maximis
3132 5890 3446 5954 elementis,

3029 5985 3102 6047 26
