4212 6434
716 413 822 476 815

1436 402 1864 466 EUSTATIIII
1909 388 2154 460 THESS
2169 402 2204 455 .\
2217 395 2367 456 [ΟΝ
2382 393 2679 455 [CENSIS
2717 388 3160 453 METROPOLI
3174 389 3291 450 'l‘rE

3901 387 4006 454 816

717 523 886 580 rubra
919 523 1100 578 ferens
1159 521 1480 574 indumenta
1516 519 1827 588 eximiaque
1883 513 2298 586 pulchritudine
2331 560 2333 569 ,

2433 511 2505 563 ταὶ
2550 511 2578 561 ὁ
2629 511 2834 578 Κύριος
2884 510 3148 580 προσέχει
3180 506 3330 577 αὖτῷ
3379 506 3436 570 ἐς
3468 505 3745 571 τοσοῦτον,
3790 506 3867 566 ὡς
3907 509 4003 559 καὶ

716 617 1074 674 erubescens.
1106 614 1218 666 vult
1243 618 1469 681 insuper
1495 611 1684 665 oculos
1727 609 2008 680 hominum
2040 606 2301 675 effugere,

719 709 908 776 sicque.
939 725 968 760 a
1000 709 1114 758 fera
1143 706 1394 759 homines
1417 705 1720 758 devoraule
1747 701 2124 761 absconditur;
2152 707 2305 761 tunc,

727 815 782 854 ut
820 799 1094 859 arbitror,
1134 797 1206 851 ob
1241 796 1379 848 hanc
1423 807 1665 857 causam,
1706 792 1868 847 titulo
1902 790 2155 844 monachi
2200 789 2306 841 Deo

728 891 978 962 proximi.
1014 891 1187 958 nigris
1220 886 1555 946 indumentis
1589 886 1770 940 vestiti
1805 900 1911 938 non
1940 882 2172 936 carebit.
2208 880 2306 933 llic

725 986 870 1040 enim
893 986 1047 1051 quasi
1078 985 1230 1052 nigro
1256 981 1421 1048 sepia:
1445 980 1561 1046 ΗΟ)
1586 981 1834 1040 humore,
1857 975 2042 1028 colore
2067 975 2308 1028 obscuro

726 1074 1143 1138 circumdatur;
1199 1071 1289 1124 ille
1341 1078 1526 1124 autem
1585 1070 1756 1122 instar
1808 1067 2048 1136 Ioliginis
2096 1068 2309 1135 liquore

733 1166 918 1228 rubro,
954 1173 1012 1216 ut
1045 1171 1236 1217 narrat
1281 1138 1548 1218 naturalis
1591 1161 1848 1228 historia,
1889 1160 2174 1216 inimicum
2211 1175 2308 1230 po-

728 1265 838 1313 test
875 1256 1088 1326 fugare.

799 1523 924 1578 £07.
955 1521 1021 1578 Et
1047 1523 1308 1591 quoniam
1340 1523 1594 1577 albedine
1625 1531 1678 1576 et
1720 1524 1841 1577 luce
1879 1523 2001 1592 ejus
2033 1523 2312 1580 distrahor

728 1614 797 1668 ad
830 1629 951 1670 eam
984 1615 1229 1680 reﬂecte,
1254 1615 1484 1684 ejusque
1527 1615 1702 1684 gratia
1737 1615 2095 1686 cupientibus
2119 1617 2312 1671 audire

728 1707 1053 1761 memorabo
1082 1723 1204 1776 quae
1231 1706 1552 1774 aliquando,
1601 1723 1724 1762 cum
1763 1709 2056 1762 maximam
2092 1709 2308 1762 urbium

733 1797 1198 1866 perambularem,
1245 1798 1353 1851 vidi
1400 1814 1526 1869 ego,
1596 1807 1651 1852 et
1703 1808 1895 1854 sancta
1935 1799 2008 1852 ibi
2069 1801 2306 1854 ecclesia

729 1903 941 1943 mecum
988 1897 1042 1943 et
1087 1889 1300 1960 reliqua
1349 1891 1513 1944 turba
1547 1905 1712 1960 quam
1765 1892 2023 1949 maxima.
2071 1890 2311 1962 Tempus

731 1987 849 2031 erat
879 1993 1003 2031 eum
1036 1978 1385 2050 Megalopoli,
1406 1982 1458 2035 in
1485 1992 1657 2036 matre
1688 1991 2007 2037 nostrarum
2041 1981 2315 2038 Ecclesia—

731 2085 872 2135 rum,
913 2086 1108 2140 magno
1139 2071 1258 2139 ejus
1294 2073 1537 2142 pontifici
1574 2074 1872 2130 assistebat
1904 2076 2065 2132 Pater
2097 2087 2315 2146 patrum

734 2161 788 2213 in
822 2162 1153 2216 Alexandria
1192 2180 1370 2234 usque
1425 2165 1610 2232 hodie,
1659 2178 1886 2223 sanctus
1935 2170 2314 2224 Eleutherius.

733 2253 896 2308 Circa
923 2268 1050 2309 eum
1101 2256 1192 2310 alii
1215 2256 1570 2313 Alexandrini
1599 2259 1805 2314 diversi
1840 2261 2042 2318 coloris
2070 2262 2316 2326 stabant,

735 2344 879 2400 inter
903 2362 1042 2415 quos
1071 2357 1230 2404 erant
1260 2351 1509 2408 seniores
1545 2353 1826 2418 monachi,
1862 2355 2111 2424 pulchris
2145 2356 2316 2410 vesti-

736 2443 938 2496 bttsttl
974 2444 1113 2513 apud
1149 2459 1250 2497 nos
1279 2447 1482 2497 ornati.
1525 2445 1653 2500 Erat
1685 2447 1913 2515 quidam
1954 2450 2007 2501 in
2050 2450 2192 2503 albis
2240 2453 2321 2504 iu-

737 2539 1042 2602 ttumentis,
1071 2546 1254 2593 erecta
1287 2547 1522 2602 statura,
1551 2542 1708 2610 niger
1734 2550 1983 2607 aSpectu,
2022 2543 2118 2597 sed
2153 2559 2326 2614 augu-

741 2638 862 2684 stus
893 2641 946 2684 et
979 2632 1177 2698 dignus
1225 2646 1386 2701 quem
1423 2631 1790 2687 intuerentur.
1830 2633 1967 2688 lluic
2013 2651 2113 2703 pro
2161 2637 2323 2702 pallio

740 2722 925 2775 tunica
948 2722 1116 2787 linea,
1137 2723 1491 2789 resplendens
1519 2723 1660 2778 sicut
1686 2727 1774 2779 lux
1803 2744 1818 2790 ;
1849 2728 1900 2780 iu
1925 2728 2047 2782 sinu
2076 2729 2243 2782 densa
2274 2738 2327 2782 et

743 2811 850 2867 lata
885 2813 1082 2877 vestis,
1133 2829 1285 2867 more
1317 2826 1532 2878 nostro,
1601 2815 1668 2870 ad
1704 2816 1991 2870 humerum
2041 2819 2326 2874 sinistrum

745 2907 888 2960 linea
950 2918 1100 2960 recta
1151 2907 1528 2962 contrahitur.
1587 2907 1765 2978 Caput
1827 2911 2045 2979 tegebat
2101 2921 2329 2979 onerto-

731 2997 886 3050 .rium
920 3011 985 3050 ex
1015 2996 1174 3066 longa
1211 2999 1360 3052 tenui
1419 3006 1472 3051 et
1517 2999 1637 3053 alba
1673 3001 1779 3054 tela
1821 3001 2282 3054 circumvolutum
2314 3041 2329 3065 ,

746 3100 948 3146 iterum
987 3092 1129 3146 sicut
1187 3093 1238 3146 itt
1292 3103 1470 3162 gente.
1517 3092 1804 3147 Hominem
1856 3096 2199 3149 mirabamur
2237 3097 2330 3164 qui

2415 602 2671 671 θαύματα
2710 602 2778 656 δι’
2804 600 2973 654 αὐτοῦ
3019 601 3287 660 ἐκτελεῖν,
3320 600 3481 653 ὁποῖα
3521 599 3694 652 πολλά
3736 601 4004 668 οἷδαμεν;

2415 695 2476 748 El
2515 695 2572 748 δέ
2601 695 2631 747 ὁ
2660 693 2804 746 οὕτω
2833 693 3018 763 φορῶν
3049 691 3259 761 ἐρυθρέ
3302 691 3520 760 ἱμάτια,
3551 692 3646 743 καὶ
3692 691 3833 761 πρὸς
3868 693 4004 743 κάλ-

2414 787 2503 849 λος
2539 787 2794 855 ἐνάρετον
2828 785 3212 854 ἐρευθόμενος,
3241 783 3416 835 ἐῦἐλει
3449 785 3540 834 καὶ
3563 782 3887 851 ὀφθαλ.μοῦς
3914 787 4007 835 ἁν-

2414 880 2651 948 θρώπων
2681 880 2989 942 λανθάνειν,
3019 881 3112 931 καὶ
3143 877 3285 931 οὓτω
3318 877 3622 948 κρύπτεται
3647 879 3742 930 τὸν
3787 877 4006 946 ἀνθρω-

2416 972 2686 1040 πόλεθρον
2721 972 2888 1041 θῆρα,
2935 973 3034 1024 οὐκ
3074 971 3161 1033 ἂν,
3220 967 3401 1038 οἶμαι,
3449 971 3558 1023 οὐδ’
3613 970 3858 1022 ἐνταῦθα
3903 970 4010 1020 ὑπ’)

2414 1061 2508 1113 τοῦ
2565 1064 2708 1114 κατά
2773 1063 2911 1114 Θεὸν
2979 1061 3465 1130 μελαμφοροῦντος
3525 1060 4006 1128 παρελαθήσετατ.

2414 1148 2582 1216 Οὗτος
2612 1153 2712 1221 μὲν
2755 1153 2888 1223 γὰρ,
2922 1154 3021 1205 ὅσα
3073 1155 3168 1205 καὶ
3199 1153 3354 1205 θολὸν
3403 1155 3606 1220 σηπίας
3644 1155 3898 1222 μέλανα,
3951 1154 4012 1202 τὸ

2413 1247 2518 1314 τῆς
2549 1247 2715 1316 χρόας
2745 1245 2996 1315 ἀμαυρὸν
3032 1245 3346 1312 περίκειται
3372 1259 3385 1272 ·
3413 1249 3440 1298 ὁ
3463 1247 3541 1309 δὲ,
3575 1247 3676 1300 ὅσα
3699 1248 3797 1298 καὶ
3824 1247 4014 1307 τευθὶς

2415 1337 2692 1408 θολώματι
2736 1338 2954 1408 ἐρυθρῷ
2997 1336 3138 1389 κατά
3191 1335 3400 1404 ζωϊκῆς
3435 1338 3681 1408 ἱστορίας
3737 1337 4010 1405 ἔμφασιν,

2414 1429 2710 1497 ἐκφεύγειν
2735 1431 2826 1481 τὸν
2859 1427 3218 1497 ὀλοθρεύοντα
3250 1426 3497 1481 δύναται.

2487 1520 2588 1590 ρξ’.
2639 1520 2783 1573 Ἀλλ’
2823 1523 3012 1589 ἐπειδή
3067 1539 3135 1590 με
3193 1523 3253 1574 τὸ
3303 1519 3498 1572 λευκὸν
3535 1517 3634 1572 ’ἔτι
3690 1522 4015 1590 περιέλκειν

2416 1614 2592 1666 ἐθέλει
2625 1614 2714 1667 διὰ
2744 1614 2805 1666 τὸ
2849 1614 2972 1668 κατ’
3005 1615 3139 1668 αὐτὸ
3183 1613 3466 1682 φωτεινδν,
3508 1615 3804 1667 ἀναϐλέπω
3841 1617 4015 1668 πάλιν

2416 1707 2495 1768 εἰς
2528 1709 2728 1768 ἐκεῖνο,
2767 1707 2862 1760 καὶ
2889 1706 3055 1776 χάριν
3083 1705 3248 1758 αὐτοῦ
3279 1705 3674 1774 συγγράψομαι
3697 1709 3816 1768 τοῖς
3845 1707 4010 1772 φιλα-

2417 1799 2746 1866 κροάμοσιν,
2779 1799 2808 1852 ὃ
2842 1801 2940 1850 καὶ
2973 1798 3085 1865 ἐγώ
3125 1816 3258 1851 ποτε
3294 1793 3458 1861 εἶδον,
3505 1798 3594 1849 ὅτε
3647 1800 4020 1867 περιεπόλουν

2415 1891 2514 1959 τὴν
2549 1892 2822 1960 μεγίστην
2848 1891 2963 1946 τῶν
2992 1893 3222 1953 πόλεων,
3248 1891 3341 1943 καὶ
3374 1893 3471 1944 σὺν
3506 1891 3633 1960 ἐμοὶ
3664 1891 3835 1959 λογὰς
3860 1894 4018 1960 [apud

2417 1985 2556 2054 τάτη
2615 1985 2821 2051 ἐκεῖσε,
2877 1986 2974 2036 καὶ
3035 1983 3222 2047 λοιπὸς
3276 1985 3332 2036 δέ
3375 1986 3570 2053 μυρίος
3625 1985 3747 2046 ὅσος
3801 1986 4020 2054 ὃμιλο·.

2420 2071 2581 2143 Εἷχεν
2628 2075 2661 2143 ἡ
2698 2075 2808 2126 τῶν
2841 2074 2962 2129 καθ’
3001 2076 3153 2144 ἡμᾶς
3205 2074 3516 2144 ἐκκλησιῶν
3571 2076 3755 2143 μήτηρ
3807 2076 3866 2128 ἐν
3913 2094 4021 2126 τινι

2421 2166 2602 2236 καιρῷ
2657 2167 3184 2237 συμπαρεδρεύοντα
3235 2167 3314 2236 τῷ
3363 2167 3484 2219 κατ’
3539 2169 3711 2238 αὐτὴν
3768 2170 4022 2237 μεγὲστῳ

2425 2261 2682 2332 ἀρχιερεῖ
2712 2262 2806 2314 καὶ
2833 2262 2925 2314 τὸν
2947 2263 3008 2314 ἐν
3048 2261 3433 2332 Ἀλεξανδρείᾳ
3469 2261 3635 2331 μέχρι
3658 2263 3751 2314 καὶ
3781 2263 3863 2324 εἰς
3894 2264 4022 2331 ἄρτι

2426 2353 2685 2424 πατέρων
2713 2355 2950 2426 πατέρα,
2987 2355 3077 2408 τὸν
3105 2355 3447 2425 ἡγιασμένον
3493 2354 3834 2423 Ἐλευθέριον
3856 2372 3869 2385 ·
3924 2358 4018 2409 καὶ

2425 2447 2782 2516 περιίσταντο
2813 2450 3021 2502 ἐκεῖνον
3044 2448 3193 2501 ἄλλοι
3217 2465 3274 2500 τε
3291 2448 3401 2500 τῶν
3425 2448 3828 2517 Ἀλεξανδρέων
3855 2450 4023 2501 πολύ-

2427 2557 2662 2609 χρωμοι,
2705 2541 2764 2592 ἐν
2806 2533 2888 2603 οἷς
2932 2540 3028 2592 καὶ⁵
3081 2540 3410 2608 μονάζοντες
3449 2541 3707 2609 γεραροὶ,
3749 2541 4023 2610 ἀμπισχὸο

2433 2649 2587 2702 μενοι
2631 2631 2879 2701 κοσμίως
2925 2631 3066 2685 κατὰ
3098 2631 3225 2694 τοὺς
3257 2632 3315 2684 ἐν
3347 2633 3504 2702 ἡμῖν.
3545 2631 3654 2683 Καί
3693 2649 3777 2692 τις
3812 2633 3869 2684 δὲ
3903 2633 4022 2686 λευο

2432 2723 2692 2792 κοφόρος,
2725 2722 2931 2794 ὑψηλὸς
2976 2725 3186 2785 ἐκεῖνος
3219 2724 3280 2775 τὺ
3325 2723 3642 2793 ἀνάστημα,
3680 2726 4026 2793 μελάγγροος

2421 2817 2533 2884 μὲν
2557 2816 2711 2880 ἰδεῖν,
2747 2812 2806 2869 εὖ
2845 2817 2903 2870 δὲ
2937 2814 3292 2886 χαρακτῆρος
3325 2814 3485 2883 ἔχων,
3523 2818 3620 2869 καὶ
3666 2816 3796 2879 θέας
3828 2817 3983 2881 ἄξιος
4008 2837 4021 2849 ·

2431 2908 2530 2962 aut
2553 2908 2588 2976 ἡ
2617 2907 2856 2976 ἀναϐολὴ
2891 2906 3044 2977 αὐτῷ
3065 2907 3243 2968 λίνεος
3269 2906 3459 2976 χιτὼν,
3502 2907 3758 2976 λάμπων,
3793 2911 3897 2961 ὅσα
3931 2914 4026 2963 καὶ

2436 2999 2554 3066 φῶς
2576 3016 2589 3028 ο
2628 2993 2690 3052 οὗ
2715 3002 2775 3051 τὸ
2801 2998 2926 3052 καθ’
2973 3000 3120 3068 ἡμᾶς
3155 2997 3292 3068 βαθὺ
3343 3001 3437 3049 καὶ
3479 3002 3655 3053 πλατὺ
3689 3002 4026 3070 προκόλπιον

2439 3092 2790 3145 ἀπεστένωτο
2857 3094 2989 3156 περὶ
3047 3095 3141 3145 τὶν
3196 3094 3488 3164 ἀριστερὸν
3559 3089 3713 3164 ὦμον
3785 3097 4030 3164 ἰθαγενεῖ

746 3183 1027 3238 videbant.
1056 3182 1193 3238 Vere
1222 3187 1369 3238 enim
1403 3187 1470 3237 al;
1507 3187 1735 3240 innuero
1773 3197 1827 3240 et
1863 3204 2083 3242 sursum
2117 3189 2324 3242 emine-

2433 3187 2655 3256 τρόπῳ·
2715 3188 2809 3238 καὶ
2849 3187 2912 3239 τὸ
2943 3187 3210 3255 κάλυμμα
3259 3188 3314 3241 δέ
3358 3191 3508 3257 αὐτῷ
3543 3191 3641 3256 τῆς
3676 3190 3944 3258 κειξαλῆς,
3975 3190 4032 3252 ἐξ

746 3276 837 3330 bat
891 3291 1058 3345 supra
1114 3285 1382 3330 astantes.
1439 3276 1503 3329 Et
1560 3293 1662 3346 ego
1715 3279 1866 3331 illum
1922 3280 2248 3345 admiratus,
2299 3295 2330 3333 a

745 3365 987 3437 quodam
1021 3365 1245 3421 homine
1283 3367 1445 3421 istius
1483 3370 1661 3437 magni
1694 3370 1976 3439 pontificis
2018 3372 2332 3440 quaerebam

747 3459 1007 3518 quisnam
1041 3466 1189 3512 esset
1223 3458 1315 3512 hic
1345 3460 1426 3511 vir
1471 3461 1766 3528 praecelsus
1813 3472 1867 3515 et
1908 3463 2050 3516 albis
2076 3463 2326 3518 indutus.

747 3548 944 3602 Aulivi
969 3563 1104 3604 esse
1139 3565 1263 3604 eum
1293 3551 1744 3606 archidiaconmn
1785 3553 2072 3609 catholicas
2096 3554 2332 3608 Alexan-

749 3639 1036 3694 drinormn
1074 3639 1337 3695 Ecclesiae
1362 3682 1377 3703 ,
1415 3642 1750 3712 plurimique
1781 3659 1809 3697 a
1842 3647 2154 3714 patriarcha
2182 3647 2332 3700 msti-

754 3732 914 3785 mari.
942 3731 1084 3798 Quid
1126 3734 1294 3803 ergo?
1324 3732 1491 3788 Istum
1519 3749 1551 3788 e
1571 3749 1729 3789 sacra
1758 3739 2188 3805 congregatione
2216 3754 2337 3804 pro-

751 3827 961 3890 iiciam,
997 3841 1030 3880 o
1059 3826 1464 3896 gloriosissime
1493 3827 1779 3893 monache,
1811 3843 1877 3882 eo
1912 3830 2054 3896 quod
2092 3847 2200 3884 non
2245 3832 2340 3885 ha-

752 3918 954 3982 buerit,
985 3919 1129 3973 sicut
1164 3933 1298 3987 ego,
1338 3927 1390 3970 et
1421 3917 1564 3971 sicut
1614 3927 1693 3985 tu,
1741 3921 1952 3989 nigrant
1982 3929 2211 3988 vestem,
2240 3922 2337 3977 sed

753 4011 882 4064 nive
931 4010 1349 4066 candidiorem?
1405 4011 1650 4075 Minime.
1719 4013 1812 4068 sed
1867 4015 2178 4069 orationem
2219 4017 2341 4084 ejus

756 4103 1104 4158 admitterem
1166 4112 1226 4157 ut
1285 4105 1572 4174 apostolici
1643 4107 1768 4172 viri,
1820 4107 2044 4163 licet‘tu
2097 4109 2237 4164 forte
2285 4111 2340 4165 id

757 4193 1103 4249 reformides.
1121 4194 1220 4250 llic
1245 4196 1486 4260 enim,ut
1513 4195 1707 4266 loquar
1723 4198 2056 4267 evangelice,
2083 4208 2140 4252 ut
2168 4199 2340 4254 lilium

757 4285 994 4340 vestitus
1040 4295 1183 4353 erat,
1211 4288 1328 4342 sive
1355 4297 1413 4342 ut
1443 4288 1646 4357 fulgida
1684 4291 2003 4360 margarita.

2434 3275 2628 3346 ὀθόνης
2664 3279 2883 3344 μακρᾶς
2921 3278 3016 3329 καὶ
3055 3277 3259 3347 λεπτῆς
3301 3283 3394 3332 καὶ
3442 3279 3647 3346 λευκῆς
3687 3281 4025 3348 εἰλιγμένον,

2421 3370 2674 3423 ’κέσκεπεν
2699 3370 2889 3441 αὐτὴν,
2919 3371 3152 3435 ἐθνικῶς
3178 3374 3275 3424 και)⁸
3298 3374 3451 3427 αὐτό.
3489 3375 3602 3426 Καὶ
3632 3375 3953 3444 ἐθαύμαζον
3981 3375 4032 3427 οἱ

2434 3463 2674 3531 ὁρῶντες
2721 3464 2812 3516 τὸν
2846 3463 3154 3534 ἄνθρωπον.
3182 3460 3289 3518 Ἦν
3323 3467 3434 3534 γὰρ
3479 3466 3696 3535 ἀληθῶς
3743 3467 3930 3535 «huis;
3972 3471 4026 3520 ἐν

2437 3557 2549 3619 τοῖς
2573 3556 2708 3620 ἐκεῖ,
2757 3555 2853 3609 καὶ
2885 3556 3165 3624 ὑπεράνω.
3213 3556 3485 3627 Τεθηπὼς
3517 3558 3614 3611 οὖν
3648 3559 3741 3610 καὶ
3791 3561 3909 3627 ἐγὼ
3942 3562 4033 3611 τὸν

2436 3647 2626 3715 ἄνδρα,
2658 3648 2877 3718 ἠρόμην
2918 3649 3030 3701 τῶν
3073 3665 3194 3702 τινα
3227 3648 3324 3702 τοῦ
3373 3649 3540 3701 καλοῦ
3581 3651 3800 3703 ἐκείνου
3850 3653 4032 3718 ἀργιε·

2441 3741 2602 3811 ρὲως,
2635 3742 2784 3804 ὅστις
2817 3742 2936 3794 ποτ’
2978 3743 3044 3796 ἂν
3092 3743 3178 3812 εἴη
3223 3744 3251 3794 ὁ
3287 3742 3538 3812 προέχων
3573 3743 3782 3805 ἐκεῖνος
3814 3744 4032 3813 λευχεξ-

2444 3850 2584 3903 μων.
2636 3833 2744 3894 Καὶ
2775 3833 3005 3902 ἔμαθον,
3051 3834 3134 3886 ὅτι
3185 3833 3625 3904 πρωτοδιάκονος
3659 3831 3728 3904 ἦν
3768 3836 3872 3904 τῆς
3927 3839 4039 3888 τίὲν

2456 3922 2858 3993 Ἀλεξανδρέων
2884 3915 3187 3993 καθολικῆς
3228 3923 3584 3994 Ἐκκλησίας,
3615 3925 3710 3977 καὶ
3733 3925 3810 3989 ὼς
3836 3927 4036 3978 πολὶοῦ

2446 4018 2677 4087 τιμᾶται
2706 4016 2785 4086 τῷ
2819 4017 3156 4086 πατριάρχῃ.
3191 4015 3256 4067 Τί
3283 4010 3414 4080 οὗνς
3457 4014 3802 4078 ἐξουδενώσω
3826 4019 4036 4070 ἐκεῖνον

2450 4109 2554 4179 τῆς
2587 4110 2740 4178 ῖερᾶς
2789 4110 3138 4178 ὀμηγύρεως,
3186 4100 3234 4160 ὦ
3287 4107 3506 4160 κύδιστε
3567 4110 3791 4178 μοναχέ,
3843 4111 3927 4161 ὅτι
3962 4113 4035 4179 gi}

2455 4199 2576 4254 κατ’
2608 4199 2709 4270 ἐμὲ
2741 4201 2836 4252 καὶ
2865 4199 3009 4254 κατά
3039 4198 3098 4251 σέ
3132 4197 3477 4268 μελάγχιμον
3507 4194 3618 4267 εἶχε
3651 4201 3874 4268 στολὴν,
3898 4203 4037 4256 ἀλλὰ

2456 4287 2660 4362 λευκὴν
2709 4292 2849 4364 ὺπέρ
2903 4292 3096 4363 χιόνας
3148 4290 3465 4359 Οῧμενουν⁹
3516 4291 3653 4345 ἀλλά
3706 4293 3890 4364 ἔχοιμι
3945 4300 4046 4365 τὴν

758 4384 972 4437 ἐκείνου
1023 4385 1210 4455 εὐχὴν,
1245 4384 1320 4449 ὡς
1369 4386 1734 4440 ἀποστολικοῦ
1782 4389 1998 4456 ἀνδρὸς,
2049 4389 2098 4440 εἰ
2144 4389 2340 4442 καὶσὺ
2380 4394 2542 4461 τυχὸν
2595 4393 2777 4453 ὀκνεῖς
2817 4391 2973 4444 αὐτό.
3017 4388 3327 4443 Ἐνεὸἐδυτο
3359 4387 3468 4457 γὰρ
3538 4389 3684 4443 κατά
3747 4408 3800 4443 τι
3853 4393 4046 4462 κρῖ-ιον

758 4474 854 4534 καὶ
896 4481 1083 4544 αὐτὸς,
1137 4482 1516 4551 εὐαγγελικῶς
1561 4484 1777 4536 εἰπεῖν’
1820 4485 1922 4553 ἤδη
1978 4485 2033 4537 δὲ
2080 4487 2172 4539 καὶ
2204 4489 2346 4541 κατά
2386 4489 2671 4557 λευκοφαῆ
2713 4491 3026 4557 μάργαρον.

838 4577 956 4633 108.
989 4577 1145 4644 Quod
1182 4579 1342 4635 nobis
1365 4579 1532 4635 semel
1566 4581 1842 4650 apparuit,
1911 4581 2095 4636 forsan
2154 4585 2338 4640 simile
2374 4592 2419 4647 ι)

761 4677 846 4723 est
879 4670 1125 4738 pulchrae
1154 4673 1309 4725 stola!
1335 4669 1530 4735 Jacob,
1571 4687 1680 4739 qua
1716 4687 1842 4727 eum
1867 4689 1896 4726 a
1925 4682 2082 4742 patre
2116 4675 2348 4728 benedi-

763 4761 1002 4816 cendqu
1041 4772 1221 4816 mater
1253 4763 1502 4818 Rebecca
1560 4763 1834 4819 induerat.
1869 4763 1949 4818 Tu
1985 4778 2166 4821 autem
2199 4770 2348 4823 nulla

767 4868 829 4907 re
858 4854 962 4908 alia
994 4869 1058 4909 ac
1092 4856 1268 4925 nigris
1293 4856 1634 4912 indumentis
1667 4858 2002 4928 conspicuus
2025 4901 2040 4925 ,
2078 4875 2178 4914 cur
2223 4877 2349 4916 cum

761 4946 954 5002 divina
1009 4949 1221 5018 peragis
1292 4957 1346 5004 et
1395 4948 1505 5004 Deo
1559 4950 1925 5019 propinquas,
1986 4952 2354 5010 circumdaris

771 5039 892 5093 lana
931 5041 1118 5105 rubra,
1150 5050 1205 5096 et
1245 5042 1367 5096 alba
1392 5059 1456 5097 ex
1490 5045 1727 5098 maxima
1765 5056 1950 5112 parte,
1993 5055 2356 5111 sanctumque

774 5140 1020 5200 torquem
1073 5134 1182 5187 fers
1229 5133 1510 5197 floridum,
1567 5150 1703 5188 auro
1783 5136 2127 5206 insignitum,
2191 5151 2247 5193 et
2299 5141 2354 5195 in

775 5226 966 5294 longas
999 5224 1243 5280 fimbrias
1275 5226 1666 5282 desinentem?
1713 5227 1778 5280 Et
1811 5231 1958 5297 quod
2015 5230 2193 5298 majus
2248 5241 2356 5296 est,

777 5331 901 5370 eum
968 5317 1023 5370 in
1099 5317 1499 5372 hierarchiram
1557 5319 1957 5372 sublimitatem
2031 5323 2356 5386 ascendisti,

777 5423 944 5475 quam
982 5409 1151 5463 multo
1177 5426 1300 5464 cum
1350 5411 1549 5465 ardore
1582 5411 2028 5479 pet-sequebaris,
2062 5427 2229 5482 quam
2288 5416 2362 5468 ob

780 5515 1006 5556 causam
1034 5505 1230 5558 stolam
1268 5519 1480 5557 sacram
1532 5504 1716 5558 induis
1767 5503 2024 5575 fulgidam
2075 5515 2132 5559 et
2184 5508 2365 5575 splen-

778 5595 997 5650 dentem
1027 5599 1338 5667 margaritis
1359 5605 1415 5652 et
1444 5597 1723 5666 lapidibus
1759 5598 2017 5667 pretiosis
2044 5614 2206 5668 quam
2233 5616 2368 5654 con-

856 5742 970 5817 (Ιθ)
1011 5740 1292 5817 Sepia_(la
1351 5741 1525 5810 sec/te)
1587 5757 1666 5802 est
1720 5742 1970 5817 quaedam
2028 5743 2354 5814 polyporum

788 5815 1159 5882 speciemque:
1201 5813 1486 5884 humorem
1521 5813 1835 5883 nigrum'de
1865 5813 2098 5884 corpore
2138 5818 2357 5868 (miittit.

791 5884 978 5955 L""80
1027 5888 1141 5941 est‘
1172 5883 1343 5939 altera
1391 5887 1707 5945 corumdem
1770 5883 2089 5955 polypoi-uin
2141 5902 2354 5951 species

2522 4603 2592 4658 ρη
2614 4624 2628 4639 .
2675 4585 2836 4638 Ἀλλά
2852 4583 3013 4637 τοῦτο
3045 4581 3146 4652 μὲν
3168 4580 3381 4647 ἐσάπαξ
3406 4581 3543 4650 ἡμῖν
3575 4581 3698 4634 τότε
3725 4586 4040 4652 κατεφάνη,

2453 4678 2748 4748 παρεοικδς
2800 4676 2933 4737 ῐσως
2976 4677 3042 4745 τῇ
3086 4675 3227 4744 καλῇ
3278 4675 3438 4744 στολῇ
3488 4672 3584 4725 τοῦ
3629 4673 3862 4739 Ἰακὼϐ,
3912 4676 4043 4743 ῆνή

2458 4773 2646 4843 μήτηρ
2677 4771 2842 4823 αὐτὸν
2895 4769 3167 4822 Ῥεϐέκκα
3198 4767 3549 4839 περιέδυσεν,
3603 4768 4047 4837 εὐλογησόμενον

2457 4865 2562 4917 ὑπὸ
2603 4862 2695 4916 τοῦ
2742 4861 2950 4931 πατρός
2972 4875 2986 4891 ⁶
3033 4861 3098 4913 σὺ
3130 4859 3187 4912 δὲ
3233 4861 3260 4911 ὁ
3295 4859 3463 4929 μηδὲν
3491 4858 3622 4912 ἀλλο
3657 4859 3861 4927 σεμνὸς
3891 4860 3926 4927 ἢ
3957 4867 4048 4929 τὴν

2461 4956 2747 5027 μελανίαν,
2779 4955 2834 5008 τί
2861 4953 2924 5023 δή
2955 4969 3109 5017 ποτε,
3144 4954 3234 5004 ὅτε
3267 4953 3334 5004 τά
3365 4951 3486 5003 θεῖα
3528 4951 3896 5020 λειτουργεῖς,
3927 4956 4051 5016 ὀμε-

2419 5092 2421 5094 .
2458 5051 2568 5102 λῶν
2596 5048 2674 5117 τῷ
2704 5047 2846 5117 Θεῷ,
2881 5047 3044 5116 ἐρέαν
3075 5046 3319 5116 ἐρυθρὰν
3353 5043 3685 5115 περιϐάλλῃ,
3719 5045 3818 5096 καὶ
3848 5046 4048 5096 λευκτν

2464 5141 2522 5194 δὲ
2558 5140 2625 5194 τὰ
2667 5140 2862 5203 πλείω,
2909 5138 3005 5191 καὶ
3049 5137 3111 5189 τὸ
3161 5136 3591 5205 περιτραχήλιον
3628 5136 3789 5202 ἆγιον
3835 5135 4049 5188 ἄνθινον

2466 5234 2808 5304 περίκεισαι,
2839 5232 2932 5285 καί
2989 5248 3094 5282 που
3129 5229 3321 5298 χρυσῷ
3370 5227 3903 5293 καταπεπασμένον,
3963 5229 4051 5279 καὶ

2468 5329 2548 5389 εἰς
2595 5327 2943 5395 κροσσωτοὺς
2988 5323 3271 5391 ἀπολῆγον
3302 5320 3747 5391 περιϐλέπτουςς
3783 5321 3862 5373 Τὸ
3905 5321 3962 5372 δὲ
3992 5321 4048 5386 δὴ

2474 5421 2693 5490 μεῖζον
2726 5419 2816 5471 ὂτε
2854 5419 2951 5471 καὶ
2983 5418 3046 5468 σὺ
3082 5416 3479 5486 προσαναισίήσῃ
3519 5416 3576 5476 ἐς
3614 5414 3750 5482 ὕψος
3789 5414 4047 5482 ἀρχιερα-

2472 5511 2646 5571 τικὸν,
2691 5509 2719 5562 ὃ
2756 5505 3027 5577 πολλαχοῦ
3070 5506 3443 5579 πραγματεύῃ
3475 5507 3622 5559 κατά
3653 5506 3900 5573 σπονδὴν
3930 5507 4050 5558 πολ-

2474 5603 2600 5671 λὴν,
2637 5602 2781 5655 διατί
2811 5600 3048 5671 ἐπενδύῃ
3072 5599 3337 5668 λαμπρὰν
3373 5597 3569 5666 στολὴν
3603 5597 3780 5668 ἱερὰν,
3821 5599 3917 5651 καὶ
3941 5599 4050 5650 οἷαν

2463 5761 2585 5817 quae
2627 5746 2900 5813 exagitata
2957 5743 3303 5817 rubropuro
3359 5754 3535 5812 aquas.
3582 5741 3786 5813 tingit,
3820 5723 4046 5814 neque:

2469 5815 2932 5889 persequentibus
2961 5815 3195 5884 aufugit.
