4212 6434
779 351 885 416 827

1487 350 1902 413 EUSTATHII
1931 347 2382 411 THESSALON

2486 340 2698 406 ENSIS
2730 341 3300 405 METROPOLIT£
3968 341 4068 411 898

783 461 892 522 ‘lue
916 465 1063 522 enim
1111 479 1140 518 a
1207 462 1513 534 compulsis
1569 463 1816 530 undique
1877 462 2128 518 convivis
2175 459 2377 530 gratias

2486 457 2611 516 ῐσως
2639 445 2778 523 ἐρεῖ,
2827 451 3141 522 Πάτροκλος
3168 450 3472 521 πρόφασις,
3505 447 3535 503 ὃ
3563 447 3629 518 δὴ
3659 446 3910 516 λέγεταιο
3936 450 4065 504 ἀλλὰ

785 559 1107 626 efflagitant.
1171 554 1324 621 Quos
1373 566 1662 626 postquam
1714 569 2058 624 quocumque
2105 552 2266 605 modo
2293 565 2378 603 re-

786 657 1127 710 staurarunt,
1149 647 1347 702 deinde
1371 647 1674 718 spiritualia
1695 647 1920 714 insuper
1943 645 2008 698 ad
2027 643 2374 697 allicit-nilum

788 742 1096 812 proferunt,
1136 757 1294 796 suam
1331 740 1768 810 temperantiam,
1802 741 1897 809 qui
1931 739 2062 792 nihil
2127 735 2196 788 ah
2253 733 2379 788 aliis

784 837 1082 899 ditl‘erunt;
1131 835 1386 890 virtutem
1411 850 1438 888 a
1467 834 1590 889 cibo
1610 849 1665 888 et
1698 843 1826 904 potu
1869 830 2257 889 abstinentem,
2280 824 2374 895 qui

789 929 980 998 repleti
1011 937 1175 992 sunt;
1205 936 1391 985 noctes
1421 926 1720 991 insomnes,
1767 935 1990 996 propter
2025 920 2370 975 stomachum

791 1037 1054 1086 vacuum,
1095 1035 1330 1089 quorum
1367 1026 1688 1073 stomachus
1721 1019 1844 1070 eiho
1891 1015 2074 1084 gravis
2120 1025 2372 1066 somnum

780 1113 990 1183 fugat;
1040 1121 1094 1165 et
1131 1110 1366 1180 graviter
1414 1110 1854 1164 animadvertunt
1909 1114 2194 1172 gravatum
2246 1116 2378 1153 ven-

787 1219 926 1260 trem
996 1205 1137 1260 sicut
1186 1204 1252 1257 ad
1305 1203 1672 1265 currendum,
1744 1201 1816 1253 ita
1868 1198 1937 1255 ad
1995 1194 2374 1252 dormiendum

787 1309 970 1367 aptum
1009 1312 1114 1350 non
1172 1311 1314 1350 esse.
1349 1293 1705 1349 Gloriabundt
1741 1292 1974 1347 aﬂ‘eruut
2013 1291 2177 1344 etiam
2211 1286 2375 1340 visio-

788 1405 906 1451 nes,
942 1402 1208 1450 exSIases,
1241 1400 1403 1456 atque
1441 1386 1606 1440 etiam
1641 1384 1927 1448 miracula,
1960 1391 2012 1438 et
2046 1381 2147 1434 alia
2177 1379 2376 1433 similia

785 1481 986 1549 quibus
1043 1495 1196 1534 mens
1251 1478 1336 1548 pia
1387 1489 1443 1532 et
1499 1477 1810 1530 divinorum
1861 1473 2062 1528 cultrix
2121 1471 2372 1540 erigitur,

789 1577 955 1641 htque
985 1572 1286 1625 cmlcstium
1337 1571 1630 1638 particeps.
1670 1567 1807 1620 Sunt
1852 1576 2035 1620 autem
2089 1564 2374 1619 somniau-

786 1666 922 1717 tium
956 1665 1202 1726 inventa,
1239 1663 1424 1731 qualia
1461 1678 1489 1716 e
1532 1659 1715 1729 januis
1749 1659 2008 1713 eburneis
2029 1657 2266 1710 evolant.

2481 546 2712 618 γοητεία
2765 545 3112 614 τιτθευτική.
3169 544 3250 597 Τὰ
3296 544 3469 596 πλείω
3516 542 3628 612 γὰρ
3683 544 3842 596 αὐτοὶ
3898 561 4066 596 κατα·

2480 639 2748 700 σπῶντες,
2794 635 3092 690 ἀπαιτοῦσι
3121 636 3252 699 τοὺς
3293 635 3630 705 δαιτυμόνας
3656 635 3848 703 δφλειν
3886 636 4079 698 αὐτοῖς

2479 733 2729 803 χάριτας.
2797 732 2909 784 Καὶ
2963 731 3115 800 ὅμως
3162 728 3418 783 ὁπωσοῦν
3487 729 3737 792 ἐκείνους
3793 729 4079 799 θεραπεύ-

2482 840 2701 887 σαντες,
2733 819 2858 877 ιίτα
2918 823 3014 875 καὶ
3065 822 3133 876 τά
3165 821 3522 892 πνευματικά
3561 821 3970 893 περιηγοῦνται
4002 825 4078 885 εἰς

2477 916 2696 985 δέλεαρ,
2732 915 2833 986 τὴν
2891 915 3038 968 κατά
3087 917 3230 983 σφᾶς
3279 917 3613 984 ἐγκράτειαν
3646 917 3698 968 οἱ
3734 915 4036 984 ἀδιάφοροι
4063 930 4075 942 ·

2482 1008 2542 1060 τὸ
2574 1007 2694 1060 κατ’
2725 1009 2929 1078 ἀρετὴν
2957 1007 3155 1076 άλιμόν
3196 1023 3252 1060 τε
3292 1009 3387 1060 καὶ
3425 1005 3618 1076 ἄδιψον
3646 1007 3696 1060 οἱ
3729 1008 4045 1075 κατάκοροι
4066 1023 4079 1034 ·

2482 1100 2544 1152 τὸ
2590 1098 2846 1153 ἐντεῦθεν
2898 1099 3184 1170 ἄγρυπνον
3237 1100 3328 1153 διά
3383 1099 3446 1153 τὸ
3482 1100 3897 1170 άνερμάτιστόν
3949 1117 4078 1166 φασι

2485 1191 2588 1260 τῆς
2617 1192 2853 1262 σαρκόςο
2895 1190 3327 1261 φιλοσολιοῦντες
3375 1192 3573 1258 άγὶως,
3611 1191 3710 1245 καὶ
3742 1191 3830 1244 ὅτι
3871 1191 4080 1261 βαρού-

2490 1286 2629 1355 μένή
2673 1284 2915 1355 γαστὴρ,
2968 1284 3160 1354 ὥσπερ
3195 1285 3255 1338 οὐ
3299 1283 3440 1354 πρὸς
3475 1284 3704 1354 δρόμον,
3751 1282 3938 1344 οὕτως
3969 1283 4081 1335 obii.

2489 1379 2626 1446 πρὸς
2669 1378 2837 1431 ὕπνον
2895 1377 3208 1447 ἐπιτηδεία.
3238 1380 3585 1449 Προφέρονσι
3624 1378 3683 1430 δὲ
3732 1378 3818 1439 εἰς
3849 1376 4080 1444 αὔχημα

2485 1471 2580 1525 καὶ
2610 1473 2862 1542 δράσεις,
2888 1473 2984 1526 καὶ
3019 1472 3305 1538 θεοπτίας,
3335 1473 3433 1525 καί
3458 1490 3563 1527 που
3596 1475 3692 1524 καὶ
3717 1470 4082 1541 θαυματουρ-

2485 1565 2632 1628 γίας,
2672 1565 2768 1616 καὶ
2822 1565 2960 1618 ἄλλα
2994 1564 3250 1624 τοιαῦτα,
3283 1564 3352 1616 δι’
3381 1559 3458 1616 ὦν
3493 1562 3902 1634 εὐλαϐέστερος
3959 1563 4081 1623 νοῦς

2486 1655 2580 1709 καὶ
2621 1655 2729 1709 τῶν
2761 1656 2924 1709 θείων
2971 1656 3210 1726 ἐραστὴς
3257 1655 3768 1724 ἀναπτερύσσεται,
3825 1655 3929 1708 καὶ
3977 1656 4083 1707 τῶν

781 1759 895 1814 ἄνω
941 1759 1156 1828 ἐφίεται
1205 1756 1494 1828 θεοφιλῶς.
1535 1755 1616 1810 Τά
1659 1755 1715 1808 δέ
1773 1757 1909 1808 εἰσιν
1939 1751 2346 1822 ἀναπλάαματα
2389 1749 2585 1818 ὕπνου,
2623 1755 2783 1806 ὁποῖα
2831 1753 2901 1806 τὰ
2965 1752 3076 1806 τῶν
3112 1752 3486 1822 ἐλεφαντίνων
3536 1752 3725 1806 πυλῶν
3807 1753 4080 1806 ιχπεταν-

783 1859 846 1912 νύ
855 1876 1013 1929 μενα.

856 1950 978 2003 121.
1014 1946 1134 2003 Mox
1165 1948 1421 2003 allectum
1450 1948 1778 2018 discipulum
1810 1947 2196 2003 blandimentis
2223 1947 2384 2018 spiri-
2415 1956 2460 2012 Β

782 2031 948 2094 luatis
1002 2039 1372 2110 persuasionis
1436 2041 1501 2092 ad
1561 2049 1844 2094 tonsuram
1924 2041 2230 2094 attrahunt.
2265 2043 2381 2110 Ipse

785 2133 1136 2188 difficultates
1171 2133 1291 2186 vitae
1345 2132 1660 2187 monastica:
1695 2134 1905 2203 objicit.
1934 2142 1988 2188 et
2043 2133 2120 2186 ait
2161 2133 2231 2186 ob
2285 2149 2379 2189 eas

786 2235 1066 2274 tonsuram
1104 2220 1416 2275 formidare.
1447 2220 1565 2285 Quo
1605 2230 1846 2288 tempore
1901 2223 2033 2274 alias
2091 2221 2381 2275 illecebras

783 2317 1054 2377 atlerunt,
1095 2312 1294 2382 quibus
1340 2314 1558 2366 anxium
1597 2311 1664 2367 de
1711 2315 1955 2382 ingressu
1984 2317 2324 2381 permulcent
2362 2327 2376 2363 :

786 2405 912 2458 huic
937 2403 1262 2474 promittunt
1293 2405 1638 2458 sanctitatem
1707 2404 1912 2474 absque
1962 2405 2170 2467 labore.
2230 2406 2380 2460 salu-

785 2505 897 2551 tem
937 2496 1053 2550 siue
1094 2495 1410 2559 sudoribus,
1440 2509 1568 2549 cum
1596 2494 1704 2549 Deo
1730 2496 2063 2552 vicinitatem
2098 2497 2383 2552 immedia-

795 2601 928 2651 tam,
952 2587 1174 2657 januam
1192 2583 1452 2654 paradisi,
1478 2599 1507 2638 e
1537 2599 1644 2654 qua
1669 2585 1822 2638 abest
1841 2584 2051 2654 gladius
2073 2583 2381 2650 flammeus,

790 2684 1050 2733 virtutem
1085 2677 1149 2730 ad
1189 2691 1351 2748 quam
1413 2677 1694 2746 pervenire
1745 2684 1923 2747 potest
1985 2691 2092 2731 non
2147 2676 2383 2732 obrutus

785 2769 1026 2824 sudoreo
1056 2766 1277 2821 flumine
1319 2777 1602 2822 :a:statem
1632 2779 1737 2836 qua
1778 2781 1886 2821 non
1919 2770 2245 2831 seminatur,
2279 2782 2383 2822 nec

787 2870 993 2925 aratur,
1014 2859 1345 2913 vindemiam
1392 2869 1774 2929 spontaneum,
1807 2860 2204 2930 navigationem
2239 2865 2384 2930 peri-

787 2959 914 3004 cqu
945 2962 1243 3017 carentem,
1265 2949 1417 3004 lucro
1441 2959 1624 3003 autem
1675 2951 1980 3014 fecundam,
2007 2962 2060 3005 et
2082 2955 2383 3020 quodcum-

791 3061 900 3116 que
928 3044 1076 3098 aliud
1119 3043 1473 3099 lenocinium.
1503 3043 1568 3097 Et
1598 3058 1722 3097 cum
1756 3045 2029 3098 hmninem
2062 3043 2388 3099 adduxeriut

788 3135 1081 3186 edocentes
1138 3142 1191 3186 et
1243 3135 1538 3187 suadentes
1597 3134 1879 3188 laboribus
1937 3149 2044 3188 non
2097 3136 2386 3204 acquiren-

785 3223 911 3278 dam
944 3225 1360 3292 sublimitatem,
1387 3224 1676 3297 deceptum
1713 3229 1854 3282 intra
1909 3243 2009 3283 sua
2053 3230 2188 3283 retia
2220 3244 2388 3284 vena-

2562 1937 2707 2012 ρκα’.
2752 1937 3006 1994 Ἐπειδὰν
3035 1936 3093 1991 δὲ
3139 1936 3552 2008 κατεπᾴδοντες
3612 1935 3708 1988 τδν
3773 1935 4082 2007 ἀκροατὴν,

2484 2038 2564 2101 είς
2628 2035 2836 2106 κουρὰν
2896 2033 3314 2095 ὲφε).κύσωντιι
3401 2027 3791 2100 πνευματικῆς
3854 2028 4085 2090 πειθοῦς

2487 2128 2662 2194 ἴυγξι,
2720 2127 2815 2179 καὶ
2869 2124 3034 2183 αὐτὸς
3108 2122 3477 2193 προϐαλεὴαι
3529 2121 3593 2174 τὸ
3663 2120 3910 2190 σκληρὸν
3983 2120 4086 2185 τῆς

2489 2219 2794 2291 μεναχικῆς
2825 2217 3078 2285 ἀγωγῆς,
3113 2215 3207 2268 καὶ
3239 2215 3424 2266 ὀκνεῖν
3467 2213 3572 2283 τὴν
3597 2212 3812 2282 κουρὰν
3841 2213 3914 2264 δι’
3950 2211 4087 2264 αὐτὸ

2483 2316 2617 2380 εἴπῃ
2643 2331 2654 2340 ·
2690 2311 2813 2363 τότε
2864 2310 2928 2378 δὴ
2961 2309 3220 2377 οειρῖινας
3251 2307 3501 2376 ἑτεροίας
3551 2305 3986 2372 προϐάλλονται,
4016 2302 4088 2356 δι’

2483 2397 2559 2458 ὧν
2587 2403 2880 2469 θέλγοντες
2913 2401 3007 2452 τὸν
3053 2398 3441 2469 μελετώμενον
3467 2395 3816 2466 είσάγεσθαι,
3877 2398 4084 2465 ὑπιαχ·

2487 2496 2709 2550 νοῦνται
2776 2493 3102 2561 ἁγιωσύνην
3176 2492 3402 2554 ἄπονον,
3455 2490 3740 2560 σωτηρίαν
3793 2490 3902 2559 τὴν
3952 2489 4084 2543 ἄνευ

2489 2589 2759 2661 ἱδρώτων,
2800 2585 3086 2654 ἐγγύτητα
3124 2587 3262 2654 πρὸς
3312 2582 3449 2636 Θεὸν
3489 2583 3883 2651 άμεσίτευτον,
3943 2583 4086 2634 εἷσο-

2485 2685 2575 2738 δον
2626 2683 2988 2752 παραδείσου,
3053 2675 3123 2751 ἧς
3171 2680 3418 2734 ἀπέσται
3474 2679 3731 2749 ῥομφαία
3801 2677 4082 2747 φλογὶνη·

2490 2773 2723 2846 ἀρετὴν,
2762 2775 2842 2835 είς
2869 2774 2936 2843 ἣν
2964 2773 3066 2824 οὐκ
3093 2771 3403 2838 ἀναγκαῖον
3449 2769 3634 2823 ἐλθεῖν
3679 2786 3825 2832 τινα,
3880 2769 4082 2822 λουσά-

2491 2885 2656 2938 μενον
2713 2866 2960 2936 ἱδρώτων
3020 2865 3293 2930 ποταμοῖς
3323 2875 3342 2893 ο
3399 2863 3562 2932 θέρος
3633 2862 3926 2932 άσπαρτον
3988 2863 4084 2913 καὶ

2489 2960 2800 3026 ἁνήροτονο
2862 2955 3143 3027 τρυγητὸν
3196 2953 3498 3024 αὐτοφυῖγ
3572 2953 3743 3007 πλοῦν
3806 2953 3951 3022 πρὸς
4007 2954 4082 3023 τῷ

2487 3051 2764 3120 ἀκινδύνῳ
2799 3052 2894 3102 καὶ
2937 3047 3256 3118 κερδαλέον,
3319 3048 3417 3100 καὶ
3465 3047 3520 3099 εἷ
3557 3065 3612 3100 τι
3665 3046 3797 3101 ἀλλο
3833 3048 4083 3100 τοιοῦτον

2491 3144 2810 3212 ἐπαγωγόν.
2857 3145 2966 3197 Καὶ
3028 3144 3120 3195 ὅτε
3179 3142 3578 3208 ὑπαγάγωνται
3629 3139 3722 3192 τὸν
3757 3140 4077 3209 ἄνθρωπον,

2490 3235 2808 3300 διδάξαντες
2847 3235 2943 3286 καὶ
2992 3234 3290 3294 πείσαντες
3327 3233 3406 3302 μὴ
3449 3232 3638 3294 πόνοις
3688 3230 3933 3284 κτᾶσθαι
3979 3236 4079 3300 τὴν

786 3316 993 3369 buntur
1015 3333 1137 3371 cum
1168 3317 1283 3386 ipsa
1313 3317 1670 3385 abundantia,
1695 3320 2143 3388 possessionibus
2166 3332 2219 3374 et
2241 3321 2384 3374 divi-

2492 3329 2798 3398 ἀκρότητα,
2845 3327 2940 3380 καὶ
2975 3329 3066 3380 τθιν
3095 3327 3451 3396 ἀπατηθέντα
3479 3325 3720 3378 δικτύων
3753 3325 3866 3379 ἔσω
3897 3326 4083 3396 θηράο

788 3407 912 3472 tiis;
952 3416 1191 3475 tuncque
1223 3407 1370 3476 quali
1404 3408 1631 3462 scientia
1671 3408 1782 3464 sint
1813 3409 2089 3479 aperiunt,
2122 3418 2176 3465 et
2204 3411 2385 3479 qualia

787 3510 1060 3568 etquanta
1085 3498 1418 3568 sophismata
1444 3514 1510 3553 ex
1529 3515 1589 3552 ea
1619 3499 1895 3554 hauriant.
1916 3500 2186 3572 Neophyti
2235 3503 2381 3555 enim

786 3595 912 3645 sinu
963 3593 1230 3646 exhausto
1273 3592 1618 3660 impletisque
1641 3593 1757 3647 suis
1778 3593 2150 3662 passionihus,
2176 3609 2298 3648 eum
2319 3595 2385 3648 li-

791 3688 922 3742 bere
942 3693 1276 3756 pasccntem,
1302 3701 1479 3754 neque
1500 3687 1714 3755 signum
1731 3687 1969 3748 virtutis,
1990 3694 2049 3740 ut
2075 3688 2250 3753 aiunt,
2276 3688 2385 3742 telo

789 3788 1152 3847 appetentem,
1175 3778 1509 3846 relinquunt,
1534 3793 1600 3830 ne
1617 3793 1712 3830 eos
1739 3778 1957 3832 fallaces
1972 3792 2114 3842 esse,
2131 3794 2254 3832 cum
2273 3779 2386 3848 ipse

790 3872 994 3939 probus
1016 3869 1435 3932 sit,convincat,
1450 3867 1541 3921 sed
1561 3883 1684 3922 cum
1704 3869 1786 3922 sui
1805 3869 2074 3925 similibus
2087 3868 2388 3924 confunda-

791 3970 899 4016 tur.
936 3960 996 4014 Et
1030 3971 1211 4014 autem
1246 3960 1383 4014 forte
1416 3969 1468 4014 et
1517 3961 1884 4030 qualicunque
1917 3966 2080 4016 modo
2108 3962 2383 4032 querenti,

790 4057 975 4108 statim
1043 4053 1358 4122 frequenter
1427 4052 1683 4119 objicitur
1723 4068 1740 4108 ι
1781 4072 1798 4104 ι
1835 4052 1971 4119 Quis
1992 4068 2072 4118 es,
2112 4068 2145 4106 ο
2185 4052 2386 4108 homo?

787 4162 910 4214 qua:
943 4157 1025 4200 est
1049 4159 1138 4198 tua
1162 4145 1373 4198 virtus?
1403 4160 1652 4213 quianam
1683 4147 1778 4200 abs
1818 4155 1867 4198 te
1894 4146 2137 4200 utilitas?
2169 4163 2186 4196 ι
2228 4162 2386 4200 eum-

790 4253 897 4306 que
941 4239 1218 4290 minantur
1269 4251 1327 4291 se
1379 4236 1776 4306 despoliaturos
1824 4237 1980 4290 bouis
2012 4239 2214 4306 quibus
2249 4236 2386 4289 frui-

793 4340 913 4393 tur;
946 4336 1108 4397 atque
1153 4331 1391 4400 regulam
1445 4338 1497 4384 et
1554 4339 1840 4400 augustam
1885 4330 2119 4396 speciem
2153 4340 2388 4399 prmlett-

791 4421 956 4484 dunt,
983 4437 1088 4490 qua
1119 4423 1182 4474 ad
1206 4421 1518 4490 pauperiem
1541 4438 1775 4492 quisque
1804 4422 2034 4476 fratrum
2063 4423 2294 4477 mittitur
2315 4426 2384 4479 ab

789 4516 858 4570 iis
887 4516 977 4584 qui
1001 4516 1152 4584 justo
1180 4516 1408 4568 ditiores
1445 4521 1591 4568 sunt.

2492 3437 2681 3472 σονται
2746 3421 2884 3491 αὐτῇ
2940 3421 3094 3491 πάσῃ
3167 3419 3464 3489 περιουσία
3511 3423 3610 3472 καὶ
3672 3419 3929 3487 κτήμασι
3985 3421 4080 3472 καὶ

2489 3514 2762 3580 γρήμασι,
2836 3512 2961 3563 τότε
3012 3510 3477 3573 διπδεικνύουσιν,
3529 3511 3708 3562 ὁποῖοί
3768 3526 3922 3572 τινες
3979 3513 4079 3576 τὴν

2490 3607 2806 3673 ἐπιστήμην
2847 3605 2978 3668 είσὶ,
3041 3606 3137 3657 καὶ
3179 3599 3272 3656 οἷα
3319 3605 3414 3657 καὶ
3471 3605 3573 3656 ὅσα
3626 3602 3946 3669 σοφίζονται
4011 3603 4078 3654 δι’

2489 3698 2680 3768 αὐτῆς.
2725 3697 3172 3760 Ἐκκενὼσαντες
3217 3699 3328 3766 γάρ
3367 3696 3431 3748 τὸ
3466 3696 3562 3748 τοῦ
3611 3695 3871 3763 νεήλυδος
3937 3713 4078 3764 προ-

2489 3788 2735 3847 κόλπιον,
2770 3791 2864 3838 καὶ
2910 3789 2968 3839 τὸ
3010 3787 3152 3840 κατὰ
3220 3789 3362 3853 σεᾶς
3411 3787 3614 3848 αὐτοὺς
3671 3787 4076 3854 ἐπιθυμητικὸν

2487 3880 2930 3950 ἀποπλήσαντες,
2987 3880 3184 3948 ἀφιᾶσι
3247 3879 3517 3946 νέμεσθαι
3582 3880 3771 3933 ἄνετον
3835 3882 4073 3945 ἐκεῖνον,

2488 3971 2610 4024 οὐδὲ
2645 3973 2832 4040 ἴκταρ,
2875 3971 2903 4024 ὃ
2932 3987 3122 4038 φασιν,
3192 3970 3398 4036 ἀρετῆς
3465 3970 3736 4040 βάλλοντα
3766 3983 3779 3996 °
3853 3971 3948 4023 ἵνα
4001 3974 4072 4040 μὴ

2488 4063 2587 4115 καὶ.
2621 4063 2837 4131 ἐλέγχοι
2862 4061 3089 4125 τούτους
3119 4061 3344 4129 φαύλως
3369 4062 3620 4131 ἔχοντας,
3667 4061 3829 4124 αὐτὸς
3867 4063 4071 4128 ἀγαθᾶς

2487 4153 2586 4219 (In,
2625 4154 2765 4206 ἀλλὰ
2789 4156 2998 4222 ὁμοίοις
3031 4155 3219 4216 ὅμοιος
3252 4156 3717 4224 συναναφύροιτο.
3763 4156 3827 4207 Εἰ
3861 4157 3921 4208 δέ
3972 4173 4070 4208 που

2489 4250 2654 4315 τυχὸν
2685 4246 2937 4299 ὁπωσοῦν
2999 4245 3334 4314 ὑπογρύζει,
3393 4246 3703 4314 τηνικαῦτα
3762 4246 3906 4300 πολὺ
3955 4252 4070 4301 κατ’

2487 4341 2655 4393 αὐτοῦ
2713 4341 2774 4394 τό
2817 4359 2832 4372 ·
2887 4341 3044 4394 «Καὶ
3092 4341 3177 4401 τίς
3233 4335 3284 4392 εἷ
3337 4341 3403 4392 σὺ
3456 4339 3775 4410 ἅνθρωπος,
3835 4343 3940 4392 καὶ
3993 4341 4069 4403 τίς

2486 4431 2522 4499 ἡ
2576 4431 2634 4484 ὲν
2675 4435 2756 4482 σοὶ
2813 4429 3046 4499 δύναμις
3121 4431 3238 4493 καὶ,
3298 4428 3350 4480 τί
3400 4428 3462 4481 τὺ
3495 4432 3561 4481 ὲκ
3616 4429 3711 4481 σοῦ
3767 4429 3967 4497 δφελος
3999 4447 4012 4494 ;
4046 4448 4062 4480 ι

2490 4525 2586 4575 καὶ
2612 4523 2903 4575 ἀπειλοῦσι
2962 4522 3522 4592 προσαποστερὴσειν
3591 4520 3690 4572 τὸν
3749 4522 4066 4591 ἄνθρωπον,

792 4613 885 4666 καὶ
913 4630 988 4666 ων
1021 4613 1316 4682 ἀφειμένος
1373 4611 1486 4682 ἔχει
1539 4615 1695 4682 κοινῇ
1757 4612 2032 4683 συνθήκῃ·
2087 4613 2181 4667 καὶ
2219 4615 2615 4686 προὸάλλονται
2673 4620 2764 4672 τὸν
2822 4620 3025 4673 κανόνα
3071 4619 3162 4672 καὶ
3219 4619 3278 4671 τὸ
3339 4616 3539 4687 σεμνὸν
3580 4621 3836 4679 τυπικὸν,
3889 4620 3961 4673 δι’
4012 4615 4069 4669 οὗ

790 4711 926 4779 πρὸς
984 4709 1376 4781 ἀκτημοσύνην
1446 4709 1676 4773 ἕκαστος
1730 4710 1837 4763 τῶν
1894 4711 2140 4780 ἀδελφῶν
2211 4715 2654 4770 ἀποκαθίσταται
2711 4718 2841 4789 παρ’
2879 4717 3083 4782 αὐτοῖς,
3137 4719 3269 4780 τοῖς,
3325 4715 3401 4778 ὡς
3458 4716 3535 4786 μὴ
3568 4717 3758 4786 ἐχρῆν,
3795 4717 4070 4788 βαρυκτή-

797 4823 978 4877 μοσιν.

870 4901 992 4955 122.
1042 4901 1146 4968 Qui
1213 4902 1470 4957 omnibus
1527 4904 1689 4959 rebus
1749 4906 2093 4974 congregatis
2154 4905 2206 4958 in
2259 4906 2381 4960 sinu
2417 4913 2461 4967 υ

795 4994 1124 5058 denudatus.
1200 5008 1256 5050 et
1337 4999 1500 5050 modo
1573 4999 1814 5066 agitatus
1878 5000 2002 5052 aliis
2063 4999 2267 5052 reliCtis
2319 5011 2379 5054 ut

795 5103 1010 5157 aequum
1047 5103 1152 5141 non
1182 5095 1319 5149 erat,
1366 5098 1420 5142 et
1449 5098 1506 5141 ut
1544 5090 1614 5141 ita
1645 5090 1821 5144 dicam
1858 5091 2073 5159 capillis
2133 5101 2378 5148 retentus

798 5179 1048 5248 (impedit
1074 5181 1218 5233 enim
1252 5189 1476 5235 tonsura
1513 5197 1580 5236 nc
1609 5190 1717 5234 tam
1763 5180 1922 5235 facile
1966 5183 2141 5251 possit
2170 5183 2372 5250 etinge-

798 5288 856 5326 re
887 5282 1158 5340 raptores,
1180 5274 1275 5343 qui
1309 5290 1433 5326 etim
1457 5275 1610 5344 quasi
1639 5277 1852 5344 capillis
1887 5277 2035 5329 hutni
2068 5288 2379 5344 prostrave-

797 5373 972 5432 runt),
1001 5379 1271 5430 remanet,
1308 5378 1472 5436 atque
1507 5369 1574 5422 de
1624 5381 1822 5422 caetero
1879 5370 2141 5421 malitiam
2178 5369 2385 5434 colligit

798 5461 1130 5514 universam.
1158 5460 1259 5524 Qui
1294 5475 1354 5514 se
1403 5463 1475 5513 ita
1527 5463 1666 5515 male
1721 5465 1927 5516 habens
1964 5464 2133 5526 intus,
2177 5463 2378 5516 sinitur

798 5553 1200 5605 asauctissimo
1259 5552 1439 5617 l’atrc,
1501 5553 1616 5607 suis
1687 5556 2033 5622 passionibus
2077 5555 2375 5624 indulgere,

798 5653 854 5695 ct
895 5643 1114 5709 politica
1175 5643 1227 5694 in
1283 5643 1388 5695 vita
1435 5643 1676 5697 solitaria
1712 5647 1888 5714 palam
1942 5660 2216 5698 exercere.
2274 5643 2379 5699 Iste

798 5736 944 5786 enim
988 5736 1160 5794 metit.
1198 5735 1512 5798 vindemial,
1569 5737 1746 5800 molil,
1803 5737 2124 5802 pt‘clumque
2177 5736 2375 5800 calcat,

799 5827 995 5882 horrea
1041 5829 1219 5897 erigit,
1274 5837 1325 5886 et
1357 5828 1459 5884 alia
1485 5829 1662 5885 denuo
1689 5831 2020 5900 amplificat;
2073 5829 2228 5901 equis
2285 5831 2377 5884 dc-

2565 4906 2701 4979 ρκ6’.
2759 4906 2817 4958 '0
2844 4907 2898 4959 δὲ
2933 4904 3042 4958 τῶν
3092 4904 3193 4974 μὲν
3228 4903 3406 4957 άλλων
3458 4901 3794 4963 διεκπεςὼν,
3862 4905 3964 4957 ὅσα
4010 4919 4067 4972 γε

2483 5001 2588 5053 ὑπὸ
2617 4999 2802 5068 κόλπῳ
2832 4998 3030 5072 ἔφερεν
3057 5011 3072 5026 ·
3109 5000 3168 5048 ὲν
3203 4997 3392 5066 μόνοις
3426 4995 3484 5047 δὲ
3516 4998 3653 5058 τοῖς,
3675 4995 3750 5056 ὡς
3771 4997 3849 5063 μὴ
3869 4995 4066 5062 ὢφελε.

2491 5091 3002 5160 περιλελειμμένοις
3036 5089 3192 5158 αὐτῷ
3244 5085 3514 5149 σαλεύων,
3559 5087 3653 5138 καὶ
3681 5088 3792 5137 τῶν
3838 5091 4064 5157 τριχῶν,

2485 5185 2556 5249 ὡς
2595 5187 2789 5247 εἰπεῖν,
2825 5182 3190 5251 κατεχόμενος
3245 5179 3327 5250 (ού
3384 5179 3614 5232 δύναται
3650 5179 3763 5246 γὰρ
3811 5179 3912 5231 διὰ
3979 5182 4061 5250 τὴξ,

2489 5279 2699 5347 κουρὰν
2740 5278 2886 5328 οὔτω
2919 5277 3050 5346 ῥᾷον
3083 5275 3402 5342 διεκφυγεῖν
3437 5273 3563 5336 τοὺς
3599 5273 3849 5336 ἑλόντας,
3891 5277 4058 5333 ualidi,

2487 5368 2602 5424 οἷον
2633 5369 2830 5441 κουρὶξ
2853 5370 3019 5422 αὑτὸν
3051 5370 3108 5420 ἐν
3131 5367 3350 5435 δαπέδῳ
3385 5366 3698 5434 βαλόντας),
3753 5368 3946 5433 μένει,
3981 5385 4053 5417 21-

2489 5465 2614 5516 κίαν
2646 5464 2866 5517 ἃπασαν
2891 5461 2984 5514 τοῦ
3013 5459 3204 5513 λοιποῦ
3262 5459 3559 5529 ἁθροίζων.
3612 5461 3721 5512 Καὶ
3780 5459 4050 5529 καίεκτιὲν

2485 5554 2630 5607 οὕτω
2655 5554 2723 5605 τά
2747 5554 2921 5617 ἐντος,
2956 5553 3182 5620 ἀφίεται
3219 5552 3352 5620 πρὸς
3385 5550 3479 5602 τοῦ
3510 5551 3828 5615 ἁγιωτάτου
3864 5553 4050 5618 Πλτρΰς

2485 5643 2580 5695 καί
2612 5642 2722 5694 τῶν
2753 5639 2845 5693 ὑπ’
2887 5638 3052 5693 αὑτὸν
3096 5640 3397 5708 ταγμάτων
3419 5639 3760 5710 πορεύεσθαι
3795 5645 3942 5694 κατὰ
3967 5639 4051 5699 ti;

2486 5733 2787 5802 ἐπιθυμίας
2823 5731 3012 5796 αὑτοῦ,
3045 5732 3140 5784 καὶ
3201 5734 3259 5783 εν
3317 5732 3398 5802 τῷ
3462 5732 3694 5801 μονήρει
3746 5733 3849 5801 βίῳ
3902 5748 4039 5786 κατα·

2486 5827 2822 5900 πράττεσθαι
2857 5826 3242 5888 ἀνυποστόλως
3279 5824 3344 5880 τὰ
3401 5825 3679 5879 πολιτικά.
3736 5825 3959 5894 θερίζει
4005 5837 4043 5872 τε
