4212 6434
209 401 306 461 833

1163 405 1259 465 DE
1306 406 1774 468 EMENDANDA
1815 408 1998 469 VITA
2036 407 2498 469 MONACHICA.

3348 399 3455 463 83‘

209 512 552 579 ἐκριόωνται.
581 513 689 565 Καὶ
719 512 889 581 ὀργὰς
924 513 1337 584 ἀναλαϐόμενοι,
1365 518 1466 568 ὃσα
1498 518 1592 569 καὶ
1610 517 1771 580 ὅπλα,

1884 532 1999 572 rare
2046 534 2168 573 eum
2223 532 2331 570 non
2386 523 2637 586 possunt,
2692 526 2844 567 more
2880 509 3457 581 Lmstrygonumﬂi),

211 606 324 654 tusi.
349 605 425 673 μὴ
441 605 701 659 δύνανται
738 608 1158 674 Λαιστρυγόνων
1212 608 1368 675 δίκην
1399 611 1489 659 τὸν
1534 609 1774 662 τοιοῦτον

211 697 597 763 θοινήσασθαι.
654 699 803 764 ὅμως
861 698 1130 765 ἐξωθοῦσι
1176 699 1271 751 τοῦ
1320 700 1560 767 λιμένος,
1611 702 1777 754 λοιδο-

212 791 355 856 ρίαις
383 791 505 838 ἀντὶ
534 789 695 839 λίθων
735 790 1044 856 βάλλοντες.
1081 792 1189 842 Καὶ
1221 792 1560 859 δύσχρηστον
1593 797 1776 856 αὐτοῖς

210 881 295 930 τὸν
323 880 614 946 ἄνθρωπον
636 874 778 932 εἶναι
796 883 1211 951 ἀποφηνάμενοι
1249 884 1406 951 (μηδὲ
1430 887 1538 953 γὰρ
1559 886 1776 937 δέεσθαι

210 972 263 1020 τὸ
297 973 729 1038 φροντιστήριον
758 974 1172 1041 γραμματικῶν
1210 976 1469 1044 ἀνδρῶν),
1503 978 1778 1043 ἀνοίγουσι

211 1063 473 1123 πλατείας
521 1062 691 1132 θύρας
728 1068 792 1134 τῇ
858 1068 1138 1134 ἀγροικίᾳ,
1181 1068 1276 1119 καὶ
1318 1069 1547 1134 ἀφιᾶσιν
1610 1071 1779 1136 αὐτὴν

210 1152 669 1218 ἐμπολιτεύεσθαι
702 1159 768 1223 τῇ
817 1158 939 1208 κατ’
992 1159 1191 1219 αὐτοὺς
1248 1159 1515 1225 ἁγιότητι,
1590 1162 1782 1228 πόρρω

211 1245 525 1311 ποιούμενοι
551 1248 678 1309 τοὺς
708 1252 1058 1317 γραμματεῖς
1087 1253 1178 1302 τοῦ
1227 1250 1361 1302 Θεοῦ
1394 1268 1407 1282 ·
1434 1252 1483 1304 οἳ
1509 1252 1782 1319 μαθητευ-

213 1332 395 1396 θέντες
435 1335 809 1402 εύαγγελικῶς
849 1342 929 1400 εἰς
964 1343 1061 1409 την
1123 1340 1405 1409 βασιλείαν
1459 1342 1567 1394 τῶν
1612 1343 1782 1410 ούρα-

211 1426 335 1485 νῶν,
368 1428 664 1495 χορηγοῦσι
700 1431 860 1481 καινά
887 1447 947 1481 τε
990 1432 1084 1483 καὶ
1112 1432 1337 1486 παλαιά.
1379 1434 1453 1485 Οὐ
1485 1434 1595 1503 γὰρ
1626 1435 1784 1487 ἐνθυ-

213 1517 443 1583 μοῦνται
502 1520 553 1569 οἱ
604 1520 713 1571 τῶν
770 1523 1174 1592 ἐργαστηρίων,
1231 1526 1280 1576 οἱ
1354 1523 1449 1577 τοῦ
1490 1527 1783 1594 ἀγροτικοῦ

211 1608 357 1674 βίου,
391 1612 439 1661 oi
468 1613 569 1677 τῆς
600 1615 936 1681 χειρομάχου
971 1610 1235 1682 πληθύος,
1271 1616 1320 1668 οἱ
1362 1616 1529 1685 χύδην
1561 1619 1787 1688 προκεί-

211 1719 387 1766 μενοι,
421 1706 472 1753 οἱ
522 1704 717 1773 ψωμοῦ
748 1706 1075 1774 ἀποδόμενοι
1098 1708 1198 1775 τὴν
1221 1709 1403 1777 τρίχα,
1436 1711 1484 1761 οί
1521 1711 1630 1760 τῶν
1674 1710 1784 1779 άμ-

212 1796 426 1862 μάτων,
451 1798 634 1851 οίτῶν
672 1802 1005 1870 ῥαμμάτων,
1056 1803 1212 1856 πόλιν
1241 1805 1594 1874 γραμμάτων
1638 1805 1779 1858 ἐκεί·

208 1906 306 1957 νην
350 1890 706 1953 πολύκλυτον,
734 1896 768 1964 ἢ
796 1894 891 1946 καὶ
923 1895 1061 1965 αὑτὴ
1112 1897 1475 1966 παραδέδοται
1509 1899 1675 1966 ἡμῖν’
1714 1898 1782 1968 ἢν

207 1981 326 2033 δέον
362 1982 561 2051 ζηλοῦν
598 1984 823 2050 αὐτοὺς,
855 1988 948 2038 καὶ
974 1988 1031 2037 ὲν
1061 1982 1196 2056 αὐτῇ
1261 1989 1781 2058 πολιτογραφεῖσθαι

206 2072 362 2136 θείας
392 2078 556 2144 χάριν
590 2077 805 2143 σοφίας,
836 2079 904 2131 δι’
932 2075 998 2149 ἦς
1038 2080 1109 2133 τά
1132 2098 1191 2134 τε
1219 2081 1341 2134 Sciat
1385 2083 1784 2153 φιλοσοφούσης

208 2168 305 2219 καὶ
337 2170 405 2221 τὰ
429 2170 552 2221 κατ’
576 2168 925 2239 ἀνθρώπους,
967 2173 1218 2226 ἑνοῦνται
1259 2173 1337 2243 τῷ
1389 2174 1508 2245 Θεῷ
1536 2178 1587 2228 oi.
1607 2176 1784 2245 ὀρθῶς

206 2259 301 2310 καὶ⁸
345 2260 573 2320 ἐντελῶς
616 2261 765 2329 αὐτῷ
811 2266 1266 2335 προσανέχοντες,
1333 2267 1450 2319 ἀλλ’
1516 2268 1669 2320 αὐτοὶ
1721 2268 1783 2319 τὸ

205 2350 580 2418 ἀγράμματον
629 2354 1051 2422 προαιροῦνται,
1102 2358 1198 2409 καὶ
1243 2358 1525 2439 πανιτελῶς
1582 2359 1781 2412 ἰδιωτι-

204 2440 331 2490 κῖνο
368 2440 507 2507 τάχα
544 2441 643 2509 μὲν
670 2443 1087 2511 ιὲνθυμούμενοι
1131 2446 1226 2498 καὶ
1268 2447 1329 2498 τό
1365 2462 1381 2477 ⁸
1421 2464 1440 2497 ι
1472 2446 1631 2499 Ἐπεὶ
1678 2447 1806 2518 οὖκύ

204 2530 381 2597 εγνων
435 2535 850 2602 γραμματείας,
926 2537 1313 2608 εἰσελεύσομαι
1377 2541 1437 2593 ὲν
1517 2539 1595 2609 τῷ
1640 2524 1814 2610 οἴκῳ

206 2623 435 2688 Κυρέου.
495 2644 514 2675 ι
548 2627 655 2679 Καὶ
690 2628 890 2691 ἀθλίως
919 2631 1328 2701 παρανοοῦντες
1357 2632 1417 2685 τὸ
1464 2632 1773 2696 Δαυῖτικδν,

1815 1851 1856 1907 Β

1881 617 2060 662 tamen
2085 624 2113 662 a
2155 609 2343 662 limine
2392 607 2784 675 repellunt:et
2818 604 3037 673 injuriis
3072 602 3311 671 lapidum
3337 602 3458 654 lore

1880 700 2165 769 impetunt.
2197 698 2257 753 Et
2284 714 2409 753 cum
2443 699 2691 753 inutilem
2729 696 2833 749 sibi
2873 697 2987 749 fore
3013 696 3159 747 hunc
3179 693 3457 747 hominem

1883 805 2258 865 cognoverunt
2284 795 2589 862 (hominum
2624 794 2769 846 enim
2798 792 3159 845 litteratorum
3180 804 3289 843 non
3313 788 3457 841 indi-

1880 903 2006 955 gere
2053 886 2495 954 monasterium),
2549 888 2692 938 latas
2739 886 2938 952 januas
3013 883 3269 949 aperiunt
3305 880 3461 934 inur-

1883 982 2060 1042 banis,
2097 993 2303 1047 eosque
2345 980 2488 1032 intra
2527 987 2743 1031 sanctas
2777 979 2918 1030 aedes
2956 976 3154 1030 sinunt
3185 977 3457 1037 habitare,

1883 1070 2071 1138 procul
2091 1071 2276 1123 missis
2298 1070 2586 1138 discipulis
2620 1068 2835 1122 Domini
2873 1068 2969 1136 qui
2998 1066 3147 1119 docti
3174 1070 3461 1135 evangelio

1884 1163 1938 1216 in
1975 1179 2203 1231 regnum
2227 1164 2490 1216 cmlorum
2518 1179 2657 1217 nova
2691 1172 2743 1215 et
2783 1172 2966 1215 vetera
3012 1158 3302 1214 aﬂerrent.
3340 1159 3459 1213 Non

1883 1255 2029 1307 enim
2059 1254 2306 1306 homines
2337 1256 2768 1321 ergastulorum,
2798 1268 3081 1319 agrorum,
3129 1269 3241 1306 non
3283 1252 3461 1305 turbae

1884 1360 2007 1411 qlia:
2046 1344 2240 1413 pugnis
2293 1344 2542 1408 dimicat,
2591 1359 2713 1411 quae
2778 1345 2986 1412 passim
3035 1351 3291 1410 vagatur,
3335 1355 3460 1408 qua:

1884 1436 2115 1503 capillos
2148 1436 2386 1490 frustulo
2414 1436 2569 1505 panis
2621 1434 2829 1499 vendit,
2882 1435 3136 1489 homines
3162 1433 3237 1485 fili
3266 1433 3381 1502 (15)
3406 1440 3462 1483 et

1886 1542 2015 1579 acus
2038 1541 2158 1580 eam
2188 1527 2465 1594 egregiam
2514 1525 2792 1579 civitatem
2849 1524 3164 1577 litterarum
3196 1520 3462 1589 concupi-

1887 1630 2076 1681 scunt,
2110 1634 2233 1687 quae
2272 1620 2434 1672 nobis
2472 1630 2660 1686 aperta
2704 1627 2823 1673 est:
2850 1632 2971 1671 eam
3004 1631 3258 1686 qumrere
3290 1614 3460 1670 debe-

1887 1714 2036 1776 bant,
2068 1720 2121 1765 et
2151 1712 2206 1765 in
2234 1726 2297 1764 ea
2344 1711 2437 1779 jus
2468 1711 2710 1775 civitatis
2771 1709 3066 1778 acquirere
3105 1716 3326 1777 propter
3372 1723 3464 1760 sa.

1888 1804 2144 1873 pientiam
2175 1818 2279 1872 qua
2316 1802 2548 1857 docente
2575 1804 2810 1856 humana
2831 1808 2881 1855 et
2904 1801 3089 1855 divina
3116 1800 3227 1854 Deo
3261 1800 3465 1853 uniun-

1885 1907 1975 1951 tur
2014 1896 2264 1951 homines
2297 1904 2446 1950 recte
2490 1906 2546 1952 et
2579 1895 2818 1965 perfecte
2849 1896 2896 1949 ei
2923 1895 3303 1949 adhaerentes:
3358 1890 3457 1946 sed

1887 1990 2259 2059 ignorantiam
2306 1998 2362 2042 et
2397 2004 2579 2041 veram
2624 1989 2900 2042 insaniam
2936 1988 3042 2055 ipsi
3091 1994 3460 2056 prmponunt,

1886 2082 2116 2136 forsitan
2154 2082 2503 2136 intendentes
2532 2082 2584 2134 in
2621 2081 2752 2135 illud
2785 2101 2798 2135 :
2841 2099 2861 2132 ι
2901 2079 3174 2147 Quoniam
3231 2094 3339 2134 non
3369 2093 3464 2129 co-

1886 2175 2046 2244 gnovi
2131 2175 2526 2235 litteraturam,
2582 2174 2827 2228 introibo
2895 2174 2951 2227 in
3017 2170 3292 2242 potentias
3354 2168 3464 2221 Do-

1886 2266 2020 2318 mini
2048 2266 2141 2326 “;
2178 2282 2196 2315 ι
2242 2275 2298 2317 et
2339 2263 2570 2317 verbum
2622 2262 2846 2317 Davidis
2879 2264 3021 2317 male
3073 2261 3463 2330 intelligentes,

1884 2370 2029 2423 saepe
2084 2357 2249 2410 etiam
2298 2372 2364 2410 ex
2431 2354 2724 2410 versiculis
2764 2356 3123 2423 sequentibus
3175 2352 3324 2409 istud
3382 2353 3464 2405 la-

1884 2450 1989 2504 biis
2030 2450 2502 2518 pronuntiantes:
2548 2468 2567 2500 ι
2600 2447 2909 2517 Discipulos
2948 2447 3247 2499 indoctos:
3286 2463 3304 2496 ι
3369 2458 3468 2496 ne-

1883 2558 1989 2613 que
2039 2544 2225 2597 statim
2284 2544 2416 2598 illud
2466 2543 2792 2615 adjicientes
2851 2557 2867 2596 :
2929 2560 2949 2593 ι
2992 2540 3190 2595 Doctos
3248 2536 3466 2593 fecisti!

1882 2635 2107 2690 Christe
2134 2636 2302 2693 Dens.
2346 2657 2364 2690 ι

206 2717 580 2784 προφέροντες
601 2720 655 2771 δὲ
687 2722 756 2773 τά
783 2722 952 2775 πλείω
970 2724 1061 2776 ἐπὶ
1089 2724 1335 2793 γλώττης
1368 2725 1465 2777 καὶ
1495 2725 1560 2777 ὲκ
1586 2724 1696 2777 τῶν
1723 2725 2013 2798 ἐσύστερον
2043 2730 2405 2797 ψαλλομένων
2429 2729 2514 2782 τό⁶
2546 2748 2565 2781 ι
2595 2730 2734 2791 Τοὺς
2764 2726 3169 2799 ἀγραμμάτους
3194 2723 3467 2795 μαθητάς·
3516 2750 3519 2753 λ

211 2826 231 2858 ι
282 2809 360 2876 μὴ
387 2814 970 2879 προσεπισυνείροντες
1000 2816 1056 2869 δὲ
1085 2818 1283 2869 αὐτίκα
1314 2817 1409 2871 καὶ
1443 2817 1503 2870 τό
1537 2831 1554 2848 ⁸
1596 2836 1614 2869 ι
1655 2818 1958 2883 Παιδευτάς
1984 2822 2286 2886 ἁνέδειξας,
2315 2822 2541 2889 Χριστὲ,
2574 2822 2601 2872 ὁ
2628 2820 2760 2884 Θεός
2799 2838 2819 2873 ι

281 2899 422 2967 ρκζῖ
459 2902 597 2956 Εἰπέ
625 2922 737 2970 μοι,
767 2899 811 2957 ὦ
830 2906 1130 2977 θεωρητικὲ
1159 2910 1385 2978 μοναχὲ,
1413 2910 1783 2980 ἀγράμματος

203 2990 285 3043 ὢν
314 2994 375 3054 ἐς
407 2994 467 3045 τὸ
506 2997 615 3049 πᾶν
651 2996 800 3066 (τίδέ
838 3015 927 3066 μοι
958 3001 1051 3051 ἐπὶ
1086 3002 1142 3052 σὲ
1174 3001 1485 3054 ἀποτείνειν
1509 3002 1599 3055 τὸν
1626 3003 1784 3070 λόγον

205 3085 292 3146 εἰς
328 3087 571 3151 κενόν;),
629 3090 765 3143 ἀλλά
817 3090 949 3157 γοῦν
992 3092 1475 3162 ὁλιγογράμματος
1531 3096 1691 3167 (πρὸς
1724 3098 1783 3150 σὲ

1968 2914 2091 2969 127.
2140 2914 2236 2968 Dic
2274 2915 2427 2979 mihi,
2463 2914 2709 2969 theorice
2772 2910 3067 2972 monache,
3116 2910 3209 2980 qui
3241 2909 3468 2966 omnino

1893 3006 2183 3061 illiteratus
2220 3022 2280 3062 es
2335 3006 2453 3074 (sed
2485 3006 2616 3075 quid
2651 3005 2785 3058 mihi
2832 3017 3141 3059 sermonem
3173 3001 3228 3056 in
3262 3016 3464 3055 vanum

1892 3100 2190 3156 extendere
2203 3100 2270 3169 ‘3).
2290 3100 2480 3152 saltem
2497 3098 2588 3167 qui
2616 3112 2787 3165 pauca
2809 3094 3115 3164 cognovisti
3135 3094 3213 3163 (in
3244 3104 3296 3147 te
3316 3094 3463 3147 enim

204 3178 318 3245 γάρ
347 3177 464 3232 ἔστι
490 3198 574 3244 τις
599 3181 776 3249 λόγος)
798 3199 809 3212 ·
844 3186 979 3253 πρὸς
1007 3185 1063 3237 δὲ
1099 3188 1194 3238 καὶ
1218 3186 1329 3251 ζῶν
1359 3188 1565 3258 βιοτὴν,
1595 3192 1785 3245 ὁποίαν

1888 3191 2070 3259 aliqua
2099 3198 2183 3243 est
2211 3188 2491 3255 scientia),
2516 3188 2606 3257 qui
2640 3187 2865 3255 insuper
2891 3186 3055 3238 vitam
3075 3182 3217 3252 agis,
3240 3191 3301 3237 ut
3319 3182 3461 3236 dixi-

204 3270 444 3337 τρίϐεις,
484 3271 561 3333 ὡς
580 3272 885 3340 ἑξεθέμεθα
911 3292 925 3304 '
954 3276 1079 3329 τίνα
1099 3276 1379 3331 παιδεύειν
1407 3280 1783 3345 ἀποστολικῶς

203 3359 438 3414 δύνασαι
467 3363 548 3424 είς
573 3363 816 3430 ἀγαθόνς
859 3367 929 3418 Ἢ
963 3369 1184 3432 πάντως
1214 3370 1450 3434 διδάξεις
1489 3374 1609 3440 μὲν,
1642 3373 1785 3442 πλὴν

204 3453 286 3514 ὠς
318 3452 421 3505 οὐκ
448 3454 642 3523 ἁγαπᾷ
682 3458 710 3509 ὁ
740 3458 873 3520 Θεός
895 3473 910 3489 ⁶
938 3459 1253 3523 παιδεύσεις
1285 3462 1503 3525 πάντως
1532 3465 1599 3516 τὰ
1646 3464 1783 3517 ἀλλα

204 3546 415 3605 πάντα.
444 3547 585 3618 πλὴν
606 3550 702 3603 τοῦ
727 3551 986 3620 μονάζειν
1006 3569 1020 3583 ·
1046 3570 1186 3635 κατα
1198 3555 1341 3624 ρτίζε
1353 3573 1400 3618 ις
1420 3556 1513 3607 τὸν
1538 3556 1784 3628 μαθητὴν

203 3640 516 3692 ἀναπατετν
555 3642 726 3712 συχνά
764 3644 914 3711 παρά
948 3644 1048 3706 τὰς
1078 3646 1412 3716 λεωφόρους,
1445 3648 1784 3716 προκύπτειν

205 3732 324 3785 ἔσω
380 3733 587 3802 θυρῶν,
640 3736 836 3788 ὁπόσαι
882 3737 1237 3791 διαπέτανται
1276 3741 1355 3802 είς
1387 3739 1619 3809 θεωρίαν
1646 3741 1781 3792 ἑτοί-

209 3842 349 3895 μηνι
388 3825 700 3893 φιλιοῦσθαι
730 3831 1217 3898 παρατυγχάνουσι
1248 3831 1458 3896 λαῖκοῖς
1491 3834 1574 3893 είς
1603 3835 1788 3898 ὲπιξέ-

206 3930 411 3985 νωμα’
468 3918 833 3989 ἀκριϐοῦσθαι
880 3921 946 3973 τά
1000 3922 1102 3990 τῆς
1150 3923 1396 3990 ἀγορᾶςο
1448 3923 1786 3986 ἐνεθίζεσθαι

204 4006 479 4075 λοετροῖς,
512 4003 595 4070 οἷς
634 4010 765 4078 πρὶν
812 4011 913 4062 οὐκ
957 4011 1220 4079 ὲΘάμιζεο
1264 4012 1566 4082 διακρίνειν
1615 4014 1786 4076 οῐνου,

205 4098 299 4158 τίς
338 4099 437 4165 μὲν
470 4100 796 4168 εὐπρόσιτος
828 4105 910 4161 εἰς
944 4101 1159 4168 γεῦσιν,
1195 4104 1280 4166 τίς
1310 4104 1368 4156 δὲ
1410 4105 1471 4157 οὐ
1507 4105 1746 4173 χρηστός
1768 4119 1786 4136 ο

205 4194 312 4246 καὶ
339 4190 474 4246 αὐτὸ
510 4191 579 4246 τὰ
610 4193 784 4246 πολλὰ
832 4194 954 4265 οὐδὲ
983 4198 1064 4260 είς
1100 4196 1404 4248 ἀπόλαυσιν
1434 4196 1531 4264 τὴν
1573 4197 1789 4259 ἁπλῶς,

204 4283 333 4337 ἀλλ’
369 4284 456 4336 ἵνα
494 4285 523 4336 ὀ
556 4285 686 4353 πρῖν
728 4285 802 4354 μὴ
840 4286 1249 4355 πεπειραμένος
1294 4286 1443 4339 οτνου
1492 4288 1627 4356 μηδὲ
1659 4288 1790 4357 ἀχρι

208 4374 355 4441 γοῦν
381 4374 553 4443 ὀδμῆς
576 4375 671 4426 νῦν
694 4377 1004 4445 ἀρτιμαθὴς
1024 4358 1189 4429 αὑτοῦ
1212 4376 1440 4457 γένηται
1462 4378 1600 4447 πρὸς
1628 4378 1792 4446 θερα-

1887 3299 2033 3347 mus,
2077 3299 2241 3352 quem
2293 3282 2573 3337 hominem
2644 3280 2849 3348 poteris
2908 3278 3111 3331 bonum
3163 3276 3466 3345 apostolic-e

1886 3375 2159 3430 edocere?
2216 3374 2321 3427 Aut
2360 3372 2521 3442 plane
2565 3371 2809 3434 docebis,
2864 3369 2959 3426 sed
3025 3384 3135 3423 non
3188 3365 3465 3437 quomodo

1888 3475 2037 3521 amat
2068 3466 2247 3529 Deus;
2279 3481 2402 3519 cum
2424 3464 2610 3518 omnia
2635 3472 2833 3517 caetera
2861 3463 3113 3523 docebis,
3145 3476 3254 3514 non
3280 3468 3461 3513 autem

1890 3555 2282 3610 monasterium
2343 3553 2694 3609 servandum.
2750 3552 3089 3621 Discipulum
3115 3550 3303 3605 crudis
3347 3547 3466 3603 fre-

1888 3656 2122 3715 quenter
2146 3662 2333 3700 errare
2353 3662 2451 3714 per
2469 3647 2601 3707 vias,
2642 3644 2917 3711 inspicere
2944 3644 3087 3697 intra
3118 3649 3306 3712 portas
3340 3656 3465 3710 qua:

1891 3748 2094 3805 aperta:
2128 3748 2277 3797 sunt.
2312 3748 2367 3790 et
2396 3746 2601 3807 parata:
2634 3735 3001 3799 intuentibus,
3055 3734 3318 3801 conjungi
3348 3732 3466 3786 cui.

1890 3831 2023 3884 libet
2057 3831 2197 3885 laico
2228 3832 2283 3884 in
2312 3828 2769 3897 hospitalitatem,
2815 3827 3035 3895 negotia
3070 3826 3311 3880 forensia
3341 3839 3465 3892 per-

1888 3926 2027 3980 feute
2075 3938 2325 3984 noscere,
2374 3935 2696 3977 assuescere
2741 3921 2950 3974 balneis
3003 3933 3123 3988 qua:
3153 3917 3308 3987 prius
3352 3931 3463 3972 non

1889 4016 2312 4086 frequentabat:
2358 4014 2482 4067 vina
2514 4012 2834 4081 degustare,
2871 4023 3119 4078 quaenam
3160 4009 3269 4062 sint
3300 4017 3461 4077 gustu

1890 4109 2103 4172 suavia,
2135 4119 2382 4173 quasnam
2437 4103 2737 4171 injucunda
2788 4121 2803 4157 :
2844 4102 3007 4170 idque
3057 4115 3201 4168 saepe
3229 4114 3340 4152 non
3395 4098 3463 4151 ad

1891 4200 2184 4254 fruendum
2214 4195 2559 4264 simpliciter,
2588 4194 2682 4250 sed
2704 4203 2764 4249 ut
2790 4192 2889 4263 qui
2917 4194 3188 4247 hactenus
3231 4191 3463 4259 ignarus

1890 4292 2003 4345 vini
2033 4289 2332 4357 odorisque
2366 4288 2484 4356 eius
2520 4294 2883 4349 remanserat,
2922 4284 3053 4337 illud
3091 4297 3239 4337 nunc
3259 4294 3466 4350 cogno-

1891 4392 2012 4441 seat
2034 4384 2099 4437 ad
2123 4383 2549 4438 ministrandum
2582 4378 2682 4433 tibi
2703 4392 2903 4448 magno
2931 4376 3117 4431 Patri:
3144 4374 3299 4429 illum
3330 4389 3466 4443 pra:-

206 4466 384 4515 πείαν
417 4481 537 4527 σου,
581 4466 677 4517 τοῦ
714 4458 1212 4537 μεγάλουᾘατρός
1236 4485 1249 4498 ·
1305 4468 1787 4539 προσεπιδιδάξεις

1893 4482 2040 4528 terea
2095 4473 2295 4528 edoces
2326 4471 2517 4525 oculos
2567 4469 2622 4523 in
2656 4482 2768 4522 rem
2826 4467 3082 4534 deligere,
3137 4461 3467 4518 tlducialitcr

208 4556 274 4607 δὲ
311 4556 502 4619 αὑτὸν,
554 4556 648 4607 καὶ
701 4557 891 4619 ἀτενὲς
923 4535 1167 4627 βλέπειν,
1216 4558 1314 4611 καὶ
1353 4535 1551 4629 τρανὲς
1580 4558 1784 4623 λαλεῖν,

1888 4566 2065 4635 loqui,
2095 4562 2500 4626 contradicere,
2539 4572 2823 4630 procacem
2859 4571 2984 4613 esse
3005 4595 3020 4621 ,
3058 4553 3276 4623 injuriis
3304 4553 3469 4607 dimi-

206 4646 317 4698 καὶ
350 4646 673 4710 ἁντιλαλεϊν,
706 4647 801 4699 καί
829 4666 931 4701 που
956 4650 1053 4701 καὶ
1074 4650 1463 4719 θρασύνεσθαι,
1494 4653 1592 4704 καὶ
1622 4648 1789 4704 κατα-

1888 4671 2037 4719 care,
2062 4671 2124 4708 ea
2150 4652 2335 4708 omnia
2370 4650 2654 4705 contraria
2701 4663 2766 4702 ac
2814 4643 3150 4715 promisisti.
3184 4642 3466 4697 Permittis

203 4737 445 4805 ψάλλειν
467 4738 710 4806 ὖὸρεσιν,
739 4741 1069 4805 ἀπεναντίας
1093 4742 1269 4795 ταῦτα
1292 4743 1495 4808 πάντα,
1519 4737 1601 4806 οἷς
1628 4742 1790 4807 αὐτὸς

1888 4761 2114 4802 manum
2154 4745 2412 4799 attollere
2442 4742 2510 4798 ad
2555 4740 2694 4795 nihil
2724 4746 3004 4799 sanctum,
3034 4744 3090 4788 et
3116 4734 3336 4796 baculo,
3375 4732 3465 4785 vel

206 4830 423 4893 ἑτάξω.
492 4830 747 4902 Ἐφήσεις
790 4835 846 4886 δὲ
895 4837 989 4887 καὶ
1043 4839 1233 4906 χεῖρας
1280 4838 1458 4906 αἴρειν
1504 4837 1586 4900 είς
1634 4837 1790 4890 οὐδὲν

1886 4838 2063 4908 magis
2106 4836 2282 4908 ferrea
2314 4835 2462 4901 virga
2492 4832 2570 4887 uti
2597 4846 2705 4886 non
2738 4830 2806 4885 ad
2835 4836 3125 4900 paternum
3159 4824 3421 4880 ducatum
3445 4864 3463 4891 ,

206 4921 383 4990 ἅγιον
402 4937 418 4953 ·
446 4924 542 4975 καὶ
595 4922 869 4996 βακτηρίᾳ
900 4926 1019 4996 μὲν,
1053 4924 1251 4980 οῠκουν
1295 4927 1477 4997 ῥάϐδῳ
1503 4927 1561 4981 δὲ
1591 4927 1786 4999 σιδηρᾷ

1884 4934 1977 4988 sed
2014 4929 2080 4985 ad
2112 4918 2384 4984 latrocinii
2429 4925 2630 4980 malum

206 5010 553 5100 κεχρῆσθαι,
577 5014 674 5082 οὐχ
704 5016 781 5077 ὡς
810 5017 889 5080 εἰς
922 5016 1221 5098 ποίμανσιν
1249 5020 1552 5089 πατρικὴν,
1578 5018 1693 5073 ἀλλ’
1722 5018 1797 5081 ὡς

207 5104 296 5163 εἰς
327 5103 582 5171 πημονὴν
598 5104 919 5178 λῃστρικὴν.

292 5199 441 5261 ρκη’.
504 5195 743 5251 Τοιαῦτα
798 5200 863 5252 σὺ
918 5200 1300 5267 misisses“,
1353 5202 1383 5255 ὁ
1426 5202 1792 5273 ἀγράμματος

208 5286 484 5353 μοναχδς,
516 5287 732 5358 ἑτεροῖα
765 5290 926 5359 μόνα,
958 5292 1094 5361 πρὸς
1110 5293 1256 5364 άπερ
1285 5293 1449 5357 αὐτὸς
1478 5294 1795 5364 παρηγγελ-

292 5466 346 5495 ’⁸
379 5465 530 5520 Psal.
564 5481 696 5530 ιη,
729 5466 821 5519 16.

294 5596 417 5677 (η)
448 5597 849 5677 ζιαςεινειροηεε,
888 5601 1125 5677 populus
1183 5602 1497 5677 Campania:
1557 5603 1805 5677 moribus

208 5667 422 5743 ferinis
452 5667 678 5743 infamis
706 5667 1295 5743 ;_carnem'_humanam
1324 5667 1557 5728 edebant
1584 5673 1804 5743 (Home-

207 5753 341 5797 rus.
367 5735 615 5797 Ovidius.
643 5747 697 5791 et
726 5737 1026 5807 Horatius).

301 5807 418 5877 (t5)
454 5807 714 5865 ilomincs
744 5808 820 5864 ﬁli
850 5818 906 5864 et
936 5825 1067 5868 acus
1111 5826 1125 5864 :
1159 5811 1247 5868 hic
1300 5811 1627 5870 Eustathius
1662 5810 1800 5867 ludit

1966 5200 2090 5254 128.
2124 5196 2249 5250 Haec
2277 5172 2526 5259 docebis,
2574 5206 2609 5247 ο
2656 5191 2923 5246 monache
2974 5188 3276 5248 illitterate,
3333 5200 3465 5240 eoo—

1896 5292 2065 5347 traria
2094 5289 2175 5345 eis
2201 5301 2323 5358 qua:
2343 5285 2625 5357 pollicitus
2670 5298 2729 5338 es
2761 5291 2815 5338 et
2848 5280 3192 5351 spepondisti
3221 5290 3462 5333 servare.

1901 5603 1956 5658 in
1978 5603 2221 5665 vocibus,
2252 5603 2527 5672 ἀμμάτων
2548 5576 3316 5673 ῥαμμάτωνοιᾼγραμμάτων.
3337 5595 3469 5673 Duas

1905 5674 2097 5743 prima:
2168 5668 2312 5739 εαξρὲ
2343 5668 2722 5741 ’σορυΙὸηῐιῖτ,
2760 5668 3196 5741 ‘signiiic'antque
3244 5668 3469 5739 proprie

1908 5744 2110 5797 nodum
2147 5750 2203 5797 et
2240 5753 2515 5796 suturam.
