4212 6434
199 376 299 438 837

1172 375 1269 435 DE
1312 375 1795 437 EMEXDANDA
1843 375 2019 434 VITA
2070 376 2540 441 MONACHICA.

3353 383 3461 446 838

201 492 338 544 ἀλλὰ
368 489 631 556 τεχνικῶς
669 489 917 553 ἱδιάζεις,
948 489 1133 559 σαφῶς
1162 490 1215 543 δὲ
1242 494 1441 553 εἰπεῖν.
1473 493 1783 562 ἐργατικῶς

1900 508 1938 544 ,ε
1968 507 2111 555 esse,
2154 492 2247 545 sed
2298 494 2363 546 de
2412 494 2678 548 iinlusti-ia
2736 494 3054 557 secessisse.
3100 506 3176 559 et.
3228 506 3285 551 ut
3315 508 3467 556 recte

205 580 454 653 μοχθεῖς,
492 581 830 649 σαφέστερον
871 580 929 632 δὲ
979 581 1168 649 φάναι,
1218 584 1469 651 τεχνίτου
1509 583 1783 654 βαναύσου

200 676 367 745 δίκην
394 673 626 743 κοπιᾷς·
660 673 718 736 ὃς
751 675 809 726 ὲν
839 676 953 737 τοῖς
986 674 1275 741 ἀγεννέσιν
1307 675 1511 746 ἔργοις,
1543 677 1613 730 δι’
1644 673 1718 729 ὧν
1749 678 1783 747 ἢ

206 766 592 837 ῥυπαίνεταιῆ
626 766 1021 831 κατατρίῦεται
1052 766 1111 817 τὸ
1135 766 1301 819 καλὸν
1332 766 1555 836 ἄμφιον,
1591 770 1787 838 ρακεν-

204 862 378 921 δυτεί,
411 858 505 910 καὶ
529 858 672 911 οὕτω
701 857 1137 929 κερδαλεώτερον
1158 859 1256 928 τὴν
1289 860 1487 930 τέχνην
1517 862 1787 929 διαχειρίο

206 952 382 1015 ζεται.
421 950 736 1019 Θεὼρησον,
794 949 1018 1002 ταπεινὲ
1058 950 1227 1020 ὑψηλέ
1251 968 1264 981 ·
1295 954 1347 1005 τί
1378 954 1441 1023 δή
1481 952 1610 1005 ποτέ
1642 956 1788 1005 ἐστιν

204 1046 231 1096 6
287 1043 562 1113 μοναχόςς
628 1044 739 1096 Καὶ
791 1044 985 1112 ἐπειδὴ
1040 1042 1164 1096 οὔτε
1215 1047 1278 1097 σὺ
1334 1044 1661 1112 αὖτομαθῶς
1695 1045 1787 1096 τὸν

206 1137 454 1189 τοιοῦτον
506 1129 677 1199 οἶδας,
726 1132 851 1186 οὔτε
905 1135 1014 1205 μὴν
1054 1137 1118 1187 ἐκ
1166 1134 1372 1204 βιϐλίον
1421 1135 1566 1204 ἔχεις
1597 1137 1787 1207 μαθὼν

211 1226 357 1292 (πῶς
402 1229 532 1294 γὰρ,
563 1227 700 1295 ὅπερ
735 1226 911 1294 μισῶν
946 1228 1049 1278 κᾶν
1094 1227 1451 1296 ἀνοιγόμενον
1490 1227 1627 1298 ίδῃς,
1659 1230 1788 1297 χάος

207 1319 389 1380 δοκεῖς
410 1318 634 1387 βλέπειν
653 1320 795 1371 κατά
822 1318 917 1371 σοῦ
944 1319 1175 1387 χαίνον),
1202 1319 1438 1373 ἄκουσον
1464 1320 1572 1373 ἀπὸ
1597 1321 1788 1386 λαλιᾶς

206 1412 309 1463 οὔκ
341 1410 679 1477 ἀσυμφώνου
713 1414 831 1475 ταῖς
868 1413 1043 1482 ἱεραῖς
1072 1412 1380 1482 διφθέραις.

283 1505 388 1573 ρλθ.
442 1505 697 1574 Μοναχός
725 1508 839 1557 ἐστι
870 1507 1090 1574 πολίτης
1118 1507 1352 1575 ούρανοῦ
1372 1523 1386 1537 ·
1427 1507 1503 1577 μὴ
1526 1508 1631 1577 γὰρ
1664 1511 1787 1580 γῆς,

208 1601 255 1649 εἰ
289 1597 386 1650 καὶ
428 1598 561 1668 περὶ
593 1598 697 1665 γῆν
754 1597 1007 1653 είλετται.
1070 1601 1326 1671 Αίθέριος
1376 1600 1479 1670 τὴν
1513 1603 1791 1655 πολιτείαν

207 1686 536 1757 ἄνθρωπος·
578 1688 933 1758 ἀεροὸἀμων,
969 1684 1054 1753 οἷς
1097 1692 1165 1743 τά
1220 1693 1367 1745 κατά
1410 1694 1514 1761 γῆν
1545 1694 1792 1764 ὑπερπέ-

205 1797 368 1832 τεται
388 1797 401 1809 ·
425 1779 529 1849 γῆς
562 1780 787 1850 ἀπάσης
819 1782 1078 1851 βασιλεὺς
1108 1785 1198 1836 διὰ
1228 1784 1288 1837 τὸ
1317 1786 1441 1838 κατ’
1476 1788 1663 1839 εἰκόνα
1696 1784 1792 1839 τοῦ

206 1871 610 1938 παμϐασιλέως
659 1872 822 1939 Θεοῦ,
855 1875 884 1927 ὃ
909 1877 1015 1939 πᾶς
1053 1876 1155 1945 μὲν
1186 1876 1473 1948 ἄνθρωπος
1503 1879 1796 1948 φυλάττειν

206 1967 498 2027 τέτακται,
529 1966 693 2028 αὐτὸς
738 1967 795 2019 δὲ
826 1969 964 2038 πρὸς
995 1968 1072 2038 τῷ
1104 1968 1272 2039 κοινῷ
1301 1970 1451 2040 χρέει
1487 1973 1581 2023 καὶ
1612 1970 1794 2033 ἰδικῶς

208 2058 519 2126 ἐποφείλει,
583 2061 956 2131 μεμνημένος,
1002 2062 1107 2128 ὅτι,
1155 2065 1392 2132 ὁπηνίκα
1429 2066 1461 2133 ὴ
1494 2068 1670 2135 κούρα
1716 2064 1796 2134 τῷ

209 2150 334 2218 Θεῷ
360 2151 525 2203 αὑτὸν
556 2153 967 2223 παρεστήσατο,
998 2157 1093 2206 καὶ
1123 2156 1255 2207 αύτδ
1286 2155 1573 2226 ἀπῃτήθη,
1600 2156 1674 2219 ὡς
1699 2157 1795 2225 δη-

206 2242 347 2310 λαδὴ
379 2241 654 2311 ἀπαλιφὲν
681 2241 961 2311 βιωτικοῐς
993 2246 1183 2317 ὑγροῖς
1205 2247 1266 2300 τὸ
1295 2247 1417 2301 κατ’
1444 2248 1607 2302 αὐτὸν
1627 2250 1791 2319 ἀρχέο

204 2349 389 2385 τυπον
456 2334 747 2402 είκὸνισμα
825 2336 1077 2398 εἰσαῦθις
1145 2338 1476 2392 ἀνανεώσων
1541 2341 1791 2412 πολιτείᾳ⁵

211 2428 513 2495 μοναχικῇ.
576 2427 699 2479 Ἔτι
766 2429 1004 2497 μοναχός
1064 2431 1182 2484 ἐστι
1246 2433 1546 2504 ζωγράφος
1594 2437 1795 2508 ἀρετῆς

206 2519 717 2589 ἀπηκριϐωμένης,
755 2523 894 2591 πρὸς
936 2524 1003 2593 ἢν
1037 2526 1095 2577 αἱ
1138 2526 1245 2578 τῶν
1283 2526 1594 2595 βλεπόντων
1628 2530 1797 2601 ψυχαὶ

208 2615 520 2681 γράφοιντο
556 2613 643 2668 ἄν.
678 2614 889 2684 Γράφοι
921 2616 979 2670 δὲ
1017 2616 1084 2670 ἂν
1121 2618 1149 2671 6
1179 2620 1421 2684 τοιοῦτος
1456 2622 1629 2677 αὑτὰς
1659 2624 1796 2694 πρὸς

209 2704 529 2774 ἀκρίϐειαν,
562 2705 660 2759 ἰὰν
689 2712 851 2776 σοφὸς
877 2709 1082 2770 τέλειος
1114 2715 1342 2782 γένηται
1368 2715 1469 2783 τὴν
1514 2717 1795 2786 γραφικὴν

211 2796 449 2867 ταύτην,
501 2796 579 2861 ὡς
629 2798 726 2851 καὶ
755 2801 968 2870 τρίϐειν
997 2806 1353 2871 πνευματικὰ
1388 2807 1677 2874 χρώματα,
1706 2811 1799 2862 καὶ

214 2888 525 2958 συγκιρνᾷν
555 2891 648 2941 καὶ
683 2890 947 2959 ἐμμελῶς
991 2892 1360 2961 παρατιθέναι
1391 2895 1530 2965 πρὸς
1567 2897 1798 2967 ἄλληλα,

213 2978 315 3030 καὶ
346 2981 591 3047 μετρεῖν,
619 2979 693 3041 ὡς
723 2977 833 3034 οἶδε
866 2980 1163 3052 ζωγράφος
1198 2987 1495 3055 τεχνᾶσθαι
1539 2991 1641 3058 τὴν
1677 2993 1799 3044 κατ’

214 3070 366 3122 αὐτά
398 3073 767 3142 συμμετρίαν.
800 3076 1058 3141 Τοιοῦτος
1102 3079 1159 3131 δὲ
1195 3081 1415 3143 πάντως
1443 3083 1474 3151 ἢ
1511 3083 1539 3134 6
1568 3084 1626 3148 ἐξ
1666 3086 1801 3138 ἀνα-

1889 583 2100 651 loqnar,
2146 583 2403 651 operibus
2452 585 2672 649 vilibus,
2733 602 2850 643 seu-
2891 587 3106 653 melius,
3143 600 3204 643 ut
3248 590 3464 646 fabrum

1892 673 2127 744 fatigari,
2182 675 2274 744 qui
2324 675 2470 729 inter
2525 676 2649 730 \‘ilia
2694 692 2856 748 opera
2905 680 3106 749 quibus
3161 680 3465 738 sordesce-

1891 774 1969 818 ret
2000 776 2090 819 aut
2116 775 2498 824 contereretur
2536 770 2822 838 pulchrum
2866 772 3272 841 indumentum,
3329 789 3469 845 pan-

1891 859 1976 910 nis
2010 858 2276 924 induitttr,
2312 869 2366 914 et
2391 861 2469 916 sic
2506 863 2678 933 magis
2724 862 3032 920 lucriferam
3098 876 3271 922 artem
3306 883 3465 923 exer-

1890 956 1995 1002 cet.
2049 946 2261 1016 Viden’,
2311 966 2344 1003 o
2392 966 2580 1023 magne
2633 966 2687 1010 et
2748 955 2991 1021 humilis,
3048 959 3177 1027 quid
3233 961 3306 1014 sit
3346 977 3468 1015 mo-

1891 1041 2137 1096 nachus?
2168 1041 2231 1097 Et
2268 1046 2527 1111 quoniam
2576 1062 2698 1100 eum
2756 1062 2865 1101 non
2917 1049 3139 1113 nOVisti,
3171 1066 3347 1120 neque
3373 1067 3470 1106 ex-

1891 1134 2156 1204 perientia
2182 1136 2424 1205 prepria,
2474 1151 2648 1205 neque
2692 1155 2759 1193 ex
2810 1140 2951 1195 libro
2976 1140 3275 1212 (quomodo
3295 1144 3467 1207 enim,

1894 1228 2163 1297 siquidem
2189 1245 2336 1293 eum,
2367 1229 2457 1284 ubi
2488 1228 2694 1284 videris
2723 1242 2996 1301 apertum,
3022 1234 3215 1299 odisti,
3249 1243 3303 1289 et
3321 1236 3470 1290 arbi-

1892 1322 2062 1375 traris
2092 1321 2350 1392 abyssum
2406 1329 2534 1375 ante
2588 1331 2641 1376 te
2671 1322 2912 1379 hiantem
2969 1325 3300 1396 inspicere);
3334 1326 3465 1381 audi

1893 1424 2024 1480 ergo
2059 1426 2125 1465 ex
2156 1427 2411 1467 sermone
2449 1413 2655 1470 sanctis
2683 1416 2957 1487 tympanis
2998 1431 3107 1472 non
3140 1419 3419 1477 dissimili.

1964 1503 2086 1557 {60.
2129 1503 2432 1560 Monachus
2463 1505 2603 1561 ciris
2637 1516 2726 1562 est
2756 1508 2905 1573 εαξη,
2955 1524 3062 1565 non
3118 1518 3301 1578 terrm,
3338 1514 3470 1570 licet

1896 1595 2106 1651 habitet
2180 1597 2234 1649 in
2293 1612 2380 1651 ea.
2440 1598 2736 1655 Etliercus
2774 1610 2860 1656 est
2907 1601 3073 1657 homo
3130 1604 3328 1675 agendi
3389 1622 3476 1661 ra-

1896 1688 2077 1750 tione;
2104 1703 2199 1756 per
2220 1702 2400 1742 aerem
2429 1689 2628 1746 incedit
2655 1694 2902 1749 terrestri
2933 1696 3139 1759 volatu,
3198 1714 3303 1751 τει-
3348 1700 3477 1751 uni-

1899 1793 2066 1831 versae
2130 1787 2329 1840 terra},
2393 1781 2485 1847 qui
2550 1790 2631 1834 est
2686 1782 2752 1835 ad
2813 1784 3099 1853 imaginem
3156 1783 3250 1839 Dei
3310 1784 3476 1855 Regis

1902 1886 2111 1941 regum,
2162 1888 2324 1939 quam
2384 1888 2602 1927 servare
2661 1874 2860 1929 debent
2920 1877 3154 1930 universi
3205 1877 3476 1943 homines,

1898 1973 1953 2019 et
1981 1964 2094 2032 ipse
2119 1963 2242 2032 plus
2277 1977 2437 2032 quam
2497 1963 2681 2017 cancri
2728 1971 2782 2019 et
2831 1965 3065 2033 amplius
3126 1974 3363 2032 tenetur,
3388 1983 3479 2021 re-

1899 2054 2157 2110 cordatus
2211 2068 2292 2118 sc,
2351 2055 2571 2122 quando
2602 2062 2826 2107 tonsura
2870 2063 3229 2109 consecratus
3254 2055 3377 2119 fuit,
3408 2054 3479 2109 ad

1900 2148 2002 2202 hoc
2046 2162 2169 2202 esse
2200 2148 2507 2208 invitatum,
2540 2156 2599 2199 ut
2646 2145 2902 2201 foedatam
2963 2147 3259 2202 sudoribus
3318 2163 3479 2202 mutt-

1900 2238 2062 2293 danis
2102 2238 2514 2291 similitudinem
2577 2253 2733 2292 suam
2768 2240 2834 2292 ad
2870 2238 3038 2293 Deum
3097 2255 3290 2295 rursus
3322 2255 3484 2295 renn-

1902 2339 2126 2385 vaturus
2208 2338 2352 2385 esset
2431 2331 2688 2401 aperihus
2760 2333 3102 2387 monasticis.
3179 2333 3481 2390 Monachus

1901 2425 2083 2495 pictor
2127 2433 2213 2479 est
2273 2427 2437 2479 etiam
2496 2427 2711 2480 virtutis
2761 2427 3037 2496 perfectze,
3091 2427 3157 2480 ad
3192 2443 3356 2495 quam
3394 2428 3482 2482 in-

1904 2518 2202 2573 formandze
2255 2530 2377 2573 sunt
2433 2519 2629 2572 animae
2687 2519 3042 2574 intuentium.
3073 2518 3223 2585 Quas
3265 2521 3332 2575 ad
3360 2535 3483 2589 pcr-

1901 2609 2189 2664 l'cctionem
2244 2609 2345 2663 iste
2394 2608 2673 2678 du-pinget,
2733 2609 2781 2662 si
2816 2609 2953 2664 hanc
3010 2621 3183 2665 artem
3236 2611 3482 2682 perlecta

1899 2702 2126 2758 edoctus
2154 2711 2261 2767 cst,
2316 2704 2363 2757 si
2416 2702 2610 2757 didicit
2661 2704 2980 2771 spirituales
3029 2705 3246 2761 colores
3278 2714 3481 2773 terere,

1901 2796 2156 2860 miscere,
2204 2796 2577 2865 distinguere,
2637 2804 2828 2852 curate
2897 2795 3173 2862 conferre.
3222 2806 3279 2854 et
3333 2814 3483 2854 inen-

1903 2900 2112 2949 surare,
2164 2885 2308 2939 sicut
2348 2888 2498 2940 novit
2555 2886 2732 2955 pictor
2792 2903 2887 2944 eas
2943 2888 3081 2942 scite
3130 2900 3482 2960 componere.

1905 2975 2049 3030 Talis
2081 2986 2166 3031 εει
2197 2978 2360 3029 homo
2389 2976 2673 3038 doctrinae,
2730 2987 2826 3030 aut
2867 2977 3194 3033 inventionis
3231 2993 3327 3047 per
3361 2992 3484 3047 pra-

1902 3070 2142 3127 cticam;
2187 3083 2417 3137 quarum
2475 3085 2636 3123 unam
2697 3085 2790 3139 per
2848 3070 3189 3137 sapientiam,
3229 3080 3284 3125 et
3345 3072 3486 3126 alte—

214 3158 499 3245 ⁸γνώσεως,
536 3161 569 3231 ἢ
603 3163 633 3213 6
670 3162 730 3227 ἐξ
757 3164 1178 3235 ἀποκαλύψεως,
1209 3171 1310 3239 τῆς
1343 3172 1432 3223 διὰ
1453 3177 1798 3245 πρακτικῆς·

1906 3177 2022 3215 ram
2080 3176 2173 3230 per
2229 3176 2411 3215 veram
2467 3162 2677 3231 praxim
2734 3163 3038 3217 monachus
3112 3164 3340 3229 obtinet,
3384 3180 3485 3234 per

215 3242 299 3299 ὧν
332 3250 393 3300 τὸ
427 3252 528 3319 μὲν
564 3253 677 3322 ἔχει
707 3255 797 3308 διὰ
832 3257 1027 3324 σοφίαν
1052 3261 1079 3310 6
1108 3261 1381 3329 μονάζων,
1409 3263 1470 3315 τὸ
1502 3263 1558 3315 δὲ
1590 3264 1676 3316 διὰ
1704 3242 1801 3334 τῆς

215 3342 402 3403 ὅντως
448 3345 725 3413 πράξεως,
771 3348 841 3402 δι’
869 3344 937 3418 ἧς
968 3353 1063 3403 καὶ
1097 3353 1270 3422 αὐτῆς
1317 3356 1805 3412 ἀποκαλύπτονται

217 3437 535 3498 Δαυῖτικῶς
568 3438 843 3508 ὀφθαλμοὶ
887 3446 968 3504 εἰς
1003 3449 1067 3497 τὸ
1096 3451 1383 3501 κατανοεῖν
1423 3450 1493 3501 τὰ
1539 3450 1637 3503 τοῦ
1667 3449 1803 3504 Θεοῦ

217 3526 511 3594 θαυμάσια
532 3543 547 3557 ·
585 3532 644 3583 ἒν
674 3527 754 3593 οἷς
798 3536 890 3587 καὶ
920 3536 988 3590 τὰ
1017 3536 1118 3605 τῆς
1166 3539 1375 3593 ἑκείνου
1409 3543 1603 3610 σοφίας
1630 3542 1804 3611 ἄδηλα

218 3620 323 3672 καλ⁴
352 3620 579 3690 κρύφια.
616 3626 778 3678 Δυοίν
803 3627 858 3679 δὲ
886 3629 1116 3695 τούτων,
1144 3632 1400 3701 πράξεως
1429 3634 1523 3685 καὶ
1545 3634 1800 3704 θεωρίας,

218 3716 249 3764 ὁ
276 3713 458 3781 μέγας
506 3718 740 3786 μοναχὺς
762 3721 1234 3790 ἁποστερημένος,
1268 3722 1391 3775 οὔτε
1425 3724 1716 3793 ζωγράφος
1737 3726 1803 3779 ἂν

218 3807 316 3874 εἴη
346 3807 466 3875 Θεῷ
495 3810 743 3878 πρέπων,
769 3810 893 3865 οὔτε
918 3813 1208 3883 ἀληθεύσοι
1238 3816 1330 3869 τὸν
1364 3816 1620 3886 μοναχόν.

300 3897 439 3965 plu’.
480 3901 596 3954 Ἐτι
628 3902 826 3972 κριτὴς
845 3904 873 3955 6
894 3906 1151 3975 μοναχὸς.
1182 3906 1421 3969 δικάζων
1450 3910 1764 3973 ἀντιπάλοις
1787 3924 1802 3938 ·

218 3991 324 4042 καὶ
363 3992 398 4062 ἠ
442 3992 629 4061 κρίσις
667 3993 939 4064 διχασμίις
984 3997 1167 4065 ψυχῆς
1204 3998 1312 4052 ἀπὸ
1354 3998 1629 4067 σώματος,
1671 4001 1805 4055 ὡσεὶ

221 4084 324 4133 καὶ
361 4083 541 4136 θανεῖν
585 4087 781 4156 ἐκρίθη
821 4087 882 4139 τὸ
916 4089 974 4139 ἐν
1012 4088 1286 4158 ἀνθρώπῳ
1329 4090 1607 4145 σύνθετον.
1645 4092 1719 4144 Τὸ
1747 4092 1805 4145 δὲ

218 4173 375 4225 οὕτω
398 4174 640 4242 διχάζειν
683 4178 1007 4245 φιλοσοφίας
1040 4179 1202 4250 ἔργον
1247 4186 1607 4249 παραδέδοται
1639 4180 1799 4247 εἶναι,

217 4261 297 4337 ἧς
341 4265 403 4317 τὸ
449 4265 599 4329 τέλος
643 4267 879 4321 ἐνταῦθα
935 4272 1216 4339 ἡνωμένος
1273 4272 1575 4343 διακρίνειν
1623 4275 1803 4345 ψυχὴν

222 4356 510 4425 σώματος,
543 4361 637 4412 καὶ
670 4357 738 4412 αὖ
770 4360 936 4414 πάλιν
972 4362 1415 4432 διακεκριμένως
1447 4365 1624 4431 ἑνοῦν,
1650 4368 1682 4437 ἢ
1710 4369 1805 4421 και

222 4448 432 4512 (ἄλλως
465 4453 666 4520 εἰπεῖν)
696 4453 928 4522 νεκροῦν
969 4454 1071 4520 μὲν
1099 4455 1161 4506 τὸ
1199 4454 1308 4518 ζῶν
1336 4462 1411 4525 μὴ
1448 4459 1805 4528 ὲναρμονίως.

1906 3268 2071 3321 quam
2110 3253 2431 3320 aperiuntur
2461 3253 2603 3307 oculi
2628 3254 2647 3321 (
2673 3261 2730 3305 ut
2776 3253 2962 3307 Davidi
2998 3254 3239 3324 accidit)
3292 3256 3360 3309 ad
3397 3258 3485 3309 in-

1906 3344 2198 3413 telligenda
2261 3344 2529 3398 mirabilia
2594 3345 2710 3410 Dei,
2767 3354 2823 3400 ct
2864 3362 2930 3399 ex
2982 3347 3184 3415 quibus
3220 3356 3351 3402 sunt
3386 3364 3480 3402 sa-

1908 3436 2125 3505 pientiae
2174 3436 2296 3504 ejus
2326 3437 2585 3507 mysteria
2637 3437 3229 3507 incomprehensibilia.
3262 3438 3481 3506 Quibus

1907 3529 2121 3584 duabus
2153 3530 2335 3591 rebus,
2364 3545 2559 3599 nempe
2609 3531 2813 3585 theoria
2856 3539 2912 3585 et
2948 3532 3099 3601 praxi
3129 3535 3248 3588 sine
3282 3534 3483 3603 quibus

1909 3635 2135 3689 magnus
2165 3622 2471 3677 monachus
2528 3638 2708 3692 neque
2746 3623 2925 3691 pictor
2950 3635 3099 3679 esset
3128 3624 3240 3681 Deo
3272 3634 3483 3695 gratus,

1905 3728 2007 3782 neq
2017 3728 2083 3768 ue
2113 3728 2274 3767 verus
2304 3714 2629 3769 monachus.

1980 3892 2105 3946 151.
2137 3891 2313 3947 Judex
2344 3895 2512 3949 etiam
2541 3896 2869 3960 monachus,
2900 3901 2994 3968 qui
3026 3898 3119 3968 jus
3166 3900 3303 3955 dicit
3358 3913 3487 3970 par-

1909 3984 2057 4040 tihus
2086 3986 2362 4051 adversis;
2396 3997 2450 4042 et
2478 3987 2739 4055 judicium
2770 3990 3046 4060 separatio
3072 4000 3155 4045 est
3186 3993 3386 4046 animae
3430 4005 3486 4048 et

1907 4078 2160 4145 corporis
2189 4079 2334 4133 sicut
2361 4082 2499 4135 mori
2531 4080 2838 4149 judicatum
2887 4091 2973 4138 est
2996 4083 3142 4152 quad
3185 4086 3239 4138 in
3264 4084 3492 4140 homine

1906 4170 2273 4237 compositum
2304 4180 2408 4226 est.
2460 4170 2594 4237 Quae
2645 4174 2923 4242 separatio
2978 4173 3165 4228 habita
3213 4184 3298 4227 est
3345 4189 3486 4245 opus

1908 4261 2304 4331 philosOphiae:
2377 4264 2539 4330 cujus
2597 4278 2798 4333 scopus
2854 4274 2984 4318 tunc
3014 4274 3132 4319 erat
3180 4280 3383 4336 corpus
3431 4276 3486 4322 et

1912 4353 2149 4406 animam
2189 4355 2336 4408 unita
2367 4355 2634 4417 dividere,
2674 4364 2732 4409 et
2788 4356 2985 4409 iterum
3026 4356 3202 4410 divisa
3252 4357 3488 4426 conjun-

1914 4459 2075 4515 gere;
2116 4460 2238 4510 seu,
2276 4447 2417 4515 quod
2475 4446 2618 4500 idem
2650 4456 2756 4511 est,
2820 4446 3128 4502 interﬁcere
3177 4448 3323 4519 quod
3370 4463 3483 4505 non

222 4543 530 4607 ζωογονεῖν
570 4542 628 4594 δὲ
667 4544 729 4596 τὸ
766 4547 1195 4613 νενεκρωμένον.
1235 4522 1423 4601 Ταύτά
1462 4550 1517 4602 δὲ
1549 4522 1799 4621 μοναχξς.

1917 4545 2069 4591 recte
2112 4536 2351 4602 vivebat,
2386 4547 2441 4591 et
2465 4539 2706 4592 occisum
2741 4538 3104 4594 revivilicare.
3134 4539 3241 4594 lsta
3290 4555 3487 4595 mona—

223 4633 455 4701 ίδιώτης
479 4630 620 4686 εἶναι
647 4635 835 4703 αὐχῶν
867 4638 925 4687 ἐν
950 4635 1025 4702 τῷ
1061 4636 1133 4705 μὴ
1158 4637 1418 4706 μέλεσθαι
1437 4644 1806 4710 γραμμάτων,

221 4726 330 4776 καὶ
367 4724 505 4791 μηδὲ
536 4723 974 4793 ἁριστοπραξίας
1009 4726 1426 4796 ὲλλαμπόμενος
1457 4730 1664 4798 χάριτι,
1709 4734 1809 4784 οὐκ

222 4808 353 4865 οἶδα
379 4814 540 4883 εἴπερ
578 4814 791 4876 ἁνύσει,
832 4815 906 4879 ὡς
945 4818 1020 4885 μὴ
1045 4818 1340 4886 ψεύδεσθαι
1371 4823 1461 4873 τὸν
1502 4822 1809 4890 φιλοσόφως

224 4905 382 4957 θεῖον
408 4905 691 4976 δικαστὴν,
721 4907 780 4969 ὃς
801 4908 862 4959 οὐ
895 4908 1039 4960 κατά
1071 4910 1268 4978 νόμους
1296 4914 1421 4974 τοὺς
1446 4916 1620 4982 χαμαὶ
1646 4932 1808 4984 sopo-

228 4995 436 5063 μένους
467 4996 670 5067 κρίνει,
692 4997 829 5050 ἀλλὰ
845 5001 970 5061 τοὺς
991 5000 1244 5072 δακτύλῳ
1270 5002 1408 5055 Θεοῦ
1425 5008 1807 5074 γραφομένους

222 5089 314 5145 εἰς
357 5087 592 5153 καρδίαν
623 5090 912 5161 σαρκίνην,
948 5090 1196 5145 εὓεικτον
1236 5093 1353 5163 Θεῴ
1380 5096 1457 5164 τῷ
1504 5098 1771 5165 γράφοντι
1795 5116 1806 5130 υ

235 5176 391 5227 Ἀλλ’
419 5177 651 5230 ἐνταῦθα
697 5210 738 5219 -
788 5179 833 5231 ὣ
863 5176 977 5233 οἷον
1006 5184 1183 5252 κρίμα
1220 5184 1417 5255 πάσχει
1448 5188 1476 5239 6
1511 5188 1634 5239 καθ’
1662 5189 1809 5259 ἡμᾶς

222 5271 485 5335 κριτικῆς
529 5269 747 5337 ὀμιλοςῐ
823 5272 1186 5336 Ἀκούσαντες
1240 5276 1374 5345 γὰρ,
1428 5278 1486 5330 οὐ
1550 5278 1658 5346 μὴν
1716 5284 1812 5333 καὶ

227 5360 649 5427 μεμαθηκότες,
680 5364 869 5432 κριταὶ
896 5359 1063 5429 εἶναι,
1089 5367 1185 5419 καλ⁸
1208 5367 1553 5431 σπεύδοντες,
1584 5370 1680 5422 τοῦ
1706 5372 1813 5424 λοι-

222 5450 339 5502 ποῦ
406 5452 481 5520 μὴ
540 5451 646 5504 ὑπὸ
679 5457 897 5522 κριταῖς
947 5452 1110 5523 εἷναι,
1162 5459 1211 5510 οἱ
1268 5458 1446 5524 ἄλλως
1494 5462 1810 5532 ὑποκριταὶ,

227 5543 573 5612 μετάγουσιν
605 5548 832 5613 ἑαυτοὺς
864 5550 959 5603 καὶ
991 5553 1071 5615 είς
1101 5552 1176 5622 (εί
1199 5572 1250 5607 τι
1276 5555 1381 5625 χρὴ
1405 5555 1579 5619 οὕτως
1611 5558 1811 5627 ὀνομά-

226 5637 352 5696 cui
390 5642 753 5709 κατακριτάς.
807 5642 1014 5697 Οὔκουν
1045 5644 1267 5699 ὀκνοῦσι
1306 5651 1657 5718 κατακρίνειν
1711 5653 1808 5702 οὐκ

176 5717 181 5721 ’
225 5728 351 5780 ἐσθ’
389 5730 573 5783 ὅντινα
598 5730 684 5797 οὒ,
720 5734 1166 5804 παραζηλοῦντες
1220 5737 1454 5791 ἐνταῦθα
1483 5741 1610 5803 τοὺς
1642 5743 1809 5811 ἠξιω-

233 5823 444 5891 μένους
482 5824 663 5893 κρίναι
694 5824 791 5889 τὰς
829 5826 1036 5885 δώδεκα
1062 5828 1232 5897 φυλὰς
1259 5829 1353 5883 τοῦ
1398 5832 1629 5903 Ἰσραήλ.

1914 4626 2077 4688 chus,
2109 4625 2204 4695 qui
2242 4628 2311 4681 de
2333 4627 2684 4697 simplicitate
2704 4629 2968 4698 gloriatus
2998 4644 3064 4683 eo
3088 4630 3233 4698 quod
3268 4630 3486 4686 litteras

1912 4734 2022 4774 non
2052 4728 2230 4781 curet,
2258 4735 2437 4788 neque
2478 4720 2675 4773 merito
2725 4735 2909 4774 rerum
2941 4722 3159 4790 egregie
3211 4722 3482 4776 factarum

1912 4811 2198 4880 refulgcat,
2238 4812 2428 4865 nescio
2461 4820 2644 4865 utrum
2678 4812 2945 4882 perﬁciet,
2970 4812 3045 4866 ita
3079 4823 3137 4867 tn
3191 4814 3263 4867 sit
3308 4813 3481 4882 judex

1913 4905 2133 4971 sapiens
2165 4911 2217 4956 et
2257 4912 2504 4967 sanctus,
2536 4918 2643 4957 non
2672 4904 2926 4972 judicans
2982 4902 3285 4960 scmdmu
3327 4907 3480 4976 leges

1914 4997 2062 5049 humi
2096 5005 2369 5065 repentes.
2402 4996 2497 5050 sed
2541 4997 2846 5050 secundum
2900 4999 3136 5067 scriptas
3167 4998 3335 5067 digito
3383 4999 3481 5053 Dei

1915 5091 1967 5142 in
1995 5091 2162 5145 corde
2191 5090 2422 5154 carnali,
2456 5099 2508 5143 ει
2538 5090 2702 5144 simili
2727 5088 2838 5145 Deo
2863 5090 3146 5144 scribenti.
3194 5087 3351 5143 Tunc
3382 5105 3477 5143 au-

1915 5190 2022 5235 tem
2046 5210 2119 5222 —
2145 5182 2302 5251 quale
2325 5181 2594 5249 judicium
2623 5179 2864 5250 proferet
2908 5181 3201 5235 multitudo
3237 5182 3481 5251 jndicum

1914 5274 2058 5341 apud
2090 5273 2221 5328 nosl
2251 5274 2352 5336 Qui
2383 5287 2506 5324 cum
2543 5272 2847 5335 audissent,
2896 5286 3007 5325 non
3068 5270 3379 5324 didicerunt
3423 5284 3485 5324 se

1911 5364 2133 5434 judices
2175 5378 2314 5425 esse,
2372 5372 2426 5415 et
2478 5364 2721 5416 nitentes
2759 5361 2863 5416 sub
2894 5361 3173 5431 judicihus
3227 5375 3334 5414 non
3364 5374 3488 5415 esse

1916 5458 2173 5526 amplius,
2212 5456 2311 5525 ipsi
2355 5456 2515 5510 aliter
2538 5455 2854 5525 hypocrita,
2884 5456 3103 5523 seipsos
3135 5453 3190 5507 in
3221 5452 3487 5507 condem-

1918 5560 2140 5602 natorcs
2171 5548 2189 5618 (
2251 5549 2293 5599 si
2333 5547 2402 5600 ita
2455 5561 2651 5601 vocare
2702 5547 2828 5601 licet
2862 5546 2880 5615 )
2914 5553 3254 5615 permittant.
3284 5544 3485 5608 Quem-

1919 5642 2050 5693 libet
2078 5641 2445 5694 condenmare
2506 5654 2613 5693 non
2664 5649 2946 5701 verentur,
2976 5637 3044 5693 ad
3083 5635 3485 5706 eaemplareo-

1921 5752 2037 5788 t‘uin
2092 5736 2182 5801 qni
2239 5734 2388 5801 digni
2444 5735 2613 5790 habiti
2664 5746 2791 5790 sunt
2855 5742 2916 5788 ut
2960 5730 3252 5787 duodecim
3310 5727 3485 5785 tribus

1921 5826 2086 5885 Israel
2114 5825 2377 5897 judicent.
