  <div class='ocr_page' id='page_1' title='image "/cluster/home/n/w/nwhite01/storage/ocr_20150623/135/nnc1.0046979727/447.png"; bbox 0 0 4212 6434; ppageno 0'>
   <div class='ocr_carea' id='block_1_1' title="bbox 784 409 891 471">
    <p class='ocr_par' dir='ltr' id='par_1_1' title="bbox 784 409 891 471">
     <span class='ocr_line' id='line_1_1' title="bbox 784 409 891 471; baseline 0 0"><span class='ocrx_word' id='word_1_1' title='bbox 784 409 891 471; x_wconf 79' lang='lat' dir='ltr'><strong>S30</strong></span> 
     </span>
    </p>
   </div>
   <div class='ocr_carea' id='block_1_2' title="bbox 786 614 2350 683">
    <p class='ocr_par' dir='ltr' id='par_1_2' title="bbox 786 614 2350 683">
     <span class='ocr_line' id='line_1_2' title="bbox 786 614 2350 683; baseline -0.005 -12"><span class='ocrx_word' id='word_1_2' title='bbox 786 618 895 671; x_wconf 76' lang='lat' dir='ltr'><strong>Nos</strong></span> <span class='ocrx_word' id='word_1_3' title='bbox 928 625 1107 670; x_wconf 79' lang='lat' dir='ltr'><strong>autem</strong></span> <span class='ocrx_word' id='word_1_4' title='bbox 1164 631 1357 668; x_wconf 83' lang='lat' dir='ltr'><strong>rursus</strong></span> <span class='ocrx_word' id='word_1_5' title='bbox 1398 614 1668 683; x_wconf 80' lang='lat' dir='ltr'><strong>preposita</strong></span> <span class='ocrx_word' id='word_1_6' title='bbox 1704 615 1884 682; x_wconf 78' lang='lat' dir='ltr'><strong>regula</strong></span> <span class='ocrx_word' id='word_1_7' title='bbox 1917 614 2257 673; x_wconf 83' lang='lat' dir='ltr'><strong>monachica,</strong></span> <span class='ocrx_word' id='word_1_8' title='bbox 2284 614 2350 664; x_wconf 90' lang='lat' dir='ltr'><strong>de</strong></span> 
     </span>
    </p>
   </div>
   <div class='ocr_carea' id='block_1_3' title="bbox 787 705 2349 773">
    <p class='ocr_par' dir='ltr' id='par_1_3' title="bbox 787 705 2349 773">
     <span class='ocr_line' id='line_1_3' title="bbox 787 705 2349 773; baseline -0.004 -12"><span class='ocrx_word' id='word_1_9' title='bbox 787 708 989 761; x_wconf 90' lang='lat' dir='ltr'><strong>mnudo</strong></span> <span class='ocrx_word' id='word_1_10' title='bbox 1043 723 1164 759; x_wconf 78' lang='lat' dir='ltr'><strong>esse</strong></span> <span class='ocrx_word' id='word_1_11' title='bbox 1228 707 1553 758; x_wconf 89' lang='lat' dir='ltr'><strong>monachum</strong></span> <span class='ocrx_word' id='word_1_12' title='bbox 1608 707 1861 764; x_wconf 78' lang='lat' dir='ltr'><strong>dicin~us.</strong></span> <span class='ocrx_word' id='word_1_13' title='bbox 1916 713 1967 757; x_wconf 88' lang='lat' dir='ltr'><strong>et</strong></span> <span class='ocrx_word' id='word_1_14' title='bbox 2014 705 2133 757; x_wconf 71' lang='lat' dir='ltr'><strong>ideo</strong></span> <span class='ocrx_word' id='word_1_15' title='bbox 2185 719 2349 773; x_wconf 84' lang='lat' dir='ltr'><strong>supra</strong></span> 
     </span>
    </p>
   </div>
   <div class='ocr_carea' id='block_1_4' title="bbox 791 797 2351 866">
    <p class='ocr_par' dir='ltr' id='par_1_4' title="bbox 791 797 2351 866">
     <span class='ocr_line' id='line_1_4' title="bbox 791 797 2351 866; baseline -0.003 -13"><span class='ocrx_word' id='word_1_16' title='bbox 791 801 1073 853; x_wconf 88' lang='lat' dir='ltr'><strong>mundum.</strong></span> <span class='ocrx_word' id='word_1_17' title='bbox 1112 800 1167 851; x_wconf 76' lang='lat' dir='ltr'><strong>Si</strong></span> <span class='ocrx_word' id='word_1_18' title='bbox 1204 808 1384 852; x_wconf 88' lang='lat' dir='ltr'><strong>autem</strong></span> <span class='ocrx_word' id='word_1_19' title='bbox 1422 800 1587 852; x_wconf 83' lang='lat' dir='ltr'><strong>rebus</strong></span> <span class='ocrx_word' id='word_1_20' title='bbox 1624 798 1911 852; x_wconf 76' lang='lat' dir='ltr'><strong>n-undanis</strong></span> <span class='ocrx_word' id='word_1_21' title='bbox 1937 798 2159 866; x_wconf 91' lang='lat' dir='ltr'><strong>proprie</strong></span> <span class='ocrx_word' id='word_1_22' title='bbox 2215 797 2351 849; x_wconf 78' lang='lat' dir='ltr'><strong>assi-</strong></span> 
     </span>
    </p>
   </div>
   <div class='ocr_carea' id='block_1_5' title="bbox 790 889 2354 960">
    <p class='ocr_par' dir='ltr' id='par_1_5' title="bbox 790 889 2354 960">
     <span class='ocr_line' id='line_1_5' title="bbox 790 889 2354 960; baseline -0.001 -17"><span class='ocrx_word' id='word_1_23' title='bbox 790 894 1030 954; x_wconf 81' lang='lat' dir='ltr'><strong>milatur,</strong></span> <span class='ocrx_word' id='word_1_24' title='bbox 1069 893 1362 959; x_wconf 85' lang='lat' dir='ltr'><strong>quomodo</strong></span> <span class='ocrx_word' id='word_1_25' title='bbox 1397 908 1520 945; x_wconf 89' lang='lat' dir='ltr'><strong>vere</strong></span> <span class='ocrx_word' id='word_1_26' title='bbox 1561 907 1723 960; x_wconf 85' lang='lat' dir='ltr'><strong>supra</strong></span> <span class='ocrx_word' id='word_1_27' title='bbox 1776 890 2036 943; x_wconf 88' lang='lat' dir='ltr'><strong>nmndum</strong></span> <span class='ocrx_word' id='word_1_28' title='bbox 2096 889 2354 942; x_wconf 84' lang='lat' dir='ltr'><strong>dicetur?</strong></span> 
     </span>
    </p>
   </div>
   <div class='ocr_carea' id='block_1_6' title="bbox 792 983 2354 1053">
    <p class='ocr_par' dir='ltr' id='par_1_6' title="bbox 792 983 2354 1053">
     <span class='ocr_line' id='line_1_6' title="bbox 792 983 2354 1053; baseline -0.003 -18"><span class='ocrx_word' id='word_1_29' title='bbox 792 984 852 1035; x_wconf 73' lang='lat' dir='ltr'><strong>Et</strong></span> <span class='ocrx_word' id='word_1_30' title='bbox 895 1000 999 1051; x_wconf 89' lang='lat' dir='ltr'><strong>qua</strong></span> <span class='ocrx_word' id='word_1_31' title='bbox 1040 986 1251 1037; x_wconf 86' lang='lat' dir='ltr'><strong>ratione</strong></span> <span class='ocrx_word' id='word_1_32' title='bbox 1288 987 1380 1053; x_wconf 93' lang='lat' dir='ltr'><strong>qui</strong></span> <span class='ocrx_word' id='word_1_33' title='bbox 1413 1000 1572 1050; x_wconf 90' lang='lat' dir='ltr'><strong>supra</strong></span> <span class='ocrx_word' id='word_1_34' title='bbox 1606 983 1869 1035; x_wconf 89' lang='lat' dir='ltr'><strong>mundum</strong></span> <span class='ocrx_word' id='word_1_35' title='bbox 1906 992 2009 1043; x_wconf 86' lang='lat' dir='ltr'><strong>est,</strong></span> <span class='ocrx_word' id='word_1_36' title='bbox 2064 991 2117 1034; x_wconf 90' lang='lat' dir='ltr'><strong>et</strong></span> <span class='ocrx_word' id='word_1_37' title='bbox 2150 984 2354 1035; x_wconf 89' lang='lat' dir='ltr'><strong>mundo</strong></span> 
     </span>
    </p>
   </div>
   <div class='ocr_carea' id='block_1_7' title="bbox 792 1074 2352 1143">
    <p class='ocr_par' dir='ltr' id='par_1_7' title="bbox 792 1074 2352 1143">
     <span class='ocr_line' id='line_1_7' title="bbox 792 1074 2352 1143; baseline 0.001 -17"><span class='ocrx_word' id='word_1_38' title='bbox 792 1074 969 1127; x_wconf 88' lang='lat' dir='ltr'><strong>adhuc</strong></span> <span class='ocrx_word' id='word_1_39' title='bbox 1001 1076 1228 1141; x_wconf 85' lang='lat' dir='ltr'><strong>indiget,</strong></span> <span class='ocrx_word' id='word_1_40' title='bbox 1266 1077 1377 1143; x_wconf 85' lang='lat' dir='ltr'><strong>ipse</strong></span> <span class='ocrx_word' id='word_1_41' title='bbox 1418 1075 1654 1127; x_wconf 85' lang='lat' dir='ltr'><strong>ludibrio</strong></span> <span class='ocrx_word' id='word_1_42' title='bbox 1686 1091 1791 1128; x_wconf 90' lang='lat' dir='ltr'><strong>non</strong></span> <span class='ocrx_word' id='word_1_43' title='bbox 1833 1076 1976 1128; x_wconf 86' lang='lat' dir='ltr'><strong>erit?</strong></span> <span class='ocrx_word' id='word_1_44' title='bbox 2010 1075 2139 1128; x_wconf 90' lang='lat' dir='ltr'><strong>Tale</strong></span> <span class='ocrx_word' id='word_1_45' title='bbox 2168 1082 2253 1129; x_wconf 86' lang='lat' dir='ltr'><strong>est</strong></span> <span class='ocrx_word' id='word_1_46' title='bbox 2287 1075 2352 1128; x_wconf 87' lang='lat' dir='ltr'><strong>ad</strong></span> 
     </span>
    </p>
   </div>
   <div class='ocr_carea' id='block_1_8' title="bbox 789 1167 2357 1237">
    <p class='ocr_par' dir='ltr' id='par_1_8' title="bbox 789 1167 2357 1237">
     <span class='ocr_line' id='line_1_8' title="bbox 789 1167 2357 1237; baseline 0.003 -20"><span class='ocrx_word' id='word_1_47' title='bbox 789 1168 1194 1236; x_wconf 88' lang='lat' dir='ltr'><strong>corripiendum</strong></span> <span class='ocrx_word' id='word_1_48' title='bbox 1214 1168 1297 1219; x_wconf 80' lang='lat' dir='ltr'><strong>ubi</strong></span> <span class='ocrx_word' id='word_1_49' title='bbox 1319 1167 1521 1220; x_wconf 85' lang='lat' dir='ltr'><strong>umndo</strong></span> <span class='ocrx_word' id='word_1_50' title='bbox 1544 1168 1849 1222; x_wconf 79' lang='lat' dir='ltr'><strong>mundanus</strong></span> <span class='ocrx_word' id='word_1_51' title='bbox 1866 1169 2084 1237; x_wconf 85' lang='lat' dir='ltr'><strong>indiget,</strong></span> <span class='ocrx_word' id='word_1_52' title='bbox 2102 1168 2258 1237; x_wconf 86' lang='lat' dir='ltr'><strong>quasi</strong></span> <span class='ocrx_word' id='word_1_53' title='bbox 2275 1169 2357 1222; x_wconf 90' lang='lat' dir='ltr'><strong>sal</strong></span> 
     </span>
    </p>
   </div>
   <div class='ocr_carea' id='block_1_9' title="bbox 792 1260 2353 1329">
    <p class='ocr_par' dir='ltr' id='par_1_9' title="bbox 792 1260 2353 1329">
     <span class='ocr_line' id='line_1_9' title="bbox 792 1260 2353 1329; baseline 0 -16"><span class='ocrx_word' id='word_1_54' title='bbox 792 1260 904 1313; x_wconf 88' lang='lat' dir='ltr'><strong>sale</strong></span> <span class='ocrx_word' id='word_1_55' title='bbox 922 1260 1186 1312; x_wconf 77' lang='lat' dir='ltr'><strong>inlatualo</strong></span> <span class='ocrx_word' id='word_1_56' title='bbox 1208 1262 1475 1329; x_wconf 87' lang='lat' dir='ltr'><strong>indigens.</strong></span> <span class='ocrx_word' id='word_1_57' title='bbox 1496 1260 1816 1314; x_wconf 74' lang='lat' dir='ltr'><strong>Monachum</strong></span> <span class='ocrx_word' id='word_1_58' title='bbox 1841 1268 2046 1321; x_wconf 86' lang='lat' dir='ltr'><strong>autem.</strong></span> <span class='ocrx_word' id='word_1_59' title='bbox 2066 1272 2353 1314; x_wconf 90' lang='lat' dir='ltr'><strong>utomnem</strong></span> 
     </span>
    </p>
   </div>
   <div class='ocr_carea' id='block_1_10' title="bbox 797 1352 2354 1422">
    <p class='ocr_par' dir='ltr' id='par_1_10' title="bbox 797 1352 2354 1422">
     <span class='ocr_line' id='line_1_10' title="bbox 797 1352 2354 1422; baseline 0.003 -19"><span class='ocrx_word' id='word_1_60' title='bbox 797 1352 1093 1408; x_wconf 77' lang='lat' dir='ltr'><strong>hominem.</strong></span> <span class='ocrx_word' id='word_1_61' title='bbox 1150 1356 1288 1405; x_wconf 88' lang='lat' dir='ltr'><strong>ratio</strong></span> <span class='ocrx_word' id='word_1_62' title='bbox 1322 1365 1590 1419; x_wconf 78' lang='lat' dir='ltr'><strong>exornat;</strong></span> <span class='ocrx_word' id='word_1_63' title='bbox 1626 1356 1916 1422; x_wconf 71' lang='lat' dir='ltr'><strong>qumrenda</strong></span> <span class='ocrx_word' id='word_1_64' title='bbox 1959 1364 2041 1407; x_wconf 88' lang='lat' dir='ltr'><strong>est</strong></span> <span class='ocrx_word' id='word_1_65' title='bbox 2090 1368 2217 1421; x_wconf 82' lang='lat' dir='ltr'><strong>ergo</strong></span> <span class='ocrx_word' id='word_1_66' title='bbox 2260 1354 2354 1407; x_wconf 84' lang='lat' dir='ltr'><strong>tibi</strong></span> 
     </span>
    </p>
   </div>
   <div class='ocr_carea' id='block_1_11' title="bbox 798 1447 2361 1518">
    <p class='ocr_par' dir='ltr' id='par_1_11' title="bbox 798 1447 2361 1518">
     <span class='ocr_line' id='line_1_11' title="bbox 798 1447 2361 1518; baseline 0.003 -22"><span class='ocrx_word' id='word_1_67' title='bbox 798 1447 963 1505; x_wconf 80' lang='lat' dir='ltr'><strong>ratio,</strong></span> <span class='ocrx_word' id='word_1_68' title='bbox 1002 1461 1033 1497; x_wconf 91' lang='lat'><strong>0</strong></span> <span class='ocrx_word' id='word_1_69' title='bbox 1066 1447 1610 1516; x_wconf 78' lang='lat' dir='ltr'><strong>magniﬁcentissime</strong></span> <span class='ocrx_word' id='word_1_70' title='bbox 1645 1463 1707 1501; x_wconf 75' lang='lat' dir='ltr'><strong>ex</strong></span> <span class='ocrx_word' id='word_1_71' title='bbox 1779 1464 1973 1518; x_wconf 75' lang='lat' dir='ltr'><strong>magno</strong></span> <span class='ocrx_word' id='word_1_72' title='bbox 2034 1448 2239 1511; x_wconf 89' lang='lat' dir='ltr'><strong>habitu,</strong></span> <span class='ocrx_word' id='word_1_73' title='bbox 2301 1456 2361 1501; x_wconf 77' lang='lat' dir='ltr'><strong>ut</strong></span> 
     </span>
    </p>
   </div>
   <div class='ocr_carea' id='block_1_12' title="bbox 797 1540 2357 1606">
    <p class='ocr_par' dir='ltr' id='par_1_12' title="bbox 797 1540 2357 1606">
     <span class='ocr_line' id='line_1_12' title="bbox 797 1540 2357 1606; baseline 0.003 -19"><span class='ocrx_word' id='word_1_74' title='bbox 797 1554 893 1606; x_wconf 83' lang='lat' dir='ltr'><strong>per</strong></span> <span class='ocrx_word' id='word_1_75' title='bbox 935 1554 1052 1591; x_wconf 90' lang='lat' dir='ltr'><strong>eam</strong></span> <span class='ocrx_word' id='word_1_76' title='bbox 1093 1540 1193 1594; x_wconf 85' lang='lat' dir='ltr'><strong>ﬁas</strong></span> <span class='ocrx_word' id='word_1_77' title='bbox 1238 1543 1503 1594; x_wconf 81' lang='lat' dir='ltr'><strong>ornatior.</strong></span> <span class='ocrx_word' id='word_1_78' title='bbox 1553 1541 2022 1606; x_wconf 84' lang='lat' dir='ltr'><strong>Quemodmodutn</strong></span> <span class='ocrx_word' id='word_1_79' title='bbox 2046 1540 2193 1593; x_wconf 91' lang='lat' dir='ltr'><strong>enim</strong></span> <span class='ocrx_word' id='word_1_80' title='bbox 2253 1541 2357 1593; x_wconf 80' lang='lat' dir='ltr'><strong>alia</strong></span> 
     </span>
    </p>
   </div>
   <div class='ocr_carea' id='block_1_13' title="bbox 797 1632 2361 1701">
    <p class='ocr_par' dir='ltr' id='par_1_13' title="bbox 797 1632 2361 1701">
     <span class='ocr_line' id='line_1_13' title="bbox 797 1632 2361 1701; baseline 0.002 -18"><span class='ocrx_word' id='word_1_81' title='bbox 797 1632 1044 1700; x_wconf 76' lang='lat' dir='ltr'><strong>qmedam</strong></span> <span class='ocrx_word' id='word_1_82' title='bbox 1083 1634 1204 1686; x_wconf 88' lang='lat' dir='ltr'><strong>aliis</strong></span> <span class='ocrx_word' id='word_1_83' title='bbox 1233 1635 1554 1701; x_wconf 81' lang='lat' dir='ltr'><strong>corporibus</strong></span> <span class='ocrx_word' id='word_1_84' title='bbox 1602 1642 1654 1687; x_wconf 89' lang='lat' dir='ltr'><strong>et</strong></span> <span class='ocrx_word' id='word_1_85' title='bbox 1689 1633 1872 1693; x_wconf 81' lang='lat' dir='ltr'><strong>rebus,</strong></span> <span class='ocrx_word' id='word_1_86' title='bbox 1911 1636 1991 1686; x_wconf 90' lang='lat' dir='ltr'><strong>sic</strong></span> <span class='ocrx_word' id='word_1_87' title='bbox 2047 1635 2183 1686; x_wconf 89' lang='lat' dir='ltr'><strong>ordo</strong></span> <span class='ocrx_word' id='word_1_88' title='bbox 2232 1634 2361 1686; x_wconf 79' lang='lat' dir='ltr'><strong>viris</strong></span> 
     </span>
    </p>
   </div>
   <div class='ocr_carea' id='block_1_14' title="bbox 804 1725 2361 1794">
    <p class='ocr_par' dir='ltr' id='par_1_14' title="bbox 804 1725 2361 1794">
     <span class='ocr_line' id='line_1_14' title="bbox 804 1725 2361 1794; baseline 0 -17"><span class='ocrx_word' id='word_1_89' title='bbox 804 1727 970 1789; x_wconf 69' lang='lat' dir='ltr'><strong>veris,</strong></span> <span class='ocrx_word' id='word_1_90' title='bbox 1003 1726 1146 1780; x_wconf 89' lang='lat' dir='ltr'><strong>inter</strong></span> <span class='ocrx_word' id='word_1_91' title='bbox 1180 1743 1317 1794; x_wconf 89' lang='lat' dir='ltr'><strong>quos</strong></span> <span class='ocrx_word' id='word_1_92' title='bbox 1350 1736 1430 1778; x_wconf 86' lang='lat' dir='ltr'><strong>cst</strong></span> <span class='ocrx_word' id='word_1_93' title='bbox 1480 1741 1640 1780; x_wconf 72' lang='lat' dir='ltr'><strong>verus</strong></span> <span class='ocrx_word' id='word_1_94' title='bbox 1674 1728 2001 1791; x_wconf 83' lang='lat' dir='ltr'><strong>monachus,</strong></span> <span class='ocrx_word' id='word_1_95' title='bbox 2036 1726 2168 1778; x_wconf 85' lang='lat' dir='ltr'><strong>nihil</strong></span> <span class='ocrx_word' id='word_1_96' title='bbox 2217 1725 2361 1777; x_wconf 87' lang='lat' dir='ltr'><strong>aliud</strong></span> 
     </span>
    </p>
   </div>
   <div class='ocr_carea' id='block_1_15' title="bbox 797 1817 2361 1888">
    <p class='ocr_par' dir='ltr' id='par_1_15' title="bbox 797 1817 2361 1888">
     <span class='ocr_line' id='line_1_15' title="bbox 797 1817 2361 1888; baseline -0.001 -16"><span class='ocrx_word' id='word_1_97' title='bbox 797 1831 879 1872; x_wconf 89' lang='lat' dir='ltr'><strong>cst</strong></span> <span class='ocrx_word' id='word_1_98' title='bbox 912 1832 1075 1888; x_wconf 84' lang='lat' dir='ltr'><strong>atque</strong></span> <span class='ocrx_word' id='word_1_99' title='bbox 1101 1819 1239 1871; x_wconf 83' lang='lat' dir='ltr'><strong>ratio</strong></span> <span class='ocrx_word' id='word_1_100' title='bbox 1268 1834 1391 1871; x_wconf 88' lang='lat' dir='ltr'><strong>cum</strong></span> <span class='ocrx_word' id='word_1_101' title='bbox 1427 1821 1628 1873; x_wconf 73' lang='lat' dir='ltr'><strong>virtute</strong></span> <span class='ocrx_word' id='word_1_102' title='bbox 1654 1820 1852 1880; x_wconf 79' lang='lat' dir='ltr'><strong>activa,</strong></span> <span class='ocrx_word' id='word_1_103' title='bbox 1885 1835 1914 1872; x_wconf 91' lang='lat' dir='ltr'><strong>e</strong></span> <span class='ocrx_word' id='word_1_104' title='bbox 1956 1834 2058 1885; x_wconf 90' lang='lat' dir='ltr'><strong>qua</strong></span> <span class='ocrx_word' id='word_1_105' title='bbox 2091 1817 2183 1885; x_wconf 91' lang='lat' dir='ltr'><strong>qui</strong></span> <span class='ocrx_word' id='word_1_106' title='bbox 2216 1818 2361 1870; x_wconf 75' lang='lat' dir='ltr'><strong>exci-</strong></span> 
     </span>
    </p>
   </div>
   <div class='ocr_carea' id='block_1_16' title="bbox 797 1910 2355 1980">
    <p class='ocr_par' dir='ltr' id='par_1_16' title="bbox 797 1910 2355 1980">
     <span class='ocr_line' id='line_1_16' title="bbox 797 1910 2355 1980; baseline 0 -17"><span class='ocrx_word' id='word_1_107' title='bbox 797 1911 923 1963; x_wconf 90' lang='lat' dir='ltr'><strong>disti</strong></span> <span class='ocrx_word' id='word_1_108' title='bbox 957 1926 984 1962; x_wconf 91' lang='lat' dir='ltr'><strong>a</strong></span> <span class='ocrx_word' id='word_1_109' title='bbox 1022 1910 1311 1978; x_wconf 86' lang='lat' dir='ltr'><strong>principio,</strong></span> <span class='ocrx_word' id='word_1_110' title='bbox 1339 1912 1430 1980; x_wconf 90' lang='lat' dir='ltr'><strong>qui</strong></span> <span class='ocrx_word' id='word_1_111' title='bbox 1457 1911 1668 1965; x_wconf 84' lang='lat' dir='ltr'><strong>litteras</strong></span> <span class='ocrx_word' id='word_1_112' title='bbox 1697 1924 1753 1964; x_wconf 90' lang='lat' dir='ltr'><strong>ct</strong></span> <span class='ocrx_word' id='word_1_113' title='bbox 1776 1912 2044 1964; x_wconf 86' lang='lat' dir='ltr'><strong>actionem</strong></span> <span class='ocrx_word' id='word_1_114' title='bbox 2094 1911 2312 1978; x_wconf 84' lang='lat' dir='ltr'><strong>ignoras</strong></span> <span class='ocrx_word' id='word_1_115' title='bbox 2340 1950 2355 1970; x_wconf 91' lang='lat'><strong>.</strong></span> 
     </span>
    </p>
   </div>
   <div class='ocr_carea' id='block_1_17' title="bbox 802 2001 2370 2057">
    <p class='ocr_par' dir='ltr' id='par_1_17' title="bbox 802 2001 2370 2057">
     <span class='ocr_line' id='line_1_17' title="bbox 802 2001 2370 2057; baseline 0 -2"><span class='ocrx_word' id='word_1_116' title='bbox 802 2018 920 2056; x_wconf 90' lang='lat' dir='ltr'><strong>ama</strong></span> <span class='ocrx_word' id='word_1_117' title='bbox 947 2002 1188 2056; x_wconf 89' lang='lat' dir='ltr'><strong>secundo</strong></span> <span class='ocrx_word' id='word_1_118' title='bbox 1217 2005 1336 2055; x_wconf 85' lang='lat' dir='ltr'><strong>loco</strong></span> <span class='ocrx_word' id='word_1_119' title='bbox 1370 2004 1619 2057; x_wconf 84' lang='lat' dir='ltr'><strong>homines</strong></span> <span class='ocrx_word' id='word_1_120' title='bbox 1646 2002 1738 2055; x_wconf 86' lang='lat' dir='ltr'><strong>tibi</strong></span> <span class='ocrx_word' id='word_1_121' title='bbox 1801 2002 2113 2055; x_wconf 76' lang='lat' dir='ltr'><strong>dissimiles.</strong></span> <span class='ocrx_word' id='word_1_122' title='bbox 2172 2001 2235 2054; x_wconf 86' lang='lat' dir='ltr'><strong>Et</strong></span> <span class='ocrx_word' id='word_1_123' title='bbox 2288 2002 2370 2055; x_wconf 82' lang='lat' dir='ltr'><strong>sic</strong></span> 
     </span>
    </p>
   </div>
   <div class='ocr_carea' id='block_1_18' title="bbox 801 2096 2370 2166">
    <p class='ocr_par' dir='ltr' id='par_1_18' title="bbox 801 2096 2370 2166">
     <span class='ocr_line' id='line_1_18' title="bbox 801 2096 2370 2166; baseline -0.001 -16"><span class='ocrx_word' id='word_1_124' title='bbox 801 2108 921 2150; x_wconf 85' lang='lat' dir='ltr'><strong>esto</strong></span> <span class='ocrx_word' id='word_1_125' title='bbox 948 2097 1131 2166; x_wconf 90' lang='lat' dir='ltr'><strong>aliquo</strong></span> <span class='ocrx_word' id='word_1_126' title='bbox 1161 2098 1321 2151; x_wconf 87' lang='lat' dir='ltr'><strong>modo</strong></span> <span class='ocrx_word' id='word_1_127' title='bbox 1370 2099 1485 2165; x_wconf 79' lang='lat' dir='ltr'><strong>ipse</strong></span> <span class='ocrx_word' id='word_1_128' title='bbox 1535 2097 1753 2165; x_wconf 77' lang='lat' dir='ltr'><strong>sapiens</strong></span> <span class='ocrx_word' id='word_1_129' title='bbox 1784 2098 2054 2165; x_wconf 63' lang='lat' dir='ltr'><strong>(quaedam</strong></span> <span class='ocrx_word' id='word_1_130' title='bbox 2104 2096 2370 2162; x_wconf 78' lang='lat' dir='ltr'><strong>sapientia</strong></span> 
     </span>
    </p>
   </div>
   <div class='ocr_carea' id='block_1_19' title="bbox 802 2188 2372 2258">
    <p class='ocr_par' dir='ltr' id='par_1_19' title="bbox 802 2188 2372 2258">
     <span class='ocr_line' id='line_1_19' title="bbox 802 2188 2372 2258; baseline -0.002 -16"><span class='ocrx_word' id='word_1_131' title='bbox 802 2198 889 2242; x_wconf 81' lang='lat' dir='ltr'><strong>est</strong></span> <span class='ocrx_word' id='word_1_132' title='bbox 918 2190 1061 2242; x_wconf 88' lang='lat' dir='ltr'><strong>enim</strong></span> <span class='ocrx_word' id='word_1_133' title='bbox 1094 2191 1369 2257; x_wconf 83' lang='lat' dir='ltr'><strong>sapientes</strong></span> <span class='ocrx_word' id='word_1_134' title='bbox 1400 2189 1670 2258; x_wconf 79' lang='lat' dir='ltr'><strong>diligere),</strong></span> <span class='ocrx_word' id='word_1_135' title='bbox 1710 2204 1912 2257; x_wconf 70' lang='lat' dir='ltr'><strong>eosilue</strong></span> <span class='ocrx_word' id='word_1_136' title='bbox 1934 2189 2162 2241; x_wconf 89' lang='lat' dir='ltr'><strong>nimium</strong></span> <span class='ocrx_word' id='word_1_137' title='bbox 2194 2197 2249 2240; x_wconf 88' lang='lat' dir='ltr'><strong>ct</strong></span> <span class='ocrx_word' id='word_1_138' title='bbox 2273 2188 2372 2241; x_wconf 85' lang='lat' dir='ltr'><strong>iut-</strong></span> 
     </span>
    </p>
   </div>
   <div class='ocr_carea' id='block_1_20' title="bbox 806 2280 2374 2351">
    <p class='ocr_par' dir='ltr' id='par_1_20' title="bbox 806 2280 2374 2351">
     <span class='ocr_line' id='line_1_20' title="bbox 806 2280 2374 2351; baseline 0.003 -22"><span class='ocrx_word' id='word_1_139' title='bbox 806 2280 1072 2350; x_wconf 82' lang='lat' dir='ltr'><strong>putlenter</strong></span> <span class='ocrx_word' id='word_1_140' title='bbox 1094 2298 1160 2335; x_wconf 87' lang='lat' dir='ltr'><strong>ne</strong></span> <span class='ocrx_word' id='word_1_141' title='bbox 1178 2294 1520 2345; x_wconf 86' lang='lat' dir='ltr'><strong>contemnas,</strong></span> <span class='ocrx_word' id='word_1_142' title='bbox 1553 2298 1649 2351; x_wconf 90' lang='lat' dir='ltr'><strong>pro</strong></span> <span class='ocrx_word' id='word_1_143' title='bbox 1668 2283 1905 2335; x_wconf 80' lang='lat' dir='ltr'><strong>maxima</strong></span> <span class='ocrx_word' id='word_1_144' title='bbox 1934 2282 2134 2350; x_wconf 89' lang='lat' dir='ltr'><strong>injuria</strong></span> <span class='ocrx_word' id='word_1_145' title='bbox 2158 2283 2374 2334; x_wconf 90' lang='lat' dir='ltr'><strong>nomine</strong></span> 
     </span>
    </p>
   </div>
   <div class='ocr_carea' id='block_1_21' title="bbox 807 2372 2370 2443">
    <p class='ocr_par' dir='ltr' id='par_1_21' title="bbox 807 2372 2370 2443">
     <span class='ocr_line' id='line_1_21' title="bbox 807 2372 2370 2443; baseline 0.001 -18"><span class='ocrx_word' id='word_1_146' title='bbox 807 2372 1032 2426; x_wconf 80' lang='lat' dir='ltr'><strong>litterati</strong></span> <span class='ocrx_word' id='word_1_147' title='bbox 1065 2382 1310 2442; x_wconf 88' lang='lat' dir='ltr'><strong>accepto.</strong></span> <span class='ocrx_word' id='word_1_148' title='bbox 1342 2374 1421 2427; x_wconf 84' lang='lat' dir='ltr'><strong>Tu</strong></span> <span class='ocrx_word' id='word_1_149' title='bbox 1459 2389 1587 2427; x_wconf 82' lang='lat' dir='ltr'><strong>vero</strong></span> <span class='ocrx_word' id='word_1_150' title='bbox 1625 2375 1669 2429; x_wconf 84' lang='lat' dir='ltr'><strong>si</strong></span> <span class='ocrx_word' id='word_1_151' title='bbox 1701 2374 1863 2427; x_wconf 90' lang='lat' dir='ltr'><strong>homo</strong></span> <span class='ocrx_word' id='word_1_152' title='bbox 1886 2375 2096 2443; x_wconf 88' lang='lat' dir='ltr'><strong>peritus</strong></span> <span class='ocrx_word' id='word_1_153' title='bbox 2154 2388 2261 2427; x_wconf 91' lang='lat' dir='ltr'><strong>non</strong></span> <span class='ocrx_word' id='word_1_154' title='bbox 2289 2387 2370 2436; x_wconf 86' lang='lat' dir='ltr'><strong>es,</strong></span> 
     </span>
    </p>
   </div>
   <div class='ocr_carea' id='block_1_22' title="bbox 805 2465 2374 2534">
    <p class='ocr_par' dir='ltr' id='par_1_22' title="bbox 805 2465 2374 2534">
     <span class='ocr_line' id='line_1_22' title="bbox 805 2465 2374 2534; baseline 0.001 -19"><span class='ocrx_word' id='word_1_155' title='bbox 805 2479 983 2533; x_wconf 81' lang='lat' dir='ltr'><strong>neque</strong></span> <span class='ocrx_word' id='word_1_156' title='bbox 1014 2465 1147 2519; x_wconf 85' lang='lat' dir='ltr'><strong>tales</strong></span> <span class='ocrx_word' id='word_1_157' title='bbox 1179 2481 1350 2525; x_wconf 87' lang='lat' dir='ltr'><strong>amas,</strong></span> <span class='ocrx_word' id='word_1_158' title='bbox 1388 2466 1467 2519; x_wconf 92' lang='lat' dir='ltr'><strong>sic</strong></span> <span class='ocrx_word' id='word_1_159' title='bbox 1519 2482 1620 2521; x_wconf 87' lang='lat' dir='ltr'><strong>nec</strong></span> <span class='ocrx_word' id='word_1_160' title='bbox 1653 2466 1880 2534; x_wconf 76' lang='lat' dir='ltr'><strong>gloriam</strong></span> <span class='ocrx_word' id='word_1_161' title='bbox 1908 2481 1971 2518; x_wconf 83' lang='lat' dir='ltr'><strong>ex</strong></span> <span class='ocrx_word' id='word_1_162' title='bbox 2023 2466 2238 2519; x_wconf 88' lang='lat' dir='ltr'><strong>actilms</strong></span> <span class='ocrx_word' id='word_1_163' title='bbox 2284 2479 2374 2517; x_wconf 83' lang='lat' dir='ltr'><strong>ac-</strong></span> 
     </span>
    </p>
   </div>
   <div class='ocr_carea' id='block_1_23' title="bbox 807 2556 2375 2627">
    <p class='ocr_par' dir='ltr' id='par_1_23' title="bbox 807 2556 2375 2627">
     <span class='ocr_line' id='line_1_23' title="bbox 807 2556 2375 2627; baseline 0.001 -19"><span class='ocrx_word' id='word_1_164' title='bbox 807 2558 1001 2624; x_wconf 88' lang='lat' dir='ltr'><strong>cepisti</strong></span> <span class='ocrx_word' id='word_1_165' title='bbox 1031 2576 1044 2610; x_wconf 89' lang='lat'><strong>:</strong></span> <span class='ocrx_word' id='word_1_166' title='bbox 1089 2560 1267 2625; x_wconf 73' lang='lat' dir='ltr'><strong>cngita</strong></span> <span class='ocrx_word' id='word_1_167' title='bbox 1292 2572 1528 2627; x_wconf 86' lang='lat' dir='ltr'><strong>quonam</strong></span> <span class='ocrx_word' id='word_1_168' title='bbox 1557 2559 1609 2612; x_wconf 93' lang='lat' dir='ltr'><strong>in</strong></span> <span class='ocrx_word' id='word_1_169' title='bbox 1638 2558 1756 2611; x_wconf 87' lang='lat' dir='ltr'><strong>loco</strong></span> <span class='ocrx_word' id='word_1_170' title='bbox 1787 2558 1929 2612; x_wconf 87' lang='lat' dir='ltr'><strong>inter</strong></span> <span class='ocrx_word' id='word_1_171' title='bbox 1955 2558 2206 2612; x_wconf 84' lang='lat' dir='ltr'><strong>homines</strong></span> <span class='ocrx_word' id='word_1_172' title='bbox 2227 2556 2375 2611; x_wconf 85' lang='lat' dir='ltr'><strong>ordi-</strong></span> 
     </span>
    </p>
   </div>
   <div class='ocr_carea' id='block_1_24' title="bbox 812 2647 2375 2719">
    <p class='ocr_par' dir='ltr' id='par_1_24' title="bbox 812 2647 2375 2719">
     <span class='ocr_line' id='line_1_24' title="bbox 812 2647 2375 2719; baseline -0.002 -17"><span class='ocrx_word' id='word_1_173' title='bbox 812 2660 972 2702; x_wconf 86' lang='lat' dir='ltr'><strong>natus</strong></span> <span class='ocrx_word' id='word_1_174' title='bbox 997 2650 1094 2703; x_wconf 89' lang='lat' dir='ltr'><strong>sis.</strong></span> <span class='ocrx_word' id='word_1_175' title='bbox 1122 2650 1238 2703; x_wconf 84' lang='lat' dir='ltr'><strong>Non</strong></span> <span class='ocrx_word' id='word_1_176' title='bbox 1282 2651 1527 2719; x_wconf 79' lang='lat' dir='ltr'><strong>profecto</strong></span> <span class='ocrx_word' id='word_1_177' title='bbox 1570 2652 1714 2704; x_wconf 89' lang='lat' dir='ltr'><strong>inter</strong></span> <span class='ocrx_word' id='word_1_178' title='bbox 1749 2650 2054 2704; x_wconf 86' lang='lat' dir='ltr'><strong>laudabiles</strong></span> <span class='ocrx_word' id='word_1_179' title='bbox 2100 2650 2208 2718; x_wconf 85' lang='lat' dir='ltr'><strong>(ne</strong></span> <span class='ocrx_word' id='word_1_180' title='bbox 2246 2647 2375 2716; x_wconf 90' lang='lat' dir='ltr'><strong>quid</strong></span> 
     </span>
    </p>
   </div>
   <div class='ocr_carea' id='block_1_25' title="bbox 813 2741 2377 2813">
    <p class='ocr_par' dir='ltr' id='par_1_25' title="bbox 813 2741 2377 2813">
     <span class='ocr_line' id='line_1_25' title="bbox 813 2741 2377 2813; baseline -0.002 -20"><span class='ocrx_word' id='word_1_181' title='bbox 813 2743 1061 2796; x_wconf 83' lang='lat' dir='ltr'><strong>acerbius</strong></span> <span class='ocrx_word' id='word_1_182' title='bbox 1109 2741 1283 2796; x_wconf 89' lang='lat' dir='ltr'><strong>dicam</strong></span> <span class='ocrx_word' id='word_1_183' title='bbox 1308 2743 1350 2813; x_wconf 91' lang='lat'><strong>),</strong></span> <span class='ocrx_word' id='word_1_184' title='bbox 1389 2745 1489 2797; x_wconf 92' lang='lat' dir='ltr'><strong>hoc</strong></span> <span class='ocrx_word' id='word_1_185' title='bbox 1543 2751 1721 2797; x_wconf 89' lang='lat' dir='ltr'><strong>autem</strong></span> <span class='ocrx_word' id='word_1_186' title='bbox 1764 2759 1871 2796; x_wconf 88' lang='lat' dir='ltr'><strong>non</strong></span> <span class='ocrx_word' id='word_1_187' title='bbox 1908 2756 2105 2795; x_wconf 81' lang='lat' dir='ltr'><strong>novum</strong></span> <span class='ocrx_word' id='word_1_188' title='bbox 2138 2748 2220 2795; x_wconf 91' lang='lat' dir='ltr'><strong>est</strong></span> <span class='ocrx_word' id='word_1_189' title='bbox 2257 2754 2377 2791; x_wconf 89' lang='lat' dir='ltr'><strong>om-</strong></span> 
     </span>
    </p>
   </div>
   <div class='ocr_carea' id='block_1_26' title="bbox 814 2836 2375 2906">
    <p class='ocr_par' dir='ltr' id='par_1_26' title="bbox 814 2836 2375 2906">
     <span class='ocr_line' id='line_1_26' title="bbox 814 2836 2375 2906; baseline -0.002 -17"><span class='ocrx_word' id='word_1_190' title='bbox 814 2840 947 2890; x_wconf 86' lang='lat' dir='ltr'><strong>nino</strong></span> <span class='ocrx_word' id='word_1_191' title='bbox 985 2836 1259 2890; x_wconf 89' lang='lat' dir='ltr'><strong>hominem</strong></span> <span class='ocrx_word' id='word_1_192' title='bbox 1296 2836 1453 2891; x_wconf 91' lang='lat' dir='ltr'><strong>nihili</strong></span> <span class='ocrx_word' id='word_1_193' title='bbox 1513 2836 1797 2905; x_wconf 85' lang='lat' dir='ltr'><strong>superbire</strong></span> <span class='ocrx_word' id='word_1_194' title='bbox 1852 2843 2075 2906; x_wconf 86' lang='lat' dir='ltr'><strong>propter</strong></span> <span class='ocrx_word' id='word_1_195' title='bbox 2137 2848 2375 2888; x_wconf 89' lang='lat' dir='ltr'><strong>amorem</strong></span> 
     </span>
    </p>
   </div>
   <div class='ocr_carea' id='block_1_27' title="bbox 816 2929 2380 3001">
    <p class='ocr_par' dir='ltr' id='par_1_27' title="bbox 816 2929 2380 3001">
     <span class='ocr_line' id='line_1_27' title="bbox 816 2929 2380 3001; baseline -0.003 -17"><span class='ocrx_word' id='word_1_196' title='bbox 816 2931 898 2984; x_wconf 89' lang='lat' dir='ltr'><strong>sui</strong></span> <span class='ocrx_word' id='word_1_197' title='bbox 969 2931 1181 2999; x_wconf 79' lang='lat' dir='ltr'><strong>ipsius,</strong></span> <span class='ocrx_word' id='word_1_198' title='bbox 1250 2945 1424 2998; x_wconf 90' lang='lat' dir='ltr'><strong>quem-</strong></span> <span class='ocrx_word' id='word_1_199' title='bbox 1492 2930 1770 3001; x_wconf 88' lang='lat' dir='ltr'><strong>plerisque</strong></span> <span class='ocrx_word' id='word_1_200' title='bbox 1837 2929 2120 2982; x_wconf 89' lang='lat' dir='ltr'><strong>hominum</strong></span> <span class='ocrx_word' id='word_1_201' title='bbox 2186 2936 2380 2981; x_wconf 86' lang='lat' dir='ltr'><strong>natura</strong></span> 
     </span>
    </p>
   </div>
   <div class='ocr_carea' id='block_1_28' title="bbox 816 3026 1036 3080">
    <p class='ocr_par' dir='ltr' id='par_1_28' title="bbox 816 3026 1036 3080">
     <span class='ocr_line' id='line_1_28' title="bbox 816 3026 1036 3080; baseline -0.005 0"><span class='ocrx_word' id='word_1_202' title='bbox 816 3026 1036 3080; x_wconf 82' lang='lat' dir='ltr'><strong>indidit.</strong></span> 
     </span>
    </p>
   </div>
   <div class='ocr_carea' id='block_1_29' title="bbox 891 3222 2452 3297">
    <p class='ocr_par' dir='ltr' id='par_1_29' title="bbox 891 3222 2452 3297">
     <span class='ocr_line' id='line_1_29' title="bbox 891 3222 2452 3297; baseline -0.007 -14"><span class='ocrx_word' id='word_1_203' title='bbox 891 3231 1010 3283; x_wconf 75' lang='lat' dir='ltr'><strong>I53.</strong></span> <span class='ocrx_word' id='word_1_204' title='bbox 1041 3227 1277 3282; x_wconf 86' lang='lat' dir='ltr'><strong>Credere</strong></span> <span class='ocrx_word' id='word_1_205' title='bbox 1305 3241 1469 3297; x_wconf 88' lang='lat' dir='ltr'><strong>porro</strong></span> <span class='ocrx_word' id='word_1_206' title='bbox 1495 3241 1557 3278; x_wconf 88' lang='lat' dir='ltr'><strong>ac</strong></span> <span class='ocrx_word' id='word_1_207' title='bbox 1579 3238 1903 3293; x_wconf 89' lang='lat' dir='ltr'><strong>persuasum</strong></span> <span class='ocrx_word' id='word_1_208' title='bbox 1936 3223 2139 3277; x_wconf 81' lang='lat' dir='ltr'><strong>habere</strong></span> <span class='ocrx_word' id='word_1_209' title='bbox 2170 3222 2378 3277; x_wconf 89' lang='lat' dir='ltr'><strong>nullum</strong></span> <span class='ocrx_word' id='word_1_210' title='bbox 2412 3232 2452 3289; x_wconf 74' lang='grc' dir='ltr'>ο</span> 
     </span>
    </p>
   </div>
   <div class='ocr_carea' id='block_1_30' title="bbox 822 3318 2382 3390">
    <p class='ocr_par' dir='ltr' id='par_1_30' title="bbox 822 3318 2382 3390">
     <span class='ocr_line' id='line_1_30' title="bbox 822 3318 2382 3390; baseline -0.006 -15"><span class='ocrx_word' id='word_1_211' title='bbox 822 3325 986 3377; x_wconf 87' lang='lat' dir='ltr'><strong>alium</strong></span> <span class='ocrx_word' id='word_1_212' title='bbox 1010 3321 1105 3375; x_wconf 89' lang='lat' dir='ltr'><strong>tibi</strong></span> <span class='ocrx_word' id='word_1_213' title='bbox 1125 3331 1405 3390; x_wconf 68' lang='lat' dir='ltr'><strong>praestare,</strong></span> <span class='ocrx_word' id='word_1_214' title='bbox 1421 3319 1514 3373; x_wconf 81' lang='lat' dir='ltr'><strong>sed</strong></span> <span class='ocrx_word' id='word_1_215' title='bbox 1538 3320 1631 3371; x_wconf 90' lang='lat' dir='ltr'><strong>tibi</strong></span> <span class='ocrx_word' id='word_1_216' title='bbox 1654 3318 1831 3387; x_wconf 88' lang='lat' dir='ltr'><strong>primo</strong></span> <span class='ocrx_word' id='word_1_217' title='bbox 1850 3319 2057 3370; x_wconf 91' lang='lat' dir='ltr'><strong>nullum</strong></span> <span class='ocrx_word' id='word_1_218' title='bbox 2078 3318 2382 3371; x_wconf 86' lang='lat' dir='ltr'><strong>secundum</strong></span> 
     </span>
    </p>
   </div>
   <div class='ocr_carea' id='block_1_31' title="bbox 822 3408 2387 3481">
    <p class='ocr_par' dir='ltr' id='par_1_31' title="bbox 822 3408 2387 3481">
     <span class='ocr_line' id='line_1_31' title="bbox 822 3408 2387 3481; baseline -0.008 -10"><span class='ocrx_word' id='word_1_219' title='bbox 822 3433 963 3479; x_wconf 84' lang='lat' dir='ltr'><strong>esse,</strong></span> <span class='ocrx_word' id='word_1_220' title='bbox 994 3416 1136 3468; x_wconf 74' lang='lat' dir='ltr'><strong>istud</strong></span> <span class='ocrx_word' id='word_1_221' title='bbox 1171 3412 1497 3481; x_wconf 70' lang='lat' dir='ltr'><strong>arrogantiae</strong></span> <span class='ocrx_word' id='word_1_222' title='bbox 1537 3411 1624 3464; x_wconf 93' lang='lat' dir='ltr'><strong>cui</strong></span> <span class='ocrx_word' id='word_1_223' title='bbox 1661 3409 1886 3463; x_wconf 69' lang='lat' dir='ltr'><strong>insania:</strong></span> <span class='ocrx_word' id='word_1_224' title='bbox 1926 3411 2219 3462; x_wconf 76' lang='lat' dir='ltr'><strong>attribuant</strong></span> <span class='ocrx_word' id='word_1_225' title='bbox 2243 3410 2264 3461; x_wconf 65' lang='grc' dir='ltr'><strong>Τ</strong></span> <span class='ocrx_word' id='word_1_226' title='bbox 2290 3408 2387 3461; x_wconf 80' lang='lat' dir='ltr'><strong>Vir</strong></span> 
     </span>
    </p>
   </div>
   <div class='ocr_carea' id='block_1_32' title="bbox 819 3500 2383 3567">
    <p class='ocr_par' dir='ltr' id='par_1_32' title="bbox 819 3500 2383 3567">
     <span class='ocr_line' id='line_1_32' title="bbox 819 3500 2383 3567; baseline -0.006 -5"><span class='ocrx_word' id='word_1_227' title='bbox 819 3511 965 3562; x_wconf 84' lang='lat' dir='ltr'><strong>enim</strong></span> <span class='ocrx_word' id='word_1_228' title='bbox 983 3517 1144 3559; x_wconf 86' lang='lat' dir='ltr'><strong>nauta</strong></span> <span class='ocrx_word' id='word_1_229' title='bbox 1166 3504 1534 3567; x_wconf 85' lang='lat' dir='ltr'><strong>solummodo,</strong></span> <span class='ocrx_word' id='word_1_230' title='bbox 1553 3500 1952 3555; x_wconf 84' lang='lat' dir='ltr'><strong>ordinationem</strong></span> <span class='ocrx_word' id='word_1_231' title='bbox 1976 3501 2256 3555; x_wconf 82' lang='lat' dir='ltr'><strong>exercitus</strong></span> <span class='ocrx_word' id='word_1_232' title='bbox 2278 3516 2383 3553; x_wconf 91' lang='lat' dir='ltr'><strong>non</strong></span> 
     </span>
    </p>
   </div>
   <div class='ocr_carea' id='block_1_33' title="bbox 823 3591 2385 3669">
    <p class='ocr_par' dir='ltr' id='par_1_33' title="bbox 823 3591 2385 3669">
     <span class='ocr_line' id='line_1_33' title="bbox 823 3591 2385 3669; baseline -0.004 -20"><span class='ocrx_word' id='word_1_233' title='bbox 823 3599 1123 3669; x_wconf 62' lang='lat' dir='ltr'><strong>praesumit,</strong></span> <span class='ocrx_word' id='word_1_234' title='bbox 1142 3606 1193 3650; x_wconf 90' lang='lat' dir='ltr'><strong>et</strong></span> <span class='ocrx_word' id='word_1_235' title='bbox 1216 3597 1297 3649; x_wconf 83' lang='lat' dir='ltr'><strong>vir</strong></span> <span class='ocrx_word' id='word_1_236' title='bbox 1322 3609 1598 3647; x_wconf 89' lang='lat' dir='ltr'><strong>armorum</strong></span> <span class='ocrx_word' id='word_1_237' title='bbox 1620 3594 1871 3645; x_wconf 89' lang='lat' dir='ltr'><strong>nauticus</strong></span> <span class='ocrx_word' id='word_1_238' title='bbox 1897 3592 2001 3645; x_wconf 91' lang='lat' dir='ltr'><strong>dici</strong></span> <span class='ocrx_word' id='word_1_239' title='bbox 2025 3602 2240 3645; x_wconf 82' lang='lat' dir='ltr'><strong>veretur</strong></span> <span class='ocrx_word' id='word_1_240' title='bbox 2260 3591 2385 3659; x_wconf 86' lang='lat' dir='ltr'><strong>;qui</strong></span> 
     </span>
    </p>
   </div>
   <div class='ocr_carea' id='block_1_34' title="bbox 825 3682 2389 3759">
    <p class='ocr_par' dir='ltr' id='par_1_34' title="bbox 825 3682 2389 3759">
     <span class='ocr_line' id='line_1_34' title="bbox 825 3682 2389 3759; baseline -0.004 -17"><span class='ocrx_word' id='word_1_241' title='bbox 825 3691 971 3759; x_wconf 75' lang='lat' dir='ltr'><strong>agris</strong></span> <span class='ocrx_word' id='word_1_242' title='bbox 1010 3686 1324 3742; x_wconf 76' lang='lat' dir='ltr'><strong>excolendis</strong></span> <span class='ocrx_word' id='word_1_243' title='bbox 1340 3694 1423 3739; x_wconf 89' lang='lat' dir='ltr'><strong>est</strong></span> <span class='ocrx_word' id='word_1_244' title='bbox 1453 3685 1731 3740; x_wconf 84' lang='lat' dir='ltr'><strong>addictus.</strong></span> <span class='ocrx_word' id='word_1_245' title='bbox 1759 3694 1930 3737; x_wconf 89' lang='lat' dir='ltr'><strong>artem</strong></span> <span class='ocrx_word' id='word_1_246' title='bbox 1951 3682 2255 3737; x_wconf 70' lang='lat' dir='ltr'><strong>aediﬁcandi</strong></span> <span class='ocrx_word' id='word_1_247' title='bbox 2283 3697 2389 3735; x_wconf 92' lang='lat' dir='ltr'><strong>non</strong></span> 
     </span>
    </p>
   </div>
   <div class='ocr_carea' id='block_1_35' title="bbox 825 3777 2395 3853">
    <p class='ocr_par' dir='ltr' id='par_1_35' title="bbox 825 3777 2395 3853">
     <span class='ocr_line' id='line_1_35' title="bbox 825 3777 2395 3853; baseline -0.005 -17"><span class='ocrx_word' id='word_1_248' title='bbox 825 3785 1025 3853; x_wconf 85' lang='lat' dir='ltr'><strong>jactat;</strong></span> <span class='ocrx_word' id='word_1_249' title='bbox 1084 3782 1286 3851; x_wconf 78' lang='lat' dir='ltr'><strong>quique</strong></span> <span class='ocrx_word' id='word_1_250' title='bbox 1341 3780 1597 3843; x_wconf 72' lang='lat' dir='ltr'><strong>aediﬁcat,</strong></span> <span class='ocrx_word' id='word_1_251' title='bbox 1640 3780 1887 3847; x_wconf 74' lang='lat' dir='ltr'><strong>ignarum</strong></span> <span class='ocrx_word' id='word_1_252' title='bbox 1948 3777 2295 3845; x_wconf 77' lang='lat' dir='ltr'><strong>agricultura:</strong></span> <span class='ocrx_word' id='word_1_253' title='bbox 2336 3790 2395 3828; x_wconf 83' lang='lat' dir='ltr'><strong>se</strong></span> 
     </span>
    </p>
   </div>
   <div class='ocr_carea' id='block_1_36' title="bbox 831 3868 2396 3947">
    <p class='ocr_par' dir='ltr' id='par_1_36' title="bbox 831 3868 2396 3947">
     <span class='ocr_line' id='line_1_36' title="bbox 831 3868 2396 3947; baseline -0.006 -19"><span class='ocrx_word' id='word_1_254' title='bbox 831 3879 1135 3947; x_wconf 88' lang='lat' dir='ltr'><strong>prolitetur.</strong></span> <span class='ocrx_word' id='word_1_255' title='bbox 1172 3873 1235 3926; x_wconf 82' lang='lat' dir='ltr'><strong>Et</strong></span> <span class='ocrx_word' id='word_1_256' title='bbox 1268 3872 1392 3941; x_wconf 85' lang='lat' dir='ltr'><strong>quis</strong></span> <span class='ocrx_word' id='word_1_257' title='bbox 1418 3885 1657 3939; x_wconf 89' lang='lat' dir='ltr'><strong>unquam</strong></span> <span class='ocrx_word' id='word_1_258' title='bbox 1691 3884 1749 3923; x_wconf 90' lang='lat' dir='ltr'><strong>se</strong></span> <span class='ocrx_word' id='word_1_259' title='bbox 1798 3868 2120 3939; x_wconf 86' lang='lat' dir='ltr'><strong>magistrum</strong></span> <span class='ocrx_word' id='word_1_260' title='bbox 2177 3868 2396 3935; x_wconf 87' lang='lat' dir='ltr'><strong>jactitat</strong></span> 
     </span>
    </p>
   </div>
   <div class='ocr_carea' id='block_1_37' title="bbox 830 3959 2391 4035">
    <p class='ocr_par' dir='ltr' id='par_1_37' title="bbox 830 3959 2391 4035">
     <span class='ocr_line' id='line_1_37' title="bbox 830 3959 2391 4035; baseline -0.008 -11"><span class='ocrx_word' id='word_1_261' title='bbox 830 3986 1016 4024; x_wconf 87' lang='lat' dir='ltr'><strong>carum</strong></span> <span class='ocrx_word' id='word_1_262' title='bbox 1047 3983 1226 4021; x_wconf 89' lang='lat' dir='ltr'><strong>rerum</strong></span> <span class='ocrx_word' id='word_1_263' title='bbox 1291 3979 1429 4035; x_wconf 87' lang='lat' dir='ltr'><strong>quas</strong></span> <span class='ocrx_word' id='word_1_264' title='bbox 1493 3979 1597 4017; x_wconf 91' lang='lat' dir='ltr'><strong>non</strong></span> <span class='ocrx_word' id='word_1_265' title='bbox 1649 3960 1884 4017; x_wconf 78' lang='lat' dir='ltr'><strong>didicit?</strong></span> <span class='ocrx_word' id='word_1_266' title='bbox 1919 3961 2038 4014; x_wconf 78' lang='lat' dir='ltr'><strong>Non</strong></span> <span class='ocrx_word' id='word_1_267' title='bbox 2074 3959 2244 4022; x_wconf 81' lang='lat' dir='ltr'><strong>faber,</strong></span> <span class='ocrx_word' id='word_1_268' title='bbox 2284 3973 2391 4013; x_wconf 81' lang='lat' dir='ltr'><strong>non</strong></span> 
     </span>
    </p>
   </div>
   <div class='ocr_carea' id='block_1_38' title="bbox 830 4051 2397 4128">
    <p class='ocr_par' dir='ltr' id='par_1_38' title="bbox 830 4051 2397 4128">
     <span class='ocr_line' id='line_1_38' title="bbox 830 4051 2397 4128; baseline -0.005 -15"><span class='ocrx_word' id='word_1_269' title='bbox 830 4064 1027 4128; x_wconf 85' lang='lat' dir='ltr'><strong>pictor,</strong></span> <span class='ocrx_word' id='word_1_270' title='bbox 1071 4076 1178 4113; x_wconf 92' lang='lat' dir='ltr'><strong>non</strong></span> <span class='ocrx_word' id='word_1_271' title='bbox 1234 4055 1592 4117; x_wconf 73' lang='lat' dir='ltr'><strong>citharaadus,</strong></span> <span class='ocrx_word' id='word_1_272' title='bbox 1634 4070 1740 4107; x_wconf 91' lang='lat' dir='ltr'><strong>non</strong></span> <span class='ocrx_word' id='word_1_273' title='bbox 1775 4054 1953 4123; x_wconf 85' lang='lat' dir='ltr'><strong>quivis</strong></span> <span class='ocrx_word' id='word_1_274' title='bbox 1996 4053 2160 4106; x_wconf 90' lang='lat' dir='ltr'><strong>alius.</strong></span> <span class='ocrx_word' id='word_1_275' title='bbox 2213 4051 2397 4119; x_wconf 88' lang='lat' dir='ltr'><strong>Neque</strong></span> 
     </span>
    </p>
   </div>
   <div class='ocr_carea' id='block_1_39' title="bbox 834 4145 2399 4214">
    <p class='ocr_par' dir='ltr' id='par_1_39' title="bbox 834 4145 2399 4214">
     <span class='ocr_line' id='line_1_39' title="bbox 834 4145 2399 4214; baseline -0.009 -7"><span class='ocrx_word' id='word_1_276' title='bbox 834 4156 938 4207; x_wconf 86' lang='lat' dir='ltr'><strong>hoc</strong></span> <span class='ocrx_word' id='word_1_277' title='bbox 960 4154 1097 4206; x_wconf 87' lang='lat' dir='ltr'><strong>satis</strong></span> <span class='ocrx_word' id='word_1_278' title='bbox 1130 4160 1248 4214; x_wconf 84' lang='lat' dir='ltr'><strong>est;</strong></span> <span class='ocrx_word' id='word_1_279' title='bbox 1284 4151 1377 4203; x_wconf 86' lang='lat' dir='ltr'><strong>sed</strong></span> <span class='ocrx_word' id='word_1_280' title='bbox 1406 4146 1648 4200; x_wconf 88' lang='lat' dir='ltr'><strong>artiﬁces</strong></span> <span class='ocrx_word' id='word_1_281' title='bbox 1673 4145 1991 4199; x_wconf 83' lang='lat' dir='ltr'><strong>consimiles</strong></span> <span class='ocrx_word' id='word_1_282' title='bbox 2016 4145 2100 4197; x_wconf 87' lang='lat' dir='ltr'><strong>sui</strong></span> <span class='ocrx_word' id='word_1_283' title='bbox 2135 4145 2399 4196; x_wconf 82' lang='lat' dir='ltr'><strong>mirantur</strong></span> 
     </span>
    </p>
   </div>
   <div class='ocr_carea' id='block_1_40' title="bbox 838 4234 2398 4307">
    <p class='ocr_par' dir='ltr' id='par_1_40' title="bbox 838 4234 2398 4307">
     <span class='ocr_line' id='line_1_40' title="bbox 838 4234 2398 4307; baseline -0.005 -12"><span class='ocrx_word' id='word_1_284' title='bbox 838 4247 890 4297; x_wconf 94' lang='lat' dir='ltr'><strong>hi</strong></span> <span class='ocrx_word' id='word_1_285' title='bbox 913 4245 1180 4300; x_wconf 77' lang='lat' dir='ltr'><strong>homines.</strong></span> <span class='ocrx_word' id='word_1_286' title='bbox 1198 4240 1287 4293; x_wconf 90' lang='lat' dir='ltr'><strong>ubi</strong></span> <span class='ocrx_word' id='word_1_287' title='bbox 1308 4248 1523 4307; x_wconf 89' lang='lat' dir='ltr'><strong>tempus</strong></span> <span class='ocrx_word' id='word_1_288' title='bbox 1542 4248 1644 4301; x_wconf 90' lang='lat' dir='ltr'><strong>est,</strong></span> <span class='ocrx_word' id='word_1_289' title='bbox 1668 4237 1794 4289; x_wconf 87' lang='lat' dir='ltr'><strong>licet</strong></span> <span class='ocrx_word' id='word_1_290' title='bbox 1815 4251 1917 4289; x_wconf 92' lang='lat' dir='ltr'><strong>non</strong></span> <span class='ocrx_word' id='word_1_291' title='bbox 1940 4236 2099 4304; x_wconf 82' lang='lat' dir='ltr'><strong>plane</strong></span> <span class='ocrx_word' id='word_1_292' title='bbox 2125 4234 2398 4288; x_wconf 86' lang='lat' dir='ltr'><strong>studiosos</strong></span> 
     </span>
    </p>
   </div>
   <div class='ocr_carea' id='block_1_41' title="bbox 841 4328 2403 4404">
    <p class='ocr_par' dir='ltr' id='par_1_41' title="bbox 841 4328 2403 4404">
     <span class='ocr_line' id='line_1_41' title="bbox 841 4328 2403 4404; baseline -0.008 -15"><span class='ocrx_word' id='word_1_293' title='bbox 841 4339 894 4389; x_wconf 89' lang='lat' dir='ltr'><strong>in</strong></span> <span class='ocrx_word' id='word_1_294' title='bbox 931 4336 1139 4404; x_wconf 77' lang='lat' dir='ltr'><strong>magnis</strong></span> <span class='ocrx_word' id='word_1_295' title='bbox 1165 4334 1347 4386; x_wconf 63' lang='lat' dir='ltr'><strong>rebus.</strong></span> <span class='ocrx_word' id='word_1_296' title='bbox 1372 4330 1450 4384; x_wconf 88' lang='lat' dir='ltr'><strong>Tu</strong></span> <span class='ocrx_word' id='word_1_297' title='bbox 1480 4339 1682 4390; x_wconf 87' lang='lat' dir='ltr'><strong>autem,</strong></span> <span class='ocrx_word' id='word_1_298' title='bbox 1715 4343 1815 4382; x_wconf 90' lang='lat' dir='ltr'><strong>nec</strong></span> <span class='ocrx_word' id='word_1_299' title='bbox 1847 4328 2126 4396; x_wconf 88' lang='lat' dir='ltr'><strong>operibus,</strong></span> <span class='ocrx_word' id='word_1_300' title='bbox 2159 4340 2257 4378; x_wconf 89' lang='lat' dir='ltr'><strong>nec</strong></span> <span class='ocrx_word' id='word_1_301' title='bbox 2288 4338 2403 4378; x_wconf 91' lang='lat' dir='ltr'><strong>ser-</strong></span> 
     </span>
    </p>
   </div>
   <div class='ocr_carea' id='block_1_42' title="bbox 845 4418 2400 4493">
    <p class='ocr_par' dir='ltr' id='par_1_42' title="bbox 845 4418 2400 4493">
     <span class='ocr_line' id='line_1_42' title="bbox 845 4418 2400 4493; baseline -0.008 -13"><span class='ocrx_word' id='word_1_302' title='bbox 845 4427 1100 4481; x_wconf 84' lang='lat' dir='ltr'><strong>InOnihus</strong></span> <span class='ocrx_word' id='word_1_303' title='bbox 1149 4425 1510 4493; x_wconf 86' lang='lat' dir='ltr'><strong>conspicuus,</strong></span> <span class='ocrx_word' id='word_1_304' title='bbox 1565 4420 1822 4475; x_wconf 89' lang='lat' dir='ltr'><strong>omnibus</strong></span> <span class='ocrx_word' id='word_1_305' title='bbox 1864 4419 2122 4487; x_wconf 83' lang='lat' dir='ltr'><strong>antepeni</strong></span> <span class='ocrx_word' id='word_1_306' title='bbox 2180 4418 2300 4479; x_wconf 82' lang='lat' dir='ltr'><strong>vis;</strong></span> <span class='ocrx_word' id='word_1_307' title='bbox 2345 4426 2400 4467; x_wconf 86' lang='lat' dir='ltr'><strong>tu</strong></span> 
     </span>
    </p>
   </div>
   <div class='ocr_carea' id='block_1_43' title="bbox 842 4507 2403 4589">
    <p class='ocr_par' dir='ltr' id='par_1_43' title="bbox 842 4507 2403 4589">
     <span class='ocr_line' id='line_1_43' title="bbox 842 4507 2403 4589; baseline -0.01 -17"><span class='ocrx_word' id='word_1_308' title='bbox 842 4536 1002 4589; x_wconf 86' lang='lat' dir='ltr'><strong>agere</strong></span> <span class='ocrx_word' id='word_1_309' title='bbox 1035 4520 1218 4587; x_wconf 85' lang='lat' dir='ltr'><strong>eligis,</strong></span> <span class='ocrx_word' id='word_1_310' title='bbox 1280 4518 1328 4569; x_wconf 93' lang='lat' dir='ltr'><strong>id</strong></span> <span class='ocrx_word' id='word_1_311' title='bbox 1372 4530 1501 4569; x_wconf 85' lang='lat' dir='ltr'><strong>vero</strong></span> <span class='ocrx_word' id='word_1_312' title='bbox 1542 4528 1647 4566; x_wconf 91' lang='lat' dir='ltr'><strong>non</strong></span> <span class='ocrx_word' id='word_1_313' title='bbox 1698 4512 1869 4571; x_wconf 72' lang='lat' dir='ltr'><strong>rales,</strong></span> <span class='ocrx_word' id='word_1_314' title='bbox 1927 4524 1991 4563; x_wconf 80' lang='lat' dir='ltr'><strong>ex</strong></span> <span class='ocrx_word' id='word_1_315' title='bbox 2029 4510 2131 4560; x_wconf 90' lang='lat' dir='ltr'><strong>hoc</strong></span> <span class='ocrx_word' id='word_1_316' title='bbox 2163 4507 2403 4560; x_wconf 87' lang='lat' dir='ltr'><strong>totaliter</strong></span> 
     </span>
    </p>
   </div>
   <div class='ocr_carea' id='block_1_44' title="bbox 842 4598 2402 4680">
    <p class='ocr_par' dir='ltr' id='par_1_44' title="bbox 842 4598 2402 4680">
     <span class='ocr_line' id='line_1_44' title="bbox 842 4598 2402 4680; baseline -0.011 -14"><span class='ocrx_word' id='word_1_317' title='bbox 842 4614 1051 4680; x_wconf 84' lang='lat' dir='ltr'><strong>lapsus,</strong></span> <span class='ocrx_word' id='word_1_318' title='bbox 1086 4611 1195 4678; x_wconf 86' lang='lat' dir='ltr'><strong>jam</strong></span> <span class='ocrx_word' id='word_1_319' title='bbox 1222 4621 1528 4662; x_wconf 87' lang='lat' dir='ltr'><strong>sermonem</strong></span> <span class='ocrx_word' id='word_1_320' title='bbox 1559 4605 1713 4658; x_wconf 90' lang='lat' dir='ltr'><strong>nihili</strong></span> <span class='ocrx_word' id='word_1_321' title='bbox 1750 4603 1903 4663; x_wconf 80' lang='lat' dir='ltr'><strong>lacis,</strong></span> <span class='ocrx_word' id='word_1_322' title='bbox 1947 4600 2055 4653; x_wconf 93' lang='lat' dir='ltr'><strong>imo</strong></span> <span class='ocrx_word' id='word_1_323' title='bbox 2084 4612 2255 4652; x_wconf 85' lang='lat' dir='ltr'><strong>eunta</strong></span> <span class='ocrx_word' id='word_1_324' title='bbox 2293 4598 2402 4649; x_wconf 83' lang='lat' dir='ltr'><strong>vita</strong></span> 
     </span>
    </p>
   </div>
   <div class='ocr_carea' id='block_1_45' title="bbox 846 4690 2410 4765">
    <p class='ocr_par' dir='ltr' id='par_1_45' title="bbox 846 4690 2410 4765">
     <span class='ocr_line' id='line_1_45' title="bbox 846 4690 2410 4765; baseline -0.01 -7"><span class='ocrx_word' id='word_1_325' title='bbox 846 4715 963 4765; x_wconf 87' lang='lat' dir='ltr'><strong>tua,</strong></span> <span class='ocrx_word' id='word_1_326' title='bbox 1002 4705 1145 4755; x_wconf 75' lang='lat' dir='ltr'><strong>velut</strong></span> <span class='ocrx_word' id='word_1_327' title='bbox 1169 4710 1413 4754; x_wconf 83' lang='lat' dir='ltr'><strong>stercora</strong></span> <span class='ocrx_word' id='word_1_328' title='bbox 1442 4713 1471 4751; x_wconf 90' lang='lat' dir='ltr'><strong>e</strong></span> <span class='ocrx_word' id='word_1_329' title='bbox 1493 4697 1654 4750; x_wconf 91' lang='lat' dir='ltr'><strong>domo</strong></span> <span class='ocrx_word' id='word_1_330' title='bbox 1681 4694 1965 4763; x_wconf 87' lang='lat' dir='ltr'><strong>splendida</strong></span> <span class='ocrx_word' id='word_1_331' title='bbox 1994 4691 2168 4761; x_wconf 86' lang='lat' dir='ltr'><strong>cjicis.</strong></span> <span class='ocrx_word' id='word_1_332' title='bbox 2201 4690 2410 4743; x_wconf 88' lang='lat' dir='ltr'><strong>Idcirco</strong></span> 
     </span>
    </p>
   </div>
   <div class='ocr_carea' id='block_1_46' title="bbox 850 4782 2408 4857">
    <p class='ocr_par' dir='ltr' id='par_1_46' title="bbox 850 4782 2408 4857">
     <span class='ocr_line' id='line_1_46' title="bbox 850 4782 2408 4857; baseline -0.009 -10"><span class='ocrx_word' id='word_1_333' title='bbox 850 4809 1044 4847; x_wconf 88' lang='lat' dir='ltr'><strong>omnes</strong></span> <span class='ocrx_word' id='word_1_334' title='bbox 1072 4793 1344 4847; x_wconf 87' lang='lat' dir='ltr'><strong>litteratos</strong></span> <span class='ocrx_word' id='word_1_335' title='bbox 1393 4788 1684 4857; x_wconf 89' lang='lat' dir='ltr'><strong>repellens,</strong></span> <span class='ocrx_word' id='word_1_336' title='bbox 1743 4794 1797 4839; x_wconf 87' lang='lat' dir='ltr'><strong>et</strong></span> <span class='ocrx_word' id='word_1_337' title='bbox 1850 4787 2023 4853; x_wconf 87' lang='lat' dir='ltr'><strong>ipsam</strong></span> <span class='ocrx_word' id='word_1_338' title='bbox 2056 4782 2408 4852; x_wconf 86' lang='lat' dir='ltr'><strong>sapientiam,</strong></span> 
     </span>
    </p>
   </div>
   <div class='ocr_carea' id='block_1_47' title="bbox 852 4884 2409 4956">
    <p class='ocr_par' dir='ltr' id='par_1_47' title="bbox 852 4884 2409 4956">
     <span class='ocr_line' id='line_1_47' title="bbox 852 4884 2409 4956; baseline -0.01 -15"><span class='ocrx_word' id='word_1_339' title='bbox 852 4898 1111 4956; x_wconf 87' lang='lat' dir='ltr'><strong>tanquam</strong></span> <span class='ocrx_word' id='word_1_340' title='bbox 1164 4884 1457 4954; x_wconf 87' lang='lat' dir='ltr'><strong>superbam</strong></span> <span class='ocrx_word' id='word_1_341' title='bbox 1517 4892 1571 4932; x_wconf 91' lang='lat' dir='ltr'><strong>et</strong></span> <span class='ocrx_word' id='word_1_342' title='bbox 1623 4888 1994 4945; x_wconf 83' lang='lat' dir='ltr'><strong>arrogantem,</strong></span> <span class='ocrx_word' id='word_1_343' title='bbox 2025 4886 2409 4937; x_wconf 71' lang='grc' dir='ltr'>ςοηιοιιὶηειιε,</span> 
     </span>
    </p>
   </div>
   <div class='ocr_carea' id='block_1_48' title="bbox 852 4966 2414 5051">
    <p class='ocr_par' dir='ltr' id='par_1_48' title="bbox 852 4966 2414 5051">
     <span class='ocr_line' id='line_1_48' title="bbox 852 4966 2414 5051; baseline -0.011 -16"><span class='ocrx_word' id='word_1_344' title='bbox 852 4983 1002 5051; x_wconf 88' lang='lat' dir='ltr'><strong>ipsos</strong></span> <span class='ocrx_word' id='word_1_345' title='bbox 1030 4993 1277 5034; x_wconf 89' lang='lat' dir='ltr'><strong>summos</strong></span> <span class='ocrx_word' id='word_1_346' title='bbox 1330 4974 1621 5049; x_wconf 80' lang='lat' dir='ltr'><strong>pontiﬁces</strong></span> <span class='ocrx_word' id='word_1_347' title='bbox 1662 4971 1904 5039; x_wconf 89' lang='lat' dir='ltr'><strong>repellis.</strong></span> <span class='ocrx_word' id='word_1_348' title='bbox 1941 4966 2037 5021; x_wconf 79' lang='lat' dir='ltr'><strong>Vix</strong></span> <span class='ocrx_word' id='word_1_349' title='bbox 2072 4979 2297 5020; x_wconf 88' lang='lat' dir='ltr'><strong>tonsura</strong></span> <span class='ocrx_word' id='word_1_350' title='bbox 2331 4968 2414 5019; x_wconf 87' lang='lat' dir='ltr'><strong>iu-</strong></span> 
     </span>
    </p>
   </div>
   <div class='ocr_carea' id='block_1_49' title="bbox 854 5060 2414 5143">
    <p class='ocr_par' dir='ltr' id='par_1_49' title="bbox 854 5060 2414 5143">
     <span class='ocr_line' id='line_1_49' title="bbox 854 5060 2414 5143; baseline -0.013 -14"><span class='ocrx_word' id='word_1_351' title='bbox 854 5074 1108 5143; x_wconf 81' lang='lat' dir='ltr'><strong>signitus,</strong></span> <span class='ocrx_word' id='word_1_352' title='bbox 1153 5080 1213 5125; x_wconf 94' lang='lat' dir='ltr'><strong>ut</strong></span> <span class='ocrx_word' id='word_1_353' title='bbox 1256 5069 1374 5124; x_wconf 84' lang='lat' dir='ltr'><strong>ovis</strong></span> <span class='ocrx_word' id='word_1_354' title='bbox 1421 5067 1513 5121; x_wconf 90' lang='lat' dir='ltr'><strong>Dei</strong></span> <span class='ocrx_word' id='word_1_355' title='bbox 1545 5067 1784 5121; x_wconf 66' lang='lat' dir='ltr'><strong>dexterae</strong></span> <span class='ocrx_word' id='word_1_356' title='bbox 1827 5063 1963 5131; x_wconf 92' lang='lat' dir='ltr'><strong>parti</strong></span> <span class='ocrx_word' id='word_1_357' title='bbox 2021 5060 2264 5117; x_wconf 13' lang='lat' dir='ltr'><strong>addicta.</strong></span> <span class='ocrx_word' id='word_1_358' title='bbox 2304 5074 2414 5113; x_wconf 88' lang='lat' dir='ltr'><strong>non</strong></span> 
     </span>
    </p>
   </div>
   <div class='ocr_carea' id='block_1_50' title="bbox 852 5152 2415 5234">
    <p class='ocr_par' dir='ltr' id='par_1_50' title="bbox 852 5152 2415 5234">
     <span class='ocr_line' id='line_1_50' title="bbox 852 5152 2415 5234; baseline -0.01 -16"><span class='ocrx_word' id='word_1_359' title='bbox 852 5166 1004 5234; x_wconf 81' lang='lat' dir='ltr'><strong>juxta</strong></span> <span class='ocrx_word' id='word_1_360' title='bbox 1040 5162 1243 5223; x_wconf 75' lang='lat' dir='ltr'><strong>luedos,</strong></span> <span class='ocrx_word' id='word_1_361' title='bbox 1271 5175 1398 5215; x_wconf 82' lang='lat' dir='ltr'><strong>mox</strong></span> <span class='ocrx_word' id='word_1_362' title='bbox 1422 5157 1681 5212; x_wconf 88' lang='lat' dir='ltr'><strong>cornibus</strong></span> <span class='ocrx_word' id='word_1_363' title='bbox 1707 5156 1759 5208; x_wconf 90' lang='lat' dir='ltr'><strong>in</strong></span> <span class='ocrx_word' id='word_1_364' title='bbox 1791 5170 1884 5208; x_wconf 93' lang='lat' dir='ltr'><strong>eos</strong></span> <span class='ocrx_word' id='word_1_365' title='bbox 1910 5152 2278 5221; x_wconf 78' lang='lat' dir='ltr'><strong>insurgisjam</strong></span> <span class='ocrx_word' id='word_1_366' title='bbox 2311 5164 2415 5203; x_wconf 93' lang='lat' dir='ltr'><strong>non</strong></span> 
     </span>
    </p>
   </div>
   <div class='ocr_carea' id='block_1_51' title="bbox 855 5240 2419 5315">
    <p class='ocr_par' dir='ltr' id='par_1_51' title="bbox 855 5240 2419 5315">
     <span class='ocr_line' id='line_1_51' title="bbox 855 5240 2419 5315; baseline -0.01 -7"><span class='ocrx_word' id='word_1_367' title='bbox 855 5257 1035 5308; x_wconf 86' lang='lat' dir='ltr'><strong>ovinis</strong></span> <span class='ocrx_word' id='word_1_368' title='bbox 1055 5253 1314 5307; x_wconf 88' lang='lat' dir='ltr'><strong>cornibus</strong></span> <span class='ocrx_word' id='word_1_369' title='bbox 1338 5249 1529 5307; x_wconf 89' lang='lat' dir='ltr'><strong>uteris.</strong></span> <span class='ocrx_word' id='word_1_370' title='bbox 1555 5247 1647 5301; x_wconf 85' lang='lat' dir='ltr'><strong>sed</strong></span> <span class='ocrx_word' id='word_1_371' title='bbox 1678 5245 1835 5315; x_wconf 85' lang='lat' dir='ltr'><strong>quasi</strong></span> <span class='ocrx_word' id='word_1_372' title='bbox 1854 5245 2076 5311; x_wconf 90' lang='lat' dir='ltr'><strong>elephas</strong></span> <span class='ocrx_word' id='word_1_373' title='bbox 2106 5243 2258 5310; x_wconf 85' lang='lat' dir='ltr'><strong>nigra</strong></span> <span class='ocrx_word' id='word_1_374' title='bbox 2282 5240 2419 5308; x_wconf 90' lang='lat' dir='ltr'><strong>pelle</strong></span> 
     </span>
    </p>
   </div>
   <div class='ocr_carea' id='block_1_52' title="bbox 860 5329 2419 5397">
    <p class='ocr_par' dir='ltr' id='par_1_52' title="bbox 860 5329 2419 5397">
     <span class='ocr_line' id='line_1_52' title="bbox 860 5329 2419 5397; baseline -0.01 0"><span class='ocrx_word' id='word_1_375' title='bbox 860 5344 1049 5397; x_wconf 88' lang='lat' dir='ltr'><strong>niteris</strong></span> <span class='ocrx_word' id='word_1_376' title='bbox 1077 5350 1201 5395; x_wconf 87' lang='lat' dir='ltr'><strong>ante</strong></span> <span class='ocrx_word' id='word_1_377' title='bbox 1259 5340 1441 5393; x_wconf 91' lang='lat' dir='ltr'><strong>omnia</strong></span> <span class='ocrx_word' id='word_1_378' title='bbox 1477 5352 1670 5389; x_wconf 87' lang='lat' dir='ltr'><strong>vanam</strong></span> <span class='ocrx_word' id='word_1_379' title='bbox 1717 5335 2000 5386; x_wconf 82' lang='lat' dir='ltr'><strong>victoriam</strong></span> <span class='ocrx_word' id='word_1_380' title='bbox 2046 5342 2324 5388; x_wconf 78' lang='lat' dir='ltr'><strong>reportare</strong></span> <span class='ocrx_word' id='word_1_381' title='bbox 2354 5329 2419 5382; x_wconf 84' lang='lat' dir='ltr'><strong>de</strong></span> 
     </span>
    </p>
   </div>
   <div class='ocr_carea' id='block_1_53' title="bbox 859 5423 2421 5501">
    <p class='ocr_par' dir='ltr' id='par_1_53' title="bbox 859 5423 2421 5501">
     <span class='ocr_line' id='line_1_53' title="bbox 859 5423 2421 5501; baseline -0.008 -14"><span class='ocrx_word' id='word_1_382' title='bbox 859 5434 1124 5501; x_wconf 81' lang='lat' dir='ltr'><strong>superiori</strong></span> <span class='ocrx_word' id='word_1_383' title='bbox 1192 5432 1471 5485; x_wconf 90' lang='lat' dir='ltr'><strong>hominum</strong></span> <span class='ocrx_word' id='word_1_384' title='bbox 1507 5430 1721 5489; x_wconf 88' lang='lat' dir='ltr'><strong>ordine,</strong></span> <span class='ocrx_word' id='word_1_385' title='bbox 1766 5436 1820 5480; x_wconf 90' lang='lat' dir='ltr'><strong>ut</strong></span> <span class='ocrx_word' id='word_1_386' title='bbox 1871 5440 1979 5478; x_wconf 92' lang='lat' dir='ltr'><strong>uno</strong></span> <span class='ocrx_word' id='word_1_387' title='bbox 2020 5426 2163 5476; x_wconf 88' lang='lat' dir='ltr'><strong>saltu</strong></span> <span class='ocrx_word' id='word_1_388' title='bbox 2213 5423 2421 5489; x_wconf 85' lang='lat' dir='ltr'><strong>absque</strong></span> 
     </span>
    </p>
   </div>
   <div class='ocr_carea' id='block_1_54' title="bbox 865 5514 2423 5585">
    <p class='ocr_par' dir='ltr' id='par_1_54' title="bbox 865 5514 2423 5585">
     <span class='ocr_line' id='line_1_54' title="bbox 865 5514 2423 5585; baseline -0.007 -6"><span class='ocrx_word' id='word_1_389' title='bbox 865 5527 1076 5585; x_wconf 87' lang='lat' dir='ltr'><strong>labore,</strong></span> <span class='ocrx_word' id='word_1_390' title='bbox 1107 5524 1321 5577; x_wconf 65' lang='lat' dir='ltr'><strong>caeteris</strong></span> <span class='ocrx_word' id='word_1_391' title='bbox 1354 5520 1672 5575; x_wconf 79' lang='lat' dir='ltr'><strong>antecedas.</strong></span> <span class='ocrx_word' id='word_1_392' title='bbox 1726 5518 1835 5572; x_wconf 83' lang='lat' dir='ltr'><strong>Nec</strong></span> <span class='ocrx_word' id='word_1_393' title='bbox 1891 5533 2075 5571; x_wconf 83' lang='lat' dir='ltr'><strong>cessas</strong></span> <span class='ocrx_word' id='word_1_394' title='bbox 2096 5531 2245 5568; x_wconf 85' lang='lat' dir='ltr'><strong>arma</strong></span> <span class='ocrx_word' id='word_1_395' title='bbox 2279 5514 2423 5568; x_wconf 78' lang='lat' dir='ltr'><strong>ferre</strong></span> 
     </span>
    </p>
   </div>
   <div class='ocr_carea' id='block_1_55' title="bbox 867 5604 2423 5684">
    <p class='ocr_par' dir='ltr' id='par_1_55' title="bbox 867 5604 2423 5684">
     <span class='ocr_line' id='line_1_55' title="bbox 867 5604 2423 5684; baseline -0.006 -16"><span class='ocrx_word' id='word_1_396' title='bbox 867 5617 917 5668; x_wconf 92' lang='lat' dir='ltr'><strong>iu</strong></span> <span class='ocrx_word' id='word_1_397' title='bbox 944 5617 1144 5670; x_wconf 90' lang='lat' dir='ltr'><strong>summi</strong></span> <span class='ocrx_word' id='word_1_398' title='bbox 1210 5614 1560 5684; x_wconf 87' lang='lat' dir='ltr'><strong>pontiﬁcatus</strong></span> <span class='ocrx_word' id='word_1_399' title='bbox 1619 5610 2007 5673; x_wconf 87' lang='lat' dir='ltr'><strong>ministerium,</strong></span> <span class='ocrx_word' id='word_1_400' title='bbox 2065 5607 2274 5661; x_wconf 84' lang='lat' dir='ltr'><strong>scilicet</strong></span> <span class='ocrx_word' id='word_1_401' title='bbox 2330 5604 2423 5675; x_wconf 88' lang='lat' dir='ltr'><strong>qui</strong></span> 
     </span>
    </p>
   </div>
   <div class='ocr_carea' id='block_1_56' title="bbox 869 5699 2425 5776">
    <p class='ocr_par' dir='ltr' id='par_1_56' title="bbox 869 5699 2425 5776">
     <span class='ocr_line' id='line_1_56' title="bbox 869 5699 2425 5776; baseline -0.005 -17"><span class='ocrx_word' id='word_1_402' title='bbox 869 5707 978 5759; x_wconf 89' lang='lat' dir='ltr'><strong>Deo</strong></span> <span class='ocrx_word' id='word_1_403' title='bbox 1001 5708 1233 5761; x_wconf 89' lang='lat' dir='ltr'><strong>similem</strong></span> <span class='ocrx_word' id='word_1_404' title='bbox 1256 5706 1404 5771; x_wconf 80' lang='lat' dir='ltr'><strong>facit,</strong></span> <span class='ocrx_word' id='word_1_405' title='bbox 1435 5706 1527 5776; x_wconf 92' lang='lat' dir='ltr'><strong>qui</strong></span> <span class='ocrx_word' id='word_1_406' title='bbox 1551 5719 1738 5759; x_wconf 83' lang='lat' dir='ltr'><strong>omnes</strong></span> <span class='ocrx_word' id='word_1_407' title='bbox 1764 5708 1815 5757; x_wconf 88' lang='lat' dir='ltr'><strong>in</strong></span> <span class='ocrx_word' id='word_1_408' title='bbox 1839 5707 1945 5757; x_wconf 84' lang='lat' dir='ltr'><strong>Deo</strong></span> <span class='ocrx_word' id='word_1_409' title='bbox 1981 5701 2308 5763; x_wconf 87' lang='lat' dir='ltr'><strong>sanctiﬁcat,</strong></span> <span class='ocrx_word' id='word_1_410' title='bbox 2332 5699 2425 5769; x_wconf 90' lang='lat' dir='ltr'><strong>qui</strong></span> 
     </span>
    </p>
   </div>
   <div class='ocr_carea' id='block_1_57' title="bbox 870 5792 2426 5869">
    <p class='ocr_par' dir='ltr' id='par_1_57' title="bbox 870 5792 2426 5869">
     <span class='ocr_line' id='line_1_57' title="bbox 870 5792 2426 5869; baseline -0.003 -19"><span class='ocrx_word' id='word_1_411' title='bbox 870 5797 924 5850; x_wconf 89' lang='lat' dir='ltr'><strong>in</strong></span> <span class='ocrx_word' id='word_1_412' title='bbox 956 5797 1062 5851; x_wconf 86' lang='lat' dir='ltr'><strong>Deo</strong></span> <span class='ocrx_word' id='word_1_413' title='bbox 1088 5808 1191 5863; x_wconf 86' lang='lat' dir='ltr'><strong>est,</strong></span> <span class='ocrx_word' id='word_1_414' title='bbox 1234 5798 1326 5869; x_wconf 90' lang='lat' dir='ltr'><strong>qui</strong></span> <span class='ocrx_word' id='word_1_415' title='bbox 1356 5800 1537 5853; x_wconf 87' lang='lat' dir='ltr'><strong>statim</strong></span> <span class='ocrx_word' id='word_1_416' title='bbox 1593 5807 1717 5866; x_wconf 89' lang='lat' dir='ltr'><strong>post</strong></span> <span class='ocrx_word' id='word_1_417' title='bbox 1764 5794 1928 5849; x_wconf 87' lang='lat' dir='ltr'><strong>Deum</strong></span> <span class='ocrx_word' id='word_1_418' title='bbox 1962 5794 2234 5848; x_wconf 74' lang='lat' dir='ltr'><strong>maximus</strong></span> <span class='ocrx_word' id='word_1_419' title='bbox 2257 5800 2339 5846; x_wconf 88' lang='lat' dir='ltr'><strong>est</strong></span> <span class='ocrx_word' id='word_1_420' title='bbox 2372 5792 2426 5845; x_wconf 91' lang='lat' dir='ltr'><strong>iu</strong></span> 
     </span>
    </p>
   </div>
   <div class='ocr_carea' id='block_1_58' title="bbox 872 5882 2427 5960">
    <p class='ocr_par' dir='ltr' id='par_1_58' title="bbox 872 5882 2427 5960">
     <span class='ocr_line' id='line_1_58' title="bbox 872 5882 2427 5960; baseline -0.004 -20"><span class='ocrx_word' id='word_1_421' title='bbox 872 5888 1094 5943; x_wconf 87' lang='lat' dir='ltr'><strong>mundo.</strong></span> <span class='ocrx_word' id='word_1_422' title='bbox 1118 5888 1233 5944; x_wconf 84' lang='lat' dir='ltr'><strong>Non</strong></span> <span class='ocrx_word' id='word_1_423' title='bbox 1257 5891 1401 5945; x_wconf 89' lang='lat' dir='ltr'><strong>enim</strong></span> <span class='ocrx_word' id='word_1_424' title='bbox 1427 5890 1647 5960; x_wconf 83' lang='lat' dir='ltr'><strong>ignoras</strong></span> <span class='ocrx_word' id='word_1_425' title='bbox 1675 5887 1866 5944; x_wconf 88' lang='lat' dir='ltr'><strong>salutis</strong></span> <span class='ocrx_word' id='word_1_426' title='bbox 1888 5896 2091 5943; x_wconf 69' lang='lat' dir='ltr'><strong>nostrae</strong></span> <span class='ocrx_word' id='word_1_427' title='bbox 2115 5882 2427 5955; x_wconf 83' lang='lat' dir='ltr'><strong>pontiﬁcem</strong></span> 
     </span>
    </p>
   </div>
   <div class='ocr_carea' id='block_1_59' title="bbox 1488 405 3319 469">
    <p class='ocr_par' dir='ltr' id='par_1_59' title="bbox 1488 405 3319 469">
     <span class='ocr_line' id='line_1_59' title="bbox 1488 405 3319 469; baseline 0.001 -3"><span class='ocrx_word' id='word_1_428' title='bbox 1488 406 1840 468; x_wconf 78' lang='lat' dir='ltr'><strong>EUSTATll</strong></span> <span class='ocrx_word' id='word_1_429' title='bbox 1858 406 1913 465; x_wconf 81' lang='lat' dir='ltr'><strong>ll</strong></span> <span class='ocrx_word' id='word_1_430' title='bbox 1952 408 2242 468; x_wconf 82' lang='lat' dir='ltr'><strong>TlIESS.-\</strong></span> <span class='ocrx_word' id='word_1_431' title='bbox 2256 405 2719 469; x_wconf 72' lang='lat' dir='ltr'><strong>LONICENSlS</strong></span> <span class='ocrx_word' id='word_1_432' title='bbox 2748 407 3319 468; x_wconf 61' lang='lat' dir='ltr'><strong>METROPOLITIE</strong></span> 
     </span>
    </p>
   </div>
   <div class='ocr_carea' id='block_1_60' title="bbox 859 520 2425 586">
    <p class='ocr_par' dir='ltr' id='par_1_60' title="bbox 859 520 2425 586">
     <span class='ocr_line' id='line_1_60' title="bbox 859 520 2425 586; baseline -0.004 -7"><span class='ocrx_word' id='word_1_433' title='bbox 859 524 977 579; x_wconf 68' lang='lat'><strong>152.</strong></span> <span class='ocrx_word' id='word_1_434' title='bbox 1016 521 1119 576; x_wconf 85' lang='lat' dir='ltr'><strong>Sed</strong></span> <span class='ocrx_word' id='word_1_435' title='bbox 1152 521 1256 576; x_wconf 90' lang='lat' dir='ltr'><strong>hoc</strong></span> <span class='ocrx_word' id='word_1_436' title='bbox 1286 522 1477 575; x_wconf 79' lang='lat' dir='ltr'><strong>melius</strong></span> <span class='ocrx_word' id='word_1_437' title='bbox 1509 520 1801 575; x_wconf 75' lang='lat' dir='ltr'><strong>ostendi-ut</strong></span> <span class='ocrx_word' id='word_1_438' title='bbox 1848 522 2010 576; x_wconf 70' lang='lat' dir='ltr'><strong>verba</strong></span> <span class='ocrx_word' id='word_1_439' title='bbox 2037 521 2346 586; x_wconf 84' lang='lat' dir='ltr'><strong>sequentia.</strong></span> <span class='ocrx_word' id='word_1_440' title='bbox 2382 527 2425 582; x_wconf 77' lang='grc' dir='ltr'><strong>Α</strong></span> 
     </span>
    </p>
   </div>
   <div class='ocr_carea' id='block_1_61' title="bbox 3930 412 4034 471">
    <p class='ocr_par' dir='ltr' id='par_1_61' title="bbox 3930 412 4034 471">
     <span class='ocr_line' id='line_1_61' title="bbox 3930 412 4034 471; baseline 0 -1"><span class='ocrx_word' id='word_1_441' title='bbox 3930 412 4034 471; x_wconf 64' lang='lat'><strong>850</strong></span> 
     </span>
    </p>
   </div>
   <div class='ocr_carea' id='block_1_62' title="bbox 2527 519 4038 591">
    <p class='ocr_par' dir='ltr' id='par_1_62' title="bbox 2527 519 4038 591">
     <span class='ocr_line' id='line_1_62' title="bbox 2527 519 4038 591; baseline 0.001 -18"><span class='ocrx_word' id='word_1_442' title='bbox 2527 519 2660 591; x_wconf 80' lang='grc' dir='ltr'>ρλβ’.</span> <span class='ocrx_word' id='word_1_443' title='bbox 2701 522 2864 575; x_wconf 81' lang='grc' dir='ltr'>’Λλλά</span> <span class='ocrx_word' id='word_1_444' title='bbox 2892 521 3047 574; x_wconf 75' lang='grc' dir='ltr'>τοῦτο</span> <span class='ocrx_word' id='word_1_445' title='bbox 3074 522 3218 590; x_wconf 74' lang='grc' dir='ltr'><strong>μὲνὸ</strong></span> <span class='ocrx_word' id='word_1_446' title='bbox 3243 524 3401 588; x_wconf 91' lang='grc' dir='ltr'>λόγος</span> <span class='ocrx_word' id='word_1_447' title='bbox 3422 522 3777 584; x_wconf 72' lang='grc' dir='ltr'>ὑποκαταϐὰς</span> <span class='ocrx_word' id='word_1_448' title='bbox 3806 524 4038 591; x_wconf 79' lang='grc' dir='ltr'>ἐκφανεῖ</span> 
     </span>
    </p>
   </div>
   <div class='ocr_carea' id='block_1_63' title="bbox 2456 613 4037 685">
    <p class='ocr_par' dir='ltr' id='par_1_63' title="bbox 2456 613 4037 685">
     <span class='ocr_line' id='line_1_63' title="bbox 2456 613 4037 685; baseline 0.001 -19"><span class='ocrx_word' id='word_1_449' title='bbox 2456 614 2793 682; x_wconf 79' lang='grc' dir='ltr'>σαφέστερον</span> <span class='ocrx_word' id='word_1_450' title='bbox 2814 631 2826 644; x_wconf 87' lang='grc'><strong>·</strong></span> <span class='ocrx_word' id='word_1_451' title='bbox 2866 616 3026 685; x_wconf 80' lang='grc' dir='ltr'><strong>ἡμεῖς</strong></span> <span class='ocrx_word' id='word_1_452' title='bbox 3050 615 3107 667; x_wconf 79' lang='grc' dir='ltr'>δὲ</span> <span class='ocrx_word' id='word_1_453' title='bbox 3139 614 3234 665; x_wconf 85' lang='grc' dir='ltr'>τοῦ</span> <span class='ocrx_word' id='word_1_454' title='bbox 3271 613 3570 683; x_wconf 82' lang='grc' dir='ltr'>μοναχικοῦ</span> <span class='ocrx_word' id='word_1_455' title='bbox 3602 616 3895 682; x_wconf 83' lang='grc' dir='ltr'>γενόμενοι</span> <span class='ocrx_word' id='word_1_456' title='bbox 3932 620 4037 668; x_wconf 74' lang='grc' dir='ltr'>πα-</span> 
     </span>
    </p>
   </div>
   <div class='ocr_carea' id='block_1_64' title="bbox 2454 707 4037 777">
    <p class='ocr_par' dir='ltr' id='par_1_64' title="bbox 2454 707 4037 777">
     <span class='ocr_line' id='line_1_64' title="bbox 2454 707 4037 777; baseline 0.001 -21"><span class='ocrx_word' id='word_1_457' title='bbox 2454 707 2538 758; x_wconf 92' lang='grc' dir='ltr'><strong>λιν</strong></span> <span class='ocrx_word' id='word_1_458' title='bbox 2579 707 2734 777; x_wconf 76' lang='grc' dir='ltr'>ὅρου,</span> <span class='ocrx_word' id='word_1_459' title='bbox 2771 708 2950 775; x_wconf 78' lang='grc' dir='ltr'>φαμὲν</span> <span class='ocrx_word' id='word_1_460' title='bbox 2998 708 3093 759; x_wconf 79' lang='grc' dir='ltr'>καὶ</span> <span class='ocrx_word' id='word_1_461' title='bbox 3131 707 3211 759; x_wconf 79' lang='grc' dir='ltr'>ὄτι</span> <span class='ocrx_word' id='word_1_462' title='bbox 3248 708 3455 773; x_wconf 79' lang='grc' dir='ltr'><strong>κόσμου</strong></span> <span class='ocrx_word' id='word_1_463' title='bbox 3506 707 3655 757; x_wconf 69' lang='grc' dir='ltr'>ἐστὶν</span> <span class='ocrx_word' id='word_1_464' title='bbox 3696 709 3723 757; x_wconf 99' lang='lat'><strong>6</strong></span> <span class='ocrx_word' id='word_1_465' title='bbox 3762 708 4037 774; x_wconf 79' lang='grc' dir='ltr'>μοναχόςο</span> 
     </span>
    </p>
   </div>
   <div class='ocr_carea' id='block_1_65' title="bbox 2454 798 4037 868">
    <p class='ocr_par' dir='ltr' id='par_1_65' title="bbox 2454 798 4037 868">
     <span class='ocr_line' id='line_1_65' title="bbox 2454 798 4037 868; baseline -0.001 -15"><span class='ocrx_word' id='word_1_466' title='bbox 2454 801 2535 853; x_wconf 74' lang='grc' dir='ltr'>διὸ</span> <span class='ocrx_word' id='word_1_467' title='bbox 2568 802 2658 853; x_wconf 72' lang='grc' dir='ltr'>καὶ</span> <span class='ocrx_word' id='word_1_468' title='bbox 2692 802 3085 868; x_wconf 83' lang='grc' dir='ltr'>ύπερκόσμιος.</span> <span class='ocrx_word' id='word_1_469' title='bbox 3117 800 3176 850; x_wconf 84' lang='grc' dir='ltr'><strong>Εἰ</strong></span> <span class='ocrx_word' id='word_1_470' title='bbox 3202 800 3257 850; x_wconf 75' lang='grc' dir='ltr'>δὲ</span> <span class='ocrx_word' id='word_1_471' title='bbox 3286 801 3398 860; x_wconf 86' lang='grc' dir='ltr'>τοῖς</span> <span class='ocrx_word' id='word_1_472' title='bbox 3427 799 3522 850; x_wconf 85' lang='grc' dir='ltr'>τοῦ</span> <span class='ocrx_word' id='word_1_473' title='bbox 3553 798 3764 867; x_wconf 81' lang='grc' dir='ltr'>κόσμου</span> <span class='ocrx_word' id='word_1_474' title='bbox 3797 817 4037 851; x_wconf 87' lang='grc' dir='ltr'>συνανα-</span> 
     </span>
    </p>
   </div>
   <div class='ocr_carea' id='block_1_66' title="bbox 2456 892 4037 963">
    <p class='ocr_par' dir='ltr' id='par_1_66' title="bbox 2456 892 4037 963">
     <span class='ocr_line' id='line_1_66' title="bbox 2456 892 4037 963; baseline 0 -18"><span class='ocrx_word' id='word_1_475' title='bbox 2456 893 2759 963; x_wconf 85' lang='grc' dir='ltr'>χρώννυται</span> <span class='ocrx_word' id='word_1_476' title='bbox 2798 893 3106 955; x_wconf 78' lang='grc' dir='ltr'><strong>ἰδιωτικῶς,</strong></span> <span class='ocrx_word' id='word_1_477' title='bbox 3143 894 3261 954; x_wconf 83' lang='grc' dir='ltr'><strong>πῶς</strong></span> <span class='ocrx_word' id='word_1_478' title='bbox 3296 893 3360 947; x_wconf 86' lang='grc' dir='ltr'>ἂν</span> <span class='ocrx_word' id='word_1_479' title='bbox 3388 892 3446 944; x_wconf 72' lang='grc' dir='ltr'><strong>τὸ</strong></span> <span class='ocrx_word' id='word_1_480' title='bbox 3488 894 3871 960; x_wconf 76' lang='grc' dir='ltr'>ύπερκόσμιον</span> <span class='ocrx_word' id='word_1_481' title='bbox 3902 895 4037 945; x_wconf 74' lang='grc' dir='ltr'>ἐπα-</span> 
     </span>
    </p>
   </div>
   <div class='ocr_carea' id='block_1_67' title="bbox 2457 984 4037 1055">
    <p class='ocr_par' dir='ltr' id='par_1_67' title="bbox 2457 984 4037 1055">
     <span class='ocr_line' id='line_1_67' title="bbox 2457 984 4037 1055; baseline -0.001 -17"><span class='ocrx_word' id='word_1_482' title='bbox 2457 988 2712 1054; x_wconf 89' lang='grc' dir='ltr'>ληθεύσοι</span> <span class='ocrx_word' id='word_1_483' title='bbox 2748 987 2935 1054; x_wconf 77' lang='grc' dir='ltr'>αύτῴς</span> <span class='ocrx_word' id='word_1_484' title='bbox 2972 987 3093 1050; x_wconf 82' lang='grc' dir='ltr'><strong>ΙΙῶς</strong></span> <span class='ocrx_word' id='word_1_485' title='bbox 3129 987 3186 1039; x_wconf 74' lang='grc' dir='ltr'>δὲ</span> <span class='ocrx_word' id='word_1_486' title='bbox 3230 987 3259 1038; x_wconf 88' lang='lat'><strong>6</strong></span> <span class='ocrx_word' id='word_1_487' title='bbox 3301 987 3442 1055; x_wconf 79' lang='grc' dir='ltr'>ὑπὲρ</span> <span class='ocrx_word' id='word_1_488' title='bbox 3475 984 3567 1037; x_wconf 79' lang='grc' dir='ltr'>τὸν</span> <span class='ocrx_word' id='word_1_489' title='bbox 3605 986 3817 1052; x_wconf 88' lang='grc' dir='ltr'>κόσμον</span> <span class='ocrx_word' id='word_1_490' title='bbox 3851 988 4037 1052; x_wconf 62' lang='grc' dir='ltr'>δεδέη-</span> 
     </span>
    </p>
   </div>
   <div class='ocr_carea' id='block_1_68' title="bbox 2461 1079 4036 1149">
    <p class='ocr_par' dir='ltr' id='par_1_68' title="bbox 2461 1079 4036 1149">
     <span class='ocr_line' id='line_1_68' title="bbox 2461 1079 4036 1149; baseline 0 -18"><span class='ocrx_word' id='word_1_491' title='bbox 2461 1080 2621 1149; x_wconf 79' lang='grc' dir='ltr'>μένος</span> <span class='ocrx_word' id='word_1_492' title='bbox 2676 1080 2881 1147; x_wconf 84' lang='grc' dir='ltr'>κόσμου</span> <span class='ocrx_word' id='word_1_493' title='bbox 2931 1080 3025 1131; x_wconf 75' lang='grc' dir='ltr'>καὶ</span> <span class='ocrx_word' id='word_1_494' title='bbox 3072 1080 3235 1140; x_wconf 65' lang='grc' dir='ltr'>αὐτὸς</span> <span class='ocrx_word' id='word_1_495' title='bbox 3280 1081 3381 1131; x_wconf 68' lang='grc' dir='ltr'>οὒκ</span> <span class='ocrx_word' id='word_1_496' title='bbox 3434 1079 3496 1131; x_wconf 70' lang='grc' dir='ltr'>ἂν</span> <span class='ocrx_word' id='word_1_497' title='bbox 3545 1080 3765 1149; x_wconf 81' lang='grc' dir='ltr'>όφλήσῃ</span> <span class='ocrx_word' id='word_1_498' title='bbox 3821 1081 4036 1145; x_wconf 71' lang='grc' dir='ltr'>γὲλωνς</span> 
     </span>
    </p>
   </div>
   <div class='ocr_carea' id='block_1_69' title="bbox 2461 1171 4039 1241">
    <p class='ocr_par' dir='ltr' id='par_1_69' title="bbox 2461 1171 4039 1241">
     <span class='ocr_line' id='line_1_69' title="bbox 2461 1171 4039 1241; baseline -0.002 -16"><span class='ocrx_word' id='word_1_499' title='bbox 2461 1173 2688 1241; x_wconf 86' lang='grc' dir='ltr'>Ὅμοιον</span> <span class='ocrx_word' id='word_1_500' title='bbox 2713 1176 2819 1241; x_wconf 77' lang='grc' dir='ltr'><strong>γάρ</strong></span> <span class='ocrx_word' id='word_1_501' title='bbox 2846 1190 2897 1223; x_wconf 92' lang='grc' dir='ltr'><strong>τι</strong></span> <span class='ocrx_word' id='word_1_502' title='bbox 2922 1172 3059 1241; x_wconf 71' lang='grc' dir='ltr'>πρὸς</span> <span class='ocrx_word' id='word_1_503' title='bbox 3099 1171 3332 1241; x_wconf 82' lang='grc' dir='ltr'>μέμψιν,</span> <span class='ocrx_word' id='word_1_504' title='bbox 3369 1173 3418 1222; x_wconf 83' lang='grc' dir='ltr'>εἰ</span> <span class='ocrx_word' id='word_1_505' title='bbox 3460 1172 3671 1240; x_wconf 77' lang='grc' dir='ltr'>κόσμου</span> <span class='ocrx_word' id='word_1_506' title='bbox 3705 1172 4039 1241; x_wconf 76' lang='grc' dir='ltr'>προσδέεται</span> 
     </span>
    </p>
   </div>
   <div class='ocr_carea' id='block_1_70' title="bbox 2460 1263 4038 1333">
    <p class='ocr_par' dir='ltr' id='par_1_70' title="bbox 2460 1263 4038 1333">
     <span class='ocr_line' id='line_1_70' title="bbox 2460 1263 4038 1333; baseline -0.001 -15"><span class='ocrx_word' id='word_1_507' title='bbox 2460 1270 2487 1319; x_wconf 89' lang='grc' dir='ltr'><strong>ὁ</strong></span> <span class='ocrx_word' id='word_1_508' title='bbox 2547 1268 2795 1333; x_wconf 84' lang='grc' dir='ltr'>κόσμιος,</span> <span class='ocrx_word' id='word_1_509' title='bbox 2846 1266 2920 1327; x_wconf 87' lang='grc' dir='ltr'>ὼς</span> <span class='ocrx_word' id='word_1_510' title='bbox 2983 1266 3031 1316; x_wconf 90' lang='grc' dir='ltr'><strong>εί</strong></span> <span class='ocrx_word' id='word_1_511' title='bbox 3083 1265 3176 1317; x_wconf 79' lang='grc' dir='ltr'>καὶ</span> <span class='ocrx_word' id='word_1_512' title='bbox 3222 1264 3281 1316; x_wconf 72' lang='grc' dir='ltr'><strong>τὸ</strong></span> <span class='ocrx_word' id='word_1_513' title='bbox 3325 1264 3456 1326; x_wconf 79' lang='grc' dir='ltr'>ἆλας</span> <span class='ocrx_word' id='word_1_514' title='bbox 3499 1263 3758 1331; x_wconf 73' lang='grc' dir='ltr'><strong>νοστίμου</strong></span> <span class='ocrx_word' id='word_1_515' title='bbox 3817 1266 4038 1325; x_wconf 79' lang='grc' dir='ltr'>ἆλατος.</span> 
     </span>
    </p>
   </div>
   <div class='ocr_carea' id='block_1_71' title="bbox 2462 1358 4042 1430">
    <p class='ocr_par' dir='ltr' id='par_1_71' title="bbox 2462 1358 4042 1430">
     <span class='ocr_line' id='line_1_71' title="bbox 2462 1358 4042 1430; baseline -0.003 -17"><span class='ocrx_word' id='word_1_516' title='bbox 2462 1362 2674 1429; x_wconf 84' lang='grc' dir='ltr'>Κοσμεῖ</span> <span class='ocrx_word' id='word_1_517' title='bbox 2701 1360 2757 1412; x_wconf 80' lang='grc' dir='ltr'>δὲ</span> <span class='ocrx_word' id='word_1_518' title='bbox 2794 1358 3056 1430; x_wconf 75' lang='grc' dir='ltr'>μοναχὸν,</span> <span class='ocrx_word' id='word_1_519' title='bbox 3098 1358 3289 1428; x_wconf 82' lang='grc' dir='ltr'>ὥσπερ</span> <span class='ocrx_word' id='word_1_520' title='bbox 3321 1358 3419 1411; x_wconf 77' lang='grc' dir='ltr'><strong>καὶ</strong></span> <span class='ocrx_word' id='word_1_521' title='bbox 3449 1360 3629 1411; x_wconf 82' lang='grc' dir='ltr'>πάντα</span> <span class='ocrx_word' id='word_1_522' title='bbox 3664 1358 3982 1424; x_wconf 79' lang='grc' dir='ltr'>ἄνθρωπον,</span> <span class='ocrx_word' id='word_1_523' title='bbox 4017 1361 4042 1409; x_wconf 89' lang='lat'><strong>6</strong></span> 
     </span>
    </p>
   </div>
   <div class='ocr_carea' id='block_1_72' title="bbox 2461 1444 4043 1522">
    <p class='ocr_par' dir='ltr' id='par_1_72' title="bbox 2461 1444 4043 1522">
     <span class='ocr_line' id='line_1_72' title="bbox 2461 1444 4043 1522; baseline -0.004 -16"><span class='ocrx_word' id='word_1_524' title='bbox 2461 1455 2640 1522; x_wconf 80' lang='grc' dir='ltr'><strong>λόγος.</strong></span> <span class='ocrx_word' id='word_1_525' title='bbox 2690 1451 3103 1506; x_wconf 77' lang='grc' dir='ltr'>Μετελευστέον</span> <span class='ocrx_word' id='word_1_526' title='bbox 3148 1469 3231 1505; x_wconf 91' lang='grc' dir='ltr'><strong>σοι</strong></span> <span class='ocrx_word' id='word_1_527' title='bbox 3281 1452 3389 1522; x_wconf 83' lang='grc' dir='ltr'>ἄρα</span> <span class='ocrx_word' id='word_1_528' title='bbox 3423 1450 3520 1503; x_wconf 71' lang='grc' dir='ltr'><strong>τὸν</strong></span> <span class='ocrx_word' id='word_1_529' title='bbox 3571 1451 3755 1517; x_wconf 82' lang='grc' dir='ltr'>λόγον,</span> <span class='ocrx_word' id='word_1_530' title='bbox 3792 1444 3837 1502; x_wconf 80' lang='grc' dir='ltr'><strong>ὧ</strong></span> <span class='ocrx_word' id='word_1_531' title='bbox 3870 1450 3959 1501; x_wconf 68' lang='grc' dir='ltr'>διὰ</span> <span class='ocrx_word' id='word_1_532' title='bbox 3988 1452 4043 1501; x_wconf 70' lang='grc' dir='ltr'><strong>τό</strong></span> 
     </span>
    </p>
   </div>
   <div class='ocr_carea' id='block_1_73' title="bbox 2469 1546 3442 1618">
    <p class='ocr_par' dir='ltr' id='par_1_73' title="bbox 2469 1546 3442 1618">
     <span class='ocr_line' id='line_1_73' title="bbox 2469 1546 3442 1618; baseline -0.003 -19"><span class='ocrx_word' id='word_1_533' title='bbox 2469 1548 2892 1618; x_wconf 86' lang='grc' dir='ltr'>μεγαλόσχημον</span> <span class='ocrx_word' id='word_1_534' title='bbox 2938 1546 3442 1615; x_wconf 77' lang='grc' dir='ltr'>εὐσχημονέστατε,</span> 
     </span>
    </p>
   </div>
   <div class='ocr_carea' id='block_1_74' title="bbox 2466 1635 4048 1711">
    <p class='ocr_par' dir='ltr' id='par_1_74' title="bbox 2466 1635 4048 1711">
     <span class='ocr_line' id='line_1_74' title="bbox 2466 1635 4048 1711; baseline -0.006 -16"><span class='ocrx_word' id='word_1_535' title='bbox 2466 1643 2629 1695; x_wconf 83' lang='grc' dir='ltr'>πλέον</span> <span class='ocrx_word' id='word_1_536' title='bbox 2661 1642 2779 1711; x_wconf 83' lang='grc' dir='ltr'>είης</span> <span class='ocrx_word' id='word_1_537' title='bbox 2802 1639 3236 1710; x_wconf 87' lang='grc' dir='ltr'>κοσμικώτερος.</span> <span class='ocrx_word' id='word_1_538' title='bbox 3271 1640 3488 1706; x_wconf 83' lang='grc' dir='ltr'>Κόσμος</span> <span class='ocrx_word' id='word_1_539' title='bbox 3514 1637 3619 1705; x_wconf 71' lang='grc' dir='ltr'><strong>γὰρ</strong></span> <span class='ocrx_word' id='word_1_540' title='bbox 3640 1635 3834 1702; x_wconf 77' lang='grc' dir='ltr'>ὥσπερ</span> <span class='ocrx_word' id='word_1_541' title='bbox 3867 1637 4048 1696; x_wconf 73' lang='grc' dir='ltr'>ἄλλοις</span> 
     </span>
    </p>
   </div>
   <div class='ocr_carea' id='block_1_75' title="bbox 3502 1543 4046 1596">
    <p class='ocr_par' dir='ltr' id='par_1_75' title="bbox 3502 1543 4046 1596">
     <span class='ocr_line' id='line_1_75' title="bbox 3502 1543 4046 1596; baseline -0.004 -1"><span class='ocrx_word' id='word_1_542' title='bbox 3502 1546 3588 1596; x_wconf 90' lang='grc' dir='ltr'><strong>ῖνα</strong></span> <span class='ocrx_word' id='word_1_543' title='bbox 3642 1543 3710 1595; x_wconf 81' lang='grc' dir='ltr'>δι’</span> <span class='ocrx_word' id='word_1_544' title='bbox 3750 1545 3921 1595; x_wconf 73' lang='grc' dir='ltr'>αὐτοῦ</span> <span class='ocrx_word' id='word_1_545' title='bbox 3956 1546 4046 1594; x_wconf 73' lang='grc' dir='ltr'><strong>ἐπὶ</strong></span> 
     </span>
    </p>
   </div>
   <div class='ocr_carea' id='block_1_76' title="bbox 2464 1729 4048 1803">
    <p class='ocr_par' dir='ltr' id='par_1_76' title="bbox 2464 1729 4048 1803">
     <span class='ocr_line' id='line_1_76' title="bbox 2464 1729 4048 1803; baseline -0.006 -16"><span class='ocrx_word' id='word_1_546' title='bbox 2464 1736 2575 1787; x_wconf 84' lang='grc' dir='ltr'><strong>τῶν</strong></span> <span class='ocrx_word' id='word_1_547' title='bbox 2602 1734 2872 1803; x_wconf 81' lang='grc' dir='ltr'>σωμάτων</span> <span class='ocrx_word' id='word_1_548' title='bbox 2904 1735 3000 1787; x_wconf 73' lang='grc' dir='ltr'>καὶ</span> <span class='ocrx_word' id='word_1_549' title='bbox 3032 1733 3143 1785; x_wconf 86' lang='grc' dir='ltr'><strong>τῶν</strong></span> <span class='ocrx_word' id='word_1_550' title='bbox 3188 1733 3534 1803; x_wconf 80' lang='grc' dir='ltr'><strong>πραγμάτων</strong></span> <span class='ocrx_word' id='word_1_551' title='bbox 3563 1731 3699 1784; x_wconf 81' lang='grc' dir='ltr'>ἀλλα</span> <span class='ocrx_word' id='word_1_552' title='bbox 3726 1730 3875 1786; x_wconf 73' lang='grc' dir='ltr'>τινὰ.</span> <span class='ocrx_word' id='word_1_553' title='bbox 3906 1729 4048 1781; x_wconf 75' lang='grc' dir='ltr'>οὕτω</span> 
     </span>
    </p>
   </div>
   <div class='ocr_carea' id='block_1_77' title="bbox 2466 1818 4054 1897">
    <p class='ocr_par' dir='ltr' id='par_1_77' title="bbox 2466 1818 4054 1897">
     <span class='ocr_line' id='line_1_77' title="bbox 2466 1818 4054 1897; baseline -0.005 -17"><span class='ocrx_word' id='word_1_554' title='bbox 2466 1830 2563 1880; x_wconf 85' lang='grc' dir='ltr'>καὶ</span> <span class='ocrx_word' id='word_1_555' title='bbox 2591 1828 2866 1897; x_wconf 77' lang='grc' dir='ltr'><strong>ἀνθρώπῳ</strong></span> <span class='ocrx_word' id='word_1_556' title='bbox 2896 1826 2975 1895; x_wconf 83' lang='grc' dir='ltr'>τῷ</span> <span class='ocrx_word' id='word_1_557' title='bbox 3005 1825 3234 1894; x_wconf 80' lang='grc' dir='ltr'><strong>κυρίως,</strong></span> <span class='ocrx_word' id='word_1_558' title='bbox 3266 1818 3327 1876; x_wconf 75' lang='grc' dir='ltr'><strong>ού</strong></span> <span class='ocrx_word' id='word_1_559' title='bbox 3375 1824 3541 1894; x_wconf 82' lang='grc' dir='ltr'>μέρος</span> <span class='ocrx_word' id='word_1_560' title='bbox 3580 1827 3674 1875; x_wconf 77' lang='grc' dir='ltr'>καὶ</span> <span class='ocrx_word' id='word_1_561' title='bbox 3705 1826 3731 1875; x_wconf 88' lang='lat'><strong>6</strong></span> <span class='ocrx_word' id='word_1_562' title='bbox 3769 1821 3897 1874; x_wconf 75' lang='grc' dir='ltr'>κατ’</span> <span class='ocrx_word' id='word_1_563' title='bbox 3924 1820 4054 1885; x_wconf 63' lang='grc' dir='ltr'>ἀλή-</span> 
     </span>
    </p>
   </div>
   <div class='ocr_carea' id='block_1_78' title="bbox 2473 1914 4053 1989">
    <p class='ocr_par' dir='ltr' id='par_1_78' title="bbox 2473 1914 4053 1989">
     <span class='ocr_line' id='line_1_78' title="bbox 2473 1914 4053 1989; baseline -0.006 -17"><span class='ocrx_word' id='word_1_564' title='bbox 2473 1920 2636 1974; x_wconf 88' lang='grc' dir='ltr'>θειαν.</span> <span class='ocrx_word' id='word_1_565' title='bbox 2653 1919 2911 1989; x_wconf 81' lang='grc' dir='ltr'>μοναχὸς,</span> <span class='ocrx_word' id='word_1_566' title='bbox 2930 1918 3081 1970; x_wconf 72' lang='grc' dir='ltr'>οὐδὲν</span> <span class='ocrx_word' id='word_1_567' title='bbox 3102 1917 3233 1970; x_wconf 85' lang='grc' dir='ltr'>ἄλλο</span> <span class='ocrx_word' id='word_1_568' title='bbox 3254 1917 3285 1986; x_wconf 85' lang='grc' dir='ltr'>ἢ</span> <span class='ocrx_word' id='word_1_569' title='bbox 3311 1917 3490 1983; x_wconf 84' lang='grc' dir='ltr'>λόγος,</span> <span class='ocrx_word' id='word_1_570' title='bbox 3508 1918 3537 1968; x_wconf 87' lang='grc' dir='ltr'><strong>ὀ</strong></span> <span class='ocrx_word' id='word_1_571' title='bbox 3560 1915 3700 1985; x_wconf 78' lang='grc' dir='ltr'>μετὰ</span> <span class='ocrx_word' id='word_1_572' title='bbox 3721 1914 4053 1983; x_wconf 80' lang='grc' dir='ltr'>ἐμπράκτου</span> 
     </span>
    </p>
   </div>
   <div class='ocr_carea' id='block_1_79' title="bbox 2471 2008 4057 2085">
    <p class='ocr_par' dir='ltr' id='par_1_79' title="bbox 2471 2008 4057 2085">
     <span class='ocr_line' id='line_1_79' title="bbox 2471 2008 4057 2085; baseline -0.008 -16"><span class='ocrx_word' id='word_1_573' title='bbox 2471 2017 2677 2085; x_wconf 79' lang='grc' dir='ltr'>ἀρετῆς</span> <span class='ocrx_word' id='word_1_574' title='bbox 2698 2030 2711 2042; x_wconf 80' lang='grc'><strong><em>⁸</em></strong></span> <span class='ocrx_word' id='word_1_575' title='bbox 2737 2008 2913 2080; x_wconf 75' lang='grc' dir='ltr'>οὗπερ</span> <span class='ocrx_word' id='word_1_576' title='bbox 2938 2012 3224 2064; x_wconf 64' lang='grc' dir='ltr'>ἐκπίπτων</span> <span class='ocrx_word' id='word_1_577' title='bbox 3243 2011 3309 2062; x_wconf 79' lang='grc' dir='ltr'>σὺ</span> <span class='ocrx_word' id='word_1_578' title='bbox 3336 2012 3432 2077; x_wconf 84' lang='grc' dir='ltr'>τὴν</span> <span class='ocrx_word' id='word_1_579' title='bbox 3453 2008 3651 2078; x_wconf 77' lang='grc' dir='ltr'>ἀρχὴν,</span> <span class='ocrx_word' id='word_1_580' title='bbox 3669 2011 3696 2059; x_wconf 91' lang='lat'><strong>6</strong></span> <span class='ocrx_word' id='word_1_581' title='bbox 3721 2009 3816 2059; x_wconf 80' lang='grc' dir='ltr'><strong>καί</strong></span> <span class='ocrx_word' id='word_1_582' title='bbox 3832 2009 4057 2075; x_wconf 80' lang='grc' dir='ltr'>ἀγράμ-</span> 
     </span>
    </p>
   </div>
   <div class='ocr_carea' id='block_1_80' title="bbox 2478 2099 4057 2176">
    <p class='ocr_par' dir='ltr' id='par_1_80' title="bbox 2478 2099 4057 2176">
     <span class='ocr_line' id='line_1_80' title="bbox 2478 2099 4057 2176; baseline -0.007 -17"><span class='ocrx_word' id='word_1_583' title='bbox 2478 2124 2647 2176; x_wconf 84' lang='grc' dir='ltr'><strong>ματος</strong></span> <span class='ocrx_word' id='word_1_584' title='bbox 2698 2107 2793 2158; x_wconf 72' lang='grc' dir='ltr'>καὶ</span> <span class='ocrx_word' id='word_1_585' title='bbox 2821 2104 2947 2157; x_wconf 70' lang='grc' dir='ltr'>οὐδὲ</span> <span class='ocrx_word' id='word_1_586' title='bbox 2988 2103 3317 2171; x_wconf 69' lang='grc' dir='ltr'>πρακτικὸς,</span> <span class='ocrx_word' id='word_1_587' title='bbox 3354 2103 3544 2168; x_wconf 81' lang='grc' dir='ltr'>ἀγάπα</span> <span class='ocrx_word' id='word_1_588' title='bbox 3602 2100 3843 2167; x_wconf 77' lang='grc' dir='ltr'><strong>δευτέρῳ</strong></span> <span class='ocrx_word' id='word_1_589' title='bbox 3909 2099 4057 2165; x_wconf 84' lang='grc' dir='ltr'>λόγῳ</span> 
     </span>
    </p>
   </div>
   <div class='ocr_carea' id='block_1_81' title="bbox 2473 2190 4058 2267">
    <p class='ocr_par' dir='ltr' id='par_1_81' title="bbox 2473 2190 4058 2267">
     <span class='ocr_line' id='line_1_81' title="bbox 2473 2190 4058 2267; baseline -0.007 -19"><span class='ocrx_word' id='word_1_590' title='bbox 2473 2199 2598 2259; x_wconf 72' lang='grc' dir='ltr'>τοὺς</span> <span class='ocrx_word' id='word_1_591' title='bbox 2636 2195 2713 2267; x_wconf 77' lang='grc' dir='ltr'>μὴ</span> <span class='ocrx_word' id='word_1_592' title='bbox 2740 2195 2880 2248; x_wconf 87' lang='grc' dir='ltr'><strong>κατά</strong></span> <span class='ocrx_word' id='word_1_593' title='bbox 2908 2194 2989 2246; x_wconf 77' lang='grc' dir='ltr'><strong>σέ.</strong></span> <span class='ocrx_word' id='word_1_594' title='bbox 3023 2194 3133 2245; x_wconf 76' lang='lat' dir='ltr'><strong>Kal.</strong></span> <span class='ocrx_word' id='word_1_595' title='bbox 3150 2192 3294 2245; x_wconf 83' lang='grc' dir='ltr'>οὕτω</span> <span class='ocrx_word' id='word_1_596' title='bbox 3326 2193 3477 2258; x_wconf 81' lang='grc' dir='ltr'>γίνου</span> <span class='ocrx_word' id='word_1_597' title='bbox 3506 2192 3707 2259; x_wconf 85' lang='grc' dir='ltr'>τρόπον</span> <span class='ocrx_word' id='word_1_598' title='bbox 3734 2190 3861 2241; x_wconf 81' lang='grc' dir='ltr'>τινὰ</span> <span class='ocrx_word' id='word_1_599' title='bbox 3890 2190 4058 2254; x_wconf 71' lang='grc' dir='ltr'>σοφὸς</span> 
     </span>
    </p>
   </div>
   <div class='ocr_carea' id='block_1_82' title="bbox 2473 2282 4059 2355">
    <p class='ocr_par' dir='ltr' id='par_1_82' title="bbox 2473 2282 4059 2355">
     <span class='ocr_line' id='line_1_82' title="bbox 2473 2282 4059 2355; baseline -0.007 -13"><span class='ocrx_word' id='word_1_600' title='bbox 2473 2290 2572 2342; x_wconf 75' lang='grc' dir='ltr'>καὶ</span> <span class='ocrx_word' id='word_1_601' title='bbox 2594 2288 2757 2349; x_wconf 83' lang='grc' dir='ltr'>αὑτός</span> <span class='ocrx_word' id='word_1_602' title='bbox 2778 2286 2967 2355; x_wconf 84' lang='grc' dir='ltr'>(σοφία</span> <span class='ocrx_word' id='word_1_603' title='bbox 2992 2286 3101 2355; x_wconf 86' lang='grc' dir='ltr'><strong>γάρ</strong></span> <span class='ocrx_word' id='word_1_604' title='bbox 3119 2302 3204 2347; x_wconf 88' lang='grc' dir='ltr'><strong>τις</strong></span> <span class='ocrx_word' id='word_1_605' title='bbox 3245 2284 3344 2336; x_wconf 69' lang='grc' dir='ltr'>καὶ</span> <span class='ocrx_word' id='word_1_606' title='bbox 3364 2284 3424 2336; x_wconf 77' lang='grc' dir='ltr'>τὸ</span> <span class='ocrx_word' id='word_1_607' title='bbox 3448 2284 3626 2349; x_wconf 82' lang='grc' dir='ltr'>φιλεῖν</span> <span class='ocrx_word' id='word_1_608' title='bbox 3648 2283 3776 2343; x_wconf 79' lang='grc' dir='ltr'>τοὺς</span> <span class='ocrx_word' id='word_1_609' title='bbox 3807 2282 4059 2349; x_wconf 78' lang='grc' dir='ltr'>σοφοὺς),</span> 
     </span>
    </p>
   </div>
   <div class='ocr_carea' id='block_1_83' title="bbox 2473 2372 4065 2449">
    <p class='ocr_par' dir='ltr' id='par_1_83' title="bbox 2473 2372 4065 2449">
     <span class='ocr_line' id='line_1_83' title="bbox 2473 2372 4065 2449; baseline -0.008 -15"><span class='ocrx_word' id='word_1_610' title='bbox 2473 2381 2572 2434; x_wconf 86' lang='grc' dir='ltr'>καὶ</span> <span class='ocrx_word' id='word_1_611' title='bbox 2624 2379 2701 2449; x_wconf 82' lang='grc' dir='ltr'>μὴ</span> <span class='ocrx_word' id='word_1_612' title='bbox 2754 2376 3027 2442; x_wconf 80' lang='grc' dir='ltr'>ὲξουθένει</span> <span class='ocrx_word' id='word_1_613' title='bbox 3074 2377 3272 2447; x_wconf 84' lang='grc' dir='ltr'>ἀνέδην</span> <span class='ocrx_word' id='word_1_614' title='bbox 3317 2378 3411 2429; x_wconf 72' lang='grc' dir='ltr'>καὶ</span> <span class='ocrx_word' id='word_1_615' title='bbox 3450 2372 3967 2443; x_wconf 77' lang='grc' dir='ltr'>ἀπαρακαλύπτως,</span> <span class='ocrx_word' id='word_1_616' title='bbox 4006 2376 4065 2423; x_wconf 76' lang='grc' dir='ltr'>ἐν</span> 
     </span>
    </p>
   </div>
   <div class='ocr_carea' id='block_1_84' title="bbox 2477 2463 4063 2542">
    <p class='ocr_par' dir='ltr' id='par_1_84' title="bbox 2477 2463 4063 2542">
     <span class='ocr_line' id='line_1_84' title="bbox 2477 2463 4063 2542; baseline -0.008 -17"><span class='ocrx_word' id='word_1_617' title='bbox 2477 2470 2635 2541; x_wconf 78' lang='grc' dir='ltr'>ὕϐρει</span> <span class='ocrx_word' id='word_1_618' title='bbox 2659 2470 2895 2542; x_wconf 78' lang='grc' dir='ltr'><strong>μεγίστῃ</strong></span> <span class='ocrx_word' id='word_1_619' title='bbox 2922 2468 3096 2532; x_wconf 74' lang='grc' dir='ltr'>τιθεὶς</span> <span class='ocrx_word' id='word_1_620' title='bbox 3122 2469 3181 2521; x_wconf 83' lang='grc' dir='ltr'>τὸ</span> <span class='ocrx_word' id='word_1_621' title='bbox 3216 2488 3234 2519; x_wconf 81' lang='grc' dir='ltr'><strong>ι</strong></span> <span class='ocrx_word' id='word_1_622' title='bbox 3271 2466 3653 2537; x_wconf 82' lang='grc' dir='ltr'>γραμματικέ.</span> <span class='ocrx_word' id='word_1_623' title='bbox 3689 2483 3706 2514; x_wconf 75' lang='grc' dir='ltr'><strong>ι</strong></span> <span class='ocrx_word' id='word_1_624' title='bbox 3741 2464 3804 2516; x_wconf 83' lang='lat' dir='ltr'><strong>El</strong></span> <span class='ocrx_word' id='word_1_625' title='bbox 3826 2463 3886 2516; x_wconf 79' lang='grc' dir='ltr'>δὲ</span> <span class='ocrx_word' id='word_1_626' title='bbox 3919 2464 4063 2533; x_wconf 77' lang='grc' dir='ltr'>μήτε</span> 
     </span>
    </p>
   </div>
   <div class='ocr_carea' id='block_1_85' title="bbox 2481 2557 4066 2635">
    <p class='ocr_par' dir='ltr' id='par_1_85' title="bbox 2481 2557 4066 2635">
     <span class='ocr_line' id='line_1_85' title="bbox 2481 2557 4066 2635; baseline -0.008 -15"><span class='ocrx_word' id='word_1_627' title='bbox 2481 2570 2544 2621; x_wconf 75' lang='grc' dir='ltr'>σὺ</span> <span class='ocrx_word' id='word_1_628' title='bbox 2580 2566 2850 2635; x_wconf 78' lang='grc' dir='ltr'>ἐρμαῖκὸς</span> <span class='ocrx_word' id='word_1_629' title='bbox 2884 2565 3172 2633; x_wconf 76' lang='grc' dir='ltr'>ἄνθρωπος</span> <span class='ocrx_word' id='word_1_630' title='bbox 3204 2557 3275 2623; x_wconf 77' lang='grc' dir='ltr'>εἴ,</span> <span class='ocrx_word' id='word_1_631' title='bbox 3304 2563 3439 2631; x_wconf 83' lang='grc' dir='ltr'>μήτε</span> <span class='ocrx_word' id='word_1_632' title='bbox 3468 2562 3688 2629; x_wconf 73' lang='grc' dir='ltr'>ἀγαπᾷς</span> <span class='ocrx_word' id='word_1_633' title='bbox 3720 2559 3850 2616; x_wconf 75' lang='grc' dir='ltr'>τοὺς</span> <span class='ocrx_word' id='word_1_634' title='bbox 3880 2559 4066 2610; x_wconf 68' lang='grc' dir='ltr'>τοιού-</span> 
     </span>
    </p>
   </div>
   <div class='ocr_carea' id='block_1_86' title="bbox 2476 2652 4064 2723">
    <p class='ocr_par' dir='ltr' id='par_1_86' title="bbox 2476 2652 4064 2723">
     <span class='ocr_line' id='line_1_86' title="bbox 2476 2652 4064 2723; baseline -0.009 -9"><span class='ocrx_word' id='word_1_635' title='bbox 2476 2679 2625 2722; x_wconf 89' lang='grc' dir='ltr'>τους.</span> <span class='ocrx_word' id='word_1_636' title='bbox 2648 2660 2741 2713; x_wconf 78' lang='grc' dir='ltr'>καὶ</span> <span class='ocrx_word' id='word_1_637' title='bbox 2765 2659 2886 2711; x_wconf 74' lang='grc' dir='ltr'>οὐδὲ</span> <span class='ocrx_word' id='word_1_638' title='bbox 2912 2658 2972 2709; x_wconf 72' lang='grc' dir='ltr'><strong>τὸ</strong></span> <span class='ocrx_word' id='word_1_639' title='bbox 3003 2659 3066 2709; x_wconf 73' lang='grc' dir='ltr'>ὲκ</span> <span class='ocrx_word' id='word_1_640' title='bbox 3086 2656 3195 2709; x_wconf 85' lang='grc' dir='ltr'>τῶν</span> <span class='ocrx_word' id='word_1_641' title='bbox 3220 2654 3470 2723; x_wconf 70' lang='grc' dir='ltr'>πράξεων</span> <span class='ocrx_word' id='word_1_642' title='bbox 3490 2653 3636 2721; x_wconf 75' lang='grc' dir='ltr'>ἔχεις</span> <span class='ocrx_word' id='word_1_643' title='bbox 3656 2652 4032 2719; x_wconf 75' lang='grc' dir='ltr'>ἐπικόσμημα</span> <span class='ocrx_word' id='word_1_644' title='bbox 4049 2664 4064 2677; x_wconf 93' lang='grc'><strong>·</strong></span> 
     </span>
    </p>
   </div>
   <div class='ocr_carea' id='block_1_87' title="bbox 2480 2740 4070 2818">
    <p class='ocr_par' dir='ltr' id='par_1_87' title="bbox 2480 2740 4070 2818">
     <span class='ocr_line' id='line_1_87' title="bbox 2480 2740 4070 2818; baseline -0.01 -10"><span class='ocrx_word' id='word_1_645' title='bbox 2480 2754 2545 2808; x_wconf 80' lang='grc' dir='ltr'>σὺ</span> <span class='ocrx_word' id='word_1_646' title='bbox 2577 2755 2739 2816; x_wconf 65' lang='grc' dir='ltr'>αύτὸς</span> <span class='ocrx_word' id='word_1_647' title='bbox 2770 2753 3009 2818; x_wconf 86' lang='grc' dir='ltr'>λόγισαι,</span> <span class='ocrx_word' id='word_1_648' title='bbox 3041 2750 3204 2811; x_wconf 84' lang='grc' dir='ltr'>ποίας</span> <span class='ocrx_word' id='word_1_649' title='bbox 3239 2748 3446 2811; x_wconf 80' lang='grc' dir='ltr'>τάξεως</span> <span class='ocrx_word' id='word_1_650' title='bbox 3479 2748 3537 2798; x_wconf 80' lang='grc' dir='ltr'>ὲν</span> <span class='ocrx_word' id='word_1_651' title='bbox 3563 2745 3880 2812; x_wconf 86' lang='grc' dir='ltr'>ἀνθρώποις</span> <span class='ocrx_word' id='word_1_652' title='bbox 3914 2740 4070 2795; x_wconf 79' lang='grc' dir='ltr'>εἶναι</span> 
     </span>
    </p>
   </div>
   <div class='ocr_carea' id='block_1_88' title="bbox 2481 2838 4070 2915">
    <p class='ocr_par' dir='ltr' id='par_1_88' title="bbox 2481 2838 4070 2915">
     <span class='ocr_line' id='line_1_88' title="bbox 2481 2838 4070 2915; baseline -0.009 -14"><span class='ocrx_word' id='word_1_653' title='bbox 2481 2848 2808 2915; x_wconf 80' lang='grc' dir='ltr'>τετύχηκας.</span> <span class='ocrx_word' id='word_1_654' title='bbox 2855 2846 2976 2896; x_wconf 76' lang='grc' dir='ltr'>Ὀτι</span> <span class='ocrx_word' id='word_1_655' title='bbox 3015 2841 3218 2913; x_wconf 79' lang='grc' dir='ltr'>δηλαδὴ</span> <span class='ocrx_word' id='word_1_656' title='bbox 3252 2842 3312 2895; x_wconf 88' lang='grc' dir='ltr'><strong>ού</strong></span> <span class='ocrx_word' id='word_1_657' title='bbox 3359 2839 3459 2909; x_wconf 83' lang='grc' dir='ltr'>τὴς</span> <span class='ocrx_word' id='word_1_658' title='bbox 3507 2842 3918 2906; x_wconf 76' lang='grc' dir='ltr'>ἐπαινουμένης</span> <span class='ocrx_word' id='word_1_659' title='bbox 3951 2838 4070 2901; x_wconf 75' lang='grc' dir='ltr'>(ἵνα</span> 
     </span>
    </p>
   </div>
   <div class='ocr_carea' id='block_1_89' title="bbox 2487 2928 4071 3012">
    <p class='ocr_par' dir='ltr' id='par_1_89' title="bbox 2487 2928 4071 3012">
     <span class='ocr_line' id='line_1_89' title="bbox 2487 2928 4071 3012; baseline -0.011 -18"><span class='ocrx_word' id='word_1_660' title='bbox 2487 2943 2561 3012; x_wconf 83' lang='grc' dir='ltr'>μή</span> <span class='ocrx_word' id='word_1_661' title='bbox 2602 2959 2655 2993; x_wconf 92' lang='grc' dir='ltr'><strong>τι</strong></span> <span class='ocrx_word' id='word_1_662' title='bbox 2701 2940 3040 3009; x_wconf 68' lang='grc' dir='ltr'>τραχύτερον</span> <span class='ocrx_word' id='word_1_663' title='bbox 3077 2935 3263 3003; x_wconf 79' lang='grc' dir='ltr'>εἴπω),</span> <span class='ocrx_word' id='word_1_664' title='bbox 3303 2933 3441 2986; x_wconf 84' lang='grc' dir='ltr'><strong>ἀλλά</strong></span> <span class='ocrx_word' id='word_1_665' title='bbox 3485 2932 3643 2986; x_wconf 82' lang='grc' dir='ltr'>τοῦτο</span> <span class='ocrx_word' id='word_1_666' title='bbox 3686 2932 3786 3000; x_wconf 75' lang='grc' dir='ltr'><strong>μὲν</strong></span> <span class='ocrx_word' id='word_1_667' title='bbox 3823 2930 3888 2982; x_wconf 72' lang='grc' dir='ltr'>οὐ</span> <span class='ocrx_word' id='word_1_668' title='bbox 3940 2928 4071 2980; x_wconf 79' lang='grc' dir='ltr'>λίαν</span> 
     </span>
    </p>
   </div>
   <div class='ocr_carea' id='block_1_90' title="bbox 2484 3022 4071 3097">
    <p class='ocr_par' dir='ltr' id='par_1_90' title="bbox 2484 3022 4071 3097">
     <span class='ocr_line' id='line_1_90' title="bbox 2484 3022 4071 3097; baseline -0.012 -11"><span class='ocrx_word' id='word_1_669' title='bbox 2484 3036 2625 3088; x_wconf 86' lang='grc' dir='ltr'>πάνυ</span> <span class='ocrx_word' id='word_1_670' title='bbox 2650 3032 2859 3091; x_wconf 64' lang='grc' dir='ltr'>καινόν,</span> <span class='ocrx_word' id='word_1_671' title='bbox 2883 3032 2930 3080; x_wconf 87' lang='grc' dir='ltr'>εἰ</span> <span class='ocrx_word' id='word_1_672' title='bbox 2959 3028 3125 3097; x_wconf 82' lang='grc' dir='ltr'>μηδὲν</span> <span class='ocrx_word' id='word_1_673' title='bbox 3155 3027 3230 3079; x_wconf 84' lang='grc' dir='ltr'>ὣν</span> <span class='ocrx_word' id='word_1_674' title='bbox 3251 3024 3555 3094; x_wconf 79' lang='grc' dir='ltr'>ἀλαζονεύῃ</span> <span class='ocrx_word' id='word_1_675' title='bbox 3579 3025 3666 3076; x_wconf 77' lang='grc' dir='ltr'><strong>διὰ</strong></span> <span class='ocrx_word' id='word_1_676' title='bbox 3686 3022 3746 3074; x_wconf 79' lang='grc' dir='ltr'>τὸ</span> <span class='ocrx_word' id='word_1_677' title='bbox 3774 3022 4071 3089; x_wconf 80' lang='grc' dir='ltr'>φίλαυτον,</span> 
     </span>
    </p>
   </div>
   <div class='ocr_carea' id='block_1_91' title="bbox 2481 3115 3797 3187">
    <p class='ocr_par' dir='ltr' id='par_1_91' title="bbox 2481 3115 3797 3187">
     <span class='ocr_line' id='line_1_91' title="bbox 2481 3115 3797 3187; baseline -0.009 -11"><span class='ocrx_word' id='word_1_678' title='bbox 2481 3124 2509 3175; x_wconf 82' lang='grc' dir='ltr'>ὃ</span> <span class='ocrx_word' id='word_1_679' title='bbox 2537 3126 2647 3183; x_wconf 90' lang='grc' dir='ltr'>τοῖς</span> <span class='ocrx_word' id='word_1_680' title='bbox 2680 3122 2889 3174; x_wconf 84' lang='grc' dir='ltr'>πλείοσι</span> <span class='ocrx_word' id='word_1_681' title='bbox 2917 3119 3032 3170; x_wconf 83' lang='grc' dir='ltr'><strong>τῶν</strong></span> <span class='ocrx_word' id='word_1_682' title='bbox 3062 3117 3371 3187; x_wconf 82' lang='grc' dir='ltr'>ἀνθρώπιον</span> <span class='ocrx_word' id='word_1_683' title='bbox 3403 3115 3797 3183; x_wconf 65' lang='grc' dir='ltr'>παραπέφυκε.</span> 
     </span>
    </p>
   </div>
   <div class='ocr_carea' id='block_1_92' title="bbox 2563 3200 4075 3281">
    <p class='ocr_par' dir='ltr' id='par_1_92' title="bbox 2563 3200 4075 3281">
     <span class='ocr_line' id='line_1_92' title="bbox 2563 3200 4075 3281; baseline -0.01 -17"><span class='ocrx_word' id='word_1_684' title='bbox 2563 3210 2697 3281; x_wconf 83' lang='grc' dir='ltr'>ρλγ’.</span> <span class='ocrx_word' id='word_1_685' title='bbox 2733 3211 2807 3262; x_wconf 81' lang='grc' dir='ltr'><strong>Τὸ</strong></span> <span class='ocrx_word' id='word_1_686' title='bbox 2840 3210 2896 3262; x_wconf 72' lang='grc' dir='ltr'>δὲ</span> <span class='ocrx_word' id='word_1_687' title='bbox 2940 3210 3030 3260; x_wconf 70' lang='grc' dir='ltr'>καὶ</span> <span class='ocrx_word' id='word_1_688' title='bbox 3065 3208 3138 3276; x_wconf 82' lang='grc' dir='ltr'>μὴ</span> <span class='ocrx_word' id='word_1_689' title='bbox 3175 3207 3444 3271; x_wconf 72' lang='grc' dir='ltr'>νομίζειν,</span> <span class='ocrx_word' id='word_1_690' title='bbox 3481 3204 3616 3256; x_wconf 76' lang='grc' dir='ltr'>ἀλλὰ</span> <span class='ocrx_word' id='word_1_691' title='bbox 3646 3202 3858 3273; x_wconf 80' lang='grc' dir='ltr'>κρίνειν</span> <span class='ocrx_word' id='word_1_692' title='bbox 3891 3200 3971 3262; x_wconf 82' lang='grc' dir='ltr'>ὥς</span> <span class='ocrx_word' id='word_1_693' title='bbox 4020 3201 4075 3251; x_wconf 67' lang='grc' dir='ltr'><strong>εν</strong></span> 
     </span>
    </p>
   </div>
   <div class='ocr_carea' id='block_1_93' title="bbox 2489 3294 4079 3375">
    <p class='ocr_par' dir='ltr' id='par_1_93' title="bbox 2489 3294 4079 3375">
     <span class='ocr_line' id='line_1_93' title="bbox 2489 3294 4079 3375; baseline -0.008 -18"><span class='ocrx_word' id='word_1_694' title='bbox 2489 3305 2855 3375; x_wconf 75' lang='grc' dir='ltr'>πληροφορίᾳ,</span> <span class='ocrx_word' id='word_1_695' title='bbox 2904 3303 2985 3352; x_wconf 83' lang='grc' dir='ltr'>ὅτι</span> <span class='ocrx_word' id='word_1_696' title='bbox 3014 3299 3185 3360; x_wconf 78' lang='grc' dir='ltr'>οὐδεὶς</span> <span class='ocrx_word' id='word_1_697' title='bbox 3224 3300 3408 3367; x_wconf 72' lang='grc' dir='ltr'>ἕτερος</span> <span class='ocrx_word' id='word_1_698' title='bbox 3442 3296 3581 3365; x_wconf 79' lang='grc' dir='ltr'>ὑπὲρ</span> <span class='ocrx_word' id='word_1_699' title='bbox 3622 3294 3701 3357; x_wconf 79' lang='grc' dir='ltr'>σὲ,</span> <span class='ocrx_word' id='word_1_700' title='bbox 3739 3294 3879 3345; x_wconf 79' lang='grc' dir='ltr'><strong>ἀλλά</strong></span> <span class='ocrx_word' id='word_1_701' title='bbox 3931 3310 4079 3358; x_wconf 81' lang='grc' dir='ltr'>συμ-</span> 
     </span>
    </p>
   </div>
   <div class='ocr_carea' id='block_1_94' title="bbox 2492 3386 4079 3466">
    <p class='ocr_par' dir='ltr' id='par_1_94' title="bbox 2492 3386 4079 3466">
     <span class='ocr_line' id='line_1_94' title="bbox 2492 3386 4079 3466; baseline -0.009 -15"><span class='ocrx_word' id='word_1_702' title='bbox 2492 3396 2793 3466; x_wconf 80' lang='grc' dir='ltr'>πρωτεύων</span> <span class='ocrx_word' id='word_1_703' title='bbox 2835 3393 2955 3446; x_wconf 78' lang='grc' dir='ltr'>οὐδὲ</span> <span class='ocrx_word' id='word_1_704' title='bbox 3003 3394 3093 3444; x_wconf 71' lang='grc' dir='ltr'>τὸν</span> <span class='ocrx_word' id='word_1_705' title='bbox 3134 3390 3526 3458; x_wconf 79' lang='grc' dir='ltr'><strong>δευτερεύοντα</strong></span> <span class='ocrx_word' id='word_1_706' title='bbox 3574 3389 3741 3455; x_wconf 70' lang='grc' dir='ltr'>ἔχεις,</span> <span class='ocrx_word' id='word_1_707' title='bbox 3793 3386 3853 3437; x_wconf 81' lang='grc' dir='ltr'>τὸ</span> <span class='ocrx_word' id='word_1_708' title='bbox 3887 3388 4079 3453; x_wconf 71' lang='lat' dir='ltr'><strong>napi-</strong></span> 
     </span>
    </p>
   </div>
   <div class='ocr_carea' id='block_1_95' title="bbox 2494 3478 4075 3553">
    <p class='ocr_par' dir='ltr' id='par_1_95' title="bbox 2494 3478 4075 3553">
     <span class='ocr_line' id='line_1_95' title="bbox 2494 3478 4075 3553; baseline -0.011 -10"><span class='ocrx_word' id='word_1_709' title='bbox 2494 3491 2642 3553; x_wconf 77' lang='grc' dir='ltr'>δοξον</span> <span class='ocrx_word' id='word_1_710' title='bbox 2676 3490 2775 3540; x_wconf 70' lang='grc' dir='ltr'><strong>ποῦ</strong></span> <span class='ocrx_word' id='word_1_711' title='bbox 2813 3503 2944 3537; x_wconf 88' lang='grc' dir='ltr'>ποτε</span> <span class='ocrx_word' id='word_1_712' title='bbox 2986 3484 3293 3552; x_wconf 75' lang='grc' dir='ltr'>παρανοίας</span> <span class='ocrx_word' id='word_1_713' title='bbox 3334 3482 3606 3549; x_wconf 82' lang='grc' dir='ltr'>θήσομαι;</span> <span class='ocrx_word' id='word_1_714' title='bbox 3646 3479 3704 3528; x_wconf 89' lang='grc'><strong>’0</strong></span> <span class='ocrx_word' id='word_1_715' title='bbox 3745 3478 4075 3543; x_wconf 76' lang='grc' dir='ltr'>καταμόνας</span> 
     </span>
    </p>
   </div>
   <div class='ocr_carea' id='block_1_96' title="bbox 2494 3567 4080 3645">
    <p class='ocr_par' dir='ltr' id='par_1_96' title="bbox 2494 3567 4080 3645">
     <span class='ocr_line' id='line_1_96' title="bbox 2494 3567 4080 3645; baseline -0.011 -12"><span class='ocrx_word' id='word_1_716' title='bbox 2494 3580 2748 3641; x_wconf 76' lang='grc' dir='ltr'>ναυτικὸς</span> <span class='ocrx_word' id='word_1_717' title='bbox 2809 3578 3137 3645; x_wconf 82' lang='grc' dir='ltr'>ἀπαρνεῖται</span> <span class='ocrx_word' id='word_1_718' title='bbox 3189 3574 3254 3624; x_wconf 75' lang='grc' dir='ltr'><strong>τὰ</strong></span> <span class='ocrx_word' id='word_1_719' title='bbox 3300 3571 3620 3623; x_wconf 73' lang='grc' dir='ltr'>τακτικα’ὀ</span> <span class='ocrx_word' id='word_1_720' title='bbox 3650 3568 3777 3635; x_wconf 77' lang='grc' dir='ltr'>περὶ</span> <span class='ocrx_word' id='word_1_721' title='bbox 3826 3567 3901 3617; x_wconf 84' lang='grc' dir='ltr'>τὰ</span> <span class='ocrx_word' id='word_1_722' title='bbox 3938 3567 4080 3618; x_wconf 74' lang='grc' dir='ltr'>ὅπλα</span> 
     </span>
    </p>
   </div>
   <div class='ocr_carea' id='block_1_97' title="bbox 2495 3658 4081 3737">
    <p class='ocr_par' dir='ltr' id='par_1_97' title="bbox 2495 3658 4081 3737">
     <span class='ocr_line' id='line_1_97' title="bbox 2495 3658 4081 3737; baseline -0.011 -13"><span class='ocrx_word' id='word_1_723' title='bbox 2495 3674 2645 3724; x_wconf 81' lang='grc' dir='ltr'>ὀκνεῖ</span> <span class='ocrx_word' id='word_1_724' title='bbox 2676 3666 3080 3737; x_wconf 75' lang='grc' dir='ltr'>θαλαττουργὸς</span> <span class='ocrx_word' id='word_1_725' title='bbox 3110 3664 3498 3730; x_wconf 73' lang='grc' dir='ltr'>ἐπιλέγεσθαι·</span> <span class='ocrx_word' id='word_1_726' title='bbox 3522 3664 3549 3713; x_wconf 90' lang='lat'><strong>6</strong></span> <span class='ocrx_word' id='word_1_727' title='bbox 3578 3658 4081 3729; x_wconf 72' lang='grc' dir='ltr'>παραϐεϐλημένος</span> 
     </span>
    </p>
   </div>
   <div class='ocr_carea' id='block_1_98' title="bbox 2495 3752 4087 3833">
    <p class='ocr_par' dir='ltr' id='par_1_98' title="bbox 2495 3752 4087 3833">
     <span class='ocr_line' id='line_1_98' title="bbox 2495 3752 4087 3833; baseline -0.009 -18"><span class='ocrx_word' id='word_1_728' title='bbox 2495 3766 2659 3833; x_wconf 73' lang='grc' dir='ltr'>τέχνῃ</span> <span class='ocrx_word' id='word_1_729' title='bbox 2699 3763 2976 3830; x_wconf 75' lang='grc' dir='ltr'>γεωργικῇ</span> <span class='ocrx_word' id='word_1_730' title='bbox 3016 3759 3112 3827; x_wconf 73' lang='grc' dir='ltr'><strong>οὐχ</strong></span> <span class='ocrx_word' id='word_1_731' title='bbox 3146 3758 3494 3825; x_wconf 80' lang='grc' dir='ltr'>ὑπισχνεῖταν</span> <span class='ocrx_word' id='word_1_732' title='bbox 3522 3754 3621 3821; x_wconf 76' lang='grc' dir='ltr'>τὴν</span> <span class='ocrx_word' id='word_1_733' title='bbox 3655 3753 4022 3818; x_wconf 72' lang='grc' dir='ltr'>τεκτονικήνο</span> <span class='ocrx_word' id='word_1_734' title='bbox 4060 3752 4087 3801; x_wconf 86' lang='lat'><strong>6</strong></span> 
     </span>
    </p>
   </div>
   <div class='ocr_carea' id='block_1_99' title="bbox 2498 3840 4086 3920">
    <p class='ocr_par' dir='ltr' id='par_1_99' title="bbox 2498 3840 4086 3920">
     <span class='ocr_line' id='line_1_99' title="bbox 2498 3840 4086 3920; baseline -0.009 -13"><span class='ocrx_word' id='word_1_735' title='bbox 2498 3856 2704 3907; x_wconf 81' lang='grc' dir='ltr'>τέκτων</span> <span class='ocrx_word' id='word_1_736' title='bbox 2735 3852 2920 3920; x_wconf 79' lang='grc' dir='ltr'>ἀφυῶς</span> <span class='ocrx_word' id='word_1_737' title='bbox 2957 3850 3100 3918; x_wconf 80' lang='grc' dir='ltr'>ἔχειν</span> <span class='ocrx_word' id='word_1_738' title='bbox 3132 3847 3226 3900; x_wconf 82' lang='grc' dir='ltr'>τοῦ</span> <span class='ocrx_word' id='word_1_739' title='bbox 3258 3848 3531 3915; x_wconf 75' lang='grc' dir='ltr'>γεωργεῖν</span> <span class='ocrx_word' id='word_1_740' title='bbox 3570 3845 3849 3913; x_wconf 86' lang='grc' dir='ltr'>ὁμολογεῖ.</span> <span class='ocrx_word' id='word_1_741' title='bbox 3902 3844 4006 3903; x_wconf 81' lang='grc' dir='ltr'>Τίς</span> <span class='ocrx_word' id='word_1_742' title='bbox 4043 3840 4086 3893; x_wconf 76' lang='grc' dir='ltr'>δ’</span> 
     </span>
    </p>
   </div>
   <div class='ocr_carea' id='block_1_100' title="bbox 2499 3932 4089 4007">
    <p class='ocr_par' dir='ltr' id='par_1_100' title="bbox 2499 3932 4089 4007">
     <span class='ocr_line' id='line_1_100' title="bbox 2499 3932 4089 4007; baseline -0.009 -7"><span class='ocrx_word' id='word_1_743' title='bbox 2499 3948 2564 4001; x_wconf 77' lang='grc' dir='ltr'>ἂν</span> <span class='ocrx_word' id='word_1_744' title='bbox 2592 3950 2821 4006; x_wconf 74' lang='grc' dir='ltr'>ἕκαστος</span> <span class='ocrx_word' id='word_1_745' title='bbox 2849 3944 2959 3994; x_wconf 86' lang='grc' dir='ltr'>τῶν</span> <span class='ocrx_word' id='word_1_746' title='bbox 2994 3942 3172 3993; x_wconf 79' lang='grc' dir='ltr'>ἀλλων</span> <span class='ocrx_word' id='word_1_747' title='bbox 3221 3939 3543 4007; x_wconf 73' lang='grc' dir='ltr'>ἐπιστήμων</span> <span class='ocrx_word' id='word_1_748' title='bbox 3571 3938 3882 4005; x_wconf 82' lang='grc' dir='ltr'>ὑπόσχηται</span> <span class='ocrx_word' id='word_1_749' title='bbox 3913 3932 4089 3995; x_wconf 78' lang='grc' dir='ltr'>εἶναι,</span> 
     </span>
    </p>
   </div>
   <div class='ocr_carea' id='block_1_101' title="bbox 2501 4023 4090 4100">
    <p class='ocr_par' dir='ltr' id='par_1_101' title="bbox 2501 4023 4090 4100">
     <span class='ocr_line' id='line_1_101' title="bbox 2501 4023 4090 4100; baseline -0.013 -8"><span class='ocrx_word' id='word_1_750' title='bbox 2501 4033 2576 4092; x_wconf 81' lang='grc' dir='ltr'>ὧν</span> <span class='ocrx_word' id='word_1_751' title='bbox 2602 4039 2703 4088; x_wconf 82' lang='grc' dir='ltr'>οὐκ</span> <span class='ocrx_word' id='word_1_752' title='bbox 2724 4031 2866 4087; x_wconf 80' lang='grc' dir='ltr'>οἶδεν</span> <span class='ocrx_word' id='word_1_753' title='bbox 2888 4052 2901 4097; x_wconf 84' lang='grc'>;</span> <span class='ocrx_word' id='word_1_754' title='bbox 2929 4032 3003 4084; x_wconf 84' lang='grc' dir='ltr'><strong>Οὐ</strong></span> <span class='ocrx_word' id='word_1_755' title='bbox 3038 4030 3296 4100; x_wconf 80' lang='grc' dir='ltr'>χαλκεὺς,</span> <span class='ocrx_word' id='word_1_756' title='bbox 3324 4028 3383 4079; x_wconf 84' lang='grc' dir='ltr'><strong>ού</strong></span> <span class='ocrx_word' id='word_1_757' title='bbox 3404 4026 3719 4093; x_wconf 79' lang='grc' dir='ltr'>ζωγράφος,</span> <span class='ocrx_word' id='word_1_758' title='bbox 3739 4024 3801 4075; x_wconf 74' lang='grc' dir='ltr'><strong>οὐ</strong></span> <span class='ocrx_word' id='word_1_759' title='bbox 3824 4023 3893 4073; x_wconf 89' lang='grc' dir='ltr'><strong>λυ</strong></span> <span class='ocrx_word' id='word_1_760' title='bbox 3907 4023 4090 4091; x_wconf 76' lang='grc' dir='ltr'>ρικδς,</span> 
     </span>
    </p>
   </div>
   <div class='ocr_carea' id='block_1_102' title="bbox 2501 4114 4095 4188">
    <p class='ocr_par' dir='ltr' id='par_1_102' title="bbox 2501 4114 4095 4188">
     <span class='ocr_line' id='line_1_102' title="bbox 2501 4114 4095 4188; baseline -0.011 -7"><span class='ocrx_word' id='word_1_761' title='bbox 2501 4130 2599 4181; x_wconf 74' lang='grc' dir='ltr'><strong>οὐκ</strong></span> <span class='ocrx_word' id='word_1_762' title='bbox 2646 4127 2803 4188; x_wconf 82' lang='grc' dir='ltr'>ἄλλος</span> <span class='ocrx_word' id='word_1_763' title='bbox 2854 4122 3051 4183; x_wconf 75' lang='grc' dir='ltr'>οὐδείς.</span> <span class='ocrx_word' id='word_1_764' title='bbox 3090 4119 3199 4173; x_wconf 75' lang='grc' dir='ltr'><strong>Καὶ</strong></span> <span class='ocrx_word' id='word_1_765' title='bbox 3245 4119 3345 4171; x_wconf 88' lang='grc' dir='ltr'><strong>ούκ</strong></span> <span class='ocrx_word' id='word_1_766' title='bbox 3395 4117 3528 4170; x_wconf 82' lang='grc' dir='ltr'>αὐτὸ</span> <span class='ocrx_word' id='word_1_767' title='bbox 3566 4117 3762 4186; x_wconf 85' lang='grc' dir='ltr'>μόνον·</span> <span class='ocrx_word' id='word_1_768' title='bbox 3797 4114 3946 4166; x_wconf 82' lang='grc' dir='ltr'>ἀλλὰ</span> <span class='ocrx_word' id='word_1_769' title='bbox 3996 4115 4095 4165; x_wconf 78' lang='grc' dir='ltr'>καὶ</span> 
     </span>
    </p>
   </div>
   <div class='ocr_carea' id='block_1_103' title="bbox 2501 4206 4096 4288">
    <p class='ocr_par' dir='ltr' id='par_1_103' title="bbox 2501 4206 4096 4288">
     <span class='ocr_line' id='line_1_103' title="bbox 2501 4206 4096 4288; baseline -0.009 -15"><span class='ocrx_word' id='word_1_770' title='bbox 2501 4222 2625 4281; x_wconf 75' lang='grc' dir='ltr'>τοὺς</span> <span class='ocrx_word' id='word_1_771' title='bbox 2657 4218 2784 4288; x_wconf 67' lang='grc' dir='ltr'>περὶ</span> <span class='ocrx_word' id='word_1_772' title='bbox 2809 4216 2877 4268; x_wconf 76' lang='grc' dir='ltr'>τὰ</span> <span class='ocrx_word' id='word_1_773' title='bbox 2910 4214 3093 4281; x_wconf 89' lang='grc' dir='ltr'>σφίσιν</span> <span class='ocrx_word' id='word_1_774' title='bbox 3124 4214 3285 4280; x_wconf 73' lang='grc' dir='ltr'>ὃμοια</span> <span class='ocrx_word' id='word_1_775' title='bbox 3310 4210 3558 4279; x_wconf 84' lang='grc' dir='ltr'>τεχνίτας</span> <span class='ocrx_word' id='word_1_776' title='bbox 3590 4209 3639 4261; x_wconf 84' lang='grc' dir='ltr'><strong>οί</strong></span> <span class='ocrx_word' id='word_1_777' title='bbox 3672 4206 3916 4260; x_wconf 81' lang='grc' dir='ltr'>τοιοῦτοι</span> <span class='ocrx_word' id='word_1_778' title='bbox 3954 4207 4096 4259; x_wconf 84' lang='grc' dir='ltr'>θαυ-</span> 
     </span>
    </p>
   </div>
   <div class='ocr_carea' id='block_1_104' title="bbox 2508 4299 4097 4382">
    <p class='ocr_par' dir='ltr' id='par_1_104' title="bbox 2508 4299 4097 4382">
     <span class='ocr_line' id='line_1_104' title="bbox 2508 4299 4097 4382; baseline -0.011 -17"><span class='ocrx_word' id='word_1_779' title='bbox 2508 4313 2795 4382; x_wconf 75' lang='grc' dir='ltr'>μάζουσιν,</span> <span class='ocrx_word' id='word_1_780' title='bbox 2851 4310 2902 4360; x_wconf 78' lang='grc' dir='ltr'>εἴ</span> <span class='ocrx_word' id='word_1_781' title='bbox 2937 4324 3041 4358; x_wconf 89' lang='grc' dir='ltr'><strong>που</strong></span> <span class='ocrx_word' id='word_1_782' title='bbox 3078 4304 3292 4374; x_wconf 73' lang='grc' dir='ltr'>καιρὸς,</span> <span class='ocrx_word' id='word_1_783' title='bbox 3353 4303 3451 4355; x_wconf 72' lang='grc' dir='ltr'>καὶ</span> <span class='ocrx_word' id='word_1_784' title='bbox 3481 4300 3657 4354; x_wconf 82' lang='grc' dir='ltr'>ταῦτα</span> <span class='ocrx_word' id='word_1_785' title='bbox 3695 4300 3829 4369; x_wconf 79' lang='grc' dir='ltr'>μηδὲ</span> <span class='ocrx_word' id='word_1_786' title='bbox 3870 4301 3931 4361; x_wconf 80' lang='grc' dir='ltr'>ὲς</span> <span class='ocrx_word' id='word_1_787' title='bbox 3968 4299 4097 4351; x_wconf 80' lang='grc' dir='ltr'>λίαν</span> 
     </span>
    </p>
   </div>
   <div class='ocr_carea' id='block_1_105' title="bbox 2509 4394 4096 4465">
    <p class='ocr_par' dir='ltr' id='par_1_105' title="bbox 2509 4394 4096 4465">
     <span class='ocr_line' id='line_1_105' title="bbox 2509 4394 4096 4465; baseline -0.011 -5"><span class='ocrx_word' id='word_1_788' title='bbox 2509 4404 2834 4465; x_wconf 71' lang='grc' dir='ltr'>σπουδαίους</span> <span class='ocrx_word' id='word_1_789' title='bbox 2873 4402 3033 4462; x_wconf 71' lang='grc' dir='ltr'>ὄντας</span> <span class='ocrx_word' id='word_1_790' title='bbox 3078 4399 3173 4450; x_wconf 68' lang='grc' dir='ltr'><strong>ἐπὶ</strong></span> <span class='ocrx_word' id='word_1_791' title='bbox 3209 4398 3470 4465; x_wconf 82' lang='grc' dir='ltr'>μεγάλοις</span> <span class='ocrx_word' id='word_1_792' title='bbox 3502 4394 3623 4448; x_wconf 79' lang='grc' dir='ltr'>καθ’</span> <span class='ocrx_word' id='word_1_793' title='bbox 3666 4395 3983 4464; x_wconf 82' lang='grc' dir='ltr'>ὑπεροχήν.</span> <span class='ocrx_word' id='word_1_794' title='bbox 4022 4394 4096 4444; x_wconf 79' lang='grc' dir='ltr'><strong>Σὺ</strong></span> 
     </span>
    </p>
   </div>
   <div class='ocr_carea' id='block_1_106' title="bbox 2508 4485 4099 4564">
    <p class='ocr_par' dir='ltr' id='par_1_106' title="bbox 2508 4485 4099 4564">
     <span class='ocr_line' id='line_1_106' title="bbox 2508 4485 4099 4564; baseline -0.011 -13"><span class='ocrx_word' id='word_1_795' title='bbox 2508 4500 2562 4551; x_wconf 72' lang='grc' dir='ltr'>δὲ</span> <span class='ocrx_word' id='word_1_796' title='bbox 2592 4497 2716 4549; x_wconf 71' lang='grc' dir='ltr'>οὔτε</span> <span class='ocrx_word' id='word_1_797' title='bbox 2765 4497 2971 4564; x_wconf 77' lang='grc' dir='ltr'>ἔργοις,</span> <span class='ocrx_word' id='word_1_798' title='bbox 3008 4490 3131 4543; x_wconf 69' lang='grc' dir='ltr'>οὔτε</span> <span class='ocrx_word' id='word_1_799' title='bbox 3173 4490 3353 4554; x_wconf 88' lang='grc' dir='ltr'>λόγοις</span> <span class='ocrx_word' id='word_1_800' title='bbox 3389 4488 3605 4555; x_wconf 78' lang='grc' dir='ltr'>ἀξίωμα</span> <span class='ocrx_word' id='word_1_801' title='bbox 3637 4485 3917 4547; x_wconf 81' lang='grc' dir='ltr'>πλουτῶν,</span> <span class='ocrx_word' id='word_1_802' title='bbox 3951 4486 4099 4535; x_wconf 75' lang='grc' dir='ltr'>ἀποο</span> 
     </span>
    </p>
   </div>
   <div class='ocr_carea' id='block_1_107' title="bbox 2510 4575 4104 4659">
    <p class='ocr_par' dir='ltr' id='par_1_107' title="bbox 2510 4575 4104 4659">
     <span class='ocr_line' id='line_1_107' title="bbox 2510 4575 4104 4659; baseline -0.011 -15"><span class='ocrx_word' id='word_1_803' title='bbox 2510 4591 2713 4659; x_wconf 72' lang='grc' dir='ltr'>τολμᾷς</span> <span class='ocrx_word' id='word_1_804' title='bbox 2760 4582 3153 4654; x_wconf 78' lang='grc' dir='ltr'>ύπεραίρεσθαι</span> <span class='ocrx_word' id='word_1_805' title='bbox 3194 4582 3416 4633; x_wconf 83' lang='grc' dir='ltr'>πάντων</span> <span class='ocrx_word' id='word_1_806' title='bbox 3436 4595 3451 4610; x_wconf 81' lang='lat'><strong><em>°</em></strong></span> <span class='ocrx_word' id='word_1_807' title='bbox 3480 4580 3572 4630; x_wconf 74' lang='grc' dir='ltr'>καὶ</span> <span class='ocrx_word' id='word_1_808' title='bbox 3601 4578 3699 4645; x_wconf 80' lang='grc' dir='ltr'>τὴν</span> <span class='ocrx_word' id='word_1_809' title='bbox 3729 4575 3939 4644; x_wconf 77' lang='grc' dir='ltr'>πρᾶξιν</span> <span class='ocrx_word' id='word_1_810' title='bbox 3979 4579 4104 4627; x_wconf 64' lang='grc' dir='ltr'>ἔπι-</span> 
     </span>
    </p>
   </div>
   <div class='ocr_carea' id='block_1_108' title="bbox 2511 4667 4101 4750">
    <p class='ocr_par' dir='ltr' id='par_1_108' title="bbox 2511 4667 4101 4750">
     <span class='ocr_line' id='line_1_108' title="bbox 2511 4667 4101 4750; baseline -0.011 -16"><span class='ocrx_word' id='word_1_811' title='bbox 2511 4683 2822 4750; x_wconf 86' lang='grc' dir='ltr'>λεγόμενος,</span> <span class='ocrx_word' id='word_1_812' title='bbox 2859 4680 2953 4729; x_wconf 69' lang='grc' dir='ltr'>καὶ</span> <span class='ocrx_word' id='word_1_813' title='bbox 3000 4676 3120 4728; x_wconf 79' lang='grc' dir='ltr'><strong>οὐδὲ</strong></span> <span class='ocrx_word' id='word_1_814' title='bbox 3178 4675 3346 4740; x_wconf 73' lang='grc' dir='ltr'>αὐτῆς</span> <span class='ocrx_word' id='word_1_815' title='bbox 3399 4670 3692 4737; x_wconf 83' lang='grc' dir='ltr'>εύστοχῶν.</span> <span class='ocrx_word' id='word_1_816' title='bbox 3750 4668 3869 4718; x_wconf 77' lang='grc' dir='ltr'>ἀλλ’</span> <span class='ocrx_word' id='word_1_817' title='bbox 3919 4670 4007 4730; x_wconf 78' lang='grc' dir='ltr'><strong>εἰς</strong></span> <span class='ocrx_word' id='word_1_818' title='bbox 4039 4667 4101 4717; x_wconf 80' lang='grc' dir='ltr'><strong>τδ</strong></span> 
     </span>
    </p>
   </div>
   <div class='ocr_carea' id='block_1_109' title="bbox 2512 4758 4105 4842">
    <p class='ocr_par' dir='ltr' id='par_1_109' title="bbox 2512 4758 4105 4842">
     <span class='ocr_line' id='line_1_109' title="bbox 2512 4758 4105 4842; baseline -0.013 -15"><span class='ocrx_word' id='word_1_819' title='bbox 2512 4775 2782 4842; x_wconf 70' lang='grc' dir='ltr'>παράπαν</span> <span class='ocrx_word' id='word_1_820' title='bbox 2838 4768 3176 4822; x_wconf 76' lang='grc' dir='ltr'>διεκπίπτων</span> <span class='ocrx_word' id='word_1_821' title='bbox 3223 4762 3417 4830; x_wconf 74' lang='grc' dir='ltr'>αὐτῆς,</span> <span class='ocrx_word' id='word_1_822' title='bbox 3476 4760 3537 4811; x_wconf 86' lang='grc' dir='ltr'>ού</span> <span class='ocrx_word' id='word_1_823' title='bbox 3588 4760 3748 4828; x_wconf 85' lang='grc' dir='ltr'>μόνον</span> <span class='ocrx_word' id='word_1_824' title='bbox 3800 4758 3861 4809; x_wconf 73' lang='grc' dir='ltr'>ἐν</span> <span class='ocrx_word' id='word_1_825' title='bbox 3912 4758 4105 4810; x_wconf 67' lang='grc' dir='ltr'>οὐδενὶ</span> 
     </span>
    </p>
   </div>
   <div class='ocr_carea' id='block_1_110' title="bbox 2512 4848 4106 4927">
    <p class='ocr_par' dir='ltr' id='par_1_110' title="bbox 2512 4848 4106 4927">
     <span class='ocr_line' id='line_1_110' title="bbox 2512 4848 4106 4927; baseline -0.014 -7"><span class='ocrx_word' id='word_1_826' title='bbox 2512 4868 2632 4920; x_wconf 80' lang='grc' dir='ltr'>οὐδὲ</span> <span class='ocrx_word' id='word_1_827' title='bbox 2665 4864 2755 4916; x_wconf 73' lang='grc' dir='ltr'><strong>τὸν</strong></span> <span class='ocrx_word' id='word_1_828' title='bbox 2787 4863 2943 4925; x_wconf 86' lang='grc' dir='ltr'>λόγον</span> <span class='ocrx_word' id='word_1_829' title='bbox 2978 4859 3153 4927; x_wconf 80' lang='grc' dir='ltr'>τίθης,</span> <span class='ocrx_word' id='word_1_830' title='bbox 3187 4856 3323 4908; x_wconf 87' lang='grc' dir='ltr'><strong>ἀλλά</strong></span> <span class='ocrx_word' id='word_1_831' title='bbox 3356 4853 3450 4906; x_wconf 76' lang='grc' dir='ltr'>καὶ</span> <span class='ocrx_word' id='word_1_832' title='bbox 3481 4850 3762 4911; x_wconf 71' lang='grc' dir='ltr'>ἐκϐάλλεις</span> <span class='ocrx_word' id='word_1_833' title='bbox 3792 4848 3971 4901; x_wconf 75' lang='grc' dir='ltr'>αὐτὸν</span> <span class='ocrx_word' id='word_1_834' title='bbox 4008 4848 4106 4899; x_wconf 74' lang='grc' dir='ltr'><strong>τοῦ</strong></span> 
     </span>
    </p>
   </div>
   <div class='ocr_carea' id='block_1_111' title="bbox 2515 4940 4110 5024">
    <p class='ocr_par' dir='ltr' id='par_1_111' title="bbox 2515 4940 4110 5024">
     <span class='ocr_line' id='line_1_111' title="bbox 2515 4940 4110 5024; baseline -0.013 -12"><span class='ocrx_word' id='word_1_835' title='bbox 2515 4958 2654 5011; x_wconf 88' lang='grc' dir='ltr'><strong>κατά</strong></span> <span class='ocrx_word' id='word_1_836' title='bbox 2686 4958 2743 5009; x_wconf 82' lang='grc' dir='ltr'>σὲ</span> <span class='ocrx_word' id='word_1_837' title='bbox 2779 4954 2915 5024; x_wconf 81' lang='grc' dir='ltr'>βίου,</span> <span class='ocrx_word' id='word_1_838' title='bbox 2946 4952 3045 5004; x_wconf 80' lang='grc' dir='ltr'>ὅσα</span> <span class='ocrx_word' id='word_1_839' title='bbox 3077 4948 3168 5001; x_wconf 75' lang='grc' dir='ltr'>καὶ</span> <span class='ocrx_word' id='word_1_840' title='bbox 3200 4944 3468 5012; x_wconf 72' lang='grc' dir='ltr'>συρφετὸν</span> <span class='ocrx_word' id='word_1_841' title='bbox 3499 4943 3650 4995; x_wconf 83' lang='grc' dir='ltr'>οῖκου</span> <span class='ocrx_word' id='word_1_842' title='bbox 3682 4940 3975 5009; x_wconf 70' lang='grc' dir='ltr'>λαμπροῦ.</span> <span class='ocrx_word' id='word_1_843' title='bbox 4015 4943 4110 4994; x_wconf 80' lang='grc' dir='ltr'><strong>Διὸ</strong></span> 
     </span>
    </p>
   </div>
   <div class='ocr_carea' id='block_1_112' title="bbox 2517 5032 4112 5112">
    <p class='ocr_par' dir='ltr' id='par_1_112' title="bbox 2517 5032 4112 5112">
     <span class='ocr_line' id='line_1_112' title="bbox 2517 5032 4112 5112; baseline -0.013 -9"><span class='ocrx_word' id='word_1_844' title='bbox 2517 5052 2612 5103; x_wconf 77' lang='grc' dir='ltr'>καὶ</span> <span class='ocrx_word' id='word_1_845' title='bbox 2649 5048 2857 5107; x_wconf 85' lang='grc' dir='ltr'>πάντας</span> <span class='ocrx_word' id='word_1_846' title='bbox 2887 5039 3291 5112; x_wconf 77' lang='grc' dir='ltr'>ἐκτρεπόμενος</span> <span class='ocrx_word' id='word_1_847' title='bbox 3331 5036 3457 5097; x_wconf 78' lang='grc' dir='ltr'>τοὺς</span> <span class='ocrx_word' id='word_1_848' title='bbox 3492 5034 3599 5085; x_wconf 80' lang='grc' dir='ltr'>Εσω</span> <span class='ocrx_word' id='word_1_849' title='bbox 3637 5032 3818 5098; x_wconf 84' lang='grc' dir='ltr'>λόγου,</span> <span class='ocrx_word' id='word_1_850' title='bbox 3860 5032 3972 5083; x_wconf 79' lang='grc' dir='ltr'>καὶ</span> <span class='ocrx_word' id='word_1_851' title='bbox 4008 5035 4112 5101; x_wconf 72' lang='grc' dir='ltr'>τὴν</span> 
     </span>
    </p>
   </div>
   <div class='ocr_carea' id='block_1_113' title="bbox 2518 5124 4111 5209">
    <p class='ocr_par' dir='ltr' id='par_1_113' title="bbox 2518 5124 4111 5209">
     <span class='ocr_line' id='line_1_113' title="bbox 2518 5124 4111 5209; baseline -0.013 -13"><span class='ocrx_word' id='word_1_852' title='bbox 2518 5143 2809 5209; x_wconf 80' lang='grc' dir='ltr'>λογιότητα</span> <span class='ocrx_word' id='word_1_853' title='bbox 2840 5133 3265 5207; x_wconf 80' lang='grc' dir='ltr'>παρωθούμενος</span> <span class='ocrx_word' id='word_1_854' title='bbox 3298 5130 3386 5182; x_wconf 82' lang='grc' dir='ltr'>διὰ</span> <span class='ocrx_word' id='word_1_855' title='bbox 3430 5127 3600 5196; x_wconf 82' lang='grc' dir='ltr'>τῦφον</span> <span class='ocrx_word' id='word_1_856' title='bbox 3633 5127 3728 5179; x_wconf 76' lang='grc' dir='ltr'>καὶ</span> <span class='ocrx_word' id='word_1_857' title='bbox 3761 5124 4111 5186; x_wconf 75' lang='grc' dir='ltr'>ἀλαζονείαν</span> 
     </span>
    </p>
   </div>
   <div class='ocr_carea' id='block_1_114' title="bbox 2520 5216 4111 5301">
    <p class='ocr_par' dir='ltr' id='par_1_114' title="bbox 2520 5216 4111 5301">
     <span class='ocr_line' id='line_1_114' title="bbox 2520 5216 4111 5301; baseline -0.012 -16"><span class='ocrx_word' id='word_1_858' title='bbox 2520 5230 2990 5301; x_wconf 78' lang='grc' dir='ltr'>ὑπερϐάλλουσαν,</span> <span class='ocrx_word' id='word_1_859' title='bbox 3026 5223 3412 5290; x_wconf 83' lang='grc' dir='ltr'>ἀποπροσποιῇ</span> <span class='ocrx_word' id='word_1_860' title='bbox 3470 5220 3561 5271; x_wconf 78' lang='grc' dir='ltr'>καὶ</span> <span class='ocrx_word' id='word_1_861' title='bbox 3607 5216 3731 5278; x_wconf 75' lang='grc' dir='ltr'>τοὺς</span> <span class='ocrx_word' id='word_1_862' title='bbox 3770 5216 4111 5283; x_wconf 75' lang='grc' dir='ltr'>ἀρχιερεῖς·</span> 
     </span>
    </p>
   </div>
   <div class='ocr_carea' id='block_1_115' title="bbox 2525 5308 4120 5393">
    <p class='ocr_par' dir='ltr' id='par_1_115' title="bbox 2525 5308 4120 5393">
     <span class='ocr_line' id='line_1_115' title="bbox 2525 5308 4120 5393; baseline -0.013 -15"><span class='ocrx_word' id='word_1_863' title='bbox 2525 5326 2639 5393; x_wconf 70' lang='grc' dir='ltr'>ἅμα</span> <span class='ocrx_word' id='word_1_864' title='bbox 2694 5321 3044 5390; x_wconf 83' lang='grc' dir='ltr'>κειράμενος,</span> <span class='ocrx_word' id='word_1_865' title='bbox 3077 5310 3163 5368; x_wconf 73' lang='grc' dir='ltr'>οἷα</span> <span class='ocrx_word' id='word_1_866' title='bbox 3199 5313 3334 5366; x_wconf 75' lang='grc' dir='ltr'>Θεοῦ</span> <span class='ocrx_word' id='word_1_867' title='bbox 3368 5311 3640 5380; x_wconf 84' lang='grc' dir='ltr'>πρόϐατον</span> <span class='ocrx_word' id='word_1_868' title='bbox 3692 5308 3843 5376; x_wconf 77' lang='grc' dir='ltr'>δεξιᾷ</span> <span class='ocrx_word' id='word_1_869' title='bbox 3899 5308 4120 5375; x_wconf 63' lang='lat' dir='ltr'><strong>tumq-</strong></span> 
     </span>
    </p>
   </div>
   <div class='ocr_carea' id='block_1_116' title="bbox 2526 5401 4121 5487">
    <p class='ocr_par' dir='ltr' id='par_1_116' title="bbox 2526 5401 4121 5487">
     <span class='ocr_line' id='line_1_116' title="bbox 2526 5401 4121 5487; baseline -0.011 -18"><span class='ocrx_word' id='word_1_870' title='bbox 2526 5416 2723 5487; x_wconf 77' lang='grc' dir='ltr'>ρυχθὲν</span> <span class='ocrx_word' id='word_1_871' title='bbox 2782 5412 2992 5473; x_wconf 82' lang='grc' dir='ltr'>στάσει,</span> <span class='ocrx_word' id='word_1_872' title='bbox 3047 5410 3107 5461; x_wconf 86' lang='grc' dir='ltr'>οὐ</span> <span class='ocrx_word' id='word_1_873' title='bbox 3164 5408 3269 5474; x_wconf 80' lang='grc' dir='ltr'>μὴν</span> <span class='ocrx_word' id='word_1_874' title='bbox 3326 5407 3394 5472; x_wconf 78' lang='grc' dir='ltr'>τῇ</span> <span class='ocrx_word' id='word_1_875' title='bbox 3453 5402 3593 5455; x_wconf 66' lang='grc' dir='ltr'>κατὰ</span> <span class='ocrx_word' id='word_1_876' title='bbox 3630 5401 3840 5467; x_wconf 77' lang='grc' dir='ltr'>ἔριφον,</span> <span class='ocrx_word' id='word_1_877' title='bbox 3893 5401 4121 5452; x_wconf 71' lang='grc' dir='ltr'>αὐτίκα</span> 
     </span>
    </p>
   </div>
   <div class='ocr_carea' id='block_1_117' title="bbox 2524 5494 4122 5579">
    <p class='ocr_par' dir='ltr' id='par_1_117' title="bbox 2524 5494 4122 5579">
     <span class='ocr_line' id='line_1_117' title="bbox 2524 5494 4122 5579; baseline -0.014 -16"><span class='ocrx_word' id='word_1_878' title='bbox 2524 5508 2949 5579; x_wconf 78' lang='grc' dir='ltr'>κερασφορήσας</span> <span class='ocrx_word' id='word_1_879' title='bbox 2976 5504 3061 5555; x_wconf 81' lang='grc' dir='ltr'><strong>ἐπ’</strong></span> <span class='ocrx_word' id='word_1_880' title='bbox 3092 5503 3298 5563; x_wconf 84' lang='grc' dir='ltr'>αὐτοῖς,</span> <span class='ocrx_word' id='word_1_881' title='bbox 3322 5500 3415 5551; x_wconf 69' lang='grc' dir='ltr'>καὶ</span> <span class='ocrx_word' id='word_1_882' title='bbox 3439 5495 3713 5565; x_wconf 76' lang='grc' dir='ltr'>κυρίττων</span> <span class='ocrx_word' id='word_1_883' title='bbox 3734 5494 3922 5545; x_wconf 75' lang='grc' dir='ltr'>ούκέτι</span> <span class='ocrx_word' id='word_1_884' title='bbox 3961 5499 4122 5547; x_wconf 63' lang='lat' dir='ltr'><strong>uti</strong></span> 
     </span>
    </p>
   </div>
   <div class='ocr_carea' id='block_1_118' title="bbox 2530 5587 4120 5670">
    <p class='ocr_par' dir='ltr' id='par_1_118' title="bbox 2530 5587 4120 5670">
     <span class='ocr_line' id='line_1_118' title="bbox 2530 5587 4120 5670; baseline -0.01 -16"><span class='ocrx_word' id='word_1_885' title='bbox 2530 5602 2823 5670; x_wconf 85' lang='grc' dir='ltr'>πρόϐατον,</span> <span class='ocrx_word' id='word_1_886' title='bbox 2861 5598 2997 5649; x_wconf 86' lang='grc' dir='ltr'>ἀλλὰ</span> <span class='ocrx_word' id='word_1_887' title='bbox 3036 5593 3445 5664; x_wconf 70' lang='grc' dir='ltr'>κελαινοῤῥίνου</span> <span class='ocrx_word' id='word_1_888' title='bbox 3467 5590 3624 5657; x_wconf 77' lang='grc' dir='ltr'>δίκην</span> <span class='ocrx_word' id='word_1_889' title='bbox 3655 5587 3985 5654; x_wconf 75' lang='grc' dir='ltr'>ἐλέφαντος,</span> <span class='ocrx_word' id='word_1_890' title='bbox 4025 5589 4120 5638; x_wconf 79' lang='grc' dir='ltr'>καὶ</span> 
     </span>
    </p>
   </div>
   <div class='ocr_carea' id='block_1_119' title="bbox 2530 5679 4125 5761">
    <p class='ocr_par' dir='ltr' id='par_1_119' title="bbox 2530 5679 4125 5761">
     <span class='ocr_line' id='line_1_119' title="bbox 2530 5679 4125 5761; baseline -0.011 -16"><span class='ocrx_word' id='word_1_891' title='bbox 2530 5696 2587 5746; x_wconf 83' lang='grc' dir='ltr'>ὲν</span> <span class='ocrx_word' id='word_1_892' title='bbox 2634 5691 2870 5761; x_wconf 79' lang='grc' dir='ltr'>πρώτοις</span> <span class='ocrx_word' id='word_1_893' title='bbox 2909 5685 3252 5757; x_wconf 80' lang='grc' dir='ltr'>φιλονεικῶν,</span> <span class='ocrx_word' id='word_1_894' title='bbox 3303 5684 3441 5736; x_wconf 82' lang='grc' dir='ltr'><strong>κατά</strong></span> <span class='ocrx_word' id='word_1_895' title='bbox 3477 5684 3568 5735; x_wconf 79' lang='grc' dir='ltr'>τοῦ</span> <span class='ocrx_word' id='word_1_896' title='bbox 3614 5679 3856 5747; x_wconf 74' lang='grc' dir='ltr'>μείζονος</span> <span class='ocrx_word' id='word_1_897' title='bbox 3901 5679 3971 5727; x_wconf 79' lang='grc' dir='ltr'>ὲν</span> <span class='ocrx_word' id='word_1_898' title='bbox 4027 5684 4125 5731; x_wconf 71' lang='lat' dir='ltr'><strong>dv-</strong></span> 
     </span>
    </p>
   </div>
   <div class='ocr_carea' id='block_1_120' title="bbox 2533 5770 4125 5856">
    <p class='ocr_par' dir='ltr' id='par_1_120' title="bbox 2533 5770 4125 5856">
     <span class='ocr_line' id='line_1_120' title="bbox 2533 5770 4125 5856; baseline -0.011 -17"><span class='ocrx_word' id='word_1_899' title='bbox 2533 5786 2771 5856; x_wconf 80' lang='grc' dir='ltr'>θρώποις</span> <span class='ocrx_word' id='word_1_900' title='bbox 2817 5781 3030 5851; x_wconf 77' lang='grc' dir='ltr'>βαθμοῦ</span> <span class='ocrx_word' id='word_1_901' title='bbox 3056 5780 3215 5849; x_wconf 85' lang='grc' dir='ltr'>νίκην</span> <span class='ocrx_word' id='word_1_902' title='bbox 3243 5777 3454 5846; x_wconf 74' lang='grc' dir='ltr'>φαύλην</span> <span class='ocrx_word' id='word_1_903' title='bbox 3489 5771 3803 5843; x_wconf 74' lang='grc' dir='ltr'>στήσεσθαι,</span> <span class='ocrx_word' id='word_1_904' title='bbox 3836 5770 3929 5820; x_wconf 84' lang='grc' dir='ltr'><strong>ῖνα</strong></span> <span class='ocrx_word' id='word_1_905' title='bbox 3994 5770 4125 5821; x_wconf 77' lang='grc' dir='ltr'>καθ’</span> 
     </span>
    </p>
   </div>
   <div class='ocr_carea' id='block_1_121' title="bbox 2538 5862 4126 5946">
    <p class='ocr_par' dir='ltr' id='par_1_121' title="bbox 2538 5862 4126 5946">
     <span class='ocr_line' id='line_1_121' title="bbox 2538 5862 4126 5946; baseline -0.009 -16"><span class='ocrx_word' id='word_1_906' title='bbox 2538 5878 2595 5933; x_wconf 84' lang='grc' dir='ltr'>ἓν</span> <span class='ocrx_word' id='word_1_907' title='bbox 2646 5877 2793 5946; x_wconf 73' lang='grc' dir='ltr'>ἅλμα</span> <span class='ocrx_word' id='word_1_908' title='bbox 2844 5876 2956 5938; x_wconf 87' lang='grc' dir='ltr'>τοῖς</span> <span class='ocrx_word' id='word_1_909' title='bbox 2994 5872 3173 5936; x_wconf 80' lang='grc' dir='ltr'>ἄλλοις</span> <span class='ocrx_word' id='word_1_910' title='bbox 3228 5869 3657 5942; x_wconf 73' lang='grc' dir='ltr'>προσεπιϐαίνῃς</span> <span class='ocrx_word' id='word_1_911' title='bbox 3710 5862 3985 5934; x_wconf 78' lang='grc' dir='ltr'>ἀμογητί.</span> <span class='ocrx_word' id='word_1_912' title='bbox 4045 5862 4126 5917; x_wconf 65' lang='lat' dir='ltr'><strong>Ut)</strong></span> 
     </span>
    </p>
   </div>
  </div>
