4212 6434
153 432 241 496 ΒΗ
1118 432 1214 492 DE
1250 423 1718 490 EMENDANDA
1760 422 1935 481 VITA
1980 421 2448 485 MONACIIICA.

155 549 300 617 παύῃ
331 542 430 601 οὖν
455 545 876 616 ἐξοπλιζόμενος
910 548 988 609 είς
1023 545 1439 615 ἀρχιερωσύνης
1466 539 1734 607 πόλεμον,

154 638 247 699 τῆς
276 635 645 705 θεομιμήτου.
685 636 785 701 τῆς
824 634 1045 686 πάντων
1091 632 1423 698 ἀγιαστικῆς
1480 632 1538 682 ὲν
1588 624 1731 690 Θεῷ,

153 731 248 795 τῆς
282 727 500 789 ἐνθέου,
550 727 650 795 τῆς
680 725 841 788 εὐθὺς
878 727 1015 795 μετά
1046 725 1179 777 Θεὸν
1232 724 1290 776 ἔν
1323 739 1385 787 γε
1442 722 1552 783 τοῖς
1590 720 1733 771 κατά

153 818 379 887 κόσμον.
427 818 506 871 Οὐ
538 816 809 887 δήπουθεν
862 820 970 884 γὰρ
1022 817 1257 881 ἀγνοεῖς,
1316 813 1394 864 ὅτι
1434 808 1729 879 ἀρχιερεὺς

3300 439 3329 493 8
3342 440 3403 494 ἰἶὶ

1841 535 1935 589 Dei
1984 536 2225 589 nomine.
2263 551 2369 588 non
2413 535 2702 600 confundi,
2750 539 2842 606 qui
2883 539 2948 593 tle
2981 539 3320 610 episcopatu,
3349 558 3407 597 ut

1845 630 1916 679 ita
1960 629 2164 689 dicam.
2217 628 2422 683 electos
2469 645 2598 684 suos
2628 630 2920 694 observat;
2971 634 3195 688 minime
3227 645 3405 690 autem

1846 720 2221 772 venerandum
2265 735 2477 785 senem,
2517 736 2618 777 nec
2658 724 2822 777 etiam
2848 724 3410 796 qualemcunquemo—

1843 809 2103 863 nachmn.

155 913 252 980 μὲν
287 913 394 979 τῆς
430 912 593 981 ἡμῶν
634 913 913 981 σωτηρίας
952 915 979 963 ὁ
1028 912 1162 974 Θεὸς
1200 909 1344 972 ἀξιοῖ
1389 905 1671 972 λέγεσθαι.
1706 904 1733 952 ὁ
1774 906 1868 954 καὶ
1905 907 2185 977 ἐπισκοπῇ
2240 909 2529 977 γραφικῶς
2589 907 3058 979 ἐπισκεπτόμενος
3111 914 3231 975 τοὺς
3261 913 3410 977 αὐτῷ

151 1004 436 1074 αἱρετούς’
467 1004 766 1076 καλόγερος
792 1007 849 1058 δὲ
872 1004 1092 1068 οὔκουν,
1125 1004 1183 1055 οὐ
1215 1003 1321 1073 μὴν
1369 999 1491 1052 οὐδὲ
1521 993 1755 1066 μοναχδς
1793 994 2101 1052 ὁποιασοῦν.

223 1145 355 1213 ρ).δ⁸.
404 1145 743 1214 Ἀνάϐλεψον
780 1147 859 1207 εἱς
911 1146 1010 1214 τὴν
1064 1143 1501 1215 ἀρχιερωσύνην,
1550 1141 1601 1192 εί
1624 1156 1724 1190 πον

151 1240 243 1291 καὶ
276 1238 508 1291 δύνασαι
530 1254 545 1267 ·
579 1239 613 1306 ἢ
649 1238 744 1290 καὶ
776 1238 1144 1298 κατασταθεὶς
1171 1238 1265 1289 ἐπί
1301 1251 1445 1295 τινος
1478 1232 1728 1298 φυλακῆς

152 1332 484 1400 περιόπτου,
510 1332 948 1387 ἀποσκόπευσον.
986 1331 1080 1381 καὶ
1119 1326 1404 1395 κατάμαθε
1427 1327 1518 1376 τὸν
1543 1323 1731 1392 ἀρχιε-

152 1425 270 1488 ρέα,
298 1425 325 1474 ὃ
361 1421 412 1473 τί
444 1425 577 1474 ποτέ
638 1424 807 1475 ἐστιν.
853 1423 940 1485 ἘΞ
979 1421 1283 1489 ἀρχιερέως
1323 1420 1417 1470 καὶ
1459 1418 1523 1468 σὺ
1559 1414 1728 1483 ἕχειξν

147 1513 297 1581 ἅπερ
334 1511 402 1564 ἂν
428 1513 521 1563 καὶ
552 1513 706 1581 ἔχῃς.
755 1513 999 1564 ⁹Ι·’κεῖθὲν
1032 1528 1115 1562 σοι
1147 1511 1240 1561 καὶ
1265 1513 1322 1561 τε,
1359 1508 1518 1575 ἱερῶς
1547 1504 1731 1557 διακο-

144 1608 259 1657 νεῖν
291 1608 352 1656 ἐν
382 1606 464 1674 τῷ
493 1604 834 1673 λειτουργεῖν
872 1604 948 1672 τῷ
979 1603 1119 1672 Θεῷ.
1178 1602 1491 1667 Ἐξαίρετος
1517 1600 1551 1668 ἡ
1589 1597 1730 1650 ὲκεί-

144 1714 238 1746 νου
284 1696 546 1763 ἐνέργεια
583 1698 735 1764 παρά
771 1696 871 1764 τὴν
902 1697 959 1747 ὲν
988 1695 1091 1750 σοί.
1131 1696 1286 1762 Ἔχει
1329 1694 1537 1753 ἐκεῖνος
1562 1691 1730 1755 ἀνάγ-

143 1806 248 1849 κην
280 1788 578 1855 φυλάττειν
612 1790 707 1840 καὶ
738 1788 804 1840 τά
842 1788 933 1840 ἐπὶ
968 1792 1049 1840 σοὶ
1080 1772 1518 1854 ὲκπεφωνημένα
1564 1782 1725 1834 καλὰ.

1908 1140 2029 1193 lu.
2075 1139 2307 1210 Suspice
2335 1156 2468 1211 ergo
2498 1142 2553 1195 in
2585 1143 2986 1212 pontiﬁcatum,
3023 1145 3067 1198 si
3115 1154 3291 1214 potes,
3324 1149 3408 1200 vel

1834 1243 1986 1283 stans
2025 1232 2079 1284 in
2105 1234 2287 1299 aliquo
2311 1236 2432 1288 loco
2460 1236 2699 1297 excelso,
2722 1236 3007 1288 considera
3035 1246 3089 1289 et
3108 1238 3255 1291 disce
3275 1240 3403 1306 quid

1833 1324 1903 1374 sit
1923 1322 2188 1389 pontifex.
2221 1326 2255 1373 Δ
2280 1326 2538 1392 pontilice
2558 1327 2817 1392 accepisti
2839 1341 3196 1395 qmecmnqne
3218 1328 3407 1383 habes.

1834 1415 2157 1468 Esimlctihi
2199 1417 2323 1468 licet
2350 1416 2403 1469 in
2441 1421 2599 1469 sacra
2644 1417 2862 1483 liturgia
2912 1416 3018 1470 Deo
3072 1417 3404 1472 ministrare.

1837 1505 2065 1575 Egregia
2092 1507 2506 1576 potestasillius
2531 1524 2639 1575 pra;
2675 1516 2788 1561 tua.
2818 1506 3211 1563 Necessitatem
3246 1510 3411 1563 hahes

1838 1598 1982 1653 bona
2006 1600 2102 1652 tibi
2127 1599 2253 1653 data
2281 1600 2327 1654 ei
2362 1613 2586 1653 servare
2615 1615 2772 1667 :quaa
2792 1599 2936 1653 enim
2959 1600 3269 1667 evangelica
3295 1602 3410 1653 vir-

1841 1704 1953 1745 une
1996 1691 2273 1754 dicuntur,
2307 1691 2565 1746 omnibus
2598 1690 2877 1752 dicuntur.
2913 1700 2969 1745 ut
3005 1693 3268 1761 scriptum
3303 1701 3409 1747 est.

1843 1782 2009 1836 Multa
2036 1783 2198 1836 etiam
2220 1783 2403 1847 habet.
2422 1784 2620 1853 quibus
2640 1792 2696 1837 tu
2719 1799 2848 1851 eges
2866 1786 2960 1852 qui
2984 1794 3305 1839 tonsuratus
3325 1801 3405 1839 cs.

143 1847 442 1948 ’Ὅσα-γὰρ
493 1878 869 1946 εὐαγγελικῶς
906 1879 1178 1941 mam.
1232 1847 1405 1930 ἀπαόί
1464 1875 1724 1938 λαλεῖται,

1836 1879 1926 1931 Ille
1943 1878 2095 1945 ungit
2120 1877 2500 1944 spiritualiter,
2523 1874 2633 1930 Deo
2652 1883 2965 1941 consecrat,
2985 1891 3161 1943 prch
3181 1885 3264 1931 est
3284 1891 3414 1946 apo.

140 1970 217 2032 ὡς
250 1973 594 2038 γέγραπται.
632 1971 785 2041 Ἔχει
805 1970 864 2024 δι
896 1971 988 2025 καὶ
1034 1969 1227 2036 πολλὰ,
1261 1963 1337 2023 ὧν
1361 1969 1424 2021 σὺ
1447 1966 1730 2021 ἀποκεχώ-

139 2062 307 2113 λυσαι
349 2060 707 2130 κειράμενος.
740 2062 903 2132 Χρίει
931 2063 1143 2124 ἐκεῖνος
1190 2060 1577 2130 πνευματικῶς
1599 2076 1614 2090 ’
1646 2076 1732 2111 τε·

140 2153 285 2204 λειοί
314 2154 641 2221 θεοπρεπῶς
668 2170 682 2183 ο
745 2153 1105 2224 περιοδευτής
1159 2155 1277 2207 ἐστι
1326 2152 1687 2215 ἀποστολικός
1716 2168 1727 2182 ·

142 2244 501 2296 πολιτεύεται
526 2244 1023 2314 ἀπαρακαλύπτως
1042 2245 1325 2298 πολιτείαν
1355 2244 1727 2315 παντοδαπὴν,

140 2336 296 2405 ὀρθῷ
327 2338 517 2389 κανόνι
555 2336 1001 2405 ἁπευθυνόμενος
1025 2355 1039 2370 ·
1088 2339 1362 2404 περίεισιν
1392 2336 1731 2408 ἐξευρίσκων

140 2431 279 2488 τοὺς
310 2428 841 2499 διδαχθησομένους,
894 2429 992 2482 καὶ
1034 2430 1188 2481 ποιεῖ-
1227 2429 1357 2481 αὐτὸ
1383 2430 1735 2499 ἠναγκασμέ-

138 2538 281 2581 νως.
312 2521 387 2573 Σὺ
417 2520 476 2572 δὲ
501 2522 687 2589 μένειν
709 2520 888 2583 ἄλλως
916 2520 1174 2590 ἐτάχθης,
1203 2522 1295 2572 καὶ
1330 2522 1631 2591 στηρίζειν,
1660 2522 1735 2584 ὡς

142 2611 247 2661 ἐπὶ
274 2609 418 2671 ἑνός.
454 2607 709 2671 Δικάζειν
740 2609 954 2671 ικείνος
982 2609 1235 2677 ὥρισται,
1260 2610 1355 2661 καί
1384 2626 1487 2662 που
1513 2610 1579 2663 δι’
1602 2613 1736 2664 αὐτὸ

141 2702 251 2755 καὶ
296 2700 582 2769 τυρόἀζει,
642 2699 952 2753 ἐπιστατῶν
1009 2704 1431 2768 πραγματικαῖς
1483 2703 1734 2773 ὀχλήσεσι

142 2793 249 2843 καὶ
278 2789 565 2858 ὲριθείαις.
591 2789 658 2842 Τί
690 2789 747 2842 δὲ
782 2790 857 2857 μὴ
890 2789 984 2841 καὶ
1040 2790 1105 2840 σὺ
1142 2788 1558 2860 θρασυνάμενος
1589 2795 1733 2863 ἐρεῖς

141 2881 364 2944 ἑξεῖναί
398 2895 484 2930 σοι
516 2879 682 2941 αὑτός
724 2876 994 2929 Ἐκδικείν
1030 2878 1736 2951 τέτακται,ιπαῤῥητιὰζε-

140 2985 271 3032 ται,
297 2969 527 3036 ἄσχολός
552 2968 663 3020 ἐστι
692 2967 836 3020 κατά
878 2981 933 3020 τι
965 2967 1223 3036 ἐργῶδες,
1266 2969 1324 3020 ὲν
1366 2970 1545 3038 καιρῷ
1587 2971 1734 3041 διορ-

142 3058 450 3126 θούμενος,
484 3057 539 3109 εἰ
564 3056 617 3110 τί
648 3074 750 3109 που
797 3056 893 3109 καὶ
933 3058 1055 3109 κατ’
1108 3058 1319 3126 ἀγορὰν
1378 3060 1735 3128 στρεϐλοῦται

1833 1970 2084 2033 stolicus,
2126 1969 2482 2037 multiplicem
2522 1966 3110 2036 gubernationemjure
3140 1973 3412 2022 canonico

1835 2066 2140 2117 instructus
2168 2062 2280 2130 agit
2312 2071 2528 2129 aperte;
2578 2060 2779 2114 circuit
2835 2076 3088 2129 quaerens
3129 2075 3265 2133 quos
3312 2060 3413 2113 do-

1832 2164 1978 2220 ceat,
2003 2154 2163 2223 idque
2199 2154 2460 2222 perlicere
2503 2153 2739 2220 cogitur.
2769 2150 2848 2205 Tu
2892 2162 3070 2206 autem
3101 2152 3259 2204 aliter
3300 2166 3414 2204 ma-

1832 2263 1985 2309 nere,
2021 2257 2074 2300 et
2112 2247 2260 2300 velut
2316 2245 2410 2298 uni
2457 2244 2682 2313 negotio
2737 2244 3055 2298 incumbere
3106 2243 3298 2311 jussus
3329 2258 3389 2295 cs

1835 2342 1936 2395 llic
1960 2339 2028 2393 ad
2061 2338 2424 2409 jndicandum
2473 2337 2762 2391 ordinatus
2804 2342 2909 2399 est,
2961 2343 3017 2389 ct
3066 2334 3186 2387 ideo
3244 2334 3414 2387 multa

1836 2441 2093 2495 sustinet,
2126 2432 2257 2484 dum
2293 2439 2489 2499 praeest
2524 2429 2785 2482 tumultui
2816 2442 2998 2481 rerum
3033 2436 3085 2481 et
3122 2427 3414 2479 machina-

1838 2524 2105 2579 tionibus.
2146 2522 2228 2576 Tu
2274 2530 2455 2576 autem
2493 2520 2625 2591 quid
2674 2521 2768 2574 tibi
2811 2522 3136 2589 permissum
3171 2533 3277 2570 non
3308 2532 3416 2584 Apo-

1838 2627 1921 2671 tes
1975 2615 2307 2670 [iducialiter
2368 2612 2598 2668 dicere?
2633 2613 2733 2666 llic
2763 2612 2829 2665 ad
2881 2614 2972 2678 jus
3026 2609 3411 2663 vindicandum

1838 2711 2048 2780 positus
2077 2717 2179 2771 est,
2242 2707 2467 2768 clamat,
2518 2705 2725 2759 nullam
2763 2703 2925 2757 habet
2977 2701 3217 2770 requiem
3271 2699 3416 2752 velut

1836 2788 2154 2869 Operarius;
2190 2801 2242 2852 in
2272 2800 2378 2852 ictu
2410 2798 2556 2852 oculi
2575 2786 2804 2865 erigitur
2832 2796 2876 2849 si
2905 2795 3031 2863 quid
3050 2794 3231 2861 aliquo
3254 2794 3415 2845 modo

1838 2893 1890 2945 in
1924 2892 2042 2944 l'oro
2066 2890 2319 2943 homines
2355 2888 2651 2942 smcnlares
2685 2895 3023 2954 pervertunt.
3060 2884 3184 2939 Uno
3223 2884 3411 2943 verbo.

1839 2997 2013 3036 vanus
2061 2982 2355 3051 episcopus
2418 2979 2513 3047 qui
2584 2981 2825 3045 seipsum
2889 2975 3141 3037 recludit,
3183 2973 3412 3028 seorsini

1841 3073 2099 3144 quiescit,
2123 3082 2177 3125 et
2207 3069 2341 3125 nihil
2382 3068 2448 3123 de
2483 3068 2878 3122 communitate
2902 3073 3079 3120 curat.
3116 3065 3237 3118 Mox
3262 3065 3408 3119 enim

136 3152 273 3213 τοῖς
306 3153 367 3202 ἰν
398 3149 476 3216 τῷ
506 3150 627 3219 βίῳ.
660 3149 736 3200 Τὸ
764 3151 875 3201 πᾶν
907 3149 1104 3212 εἰπεῖν,
1149 3148 1354 3215 φαῦλος
1391 3150 1696 3216 ἐπίσκοπος
1717 3194 1731 3219 ,

1840 3168 1908 3219 ab
1937 3165 2192 3219 omnibus
2222 3162 2417 3215 audis:
2455 3160 2535 3214 Ad
2562 3158 2693 3229 quid
2719 3174 2846 3229 ergo
2882 3164 3099 3212 exercet
3135 3156 3417 3226 pontiﬁca-

133 3242 205 3306 ὃς
234 3241 533 3309 ἐγκλείσας
554 3241 774 3307 ἑαυτὸν,
815 3243 911 3294 καὶ
943 3239 1087 3294 οὕτω
1116 3241 1357 3310 μονάσας
1403 3246 1734 3318 καθεδεῖται,

1850 3266 1962 3308 tum
1996 3264 2051 3307 et
2081 3268 2185 3306 non
2221 3250 2583 3306 absconditur
2609 3251 2757 3303 velut
2792 3247 3081 3302 monachi?

138 3338 394 3410 μηδενὸς
440 3337 553 3389 τῶν
581 3338 642 3390 ἓν
669 3337 746 3406 τῷ
779 3336 947 3405 κοινῷ
998 3338 1489 3408 ἐπιστρεφόμενος.
1529 3345 1733 3403 Λύτίκα
1776 3351 1885 3421 γάρ
1909 3350 2098 3404 ἀκούει
2120 3349 2257 3420 πρὸς
2283 3346 2503 3400 πάντων
2528 3346 2590 3399 τό
2611 3360 2626 3376 ·
2663 3363 2682 3397 ι
2719 3343 2828 3397 Καὶ
2856 3344 2908 3397 τί
2969 3343 3169 3413 δήποτε
3231 3342 3417 3412 ἀρχιε-

142 3429 407 3500 ρατεύιι,
432 3432 528 3481 καὶ
559 3428 660 3481 οὐκ
679 3430 1006 3497 ἑγγωνιάζει
1032 3431 1363 3499 μοναχικῶςς
1398 3451 1415 3482 ι

222 3580 365 3649 ρλέ.
396 3577 590 3629 Κεῐται
614 3576 672 3628 δὲ
700 3577 808 3647 ἄρα
836 3576 1073 3630 ἐνταῦθα
1100 3579 1400 3650 παρόραμά
1428 3600 1477 3636 τι
1514 3601 1734 3656 μοναχι-

1914 3592 2037 3646 155.
2079 3590 2176 3645 ilic
2208 3588 2531 3643 manifestus
2570 3595 2654 3641 est
2705 3600 2856 3640 error
2879 3583 3297 3637 monachorum.
3327 3579 3409 3633 Ad

133 3673 273 3724 κόν.
314 3671 410 3730 Εἰς
437 3668 615 3719 ταῦτα
639 3667 771 3736 γὰρ,
808 3662 985 3735 οἶμαι,
1011 3667 1415 3733 ἀποϐλέποντες
1461 3675 1511 3727 oi
1537 3674 1606 3727 τὰ
1636 3680 1733 3747 ἀρ-

130 3780 233 3833 χιε
246 3760 454 3830 ρατικά
483 3756 975 3828 παραθεωροῦντες
1007 3761 1256 3828 μοναχοὶ,
1292 3766 1385 3816 καὶ
1407 3766 1733 3833 ἀναλύοντες

125 3855 296 3909 αὐτὰ
318 3852 396 3914 ὡς
422 3852 504 3913 είς
536 3850 696 3914 δόξαν
732 3850 828 3902 καὶ
858 3851 1206 3921 φανητισμὸν
1234 3854 1324 3905 καὶ
1348 3854 1467 3924 βίου
1492 3857 1739 3931 λαμπρό-

127 3960 323 4012 τητα,
362 3938 854 4010 πραγματεύονται
897 3940 1081 3993 καὶτὸ
1137 3943 1552 4015 ἀρχιεράτευμα
1602 3968 1741 4019 κρα-

124 4034 356 4095 ταιῶς,
388 4032 463 4093 ὡς
498 4032 565 4084 ἀν
615 4030 691 4099 τῷ
725 4030 913 4100 τρόπῳ
966 4030 1143 4101 τούτῳ
1190 4034 1286 4101 τῆς
1344 4037 1484 4089 κατὰ
1520 4039 1737 4107 πνεῦμα

121 4127 322 4192 ὀπῆς,
352 4121 419 4191 ἢν
472 4120 524 4172 oi
574 4120 885 4181 Μωσαῖκῶς
930 4119 1161 4175 θεόπται
1226 4124 1462 4190 φιλοῦσι,
1516 4129 1611 4181 καὶ
1642 4129 1737 4182 τοῦ

124 4215 283 4270 κατ’
334 4211 510 4281 αὐτὴν
569 4212 781 4281 φωλεοῦ
828 4212 1252 4282 ὲξερπύσαντες,
1301 4216 1411 4268 τῶν
1444 4217 1740 4290 λεωφόρων

124 4304 601 4371 εὐθαρσέστερον
626 4303 916 4367 γένωνται,
946 4305 1041 4356 καὶ
1062 4304 1542 4374 ἐπανακάμψωσιν
1563 4309 1733 4372 ἀδεῶς

1843 4329 1957 4380 ter;
1990 4318 2055 4370 ad
2094 4319 2278 4385 priora
2331 4317 2543 4384 absque
2577 4315 2783 4383 pudore
2834 4318 3202 4381 revertantur,
3233 4319 3412 4374 neque

126 4400 236 4459 εξς
274 4396 345 4447 τά
386 4394 678 4462 πρότερον,
708 4394 769 4445 οὐ
801 4394 1225 4463 προκληθέντες,
1262 4398 1383 4450 οὐδὲ
1414 4399 1591 4462 ἄλλως
1616 4401 1733 4452 ἀνε-

1837 4410 2072 4472 evocati,
2122 4423 2301 4476 neque
2352 4408 2561 4461 inventi
2594 4407 2685 4459 ubi
2728 4406 2879 4474 prius
2909 4400 3408 4457 abscondebantur.

123 4486 543 4561 ρευνηθὲντες,
575 4486 681 4556 ὅπη
708 4486 1073 4554 κρύπτονται.
1118 4488 1182 4541 Oi.
1223 4488 1444 4551 πλείους
1477 4490 1583 4561 γὰρ
1617 4492 1733 4545 οὐδὲ

1838 4501 2093 4568 Plerique
2126 4499 2273 4552 enim
2328 4514 2394 4552 ne
2448 4499 2671 4552 nomine
2728 4496 2948 4564 quidem
2982 4497 3407 4562 cognoscuntur,

120 4581 299 4649 πρὸς
326 4578 503 4645 ὄνομα
525 4577 914 4644 γινώσκονται,
939 4577 1057 4629 ἀλλ’
1085 4579 1240 4632 αὐτοὶ
1262 4582 1733 4651 προπηδήσαντες,

1842 4592 1934 4646 sed
1961 4605 2070 4643 uno
2096 4590 2259 4652 saltu,
2294 4590 2512 4643 obviam
2549 4588 2826 4644 fortunam
2855 4586 3151 4653 arripiunt,
3210 4596 3314 4635 non
3350 4588 3409 4631 ut

119 4675 248 4725 καὶ
280 4671 385 4739 τὴν
409 4669 664 4736 ἐντυχίαν
710 4668 916 4735 ταύτην
966 4669 1338 4739 ἁρπάσαντες,
1367 4675 1465 4743 οὐχ
1500 4674 1585 4726 ἵνα
1629 4678 1733 4737 τοῖς

1848 4682 2041 4751 ρτίειιίς
2083 4682 2426 4735 monachieis
2486 4679 2646 4734 bonis
2702 4677 3057 4747 superaddito
3084 4673 3404 4744 pontiﬁcatu

114 4761 360 4833 πρώην
400 4760 662 4828 μοναχοῖς
690 4759 879 4821 καλοῖς
919 4760 979 4813 τὸ
1008 4762 1165 4831 ἀρχιε
1177 4764 1399 4831 ρατικὸν
1425 4780 1733 4835 προσεπιτι-

1849 4776 2100 4827 virtutem
2128 4774 2528 4842 multiplicent.
2565 4772 2660 4826 sed
2714 4773 2786 4838 ut}
2817 4769 3090 4825 veteribus
3146 4764 3305 4819 bonis
3348 4770 3407 4814 ut

115 4856 375 4917 θέντες,
429 4851 952 4904 πολλαπλασιάσωσι
988 4852 1088 4920 τὴν
1144 4855 1378 4922 ἀρετήν’
1445 4856 1558 4910 ἀλλ’
1588 4858 1733 4926 ῖναῆ

1848 4874 1971 4933 pote
1989 4864 2331 4933 gravioribus
2366 4863 2772 4927 subducantur,
2799 4862 2844 4915 si
2882 4861 3015 4930 quid
3045 4872 3209 4927 supra
3244 4871 3404 4911 mun-

110 4950 246 5003 καὶ
288 4944 403 4996 τῶν
429 4942 705 5011 προτέρων
736 4943 962 5009 ἀγαθῶν
993 4943 1292 5009 ὑφέλωνται
1336 4944 1425 4997 διὰ
1452 4948 1513 4998 τδ
1541 4949 1733 4999 ἐπίπο-

1844 4963 1973 5016 dum
2024 4959 2330 5022 habebant;
2382 4960 2466 5012 vel
2522 4968 2579 5011 ιιι
2608 4972 2773 5013 causa
2817 4957 3170 5024 episcOpatus
3224 4950 3406 5017 opima

111 5056 271 5102 νον,
299 5035 465 5103 εἴπερ
496 5051 547 5085 τι
572 5035 661 5086 καὶ
687 5033 846 5104 ἔσχον
877 5033 1040 5086 πλέον
1069 5034 1168 5102 τῆς
1217 5038 1615 5104 κοσμικότητος
1634 5055 1647 5069 ι
1701 5038 1733 5106 ἢ

1845 5050 2137 5109 abducant.
2178 5048 2335 5118 quasi
2372 5063 2479 5101 non
2533 5048 2604 5102 sit
2639 5045 2896 5114 possibile
2935 5042 3210 5096 hominem
3242 5037 3407 5091 rehus

105 5127 299 5186 ἀλλὰ
326 5128 399 5193 τῇ
430 5126 654 5193 ἀφορμῇ
678 5124 779 5191 τῆς
822 5124 1134 5192 ἐπισκοπῆς
1164 5125 1649 5202 ἀποξουκολήσωσι
1677 5126 1733 5177 τὸ

1845 5141 2229 5195 communibus
2297 5155 2491 5194 manus
2532 5140 2910 5193 admoventem
2970 5133 3268 5204 perfectam
3298 5128 3406 5179 vir-

103 5214 419 5284 ἀκρισὲς,
442 5213 518 5273 ῶς
550 5213 625 5279 μὴ
650 5212 770 5275 ἐξὸν
793 5212 954 5280 δῆθεν
981 5211 1040 5262 ὃν
1062 5212 1172 5263 τῶν
1195 5215 1252 5263 ὲν
1295 5216 1445 5277 μέσῳ
1472 5214 1733 5281 πραγμά-

1848 5242 2016 5288 lutem
2041 5234 2262 5287 sectari.

97 5324 268 5364 των
312 5302 659 5372 τετυχηκότα
692 5302 1029 5371 ἐπίστροφον
1073 5300 1215 5355 εἶναι
1243 5304 1341 5371 τῆς
1398 5304 1532 5373 πρὸς
1578 5305 1739 5373 ἀκρί-

95 5400 317 5452 ﬁctam
351 5390 577 5459 ἀρετῆς.

224 5486 385 5554 ρ).ς’.
429 5484 540 5535 Καὶ
573 5484 694 5536 τότε
722 5484 787 5553 δὴ
811 5485 926 5536 ἐστι
954 5484 1177 5552 βλέπειν
1209 5486 1266 5537 τὸ
1303 5486 1643 5551 γελοιότατον
1680 5490 1737 5540 ἐν

90 5581 377 5643 αὑταῖς.
432 5578 497 5631 Ol
536 5578 644 5647 γὰρ
694 5582 759 5632 ὲκ
812 5580 912 5648 τῆς
958 5581 1151 5649 πρώην
1202 5580 1397 5642 καλιᾶς
1431 5583 1645 5651 καὶτῆς
1680 5581 1737 5631 ἐν

90 5694 153 5732 α,
169 5672 307 5739 orn
332 5669 694 5736 στενοχωρίας
720 5669 862 5722 κατὰ
877 5669 985 5722 τῶν
1010 5671 1330 5723 ἐπισκόπων
1359 5669 1737 5737 τοξαζόμενοι,

77 5766 282 5822 τότε
313 5758 459 5812 κατά
504 5758 612 5810 τῶν
644 5760 928 5829 ὁμοχρόων
983 5762 1233 5831 μοναχῶν
1267 5762 1733 5832 θωρακισάμενοι,

1844 5766 2020 5831 bant,
2082 5768 2241 5820 modo
2304 5777 2497 5820 contra
2558 5768 2858 5820 monachos
2897 5763 3138 5829 ejusdem
3193 5756 3399 5811 celaris

81 5858 194 5917 αὖ
255 5851 431 5919 μόνον
460 5849 873 5904 ἀντιϐάλλουσιν
920 5851 1432 5923 ἀκροόολιζόμενοι,
1469 5855 1604 5909 ἀλλὰ
1638 5860 1731 5910 καὶ

1843 5866 2154 5923 armantur;
2186 5872 2283 5913 nec
2315 5860 2489 5914 solum
2518 5873 2547 5911 a
2573 5858 2729 5929 longe
2752 5857 3031 5927 sagittam.
3075 5852 3166 5908 sed
3217 5853 3402 5905 morte

494 5941 765 6010 ΡΑτιιοι..
800 5945 914 6006 Gn.
952 5945 1251 6008 CXXXV.

2963 5946 3031 6005 27

1844 3685 1946 3736 ista
1974 3684 2117 3735 enim
2140 3682 2329 3737 oculos
2352 3681 2651 3744 ﬂectentes,
2682 3687 2740 3731 ut
2772 3678 3033 3739 arbitror,
3065 3674 3161 3744 qui
3211 3685 3400 3728 sacras

1843 3776 2143 3843 dignitates
2172 3774 2532 3828 considerant
2563 3770 2843 3834 monachi,
2875 3769 3001 3821 etin
3021 3767 3102 3820 eis
3133 3763 3268 3819 nihil
3302 3761 3407 3815 nisi

1848 3866 2097 3936 gloriam,
2154 3873 2497 3935 apparatum,
2538 3871 2595 3916 et
2633 3861 3093 3931 magniﬁcentiam
3165 3857 3289 3911 vita:
3320 3853 3407 3907 in-

1849 3958 2151 4018 venientes.
2186 3956 2561 4026 pontiﬁcatum
2608 3956 2810 4010 acriter
2877 3955 3307 4022 prosequuntur,
3343 3954 3407 3998 ut

1842 4049 1929 4103 via
1962 4050 2066 4101 ista
2098 4056 2384 4114 emergant
2414 4061 2444 4100 θ
2476 4045 2747 4115 spirituali
2776 4042 3045 4097 foramine
3069 4036 3414 4110 petrae.dile-

1842 4149 1929 4191 cto
1964 4139 2030 4191 ab
2058 4139 2140 4192 eis
2169 4136 2259 4205 qui
2307 4135 2475 4190 Deum
2508 4142 2567 4189 ut
2592 4134 2804 4204 Moyses
2839 4130 3323 4198 contemplamur;
3357 4134 3413 4178 et

1841 4237 2107 4283 exeuntes
2127 4242 2155 4281 e
2172 4240 2402 4279 caverna
2431 4226 2680 4294 proxima
2702 4224 2755 4276 in
2780 4223 2883 4275 viis
2906 4219 3189 4275 ambulant
3210 4213 3414 4269 audac-

1921 5494 2043 5546 156.
2077 5494 2230 5546 Tuae
2280 5493 2332 5545 in
2377 5493 2442 5547 iis
2477 5493 2715 5546 maxime
2759 5489 2986 5544 ridenda
3033 5500 3256 5542 cernere
3306 5496 3403 5551 po-

1848 5587 1999 5638 teris.
2038 5583 2142 5649 Qui
2188 5585 2334 5636 enim
2384 5586 2537 5653 prius
2568 5603 2597 5638 e
2626 5584 2787 5637 domo
2833 5584 3029 5651 lignea,
3065 5592 3224 5645 atque.
3254 5591 3285 5630 ο
3314 5590 3406 5628 so-

1852 5678 2087 5732 litudine
2158 5677 2374 5741 vicina,
2444 5687 2634 5731 contra
2708 5679 2996 5745 episcopos
3064 5671 3165 5723 tela
3229 5666 3401 5735 jacio-
