4212 6434
202 433 304 496 ὃίῑ

1193 434 1293 495 DE
1328 432 1820 495 EMENDANDA
1859 434 2036 494 VITA
2067 437 2534 502 MONACIIICA.

3389 447 3494 510 846

205 547 737 621 ρέα,ὲπηρεάζοντα
784 544 921 598 Θεοῦ
971 546 1326 617 ὰνθρὼποιςς
1384 550 1532 610 ποῖος
1561 548 1787 618 ἄρχωυς

1918 554 2143 611 'ccidere
2172 555 2339 610 faciet
2361 571 2421 610 ea
2455 557 2661 627 quibus
2682 556 2962 628 aﬁligeris.
3003 555 3069 611 Et
3114 560 3262 627 quod
3309 563 3492 630 majus

202 646 355 705 ποῖος
376 642 684 708 δυνάστης,
734 639 799 691 Τί
828 640 920 704 δέ;
955 640 1091 693 ἀλλά
1123 640 1151 691 6
1183 640 1443 708 βασιλεὺς
1473 638 1787 692 ἀπονυστά-

202 734 305 801 ξει,
344 733 430 801 ἐφ’
453 730 531 795 οἷς
571 731 843 802 ολιεερῶς
866 732 1034 801 ἔχεις.
1060 732 1134 784 Τὸ
1170 730 1387 783 πάντων
1426 733 1635 797 μεῖζον,
1664 746 1791 781 σον-

202 828 580 896 εκπολεμήσει
611 824 750 894 μετά
775 824 869 878 σοῦ
905 828 937 894 ἡ
972 825 1153 887 κτίσις
1180 825 1327 876 κατά
1349 824 1444 875 τοῦ
1473 821 1790 885 ἀδικοῦντος

204 934 265 970 σε
287 934 300 945 ·
329 917 698 986 βρεχθήσεται
726 917 836 986 πῦρ
866 918 953 969 ἐπ’
986 918 1198 968 ἐκεῖνον
1228 934 1238 945 '
1276 914 1790 980 κατακλυσθήσεται

205 1010 385 1070 ὑετοῖς
417 1024 431 1039 ⁶
485 1010 865 1078 ἀγανακτήσει
924 1010 1048 1060 κατ’
1079 1007 1247 1060 αὑτοῦ
1301 1007 1581 1076 θαλάσσης
1610 1003 1754 1073 ὕδωρ
1776 1019 1788 1031 ⁸

208 1105 318 1157 πᾶν
354 1102 529 1154 κακὸν
555 1104 841 1154 ἐλεύσεται
885 1102 973 1152 ἐπ’
1006 1100 1189 1152 αὐτόν.
1428 1146 1434 1151 .

280 1196 425 1264 ρληθ.
464 1194 631 1247 Ἀλλὰ
662 1192 837 1246 ταῦτα
898 1192 999 1261 μὲν
1038 1192 1291 1258 ἐγένοντο
1321 1189 1397 1242 ἄν’
1426 1206 1531 1250 σοι,
1578 1188 1673 1239 ἐὰν
1711 1188 1794 1238 ἐπ’

205 1287 473 1354 ἀληθείας
501 1283 687 1344 κακῶς
713 1283 957 1351 ἕπασχτς
984 1284 1041 1335 ἐν
1092 1283 1171 1350 τῷ
1212 1280 1620 1352 ἀρχιερατικῶς
1677 1280 1796 1329 ἐπι-

206 1377 550 1432 σκέπτεσθαι
573 1393 586 1407 °
617 1379 727 1430 εἰσὶ
763 1378 819 1430 δέ
850 1394 934 1430 σοι
963 1376 1148 1428 πάντα
1181 1374 1337 1426 κεναὶ
1359 1372 1685 1443 προφάσεις,
1707 1371 1799 1421 καὶ

208 1471 533 1540 μοχθηριῶν
556 1470 809 1540 ψυχικῶν
841 1470 1196 1538 ἐπικρύψεις,
1227 1469 1321 1521 καὶ
1345 1468 1581 1535 φενάκαι
1606 1464 1796 1532 ἀκοῆς.

208 1564 358 1632 Πρὸς
388 1563 445 1615 δὲ
478 1562 765 1632 ἀλήθειαν,
803 1561 1001 1628 φθόνου
1028 1561 1127 1613 καὶ
1181 1560 1351 1627 τύφου
1388 1557 1797 1621 ὑποκινοῦντος,

207 1654 611 1722 καταγίνεσθαι
646 1653 756 1705 τῶν
786 1654 1108 1707 ἐπισκόπων
1143 1654 1372 1714 ἐθέλεις.
1419 1652 1605 1719 Ἔχεις
1641 1649 1801 1720 ὓϐριν

204 1747 269 1800 οὺ
312 1745 588 1814 φορητὴν,
616 1744 854 1797 ἀκοῦσαι
888 1744 1274 1813 ἀμαθέστερος
1308 1739 1451 1796 εἶναι
1487 1743 1582 1796 τοῦ
1617 1745 1804 1811 ἀρχιε-

207 1836 355 1905 ρέως
375 1850 390 1864 ·
421 1835 483 1886 ού
512 1833 702 1904 φέρεις
729 1834 1129 1903 ἐπαινούμενον
1156 1834 1376 1887 ἀκούειν
1403 1835 1543 1904 ὑπὲρ
1574 1832 1633 1884 σέ
1654 1848 1670 1863 ⁸
1703 1832 1803 1883 οὐκ

202 1925 382 1996 ἀνέχῃ
409 1925 678 1994 εὐφήμως
711 1923 877 1976 αὑτὸν
900 1923 1245 1993 προάγεσθαι
1299 1925 1441 1994 μετά
1487 1924 1615 1985 τοὺς
1648 1921 1803 1991 βασιο

203 2018 359 2081 ).e't;'
400 2018 610 2085 κρίνεις
639 2017 723 2080 είς
765 2016 927 2087 ὓϐριν
979 2017 1162 2072 κλῖναι
1206 2016 1454 2085 κεφαλὴν
1509 2016 1798 2085 ἀρχιερεῖ·

199 2111 486 2180 ἀφόρητον
504 2109 697 2181 λογίζῃ
735 2110 1072 2180 προποδίσαι
1106 2111 1185 2171 είς
1210 2108 1481 2177 ὑπαντὴν,
1511 2110 1671 2175 εἴπερ
1708 2106 1800 2176 ἐρ-

201 2216 372 2271 χεται
424 2200 518 2254 ἐπὶ
567 2201 663 2254 σέ·
705 2199 1043 2269 ἀτιμοῦσθαι
1096 2200 1371 2272 φαντάζῃ,
1401 2200 1499 2253 ἐὰν
1530 2199 1802 2271 καθέδρας

202 2294 364 2363 αὐτῷ
396 2294 819 2363 ύπεξαναστῇς·
860 2292 963 2347 κᾶν
1019 2294 1321 2365 ύφιζήσῃς,
1370 2295 1635 2363 θνήσκεις
1698 2293 1804 2345 ὑπὸ

200 2385 396 2456 χολῆς.
430 2386 639 2449 Δέδιας,
672 2387 883 2455 μήποτε
912 2384 1182 2455 ἁμαρτὼν
1224 2386 1256 2455 ἢ
1288 2384 1735 2456 λογοπραγηθῇς,
1768 2386 1801 2455 ἢ

200 2479 356 2533 ἀλλά
411 2478 584 2547 πέσῃς
616 2477 723 2531 ὑπὸ
755 2477 1120 2548 παραίνεσιν·
1163 2478 1287 2531 ὅθεν
1319 2480 1415 2531 καὶ
1443 2481 1806 2549 παροιστρεῖς

202 2569 557 2633 ἀλλοκότοις·
583 2568 679 2622 καὶ
714 2570 977 2633 σπεύδεις
999 2569 1167 2623 αὐτὸν
1202 2571 1301 2639 μὲν
1356 2572 1607 2638 ἀφιέναι,
1652 2572 1809 2624 ἀντε-

206 2662 542 2728 πιλέγεσθαι
595 2661 677 2725 δὶ,
728 2662 787 2715 ὃν
833 2663 901 2715 ἂν
930 2663 1139 2734 προέλῃ
1160 2680 1175 2694 ·
1214 2664 1308 2715 καὶ
1340 2662 1514 2726 οὔτως
1548 2664 1626 2726 είς
1658 2664 1809 2732 ἀορι-

209 2752 379 2806 στίαν
405 2753 685 2818 ἐκκλίνας,
713 2754 1140 2817 κασαλϐαδικῶς
1175 2749 1290 2807 οἷον
1338 2756 1596 2824 ὲρωτιᾷς,
1644 2755 1676 2824 ἢ
1710 2756 1807 2808 καὶ

208 2842 355 2910 ὕλης
380 2845 481 2913 τῆς
509 2844 812 2914 ἀρχεγόνου
850 2846 1008 2914 δίκην
1039 2844 1191 2897 τόνδε
1234 2846 1333 2912 μὲν
1359 2846 1646 2918 παραδέχῃ
1672 2845 1808 2913 πρὸς

207 2938 642 3000 ἑπισκόπευσιν,
707 2938 921 2989 ἐκεῖνον
969 2937 1027 2989 δὲ
1075 2937 1378 2990 ἀποπτύων
1440 2938 1639 3007 μικρὸν
1663 2938 1807 3002 ὅσον,

208 3028 437 3099 εἰσδέχῃ
496 3029 706 3097 ἕτερον,
772 3027 1023 3094 στέργων
1064 3028 1160 3079 καὶ
1195 3026 1580 3096 ἀποστέργων,
1610 3026 1705 3090 οὓς
1744 3029 1811 3082 ἂν

210 3122 452 3190 κυρώσῃ
507 3121 571 3172 τὸ
629 3121 687 3173 ἀν
718 3119 803 3172 σοὶ⁵
839 3120 943 3188 τῆς
971 3120 1153 3189 ψυχῆς
1209 3120 1672 3190 προαιρούμενον,
1714 3122 1811 3173 καὶ

212 3213 469 3283 πατέρας
498 3212 642 3265 οὕτω
672 3212 903 3275 πολλοὺς
938 3210 1064 3265 οὔτε
1090 3211 1315 3281 φύσεως
1349 3213 1665 3283 ἀκολουθίᾳ,
1689 3214 1811 3266 οὗτε
1838 3239 1886 3305 C

214 3325 321 3360 πνε
333 3308 576 3375 υματικῇ
617 3304 925 3373 τιθέμενος.

302 3395 435 3467 ρλϐ’.
484 3395 706 3465 Ἐρωτῶ
760 3413 843 3464 σε,
885 3391 930 3450 ὧ
967 3399 1099 3466 σοφὲ
1132 3397 1356 3467 μοναχὲ,
1391 3397 1439 3448 εί
1464 3397 1639 3460 οὕτως
1676 3399 1818 3453 ἀπα-

219 3491 404 3560 ρέσκῃ
455 3486 535 3555 τῷ
583 3488 946 3558 ἀγχιτέρμονι
987 3489 1086 3541 καὶ
1141 3490 1359 3559 συνόρῳ
1396 3490 1668 3561 ἀρχιερει,
1702 3492 1760 3543 ὃν
1789 3493 1817 3544 6

216 3576 514 3640 κανονικὺς
538 3578 849 3644 ἀνάδασμος
876 3578 1031 3631 ἔθετο
1051 3595 1064 3609 ·
1091 3578 1144 3631 τί
1172 3578 1326 3631 ἔσται
1346 3580 1536 3647 ἕτερος
1559 3583 1584 3630 6
1615 3598 1818 3651 καταρ-

214 3672 395 3734 τίζων
426 3687 484 3723 σε
527 3670 955 3735 πνευματικῶςς
1013 3670 1155 3739 Ἀρα
1188 3670 1247 3721 ὃν
1303 3675 1367 3723 σὺ
1410 3671 1672 3743 ἐπιλέξῃ;
1708 3673 1818 3726 Καὶ

218 3762 282 3814 τί
309 3761 475 3812 πλέον
508 3762 622 3822 ἕξει
654 3764 681 3811 6
735 3758 1064 3828 ἀρχιερεύς
1120 3761 1186 3812 Σὲ
1244 3763 1620 3829 παραιτεῖται,
1657 3763 1820 3833 εἴπερ

218 3852 428 3916 ἐθέλει,
461 3852 578 3904 ὁδί*
609 3850 1063 3919 ἐξομολογήσεως
1120 3851 1201 3912 εἰς
1227 3851 1396 3904 παῖδά
1426 3868 1508 3905 σοι
1563 3852 1821 3923 ποιούμε-

223 3962 348 4007 νος.
383 3945 448 3996 Εἰ
479 3944 534 3996 δὲ
563 3944 659 3995 καὶ
709 3945 776 3994 σὺ
824 3944 920 3995 τὸν
953 3945 1221 4014 ἀρχιερέα
1251 3961 1368 4007 σου,
1400 3946 1453 3997 τί
1488 3948 1594 4015 ἄρα
1628 3948 1820 4017 ἐκείνῳ

221 4035 374 4103 πρός
407 4050 468 4085 σε
501 4032 559 4087 τὸ
592 4033 890 4103 διὰφορονς
916 4033 1043 4096 Tib;
1069 4036 1238 4103 πατρὶ
1258 4034 1446 4089 δίκαια
1475 4036 1650 4103 λέγων
1685 4039 1821 4107 πρὸς

221 4126 921 4194 ἁντιλα).ιάν,ὲπιτιμᾶται
952 4126 1207 4187 δικαίως.
1245 4129 1644 4197 Παραιτεῖσθαι
1698 4131 1823 4200 μέν-

220 4235 314 4270 τοι
342 4217 507 4268 αὑτὸν
541 4218 643 4268 οὐκ
671 4216 738 4270 ἂν
761 4216 883 4269 οὐδὲ
914 4217 1005 4269 διὰ
1034 4218 1304 4286 στόματος
1354 4218 1623 4289 θαρρήσοι
1657 4239 1826 4293 πρησο

221 4309 502 4373 ενεγκείν.
539 4307 612 4359 Σὺ
645 4307 703 4360 δὲ
728 4309 756 4361 ὁ
801 4308 1004 4379 μικρὸς
1025 4308 1209 4378 πατὴρ
1231 4311 1451 4379 ἀπαρνῇ
1491 4311 1607 4377 τὸν,
1642 4314 1823 4376 καλῶς

221 4398 299 4453 ἂν
328 4398 564 4466 εἴποιμι,
602 4398 1033 4467 πρωτοπάτορα.
1073 4399 1210 4464 Ἤδη
1243 4400 1299 4452 δὲ
1333 4401 1429 4454 καὶ
1490 4401 1822 4472 Μελχισεῖὲκ

221 4487 548 4556 λογίζεσθαι
572 4487 785 4558 βούλει,
812 4489 1048 4558 ἀπάτωρ
1080 4486 1224 4543 εἶναι
1266 4496 1818 4564 πραγματευόμενος.

224 4580 371 4634 Οὐαί
402 4597 503 4645 σοι,
529 4579 840 4651 πατραλοία
874 4583 1102 4651 μοναχὶ,
1136 4585 1442 4654 ἀποίμαντε
1473 4587 1747 4659 μόναρχεί

308 4680 424 4743 ρμ’.
469 4674 631 4726 Ἀλλά
659 4674 718 4727 σὲ
748 4677 847 4742 μὲν
869 4676 1082 4745 ἀφίημι
1113 4680 1351 4747 χαίρειν,
1385 4681 1485 4733 καὶ
1529 4681 1628 4751 τὴν
1660 4700 1824 4734 πνευς

230 4765 482 4834 ματικὴν
514 4764 874 4820 ἀποσείεσθαι
907 4767 1173 4838 ζεύγλην,
1198 4770 1293 4823 καὶ
1331 4775 1824 4842 πραγματεύεσθαι

225 4859 340 4927 τὴν
370 4858 722 4929 ποθουμένην
758 4859 819 4912 σὲ
848 4860 1062 4929 πλάνην
1085 4862 1174 4913 διὰ
1208 4863 1267 4914 τὸ
1298 4865 1710 4933 ἀνεξέλεγκτον,
1750 4867 1824 4929 ὡς

226 4954 266 5005 ὁ
299 4952 474 5021 μέγας
504 4951 796 5019 φιλοσοφεῖ
828 4952 1104 5020 Σολομῶν.
1175 4955 1337 5008 Ποῖον
1368 4957 1466 5021 at;
1505 4960 1597 5010 τὸν
1632 4962 1825 5028 οίημα-

222 5044 383 5105 τίαν,
432 5044 524 5095 τὸν
558 5044 911 5113 κενότροπον,
946 5044 1036 5096 τὸν
1090 5045 1177 5099 διά
1206 5048 1267 5098 τὸ
1314 5049 1506 5117 περιὸν
1526 5049 1635 5103 τῶν
1668 5068 1825 5104 πταιο

230 5134 465 5202 σμάτων
494 5133 956 5203 φιλοτιμούμενον
984 5135 1046 5188 τὸ
1074 5118 1471 5207 ἀνεπιτίμητον
1492 5156 1507 5168 ·
1545 5139 1639 5193 τὸν
1686 5142 1825 5210 ὑπὲρ

228 5223 465 5275 πάντων
498 5226 621 5293 μὲν,
653 5226 751 5278 καὶ
780 5226 964 5278 αὐτῶν
998 5227 1107 5280 τῶν
1143 5228 1380 5298 ἐχθρῶν,
1422 5229 1707 5291 ὀφείλοντα
1739 5232 1826 5283 εὗ-

231 5315 458 5385 χεσθαι,
489 5317 639 5385 μόνῳ
685 5319 737 5371 δὲ
769 5318 848 5387 τῷ
878 5320 1131 5389 ἀρχιερεῖ
1167 5324 1261 5374 καὶ
1287 5324 1386 5393 τὴν
1420 5324 1488 5375 δι’
1541 5327 1824 5395 ἀναφορᾶς

235 5410 470 5478 μνήμην
498 5410 838 5477 ὲκκλείοντα,
869 5414 965 5463 κει).
1001 5414 1137 5481 μηδὲ
1168 5415 1523 5484 ὲγγράφοντα
1544 5417 1707 5470 τοῦτο
1747 5419 1823 5479 είς

238 5502 659 5568 μνησικακίαν
714 5503 809 5555 τὸν
855 5504 1170 5572 ἀφύλακτον
1223 5511 1325 5575 τὴν
1380 5508 1660 5574 γλῶσσαν·
1735 5510 1826 5560 τὸν

233 5591 687 5663 ἁπεριμέριμνον
724 5594 790 5647 τὰ
823 5597 902 5657 είς
934 5597 1148 5663 λαλιὰν,
1183 5600 1279 5653 καὶ
1308 5600 1428 5651 οὐδὲ
1453 5600 1747 5671 ἐχέφρονα,
1778 5600 1831 5653 εί

230 5682 351 5754 χρὴ
384 5686 494 5746 τοῖς
528 5684 763 5754 έναγχός
791 5704 894 5739 που
929 5690 1142 5759 ῥήμασι
1200 5691 1595 5761 τεκμήρασθαι
1640 5694 1734 5745 καὶ
1759 5693 1827 5746 τὰ

231 5774 351 5844 πρὸ
381 5777 607 5833 τούτων.
637 5779 897 5833 Μελετῶν
930 5782 1041 5851 γὰρ
1063 5785 1379 5852 κορακικῶς
1403 5785 1470 5838 τὰ
1496 5785 1619 5838 καθ’
1646 5784 1824 5853 ήμῶν,

234 5868 339 5921 καὶ
377 5868 511 5922 ἄλλα
548 5870 649 5940 μὲν
687 5871 958 5942 ἔκρωξας,
991 5875 1048 5927 ἐν
1085 5875 1142 5928 δὲ
1164 5879 1277 5937 τοῖς
1331 5878 1420 5929 καὶ
1459 5877 1540 5929 ὅτι
1572 5876 1823 5943 ’Λπειμι,

1893 657 1975 702 cst
2002 688 2015 710 .
2045 658 2241 703 contra
2278 666 2405 704 eum
2441 651 2535 720 qui
2577 662 2629 704 te
2663 652 2870 722 injuste
2912 651 3178 719 opprimit
3221 655 3493 719 pugnabit

1897 752 2073 795 tecum
2099 746 2281 799 omnis
2301 745 2512 799 creatio
2535 764 2545 797 :
2566 745 2710 811 ignis
2734 754 2927 799 contra
2958 743 3108 796 illum
3128 744 3493 812 excitabitur,

1894 832 2102 886 diluvio
2138 833 2523 902 subtnergetur
2547 854 2559 888 :
2582 843 2773 889 contra
2808 837 2962 889 illum
2986 836 3328 890 irrascentur
3361 834 3497 890 ﬁuc‘

1896 936 1985 980 tus
2018 928 2212 990 maris,
2250 943 2411 984 omne
2447 929 2656 982 malum
2684 944 2807 983 eum
2842 930 3083 984 invadet.

1975 1196 2094 1249 153.
2139 1194 2261 1251 ilice
2296 1194 2485 1250 omnia
2519 1196 2619 1250 tibi
2659 1194 2972 1254 evenirent.
3002 1194 3046 1249 si
3087 1205 3315 1263 propter
3345 1194 3494 1249 veri-

1902 1300 2066 1345 tatem
2119 1290 2439 1344 solemuiter
2468 1290 2815 1343 observatam
2868 1287 3010 1341 mala
3067 1301 3269 1356 passus
3318 1302 3495 1341 esses.

1900 1382 2058 1451 Apud
2092 1391 2145 1436 te
2177 1390 2358 1434 autem
2387 1394 2529 1434 vana
2562 1385 2691 1433 sunt
2746 1386 3032 1445 prastexta,
3078 1377 3282 1432 mentis
3335 1377 3496 1431 make

1904 1476 2212 1537 involucra,
2251 1483 2304 1527 et
2339 1474 2558 1527 aurium
2586 1472 2904 1527 illusiones.
2937 1473 3019 1527 Re
3059 1486 3190 1526 vera
3225 1471 3499 1525 moventi-

1904 1567 2004 1621 bus
2035 1566 2207 1618 livore
2242 1576 2293 1617 et
2333 1560 2613 1631 superbia,
2647 1558 2926 1630 episcopis
2962 1558 3317 1612 annumerari
3357 1574 3498 1626 praei

1903 1658 2097 1714 sumis.
2131 1656 2236 1711 Pro
2273 1654 2477 1725 injuria
2514 1668 2622 1707 non
2674 1651 2903 1707 ferenda
2965 1650 3159 1712 babes.
3212 1650 3304 1704 ubi
3335 1650 3502 1704 audis

1907 1760 1959 1806 te
1993 1751 2183 1805 minus
2239 1757 2431 1802 uotum
2489 1761 2655 1815 quam
2694 1743 3057 1813 pontiﬁcem:
3095 1754 3204 1794 non
3260 1727 3503 1794 sustines

1909 1859 2034 1899 eum
2079 1843 2202 1911 plus
2242 1856 2406 1911 quam
2444 1848 2498 1893 te
2526 1838 2780 1892 laudari:
2807 1852 2915 1891 non
2960 1837 3165 1890 toleras
3192 1848 3317 1889 eum
3357 1833 3503 1887 cele-

1912 1937 2056 1991 brari
2088 1945 2143 1991 et
2180 1934 2305 2005 poni
2341 1940 2465 2003 post
2514 1946 2670 2001 reges
2726 1946 2740 1982 :
2807 1929 3161 1997 opprobrium
3213 1925 3503 1980 arbitraris

1909 2036 2073 2101 caput
2138 2025 2387 2097 pontiﬁci
2436 2023 2726 2085 inclinare,
2759 2016 3356 2090 judicasintclorabile
3379 2017 3501 2071 sici

1912 2120 2151 2177 venienti
2194 2121 2259 2172 ad
2292 2128 2345 2171 te
2400 2113 2733 2170 obviandum
2774 2121 2893 2167 est:
2940 2110 3178 2165 dedecus
3234 2123 3429 2163 censes
3454 2107 3503 2161 si

1916 2215 2010 2272 tibi
2038 2221 2165 2268 ante
2186 2226 2312 2268 eum
2334 2224 2364 2264 e
2395 2207 2655 2264 cathedra
2687 2204 3087 2274 assurgendum
3113 2210 3198 2256 est
3227 2219 3242 2256 :
3276 2200 3504 2270 postha-

1914 2310 2095 2371 bitus,
2129 2305 2210 2358 ira
2246 2303 2501 2356 moreris.
2534 2298 2720 2353 Times
2763 2311 2830 2352 ue
2870 2298 2939 2351 de
2968 2292 3504 2366 peccatisjudicium

1912 2410 2259 2461 exerceatur,
2295 2395 2377 2449 vel
2413 2393 2573 2447 aliter
2599 2394 2652 2444 in
2687 2387 3208 2445 condamnationem
3245 2384 3501 2439 incidas:

1913 2504 1969 2551 et
1998 2493 2122 2547 ideo
2155 2489 2297 2544 miro
2326 2485 2490 2541 modo
2526 2484 2767 2546 insanis,
2818 2483 3011 2536 studes
3035 2494 3162 2535 eum
3190 2476 3496 2549 projicere,

1916 2599 1969 2644 et
1996 2588 2233 2642 electqu
2285 2599 2314 2635 a
2363 2590 2417 2634 te
2464 2578 2515 2634 ei
2552 2576 2890 2633 substituere
2928 2590 2942 2628 :
2981 2572 3064 2627 sic
3114 2572 3167 2626 in
3228 2570 3503 2625 incertum

1913 2678 2161 2740 devcnis,
2204 2674 2364 2743 quasi
2418 2668 2777 2725 meretricum
2834 2679 3025 2720 amore
3077 2661 3354 2733 agitaris:
3414 2659 3503 2713 vel

1915 2772 2073 2845 quasi
2122 2771 2189 2824 de
2231 2766 2463 2821 materia
2520 2760 2790 2834 primaria
2831 2759 2996 2813 istum
3027 2756 3084 2809 in
3120 2753 3504 2823 episcopatum

1917 2865 2147 2934 accipis,
2197 2871 2254 2914 et
2311 2856 2467 2913 illum
2525 2856 2796 2924 tantisper
2851 2860 3217 2906 contemnens
3266 2846 3504 2900 alterum

1919 2956 2179 3013 admittis:
2214 2964 2389 3014 amas,
2427 2957 2481 3003 et
2503 2946 2669 3002 odisti
2738 2951 2902 3013 prout
2936 2939 3174 2996 voluerit
3203 2934 3505 2992 consilium

1919 3052 2115 3105 animae
2146 3056 2285 3101 tuac:
2320 3055 2371 3097 et
2411 3040 2608 3096 exinde
2640 3038 2848 3091 multos
2884 3043 3068 3104 patres
3124 3042 3308 3101 neque
3338 3033 3508 3083 natu-

1922 3143 2067 3196 rales
2098 3153 2275 3208 neque
2311 3133 2635 3205 spirituales
2674 3128 2902 3185 statuis.

1997 3411 2118 3465 159.
2175 3407 2366 3470 Quaero
2399 3403 2496 3456 aiis
2523 3408 2597 3465 te,
2642 3396 2907 3451 monaclie
2942 3394 3194 3462 sapiens,
3230 3405 3352 3445 cum
3403 3389 3511 3443 isto

1927 3502 2090 3558 modo
2141 3509 2309 3567 agens
2354 3502 2547 3549 contra
2585 3492 2906 3559 episcopum
2949 3484 3262 3554 proximum
3292 3490 3347 3535 et
3373 3482 3510 3535 vici-

1928 3612 2056 3650 num
2084 3635 2097 3656 ,
2122 3606 2283 3661 quem
2320 3589 2505 3659 posuit
2547 3597 2821 3639 canonum
2854 3577 3208 3638 delimitatio,
3248 3574 3377 3643 quid
3402 3573 3512 3628 erit

1927 3686 1994 3739 de
2026 3684 2199 3737 altero
2229 3689 2281 3734 te
2336 3675 2699 3747 Spiritualiter
2742 3668 3118 3740 corripiente?
3183 3667 3294 3720 Aut
3345 3678 3509 3735 quem

1929 3774 2024 3828 tibi
2060 3769 2263 3839 eliges?
2292 3767 2433 3834 Quid
2479 3763 2720 3833 amplius
2760 3762 2863 3815 erit
2905 3755 3189 3829 pontiﬁci?
3245 3756 3322 3810 Te
3352 3769 3514 3810 rene-

1930 3874 2043 3935 gat,
2090 3863 2135 3916 si
2184 3862 2321 3918 vult.
2377 3859 2473 3927 qui
2522 3872 2585 3909 ex
2642 3853 2937 3922 adoptione
2982 3864 3078 3920 pro
3129 3849 3241 3903 ﬁlio
3296 3847 3396 3902 tibi
3426 3861 3516 3901 as-

1929 3966 2181 4025 sumptus
2211 3960 2315 4006 est.
2352 3951 2408 4004 Si
2468 3958 2650 4002 autem
2702 3956 2755 4000 tu
2798 3943 3104 4015 pontiﬁcem
3157 3952 3335 4005 tuum,
3365 3954 3517 4010 qua!—

1929 4066 2054 4104 nam
2094 4044 2401 4099 differentia
2452 4042 2596 4096 inter
2634 4050 2685 4094 te
2715 4046 2770 4093 et
2811 4036 3005 4091 illum?
3055 4034 3159 4099 Qui
3196 4033 3341 4087 ﬁlius
3369 4030 3513 4102 patri

1927 4141 2014 4205 ins
2038 4138 2191 4199 dicit,
2240 4146 2293 4190 et
2333 4132 2618 4187 contendit
2650 4145 2772 4183 cum
2816 4142 2903 4191 eo,
2946 4129 3144 4181 merito
3177 4124 3513 4192 increpatur.

1930 4227 2087 4280 llluut
2114 4234 2293 4276 autem
2329 4236 2588 4284 renegare
2617 4235 2684 4272 ne
2719 4232 2814 4272 ore
2845 4216 3064 4286 quidem
3085 4214 3378 4284 quisquam
3414 4226 3515 4265 au-

1930 4319 2100 4372 debit.
2125 4316 2205 4369 Tu
2244 4326 2429 4369 autem
2451 4323 2605 4382 pater
2635 4312 2899 4366 minimus
2936 4325 3094 4361 avum
3123 4316 3271 4362 recte
3304 4306 3515 4361 dictum

1930 4426 2120 4478 negas.
2161 4410 2226 4462 Ut
2280 4404 2682 4461 Melchisedech
2742 4401 2983 4471 reputari
3039 4399 3341 4463 desideras.
3395 4399 3518 4455 sine

1932 4513 2086 4571 puer
2108 4516 2230 4555 esse
2255 4498 2626 4567 concupiscis;
2659 4508 2733 4549 va:
2766 4496 2885 4560 tibi,
2918 4494 3195 4563 parricida
3221 4491 3514 4557 monache,

1862 4600 1901 4652 D
1931 4609 2022 4646 rex
2065 4607 2170 4643 non
2203 4605 2453 4657 pascens.

2000 4684 2123 4738 ΗΟ.
2159 4682 2235 4735 Te
2273 4692 2452 4735 autem
2495 4680 2713 4733 dimitto
2757 4678 3107 4746 abjicientem
3157 4678 3351 4747 jugum
3400 4675 3519 4746 spi-

1929 4776 2169 4835 riinale,
2225 4784 2390 4842 atque
2447 4780 2743 4827 sectantem
2790 4780 3008 4824 errores
3066 4783 3095 4821 a
3152 4780 3203 4821 te
3244 4767 3513 4833 dilectos,

1927 4869 2051 4937 quia
2098 4865 2423 4934 reprehendi
2460 4874 2759 4934 nequeunt.
2791 4873 2851 4917 ut
2875 4863 2948 4917 ait
2979 4876 3212 4929 magnus
3232 4859 3512 4915 Salomon.

1927 4959 1995 5012 Et
2026 4958 2238 5028 qualem
2276 4957 2448 5026 ergo?
2483 4956 2934 5017 Praasumentem,
2970 4967 3110 5006 vana
3153 4951 3513 5022 cogitantem,

1927 5068 2024 5122 per
2086 5050 2325 5104 facinora
2364 5047 2622 5116 prrclara
2677 5054 3008 5115 quaerentem
3065 5059 3173 5098 n0n
3242 5043 3508 5098 condent-

1928 5145 2067 5209 nari,
2102 5151 2385 5197 oraturum
2417 5157 2513 5211 pro
2550 5142 2829 5199 omnibus.
2876 5149 2930 5195 et
2973 5138 3233 5202 inimicis,
3281 5137 3377 5191 sed
3408 5136 3513 5191 soli

1928 5236 2171 5305 pontiﬁci
2225 5234 2544 5287 memoriam
2600 5234 2741 5287 intra
2772 5230 3106 5285 oblationem
3139 5235 3509 5293 recusantem,

1929 5343 2029 5381 nec
2071 5338 2262 5379 lautcu
2312 5324 2437 5376 odio
2502 5324 2650 5377 istud
2700 5321 3107 5387 ascribentem;
3170 5320 3360 5388 lingua
3428 5316 3514 5371 ef-

1927 5417 2179 5482 frencm,
2262 5415 2397 5469 nihil
2486 5414 2781 5468 sollicitum
2866 5412 2935 5467 de
3018 5411 3312 5481 procacia,
3402 5423 3511 5462 non

1930 5517 2344 5579 temperantem,
2398 5507 2443 5564 si
2496 5506 2778 5562 referenda
2836 5513 2968 5560 sunt
3021 5503 3184 5557 verba
3255 5500 3513 5570 superius

1929 5604 2095 5667 dicta,
2152 5602 2234 5654 vel
2283 5600 2387 5653 alia
2439 5600 2611 5670 prius.
2671 5596 2805 5650 Cum
2848 5598 2995 5651 enim
3039 5609 3193 5649 more
3216 5607 3512 5647 corvorum

1930 5710 2032 5748 nos
2060 5694 2408 5754 obscrvares.
2444 5694 2549 5744 alia
2600 5691 2825 5761 quidem
2867 5686 3143 5751 clamasti,
3175 5694 3228 5739 et
3264 5685 3406 5738 inter
3443 5699 3509 5738 ea

1932 5788 2059 5840 illud
2105 5803 2118 5839 :
2185 5784 2322 5839 Ecce
2389 5784 2604 5848 absum,
2662 5790 2720 5836 ut
2771 5788 2967 5835 contra
3024 5777 3509 5846 metropolitanum

1932 5880 2254 5947 deponet-cs.
2304 5875 2639 5932 Vomitorem
2707 5872 2998 5931 confessus
3052 5886 3113 5927 es
3168 5868 3220 5922 in
3277 5868 3495 5936 dialogo
