  <div class='ocr_page' id='page_1' title='image "/cluster/home/n/w/nwhite01/storage/ocr_20150623/135/nnc1.0046979727/452.png"; bbox 0 0 4212 6434; ppageno 0'>
   <div class='ocr_carea' id='block_1_1' title="bbox 186 411 289 473">
    <p class='ocr_par' dir='ltr' id='par_1_1' title="bbox 186 411 289 473">
     <span class='ocr_line' id='line_1_1' title="bbox 186 411 289 473; baseline 0.01 -1"><span class='ocrx_word' id='word_1_1' title='bbox 186 411 289 473; x_wconf 73' lang='grc'><strong>849</strong></span> 
     </span>
    </p>
   </div>
   <div class='ocr_carea' id='block_1_2' title="bbox 1151 409 2488 482">
    <p class='ocr_par' dir='ltr' id='par_1_2' title="bbox 1151 409 2488 482">
     <span class='ocr_line' id='line_1_2' title="bbox 1151 409 2488 482; baseline 0.01 -14"><span class='ocrx_word' id='word_1_2' title='bbox 1151 409 1249 468; x_wconf 85' lang='lat' dir='ltr'><strong>DE</strong></span> <span class='ocrx_word' id='word_1_3' title='bbox 1290 411 1763 470; x_wconf 66' lang='lat' dir='ltr'><strong>EMENDAXDA</strong></span> <span class='ocrx_word' id='word_1_4' title='bbox 1808 415 1988 474; x_wconf 74' lang='lat' dir='ltr'><strong>VlTA</strong></span> <span class='ocrx_word' id='word_1_5' title='bbox 2032 414 2488 482; x_wconf 62' lang='lat' dir='ltr'><strong>MONACIIIL‘A.</strong></span> 
     </span>
    </p>
   </div>
   <div class='ocr_carea' id='block_1_3' title="bbox 3341 436 3447 498">
    <p class='ocr_par' dir='ltr' id='par_1_3' title="bbox 3341 436 3447 498">
     <span class='ocr_line' id='line_1_3' title="bbox 3341 436 3447 498; baseline 0.019 -2"><span class='ocrx_word' id='word_1_6' title='bbox 3341 436 3447 498; x_wconf 81' lang='grc'><strong>850</strong></span> 
     </span>
    </p>
   </div>
   <div class='ocr_carea' id='block_1_4' title="bbox 189 517 1852 619">
    <p class='ocr_par' dir='ltr' id='par_1_4' title="bbox 189 517 1840 598">
     <span class='ocr_line' id='line_1_4' title="bbox 189 517 1840 598; baseline 0.002 -21"><span class='ocrx_word' id='word_1_7' title='bbox 189 539 362 593; x_wconf 83' lang='grc' dir='ltr'>ματα,</span> <span class='ocrx_word' id='word_1_8' title='bbox 401 523 462 587; x_wconf 79' lang='grc' dir='ltr'><strong>ἐξ</strong></span> <span class='ocrx_word' id='word_1_9' title='bbox 494 517 569 576; x_wconf 79' lang='grc' dir='ltr'>ὧν</span> <span class='ocrx_word' id='word_1_10' title='bbox 613 523 704 576; x_wconf 78' lang='grc' dir='ltr'><strong>καὶ</strong></span> <span class='ocrx_word' id='word_1_11' title='bbox 734 524 782 576; x_wconf 84' lang='lat' dir='ltr'><strong>ol</strong></span> <span class='ocrx_word' id='word_1_12' title='bbox 817 523 986 576; x_wconf 84' lang='grc' dir='ltr'>πάλαι</span> <span class='ocrx_word' id='word_1_13' title='bbox 1034 524 1331 590; x_wconf 72' lang='grc' dir='ltr'><strong>ἁγιώτατοι</strong></span> <span class='ocrx_word' id='word_1_14' title='bbox 1365 527 1606 595; x_wconf 85' lang='grc' dir='ltr'>Πατέρες</span> <span class='ocrx_word' id='word_1_15' title='bbox 1637 531 1762 598; x_wconf 81' lang='grc' dir='ltr'>ἐρα·</span> <span class='ocrx_word' id='word_1_16' title='bbox 1793 539 1840 595; x_wconf 73' lang='grc' dir='ltr'><strong>Α</strong></span> 
     </span>
    </p>
   </div>
   <div class='ocr_carea' id='block_1_5' title="bbox 1780 517 3443 619">
    <p class='ocr_par' dir='ltr' id='par_1_5' title="bbox 1793 533 3443 619">
     <span class='ocr_line' id='line_1_5' title="bbox 1793 533 3443 619; baseline 0.024 -46"><span class='ocrx_word' id='word_1_17' title='bbox 1793 539 1840 595; x_wconf 67' lang='grc' dir='ltr'><strong>Α</strong></span> <span class='ocrx_word' id='word_1_18' title='bbox 1872 541 2058 586; x_wconf 76' lang='lat' dir='ltr'><strong>cantes</strong></span> <span class='ocrx_word' id='word_1_19' title='bbox 2096 533 2298 603; x_wconf 76' lang='lat' dir='ltr'><strong>antiqui</strong></span> <span class='ocrx_word' id='word_1_20' title='bbox 2340 539 2511 591; x_wconf 88' lang='lat' dir='ltr'><strong>sancti</strong></span> <span class='ocrx_word' id='word_1_21' title='bbox 2551 538 2734 596; x_wconf 81' lang='lat' dir='ltr'><strong>Patres</strong></span> <span class='ocrx_word' id='word_1_22' title='bbox 2773 543 2876 598; x_wconf 87' lang='lat' dir='ltr'><strong>mel</strong></span> <span class='ocrx_word' id='word_1_23' title='bbox 2919 548 3304 618; x_wconf 73' lang='lat' dir='ltr'><strong>conficiebant,</strong></span> <span class='ocrx_word' id='word_1_24' title='bbox 3366 568 3443 619; x_wconf 82' lang='lat' dir='ltr'><strong>ct.</strong></span> 
     </span>
    </p>
   </div>
   <div class='ocr_carea' id='block_1_6' title="bbox 185 615 1766 691">
    <p class='ocr_par' dir='ltr' id='par_1_6' title="bbox 185 615 1766 691">
     <span class='ocr_line' id='line_1_6' title="bbox 185 615 1766 691; baseline 0.005 -26"><span class='ocrx_word' id='word_1_25' title='bbox 185 617 478 682; x_wconf 85' lang='grc' dir='ltr'>νισάμενοι</span> <span class='ocrx_word' id='word_1_26' title='bbox 534 615 1033 691; x_wconf 84' lang='grc' dir='ltr'>ἐμελετούγρησαν,</span> <span class='ocrx_word' id='word_1_27' title='bbox 1087 616 1653 686; x_wconf 82' lang='grc' dir='ltr'>σιμϐλοποιησάμενοι</span> <span class='ocrx_word' id='word_1_28' title='bbox 1700 623 1766 673; x_wconf 65' lang='grc' dir='ltr'><strong>τὰ</strong></span> 
     </span>
    </p>
   </div>
   <div class='ocr_carea' id='block_1_7' title="bbox 190 707 1768 782">
    <p class='ocr_par' dir='ltr' id='par_1_7' title="bbox 190 707 1768 782">
     <span class='ocr_line' id='line_1_7' title="bbox 190 707 1768 782; baseline 0.005 -23"><span class='ocrx_word' id='word_1_29' title='bbox 190 712 400 777; x_wconf 70' lang='grc' dir='ltr'>γλυκέα</span> <span class='ocrx_word' id='word_1_30' title='bbox 445 713 630 763; x_wconf 85' lang='grc' dir='ltr'>ἐκεῖνα</span> <span class='ocrx_word' id='word_1_31' title='bbox 690 711 894 780; x_wconf 79' lang='grc' dir='ltr'>βιϐλία,</span> <span class='ocrx_word' id='word_1_32' title='bbox 927 707 1010 771; x_wconf 69' lang='grc' dir='ltr'>οἷς</span> <span class='ocrx_word' id='word_1_33' title='bbox 1059 711 1306 763; x_wconf 80' lang='grc' dir='ltr'>ἐνέθεντο</span> <span class='ocrx_word' id='word_1_34' title='bbox 1354 712 1422 764; x_wconf 77' lang='grc' dir='ltr'>τὰ</span> <span class='ocrx_word' id='word_1_35' title='bbox 1461 712 1768 782; x_wconf 85' lang='grc' dir='ltr'>γλυκύτερα</span> 
     </span>
    </p>
   </div>
   <div class='ocr_carea' id='block_1_8' title="bbox 187 803 1767 875">
    <p class='ocr_par' dir='ltr' id='par_1_8' title="bbox 187 803 1767 875">
     <span class='ocr_line' id='line_1_8' title="bbox 187 803 1767 875; baseline 0.003 -22"><span class='ocrx_word' id='word_1_36' title='bbox 187 805 331 872; x_wconf 68' lang='grc' dir='ltr'>ὑπὲρ</span> <span class='ocrx_word' id='word_1_37' title='bbox 366 805 488 872; x_wconf 81' lang='grc' dir='ltr'>μέλι</span> <span class='ocrx_word' id='word_1_38' title='bbox 544 807 640 855; x_wconf 79' lang='grc' dir='ltr'>καὶ</span> <span class='ocrx_word' id='word_1_39' title='bbox 674 806 867 875; x_wconf 77' lang='grc' dir='ltr'>κηρίον</span> <span class='ocrx_word' id='word_1_40' title='bbox 897 804 1077 872; x_wconf 81' lang='grc' dir='ltr'>λόγια,</span> <span class='ocrx_word' id='word_1_41' title='bbox 1120 803 1215 856; x_wconf 78' lang='grc' dir='ltr'>καὶ</span> <span class='ocrx_word' id='word_1_42' title='bbox 1276 803 1453 867; x_wconf 80' lang='grc' dir='ltr'>οὕτως</span> <span class='ocrx_word' id='word_1_43' title='bbox 1501 806 1767 874; x_wconf 77' lang='grc' dir='ltr'>ἀρεσκὸν·</span> 
     </span>
    </p>
   </div>
   <div class='ocr_carea' id='block_1_9' title="bbox 182 896 1766 967">
    <p class='ocr_par' dir='ltr' id='par_1_9' title="bbox 182 896 1766 967">
     <span class='ocr_line' id='line_1_9' title="bbox 182 896 1766 967; baseline 0.003 -21"><span class='ocrx_word' id='word_1_44' title='bbox 182 913 286 955; x_wconf 76' lang='grc' dir='ltr'><strong>τως</strong></span> <span class='ocrx_word' id='word_1_45' title='bbox 325 896 405 965; x_wconf 86' lang='grc' dir='ltr'>τῷ</span> <span class='ocrx_word' id='word_1_46' title='bbox 462 897 581 964; x_wconf 84' lang='grc' dir='ltr'><strong>Θεῷ</strong></span> <span class='ocrx_word' id='word_1_47' title='bbox 631 896 1080 966; x_wconf 69' lang='grc' dir='ltr'><strong>ἐλειτούργησαν.</strong></span> <span class='ocrx_word' id='word_1_48' title='bbox 1143 898 1250 949; x_wconf 81' lang='grc' dir='ltr'><strong>Καὶ</strong></span> <span class='ocrx_word' id='word_1_49' title='bbox 1305 897 1615 967; x_wconf 74' lang='grc' dir='ltr'><strong>ἐπεθύμουν</strong></span> <span class='ocrx_word' id='word_1_50' title='bbox 1666 899 1766 967; x_wconf 84' lang='grc' dir='ltr'>μὲν</span> 
     </span>
    </p>
   </div>
   <div class='ocr_carea' id='block_1_10' title="bbox 182 986 1769 1059">
    <p class='ocr_par' dir='ltr' id='par_1_10' title="bbox 182 986 1769 1059">
     <span class='ocr_line' id='line_1_10' title="bbox 182 986 1769 1059; baseline 0.003 -21"><span class='ocrx_word' id='word_1_51' title='bbox 182 989 347 1050; x_wconf 70' lang='grc' dir='ltr'>αὐτὸς</span> <span class='ocrx_word' id='word_1_52' title='bbox 379 989 620 1040; x_wconf 77' lang='grc' dir='ltr'><strong>τοιούσδε</strong></span> <span class='ocrx_word' id='word_1_53' title='bbox 662 990 756 1040; x_wconf 79' lang='grc' dir='ltr'><strong>καὶ</strong></span> <span class='ocrx_word' id='word_1_54' title='bbox 793 989 924 1058; x_wconf 80' lang='grc' dir='ltr'>παρ’</span> <span class='ocrx_word' id='word_1_55' title='bbox 956 991 1092 1058; x_wconf 76' lang='grc' dir='ltr'>ἡμῖν</span> <span class='ocrx_word' id='word_1_56' title='bbox 1117 986 1259 1042; x_wconf 78' lang='grc' dir='ltr'>εἶναι</span> <span class='ocrx_word' id='word_1_57' title='bbox 1296 991 1423 1052; x_wconf 78' lang='grc' dir='ltr'>τοὺς</span> <span class='ocrx_word' id='word_1_58' title='bbox 1470 1008 1769 1059; x_wconf 73' lang='grc' dir='ltr'>προφαινο-</span> 
     </span>
    </p>
   </div>
   <div class='ocr_carea' id='block_1_11' title="bbox 185 1079 1766 1150">
    <p class='ocr_par' dir='ltr' id='par_1_11' title="bbox 185 1079 1766 1150">
     <span class='ocr_line' id='line_1_11' title="bbox 185 1079 1766 1150; baseline 0.006 -24"><span class='ocrx_word' id='word_1_59' title='bbox 185 1079 382 1143; x_wconf 82' lang='grc' dir='ltr'>μένους</span> <span class='ocrx_word' id='word_1_60' title='bbox 443 1080 714 1147; x_wconf 78' lang='grc' dir='ltr'>μοναχούς</span> <span class='ocrx_word' id='word_1_61' title='bbox 747 1096 758 1108; x_wconf 94' lang='grc'><strong>·</strong></span> <span class='ocrx_word' id='word_1_62' title='bbox 793 1080 876 1132; x_wconf 83' lang='grc' dir='ltr'>ὅτι</span> <span class='ocrx_word' id='word_1_63' title='bbox 927 1081 984 1132; x_wconf 73' lang='grc' dir='ltr'>δὲ</span> <span class='ocrx_word' id='word_1_64' title='bbox 1018 1081 1173 1133; x_wconf 86' lang='grc' dir='ltr'><strong>αύτοὶ</strong></span> <span class='ocrx_word' id='word_1_65' title='bbox 1214 1081 1351 1149; x_wconf 74' lang='grc' dir='ltr'>πρὸς</span> <span class='ocrx_word' id='word_1_66' title='bbox 1401 1083 1522 1142; x_wconf 75' lang='grc' dir='ltr'>ταῖς</span> <span class='ocrx_word' id='word_1_67' title='bbox 1555 1081 1660 1144; x_wconf 78' lang='grc' dir='ltr'>ἔξω</span> <span class='ocrx_word' id='word_1_68' title='bbox 1687 1082 1766 1150; x_wconf 79' lang='grc' dir='ltr'><strong>βῖ-</strong></span> 
     </span>
    </p>
   </div>
   <div class='ocr_carea' id='block_1_12' title="bbox 180 1167 1763 1242">
    <p class='ocr_par' dir='ltr' id='par_1_12' title="bbox 180 1167 1763 1242">
     <span class='ocr_line' id='line_1_12' title="bbox 180 1167 1763 1242; baseline 0.007 -25"><span class='ocrx_word' id='word_1_69' title='bbox 180 1167 330 1229; x_wconf 84' lang='grc' dir='ltr'>ϐ).οις</span> <span class='ocrx_word' id='word_1_70' title='bbox 372 1168 750 1238; x_wconf 79' lang='grc' dir='ltr'>ἐξαθερίζουσι</span> <span class='ocrx_word' id='word_1_71' title='bbox 799 1175 896 1224; x_wconf 70' lang='grc' dir='ltr'>καὶ</span> <span class='ocrx_word' id='word_1_72' title='bbox 941 1173 1039 1233; x_wconf 80' lang='grc' dir='ltr'>τὰς</span> <span class='ocrx_word' id='word_1_73' title='bbox 1081 1174 1385 1242; x_wconf 74' lang='grc' dir='ltr'>ἡμετέρας.</span> <span class='ocrx_word' id='word_1_74' title='bbox 1437 1174 1633 1227; x_wconf 78' lang='grc' dir='ltr'><strong>ὁπόσαι</strong></span> <span class='ocrx_word' id='word_1_75' title='bbox 1669 1175 1763 1228; x_wconf 82' lang='grc' dir='ltr'>καὶ</span> 
     </span>
    </p>
   </div>
   <div class='ocr_carea' id='block_1_13' title="bbox 187 1261 2536 1344">
    <p class='ocr_par' dir='ltr' id='par_1_13' title="bbox 187 1261 2536 1344">
     <span class='ocr_line' id='line_1_13' title="bbox 187 1261 2536 1344; baseline 0.009 -33"><span class='ocrx_word' id='word_1_76' title='bbox 187 1261 396 1327; x_wconf 76' lang='grc' dir='ltr'>μᾶλλον</span> <span class='ocrx_word' id='word_1_77' title='bbox 444 1263 816 1331; x_wconf 81' lang='grc' dir='ltr'>ἐμϐαθύνουσι</span> <span class='ocrx_word' id='word_1_78' title='bbox 855 1267 970 1326; x_wconf 74' lang='grc' dir='ltr'>τοῖς</span> <span class='ocrx_word' id='word_1_79' title='bbox 998 1266 1077 1327; x_wconf 73' lang='grc' dir='ltr'><strong>εἰς</strong></span> <span class='ocrx_word' id='word_1_80' title='bbox 1105 1265 1238 1318; x_wconf 82' lang='grc' dir='ltr'><strong>Θεὸν</strong></span> <span class='ocrx_word' id='word_1_81' title='bbox 1277 1267 1372 1319; x_wconf 76' lang='grc' dir='ltr'>καὶ</span> <span class='ocrx_word' id='word_1_82' title='bbox 1427 1267 1493 1320; x_wconf 80' lang='grc' dir='ltr'>τὰ</span> <span class='ocrx_word' id='word_1_83' title='bbox 1555 1267 1698 1331; x_wconf 83' lang='grc' dir='ltr'>θεῖα,</span> <span class='ocrx_word' id='word_1_84' title='bbox 1762 1267 1994 1338; x_wconf 77' lang='grc' dir='ltr'>εὔχομαι</span> <span class='ocrx_word' id='word_1_85' title='bbox 2044 1273 2303 1344; x_wconf 81' lang='grc' dir='ltr'>λογισμὸν</span> <span class='ocrx_word' id='word_1_86' title='bbox 2354 1278 2536 1343; x_wconf 80' lang='grc' dir='ltr'>αὐτοῖς</span> 
     </span>
    </p>
   </div>
   <div class='ocr_carea' id='block_1_14' title="bbox 181 1359 702 1428">
    <p class='ocr_par' dir='ltr' id='par_1_14' title="bbox 181 1359 702 1428">
     <span class='ocr_line' id='line_1_14' title="bbox 181 1359 702 1428; baseline 0.01 -20"><span class='ocrx_word' id='word_1_87' title='bbox 181 1359 364 1419; x_wconf 68' lang='grc' dir='ltr'>οὕτως</span> <span class='ocrx_word' id='word_1_88' title='bbox 392 1361 702 1428; x_wconf 80' lang='grc' dir='ltr'>ἀφραίνειν.</span> 
     </span>
    </p>
   </div>
   <div class='ocr_carea' id='block_1_15' title="bbox 257 1448 1764 1528">
    <p class='ocr_par' dir='ltr' id='par_1_15' title="bbox 257 1448 1764 1528">
     <span class='ocr_line' id='line_1_15' title="bbox 257 1448 1764 1528; baseline 0.003 -22"><span class='ocrx_word' id='word_1_89' title='bbox 257 1452 405 1522; x_wconf 89' lang='grc' dir='ltr'>ρμδ¹.</span> <span class='ocrx_word' id='word_1_90' title='bbox 449 1448 574 1506; x_wconf 74' lang='grc' dir='ltr'>Οἷον</span> <span class='ocrx_word' id='word_1_91' title='bbox 604 1455 744 1525; x_wconf 87' lang='grc' dir='ltr'>γάρ,</span> <span class='ocrx_word' id='word_1_92' title='bbox 773 1473 818 1507; x_wconf 90' lang='grc' dir='ltr'><strong>ω</strong></span> <span class='ocrx_word' id='word_1_93' title='bbox 853 1457 926 1525; x_wconf 78' lang='grc' dir='ltr'>γῆ</span> <span class='ocrx_word' id='word_1_94' title='bbox 973 1458 1070 1509; x_wconf 76' lang='grc' dir='ltr'>καὶ</span> <span class='ocrx_word' id='word_1_95' title='bbox 1114 1457 1332 1528; x_wconf 73' lang='grc' dir='ltr'>οὖρανέ,</span> <span class='ocrx_word' id='word_1_96' title='bbox 1373 1457 1532 1525; x_wconf 82' lang='grc' dir='ltr'>λόγον</span> <span class='ocrx_word' id='word_1_97' title='bbox 1581 1458 1637 1525; x_wconf 81' lang='grc' dir='ltr'><strong>ἐξ</strong></span> <span class='ocrx_word' id='word_1_98' title='bbox 1671 1459 1764 1512; x_wconf 76' lang='grc' dir='ltr'>άν-</span> 
     </span>
    </p>
   </div>
   <div class='ocr_carea' id='block_1_16' title="bbox 177 1546 1762 1620">
    <p class='ocr_par' dir='ltr' id='par_1_16' title="bbox 177 1546 1762 1620">
     <span class='ocr_line' id='line_1_16' title="bbox 177 1546 1762 1620; baseline 0.004 -23"><span class='ocrx_word' id='word_1_99' title='bbox 177 1546 307 1614; x_wconf 73' lang='grc' dir='ltr'>δρδς</span> <span class='ocrx_word' id='word_1_100' title='bbox 342 1547 590 1599; x_wconf 87' lang='grc' dir='ltr'>τοιούτου</span> <span class='ocrx_word' id='word_1_101' title='bbox 624 1547 840 1616; x_wconf 80' lang='grc' dir='ltr'><strong>φθάσας</strong></span> <span class='ocrx_word' id='word_1_102' title='bbox 866 1551 1078 1620; x_wconf 73' lang='grc' dir='ltr'>ηκουσα</span> <span class='ocrx_word' id='word_1_103' title='bbox 1112 1567 1127 1582; x_wconf 89' lang='grc'><strong>·</strong></span> <span class='ocrx_word' id='word_1_104' title='bbox 1185 1551 1431 1619; x_wconf 87' lang='grc' dir='ltr'>Ἐμαθον</span> <span class='ocrx_word' id='word_1_105' title='bbox 1465 1554 1762 1606; x_wconf 77' lang='grc' dir='ltr'>κατακεῖσο</span> 
     </span>
    </p>
   </div>
   <div class='ocr_carea' id='block_1_17' title="bbox 179 1638 1763 1712">
    <p class='ocr_par' dir='ltr' id='par_1_17' title="bbox 179 1638 1763 1712">
     <span class='ocr_line' id='line_1_17' title="bbox 179 1638 1763 1712; baseline 0.008 -26"><span class='ocrx_word' id='word_1_106' title='bbox 179 1638 270 1690; x_wconf 83' lang='grc' dir='ltr'><strong>θαί</strong></span> <span class='ocrx_word' id='word_1_107' title='bbox 299 1655 410 1690; x_wconf 85' lang='grc' dir='ltr'><strong>που</strong></span> <span class='ocrx_word' id='word_1_108' title='bbox 444 1639 630 1708; x_wconf 87' lang='grc' dir='ltr'>βίϐλον</span> <span class='ocrx_word' id='word_1_109' title='bbox 688 1640 865 1709; x_wconf 82' lang='grc' dir='ltr'>ίεράν,</span> <span class='ocrx_word' id='word_1_110' title='bbox 915 1641 984 1711; x_wconf 75' lang='grc' dir='ltr'>ὴν</span> <span class='ocrx_word' id='word_1_111' title='bbox 1020 1643 1326 1710; x_wconf 82' lang='grc' dir='ltr'>ἐπονήσατο</span> <span class='ocrx_word' id='word_1_112' title='bbox 1373 1644 1696 1712; x_wconf 76' lang='grc' dir='ltr'>Γρηγόριος,</span> <span class='ocrx_word' id='word_1_113' title='bbox 1735 1647 1763 1698; x_wconf 76' lang='grc' dir='ltr'><strong><em>ὁ</em></strong></span> 
     </span>
    </p>
   </div>
   <div class='ocr_carea' id='block_1_18' title="bbox 177 1731 1761 1808">
    <p class='ocr_par' dir='ltr' id='par_1_18' title="bbox 177 1731 1761 1808">
     <span class='ocr_line' id='line_1_18' title="bbox 177 1731 1761 1808; baseline 0.004 -26"><span class='ocrx_word' id='word_1_114' title='bbox 177 1733 275 1782; x_wconf 69' lang='grc' dir='ltr'><strong>καὶ</strong></span> <span class='ocrx_word' id='word_1_115' title='bbox 309 1731 598 1799; x_wconf 86' lang='grc' dir='ltr'>Θεολόγος,</span> <span class='ocrx_word' id='word_1_116' title='bbox 655 1732 766 1804; x_wconf 81' lang='grc' dir='ltr'>πῦρ</span> <span class='ocrx_word' id='word_1_117' title='bbox 799 1735 1035 1797; x_wconf 81' lang='grc' dir='ltr'><strong>πνεύσας</strong></span> <span class='ocrx_word' id='word_1_118' title='bbox 1063 1737 1158 1788; x_wconf 78' lang='grc' dir='ltr'>καὶ</span> <span class='ocrx_word' id='word_1_119' title='bbox 1192 1737 1506 1806; x_wconf 75' lang='grc' dir='ltr'>καλλιλογίᾳ</span> <span class='ocrx_word' id='word_1_120' title='bbox 1553 1737 1761 1808; x_wconf 78' lang='grc' dir='ltr'>ἐλλαμο</span> 
     </span>
    </p>
   </div>
   <div class='ocr_carea' id='block_1_19' title="bbox 176 1823 1754 1899">
    <p class='ocr_par' dir='ltr' id='par_1_19' title="bbox 176 1823 1754 1899">
     <span class='ocr_line' id='line_1_19' title="bbox 176 1823 1754 1899; baseline 0.004 -24"><span class='ocrx_word' id='word_1_121' title='bbox 176 1823 448 1891; x_wconf 73' lang='grc' dir='ltr'>ψάμενος.</span> <span class='ocrx_word' id='word_1_122' title='bbox 499 1825 607 1878; x_wconf 78' lang='grc' dir='ltr'><strong>Καὶ</strong></span> <span class='ocrx_word' id='word_1_123' title='bbox 636 1828 686 1893; x_wconf 79' lang='grc' dir='ltr'><strong>,ἡ</strong></span> <span class='ocrx_word' id='word_1_124' title='bbox 734 1827 917 1892; x_wconf 85' lang='grc' dir='ltr'>βίϐλος</span> <span class='ocrx_word' id='word_1_125' title='bbox 980 1825 1093 1897; x_wconf 71' lang='grc' dir='ltr'>εἶχε</span> <span class='ocrx_word' id='word_1_126' title='bbox 1151 1829 1287 1882; x_wconf 82' lang='grc' dir='ltr'>πολὺ</span> <span class='ocrx_word' id='word_1_127' title='bbox 1316 1829 1376 1881; x_wconf 76' lang='grc' dir='ltr'>τὸ</span> <span class='ocrx_word' id='word_1_128' title='bbox 1405 1832 1754 1899; x_wconf 79' lang='grc' dir='ltr'><strong>παράσημον,</strong></span> 
     </span>
    </p>
   </div>
   <div class='ocr_carea' id='block_1_20' title="bbox 177 1917 1758 1988">
    <p class='ocr_par' dir='ltr' id='par_1_20' title="bbox 177 1917 1758 1988">
     <span class='ocr_line' id='line_1_20' title="bbox 177 1917 1758 1988; baseline 0.005 -22"><span class='ocrx_word' id='word_1_129' title='bbox 177 1918 272 1967; x_wconf 81' lang='grc' dir='ltr'>καὶ</span> <span class='ocrx_word' id='word_1_130' title='bbox 305 1917 368 1968; x_wconf 76' lang='grc' dir='ltr'><strong>τ’)</strong></span> <span class='ocrx_word' id='word_1_131' title='bbox 415 1919 536 1968; x_wconf 85' lang='grc' dir='ltr'>κατ’</span> <span class='ocrx_word' id='word_1_132' title='bbox 571 1919 743 1988; x_wconf 79' lang='grc' dir='ltr'>αὐτὴν</span> <span class='ocrx_word' id='word_1_133' title='bbox 789 1919 948 1982; x_wconf 73' lang='grc' dir='ltr'>κλέος</span> <span class='ocrx_word' id='word_1_134' title='bbox 974 1920 1225 1988; x_wconf 77' lang='grc' dir='ltr'>ἐξηγεῖτο</span> <span class='ocrx_word' id='word_1_135' title='bbox 1251 1923 1330 1983; x_wconf 82' lang='grc' dir='ltr'><strong>είς</strong></span> <span class='ocrx_word' id='word_1_136' title='bbox 1377 1923 1628 1986; x_wconf 73' lang='grc' dir='ltr'>πολλοὺς,</span> <span class='ocrx_word' id='word_1_137' title='bbox 1660 1924 1758 1974; x_wconf 71' lang='grc' dir='ltr'><strong>καὶ</strong></span> 
     </span>
    </p>
   </div>
   <div class='ocr_carea' id='block_1_21' title="bbox 175 2012 1757 2085">
    <p class='ocr_par' dir='ltr' id='par_1_21' title="bbox 175 2012 1757 2085">
     <span class='ocr_line' id='line_1_21' title="bbox 175 2012 1757 2085; baseline 0.004 -24"><span class='ocrx_word' id='word_1_138' title='bbox 175 2012 467 2078; x_wconf 72' lang='grc' dir='ltr'>ἐφείλκετο</span> <span class='ocrx_word' id='word_1_139' title='bbox 488 2015 611 2074; x_wconf 76' lang='grc' dir='ltr'>τοὺς</span> <span class='ocrx_word' id='word_1_140' title='bbox 638 2015 916 2084; x_wconf 82' lang='grc' dir='ltr'>ἀκροατὰς</span> <span class='ocrx_word' id='word_1_141' title='bbox 947 2015 1120 2077; x_wconf 79' lang='grc' dir='ltr'>οὕτως</span> <span class='ocrx_word' id='word_1_142' title='bbox 1169 2017 1376 2085; x_wconf 76' lang='grc' dir='ltr'>ἐκείνη,</span> <span class='ocrx_word' id='word_1_143' title='bbox 1409 2019 1502 2069; x_wconf 73' lang='grc' dir='ltr'>καὶ</span> <span class='ocrx_word' id='word_1_144' title='bbox 1525 2015 1757 2069; x_wconf 78' lang='grc' dir='ltr'>ἐθεῶντο</span> 
     </span>
    </p>
   </div>
   <div class='ocr_carea' id='block_1_22' title="bbox 172 2103 1754 2179">
    <p class='ocr_par' dir='ltr' id='par_1_22' title="bbox 172 2103 1754 2179">
     <span class='ocr_line' id='line_1_22' title="bbox 172 2103 1754 2179; baseline 0.006 -26"><span class='ocrx_word' id='word_1_145' title='bbox 172 2103 354 2169; x_wconf 80' lang='grc' dir='ltr'>αὐτὴν</span> <span class='ocrx_word' id='word_1_146' title='bbox 409 2105 544 2173; x_wconf 69' lang='grc' dir='ltr'>πρδς</span> <span class='ocrx_word' id='word_1_147' title='bbox 605 2105 795 2174; x_wconf 82' lang='grc' dir='ltr'>θαῦμα</span> <span class='ocrx_word' id='word_1_148' title='bbox 830 2125 843 2136; x_wconf 87' lang='grc'><strong>·</strong></span> <span class='ocrx_word' id='word_1_149' title='bbox 878 2109 970 2158; x_wconf 76' lang='grc' dir='ltr'>καὶ</span> <span class='ocrx_word' id='word_1_150' title='bbox 1016 2103 1084 2175; x_wconf 82' lang='grc' dir='ltr'>ἦν</span> <span class='ocrx_word' id='word_1_151' title='bbox 1140 2110 1413 2178; x_wconf 74' lang='grc' dir='ltr'>ἐντρυφᾷν</span> <span class='ocrx_word' id='word_1_152' title='bbox 1459 2112 1585 2172; x_wconf 76' lang='grc' dir='ltr'>τοὺς</span> <span class='ocrx_word' id='word_1_153' title='bbox 1631 2110 1754 2179; x_wconf 81' lang='grc' dir='ltr'>βλέ-</span> 
     </span>
    </p>
   </div>
   <div class='ocr_carea' id='block_1_23' title="bbox 172 2199 1755 2272">
    <p class='ocr_par' dir='ltr' id='par_1_23' title="bbox 172 2199 1755 2272">
     <span class='ocr_line' id='line_1_23' title="bbox 172 2199 1755 2272; baseline 0.006 -27"><span class='ocrx_word' id='word_1_154' title='bbox 172 2211 388 2258; x_wconf 79' lang='grc' dir='ltr'>ποντας</span> <span class='ocrx_word' id='word_1_155' title='bbox 433 2199 543 2258; x_wconf 78' lang='grc' dir='ltr'>τοῖς</span> <span class='ocrx_word' id='word_1_156' title='bbox 589 2214 647 2249; x_wconf 81' lang='grc' dir='ltr'><strong>τε</strong></span> <span class='ocrx_word' id='word_1_157' title='bbox 707 2199 860 2260; x_wconf 75' lang='grc' dir='ltr'>ἐντὸς</span> <span class='ocrx_word' id='word_1_158' title='bbox 921 2202 1014 2252; x_wconf 81' lang='grc' dir='ltr'>καὶ</span> <span class='ocrx_word' id='word_1_159' title='bbox 1068 2201 1145 2267; x_wconf 86' lang='grc' dir='ltr'>τῷ</span> <span class='ocrx_word' id='word_1_160' title='bbox 1204 2203 1626 2272; x_wconf 71' lang='grc' dir='ltr'><strong>προφαινομένῳ</strong></span> <span class='ocrx_word' id='word_1_161' title='bbox 1678 2207 1755 2265; x_wconf 84' lang='grc' dir='ltr'><strong>είς</strong></span> 
     </span>
    </p>
   </div>
   <div class='ocr_carea' id='block_1_24' title="bbox 169 2289 1753 2363">
    <p class='ocr_par' dir='ltr' id='par_1_24' title="bbox 169 2289 1753 2363">
     <span class='ocr_line' id='line_1_24' title="bbox 169 2289 1753 2363; baseline 0.004 -23"><span class='ocrx_word' id='word_1_162' title='bbox 169 2289 499 2356; x_wconf 81' lang='grc' dir='ltr'>ἀγσλλὶαμα</span> <span class='ocrx_word' id='word_1_163' title='bbox 529 2290 622 2342; x_wconf 74' lang='grc' dir='ltr'>καὶ</span> <span class='ocrx_word' id='word_1_164' title='bbox 653 2291 839 2359; x_wconf 77' lang='grc' dir='ltr'>ψυχῆς</span> <span class='ocrx_word' id='word_1_165' title='bbox 874 2295 970 2345; x_wconf 80' lang='grc' dir='ltr'>καὶ</span> <span class='ocrx_word' id='word_1_166' title='bbox 994 2293 1193 2361; x_wconf 75' lang='grc' dir='ltr'>ὅψεως.</span> <span class='ocrx_word' id='word_1_167' title='bbox 1245 2295 1483 2363; x_wconf 82' lang='grc' dir='ltr'>Θέμενος</span> <span class='ocrx_word' id='word_1_168' title='bbox 1516 2291 1611 2346; x_wconf 78' lang='grc' dir='ltr'><strong>οὖν</strong></span> <span class='ocrx_word' id='word_1_169' title='bbox 1663 2297 1753 2346; x_wconf 84' lang='grc' dir='ltr'><strong>καὶ</strong></span> 
     </span>
    </p>
   </div>
   <div class='ocr_carea' id='block_1_25' title="bbox 168 2381 1751 2457">
    <p class='ocr_par' dir='ltr' id='par_1_25' title="bbox 168 2381 1751 2457">
     <span class='ocr_line' id='line_1_25' title="bbox 168 2381 1751 2457; baseline 0.005 -26"><span class='ocrx_word' id='word_1_170' title='bbox 168 2381 286 2448; x_wconf 80' lang='grc' dir='ltr'><strong>ἐγὼ</strong></span> <span class='ocrx_word' id='word_1_171' title='bbox 319 2383 559 2452; x_wconf 83' lang='grc' dir='ltr'>σπουδὴν</span> <span class='ocrx_word' id='word_1_172' title='bbox 589 2386 833 2452; x_wconf 72' lang='grc' dir='ltr'>ἐντυχεῖν</span> <span class='ocrx_word' id='word_1_173' title='bbox 879 2385 956 2454; x_wconf 87' lang='grc' dir='ltr'>τῷ</span> <span class='ocrx_word' id='word_1_174' title='bbox 1010 2386 1160 2454; x_wconf 89' lang='grc' dir='ltr'>καλῴ</span> <span class='ocrx_word' id='word_1_175' title='bbox 1212 2388 1503 2457; x_wconf 64' lang='grc' dir='ltr'>Γρηγορίῳ</span> <span class='ocrx_word' id='word_1_176' title='bbox 1555 2388 1751 2456; x_wconf 81' lang='grc' dir='ltr'>τούτῳ,</span> 
     </span>
    </p>
   </div>
   <div class='ocr_carea' id='block_1_26' title="bbox 165 2474 1750 2548">
    <p class='ocr_par' dir='ltr' id='par_1_26' title="bbox 165 2474 1750 2548">
     <span class='ocr_line' id='line_1_26' title="bbox 165 2474 1750 2548; baseline 0.005 -24"><span class='ocrx_word' id='word_1_177' title='bbox 165 2475 275 2525; x_wconf 80' lang='grc' dir='ltr'><strong>οὐκ</strong></span> <span class='ocrx_word' id='word_1_178' title='bbox 327 2474 632 2545; x_wconf 79' lang='grc' dir='ltr'>εὐστόχησα</span> <span class='ocrx_word' id='word_1_179' title='bbox 672 2495 683 2505; x_wconf 95' lang='grc'>·</span> <span class='ocrx_word' id='word_1_180' title='bbox 719 2477 984 2546; x_wconf 74' lang='grc' dir='ltr'>μετετέθη</span> <span class='ocrx_word' id='word_1_181' title='bbox 1018 2478 1124 2545; x_wconf 85' lang='grc' dir='ltr'><strong>γάρ</strong></span> <span class='ocrx_word' id='word_1_182' title='bbox 1167 2495 1282 2537; x_wconf 76' lang='grc' dir='ltr'><strong>πως</strong></span> <span class='ocrx_word' id='word_1_183' title='bbox 1311 2478 1379 2530; x_wconf 83' lang='grc' dir='ltr'><strong>τά</strong></span> <span class='ocrx_word' id='word_1_184' title='bbox 1429 2494 1491 2543; x_wconf 86' lang='grc' dir='ltr'><strong>γε</strong></span> <span class='ocrx_word' id='word_1_185' title='bbox 1521 2479 1601 2539; x_wconf 91' lang='grc' dir='ltr'><strong>είς</strong></span> <span class='ocrx_word' id='word_1_186' title='bbox 1629 2480 1750 2548; x_wconf 79' lang='grc' dir='ltr'>ἐμέ.</span> 
     </span>
    </p>
   </div>
   <div class='ocr_carea' id='block_1_27' title="bbox 180 2566 1753 2638">
    <p class='ocr_par' dir='ltr' id='par_1_27' title="bbox 180 2566 1753 2638">
     <span class='ocr_line' id='line_1_27' title="bbox 180 2566 1753 2638; baseline 0.004 -22"><span class='ocrx_word' id='word_1_187' title='bbox 180 2566 410 2634; x_wconf 74' lang='grc' dir='ltr'>Ἀμέλει</span> <span class='ocrx_word' id='word_1_188' title='bbox 455 2569 546 2619; x_wconf 71' lang='grc' dir='ltr'>καὶ</span> <span class='ocrx_word' id='word_1_189' title='bbox 602 2567 982 2636; x_wconf 80' lang='grc' dir='ltr'>λελυπημένος</span> <span class='ocrx_word' id='word_1_190' title='bbox 1024 2569 1310 2636; x_wconf 75' lang='grc' dir='ltr'>ἐπυθόμην</span> <span class='ocrx_word' id='word_1_191' title='bbox 1345 2568 1438 2621; x_wconf 84' lang='grc' dir='ltr'>τοῦ</span> <span class='ocrx_word' id='word_1_192' title='bbox 1485 2569 1753 2638; x_wconf 83' lang='grc' dir='ltr'>καθηγου-</span> 
     </span>
    </p>
   </div>
   <div class='ocr_carea' id='block_1_28' title="bbox 169 2653 1750 2727">
    <p class='ocr_par' dir='ltr' id='par_1_28' title="bbox 169 2653 1750 2727">
     <span class='ocr_line' id='line_1_28' title="bbox 169 2653 1750 2727; baseline 0.003 -19"><span class='ocrx_word' id='word_1_193' title='bbox 169 2659 345 2726; x_wconf 81' lang='grc' dir='ltr'>μένου</span> <span class='ocrx_word' id='word_1_194' title='bbox 382 2653 472 2726; x_wconf 80' lang='grc' dir='ltr'><strong>(ἧν</strong></span> <span class='ocrx_word' id='word_1_195' title='bbox 501 2657 556 2710; x_wconf 81' lang='grc' dir='ltr'><strong>δέ</strong></span> <span class='ocrx_word' id='word_1_196' title='bbox 576 2657 834 2725; x_wconf 81' lang='grc' dir='ltr'>ἐνάρετος</span> <span class='ocrx_word' id='word_1_197' title='bbox 861 2658 890 2707; x_wconf 84' lang='grc' dir='ltr'>ὁ</span> <span class='ocrx_word' id='word_1_198' title='bbox 927 2656 1088 2726; x_wconf 70' lang='grc' dir='ltr'>ἀνὴρ,</span> <span class='ocrx_word' id='word_1_199' title='bbox 1149 2659 1244 2710; x_wconf 85' lang='grc' dir='ltr'><strong>καὶ</strong></span> <span class='ocrx_word' id='word_1_200' title='bbox 1302 2660 1647 2727; x_wconf 79' lang='grc' dir='ltr'>γραμμάτων</span> <span class='ocrx_word' id='word_1_201' title='bbox 1694 2661 1750 2713; x_wconf 73' lang='grc' dir='ltr'><strong>δέ</strong></span> 
     </span>
    </p>
   </div>
   <div class='ocr_carea' id='block_1_29' title="bbox 166 2747 1745 2817">
    <p class='ocr_par' dir='ltr' id='par_1_29' title="bbox 166 2747 1745 2817">
     <span class='ocr_line' id='line_1_29' title="bbox 166 2747 1745 2817; baseline 0.003 -19"><span class='ocrx_word' id='word_1_202' title='bbox 166 2747 396 2815; x_wconf 81' lang='grc' dir='ltr'>ῐδμων),</span> <span class='ocrx_word' id='word_1_203' title='bbox 434 2749 526 2800; x_wconf 78' lang='grc' dir='ltr'><strong>ποῖ</strong></span> <span class='ocrx_word' id='word_1_204' title='bbox 580 2765 716 2801; x_wconf 82' lang='grc' dir='ltr'>ποτε</span> <span class='ocrx_word' id='word_1_205' title='bbox 749 2748 920 2800; x_wconf 80' lang='grc' dir='ltr'>τόπου</span> <span class='ocrx_word' id='word_1_206' title='bbox 968 2748 1030 2801; x_wconf 78' lang='grc' dir='ltr'>τὸ</span> <span class='ocrx_word' id='word_1_207' title='bbox 1077 2748 1246 2800; x_wconf 76' lang='grc' dir='ltr'>καλὸν</span> <span class='ocrx_word' id='word_1_208' title='bbox 1294 2747 1502 2817; x_wconf 88' lang='grc' dir='ltr'>βιϐλίον</span> <span class='ocrx_word' id='word_1_209' title='bbox 1553 2749 1745 2816; x_wconf 78' lang='grc' dir='ltr'>ἐστίνς</span> 
     </span>
    </p>
   </div>
   <div class='ocr_carea' id='block_1_30' title="bbox 184 2839 1751 2910">
    <p class='ocr_par' dir='ltr' id='par_1_30' title="bbox 184 2839 1751 2910">
     <span class='ocr_line' id='line_1_30' title="bbox 184 2839 1751 2910; baseline 0.003 -18"><span class='ocrx_word' id='word_1_210' title='bbox 184 2840 249 2892; x_wconf 88' lang='grc'><strong>’0</strong></span> <span class='ocrx_word' id='word_1_211' title='bbox 287 2841 344 2893; x_wconf 65' lang='grc' dir='ltr'>δὲ</span> <span class='ocrx_word' id='word_1_212' title='bbox 374 2843 466 2892; x_wconf 81' lang='grc' dir='ltr'><strong>τὸν</strong></span> <span class='ocrx_word' id='word_1_213' title='bbox 507 2843 607 2910; x_wconf 77' lang='grc' dir='ltr'><strong>τῆς</strong></span> <span class='ocrx_word' id='word_1_214' title='bbox 655 2839 838 2903; x_wconf 80' lang='grc' dir='ltr'>δεξιᾶς</span> <span class='ocrx_word' id='word_1_215' title='bbox 885 2839 1104 2909; x_wconf 82' lang='grc' dir='ltr'>λιχανὸν</span> <span class='ocrx_word' id='word_1_216' title='bbox 1155 2841 1489 2904; x_wconf 79' lang='grc' dir='ltr'>κατασείσας</span> <span class='ocrx_word' id='word_1_217' title='bbox 1555 2842 1629 2903; x_wconf 82' lang='grc' dir='ltr'><strong>ὡς</strong></span> <span class='ocrx_word' id='word_1_218' title='bbox 1673 2847 1751 2906; x_wconf 87' lang='grc' dir='ltr'><strong>είς</strong></span> 
     </span>
    </p>
   </div>
   <div class='ocr_carea' id='block_1_31' title="bbox 165 2931 1749 3002">
    <p class='ocr_par' dir='ltr' id='par_1_31' title="bbox 165 2931 1749 3002">
     <span class='ocr_line' id='line_1_31' title="bbox 165 2931 1749 3002; baseline 0.001 -18"><span class='ocrx_word' id='word_1_219' title='bbox 165 2932 403 2995; x_wconf 76' lang='grc' dir='ltr'>κύκλον,</span> <span class='ocrx_word' id='word_1_220' title='bbox 451 2933 604 2985; x_wconf 72' lang='grc' dir='ltr'>οὐδὲν</span> <span class='ocrx_word' id='word_1_221' title='bbox 656 2932 1014 3002; x_wconf 79' lang='grc' dir='ltr'>ἀπεκρίνατο.</span> <span class='ocrx_word' id='word_1_222' title='bbox 1077 2931 1248 3001; x_wconf 82' lang='grc' dir='ltr'><strong>Ἐμοῦ</strong></span> <span class='ocrx_word' id='word_1_223' title='bbox 1297 2933 1353 2986; x_wconf 78' lang='grc' dir='ltr'><strong>δέ</strong></span> <span class='ocrx_word' id='word_1_224' title='bbox 1399 2935 1749 3002; x_wconf 80' lang='grc' dir='ltr'>ἐγκειμένου,</span> 
     </span>
    </p>
   </div>
   <div class='ocr_carea' id='block_1_32' title="bbox 164 3021 1749 3093">
    <p class='ocr_par' dir='ltr' id='par_1_32' title="bbox 164 3021 1749 3093">
     <span class='ocr_line' id='line_1_32' title="bbox 164 3021 1749 3093; baseline 0.001 -19"><span class='ocrx_word' id='word_1_225' title='bbox 164 3024 271 3075; x_wconf 76' lang='grc' dir='ltr'><strong>καὶ</strong></span> <span class='ocrx_word' id='word_1_226' title='bbox 330 3024 534 3091; x_wconf 77' lang='grc' dir='ltr'>ἱλαρῶς</span> <span class='ocrx_word' id='word_1_227' title='bbox 592 3023 1074 3093; x_wconf 79' lang='grc' dir='ltr'>ἐπανερωτῶντος,</span> <span class='ocrx_word' id='word_1_228' title='bbox 1124 3025 1589 3093; x_wconf 77' lang='grc' dir='ltr'>ἀπεμποληθῆναι</span> <span class='ocrx_word' id='word_1_229' title='bbox 1628 3021 1749 3077; x_wconf 76' lang='grc' dir='ltr'>εἷπε</span> 
     </span>
    </p>
   </div>
   <div class='ocr_carea' id='block_1_33' title="bbox 165 3113 1748 3185">
    <p class='ocr_par' dir='ltr' id='par_1_33' title="bbox 165 3113 1748 3185">
     <span class='ocr_line' id='line_1_33' title="bbox 165 3113 1748 3185; baseline 0.003 -20"><span class='ocrx_word' id='word_1_230' title='bbox 165 3116 274 3183; x_wconf 75' lang='grc' dir='ltr'>τὴν</span> <span class='ocrx_word' id='word_1_231' title='bbox 302 3115 505 3184; x_wconf 78' lang='grc' dir='ltr'>βίϐλον.</span> <span class='ocrx_word' id='word_1_232' title='bbox 551 3117 645 3176; x_wconf 80' lang='grc' dir='ltr'>Τίς</span> <span class='ocrx_word' id='word_1_233' title='bbox 675 3115 805 3184; x_wconf 83' lang='grc' dir='ltr'>γὰρ,</span> <span class='ocrx_word' id='word_1_234' title='bbox 840 3117 998 3182; x_wconf 78' lang='grc' dir='ltr'>φησὶ,</span> <span class='ocrx_word' id='word_1_235' title='bbox 1050 3117 1142 3166; x_wconf 81' lang='grc' dir='ltr'>καὶ</span> <span class='ocrx_word' id='word_1_236' title='bbox 1186 3116 1345 3185; x_wconf 81' lang='grc' dir='ltr'>χρεία</span> <span class='ocrx_word' id='word_1_237' title='bbox 1371 3113 1438 3183; x_wconf 81' lang='grc' dir='ltr'>ἦν</span> <span class='ocrx_word' id='word_1_238' title='bbox 1468 3117 1597 3185; x_wconf 78' lang='grc' dir='ltr'>ἡμῖν</span> <span class='ocrx_word' id='word_1_239' title='bbox 1649 3117 1748 3169; x_wconf 87' lang='grc' dir='ltr'>αύ-</span> 
     </span>
    </p>
   </div>
   <div class='ocr_carea' id='block_1_34' title="bbox 1875 630 3444 710">
    <p class='ocr_par' dir='ltr' id='par_1_34' title="bbox 1875 630 3444 710">
     <span class='ocr_line' id='line_1_34' title="bbox 1875 630 3444 710; baseline 0.02 -33"><span class='ocrx_word' id='word_1_240' title='bbox 1875 630 2210 682; x_wconf 81' lang='lat' dir='ltr'><strong>coustrnctis</strong></span> <span class='ocrx_word' id='word_1_241' title='bbox 2289 641 2344 683; x_wconf 88' lang='lat' dir='ltr'><strong>ut</strong></span> <span class='ocrx_word' id='word_1_242' title='bbox 2405 633 2710 689; x_wconf 84' lang='lat' dir='ltr'><strong>alvearibus</strong></span> <span class='ocrx_word' id='word_1_243' title='bbox 2775 638 2859 693; x_wconf 92' lang='lat' dir='ltr'><strong>his</strong></span> <span class='ocrx_word' id='word_1_244' title='bbox 2929 642 3099 710; x_wconf 83' lang='lat' dir='ltr'><strong>libris,</strong></span> <span class='ocrx_word' id='word_1_245' title='bbox 3161 662 3444 708; x_wconf 83' lang='lat' dir='ltr'><strong>sermones</strong></span> 
     </span>
    </p>
   </div>
   <div class='ocr_carea' id='block_1_35' title="bbox 1882 719 3442 799">
    <p class='ocr_par' dir='ltr' id='par_1_35' title="bbox 1882 719 3442 799">
     <span class='ocr_line' id='line_1_35' title="bbox 1882 719 3442 799; baseline 0.022 -33"><span class='ocrx_word' id='word_1_246' title='bbox 1882 737 1899 768; x_wconf 74' lang='grc' dir='ltr'><strong>ι</strong></span> <span class='ocrx_word' id='word_1_247' title='bbox 1972 719 2244 775; x_wconf 82' lang='lat' dir='ltr'><strong>dulciores</strong></span> <span class='ocrx_word' id='word_1_248' title='bbox 2293 738 2457 791; x_wconf 88' lang='lat' dir='ltr'><strong>super</strong></span> <span class='ocrx_word' id='word_1_249' title='bbox 2523 727 2624 782; x_wconf 89' lang='lat' dir='ltr'><strong>mel</strong></span> <span class='ocrx_word' id='word_1_250' title='bbox 2664 736 2718 782; x_wconf 89' lang='lat' dir='ltr'><strong>et</strong></span> <span class='ocrx_word' id='word_1_251' title='bbox 2784 729 3018 788; x_wconf 81' lang='lat' dir='ltr'><strong>favum&quot;</strong></span> <span class='ocrx_word' id='word_1_252' title='bbox 3057 757 3073 789; x_wconf 77' lang='grc' dir='ltr'><strong>ι</strong></span> <span class='ocrx_word' id='word_1_253' title='bbox 3136 738 3215 793; x_wconf 89' lang='lat' dir='ltr'><strong>ibi</strong></span> <span class='ocrx_word' id='word_1_254' title='bbox 3269 743 3442 799; x_wconf 90' lang='lat' dir='ltr'><strong>inclu-</strong></span> 
     </span>
    </p>
   </div>
   <div class='ocr_carea' id='block_1_36' title="bbox 1874 811 3439 906">
    <p class='ocr_par' dir='ltr' id='par_1_36' title="bbox 1874 811 3439 906">
     <span class='ocr_line' id='line_1_36' title="bbox 1874 811 3439 906; baseline 0.018 -41"><span class='ocrx_word' id='word_1_255' title='bbox 1874 813 2096 865; x_wconf 84' lang='lat' dir='ltr'><strong>debant.</strong></span> <span class='ocrx_word' id='word_1_256' title='bbox 2159 811 2317 869; x_wconf 80' lang='lat' dir='ltr'><strong>Tales</strong></span> <span class='ocrx_word' id='word_1_257' title='bbox 2376 818 2662 884; x_wconf 88' lang='lat' dir='ltr'><strong>cupiebam</strong></span> <span class='ocrx_word' id='word_1_258' title='bbox 2720 836 2845 878; x_wconf 88' lang='lat' dir='ltr'><strong>esse</strong></span> <span class='ocrx_word' id='word_1_259' title='bbox 2905 829 3044 895; x_wconf 87' lang='lat' dir='ltr'><strong>apud</strong></span> <span class='ocrx_word' id='word_1_260' title='bbox 3093 847 3197 886; x_wconf 87' lang='lat' dir='ltr'><strong>nos</strong></span> <span class='ocrx_word' id='word_1_261' title='bbox 3255 839 3347 906; x_wconf 92' lang='lat' dir='ltr'><strong>qui</strong></span> <span class='ocrx_word' id='word_1_262' title='bbox 3388 842 3439 894; x_wconf 92' lang='lat' dir='ltr'><strong>in</strong></span> 
     </span>
    </p>
   </div>
   <div class='ocr_carea' id='block_1_37' title="bbox 1875 903 3438 993">
    <p class='ocr_par' dir='ltr' id='par_1_37' title="bbox 1875 903 3438 993">
     <span class='ocr_line' id='line_1_37' title="bbox 1875 903 3438 993; baseline 0.022 -41"><span class='ocrx_word' id='word_1_263' title='bbox 1875 904 2050 969; x_wconf 88' lang='lat' dir='ltr'><strong>primo</strong></span> <span class='ocrx_word' id='word_1_264' title='bbox 2077 903 2268 959; x_wconf 88' lang='lat' dir='ltr'><strong>ordine</strong></span> <span class='ocrx_word' id='word_1_265' title='bbox 2287 908 2542 962; x_wconf 80' lang='lat' dir='ltr'><strong>videntur</strong></span> <span class='ocrx_word' id='word_1_266' title='bbox 2571 925 2693 966; x_wconf 87' lang='lat' dir='ltr'><strong>esse</strong></span> <span class='ocrx_word' id='word_1_267' title='bbox 2724 919 2996 974; x_wconf 84' lang='lat' dir='ltr'><strong>monachi.</strong></span> <span class='ocrx_word' id='word_1_268' title='bbox 3036 921 3140 977; x_wconf 92' lang='lat' dir='ltr'><strong>Sed</strong></span> <span class='ocrx_word' id='word_1_269' title='bbox 3165 930 3290 993; x_wconf 86' lang='lat' dir='ltr'><strong>quia</strong></span> <span class='ocrx_word' id='word_1_270' title='bbox 3329 947 3438 987; x_wconf 91' lang='lat' dir='ltr'><strong>non</strong></span> 
     </span>
    </p>
   </div>
   <div class='ocr_carea' id='block_1_38' title="bbox 1875 994 3440 1083">
    <p class='ocr_par' dir='ltr' id='par_1_38' title="bbox 1875 994 3440 1083">
     <span class='ocr_line' id='line_1_38' title="bbox 1875 994 3440 1083; baseline 0.023 -40"><span class='ocrx_word' id='word_1_271' title='bbox 1875 994 2134 1061; x_wconf 80' lang='lat' dir='ltr'><strong>profanos</strong></span> <span class='ocrx_word' id='word_1_272' title='bbox 2168 997 2333 1052; x_wconf 89' lang='lat' dir='ltr'><strong>libros</strong></span> <span class='ocrx_word' id='word_1_273' title='bbox 2366 1000 2563 1065; x_wconf 84' lang='lat' dir='ltr'><strong>solum,</strong></span> <span class='ocrx_word' id='word_1_274' title='bbox 2594 1003 2687 1058; x_wconf 90' lang='lat' dir='ltr'><strong>sed</strong></span> <span class='ocrx_word' id='word_1_275' title='bbox 2711 1015 2763 1058; x_wconf 89' lang='lat' dir='ltr'><strong>et</strong></span> <span class='ocrx_word' id='word_1_276' title='bbox 2797 1023 3035 1078; x_wconf 89' lang='lat' dir='ltr'><strong>nostros,</strong></span> <span class='ocrx_word' id='word_1_277' title='bbox 3056 1016 3260 1083; x_wconf 92' lang='lat' dir='ltr'><strong>quibus</strong></span> <span class='ocrx_word' id='word_1_278' title='bbox 3298 1021 3440 1080; x_wconf 83' lang='lat' dir='ltr'><strong>Deus</strong></span> 
     </span>
    </p>
   </div>
   <div class='ocr_carea' id='block_1_39' title="bbox 1874 1088 3440 1175">
    <p class='ocr_par' dir='ltr' id='par_1_39' title="bbox 1874 1088 3440 1175">
     <span class='ocr_line' id='line_1_39' title="bbox 1874 1088 3440 1175; baseline 0.022 -37"><span class='ocrx_word' id='word_1_279' title='bbox 1874 1096 1927 1138; x_wconf 90' lang='lat' dir='ltr'><strong>et</strong></span> <span class='ocrx_word' id='word_1_280' title='bbox 1977 1088 2159 1141; x_wconf 87' lang='lat' dir='ltr'><strong>divina</strong></span> <span class='ocrx_word' id='word_1_281' title='bbox 2186 1091 2351 1145; x_wconf 89' lang='lat' dir='ltr'><strong>altius</strong></span> <span class='ocrx_word' id='word_1_282' title='bbox 2400 1109 2832 1164; x_wconf 87' lang='lat' dir='ltr'><strong>cognoscuntur,</strong></span> <span class='ocrx_word' id='word_1_283' title='bbox 2869 1107 3018 1170; x_wconf 81' lang='lat' dir='ltr'><strong>parvi</strong></span> <span class='ocrx_word' id='word_1_284' title='bbox 3050 1106 3285 1175; x_wconf 72' lang='lat' dir='ltr'><strong>faciunt,</strong></span> <span class='ocrx_word' id='word_1_285' title='bbox 3320 1119 3440 1172; x_wconf 87' lang='lat' dir='ltr'><strong>volo</strong></span> 
     </span>
    </p>
   </div>
   <div class='ocr_carea' id='block_1_40' title="bbox 1874 1181 3436 1275">
    <p class='ocr_par' dir='ltr' id='par_1_40' title="bbox 1874 1181 3436 1275">
     <span class='ocr_line' id='line_1_40' title="bbox 1874 1181 3436 1275; baseline 0.022 -47"><span class='ocrx_word' id='word_1_286' title='bbox 1874 1191 1994 1229; x_wconf 90' lang='lat' dir='ltr'><strong>cum</strong></span> <span class='ocrx_word' id='word_1_287' title='bbox 2030 1181 2109 1232; x_wconf 89' lang='lat' dir='ltr'><strong>eis</strong></span> <span class='ocrx_word' id='word_1_288' title='bbox 2141 1182 2407 1236; x_wconf 84' lang='lat' dir='ltr'><strong>rationem</strong></span> <span class='ocrx_word' id='word_1_289' title='bbox 2443 1202 2642 1253; x_wconf 90' lang='lat' dir='ltr'><strong>ponere</strong></span> <span class='ocrx_word' id='word_1_290' title='bbox 2670 1207 2736 1244; x_wconf 82' lang='lat' dir='ltr'><strong>ne</strong></span> <span class='ocrx_word' id='word_1_291' title='bbox 2778 1195 3011 1262; x_wconf 83' lang='lat' dir='ltr'><strong>amplius</strong></span> <span class='ocrx_word' id='word_1_292' title='bbox 3039 1200 3118 1254; x_wconf 91' lang='lat' dir='ltr'><strong>sic</strong></span> <span class='ocrx_word' id='word_1_293' title='bbox 3151 1203 3436 1275; x_wconf 81' lang='lat' dir='ltr'><strong>insipiant.</strong></span> 
     </span>
    </p>
   </div>
   <div class='ocr_carea' id='block_1_41' title="bbox 2624 1285 3440 1361">
    <p class='ocr_par' dir='ltr' id='par_1_41' title="bbox 2624 1285 3440 1361">
     <span class='ocr_line' id='line_1_41' title="bbox 2624 1285 3440 1361; baseline 0.026 -26"><span class='ocrx_word' id='word_1_294' title='bbox 2624 1285 2910 1351; x_wconf 77' lang='grc' dir='ltr'>ἐντεθῆναι</span> <span class='ocrx_word' id='word_1_295' title='bbox 2976 1292 3195 1361; x_wconf 78' lang='grc' dir='ltr'>μήκαὶ</span> <span class='ocrx_word' id='word_1_296' title='bbox 3265 1301 3440 1355; x_wconf 75' lang='grc' dir='ltr'>είσέτι</span> 
     </span>
    </p>
   </div>
   <div class='ocr_carea' id='block_1_42' title="bbox 1945 1460 3434 1544">
    <p class='ocr_par' dir='ltr' id='par_1_42' title="bbox 1945 1460 3434 1544">
     <span class='ocr_line' id='line_1_42' title="bbox 1945 1460 3434 1544; baseline 0.019 -31"><span class='ocrx_word' id='word_1_297' title='bbox 1945 1460 2062 1514; x_wconf 79' lang='grc' dir='ltr'>ιιι.</span> <span class='ocrx_word' id='word_1_298' title='bbox 2103 1461 2294 1527; x_wconf 80' lang='lat' dir='ltr'><strong>Qualia</strong></span> <span class='ocrx_word' id='word_1_299' title='bbox 2331 1465 2516 1531; x_wconf 83' lang='lat' dir='ltr'><strong>verba,</strong></span> <span class='ocrx_word' id='word_1_300' title='bbox 2578 1483 2610 1523; x_wconf 91' lang='grc' dir='ltr'><strong>ο</strong></span> <span class='ocrx_word' id='word_1_301' title='bbox 2640 1471 2841 1527; x_wconf 71' lang='lat' dir='ltr'><strong>cmlum</strong></span> <span class='ocrx_word' id='word_1_302' title='bbox 2892 1487 2943 1530; x_wconf 92' lang='lat' dir='ltr'><strong>et</strong></span> <span class='ocrx_word' id='word_1_303' title='bbox 2971 1487 3138 1544; x_wconf 83' lang='lat' dir='ltr'><strong>terra,</strong></span> <span class='ocrx_word' id='word_1_304' title='bbox 3174 1494 3332 1538; x_wconf 87' lang='lat' dir='ltr'><strong>antea</strong></span> <span class='ocrx_word' id='word_1_305' title='bbox 3366 1487 3434 1542; x_wconf 88' lang='lat' dir='ltr'><strong>ab</strong></span> 
     </span>
    </p>
   </div>
   <div class='ocr_carea' id='block_1_43' title="bbox 1867 1553 3439 1639">
    <p class='ocr_par' dir='ltr' id='par_1_43' title="bbox 1867 1553 3439 1639">
     <span class='ocr_line' id='line_1_43' title="bbox 1867 1553 3439 1639; baseline 0.022 -33"><span class='ocrx_word' id='word_1_306' title='bbox 1867 1553 2087 1608; x_wconf 88' lang='lat' dir='ltr'><strong>homine</strong></span> <span class='ocrx_word' id='word_1_307' title='bbox 2119 1556 2279 1612; x_wconf 80' lang='lat' dir='ltr'><strong>istius</strong></span> <span class='ocrx_word' id='word_1_308' title='bbox 2313 1562 2456 1613; x_wconf 91' lang='lat' dir='ltr'><strong>modi</strong></span> <span class='ocrx_word' id='word_1_309' title='bbox 2487 1564 2698 1619; x_wconf 90' lang='lat' dir='ltr'><strong>audivi!</strong></span> <span class='ocrx_word' id='word_1_310' title='bbox 2721 1565 3055 1638; x_wconf 85' lang='lat' dir='ltr'><strong>Acceperam</strong></span> <span class='ocrx_word' id='word_1_311' title='bbox 3077 1577 3278 1633; x_wconf 85' lang='lat' dir='ltr'><strong>alicubi</strong></span> <span class='ocrx_word' id='word_1_312' title='bbox 3310 1597 3439 1639; x_wconf 83' lang='lat' dir='ltr'><strong>esse</strong></span> 
     </span>
    </p>
   </div>
   <div class='ocr_carea' id='block_1_44' title="bbox 1864 1649 3433 1733">
    <p class='ocr_par' dir='ltr' id='par_1_44' title="bbox 1864 1649 3433 1733">
     <span class='ocr_line' id='line_1_44' title="bbox 1864 1649 3433 1733; baseline 0.022 -39"><span class='ocrx_word' id='word_1_313' title='bbox 1864 1649 2150 1711; x_wconf 80' lang='lat' dir='ltr'><strong>quemdam</strong></span> <span class='ocrx_word' id='word_1_314' title='bbox 2175 1650 2369 1703; x_wconf 84' lang='lat' dir='ltr'><strong>librum</strong></span> <span class='ocrx_word' id='word_1_315' title='bbox 2396 1668 2631 1716; x_wconf 90' lang='lat' dir='ltr'><strong>sacrum,</strong></span> <span class='ocrx_word' id='word_1_316' title='bbox 2661 1674 2822 1728; x_wconf 89' lang='lat' dir='ltr'><strong>quem</strong></span> <span class='ocrx_word' id='word_1_317' title='bbox 2861 1660 3158 1733; x_wconf 72' lang='lat' dir='ltr'><strong>Gregorius</strong></span> <span class='ocrx_word' id='word_1_318' title='bbox 3201 1668 3433 1729; x_wconf 85' lang='lat' dir='ltr'><strong>Theolo-</strong></span> 
     </span>
    </p>
   </div>
   <div class='ocr_carea' id='block_1_45' title="bbox 1864 1739 3429 1831">
    <p class='ocr_par' dir='ltr' id='par_1_45' title="bbox 1864 1739 3429 1831">
     <span class='ocr_line' id='line_1_45' title="bbox 1864 1739 3429 1831; baseline 0.02 -44"><span class='ocrx_word' id='word_1_319' title='bbox 1864 1752 1986 1803; x_wconf 75' lang='lat' dir='ltr'><strong>gus,</strong></span> <span class='ocrx_word' id='word_1_320' title='bbox 2041 1739 2216 1806; x_wconf 87' lang='lat' dir='ltr'><strong>ignem</strong></span> <span class='ocrx_word' id='word_1_321' title='bbox 2274 1745 2514 1812; x_wconf 79' lang='lat' dir='ltr'><strong>spirans,</strong></span> <span class='ocrx_word' id='word_1_322' title='bbox 2552 1749 2766 1817; x_wconf 84' lang='lat' dir='ltr'><strong>egregia</strong></span> <span class='ocrx_word' id='word_1_323' title='bbox 2813 1757 3086 1812; x_wconf 85' lang='lat' dir='ltr'><strong>sermonis</strong></span> <span class='ocrx_word' id='word_1_324' title='bbox 3133 1761 3429 1831; x_wconf 73' lang='lat' dir='ltr'><strong>elegantia,</strong></span> 
     </span>
    </p>
   </div>
   <div class='ocr_carea' id='block_1_46' title="bbox 1866 1832 3430 1918">
    <p class='ocr_par' dir='ltr' id='par_1_46' title="bbox 1866 1832 3430 1918">
     <span class='ocr_line' id='line_1_46' title="bbox 1866 1832 3430 1918; baseline 0.019 -38"><span class='ocrx_word' id='word_1_325' title='bbox 1866 1832 2287 1898; x_wconf 75' lang='lat' dir='ltr'><strong>conscripserat.</strong></span> <span class='ocrx_word' id='word_1_326' title='bbox 2329 1832 2553 1888; x_wconf 83' lang='lat' dir='ltr'><strong>Multum</strong></span> <span class='ocrx_word' id='word_1_327' title='bbox 2604 1837 2820 1896; x_wconf 88' lang='lat' dir='ltr'><strong>decoris</strong></span> <span class='ocrx_word' id='word_1_328' title='bbox 2876 1845 2965 1898; x_wconf 90' lang='lat' dir='ltr'><strong>ille</strong></span> <span class='ocrx_word' id='word_1_329' title='bbox 2997 1848 3136 1904; x_wconf 88' lang='lat' dir='ltr'><strong>liber</strong></span> <span class='ocrx_word' id='word_1_330' title='bbox 3163 1851 3430 1918; x_wconf 82' lang='lat' dir='ltr'><strong>habebat;</strong></span> 
     </span>
    </p>
   </div>
   <div class='ocr_carea' id='block_1_47' title="bbox 1865 1916 3430 2016">
    <p class='ocr_par' dir='ltr' id='par_1_47' title="bbox 1865 1916 3430 2016">
     <span class='ocr_line' id='line_1_47' title="bbox 1865 1916 3430 2016; baseline 0.022 -47"><span class='ocrx_word' id='word_1_331' title='bbox 1865 1916 2007 1970; x_wconf 78' lang='lat' dir='ltr'><strong>fama</strong></span> <span class='ocrx_word' id='word_1_332' title='bbox 2058 1920 2204 1976; x_wconf 85' lang='lat' dir='ltr'><strong>illius</strong></span> <span class='ocrx_word' id='word_1_333' title='bbox 2245 1925 2384 1991; x_wconf 89' lang='lat' dir='ltr'><strong>apud</strong></span> <span class='ocrx_word' id='word_1_334' title='bbox 2437 1929 2632 1983; x_wconf 88' lang='lat' dir='ltr'><strong>multos</strong></span> <span class='ocrx_word' id='word_1_335' title='bbox 2683 1935 3028 2001; x_wconf 80' lang='lat' dir='ltr'><strong>narrabatur,</strong></span> <span class='ocrx_word' id='word_1_336' title='bbox 3084 1943 3273 2012; x_wconf 84' lang='lat' dir='ltr'><strong>sicque</strong></span> <span class='ocrx_word' id='word_1_337' title='bbox 3307 1916 3430 2016; x_wconf 37' lang='lat' dir='ltr'><strong>qui;</strong></span> 
     </span>
    </p>
   </div>
   <div class='ocr_carea' id='block_1_48' title="bbox 1860 2016 3431 2110">
    <p class='ocr_par' dir='ltr' id='par_1_48' title="bbox 1860 2016 3431 2110">
     <span class='ocr_line' id='line_1_48' title="bbox 1860 2016 3431 2110; baseline 0.022 -48"><span class='ocrx_word' id='word_1_338' title='bbox 1860 2025 2094 2079; x_wconf 80' lang='lat' dir='ltr'><strong>cumque</strong></span> <span class='ocrx_word' id='word_1_339' title='bbox 2152 2016 2874 2090; x_wconf 88' lang='lat' dir='ltr'><strong>audiebantalliciebantur,</strong></span> <span class='ocrx_word' id='word_1_340' title='bbox 2926 2040 2980 2084; x_wconf 92' lang='lat' dir='ltr'><strong>et</strong></span> <span class='ocrx_word' id='word_1_341' title='bbox 3025 2049 3146 2086; x_wconf 93' lang='lat' dir='ltr'><strong>cum</strong></span> <span class='ocrx_word' id='word_1_342' title='bbox 3202 2049 3431 2110; x_wconf 86' lang='lat' dir='ltr'><strong>stupore</strong></span> 
     </span>
    </p>
   </div>
   <div class='ocr_carea' id='block_1_49' title="bbox 1861 2098 3430 2187">
    <p class='ocr_par' dir='ltr' id='par_1_49' title="bbox 1861 2098 3430 2187">
     <span class='ocr_line' id='line_1_49' title="bbox 1861 2098 3430 2187; baseline 0.024 -37"><span class='ocrx_word' id='word_1_343' title='bbox 1861 2098 2243 2169; x_wconf 85' lang='lat' dir='ltr'><strong>intuebantur;</strong></span> <span class='ocrx_word' id='word_1_344' title='bbox 2301 2122 2532 2177; x_wconf 86' lang='lat' dir='ltr'><strong>cumque</strong></span> <span class='ocrx_word' id='word_1_345' title='bbox 2585 2115 2899 2171; x_wconf 75' lang='lat' dir='ltr'><strong>viderentur</strong></span> <span class='ocrx_word' id='word_1_346' title='bbox 2949 2121 3219 2181; x_wconf 88' lang='lat' dir='ltr'><strong>iuteruam</strong></span> <span class='ocrx_word' id='word_1_347' title='bbox 3255 2098 3310 2184; x_wconf 69' lang='lat' dir='ltr'><strong>et</strong></span> <span class='ocrx_word' id='word_1_348' title='bbox 3337 2147 3430 2187; x_wconf 79' lang='lat' dir='ltr'><strong>ex-</strong></span> 
     </span>
    </p>
   </div>
   <div class='ocr_carea' id='block_1_50' title="bbox 1862 2198 3426 2278">
    <p class='ocr_par' dir='ltr' id='par_1_50' title="bbox 1862 2198 3426 2278">
     <span class='ocr_line' id='line_1_50' title="bbox 1862 2198 3426 2278; baseline 0.024 -36"><span class='ocrx_word' id='word_1_349' title='bbox 1862 2203 2072 2246; x_wconf 91' lang='lat' dir='ltr'><strong>ternam</strong></span> <span class='ocrx_word' id='word_1_350' title='bbox 2115 2198 2379 2262; x_wconf 84' lang='lat' dir='ltr'><strong>speciem,</strong></span> <span class='ocrx_word' id='word_1_351' title='bbox 2416 2202 2627 2256; x_wconf 68' lang='lat' dir='ltr'><strong>delicia:</strong></span> <span class='ocrx_word' id='word_1_352' title='bbox 2657 2219 2816 2262; x_wconf 85' lang='lat' dir='ltr'><strong>erant</strong></span> <span class='ocrx_word' id='word_1_353' title='bbox 2856 2219 2910 2264; x_wconf 91' lang='lat' dir='ltr'><strong>et</strong></span> <span class='ocrx_word' id='word_1_354' title='bbox 2946 2215 3240 2275; x_wconf 87' lang='lat' dir='ltr'><strong>admiratio</strong></span> <span class='ocrx_word' id='word_1_355' title='bbox 3274 2237 3426 2278; x_wconf 85' lang='lat' dir='ltr'><strong>men-</strong></span> 
     </span>
    </p>
   </div>
   <div class='ocr_carea' id='block_1_51' title="bbox 1859 2282 3425 2381">
    <p class='ocr_par' dir='ltr' id='par_1_51' title="bbox 1859 2282 3425 2381">
     <span class='ocr_line' id='line_1_51' title="bbox 1859 2282 3425 2381; baseline 0.025 -51"><span class='ocrx_word' id='word_1_356' title='bbox 1859 2282 1930 2335; x_wconf 90' lang='lat' dir='ltr'><strong>tis</strong></span> <span class='ocrx_word' id='word_1_357' title='bbox 1956 2291 2008 2335; x_wconf 85' lang='lat' dir='ltr'><strong>et</strong></span> <span class='ocrx_word' id='word_1_358' title='bbox 2055 2285 2361 2341; x_wconf 90' lang='lat' dir='ltr'><strong>oculorum.</strong></span> <span class='ocrx_word' id='word_1_359' title='bbox 2401 2290 2535 2345; x_wconf 90' lang='lat' dir='ltr'><strong>Cum</strong></span> <span class='ocrx_word' id='word_1_360' title='bbox 2569 2294 2735 2362; x_wconf 85' lang='lat' dir='ltr'><strong>igitur</strong></span> <span class='ocrx_word' id='word_1_361' title='bbox 2777 2299 3110 2358; x_wconf 84' lang='lat' dir='ltr'><strong>desiderium</strong></span> <span class='ocrx_word' id='word_1_362' title='bbox 3139 2316 3425 2381; x_wconf 80' lang='lat' dir='ltr'><strong>concepis-</strong></span> 
     </span>
    </p>
   </div>
   <div class='ocr_carea' id='block_1_52' title="bbox 1858 2373 3423 2462">
    <p class='ocr_par' dir='ltr' id='par_1_52' title="bbox 1858 2373 3423 2462">
     <span class='ocr_line' id='line_1_52' title="bbox 1858 2373 3423 2462; baseline 0.023 -38"><span class='ocrx_word' id='word_1_363' title='bbox 1858 2386 1971 2424; x_wconf 87' lang='lat' dir='ltr'><strong>sem</strong></span> <span class='ocrx_word' id='word_1_364' title='bbox 1997 2373 2140 2428; x_wconf 79' lang='lat' dir='ltr'><strong>ilius</strong></span> <span class='ocrx_word' id='word_1_365' title='bbox 2166 2381 2365 2448; x_wconf 64' lang='lat' dir='ltr'><strong>egregii</strong></span> <span class='ocrx_word' id='word_1_366' title='bbox 2406 2379 2652 2454; x_wconf 75' lang='lat' dir='ltr'><strong>Gregorii</strong></span> <span class='ocrx_word' id='word_1_367' title='bbox 2691 2390 2871 2456; x_wconf 75' lang='lat' dir='ltr'><strong>operis</strong></span> <span class='ocrx_word' id='word_1_368' title='bbox 2920 2394 3157 2462; x_wconf 89' lang='lat' dir='ltr'><strong>videndi,</strong></span> <span class='ocrx_word' id='word_1_369' title='bbox 3209 2403 3276 2456; x_wconf 86' lang='lat' dir='ltr'><strong>ad</strong></span> <span class='ocrx_word' id='word_1_370' title='bbox 3312 2420 3423 2459; x_wconf 86' lang='lat' dir='ltr'><strong>rem</strong></span> 
     </span>
    </p>
   </div>
   <div class='ocr_carea' id='block_1_53' title="bbox 1865 2472 3424 2559">
    <p class='ocr_par' dir='ltr' id='par_1_53' title="bbox 1865 2472 3424 2559">
     <span class='ocr_line' id='line_1_53' title="bbox 1865 2472 3424 2559; baseline 0.025 -43"><span class='ocrx_word' id='word_1_371' title='bbox 1865 2479 1970 2517; x_wconf 90' lang='lat' dir='ltr'><strong>non</strong></span> <span class='ocrx_word' id='word_1_372' title='bbox 1999 2472 2218 2535; x_wconf 88' lang='lat' dir='ltr'><strong>perveni</strong></span> <span class='ocrx_word' id='word_1_373' title='bbox 2247 2489 2259 2524; x_wconf 83' lang='lat'><strong>:</strong></span> <span class='ocrx_word' id='word_1_374' title='bbox 2289 2477 2600 2532; x_wconf 80' lang='lat' dir='ltr'><strong>reconditus</strong></span> <span class='ocrx_word' id='word_1_375' title='bbox 2633 2491 2770 2544; x_wconf 88' lang='lat' dir='ltr'><strong>erat,</strong></span> <span class='ocrx_word' id='word_1_376' title='bbox 2805 2486 3002 2541; x_wconf 82' lang='lat' dir='ltr'><strong>saltem</strong></span> <span class='ocrx_word' id='word_1_377' title='bbox 3037 2506 3135 2559; x_wconf 86' lang='lat' dir='ltr'><strong>pro</strong></span> <span class='ocrx_word' id='word_1_378' title='bbox 3169 2510 3274 2550; x_wconf 87' lang='lat' dir='ltr'><strong>me.</strong></span> <span class='ocrx_word' id='word_1_379' title='bbox 3301 2497 3424 2554; x_wconf 82' lang='lat' dir='ltr'><strong>Sta-</strong></span> 
     </span>
    </p>
   </div>
   <div class='ocr_carea' id='block_1_54' title="bbox 1858 2556 3430 2642">
    <p class='ocr_par' dir='ltr' id='par_1_54' title="bbox 1858 2556 3430 2642">
     <span class='ocr_line' id='line_1_54' title="bbox 1858 2556 3430 2642; baseline 0.024 -38"><span class='ocrx_word' id='word_1_380' title='bbox 1858 2556 1952 2605; x_wconf 90' lang='lat' dir='ltr'><strong>tim</strong></span> <span class='ocrx_word' id='word_1_381' title='bbox 1985 2563 2040 2607; x_wconf 90' lang='lat' dir='ltr'><strong>et</strong></span> <span class='ocrx_word' id='word_1_382' title='bbox 2083 2557 2255 2612; x_wconf 86' lang='lat' dir='ltr'><strong>tristis</strong></span> <span class='ocrx_word' id='word_1_383' title='bbox 2289 2564 2513 2628; x_wconf 72' lang='lat' dir='ltr'><strong>quaesivi</strong></span> <span class='ocrx_word' id='word_1_384' title='bbox 2545 2581 2575 2619; x_wconf 92' lang='lat' dir='ltr'><strong>a</strong></span> <span class='ocrx_word' id='word_1_385' title='bbox 2611 2574 2927 2638; x_wconf 60' lang='lat' dir='ltr'><strong>praeposito,</strong></span> <span class='ocrx_word' id='word_1_386' title='bbox 2962 2556 3185 2635; x_wconf 81' lang='lat' dir='ltr'><strong>homine</strong></span> <span class='ocrx_word' id='word_1_387' title='bbox 3215 2584 3430 2642; x_wconf 84' lang='lat' dir='ltr'><strong>scilicet</strong></span> 
     </span>
    </p>
   </div>
   <div class='ocr_carea' id='block_1_55' title="bbox 1855 2646 3429 2733">
    <p class='ocr_par' dir='ltr' id='par_1_55' title="bbox 1855 2646 3429 2733">
     <span class='ocr_line' id='line_1_55' title="bbox 1855 2646 3429 2733; baseline 0.022 -36"><span class='ocrx_word' id='word_1_388' title='bbox 1855 2646 2178 2713; x_wconf 87' lang='lat' dir='ltr'><strong>conspicuo,</strong></span> <span class='ocrx_word' id='word_1_389' title='bbox 2241 2660 2296 2702; x_wconf 88' lang='lat' dir='ltr'><strong>et</strong></span> <span class='ocrx_word' id='word_1_390' title='bbox 2345 2650 2653 2708; x_wconf 88' lang='lat' dir='ltr'><strong>litterarum</strong></span> <span class='ocrx_word' id='word_1_391' title='bbox 2703 2664 2903 2728; x_wconf 88' lang='lat' dir='ltr'><strong>perito,</strong></span> <span class='ocrx_word' id='word_1_392' title='bbox 2940 2681 3178 2733; x_wconf 88' lang='lat' dir='ltr'><strong>quonam</strong></span> <span class='ocrx_word' id='word_1_393' title='bbox 3219 2673 3429 2732; x_wconf 81' lang='lat' dir='ltr'><strong>inloco</strong></span> 
     </span>
    </p>
   </div>
   <div class='ocr_carea' id='block_1_56' title="bbox 1855 2734 3422 2830">
    <p class='ocr_par' dir='ltr' id='par_1_56' title="bbox 1855 2734 3422 2830">
     <span class='ocr_line' id='line_1_56' title="bbox 1855 2734 3422 2830; baseline 0.024 -47"><span class='ocrx_word' id='word_1_394' title='bbox 1855 2741 2004 2786; x_wconf 82' lang='lat' dir='ltr'><strong>esset</strong></span> <span class='ocrx_word' id='word_1_395' title='bbox 2028 2734 2162 2788; x_wconf 88' lang='lat' dir='ltr'><strong>liber</strong></span> <span class='ocrx_word' id='word_1_396' title='bbox 2194 2735 2458 2794; x_wconf 82' lang='lat' dir='ltr'><strong>famosus.</strong></span> <span class='ocrx_word' id='word_1_397' title='bbox 2522 2743 2649 2808; x_wconf 88' lang='lat' dir='ltr'><strong>Qui,</strong></span> <span class='ocrx_word' id='word_1_398' title='bbox 2700 2748 2874 2818; x_wconf 80' lang='lat' dir='ltr'><strong>digito</strong></span> <span class='ocrx_word' id='word_1_399' title='bbox 2909 2753 3149 2812; x_wconf 73' lang='lat' dir='ltr'><strong>dexterae</strong></span> <span class='ocrx_word' id='word_1_400' title='bbox 3181 2764 3338 2830; x_wconf 81' lang='lat' dir='ltr'><strong>quasi</strong></span> <span class='ocrx_word' id='word_1_401' title='bbox 3371 2766 3422 2820; x_wconf 93' lang='lat' dir='ltr'><strong>in</strong></span> 
     </span>
    </p>
   </div>
   <div class='ocr_carea' id='block_1_57' title="bbox 1855 2823 3426 2912">
    <p class='ocr_par' dir='ltr' id='par_1_57' title="bbox 1855 2823 3426 2912">
     <span class='ocr_line' id='line_1_57' title="bbox 1855 2823 3426 2912; baseline 0.023 -36"><span class='ocrx_word' id='word_1_402' title='bbox 1855 2823 2120 2878; x_wconf 67' lang='lat' dir='ltr'><strong>circulum</strong></span> <span class='ocrx_word' id='word_1_403' title='bbox 2171 2830 2396 2897; x_wconf 79' lang='lat' dir='ltr'><strong>agitato,</strong></span> <span class='ocrx_word' id='word_1_404' title='bbox 2430 2834 2563 2888; x_wconf 91' lang='lat' dir='ltr'><strong>nihil</strong></span> <span class='ocrx_word' id='word_1_405' title='bbox 2619 2844 2921 2908; x_wconf 84' lang='lat' dir='ltr'><strong>respondit.</strong></span> <span class='ocrx_word' id='word_1_406' title='bbox 2978 2845 3044 2900; x_wconf 87' lang='lat' dir='ltr'><strong>Et</strong></span> <span class='ocrx_word' id='word_1_407' title='bbox 3070 2823 3426 2912; x_wconf 36' lang='lat' dir='ltr'><strong>cum—rursus</strong></span> 
     </span>
    </p>
   </div>
   <div class='ocr_carea' id='block_1_58' title="bbox 1858 2916 3414 3016">
    <p class='ocr_par' dir='ltr' id='par_1_58' title="bbox 1858 2916 3414 3016">
     <span class='ocr_line' id='line_1_58' title="bbox 1858 2916 3414 3016; baseline 0.023 -48"><span class='ocrx_word' id='word_1_408' title='bbox 1858 2916 2142 2982; x_wconf 79' lang='lat' dir='ltr'><strong>iustarum,</strong></span> <span class='ocrx_word' id='word_1_409' title='bbox 2202 2931 2252 2976; x_wconf 89' lang='lat' dir='ltr'><strong>ct</strong></span> <span class='ocrx_word' id='word_1_410' title='bbox 2305 2939 2493 2981; x_wconf 88' lang='lat' dir='ltr'><strong>rursus</strong></span> <span class='ocrx_word' id='word_1_411' title='bbox 2538 2944 2660 2983; x_wconf 86' lang='lat' dir='ltr'><strong>cum</strong></span> <span class='ocrx_word' id='word_1_412' title='bbox 2694 2932 2966 2992; x_wconf 83' lang='lat' dir='ltr'><strong>hilaritate</strong></span> <span class='ocrx_word' id='word_1_413' title='bbox 3002 2941 3414 3016; x_wconf 83' lang='lat' dir='ltr'><strong>interrogarem,</strong></span> 
     </span>
    </p>
   </div>
   <div class='ocr_carea' id='block_1_59' title="bbox 1857 3011 3420 3112">
    <p class='ocr_par' dir='ltr' id='par_1_59' title="bbox 1857 3011 3420 3112">
     <span class='ocr_line' id='line_1_59' title="bbox 1857 3011 3420 3112; baseline 0.02 -49"><span class='ocrx_word' id='word_1_414' title='bbox 1857 3011 2054 3065; x_wconf 89' lang='lat' dir='ltr'><strong>librum</strong></span> <span class='ocrx_word' id='word_1_415' title='bbox 2111 3017 2387 3071; x_wconf 87' lang='lat' dir='ltr'><strong>venditum</strong></span> <span class='ocrx_word' id='word_1_416' title='bbox 2435 3035 2558 3075; x_wconf 88' lang='lat' dir='ltr'><strong>esse</strong></span> <span class='ocrx_word' id='word_1_417' title='bbox 2619 3024 2778 3078; x_wconf 82' lang='lat' dir='ltr'><strong>dixit.</strong></span> <span class='ocrx_word' id='word_1_418' title='bbox 2827 3027 2958 3093; x_wconf 66' lang='lat' dir='ltr'><strong>Quae</strong></span> <span class='ocrx_word' id='word_1_419' title='bbox 3006 3037 3173 3102; x_wconf 87' lang='lat' dir='ltr'><strong>enim,</strong></span> <span class='ocrx_word' id='word_1_420' title='bbox 3211 3011 3420 3112; x_wconf 54' lang='lat' dir='ltr'><strong>inquit,</strong></span> 
     </span>
    </p>
   </div>
   <div class='ocr_carea' id='block_1_60' title="bbox 1857 3106 3422 3200">
    <p class='ocr_par' dir='ltr' id='par_1_60' title="bbox 1857 3106 3422 3200">
     <span class='ocr_line' id='line_1_60' title="bbox 1857 3106 3422 3200; baseline 0.02 -42"><span class='ocrx_word' id='word_1_421' title='bbox 1857 3106 2071 3161; x_wconf 86' lang='lat' dir='ltr'><strong>utilitas</strong></span> <span class='ocrx_word' id='word_1_422' title='bbox 2116 3109 2296 3163; x_wconf 85' lang='lat' dir='ltr'><strong>illius?</strong></span> <span class='ocrx_word' id='word_1_423' title='bbox 2342 3112 2403 3165; x_wconf 87' lang='lat' dir='ltr'><strong>Et</strong></span> <span class='ocrx_word' id='word_1_424' title='bbox 2455 3130 2576 3167; x_wconf 88' lang='lat' dir='ltr'><strong>cum</strong></span> <span class='ocrx_word' id='word_1_425' title='bbox 2608 3117 2686 3170; x_wconf 89' lang='lat' dir='ltr'><strong>ira</strong></span> <span class='ocrx_word' id='word_1_426' title='bbox 2742 3119 2889 3177; x_wconf 90' lang='lat' dir='ltr'><strong>intus</strong></span> <span class='ocrx_word' id='word_1_427' title='bbox 2921 3106 3334 3200; x_wconf 75' lang='lat' dir='ltr'><strong>accenderetur,</strong></span> <span class='ocrx_word' id='word_1_428' title='bbox 3369 3148 3422 3188; x_wconf 93' lang='lat' dir='ltr'><strong>et</strong></span> 
     </span>
    </p>
   </div>
   <div class='ocr_carea' id='block_1_61' title="bbox 163 3201 1826 3296">
    <p class='ocr_par' dir='ltr' id='par_1_61' title="bbox 163 3205 1819 3276">
     <span class='ocr_line' id='line_1_61' title="bbox 163 3205 1819 3276; baseline -0.004 -15"><span class='ocrx_word' id='word_1_429' title='bbox 163 3209 272 3276; x_wconf 79' lang='grc' dir='ltr'>τῆς</span> <span class='ocrx_word' id='word_1_430' title='bbox 305 3225 319 3270; x_wconf 93' lang='lat'><strong>;</strong></span> <span class='ocrx_word' id='word_1_431' title='bbox 372 3205 634 3258; x_wconf 79' lang='grc' dir='ltr'>Ἐνταῦθα</span> <span class='ocrx_word' id='word_1_432' title='bbox 662 3205 797 3273; x_wconf 84' lang='grc' dir='ltr'>ἐμοῦ</span> <span class='ocrx_word' id='word_1_433' title='bbox 827 3206 996 3274; x_wconf 76' lang='grc' dir='ltr'>θυμὸν</span> <span class='ocrx_word' id='word_1_434' title='bbox 1023 3205 1316 3275; x_wconf 85' lang='grc' dir='ltr'>ἐνδόμυχον</span> <span class='ocrx_word' id='word_1_435' title='bbox 1339 3207 1747 3273; x_wconf 78' lang='grc' dir='ltr'>ύπανάψαντος,</span> <span class='ocrx_word' id='word_1_436' title='bbox 1778 3217 1819 3274; x_wconf 67' lang='grc' dir='ltr'>(ζ</span> 
     </span>
    </p>
   </div>
   <div class='ocr_carea' id='block_1_62' title="bbox 1759 3201 3422 3296">
    <p class='ocr_par' dir='ltr' id='par_1_62' title="bbox 1778 3201 3422 3296">
     <span class='ocr_line' id='line_1_62' title="bbox 1778 3201 3422 3296; baseline 0.023 -48"><span class='ocrx_word' id='word_1_437' title='bbox 1778 3217 1819 3274; x_wconf 63' lang='grc' dir='ltr'><strong>(ς</strong></span> <span class='ocrx_word' id='word_1_438' title='bbox 1856 3201 2119 3266; x_wconf 85' lang='lat' dir='ltr'><strong>paulatim</strong></span> <span class='ocrx_word' id='word_1_439' title='bbox 2166 3207 2574 3272; x_wconf 88' lang='lat' dir='ltr'><strong>ostenderetur,</strong></span> <span class='ocrx_word' id='word_1_440' title='bbox 2627 3227 2846 3269; x_wconf 88' lang='lat' dir='ltr'><strong>causam</strong></span> <span class='ocrx_word' id='word_1_441' title='bbox 2907 3223 3136 3288; x_wconf 90' lang='lat' dir='ltr'><strong>protulit</strong></span> <span class='ocrx_word' id='word_1_442' title='bbox 3189 3226 3422 3296; x_wconf 83' lang='lat' dir='ltr'><strong>insignis</strong></span> 
     </span>
    </p>
   </div>
   <div class='ocr_carea' id='block_1_63' title="bbox 165 3298 1748 3369">
    <p class='ocr_par' dir='ltr' id='par_1_63' title="bbox 165 3298 1748 3369">
     <span class='ocr_line' id='line_1_63' title="bbox 165 3298 1748 3369; baseline -0.001 -18"><span class='ocrx_word' id='word_1_443' title='bbox 165 3301 278 3369; x_wconf 69' lang='grc' dir='ltr'>ήδη</span> <span class='ocrx_word' id='word_1_444' title='bbox 333 3301 388 3351; x_wconf 89' lang='grc' dir='ltr'><strong>δέ</strong></span> <span class='ocrx_word' id='word_1_445' title='bbox 433 3298 528 3350; x_wconf 80' lang='grc' dir='ltr'>καὶ</span> <span class='ocrx_word' id='word_1_446' title='bbox 560 3299 937 3367; x_wconf 81' lang='grc' dir='ltr'>προφήναντος</span> <span class='ocrx_word' id='word_1_447' title='bbox 973 3298 1175 3366; x_wconf 76' lang='grc' dir='ltr'>ἡρέμα,</span> <span class='ocrx_word' id='word_1_448' title='bbox 1231 3299 1479 3367; x_wconf 84' lang='grc' dir='ltr'>ἐπήγαγε</span> <span class='ocrx_word' id='word_1_449' title='bbox 1537 3300 1629 3350; x_wconf 78' lang='grc' dir='ltr'><strong>καὶ</strong></span> <span class='ocrx_word' id='word_1_450' title='bbox 1667 3301 1748 3352; x_wconf 57' lang='lat' dir='ltr'><strong>alo</strong></span> 
     </span>
    </p>
   </div>
   <div class='ocr_carea' id='block_1_64' title="bbox 166 3388 1749 3459">
    <p class='ocr_par' dir='ltr' id='par_1_64' title="bbox 166 3388 1749 3459">
     <span class='ocr_line' id='line_1_64' title="bbox 166 3388 1749 3459; baseline 0 -17"><span class='ocrx_word' id='word_1_451' title='bbox 166 3394 297 3443; x_wconf 82' lang='grc' dir='ltr'>τίαν</span> <span class='ocrx_word' id='word_1_452' title='bbox 345 3392 552 3451; x_wconf 78' lang='grc' dir='ltr'>ἐκεῖνος</span> <span class='ocrx_word' id='word_1_453' title='bbox 584 3391 611 3441; x_wconf 84' lang='grc' dir='ltr'><strong>ὁ</strong></span> <span class='ocrx_word' id='word_1_454' title='bbox 644 3388 842 3455; x_wconf 78' lang='grc' dir='ltr'>σεμνὸς</span> <span class='ocrx_word' id='word_1_455' title='bbox 882 3391 1116 3459; x_wconf 76' lang='grc' dir='ltr'>μοναχὸς</span> <span class='ocrx_word' id='word_1_456' title='bbox 1160 3389 1448 3442; x_wconf 83' lang='grc' dir='ltr'>διάλευκον</span> <span class='ocrx_word' id='word_1_457' title='bbox 1482 3391 1542 3442; x_wconf 87' lang='grc' dir='ltr'>τό</span> <span class='ocrx_word' id='word_1_458' title='bbox 1566 3405 1577 3418; x_wconf 76' lang='grc'><strong>⁸</strong></span> <span class='ocrx_word' id='word_1_459' title='bbox 1611 3408 1628 3440; x_wconf 80' lang='grc' dir='ltr'><strong>ι</strong></span> <span class='ocrx_word' id='word_1_460' title='bbox 1659 3392 1749 3453; x_wconf 85' lang='grc' dir='ltr'>Είς</span> 
     </span>
    </p>
   </div>
   <div class='ocr_carea' id='block_1_65' title="bbox 163 3480 1749 3551">
    <p class='ocr_par' dir='ltr' id='par_1_65' title="bbox 163 3480 1749 3551">
     <span class='ocr_line' id='line_1_65' title="bbox 163 3480 1749 3551; baseline -0.001 -16"><span class='ocrx_word' id='word_1_461' title='bbox 163 3486 224 3535; x_wconf 85' lang='grc' dir='ltr'><strong>τί</strong></span> <span class='ocrx_word' id='word_1_462' title='bbox 250 3484 363 3551; x_wconf 73' lang='grc' dir='ltr'>γὰρ</span> <span class='ocrx_word' id='word_1_463' title='bbox 393 3483 485 3534; x_wconf 81' lang='grc' dir='ltr'>καὶ</span> <span class='ocrx_word' id='word_1_464' title='bbox 520 3482 754 3544; x_wconf 84' lang='grc' dir='ltr'>δεόμεθα</span> <span class='ocrx_word' id='word_1_465' title='bbox 790 3480 1026 3550; x_wconf 71' lang='grc' dir='ltr'>βαϐὶίων</span> <span class='ocrx_word' id='word_1_466' title='bbox 1071 3483 1332 3534; x_wconf 79' lang='grc' dir='ltr'>τοιούτων</span> <span class='ocrx_word' id='word_1_467' title='bbox 1360 3484 1558 3551; x_wconf 78' lang='grc' dir='ltr'>ήμείς;</span> <span class='ocrx_word' id='word_1_468' title='bbox 1595 3502 1612 3533; x_wconf 71' lang='grc' dir='ltr'><strong>ι</strong></span> <span class='ocrx_word' id='word_1_469' title='bbox 1663 3483 1749 3545; x_wconf 88' lang='grc' dir='ltr'>Ὠς</span> 
     </span>
    </p>
   </div>
   <div class='ocr_carea' id='block_1_66' title="bbox 161 3573 1747 3644">
    <p class='ocr_par' dir='ltr' id='par_1_66' title="bbox 161 3573 1747 3644">
     <span class='ocr_line' id='line_1_66' title="bbox 161 3573 1747 3644; baseline -0.002 -15"><span class='ocrx_word' id='word_1_470' title='bbox 161 3576 217 3629; x_wconf 78' lang='grc' dir='ltr'>δ’</span> <span class='ocrx_word' id='word_1_471' title='bbox 249 3577 362 3642; x_wconf 82' lang='grc' dir='ltr'>ἐγὼ</span> <span class='ocrx_word' id='word_1_472' title='bbox 413 3578 505 3627; x_wconf 64' lang='grc' dir='ltr'>τὸν</span> <span class='ocrx_word' id='word_1_473' title='bbox 551 3574 724 3643; x_wconf 83' lang='grc' dir='ltr'>Θυμὸν</span> <span class='ocrx_word' id='word_1_474' title='bbox 789 3573 1112 3642; x_wconf 84' lang='grc' dir='ltr'>μεταϐαλὼν</span> <span class='ocrx_word' id='word_1_475' title='bbox 1163 3577 1244 3635; x_wconf 84' lang='grc' dir='ltr'>εἰς</span> <span class='ocrx_word' id='word_1_476' title='bbox 1299 3576 1471 3644; x_wconf 73' lang='grc' dir='ltr'>βαρὺν</span> <span class='ocrx_word' id='word_1_477' title='bbox 1511 3578 1747 3642; x_wconf 79' lang='grc' dir='ltr'>γέλωτα,</span> 
     </span>
    </p>
   </div>
   <div class='ocr_carea' id='block_1_67' title="bbox 164 3667 1747 3738">
    <p class='ocr_par' dir='ltr' id='par_1_67' title="bbox 164 3667 1747 3738">
     <span class='ocr_line' id='line_1_67' title="bbox 164 3667 1747 3738; baseline -0.003 -15"><span class='ocrx_word' id='word_1_478' title='bbox 164 3671 517 3734; x_wconf 81' lang='grc' dir='ltr'>ἐξωνείδισα,</span> <span class='ocrx_word' id='word_1_479' title='bbox 578 3668 828 3719; x_wconf 60' lang='grc' dir='ltr'>ὑπειπών</span> <span class='ocrx_word' id='word_1_480' title='bbox 857 3683 869 3697; x_wconf 86' lang='grc'><strong>·</strong></span> <span class='ocrx_word' id='word_1_481' title='bbox 913 3685 930 3717; x_wconf 82' lang='grc' dir='ltr'><strong>ι</strong></span> <span class='ocrx_word' id='word_1_482' title='bbox 978 3667 1134 3728; x_wconf 83' lang='grc' dir='ltr'>Τίνος</span> <span class='ocrx_word' id='word_1_483' title='bbox 1189 3669 1297 3736; x_wconf 84' lang='grc' dir='ltr'><strong>γὰρ</strong></span> <span class='ocrx_word' id='word_1_484' title='bbox 1348 3669 1442 3719; x_wconf 79' lang='grc' dir='ltr'><strong>καὶ</strong></span> <span class='ocrx_word' id='word_1_485' title='bbox 1491 3669 1747 3738; x_wconf 85' lang='grc' dir='ltr'>δεήσεσθε</span> 
     </span>
    </p>
   </div>
   <div class='ocr_carea' id='block_1_68' title="bbox 160 3758 1746 3829">
    <p class='ocr_par' dir='ltr' id='par_1_68' title="bbox 160 3758 1746 3829">
     <span class='ocr_line' id='line_1_68' title="bbox 160 3758 1746 3829; baseline -0.004 -14"><span class='ocrx_word' id='word_1_486' title='bbox 160 3765 216 3815; x_wconf 77' lang='grc' dir='ltr'>οἱ</span> <span class='ocrx_word' id='word_1_487' title='bbox 249 3763 411 3828; x_wconf 66' lang='grc' dir='ltr'>λόγου</span> <span class='ocrx_word' id='word_1_488' title='bbox 443 3762 586 3824; x_wconf 76' lang='grc' dir='ltr'>ἄξιοι</span> <span class='ocrx_word' id='word_1_489' title='bbox 622 3762 866 3828; x_wconf 76' lang='grc' dir='ltr'>μοναχοὶ,</span> <span class='ocrx_word' id='word_1_490' title='bbox 910 3761 1002 3810; x_wconf 69' lang='grc' dir='ltr'><strong>ἐὰν</strong></span> <span class='ocrx_word' id='word_1_491' title='bbox 1030 3760 1098 3811; x_wconf 75' lang='grc' dir='ltr'>τὰ</span> <span class='ocrx_word' id='word_1_492' title='bbox 1127 3759 1351 3811; x_wconf 76' lang='grc' dir='ltr'>τοιαῦτα</span> <span class='ocrx_word' id='word_1_493' title='bbox 1398 3758 1580 3827; x_wconf 75' lang='grc' dir='ltr'>βιϐλία</span> <span class='ocrx_word' id='word_1_494' title='bbox 1613 3761 1746 3829; x_wconf 83' lang='grc' dir='ltr'>παρ’</span> 
     </span>
    </p>
   </div>
   <div class='ocr_carea' id='block_1_69' title="bbox 161 3849 1746 3921">
    <p class='ocr_par' dir='ltr' id='par_1_69' title="bbox 161 3849 1746 3921">
     <span class='ocr_line' id='line_1_69' title="bbox 161 3849 1746 3921; baseline -0.004 -13"><span class='ocrx_word' id='word_1_495' title='bbox 161 3857 326 3909; x_wconf 73' lang='grc' dir='ltr'>οὐδὲν</span> <span class='ocrx_word' id='word_1_496' title='bbox 372 3854 645 3921; x_wconf 78' lang='grc' dir='ltr'>ποιῆσθε;</span> <span class='ocrx_word' id='word_1_497' title='bbox 683 3871 700 3902; x_wconf 75' lang='grc' dir='ltr'><strong>ι</strong></span> <span class='ocrx_word' id='word_1_498' title='bbox 752 3849 1003 3919; x_wconf 77' lang='grc' dir='ltr'>παρῆλθέ</span> <span class='ocrx_word' id='word_1_499' title='bbox 1069 3869 1134 3919; x_wconf 87' lang='grc' dir='ltr'><strong>με</strong></span> <span class='ocrx_word' id='word_1_500' title='bbox 1169 3853 1196 3903; x_wconf 83' lang='grc' dir='ltr'>ὁ</span> <span class='ocrx_word' id='word_1_501' title='bbox 1227 3851 1511 3919; x_wconf 79' lang='grc' dir='ltr'>ἄνθρωπος</span> <span class='ocrx_word' id='word_1_502' title='bbox 1559 3853 1746 3920; x_wconf 66' lang='grc' dir='ltr'>ἐντρα-</span> 
     </span>
    </p>
   </div>
   <div class='ocr_carea' id='block_1_70' title="bbox 164 3938 1747 4014">
    <p class='ocr_par' dir='ltr' id='par_1_70' title="bbox 164 3938 1747 4014">
     <span class='ocr_line' id='line_1_70' title="bbox 164 3938 1747 4014; baseline -0.008 -15"><span class='ocrx_word' id='word_1_503' title='bbox 164 3949 322 4010; x_wconf 67' lang='grc' dir='ltr'>πεὶς,</span> <span class='ocrx_word' id='word_1_504' title='bbox 361 3949 457 3998; x_wconf 79' lang='grc' dir='ltr'><strong>καὶ</strong></span> <span class='ocrx_word' id='word_1_505' title='bbox 485 3945 670 3997; x_wconf 72' lang='grc' dir='ltr'>οὐκέτι</span> <span class='ocrx_word' id='word_1_506' title='bbox 707 3943 795 3995; x_wconf 79' lang='grc' dir='ltr'>διὰ</span> <span class='ocrx_word' id='word_1_507' title='bbox 838 3942 954 4010; x_wconf 82' lang='grc' dir='ltr'>βίου</span> <span class='ocrx_word' id='word_1_508' title='bbox 980 3944 1056 4002; x_wconf 87' lang='grc' dir='ltr'><strong>είς</strong></span> <span class='ocrx_word' id='word_1_509' title='bbox 1092 3941 1212 4009; x_wconf 72' lang='grc' dir='ltr'>ὄψιν</span> <span class='ocrx_word' id='word_1_510' title='bbox 1243 3938 1372 4010; x_wconf 81' lang='grc' dir='ltr'>ἦλθέ</span> <span class='ocrx_word' id='word_1_511' title='bbox 1407 3960 1515 4010; x_wconf 89' lang='grc' dir='ltr'>μοι,</span> <span class='ocrx_word' id='word_1_512' title='bbox 1550 3943 1747 4014; x_wconf 50' lang='grc' dir='ltr'>βίιρυν.</span> 
     </span>
    </p>
   </div>
   <div class='ocr_carea' id='block_1_71' title="bbox 164 4035 1393 4105">
    <p class='ocr_par' dir='ltr' id='par_1_71' title="bbox 164 4035 1393 4105">
     <span class='ocr_line' id='line_1_71' title="bbox 164 4035 1393 4105; baseline 0.005 -23"><span class='ocrx_word' id='word_1_513' title='bbox 164 4041 286 4100; x_wconf 71' lang='grc' dir='ltr'>θεὶς</span> <span class='ocrx_word' id='word_1_514' title='bbox 323 4035 499 4105; x_wconf 73' lang='grc' dir='ltr'>οἶμαι,</span> <span class='ocrx_word' id='word_1_515' title='bbox 537 4038 597 4087; x_wconf 83' lang='grc' dir='ltr'>τὸ</span> <span class='ocrx_word' id='word_1_516' title='bbox 636 4038 695 4088; x_wconf 80' lang='grc' dir='ltr'><strong>ἐν</strong></span> <span class='ocrx_word' id='word_1_517' title='bbox 726 4037 849 4105; x_wconf 73' lang='grc' dir='ltr'>ἐμοὶ</span> <span class='ocrx_word' id='word_1_518' title='bbox 876 4035 1026 4088; x_wconf 79' lang='grc' dir='ltr'>οὕτω</span> <span class='ocrx_word' id='word_1_519' title='bbox 1059 4036 1393 4102; x_wconf 78' lang='grc' dir='ltr'>φιλόϐιϐλον.</span> 
     </span>
    </p>
   </div>
   <div class='ocr_carea' id='block_1_72' title="bbox 242 4121 1746 4196">
    <p class='ocr_par' dir='ltr' id='par_1_72' title="bbox 242 4121 1746 4196">
     <span class='ocr_line' id='line_1_72' title="bbox 242 4121 1746 4196; baseline 0.003 -21"><span class='ocrx_word' id='word_1_520' title='bbox 242 4132 385 4196; x_wconf 85' lang='grc' dir='ltr'>ρμε’.</span> <span class='ocrx_word' id='word_1_521' title='bbox 419 4121 490 4175; x_wconf 74' lang='grc' dir='ltr'><strong><em>Ὠ</em></strong></span> <span class='ocrx_word' id='word_1_522' title='bbox 555 4125 620 4193; x_wconf 77' lang='grc' dir='ltr'>δὴ</span> <span class='ocrx_word' id='word_1_523' title='bbox 647 4125 880 4177; x_wconf 81' lang='grc' dir='ltr'>τοιοῦτοι</span> <span class='ocrx_word' id='word_1_524' title='bbox 929 4125 1178 4192; x_wconf 66' lang='grc' dir='ltr'>μοναχοὶ,</span> <span class='ocrx_word' id='word_1_525' title='bbox 1209 4124 1381 4188; x_wconf 82' lang='grc' dir='ltr'>οὕτως</span> <span class='ocrx_word' id='word_1_526' title='bbox 1431 4123 1746 4190; x_wconf 76' lang='grc' dir='ltr'>ἐξουθενοῦν</span> 
     </span>
    </p>
   </div>
   <div class='ocr_carea' id='block_1_73' title="bbox 161 4217 1743 4286">
    <p class='ocr_par' dir='ltr' id='par_1_73' title="bbox 161 4217 1743 4286">
     <span class='ocr_line' id='line_1_73' title="bbox 161 4217 1743 4286; baseline 0 -14"><span class='ocrx_word' id='word_1_527' title='bbox 161 4221 388 4272; x_wconf 77' lang='grc' dir='ltr'>ἐθέλετε</span> <span class='ocrx_word' id='word_1_528' title='bbox 435 4221 564 4281; x_wconf 81' lang='grc' dir='ltr'>τοὺς</span> <span class='ocrx_word' id='word_1_529' title='bbox 610 4217 917 4284; x_wconf 86' lang='grc' dir='ltr'>θεολόγους,</span> <span class='ocrx_word' id='word_1_530' title='bbox 962 4218 1063 4286; x_wconf 70' lang='grc' dir='ltr'>ἤδη</span> <span class='ocrx_word' id='word_1_531' title='bbox 1099 4218 1154 4269; x_wconf 89' lang='grc' dir='ltr'><strong>δέ</strong></span> <span class='ocrx_word' id='word_1_532' title='bbox 1187 4219 1405 4281; x_wconf 84' lang='grc' dir='ltr'>πάντως</span> <span class='ocrx_word' id='word_1_533' title='bbox 1450 4220 1546 4271; x_wconf 78' lang='grc' dir='ltr'><strong>καὶ</strong></span> <span class='ocrx_word' id='word_1_534' title='bbox 1594 4222 1743 4284; x_wconf 82' lang='grc' dir='ltr'>τοὺς,</span> 
     </span>
    </p>
   </div>
   <div class='ocr_carea' id='block_1_74' title="bbox 159 4307 1746 4380">
    <p class='ocr_par' dir='ltr' id='par_1_74' title="bbox 159 4307 1746 4380">
     <span class='ocr_line' id='line_1_74' title="bbox 159 4307 1746 4380; baseline -0.002 -14"><span class='ocrx_word' id='word_1_535' title='bbox 159 4316 286 4366; x_wconf 83' lang='grc' dir='ltr'>ὅσοι</span> <span class='ocrx_word' id='word_1_536' title='bbox 339 4311 460 4363; x_wconf 82' lang='grc' dir='ltr'>κατ’</span> <span class='ocrx_word' id='word_1_537' title='bbox 524 4310 723 4372; x_wconf 80' lang='grc' dir='ltr'>αὐτούς</span> <span class='ocrx_word' id='word_1_538' title='bbox 751 4325 764 4372; x_wconf 90' lang='lat'><strong>;</strong></span> <span class='ocrx_word' id='word_1_539' title='bbox 797 4307 986 4370; x_wconf 79' lang='grc' dir='ltr'>Οὕτως</span> <span class='ocrx_word' id='word_1_540' title='bbox 1046 4308 1312 4378; x_wconf 78' lang='grc' dir='ltr'>ἄχρηστοι</span> <span class='ocrx_word' id='word_1_541' title='bbox 1370 4310 1502 4380; x_wconf 78' lang='grc' dir='ltr'>παρ’</span> <span class='ocrx_word' id='word_1_542' title='bbox 1537 4311 1668 4380; x_wconf 84' lang='grc' dir='ltr'>ὑμῖν</span> <span class='ocrx_word' id='word_1_543' title='bbox 1696 4313 1746 4366; x_wconf 76' lang='grc' dir='ltr'><strong>οἱ</strong></span> 
     </span>
    </p>
   </div>
   <div class='ocr_carea' id='block_1_75' title="bbox 162 4392 1744 4470">
    <p class='ocr_par' dir='ltr' id='par_1_75' title="bbox 162 4392 1744 4470">
     <span class='ocr_line' id='line_1_75' title="bbox 162 4392 1744 4470; baseline 0.005 -22"><span class='ocrx_word' id='word_1_544' title='bbox 162 4404 498 4470; x_wconf 73' lang='grc' dir='ltr'>Θεόςρθογγοι</span> <span class='ocrx_word' id='word_1_545' title='bbox 530 4419 544 4464; x_wconf 79' lang='grc' dir='ltr'><strong>ς</strong></span> <span class='ocrx_word' id='word_1_546' title='bbox 579 4395 648 4451; x_wconf 80' lang='grc' dir='ltr'><strong><em>Ὦ</em></strong></span> <span class='ocrx_word' id='word_1_547' title='bbox 693 4399 928 4464; x_wconf 79' lang='grc' dir='ltr'>Φαῦστε,</span> <span class='ocrx_word' id='word_1_548' title='bbox 958 4392 1002 4451; x_wconf 84' lang='grc' dir='ltr'><strong>ὦ</strong></span> <span class='ocrx_word' id='word_1_549' title='bbox 1032 4400 1306 4468; x_wconf 77' lang='grc' dir='ltr'>Δαλμᾶτε.</span> <span class='ocrx_word' id='word_1_550' title='bbox 1344 4394 1388 4452; x_wconf 80' lang='grc' dir='ltr'><strong>ὦ</strong></span> <span class='ocrx_word' id='word_1_551' title='bbox 1441 4402 1744 4457; x_wconf 79' lang='grc' dir='ltr'>Στουδιῶτα</span> 
     </span>
    </p>
   </div>
   <div class='ocr_carea' id='block_1_76' title="bbox 162 4483 1742 4564">
    <p class='ocr_par' dir='ltr' id='par_1_76' title="bbox 162 4483 1742 4564">
     <span class='ocr_line' id='line_1_76' title="bbox 162 4483 1742 4564; baseline -0.001 -17"><span class='ocrx_word' id='word_1_552' title='bbox 162 4495 444 4564; x_wconf 84' lang='grc' dir='ltr'>Θεόδωρε,</span> <span class='ocrx_word' id='word_1_553' title='bbox 476 4485 520 4543; x_wconf 80' lang='grc' dir='ltr'>ὦ</span> <span class='ocrx_word' id='word_1_554' title='bbox 570 4490 799 4559; x_wconf 82' lang='grc' dir='ltr'>Κύπρου</span> <span class='ocrx_word' id='word_1_555' title='bbox 847 4490 1154 4557; x_wconf 79' lang='grc' dir='ltr'>Ἐπιφάνιε,</span> <span class='ocrx_word' id='word_1_556' title='bbox 1187 4483 1231 4541; x_wconf 83' lang='grc' dir='ltr'><strong>ὦ</strong></span> <span class='ocrx_word' id='word_1_557' title='bbox 1283 4491 1466 4560; x_wconf 89' lang='grc' dir='ltr'>μυρίοι</span> <span class='ocrx_word' id='word_1_558' title='bbox 1512 4493 1742 4545; x_wconf 80' lang='grc' dir='ltr'>τοιοῦτοι</span> 
     </span>
    </p>
   </div>
   <div class='ocr_carea' id='block_1_77' title="bbox 162 4581 1742 4654">
    <p class='ocr_par' dir='ltr' id='par_1_77' title="bbox 162 4581 1742 4654">
     <span class='ocr_line' id='line_1_77' title="bbox 162 4581 1742 4654; baseline -0.003 -13"><span class='ocrx_word' id='word_1_559' title='bbox 162 4589 323 4654; x_wconf 83' lang='grc' dir='ltr'>ἆγιοι</span> <span class='ocrx_word' id='word_1_560' title='bbox 365 4583 590 4654; x_wconf 80' lang='grc' dir='ltr'>μοναχοί</span> <span class='ocrx_word' id='word_1_561' title='bbox 626 4598 639 4613; x_wconf 80' lang='grc'><strong>⁸</strong></span> <span class='ocrx_word' id='word_1_562' title='bbox 676 4581 848 4644; x_wconf 79' lang='grc' dir='ltr'>οὕτως</span> <span class='ocrx_word' id='word_1_563' title='bbox 887 4583 1043 4650; x_wconf 77' lang='grc' dir='ltr'>ὑμεῖς</span> <span class='ocrx_word' id='word_1_564' title='bbox 1087 4582 1279 4650; x_wconf 76' lang='grc' dir='ltr'>ἐζῆτε,</span> <span class='ocrx_word' id='word_1_565' title='bbox 1325 4582 1466 4635; x_wconf 81' lang='grc' dir='ltr'>οὕτω</span> <span class='ocrx_word' id='word_1_566' title='bbox 1499 4587 1596 4644; x_wconf 72' lang='grc' dir='ltr'>τὰς</span> <span class='ocrx_word' id='word_1_567' title='bbox 1624 4584 1742 4636; x_wconf 85' lang='grc' dir='ltr'>θεο-</span> 
     </span>
    </p>
   </div>
   <div class='ocr_carea' id='block_1_78' title="bbox 161 4672 1743 4745">
    <p class='ocr_par' dir='ltr' id='par_1_78' title="bbox 161 4672 1743 4745">
     <span class='ocr_line' id='line_1_78' title="bbox 161 4672 1743 4745; baseline -0.003 -14"><span class='ocrx_word' id='word_1_568' title='bbox 161 4679 369 4745; x_wconf 85' lang='grc' dir='ltr'>λόγους</span> <span class='ocrx_word' id='word_1_569' title='bbox 423 4676 642 4736; x_wconf 83' lang='grc' dir='ltr'>δέλτους</span> <span class='ocrx_word' id='word_1_570' title='bbox 694 4672 827 4724; x_wconf 75' lang='grc' dir='ltr'>ὡσεὶ</span> <span class='ocrx_word' id='word_1_571' title='bbox 875 4672 1033 4723; x_wconf 76' lang='grc' dir='ltr'>οὐθὲν</span> <span class='ocrx_word' id='word_1_572' title='bbox 1100 4672 1412 4738; x_wconf 83' lang='grc' dir='ltr'>ἐλογίζεσθε</span> <span class='ocrx_word' id='word_1_573' title='bbox 1480 4677 1743 4744; x_wconf 82' lang='grc' dir='ltr'>σκορακί-</span> 
     </span>
    </p>
   </div>
   <div class='ocr_carea' id='block_1_79' title="bbox 160 4761 1742 4833">
    <p class='ocr_par' dir='ltr' id='par_1_79' title="bbox 160 4761 1742 4833">
     <span class='ocr_line' id='line_1_79' title="bbox 160 4761 1742 4833; baseline -0.009 -12"><span class='ocrx_word' id='word_1_574' title='bbox 160 4770 399 4832; x_wconf 82' lang='grc' dir='ltr'>ζοντες;</span> <span class='ocrx_word' id='word_1_575' title='bbox 435 4761 505 4819; x_wconf 76' lang='grc' dir='ltr'><strong><em>Ὠ</em></strong></span> <span class='ocrx_word' id='word_1_576' title='bbox 549 4764 793 4832; x_wconf 78' lang='grc' dir='ltr'>Ἐφραὶμ</span> <span class='ocrx_word' id='word_1_577' title='bbox 840 4761 1136 4830; x_wconf 84' lang='grc' dir='ltr'>άγιὼτατε,</span> <span class='ocrx_word' id='word_1_578' title='bbox 1192 4764 1242 4814; x_wconf 91' lang='grc' dir='ltr'><em>τί</em></span> <span class='ocrx_word' id='word_1_579' title='bbox 1274 4765 1336 4833; x_wconf 83' lang='grc' dir='ltr'>δή</span> <span class='ocrx_word' id='word_1_580' title='bbox 1385 4783 1513 4817; x_wconf 84' lang='grc' dir='ltr'>ποτε</span> <span class='ocrx_word' id='word_1_581' title='bbox 1548 4765 1742 4817; x_wconf 60' lang='lat' dir='ltr'><strong>tam}.</strong></span> 
     </span>
    </p>
   </div>
   <div class='ocr_carea' id='block_1_80' title="bbox 158 4854 1743 4928">
    <p class='ocr_par' dir='ltr' id='par_1_80' title="bbox 158 4854 1743 4928">
     <span class='ocr_line' id='line_1_80' title="bbox 158 4854 1743 4928; baseline -0.001 -21"><span class='ocrx_word' id='word_1_582' title='bbox 158 4877 270 4928; x_wconf 75' lang='grc' dir='ltr'>της</span> <span class='ocrx_word' id='word_1_583' title='bbox 328 4857 666 4925; x_wconf 69' lang='grc' dir='ltr'>δνεφορήθης</span> <span class='ocrx_word' id='word_1_584' title='bbox 724 4854 1044 4923; x_wconf 79' lang='grc' dir='ltr'>φιλοσοφίας</span> <span class='ocrx_word' id='word_1_585' title='bbox 1096 4855 1233 4923; x_wconf 81' lang='grc' dir='ltr'>ὑπὲρ</span> <span class='ocrx_word' id='word_1_586' title='bbox 1297 4857 1478 4924; x_wconf 86' lang='grc' dir='ltr'>κόρον,</span> <span class='ocrx_word' id='word_1_587' title='bbox 1525 4856 1596 4918; x_wconf 80' lang='grc' dir='ltr'>ὡς</span> <span class='ocrx_word' id='word_1_588' title='bbox 1648 4858 1743 4910; x_wconf 75' lang='grc' dir='ltr'>καὶ</span> 
     </span>
    </p>
   </div>
   <div class='ocr_carea' id='block_1_81' title="bbox 158 4946 1743 5004">
    <p class='ocr_par' dir='ltr' id='par_1_81' title="bbox 158 4946 1743 5004">
     <span class='ocr_line' id='line_1_81' title="bbox 158 4946 1743 5004; baseline 0 0"><span class='ocrx_word' id='word_1_589' title='bbox 158 4949 498 5004; x_wconf 76' lang='grc' dir='ltr'>ποτνιᾶσθαι</span> <span class='ocrx_word' id='word_1_590' title='bbox 571 4951 666 5000; x_wconf 77' lang='grc' dir='ltr'>καὶ</span> <span class='ocrx_word' id='word_1_591' title='bbox 723 4946 1036 4998; x_wconf 83' lang='grc' dir='ltr'>θεοκλυτείν</span> <span class='ocrx_word' id='word_1_592' title='bbox 1097 4948 1310 5000; x_wconf 82' lang='grc' dir='ltr'>ἀνιέναι</span> <span class='ocrx_word' id='word_1_593' title='bbox 1362 4949 1453 5000; x_wconf 85' lang='grc' dir='ltr'><strong>τὸν</strong></span> <span class='ocrx_word' id='word_1_594' title='bbox 1504 4949 1636 5001; x_wconf 85' lang='grc' dir='ltr'>Θεὸν</span> <span class='ocrx_word' id='word_1_595' title='bbox 1683 4952 1743 5004; x_wconf 86' lang='grc' dir='ltr'><strong>τὸ</strong></span> 
     </span>
    </p>
   </div>
   <div class='ocr_carea' id='block_1_82' title="bbox 159 5037 1144 5112">
    <p class='ocr_par' dir='ltr' id='par_1_82' title="bbox 159 5037 1144 5112">
     <span class='ocr_line' id='line_1_82' title="bbox 159 5037 1144 5112; baseline 0 -22"><span class='ocrx_word' id='word_1_596' title='bbox 159 5042 458 5112; x_wconf 76' lang='grc' dir='ltr'>ὑπεράγαν</span> <span class='ocrx_word' id='word_1_597' title='bbox 486 5041 544 5092; x_wconf 85' lang='grc' dir='ltr'><strong>ἐν</strong></span> <span class='ocrx_word' id='word_1_598' title='bbox 577 5041 663 5092; x_wconf 72' lang='grc' dir='ltr'><strong>σοὶ</strong></span> <span class='ocrx_word' id='word_1_599' title='bbox 703 5038 804 5106; x_wconf 87' lang='grc' dir='ltr'>τῆς</span> <span class='ocrx_word' id='word_1_600' title='bbox 840 5037 1094 5104; x_wconf 84' lang='grc' dir='ltr'>γνώσεως</span> <span class='ocrx_word' id='word_1_601' title='bbox 1129 5055 1144 5103; x_wconf 89' lang='lat'><strong>;</strong></span> 
     </span>
    </p>
   </div>
   <div class='ocr_carea' id='block_1_83' title="bbox 241 5130 1739 5206">
    <p class='ocr_par' dir='ltr' id='par_1_83' title="bbox 241 5130 1739 5206">
     <span class='ocr_line' id='line_1_83' title="bbox 241 5130 1739 5206; baseline -0.001 -20"><span class='ocrx_word' id='word_1_602' title='bbox 241 5132 401 5206; x_wconf 83' lang='grc' dir='ltr'>ρμς’.</span> <span class='ocrx_word' id='word_1_603' title='bbox 451 5131 671 5200; x_wconf 83' lang='grc' dir='ltr'>Μοναχέ</span> <span class='ocrx_word' id='word_1_604' title='bbox 722 5130 1021 5199; x_wconf 86' lang='grc' dir='ltr'>χωρητικέ,</span> <span class='ocrx_word' id='word_1_605' title='bbox 1058 5133 1105 5182; x_wconf 89' lang='grc' dir='ltr'><strong>εί</strong></span> <span class='ocrx_word' id='word_1_606' title='bbox 1155 5131 1209 5182; x_wconf 82' lang='grc' dir='ltr'><strong>δέ</strong></span> <span class='ocrx_word' id='word_1_607' title='bbox 1269 5131 1432 5184; x_wconf 90' lang='grc' dir='ltr'>ποθεν</span> <span class='ocrx_word' id='word_1_608' title='bbox 1470 5133 1739 5201; x_wconf 60' lang='grc' dir='ltr'>ἀνακύψει</span> 
     </span>
    </p>
   </div>
   <div class='ocr_carea' id='block_1_84' title="bbox 159 5223 1734 5293">
    <p class='ocr_par' dir='ltr' id='par_1_84' title="bbox 159 5223 1734 5293">
     <span class='ocr_line' id='line_1_84' title="bbox 159 5223 1734 5293; baseline -0.009 -12"><span class='ocrx_word' id='word_1_609' title='bbox 159 5229 266 5282; x_wconf 72' lang='grc' dir='ltr'>καὶ</span> <span class='ocrx_word' id='word_1_610' title='bbox 300 5225 397 5277; x_wconf 78' lang='grc' dir='ltr'><strong>νύν</strong></span> <span class='ocrx_word' id='word_1_611' title='bbox 427 5226 647 5292; x_wconf 77' lang='grc' dir='ltr'>ζήτημα</span> <span class='ocrx_word' id='word_1_612' title='bbox 674 5223 1129 5291; x_wconf 76' lang='grc' dir='ltr'>ἐκκλησιαστικὸν</span> <span class='ocrx_word' id='word_1_613' title='bbox 1154 5223 1436 5292; x_wconf 83' lang='grc' dir='ltr'>ἐμϐριθὲς,</span> <span class='ocrx_word' id='word_1_614' title='bbox 1480 5226 1734 5293; x_wconf 79' lang='grc' dir='ltr'>άμφίμα.</span> 
     </span>
    </p>
   </div>
   <div class='ocr_carea' id='block_1_85' title="bbox 159 5315 1733 5391">
    <p class='ocr_par' dir='ltr' id='par_1_85' title="bbox 159 5315 1733 5391">
     <span class='ocr_line' id='line_1_85' title="bbox 159 5315 1733 5391; baseline -0.002 -19"><span class='ocrx_word' id='word_1_615' title='bbox 159 5338 280 5391; x_wconf 83' lang='grc' dir='ltr'>γον,</span> <span class='ocrx_word' id='word_1_616' title='bbox 312 5319 408 5370; x_wconf 79' lang='grc' dir='ltr'>καὶ</span> <span class='ocrx_word' id='word_1_617' title='bbox 451 5318 654 5384; x_wconf 79' lang='grc' dir='ltr'>πρέπει</span> <span class='ocrx_word' id='word_1_618' title='bbox 695 5315 1057 5380; x_wconf 79' lang='grc' dir='ltr'>ἀγωνίζεσθαι</span> <span class='ocrx_word' id='word_1_619' title='bbox 1112 5320 1234 5377; x_wconf 60' lang='grc' dir='ltr'>τοὺς</span> <span class='ocrx_word' id='word_1_620' title='bbox 1276 5317 1453 5384; x_wconf 82' lang='grc' dir='ltr'>ίεροὺς</span> <span class='ocrx_word' id='word_1_621' title='bbox 1510 5318 1733 5386; x_wconf 74' lang='grc' dir='ltr'>ἄνδρας,</span> 
     </span>
    </p>
   </div>
   <div class='ocr_carea' id='block_1_86' title="bbox 153 5383 1730 5476">
    <p class='ocr_par' dir='ltr' id='par_1_86' title="bbox 153 5383 1730 5476">
     <span class='ocr_line' id='line_1_86' title="bbox 153 5383 1730 5476; baseline -0.001 -13"><span class='ocrx_word' id='word_1_622' title='bbox 153 5383 238 5466; x_wconf 47' lang='lat' dir='ltr'><strong>(in;</strong></span> <span class='ocrx_word' id='word_1_623' title='bbox 275 5411 434 5476; x_wconf 83' lang='grc' dir='ltr'>μέλος</span> <span class='ocrx_word' id='word_1_624' title='bbox 473 5383 564 5460; x_wconf 77' lang='grc' dir='ltr'><strong>καὶ</strong></span> <span class='ocrx_word' id='word_1_625' title='bbox 598 5407 764 5476; x_wconf 86' lang='grc' dir='ltr'>μέρος</span> <span class='ocrx_word' id='word_1_626' title='bbox 814 5409 872 5459; x_wconf 83' lang='grc' dir='ltr'>οὐ</span> <span class='ocrx_word' id='word_1_627' title='bbox 904 5408 960 5458; x_wconf 77' lang='grc' dir='ltr'>τὸ</span> <span class='ocrx_word' id='word_1_628' title='bbox 995 5409 1157 5475; x_wconf 65' lang='grc' dir='ltr'>τυχὸν</span> <span class='ocrx_word' id='word_1_629' title='bbox 1211 5409 1300 5460; x_wconf 79' lang='grc' dir='ltr'><strong>καὶ</strong></span> <span class='ocrx_word' id='word_1_630' title='bbox 1339 5411 1385 5460; x_wconf 90' lang='grc' dir='ltr'>οἱ</span> <span class='ocrx_word' id='word_1_631' title='bbox 1431 5411 1570 5462; x_wconf 75' lang='grc' dir='ltr'>κατὰ</span> <span class='ocrx_word' id='word_1_632' title='bbox 1622 5412 1681 5462; x_wconf 80' lang='grc' dir='ltr'><strong>σέ</strong></span> <span class='ocrx_word' id='word_1_633' title='bbox 1717 5429 1730 5443; x_wconf 77' lang='grc' dir='ltr'><strong><em>ο</em></strong></span> 
     </span>
    </p>
   </div>
   <div class='ocr_carea' id='block_1_87' title="bbox 153 5467 1731 5574">
    <p class='ocr_par' dir='ltr' id='par_1_87' title="bbox 153 5467 1731 5574">
     <span class='ocr_line' id='line_1_87' title="bbox 153 5467 1731 5574; baseline -0.001 -20"><span class='ocrx_word' id='word_1_634' title='bbox 153 5505 212 5555; x_wconf 74' lang='grc' dir='ltr'>τί</span> <span class='ocrx_word' id='word_1_635' title='bbox 249 5467 316 5553; x_wconf 59' lang='grc' dir='ltr'>έν</span> <span class='ocrx_word' id='word_1_636' title='bbox 356 5467 659 5568; x_wconf 69' lang='grc' dir='ltr'>τηνικαῦτα</span> <span class='ocrx_word' id='word_1_637' title='bbox 676 5467 922 5568; x_wconf 44' lang='grc' dir='ltr'>’ποιήσῃς</span> <span class='ocrx_word' id='word_1_638' title='bbox 948 5499 1149 5564; x_wconf 78' lang='grc' dir='ltr'>αὺτόςς</span> <span class='ocrx_word' id='word_1_639' title='bbox 1200 5500 1319 5556; x_wconf 75' lang='grc' dir='ltr'><strong>Πῶς</strong></span> <span class='ocrx_word' id='word_1_640' title='bbox 1365 5503 1431 5554; x_wconf 82' lang='grc' dir='ltr'><strong>ἂν</strong></span> <span class='ocrx_word' id='word_1_641' title='bbox 1468 5502 1731 5574; x_wconf 77' lang='grc' dir='ltr'>λαλήσῃς,</span> 
     </span>
    </p>
   </div>
   <div class='ocr_carea' id='block_1_88' title="bbox 154 5591 1732 5667">
    <p class='ocr_par' dir='ltr' id='par_1_88' title="bbox 154 5591 1732 5667">
     <span class='ocr_line' id='line_1_88' title="bbox 154 5591 1732 5667; baseline 0.003 -23"><span class='ocrx_word' id='word_1_642' title='bbox 154 5592 476 5659; x_wconf 79' lang='grc' dir='ltr'>ἀπαγαγὼν</span> <span class='ocrx_word' id='word_1_643' title='bbox 533 5591 785 5652; x_wconf 82' lang='grc' dir='ltr'>σεαυτοῦ,</span> <span class='ocrx_word' id='word_1_644' title='bbox 819 5593 912 5642; x_wconf 74' lang='grc' dir='ltr'>καὶ</span> <span class='ocrx_word' id='word_1_645' title='bbox 968 5595 1170 5660; x_wconf 70' lang='grc' dir='ltr'>τρόπον</span> <span class='ocrx_word' id='word_1_646' title='bbox 1199 5594 1319 5646; x_wconf 71' lang='grc' dir='ltr'>τινὰ</span> <span class='ocrx_word' id='word_1_647' title='bbox 1350 5595 1600 5664; x_wconf 82' lang='grc' dir='ltr'>ἐκτεμὼν</span> <span class='ocrx_word' id='word_1_648' title='bbox 1634 5600 1732 5667; x_wconf 78' lang='grc' dir='ltr'>τήν</span> 
     </span>
    </p>
   </div>
   <div class='ocr_carea' id='block_1_89' title="bbox 152 5682 1725 5757">
    <p class='ocr_par' dir='ltr' id='par_1_89' title="bbox 152 5682 1725 5757">
     <span class='ocr_line' id='line_1_89' title="bbox 152 5682 1725 5757; baseline 0.003 -21"><span class='ocrx_word' id='word_1_649' title='bbox 152 5703 218 5738; x_wconf 83' lang='grc' dir='ltr'><strong>τε</strong></span> <span class='ocrx_word' id='word_1_650' title='bbox 251 5683 530 5751; x_wconf 81' lang='grc' dir='ltr'>γλῶσσαν,</span> <span class='ocrx_word' id='word_1_651' title='bbox 563 5684 630 5735; x_wconf 87' lang='grc' dir='ltr'><strong>τά</strong></span> <span class='ocrx_word' id='word_1_652' title='bbox 661 5699 718 5733; x_wconf 87' lang='grc' dir='ltr'><strong>τε</strong></span> <span class='ocrx_word' id='word_1_653' title='bbox 754 5682 929 5751; x_wconf 84' lang='grc' dir='ltr'>χείλη,</span> <span class='ocrx_word' id='word_1_654' title='bbox 964 5683 1030 5736; x_wconf 72' lang='grc' dir='ltr'><strong>τὰ</strong></span> <span class='ocrx_word' id='word_1_655' title='bbox 1061 5682 1343 5753; x_wconf 79' lang='grc' dir='ltr'>θεολογικά</span> <span class='ocrx_word' id='word_1_656' title='bbox 1371 5685 1572 5757; x_wconf 72' lang='grc' dir='ltr'>δηλαδὴ</span> <span class='ocrx_word' id='word_1_657' title='bbox 1605 5688 1725 5757; x_wconf 82' lang='grc' dir='ltr'>νοή-</span> 
     </span>
    </p>
   </div>
   <div class='ocr_carea' id='block_1_90' title="bbox 235 5859 754 5913">
    <p class='ocr_par' dir='ltr' id='par_1_90' title="bbox 235 5859 754 5913">
     <span class='ocr_line' id='line_1_90' title="bbox 235 5859 754 5913; baseline 0.002 -2"><span class='ocrx_word' id='word_1_658' title='bbox 235 5863 277 5892; x_wconf 71' lang='grc'><strong>¹³</strong></span> <span class='ocrx_word' id='word_1_659' title='bbox 327 5859 464 5913; x_wconf 78' lang='lat' dir='ltr'><strong>Psal.</strong></span> <span class='ocrx_word' id='word_1_660' title='bbox 491 5875 645 5913; x_wconf 75' lang='lat' dir='ltr'><strong>mu.</strong></span> <span class='ocrx_word' id='word_1_661' title='bbox 679 5860 754 5913; x_wconf 86' lang='lat' dir='ltr'><strong>ll.</strong></span> 
     </span>
    </p>
   </div>
   <div class='ocr_carea' id='block_1_91' title="bbox 1857 3289 3416 3383">
    <p class='ocr_par' dir='ltr' id='par_1_91' title="bbox 1857 3289 3416 3383">
     <span class='ocr_line' id='line_1_91' title="bbox 1857 3289 3416 3383; baseline 0.022 -43"><span class='ocrx_word' id='word_1_662' title='bbox 1857 3289 1947 3343; x_wconf 92' lang='lat' dir='ltr'><strong>ille</strong></span> <span class='ocrx_word' id='word_1_663' title='bbox 1979 3298 2302 3360; x_wconf 76' lang='lat' dir='ltr'><strong>monachus,</strong></span> <span class='ocrx_word' id='word_1_664' title='bbox 2354 3299 2540 3368; x_wconf 88' lang='lat' dir='ltr'><strong>sicque</strong></span> <span class='ocrx_word' id='word_1_665' title='bbox 2572 3308 2867 3373; x_wconf 77' lang='lat' dir='ltr'><strong>exposuit;</strong></span> <span class='ocrx_word' id='word_1_666' title='bbox 2922 3311 3002 3364; x_wconf 87' lang='lat' dir='ltr'><strong>Ad</strong></span> <span class='ocrx_word' id='word_1_667' title='bbox 3048 3317 3178 3383; x_wconf 91' lang='lat' dir='ltr'><strong>quid</strong></span> <span class='ocrx_word' id='word_1_668' title='bbox 3226 3289 3416 3375; x_wconf 74' lang='lat' dir='ltr'><strong>talium</strong></span> 
     </span>
    </p>
   </div>
   <div class='ocr_carea' id='block_1_92' title="bbox 1852 3381 3415 3471">
    <p class='ocr_par' dir='ltr' id='par_1_92' title="bbox 1852 3381 3415 3471">
     <span class='ocr_line' id='line_1_92' title="bbox 1852 3381 3415 3471; baseline 0.024 -38"><span class='ocrx_word' id='word_1_669' title='bbox 1852 3381 2118 3438; x_wconf 89' lang='lat' dir='ltr'><strong>librorum</strong></span> <span class='ocrx_word' id='word_1_670' title='bbox 2166 3403 2385 3456; x_wconf 78' lang='lat' dir='ltr'><strong>egemus</strong></span> <span class='ocrx_word' id='word_1_671' title='bbox 2435 3396 2585 3449; x_wconf 84' lang='lat' dir='ltr'><strong>nos?</strong></span> <span class='ocrx_word' id='word_1_672' title='bbox 2624 3396 2919 3470; x_wconf 81' lang='lat' dir='ltr'><strong>Postquam</strong></span> <span class='ocrx_word' id='word_1_673' title='bbox 2970 3381 3152 3463; x_wconf 83' lang='lat' dir='ltr'><strong>autem</strong></span> <span class='ocrx_word' id='word_1_674' title='bbox 3189 3412 3324 3467; x_wconf 86' lang='lat' dir='ltr'><strong>iram</strong></span> <span class='ocrx_word' id='word_1_675' title='bbox 3358 3416 3415 3471; x_wconf 93' lang='lat' dir='ltr'><strong>in</strong></span> 
     </span>
    </p>
   </div>
   <div class='ocr_carea' id='block_1_93' title="bbox 1851 3479 3421 3567">
    <p class='ocr_par' dir='ltr' id='par_1_93' title="bbox 1851 3479 3421 3567">
     <span class='ocr_line' id='line_1_93' title="bbox 1851 3479 3421 3567; baseline 0.021 -38"><span class='ocrx_word' id='word_1_676' title='bbox 1851 3479 2177 3533; x_wconf 82' lang='lat' dir='ltr'><strong>cachinnum</strong></span> <span class='ocrx_word' id='word_1_677' title='bbox 2233 3489 2657 3556; x_wconf 86' lang='lat' dir='ltr'><strong>convertissem,</strong></span> <span class='ocrx_word' id='word_1_678' title='bbox 2718 3504 2775 3549; x_wconf 89' lang='lat' dir='ltr'><strong>et</strong></span> <span class='ocrx_word' id='word_1_679' title='bbox 2827 3501 3296 3567; x_wconf 78' lang='lat' dir='ltr'><strong>exprobravissem</strong></span> <span class='ocrx_word' id='word_1_680' title='bbox 3341 3509 3421 3562; x_wconf 84' lang='lat' dir='ltr'><strong>di-</strong></span> 
     </span>
    </p>
   </div>
   <div class='ocr_carea' id='block_1_94' title="bbox 1851 3572 3419 3655">
    <p class='ocr_par' dir='ltr' id='par_1_94' title="bbox 1851 3572 3419 3655">
     <span class='ocr_line' id='line_1_94' title="bbox 1851 3572 3419 3655; baseline 0.022 -36"><span class='ocrx_word' id='word_1_681' title='bbox 1851 3582 1980 3621; x_wconf 90' lang='lat' dir='ltr'><strong>ccus</strong></span> <span class='ocrx_word' id='word_1_682' title='bbox 2027 3588 2040 3623; x_wconf 92' lang='lat'><strong>:</strong></span> <span class='ocrx_word' id='word_1_683' title='bbox 2096 3572 2395 3642; x_wconf 88' lang='lat' dir='ltr'><strong>Cujnsnam</strong></span> <span class='ocrx_word' id='word_1_684' title='bbox 2449 3581 2524 3633; x_wconf 88' lang='lat' dir='ltr'><strong>rei</strong></span> <span class='ocrx_word' id='word_1_685' title='bbox 2589 3583 2921 3655; x_wconf 86' lang='lat' dir='ltr'><strong>indigebitis,</strong></span> <span class='ocrx_word' id='word_1_686' title='bbox 2965 3596 3218 3648; x_wconf 79' lang='lat' dir='ltr'><strong>moaachi</strong></span> <span class='ocrx_word' id='word_1_687' title='bbox 3277 3597 3419 3653; x_wconf 79' lang='lat' dir='ltr'><strong>fama</strong></span> 
     </span>
    </p>
   </div>
   <div class='ocr_carea' id='block_1_95' title="bbox 1852 3662 3419 3754">
    <p class='ocr_par' dir='ltr' id='par_1_95' title="bbox 1852 3662 3419 3754">
     <span class='ocr_line' id='line_1_95' title="bbox 1852 3662 3419 3754; baseline 0.022 -42"><span class='ocrx_word' id='word_1_688' title='bbox 1852 3662 2022 3731; x_wconf 81' lang='lat' dir='ltr'><strong>digni,</strong></span> <span class='ocrx_word' id='word_1_689' title='bbox 2053 3666 2095 3716; x_wconf 91' lang='lat' dir='ltr'><strong>si</strong></span> <span class='ocrx_word' id='word_1_690' title='bbox 2135 3668 2268 3720; x_wconf 92' lang='lat' dir='ltr'><strong>tales</strong></span> <span class='ocrx_word' id='word_1_691' title='bbox 2296 3669 2464 3724; x_wconf 91' lang='lat' dir='ltr'><strong>libros</strong></span> <span class='ocrx_word' id='word_1_692' title='bbox 2499 3674 2651 3728; x_wconf 88' lang='lat' dir='ltr'><strong>nihili</strong></span> <span class='ocrx_word' id='word_1_693' title='bbox 2677 3676 2897 3734; x_wconf 80' lang='lat' dir='ltr'><strong>facitis?</strong></span> <span class='ocrx_word' id='word_1_694' title='bbox 2936 3699 3020 3737; x_wconf 88' lang='lat' dir='ltr'><strong>me</strong></span> <span class='ocrx_word' id='word_1_695' title='bbox 3062 3688 3282 3754; x_wconf 87' lang='lat' dir='ltr'><strong>reliquit</strong></span> <span class='ocrx_word' id='word_1_696' title='bbox 3310 3693 3419 3747; x_wconf 83' lang='lat' dir='ltr'><strong>Iste</strong></span> 
     </span>
    </p>
   </div>
   <div class='ocr_carea' id='block_1_96' title="bbox 1853 3756 3418 3843">
    <p class='ocr_par' dir='ltr' id='par_1_96' title="bbox 1853 3756 3418 3843">
     <span class='ocr_line' id='line_1_96' title="bbox 1853 3756 3418 3843; baseline 0.022 -34"><span class='ocrx_word' id='word_1_697' title='bbox 1853 3756 2015 3809; x_wconf 83' lang='lat' dir='ltr'><strong>homo</strong></span> <span class='ocrx_word' id='word_1_698' title='bbox 2035 3768 2179 3812; x_wconf 89' lang='lat' dir='ltr'><strong>retro</strong></span> <span class='ocrx_word' id='word_1_699' title='bbox 2202 3775 2523 3833; x_wconf 83' lang='lat' dir='ltr'><strong>conversus,</strong></span> <span class='ocrx_word' id='word_1_700' title='bbox 2556 3785 2656 3825; x_wconf 90' lang='lat' dir='ltr'><strong>nec</strong></span> <span class='ocrx_word' id='word_1_701' title='bbox 2679 3774 2910 3841; x_wconf 87' lang='lat' dir='ltr'><strong>amplius</strong></span> <span class='ocrx_word' id='word_1_702' title='bbox 2934 3779 3065 3832; x_wconf 91' lang='lat' dir='ltr'><strong>mihi</strong></span> <span class='ocrx_word' id='word_1_703' title='bbox 3086 3791 3213 3837; x_wconf 88' lang='lat' dir='ltr'><strong>ante</strong></span> <span class='ocrx_word' id='word_1_704' title='bbox 3229 3785 3418 3843; x_wconf 88' lang='lat' dir='ltr'><strong>oculos</strong></span> 
     </span>
    </p>
   </div>
   <div class='ocr_carea' id='block_1_97' title="bbox 1853 3849 3415 3944">
    <p class='ocr_par' dir='ltr' id='par_1_97' title="bbox 1853 3849 3415 3944">
     <span class='ocr_line' id='line_1_97' title="bbox 1853 3849 3415 3944; baseline 0.022 -45"><span class='ocrx_word' id='word_1_705' title='bbox 1853 3849 2026 3914; x_wconf 69' lang='lat' dir='ltr'><strong>aﬂuit,</strong></span> <span class='ocrx_word' id='word_1_706' title='bbox 2049 3863 2255 3909; x_wconf 90' lang='lat' dir='ltr'><strong>tantum</strong></span> <span class='ocrx_word' id='word_1_707' title='bbox 2275 3858 2536 3914; x_wconf 90' lang='lat' dir='ltr'><strong>librorum</strong></span> <span class='ocrx_word' id='word_1_708' title='bbox 2559 3878 2800 3921; x_wconf 87' lang='lat' dir='ltr'><strong>amorem</strong></span> <span class='ocrx_word' id='word_1_709' title='bbox 2829 3883 3007 3925; x_wconf 87' lang='lat' dir='ltr'><strong>meum</strong></span> <span class='ocrx_word' id='word_1_710' title='bbox 3033 3887 3174 3944; x_wconf 66' lang='lat' dir='ltr'><strong>aegre</strong></span> <span class='ocrx_word' id='word_1_711' title='bbox 3209 3874 3415 3942; x_wconf 81' lang='lat' dir='ltr'><strong>ferens.</strong></span> 
     </span>
    </p>
   </div>
   <div class='ocr_carea' id='block_1_98' title="bbox 1853 3946 2208 4001">
    <p class='ocr_par' dir='ltr' id='par_1_98' title="bbox 1853 3946 2208 4001">
     <span class='ocr_line' id='line_1_98' title="bbox 1853 3946 2208 4001; baseline 0.014 -5"><span class='ocrx_word' id='word_1_712' title='bbox 1853 3951 1908 3996; x_wconf 92' lang='lat' dir='ltr'><strong>ut</strong></span> <span class='ocrx_word' id='word_1_713' title='bbox 1948 3946 2208 4001; x_wconf 91' lang='lat' dir='ltr'><strong>arbitror.</strong></span> 
     </span>
    </p>
   </div>
   <div class='ocr_carea' id='block_1_99' title="bbox 1921 4121 3421 4222">
    <p class='ocr_par' dir='ltr' id='par_1_99' title="bbox 1921 4121 3421 4222">
     <span class='ocr_line' id='line_1_99' title="bbox 1921 4121 3421 4222; baseline 0.024 -51"><span class='ocrx_word' id='word_1_714' title='bbox 1921 4121 2041 4176; x_wconf 70' lang='lat'><strong>145.</strong></span> <span class='ocrx_word' id='word_1_715' title='bbox 2077 4121 2206 4188; x_wconf 81' lang='lat' dir='ltr'><strong>Vos,</strong></span> <span class='ocrx_word' id='word_1_716' title='bbox 2250 4130 2578 4195; x_wconf 88' lang='lat' dir='ltr'><strong>omonachi,</strong></span> <span class='ocrx_word' id='word_1_717' title='bbox 2623 4135 2887 4203; x_wconf 86' lang='lat' dir='ltr'><strong>repellere</strong></span> <span class='ocrx_word' id='word_1_718' title='bbox 2934 4141 3098 4196; x_wconf 83' lang='lat' dir='ltr'><strong>vultis</strong></span> <span class='ocrx_word' id='word_1_719' title='bbox 3131 4144 3421 4222; x_wconf 78' lang='lat' dir='ltr'><strong>theologos</strong></span> 
     </span>
    </p>
   </div>
   <div class='ocr_carea' id='block_1_100' title="bbox 1850 4217 3417 4296">
    <p class='ocr_par' dir='ltr' id='par_1_100' title="bbox 1850 4217 3417 4296">
     <span class='ocr_line' id='line_1_100' title="bbox 1850 4217 3417 4296; baseline 0.023 -36"><span class='ocrx_word' id='word_1_720' title='bbox 1850 4217 1901 4260; x_wconf 89' lang='lat' dir='ltr'><strong>et</strong></span> <span class='ocrx_word' id='word_1_721' title='bbox 1932 4217 2297 4280; x_wconf 85' lang='lat' dir='ltr'><strong>quotquoteis</strong></span> <span class='ocrx_word' id='word_1_722' title='bbox 2319 4218 2528 4275; x_wconf 83' lang='lat' dir='ltr'><strong>similes</strong></span> <span class='ocrx_word' id='word_1_723' title='bbox 2553 4225 2719 4277; x_wconf 81' lang='lat' dir='ltr'><strong>sunt?</strong></span> <span class='ocrx_word' id='word_1_724' title='bbox 2743 4225 2834 4281; x_wconf 90' lang='lat' dir='ltr'><strong>Sic</strong></span> <span class='ocrx_word' id='word_1_725' title='bbox 2856 4230 3009 4286; x_wconf 84' lang='lat' dir='ltr'><strong>vobis</strong></span> <span class='ocrx_word' id='word_1_726' title='bbox 3039 4235 3262 4294; x_wconf 86' lang='lat' dir='ltr'><strong>Inutiles</strong></span> <span class='ocrx_word' id='word_1_727' title='bbox 3284 4217 3417 4296; x_wconf 70' lang='lat' dir='ltr'><strong>sunt</strong></span> 
     </span>
    </p>
   </div>
   <div class='ocr_carea' id='block_1_101' title="bbox 1849 4303 3416 4393">
    <p class='ocr_par' dir='ltr' id='par_1_101' title="bbox 1849 4303 3416 4393">
     <span class='ocr_line' id='line_1_101' title="bbox 1849 4303 3416 4393; baseline 0.024 -41"><span class='ocrx_word' id='word_1_728' title='bbox 1849 4303 1939 4369; x_wconf 90' lang='lat' dir='ltr'><strong>qui</strong></span> <span class='ocrx_word' id='word_1_729' title='bbox 2003 4305 2069 4357; x_wconf 90' lang='lat' dir='ltr'><strong>de</strong></span> <span class='ocrx_word' id='word_1_730' title='bbox 2099 4306 2261 4360; x_wconf 87' lang='lat' dir='ltr'><strong>rebus</strong></span> <span class='ocrx_word' id='word_1_731' title='bbox 2303 4310 2506 4366; x_wconf 84' lang='lat' dir='ltr'><strong>divinis</strong></span> <span class='ocrx_word' id='word_1_732' title='bbox 2537 4322 2945 4376; x_wconf 77' lang='lat' dir='ltr'><strong>tractaruntlo</strong></span> <span class='ocrx_word' id='word_1_733' title='bbox 2977 4323 3197 4393; x_wconf 84' lang='lat' dir='ltr'><strong>Fauste,</strong></span> <span class='ocrx_word' id='word_1_734' title='bbox 3225 4347 3259 4386; x_wconf 88' lang='grc' dir='ltr'><strong>ο</strong></span> <span class='ocrx_word' id='word_1_735' title='bbox 3293 4335 3416 4390; x_wconf 81' lang='lat' dir='ltr'><strong>Dal-</strong></span> 
     </span>
    </p>
   </div>
   <div class='ocr_carea' id='block_1_102' title="bbox 1850 4397 3416 4493">
    <p class='ocr_par' dir='ltr' id='par_1_102' title="bbox 1850 4397 3416 4493">
     <span class='ocr_line' id='line_1_102' title="bbox 1850 4397 3416 4493; baseline 0.024 -48"><span class='ocrx_word' id='word_1_736' title='bbox 1850 4405 2013 4458; x_wconf 89' lang='lat' dir='ltr'><strong>mate,</strong></span> <span class='ocrx_word' id='word_1_737' title='bbox 2058 4412 2088 4449; x_wconf 95' lang='lat' dir='ltr'><strong>o</strong></span> <span class='ocrx_word' id='word_1_738' title='bbox 2128 4397 2410 4454; x_wconf 85' lang='lat' dir='ltr'><strong>Theodore</strong></span> <span class='ocrx_word' id='word_1_739' title='bbox 2445 4402 2683 4472; x_wconf 89' lang='lat' dir='ltr'><strong>Studita,</strong></span> <span class='ocrx_word' id='word_1_740' title='bbox 2721 4425 2753 4464; x_wconf 92' lang='lat' dir='ltr'><strong>o</strong></span> <span class='ocrx_word' id='word_1_741' title='bbox 2785 4410 3051 4481; x_wconf 87' lang='lat' dir='ltr'><strong>Epiphaul</strong></span> <span class='ocrx_word' id='word_1_742' title='bbox 3085 4419 3416 4493; x_wconf 82' lang='lat' dir='ltr'><strong>Cypriota,o</strong></span> 
     </span>
    </p>
   </div>
   <div class='ocr_carea' id='block_1_103' title="bbox 1848 4495 3416 4571">
    <p class='ocr_par' dir='ltr' id='par_1_103' title="bbox 1848 4495 3416 4571">
     <span class='ocr_line' id='line_1_103' title="bbox 1848 4495 3416 4571; baseline 0.022 -35"><span class='ocrx_word' id='word_1_743' title='bbox 1848 4499 1943 4538; x_wconf 89' lang='lat' dir='ltr'><strong>vos</strong></span> <span class='ocrx_word' id='word_1_744' title='bbox 1974 4503 2166 4541; x_wconf 86' lang='lat' dir='ltr'><strong>omnes</strong></span> <span class='ocrx_word' id='word_1_745' title='bbox 2184 4505 2344 4553; x_wconf 89' lang='lat' dir='ltr'><strong>pares</strong></span> <span class='ocrx_word' id='word_1_746' title='bbox 2367 4495 2513 4548; x_wconf 90' lang='lat' dir='ltr'><strong>mille</strong></span> <span class='ocrx_word' id='word_1_747' title='bbox 2531 4500 2704 4551; x_wconf 87' lang='lat' dir='ltr'><strong>sancti</strong></span> <span class='ocrx_word' id='word_1_748' title='bbox 2748 4504 3030 4560; x_wconf 80' lang='lat' dir='ltr'><strong>monachi!</strong></span> <span class='ocrx_word' id='word_1_749' title='bbox 3068 4510 3283 4567; x_wconf 87' lang='lat' dir='ltr'><strong>Siccine</strong></span> <span class='ocrx_word' id='word_1_750' title='bbox 3318 4532 3416 4571; x_wconf 89' lang='lat' dir='ltr'><strong>vos</strong></span> 
     </span>
    </p>
   </div>
   <div class='ocr_carea' id='block_1_104' title="bbox 1851 4577 3412 4660">
    <p class='ocr_par' dir='ltr' id='par_1_104' title="bbox 1851 4577 3412 4660">
     <span class='ocr_line' id='line_1_104' title="bbox 1851 4577 3412 4660; baseline 0.022 -35"><span class='ocrx_word' id='word_1_751' title='bbox 1851 4577 2139 4632; x_wconf 86' lang='lat' dir='ltr'><strong>vivebatis!</strong></span> <span class='ocrx_word' id='word_1_752' title='bbox 2186 4580 2391 4636; x_wconf 87' lang='lat' dir='ltr'><strong>sicciue</strong></span> <span class='ocrx_word' id='word_1_753' title='bbox 2440 4597 2662 4642; x_wconf 87' lang='lat' dir='ltr'><strong>sanctas</strong></span> <span class='ocrx_word' id='word_1_754' title='bbox 2714 4593 2928 4649; x_wconf 90' lang='lat' dir='ltr'><strong>tabulas</strong></span> <span class='ocrx_word' id='word_1_755' title='bbox 2965 4609 3022 4652; x_wconf 93' lang='lat' dir='ltr'><strong>ut</strong></span> <span class='ocrx_word' id='word_1_756' title='bbox 3059 4602 3287 4656; x_wconf 88' lang='lat' dir='ltr'><strong>nihilum</strong></span> <span class='ocrx_word' id='word_1_757' title='bbox 3325 4623 3412 4660; x_wconf 85' lang='lat' dir='ltr'><strong>re-</strong></span> 
     </span>
    </p>
   </div>
   <div class='ocr_carea' id='block_1_105' title="bbox 1848 4667 3415 4755">
    <p class='ocr_par' dir='ltr' id='par_1_105' title="bbox 1848 4667 3415 4755">
     <span class='ocr_line' id='line_1_105' title="bbox 1848 4667 3415 4755; baseline 0.024 -39"><span class='ocrx_word' id='word_1_758' title='bbox 1848 4667 2141 4733; x_wconf 82' lang='lat' dir='ltr'><strong>pntabatis,</strong></span> <span class='ocrx_word' id='word_1_759' title='bbox 2190 4682 2244 4726; x_wconf 90' lang='lat' dir='ltr'><strong>et</strong></span> <span class='ocrx_word' id='word_1_760' title='bbox 2283 4687 2410 4728; x_wconf 86' lang='lat' dir='ltr'><strong>ante</strong></span> <span class='ocrx_word' id='word_1_761' title='bbox 2455 4692 2652 4734; x_wconf 84' lang='lat' dir='ltr'><strong>corvos</strong></span> <span class='ocrx_word' id='word_1_762' title='bbox 2705 4685 3110 4755; x_wconf 86' lang='lat' dir='ltr'><strong>projiciebatis!</strong></span> <span class='ocrx_word' id='word_1_763' title='bbox 3149 4693 3193 4747; x_wconf 89' lang='grc'><strong>0</strong></span> <span class='ocrx_word' id='word_1_764' title='bbox 3225 4710 3415 4754; x_wconf 85' lang='lat' dir='ltr'><strong>sancte</strong></span> 
     </span>
    </p>
   </div>
   <div class='ocr_carea' id='block_1_106' title="bbox 1849 4760 3413 4858">
    <p class='ocr_par' dir='ltr' id='par_1_106' title="bbox 1849 4760 3413 4858">
     <span class='ocr_line' id='line_1_106' title="bbox 1849 4760 3413 4858; baseline 0.018 -45"><span class='ocrx_word' id='word_1_765' title='bbox 1849 4760 2137 4828; x_wconf 82' lang='lat' dir='ltr'><strong>Epiphani,</strong></span> <span class='ocrx_word' id='word_1_766' title='bbox 2201 4767 2268 4818; x_wconf 87' lang='lat' dir='ltr'><strong>ad</strong></span> <span class='ocrx_word' id='word_1_767' title='bbox 2319 4769 2446 4836; x_wconf 85' lang='lat' dir='ltr'><strong>quid</strong></span> <span class='ocrx_word' id='word_1_768' title='bbox 2475 4785 2603 4842; x_wconf 88' lang='lat' dir='ltr'><strong>ergo</strong></span> <span class='ocrx_word' id='word_1_769' title='bbox 2636 4781 2783 4828; x_wconf 87' lang='lat' dir='ltr'><strong>tanta</strong></span> <span class='ocrx_word' id='word_1_770' title='bbox 2835 4779 3188 4852; x_wconf 80' lang='lat' dir='ltr'><strong>philosophia</strong></span> <span class='ocrx_word' id='word_1_771' title='bbox 3241 4804 3413 4858; x_wconf 83' lang='lat' dir='ltr'><strong>usque</strong></span> 
     </span>
    </p>
   </div>
   <div class='ocr_carea' id='block_1_107' title="bbox 1846 4855 3412 4947">
    <p class='ocr_par' dir='ltr' id='par_1_107' title="bbox 1846 4855 3412 4947">
     <span class='ocr_line' id='line_1_107' title="bbox 1846 4855 3412 4947; baseline 0.02 -42"><span class='ocrx_word' id='word_1_772' title='bbox 1846 4855 1911 4906; x_wconf 91' lang='lat' dir='ltr'><strong>ad</strong></span> <span class='ocrx_word' id='word_1_773' title='bbox 1961 4857 2262 4912; x_wconf 85' lang='lat' dir='ltr'><strong>satietatem</strong></span> <span class='ocrx_word' id='word_1_774' title='bbox 2297 4862 2534 4930; x_wconf 90' lang='lat' dir='ltr'><strong>repletus</strong></span> <span class='ocrx_word' id='word_1_775' title='bbox 2576 4880 2656 4929; x_wconf 86' lang='lat' dir='ltr'><strong>es,</strong></span> <span class='ocrx_word' id='word_1_776' title='bbox 2709 4869 2782 4922; x_wconf 88' lang='lat' dir='ltr'><strong>ita</strong></span> <span class='ocrx_word' id='word_1_777' title='bbox 2814 4880 2872 4924; x_wconf 89' lang='lat' dir='ltr'><strong>ut</strong></span> <span class='ocrx_word' id='word_1_778' title='bbox 2902 4873 3067 4927; x_wconf 88' lang='lat' dir='ltr'><strong>Deum</strong></span> <span class='ocrx_word' id='word_1_779' title='bbox 3130 4855 3412 4947; x_wconf 45' lang='lat' dir='ltr'><strong>exorat—es,</strong></span> 
     </span>
    </p>
   </div>
   <div class='ocr_carea' id='block_1_108' title="bbox 1845 4949 3413 5029">
    <p class='ocr_par' dir='ltr' id='par_1_108' title="bbox 1845 4949 3413 5029">
     <span class='ocr_line' id='line_1_108' title="bbox 1845 4949 3413 5029; baseline 0.02 -32"><span class='ocrx_word' id='word_1_780' title='bbox 1845 4955 1897 4998; x_wconf 88' lang='lat' dir='ltr'><strong>et</strong></span> <span class='ocrx_word' id='word_1_781' title='bbox 1927 4949 2244 5016; x_wconf 90' lang='lat' dir='ltr'><strong>suppliciter</strong></span> <span class='ocrx_word' id='word_1_782' title='bbox 2293 4966 2507 5023; x_wconf 86' lang='lat' dir='ltr'><strong>peteres</strong></span> <span class='ocrx_word' id='word_1_783' title='bbox 2557 4958 2779 5013; x_wconf 80' lang='lat' dir='ltr'><strong>nimiam</strong></span> <span class='ocrx_word' id='word_1_784' title='bbox 2817 4971 2964 5018; x_wconf 83' lang='lat' dir='ltr'><strong>tuam</strong></span> <span class='ocrx_word' id='word_1_785' title='bbox 3007 4967 3288 5025; x_wconf 84' lang='lat' dir='ltr'><strong>scientiam</strong></span> <span class='ocrx_word' id='word_1_786' title='bbox 3328 4989 3413 5029; x_wconf 86' lang='lat' dir='ltr'><strong>re-</strong></span> 
     </span>
    </p>
   </div>
   <div class='ocr_carea' id='block_1_109' title="bbox 1848 5037 2068 5092">
    <p class='ocr_par' dir='ltr' id='par_1_109' title="bbox 1848 5037 2068 5092">
     <span class='ocr_line' id='line_1_109' title="bbox 1848 5037 2068 5092; baseline 0.014 -3"><span class='ocrx_word' id='word_1_787' title='bbox 1848 5037 2068 5092; x_wconf 78' lang='lat' dir='ltr'><strong>laxare?</strong></span> 
     </span>
    </p>
   </div>
   <div class='ocr_carea' id='block_1_110' title="bbox 1921 5132 3411 5212">
    <p class='ocr_par' dir='ltr' id='par_1_110' title="bbox 1921 5132 3411 5212">
     <span class='ocr_line' id='line_1_110' title="bbox 1921 5132 3411 5212; baseline 0.017 -26"><span class='ocrx_word' id='word_1_788' title='bbox 1921 5132 2037 5186; x_wconf 75' lang='grc'><strong>146.</strong></span> <span class='ocrx_word' id='word_1_789' title='bbox 2076 5134 2171 5188; x_wconf 87' lang='lat' dir='ltr'><strong>Eia</strong></span> <span class='ocrx_word' id='word_1_790' title='bbox 2201 5152 2318 5206; x_wconf 86' lang='lat' dir='ltr'><strong>age,</strong></span> <span class='ocrx_word' id='word_1_791' title='bbox 2356 5141 2535 5210; x_wconf 82' lang='lat' dir='ltr'><strong>ample</strong></span> <span class='ocrx_word' id='word_1_792' title='bbox 2581 5146 2868 5212; x_wconf 89' lang='lat' dir='ltr'><strong>monache,</strong></span> <span class='ocrx_word' id='word_1_793' title='bbox 2900 5149 2946 5203; x_wconf 90' lang='lat' dir='ltr'><strong>si</strong></span> <span class='ocrx_word' id='word_1_794' title='bbox 2975 5152 3196 5209; x_wconf 88' lang='lat' dir='ltr'><strong>aliunde</strong></span> <span class='ocrx_word' id='word_1_795' title='bbox 3223 5173 3411 5210; x_wconf 88' lang='lat' dir='ltr'><strong>assur-</strong></span> 
     </span>
    </p>
   </div>
   <div class='ocr_carea' id='block_1_111' title="bbox 1846 5227 3424 5310">
    <p class='ocr_par' dir='ltr' id='par_1_111' title="bbox 1846 5227 3424 5310">
     <span class='ocr_line' id='line_1_111' title="bbox 1846 5227 3424 5310; baseline 0.021 -39"><span class='ocrx_word' id='word_1_796' title='bbox 1846 5228 1919 5292; x_wconf 71' lang='grc' dir='ltr'><strong>ειι</strong></span> <span class='ocrx_word' id='word_1_797' title='bbox 1952 5227 2170 5294; x_wconf 86' lang='lat' dir='ltr'><strong>aliquod</strong></span> <span class='ocrx_word' id='word_1_798' title='bbox 2220 5231 2445 5284; x_wconf 87' lang='lat' dir='ltr'><strong>dubium</strong></span> <span class='ocrx_word' id='word_1_799' title='bbox 2483 5235 2937 5305; x_wconf 78' lang='lat' dir='ltr'><strong>eoelesiasticum,</strong></span> <span class='ocrx_word' id='word_1_800' title='bbox 2985 5243 3227 5310; x_wconf 81' lang='lat' dir='ltr'><strong>difﬁcile,</strong></span> <span class='ocrx_word' id='word_1_801' title='bbox 3259 5250 3424 5304; x_wconf 79' lang='lat' dir='ltr'><strong>circa.</strong></span> 
     </span>
    </p>
   </div>
   <div class='ocr_carea' id='block_1_112' title="bbox 1842 5323 3410 5400">
    <p class='ocr_par' dir='ltr' id='par_1_112' title="bbox 1842 5323 3410 5400">
     <span class='ocr_line' id='line_1_112' title="bbox 1842 5323 3410 5400; baseline 0.015 -27"><span class='ocrx_word' id='word_1_802' title='bbox 1842 5323 1984 5391; x_wconf 86' lang='lat' dir='ltr'><strong>quod</strong></span> <span class='ocrx_word' id='word_1_803' title='bbox 2019 5330 2368 5391; x_wconf 80' lang='lat' dir='ltr'><strong>pugnandum</strong></span> <span class='ocrx_word' id='word_1_804' title='bbox 2401 5339 2501 5388; x_wconf 81' lang='lat' dir='ltr'><strong>est,</strong></span> <span class='ocrx_word' id='word_1_805' title='bbox 2553 5337 2606 5381; x_wconf 87' lang='lat' dir='ltr'><strong>ct</strong></span> <span class='ocrx_word' id='word_1_806' title='bbox 2643 5330 2687 5384; x_wconf 88' lang='lat' dir='ltr'><strong>si</strong></span> <span class='ocrx_word' id='word_1_807' title='bbox 2724 5334 2881 5385; x_wconf 86' lang='lat' dir='ltr'><strong>decet</strong></span> <span class='ocrx_word' id='word_1_808' title='bbox 2934 5335 3213 5400; x_wconf 76' lang='lat' dir='ltr'><strong>decertare</strong></span> <span class='ocrx_word' id='word_1_809' title='bbox 3243 5357 3410 5395; x_wconf 84' lang='lat' dir='ltr'><strong>sanc-</strong></span> 
     </span>
    </p>
   </div>
   <div class='ocr_carea' id='block_1_113' title="bbox 1845 5418 3406 5500">
    <p class='ocr_par' dir='ltr' id='par_1_113' title="bbox 1845 5418 3406 5500">
     <span class='ocr_line' id='line_1_113' title="bbox 1845 5418 3406 5500; baseline 0.017 -33"><span class='ocrx_word' id='word_1_810' title='bbox 1845 5427 1926 5469; x_wconf 86' lang='lat' dir='ltr'><strong>tos</strong></span> <span class='ocrx_word' id='word_1_811' title='bbox 1979 5418 2227 5473; x_wconf 91' lang='lat' dir='ltr'><strong>homines</strong></span> <span class='ocrx_word' id='word_1_812' title='bbox 2262 5437 2496 5488; x_wconf 85' lang='lat' dir='ltr'><strong>quorum</strong></span> <span class='ocrx_word' id='word_1_813' title='bbox 2533 5428 2833 5482; x_wconf 82' lang='lat' dir='ltr'><strong>membrum</strong></span> <span class='ocrx_word' id='word_1_814' title='bbox 2864 5438 2919 5484; x_wconf 89' lang='lat' dir='ltr'><strong>et</strong></span> <span class='ocrx_word' id='word_1_815' title='bbox 2968 5448 3094 5500; x_wconf 89' lang='lat' dir='ltr'><strong>pars</strong></span> <span class='ocrx_word' id='word_1_816' title='bbox 3129 5446 3257 5490; x_wconf 89' lang='lat' dir='ltr'><strong>sunt</strong></span> <span class='ocrx_word' id='word_1_817' title='bbox 3293 5439 3406 5492; x_wconf 78' lang='lat' dir='ltr'><strong>fra-</strong></span> 
     </span>
    </p>
   </div>
   <div class='ocr_carea' id='block_1_114' title="bbox 1843 5511 3404 5595">
    <p class='ocr_par' dir='ltr' id='par_1_114' title="bbox 1843 5511 3404 5595">
     <span class='ocr_line' id='line_1_114' title="bbox 1843 5511 3404 5595; baseline 0.015 -33"><span class='ocrx_word' id='word_1_818' title='bbox 1843 5519 1950 5564; x_wconf 88' lang='lat' dir='ltr'><strong>tres</strong></span> <span class='ocrx_word' id='word_1_819' title='bbox 1986 5511 2088 5573; x_wconf 91' lang='lat' dir='ltr'><strong>tui,</strong></span> <span class='ocrx_word' id='word_1_820' title='bbox 2122 5515 2250 5580; x_wconf 91' lang='lat' dir='ltr'><strong>quid</strong></span> <span class='ocrx_word' id='word_1_821' title='bbox 2276 5524 2402 5569; x_wconf 88' lang='lat' dir='ltr'><strong>tunc</strong></span> <span class='ocrx_word' id='word_1_822' title='bbox 2432 5517 2625 5572; x_wconf 71' lang='lat' dir='ltr'><strong>facies?</strong></span> <span class='ocrx_word' id='word_1_823' title='bbox 2659 5520 2947 5585; x_wconf 90' lang='lat' dir='ltr'><strong>Quomodo</strong></span> <span class='ocrx_word' id='word_1_824' title='bbox 2989 5527 3248 5595; x_wconf 90' lang='lat' dir='ltr'><strong>loqueris,</strong></span> <span class='ocrx_word' id='word_1_825' title='bbox 3281 5546 3404 5584; x_wconf 90' lang='lat' dir='ltr'><strong>cum</strong></span> 
     </span>
    </p>
   </div>
   <div class='ocr_carea' id='block_1_115' title="bbox 1841 5606 3403 5688">
    <p class='ocr_par' dir='ltr' id='par_1_115' title="bbox 1841 5606 3403 5688">
     <span class='ocr_line' id='line_1_115' title="bbox 1841 5606 3403 5688; baseline 0.015 -33"><span class='ocrx_word' id='word_1_826' title='bbox 1841 5606 2109 5658; x_wconf 77' lang='lat' dir='ltr'><strong>amoveris</strong></span> <span class='ocrx_word' id='word_1_827' title='bbox 2144 5621 2171 5658; x_wconf 87' lang='lat' dir='ltr'><strong>a</strong></span> <span class='ocrx_word' id='word_1_828' title='bbox 2209 5617 2278 5670; x_wconf 84' lang='lat' dir='ltr'><strong>te,</strong></span> <span class='ocrx_word' id='word_1_829' title='bbox 2333 5617 2385 5661; x_wconf 89' lang='lat' dir='ltr'><strong>et</strong></span> <span class='ocrx_word' id='word_1_830' title='bbox 2422 5613 2577 5678; x_wconf 86' lang='lat' dir='ltr'><strong>quasi</strong></span> <span class='ocrx_word' id='word_1_831' title='bbox 2635 5617 2909 5672; x_wconf 84' lang='lat' dir='ltr'><strong>sccaveris</strong></span> <span class='ocrx_word' id='word_1_832' title='bbox 2940 5619 3205 5688; x_wconf 88' lang='lat' dir='ltr'><strong>linguam,</strong></span> <span class='ocrx_word' id='word_1_833' title='bbox 3239 5625 3403 5686; x_wconf 85' lang='lat' dir='ltr'><strong>labia,</strong></span> 
     </span>
    </p>
   </div>
   <div class='ocr_carea' id='block_1_116' title="bbox 1840 5695 3404 5779">
    <p class='ocr_par' dir='ltr' id='par_1_116' title="bbox 1840 5695 3404 5779">
     <span class='ocr_line' id='line_1_116' title="bbox 1840 5695 3404 5779; baseline 0.013 -32"><span class='ocrx_word' id='word_1_834' title='bbox 1840 5695 2047 5751; x_wconf 82' lang='lat' dir='ltr'><strong>scilicet</strong></span> <span class='ocrx_word' id='word_1_835' title='bbox 2120 5702 2422 5757; x_wconf 86' lang='lat' dir='ltr'><strong>sententias</strong></span> <span class='ocrx_word' id='word_1_836' title='bbox 2461 5705 2824 5776; x_wconf 87' lang='lat' dir='ltr'><strong>theologicas,</strong></span> <span class='ocrx_word' id='word_1_837' title='bbox 2882 5710 3082 5779; x_wconf 89' lang='lat' dir='ltr'><strong>quibus</strong></span> <span class='ocrx_word' id='word_1_838' title='bbox 3136 5716 3404 5770; x_wconf 80' lang='lat' dir='ltr'><strong>universe</strong></span> 
     </span>
    </p>
   </div>
  </div>
