4212 6434
219 374 320 437 8'37

1192 381 1289 440 DE
1332 382 1815 461 EMENDA’NDA
1863 386 2039 444 VITA
2090 386 2560 454 MONACHICA.

3372 402 3480 466 838

220 491 358 542 ἀλλὰ
390 490 650 556 τεχνικῶς
689 490 936 556 ἰδιάζεις,
966 494 1152 563 σαφῶς
1181 495 1235 548 δὲ
1261 500 1460 559 εἰπεῖν,
1492 502 1801 570 ἐργατικῶς

1906 510 1957 554 te
1988 518 2130 567 esse,
2173 504 2266 557 sed
2317 506 2382 559 de
2431 507 2697 563 industria
2755 510 3073 575 secessisse.
3120 524 3195 577 et.
3247 525 3304 571 ut
3334 528 3486 576 recte

222 580 473 651 μοχθεῖς,
511 583 848 651 σαφέστερον
889 584 948 636 δὲ
998 585 1187 653 φάναι,
1236 591 1489 657 τεχνίτου
1528 591 1801 661 βαναύσου

217 674 385 743 δίκην
414 674 645 744 κοπιᾷς’
678 674 737 737 ὃς
770 677 828 728 ὲν
858 679 971 740 τοῖς
1004 678 1293 746 ἀγεννέσιν
1325 681 1528 752 ἔργοις,
1562 685 1631 737 δι’
1662 682 1737 737 ὦν
1768 687 1801 755 ἢ

223 766 610 836 ρυπαίνεταιῆ
645 769 1039 835 κατατρίσεται
1070 771 1128 822 τὸ
1153 772 1318 824 καλὸν
1349 773 1573 843 ἀμφιον,
1608 778 1805 845 ρακεν-

220 860 395 920 δυτεῖ,
429 859 523 909 καὶ
546 859 689 911 οὖτω
719 860 1154 932 κερδαλεώτερον
1175 864 1273 934 τὴν
1306 867 1504 937 τέχνην
1534 869 1803 937 διαχειρί-

221 951 399 1014 ζεται.
438 950 753 1020 Θεὼρησον,
810 954 1034 1006 ταπεινὲ
1074 956 1243 1024 ὑψηλέ
1268 974 1281 987 °
1312 960 1363 1011 τί
1394 960 1457 1029 δή
1497 960 1626 1012 ποτέ
1658 964 1804 1013 ἐστιν

218 1045 247 1095 6
304 1043 579 1112 μοναχός;
643 1046 755 1098 Καὶ
807 1046 1000 1116 ἐπειδὴ
1055 1047 1180 1100 οὔτε
1231 1052 1294 1103 σὺ
1350 1052 1677 1119 αὖτομαθῶς
1711 1054 1803 1105 τὸν

219 1136 470 1187 τοιοῦτον
522 1129 692 1200 οἶδας,
741 1134 866 1188 οὔτε
920 1138 1029 1209 μὴν
1069 1141 1132 1192 ὲκ
1181 1139 1388 1209 βιϐλίου
1437 1142 1581 1210 ἔχεις
1612 1145 1802 1214 μαθὼν

225 1226 372 1291 (πῶς
416 1230 547 1295 γὰρ,
578 1228 715 1297 ὅπερ
750 1229 926 1296 μισῶν
961 1231 1063 1282 κᾶν
1109 1232 1466 1302 ἀνοιγόμενον
1504 1235 1640 1306 ίδῃς,
1672 1239 1802 1306 χάος

220 1318 403 1380 δοκεῖς
424 1317 648 1387 βλέπειν
668 1322 809 1373 κατὰ
837 1321 930 1374 σοῦ
958 1324 1189 1391 χαῖνον),
1215 1324 1452 1379 ἄκουσον
1478 1329 1585 1380 ἀπὸ
1611 1329 1801 1395 λαλιᾶς

217 1412 323 1461 οῦκ
356 1411 693 1478 ἀσυμφώνου
726 1416 845 1477 ταῖς
882 1416 1056 1485 ἱεραῖς
1086 1417 1393 1487 διφθέραις.

298 1504 401 1572 ρλ¹.
456 1506 710 1575 Μοναχὸς
738 1510 852 1559 ἐστι
882 1510 1103 1579 πολίτης
1131 1512 1364 1581 οὐρανοῦ
1384 1529 1398 1544 ⁸
1439 1514 1515 1585 μὴ
1538 1516 1644 1584 γὰρ
1676 1520 1800 1588 γῆς,

219 1599 269 1648 εξ
303 1597 399 1649 καὶ
440 1600 573 1668 περὶ
606 1600 710 1667 γῆν
767 1600 1018 1656 είλεῖται.
1082 1606 1338 1676 Αῐθὲριος
1388 1607 1490 1676 τὴν
1525 1610 1803 1664 πολιτείαν

217 1686 548 1756 ἄνθρωπος’
589 1691 944 1759 ἀεροϐάμων,
981 1689 1065 1757 οἷς
1109 1696 1177 1749 τά
1232 1699 1378 1750 κατά
1420 1701 1525 1768 γῆν
1557 1703 1803 1771 ὑπερπέ-

215 1796 379 1831 τεται
400 1796 413 1809 ο
437 1780 541 1849 γῆς
574 1781 799 1853 ἀπάσης
830 1784 1089 1853 βασιλεὺς
1118 1789 1209 1841 διὰ
1238 1790 1298 1843 τὸ
1328 1793 1451 1844 κατ’
1487 1796 1673 1847 εἰκόνα
1707 1794 1802 1848 τοῦ

1907 593 2118 661 loquar,
2164 595 2422 662 operibus
2471 598 2691 664 vilibus,
2752 617 2869 658 seu-
2910 605 3125 671 melius,
3162 618 3223 661 ut
3266 609 3483 666 fabrum

1910 682 2144 754 fatigari,
2200 688 2291 755 qui
2343 688 2488 743 inter
2543 691 2667 744 vilia
2712 708 2874 763 opera
2922 697 3123 766 quibus
3179 698 3483 758 sordesce-

1908 784 1986 828 ret
2017 788 2107 829 aut
2134 788 2516 837 contereretur
2553 785 2839 853 pulchrum
2883 789 3289 861 indumentum,
3346 809 3487 865 pau-

1908 868 1992 921 nis
2026 868 2293 936 induitur,
2329 882 2383 927 et
2408 875 2486 929 sic
2522 878 2695 947 magis
2741 878 3049 937 lucriferam
3114 894 3287 941 artem
3322 903 3482 943 exer-

1906 967 2012 1012 cet.
2066 956 2277 1029 Viden',
2327 979 2360 1017 ο
2409 980 2595 1037 magne
2649 981 2703 1024 et
2764 971 3007 1038 humilis,
3064 977 3193 1045 quid
3249 980 3322 1032 sit
3362 997 3483 1035 mo-

1907 1052 2153 1107 nachus?
2183 1053 2246 1109 Et
2284 1058 2542 1124 quoniam
2591 1076 2713 1115 eum
2770 1078 2881 1117 non
2932 1066 3154 1131 nevisti,
3186 1084 3362 1139 neque
3388 1087 3485 1126 ex-

1906 1145 2171 1214 perientia
2196 1149 2439 1217 propria,
2488 1165 2663 1219 neque
2708 1170 2774 1209 ex
2824 1156 2966 1211 libro
2991 1157 3289 1229 (quomodo
3310 1164 3482 1227 enim,

1908 1238 2176 1307 siquidem
2203 1258 2351 1306 etini,
2381 1242 2471 1297 ubi
2503 1242 2708 1300 videris
2737 1257 3009 1317 apertum,
3037 1252 3229 1317 odisti.
3263 1262 3317 1308 et
3336 1256 3484 1310 arbi-

1906 1333 2075 1386 traris
2106 1332 2363 1404 abyssum
2420 1343 2548 1389 ante
2603 1345 2654 1391 te
2686 1337 2926 1395 hiantem
2982 1343 3313 1415 inspicere);
3348 1347 3478 1401 audi

1907 1435 2037 1490 ergo
2072 1438 2139 1476 ex
2169 1439 2424 1480 sermone
2462 1428 2668 1484 sanctis
2696 1433 2970 1503 tympanis
3012 1448 3119 1489 non
3153 1437 3431 1496 dissimili.

1977 1513 2098 1568 150.
2142 1514 2444 1573 Monachus
2476 1520 2616 1575 civis
2650 1532 2738 1577 est
2768 1525 2917 1590 C(Bii,
2967 1541 3074 1582 non
3131 1536 3313 1597 terrae,
3350 1534 3481 1590 licet

1907 1604 2118 1661 habitet
2193 1609 2246 1661 in
2305 1625 2392 1664 ea.
2452 1612 2748 1670 Ethereus
2786 1626 2871 1671 est
2918 1619 3085 1675 homo
3142 1623 3340 1692 agendi
3400 1641 3487 1680 ra-

1907 1698 2088 1761 tione;
2116 1714 2210 1767 per
2232 1715 2412 1755 aerem
2441 1703 2639 1760 incedit
2666 1711 2913 1764 terrestri
2944 1713 3150 1777 volatu.
3209 1732 3314 1770 rex-
3359 1719 3488 1771 uni-

1909 1803 2077 1842 versae
2142 1798 2339 1852 terra},
2404 1795 2495 1861 qui
2561 1805 2641 1849 est
2696 1797 2763 1851 ad
2823 1800 3109 1870 imaginem
3166 1802 3260 1857 Dei
3322 1803 3486 1875 Regis

216 1872 622 1937 παμϐασιλέως
670 1874 831 1942 Θεοῦ,
865 1878 894 1931 6
920 1881 1026 1943 πᾶς
1064 1881 1165 1949 μὲν
1196 1882 1483 1953 ἄνθρωπος
1514 1887 1801 1955 φυλάττειν

1911 1896 2121 1951 regum,
2172 1900 2334 1951 quam
2394 1902 2611 1941 servare
2671 1889 2870 1944 debent
2929 1894 3163 1947 universi
3215 1895 3486 1963 homines,

215 1964 508 2028 τέτακται,
539 1968 703 2030 αὐτὸς
748 1969 805 2022 δὲ
836 1972 974 2041 πρὸς
1004 1972 1081 2042 τῷ
1114 1973 1281 2043 κοινῷ
1310 1976 1460 2046 χρέει
1496 1980 1591 2031 καὶ
1622 1979 1804 2043 ἱδικῶς

217 2057 528 2126 ἐποφείλει,
593 2064 965 2135 μεμνημένος,
1012 2066 1116 2133 ὅτι,
1163 2071 1401 2138 ὁπηνίκα
1438 2073 1469 2140 ὴ
1504 2076 1679 2143 κουρά
1726 2073 1805 2143 τῷ

218 2149 347 2217 Θεῷ
370 2151 534 2202 αὑτὸν
564 2155 976 2225 παρεστήσατο,
1007 2161 1101 2211 καὶ
1131 2161 1264 2212 αὐτὸ
1295 2162 1581 2232 ἀπῃτήθη,
1609 2164 1683 2228 ὡς
1707 2165 1803 2234 δη-

216 2241 357 2309 me,
387 2241 662 2312 ἀπαλιφὲν
689 2244 969 2313 βιωτικοῖς
1001 2250 1190 2322 ὑγροῖς
1212 2253 1274 2305 τὸ
1302 2254 1425 2307 κατ’
1452 2256 1615 2309 αὑτὸν
1634 2258 1799 2328 ἀρχέ-

214 2347 397 2385 τυπον
463 2334 754 2404 είκόνισμα
832 2339 1084 2402 εἰσαῦθις
1152 2343 1483 2399 ἀνανεώσων
1549 2349 1797 2421 πολιτείᾳ

221 2428 520 2495 μοναχικῇ.
583 2428 706 2481 Ἔτι
772 2432 1011 2501 μοναχός
1071 2435 1189 2489 ἐστι
1253 2438 1553 2511 ζωγράφος
1600 2445 1802 2517 ἀρετῆς

217 2519 723 2591 ἀπηκριϐωμένης.
760 2525 899 2593 πρὸς
942 2528 1009 2596 ἢν
1043 2530 1101 2582 αἱ
1144 2532 1251 2583 τῶν
1289 2532 1600 2601 βλεπόντων
1634 2537 1803 2608 ψυχαὶ

216 2613 525 2680 γράφοιντο
562 2613 649 2669 ἄν.
685 2616 894 2686 Γράφοι
926 2619 984 2673 δὲ
1022 2620 1090 2675 ἂν
1127 2623 1155 2675 6
1184 2626 1427 2690 τοιοῦτος
1462 2630 1634 2685 αὑτὰς
1665 2634 1801 2702 πρὸς

218 2704 534 2773 ἀκρίϐειαν,
567 2706 664 2760 ἑὰν
694 2715 855 2778 σοφὸς
882 2713 1086 2775 τέλειος
1118 2720 1347 2787 γένηται
1373 2722 1473 2790 τὴν
1519 2726 1801 2794 γραφικὴν

219 2795 453 2865 ταύτην,
505 2797 583 2861 ὠς
633 2800 730 2852 καὶ
760 2803 972 2872 τρίδειν
1001 2812 1357 2876 πνευματικὰ
1392 2814 1680 2881 χρώματα,
1710 2820 1803 2871 καὶ

223 2888 529 2958 συγκιρνᾷν
558 2892 651 2942 καὶ
686 2892 950 2961 ἐμμελῶς
995 2897 1363 2965 παρατιθέναι
1394 2902 1533 2972 πρὸς
1570 2905 1801 2975 ἄλληλα,

220 2977 320 3029 καί
349 2982 594 3047 μετρεῖν,
623 2981 697 3043 ὥς
726 2978 835 3036 οἶδε
869 2983 1166 3056 ζωγράφος
1201 2994 1498 3061 τεχνᾶσθαι
1542 2999 1644 3067 τὴν
1680 3002 1802 3053 κατ’

221 3069 369 3121 αὐτὰ
399 3075 769 3143 συμμετρίαν.
802 3079 1060 3145 Τοιοῦτος
1105 3084 1162 3136 δὲ
1198 3086 1417 3149 πάντως
1445 3091 1476 3158 ἢ
1513 3090 1541 3141 6
1570 3091 1628 3156 ἐξ
1668 3094 1803 3147 ἁνα-

1908 1982 1962 2029 et
1991 1974 2103 2043 ipse
2129 1975 2251 2043 plus
2288 1990 2447 2044 quam
2507 1977 2690 2031 cmteri
2738 1987 2791 2035 et
2841 1982 3074 2050 amplius
3135 1992 3372 2052 tenetur,
3397 2003 3489 2041 re-

1908 2065 2166 2120 cordatus
2221 2081 2301 2131 sc,
2360 2069 2580 2135 quando
2611 2076 2834 2123 tonsura
2880 2081 3237 2127 consecratus
3262 2074 3385 2139 fuit,
3418 2075 3487 2130 ad

1908 2159 2010 2213 hoc
2055 2173 2177 2213 esse
2209 2160 2515 2221 invitatum,
2549 2171 2607 2214 ut
2655 2161 2911 2217 faedatmn
2970 2164 3267 2220 sudoribus
3327 2183 3487 2222 Inuu-

1908 2248 2070 2304 danis
2110 2250 2522 2305 similitudinem
2585 2268 2740 2307 suam
2775 2256 2841 2308 ad
2878 2254 3045 2310 Deum
3105 2273 3298 2314 rursus
3329 2274 3491 2315 renu-

1910 2350 2134 2397 vaturus
2216 2351 2359 2397 esset
2438 2346 2695 2415 operibus
2767 2350 3109 2405 monasticis.
3186 2351 3488 2410 Monachus

1907 2436 2089 2504 pictor
2134 2444 2219 2491 est
2280 2440 2443 2492 etiam
2504 2441 2717 2495 virtutis
2768 2444 3043 2511 perfectae,
3097 2445 3163 2498 ad
3198 2462 3362 2513 quam
3400 2448 3489 2502 in-

1909 2528 2208 2583 formaudaa
2261 2542 2383 2585 sunt
2439 2534 2634 2586 animae
2693 2534 3048 2590 intuentium.
3079 2535 3229 2603 Quas
3271 2540 3338 2594 ad
3366 2555 3489 2609 per-

1906 2618 2195 2674 fectionem
2250 2621 2351 2675 iste
2399 2622 2678 2691 du'pinget,
2738 2624 2786 2678 si
2821 2625 2958 2681 hanc
3016 2638 3188 2683 artem
3242 2631 3487 2700 perfecte

1904 2712 2131 2768 edoctus
2159 2723 2266 2779 est,
2321 2716 2367 2770 si
2420 2715 2614 2771 didicit
2666 2719 2985 2785 spirituales
3033 2723 3251 2779 colores
3283 2733 3485 2793 terere,

1905 2806 2160 2871 miscere,
2208 2808 2582 2878 distinguere,
2642 2820 2832 2867 curate
2901 2812 3176 2880 conferre.
3226 2824 3282 2872 et
3337 2834 3486 2873 inen-

1907 2911 2116 2960 surare,
2168 2896 2311 2951 sicut
2352 2902 2501 2953 novit
2558 2900 2735 2969 pictor
2796 2918 2889 2959 eas
2947 2905 3486 2978 scite‘componere.

1908 2984 2052 3040 Talis
2084 2997 2168 3041 est
2200 2989 2363 3041 homo
2392 2989 2676 3053 doctrinae.
2733 3002 2828 3046 aut
2870 2993 3196 3051 inventionis
3234 3012 3329 3065 per
3363 3012 3487 3066 pra-

1905 3080 2144 3138 cticum;
2190 3095 2419 3149 quarum
2477 3099 2638 3137 unam
2699 3100 2792 3154 per
2850 3087 3191 3153 sapientiam,
3231 3099 3286 3143 et
3347 3092 3487 3146 alte-

220 3158 502 3253 γνώσεως,
538 3162 571 3232 ἢ
606 3164 635 3214 6
671 3164 732 3229 ἐξ
758 3166 1180 3239 ἀποκαλύψεως,
1211 3177 1312 3244 τῆς
1345 3178 1433 3229 διὰ
1455 3186 1800 3253 πρακτικῆς·

1908 3187 2023 3225 ram
2082 3188 2175 3241 per
2230 3188 2412 3227 veram
2469 3177 2678 3244 praxim
2736 3179 3040 3235 monachus
3113 3182 3342 3249 obtinet,
3387 3200 3487 3253 per

220 3241 300 3298 ὧν
334 3249 394 3300 τὸ
429 3252 529 3319 μὲν
565 3254 678 3323 εχει
708 3257 798 3310 διὰ
833 3260 1028 3327 σοφίαν
1053 3265 1081 3315 6
1108 3241 1382 3332 μονάξων,
1410 3270 1470 3321 τὸ
1498 3241 1559 3322 δὲ
1591 3271 1677 3324 διὰ
1705 3241 1803 3343 τῆς

221 3340 402 3403 ὄντως
449 3346 726 3414 πράξεως,
771 3350 842 3404 δι’
870 3348 938 3421 ἧς
969 3356 1063 3407 καὶ
1098 3358 1271 3428 αὐτῆς
1317 3362 1805 3421 ἀποκαλύπτονται

222 3435 536 3498 Δαυῖτικῶς
569 3440 844 3511 ὀφθαλμοὶ
888 3450 967 3507 εἰς
1004 3453 1066 3500 τὸ
1096 3458 1383 3508 κατανοεῖν
1423 3457 1492 3508 τὰ
1538 3457 1636 3511 τοῦ
1667 3458 1803 3512 Θεοῦ

222 3525 511 3593 θαυμάσια
532 3544 547 3558 ⁸
584 3534 643 3584 ἐν
673 3528 754 3594 οἷς
797 3538 889 3590 καὶ
920 3540 987 3593 τὰ
1017 3540 1118 3609 τῆς
1165 3544 1375 3599 ἐκείνου
1408 3550 1601 3617 σοφίας
1629 3550 1803 3619 ἄδηλα

222 3619 322 3672 καὶ
350 3620 578 3691 κρύφια.
615 3628 777 3680 Δυοῖν
801 3629 857 3682 δὲ
886 3632 1114 3699 τούτων,
1142 3638 1398 3705 πράξεως
1428 3640 1521 3691 καὶ
1544 3642 1798 3711 θεωρίας,

222 3714 250 3763 6
274 3713 455 3781 μέγας
505 3719 739 3788 μοναχὸς
761 3724 1232 3794 ἀποστερημένος,
1266 3728 1389 3781 οὔτε
1423 3731 1714 3800 ζωγράφος
1735 3736 1801 3787 ἂν

222 3805 314 3873 εἴη
344 3807 463 3875 Θεῷ
493 3810 740 3878 πρέπων,
767 3813 891 3867 οὔτε
916 3816 1205 3886 ἀληθεύσοι
1236 3822 1327 3875 τὸν
1361 3824 1617 3893 μοναχόν.

297 3896 435 3964 ρλα’.
477 3901 593 3954 Ἔτι
625 3905 823 3973 κριτὴς
842 3907 869 3958 6
891 3910 1147 3978 μοναχὺς.
1179 3911 1417 3975 δικάζων
1447 3916 1761 3981 ἀντιπάλοις
1784 3933 1799 3948 ⁶

221 3990 321 4040 καὶ
360 3991 394 4063 ἠ
439 3993 625 4062 κρίσις
663 3995 936 4066 διχασμὸς
980 4001 1163 4069 ψυχῆς
1200 4004 1309 4057 ἀπὸ
1350 4004 1625 4073 σώματος,
1667 4009 1801 4063 ὡσεὶ

224 4083 321 4132 καὶ
356 4083 537 4136 θανεῖν
581 4088 777 4157 ἐκρίθη
816 4089 877 4142 τὸ
912 4092 970 4142 ἐν
1007 4092 1282 4163 ἀνθρώπῳ
1325 4096 1603 4152 σύνθετον.
1641 4101 1714 4151 Τὸ
1742 4101 1800 4154 δὲ

221 4172 369 4225 οὔτω
393 4174 634 4242 δικάζειν
678 4179 1002 4248 φιλοσοφίας
1035 4183 1197 4254 ἔργον
1242 4192 1602 4255 παραδέδοται
1633 4188 1794 4255 εἶναι,

219 4260 291 4336 ἧς
336 4265 398 4316 τὸ
443 4266 594 4331 τέλος
637 4269 874 4323 ἐνταῦθα
928 4276 1211 4343 ἡνωμένος
1267 4278 1569 4349 διακρίνειν
1618 4282 1797 4353 ψυχὴν

224 4356 505 4424 σώματος,
536 4362 631 4413 καὶ
664 4358 733 4414 αὖ
764 4363 930 4417 πάλιν
965 4365 1409 4437 διακεκριμένως
1441 4373 1617 4439 ἑνοῦν,
1643 4376 1676 4445 ἢ
1704 4378 1798 4429 καὶ

223 4448 425 4512 (ἄλλως
458 4453 659 4521 εἰπεῖν)
690 4456 921 4524 νεκροῦν
962 4458 1064 4524 μὲν
1093 4460 1154 4511 τὸ
1192 4460 1301 4523 ζῶν
1329 4468 1404 4533 μὴ
1441 4466 1799 4535 ἐναρμονίους.

1907 3278 2072 3331 quam
2111 3265 2432 3332 aperiuntur
2462 3267 2604 3320 oculi
2629 3268 2648 3336 (
2674 3276 2731 3319 ut
2777 3269 2962 3323 Davidi
2999 3271 3240 3342 accidit)
3293 3275 3360 3328 ad
3398 3277 3486 3329 in-

1907 3355 2199 3424 telligenda
2262 3358 2529 3411 mirabilia
2594 3359 2711 3425 Dei,
2767 3369 2823 3415 et
2865 3377 2930 3415 ex
2982 3363 3184 3432 quibus
3221 3375 3351 3420 sunt
3386 3383 3480 3422 sa-

1908 3446 2124 3514 pientiae
2173 3448 2295 3516 ejus
2326 3452 2585 3519 mysteria
2637 3452 3229 3523 incomprehensibilia.
3262 3457 3481 3524 Quibus

1907 3539 2120 3595 duabus
2152 3541 2334 3603 rebus,
2363 3558 2558 3612 nempe
2608 3545 2812 3600 theoria
2856 3556 2911 3601 et
2946 3549 3098 3618 praxi
3128 3552 3247 3606 sine
3281 3553 3482 3621 quibus

1908 3645 2133 3699 magnus
2163 3634 2470 3689 monachus
2526 3652 2706 3706 neque
2744 3638 2923 3707 pictor
2949 3652 3097 3696 esset
3126 3641 3238 3700 Deo
3270 3654 3481 3713 gratus,

1902 3738 2005 3792 neq
2016 3740 2081 3779 ue
2110 3740 2272 3779 verus
2301 3728 2626 3783 monachus.

1978 3903 2102 3956 151.
2133 3902 2310 3959 Judex
2341 3908 2508 3963 etiam
2538 3912 2865 3977 monachus,
2897 3918 2990 3984 qui
3023 3915 3116 3984 jus
3163 3917 3299 3973 dicit
3354 3932 3483 3990 par-

1905 3994 2053 4049 tibus
2082 3996 2359 4063 adversis;
2392 4010 2446 4055 et
2474 4000 2735 4069 judicium
2766 4007 3042 4075 separatio
3068 4018 3151 4062 est
3182 4012 3383 4065 anima!
3427 4024 3482 4068 et

1903 4089 2155 4155 corporis
2184 4090 2329 4145 sicut
2356 4095 2495 4148 mori
2527 4093 2833 4162 judicatum
2883 4107 2969 4154 est
2992 4101 3138 4169 quod
3180 4104 3234 4156 in
3259 4102 3487 4160 homine

1901 4181 2269 4247 compositum
2299 4193 2403 4238 est.
2456 4184 2589 4250 Qua:
2640 4190 2918 4257 separatio
2973 4190 3159 4246 habita
3208 4202 3293 4246 est
3339 4208 3481 4264 opus

1902 4271 2299 4342 phil050phize:
2372 4277 2533 4343 cujus
2592 4293 2792 4348 scopus
2848 4289 2978 4334 tunc
3008 4291 3127 4337 erat
3174 4298 3378 4355 corpus
3425 4296 3480 4341 et

1906 4363 2143 4417 animam
2183 4367 2330 4420 unita
2361 4368 2628 4433 dividere,
2668 4379 2726 4424 et
2782 4371 2979 4426 iterum
3020 4374 3196 4428 divisa
3245 4376 3481 4445 conjun-

1907 4470 2068 4524 gere;
2109 4471 2231 4522 seu,
2270 4460 2411 4527 quod
2468 4460 2611 4514 idem
2642 4471 2749 4527 est,
2814 4463 3121 4520 interficere
3170 4468 3316 4537 quod
3362 4483 3475 4525 non

222 4541 522 4607 ζωογονεῖν
561 4543 620 4595 δὲ
659 4546 722 4598 τὸ
758 4551 1188 4617 νενεκρωμένον.
1228 4532 1416 4608 Ταῦτα
1453 4556 1509 4609 δὲ
1542 4532 1801 4629 μοναχξς,

1910 4555 2061 4601 recte
2104 4547 2343 4615 vivebat,
2379 4560 2434 4604 et
2458 4553 2699 4606 occisum
2734 4554 3097 4611 reviviticare.
3126 4558 3233 4612 ista
3282 4574 3479 4615 mona-

223 4632 446 4702 ἰδιώτης
471 4630 612 4687 εῖναι
640 4637 827 4705 αὐχῶν
859 4641 917 4690 ὲν
942 4638 1017 4706 τῷ
1053 4641 1125 4709 μὴ
1150 4642 1409 4711 μέλεσθαι
1428 4652 1797 4717 γραμμάτων,

220 4725 323 4775 καὶ
358 4724 495 4791 μηδὲ
528 4726 966 4794 ἀριστοπραξίας
1002 4730 1417 4801 ἐλλαμπὸμενος
1448 4737 1655 4805 χάριτι,
1700 4742 1800 4793 οὐκ

220 4807 344 4864 οἶδα
369 4814 530 4884 εἴπερ
569 4816 781 4879 ἀνύσει,
822 4818 897 4881 ὡς
936 4822 1011 4888 μὴ
1036 4822 1331 4890 ψεύδεσθαι
1361 4829 1452 4879 τὸν
1493 4829 1799 4899 φιλοσόφως

222 4903 371 4956 θεῖον
398 4904 682 4977 δικαστὴν,
712 4909 770 4971 ὃς
791 4911 852 4961 οὐ
886 4912 1030 4964 κατὰ
1061 4914 1258 4982 νόμους
1286 4920 1411 4981 τοὺς
1435 4924 1610 4989 χαμαὶ
1637 4940 1797 4992 συρο-

225 4994 426 5061 μένους
456 4996 660 5068 κρίνει,
683 4999 818 5053 ἀλλὰ
834 5004 959 5064 τοὺς
982 5004 1233 5076 δακτύλῳ
1260 5008 1397 5061 Θεοῦ
1414 5016 1797 5081 γραφομένους

220 5087 305 5144 εἰς
347 5087 581 5153 καρδίαν
612 5092 902 5162 σαρκίνην,
937 5094 1185 5150 εῧεικτον
1224 5098 1342 5168 Θεῷ
1369 5102 1445 5170 τῷ
1493 5105 1794 5173 γράφοντι·

230 5176 378 5226 Ἀλλ’
407 5178 639 5231 ἐνταῦθα
686 5211 725 5221 -—
776 5181 821 5233 ὼ
851 5179 965 5236 οἷον
995 5188 1171 5257 κρίμα
1208 5190 1406 5261 πάσχει
1436 5195 1464 5246 6
1499 5195 1622 5247 καθ’
1650 5197 1797 5267 ἡμᾶς

219 5271 473 5333 κριτικὸς
516 5270 734 5338 ὃμιλοςί
811 5274 1174 5341 Ἀκούσαντες
1227 5282 1362 5351 γὰρ,
1415 5285 1474 5337 ού
1538 5286 1645 5354 μὴν
1704 5292 1799 5342 κα)⁸

223 5359 637 5427 μεμαθηκότες,
668 5367 856 5433 κριταὶ
884 5363 1050 5433 εἶναι,
1076 5372 1172 5424 καὶ
1195 5373 1540 5438 σπεύδοντες,
1571 5378 1667 5430 τοῦ
1692 5380 1800 5432 λοι-

218 5449 327 5500 ποῦ
392 5452 467 5520 μὴ
526 5453 633 5505 ὐπδ
666 5459 884 5524 κριταῖς
933 5456 1096 5527 εῖναι,
1149 5464 1197 5515 oi
1254 5464 1432 5531 ἄλλως
1481 5469 1795 5540 ὑποκριταὶ,

222 5543 559 5610 μετάγουσιν
589 5549 817 5615 ἑαυτοὺς
850 5553 946 5606 καὶ
977 5557 1057 5619 είς
1086 5557 1163 5626 (εί
1184 5577 1236 5612 τι
1262 5561 1367 5631 χρὴ
1390 5562 1565 5627 οὕτως
1597 5566 1797 5635 ὀνομά-

221 5637 338 5694 cui
375 5644 738 5710 κατακριτάς.
792 5645 999 5700 Οὔκουν
1030 5649 1253 5704 ὀκνοῦσι
1291 5658 1642 5724 κατακρίνειν
1696 5662 1793 5711 οὐκ

172 5716 177 5719 ’
220 5727 336 5778 ἐσθ’
374 5729 556 5783 ὅντινα
582 5731 669 5797 οὔ,
704 5738 1151 5807 παραζηλοῦντες
1205 5743 1439 5797 ἐνταῦθα
1467 5749 1595 5810 τοὺς
1626 5750 1794 5818 fﬁcie-

227 5820 428 5889 μένους
465 5825 648 5894 κρῖναι
678 5826 775 5891 τὰς
814 5828 1019 5887 δώδεκα
1046 5833 1217 5901 φυλὰς
1242 5835 1336 5889 τοῦ
1382 5838 1613 5910 Ἰσραήλ.

1906 4635 2068 4698 chus,
2101 4638 2196 4707 qui
2235 4640 2303 4693 de
2326 4640 2676 4711 simplicitate
2696 4644 2960 4713 gloriatus
2990 4661 3056 4700 eo
3079 4649 3225 4715 quod
3260 4649 3478 4705 litteras

1903 4744 2013 4783 non
2044 4740 2221 4792 curet,
2250 4747 2428 4801 neque
2470 4734 2667 4788 merito
2716 4751 2901 4790 rerum
2932 4740 3151 4807 egregie
3201 4741 3472 4795 factarum

1903 4821 2189 4892 refulgent,
2229 4825 2420 4878 nescio
2452 4834 2636 4879 utrum
2662 4827 2936 4897 perﬁciet,
2960 4829 3035 4883 ita
3069 4841 3127 4885 tn
3182 4832 3254 4886 sit
3298 4832 3471 4901 judex

1903 4915 2123 4981 sapiens
2155 4923 2208 4968 et
2248 4925 2495 4981 sanctus,
2526 4932 2633 4971 non
2662 4918 2917 4987 judicans
2973 4920 3275 4977 scandunt
3318 4926 3469 4996 ieges

1904 5006 2051 5059 humi
2086 5017 2359 5076 repentes.
2391 5010 2486 5063 sed
2530 5012 2835 5066 secundum
2890 5016 3125 5085 scriptas
3156 5016 3324 5085 digito
3373 5018 3469 5073 Dei

1904 5101 1956 5152 in
1984 5102 2151 5156 corde
2181 5103 2412 5167 carnali,
2444 5112 2498 5156 et
2527 5105 2691 5159 simili
2716 5103 2827 5160 Dee
2852 5108 3135 5161 scribenti.
3183 5106 3339 5162 Tune
3370 5124 3466 5162 au-

1903 5200 2010 5246 tem
2035 5220 2107 5233 -—-
2133 5194 2291 5263 quale
2314 5194 2583 5263 judicium
2612 5194 2853 5265 proferet
2896 5198 3189 5252 multitudo
3225 5201 3470 5269 judicum

1903 5284 2045 5351 apud
2078 5285 2209 5339 nos!
2239 5286 2340 5348 Qui
2371 5300 2494 5337 cum
2531 5286 2835 5351 audissent,
2885 5302 2996 5341 non
3056 5288 3367 5343 didicerunt
3411 5303 3473 5344 se

1898 5375 2121 5444 judiccs
2162 5390 2301 5437 esse,
2360 5385 2413 5428 et
2465 5378 2709 5431 nitentes
2747 5378 2851 5431 sub
2881 5378 3161 5447 iudicibus
3214 5393 3321 5432 non
3351 5394 3475 5434 esse

1903 5468 2159 5536 amplius,
2198 5468 2297 5536 ipsi
2341 5469 2501 5523 aliter
2525 5470 2841 5539 hypocrita,
2870 5472 3089 5539 seipsos
3122 5471 3177 5525 in
3208 5471 3473 5526 condem-

1904 5571 2126 5613 nzztores
2158 5560 2175 5630 (
2236 5561 2279 5611 si
2319 5559 2389 5612 ita
2442 5576 2637 5615 vocare
2690 5561 2815 5617 licet
2848 5561 2867 5631 )
2901 5570 3240 5631 permutant.
3270 5562 3472 5627 Quem-

1905 5652 2035 5703 libet
2063 5652 2431 5707 ccndemnare
2492 5668 2598 5707 non
2650 5664 2931 5717 verentur,
2962 5654 3029 5709 ad
3068 5653 3347 5724 exemplar
3370 5668 3471 5709 eo-

1906 5762 2022 5798 rum
2076 5747 2167 5812 qui
2224 5746 2373 5813 digni
2430 5748 2598 5804 habiti
2649 5761 2776 5805 sunt
2840 5757 2901 5803 ut
2944 5747 3237 5804 duodecim
3295 5746 3470 5804 tribus

1905 5837 2070 5894 lsrael
2098 5836 2361 5907 judicent.
