4212 6434
802 385 909 448 S39

801 594 910 648 Nos
943 604 1124 648 autem
1179 611 1374 650 rursus
1414 599 1684 666 proposita
1720 603 1900 670 regula
1933 606 2273 667 monachica,
2299 607 2366 658 de

801 685 1004 738 tumulo
1057 703 1179 739 esse
1243 690 1568 741 monachum
1623 693 1876 753 dicio-us.
1931 703 1982 746 et
2028 695 2148 748 idco
2199 711 2363 766 supra

804 779 1087 831 mundum.
1126 780 1180 830 Si
1217 789 1398 835 autem
1436 783 1601 838 rebus
1638 787 1925 840 n-uttdauis
1951 790 2173 857 proprie
2229 791 2365 843 assio

803 871 1042 934 milatur,
1081 888 1189 939 quo
1215 875 1375 929 modo
1410 891 1533 929 vere
1573 893 1735 946 supra
1789 879 2049 932 mumlum
2109 880 2367 936 dicetur?

803 961 864 1012 Et
907 978 1010 1028 qua
1052 965 1264 1018 ratione
1300 970 1392 1035 qui
1424 983 1584 1034 supra
1618 971 1881 1023 mundum
1917 982 2020 1033 est.
2076 982 2129 1026 ct
2161 977 2366 1028 mundo

801 1051 979 1105 adhuc
1011 1055 1239 1122 indiget,
1276 1059 1388 1124 ipsc
1430 1059 1665 1114 ludibrio
1697 1077 1802 1115 non
1843 1064 1987 1117 erit?
2021 1065 2150 1120 Tale
2178 1075 2263 1122 est
2297 1069 2362 1122 ad

798 1145 1204 1214 corripiendutn
1223 1150 1307 1201 ubi
1329 1150 1532 1204 mundo
1553 1155 1858 1210 mundanus
1875 1157 2094 1226 indiget,
2111 1161 2268 1228 quasi
2283 1162 2366 1215 sal

799 1237 912 1290 salc
931 1237 1194 1292 infatuato
1217 1242 1484 1312 indigens.
1505 1245 1824 1301 Monachum
1849 1257 2054 1312 autem,
2074 1262 2362 1308 utomnem

805 1328 1102 1388 hominem.
1158 1337 1296 1386 ratio
1329 1350 1598 1404 exornat;
1633 1344 1923 1408 qua-renda
1965 1353 2048 1398 cst
2097 1360 2225 1412 ergo
2267 1347 2362 1400 tibi

805 1424 970 1484 ratio.
1008 1439 1040 1477 ο
1073 1429 1616 1496 magniﬁcentissime
1651 1449 1713 1486 ex
1785 1452 1979 1507 magno
2039 1439 2244 1504 habitu,
2307 1450 2367 1494 ut

802 1530 899 1582 per
941 1532 1058 1570 cam
1098 1519 1199 1575 tias
1243 1525 1508 1578 ornatior.
1558 1526 2028 1592 Quemodmodum
2051 1531 2198 1585 enim
2258 1534 2362 1586 alia

802 1609 1049 1676 qumdam
1087 1614 1209 1668 aliis
1237 1618 1558 1684 corporibus
1606 1628 1659 1673 et
1693 1620 1876 1682 rebus.
1915 1624 1996 1676 sic
2051 1626 2187 1678 ordo
2235 1627 2365 1681 viris

807 1705 975 1767 veris,
1007 1704 1150 1759 inter
1184 1724 1320 1776 quos
1353 1719 1434 1762 cst
1483 1727 1644 1766 verus
1676 1716 2004 1780 monachus,
2039 1717 2171 1770 nihil
2219 1718 2363 1771 aliud

800 1808 882 1848 est
915 1810 1077 1866 atque
1103 1799 1242 1851 ratio
1270 1816 1393 1853 cum
1429 1805 1630 1858 virtute
1656 1808 1854 1868 activa,
1887 1823 1916 1860 c
1957 1823 2060 1876 qua
2093 1809 2185 1876 qui
2218 1811 2364 1864 exci-

799 1888 925 1941 disti
958 1903 986 1940 a
1023 1890 1312 1958 principio,
1340 1895 1432 1962 qui
1458 1895 1670 1951 litteras
1697 1911 1754 1951 et
1777 1900 2045 1954 actionem
2095 1902 2312 1970 ignoras
2340 1943 2356 1964 .

802 1995 921 2032 ama
948 1982 1188 2036 secundo
1217 1987 1336 2037 loco
1370 1986 1619 2042 homines
1645 1989 1739 2042 tibi
1800 1989 2112 2046 dissimiles.
2172 1993 2235 2046 Et
2288 1995 2370 2049 sic

799 2085 920 2128 esto
948 2075 1130 2145 aliquo
1161 2079 1320 2132 modo
1369 2082 1484 2148 ipse
1533 2083 1752 2151 sapiens
1783 2086 2053 2153 (quasdam
2103 2088 2369 2154 sapientia

801 2175 887 2218 est
917 2168 1059 2220 cnim
1092 2171 1367 2238 sapientes
1398 2172 1668 2243 diligere),
1708 2191 1910 2245 e05que
1932 2179 2160 2232 nimium
2192 2190 2246 2233 et
2270 2181 2370 2234 im-

803 2258 1070 2327 pudenter
1091 2277 1158 2316 ne
1175 2275 1518 2330 contemnas,
1550 2283 1647 2336 pro
1665 2270 1902 2324 maxima
1931 2271 2130 2340 injuria
2155 2276 2371 2328 nomine

803 2349 1029 2405 litterati
1061 2363 1306 2423 accepto.
1337 2356 1416 2410 Tu
1455 2373 1583 2412 vero
1621 2360 1664 2415 si
1698 2361 1859 2415 homo
1883 2365 2092 2432 peritus
2150 2380 2257 2420 non
2285 2381 2366 2431 es,

801 2455 978 2510 neque
1009 2444 1143 2500 tales
1174 2463 1345 2508 amas,
1382 2449 1463 2503 sic
1514 2466 1615 2506 nec
1648 2452 1875 2520 gloriam
1903 2469 1967 2508 ex
2017 2457 2233 2510 actibus
2279 2473 2370 2511 ac-

801 2535 995 2601 cepisti
1025 2554 1039 2590 :
1083 2540 1262 2606 c0gita
1285 2555 1522 2609 quonam
1551 2544 1603 2596 in
1631 2544 1750 2599 loco
1781 2545 1924 2601 inter
1949 2547 2200 2604 homines
2221 2549 2369 2604 ordi-

805 2636 965 2680 natus
990 2629 1087 2683 sis.
1115 2629 1231 2683 Non
1275 2633 1520 2701 profecto
1563 2636 1707 2690 inter
1741 2637 2047 2692 laudabiles
2093 2641 2200 2709 (ne
2238 2640 2368 2709 quid

805 2720 1054 2774 acerbius
1101 2720 1275 2778 dicam
1299 2725 1342 2795 ),
1380 2728 1481 2780 hoc
1534 2737 1714 2782 autem
1757 2745 1863 2784 non
1900 2745 2097 2784 novum
2130 2739 2212 2786 est
2248 2747 2369 2784 om-

806 2816 938 2867 nino
976 2815 1251 2870 hominem
1287 2819 1444 2873 nihili
1503 2823 1788 2890 superbire
1843 2832 2066 2894 propter
2127 2840 2366 2880 amorem

806 2908 888 2961 sui
959 2909 1171 2978 ipsius,
1240 2926 1414 2980 quem
1482 2913 1759 2986 plerisque
1826 2916 2110 2971 hominum
2176 2927 2370 2974 natura

805 3003 1025 3058 indidit.

877 3208 996 3261 i33.
1027 3207 1264 3262 Credere
1291 3224 1456 3279 porro
1481 3225 1543 3263 ac
1565 3225 1889 3278 persuasum
1922 3211 2125 3268 habere
2155 3214 2364 3269 nullum
2399 3225 2438 3284 ο

807 3301 972 3354 alium
995 3300 1090 3354 tibi
1111 3303 1499 3370 praestare,sed
1523 3304 1616 3356 tibi
1639 3305 1816 3373 primo
1834 3307 2042 3359 nullum
2063 3310 2368 3362 secundum

806 3409 948 3457 esse,
979 3396 1120 3447 istud
1155 3395 1482 3464 arrogantiae
1521 3395 1608 3448 cui
1645 3397 1870 3450 insania:
1910 3400 2204 3454 attribnam
2227 3401 2249 3454 ?
2274 3401 2372 3454 Vir

802 3487 948 3538 enim
967 3496 1128 3539 nauta
1149 3486 1517 3551 solummodo,
1535 3485 1935 3542 ordinationem
1959 3492 2238 3547 exercitus
2261 3509 2367 3546 non

805 3577 1105 3646 praesonuit,
1123 3586 1176 3630 et
1198 3578 1280 3629 vir
1304 3591 1580 3630 armorum
1601 3580 1854 3633 nauticus
1879 3581 1983 3634 dici
2007 3593 2222 3636 veretur
2242 3585 2367 3652 ;qni

805 3669 952 3736 agris
991 3667 1305 3723 excolendis
1321 3677 1404 3722 est
1435 3669 1712 3726 addictus.
1739 3681 1911 3725 artem
1932 3673 2235 3727 aediﬁcandi
2263 3690 2370 3729 non

804 3762 1005 3831 iactat;
1063 3762 1266 3832 quique
1321 3763 1578 3827 adilicat,
1620 3765 1867 3832 ignarum
1928 3766 2275 3835 agricultura:
2315 3784 2375 3822 se

809 3857 1114 3924 proﬁtetur.
1151 3854 1214 3908 Et
1247 3855 1370 3924 quis
1397 3869 1636 3924 unquam
1670 3869 1729 3910 se
1777 3857 2098 3928 magistrum
2155 3859 2375 3928 jactitat

808 3963 994 4002 earum
1025 3963 1204 4002 rerum
1268 3962 1407 4017 quas
1470 3963 1575 4002 non
1627 3948 1862 4003 didicit?
1896 3950 2016 4004 Non
2052 3950 2223 4016 faber,
2262 3967 2369 4006 non

806 4041 1003 4105 pictor,
1047 4055 1155 4093 non
1211 4039 1569 4102 citharmdus,
1611 4057 1716 4094 non
1752 4043 1930 4111 quivis
1972 4043 2137 4097 alius.
2189 4044 2374 4113 Neque

810 4132 914 4184 hoc
935 4133 1073 4185 satis
1106 4141 1224 4195 est;
1259 4134 1352 4185 sed
1380 4131 1624 4186 artifices
1649 4134 1967 4188 consimiles
1991 4136 2076 4188 sui
2110 4137 2375 4188 mirantur

813 4223 864 4274 hi
887 4224 1155 4280 homines.
1172 4222 1261 4275 ubi
1282 4230 1497 4290 tempus
1516 4233 1618 4287 est,
1642 4223 1768 4277 licet
1789 4239 1892 4278 non
1915 4226 2074 4293 plane
2099 4227 2372 4281 studiosos

815 4315 868 4367 in
904 4315 1113 4383 magnis
1139 4314 1320 4368 ri-bus.
1345 4313 1423 4366 Tu
1453 4324 1656 4376 autem,
1688 4331 1789 4370 nec
1820 4317 2100 4385 Operibus,
2132 4333 2230 4370 nec
2262 4332 2377 4372 ser—

817 4406 1072 4459 monibus
1121 4406 1482 4474 conspicuus,
1537 4406 1794 4461 omnibus
1836 4409 2094 4478 antchni
2152 4410 2273 4472 vis;
2317 4421 2372 4462 tu

813 4514 973 4566 agere
1007 4499 1190 4566 eligis,
1251 4499 1300 4552 id
1343 4513 1472 4552 vero
1513 4513 1619 4550 non
1670 4499 1840 4560 rales.
1898 4514 1962 4553 ex
2001 4501 2103 4551 hoc
2135 4499 2375 4552 totaliter

812 4591 1021 4658 lapsus,
1055 4590 1165 4658 jam
1193 4605 1498 4643 sermonem
1529 4590 1684 4643 nihili
1720 4589 1873 4652 lacis,
1917 4590 2026 4642 imo
2055 4605 2225 4644 euma
2263 4591 2372 4642 vita
2408 4574 2449 4628 Ῑ)

815 4691 932 4744 tua,
971 4684 1115 4734 velut
1139 4690 1383 4736 stercora
1411 4697 1441 4735 e
1462 4681 1624 4735 domo
1651 4682 1934 4749 splendida
1964 4681 2137 4750 ejicis.
2171 4682 2379 4736 Idcirco

817 4787 1012 4826 omnes
1040 4772 1312 4826 litteratos
1361 4773 1653 4841 repellens,
1711 4780 1766 4826 et
1818 4775 1992 4842 ipsam
2024 4773 2375 4843 sapientiam,

820 4874 1079 4934 tanquam
1131 4866 1424 4935 superbam
1483 4876 1538 4917 et
1590 4875 1961 4933 arrogantem,
1992 4877 2376 4931 contemnens,

819 4959 968 5028 ipsos
996 4973 1244 5013 summos
1297 4958 1587 5032 pontiﬁces
1628 4958 1872 5025 repellis.
1908 4955 2003 5010 Vix
2038 4969 2263 5012 tonsura
2297 4961 2380 5012 in-

819 5052 1073 5119 signitus.
1118 5060 1178 5105 ut
1221 5051 1340 5107 ovis
1385 5049 1478 5105 Dei
1510 5052 1750 5105 dexterae
1791 5051 1929 5119 parti
1986 5050 2228 5109 addcta.
2269 5068 2379 5106 non

815 5141 968 5210 juxta
1004 5142 1207 5204 haedos,
1235 5157 1362 5196 mox
1385 5142 1646 5195 cornibus
1672 5142 1723 5194 in
1755 5157 1849 5196 eos
1875 5141 2242 5210 insurgisjam
2275 5157 2378 5196 non

818 5235 998 5285 ovinis
1017 5233 1278 5286 cornibus
1301 5233 1492 5292 uteris.
1517 5232 1610 5285 sed
1641 5232 1798 5301 quasi
1817 5233 2039 5300 elephas
2069 5234 2222 5301 nigra
2245 5232 2382 5300 pelle

822 5321 1012 5374 niteris
1038 5329 1164 5375 ante
1221 5323 1402 5374 omnia
1439 5335 1632 5373 vanam
1679 5322 1962 5374 victoriam
2007 5333 2286 5378 reportare
2315 5322 2381 5375 de

820 5413 1085 5478 superiori
1152 5413 1432 5466 hominum
1468 5415 1682 5474 ordine,
1727 5423 1782 5466 ut
1831 5429 1940 5466 uno
1981 5416 2124 5467 saltu
2173 5414 2382 5482 absque

825 5503 1036 5564 labore,
1067 5505 1281 5558 caeteris
1313 5505 1632 5558 antecedas.
1687 5503 1796 5558 Nec
1851 5521 2034 5560 cessas
2055 5521 2205 5559 arma
2239 5505 2383 5561 ferre

826 5593 877 5646 iu
903 5595 1104 5648 summi
1168 5596 1518 5664 pontiﬁcatus
1577 5597 1967 5662 ministerium,
2023 5598 2233 5652 scilich
2288 5597 2382 5668 qui

827 5683 936 5736 Deo
959 5687 1191 5741 similem
1213 5686 1362 5753 facit,
1392 5690 1485 5759 qui
1509 5702 1696 5744 omnes
1721 5694 1774 5743 in
1797 5693 1903 5744 Deo
1939 5692 2266 5756 sanctiﬁcat,
2290 5692 2383 5762 qui

827 5773 881 5826 in
913 5774 1019 5830 Deo
1045 5787 1148 5843 est,
1190 5779 1282 5850 qui
1312 5783 1493 5834 statim
1550 5792 1673 5851 post
1721 5780 1886 5836 Deum
1919 5783 2191 5838 maximus
2214 5793 2296 5838 est
2329 5785 2383 5838 in

827 5866 1050 5922 mundo.
1074 5866 1188 5924 Non
1212 5872 1357 5926 enim
1383 5873 1602 5943 ignoras
1630 5873 1823 5930 salutis
1844 5884 2047 5930 nostra:
2070 5874 2384 5946 poutilicem

1507 393 1860 454 EUSTATII
1876 395 1932 455 II
1969 397 2070 458 ΤΠ
2084 399 2260 458 ESS.-\
2274 400 2736 467 LONICENSIS
2765 409 3335 473 METROPOLlT/E

876 502 994 556 132.
1032 500 1136 556 Sed
1169 501 1273 557 hoc
1303 505 1494 559 melius
1525 507 1818 561 ostendi-ut
1866 511 2027 565 verba
2055 515 2362 578 sequentia.
2397 522 2440 578 Α

3946 424 4050 483 8ίο

2542 516 2676 588 ρλβ’.
2717 521 2880 576 ’Λλλά
2907 522 3063 576 τοῦτο
3089 525 3234 592 μὲνό
3259 529 3417 594 λόγος
3437 529 3791 594 ὑποκαταϐὰς
3820 535 4054 603 ἐκφανεῖ

2471 611 2808 680 σαφέστερον
2829 630 2842 644 ο
2881 616 3042 686 ἡμεῖς
3065 617 3122 670 δὲ
3153 618 3248 670 τοῦ
3285 621 3585 690 μοναχικοῡ
3616 625 3908 692 γενόμενοι
3945 633 4052 680 πᾶν

2468 702 2553 754 λιν
2593 703 2748 774 ὅρου,
2785 708 2963 774 φαμὲν
3011 709 3106 762 καὶ
3145 711 3225 762 ὅτι
3261 712 3470 779 κόσμου
3519 714 3668 766 ἐστὶν
3709 719 3736 766 6
3773 721 4050 786 μοναχός·

2467 797 2548 849 διὸ
2581 799 2672 850 καὶ
2705 799 3098 868 ὑπερκὸσμιος.
3127 802 3188 854 Εἰ
3214 803 3269 854 δὲ
3297 806 3410 866 τοῖς
3439 806 3534 858 τοῦ
3565 806 3774 876 κόσμου
3808 828 4050 864 συνανα-

2469 888 2770 959 χρώννυται
2810 893 3117 958 ἰδιωτικῶς,
3154 897 3273 959 πῶς
3307 898 3372 952 ἂν
3399 897 3457 950 τὸ
3499 900 3880 969 ὐπιρκὸσμιον
3911 907 4049 958 ἐπα-

2467 984 2722 1050 ληθεύσοι
2759 987 2946 1054 αὑτῴς
2982 989 3104 1052 ηὼς
3139 990 3196 1043 δὲ
3240 991 3268 1042 6
3311 992 3452 1062 ὑπὲρ
3485 992 3577 1044 τὸν
3615 995 3826 1062 κόσμον
3860 999 4049 1065 δεδέη-

2471 1075 2632 1144 μένος
2686 1079 2891 1147 κόσμου
2941 1081 3034 1132 καὶ
3081 1083 3243 1144 αὐτὸς
3288 1085 3389 1137 οὐκ
3443 1085 3506 1138 ἂν
3553 1087 3771 1159 ὀφλήσῃ
3829 1093 4046 1156 γέλω-ις

2469 1168 2697 1237 Ὅμοιον
2722 1174 2828 1240 γάρ
2854 1189 2906 1223 τι
2930 1173 3067 1242 πρὸς
3107 1175 3340 1244 μέμψιν.
3377 1179 3426 1228 εί
3469 1179 3678 1248 κόσμου
3713 1184 4047 1252 προσδέεται

2467 1265 2494 1314 ὁ
2555 1264 2802 1330 κόσμιος,
2853 1265 2928 1328 ώς
2989 1267 3038 1318 εί
3089 1267 3183 1320 καὶ
3229 1268 3288 1320 τὸ
3331 1269 3464 1332 ἆλας
3506 1272 3764 1341 νοστίμου
3822 1277 4046 1338 ἆλατος.

2469 1358 2681 1425 Κοσμεῖ
2707 1357 2765 1410 δὲ
2801 1359 3062 1428 μοναχὸν,
3104 1360 3295 1432 ὥσπερ
3327 1364 3426 1416 καὶ
3456 1367 3636 1418 πάντα
3669 1367 3986 1435 ἄνθρωπον,
4022 1373 4049 1422 6

2467 1449 2646 1518 λόγος.
2695 1451 3108 1505 Μετελευστέον
3152 1473 3236 1508 σοι
3285 1457 3394 1526 ἄρα
3429 1457 3525 1509 τὸν
3576 1459 3758 1526 λόγον,
3795 1455 3840 1513 ὦ
3870 1461 3959 1513 διὰ
3991 1465 4048 1514 τὸ

2473 1545 2897 1616 μεγαλοσχημον
2942 1547 3445 1618 εὐσχημονέστατε,
3507 1553 3592 1604 ἵνα
3646 1552 3714 1604 δι’
3753 1555 3921 1606 αὑτοῦ
3955 1557 4050 1607 ἐπὶ

2469 1639 2633 1692 πλέον
2664 1639 2782 1710 είης
2806 1640 3238 1712 κοσμικώτερος.
3273 1643 3492 1712 Κόσμος
3517 1645 3622 1714 γὰρ
3644 1644 3835 1713 ὥσπερ
3865 1648 4050 1710 ἄλλοις

2467 1731 2578 1784 τῶν
2605 1733 2875 1802 σωμάτων
2906 1735 3002 1788 καὶ
3033 1736 3146 1788 τῶν
3189 1739 3536 1806 πραγμάτων
3565 1739 3702 1792 ἀλλα
3728 1741 3871 1799 τινὰ,
3902 1741 4049 1792 οὕτω

2467 1826 2564 1876 καὶ
2592 1825 2867 1895 ἀνθρώπῳ
2897 1826 2976 1896 τῷ
3006 1828 3235 1897 κυρίως,
3268 1823 3328 1880 οὗ
3375 1830 3543 1900 μέρος
3581 1835 3674 1884 καὶ
3705 1835 3733 1885 6
3768 1832 3893 1885 κατ’
3919 1832 4053 1898 ἀλή-

2473 1915 2638 1971 θειαν.
2653 1919 2911 1988 μοναχδς,
2929 1919 3082 1972 οὐδὲν
3101 1920 3233 1974 ἄλλο
3255 1921 3286 1991 ἢ
3311 1921 3490 1990 λόγος,
3509 1926 3538 1975 6
3560 1923 3699 1992 μετά
3721 1926 4051 1993 ἐμπράκτου

2471 2013 2676 2083 ἀρετῆς
2697 2028 2711 2040 ·
2736 2006 2912 2081 οὗπερ
2937 2013 3224 2067 ὶκπίπτων
3241 2015 3308 2067 σὺ
3335 2017 3431 2084 τὴν
3451 2017 3650 2086 ἀρχὴν,
3667 2019 3696 2068 6
3719 2019 3814 2069 καὶ
3830 2019 4052 2086 ἀγράμ-

2475 2121 2646 2172 ματος
2697 2105 2791 2156 atat
2819 2104 2945 2156 οὐδὲ
2985 2107 3315 2173 πρακτικὸς,
3351 2109 3542 2175 ἀγάπα
3599 2109 3840 2178 δευτέρῳ
3902 2109 4051 2179 λόγῳ

2471 2195 2596 2256 τοὺς
2633 2193 2710 2265 μὴ
2737 2195 2878 2247 κατά
2905 2194 2987 2247 σέ.
3019 2196 3130 2248 Καὶ
3147 2196 3292 2250 οὕτω
3323 2199 3474 2264 γίνου
3503 2200 3704 2267 τρόπον
3731 2201 3855 2251 τινὰ
3881 2202 4052 2266 σοφὸς

2470 2286 2568 2338 καὶ
2590 2286 2754 2348 αὑτός
2775 2287 2963 2355 (σοφία
2989 2287 3096 2357 γάρ
3115 2305 3200 2350 τις
3241 2289 3339 2341 καὶ
3359 2290 3420 2342 τὸ
3443 2291 3622 2356 φιλεῖν
3644 2292 3770 2354 τοὺς
3802 2294 4052 2360 σοφοὺς),

2469 2377 2567 2430 καὶ
2619 2376 2696 2448 μὴ
2750 2375 3022 2440 ὲξουθένει
3069 2379 3268 2452 ἀνέδην
3312 2383 3406 2434 καὶ
3445 2382 3960 2450 ἀπαρακαλύπτως.
3995 2387 4055 2436 ἐν

2471 2465 2629 2538 ὕϐρει
2653 2453 2890 2542 μεγίστῃ
2916 2469 3090 2534 τιθεὶς
3115 2472 3176 2524 τδ
3210 2491 3228 2524 ι
3265 2474 3647 2541 γραμματικέ.
3682 2492 3700 2524 ι
3735 2474 3796 2527 El
3819 2474 3875 2527 δὲ
3909 2476 4052 2544 μήτε

2475 2566 2538 2617 σὺ
2573 2564 2843 2632 ἐρμαῖκὸς
2877 2565 3165 2635 ἄνθρωπος
3197 2561 3268 2628 εἴ,
3296 2568 3432 2636 μήτε
3461 2569 3680 2638 ἀγαπᾷς
3713 2570 3842 2627 τοὺς
3868 2572 4052 2622 toto-3o

2469 2674 2617 2719 τους.
2641 2658 2733 2710 καὶ
2757 2658 2879 2711 οὐδὲ
2905 2658 2964 2710 τὸ
2995 2660 3058 2711 ὲκ
3077 2659 3186 2712 τῶν
3211 2658 3461 2728 πράξεων
3481 2659 3628 2729 ἔχεις
3647 2662 4016 2730 ὲπικόσμημα
4033 2677 4050 2690 ⁸

2471 2750 2536 2803 σὺ
2568 2751 2730 2814 αὐτος
2762 2751 3000 2818 λόγισαι,
3031 2752 3194 2814 ποίας
3229 2753 3436 2816 τάξεως
3469 2755 3527 2805 ὲν
3554 2754 3867 2821 ἀνθρώποις
3901 2752 4053 2806 εἶναι

2471 2844 2798 2912 τετύχηκας.
2845 2845 2966 2896 Ὅτι
3005 2843 3208 2916 δηλαδὴ
3241 2845 3301 2899 οὐ
3349 2845 3448 2915 τὴς
3496 2849 3904 2916 ἐπαινουμένης
3938 2850 4052 2914 (ἕνα

2476 2939 2550 3007 μή
2592 2955 2645 2989 τι
2691 2939 3029 3008 τραχύτερον
3065 2938 3252 3006 εἴπω),
3291 2939 3430 2991 ἀλλὰ
3473 2939 3633 2994 τοῦτο
3673 2941 3774 3008 μὲν
3811 2941 3873 2993 οὐ
3926 2939 4052 2993 λίαν

2472 3031 2613 3083 πάνυ
2638 3030 2847 3091 καινὸν,
2871 3032 2918 3080 εἰ
2947 3030 3114 3097 μηδὲν
3142 3029 3218 3082 ὣν
3239 3031 3543 3101 ἀλαζονεύῃ
3566 3033 3653 3084 διὰ
3674 3032 3734 3084 τὺ
3759 3032 4050 3100 φίλαυτον,

2467 3119 2496 3170 6
2524 3122 2634 3180 τοῖς
2667 3119 2877 3171 πλείοσι
2904 3119 3019 3171 τῶν
3049 3119 3358 3189 ἀνθρώπιον
3389 3123 3782 3190 παραπέᾳυκε.

2549 3207 2683 3277 ρλγ’.
2720 3209 2794 3261 Τὸ
2826 3209 2882 3261 δὲ
2925 3211 3017 3260 καὶ
3051 3210 3124 3278 μὴ
3161 3211 3430 3274 νομίζειν,
3466 3211 3601 3262 ἀλλὰ
3632 3211 3842 3282 κρίνειν
3873 3211 3955 3274 ὥς
3997 3213 4053 3264 ἰν

2474 3302 2840 3371 πληροφορίᾳ,
2889 3302 2970 3352 ὅτι
2999 3301 3171 3362 οὐδεὶς
3209 3303 3392 3372 ἕτερος
3426 3303 3566 3372 ὑπὲρ
3607 3303 3685 3366 σὲ,
3722 3303 3861 3355 ἀλλὰ
3914 3321 4056 3371 συμ-

2476 3393 2777 3462 πρωτεύων
2819 3393 2940 3445 οὐδὲ
2987 3395 3077 3445 τὸν
3117 3396 3510 3462 δευτερεύοντα
3557 3397 3725 3463 ἔχεις,
3774 3396 3836 3447 τὸ
3867 3399 4054 3464 παρᾶ-

2477 3487 2626 3549 δοξον
2660 3488 2759 3538 ποῦ
2797 3503 2927 3536 ποτε
2970 3487 3276 3554 παρανοίας
3316 3486 3588 3554 θήσομαις
3629 3487 3687 3537 Ὀ
3727 3489 4051 3553 καταμόνας

2476 3578 2731 3639 ναυτικὸς
2791 3578 3119 3646 ἀπαρνεῖται
3171 3577 3236 3628 τὰ
3281 3577 3602 3630 τακτικά-ὀ
3632 3577 3758 3644 περὶ
3807 3577 3875 3627 τά
3912 3577 4055 3629 ὅπλα

2476 3669 2626 3720 ὀκνεῖ
2657 3667 3062 3738 θαλαττουργὸς
3091 3669 3478 3734 ἐπιλέγεσθαι·
3503 3671 3530 3720 6
3558 3669 4055 3737 παραϐεϐλημένος

2475 3761 2638 3830 τέχνῃ
2679 3763 2956 3829 γεωργικῇ
2997 3761 3092 3830 οὐχ
3126 3761 3474 3829 ὑπισχνεῖταν
3501 3761 3600 3828 τὴν
3635 3763 3993 3830 τεκτονικὴν·
4031 3765 4059 3813 6

2476 3851 2683 3903 τέκτων
2714 3851 2899 3919 ἀφυῶς
2935 3851 3080 3919 ἔχειν
3111 3850 3205 3903 τοῦ
3237 3854 3510 3920 γεωργεῖν
3549 3853 3826 3920 ὁμολογεῖ.
3874 3854 3976 3915 Τίς
4011 3853 4058 3905 δ’

2476 3943 2541 3996 ἂν
2569 3945 2798 4004 ἕκαστος
2827 3944 2937 3994 τῶν
2971 3943 3150 3996 ἀλλων
3199 3945 3522 4012 ἐπιστήμων
3549 3945 3855 4013 ὑπόσχηται
3883 3942 4056 4008 εἶναι,

2477 4029 2552 4088 ὦν
2579 4036 2680 4086 οὐκ
2700 4029 2843 4085 οἶδεν
2864 4051 2878 4097 ;
2906 4033 2980 4084 Οὐ
3015 4033 3273 4102 χαλκεὺς,
3300 4032 3360 4084 οὑ
3381 4031 3695 4101 ζωγράφος,
3715 4033 3776 4084 οὐ
3799 4033 4055 4101 λυρικδς,

2477 4126 2575 4178 οὐκ
2621 4124 2779 4186 ἄλλος
2830 4123 3027 4184 οὐδείς.
3065 4122 3174 4175 Καὶ
3221 4123 3320 4176 οὐκ
3370 4124 3504 4176 αὐτὸ
3542 4125 3737 4194 μόνον·
3770 4124 3914 4176 ἀλλὰ
3962 4126 4058 4176 καὶ

2475 4218 2600 4278 τοὺς
2631 4217 2759 4286 περὶ
2783 4216 2852 4267 τὰ
2885 4215 3068 4282 σφίσιν
3099 4216 3259 4283 ὃμοια
3284 4215 3534 4284 τεχνίτας
3564 4217 3613 4268 οἱ
3647 4215 3882 4269 τοιοῦτοι
3921 4217 4059 4270 θαυο

2481 4309 2768 4377 μάζουσιν,
2825 4309 2876 4360 εί
2911 4325 3015 4359 που
3052 4307 3266 4376 καιρὸς,
3327 4308 3424 4360 καὶ
3455 4307 3631 4360 ταῦτα
3668 4310 3801 4378 μηδὲ
3840 4311 3898 4371 ὲς
3934 4309 4059 4362 λίαν

2481 4401 2807 4464 σπουδαίους
2845 4401 3005 4463 ὄντας
3051 4401 3145 4452 ἐπὶ
3181 4402 3443 4468 μεγάλοις
3474 4401 3596 4455 καθ’
3638 4403 3945 4473 ὑπεροχήν.
3982 4405 4055 4456 Σὺ

2479 4494 2534 4546 δὲ
2563 4493 2687 4546 οὕτε
2736 4495 2942 4563 ἔργοις,
2979 4492 3102 4545 οὔτε
3144 4493 3323 4557 λόγοις
3360 4494 3576 4562 ἀξίωμα
3608 4493 3880 4556 πλουτῶν,
3915 4495 4057 4546 ἀπο⁴

2479 4587 2683 4656 τολμᾷς
2730 4584 3124 4654 ὑπεραίρεσθαι
3164 4585 3386 4636 πάντων
3406 4601 3422 4616 ο
3450 4587 3542 4636 καὶ
3571 4585 3670 4654 τὴν
3700 4585 3903 4653 πρᾶξιν
3939 4588 4061 4639 ἐπι·

2479 4679 2792 4747 λεγόμενος,
2828 4679 2923 4729 καὶ
2969 4677 3089 4730 οὐδὲ
3147 4679 3316 4745 αὐτῆς
3368 4677 3662 4745 εὐστοχῶν,
3720 4677 3836 4729 ἀλλ’
3880 4679 3964 4741 εἰς
3995 4679 4058 4730 τδ

2480 4771 2750 4839 παράπαν
2806 4769 3144 4821 διεκπίπτων
3191 4767 3385 4835 αὐτῆς,
3443 4767 3504 4818 οὐ
3555 4768 3717 4836 μόνον
3768 4768 3828 4820 ἓν
3874 4768 4058 4820 οὐδενὶ

2479 4863 2599 4915 οὐδὲ
2632 4861 2722 4914 τὸν
2755 4862 2911 4926 λόγον
2946 4861 3120 4930 τίθης,
3154 4859 3291 4912 ἀλλά
3323 4859 3417 4912 καὶ
3448 4859 3730 4920 ἐκϐάλλεις
3759 4859 3928 4912 αὐτὸν
3962 4860 4061 4911 τοῦ

2481 4955 2621 5006 κατά
2652 4956 2710 5007 σὲ
2745 4953 2881 5023 βίου,
2912 4952 3011 5004 ὅσα
3043 4952 3134 5004 καὶ
3166 4950 3434 5017 συρφετὸν
3465 4950 3617 5002 οἴκου
3648 4949 3930 5020 λαμπροῦ.
3967 4955 4061 5006 Διὸ

2483 5047 2578 5098 καὶ
2614 5045 2822 5107 πάντας
2853 5041 3257 5113 ἐκτρεπόμενος
3296 5041 3422 5102 τοὺς
3456 5040 3564 5093 ἔσω
3602 5041 3784 5106 λόγου,
3826 5042 3928 5094 καὶ
3960 5046 4062 5112 τὴν

2482 5140 2774 5206 λογιότητα
2805 5134 3229 5206 παρωθούμενος
3261 5135 3350 5188 διὰ
3393 5133 3564 5202 τῦφον
3597 5136 3692 5186 καὶ
3725 5134 4058 5197 ἀλαζονείαν

2484 5227 2952 5298 ὑπερϐάλλουσαν.
2989 5226 3374 5293 ἀποπροσποιῇ
3432 5226 3524 5277 καὶ
3571 5224 3694 5286 τοὺς
3733 5225 4056 5292 ἀρχιερεῖς·

2487 5321 2602 5389 ἅμα
2657 5320 3006 5388 κειράμενος,
3039 5312 3126 5370 οἷα
3160 5317 3296 5369 Θεοῦ
3330 5315 3602 5386 πρόϐατον
3654 5317 3806 5386 δεξιᾷ
3858 5318 4062 5385 ιπικη-

2487 5412 2684 5482 ρυχθὲν
2743 5410 2953 5473 στάσει,
3007 5411 3068 5462 οὐ
3125 5411 3230 5477 μὴν
3287 5411 3354 5477 τῇ
3413 5409 3554 5461 κατα
3589 5408 3803 5476 ἔριφον,
3852 5411 4062 5462 αὐτίκα

2485 5505 2910 5574 κερασφορήσας
2936 5503 3022 5556 ἐπ’
3052 5505 3257 5566 αὐτοῖς,
3281 5505 3374 5555 καὶ
3398 5502 3673 5572 κυρίττων
3694 5503 3878 5554 οὐκέτι
3911 5507 4062 5557 κατᾶ

2490 5598 2782 5666 πρόϐατον,
2820 5596 2955 5648 ἀλλὰ
2995 5595 3404 5668 κελαινορῤίνου
3425 5595 3582 5665 δίκην
3614 5596 3932 5663 ἐλέφαντος,
3968 5598 4059 5649 καὶ

2488 5691 2545 5740 ὲν
2593 5687 2828 5758 πρώτοις
2867 5687 3210 5756 φιλονεικῶν,
3261 5688 3398 5740 κατὰ
3435 5689 3526 5742 τοῦ
3571 5687 3815 5754 μείζονος
3859 5689 3919 5736 ἑν
3967 5691 4061 5741 αν-

2490 5781 2729 5851 θρώποις
2774 5780 2987 5849 βαθμοῦ
3013 5781 3172 5851 νίκην
3200 5781 3410 5851 φαύλην
3445 5779 3760 5850 στήσεσθαι,
3793 5780 3880 5830 ἵνα
3937 5779 4061 5831 καθ’

2493 5873 2551 5928 ἓν
2602 5873 2750 5943 ᾰλμα
2800 5875 2912 5937 τοῖς
2949 5872 3128 5937 ἄλλοις
3184 5874 3613 5946 προσεπιϐαίνῃς
3666 5872 3928 5944 ἀμογητί.
3981 5872 4060 5925 Uti
