4212 6434
155 402 245 466 Sail

157 518 303 586 παύῃ
335 512 432 570 οὖν
457 516 878 586 ἐξοπλιζόμενος
912 518 990 580 είς
1025 516 1441 586 ἀρχιερωσύνης
1468 510 1736 579 πόλεμον,

154 607 251 668 τῆς
278 606 647 675 θεομιμήτου.
686 606 787 671 τῆς
825 604 1046 657 πάντων
1092 603 1425 669 ἁγιαστικῆς
1481 603 1540 653 ἐν
1590 596 1733 661 Θεῷ,

152 701 251 765 τῆς
284 697 501 759 ὲνθὲου,
551 697 651 765 τῆς
682 695 842 758 εὐθὺς
879 698 1017 766 μετά
1047 696 1181 747 Θεὸν
1234 694 1292 747 ἓν
1324 710 1385 758 γε
1443 695 1554 755 τοῖς
1591 691 1734 742 κατὰ

153 788 382 857 κόσμον.
429 788 508 841 Οὐ
538 786 809 857 δήπουθεν
862 790 972 855 γὰρ
1023 787 1258 851 ἀγνοεῖς,
1318 784 1395 835 ὅτι
1436 780 1730 850 ἀρχιερεὺς

1118 402 1217 463 DE
1253 395 1720 461 EMEND.\NDA
1762 394 1936 454 VITA
1981 394 2449 457 MONACIIICA.

3300 412 3404 469 Ri!

1842 507 1936 561 llci
1985 508 2226 561 nomine.
2264 524 2371 560 non
2414 508 2703 573 confundi,
2751 512 2842 579 qui
2884 512 2948 566 de
2981 512 3320 584 episcopatu,
3350 532 3407 571 ιιι

1846 602 1918 650 ita
1961 600 2165 661 dicam.
2218 601 2424 655 electos
2470 618 2599 657 suos
2629 603 2921 666 observat;
2972 608 3195 662 minime
3227 619 3406 663 autem

1847 692 2222 745 venerandum
2266 707 2478 757 senem,
2518 709 2619 749 nec
2658 697 2822 750 etiam
2848 697 3281 770 qualemcunque
3298 717 3410 753 mo-

1845 781 2104 834 uachutn.

154 883 254 949 μὲν
290 882 396 949 τῆς
432 882 594 951 ἡμῶν
636 884 914 952 σωτηρίας
954 886 980 934 ὁ
1030 883 1163 945 Θεὸς
1201 880 1344 944 ἁξιοῖ
1390 876 1671 944 λέγεσθαι.
1707 875 1735 923 ὁ
1776 877 1869 926 καὶ
1906 878 2185 949 ἐπισκοπῇ
2241 882 2529 949 γραφικῶς
2589 880 3059 952 ἐπισκεπτόμενος
3111 887 3232 949 τούς
3262 887 3410 952 αὐτῷ

150 974 438 1044 αἱρετούς·
468 974 767 1047 καλόγερος
793 978 849 1028 δὲ
873 974 1093 1039 οὔκουν,
1126 975 1185 1027 ού
1216 973 1322 1044 μὴν
1371 970 1492 1023 οὐδὲ
1522 964 1755 1037 μοναχδς
1795 965 2102 1024 ὁποιοσοῦν.

226 1115 356 1184 ρλϐ’.
406 1115 743 1184 Ἀνάϐλεψον
780 1118 860 1178 εἰς
912 1117 1011 1185 τὴν
1066 1114 1502 1185 ἀρχιερωσύνην,
1550 1112 1601 1163 et
1625 1127 1725 1161 που

151 1210 246 1260 καὶ
279 1208 508 1261 δύνασαι
530 1224 545 1238 ⁸
580 1210 613 1277 ἢ
650 1208 745 1260 καὶ
777 1208 1144 1269 κατασταθεὶς
1172 1209 1265 1260 ἐπί
1302 1223 1445 1267 τινος
1479 1203 1729 1270 φυλακῆς

152 1302 484 1369 περιόπτου,
511 1302 948 1359 ἀποσκόπευσον,
987 1302 1080 1352 καὶ
1120 1297 1405 1365 κατάμαθε
1427 1299 1518 1347 τὸν
1543 1295 1732 1363 ἀρχιε-

154 1395 274 1458 ρέα,
301 1394 329 1444 ὅ
362 1391 413 1443 τί
446 1394 578 1445 ποτέ
638 1394 807 1445 ἰστιν.
854 1393 940 1457 Ἐξ
979 1392 1283 1461 ἀρχιερέως
1322 1390 1417 1441 καὶ
1459 1389 1523 1440 σὺ
1560 1385 1728 1455 ἔχεις,

152 1484 300 1551 ὅπερ
336 1481 404 1534 ἂν
430 1483 522 1533 καὶ
552 1483 706 1552 ἔχῃς.
755 1484 999 1535 Ἰο’κεῖθέν
1032 1500 1115 1533 σοι
1146 1482 1240 1532 καὶ
1265 1484 1323 1532 τὸ
1359 1480 1519 1547 ίερῶς
1548 1476 1731 1529 διακο-

150 1577 263 1627 νεῖν
295 1578 354 1626 ἐν
384 1576 464 1643 τῷ
494 1575 835 1643 λειτουργεῖν
872 1574 948 1643 τῷ
979 1573 1119 1642 Θεῷ.
1178 1574 1491 1638 Ἐξαίρετος
1518 1572 1550 1639 ἡ
1589 1569 1730 1622 ὲκεί-

150 1684 242 1716 νου
287 1666 546 1733 ἐνέργεια
583 1668 735 1735 παρὰ
771 1666 871 1735 τὴν
902 1668 958 1718 ὲν
989 1666 1091 1721 σοί.
1130 1667 1285 1733 Ἔχει
1328 1665 1536 1724 ἐκεῖνος
1562 1662 1730 1727 ἀνάγ-

148 1776 251 1819 κην
283 1758 579 1826 φυλάττειν
612 1760 707 1811 καὶ
738 1758 804 1811 τά
842 1758 933 1811 ἐπὶ
968 1763 1049 1810 σοὶ
1080 1743 1517 1825 ὲκπεφωνημένα
1564 1754 1725 1806 καλά.

1908 1112 2030 1164 154.
2076 1112 2307 1182 Suspice
2335 1128 2469 1184 ergo
2499 1114 2553 1168 in
2586 1116 2987 1184 pontiﬁcatum,
3022 1118 3068 1172 si
3116 1128 3291 1188 potes,
3324 1122 3408 1174 vel

1835 1214 1987 1257 stans
2026 1204 2079 1256 in
2106 1206 2288 1271 aliquo
2311 1209 2433 1260 loco
2461 1209 2700 1270 excelso,
2722 1209 3007 1262 considera
3036 1219 3089 1262 et
3108 1212 3255 1265 disce
3275 1214 3404 1280 quid

1834 1296 1901 1346 sit
1923 1294 2189 1361 pontifex.
2222 1298 2257 1346 Α
2280 1299 2538 1365 pontilice
2558 1300 2817 1365 accepisti
2839 1315 3196 1368 qmeeumque
3217 1302 3408 1356 habes.

1835 1387 2157 1440 Eximletibi
2199 1390 2323 1441 licet
2349 1389 2403 1441 in
2442 1395 2599 1442 sacra
2644 1390 2863 1457 liturgia
2912 1390 3019 1443 Deo
3072 1392 3404 1446 ministrare.

1838 1477 2065 1547 Egregia
2092 1490 2338 1548 potestas
2357 1479 2507 1533 illius
2531 1497 2639 1548 prae
2676 1490 2788 1534 tua.
2818 1480 3211 1536 Necessitatem
3245 1484 3410 1537 habes

1838 1570 1982 1625 bona
2006 1572 2101 1624 tibi
2128 1572 2252 1625 data
2281 1573 2327 1626 ei
2362 1586 2586 1625 servare
2614 1588 2772 1640 :qute
2792 1572 2936 1626 enim
2958 1574 3268 1641 evangelica
3294 1575 3409 1627 vir-

1841 1675 1953 1718 lttle
1996 1663 2274 1726 dicuntur,
2307 1664 2565 1719 omnibus
2598 1663 2877 1726 dicuntur.
2913 1674 2969 1718 ut
3004 1667 3267 1735 scriptum
3302 1675 3409 1720 est.

1843 1754 2008 1808 Multa
2036 1756 2198 1809 etiam
2219 1756 2403 1819 habet,
2422 1757 2621 1825 quibus
2641 1765 2696 1809 tu
2718 1772 2847 1824 eges
2866 1759 2959 1825 qui
2984 1768 3304 1812 tonsuratus
3325 1775 3405 1813 es.

150 1819 443 1919 "Om-75:9
493 1849 869 1916 εύαγγελικῶς
906 1850 1177 1912 λαλεῖται,
1231 1819 1405 1901 artaci.
1464 1847 1723 1910 λαλεῖται,

1835 1852 1926 1903 llle
1943 1850 2095 1918 ungit
2120 1848 2499 1917 spiritualiter,
2523 1847 2633 1903 Deo
2652 1856 2964 1915 consecrat,
2985 1864 3160 1916 prch
3180 1859 3263 1905 est
3283 1865 3413 1919 apo.

147 1940 221 2002 ὡς
254 1943 594 2008 γέγραπται.
631 1942 785 2011 Ἔχει
805 1941 863 1995 δὲ
896 1942 988 1995 καὶ
1034 1940 1226 2007 πολλὰ,
1260 1934 1337 1995 ὧν
1360 1940 1424 1993 σὺ
1446 1939 1730 1993 ἀποκεκὼ-

147 2031 309 2083 λυσαι
350 2031 707 2101 κειράμενος.
740 2034 903 2102 Χρίει
931 2034 1143 2095 ἐκεῖνος
1189 2032 1576 2101 πνευματικῶς
1599 2047 1613 2061 ·
1646 2048 1731 2083 τε·

148 2123 287 2174 λειοί
316 2123 640 2191 θεοπρεπῶς
668 2140 681 2153 ·
746 2125 1104 2195 περιοδευτής
1158 2126 1276 2178 ἐστι
1325 2123 1686 2187 ἀποστολικός
1715 2140 1727 2154 ⁵

148 2214 500 2267 πολιτεύεται
526 2214 1021 2283 ἀπαρακαλύπτως
1042 2217 1324 2269 πολιτείαν
1355 2216 1725 2287 παντοδαπὴν,

146 2306 297 2375 ὀρθῷ
329 2308 517 2359 κανόνι
554 2307 1000 2376 ἀπευθυνόμενος
1024 2326 1038 2341 ⁸
1088 2310 1361 2376 περίεισιν
1391 2307 1730 2380 ἐξευρίσκων

146 2401 278 2459 τοὺς
311 2399 840 2469 διδαχθησομένους,
894 2400 991 2452 καὶ
1034 2401 1187 2452 ποιεί·
1226 2400 1356 2452 αὐτὸ
1382 2401 1734 2470 ἡναγκασμὲο

144 2508 281 2551 νως.
314 2491 387 2543 Σὺ
417 2490 475 2542 δὲ
500 2492 686 2560 μένειν
708 2491 887 2554 ἄλλως
914 2491 1172 2560 ἐτάχθης,
1202 2494 1294 2544 καὶ
1328 2494 1629 2562 στηρίζειν,
1658 2494 1733 2556 ὡς

148 2580 247 2631 ἐπὶ
273 2579 417 2641 ἑνός.
452 2577 708 2641 Δικάζειν
739 2580 952 2642 ὶκείνος
981 2580 1233 2647 ὥρισται,
1258 2581 1353 2632 καί
1383 2598 1485 2633 που
1512 2582 1578 2634 δι’
1601 2585 1735 2636 αὐτὸ

148 2671 252 2725 καὶ
296 2670 581 2740 τυρϐάζει,
640 2670 951 2723 ἐπιστατῶν
1008 2675 1430 2739 πραγματικαίς
1480 2675 1732 2745 ὀχλήσεσι

148 2763 251 2813 καὶ
277 2759 564 2828 ὲριθείαις.
590 2760 656 2813 Τί
689 2760 746 2812 δὲ
780 2761 856 2827 μὴ
889 2759 983 2811 καὶ
1039 2760 1104 2811 σὺ
1141 2760 1556 2831 θρασυνάμενος
1587 2766 1731 2835 ἐρεῖς

148 2850 364 2913 ἐξεῖναί
398 2865 483 2901 σοι
515 2849 680 2911 αὑτός
722 2846 993 2900 Ἐκδικιίν
1028 2849 1734 2923 τέτακται,ιπαρῥητιάζε-

148 2954 271 3003 ται,
297 2939 526 3007 ἄσχολός
550 2938 662 2990 ἐστι
691 2938 834 2991 κατά
877 2952 932 2990 τι
963 2937 1222 3007 ἐργῶδες,
1264 2940 1322 2991 ὲν
1365 2942 1543 3009 καιρῷ
1585 2944 1731 3013 διορ-

150 3027 449 3096 θούμενος,
483 3027 537 3079 εἴ
563 3027 615 3080 τί
646 3045 749 3080 που
796 3026 891 3080 καὶ
932 3029 1053 3079 κατ’
1106 3029 1317 3096 ἀγοράν
1376 3032 1733 3099 στρεϐλοῦται

1833 1943 2084 2004 stolicus,
2125 1941 2481 2009 multiplicem
2521 1939 3110 2009 gubernationemjure
3139 1946 3411 1995 canonico

1834 2038 2140 2089 instructus
2168 2035 2280 2103 agit
2312 2044 2527 2101 aperte;
2578 2033 2778 2086 circuit
2834 2048 3087 2102 quaerens
3128 2048 3264 2105 quos
3311 2033 3412 2086 do-

1831 2136 1977 2191 ceat,
2002 2126 2162 2195 idque
2199 2125 2460 2194 perlicere
2502 2125 2738 2192 cogitur.
2768 2122 2848 2178 Tu
2890 2136 3070 2179 autem
3100 2126 3258 2178 aliter
3300 2138 3413 2177 ma.

1831 2235 1984 2281 nere,
2021 2228 2073 2272 et
2111 2219 2260 2273 velut
2315 2218 2409 2270 uni
2456 2217 2682 2286 negotio
2736 2217 3054 2270 incumbere
3104 2216 3297 2283 jussus
3328 2231 3388 2269 cs

1834 2313 1935 2367 llic
1959 2311 2027 2365 ad
2060 2310 2423 2381 indicandum
2472 2309 2760 2364 ordinatus
2803 2315 2908 2372 est,
2960 2316 3015 2362 ct
3064 2307 3185 2361 ideo
3243 2307 3413 2361 multa

1835 2413 2092 2467 sustinet,
2125 2404 2255 2456 dum
2292 2411 2488 2471 praeest
2523 2402 2784 2455 ttunultui
2815 2416 2996 2454 rerum
3031 2409 3084 2454 et
3120 2400 3412 2452 machina—

1837 2496 2103 2551 tionibus.
2145 2494 2226 2548 Ttt
2272 2502 2454 2548 autem
2491 2493 2624 2563 quid
2672 2494 2767 2546 tibi
2809 2496 3135 2562 permissum
3169 2506 3276 2543 non
3308 2505 3414 2557 po-

1837 2600 1919 2643 tes
1974 2587 2304 2641 liducialiler
2366 2586 2597 2640 dicere?
2632 2585 2731 2638 llic
2762 2585 2828 2637 ad
2880 2587 2970 2651 jus
3024 2582 3410 2636 vindicandum

1836 2684 2046 2752 positus
2075 2689 2177 2743 est,
2240 2679 2466 2741 clamat,
2517 2677 2723 2731 nullam
2762 2676 2924 2730 habet
2976 2674 3216 2742 requiem
3269 2673 3415 2725 velut

1835 2760 2152 2841 operarius;
2188 2772 2240 2824 in
2270 2772 2376 2824 ictu
2408 2759 2802 2837 oculierigitur
2831 2769 2874 2822 si
2904 2768 3029 2835 quid
3048 2767 3229 2834 aliquo
3252 2767 3412 2819 modo

1836 2865 1888 2917 in
1923 2864 2039 2916 l'oro
2064 2862 2317 2916 homines
2353 2861 2649 2914 ateculares
2683 2867 3022 2926 pervertunt.
3058 2857 3183 2913 Uno
3222 2858 3409 2917 verbo.

1836 2970 2011 3008 vanus
2060 2954 2353 3023 episcOpus
2417 2951 2511 3019 qui
2582 2953 2824 3018 seipsum
2887 2949 3139 3011 recludit,
3181 2946 3410 3001 seorsini

1839 3045 2096 3116 quiescit,
2121 3053 2175 3097 et
2205 3042 2338 3097 nihil
2379 3040 2446 3095 de
2481 3041 2876 3094 communitate
2902 3047 3077 3093 curat.
3115 3038 3235 3092 Mox
3260 3038 3406 3092 enim

146 3121 271 3183 τοῖς
304 3123 366 3172 ἐν
397 3119 475 3186 τῷ
505 3120 625 3189 βίῳ.
658 3119 734 3171 Τὸ
763 3121 873 3171 πᾶν
905 3120 1102 3183 εἰπεῖν,
1148 3120 1353 3186 φαῦλος
1389 3121 1694 3189 ἐπίσκοπος
1715 3166 1729 3191 ,

1838 3140 1905 3191 ab
1934 3136 2189 3191 omnibus
2220 3135 2415 3187 audis:
2453 3132 2533 3187 Ad
2560 3131 2691 3202 quid
2717 3147 2845 3202 ergo
2880 3138 3097 3185 exercet
3133 3129 3414 3199 pontiﬁca-

144 3211 211 3275 ὃς
238 3212 532 3279 ἐγκλείσας
553 3211 772 3276 ἑαυτὸν,
812 3214 908 3265 καὶ
942 3210 1086 3265 οὕτω
1115 3212 1356 3281 μονάσας
1400 3218 1732 3289 καθεδεῖται,

1847 3238 1960 3280 tum
1993 3236 2048 3279 et
2079 3240 2183 3279 non
2219 3222 2581 3278 absconditur
2607 3223 2755 3276 velut
2790 3220 3079 3275 monachi?

149 3308 392 3379 μηδενὸς
439 3308 551 3360 τῶν
579 3309 640 3360 έν
668 3307 746 3377 τῷ
776 3307 945 3376 κοινῷ
996 3309 1486 3379 ἐπιστρεφόμενος.
1527 3316 1730 3375 Δύτίκα
1773 3323 1882 3394 γάρ
1907 3322 2095 3377 ἀκούει
2117 3321 2253 3392 πρὸς
2280 3319 2501 3372 πάντων
2525 3319 2588 3371 τό
2609 3333 2625 3349 ο
2661 3336 2679 3369 ι
2716 3316 2825 3370 Καὶ
2854 3317 2905 3369 τί
2967 3317 3166 3386 δήποτε
3229 3316 3414 3385 ἀρχιε-

152 3399 406 3469 ρατεύιι,
430 3402 527 3451 καὶ
557 3398 657 3451 οὐκ
677 3400 1004 3467 έγγωνιάζει
1030 3402 1361 3471 μοναχικῶςς
1396 3422 1413 3454 ι

229 3550 363 3618 ρλεθ.
394 3548 589 3599 Κετται
612 3547 669 3599 δὲ
698 3547 805 3618 ἀρα
834 3546 1071 3601 ἐνταῦθα
1098 3550 1398 3620 παρόράμά
1425 3572 1475 3607 τι
1512 3572 1731 3628 μοναχι-

148 3642 272 3694 κόν.
310 3641 408 3700 Εἰς
435 3638 613 3690 ταῦτα
637 3637 769 3707 γὰρ,
806 3632 983 3706 οἶμαι,
1009 3638 1413 3703 ἀποϐλέποντες
1458 3646 1507 3698 οί
1534 3645 1603 3699 τὰ
1633 3651 1730 3717 ἀρ-

145 3730 452 3802 χιερατικὰ
481 3727 973 3798 παραθεωροῦντες
1005 3732 1254 3800 μοναχοὶ,
1289 3736 1382 3787 καὶ
1404 3736 1730 3804 ἀναλύοντες

143 3826 294 3878 αὐτά
317 3822 393 3884 ὡς
420 3822 501 3883 είς
535 3820 694 3884 δόξαν
730 3821 826 3872 καὶ
855 3822 1203 3891 φανητισμὸν
1230 3825 1322 3876 καὶ
1346 3825 1463 3894 βίου
1490 3828 1736 3902 λαμπρό-

146 3930 321 3981 τητα.
360 3908 852 3980 πραγματεύονται
894 3911 1078 3963 καὶτὸ
1134 3913 1549 3987 ἀρχιεράτευμα
1599 3939 1738 3990 κρα-

142 4004 353 4065 ταιῶς,
384 4002 460 4064 ὼς
496 4002 563 4055 ἃν
613 4000 689 4069 τῷ
722 4000 910 4069 τρόπῳ
963 4001 1140 4071 τούτῳ
1187 4005 1283 4073 τῆς
1341 4008 1481 4059 κατὰ
1518 4010 1734 4078 πνεῦμα

142 4096 320 4161 dum,
349 4092 415 4161 ἢν
470 4090 521 4142 οί
570 4090 882 4152 Μωσαῖκῶς
926 4090 1157 4146 θεόπται
1224 4094 1459 4161 φιλοῦσι,
1512 4101 1608 4152 καὶ
1638 4100 1733 4153 τοῦ

145 4185 280 4239 κατ’
332 4181 507 4252 αὐτὴν
566 4182 778 4251 φωλεοῦ
826 4182 1249 4253 ὲξερπύσαντες,
1298 4187 1408 4239 τῶν
1440 4188 1736 4261 λεωφόρων

145 4274 597 4342 εὐθαρσέστερον
622 4273 913 4338 γένωνται,
942 4275 1038 4326 καὶ
1059 4275 1538 4345 ὲπανακάμψωσιν
1560 4281 1733 4344 ἀδεῶς

149 4368 242 4427 είς
274 4366 342 4417 τά
383 4364 675 4432 πρότερον,
705 4364 766 4415 ού
798 4364 1221 4434 προκληθέντες,
1259 4369 1380 4421 οὐδὲ
1411 4370 1587 4433 ἄλλως
1612 4372 1735 4423 ἀνε-

149 4456 539 4529 ρευνηθέντες,
571 4456 678 4526 ὅπη
705 4456 1070 4524 κρύπτονται.
1115 4459 1178 4511 Ol
1220 4459 1441 4522 πλείους
1474 4461 1578 4531 γὰρ
1613 4463 1735 4516 οὐδὲ

146 4550 297 4618 πρὸς
324 4548 499 4616 ὄνομα
522 4547 910 4615 γινώσκονται,
935 4548 1053 4600 ἀλλ’
1081 4551 1237 4602 αὐτοὶ
1259 4552 1735 4622 προπηδήσαντες,

1911 3564 2033 3618 155.
2077 3562 2173 3617 llic
2205 3560 2528 3615 manifestus
2566 3568 2651 3614 cst
2702 3573 2853 3613 error
2876 3556 3294 3610 monachorum.
3325 3552 3407 3606 Ad

1841 3656 1942 3707 ista
1971 3655 2114 3707 enim
2137 3654 2325 3709 oculos
2349 3653 2648 3716 ﬂectentes,
2680 3660 2737 3703 ut
2769 3651 3030 3712 arbitror,
3062 3647 3158 3717 qui
3209 3658 3397 3700 sacras

1840 3748 2139 3815 dignitates
2170 3746 2528 3799 considerant
2560 3743 2840 3806 monachi,
2873 3752 2925 3793 et
2945 3742 2999 3793 in
3019 3740 3099 3793 eis
3130 3737 3266 3792 nihil
3300 3735 3404 3789 nisi

1844 3838 2094 3908 gloriam,
2150 3845 2494 3906 apparatum,
2535 3843 2592 3888 et
2630 3834 3090 3903 magniﬁcentiam
3162 3830 3286 3884 vitae
3318 3828 3404 3881 in-

1846 3930 2147 3989 venientes.
2183 3928 2558 3998 pontilicatum
2605 3929 2807 3982 acriter
2873 3928 3305 3995 prosequuntur,
3340 3927 3404 3971 ut

1838 4021 1925 4074 via
1959 4021 2061 4073 ista
2095 4028 2380 4085 emergant
2411 4033 2441 4073 ο
2473 4018 2743 4087 spirituali
2773 4015 3041 4069 foramine
3066 4009 3411 4083 patrmdile-

1838 4120 1924 4163 cto
1959 4111 2027 4162 ab
2054 4110 2136 4163 eis
2165 4108 2256 4177 qui
2304 4107 2471 4162 Deum
2505 4114 2563 4161 ut
2589 4107 2801 4177 Moyses
2836 4103 3320 4171 contemplantur;
3354 4107 3410 4152 et

1837 4209 2103 4254 exeuntes
2123 4214 2152 4253 e
2168 4211 2398 4252 caverna
2428 4199 2676 4266 proxima
2698 4197 2752 4249 in
2776 4196 2879 4248 viis
2903 4193 3186 4248 ambulant
3208 4187 3411 4242 audac-

1839 4300 1953 4352 ter;
1986 4289 2051 4341 ad
2090 4291 2274 4357 priora
2327 4289 2539 4357 absque
2573 4288 2780 4355 pudore
2831 4291 3198 4354 revertantur,
3229 4293 3409 4348 neque

1832 4382 2068 4444 evocati,
2118 4395 2297 4448 neque
2349 4380 2557 4433 inventi
2590 4379 2681 4432 ubi
2725 4379 2875 4446 prius
2906 4374 3404 4430 abscondebantur.

1834 4473 2089 4540 Plerique
2122 4471 2269 4524 enim
2325 4486 2390 4524 ne
2444 4471 2667 4524 nomine
2725 4469 2945 4537 quidem
2979 4471 3403 4534 cognoscuntur,

1838 4564 1930 4618 sed
1957 4578 2066 4615 uno
2091 4562 2255 4623 saltu.
2289 4562 2508 4616 obviam
2545 4560 2822 4616 fortunam
2852 4558 3147 4626 arripiunt,
3206 4569 3311 4608 non
3347 4561 3405 4605 ut

146 4642 254 4693 καὶ
280 4641 381 4709 τὴν
406 4639 661 4707 ἐντυχίαν
707 4638 912 4706 ταύτην
962 4640 1335 4709 ἁρπάσαντες,
1363 4645 1461 4713 οὐχ
1496 4644 1582 4697 ἵνα
1625 4649 1732 4708 τοῖς

1844 4654 2037 4722 ρτίειοίε
2079 4654 2421 4708 monaehicis
2483 4652 2641 4707 bonis
2698 4649 3052 4720 superaddite
3080 4646 3399 4717 pontillcatu

144 4730 357 4802 πρώην
396 4731 658 4798 μοναχοῖς
686 4730 875 4792 καλοῖς
915 4731 975 4783 τὸ
1005 4732 1395 4802 ἀρχιερατικὸν
1421 4750 1739 4806 προσεπιτι-

144 4825 372 4887 θέντες,
426 4821 948 4874 πολλαπλασιάσωσι
984 4823 1083 4890 τὴν
1140 4826 1374 4893 ἀρετήν·
1440 4826 1554 4880 ἀλλ’
1584 4829 1731 4897 ῖναῆ

143 4919 253 4969 καὶ
287 4914 398 4965 τῶν
425 4912 701 4981 προτέρων
732 4913 958 4979 ἀγαθῶν
989 4913 1287 4979 ὑφέλωνται
1332 4915 1420 4968 διά
1447 4919 1508 4969 τὸ
1537 4919 1731 4969 ἐπίπο-

143 5024 273 5070 νον,
297 5005 460 5073 εἴπερ
491 5021 541 5056 τι
566 5005 657 5056 καὶ
683 5004 842 5073 ἔσχον
872 5004 1035 5057 πλέον
1064 5005 1164 5073 τῆς
1214 5010 1611 5075 κοσμικότητος
1630 5026 1642 5040 ·
1696 5010 1728 5077 ἢ

142 5096 296 5151 ἀλλά
325 5098 393 5163 τῇ
426 5096 650 5163 ἀφορμῇ
675 5094 774 5161 τῆς
818 5094 1129 5163 ἐπισκοπῆς
1160 5096 1644 5166 ἀποῆουκολήσωσι
1672 5098 1732 5148 τὸ

140 5184 414 5253 ἀκριϐὲς,
438 5183 513 5244 ὠς
545 5184 621 5250 μὴ
646 5182 765 5245 ἐξὸν
788 5183 950 5251 δῆθεν
976 5181 1035 5233 ὃν
1058 5183 1168 5234 τῶν
1191 5186 1247 5235 ὲν
1291 5186 1440 5249 μέσῳ
1467 5166 1731 5252 πραγμά-

140 5293 271 5329 των
310 5273 655 5342 τετυχηκότα
688 5274 1024 5343 ἐπίστροφον
1068 5271 1210 5326 εἶναι
1239 5275 1337 5342 τῆς
1393 5275 1527 5344 πρὸς
1573 5276 1733 5344 ἀκρί-

139 5364 315 5416 ϐειαν
349 5362 380 5412 ἀ
391 5361 519 5430 ρετῆ
532 5379 573 5421 ς.

236 5455 381 5521 ρλς·’.
426 5454 536 5505 Καὶ
569 5454 689 5506 τότε
717 5455 781 5523 δὴ
805 5455 920 5507 ἐστι
949 5455 1173 5524 βλέπειν
1204 5457 1261 5508 τὸ
1298 5458 1637 5522 γελοιότατον
1674 5461 1731 5511 ὲν

138 5550 373 5611 αὐτοῖς.
428 5548 493 5601 Ol.
532 5549 640 5617 γάρ
690 5552 755 5602 ἐκ
807 5550 907 5619 τῆς
954 5551 1146 5620 πρώην
1196 5552 1391 5613 καλιᾶς
1426 5554 1518 5604 καὶ
1542 5556 1638 5621 τῆς
1675 5553 1732 5603 ὲν

142 5639 305 5707 αὐτῇ
331 5640 690 5707 στενοχωρίας
716 5639 857 5693 κατά
872 5640 980 5692 τῶν
1006 5642 1325 5694 ἐπισκόπων
1354 5640 1731 5709 τοξαζόμενοι,

133 5731 284 5783 τότε
313 5728 454 5781 κατά
499 5729 607 5781 τῶν
640 5730 923 5799 ὁμοχρόων
978 5733 1227 5802 μοναχῶν
1262 5733 1728 5803 θωρακισάμενοι,

136 5821 220 5876 ιὺ
262 5820 426 5887 μόνον
456 5818 867 5874 ἀντιϐάλλουσιν
916 5822 1426 5895 ἀκροϐολιζόμενοι,
1464 5827 1599 5880 ἀλλὰ
1632 5831 1725 5882 καὶ

489 5911 759 5981 Ριτιιοι..
794 5916 909 5977 Gtt.
947 5915 1245 5978 CXXXV.

1845 4748 2096 4798 virtutem
2125 4747 2524 4814 multiplicent.
2561 4745 2656 4799 sed
2711 4746 2782 4812 ut]
2813 4742 3087 4797 veteribus
3142 4737 3301 4792 bouis
3344 4744 3403 4787 ιιι

1844 4846 1967 4904 pote
1985 4836 2327 4905 gravioribus
2362 4835 2768 4899 subducantur,
2795 4835 2840 4887 si
2878 4834 3011 4903 quid
3041 4846 3204 4900 supra
3240 4845 3400 4883 mun—

1840 4934 1969 4987 dum
2020 4932 2326 4993 habebant;
2378 4932 2462 4985 vel
2518 4941 2575 4984 nt
2604 4945 2769 4986 causa
2813 4930 3167 4997 episcopatus
3220 4923 3402 4990 opima

1841 5022 2133 5081 abducant.
2174 5021 2331 5089 quasi
2368 5036 2474 5073 non
2528 5021 2600 5074 sit
2635 5017 2892 5087 possibile
2931 5016 3206 5069 hominem
3238 5010 3402 5063 rebus

1840 5113 2224 5167 communibus
2293 5127 2487 5166 manus
2528 5112 2906 5166 admoventem
2966 5105 3263 5176 perfectam
3294 5100 3401 5153 vir-

1843 5214 2011 5260 tutem
2036 5206 2258 5258 sectari.

1916 5466 2037 5518 1'56.
2072 5465 2225 5518 Tunc
2275 5464 2326 5517 in
2372 5464 2437 5519 iis
2472 5464 2711 5518 maxime
2755 5462 2981 5517 ridenda
3028 5473 3251 5514 cernere
3301 5469 3398 5523 po-

1842 5558 1993 5610 teris.
2032 5555 2137 5621 Qui
2184 5557 2328 5608 enim
2379 5558 2532 5625 prius
2563 5574 2593 5610 e
2621 5556 2782 5609 domo
2828 5556 3024 5624 lignea,
3060 5564 3220 5618 atque
3249 5564 3280 5603 ο
3310 5563 3401 5601 so-

1846 5649 2081 5703 litudine
2154 5648 2369 5713 vicina,
2439 5659 2629 5703 contra
2703 5651 2991 5717 episcopos
3059 5644 3160 5697 tt-la
3224 5639 3396 5709 jacie-

1838 5737 2013 5803 bant,
2076 5739 2236 5791 modo
2299 5749 2493 5793 contra
2554 5740 2853 5791 monachos
2891 5736 3133 5801 ejusdem
3188 5729 3394 5783 coloris

1837 5839 2149 5895 armantur;
2180 5843 2278 5885 nec
2310 5832 2484 5885 solum
2512 5846 2541 5884 a
2568 5831 2723 5901 longe
2747 5830 3025 5900 sagittam.
3070 5824 3161 5880 scd
3212 5827 3397 5877 morte

2958 5919 3026 5978 27
