4212 6434
232 433 340 497 ὃίῑ

1228 444 1327 506 DE
1364 445 1855 507 EMENDANDA
1893 451 2071 512 VITA
2102 455 2568 525 MONACUICA.

3422 479 3528 541 846

233 552 361 621 ρέα,
383 551 771 622 ὲπηρεάζοντα
818 551 955 605 Θεοῦ
1004 554 1319 626 ἀνθρώποις
1345 576 1359 621 ;
1417 563 1566 623 ποῖος
1594 562 1780 632 ἄρχων
1805 577 1820 625 ;

1931 571 2176 629 recidere
2205 575 2371 630 faciet
2394 592 2454 631 ea
2488 579 2694 649 quibus
2714 581 2995 653 aﬂligeris.
3036 582 3102 638 Et
3147 589 3295 655 quod
3342 593 3524 661 majus

230 647 388 707 ποῖος
410 644 717 713 δυνάστης;
766 645 832 696 Τί
861 646 952 711 δέ;
987 648 1123 700 ἀλλὰ
1156 650 1184 701 6
1216 650 1475 717 βασιλεὺς
1506 653 1820 705 ἀπονυστά-

229 734 338 800 Est,
376 735 462 804 ἐφ’
484 733 563 798 οἷς
603 736 875 807 θλιεερῶς
898 738 1065 809 ἔχεις.
1093 742 1165 792 T6
1201 741 1418 793 πάντων
1457 745 1666 810 μεῖξον,
1696 760 1823 795 συν-

230 830 612 898 εκπολεμήσει
642 830 781 898 μετὰ
807 831 900 885 σοῦ
936 835 968 901 ἡ
1003 834 1183 896 κτίσις
1212 836 1357 887 κατὰ
1380 835 1474 887 τού
1503 836 1821 900 ἀδικούντός

232 935 295 970 σε
319 935 333 947 ·
361 919 728 987 βρεχθήσεται
756 923 866 992 πῦρ
895 925 983 976 ἐπ’
1016 927 1228 977 ἐκεῖνον
1258 943 1268 955 ⁸
1306 927 1819 993 κατακλυσθήσεται

233 1010 416 1072 ὑετοῖς
447 1026 462 1041 ⁸
515 1013 894 1083 ἀγανακτήσει
954 1018 1077 1068 κατ’
1108 1017 1277 1069 αὑτοῦ
1330 1018 1609 1089 θαλάσσης
1639 1017 1783 1088 ὕδωρ
1806 1035 1817 1046 ·

236 1106 349 1157 πᾶν
383 1104 557 1157 κακὸν
584 1107 870 1158 ἐλεύσεται
913 1109 1002 1159 ἐπ’
1034 1108 1217 1160 αὐτόν.
1456 1158 1461 1163 .

309 1198 453 1265 ρληθ.
492 1197 659 1250 Ἀλλὰ
690 1198 864 1250 ταῦτα
926 1200 1027 1268 μὲν
1066 1202 1318 1267 ἐγένοντο
1348 1200 1424 1253 ἄν’
1453 1218 1558 1263 σοι,
1605 1200 1701 1253 ἐὰν
1737 1204 1821 1253 ἐπ’

232 1287 500 1355 ἀληθείας
528 1288 714 1349 κακῶς
740 1289 984 1357 ἔπασχτς
1010 1291 1068 1343 ἐν
1119 1293 1197 1359 τῷ
1238 1292 1647 1361 ἀρχιερατικῶς
1702 1293 1822 1343 ἑπι-

233 1380 575 1433 σκέπτεσθαι
599 1397 612 1410 ο
643 1383 753 1434 εἰσὶ
789 1383 845 1436 δέ
876 1401 959 1436 σοι
989 1384 1173 1436 πάντα
1207 1385 1362 1436 κεναὶ
1384 1384 1710 1454 προφάσεις,
1731 1386 1824 1435 καὶ

235 1472 557 1541 μοχθηριῶν
581 1474 833 1544 ψυχικῶν
866 1478 1221 1546 ἐπικρύψεις,
1252 1479 1346 1530 καὶ
1369 1480 1605 1546 φενάκαι
1630 1478 1821 1546 ἀκοῆς.

234 1565 382 1632 Πρὸς
412 1565 469 1617 δὲ
502 1565 789 1635 ἀλήθειαν,
826 1567 1024 1634 φθόνου
1052 1570 1151 1621 καὶ
1204 1570 1375 1637 τύφου
1411 1570 1820 1636 ύποκινοῦντος,

233 1656 635 1725 καταγίνεσθαι
669 1659 780 1710 τῶν
809 1660 1131 1715 ἐπισκόπων
1166 1662 1395 1725 ἐθέλεις.
1442 1664 1628 1732 Ἔχεις
1664 1664 1823 1735 ὕϐριν

228 1748 294 1799 οὐ
337 1748 611 1817 φορητὴν,
639 1748 876 1803 ἀκοῦσαι
910 1752 1295 1822 ἀμαθέστερος
1330 1750 1473 1807 εἶναι
1509 1755 1604 1809 τοῦ
1639 1758 1825 1825 ἀρχιε-

232 1838 377 1905 ρέως
396 1852 413 1865 ·
443 1838 504 1889 ού
534 1837 723 1908 φέρεις
750 1841 1150 1910 ἐπαινούμενον
1176 1844 1397 1898 ἀκούειν
1424 1847 1564 1917 ὑπὲρ
1595 1845 1654 1897 σέ
1675 1862 1690 1877 ο
1724 1847 1825 1898 ούκ

227 1926 403 1998 ἀνέχῃ
430 1927 699 1997 εὐφήμως
732 1929 897 1981 αὐτὸν
920 1931 1265 2001 προάγεσθαι
1319 1937 1461 2004 μετὰ
1507 1937 1635 1998 τοὺς
1668 1935 1823 2005 βασι-

225 2018 378 2082 λεῖς·
420 2021 631 2088 κρίνεις
659 2022 743 2086 είς
785 2021 946 2094 ὓϐριν
998 2025 1181 2081 κλῖναι
1225 2027 1473 2096 κεφαλὴν
1529 2029 1817 2098 ἀρχοερεῦ

224 2112 504 2182 ἀφόρητον
524 2112 716 2185 λογίζῃ
754 2117 1090 2186 προποδίσαι
1124 2120 1204 2181 είς
1228 2120 1499 2189 ὑπαντὴν,
1529 2122 1689 2188 εἴπερ
1726 2121 1818 2191 ἐρ-

224 2218 389 2272 χεται
442 2203 535 2257 ἐπὶ
585 2204 681 2258 σέ·
723 2206 1061 2275 ἀτιμοῦσθαι
1114 2210 1387 2283 φαντάζῃ,
1419 2212 1516 2265 ἐὰν
1548 2213 1819 2285 καθέδρας

225 2295 380 2363 αὐτῷ
413 2296 836 2368 ὖπεξαναστῇς·
877 2299 980 2354 κᾶν
1035 2302 1336 2375 ύφιζήσῃς,
1387 2307 1651 2375 θνήσκεις
1714 2308 1821 2361 ὑπὸ

223 2386 411 2457 χολῆς.
446 2388 656 2453 Δέδιας,
689 2392 899 2459 μήποτε
928 2392 1198 2464 ἁμαρτὼν
1239 2395 1271 2465 ἢ
1304 2396 1750 2468 λογοπραγηθῇςι
1784 2401 1816 2471 ἢ

223 2479 371 2533 ἀλλὰ
426 2481 600 2550 πέσῃς
631 2482 738 2535 ὑπὸ
770 2484 1135 2554 παραίνεσινο
1177 2488 1302 2541 ὅθεν
1334 2491 1429 2541 καὶ
1458 2496 1820 2561 παροιστρείς

223 2570 573 2635 ἀλλοκότως·
598 2573 694 2626 καὶ
728 2576 991 2640 σπεύδεις
1013 2578 1182 2631 αὐτὸν
1216 2580 1315 2649 μὲν
1371 2583 1621 2650 ἀφιέναι,
1666 2586 1822 2638 ἀντε-

228 2663 557 2729 πιλέγεσθαι
608 2665 691 2730 δὲ,
741 2668 802 2720 ὃν
847 2669 914 2722 ἂν
944 2671 1152 2743 προέλῃ
1174 2689 1188 2703 ·
1226 2675 1321 2725 καὶ
1353 2674 1528 2739 οὕτως
1561 2678 1638 2739 είς
1671 2678 1822 2746 ἀορι-

230 2752 392 2807 στίαν
418 2756 698 2823 ἐκκλίνας,
726 2761 1153 2826 κασαλϐαδικῶς
1188 2759 1302 2816 οἷον
1351 2768 1608 2837 ἑρωτιᾷς,
1656 2769 1689 2839 ἢ
1723 2772 1819 2823 καὶ

228 2842 366 2911 ὕλης
392 2847 493 2915 τῆς
522 2848 824 2917 ἀρχεγόνου
863 2853 1019 2921 δίκην
1051 2852 1203 2906 τόνδε
1245 2856 1344 2922 μὲν
1371 2858 1657 2931 παραδέχῃ
1683 2860 1819 2928 πρὸς

227 2940 653 3004 ἑπισκόπενσιν,
718 2942 932 2994 ἐκεῖνον
980 2944 1037 2997 δὲ
1086 2946 1388 2999 ἀποπτύων
1450 2950 1649 3020 μικρὸν
1673 2952 1817 3018 ὅσον,

225 3030 448 3101 εἰσδέχῃ
507 3032 716 3101 ἕτερον,
782 3033 1033 3100 στέργων
1074 3037 1169 3088 καὶ
1204 3037 1589 3108 ἁποστέργων,
1620 3040 1715 3104 οὓς
1754 3044 1820 3097 ἂν

227 3124 461 3193 κυρὼσῃ
517 3124 581 3176 τὸ
638 3125 697 3178 ιν
727 3125 813 3178 σοὶ
849 3126 953 3195 τῆς
980 3128 1162 3197 ψυχῆς
1218 3133 1680 3202 προαιρούμενον,
1723 3137 1819 3188 καὶ

228 3215 478 3285 πατέρας
507 3215 650 3268 οὕτω
680 3218 911 3281 πολλοὺς
946 3218 1072 3272 οὔτε
1098 3220 1323 3289 φύσεως
1356 3225 1672 3297 ἀκολουθίᾳ,
1696 3228 1819 3281 οὔτε
1846 3255 1893 3321 C

230 3311 585 3377 πνευματικῇ
624 3308 931 3377 τιθέμενος.

310 3396 442 3467 ρλϐ’.
492 3399 713 3468 Ἐρωτῶ
766 3418 850 3469 σε,
892 3397 937 3457 ὦ
974 3406 1106 3473 σοφὲ
1138 3407 1362 3476 μοναχὲ,
1397 3409 1445 3460 εί
1470 3409 1644 3473 οὕτως
1682 3412 1824 3468 ἀπα-

232 3492 409 3560 ρέσκῃ
462 3489 541 3558 τῷ
589 3492 952 3563 ἀγχιτέρμονι
993 3497 1091 3549 καὶ
1147 3500 1363 3570 συνόρῳ
1401 3501 1673 3573 ἀρχιερει,
1707 3506 1765 3559 ὃν
1794 3508 1823 3559 6

229 3579 520 3643 κανονικὸς
542 3582 853 3650 ἀνάδασμος
881 3583 1035 3638 ἔθετο
1056 3603 1069 3617 ·
1096 3588 1149 3639 τί
1176 3587 1331 3641 ἔσται
1351 3590 1540 3659 ἕτερος
1563 3596 1589 3643 6
1618 3611 1823 3666 καταρ-

228 3672 398 3735 τίζων
431 3690 488 3726 σε
531 3676 958 3742 πνευματικῶςς
1017 3678 1158 3747 Ἀρα
1192 3679 1251 3731 6v
1307 3686 1370 3733 σὺ
1414 3683 1675 3757 ἐπιλέξῃ;
1712 3688 1822 3741 Καὶ

230 3763 286 3814 τί
314 3763 479 3814 πλέον
512 3765 625 3825 ἕξει
658 3768 684 3815 6
738 3766 1066 3836 ἁργιερεύςς
1123 3770 1189 3821 Σὲ
1246 3775 1622 3840 παραιτεῖται,
1660 3777 1822 3848 εἴπερ

230 3853 430 3918 ἐθέλει,
463 3857 492 3907 6
512 3855 581 3906 δι’
610 3854 1065 3926 ἑξομολογήσεως
1122 3861 1203 3921 εἰς
1229 3863 1397 3915 παῖδά
1429 3880 1510 3917 σοι
1564 3866 1823 3937 ποιούμε-

233 3962 349 4008 νος.
384 3947 449 3999 Εἰ
481 3947 536 3998 δὲ
564 3948 659 3999 καὶ
710 3950 777 3999 σὺ
826 3950 921 4001 τὸν
954 3952 1221 4023 ἀρχιερέα
1252 3972 1369 4018 σου,
1401 3958 1454 4009 τί
1489 3960 1595 4028 ἄρα
1628 3963 1821 4032 ἐκείνῳ

231 4036 374 4104 πρός
409 4052 469 4088 σε
501 4036 561 4090 τὸ
592 4037 889 4109 διάφορονς
916 4040 1043 4103 Υιὸς
1069 4046 1238 4112 πατρὶ
1258 4045 1446 4101 δίκαια
1476 4048 1649 4117 λέγων
1685 4054 1821 4122 πρὸς

229 4127 920 4199 ἀντιλα).ιὰν,ὲπιτιμᾶται
950 4134 1206 4196 δικαίως.
1244 4139 1643 4208 Παραιτείσθαι
1697 4146 1822 4214 μέν-

227 4236 313 4271 τοι
342 4219 506 4270 αὑτὸν
540 4222 642 4272 οὐκ
670 4221 737 4275 ἂν
760 4222 881 4275 οὐδὲ
912 4224 1003 4277 διὰ
1032 4226 1303 4295 στόματος
1353 4230 1620 4302 θαρῤήσοι
1655 4254 1824 4308 προσ-

228 4311 499 4374 ενεγκείν.
537 4310 611 4363 Σὺ
643 4311 701 4365 δὲ
726 4314 754 4365 6
798 4316 1001 4386 μικρὸς
1024 4318 1207 4387 πατὴρ
1229 4321 1449 4391 ἀπαρνῇ
1489 4324 1604 4390 τὸν,
1640 4328 1821 4392 καλῶς

226 4398 297 4454 ἂν
327 4399 561 4469 εἴποιμι,
600 4406 1030 4475 πρωτοπάτορα.
1070 4407 1207 4474 Ἤδη
1240 4411 1296 4463 δὲ
1330 4413 1426 4466 καὶ
1486 4414 1818 4486 Μελχισεῖὲκ

226 4489 545 4557 λογίζεσθαι
568 4490 781 4561 βούλει,
809 4496 1044 4566 ἀπάτωρ
1076 4496 1220 4552 εἶναι
1262 4509 1813 4577 πραγματευόμενος.

228 4581 366 4634 Οὐαί
398 4599 498 4649 σοι,
525 4584 835 4655 πατραλοία
870 4591 1097 4659 μοναχὲ,
1131 4596 1437 4664 ἁποίμαντε
1468 4600 1741 4672 μὸναρχεί

304 4681 419 4743 ρμ’-
464 4677 626 4730 Ἀλλά
653 4679 713 4731 σὲ
742 4682 842 4747 μὲν
864 4683 1076 4752 ἀφίημι
1107 4689 1345 4758 χαίρειν,
1379 4692 1478 4745 καὶ
1523 4693 1622 4765 τὴν
1654 4714 1818 4749 πνευ.

231 4767 476 4836 ματικὴν
508 4769 868 4826 ἀποσείεσθαι
901 4774 1165 4847 ζεύγλην,
1192 4781 1286 4834 καὶ
1325 4789 1816 4854 πραγματεύεσθαι

226 4859 333 4929 τὴν
363 4861 715 4932 ποθουμένην
750 4864 811 4917 σὲ
841 4866 1055 4936 πλάνην
1078 4871 1167 4923 διὰ
1200 4874 1259 4925 τὸ
1290 4877 1702 4945 ἀνεξέλεγκτον,
1741 4882 1815 4945 ὡς

226 4954 258 5005 6
291 4952 467 5022 μέγας
497 4954 788 5024 φιλοσοφεῖ
820 4958 1096 5027 Σολομῶν.
1167 4964 1329 5018 Ποῖον
1359 4968 1458 5033 σέ;
1496 4972 1588 5023 τὸν
1623 4975 1816 5042 οἰημα-

222 5045 373 5107 τίαν,
422 5047 516 5098 τὸν
549 5049 903 5118 κενότροπον,
938 5052 1028 5104 τὸν
1081 5054 1167 5108 διὰ
1196 5058 1257 5129 τὸ
1303 5060 1497 5127 περιὸν
1517 5062 1627 5116 τῶν
1658 5081 1815 5118 πται.

227 5135 456 5203 σμάτων
484 5136 947 5207 φιλοτιμούμενον
975 5144 1037 5195 τὸ
1065 5146 1461 5219 ἀνεπιτίμητον
1482 5167 1496 5180 '
1535 5152 1628 5205 τὸν
1674 5155 1814 5225 ὑπὲρ

226 5224 454 5277 πάντων
487 5229 610 5295 μὲν,
643 5230 741 5281 καὶ
770 5232 955 5285 αὐτῶν
988 5235 1097 5288 τῶν
1132 5238 1368 5308 ἐχθρῶν,
1410 5241 1695 5303 ὀφείλοντα
1728 5247 1814 5298 εὖ·

225 5317 446 5385 χεσθαι,
478 5321 628 5389 μόνῳ
674 5323 726 5376 δὲ
758 5324 838 5394 τῷ
868 5326 1120 5396 ἀρχιερεῖ
1155 5334 1249 5385 καὶ
1275 5335 1373 5404 τὴν
1407 5336 1476 5387 δι’
1528 5340 1813 5410 ἀναφορᾶς

228 5411 458 5479 μνήμην
486 5413 827 5482 ὲκκλείοδτα,
857 5421 953 5469 καὶ
989 5421 1125 5489 μηδὲ
1155 5424 1509 5493 ὲγγρὰφοντα
1530 5431 1694 5485 τοῦτο
1734 5433 1811 5494 είς

229 5505 647 5568 μνησικακίαν·
702 5508 797 5560 τὸν
842 5511 1157 5577 ἀφύλακτον
1209 5520 1310 5583 τὴν
1365 5520 1646 5585 γλῶσσαν
1721 5525 1812 5575 τὸν

225 5593 675 5684 ἀπεριμέριμνον
711 5598 777 5651 τὰ
809 5603 889 5662 είς
921 5603 1133 5670 λαλιὰν,
1170 5609 1264 5661 καὶ
1293 5610 1413 5662 οὐδὲ
1438 5612 1732 5684 ἐχέφρονα,
1763 5616 1816 5668 εί

223 5683 335 5753 χρὴ
368 5689 480 5748 τοῖς
513 5687 749 5758 ἔναγχός
776 5709 880 5745 που
915 5696 1127 5765 ῥήμασι
1185 5683 1591 5772 τεκμήρασθαι
1626 5709 1719 5759 καὶ
1744 5709 1811 5761 τὰ

222 5775 335 5844 πρὸ
365 5779 592 5835 τούτων.
621 5783 881 5838 Μελετῶν
915 5789 1024 5858 γὰρ
1047 5795 1362 5860 κορακικῶς
1387 5797 1454 5849 τὰ
1480 5798 1603 5850 καθ’
1629 5797 1807 5866 ήμῶν,

224 5868 323 5920 καὶ
360 5869 495 5924 ἄλλα
532 5872 633 5942 μὲν
671 5876 942 5945 ἔκρωξας,
975 5882 1031 5934 ἐν
1068 5882 1125 5936 δὲ
1147 5887 1260 5946 τοῖς
1313 5889 1403 5940 καὶ
1442 5888 1523 5940 ὅτι
1556 5889 1806 5957 ’Λπειμι,

1926 673 2007 718 est
2034 705 2047 727 .
2077 677 2274 723 contra
2309 687 2437 725 eum
2472 673 2567 741 qui
2610 685 2661 728 te
2695 676 2902 747 injuste
2944 678 3210 746 opprimit
3253 686 3524 749 pugnabit

1928 768 2104 812 tecum
2130 765 2312 818 omnis
2333 767 2543 819 ereutio
2565 786 2576 821 :
2597 768 2740 834 ignis
2765 779 2958 823 eontra
2990 771 3139 823 illum
3160 773 3524 843 excitabitur,

1924 850 2133 904 diluvio
2169 853 2553 923 submergetur
2577 876 2589 911 :
2612 868 2803 914 contra
2837 862 2992 916 illum
3016 862 3358 919 irrascentur
3391 865 3526 922 ﬂuc‘

1926 953 2014 997 tus
2047 947 2241 1009 maris,
2279 964 2440 1005 omne
2477 951 2685 1005 malum
2714 968 2836 1007 eum
2872 956 3111 1011 invadet.

2002 1213 2121 1267 l58.
2166 1214 2288 1270 llaec
2323 1216 2512 1270 omnia
2545 1218 2646 1272 tibi
2685 1219 2999 1281 evenirent.
3029 1221 3073 1276 si
3114 1233 3342 1292 propter
3372 1224 3521 1279 veri-

1928 1317 2092 1362 tatem
2146 1310 2465 1364 sulemuiter
2494 1312 2841 1367 observatam
2894 1313 3036 1367 mala
3094 1329 3294 1384 passus
3344 1332 3521 1371 esses.

1925 1399 2083 1468 Apud
2117 1409 2171 1454 te
2202 1410 2383 1454 autem
2412 1416 2553 1455 vana
2587 1408 2716 1455 sunt
2771 1412 3057 1469 praetexta,
3103 1406 3307 1461 mentis
3360 1407 3520 1463 make

1928 1494 2236 1556 involucra,
2275 1503 2328 1547 et
2363 1495 2582 1549 aurium
2611 1496 2928 1553 illusiones.
2962 1499 3043 1553 Re
3083 1515 3213 1554 vera
3249 1502 3523 1555 moventi-

1928 1584 2027 1637 bus
2059 1584 2231 1637 livore
2266 1596 2317 1636 et
2356 1583 2636 1652 superbia,
2670 1584 2949 1655 episcopis
2985 1587 3340 1641 annumerari
3380 1604 3521 1657 praee

1926 1676 2119 1731 sumis.
2153 1674 2259 1730 Pro
2296 1675 2499 1745 injuria
2537 1691 2645 1730 non
2696 1676 2925 1732 ferenda
2988 1676 3181 1740 habes.
3235 1679 3327 1733 ubi
3358 1680 3524 1735 audis

1929 1776 1980 1822 te
2015 1769 2204 1823 minus
2260 1778 2452 1823 uotum
2510 1784 2677 1837 quam
2716 1768 3079 1837 pontificem:
3116 1782 3225 1822 non
3282 1757 3525 1825 sustines

1930 1876 2055 1915 eum
2100 1862 2222 1929 plus
2263 1877 2427 1931 quam
2466 1869 2518 1915 te
2547 1861 2801 1915 laudari:
2828 1878 2936 1916 non
2981 1864 3185 1918 toleras
3213 1878 3338 1917 cum
3377 1864 3523 1918 cele-

1931 1954 2077 2008 brari
2108 1964 2162 2010 et
2199 1954 2325 2024 poni
2361 1961 2484 2023 post
2533 1968 2690 2023 reges
2746 1970 2761 2006 ε
2826 1955 3181 2022 Opprohriuui
3232 1955 3522 2012 arbitraris

1928 2053 2093 2118 caput
2157 2046 2405 2116 pontiﬁci
2454 2046 2745 2109 inclinare,
2778 2045 3375 2114 judicasintelorabile
3398 2048 3519 2101 sici

1930 2138 2169 2193 venienti
2212 2140 2277 2191 ad
2310 2148 2363 2191 te
2418 2137 2751 2191 obviaudum
2791 2146 2910 2191 est:
2958 2137 3197 2192 dedecus
3252 2152 3447 2193 censes
3472 2138 3521 2193 si

1932 2232 2027 2288 tibi
2056 2239 2183 2286 ante
2203 2245 2329 2287 eum
2351 2245 2381 2285 e
2412 2229 2672 2285 cathedra
2704 2231 3104 2300 assurgendum
3130 2238 3216 2285 est
3245 2248 3259 2285 :
3294 2230 3521 2299 postha-

1930 2326 2111 2390 bitus,
2146 2323 2226 2377 ira
2263 2324 2517 2377 moreris.
2551 2321 2737 2378 'l'imes
2779 2336 2847 2377 ue
2886 2323 2955 2377 de
2984 2322 3520 2393 peccatisjudieium

1927 2428 2274 2481 exerceatur,
2310 2416 2392 2470 vel
2429 2415 2588 2468 aliter
2614 2416 2667 2467 in
2703 2414 3224 2469 condemnationem
3260 2414 3516 2470 incidas:

1927 2521 1983 2568 et
2013 2510 2137 2565 ideo
2170 2508 2311 2563 miro
2341 2506 2505 2563 modo
2541 2507 2781 2571 insanis,
2833 2509 3025 2562 studes
3050 2522 3176 2562 eum
3204 2506 3511 2578 projicere,

1928 2616 1982 2661 et
2010 2606 2246 2660 electum
2298 2618 2327 2656 a
2376 2610 2430 2655 te
2478 2601 2528 2656 ei
2565 2600 2903 2655 substituere
2942 2617 2956 2654 :
2995 2599 3077 2654 sic
3128 2600 3181 2653 in
3242 2599 3517 2655 incertum

1925 2696 2174 2758 devcnis,
2216 2694 2377 2763 quasi
2431 2692 2789 2748 meretricum
2846 2706 3037 2746 amore
3089 2689 3367 2761 agitaris:
3427 2690 3516 2744 vel

1926 2790 2084 2862 quasi
2133 2789 2200 2843 de
2244 2788 2475 2840 materia
2533 2784 2801 2856 primaria
2843 2784 3007 2838 istum
3039 2783 3095 2837 in
3132 2782 3515 2852 episcopatum

1928 2883 2158 2951 accipis,
2208 2890 2265 2933 et
2323 2877 2478 2933 illum
2536 2879 2806 2948 tantisper
2862 2886 3228 2931 contemnens
3277 2876 3514 2930 alterum

1928 2974 2189 3030 mlmittis:
2224 2985 2400 3035 amas,
2437 2979 2491 3025 et
2513 2970 2679 3024 odisti
2749 2977 2912 3037 prout
2946 2968 3184 3023 voluerit
3213 2966 3514 3021 consilium

1928 3069 2124 3122 animae
2156 3076 2294 3119 tum:
2329 3075 2379 3117 et
2420 3063 2617 3118 exinde
2650 3063 2857 3114 multos
2893 3069 3077 3129 patres
3134 3073 3317 3130 neque
3347 3064 3518 3113 natu-

1930 3160 2075 3213 rales
2106 3172 2283 3227 neqne
2319 3155 2644 3225 spirituales
2683 3152 2910 3208 statuis.

2004 3429 2124 3482 139.
2182 3426 2372 3489 Quaere
2404 3424 2502 3477 ahs
2529 3430 2603 3487 te,
2647 3420 2912 3474 monaehe
2948 3421 3200 3488 sapiens.
3236 3434 3358 3473 eum
3408 3420 3517 3474 isto

1932 3520 2095 3574 modo
2147 3533 2314 3586 agens
2360 3524 2553 3570 contra
2590 3515 2912 3583 episcopum
2954 3511 3268 3580 proximum
3297 3519 3351 3565 et
3378 3512 3515 3566 vici-

1933 3629 2060 3667 unm
2088 3653 2102 3674 ,
2127 3625 2288 3680 quem
2325 3610 2509 3680 posuit
2551 3621 2825 3662 canonum
2858 3605 3212 3667 delimitatio,
3252 3604 3382 3673 quid
3407 3604 3515 3658 erit

1931 3703 1998 3756 de
2029 3701 2202 3755 altero
2232 3709 2285 3754 te
2339 3698 2703 3768 Spiritualiter
2745 3695 3122 3766 corripiente?
3187 3695 3298 3748 Aut
3348 3709 3512 3765 quem

1932 3791 2027 3844 tibi
2062 3789 2265 3857 eliges?
2294 3787 2435 3854 Quid
2482 3786 2721 3855 amplius
2762 3787 2866 3840 erit
2908 3783 3192 3855 pontiﬁci?
3247 3785 3324 3839 Te
3354 3800 3516 3841 rene—

1932 3892 2045 3952 gat,
2092 3882 2136 3935 si
2186 3882 2322 3939 vult,
2378 3880 2474 3948 qui
2523 3894 2586 3931 ex
2643 3878 2938 3947 adoptione
2983 3891 3079 3946 pro
3131 3877 3243 3932 ﬁlio
3297 3877 3398 3932 tibi
3427 3892 3518 3931 as-

1929 3985 2181 4042 sumplus
2212 3981 2314 4026 est.
2353 3972 2409 4025 Si
2468 3980 2651 4024 autem
2703 3980 2756 4024 lu
2798 3970 3105 4040 pontilieem
3158 3980 3335 4035 tuum,
3366 3985 3518 4040 qua?-

1929 4083 2054 4121 nam
2094 4065 2400 4118 differentia
2452 4065 2596 4117 inter
2634 4074 2685 4118 te
2715 4071 2770 4117 et
2811 4062 3005 4116 illum?
3054 4062 3158 4127 Qui
3196 4061 3340 4116 ﬁlius
3370 4061 3513 4132 patri

1926 4157 2013 4223 jus
2036 4156 2189 4218 dicit,
2238 4166 2292 4209 et
2331 4155 2617 4209 contendit
2649 4169 2771 4207 eum
2814 4168 2901 4217 eo,
2944 4156 3143 4207 merito
3176 4153 3512 4222 increpat-1r.

1928 4244 2085 4297 Illqu
2112 4252 2291 4295 autem
2327 4258 2585 4305 renegare
2616 4259 2682 4296 ne
2718 4257 2813 4297 ore
2842 4243 3062 4311 quidem
3083 4242 3376 4312 quisquam
3412 4257 3513 4296 au-

1927 4336 2097 4390 debit.
2123 4334 2202 4387 Tu
2242 4345 2426 4389 autem
2449 4345 2603 4403 pater
2632 4336 2895 4391 minimus
2932 4352 3091 4388 avum
3121 4345 3268 4390 recte
3301 4337 3511 4391 dictum

1927 4443 2116 4495 negas.
2157 4429 2223 4481 Ut
2277 4428 2678 4482 Melchisedech
2739 4428 2979 4496 reputari
3035 4428 3338 4493 desideras.
3391 4430 3514 4486 sine

1927 4529 2081 4588 paer
2103 4535 2226 4573 esse
2251 4520 2621 4588 concupiscis;
2655 4532 2729 4573 vae
2761 4521 2880 4585 tibi,
2913 4522 3190 4590 parricida
3216 4522 3509 4588 monache,

1857 4616 1896 4668 D
1925 4625 2017 4663 rex
2060 4625 2164 4661 non
2198 4625 2448 4676 pascens.

1994 4701 2116 4757 ΗΟ,
2153 4701 2229 4754 Te
2266 4712 2446 4756 autem
2489 4703 2707 4756 dimitto
2751 4703 3100 4770 abjicientem
3151 4706 3344 4775 jugum
3394 4706 3513 4776 spi-

1922 4793 2162 4854 rituale,
2218 4803 2383 4862 atque
2440 4802 2735 4848 sectantem
2783 4806 3001 4849 errores
3059 4810 3088 4847 a
3145 4807 3196 4849 te
3237 4797 3505 4864 dilectos,

1919 4887 2043 4954 quia
2091 4884 2415 4953 reprehendi
2452 4898 2751 4956 nequeunt,
2784 4897 2843 4941 ut
2867 4889 2939 4942 ait
2971 4904 3203 4956 magnus
3223 4888 3504 4946 Salomon.

1919 4976 1985 5028 Et
2017 4977 2229 5046 qualem
2267 4978 2440 5045 ergo?
2474 4977 2925 5043 Prmsumentem,
2961 4994 3101 5033 vana
3143 4980 3504 5051 cogitantem,

1918 5084 2015 5137 per
2076 5068 2315 5122 facinora
2355 5068 2613 5137 prmelara
2667 5079 2998 5138 qumrentem
3055 5086 3163 5127 nOn
3233 5073 3498 5127 condent-

1916 5163 2057 5226 nari,
2091 5171 2374 5216 oraturum
2406 5179 2503 5231 pro
2539 5166 2818 5225 omnibus.
2866 5175 2920 5221 et
2962 5166 3223 5231 inimicis,
3270 5167 3365 5221 sed
3397 5167 3502 5221 soli

1918 5254 2159 5321 pontiﬁci
2214 5256 2533 5309 memoriam
2589 5257 2730 5310 intra
2761 5256 3094 5311 oblationem
3128 5264 3498 5324 recusantem,

1918 5359 2017 5398 nec
2058 5355 2250 5397 ~latucu
2299 5345 2425 5397 odio
2492 5346 2638 5399 istud
2688 5346 3094 5414 ascribentem;
3158 5348 3348 5417 lingua
3416 5347 3501 5401 ef-

1914 5433 2166 5500 frenem,
2250 5435 2383 5489 nihil
2474 5437 2768 5490 sollicitum
2853 5438 2922 5492 de
3004 5440 3299 5507 procacia,
3388 5454 3497 5492 non

1916 5536 2330 5596 temperantem,
2384 5529 2428 5585 si
2481 5530 2764 5584 referenda
2822 5538 2953 5585 sunt
3007 5530 3170 5584 verba
3240 5530 3499 5599 superius

1913 5621 2080 5685 dicta,
2139 5620 2220 5673 vel
2268 5620 2371 5673 alia
2425 5622 2595 5691 prius.
2656 5620 2790 5674 Cum
2833 5624 2980 5677 enim
3024 5636 3178 5677 more
3201 5636 3497 5676 corvorum

1914 5728 2015 5766 nos
2044 5712 2392 5775 ohservares,
2429 5715 2533 5767 alia
2585 5714 2809 5784 quidem
2852 5713 3127 5779 clamasti,
3158 5722 3211 5768 et
3247 5714 3390 5767 inter
3427 5729 3493 5768 ea

1914 5804 2042 5856 illud
2088 5822 2102 5856 ε
2168 5803 2305 5859 Ecce
2373 5805 2587 5870 absum,
2645 5814 2703 5859 ut
2754 5813 2949 5860 contra
3006 5806 3492 5874 metropolitanum

1914 5895 2236 5963 deponeres.
2286 5894 2622 5953 Vomitorem
2690 5896 2980 5955 confessus
3035 5912 3095 5953 es
3149 5896 3201 5949 in
3258 5897 3477 5967 dialogo
