4212 6434
187 403 293 465 849

1154 399 1253 459 DE
1294 401 1766 460 EMENDANDA
1812 403 1990 463 VlTA
2035 402 2491 470 MONACIIICA.

3345 421 3450 482 850

190 531 366 586 ματα,
406 515 465 579 ἐξ
498 509 573 568 ὧν
617 515 709 568 καὶ
738 515 786 567 oi
820 514 990 566 πάλαι
1037 514 1334 581 ἁγιώτατοι
1368 517 1609 584 Πατέρες
1640 520 1763 587 ἐρα·

1875 529 2062 575 cantes
2099 521 2302 590 antiqui
2344 525 2514 578 sancti
2555 524 2738 582 Patres
2777 529 2880 584 mel
2923 534 3307 602 conﬁciebant,
3369 553 3447 604 et,

187 610 481 675 νισαμενοι
538 607 1037 683 ἐμελετούγρησαν,
1091 606 1657 675 σιμῆλοποιησάμενοι
1705 612 1770 662 τὰ

192 705 403 770 γλυκέα
449 706 635 756 ἐκεῖνα
695 703 898 772 βιϐλία,
931 697 1014 762 οἷς
1063 701 1310 753 ἐνέθεντο
1358 702 1426 753 τὰ
1466 702 1772 771 γλυκύτερα

189 797 336 865 ὑπὲρ
369 797 493 864 μέλι
548 799 645 847 καὶ
679 797 871 866 κηρίον
902 795 1081 862 λόγια,
1125 794 1219 846 καὶ
1281 794 1457 857 οὕτως
1505 795 1772 863 ἀρεσκόν·

184 905 292 948 τως
331 889 410 957 τῷ
466 889 587 956 Θεῷ
637 888 1085 957 ἐλειτούργησαν.
1147 889 1256 939 Καὶ
1309 887 1620 956 ἐπεθύμουν
1670 887 1770 956 μὲν

184 981 352 1042 αὐτὸς
384 981 625 1032 τοιούσδε
666 981 761 1032 καὶ
798 981 929 1049 παρ’
961 981 1096 1049 ἡμῖν
1122 976 1264 1032 εἶναι
1301 981 1428 1042 τοὺς
1475 997 1774 1048 προφαινο-

188 1071 387 1136 μένους
449 1071 718 1139 μοναχούς
752 1087 764 1100 ⁸
798 1072 881 1123 ὅτι
933 1072 989 1123 δέ
1023 1071 1178 1123 αὐτοὶ
1219 1071 1356 1138 πρὸς
1405 1072 1527 1131 ταῖς
1560 1071 1666 1133 ἔξω
1692 1071 1771 1138 βῖ-

184 1159 338 1221 6).οις
377 1161 755 1229 ἐξαθερὶζουσι
805 1165 902 1215 καὶ
946 1164 1044 1224 τὰς
1086 1164 1390 1232 ἡμετέρας.
1442 1163 1638 1216 ὁπόσαι
1675 1164 1768 1216 καὶ

191 1253 403 1320 μᾶλλον
450 1255 822 1323 ἐμϐαθύνουσι
861 1258 976 1317 τοῖς
1003 1257 1083 1318 εἰς
1111 1256 1242 1308 Θεὸν
1283 1256 1378 1309 καὶ
1432 1257 1498 1309 τὰ
1559 1256 1703 1320 θεῖα,
1768 1256 1999 1326 εὔχομαι
2049 1260 2309 1331 λογισμὸν
2360 1265 2541 1330 αὐτοῖς

186 1350 369 1412 οὕτως
399 1353 708 1420 ἀφραίνειν.

265 1444 411 1514 ρμδ’.
455 1440 581 1498 Οἷον
611 1446 750 1516 γάρ,
779 1464 824 1498 ω
859 1447 932 1516 γῆ
979 1448 1076 1500 καὶ
1120 1447 1338 1518 οὖρανέ,
1379 1447 1538 1515 λόγον
1587 1447 1643 1514 ἐξ
1676 1447 1770 1501 ἁν-

182 1539 314 1608 δρδς
349 1539 597 1591 τοιούτου
631 1539 847 1607 φθάσας
872 1542 1084 1610 ηκουσα
1118 1557 1133 1572 ⁸
1192 1542 1437 1609 Ἐμαθον
1471 1543 1768 1594 κατακεῖσ-

184 1630 278 1683 θαι
308 1647 417 1682 που
451 1631 636 1700 βίϐλον
694 1631 871 1700 ἱερὰν,
922 1633 990 1702 ην
1026 1633 1333 1701 ἐπονήσατο
1379 1633 1703 1702 Γρηγόριος,
1742 1636 1769 1687 ὁ

182 1726 284 1775 καὶ
317 1723 605 1791 Θεολόγος,
661 1724 772 1795 πῦρ
805 1727 1041 1787 πνεύσας
1070 1727 1164 1778 καὶ
1199 1726 1512 1796 καλλιλογια
1560 1727 1768 1797 ἐλλαμο

183 1816 456 1884 ψάμενος.
507 1816 614 1870 Καὶ
643 1819 693 1885 ,ἠ
741 1819 924 1884 βίϐλος
986 1815 1100 1887 εἶχε
1157 1818 1294 1872 πολὺ
1323 1819 1383 1871 τὸ
1412 1821 1761 1888 παράσημον,

182 1910 281 1960 καὶ
314 1909 376 1960 τ’)
422 1911 544 1960 κατ’
579 1910 750 1979 αὐτὴν
797 1910 956 1972 κλέος
981 1910 1232 1978 ἐξηγεῖτο
1258 1912 1338 1972 εις
1384 1912 1635 1975 πολλοὺς,
1668 1913 1765 1962 καὶ

182 2004 475 2070 ἐφείλκετο
496 2007 618 2066 τοὺς
646 2005 924 2075 ἀκροατὰς
954 2005 1126 2067 οὕτως
1176 2007 1384 2075 ἐκείνη,
1417 2009 1509 2058 καὶ
1533 2004 1764 2058 ἐθεῶντο

180 2096 362 2162 αὐτὴν
417 2097 552 2165 πρδς
613 2096 803 2166 θαῦμα
838 2116 850 2127 ·
885 2099 978 2149 καὶ
1024 2095 1091 2166 ἦν
1147 2101 1420 2168 ἐντρυφᾷν
1466 2102 1593 2161 τοὺς
1640 2099 1761 2168 βλέ-

180 2203 396 2250 ποντας
441 2191 552 2250 τοῖς
597 2206 655 2240 τε
715 2190 867 2251 ἐντὸς
928 2193 1021 2243 καὶ
1075 2191 1152 2258 τῷ
1213 2193 1634 2262 προφαινομένῳ
1685 2195 1762 2254 εἰς

179 2282 508 2348 ἁγολλίαμα
537 2281 629 2334 καὶ
660 2282 847 2350 ψυχῆς
883 2286 978 2336 καὶ
1002 2283 1202 2351 ὅψεως.
1252 2285 1491 2353 Θέμενος
1525 2281 1619 2336 οὖν
1671 2286 1762 2335 καὶ

178 2374 296 2440 ἐγὼ
329 2375 567 2444 σπουδὴν
598 2377 842 2443 ἐντυχεῖν
887 2376 964 2445 τῷ
1018 2376 1168 2444 καλῴ
1222 2378 1511 2447 Γρηχόρίῳ
1563 2377 1759 2444 τούτῳ,

177 2468 285 2518 οὐκ
335 2466 641 2537 εὐστόχησα
681 2487 692 2497 ·
729 2468 993 2536 μετετέθη
1027 2469 1133 2535 γάρ
1176 2485 1290 2527 πως
1320 2468 1388 2519 τά
1437 2484 1499 2532 γε
1529 2468 1608 2528 εἰς
1638 2469 1759 2536 ἐμέ.

192 2559 419 2627 Ἀμέλει
463 2561 555 2610 καὶ
610 2557 990 2627 λελυπημένος
1033 2559 1319 2626 ἐπυθόμην
1353 2557 1448 2610 τοῦ
1493 2559 1762 2627 καθηγου-

181 2651 353 2719 μένου
391 2645 481 2718 (ἦν
510 2649 566 2702 δέ
586 2649 843 2717 ἐνάρετος
871 2649 899 2698 δ
937 2647 1097 2717 ἀνὴρ,
1158 2649 1253 2700 καὶ
1311 2649 1656 2716 γραμμάτων
1703 2650 1760 2702 δέ

179 2740 406 2808 ῐδμων),
443 2742 535 2792 ποι
591 2757 725 2792 ποτε
759 2739 929 2791 τόπου
977 2738 1039 2791 τὺ
1086 2738 1255 2791 καλὸν
1303 2737 1512 2807 βιϐλίον
1563 2739 1755 2805 ἐστινς

197 2833 259 2884 Ὅ
297 2833 352 2885 δέ
382 2836 475 2884 τὸν
518 2835 616 2902 τῆς
665 2830 847 2894 δεξιᾶς
895 2830 1113 2899 λιχανὸν
1165 2831 1498 2893 κατασείσας
1564 2831 1638 2893 ὡς
1683 2835 1760 2895 εἰς

178 2925 413 2987 κύκλον,
461 2924 614 2977 οὐδὲν
666 2923 1024 2992 ἁπεκρίνατο.
1087 2921 1258 2991 Ἐμοῦ
1307 2923 1363 2975 δέ
1408 2923 1759 2991 ἐγκειμένου,

179 3015 281 3068 καὶ
340 3016 545 3083 ἱλαρῶς
602 3014 1084 3085 ἐπανερωτῶντος,
1134 3015 1599 3082 ἀπεμποληθῆναι
1638 3010 1759 3066 εἷπε

179 3109 284 3176 τὴν
313 3108 516 3176 βίϐλον.
562 3108 655 3168 Τίς
684 3106 815 3175 γὰρ,
851 3107 1008 3173 φησὶ,
1061 3107 1152 3156 καὶ
1196 3106 1355 3174 χρεία
1381 3102 1449 3173 ἦν
1478 3106 1608 3173 ἡμῖν
1659 3107 1758 3158 αὑ-

1879 618 2214 669 constructis
2292 629 2348 670 ut
2408 620 2714 675 alvearibus
2779 624 2863 679 his
2933 628 3103 695 libris,
3164 647 3448 693 sermones

1886 725 1902 756 ι
1976 707 2248 763 dulciores
2297 725 2460 778 super
2527 714 2628 768 mel
2668 722 2721 769 et
2788 714 3023 774 favum"
3061 742 3077 774 ι
3139 723 3219 778 ibi
3273 727 3446 783 inclu-

1879 801 2100 853 dehant.
2163 799 2321 856 Tales
2380 804 2666 872 cupiebam
2725 823 2849 864 esse
2909 814 3048 880 apud
3098 832 3201 871 nos
3260 824 3351 891 qui
3391 826 3444 878 in

1879 891 2055 958 primo
2082 890 2273 946 ordine
2292 895 2546 948 videntur
2576 912 2698 952 esse
2729 904 3001 959 monachi.
3041 907 3144 962 Sed
3169 890 3294 978 quia
3333 932 3442 971 non

1880 982 2139 1049 profanos
2173 984 2339 1039 libros
2371 987 2567 1052 solmn,
2599 990 2692 1044 sed
2716 1001 2768 1044 et
2801 1008 3040 1064 nostros,
3061 1002 3264 1068 quibus
3302 1006 3445 1064 Deus

1879 1085 1932 1126 et
1981 1075 2165 1129 divina
2191 1078 2356 1132 altius
2405 1095 2838 1150 cognoscuntur,
2874 1093 3023 1156 parvi
3055 1092 3290 1160 faciunt,
3325 1103 3444 1156 volo

1879 1179 1999 1217 cum
2035 1169 2114 1220 eis
2147 1169 2412 1223 rationem
2448 1189 2647 1240 ponere
2676 1193 2742 1231 ne
2783 1181 3017 1248 amplius
3044 1185 3124 1240 sic
3157 1188 3442 1259 insipiant.

2629 1271 2916 1338 ἐντεθῆναι
2982 1277 3200 1346 μήκαὶ
3270 1286 3445 1340 εισέτι

1951 1449 2068 1502 ιιι.
2108 1449 2300 1515 Qualia
2336 1453 2522 1518 verba,
2584 1470 2616 1509 ο
2646 1457 2847 1513 ccelum
2898 1473 2949 1515 et
2978 1473 3144 1529 terra,
3180 1480 3338 1523 antea
3372 1472 3440 1526 ab

1873 1541 2093 1597 homine
2126 1544 2285 1600 istius
2319 1549 2462 1601 modi
2493 1551 2704 1605 audivi!
2729 1551 3062 1624 Acceperam
3083 1563 3284 1618 alicubi
3315 1581 3444 1623 esse

1870 1637 2157 1700 quemdam
2182 1638 2375 1690 librum
2402 1656 2638 1703 sacrum.
2667 1661 2829 1714 quem
2868 1646 3166 1718 Gregorius
3207 1652 3440 1714 Theolo-

1870 1741 1994 1791 gus,
2048 1727 2222 1794 iguetn
2281 1732 2522 1798 spirans,
2559 1736 2773 1803 egregia
2820 1743 3093 1796 sermonis
3140 1746 3436 1816 elegantia,

1873 1820 2294 1886 conscripserat.
2336 1820 2560 1875 Multum
2611 1824 2827 1882 decoris
2883 1831 2972 1884 ille
3005 1833 3142 1889 liber
3170 1836 3437 1902 habebat;

1873 1905 2013 1958 fama
2065 1908 2212 1964 illius
2253 1912 2392 1979 apud
2443 1916 2639 1969 multos
2690 1921 3035 1987 narrabatur,
3091 1929 3280 1997 sicque
3314 1937 3438 2001 qui-

1867 2013 2101 2067 cumque
2159 2003 2881 2076 audiebantalliciebantur,
2933 2025 2987 2070 et
3032 2034 3154 2072 cum
3209 2034 3438 2095 stupore

1868 2087 2251 2156 intuebantur;
2309 2109 2540 2164 cumque
2592 2102 2907 2157 viderentur
2957 2107 3227 2166 internatn
3263 2087 3318 2168 υἱ
3345 2132 3438 2172 ex-

1870 2191 2080 2233 ternam
2123 2186 2387 2250 speciem,
2424 2189 2635 2243 delicia:
2665 2206 2824 2248 erant
2864 2206 2919 2250 et
2955 2201 3248 2261 admiratio
3282 2222 3434 2263 men-

1867 2270 1938 2323 tis
1964 2279 2015 2323 et
2063 2273 2370 2328 oculorum.
2409 2277 2543 2332 Cum
2578 2281 2744 2349 igitur
2785 2285 3118 2343 desiderium
3147 2301 3433 2366 concepis-

1865 2375 1979 2413 sem
2006 2362 2149 2416 ilius
2175 2369 2374 2435 egregii
2415 2366 2660 2440 Gregorii
2700 2377 2880 2443 operis
2929 2380 3166 2447 videndi,
3218 2388 3284 2441 ad
3320 2362 3432 2444 rem

1873 2468 1978 2505 non
2007 2460 2227 2523 perveni
2256 2476 2268 2511 :
2298 2464 2609 2518 reconditus
2642 2477 2779 2530 crat,
2814 2472 3011 2527 saltem
3045 2491 3143 2544 pro
3177 2495 3282 2535 me.
3309 2482 3433 2538 Sta..-

1866 2544 1961 2593 tim
1994 2551 2048 2595 et
2092 2545 2264 2600 tristis
2298 2551 2522 2616 quaesivi
2554 2568 2584 2606 a
2621 2560 2936 2624 praeposito,
2971 2562 3193 2621 homine
3223 2569 3437 2626 scilicet

1864 2633 2188 2700 conspicuo,
2250 2647 2305 2689 et
2355 2637 2662 2695 litterarum
2713 2650 2913 2714 perito,
2949 2666 3187 2719 quonam
3229 2658 3438 2716 inloco

1863 2729 2013 2774 esset
2037 2723 2172 2776 liber
2204 2723 2468 2782 famosus.
2532 2729 2659 2795 Qui,
2710 2735 2884 2805 digito
2919 2739 3157 2798 dextera
3190 2749 3347 2815 quasi
3380 2751 3432 2804 in

1865 2812 2130 2866 circulum
2180 2817 2405 2885 agitato,
2439 2821 2574 2875 nihil
2628 2831 2931 2894 respondit.
2987 2831 3053 2886 Et
3080 2812 3435 2896 cum'rursus

1867 2905 2152 2970 iustarum,
2211 2919 2263 2963 ct
2315 2927 2503 2968 rursus
2548 2931 2670 2969 cum
2704 2919 2976 2978 hilaritate
3012 2927 3424 3002 interrogarem,

1867 2999 2064 3053 librum
2121 3005 2397 3058 venditum
2446 3022 2569 3062 esse
2629 3010 2789 3065 dixit.
2837 3012 2968 3079 Qua:
3017 3022 3183 3086 enim,
3224 2999 3430 3097 inquit,

1867 3094 2082 3150 utilitas
2127 3097 2307 3150 illius?
2353 3099 2414 3152 Et
2466 3117 2587 3154 cum
2618 3104 2696 3157 ira
2753 3106 2900 3163 intus
2932 3094 3345 3184 accenderetur,
3379 3132 3432 3173 et

178 3202 282 3268 τῆς
316 3217 329 3263 ;
382 3196 645 3250 Ἐνταῦθα
673 3196 807 3264 ἐμοῦ
837 3197 1006 3264 θυμὸν
1034 3196 1326 3265 ἐνδὸμυχον
1349 3196 1758 3262 ὑπανάψαντος,

1867 3189 2130 3254 paulatim
2177 3194 2584 3258 ostenderetur,
2638 3214 2857 3254 causam
2918 3209 3146 3273 pr0tu|it
3199 3211 3434 3281 insignis

180 3294 288 3362 ἥδη
343 3293 399 3344 δὲ
445 3289 540 3342 καὶ
571 3291 948 3359 προφήναντος
983 3288 1186 3357 ἡρέμα,
1242 3289 1490 3356 ἐπήγαγε
1547 3289 1640 3339 καὶ
1677 3289 1759 3341 αι.

180 3386 308 3436 τίαν
354 3384 563 3443 ἐκεῖνος
596 3383 622 3433 ὁ
655 3380 852 3447 σεμνὸς
893 3381 1128 3449 μοναχὺς
1171 3379 1458 3432 διάλευκον
1494 3380 1554 3430 τό
1577 3395 1588 3407 ’
1621 3397 1639 3430 ι
1671 3380 1760 3441 El;

178 3479 239 3528 τί
262 3476 374 3543 γὸρ
404 3474 497 3527 καὶ
532 3474 765 3536 δεόμεθα
801 3471 1038 3540 βαὸὶίων
1082 3473 1343 3524 τοιούτων
1371 3474 1569 3540 ἡμεῖςς
1606 3491 1623 3522 ι
1674 3472 1760 3533 Ὠς

178 3568 374 3635 δ’ἐγὼ
425 3570 516 3619 τὸν
563 3566 736 3635 θυμὸν
801 3563 1123 3634 μεταὸαλὼν
1175 3567 1256 3625 εἰς
1311 3565 1482 3634 βαρὺν
1521 3567 1758 3631 γέλωτα,

181 3664 529 3726 ἐξωνείδισα,
589 3659 839 3711 ὑπειπών
868 3675 880 3688 ·
925 3676 942 3708 ι
990 3657 1146 3718 Τίνος
1201 3659 1308 3726 γὰρ
1360 3659 1453 3709 καὶ
1503 3657 1759 3726 δεήσεσθε

177 3757 233 3807 οἱ
263 3755 424 3821 λόγου
456 3753 598 3816 ἄξιοι
634 3753 878 3820 μοναχοὶ,
922 3751 1014 3800 ἐὰν
1042 3750 1110 3801 τὰ
1139 3748 1363 3800 τοιαῦτα
1411 3748 1592 3817 βιϐλία
1625 3749 1758 3817 παρ’

180 3849 338 3901 οὐδὲν
385 3845 657 3913 ποιῆσθε;
695 3863 712 3894 ι
764 3841 1014 3910 παρῆλθέ
1081 3859 1147 3909 με
1182 3843 1209 3893 ὁ
1239 3840 1523 3909 ἄνθρωπος
1571 3841 1758 3908 ἐντρα-

183 3941 335 4002 στεὶς,
374 3941 470 3990 καὶ
498 3936 683 3988 οὐκέτι
719 3934 808 3986 διὰ
850 3933 967 4001 βίου
992 3935 1068 3993 εἰς
1104 3932 1224 4000 ὄψιν
1255 3928 1385 4000 ἦλθέ
1419 3950 1527 4000 μοι,
1563 3932 1759 4002 βὀρυν-

182 4033 301 4093 θεὶς
336 4028 513 4097 οἶμαι,
550 4029 610 4079 τὸ
649 4029 708 4079 ἐν
739 4028 862 4096 ἐμοὶ
890 4025 1039 4078 οὕτω
1072 4025 1405 4092 φιλόὸιὸλον.

257 4124 398 4188 ρμε’.
433 4113 504 4167 Ὅ
569 4117 634 4184 δὴ
660 4115 894 4167 τοιοῦτοι
942 4114 1191 4184 μοναχοὶ,
1222 4115 1394 4178 οὓτως
1443 4113 1760 4179 ἐξουθενοῦν

181 4213 402 4265 ἐθέλετε
449 4213 578 4273 τοὺς
623 4209 930 4274 θεολόγους,
975 4209 1076 4277 ήδη
1112 4208 1167 4259 δέ
1201 4209 1418 4271 πάντως
1463 4210 1559 4260 καὶ
1607 4211 1756 4273 τοὺς,

179 4307 302 4358 ὅσοι
352 4302 474 4355 κατ’
538 4301 736 4363 αὐτούς
765 4316 778 4363 ;
811 4298 998 4361 Οὕτως
1059 4299 1325 4368 ἄχρηστοι
1383 4300 1516 4369 παρ’
1550 4300 1681 4370 ὑμῖν
1709 4302 1760 4354 οἱ

181 4396 511 4463 θεόφθογγοι
543 4410 558 4456 ς
591 4387 662 4442 Ὦ
706 4389 942 4454 Φαῦστε,
971 4383 1016 4441 ὦ
1046 4390 1319 4458 Δαλμᾶιε.
1357 4384 1401 4442 ὦ
1455 4392 1758 4445 Στουδιῶτα

182 4487 458 4557 Θεόδωρε,
491 4477 535 4536 ὦ
585 4482 813 4551 Κύπρου
861 4481 1168 4548 Ἐπιφάνιε,
1201 4474 1245 4532 ὦ
1297 4481 1480 4549 μυρίοι
1526 4482 1756 4534 τοιοῦτοι

182 4581 336 4647 ἇγιοι
379 4575 604 4647 μοναχοί
639 4589 654 4604 ⁸
690 4573 862 4635 οὕτως
901 4574 1058 4641 ὑμεῖς
1101 4572 1293 4639 ἐζῆτε,
1339 4571 1481 4624 οὕτω
1514 4576 1610 4634 τὰς
1638 4573 1756 4625 θεο-

183 4672 384 4738 λόγους
438 4668 656 4727 δέλτους
708 4663 842 4715 ὡσεὶ
890 4662 1048 4714 οὐθὲν
1115 4662 1426 4729 ἐλογίζεσθε
1495 4665 1757 4732 σκορακί-

181 4762 414 4824 ζοντεςς
450 4753 520 4811 Ὠ
564 4755 808 4823 Ἐφραὶμ
855 4752 1151 4820 ἀγιώτατε,
1207 4755 1257 4805 τί
1289 4754 1351 4823 δή
1400 4772 1528 4806 ποτε
1563 4754 1758 4806 τοσαύ-

178 4869 287 4920 της
343 4849 682 4917 ἐνεφορήθης
739 4845 1059 4914 φιλοσοφίας
1111 4846 1248 4914 ὑπὲρ
1313 4847 1494 4914 κόρον,
1539 4845 1612 4908 ὡς
1663 4846 1758 4898 καὶ

179 4941 513 4997 ποτνιᾶσθαι
586 4942 682 4991 καὶ
738 4937 1051 4990 θεοκλυτεῐν
1113 4938 1325 4990 ἀνιέναι
1378 4938 1469 4989 τὸν
1519 4938 1651 4990 Θεὸν
1699 4941 1758 4992 τὸ

180 5034 473 5104 ὑπεράγαν
501 5034 560 5084 ἐν
593 5033 679 5083 σοὶ
718 5029 820 5098 τῆς
856 5027 1109 5095 γνώσεως
1145 5045 1160 5092 ;

258 5124 416 5198 ρμς’.
467 5122 687 5191 Μοναχὲ
738 5121 1037 5191 χωρητικὲ,
1073 5123 1121 5173 εἰ
1171 5121 1224 5173 δέ
1284 5121 1448 5174 ποθεν
1485 5122 1754 5190 ἀνακύψει

180 5221 284 5274 καὶ
317 5218 412 5270 νῦν
442 5218 664 5284 ζήτημα
691 5214 1145 5282 ἐκκλησιαστικὸν
1170 5213 1452 5282 ἐμϐριθὲς,
1497 5215 1750 5282 ἀμφιμα.

181 5330 299 5383 γον,
329 5313 424 5362 καὶ
467 5309 671 5376 πρέπει
712 5305 1073 5372 ἀγωνίζεσθαι
1128 5309 1250 5366 τοὺς
1292 5307 1469 5374 ἱεροὺς
1527 5306 1749 5375 ἄνδρας,

175 5400 256 5457 ὧν
294 5403 450 5470 μέλος
489 5402 581 5452 καί
615 5399 781 5467 μέρος
831 5399 890 5449 οὐ
920 5399 977 5448 τὸ
1011 5399 1173 5466 τυχὶν
1226 5398 1316 5449 καὶ
1356 5400 1402 5450 οἱ
1448 5400 1587 5450 κατὰ
1639 5401 1698 5450 σέ
1734 5418 1747 5430 ·

175 5496 230 5547 τί
268 5495 334 5545 ἂν
373 5490 676 5559 τηνικαῦτα
706 5493 938 5558 ποιήσῃς
965 5489 1165 5554 αὖτός;
1216 5490 1336 5546 Πῶς
1382 5492 1448 5544 ἂν
1485 5491 1748 5562 λαλήσῃς,

176 5583 492 5651 ἀπαγαγὼν
551 5583 802 5643 σεαυτοῦ,
837 5584 929 5633 καὶ
985 5585 1186 5650 τρόπον
1216 5583 1336 5636 τινὰ
1367 5583 1617 5653 ἐκτεμὼν
1651 5588 1749 5655 τήν

175 5694 237 5729 τε
271 5675 547 5742 γλῶσσαν,
580 5675 648 5726 τά
679 5689 736 5725 τε
771 5673 946 5741 χείλη,
981 5673 1048 5726 τὰ
1078 5672 1360 5743 θεολογικὰ
1388 5674 1588 5745 δηλαδὴ
1622 5677 1742 5746 νοή-

254 5855 297 5883 ¹⁹
344 5851 482 5905 l'sal.
509 5866 662 5904 n‘ttt.
696 5851 773 5904 ll.

1868 3277 1957 3332 ille
1990 3285 2313 3347 monachus,
2365 3286 2550 3356 sicque
2583 3294 2878 3358 exposuit:
2933 3297 3012 3350 Ad
3058 3303 3188 3368 quid
3236 3277 3427 3359 talium

1863 3370 2129 3426 librorum
2177 3390 2396 3444 egentns
2446 3383 2596 3436 nos?
2634 3383 2930 3456 Postquam
2982 3401 3163 3448 autem
3201 3397 3335 3452 iram
3369 3400 3426 3456 in

1862 3467 2189 3521 cachinnum
2245 3476 2669 3543 convertissem,
2730 3490 2787 3534 et
2839 3487 3307 3552 exprobravissem
3351 3493 3432 3546 di-

1863 3570 1992 3609 cens
2038 3576 2052 3611 :
2107 3559 2407 3629 Cujusnatn
2461 3568 2536 3620 rci
2601 3570 2932 3641 indigebitis,
2977 3581 3230 3634 menachi
3289 3581 3430 3637 fama

1864 3650 2034 3719 digni,
2065 3653 2107 3704 si
2148 3656 2280 3708 tales
2309 3656 2476 3711 libros
2511 3661 2662 3714 nihili
2689 3662 2908 3720 facitis?
2949 3684 3033 3722 me
3074 3674 3294 3739 reliquit
3320 3678 3430 3732 iste

1865 3744 2028 3797 humo
2047 3756 2192 3800 retro
2215 3762 2536 3820 conversus,
2569 3771 2668 3811 nec
2691 3761 2921 3827 amplius
2946 3764 3077 3817 mihi
3098 3777 3225 3821 ante
3241 3770 3430 3828 oculos

1865 3837 2039 3902 aﬂuit,
2062 3850 2267 3896 tantum
2288 3845 2550 3900 librorum
2571 3864 2813 3907 atnoretn
2842 3869 3019 3910 meum
3045 3872 3186 3929 aagre
3221 3859 3428 3926 ferens.

1865 3939 1921 3984 ut
1961 3934 2221 3988 arbitror.

1935 4109 2054 4164 145.
2091 4109 2219 4175 Vos,
2263 4117 2591 4182 omonachi,
2636 4121 2900 4189 repellere
2947 4126 3111 4181 vultis
3143 4129 3433 4206 theologos

1863 4205 1914 4249 et
1945 4203 2311 4268 quotquoteis
2332 4206 2542 4262 similes
2566 4211 2732 4264 sunt?
2757 4210 2847 4267 Sic
2870 4215 3022 4271 vobis
3052 4220 3275 4279 inutiles
3298 4203 3430 4280 sunt

1862 4291 1952 4357 qui
2017 4293 2082 4344 de
2113 4294 2275 4348 rebus
2317 4297 2519 4353 divinis
2551 4308 2958 4362 tractaruntH)
2991 4309 3210 4378 Fauste,
3239 4332 3273 4371 ο
3306 4320 3430 4374 Dal-

1864 4393 2026 4446 mate,
2072 4400 2101 4437 ο
2141 4384 2422 4441 Theodore
2459 4389 2696 4459 Studita,
2735 4411 2766 4450 ο
2798 4397 3065 4467 Epiphanl
3098 4404 3430 4477 Cypriota,o

1862 4487 1957 4526 vos
1988 4491 2180 4529 omnes
2198 4491 2358 4541 pares
2382 4481 2527 4534 utille
2545 4486 2717 4537 sancti
2762 4490 3044 4545 monachi!
3081 4495 3298 4551 Siccine
3333 4515 3430 4556 vos

1865 4564 2152 4619 vivebatis!
2200 4567 2406 4623 siccine
2454 4584 2676 4629 sanctas
2729 4579 2942 4636 tabulas
2979 4593 3036 4637 ut
3073 4587 3301 4640 nihilum
3339 4607 3427 4644 re-

1863 4655 2156 4722 putabatis,
2204 4669 2258 4713 et
2298 4674 2424 4716 ante
2470 4678 2666 4720 corvos
2719 4671 3124 4740 projiciebatis!
3164 4679 3208 4732 0
3239 4693 3429 4738 sancte

1864 4748 2151 4817 Epiphani,
2216 4753 2282 4806 ad
2334 4755 2461 4824 quid
2489 4771 2618 4828 ergo
2650 4768 2798 4813 tanta
2849 4765 3203 4837 philosophia
3256 4787 3428 4843 usque

1862 4843 1926 4894 ad
1976 4845 2276 4900 satietatem
2311 4849 2549 4917 repletus
2590 4866 2670 4916 es,
2723 4854 2797 4908 ita
2829 4866 2887 4910 ut
2916 4858 3082 4912 Dentn
3145 4878 3426 4931 exorares,

1861 4943 1913 4986 ct
1942 4937 2259 5004 suppliciter
2309 4953 2522 5010 peteres
2571 4944 2794 4999 nimiam
2833 4956 2979 5004 tuam
3022 4952 3303 5010 scientiam
3343 4973 3428 5013 re-

1863 5025 2084 5080 laxare?

1936 5121 2052 5174 H6.
2091 5121 2186 5176 Eia
2216 5139 2334 5193 age,
2372 5128 2550 5196 ample
2596 5132 2883 5198 monache,
2915 5134 2962 5189 si
2991 5137 3212 5194 aliunde
3238 5157 3426 5195 assur-

1861 5216 1935 5280 git
1968 5214 2185 5282 aliquod
2235 5218 2460 5271 dubium
2498 5222 2952 5290 ecclesiasticum,
3001 5228 3242 5295 difﬁcile,
3275 5235 3442 5288 circa.

1857 5310 2000 5378 quod
2035 5317 2384 5379 pugnantium
2416 5327 2517 5375 est,
2569 5323 2623 5368 ct
2658 5316 2703 5370 si
2739 5320 2896 5371 decet
2949 5320 3230 5384 decertare
3259 5341 3426 5379 sauc-

1861 5415 1943 5457 tos
1995 5405 2243 5460 homines
2277 5424 2512 5476 quorum
2549 5415 2849 5468 membrum
2881 5423 2935 5469 et
2984 5433 3110 5485 pars
3145 5430 3273 5474 sunt
3309 5423 3423 5476 l'ra-

1859 5507 1966 5551 tres
2004 5498 2105 5561 tui,
2137 5502 2266 5568 quid
2292 5511 2419 5556 tunc
2449 5504 2642 5558 iacies?
2675 5506 2963 5571 Quomodo
3005 5512 3265 5580 loqueris,
3297 5531 3421 5569 cum

1858 5593 2126 5646 amoveris
2161 5608 2187 5644 a
2225 5603 2294 5656 te,
2350 5604 2401 5648 et
2439 5599 2594 5665 quasi
2652 5602 2926 5656 sccaveris
2957 5604 3222 5673 linguam,
3256 5608 3420 5671 labia,

1857 5683 2065 5739 scilicet
2137 5689 2439 5744 sententias
2478 5692 2840 5763 theologicas,
2899 5695 3098 5764 quibus
3153 5701 3421 5755 universe
