4212 6434
729 337 829 408 851

1452 328 1874 394 EUSTATI-lll
1913 312 2674 391 THESSALONICENSIS
2711 324 3279 386 nemorense

3891 326 4005 385 852

732 454 1049 520 solvuntur,
1098 447 1435 522 qttzcstiones
1491 448 1821 517 depravatae,
1870 454 2038 515 atque
2080 444 2134 498 in
2187 456 2312 498 sen-

2421 457 2590 511 ματα,
2624 438 2694 492 δι’
2725 432 2800 492 ὧν
2833 440 2906 503 ὡς
2936 439 3147 493 ἐπίπαν
3189 440 3251 493 al
3292 436 3721 510 στρεϐ).οὕ;.ιεναι
3752 436 4006 507 συζητῆ-

730 559 853 599 snin
886 555 1095 599 rectum
1118 538 1418 596 revocata?
1455 539 1536 592 Ad
1568 537 1701 608 quid
1734 548 1867 590 tunc
1888 535 1983 588 tibi
2014 534 2314 604 proderunt

742 645 837 690 tua
871 630 1133 703 negotia?
1162 631 1400 697 Quibus,
1435 637 1645 699 quanto
1673 629 1920 697 tempore
1958 637 2315 696 praeoccupa-

734 734 823 780 tus
854 725 1115 781 remisiSti
1139 723 1389 779 stbdium
1419 720 1734 785 bibliorum,
1767 726 1932 787 atque
1969 715 2314 787 cognitiones

720 809 981 883 'altiores,
1023 797 1425 880 sublimiores,
1461 813 1574 868 Deo
1630 811 1963 883 proximas;
2010 825 2119 864 non
2150 809 2324 880 modo,

731 910 892 964 istius
920 908 1051 975 boni
1082 922 1319 963 amorem
1351 922 1462 961 non
1485 919 1842 973 conceperas,
1880 901 1986 960 sed.
2010 917 2153 957 unus
2185 914 2309 955 eras

732 1016 798 1056 ex
831 998 1296 1072 persequentibus
1345 998 1503 1062 illud,
1558 976 1701 1050 hbnc
1759 1009 1924 1051 unam
1993 993 2306 1072 trinitatem

733 1106 969 1148 noveras
1025 1089 1289 1163 perfecte,
1344 1097 1398 1143 et
1427 1087 1750 1163 extollebas,
1815 1077 2193 1140 adorationem
2255 1083 2313 1138 in

717 1184 959 1255 ‘templo,
1023 1183 1279 1238 cellulam
1348 1190 1521 1246 tuam,
1591 1190 1656 1255 et
1741 1193 2028 1244 mensam,
2109 1176 2316 1232 oblitus

734 1292 845 1332 non
908 1275 1049 1331 satis
1127 1290 1253 1329 esse
1304 1273 1411 1328 ista
1467 1253 1598 1326 vero
1650 1270 1923 1326 monacho
1958 1270 2025 1323 ad
2057 1269 2312 1323 virtutem

735 1366 1058 1437 perfectam,
1082 1374 1137 1420 et
1165 1364 1291 1418 huic
1320 1361 1685 1417 necessariam
1716 1374 1839 1426 esse
1857 1372 2107 1437 magnam
2139 1356 2317 1413 scien-

733 1458 867 1512 tiant
897 1438 1063 1523 ;‘nec
1098 1453 1268 1521 solam
1302 1452 1543 1510 divinam
1574 1449 1724 1515 dico,
1763 1450 1858 1507 sed
1890 1448 2057 1506 etiam
2087 1461 2315 1515 excerp—
2335 1503 2346 1522 3

732 1558 844 1603 tant
902 1562 968 1602 ex
1005 1545 1277 1611 historiis,
1341 1552 1403 1597 ut
1436 1543 1645 1599 dictum
1675 1548 1780 1607 est,
1810 1549 1866 1597 et
1904 1540 2044 1595 alias
2074 1537 2313 1592 maxime

735 1643 921 1695 varias
948 1638 1152 1708 quibus
1183 1637 1519 1705 cuicumque
1560 1633 1829 1690 inservire
1855 1640 2066 1704 posset.

810 1914 934 1969 H7.
995 1910 1062 1967 Et
1090 1912 1368 1967 nndenam
1413 1909 1590 1965 sancti
1619 1908 1695 1964 illi
1729 1906 1933 1978 egregii
1988 1906 2312 1990 sapientiam

735 2002 1071 2059 didicerunt?
1098 2000 1375 2068 Numquid
1405 2003 1529 2054 dum
1556 2007 1912 2054 versarentur
1942 1999 1995 2053 in
2024 1999 2160 2053 vicis
2180 2007 2235 2050 et
2259 1996 2312 2049 in

737 2087 1077 2151 civitatibus,
1111 2085 1239 2139 dum
1272 2083 1390 2138 vias
1412 2091 1466 2137 et
1499 2081 1727 2138 semitas
1777 2088 2156 2150 peragrat-ent,
2183 2078 2313 2134 dum

736 2188 914 2236 metas
933 2185 988 2235 et
1005 2163 1536 2232 rhedascurrerent?
1553 2171 1825 2242 Numquid
1849 2187 1973 2227 cum
1994 2171 2317 2228 secederent

734 2279 788 2324 et
815 2269 967 2324 omtti
1007 2265 1192 2323 studio
1224 2264 1610 2336 indulgerent?
1651 2262 1716 2317 Et
1752 2264 2032 2334 quomodo
2066 2263 2316 2319 homines

738 2363 834 2434 qui
866 2376 898 2417 a
931 2361 1206 2433 principio
1237 2359 1443 2415 talibus
1493 2357 1780 2413 laboribus
1814 2372 1924 2411 non
1971 2356 2315 2420 institerunt,

735 2465 929 2527 postea
957 2463 1086 2510 sunt
1114 2452 1308 2525 repleti
1338 2449 1609 2520 sapientia
1629 2448 1794 2520 digna
1823 2448 2088 2518 apostolis
2105 2447 2227 2515 Del,
2256 2459 2313 2504 et

736 2560 929 2603 vocem
950 2544 1244 2601 ediderunt
1268 2543 1476 2599 tonitru
1500 2541 1759 2600 similem.
1784 2539 2025 2595 auditam
2043 2554 2217 2611 usque
2245 2539 2314 2594 ad

735 2636 1253 2696 extreinumteme‘?
1276 2634 1553 2705 Numquid
1585 2640 1835 2690 errantes
1871 2633 2018 2689 circa
2053 2630 2313 2701 compita,

736 2731 908 2786 libere
925 2730 1356 2793 circumeuntes,
1375 2725 1691 2782 forensibus
1703 2723 2057 2788 insultantes,
2073 2725 2250 2778 oculis
2265 2730 2318 2776 et

736 2822 901 2879 labiis
923 2833 1250 2885 annuentes,
1279 2833 1535 2891 quosque
1555 2832 1664 2873 non
1684 2816 1997 2888 oportebat,
2018 2813 2319 2885 inspicien-

2421 548 2537 595 σεις
2585 530 2829 596 λύονται,
2862 531 3380 602 ἀποκαθιστάμεναι
3439 530 3520 591 εἰς
3556 528 3718 598 ὀρθόν
3751 543 3768 593 ;
3807 527 3905 590 Et;
3952 527 4007 579 τί

2419 642 2506 679 σοι
2532 622 2937 695 χρησιμεύουσι
2957 623 3080 676 τότε
3110 627 3178 675 τι
3203 622 3272 675 σα
3301 618 3674 690 πραγματικά
3704 635 3721 682 ς
3750 611 3836 679 οἷς
3867 618 4002 669 ὅσαι

2418 711 2559 790 ὧραι
2590 715 3125 787 πρισταλαιπωρῶν,
3145 715 3312 784 ἀφίης
3341 715 3443 784 τὴν
3467 709 4002 783 βιϐλιακὴντριόὴν,
4048 752 4055 761 .

2418 812 2514 866 καὶ
2546 812 2645 880 τὴν
2670 809 3011 881 ὑψηλοτέραν
3042 810 3376 878 ἀνάγνωσιν,
3403 811 3498 863 καὶ
3540 804 4007 879 ὑπερανῳκισμέ-

2418 923 2539 975 νην,
2584 904 2679 965 καὶ
2702 904 2840 960 Θεοῦ
2867 904 3229 974 ἁπτομένην
3268 903 3330 956 οὐ
3357 903 3531 974 μόνον
3571 901 3696 956 οῦδέ
3747 899 4007 966 ἀναλαμ-

2419 996 2600 1051 ϐάνων
2647 995 2835 1065 ἔφεσιν
2881 994 2979 1049 τοῦ
3011 986 3256 1048 τοιούτου
3295 990 3489 1058 καλοῦ,
3520 991 3659 1046 ἀλλά
3690 992 3784 1044 καὶ
3824 1003 4006 1042 κατα·

2418 1091 2706 1159 γινόμενος
2734 1088 2845 1141 τῶν
2889 1088 3310 1158 μετερχομένων
3344 1084 3477 1139 αὐτό
3498 1099 3516 1116 ⁸
3549 1082 3769 1152 ἐκείνην
3824 1078 4004 1149 μόνην

2417 1182 2879 1254 ἁκριὸωσάμενος
2929 1182 3129 1252 τριάδα
3169 1181 3312 1234 κατά
3347 1180 3447 1249 τὴν
3484 1180 3584 1247 σὴν
3607 1173 3869 1246 αῦχησιν,
3899 1172 4003 1243 τὴν

2417 1275 2477 1327 ἐν
2505 1277 2572 1346 τῇ
2623 1274 2895 1344 ἐκκλησίᾳ
2946 1273 3349 1343 προσκύνησιν,
3379 1271 3476 1323 καὶ
3511 1268 3573 1321 τὺ
3628 1265 3847 1320 κελλίον
3880 1280 4002 1328 σου,

2418 1366 2511 1419 καὶ
2539 1367 2639 1436 τὴν
2672 1366 2953 1436 τράπεζαν
2978 1378 2994 1394 ·
3024 1363 3120 1417 καὶ
3150 1363 3252 1417 οὐκ
3271 1361 3449 1428 εἰδὼς,
3481 1360 3557 1430 μὴ
3590 1359 3784 1428 ἀρκεῖν
3820 1354 4005 1409 ταῦτα

2416 1457 2496 1529 τῷ
2545 1457 2753 1528 κυρίως
2816 1457 3042 1526 μοναχῷ
3086 1457 3169 1518 εἰς
3227 1454 3432 1524 ἀρετῆς
3494 1452 3796 1517 ἐντέλειαν,
3862 1448 4006 1502 ἀλλά

2418 1548 2776 1617 προσδεῖσθαι
2806 1546 2971 1599 αὑτὸν
3002 1546 3126 1599 λίαν
3172 1544 3316 1598 πάνυ
3356 1544 3452 1598 καὶ
3482 1541 3761 1611 γνώσεως.
3795 1540 3914 1595 Καὶ
3940 1539 4003 1590 οῦ

2344 1667 2388 1724 Β
2418 1638 2584 1708 λέγω,
2635 1641 2807 1707 μόνης
2847 1637 2946 1706 τῆς
3002 1637 3315 1706 θειοτάτης,
3348 1635 3488 1689 ἀλλά
3518 1635 3610 1689 καὶ
3638 1635 3737 1702 τῆς
3778 1632 3894 1686 ἀπὺ
3925 1632 4008 1685 ia-

2416 1728 2637 1799 τοριῶν,
2676 1730 2753 1792 ὼς
2781 1728 3010 1800 epes-£01,,
3043 1733 3140 1781 καὶ
3182 1727 3430 1798 ἑτεροίας
3457 1727 3515 1782 δὲ
3547 1723 3891 1789 πολυειδοῦς,
3931 1723 4005 1776 δι’

2413 1816 2484 1894 ἦς
2512 1819 2628 1890 ἔχοι
2659 1819 2727 1874 ἂν
2750 1817 2986 1889 χρηστὸς
3027 1814 3171 1871 εἶναι
3202 1818 3316 1880 τοῖς
3364 1814 3815 1883 ἐντυγχάνουσιν.

2488 1907 2637 1980 ρμξ.
2678 1911 2749 1963 Ἦ
2788 1909 2954 1963 πόθεν
2994 1909 3046 1962 οἱ
3107 1907 3338 1978 μεγάλοι
3387 1908 3590 1961 ἐκεῖνοι
3622 1904 3772 1973 ἅγιοι
3814 1900 4007 1969 scorpi-

2418 1999 2625 2071 σθησαν
2655 2018 2672 2067 ;
2701 1997 2851 2072 Ἀρά
2893 2017 2957 2069 γε
3005 1998 3478 2071 ἀναστρεφόμενοι
3531 1998 3591 2050 ἐν
3642 1996 3866 2065 κώμαις
3909 1994 4009 2046 καὶ

2419 2093 2630 2158 πόλεσι,
2689 2094 2785 2146 καὶ
2813 2090 3259 2162 ἀναμετροῦντες
3290 2090 3637 2163 ρυμοτομίας
3669 2090 3763 2143 καὶ
3798 2103 4006 2140 στενω-

2417 2185 2578 2249 ποὺς,
2641 2185 2736 2237 καὶ
2781 2184 3015 2255 τόρμαις
3056 2184 3153 2237 καὶ
3205 2183 3463 2253 ρεγιῶσιν
3516 2179 4001 2250 ἐνδιατρίϐοντεςς

2420 2279 2492 2331 Ἦ
2526 2277 2978 2347 ἐγγωνιάζοντες,
3008 2276 3105 2330 καὶ
3131 2276 3424 2338 παντοίαις
3451 2272 3843 2343 συγγινόμενοι
3873 2272 4006 2322 ἁνα-

2417 2370 2694 2439 γνώσεως
2736 2370 2861 2433 Πῶς
2892 2369 2949 2422 δὲ
2977 2369 3028 2422 oi
3062 2367 3138 2440 μὴ
3176 2367 3275 2438 τὴν
3312 2367 3489 2440 ἀρχὴν
3515 2365 3780 2427 τοιούτοις
3812 2362 4009 2417 ἐπιϐε-

2416 2464 2680 2533 6ληκότες
2707 2461 2846 2524 ὅλως
2870 2461 3010 2531 πονή
3020 2477 3156 2531 μασι
3181 2460 3373 2530 σοφίας
3401 2460 3630 2530 ὕστερον
3663 2457 4012 2527 ἐνεπλήσθη-

2419 2570 2542 2621 σαν,
2578 2552 2901 2624 πρεπούσης
2962 2552 3288 2614 ἀποστόλοις
3339 2549 3475 2604 Θεοῦ
3541 2549 3637 2604 καὶ
3664 2546 4008 2616 ἐφθέγξαντο

2418 2643 2794 2715 βροντόφωνα,
2831 2642 3211 2713 ἐξακουὸμενα
3241 2642 3347 2707 ἕως
3382 2642 3639 2712 περάτων
3667 2641 3769 2711 γῆς
3804 2657 3820 2706 ;
3848 2634 4009 2708 Ἀρά

2419 2753 2485 2806 γε
2536 2735 2880 2803 πλανώμενοι
2933 2736 3065 2806 περὶ
3092 2735 3368 2807 ἀμφόδους
3395 2736 3618 2799 ἐκεῖνοι,
3668 2733 3766 2787 καὶ
3794 2731 4008 2804 ῥεμϐόο

2421 2843 2574 2897 μενοι
2600 2827 2790 2892 ἄνετα,
2823 2826 2920 2879 καὶ
2973 2824 3474 2895 διαλοιδορούμενοι
3514 2824 3633 2885 τοῖς
3687 2823 4004 2890 ἀγοραίοις,

737 2915 859 2971 tes?
879 2912 1073 2969 Nonne
1102 2913 1286 2985 potius
1315 2911 1474 2968 libris
1495 2911 1739 2982 legendis
1782 2909 1979 2965 intenti
2005 2906 2314 2962 doctrinam

2422 2919 2517 2972 καὶ
2551 2908 2850 2989 ὀφθαλμοῖς
2877 2916 3210 2983 ἐννεύοντες,
3244 2918 3338 2971 καὶ
3373 2914 3670 2986 μύλλοντες
3694 2955 3709 2980 ,
3751 2913 3851 2969 καὶ
3899 2913 4002 2976 τάς

737 3020 807 3062 au
817 3006 965 3061 ribus
983 3004 1139 3060 conci
1145 3004 1357 3075 pientes
1372 3010 1525 3058 artes
1542 3017 1626 3056 ma
1634 3001 1824 3057 nualcs
1837 3000 2143 3057 exercendo
2157 2997 2318 3055 illaec

2424 3011 2578 3080 ὄψεις
2619 3011 2877 3076 διδόντες,
2910 3003 2993 3072 οἷς
3023 3009 3085 3063 οὐ
3120 3008 3228 3079 χρή
3260 3025 3276 3074 ;
3310 3008 3344 3079 ἢ
3396 3007 3625 3077 βιϐλίοις
3662 3006 3835 3069 αὐτας
3866 3005 4002 3058 ἐπα-

737 3096 926 3153 omnia
939 3095 1070 3152 odio
1089 3096 1356 3151 habentes
1380 3094 1522 3164 pigri
1538 3093 1815 3158 homines,
1831 3106 1938 3147 non
1960 3092 2138 3148 solum
2157 3090 2316 3162 quasi

2421 3103 2656 3171 φιέντες,
2702 3102 2737 3173 ἢ
2771 3101 2904 3170 γοῦν
2947 3099 3087 3155 ἀλλά
3144 3100 3244 3153 σὺν
3288 3101 3355 3170 τῇ
3394 3098 3455 3164 ἐξ
3500 3098 3820 3166 ἀκροάσεως
3853 3097 4001 3167 cii-‘95-

737 3203 906 3258 super
931 3188 1122 3259 spinas
1150 3188 1207 3241 in
1236 3187 1322 3242 via
1352 3187 1479 3240 vitm
1511 3185 1819 3248 ambulant,
1860 3184 2167 3240 secundum
2189 3199 2318 3239 eum

735 3281 830 3352 qui
855 3279 994 3335 dixit
1019 3296 1036 3335 :
1060 3297 1081 3331 ι
1107 3277 1215 3334 lter
1234 3278 1515 3350 pigrorum
1535 3276 1694 3348 quasi
1721 3290 1879 3347 sepes
1898 3276 2180 3346 spinarum
2199 3276 2243 3308 ³ο
2265 3294 2313 3344 ;›

736 3371 835 3427 sed
864 3373 1031 3427 etiam
1058 3368 1330 3425 rationem
1355 3368 1648 3424 manifeste
1697 3369 2001 3438 deponunt;
2039 3367 2093 3422 id
2138 3383 2311 3422 unum

736 3464 853 3518 l‘cre
883 3462 1224 3528 didicerunt,
1255 3468 1309 3517 et
1353 3459 1495 3518 bene
1523 3469 1729 3516 norunt
1774 3460 2064 3518 demittere
2097 3459 2214 3517 fere
2249 3461 2316 3515 ad

738 3569 802 3610 os
821 3556 1162 3628 Opertorium
1197 3555 1282 3611 sui
1310 3554 1509 3625 capitis
1533 3594 1549 3618 .
1596 3555 1650 3609 in
1684 3555 1862 3626 platea
1906 3554 1976 3609 ad
2026 3555 2319 3625 acquiren-

738 3643 865 3698 dam
914 3644 1148 3715 gloriam
1196 3643 1437 3698 hominis
1485 3643 1878 3699 abscondentis
1910 3659 1994 3711 se;
2025 3652 2079 3699 et
2125 3645 2318 3714 siqua:

738 3749 894 3805 utth
927 3734 1241 3800 offendant,
1283 3750 1410 3789 mox
1467 3735 1724 3789 attollere
1771 3742 1829 3790 et
1879 3735 2100 3792 elevare
2132 3736 2314 3790 velum

739 3828 954 3897 nigrum
988 3841 1157 3896 supra
1193 3825 1455 3893 frontem,
1480 3836 1534 3881 et
1561 3840 1734 3897 usque
1763 3826 1830 3882 ad
1854 3827 2113 3883 verticem
2140 3838 2200 3882 ut
2220 3843 2317 3884 ore

740 3926 934 3988 aperto
957 3917 1318 3983 insolescant,
1360 3925 1416 3972 et
1454 3917 1663 3971 vultum
1707 3917 1866 3987 quasi
1890 3918 2197 3973 meretricis
2224 3918 2319 3972 ha-

741 4009 925 4063 beant.
953 4006 1019 4062 Et
1045 4015 1177 4064 tunc
1201 4008 1304 4064 iste
1323 4009 1415 4079 qui
1440 4009 1633 4064 oculos
1654 4007 1929 4064 demissos
1946 4008 2170 4078 figebat,
2193 4022 2316 4065 eos-

737 4099 861 4153 dem
889 4099 1212 4169 magnilicat
1241 4101 1422 4169 ignem
1448 4099 1750 4168 spirantes,
1770 4098 2036 4155 terribilis
2066 4098 2312 4163 videtur,

734 4206 831 4247 eos
871 4192 1147 4256 accendit,
1187 4191 1374 4245 turbat
1406 4192 1701 4256 rationein,
1731 4192 2023 4260 omniaque
2054 4192 2168 4263 agit
2195 4192 2317 4261 qui-

739 4284 842 4337 bus
881 4297 976 4351 qui
1045 4282 1393 4339 assuefactus
1434 4290 1522 4337 est
1553 4280 1671 4339 vias
1717 4297 1828 4339 non
1862 4291 2085 4340 veretur
2129 4293 2186 4340 et
2217 4299 2313 4342 eas

739 4375 940 4445 diligit.

811 4740 935 4796 HS.
963 4740 1140 4808 Quem
1161 4755 1296 4812 ergo
1313 4748 1368 4796 te
1394 4739 1742 4807 vocabimus,
1763 4754 1798 4796 o
1822 4743 2130 4799 monache?
2149 4750 2314 4801 urba-

739 4848 871 4888 num
902 4833 985 4888 vel
1007 4832 1346 4888 solitarium?
1373 4831 1653 4886 hominem
1678 4833 1987 4904 spiritualis
1999 4836 2317 4897 solitudinis

740 4924 824 4979 vel
848 4924 1123 5007 tumultus
1139 4924 1534 4994 compitorum?
1550 4924 1888 4980 habitantem
1909 4930 1963 4981 in
1985 4928 2121 4985 vicis
2140 4940 2236 4985 aut
2262 4930 2317 4986 in

737 5017 982 5073 deserto?
999 5015 1204 5086 Nempe
1226 5018 1332 5072 isto
1358 5017 1604 5083 nomine,
1635 5027 1694 5074 ut
1711 5034 1856 5087 reor;
1878 5021 2151 5091 siquidem
2180 5024 2318 5080 civi-

740 5118 906 5162 tatem
937 5122 968 5162 a
1009 5118 1061 5161 te
1101 5107 1506 5177 frequentatam
1546 5109 1694 5164 bono
1737 5112 1990 5183 exemplo
2012 5116 2318 5172 evaenasﬁ.

736 5199 817 5253 Ad
847 5206 1004 5251 extra
1027 5195 1266 5252 debebas
1281 5211 1407 5253 esse
1438 5208 1720 5265 terrenus,
1749 5210 1806 5256 et
1836 5197 2078 5257 caelestis
2110 5205 2162 5258 in
2182 5206 2312 5261 abs-

734 5287 983 5351 condito,
1006 5288 1152 5357 quod
1177 5287 1358 5359 diligit
1382 5287 1543 5343 Pater
1561 5290 1832 5358 omnium,
1863 5291 2042 5346 Deus:
2082 5293 2206 5364 «qui
2234 5294 2316 5350 vi-

738 5380 907 5434 detin
933 5378 1284 5443 abscondito,
1322 5388 1379 5435 et
1424 5380 1602 5436 reddit
1639 5383 1932 5438 manifesto
1957 5383 2023 5437 ³³.
2056 5403 2074 5435 r
2103 5383 2183 5438 Tu
2211 5401 2316 5440 au-

735 5481 845 5525 tem
875 5470 1143 5541 assurgis,
1165 5473 1320 5541 quasi
1346 5473 1521 5538 sidus,
1542 5481 1599 5527 et
1641 5474 1707 5527 ad
1762 5482 1963 5529 terram
1992 5476 2310 5542 inclinat-is;

738 5560 1063 5632 deprimet-is
1098 5564 1277 5631 quas"
1300 5562 1687 5637 mandragora,
1718 5575 1814 5620 aut
1860 5566 1966 5621 alia
2003 5567 2167 5622 arbor
2210 5585 2311 5623 ex-

814 5743 1179 5809 ”‘I'ruv.xv,
1244 5747 1324 5800 ill.
1406 5746 1445 5774 ⁸³
1502 5734 1690 5798 Matth.
1756 5761 1804 5798 ιι
1867 5747 1918 5800 i.

2418 3192 2540 3263 λείᾳ
2572 3192 3010 3261 προστετηκότες
3035 3193 3130 3244 καὶ
3154 3190 3492 3262 ἐργοχείροις
3522 3206 3539 3257 ;
3577 3190 3644 3242 Ἀ
3671 3189 3736 3260 δὴ
3777 3188 4003 3258 μισοῦν-

2418 3301 2509 3347 τες
2533 3285 2585 3336 oi
2625 3283 2819 3354 ἀεργοὶ
2851 3282 3087 3350 λογικοὶ,
3125 3282 3187 3336 οὐ
3218 3283 3382 3352 μόνον
3425 3281 3501 3345 ὡς
3528 3281 3623 3334 ἐπὶ
3650 3280 3916 3334 ἀκανθῶν
3946 3284 4003 3334 ἐν

2417 3378 2485 3447 τῇ
2534 3374 2628 3430 τοῦ
2679 3356 2794 3445 βίοῦ
2846 3374 3124 3445 βαδίζουει
3175 3373 3392 3446 τρίῦῳ,
3427 3372 3573 3427 κατά
3602 3373 3695 3426 τὸν
3755 3373 4006 3442 φάμενον

2419 3469 2684 3530 ἀκάνθαις
2742 3467 3095 3538 ἐστρωμένας
3143 3459 3284 3518 εἶναι
3364 3464 3475 3518 τῶν
3536 3462 3757 3535 ἀεργῶν
3813 3464 4003 3529 ὁδοὺς,

2417 3560 2556 3614 ἀλλὰ
2586 3560 2679 3612 καὶ
2706 3557 3119 3624 ὲξαλογίζονται
3163 3557 3425 3626 ἄντικρυς
3448 3597 3464 3621 ,
3496 3555 3554 3608 ἓν
3587 3555 3755 3625 μόνον
3805 3572 4006 3626 τεχνα-

2420 3653 2649 3722 σάμενοι
2700 3649 2796 3703 καὶ
2853 3645 2913 3703 εὖ
2974 3648 3222 3716 ειδότες,
3280 3647 3619 3702 καθελκύσαι
3671 3647 3835 3719 μέχρι
3912 3649 4011 3701 καὶ

2417 3744 2552 3798 αὐτὸ
2591 3741 2792 3813 μικροῦ
2827 3742 3007 3811 στόμα
3046 3739 3108 3792 τὸ
3136 3739 3403 3808 κάλυμμα
3432 3737 3496 3791 τὺ
3525 3738 3627 3807 τῆς
3654 3737 3911 3806 κεφαλῆς
3945 3742 4008 3792 ἐν

2417 3839 2486 3906 τῇ
2520 3835 2704 3906 ἀγορᾷ
2752 3833 3029 3903 δοκήσεως
3058 3831 3219 3902 χάριν
3246 3832 3347 3901 τῆς
3387 3830 3510 3883 κατ’
3554 3829 3909 3900 Extirpa-{4w}
3959 3831 4009 3883 εἰ

2415 3924 2476 3979 δέ
2529 3941 2632 3975 που
2675 3921 3024 3992 παρεμπέσοι
3054 3921 3296 3992 φλυαρία
3347 3917 3486 3991 βίου,
3529 3918 3666 3974 ἀλλὰ
3698 3920 3823 3973 τότε
3859 3920 4005 3990 ταχὺ

2417 4017 2732 4071 ἀναστεῖλαι
2789 4014 3242 4087 ἀνασυραμένους
3278 4014 3343 4067 τὸ
3376 4012 3550 4084 μέλαν
3578 4012 4005 4083 παραπέτασμα

2418 4108 2561 4179 ὺπέρ
2613 4108 2675 4161 τὸ
2703 4108 2999 4176 ζμέτωπον,
3040 4107 3146 4172 ἓως
3197 4105 3293 4160 καὶ
3346 4106 3427 4170 είς
3481 4105 3645 4159 αὑτὸν
3708 4105 3960 4176 βρεχμόν
3989 4122 4003 4136 ·

2418 4200 2507 4254 ἵνα
2549 4199 2690 4270 τάχα
2718 4215 2916 4269 γυμνῳ
2943 4199 3023 4268 τῷ
3053 4195 3335 4268 προσώπῳ
3369 4195 3774 4268 θρασύνωνται,
3824 4195 3907 4258 ὡς
3956 4198 4010 4250 εἰ

2418 4291 2513 4344 καὶ
2542 4291 2747 4362 πόρνης
2794 4291 2917 4360 ὄψιν
2970 4284 3139 4361 εἶχον.
3176 4289 3310 4343 Ὅτε
3344 4289 3443 4344 καὶ
3494 4290 3524 4341 ὁ
3554 4288 3625 4341 τα
3651 4288 3783 4357 πρὶν
3811 4288 4009 4340 κατώ-

2419 4380 2558 4452 ϐλεψ
2586 4383 2793 4443 ἐκεῖνος
2830 4380 3185 4444 ἀναπετάσας
3209 4381 3340 4442 τοὺς
3369 4379 3708 4451 ὀφθαλμοὺς,
3740 4379 3882 4432 ὡσεὶ
3911 4380 4011 4432 καὶ

2416 4474 2748 4542 πυρπνόους,
2793 4472 2948 4526 δεινά
2986 4474 3153 4547 ποιεῖ,
3188 4472 3409 4541 φλέγων
3439 4470 3623 4541 θυμῷ,
3662 4470 3855 4524 κυκῶν
3908 4471 4005 4524 τὸν

2417 4565 2698 4635 σύλλογον,
2743 4566 2922 4619 πάντα
2954 4564 3120 4635 δρῶν,
3173 4563 3242 4617 δι’
3287 4559 3365 4618 ὧν
3408 4563 3678 4637 ἐντρέψας
3713 4564 3778 4616 οὐ
3804 4580 4007 4618 καται-

2422 4661 2610 4730 σχυνεῖ
2640 4659 2739 4729 τὴν
2767 4658 3068 4727 λεωφόρον,
3097 4661 3165 4729 ἢν
3220 4656 3390 4724 φιλεῖ.

2492 4756 2643 4819 ρμη’.
2690 4749 2755 4802 ⁶ι⁹ί
2798 4767 2857 4803 σε
2889 4749 3195 4821 τηνικαῦτα
3228 4750 3637 4820 προσεροῦμεν,
3666 4743 3712 4803 ὦ
3741 4752 3957 4820 μοναχέ
3986 4768 4005 4818 ;

2414 4838 2667 4905 ἀστικὸν,
2699 4840 2733 4910 ἦ
2761 4840 3076 4910 ἐρημικόν;
3113 4840 3325 4919 γωνίας
3372 4840 3661 4910 ἄνθρωπον
3687 4857 4007 4910 πνευματι-

2415 4929 2540 4998 κῆς,
2569 4931 2603 5000 ἢ
2638 4930 2885 5000 ἀμφόδου
2918 4930 3243 5002 πολιτικῆςς
3281 4932 3695 5003 κωμοπολίτην,
3730 4934 3765 5003 ἢ
3795 4934 4010 5004 ἔρημοι-

2416 5019 2688 5090 πολίτηνς
2722 5020 2852 5088 Ναὶ,
2884 5017 3070 5092 οἶμαι,
3106 5022 3370 5089 τοιοῦτον,
3423 5022 3500 5086 ὡς
3547 5023 3868 5094 ἐρημοῦντι
3903 5025 4008 5096 τὴν

2417 5111 2523 5163 ὑπὸ
2561 5111 2655 5163 σοῦ
2690 5111 3026 5183 τριὸομένην
3076 5113 3237 5166 πόλιν
3291 5115 3578 5185 μιμήσεως
3610 5113 3852 5182 ἀγαθῆς·
3888 5118 4003 5170 Καὶ

2423 5203 2531 5272 μὴν
2588 5200 2820 5270 ὥφειλες
2863 5203 3112 5272 ἐπίγειος
3181 5203 3286 5273 μὲν
3340 5199 3585 5258 εἶναιτὸ
3640 5205 4001 5276 φαινόμενον,

2417 5295 2669 5363 οὐράνιος
2691 5293 2748 5346 δὲ
2775 5294 2835 5347 τό
2862 5311 2924 5362 γε
2947 5295 3202 5369 κρύφιον,
3226 5296 3288 5348 τὸ
3313 5294 3468 5364 φίλον
3493 5294 3572 5366 τῷ
3603 5296 3772 5367 κοινῷ
3804 5302 4005 5368 πατρὶ,

2419 5385 2541 5455 θεῷ
2573 5400 2587 5414 °
2619 5386 2678 5451 ὃς
2709 5385 2926 5457 βλέπων
2958 5389 3017 5442 ἐν
3043 5388 3124 5458 τῷ
3166 5388 3420 5459 κρυπτῷ,
3451 5388 3776 5442 ἀποδίδωσιν
3821 5391 3884 5442 ἐν
3927 5389 4009 5461 τῷ

2421 5474 2664 5547 φανερῷ.
2718 5476 2791 5529 Σὺ
2837 5475 2894 5531 δὲ
2942 5477 3079 5533 ἁλλά
3110 5479 3426 5548 ὀρθριαζεις
3493 5478 3592 5549 μὲν
3622 5477 3701 5548 τῷ
3754 5478 4005 5547 σχήματι

2423 5570 2862 5638 οὐρανοσᾶυοιιοί
2906 5571 3089 5643 δίκην,
3144 5572 3534 5643 προσκέκυφας
3560 5569 3617 5624 δὲ
3649 5571 3719 5641 τῇ
3776 5571 3849 5640 γῇ
3902 5568 4003 5621 καὶ
