4212 6434
790 405 890 469 86⁵1

794 607 1104 658 animarum
1156 603 1528 666 accesserint,
1571 601 1952 669 recipiuntur,
2003 607 2059 652 et
2106 600 2367 651 dicuntur

793 707 1113 766 operanles,
1145 693 1404 756 studiosi,
1434 707 1613 752 acres,
1642 692 1823 760 periti,
1855 698 1928 752 et,
1978 697 2038 741 ut
2065 689 2169 758 ipsi
2190 690 2367 749 aiunt,

794 788 986 844 viiiili.
1049 785 1310 838 llomines
1371 793 1552 836 autem
1602 781 1808 836 indolis
1848 781 2142 834 contraria:
2183 777 2371 846 cspcl.

795 879 984 932 luntnr
1013 876 1172 944 quasi
1207 876 1449 940 inutiles,
1487 889 1556 928 ne
1584 875 1730 926 velut
1753 873 1916 927 otiosi
1966 873 2263 924 crabrones
2315 870 2368 922 in

798 970 1150 1024 monasteriis
1201 971 1574 1023 enutriantur.
1623 966 1810 1020 Talem
1859 965 2160 1018 exercitum
2208 962 2368 1028 primi

799 1061 1055 1116 monachi
1102 1077 1226 1114 cum
1271 1059 1724 1127 censeripserint,
1759 1067 1922 1126 atque
1948 1057 2119 1108 aciem
2151 1054 2373 1106 ordina-

801 1158 910 1204 tam
934 1152 1310 1212 instrnxerint,
1346 1152 1487 1205 hanc
1511 1150 1770 1204 οιιιίιιιιιιι
1792 1165 1900 1203 ιιοιι
1920 1148 2085 1200 modo
2109 1146 2373 1199 adversus

800 1246 1117 1308 vii-iniores,
1149 1245 1241 1298 sed
1275 1245 1441 1298 etiam
1471 1255 1668 1300 contra
1700 1244 2049 1305 remotiores,
2083 1251 2249 1307 atque
2276 1254 2372 1306 per

801 1335 964 1389 istam
998 1335 1424 1400 ordinationem,
1456 1336 1668 1389 insidiis
1696 1335 1857 1388 facile
1890 1335 2124 1403 paratis,
2161 1329 2369 1385 domini

802 1437 1107 1497 prmenntcs
1144 1428 1427 1482 victoriam
1459 1435 1760 1494 reportant.
1798 1424 1876 1481 lle
1905 1426 2050 1478 enim
2087 1438 2211 1477 vera
2243 1438 2368 1477 cum

800 1527 1015 1589 gratum
1083 1529 1169 1574 est
1225 1526 1543 1588 peccatum,
1595 1526 1655 1570 ut
1706 1516 1930 1586 quidam
1978 1515 2137 1576 dixit,
2197 1510 2367 1565 densa

801 1621 857 1663 et
914 1609 1160 1663 conferta
1220 1611 1368 1664 acies
1426 1611 1694 1665 adversus
1751 1610 2010 1661 virtutem
2071 1605 2366 1675 colligitur.

803 1697 957 1764 Quod
978 1699 1118 1767 apud
1145 1713 1240 1753 nos
1268 1699 1531 1753 facientes
1552 1699 1864 1769 exemplum
1898 1711 2051 1750 vana:
2081 1695 2373 1750 discordia:

801 1791 926 1844 aliis
951 1791 1238 1846 monachis
1270 1792 1535 1860 proximis
1567 1791 1720 1854 dant,
1760 1790 1885 1845 aliis
1918 1791 1985 1843 ad
2022 1790 2160 1844 alios
2193 1790 2372 1842 imita-

801 1883 1009 1936 tionem
1073 1881 1439 1944 tradentibus,
1482 1897 1579 1952 per
1625 1897 1814 1952 quam,
1851 1882 2012 1951 quasi
2049 1895 2146 1951 per
2182 1880 2371 1932 incen-

799 1972 949 2026 dium
979 1971 1158 2025 omnia
1185 1971 1551 2040 circumsepta
1584 1972 1874 2034 devorans,
1912 1984 2138 2038 serpens
2167 1969 2371 2022 malitia

800 2074 1044 2118 extrema
1085 2065 1226 2118 mala
1267 2071 1565 2133 perpetrat.
1603 2064 1881 2117 Suscitata
1923 2062 2069 2114 enim
2099 2059 2373 2114 discordia

804 2156 946 2219 inter
976 2155 1244 2224 praelatos,
1279 2170 1512 2226 quorum
1562 2153 1814 2210 nonnulli
1847 2167 2101 2222 magnum
2127 2151 2371 2205 habitum

803 2265 915 2318 pra:
935 2264 993 2303 se
1017 2248 1220 2314 ferunt,
1244 2247 1378 2302 facis
1405 2247 1601 2314 instar,
1630 2247 1874 2301 ostendit
1894 2243 2376 2299 circumstantibus

801 2341 1103 2396 monachos
1126 2350 1396 2397 certantes
1426 2339 1495 2396 de
1516 2340 1752 2410 quodam
1780 2340 1897 2391 loco
1919 2345 2114 2391 contra
2136 2336 2369 2395 vicinos,

806 2435 887 2488 vel
941 2435 1102 2489 aliter
1153 2434 1468 2497 distinctos,
1519 2447 1658 2502 quos
1691 2433 1992 2486 observant
2049 2427 2284 2498 prarlati,
2320 2435 2370 2480 et

801 2526 1067 2583 adversus
1105 2541 1201 2582 eos
1229 2526 1394 2582 veluti
1430 2525 1498 2580 ah
1527 2539 1653 2579 arce
1684 2524 1884 2579 bellum
1918 2530 2159 2576 moveut.

877 2781 1249 2836 167.1nlerea
1313 2799 1376 2838 ex
1425 2784 1528 2838 hoc
1578 2784 1703 2853 igne
1741 2786 1842 2838 ista
1896 2786 2156 2852 cogitatio
2206 2784 2374 2838 menti

805 2890 948 2944 sa‘pe
981 2876 1225 2929 occurrit
1254 2893 1267 2929 :
1303 2874 1360 2930 Si
1397 2877 1696 2932 monachos
1734 2886 1844 2930 tam
1877 2887 2135 2932 strenuos
2166 2877 2376 2931 enutrit

807 2965 1221 3033 Thessalonica,
1271 2968 1362 3036 qui
1411 2977 1599 3022 contra
1632 2985 1871 3024 canones
1902 2978 1956 3024 et
2007 2971 2153 3038 leges
2183 2979 2374 3039 agunt,

804 3061 1116 3130 pontiﬁcem
1148 3067 1529 3124 contemnunt,
1575 3076 1750 3129 neque
1783 3061 1863 3116 eis
1904 3061 2048 3114 ullus
2097 3060 2375 3114 contradi-

1494 395 1907 459 EUSTATHII
1949 393 2710 454 THESSALCNICENSIS
2762 395 3335 457 METROPOLITJE

864 513 991 567 166.
1053 510 1191 566 Cum
1263 509 1576 564 istiusmodi
1629 506 1882 563 homines
1929 507 1995 559 ad
2049 506 2369 573 magistrum
2404 513 2446 567 Α

3948 399 4054 457 ειη

2549 510 2691 578 ρξς’.
2725 509 2834 562 Καὶ
2864 510 3096 563 τοιοῦτοι
3124 512 3222 580 μὲν
3246 508 3677 581 προσερχόμενοι
3706 507 3783 577 τῷ
3815 507 3927 561 τῶν
3956 508 4060 575 ψυ-

2471 601 2582 669 χῶν
2604 601 2888 670 καθηγητῇ
2911 603 3333 672 παραδέχονται,
3359 601 3757 671 ὀνομαζόμενοι
3781 601 4056 666 ὲνεργεῖς,

2471 693 2566 744 καὶ
2604 693 2916 757 σπουδαῖοι,
2978 697 3072 748 καὶ
3113 697 3428 766 ὲντρεχεῖς,
3490 695 3583 747 καὶ
3633 693 4056 761 πραγματικοὶ,

2473 784 2584 844 καὶ,
2620 783 2695 844 ὡς
2729 785 2882 838 αὐτοί
2913 801 3067 851 φασι,
3103 785 3328 848 ζῶντες,
3379 787 3441 838 El
3485 785 3542 837 δὲ
3575 783 3853 838 ἀνάπαλιν
3888 784 4058 854 ἤθους

2471 873 2717 928 τοιούτου
2749 876 2984 946 ἔχουσιν,
3037 878 3394 932 ἐκδιὼκονται
3426 877 3501 941 ὡς
3546 881 3794 948 ἀχρεῖοι·
3833 879 3924 930 ἵνα
3982 879 4056 946 μὴ

2473 966 2715 1036 κηφῆνες
2747 969 2899 1021 αὐτοπ
2929 970 3125 1038 ἀεργοὶ
3166 973 3631 1040 μοναστηριακοίς
3676 969 4057 1038 ἐντρέφωνται

2475 1059 2746 1127 σίμϐλοις.
2781 1061 2892 1113 Kal
2921 1061 2986 1132 δὴ
3016 1061 3555 1131 στρατολογήσαντες
3588 1061 3833 1114 τοιοῦτον
3869 1065 4056 1128 στῖφος

2473 1151 2524 1202 ol
2559 1151 3002 1220 πρωτομόναχοι,
3041 1153 3138 1206 καὶ
3167 1153 3319 1216 τάξιν
3351 1153 3588 1207 ἄτακτον
3618 1153 4054 1224 φατριάσαντες,

2473 1241 2879 1311 ἔνακμὰζουσιν
2910 1243 2972 1295 οὐ
3006 1245 3169 1311 μόνον
3195 1245 3336 1298 κατὰ
3358 1244 3467 1296 τῶν
3497 1247 3777 1310 γειτόνων,
3802 1245 3947 1295 ἀλλὰ
3965 1245 4058 1294 καὶ

2473 1332 2604 1393 τῶν,
2640 1334 2756 1385 ὅσοι
2787 1335 3164 1406 πορρώτερον·
3200 1339 3296 1390 καὶ
3325 1337 3515 1389 νικῶσι
3543 1337 3631 1390 διὰ
3656 1336 3758 1404 τῆς
3792 1334 4056 1402 τοιαύτης

2473 1426 2747 1490 ἐκτάξεως
2779 1430 2830 1480 οἱ
2866 1428 3047 1497 κύριοι
3097 1429 3530 1500 καθηγούμενοι,
3569 1431 3700 1498 ῥᾷον
3739 1427 4059 1496 ἀπηρτικὸ-

2472 1533 2564 1580 τες
2598 1517 2698 1588 τὴν
2729 1518 3111 1575 ὲπισύστασιν.
3142 1519 3232 1589 Τῷ
3258 1519 3373 1571 ὄντι
3397 1519 3526 1588 γὰρ,
3552 1520 3627 1571 ὅτ’
3657 1518 3722 1572 ἂν
3755 1514 4056 1584 εὐλογητὶς

2474 1609 2508 1677 ἡ
2549 1609 2797 1677 ἁμαρτία
2831 1607 2940 1677 εἴη,
2979 1610 3126 1664 καθά
3165 1627 3248 1673 τις
3298 1610 3427 1677 ἔφη,
3473 1610 3640 1677 πολλὴ
3681 1609 3778 1661 καὶ
3815 1607 3987 1670 λογᾶς
4026 1609 4054 1674 ἡ

2477 1700 2834 1769 στρατολογία
2884 1701 3026 1752 κατὰ
3061 1701 3160 1769 τῆς
3200 1702 3402 1771 ἀρετῆς
3435 1702 3893 1753 ὲπισυνίσταται·
3925 1699 3956 1750 ὃ
3995 1697 4058 1767 δὴ

2476 1794 2570 1844 καὶ
2599 1794 2646 1845 οἱ
2686 1793 2816 1860 παρ’
2846 1795 2979 1862 ἡμῖν
3019 1792 3326 1859 ποιοῦντες,
3375 1794 3692 1862 ἀρχέτυπον
3727 1792 3820 1844 καὶ
3871 1789 4058 1851 ἄλλοις

2473 1885 2583 1936 τῶν
2653 1885 3082 1955 παρακειμένων
3157 1885 3411 1954 μοναχῶν
3477 1885 3798 1954 πρόκεινται
3865 1883 4058 1936 κανόνι

2475 1975 2688 2045 φαύλης
2719 1977 2917 2049 ἔριδος,
2956 1977 3134 2030 ἄλλων
3181 1977 3369 2039 ἄλλοις
3427 1976 3898 2043 διαπεμπομένων
3958 1974 4056 2043 τὴν

2477 2068 2738 2138 μίμησιν·
2776 2069 2844 2121 δι’
2887 2063 2953 2139 ἧς
2982 2068 3320 2137 δμπρησμοῦ
3355 2067 3512 2136 δίκην
3559 2067 3968 2134 ἐπινεμομένου
3993 2065 4061 2116 τι

2477 2156 2681 2224 κύκλῳ,
2714 2157 2747 2226 ἡ
2784 2159 2955 2210 κακία
3010 2157 3282 2228 προϊοῦσα
3330 2157 3481 2210 δεινὰ
3520 2159 3684 2213 ποιεῖ.
3737 2156 3897 2225 Ἔρις
3948 2157 4058 2221 γὲρ

2475 2249 2821 2318 ἑξαπτομένη
2844 2250 2902 2300 ιν
2927 2250 3042 2310 τοῖς
3070 2249 3461 2317 προάρχουσιν,
3487 2242 3562 2300 ὢν
3593 2247 3724 2299 ἔνιοι
3750 2249 3847 2298 καὶ
3883 2263 4061 2316 μετα·

2475 2340 2835 2414 λοσχήμονες,
2863 2340 3076 2408 πυρσοῦ
3101 2340 3260 2409 δίκην
3289 2339 3639 2409 καταμηνύει
3666 2341 3783 2402 τοῖς
3814 2340 4058 2391 ἑκαστα-

2474 2432 2572 2504 χοῦ
2599 2432 2727 2493 τοὺς
2763 2431 2894 2501 περὶ
2933 2430 3030 2484 ἕνα
3073 2433 3196 2485 τινὰ
3228 2431 3393 2484 τόπον
3424 2431 3852 2500 ἀνδριζομένους
3886 2445 4058 2498 μονα-

2476 2528 2604 2594 χοὺς
2639 2524 2780 2578 κατὰ
2809 2524 2918 2575 τῶν
2951 2524 2984 2592 ἢ
3033 2522 3416 2590 γειτνιώντων,
3471 2522 3504 2593 ἢ
3544 2522 3724 2584 ἄλλως
3786 2521 3894 2589 μὲν
3952 2522 4054 2589 die.

2478 2615 2749 2680 εστώτων,
2771 2614 3255 2682 περιϐλεπομένων
3277 2614 3334 2667 δὲ
3353 2615 3466 2678 τοῖς
3497 2611 3744 2683 ὑψηλοῖς,
3769 2611 4053 2681 καθηγου-

2482 2708 2665 2778 μένοις
2694 2707 2768 2770 ὡς
2797 2705 2907 2759 ἀπὸ
2934 2708 3188 2769 σκοπιᾶς.

2554 2798 2685 2866 ρξζ’.
2717 2800 2828 2850 Kal
2859 2798 3055 2865 συχνὸν
3084 2799 3142 2849 ὲν
3167 2797 3281 2859 τοῖς
3304 2795 3567 2858 τοιούτοις
3597 2796 3661 2848 ἐκ
3685 2794 3784 2848 τοῦ
3809 2810 4060 2864 πυρσευ-

2483 2908 2651 2962 ματος
2675 2891 2854 2959 νόημα
2875 2892 2907 2959 ἡ
2928 2890 3076 2958 ψυχὴ
3095 2892 3422 2958 φωταγωγεῖ
3448 2889 3508 2943 τό
3526 2904 3540 2918 ·
3567 2907 3585 2940 ι
3617 2889 3681 2943 Εἰ
3707 2889 3764 2941 δὲ
3785 2888 4060 2940 Θεσσαλο-

2481 2982 2602 3048 νίκη
2629 2978 2800 3042 οΰτως
2822 2979 3098 3048 ἀνδρείους
3122 2978 3376 3047 ἐκτρέφει
3405 2979 3696 3047 μοναχοὶις,
3717 2979 3768 3029 οἳ
3799 2979 3900 3030 καὶ
3918 2976 4058 3028 κατὰ

2480 3073 2723 3127 κανόνων
2742 3071 2836 3123 κα)⁴
2863 3070 3042 3138 νόμων
3061 3068 3422 3138 ἁνδρίζονται,
3446 3067 3646 3120 καὶτὸν
3669 3067 3941 3135 ἀρχιερέα
3959 3084 4056 3117 πε-

809 3154 904 3212 cit,
930 3167 1029 3205 cur
1049 3166 1149 3205 nos
1179 3151 1341 3204 otiosi
1390 3165 1738 3205 remanemus
1767 3151 1929 3220 quasi
1961 3151 2224 3204 membris
2257 3166 2377 3220 pcr-
2406 3189 2446 3250 Ο

2488 3161 2822 3235 ριφρονοῦσι,
2841 3160 2938 3214 καὶ⁵
2961 3159 3139 3221 οὐδεὶς
3169 3159 3289 3211 οὐδὲ
3310 3158 3466 3225 λόγον
3509 3159 3758 3228 ἀνταίρει
3792 3158 3936 3226 πρὸς
3965 3158 4061 3208 αὗ-

810 3244 972 3306 enlsi,
1006 3259 1185 3313 neque
1215 3243 1489 3305 manibus,
1528 3258 1707 3312 neque
1736 3257 1832 3297 ore
1862 3243 2116 3296 utentes?
2145 3241 2211 3296 Et
2250 3259 2374 3296 mox

809 3335 1064 3395 excitata,
1108 3336 1152 3387 si
1187 3333 1326 3388 forte
1362 3335 1539 3402 sopita
1585 3344 1724 3397 erat,
1761 3345 1945 3387 mente
1991 3333 2278 3398 irascibili,
2321 3341 2379 3386 ut

810 3430 974 3482 mili-s
1006 3427 1350 3489 metuendus,
1383 3435 1479 3480 aut
1526 3429 1824 3494 imperator
1858 3427 2044 3498 (prout
2079 3425 2376 3481 ratiocina-

811 3534 901 3575 tus
927 3531 1006 3575 est
1032 3517 1302 3588 quidam),
1338 3519 1594 3574 instructi
1635 3521 1895 3574 Omnibus
1928 3521 2096 3574 armis
2123 3536 2244 3589 qua:
2276 3519 2378 3586 ipsi

811 3626 1005 3681 parare
1024 3609 1164 3661 male
1182 3618 1404 3671 norunt,
1430 3610 1814 3677 exsurguntad
1837 3609 2035 3663 bellum
2062 3610 2278 3677 aliquod
2297 3624 2382 3662 sa-

810 3717 988 3756 crum.
1024 3701 1081 3754 Si
1120 3702 1212 3768 qui
1261 3699 1516 3769 deinceps
1555 3700 1699 3753 inter
1743 3715 1840 3754 eos
1880 3700 2061 3768 magni
2103 3700 2379 3765 monachi,

810 3794 988 3862 erapti
1021 3793 1084 3845 ad
1107 3794 1589 3862 prmenndnm,eos
1607 3792 1661 3845 in
1683 3791 1899 3847 insidiis
1917 3791 2098 3845 locant
2117 3791 2382 3845 adversus

813 3883 1060 3938 homines
1075 3884 1296 3938 minime
1315 3883 1628 3952 injustos,et
1645 3882 2051 3951 aggressionem
2066 3897 2127 3936 ex
2137 3891 2384 3951 spectan-

815 3986 931 4040 tes;
972 3974 1489 4044 reliquosinfronte
1525 3984 1714 4044 aperta
1745 3974 2027 4028 Ordinant.
2050 3975 2152 4041 Qui
2173 3975 2380 4030 alicubi

812 4067 1034 4130 detecti,
1068 4068 1222 4136 quasi
1264 4069 1316 4120 in
1354 4067 1568 4122 insidiis
1601 4069 1830 4123 latentes
1863 4077 2163 4136 exsurgunt
2191 4068 2385 4136 ipsi,et

815 4169 1026 4214 stantes
1042 4169 1261 4222 contra,
1289 4160 1577 4229 aciemque
1600 4159 1945 4225 ordinantes,
1968 4161 2235 4213 minorem
2253 4160 2386 4228 pha-

817 4252 1029 4321 langem
1050 4252 1344 4304 immittunt
1367 4267 1382 4315 ;
1403 4261 1565 4320 atque
1588 4267 1682 4320 per
1712 4267 1829 4305 cam
1851 4253 1898 4306 si
1927 4268 2032 4306 non
2049 4267 2387 4322 quacunque

814 4342 1629 4411 voluissentpropterausilinm
1661 4357 1690 4395 a
1723 4343 1830 4397 Deo
1855 4352 1906 4396 et
1925 4359 2050 4412 rege
2065 4345 2386 4398 sanctoilla-

815 4444 956 4500 tum,
991 4436 1184 4490 saltem
1221 4449 1560 4504 quaecunque
1607 4436 1886 4503 potuerint
1952 4435 2218 4490 elliciunt.
2267 4434 2384 4489 Non

2485 3260 2609 3320 τούς
2629 3274 2641 3286 θ
2662 3261 2715 3310 τί
2736 3258 2948 3327 δήποτε
2967 3257 3127 3324 ἡμεῖς
3148 3256 3290 3309 ὲνεοὶ
3315 3255 3624 3324 καθήμεθα,
3651 3254 3727 3316 ὡς
3747 3248 3840 3307 οἷα
3854 3255 3949 3308 καὶ
3971 3257 4060 3307 ὲκ-

2482 3348 2842 3417 πεπληγότες,
2855 3349 2947 3400 καὶ
2961 3347 3094 3416 μηδὲ
3109 3347 3265 3416 χερσὶ
3279 3346 3376 3398 καὶ
3393 3344 4055 3415 στόμασιδιοικούμενοι;ι

2483 3441 2590 3492 Καὶ
2613 3439 2810 3490 αὐτίκα
2825 3436 2995 3503 τὸτῆς
3023 3435 3200 3506 ψυχῆς
3231 3435 3572 3506 θυμούμενον
3591 3436 3644 3486 εί
3671 3451 3776 3486 που
3799 3434 3898 3485 καὶ
3919 3435 4063 3485 ἐκοι-

2485 3532 2644 3598 μᾶτο,
2663 3528 3089 3595 ἀεξυπνίσαντες,
3119 3529 3212 3580 καὶ
3239 3529 3338 3580 ὅσα
3363 3528 3536 3580 δεινὸν
3568 3525 3798 3594 ὁπλίτην
3831 3525 3868 3593 ἢ
3899 3540 4066 3593 στραι-

2481 3620 2645 3690 τηγὸν
2663 3620 2827 3688 (καθά
2845 3637 2924 3681 τις
2943 3618 3328 3687 ἐφιλοσόφησε)
3349 3617 3805 3686 καταφράξαντες
3825 3617 4065 3687 χορηγία

2485 3712 2832 3780 παντευχίας,
2860 3711 3054 3764 ὁποίαν
3092 3711 3250 3763 αὐτοὶ
3282 3707 3600 3777 μεθοδεύειν
3648 3708 4063 3776 κακομηχανως

2484 3802 2711 3864 οἴδασιν,
2772 3799 3239 3852 ἁποιαθίστανται
3297 3799 3379 3860 εἰς
3423 3795 3571 3866 ἱεροῦ
3622 3813 3770 3858 τινος
3818 3795 4062 3864 πολέμου

2487 3889 2769 3962 στρατιάν.
2822 3888 2934 3941 Καὶ
2977 3889 3100 3940 ὅσον
3147 3886 3246 3955 μὲν
3300 3888 3358 3939 ἐν
3395 3888 3584 3947 αὐτοῖς
3635 3883 4065 3953 μεγαλοσχημον

2485 3983 2580 4035 καὶ
2607 3979 2994 4051 ήγουμενικὸν,
3042 3977 3304 4046 ὲλλοχῶσι
3337 3977 3480 4030 κατὰ
3511 3975 3620 4029 τῶν
3663 3973 3820 4026 οὐδὲν
3858 3973 3959 4040 μὲν
3988 3975 4069 4024 αξ·

2485 4075 2639 4136 τίων,
2665 4071 3141 4142 προσδοκωμένων
3171 4070 3229 4122 δὲ
3258 4068 3671 4134 ἁντιϐήσεσθαι,
3710 4066 3789 4127 εἰς
3823 4064 4068 4132 ἐμφανὲς

2487 4164 2934 4237 προστησάμενοι
2967 4162 3092 4224 τοὺς
3135 4160 3378 4220 λοιπούς.
3425 4157 3574 4210 Εἰδέ
3612 4171 3714 4208 που
3753 4154 3853 4206 καὶ
3884 4169 4070 4222 φωρα-

2488 4259 2646 4320 θῶσι,
2701 4256 2860 4324 λόχου
2913 4255 3073 4324 δίκην
3124 4251 3572 4320 ὑποκαθήμενοι,
3625 4246 3910 4316 ὲκπηδώσι
3978 4246 4070 4296 καὶ

2489 4349 2645 4403 αὐτοί
2669 4365 2682 4378 ⁸
2716 4350 2811 4400 καὶ
2844 4345 3213 4405 καταστάντες
3247 4342 3328 4406 εἰς
3363 4343 3635 4410 μέτωπον,
3667 4341 3762 4392 καὶ
3787 4339 3895 4407 τὴν
3915 4338 4069 4401 τάξιν

2489 4440 2893 4508 κοσμήσαντες,
2917 4435 3187 4500 ἐπαφιᾶσι
3215 4431 3314 4502 την
3337 4432 3610 4500 μικροσχῆ
3623 4447 3755 4496 μονα
3778 4428 4067 4494 φάλαγγα,

817 4527 965 4580 enim
990 4525 1254 4580 recedunt
1301 4526 1438 4578 tales
1485 4525 1702 4588 animm,
1746 4526 1888 4579 mori
1929 4536 2151 4595 paratur.
2182 4524 2382 4581 Nostra
2413 4517 2446 4573 Π

2487 4534 2584 4586 καὶ
2634 4528 2856 4584 ἀνύουσι
2887 4527 2954 4579 δι’
2984 4523 3184 4589 αὐτῶν,
3229 4523 3276 4575 εί
3319 4523 3416 4574 καὶ
3458 4521 3536 4590 μὴ
3564 4521 3633 4572 τὰ
3669 4519 3876 4586 θελητα
3916 4519 4066 4582 σφίσε

819 4617 1060 4689 perdidit
1093 4618 1195 4672 iste
1236 4618 1388 4671 zelus
1417 4616 1615 4680 malus,
1637 4618 1730 4684 qui
1750 4630 1915 4670 orsus
1944 4631 1974 4670 a
1998 4617 2175 4679 nobis,
2205 4625 2260 4670 et
2279 4626 2390 4670 tra-

2486 4621 2578 4677 διὰ
2608 4621 2706 4691 τὴν
2759 4622 2823 4672 ἐκ
2866 4616 3003 4669 Θεοῦ
3042 4615 3136 4668 καὶ
3161 4613 3445 4684 ,βασιλέως
3499 4611 3660 4692 ἁγίου
3713 4609 4067 4676 ἐπικουρίαν,

819 4713 1020 4766 ductus
1060 4724 1233 4778 usque
1267 4710 1333 4762 ad
1362 4708 1627 4778 Myrtoum
1671 4723 1841 4772 mare,
1889 4717 1943 4762 et
1981 4706 2180 4762 deinde
2220 4723 2394 4777 usque

2490 4715 2592 4767 ὅσα
2625 4712 2757 4781 γοῦν
2796 4711 3074 4764 δύνανται.
3115 4709 3189 4761 Οὐ
3245 4705 3322 4776 μὴ
3375 4705 3484 4773 γὰρ
3537 4704 3843 4772 φείσωνται
3896 4701 4072 4768 ψυχαὶ

821 4806 888 4856 ad
915 4802 1235 4864 Maliacum,
1267 4807 1323 4853 et
1371 4815 1530 4869 porro
1582 4801 1648 4854 ad
1682 4799 1926 4863 .lonium,
1967 4799 2047 4852 sic
2095 4809 2279 4868 partes
2304 4815 2397 4853 oc-

2491 4803 2766 4866 τοιαῦται,
2802 4803 2849 4854 εἱ
2901 4801 2978 4870 μὴ
3014 4800 3108 4852 καί
3141 4797 3569 4850 θανατώσουσιν.
3600 4787 3767 4854 Οὗτος
3794 4795 3822 4843 ὁ
3855 4791 4022 4858 ζῆλος
4049 4792 4076 4838 ὁ

821 4895 1119 4951 cidentales
1139 4893 1555 4958 circumcinxit;
1593 4891 1678 4946 vel
1722 4892 1904 4947 forsan
1943 4892 2141 4946 exinde
2193 4892 2258 4945 ad
2291 4907 2390 4946 nos

824 4987 1091 5058 pervenit.
1122 4993 1182 5039 ut
1211 4986 1408 5039 malum
1443 4984 1718 5054 quoddam
1746 4983 2024 5054 pestilens,
2046 4985 2208 5051 quale
2241 4984 2386 5054 apud

825 5088 1038 5136 veteres
1069 5085 1324 5132 narratur
1353 5077 1753 5147 Etliiopicum.

2495 4898 2575 4959 είς
2609 4893 2778 4948 κακὸν
2809 4893 3039 4957 ἑξώλεσε
3067 4891 3134 4942 τὰ
3177 4891 3235 4942 ὲν
3273 4892 3427 4960 ἡμῖν,
3471 4887 3581 4940 εἴτε
3611 4886 3867 4939 ἐντεῦθεν
3901 4884 4074 4953 ὀρξὰ-

2499 5005 2680 5057 μενος,
2728 4988 2824 5040 καὶ
2874 4984 3139 5046 διαδοθεὶς
3167 4983 3274 5053 ἕως
3304 4981 3420 5033 ’καὶ
3457 4981 3538 5041 εἰς
3585 4977 3854 5047 Μυρτῷον
3911 4977 4075 5028 αὐτὸν

2497 5069 2716 5142 κόλπον,
2768 5076 2983 5128 καὶτὸν
3033 5075 3293 5126 ἐπέκεινα
3341 5068 3678 5133 Μαλειακδν,
3728 5067 3826 5118 καὶ
3859 5065 3956 5118 τὸν
3996 5068 4076 5116 ἔτι

824 5171 1161 5242 πορρωτέρω
1193 5171 1398 5236 Ἰόνιον,
1425 5173 1517 5223 καὶ
1534 5169 1677 5224 οὕτω
1697 5171 1761 5223 τὰ
1785 5171 2015 5239 ἑσπέρια
2047 5168 2382 5237 περιζώσας
2423 5169 2457 5237 ἢ
2489 5169 2651 5239 τυχὸν
2676 5169 2885 5221 ἐκεῖθεν
2927 5165 3118 5226 διαϐὰς
3146 5163 3239 5224 ἐπὶ
3273 5162 3343 5218 τὰ
3373 5159 3496 5214 καθ’
3546 5160 3716 5229 ἡμᾶς,
3771 5159 3913 5210 ὡσεὶ
3983 5167 4077 5213 καί

823 5284 880 5320 τι
913 5262 1175 5332 λοιμῶδες
1205 5264 1396 5328 κακὸν,
1439 5265 1622 5316 ὁποῖον
1659 5263 1838 5316 καὶτὸ
1871 5265 2035 5317 πάλαι
2079 5262 2215 5316 ποτὲ
2250 5264 2740 5336 συγγεγραμμίνον
2775 5261 3114 5314 Λίθιοπικόν.

900 5358 1026 5415 I68.
1065 5356 1111 5413 Ο
1140 5358 1312 5412 aciem
1349 5358 1742 5411 monachorum
1781 5356 1937 5426 nigro
1971 5357 2132 5425 pallio
2172 5356 2392 5410 induto-

830 5455 988 5508 rnml
1020 5466 1052 5504 o
1084 5450 1411 5520 phalangum
1455 5449 1665 5503 variam
1709 5449 2161 5517 dispositionem!
2188 5449 2393 5503 Omitto

829 5544 974 5598 enim
1009 5542 1197 5596 leviter
1229 5549 1468 5594 armatos
1499 5539 1730 5610 pedites.
1758 5539 1803 5594 Ο
1830 5544 2126 5596 monachos
2155 5540 2391 5608 equites,

831 5645 1222 5688 centaurormn
1277 5631 1391 5685 fere
1440 5631 1667 5696 similes,
1730 5633 1872 5701 apud
1932 5647 2074 5701 quos
2107 5632 2157 5684 id
2217 5647 2390 5686 unum

2574 5356 2713 5425 9513'.
2749 5355 2812 5406 Ὢ
2837 5353 2932 5405 τοῦ
2964 5353 3074 5404 τῶν
3106 5348 3523 5419 μελαγχλαίνων
3542 5345 3693 5398 τοῦδε
3730 5347 4036 5411 φωασάτςυ
4063 5350 4075 5397 ε

2481 5448 2568 5501 ‹’¹Ω
2597 5447 2699 5514 τῆς
2728 5447 2837 5499 τῶν
2866 5446 3114 5514 κεράτων
3146 5441 3400 5509 ποικίλης
3429 5437 3764 5505 διασκευῆςί
3801 5436 3910 5488 Ἐὦ
3950 5438 4079 5496 τοὺς

2497 5539 2689 5609 ψιλοὺς
2727 5538 2822 5590 καὶ
2884 5535 3268 5604 πεζεταίρους.
3307 5529 3448 5585 Ἀλλ’
3514 5528 3560 5582 ὣ
3597 5527 3708 5580 τῶν
3761 5528 4080 5582 ίππικωτάο

2497 5650 2607 5685 των
2663 5629 2954 5699 μοναχῶνξ
3012 5628 3120 5679 τῶν
3157 5627 3217 5678 οὺ
3260 5623 3552 5692 παραπολῦ
3610 5620 3974 5690 Κενταύρων,
4003 5616 4080 5673 ἐν

832 5723 1084 5780 mirabile
1119 5722 1263 5792 quod
1289 5723 1384 5792 qui
1409 5737 1576 5792 super
1591 5724 1804 5778 asinum
1834 5737 2112 5790 nunquam
2139 5722 2401 5777 ascende-

2496 5725 2672 5776 ἐκεῖνο
2697 5723 2797 5775 καὶ
2858 5721 3018 5791 μόνον
3047 5718 3352 5786 θαυμάζειν
3385 5716 3561 5783 ἄξιον,
3593 5715 3670 5777 ὡς
3702 5715 3753 5766 οἱ
3790 5713 4076 5781 μηδέποτε

837 5827 963 5872 runt
993 5825 1115 5887 post
1143 5822 1427 5869 tonsuram
1451 5828 1620 5884 equos
1646 5813 1939 5870 indomitos
1971 5815 2189 5870 dextere
2217 5814 2399 5868 mode-

2499 5817 2578 5878 εξς
2613 5815 2736 5868 δνον
2776 5813 2905 5882 γοῦν
2964 5809 3426 5879 ἁναΰεϐλημένοι,
3483 5806 3652 5871 δεξιοὶ
3681 5807 3777 5870 τας
3837 5804 4079 5864 ἱππικὰς
