4212 6434
225 411 336 476 877

1191 408 1285 467 DE
1327 409 1804 469 EMENDANDA
1850 411 2029 469 \'l'l‘.-\
2077 410 2537 470 MONACIHCA.

3384 411 3490 471 8'78

226 524 469 593 θρώποις
498 523 775 591 οἰόμενος·
805 520 1177 587 διεκφαίνεται
1197 522 1254 575 δέ
1292 521 1433 574 κατά
1462 538 1583 574 τινα
1621 540 1801 590 παροι-

1840 527 1880 581 Α
1913 523 2143 578 celebris
2175 523 2468 592 A-Zginetici
2525 524 2642 586 (aut
2687 520 2929 576 maxime
2963 519 3142 591 Egei)
3186 536 3364 590 neque
3405 539 3494 577 se-

230 616 430 673 μιαγδν
483 615 778 682 Αἰγινήτην
830 612 1097 680 (μάλιστα
1134 614 1234 680 μὲν
1281 612 1374 664 οὖν
1423 613 1638 681 Αἰγιέα)
1683 613 1808 664 οὔτε

224 711 509 776 δεύτερος,
541 709 634 758 καὶ
659 706 780 756 ούδέ
816 705 1022 771 τρίτος,
1057 705 1088 772 ἦ
1129 705 1286 764 ἄλλος
1315 703 1627 766 πολλοστός.
1663 704 1810 756 Ψεύο

224 801 379 852 δεται
415 801 513 866 μὲν
535 799 642 865 γὰρ
677 797 932 864 ἐμφανῶς
963 798 1053 848 τὸν
1080 794 1533 864 μεγαλοσχήμονα
1560 796 1659 848 οὐκ
1690 793 1808 848 οἶδα

230 895 388 953 πότε,
429 891 548 943 κατ’
579 893 786 940 ἐκείνου
811 889 918 941 ἀπὸ
945 888 1383 956 κατηχουμένου,
1415 888 1443 940 ὃ
1468 889 1532 957 δὴ
1559 889 1654 940 καὶ
1673 890 1808 940 αὐτὸ

225 989 527 1052 γράφεται,
562 985 637 1043 εἰς
680 983 1040 1047 νεοφώτιστον
1072 980 1373 1049 σχολαστὴν
1417 982 1801 1045 ἀποκαταστή-

228 1081 482 1142 σύμενος,
527 1075 620 1126 καὶ
673 1077 735 1142 τῇ
789 1077 845 1124 ἐν
880 1073 1018 1124 ἑπτα
1048 1074 1285 1140 ἡμέραις
1342 1075 1406 1125 ἐκ
1465 1073 1573 1125 τῶν
1629 1075 1807 1143 ἔργων

230 1172 397 1235 σχολῇ
438 1167 890 1233 ἀποτελευτήσων
938 1166 1012 1225 εἰς
1044 1166 1135 1215 τὸν
1178 1165 1460 1226 παντελῶς
1490 1167 1808 1234 ἀναμάρτη-

225 1278 321 1311 τον
383 1261 672 1326 ἄνθρωπον
696 1273 709 1285 ·
763 1257 834 1317 ώς
888 1257 1249 1323 ἐκδυσάμενος
1287 1257 1388 1324 μέν
1423 1258 1542 1309 τότε
1576 1257 1662 1309 τὸν
1703 1277 1806 1309 πα-

230 1350 408 1414 λαιὸν,
445 1351 790 1418 ἐνδυσόμενος
834 1348 889 1400 δέ
926 1348 1018 1398 τὸν
1051 1347 1342 1411 νεώτατον,
1379 1349 1474 1400 καὶ
1527 1350 1807 1402 ἀναπλασ-

228 1443 534 1511 θησόμενος
574 1445 652 1502 είς
686 1442 744 1493 τὸ
782 1443 904 1492 κατ’
940 1441 1122 1492 εἰκόνα
1153 1441 1307 1493 Θεοῦ.
1350 1440 1575 1509 Μήποτε
1599 1441 1655 1492 δέ
1687 1443 1717 1508 ἡ
1749 1444 1806 1492 ἐν

227 1533 382 1602 αὐτῷ
429 1535 700 1602 μοχθηρία
749 1532 1004 1584 οὐδέποτε
1048 1531 1248 1599 ἀφήσει
1304 1530 1469 1584 αὐτὸν
1529 1532 1806 1599 ἀνανῆψαι

222 1629 321 1680 τοῦ
354 1627 554 1678 πολλοῦ
597 1627 789 1694 κάρου,
827 1623 1044 1675 καὶτοῦ
1079 1623 1339 1692 παροίνου
1377 1623 1516 1690 βίου,
1577 1626 1668 1674 καὶ
1706 1625 1804 1692 τῆς

223 1719 437 1769 ἐκεῖθεν
474 1719 666 1786 μέθης,
703 1717 796 1768 καὶ
829 1718 1224 1782 ἁναφρονῆσαι,
1279 1714 1420 1765 ὥστε
1453 1715 1694 1782 σωθῆναι
1740 1719 1802 1783 τῇ

226 1809 528 1880 μεταλήψει
556 1813 648 1860 καὶ
681 1808 960 1876 μο;.φώσει
993 1805 1086 1857 τοῦ
1119 1805 1356 1872 μεγάλου
1382 1809 1656 1874 σχήματος
1682 1827 1695 1838 ·
1725 1811 1801 1870 εἰς

218 1904 247 1954 ὃ
279 1903 372 1954 καὶ
409 1903 592 1970 μόνον,
638 1900 711 1960 ὡς
744 1900 940 1960 ἐοικεν,
976 1898 1318 1963 ἀναρτῶντες
1370 1899 1594 1958 ἑαυτοὺς
1620 1899 1669 1948 οἰ
1711 1916 1798 1965 μι-

219 1995 619 2062 κφσχῆμονες,
652 1993 821 2060 δρῶσι
881 1993 947 2042 τὰ
983 1989 1252 2058 χείριστα,
1298 1991 1555 2056 καχεξίαν
1613 1990 1798 2058 ἀθροί-

217 2085 405 2147 ζοντες
444 2083 898 2152 κενωθησομένην
927 2083 984 2132 ἐν
1009 2088 1086 2146 τῷ
1112 2079 1208 2146 τῆς
1239 2079 1796 2148 μεγαλοσχημοσύνης

218 2177 401 2246 καιρῷ
422 2195 434 2208 ·
475 2177 563 2230 ἶνα
591 2177 618 2228 ό
645 2177 739 2243 τῆς
764 2175 1005 2242 ψυχικῆς
1038 2174 1254 2240 ἐκείνης
1287 2173 1536 2237 ἰατρείας
1567 2175 1793 2240 ἐπιστη-

219 2273 508 2339 μονὰρχης
537 2270 670 2331 Θεὸς
729 2270 956 2337 χάριτας
991 2267 1202 2334 ὀφλήσῃ
1233 2265 1309 2334 τῷ
1346 2265 1488 2317 οὓτω
1546 2267 1789 2336 καχέκτῃ

213 2360 568 2429 ἐξαμαρτὼν,
603 2362 676 2420 ώς
723 2357 1256 2423 τεθαυμαστωυιένος
1306 2354 1373 2406 δι’
1435 2355 1621 2406 αὑτοῦ.
1683 2354 1794 2406 Kal

216 2469 334 2512 πως
373 2455 420 2502 σί
455 2453 695 2503 τοιοῦτοι
737 2451 997 2517 στέρησιν
1028 2445 1235 2514 ἀγαθοῦ
1267 2445 1464 2507 παντὸς
1493 2461 1791 2512 περιποιη-

214 2547 466 2610 σέιμενοι,
521 2541 1003 2611 πραγματεύονται
1062 2539 1163 2608 τὴν
1217 2538 1497 2590 εἰσέπειτα
1553 2537 1666 2600 ἐξιν
1704 2537 1791 2588 διὰ

210 2635 311 2701 τῆς
351 2635 595 2702 μεγάλης
627 2636 855 2702 κουρᾶς,
893 2632 1197 2698 ἀφιλόσοφα
1239 2629 1642 2699 μεθοδεύοντες,
1695 2629 1790 2680 καὶ

220 2725 736 2792 μεταλαμϐάνοντες
793 2725 855 2776 οὐ
909 2722 1090 2784 καλῶς
1157 2722 1218 2772 τό
1301 2739 1320 2771 ι
1364 2722 1633 2787 Φὰγωμεν
1692 2719 1785 2770 καὶ

210 2815 448 2882 πίωμεν·
490 2815 679 2882 αὔριον
714 2815 825 2883 γὰρ
847 2814 1292 2881 ἀποθνήσκομεν.
1342 2829 1359 2861 ι
1389 2811 1567 2877 ’ὓπερ
1592 2809 1735 2861 ἐστίν
1765 2824 1780 2838 °

1915 614 2134 668 cundus
2173 630 2317 679 esse,
2353 630 2455 668 nec
2486 615 2684 667 tertius
2722 630 2822 668 nec
2845 614 3030 682 quivis
3060 615 3224 667 alius.
3293 613 3493 682 Aperte

1914 709 2064 760 enim
2117 709 2381 762 mentitur
2417 722 2674 777 maguum
2710 709 3043 762 monachum
3089 722 3148 761 se
3195 722 3318 760 esse
3352 708 3490 773 (ubi,

1913 799 2147 862 nescio).
2203 799 2348 850 sicut
2378 801 2486 862 ille,
2512 819 2542 852 c
2579 801 2994 861 cateclmmeuo,
3024 800 3167 852 sicut
3223 799 3489 864 scriptum

1912 905 2015 949 est,
2072 894 2122 942 in
2159 902 2492 960 ncnpnytnm
2557 898 2870 946 scholarem
2939 893 3381 952 transferendus,
3438 901 3490 943 ct

1912 980 2242 1044 quiescendo
2269 981 2338 1034 ab
2364 982 2625 1046 oneribus
2653 984 2795 1036 intra
2824 993 3033 1048 septem
3057 984 3174 1038 dies
3193 983 3490 1035 mutandus

1914 1073 1968 1124 in
2008 1074 2284 1125 hominem
2321 1074 2550 1126 omnino
2578 1074 3022 1143 impeecabilem,
3059 1076 3216 1142 quasi
3248 1085 3377 1128 tunc
3399 1076 3476 1127 de-

1912 1164 2153 1230 posuerit
2211 1175 2447 1216 veterem
2507 1166 2783 1218 hominem
2845 1176 2901 1217 et
2954 1179 3160 1220 novum
3217 1165 3487 1228 induerit,

1912 1264 2076 1320 atque
2135 1254 2520 1308 reforuiaudus
2563 1255 2629 1307 ad
2691 1255 2983 1324 imaginem
3023 1256 3138 1311 Dei.
3191 1254 3486 1323 Nunquam

1911 1358 2095 1400 autem
2140 1347 2346 1401 malitia
2376 1363 2498 1400 eum
2535 1350 2682 1402 sinet
2713 1363 2742 1403 ο
2769 1365 2968 1402 somno
2992 1351 3145 1417 gravi
3172 1348 3428 1410 excitari,
3459 1363 3486 1400 e

1912 1438 2019 1489 vita
2056 1441 2267 1498 \‘ittusa,
2313 1448 2475 1503 atque
2499 1455 2562 1492 ex
2593 1441 2861 1493 ebrietate
2913 1439 3040 1493 inde
3072 1448 3485 1506 consequente;

1911 1546 1972 1584 ac
2005 1531 2077 1583 ita
2109 1532 2418 1595 recoginare
2443 1539 2500 1582 ut
2534 1532 2778 1583 salvetur
2818 1547 2914 1600 per
2972 1531 3394 1585 conversionem
3432 1539 3484 1582 et

1911 1625 2090 1691 magni
2123 1623 2343 1675 habitus
2378 1623 2846 1676 informationem.
2889 1623 2968 1676 Ad
3011 1623 3155 1692 quod
3183 1623 3362 1678 solum
3396 1637 3484 1675 ac-

1908 1717 2168 1769 cvdeiites
2217 1716 2456 1768 minores
2503 1717 2778 1778 monachi,
2813 1715 3104 1781 perﬁciunt
3146 1717 3384 1782 pessima
3424 1727 3479 1767 et

1910 1809 2173 1860 malitiam
2219 1817 2521 1873 congerunt
2564 1807 2942 1860 evacuandam
2995 1819 3249 1876 tempore
3302 1811 3482 1878 magni

1906 1899 2146 1959 habitus,
2183 1908 2240 1949 ut
2265 1896 2426 1965 hujus
2452 1898 2758 1964 spiritualis
2786 1900 3090 1954 curationis
3115 1910 3310 1955 auctor
3338 1899 3482 1954 Deus

1905 1989 1992 2043 isti
2031 1990 2267 2042 scelesto
2304 1989 2370 2042 de
2401 1989 2548 2042 vitiis
2578 1999 2702 2058 agat
2723 1991 2923 2056 gratias
2950 2006 3016 2045 eo
3044 1991 3192 2061 quod
3227 2007 3326 2060 per
3355 2009 3480 2045 eum

1905 2081 2078 2147 magis
2103 2079 2468 2133 admirandus
2494 2078 2682 2133 fuerit.
2714 2078 2776 2132 Et
2797 2089 3086 2148 postquam
3130 2083 3280 2136 omni
3311 2096 3481 2151 opere

1903 2172 2047 2221 bono
2080 2185 2269 2222 carere
2324 2169 2680 2232 studuerunt,
2718 2184 2779 2222 ea
2836 2169 3038 2224 deinde
3088 2186 3185 2239 per
3226 2188 3478 2241 magnam

1903 2273 2188 2315 tonsuram
2213 2263 2418 2314 habere
2436 2270 2722 2326 satagunt,
2743 2263 3200 2318 irrationabiliter
3228 2280 3478 2335 agentes,

1895 2364 1944 2404 et
1978 2369 2086 2407 nou
2120 2352 2492 2420 iutelligentes
2517 2352 2664 2405 istud
2699 2369 2712 2405 :
2757 2372 2774 2404 ι
2816 2354 3204 2408 Manducemus
3230 2365 3285 2408 et
3317 2356 3478 2408 biba-

1898 2457 2040 2502 mus.
2075 2457 2199 2495 cras
2238 2443 2382 2492 enim
2418 2442 2719 2495 moriemur
2744 2443 2814 2496 ".
2850 2461 2869 2495 ι
2914 2442 3026 2498 lloc
3055 2453 3140 2499 est
3173 2443 3476 2502 Peccemus

1898 2531 2136 2597 fortiter,
2179 2547 2304 2585 cras
2342 2532 2485 2584 enim
2526 2544 2782 2601 suscepto
2815 2537 3004 2590 habitu
3033 2547 3244 2596 saneto.
3271 2538 3471 2591 mortui

1895 2626 2095 2677 saeculo
2144 2634 2198 2678 et
2247 2626 2452 2677 mundo
2502 2637 2763 2693 corrupto
2803 2638 2859 2679 et
2905 2629 3305 2698 eorrumpenti,
3355 2629 3468 2682 Deo

1893 2718 2257 2779 adstabimus.
2310 2731 2626 2786 peccatores
2674 2719 2911 2788 amplius
2975 2735 3084 2774 non
3133 2721 3325 2788 futuri,
3370 2723 3467 2776 sed

1895 2809 2102 2862 similes
2139 2811 2369 2878 angelis.

220 2910 591 2978 ’Δμάρτωμεν
628 2908 1004 2968 ἀνυποστόλως
1085 2905 1273 2974 αὔριον
1311 2906 1421 2974 γὰρ
1449 2905 1534 2956 διὰ
1571 2905 1662 2956 τοῦ
1689 2903 1943 2973 ἀγχιθὲου
1967 2905 2246 2972 σχήματος
2277 2906 2345 2956 θα
2360 2906 2529 2968 ιόντες
2581 2907 2659 2976 τῷ
2689 2907 2780 2959 καὶ
2842 2906 3065 2978 φθαρτῷ
3134 2907 3230 2961 καὶ
3296 2908 3468 2982 φθαρ-

209 3002 353 3071 τικῷ
382 3002 482 3071 βίῳ
501 3002 596 3053 καὶ
612 3001 824 3070 κόσμῳ,
848 2998 1318 3070 παραστησόμεθα
1340 2997 1417 3067 τῷ
1436 2997 1574 3066 Θεῷ,
1595 2999 1781 3048 οὐκέτι
1821 2995 2158 3066 ἁμαρτωλοὶ,
2191 2998 2324 3049 ἀλλά
2361 2997 2609 3065 ἀγγέλοις
2642 2998 2840 3066 ὅμοιοι.

288 3155 433 3218 ρος-κ
472 3149 581 3200 Καὶ
631 3148 843 3214 γένοιτο
885 3148 984 3213 μὲν
1024 3147 1208 3213 τυχεῖν
1242 3145 1368 3204 τοὺς
1397 3143 1674 3202 τοιούτους
1724 3137 1784 3194 οὗ

209 3243 456 3310 λέγουσι.
496 3243 592 3301 Τίς
631 3241 686 3292 δὲ
714 3235 823 3290 οἶδε
858 3239 951 3290 τὸν
979 3238 1080 3306 τῆς
1105 3239 1366 3306 ἐπιούσης
1413 3236 1590 3297 τόκον,
1629 3235 1675 3286 εἰ
1713 3235 1786 3303 μὴ

1960 3140 2080 3192 176.
2117 3140 2177 3192 Et
2203 3141 2410 3194 utinam
2446 3141 2589 3209 quod
2621 3142 2812 3194 dicunt
2867 3143 3155 3197 obtineant
3187 3144 3302 3200 isti.
3359 3142 3462 3200 Ve-

1897 3248 2018 3285 rum
2057 3234 2180 3299 quis
2214 3233 2364 3286 novit
2401 3245 2580 3286 utrum
2632 3244 2818 3300 partus
2855 3234 2962 3287 diei
3008 3237 3272 3301 proximae
3303 3237 3463 3290 abor-

211 3336 700 3404 ἐξαμὸλωθήσεται
737 3350 752 3396 ;
783 3331 934 3393 Τέως
960 3347 1021 3394 γε
1057 3330 1162 3396 μὴν
1197 3329 1619 3394 ἐπαγγέλλεται,
1647 3328 1785 3394 ὅπερ

1827 3341 1856 3401 3
1892 3335 2002 3378 tum
2032 3343 2138 3378 non
2166 3327 2240 3379 sit
2273 3327 2578 3394 passurus?
2611 3325 2888 3382 Hactenus
2931 3328 3145 3396 quidem
3181 3345 3457 3398 magnum,

213 3427 448 3492 ῑσαμεν,
473 3423 563 3474 τὸν
601 3418 713 3475 οἷον
741 3421 1202 3488 μεγαλοσχήμονα
1251 3420 1277 3469 ό
1315 3418 1388 3486 μὴ
1419 3417 1586 3469 εἰσέτι
1613 3416 1785 3468 τοιοῦ-

206 3531 302 3575 τος
332 3514 656 3582 ἡγούμενος.
689 3511 960 3562 Ψεύδεται
991 3511 1068 3575 δέ,
1133 3509 1426 3576 σεμνότητι
1483 3509 1582 3575 μὲν
1618 3525 1784 3576 προσ-

205 3605 385 3668 ώπου,
421 3606 515 3657 καί⁵
567 3603 786 3670 ὀφρύων
818 3601 1083 3664 συνδέσει,
1118 3600 1210 3652 καὶ
1246 3599 1480 3666 νεφώσει
1511 3598 1603 3650 τοῦ
1656 3600 1782 3648 κατ’

206 3696 331 3764 ὃψιν
352 3697 525 3763 ἡλίου,
561 3695 655 3746 καὶ
685 3692 995 3761 βλέμματος
1043 3691 1393 3758 ύπουλότητι,
1422 3693 1515 3741 καὶ
1544 3691 1783 3742 κατακύ-

204 3785 298 3855 die:
322 3787 388 3852 τῇ
411 3787 487 3845 εἰς
515 3786 642 3851 γῆν,
667 3785 760 3835 καὶ
784 3783 972 3844 λαλιᾶς
999 3781 1287 3851 ἐμμελείᾳ,
1315 3781 1408 3832 καὶ
1432 3783 1780 3850 προσχήματι

205 3877 615 3936 ταπεινώσεως,
648 3874 741 3924 καὶ
768 3873 846 3942 τῷ
885 3872 1061 3941 συχνῷ
1086 3871 1178 3923 τοῦ
1217 3890 1235 3922 ι
1275 3872 1587 3940 εὐλόγησον,
1631 3890 1649 3923 ι
1687 3874 1779 3924 καὶ

207 3965 366 4033 βαθεῖ
396 3965 838 4033 προσκυνήματι,
866 3966 959 4015 καὶ
987 3963 1375 4029 καταστήματι
1402 3962 1624 4014 εὖλαδεῖ
1648 3962 1777 4031 ἄχρι

206 4058 302 4109 καὶ
360 4056 527 4108 αὑτοῦ
593 4055 921 4123 βαδίσματος
963 4055 1054 4106 τὸν
1125 4054 1431 4122 πρώτιστον
1488 4057 1545 4106 ἐν
1605 4072 1773 4122 μονα-

204 4149 318 4215 χοῖς
341 4147 700 4215 ὑπεμφαίνων
729 4162 741 4175 ·
769 4147 837 4198 τὰ
857 4146 1025 4197 πολλά
1054 4145 1108 4197 δέ
1138 4146 1229 4197 καὶ
1261 4145 1611 4216 ὑπερϐαίνειν
1631 4149 1774 4199 ἐκεῖ·

202 4254 315 4298 νον,
351 4237 583 4304 πέμπων
618 4237 840 4304 δόκησιν
873 4253 886 4266 ·
923 4235 1097 4297 ἄλλως
1143 4237 1198 4288 δέ
1231 4236 1479 4306 ὑπέρυευ
1534 4239 1612 4299 εἰς
1651 4238 1773 4288 ὅσον

204 4328 513 4380 ὐποὸαἰνων
543 4325 1060 4391 καὶέλαττνιύμενος.
1098 4326 1162 4378 Τί
1200 4327 1255 4378 δέ
1290 4343 1429 4395 φημι
1462 4345 1479 4377 ι
1520 4329 1771 4380 ἐλαττού-

206 4436 365 4486 μενος
406 4419 614 4470 ἐκείνου
641 4435 656 4482 ;
687 4443 704 4468 ο
727 4417 846 4468 δέον
866 4419 1036 4468 εἰπεῖν
1069 4417 1203 4484 πρὸς
1236 4417 1513 4485 ἀλήθειαν,
1540 4419 1616 4468 ὅτι
1652 4420 1770 4470 οὐδὲ

203 4510 341 4579 πρὸς
391 4510 480 4561 τὸν
518 4509 615 4576 τῆς
652 4509 961 4576 εἰσαγωγῆς
1023 4507 1256 4576 μοναχὸν
1299 4508 1655 4576 ἁμιλλήσαιτο
1703 4510 1768 4562 ἀν

199 4600 534 4660 ὁτοιοῦτος’
571 4602 663 4652 ὅτε
719 4617 801 4662 τις
837 4602 1060 4670 πρώτην
1121 4601 1327 4666 ἀράξας
1397 4601 1620 4666 saxeae;
1676 4603 1764 4652 τοῦ

1891 3429 1944 3468 ιιι
1986 3418 2243 3478 diximus,
2282 3421 2610 3471 monachum
2637 3422 2988 3474 commendat
3020 3424 3113 3491 qui
3143 3423 3256 3491 ipse
3285 3423 3333 3476 ei
3362 3439 3462 3491 par

1891 3525 1994 3562 non
2030 3519 2134 3563 est.
2169 3511 2444 3573 Mentitur,
2475 3511 2564 3580 qui
2596 3513 2803 3581 primus
2836 3529 2959 3567 esse
2990 3517 3133 3568 inter
3162 3517 3460 3568 monachos

1885 3599 2121 3662 videtur,
2147 3609 2196 3651 et
2229 3601 2375 3652 vultu
2411 3601 2669 3664 verendo,
2700 3613 2754 3655 et
2782 3602 2993 3668 junctis
3039 3607 3370 3674 superciliis.
3404 3619 3461 3660 et

1886 3685 2057 3738 velata
2083 3688 2226 3740 nube
2244 3691 2526 3741 orulorum
2555 3693 2688 3755 acie,
2723 3702 2776 3745 et
2812 3695 3011 3747 intuitu
3039 3695 3248 3763 perﬁdo
3271 3698 3324 3751 in
3349 3708 3463 3751 ter-

1887 3790 2000 3828 ram
2027 3777 2223 3837 deﬁxo.
2253 3788 2307 3831 et
2330 3790 2586 3833 sermone
2619 3792 2860 3850 compto,
2889 3793 2943 3836 et
2977 3785 3287 3840 humilitate
3311 3789 3455 3854 licta,

1883 3876 1936 3918 et
1970 3866 2116 3918 dicto
2142 3868 2340 3935 saepius
2381 3886 2395 3920 :
2437 3868 2771 3932 Beuedicite,
2804 3883 2856 3925 ct
2901 3890 3095 3942 magna
3123 3879 3453 3939 reverentia,

1881 3968 1934 4011 et
1964 3958 2221 4023 religiosa
2257 3960 2307 4011 in
2343 3960 2564 4015 incessu
2597 3964 2764 4016 etiam
2796 3969 3220 4036 tranquillitate.
3257 3987 3317 4025 se
3343 3987 3458 4024 ma-

1876 4049 2052 4115 jorem
2080 4066 2202 4104 esse
2233 4052 2396 4104 etiam
2429 4054 2751 4124 plerumque
2772 4059 3086 4126 opinionem
3116 4061 3320 4129 injicit;
3357 4064 3454 4115 sed

1877 4141 2056 4204 aliter,
2104 4143 2238 4209 proh
2268 4144 2452 4197 dolor!
2492 4146 2690 4223 mirum
2720 4162 2987 4216 quantum
3027 4152 3205 4206 minor
3232 4162 3287 4206 et
3322 4153 3456 4208 infe-

1878 4234 1988 4286 rior
2005 4245 2108 4288 est.
2135 4233 2412 4290 Veraciter
2443 4237 2733 4293 dicendum
2760 4252 2839 4295 est
2865 4242 3027 4296 istum
3054 4259 3120 4298 ne
3149 4259 3276 4298 cum
3304 4246 3455 4298 novi-

1876 4329 1950 4379 tio
1973 4329 2190 4395 quidem
2242 4333 2511 4385 monacho
2548 4332 2937 4387 conferendum
2971 4351 3112 4398 esse,
3145 4339 3237 4404 qui
3269 4340 3449 4406 primo

1874 4421 2154 4472 obstaculo
2213 4420 2382 4473 divini
2439 4424 2603 4475 stadii
2659 4425 2870 4488 avulso,
2919 4435 3061 4480 recta
3115 4443 3342 4481 currere
3380 4429 3448 4482 ad

1875 4507 2040 4561 Deum
2086 4510 2302 4576 incepit.
2351 4509 2528 4578 Opera
2580 4515 2725 4565 enim
2780 4516 3176 4568 monachorum
3230 4516 3287 4570 in
3323 4524 3450 4570 tan-

1873 4610 1985 4650 tum
2017 4599 2279 4669 attingere
2307 4611 2546 4664 recusat,
2567 4613 2831 4671 quantum
2871 4607 3029 4658 homo
3061 4607 3316 4661 inanibus
3345 4622 3446 4660 σας

201 4690 345 4740 κατά
392 4689 523 4740 Θεὸν
557 4689 795 4753 σταδίου,
821 4690 978 4758 ὀρθὸν
1032 4689 1277 4752 ὲξανύειν
1309 4691 1611 4760 ἀπάρξεται
1643 4694 1765 4761 δρό-

1827 4700 1841 4745 )
1877 4707 2023 4743 rcus.
2063 4692 2337 4745 Continuo
2373 4695 2583 4748 otiosus
2623 4697 2840 4757 residet.
2873 4708 2927 4750 et
2957 4699 3075 4751 ideo
3104 4698 3445 4766 concupiscit

204 4797 307 4847 μον
339 4783 430 4834 ἐπὶ
463 4782 528 4831 τά
589 4781 727 4834 θεία.
774 4782 1136 4849 Ἐργοχείρων
1190 4784 1287 4849 μέν
1319 4783 1426 4850 γὰρ
1461 4785 1768 4853 μοναχικῶν

204 4871 475 4923 ἅπτεσθαι
515 4873 767 4924 τοσοῦτον
795 4873 1033 4936 ἀποδέει,
1068 4877 1189 4926 ἴσον
1218 4876 1308 4926 καὶ
1335 4877 1538 4943 χειρῶν
1591 4877 1772 4944 ἐνδεὴς

200 4963 513 5030 ἄνθρωπος.
540 4965 790 5034 Κάθηται
815 4967 925 5034 γὰρ
958 4966 1127 5018 διόλου
1160 4968 1357 5037 ἁεργός
1377 4984 1390 4996 ·
1413 4972 1503 5020 καὶ
1574 4971 1641 5021 δι’

1880 4800 1942 4836 ac
1972 4785 2212 4853 loquitur
2245 4789 2667 4856 qualiacunque,
2702 4803 2758 4842 ut
2802 4807 2899 4860 par
2936 4803 3037 4856 est,
3073 4807 3302 4860 quorum
3331 4793 3445 4861 ple-

1882 4893 2050 4944 raque
2071 4880 2137 4932 ad
2179 4882 2462 4949 passi-mes
2493 4895 2542 4936 ct
2573 4899 2663 4938 eas
2705 4901 2809 4937 non
2855 4886 3156 4941 laudabiles
3184 4895 3437 4955 vergunt.

1709 4971 1838 5022 αύτδ
1879 4972 2191 5041 ἐνθυμεῖται
2222 4979 2312 5026 καὶ
2342 4976 2728 5042 διαλογίζεται,
2761 4979 2833 5040 ώς
2859 4980 3025 5045 είκὸς,
3082 4983 3330 5048 παντοῖα,
3364 4974 3443 5034 ὦν

199 5075 267 5109 τα
305 5058 472 5110 πλείω
522 5062 612 5112 καί
670 5063 747 5122 εἷς
811 5078 960 5123 τινας
1007 5061 1304 5128 ἐπιθυμίας
1348 5063 1577 5129 ἐκνεύει,
1610 5067 1701 5118 καὶ
1742 5068 1908 5129 αὐτὲις
1951 5068 2079 5130 ἴσως
2118 5069 2214 5120 οὐκ
2255 5070 2668 5134 ἀπο6>.επούσας
2708 5074 2785 5135 εἰ⁷ς
2819 5089 2869 5124 τι
2907 5072 3130 5139 ἀγαθόν.

278 5206 407 5272 ροζ’.
451 5208 645 5274 Διττῆς
695 5206 801 5274 γὰρ
847 5206 1014 5276 οὔσης
1042 5209 1137 5276 τῆς
1190 5211 1506 5277 ἐπιθυμίας,
1537 5213 1634 5277 τῆς
1668 5216 1766 5282 μὲν

199 5297 624 5366 ἐπαινουμένης,
665 5296 787 5349 καθ’
819 5298 884 5366 ῆν
937 5300 1244 5367 ἐπιθυμιῶν
1274 5303 1414 5372 ἀνὴρ
1468 5306 1494 5355 ὁ
1527 5305 1764 5374 διορατι-

199 5388 443 5450 κώτατος
474 5391 690 5460 εἴρηται
727 5392 959 5459 Δανιήλο
996 5392 1095 5458 τῆς
1133 5394 1186 5444 δὲ
1231 5394 1493 5462 ἐπιψόγου
1526 5399 1767 5468 (τοιαύτη

196 5482 312 5546 ὃέή
364 5480 470 5531 τῶν
498 5481 809 5550 ἀργούντων
844 5482 982 5534 κατὰ
1027 5484 1119 5535 τὸν
1167 5485 1338 5553 ὀρθῶς
1371 5489 1613 5551 εἰπόντα,
1647 5509 1664 5540 ι
1709 5495 1766 5542 ἐν

197 5569 517 5639 ἐπιθυμίαις
567 5569 705 5624 εἷναι
738 5574 826 5625 τὸν
878 5575 1100 5641 ἀεργὸν*
1142 5580 1188 5644 ι)
1220 5579 1319 5628 οὐκ
1365 5582 1593 5637 ἀπεικὸς
1628 5587 1764 5648 φαύ-

197 5659 310 5712 λων
363 5663 672 5732 ἐπιθυμιῶν
702 5664 993 5726 κλύζεσθαι
1041 5668 1250 5734 κύμασι
1284 5671 1373 5724 τὸν
1421 5673 1763 5743 καθηγούμε-

278 5863 320 5894 ⁸⁷
356 5863 439 5919 lsa
505 5884 629 5919 nu,
668 5871 747 5923 l3.
829 5873 871 5902 ³⁸
905 5870 1060 5925 Prov.
1102 5874 1331 5938 “1,95.

1953 5217 2073 5270 177.
2149 5217 2393 5285 Duplicis
2460 5221 2678 5287 generis
2741 5237 2862 5274 cum
2931 5222 3074 5275 sint'
3115 5225 3437 5291 passiones,

1872 5309 1990 5361 ιιίω
2047 5310 2264 5376 quidem
2319 5312 2640 5372 laudabiles.
2692 5313 2892 5382 quibus
2936 5313 3120 5368 Daniel
3170 5317 3438 5382 peritissi-

1871 5414 1992 5451 mus
2034 5400 2211 5454 dictus
2240 5410 2318 5454 est
2348 5402 2428 5454 vir
2452 5402 2884 5467 desideriorum;
2942 5415 2994 5457 ct
3045 5405 3164 5458 alia:
3218 5407 3434 5473 vitupe-

1868 5491 2058 5542 ranula:
2089 5494 2162 5561 (et
2197 5492 2332 5544 tales
2368 5503 2497 5547 sunt
2535 5497 2862 5557 otiosorum,
2884 5497 3036 5565 jttxtI
3071 5505 3217 5550 recte
3241 5499 3434 5552 dicen-

1867 5593 1970 5634 tum
2011 5601 2022 5635 :
2073 5583 2128 5635 ln
2157 5583 2446 5637 desideriis
2490 5601 2610 5640 esse
2654 5587 2864 5653 pigrum
2893 5589 2981 5650 υ),
3015 5587 3313 5640 verisimile
3345 5599 3432 5640 est

1866 5693 2156 5744 pravarum
2196 5678 2511 5746 passionum
2559 5681 2812 5735 llurtibus
2842 5679 3036 5748 agitati
3083 5681 3425 5749 praelectum,
