4212 6434
210 424 325 491 881

1179 419 1280 479 DE
1322 416 1803 480 EMENDANDA
1830 417 2008 475 νιΤΑ
2046 413 2513 474 MONACHICA.

3357 414 3465 478 882

207 542 351 609 πρὸς
380 538 458 607 τῷ
479 537 733 607 ἁγιάζειν
762 540 854 589 καὶ
880 534 1095 600 ὑγίειαν
1124 534 1380 603 πολυειδῆ
1400 536 1628 604 χορηγεῖ
1667 534 1782 595 τοῖς
1812 537 1856 595 Α

1812 537 1856 595 Α
1888 546 1994 584 non
2017 546 2135 584 cam
2161 530 2331 584 solam
2356 532 2535 584 oleum
2556 528 2674 583 sine
2698 532 2932 584 mixtura
2966 537 3020 584 et
3051 528 3170 584 sine
3191 542 3467 599 compost-

209 633 529 700 χρῄζουσιν,
583 631 695 682 οὐδ’
751 629 835 682 ὅτι
889 629 1028 696 αὐτή
1083 630 1219 696 μόνη
1280 626 1342 678 τὸ
1402 627 1786 685 ὰσυνδυάστως

206 726 306 777 καὶ
334 722 645 783 ἁσυνθέτως
677 722 856 773 ἔλαιον
900 719 1186 772 ἀποθλίόει
1220 718 1368 789 (ἄλλο
1399 719 1506 787 γάρ
1545 735 1597 769 τι
1640 718 1786 769 ἅπαν

209 816 395 866 ἔλαιον
447 815 737 884 προσθήκῃ
801 815 909 865 τινὶ
970 811 1365 875 συνδυάζεταιο
1418 811 1787 878 ἀμυγδάλινον

205 908 317 975 γίρ
339 924 392 959 τι
424 907 625 968 ἔλαιον,
660 910 751 957 καὶ
787 904 1044 972 καρύῖνόν
1078 921 1279 972 φαμεν,
1307 903 1401 955 καὶ
1429 903 1749 970 σησάμινον)
1772 916 1785 930 ο

206 1001 270 1050 ου
345 999 454 1066 μὴν
516 1004 571 1049 ἐν
624 998 891 1066 ἁπλότητι
950 996 1150 1061 ἔλαιον,
1202 995 1315 1048 ἀλλ’
1371 998 1452 1048 ὅτι
1512 993 1644 1046 αὐτὸ
1694 993 1789 1045 καὶ

211 1094 374 1159 μόνον
402 1092 498 1159 ἡδὺ
552 1091 819 1159 λίπασμα,
847 1090 943 1141 καὶ
980 1089 1255 1150 πιότατον,
1280 1087 1374 1138 καὶ
1410 1082 1521 1137 οἷον
1556 1086 1789 1155 χρηστὸν

207 1181 351 1236 εἶναι
383 1184 687 1251 τραπέζαις
719 1186 1059 1250 μοναχικαῐς.
1085 1182 1218 1250 Περὶ
1235 1181 1290 1232 δὲ
1318 1180 1530 1249 ἰσχάδος
1556 1177 1790 1248 ἰσχνολο-

207 1277 315 1338 γεῖ,
349 1274 443 1339 οὐχ
476 1275 556 1324 ὅτι
593 1273 801 1340 χλωρόν
832 1289 891 1323 τε
950 1272 1010 1324 ὃν
1059 1273 1119 1322 τὸ
1151 1270 1321 1323 σῦκον
1362 1271 1580 1339 μέλιτός
1639 1271 1788 1321 ἐστιν

209 1367 587 1433 ὑποκόρισμα,
626 1366 721 1416 καὶ
780 1363 1054 1433 ξηρανθὲν
1088 1364 1142 1414 οὲ
1200 1366 1301 1416 οἰοκ
1358 1363 1639 1427 ἐξίσταται
1687 1361 1789 1429 τῆς

208 1459 554 1525 γλυκύτητος
575 1474 587 1486 ·
615 1457 696 1508 διὸ
728 1458 819 1507 καὶ
856 1473 873 1505 t
918 1455 1193 1523 γλυκερὰν
1234 1474 1251 1505 ι
1285 1456 1382 1523 τὴν
1411 1456 1581 1525 συκῆν
1611 1455 1659 1506 oi
1696 1470 1789 1506 σο-

208 1556 304 1617 φοὶ
334 1552 455 1602 κατ’
474 1549 759 1618 ἐξαίρετόν
792 1547 844 1600 τί
878 1566 1044 1616 φασιν
1067 1566 1079 1578 ·
1107 1547 1231 1600 οὐδὲ
1258 1548 1343 1600 ὅτι
1375 1548 1471 1599 καί
1500 1548 1611 1607 τοῖς
1652 1546 1790 1612 φύλ-

208 1644 325 1704 λοις
349 1642 505 1695 τοῦδε
543 1641 637 1694 τοῦ
699 1642 927 1712 δένδρου
982 1644 1214 1711 χάριτας
1264 1640 1506 1707 δφλομεν
1536 1640 1625 1693 διὰ
1660 1640 1788 1705 τοὺς

208 1734 514 1802 γενάρχας,
538 1733 631 1793 οὒς
668 1734 808 1785 αὐτὰ
843 1735 1157 1785 ἐσκέπασαν
1184 1747 1195 1759 ³
1233 1731 1343 1783 οὐδ’
1371 1730 1500 1784 ἄλλο
1522 1749 1572 1783 τι
1596 1729 1791 1799 σεμνὸν

210 1827 308 1876 καί
344 1826 641 1889 ἐπαγωγὸν
678 1824 811 1891 πρὸς
850 1823 1012 1891 χάριν
1037 1836 1050 1851 ⁶
1087 1822 1185 1874 καὶ
1227 1822 1334 1889 μὴν
1376 1821 1482 1872 οὐδ’
1525 1820 1606 1873 ὅτι
1638 1820 1790 1887 φθεῖ-

1898 624 2041 677 tione
2058 625 2361 691 exprimere
2382 623 2766 693 (quodcunque
2795 625 2939 677 enim
2968 624 3113 678 aliud
3133 624 3313 680 oleum
3338 642 3464 681 cum

1896 718 2076 785 aliquo
2092 716 2728 785 additamentojuugitur
2760 733 2775 770 :
2814 717 2993 769 oleum
3014 716 3251 770 dicimus
3287 733 3469 787 amyg-

1900 810 2115 862 daleum
2152 849 2165 871 ,
2232 823 2499 870 uuceum,
2563 820 2616 861 et
2668 807 3040 869 sesaminum.
3097 824 3207 863 non
3285 823 3468 867 autem

1895 900 2218 968 simpliciter
2243 900 2446 965 oleum)
2474 916 2488 963 ;
2522 914 2651 951 sane
2692 916 2818 952 vero
2863 897 3004 953 istud
3038 901 3214 955 solum
3248 900 3465 970 adipem

1895 993 2025 1047 dare
2082 994 2423 1061 jucundam,
2469 1000 2523 1045 et
2565 994 2816 1055 lautum,
2878 1002 2932 1046 et
2982 994 3208 1063 dignum
3264 994 3468 1048 mensis

1897 1085 2236 1138 mouaclricis
2273 1082 2495 1152 apponi.
2550 1080 2623 1136 De
2654 1082 2757 1137 ficu
2805 1085 2974 1136 multa
3005 1084 3171 1136 etiam
3209 1084 3467 1136 disserit:

1897 1194 2003 1232 nou
2034 1177 2265 1229 viridem
2307 1176 2468 1228 licunt
2490 1175 2703 1243 aliquid
2732 1174 2988 1227 melleunt
3020 1190 3165 1239 esse,
3202 1175 3467 1229 siccatam

1896 1270 2183 1323 dulcedine
2225 1282 2329 1320 non
2367 1267 2592 1335 privari.
2638 1277 2692 1320 et
2721 1267 2846 1318 ideo
2898 1264 3116 1317 dulcem
3166 1266 3326 1318 ticum
3373 1283 3471 1334 pro

1897 1378 1956 1417 re
1977 1364 2146 1415 eleCta
2176 1360 2303 1428 poni
2332 1375 2360 1411 a
2403 1359 2773 1428 sapientibus;
2815 1375 2991 1427 neque
3019 1358 3164 1411 foliis
3193 1358 3354 1426 ltujus
3384 1377 3472 1410 ar-

1899 1457 2051 1511 boris
2074 1454 2281 1516 gratias
2316 1468 2416 1506 nos
2471 1453 2692 1511 debere.
2728 1467 2794 1504 eo
2843 1452 2988 1519 quod
3045 1461 3470 1520 prntoparentes

1900 1548 2171 1610 texerint;
2239 1560 2416 1614 neque
2476 1544 2676 1597 mirum
2732 1545 2885 1597 aliud
2936 1556 3101 1612 atque
3142 1548 3209 1597 ad
3265 1547 3470 1615 gratias

1897 1641 2136 1711 agendas
2152 1637 2429 1693 adducens
2453 1653 2468 1701 ;
2497 1651 2674 1705 neque
2692 1636 2859 1689 etiam
2878 1651 3099 1706 grossos
3122 1652 3150 1687 e
3176 1636 3278 1690 iicu
3300 1640 3468 1701 sicca,

1898 1749 1963 1787 ex
1994 1734 2098 1786 vita
2151 1730 2317 1784 uitnia
2372 1728 2601 1799 produci
2638 1729 2786 1797 quod
2838 1730 2889 1781 iit
2944 1731 3165 1782 modum
3217 1729 3465 1783 historia:

1900 1834 2184 1879 narratum
2246 1822 2476 1877 multam
2536 1818 2743 1889 prmlati
2803 1821 3085 1874 scientiam
3149 1820 3469 1874 manifesta-

213 1933 313 1983 ρας
349 1917 664 1984 ἀπογεννᾷν
725 1913 831 1967 οἶδε
883 1916 943 1967 τὸ
982 1915 1150 1982 ξηρὸν
1220 1913 1387 1965 σῦκον
1437 1915 1499 1983 τῇ
1558 1912 1644 1965 διὰ
1682 1912 1796 1981 βίου
1830 1899 1871 1957 Β

1830 1899 1871 1957 Β
1902 1918 2101 1981 visset;
2138 1915 2233 1970 sed
2267 1914 2439 1981 magis
2468 1912 2671 1966 omissa
2707 1912 2982 1980 \OIuptalc
3007 1914 3058 1966 in
3090 1913 3316 1967 edendis
3352 1913 3469 1966 licis

216 2012 594 2079 παραχρήσει,
626 2011 652 2058 ὃ
677 2009 742 2079 δὴ
774 2009 904 2078 πρὸς
940 2008 1183 2077 ἱστορίαν
1213 2007 1400 2077 λεχθὲν
1426 2005 1798 2075 πολυμάθειαν

212 2104 477 2169 ἐνέφηνεν
512 2103 578 2153 ἂν
624 2100 719 2151 τοῦ
754 2101 1076 2168 καθηγητοῦ
1103 2117 1117 2130 ο
1165 2098 1281 2152 ἀλλ’
1315 2102 1397 2150 ὃτι
1434 2100 1571 2168 πρδς
1602 2097 1797 2168 ἡδονῆς

210 2192 485 2257 ὲμιραγεῖν
516 2192 707 2251 σύκου,
738 2188 931 2259 ῶσπερ
958 2190 1192 2260 χλωροῦ,
1217 2189 1359 2243 οὕτω
1381 2190 1471 2243 καὶ
1499 2192 1798 2259 ἁπισχναν-

212 2287 406 2344 θέντος
462 2298 475 2311 ·
515 2285 611 2335 καὶ
664 2285 747 2335 ὅτι
780 2284 943 2336 καλόν
976 2287 1091 2335 ἐστι
1140 2285 1235 2335 καὶ
1279 2284 1414 2336 αὐτὸ
1469 2283 1549 2345 εις
1606 2284 1797 2351 κερδα-

211 2374 343 2426 λέαν
371 2374 569 2441 κτῆσιν
594 2393 605 2408 ·
655 2376 747 2426 καὶ
790 2375 865 2435 ὡς
914 2373 1123 2441 ἀγαθόν
1171 2391 1223 2425 τι
1259 2375 1470 2443 πέφηνε
1504 2377 1597 2426 καὶ
1629 2377 1662 2442 ή
1702 2391 1796 2427 συ-

210 2469 477 2534 κομαγὶς,
512 2470 569 2520 ὲν
613 2462 669 2539 ᾖ,
703 2469 915 2519 πολλῶν
963 2468 1100 2536 ὁμοῦ
1149 2469 1649 2535 συμπεφυρμένων,
1694 2467 1796 2518 οὐκ

210 2561 328 2611 ἔστι
389 2559 449 2610 τὸ
514 2563 613 2628 μὲν
675 2561 1024 2621 ἐκλέγεσθαι,
1079 2561 1139 2612 τὸ
1169 2559 1794 2626 δἀπεκλέγεσθαιάὶλ’

209 2648 353 2715 ὁμοῦ
383 2650 561 2701 πάντα
589 2651 1025 2719 συμμεμιγμένα
1047 2649 1471 2702 καταθοινᾶσθαι
1494 2652 1573 2711 εἰς
1607 2649 1795 2719 κέρδος

210 2743 293 2808 τῷ
325 2743 675 2811 κτησαμένῳ.
756 2745 877 2794 "Et:
938 2743 1310 2812 παραδίδωσιν
1353 2746 1380 2794 ό
1434 2742 1796 2811 προκαθήμε’

212 2853 307 2896 νος
374 2839 487 2899 τοῖς
542 2837 829 2903 ὁμιληταῖς
861 2839 955 2887 καὶ
1022 2835 1099 2897 ὡς
1158 2836 1387 2904 φυλάξει
1433 2853 1516 2897 τις
1574 2836 1795 2898 ἀπίους,

210 2930 245 2996 ἡ
287 2929 462 2995 μέλιτι
512 2928 838 2996 ἐμϐυθίσας,
892 2928 925 2998 ἢ
978 2927 1247 2991 λακκέσας
1303 2928 1526 2980 εὔθετον
1549 2930 1673 2996 γῆν,
1702 2930 1794 2981 καὶ

215 3023 585 3090 ἁπαιωρήσας
609 3021 829 3086 αὐτοὺς,
856 3020 1053 3089 λέγων,
1080 3020 1156 3081 ὠς
1183 3020 1493 3090 μετεώρους
1516 3016 1675 3083 εἶναι,
1702 3023 1795 3073 καὶ

212 3114 347 3182 χοῦν
379 3114 767 3182 ἑπιφρορήσας
797 3112 893 3165 ἐπὶ
929 3115 1248 3182 παραμονῇ.
1297 3112 1565 3181 Σεμνύνει
1593 3113 1649 3165 δὲ
1702 3114 1794 3165 καὶ

214 3207 344 3263 τοὶς
377 3206 604 3272 ἀγρίους
629 3205 850 3269 ἀπίους,
876 3203 951 3266 ὡς
982 3203 1267 3272 γνώμονας
1299 3203 1531 3270 ἀγαθοῦ,
1565 3206 1796 3266 Λατῖνος

220 3297 291 3348 ἄν
325 3298 471 3347 εἴποι
523 3296 684 3364 ἀνὴρ,
748 3295 1010 3363 μούστου.
1053 3295 1508 3359 Ἐπιπολάζοντες
1555 3296 1655 3363 μὲν
1690 3296 1798 3363 γὰρ

218 3392 277 3439 ἐν
318 3388 489 3458 αὐτῷ,
524 3389 724 3456 ἀμιγὲς
771 3387 925 3443 ὕδατι
976 3387 1037 3438 τὸ
1078 3386 1311 3452 γλεῦκος
1362 3383 1499 3438 εἶναι
1530 3385 1754 3454 δηλοῦσι
1782 3402 1795 3415 ⁸

218 3480 572 3551 βυθισθέντες
621 3479 677 3531 δὲ
733 3477 1107 3547 κατηγοροῦσι
1150 3477 1504 3545 καπήλευμα.
1574 3477 1695 3529 Εἴθε
1741 3477 1797 3530 δὲ

215 3570 287 3643 ἦν
318 3572 398 3640 τῷ
427 3573 644 3640 γέροντι
677 3573 881 3637 τούτῳ,
911 3572 1013 3637 τήν
1044 3585 1101 3619 τε
1132 3569 1316 3620 αἰτίαν
1354 3569 1660 3621 συνειδέναι
1702 3568 1797 3622 τοῦ

220 3665 569 3732 πράγματος,
609 3663 701 3714 καὶ
764 3659 1305 3729 προσεπινοήσασθαι
1339 3662 1637 3729 ὁμοιότητὰ
1672 3680 1794 3713 τινα

217 3754 457 3807 ἐνταῦθα
486 3754 619 3821 πρὸς
645 3752 735 3803 τὸν
792 3750 1192 3820 περιᾳδόμενον
1235 3749 1446 3818 Ῥῆνον,
1478 3752 1568 3801 τὸν
1601 3750 1797 3803 Κελτι-

220 3851 318 3899 κὸν
342 3847 606 3912 ποταμόν.
633 3841 805 3896 Νόθον
839 3844 947 3912 γάρ
979 3860 1028 3894 τι
1054 3842 1331 3894 κάνταῦθα
1362 3842 1699 3911 διακρίνεται
1721 3844 1799 3913 τῷ

218 3938 591 4007 ἐπιπολασμῷ
627 3938 718 3989 καὶ
742 3936 821 4006 τῷ
852 3934 1123 4004 βυθισμῷ,
1161 3936 1209 3986 εἰ
1249 3937 1341 3987 καὶ
1374 3936 1578 4004 τρόπον
1614 3936 1794 3988 ἄλλον.

232 4030 385 4080 Ἔίεί
416 4028 517 4096 μὲν
577 4029 683 4093 γὰρ
712 4025 865 4094 ὑγρῷ
920 4027 1290 4093 διακρίνονται
1347 4025 1417 4078 τὰ
1465 4027 1664 4093 γνήσια
1700 4027 1798 4095 μὲν

218 4122 336 4173 τῶν
371 4120 611 4188 βρεςρῶν,
644 4117 1047 4179 ἐπιπολάζοντα
1074 4133 1087 4146 ⁶
1134 4116 1464 4187 βυθιζόμενα
1509 4118 1587 4183 δὲ,
1618 4120 1686 4170 τὰ
1722 4119 1796 4188 μὴ

227 4214 338 4264 απὸ
367 4214 570 4278 γάμου.
600 4208 868 4261 Ἐνταῦθα
910 4207 965 4260 δὲ
1014 4208 1178 4276 ὑγρὸν
1207 4211 1429 4277 γνήσιον
1461 4209 1556 4259 καὶ
1588 4208 1663 4278 μὴ
1690 4226 1799 4261 τοι-

219 4305 382 4356 οῦτον
439 4306 510 4373 τῇ
541 4302 650 4352 τῶν
710 4301 891 4352 ἀπίων
945 4298 1238 4352 καταδύσει
1281 4300 1375 4351 καὶ
1434 4299 1513 4369 τῷ
1566 4300 1796 4370 ἀνάπλῳ

220 4395 660 4463 κιταμηνύεται.
709 4393 831 4444 Ἔτι
880 4391 1162 4461 μεθοδεὺει
1206 4393 1234 4443 ὁ
1279 4390 1423 4444 οὕτω
1476 4391 1797 4463 πολυμαθὴς

224 4486 639 4555 καθηγούμενος
693 4483 788 4536 καὶ
817 4483 939 4534 ὅποι
980 4485 1147 4534 τόπου
1201 4483 1475 4551 εὐκράτου
1515 4484 1659 4552 μῆλα
1693 4501 1793 4553 με·

1903 2025 2007 2065 tam
2042 2009 2312 2062 viridibus
2352 2022 2517 2074 quam
2571 2005 2895 2069 exsiccatis,
2936 2006 3159 2072 insuper
3204 2005 3349 2060 lianc
3384 2020 3473 2059 ac-

1903 2102 2262 2170 quisilioncm
2295 2108 2668 2167 qua'stuosam
2705 2111 2849 2161 esse,
2888 2096 3071 2150 atl‘erri
3121 2096 3407 2150 utiiitatem
3442 2114 3473 2148 e

1899 2196 2145 2264 placenta
2178 2208 2209 2245 c
2256 2191 2372 2245 licis
2406 2189 2740 2257 composita.
2796 2188 2851 2241 in
2913 2202 3020 2256 qua
3076 2189 3265 2241 multis
3301 2188 3471 2243 simul

1900 2284 2085 2338 mixtis
2137 2282 2283 2338 istud
2328 2283 2533 2352 eligere
2576 2293 2631 2336 et
2672 2282 2775 2334 ltoc
2816 2295 3080 2348 respuere
3124 2280 3472 2349 impossibile

1901 2385 2009 2440 est,
2067 2377 2160 2430 sed
2216 2374 2400 2427 omnia
2440 2372 2627 2436 simul,
2674 2386 2800 2427 cum
2852 2372 3008 2427 lucro
3052 2370 3260 2426 domini
3307 2371 3474 2426 devo-

1898 2476 2112 2519 rantur.
2142 2462 2331 2519 Socios
2373 2464 2629 2533 przelatus
2658 2462 3074 2529 docetinsuper
3111 2477 3213 2531 qua
3258 2463 3470 2517 ratione

1899 2560 2014 2628 pira
2063 2558 2470 2620 custodiantur,
2528 2557 2610 2609 vel
2657 2554 2819 2608 melle
2881 2554 3140 2615 iutincta,
3218 2555 3296 2607 vel
3342 2570 3471 2609 sus-

1899 2667 2067 2721 pensa
2104 2654 2156 2705 in
2183 2663 2325 2706 terra
2355 2650 2547 2706 idonea
2589 2656 2645 2702 et
2674 2648 2891 2710 effossa,
2928 2648 3086 2717 quasi
3125 2647 3385 2715 meliora,
3416 2658 3473 2701 et

1897 2759 2061 2796 arcna
2112 2755 2370 2810 cooperta
2404 2755 2463 2797 ut
2487 2757 2795 2802 serventur.
2826 2744 3039 2800 Laudat
3067 2756 3122 2800 et
3152 2748 3267 2816 pira
3312 2762 3471 2816 agre—

1897 2837 2001 2890 stia
2024 2852 2089 2890 eo
2117 2839 2261 2905 quod
2310 2837 2511 2891 bonum
2545 2849 2807 2902 mustum,
2832 2839 2979 2894 dicet
3020 2840 3223 2910 aliquis
3259 2839 3472 2905 Latine,

1899 2928 2162 2982 iudicent.
2199 2928 2334 2981 Cum
2364 2930 2508 2983 enim
2538 2940 2921 3000 supernatant,
2948 2946 3088 3000 aqua
3112 2946 3219 2986 non
3241 2932 3471 2985 mixtum

1899 3021 2087 3075 viuum
2134 3020 2526 3086 manifestam,
2581 3038 2703 3077 cum
2753 3023 3177 3095 immerguutur,
3224 3022 3470 3076 fraudem

1900 3112 2257 3180 patefaciunt.
2307 3112 2374 3166 Et
2420 3115 2632 3166 tttiuam
2672 3130 2899 3169 causam
2934 3118 3097 3187 ltujus
3155 3118 3236 3170 rei
3285 3115 3475 3170 senior

1902 3204 2190 3273 intelligat,
2218 3212 2384 3272 atque
2418 3206 2491 3260 ibi
2531 3210 2825 3275 quamdam
2874 3223 2999 3261 cum
3025 3209 3249 3262 laudato
3282 3207 3476 3261 Rheno

1900 3292 2178 3348 Celtarum
2252 3294 2476 3350 ﬂumine
2557 3297 2974 3353 similitudinem
3052 3300 3319 3353 attentlat.
3395 3299 3473 3352 ibi

1900 3386 2043 3441 enim
2107 3385 2502 3441 discernuntur
2552 3389 2740 3455 notha,
2791 3405 2911 3457 qua:
2959 3402 3324 3460 supernatant
3379 3402 3477 3445 aut

1902 3477 2325 3545 itntuerguntur,
2383 3481 2477 3532 sed
2510 3481 2671 3533 modo
2701 3481 2945 3535 diverso.
3008 3482 3126 3537 Illic
3155 3499 3299 3537 enim
3330 3498 3474 3551 aqua

1900 3567 2291 3623 discernuntur
2361 3580 2551 3640 partus
2629 3573 2857 3638 legitimi
2926 3590 3049 3627 eum
3124 3576 3477 3643 superierun-

1902 3669 2010 3720 tur.
2058 3668 2111 3711 et
2157 3661 2334 3725 uollti,
2384 3664 2602 3731 quando
2650 3664 3067 3734 immerguntur.
3128 3664 3228 3721 llic
3292 3676 3472 3721 autem

1903 3750 2205 3818 legitimum
2258 3765 2352 3807 aut
2402 3756 2671 3810 dissimile
2718 3758 2853 3826 piris
2907 3760 3182 3814 immersis
3227 3771 3321 3815 aut
3379 3781 3476 3816 na-

1903 3845 2145 3899 tantibus
2207 3862 2347 3915 aqua
2404 3848 2631 3905 indicat.
2680 3850 2945 3919 Explanat
2994 3854 3160 3908 etiam
3225 3857 3475 3909 eruditus

1902 3938 2155 4006 prtelatus
2208 3954 2318 4007 quo
2376 3939 2498 3994 loco
2554 3948 2861 4011 temperato
2924 3946 3039 3999 sint
3086 3949 3473 4015 suspendenda

1900 4046 2059 4099 poma
2117 4031 2221 4083 alia
2269 4040 2321 4085 et
2378 4034 2641 4102 cydonia,
2723 4045 2781 4087 ut
2842 4046 3168 4102 serventur,
3232 4038 3285 4091 in
3333 4056 3475 4108 quo-

1901 4138 2024 4176 nam
2076 4140 2200 4178 acre
2232 4133 2455 4192 grauata
2507 4126 2617 4178 sint
2661 4127 2932 4191 libranda,
2966 4138 3026 4181 ut
3070 4122 3474 4197 custodiantur,

1899 4230 2009 4283 qua
2066 4219 2230 4269 etiarn
2278 4216 2489 4271 ratione
2533 4232 2600 4279 ea
2634 4217 2900 4273 duratura
2958 4223 3110 4289 palea
3163 4235 3470 4277 conservet=

1901 4309 1968 4362 Et
2019 4324 2144 4361 mox
2190 4309 2450 4363 ardenter
2508 4311 2869 4366 ratiocittatur
2916 4324 3166 4367 naturam
3194 4317 3363 4383 paleae
3409 4318 3474 4368 ad

1901 4399 2157 4453 universa
2187 4401 2456 4454 servanda
2484 4410 2662 4470 aptam
2689 4419 2843 4468 esse;
2865 4405 3195 4459 calidieuitn
3221 4410 3472 4476 corporis

1899 4487 1955 4541 iu
1989 4505 2050 4543 ea
2086 4489 2315 4545 involuti
2346 4500 2547 4546 statum
2578 4503 2750 4558 tenet,
2791 4503 2843 4547 et
2870 4497 3126 4564 frigidum
3160 4500 3391 4568 aliquid,
3416 4508 3477 4553 ttt

226 4578 570 4645 τεωριστέον,
620 4574 829 4643 ἑτεροίἀ
867 4591 924 4625 τε
972 4574 1069 4626 καὶ
1116 4574 1375 4639 κυδώνια,
1424 4577 1503 4637 εις
1549 4576 1802 4645 παράμο-
1835 4581 1877 4635 D

1835 4581 2019 4645 Dnix,
2087 4585 2140 4636 in
2205 4592 2404 4637 natura
2454 4586 2676 4654 propria
2740 4585 2946 4639 ﬁrmari
3004 4591 3291 4657 permittit.
3353 4592 3473 4645 Mox

222 4689 338 4721 νον.
379 4670 477 4720 Ποῖ
506 4670 561 4719 δὲ
590 4668 749 4735 ἀέρος
799 4667 941 4735 ῥοιαὶ
974 4667 1345 4735 κρεμήσονται
1378 4666 1749 4735 φυλαξόμεναι
1776 4685 1791 4698 ·

222 4765 321 4814 xa‘t
374 4763 447 4825 ὡς
504 4757 611 4813 οἶδε
678 4762 963 4829 συντηρεῖν
1011 4760 1181 4822 αὐτὰς
1213 4760 1566 4827 παραμόνους
1598 4762 1692 4812 καὶ
1734 4760 1795 4812 τὸ

222 4857 451 4924 ἄχυρον,
488 4852 693 4904 Αὐτίκα
746 4852 800 4902 δὲ
840 4850 1296 4919 φιλοτιμούμενος
1338 4851 1793 4918 προσεπιφιλοσο..

223 4951 320 5016 φεῖ
352 4950 439 4999 καὶ
472 4946 544 5006 ὡς
585 4944 916 5014 φυλακτικόν
951 4962 1003 4995 τι
1041 4945 1232 5013 χρῆμα
1290 4947 1348 5006 ὲς
1389 4946 1448 4996 τὸ
1492 4946 1601 4996 πᾶν
1633 4946 1665 5014 ή
1702 4944 1795 4997 τοῦ

221 5043 433 5109 ἀκύρου
463 5039 646 5108 φύσις.
677 5037 893 5106 Θερμοῦ
925 5054 980 5088 τε
1024 5038 1131 5103 γὰρ
1158 5037 1373 5100 ἐξανύει
1404 5037 1659 5106 κατοχὴν,
1702 5039 1801 5106 ἐμ-

222 5133 517 5202 εὶηθέντος
565 5131 643 5192 εἰς
669 5131 833 5181 αὑτόυ
868 5132 961 5181 καὶ
1010 5129 1218 5198 ψυχρὸν
1252 5130 1306 5181 δὲ
1352 5131 1799 5197 ἐμπεπιστευμέ-

225 5243 339 5288 νον,
395 5220 455 5275 οὗ
489 5224 655 5292 μέρος
710 5223 804 5272 καὶ
853 5224 885 5289 ἡ
942 5222 1098 5289 χιὼν,
1133 5222 1468 5289 ὲνακμάζειν
1501 5222 1684 5273 δίδωσι
1730 5225 1797 5291 τῇ

226 5318 407 5386 οἰκείᾳ
439 5315 617 5383 φύσει.
649 5314 824 5375 Εὐθὺς
847 5314 902 5365 δὲ
936 5316 1028 5365 καὶ
1058 5316 1137 5376 εἰς
1165 5309 1276 5365 οἷόν
1307 5331 1359 5364 τι
1389 5317 1637 5385 πόρισμα
1677 5317 1805 5380 γλα-

226 5410 549 5478 φυρώτερον
578 5408 915 5475 ὲμὸαθύνας,
950 5408 1254 5476 παροιμίαν
1299 5407 1603 5476 ἐξευρίσκει
1644 5408 1807 5469 αὐτὸς

230 5503 390 5571 ἰδίαν,
420 5500 549 5553 αὐτὸ
599 5501 696 5569 μὲν
727 5503 786 5551 τὸ
834 5502 1040 5569 ἄχυρον
1066 5500 1447 5569 εὑυπόλητττον
1497 5500 1801 5569 ὀνομάζων,

302 5678 414 5746 (l9)
456 5675 783 5744 Megabyzus
816 5674 925 5727 dux
977 5683 1093 5727 erat
1124 5676 1399 5746 exercitus
1443 5674 1586 5727 Darii
1649 5675 1793 5744 regis

228 5744 560 5810 Persarum;
597 5748 713 5813 ipse
746 5749 945 5797 multos
981 5750 1165 5798 hostes
1213 5744 1540 5813 proﬂigavit,
1593 5747 1795 5801 multas

228 5818 548 5884 provincias
579 5817 772 5883 patriis
804 5816 1004 5867 linibus
1028 5815 1226 5883 juuxit.
1272 5814 1395 5869 Ideo
1425 5831 1547 5867 eum
1601 5814 1795 5870 Darius

224 5888 461 5960 quadam
497 5888 584 5941 die
622 5887 821 5939 malum
848 5897 1135 5955 granatum
1167 5901 1330 5941 manu
1356 5894 1581 5951 teucrct,
1619 5896 1670 5941 et
1690 5891 1721 5940 ,ξ
1741 5904 1789 5940 r-

1905 4678 2075 4731 veluti
2138 4680 2192 4731 in
2243 4679 2699 4747 consequentiam
2751 4681 3069 4735 alteriorem
3108 4683 3473 4747 descendens.

1904 4770 2231 4823 sententiam
2267 4773 2543 4840 propriam
2578 4772 2696 4841 ipse
2732 4765 2971 4835 invenit,
3015 4774 3230 4828 scilicet
3260 4777 3470 4844 paleam

1906 4861 2129 4915 intentu
2201 4861 2419 4917 facilem
2485 4878 2649 4928 esse,
2719 4862 3107 4935 llOtttittethttc
3150 4868 3475 4923 initiatiouis

1905 4968 2156 5021 capacem
2184 4953 2505 5019 faciliorem,
2559 4956 2855 5025 siquidem,
2906 4958 3001 5016 ait.
3071 4960 3223 5027 palea
3257 4964 3477 5030 deposi-

1908 5056 2018 5099 ttini
2084 5044 2355 5114 integrum
2407 5046 2657 5101 studiose
2720 5060 3033 5105 conservat.
3098 5052 3171 5105 De
3232 5054 3478 5122 grauatis

1908 5137 2223 5189 considerat
2277 5136 2483 5200 adhuc,
2539 5154 2649 5192 non
2707 5150 2904 5193 sancta
2947 5143 3038 5193 illa
3100 5148 3476 5211 tnalogranata

1910 5243 2029 5295 qua:
2081 5228 2146 5281 ad
2202 5229 2484 5298 exemplar
2513 5245 2708 5282 eorum
2758 5231 3025 5284 fabricata
3069 5242 3201 5286 sunt
3245 5253 3258 5298 ;
3302 5251 3480 5302 neque

1908 5318 2230 5389 Megabyzos
2265 5319 2375 5386 (l9)
2418 5320 2718 5384 mirabiles,
2752 5338 2891 5389 quos
2919 5338 3011 5376 rex
3049 5324 3339 5377 Persarum
3372 5325 3479 5378 sibi

1903 5412 2236 5464 circumdari
2298 5413 2530 5481 optabat
2611 5412 2767 5481 juxta
2852 5431 3139 5470 numerum
3205 5418 3475 5470 seminum

1905 5502 2032 5557 mali
2063 5503 2276 5572 grauati
2307 5504 2454 5572 quod
2484 5505 2680 5560 eodem
2713 5516 2961 5575 tempore
3006 5523 3171 5560 manu
3221 5506 3471 5572 ferebat;

1897 5678 2087 5742 taban,
2108 5679 2218 5733 dux
2244 5678 2409 5744 alius,
2433 5696 2462 5735 a
2490 5695 2616 5750 rege
2636 5683 3050 5751 quareretquid
3083 5685 3240 5739 vellet
3260 5697 3471 5741 tantum

1897 5761 2159 5823 quantum
2182 5765 2349 5823 grana
2380 5754 2595 5819 grauati
2632 5753 3008 5822 multiplicari,
3050 5759 3334 5823 respondit
3367 5759 3472 5811 Da-

1902 5821 2015 5873 rius
2054 5830 2131 5874 tot
2158 5819 2477 5891 Megabyzos
2501 5836 2624 5877 esse
2654 5824 2757 5877 sibi
2794 5819 2916 5879 esse
2940 5819 3332 5893 exoptandum.
