4212 6434
216 398 311 459 937

1098 396 1520 469 ALLOCUTlO
1546 398 1643 455 .-\D
1684 396 2110 458 MANUELEM
2148 399 2596 460 COMNENUM.

3346 398 3453 463 9'58

186 513 530 581 ιστιιιξι.υλίαν
570 514 647 575 εἰς
702 513 897 581 εὐγενῆ
948 512 1224 581 λαμυρίαν
1284 512 1630 580 μετέθηκας,
1694 512 1787 564 καὶ

1827 518 1862 574 Α
1894 530 1988 581 pro
2022 514 2222 567 forensi
2256 514 2508 567 facundia
2542 512 2739 579 aptasti
2771 512 2899 565 mihi
2932 512 3215 568 sermOnis
3233 510 3453 581 elegan-

212 606 378 673 γῆθεν
408 603 673 660 λαλοῦντά
711 623 774 673 με
812 606 948 673 πρὸς
998 605 1271 673 μετέωρον
1304 602 1523 671 ὖψωσας
1549 620 1562 633 ·
1592 604 1685 655 καὶ
1720 604 1781 656 τὸ

214 694 267 743 ὲν
300 693 425 760 ἐμοὶ
456 694 665 760 χ’)ύνιον
697 693 789 744 τοῦ
828 693 1033 761 Ἑρμοῦ
1072 693 1363 759 πτερώσας
1395 688 1507 745 οἷον
1539 692 1781 760 οὐράνω-

215 799 331 846 σας,
369 782 465 834 καὶ
491 783 742 847 γλῶσσάν
771 801 859 852 μοι
895 784 1225 853 μογγιλάλον
1247 781 1617 852 διήρθρωσας,
1650 782 1784 850 μᾶλ-

212 873 299 925 λον
334 874 435 941 μὲν
468 874 562 925 οὖν
593 875 871 936 παντελῶς
906 875 1148 940 σιγῶσαν
1181 876 1513 943 ὲτράνςιισας·
1547 875 1639 925 καὶ
1662 876 1782 927 ἀντὶ

213 967 495 1032 ὀνόματος,
525 959 585 1018 οὗ
607 967 859 1035 μετέχειν
879 966 1153 1031 ἀξιοῦνται
1182 970 1273 1019 καὶ
1305 966 1502 1036 μικρόν
1528 984 1582 1018 τι
1606 982 1784 1036 γραμ-

216 1057 405 1119 μάτιον
440 1055 728 1123 γευόμενοι
781 1055 1079 1123 ἅνθρωποι,
1139 1056 1310 1121 ὄνομα
1358 1054 1555 1105 ὲκτίσω
1592 1070 1681 1123 μοι
1722 1053 1782 1104 τὸ

211 1149 321 1206 τοῖς
354 1145 474 1199 κατ’
507 1148 604 1214 ἐμὲ
640 1145 780 1215 ὑπὲρ
806 1146 953 1199 ἆπαν
979 1145 1303 1216 κρινόμενον
1327 1144 1516 1214 ὄνομα.

286 1325 354 1385 γ’.
394 1326 501 1375 Kal.
530 1323 672 1375 οὔτω
706 1323 804 1391 μὲν
840 1324 1077 1393 ἐμαυτὸν
1098 1324 1390 1375 ἐδικαίωσα
1418 1324 1493 1392 μὴ
1520 1324 1782 1374 ἀπενιαυ-

210 1419 386 1479 τὲζειν
427 1420 523 1477 τὰς
560 1417 773 1478 λαλιὰς,
804 1416 941 1472 ἀλλὰ
964 1416 1283 1485 συχνότερον
1306 1416 1663 1485 φθέγγεσθαι,
1690 1416 1785 1467 καὶ

210 1511 309 1571 τας
368 1510 655 1578 βασιλικὰς
711 1508 997 1578 ἀριστείας
1059 1510 1430 1577 περικροτεῖν.
1482 1508 1554 1559 Τὸ
1607 1507 1660 1558 δέ
1721 1524 1783 1571 γε

210 1600 523 1667 παρεστὼς,
554 1601 607 1651 τί
637 1599 702 1652 ἂν
726 1599 838 1668 ἔχοι
873 1600 1059 1669 ῥήτωρ
1099 1599 1200 1669 τὴν
1246 1597 1487 1668 γραφίδα
1545 1598 1644 1666 μὲν
1687 1598 1785 1650 ὅσα.

211 1693 305 1744 καὶ
346 1692 521 1759 βέλος,
562 1692 651 1743 καὶ
680 1690 972 1761 φαρμάξας
1001 1692 1213 1761 μέλανι.
1237 1690 1462 1751 καὶτοῖς
1487 1688 1784 1758 βαρϐάροις

211 1782 501 1849 ἐπαφιέναι
524 1783 866 1849 καραδοκῶν,
901 1784 995 1834 καὶ⁵
1032 1782 1263 1847 βάπτειν
1294 1782 1374 1843 εἰς
1399 1782 1628 1849 αἵματα,
1667 1778 1783 1832 εἶτα

1890 607 2041 668 tiam,
2096 611 2149 658 et
2183 620 2266 657 me
2324 605 2604 657 humiliter
2641 602 2954 670 loquentem
2991 605 3046 657 in
3078 604 3253 658 altum
3292 613 3457 657 extu-

1890 695 2037 758 listi;
2110 693 2255 761 quod
2320 694 2372 745 in
2429 709 2514 746 mc
2571 703 2848 747 terrenum
2900 704 3037 757 erat,
3113 709 3280 763 super
3339 694 3455 748 alas

1888 788 2142 842 Mercurii
2174 786 2444 850 cxaltans,
2489 789 2713 841 cceleste
2742 786 2948 850 fecisti,
2969 795 3023 840 et
3048 788 3290 855 linguam
3342 794 3455 839 tar-

1888 882 2010 931 dant
2037 877 2293 946 depolisti
2325 888 2377 930 et
2418 892 2546 930 vero
2573 877 2767 932 infanti
2810 872 3075 947 loquendi
3132 886 3455 947 potestatem

1889 970 2111 1036 dedisti,
2142 982 2194 1024 et
2239 986 2337 1039 pro
2373 969 2592 1023 nomine
2637 970 2704 1024 de
2752 986 2861 1038 quo
2901 983 3099 1023 curare
3159 969 3458 1037 dignantur

1890 1062 2290 1129 aliquantulum
2325 1060 2423 1114 viri
2482 1060 2680 1114 litteris
2716 1063 3020 1125 studentes,
3087 1074 3284 1113 nomen
3325 1059 3455 1111 mihi

1891 1153 2171 1221 protulisti
2198 1168 2363 1220 super
2390 1165 2552 1204 omne
2580 1165 2772 1203 nomen
2805 1149 2872 1201 ab
2895 1149 2974 1202 eis
2997 1149 3086 1217 qui
3114 1164 3196 1201 me
3217 1148 3458 1201 circurn-

1892 1245 2020 1296 dant
2048 1244 2372 1311 jndicatnm.

1970 1333 2023 1388 3.
2065 1335 2135 1387 ita
2172 1342 2371 1388 memet
2394 1333 2632 1401 judicavi
2684 1332 2881 1386 debere
2924 1347 3030 1384 non
3065 1330 3167 1384 hoc
3202 1345 3343 1383 anno
3376 1338 3460 1382 ta-

1891 1443 2037 1493 cere,
2064 1426 2157 1481 sed
2185 1425 2465 1495 copiosius
2494 1424 2693 1493 alloqui
2720 1425 2976 1494 regiaque
2999 1424 3284 1492 divulgare
3320 1422 3455 1475 faci-

1891 1534 2045 1572 nora.
2076 1517 2131 1571 In
2166 1517 2602 1586 prresentiarum,
2643 1516 2773 1584 quid
2804 1515 3007 1570 faceret
3045 1526 3229 1569 orator
3265 1513 3460 1582 stylnzn

1894 1625 2058 1663 manu
2094 1608 2513 1677 quasijaculum
2551 1620 2763 1671 tenens,
2795 1608 3102 1659 atramento
3124 1621 3221 1674 pro
3253 1621 3462 1659 veneno

1894 1700 2175 1761 infectum,
2214 1706 2440 1767 paratus
2476 1697 2543 1749 ad
2592 1696 2948 1764 injiciendum
3002 1695 3255 1748 inimicis
3300 1704 3355 1748 ct
3406 1693 3461 1746 in

1890 1804 2081 1844 eorum
2112 1804 2307 1844 cruore
2343 1788 2778 1856 immergendum
2811 1806 2825 1853 ;
2854 1789 2945 1857 qui
2982 1786 3146 1840 modo
3178 1786 3300 1840 illos
3362 1785 3461 1838 ob-

209 1878 265 1929 δὲ
293 1877 509 1945 βλέπων
536 1879 775 1939 ἐκείνους
804 1877 987 1946 ἠρέμα
1020 1877 1383 1944 πτήσσοντας,
1435 1876 1529 1928 καὶ
1562 1875 1621 1926 οὐ
1656 1891 1782 1943 προ

1827 1886 1863 1940 Β
1894 1890 2179 1949 stupentes
2194 1888 2462 1943 cerneret,
2487 1887 2541 1932 et
2570 1895 2673 1932 non
2703 1890 3033 1949 provocatos
3064 1878 3244 1948 fugam
3265 1893 3459 1948 capes-

211 1970 588 2037 καλουμένους
622 1969 683 2023 τὸ
730 1968 1053 2039 βάλλεσθαις
1116 1964 1191 2021 ἾΙ
1232 1969 1445 2029 πάντως
1495 1969 1692 2033 ἀγάγοι
1726 1967 1789 2018 ἂν

209 2059 298 2111 διὰ
339 2058 616 2128 θαύματος
645 2061 747 2130 τὴν
785 2060 1071 2128 βασιλικὴν
1102 2059 1415 2127 εὐανδρίαν,
1439 2058 1505 2109 δι’
1526 2054 1597 2127 ἧς
1619 2056 1791 2108 ταῦτα

211 2150 468 2215 ἐγένετοο
497 2150 566 2203 δι’
592 2152 659 2218 ἢν
695 2150 892 2213 σχάζει
932 2151 1030 2219 μὲν
1083 2151 1199 2212 τοῖς
1242 2149 1522 2218 πολεμίοις
1574 2149 1788 2216 μηχανὴ

212 2243 367 2292 πᾶσα
399 2242 477 2300 είς
507 2241 810 2308 ἄπρακτον,
842 2240 905 2292 οὐ
934 2240 1106 2291 πολλὰ
1132 2240 1187 2292 δὲ
1224 2240 1423 2307 κάμνει
1454 2238 1573 2290 οὐδὲ
1603 2239 1665 2289 τὸ
1693 2238 1788 2306 βα-

214 2331 429 2384 σιλικὸν
459 2332 691 2393 ἐκείνοις
728 2332 1257 2401 ἀντιπαλαμώμενον
1310 2332 1645 2398 στράτευμα,
1696 2331 1791 2381 καὶ

212 2423 276 2474 τὸ
300 2423 589 2489 ῥητορικὸν
615 2423 669 2473 δὲ
695 2423 785 2475 διὰ
817 2422 985 2474 ταῦτα
1015 2424 1296 2490 γραφεῖον,
1340 2421 1399 2473 τό
1428 2438 1491 2487 γε
1521 2421 1602 2482 είς
1649 2418 1790 2471 ὲκεί-

213 2531 339 2575 νονς
375 2510 531 2581 ⁴ἧκον,
563 2518 775 2583 ναρκοῖ.

286 2603 352 2657 δ’.
387 2606 453 2656 Ὠ
482 2604 768 2675 βασιλικῆς
791 2607 1204 2676 κραταιότητος,
1238 2606 1307 2657 δι’
1333 2602 1401 2676 ἦς
1422 2608 1551 2675 ἡμῖν
1585 2605 1789 2673 ἀγαθὸν

214 2698 698 2766 καταπέπρακται.
744 2698 807 2748 Ὦ
858 2698 1212 2765 παγγάληνον
1262 2697 1359 2764 ἔαρ
1396 2696 1694 2764 βασιλείας,
1731 2697 1788 2747 ὲν

212 2782 260 2850 ᾧ
285 2789 396 2839 πᾶν
423 2788 627 2853 ἀγαθὸν
654 2787 948 2857 ἐξήνθησεν
977 2788 1254 2856 κάρπιμον
1292 2790 1372 2856 (τὸ
1405 2786 1462 2850 ἐξ
1492 2788 1667 2855 ἀέρων
1687 2804 1699 2815 ’
1730 2787 1791 2837 τὸ

214 2881 280 2929 ὲκ
316 2877 627 2945 θαλάσσηςο
693 2878 760 2930 τὰ
790 2878 852 2927 ὲκ
909 2876 1045 2942 γῆς·
1081 2881 1178 2928 καὶ
1236 2878 1296 2927 τὸ
1348 2877 1467 2928 ὅλον
1499 2877 1674 2927 εἰπεῖν
1722 2874 1789 2927 τὰ

213 2969 549 3035 πάντοθεν),
596 2967 690 3019 καὶ
736 2968 764 3019 ὁ
816 2966 1188 3034 παμϐασιλεὺς
1258 2966 1463 3035 Ἰησοῦς
1508 2968 1649 3019 κατὰ
1694 2967 1787 3018 τοῦ

217 3060 568 3126 παλαμναίου
600 3059 817 3112 αἰωνίου
852 3059 1081 3111 θανάτου
1111 3061 1173 3110 τὺ
1224 3060 1495 3127 πάμμεγα
1529 3059 1787 3125 τρόπαιον

214 3154 435 3218 ἔστησε.
474 3151 539 3202 Σὲ
569 3151 647 3209 δὲ,
694 3145 738 3203 ὦ
780 3151 953 3219 σῶτερ
979 3149 1222 3217 βασιλεῦ,
1253 3150 1594 3219 θαρρούντως
1626 3151 1689 3201 ἂν
1710 3150 1785 3201 el-

1901 1976 2059 2029 sere?
2091 1973 2329 2027 Omnino
2358 1973 2682 2041 stupendam
2714 1973 2955 2025 redderet
2983 1974 3232 2024 virtutem
3260 1971 3461 2040 regiam

1894 2081 1986 2135 per
2010 2082 2168 2135 quam
2200 2066 2312 2119 haec
2347 2065 2490 2118 facta
2522 2072 2674 2126 sunt,
2714 2080 2809 2133 per
2839 2079 2998 2132 quam
3038 2061 3313 2115 claudicat
3338 2061 3466 2113 irriu

1893 2169 2053 2226 taque
2096 2157 2275 2211 evadit
2313 2158 2495 2210 omnis
2527 2157 2770 2210 hostium
2825 2155 3071 2216 solertia,
3107 2152 3306 2222 regalis
3332 2167 3464 2204 vero

1890 2250 2168 2303 exercitus
2213 2248 2323 2301 illis
2380 2248 2682 2300 ohluctans
2717 2246 2866 2297 nullo
2927 2244 3092 2298 modo
3125 2245 3356 2307 laborat,
3409 2251 3466 2296 et

1891 2358 2013 2395 mox
2050 2349 2337 2410 propterea
2370 2341 2486 2408 ipse
2517 2338 2758 2391 oratoris
2810 2338 3009 2407 stylus,
3065 2339 3259 2392 saltem
3298 2346 3464 2406 prout

1890 2440 2085 2487 contra
2121 2432 2467 2485 adversarios
2495 2431 2766 2494 vibratur,
2803 2438 3001 2497 torpet.

1964 2614 2017 2665 4.
2049 2611 2094 2665 Ο
2141 2610 2340 2678 regalis
2397 2610 2592 2673 virtus,
2631 2623 2725 2674 per
2769 2622 2930 2676 quant
2968 2607 3126 2660 nobis
3185 2609 3326 2661 bona
3370 2620 3463 2677 pa-

1893 2713 2029 2756 trata
2080 2713 2210 2757 sunt
2257 2702 2350 2757 l0
2383 2702 2802 2757 serenissimum
2853 2714 2948 2753 ver
3002 2701 3165 2768 regiae
3223 2708 3463 2767 potestao

1894 2798 1985 2861 tis,
2018 2798 2070 2850 in
2123 2813 2233 2865 quo
2303 2795 2485 2849 floruit
2525 2794 2668 2849 bona
2719 2793 2900 2847 omnis
2950 2794 3115 2848 arbor
3170 2792 3455 2847 fructifera

1892 2890 2028 2958 (sive
2076 2903 2143 2941 ex
2174 2902 2318 2949 acre,
2350 2887 2465 2941 sive
2507 2902 2571 2941 ex
2622 2886 2781 2947 mari,
2852 2885 2968 2939 sive
3015 2900 3081 2939 ex
3144 2894 3308 2949 terra,
3366 2899 3463 2939 seu

1893 2995 2000 3033 uno
2044 2979 2212 3032 verbo
2269 2993 2331 3032 ex
2393 2992 2719 3046 quacunque
2756 2974 2959 3046 parte),
2988 2984 3041 3029 et
3074 2990 3164 3029 rex
3218 2974 3461 3027 omnium

1889 3071 2045 3125 Jcsns
2100 3071 2367 3125 adversus
2425 3070 2778 3140 sanguineam
2814 3079 3179 3135 aeternamque
3234 3074 3462 3119 mortem

1890 3161 2240 3229 Splendidum
2293 3170 2555 3229 tropazum
2612 3160 2785 3214 erexit
2817 3162 2828 3212 !
2862 3157 2937 3212 Te
2968 3173 3116 3218 vero,
3152 3173 3184 3210 ο
3214 3157 3465 3211 salutifer

215 3260 379 3310 ποιμι
419 3240 741 3293 ὁπλίσασθαι
792 3239 931 3291 κατὰ
966 3239 1058 3290 τοῦ
1112 3239 1457 3306 βροτολοιγοῦ
1517 3240 1783 3307 πολέμου,

1827 3232 1855 3287 Β
1894 3256 2210 3321 imperator,
2259 3254 2518 3307 audacter
2550 3252 2788 3305 dicerem
2846 3262 3035 3305 contra
3073 3251 3202 3303 illud
3258 3249 3459 3303 bellum

215 3333 314 3381 καὶ
349 3330 410 3381 τδ
468 3330 766 3394 θανάσιμον
802 3326 960 3379 τοῦτο
1017 3328 1187 3379 κακὸν
1220 3329 1370 3380 κάτω
1427 3328 1627 3396 βαλεῖν.
1680 3329 1790 3380 Καὶ

217 3420 319 3471 νῦν
355 3420 413 3471 τὸ
447 3420 683 3484 ὑπήκοον
715 3419 861 3471 ἆπαν
890 3417 1102 3479 εὐζωεῖ,
1128 3418 1219 3469 καὶ
1262 3419 1648 3486 κατακροαίνει
1696 3416 1788 3468 τοῦ

219 3511 482 3576 πολέμου,
528 3511 608 3561 ὃτι
632 3510 725 3560 καὶ
749 3509 856 3559 τῶν
884 3509 1176 3577 πολεμίων,
1208 3510 1302 3562 καὶ
1331 3510 1603 3579 εἱρηναῑον
1634 3526 1789 3575 σκιρ-

213 3605 309 3672 τᾷ.
354 3604 462 3654 Καὶ
502 3603 533 3669 ἡ
566 3602 664 3670 μὲν
704 3601 865 3670 φύσις
890 3601 1022 3670 ἄτερ
1065 3601 1225 3670 ὄχλου
1264 3602 1387 3668 ἄγει
1410 3603 1503 3654 καὶ
1534 3603 1789 3667 τελεσφο-

217 3700 327 3764 psi,
355 3696 450 3746 καὶ
486 3695 546 3745 τὸ
580 3696 685 3747 πᾶν
715 3694 1003 3759 αὐξάνεται
1047 3696 1137 3746 καὶ
1166 3695 1532 3763 πληθύνεται·
1557 3699 1585 3749 ὁ
1617 3696 1671 3747 δὲ
1696 3696 1789 3748 τοῦ

218 3789 323 3853 ζῇν
367 3786 747 3853 παρατρώγων
805 3787 1039 3853 πόλεμος
1077 3786 1175 3838 οὐκ
1222 3787 1372 3848 ἐντὸς
1399 3787 1570 3856 ὀργῆς
1615 3788 1785 3855 μένει,

218 3876 338 3930 ἀλλ’
378 3876 432 3928 εῐ
456 3892 559 3927 που
592 3879 683 3929 καὶ
709 3876 859 3929 ἐστιν
900 3880 1075 3929 εἰπεῖν
1098 3919 1111 3939 ,
1172 3876 1623 3940 ὲξωκεανίζεται,
1668 3882 1789 3940 ταῖς

236 3966 531 4035 Ἀρπυίαις
552 3965 749 4029 δοθεὶς,
796 3968 889 4019 καὶ
913 3969 1011 4019 οὐκ
1050 3968 1129 4019 ἔτι
1158 3969 1251 4019 τον
1282 3969 1379 4037 τῆς
1419 3970 1636 4037 φύσεως
1662 3970 1789 4038 ῥοῦν

219 4060 554 4112 ἀνακόπτειν
608 4059 1014 4126 παρεμπίπτων
1069 4061 1225 4111 ὁποῖά
1269 4077 1350 4121 τις
1391 4061 1533 4129 λίθος
1586 4062 1792 4129 τραχὺς

218 4150 322 4202 καὶ
359 4150 677 4209 ἀτίνακτος’
720 4150 856 4202 ἀλλὰ
878 4151 1311 4219 παραράσσεται,
1346 4152 1547 4219 μᾶλλον
1577 4152 1677 4219 μὲν
1698 4151 1791 4204 οὖν

218 4241 289 4291 ὲκ
342 4243 508 4308 μέσον
542 4239 813 4305 πελάγους
845 4240 1246 4309 παρασύρεται.
1299 4242 1484 4310 Ἀργεί
1513 4241 1571 4292 τὸ
1593 4240 1790 4293 Σκυθι-

222 4330 322 4381 κὸν
346 4329 522 4392 τόξον,
548 4329 693 4398 καὶὴ
729 4330 897 4399 νευρὰ
923 4332 1003 4392 είς
1049 4331 1203 4383 κενὸν
1247 4333 1535 4400 τεινομὲνη
1569 4335 1787 4396 κτυπεῖ,

223 4423 322 4473 καὶ
351 4421 484 4489 πρὸς
510 4423 680 4491 μόνην
703 4424 1008 4490 ἀπόπειραν
1053 4425 1425 4492 ρυθμιζομένη
1457 4426 1707 4495 (ποιητὴς
1726 4427 1791 4478 ἂν

220 4515 392 4578 εἴποι)
444 4514 671 4580 χελιδόνι
716 4514 891 4565 τκελον
939 4513 1258 4580 φθέγγεται.
1301 4519 1391 4578 Εἰς
1431 4518 1653 4586 ἄγαλμα
1698 4521 1791 4571 καὶ

224 4608 390 4671 μόλον
417 4607 528 4665 τοῖς
568 4605 787 4665 Ἰταλοῖς
818 4607 985 4666 ἵππος
1027 4608 1419 4673 φριμὰσσεται.
1476 4610 1610 4677 πρὶς
1652 4626 1792 4679 γυμ-

220 4698 419 4745 νασίαν
448 4696 877 4762 φανταζόμενος.
928 4700 985 4748 El
1044 4699 1099 4750 δὲ
1146 4699 1268 4751 κατ’
1311 4700 1555 4769 ἀλλήλων
1597 4703 1794 4754 ἐκεῖνοι

222 4786 363 4848 πρὸς
404 4786 544 4836 ὅπλα
576 4789 879 4852 μαίνονται,
928 4790 1367 4851 δπλιζέσθωσαν·
1414 4794 1795 4860 ἀντιπαλαμά-

224 4876 461 4938 σθωσαν,
492 4877 539 4927 εί
573 4877 865 4943 βούλοιντο,
900 4879 996 4931 καὶ⁵
1051 4883 1430 4946 πεπτὼκεσαν,
1463 4884 1536 4947 ὼς
1566 4887 1701 4955 ἡμῖν
1732 4904 1792 4952 γε

225 4967 389 5033 μέλον
432 4967 539 5018 τῶν
574 4968 828 5019 τοιούτων
852 4969 1024 5022 οὐδέν.
1058 4966 1129 5022 Ἦ
1162 4973 1269 5039 πρὸ
1309 4975 1482 5026 ποδῶν
1511 4976 1608 5044 ἠδη
1638 4976 1793 5045 βασιο

220 5058 395 5109 λικῶν
437 5061 506 5109 τὰ
537 5059 674 5112 ὅπλα
720 5060 969 5129 ἔρριψαν,
1024 5065 1116 5115 καὶ
1145 5066 1242 5127 τὰς
1273 5066 1447 5133 ψυχὰς
1483 5068 1701 5135 ἐξέχεαν
1743 5071 1792 5120 oi

218 5150 325 5217 τῆς
360 5151 556 5217 Ἀγαρ.
611 5151 774 5202 Ἀλλά
815 5153 908 5204 καὶ
945 5155 1214 5222 τούτοιςή
1269 5156 1531 5224 θηριωδία
1581 5159 1793 5212 ὲτιθασ-

224 5242 393 5309 σειᾲθη
416 5258 427 5268 ·
465 5246 557 5295 καὶ
584 5244 704 5297 ἀντὶ
723 5244 878 5307 τόξου
916 5247 1014 5314 μὲν
1042 5249 1271 5316 ἄροτρον
1300 5252 1483 5312 αὐτοῖς
1509 5253 1645 5319 μετὰ
1678 5256 1793 5320 χεῖ-

228 5352 352 5401 ρας,
381 5338 473 5388 καὶ
502 5337 535 5405 ἡ
557 5337 625 5404 γῆ
649 5337 784 5406 προς
816 5338 1058 5400 αὔλακας
1081 5342 1352 5409 σχίζεται·
1389 5345 1507 5395 ἀντὶ
1529 5345 1587 5396 δὲ
1611 5346 1795 5412 ξίφους

220 5427 516 5495 δρέπανον,
552 5430 644 5480 καὶ
667 5428 727 5480 τὸ
749 5429 900 5499 λήϊον
926 5432 1182 5498 τέμνεται
1201 5448 1217 5463 ·
1271 5436 1392 5486 ἀντὶ
1420 5437 1587 5489 ἵππου
1634 5440 1794 5491 πολε-

229 5520 521 5585 μιστηρίου
558 5518 847 5582 ζεύξαντες
868 5521 1017 5588 βοῦν,
1038 5522 1314 5591 τρίβουσιν
1353 5527 1639 5595 ἀμαξιτὸν,
1698 5533 1794 5583 καὶ

228 5610 435 5671 ἅλωνος
474 5609 933 5673 καθιππὰζονται.
1000 5615 1110 5667 Καὶ
1156 5617 1338 5683 ἀφῆκε
1392 5618 1491 5689 μὲν
1539 5623 1796 5691 κατέχειν

226 5703 413 5763 αὐτοῖς
441 5704 466 5754 ό
496 5703 666 5771 Ἄρης
696 5702 755 5755 τὸ
815 5707 1139 5774 μαινόμενον
1173 5711 1363 5775 κακὸν,
1416 5713 1694 5767 τελοῦνται
1737 5717 1794 5768 δὲ

231 5792 523 5860 σωσρόνως
544 5796 607 5863 τῇ
638 5796 906 5863 Δήμητρι.
942 5799 1049 5849 Καὶ
1079 5800 1127 5850 οἰ
1152 5800 1322 5853 πάλαι
1353 5804 1471 5856 τότε
1513 5805 1671 5876 μέχρι
1699 5808 1791 5861 καὶ

538 5889 809 5947 ιἈτιιοί..
850 5894 964 5950 Gn.
1004 5892 1288 5954 CXXXV.

1894 3340 2202 3395 mortalium
2257 3339 2526 3410 ﬂagellum
2583 3340 2875 3394 dimicasse
2932 3338 3313 3405 letiferumque
3361 3338 3463 3389 hoc

1894 3438 2093 3487 malum
2133 3434 2197 3485 ad
2238 3434 2341 3485 ima
2379 3432 2662 3499 dejecisse.
2706 3432 2769 3484 Et
2804 3447 2948 3483 nunc
2985 3430 3178 3483 docilis
3226 3429 3464 3481 mundus

1894 3526 2129 3580 feliciter
2159 3525 2313 3587 vivit,
2357 3535 2411 3576 et
2448 3525 2715 3577 adversus
2748 3523 2947 3576 bellum
2996 3520 3261 3582 clamitat,
3312 3522 3465 3589 ipso-

1890 3631 2121 3685 runque
2183 3616 2505 3669 bellatorum
2574 3613 2817 3667 studium
2867 3624 3054 3680 pacem
3111 3609 3335 3677 appetit.
3398 3608 3460 3662 Et

1890 3709 2109 3779 quidem
2163 3718 2355 3761 natura
2425 3708 2544 3760 sine
2592 3705 2828 3757 tumultu
2885 3702 3074 3770 agitet
3128 3701 3358 3768 perﬁcit,
3410 3709 3467 3754 et

1891 3817 2053 3855 omne
2090 3808 2320 3869 augetur
2368 3814 2575 3851 necnon
2644 3798 2971 3865 completur.
3022 3794 3229 3848 Bellum
3278 3801 3456 3846 autem

1891 3895 2056 3944 vitam
2111 3891 2310 3944 rodens
2347 3904 2451 3943 non
2496 3889 2637 3941 intra
2674 3890 2808 3941 iram
2844 3894 3130 3949 moratur;
3165 3884 3280 3946 sed,
3314 3884 3359 3937 si
3390 3884 3463 3937 ita

1890 3984 2015 4035 licet
2047 3982 2218 4049 loqui,
2265 3990 2416 4033 extra
2465 3993 2732 4032 oceanum
2768 3976 3178 4039 transmittitur,
3209 3973 3461 4043 Harpyiis

1890 4073 2177 4134 traditum,
2219 4088 2318 4124 nec
2356 4072 2465 4138 jam
2525 4069 2787 4122 incumbit
2839 4076 3048 4120 naturae
3106 4081 3329 4121 cursum
3376 4066 3463 4118 in-

1891 4165 2254 4225 terscindens,
2298 4178 2446 4214 more
2478 4162 2674 4230 lapidis
2700 4161 2881 4229 gravis
2912 4170 2965 4213 et
3020 4159 3272 4212 immanis
3312 4174 3327 4221 ;
3362 4159 3455 4212 sed

1893 4254 2161 4322 frangitur
2209 4268 2302 4307 seu
2360 4254 2539 4320 potius
2607 4266 2637 4304 e
2685 4252 2862 4304 medio
2921 4265 3139 4319 arquore
3202 4250 3456 4317 eripitur.

1892 4349 2135 4412 Quiescit
2167 4364 2330 4402 arcus
2373 4347 2688 4415 Scythicus,
2737 4358 2791 4398 et
2836 4361 3042 4400 nervus
3101 4349 3153 4399 in
3222 4362 3457 4399 vacuum

1895 4448 2081 4491 tensus
2147 4437 2375 4500 stridet,
2433 4446 2486 4490 et
2554 4436 2774 4490 nonnisi
2838 4437 3212 4503 experimento
3288 4439 3463 4489 inser-

1827 4530 2052 4607 Dviens
2110 4528 2339 4595 (diceret
2408 4529 2611 4595 poeta),
2662 4529 2728 4580 ad
2790 4527 2962 4580 instar
2995 4528 3306 4580 hirumliuis
3346 4543 3468 4595 per-

1897 4628 2076 4671 sonat.
2138 4621 2191 4671 ln
2228 4620 2689 4673 oblectamentum
2738 4620 2915 4672 solum
2972 4620 3121 4672 Italis
3163 4634 3337 4688 equus
3372 4620 3467 4672 ad-

1898 4713 2074 4765 hitmit
2121 4711 2186 4763 ad
2224 4711 2542 4764 excrettium
2590 4711 2889 4764 exhibitus.
2950 4711 3144 4761 Verum
3193 4711 3236 4763 si
3272 4711 3347 4762 illi
3399 4710 3466 4763 de

1897 4804 2067 4857 armis
2107 4811 2300 4855 contra
2349 4817 2406 4856 se
2437 4802 2668 4854 invicem
2710 4801 2951 4854 ferendis
3000 4800 3306 4863 insaniunt,
3348 4801 3465 4853 bel-

1897 4897 2107 4958 lantor;
2135 4894 2333 4961 perfida
2368 4903 2557 4944 mutuo
2590 4891 2883 4944 moliantur
2911 4892 3164 4951 consilia.
3202 4892 3245 4945 si
3271 4892 3464 4944 volue-

1896 4988 2027 5046 rint,
2059 4993 2111 5037 et
2140 4984 2471 5051 dispereunt.
2508 4984 2804 5035 dummodo
2863 4984 3005 5034 titillat
3049 4983 3120 5035 sit
3156 4982 3311 5035 nobis
3338 4996 3466 5051 pars

1900 5080 1952 5131 in
1988 5080 2148 5129 rebus
2187 5078 2323 5129 istis.
2376 5078 2602 5144 Iltsttpcr
2650 5078 2758 5143 jam
2808 5090 2989 5126 coram
3029 5076 3194 5143 regiis
3234 5075 3466 5142 pedibus

1898 5184 2047 5219 arma
2123 5166 2479 5234 ahjecerunt,
2545 5167 2756 5217 animas
2826 5165 3084 5217 fuderunt
3140 5165 3233 5217 filii
3302 5166 3468 5231 Agar.

1901 5258 2004 5309 Sed
2033 5266 2084 5308 et
2106 5273 2296 5308 eorum
2320 5257 2506 5309 feritas
2528 5256 2901 5308 mansuefacta
2935 5256 3059 5316 fuit,
3096 5265 3151 5308 et
3181 5271 3279 5324 pro
3332 5270 3467 5308 areu

1900 5362 2141 5399 aratrum
2202 5349 2333 5414 ipsis
2377 5349 2516 5398 inter
2572 5355 3069 5414 tuanus,terr.'tqne
3121 5348 3288 5399 sulcis
3314 5348 3469 5399 scin-

1899 5443 2095 5505 ditur;
2138 5455 2235 5508 pro
2289 5456 2417 5492 ense
2460 5439 2593 5497 falx.
2647 5456 2752 5505 qua
2814 5438 3140 5491 frumentum
3198 5446 3465 5503 secatur;

1902 5550 1997 5600 pro
2029 5549 2172 5601 equo
2203 5533 2399 5586 bellico
2458 5531 2580 5586 bovi
2614 5532 2803 5600 jugqu
2862 5533 3173 5601 imponunt,
3207 5532 3325 5585 vias
3384 5538 3469 5583 te-

1904 5633 2049 5689 runt,
2106 5635 2160 5677 et
2191 5639 2371 5678 aream
2426 5639 2692 5692 equorum
2736 5622 2966 5691 pedibus
3015 5623 3362 5677 couculeant.
3397 5621 3465 5676 Et

1898 5719 2137 5771 cessavit
2186 5719 2326 5786 apud
2385 5718 2508 5770 illos
2544 5716 2871 5770 commorari
2910 5715 3074 5780 Mars,
3133 5715 3319 5769 furens
3372 5714 3464 5768 illa

1900 5813 2092 5878 pestis,
2126 5810 2220 5864 sed
2255 5810 2527 5879 sapienter
2576 5810 2629 5862 in
2667 5810 2925 5863 honorem
2956 5807 3176 5864 Cereris
3233 5810 3463 5865 cedunt.

3080 5900 3157 5962 30
