4212 6434
212 439 314 501 [41

198 554 309 617 ἐγὼ
338 551 495 604 τοῦτο
524 553 622 621 μὲν
666 554 829 617 ὀκνῶ,
869 553 961 605 καὶ
1002 554 1077 615 εἰς

198 661 257 695 τε
316 646 761 713 ποινηλατείσοαι
828 646 1200 714 τεμνόμενον,
1270 649 1364 698 καὶ
1419 648 1779 714 μαστίξεσθαι

198 736 497 801 θάλασσαν,
542 738 678 807 ὅπερ
712 736 1107 806 Ἑλλήσποντος
1145 738 1307 790 πάθοι
1338 741 1464 790 ποτέ
1486 756 1499 770 ·
1536 740 1696 791 καλὸν
1726 739 1780 791 δὲ

196 827 369 889 ὅντως
400 828 573 898 κρίνω
605 829 697 881 καὶ
731 828 1019 899 βασιλικῆς
1045 831 1290 899 μεγάλης
1324 832 1505 898 ίσχίος
1534 829 1777 894 ἐπάξιον,

196 921 301 989 γῆν
332 921 477 989 μάλα
512 922 610 990 μὲν
644 922 865 993 πολλὴν,
918 923 1063 990 μάλα
1089 921 1146 974 δὲ
1177 923 1235 975 ἐν
1281 922 1631 991 καιριωτάτῳ
1661 938 1777 973 κει-

201 1018 395 1084 μένην,
424 1015 604 1077 ἄλλως
636 1015 692 1067 δὲ
713 1017 823 1077 τοῖς
858 1015 1211 1085 προσὸαίνειν
1237 1014 1478 1067 ἐθέλουσι
1505 1015 1782 1083 δυσέμϐα-

197 1121 289 1156 τον
317 1104 411 1155 καὶ
439 1103 761 1169 ἀνέκσατον,
794 1107 853 1157 οὐ
874 1105 943 1156 δι’
973 1105 1232 1175 ἐρημίαν,
1258 1106 1318 1156 οὐ
1347 1106 1477 1157 διότι
1503 1105 1783 1174 θηριοτρό-

198 1213 317 1262 ςος.
355 1197 387 1265 ἦ
419 1198 500 1248 ὅτι
537 1197 801 1265 προϐολαὶ
850 1199 1066 1268 πετρῶν
1099 1199 1269 1263 αὐτὴν
1316 1199 1691 1268 ἐξετράχυνον,
1746 1198 1778 1266 ἧ

198 1290 291 1338 καὶ
322 1288 422 1355 ὕλη
462 1289 783 1356 ἀμφιλαφὴς
813 1291 937 1350 τους
982 1292 1295 1359 ὁδοιπόρους
1327 1290 1629 1354 ἐξέκλειενι
1664 1290 1777 1342 ἀλλ’

197 1380 280 1431 ἦτ’.
312 1382 587 1433 σκάνδαλα
613 1382 816 1450 τρίϐων
844 1380 956 1449 εἶχε
991 1384 1164 1444 πᾶσα,
1209 1385 1302 1434 και)⁵
1332 1383 1520 1444 ὅπλοις
1559 1383 1779 1451 Ἰσμαη-

196 1472 428 1534 λετικοῖς
454 1474 606 1540 ληΐου
641 1474 795 1541 δίκην
852 1475 1070 1543 ἔφριττε
1093 1515 1105 1537 ,
1141 1477 1233 1528 καὶ
1265 1476 1360 1544 (ὡς
1392 1477 1457 1529 ἄν
1486 1493 1569 1538 τις
1613 1477 1777 1542 εἴποι)

200 1565 438 1633 σιδηρέῳ
470 1566 634 1635 τείχει
670 1566 839 1618 διόλου
876 1569 1183 1636 πέφρακτο,
1237 1568 1325 1617 καὶ
1375 1568 1522 1634 ἡμᾶς
1564 1566 1783 1619 ἀπετεί-

651 1658 876 1724 ποιῆσαι
906 1659 1016 1719 τοῖς
1066 1657 1324 1709 διοδεύειν
1376 1656 1641 1719 ἐθέλουσι,
1690 1660 1783 1709 καὶ

198 1748 407 1807 αᾷτοῑς,
442 1750 553 1800 ὅσοι
580 1750 743 1802 δειλοὶ
780 1751 916 1819 πρὸς
963 1750 1132 1818 ἀλκὴν
1159 1750 1252 1801 καὶ
1284 1748 1503 1816 σίδηρον
1537 1751 1778 1819 εἰσορᾷν.

198 1656 338 1720 χτζε,
377 1656 608 1723 βασιμον

203 1836 275 1887 Τὸ
307 1837 364 1888 δὲ
400 1840 517 1891 καθ’
552 1842 698 1908 ἡμᾶς
730 1841 961 1893 ἐνταῦθα
988 1840 1089 1892 ποῦ
1120 1859 1247 1893 ποτε
1278 1842 1431 1907 θήσει
1464 1859 1547 1903 τις
1576 1840 1783 1911 θαύμα-

1086 440 1525 499 ALLOCUTIO
1557 441 1655 498 AD
1698 440 2141 501 MANUELEM
2176 439 2610 502 COMNENUM
3365 446 3472 507 9i2

1117 558 1311 605 ταυῖὸν
1358 554 1497 619 ἅγιοι,
1536 572 1631 605 ποτ
1643 556 1775 622 αμῦν

1885 562 2099 619 pontus.
2162 554 2298 607 Vere
2342 566 2523 607 autem
2595 556 2881 620 pulchrum
2936 556 3121 625 judico
3165 566 3217 609 et
3263 573 3471 626 magna:

1886 648 2029 712 regis
2094 645 2315 699 virtutis
2372 645 2597 711 dignum
2644 662 2893 715 magnam
2922 650 3144 717 quidem
3188 649 3467 717 regionem

1883 735 1974 786 sed
2015 735 2067 786 in
2099 742 2269 787 morte
2302 734 2574 802 jacentem
2603 735 2824 790 aliunde
2872 740 2951 791 eis
2979 738 3072 807 qui
3100 753 3327 809 pergere
3375 754 3471 793 vo-

1882 824 2067 878 lebant
2108 824 2429 894 imperviam
2467 838 2521 879 et
2568 826 3033 892 inaccessibilem,
3077 846 3185 884 non
3219 830 3349 900 quia
3376 833 3469 886 de-

1883 926 2051 981 serta,
2108 924 2202 969 aut
2257 916 2385 969 feris
2422 916 2698 986 frequens,
2749 928 2845 972 aut
2894 934 3153 974 saxorum
3228 922 3471 976 eriiineu-

1884 1007 2031 1061 tibus
2071 1024 2284 1076 aspera,
2317 1008 2519 1062 nedum
2563 1011 2688 1079 quia
2717 1026 2911 1065 nemus
2933 1026 2999 1067 ex
3041 1020 3276 1081 utraque
3314 1024 3470 1081 parte

1889 1107 2178 1166 patescens
2228 1100 2467 1154 viatores
2519 1100 2905 1164 concludebat,
2959 1101 3055 1156 sed
3112 1103 3243 1171 quia
3306 1117 3459 1156 scan-

1882 1190 2005 1242 dala
2046 1198 2260 1244 terrere.
2296 1192 2534 1245 pabebat
2579 1192 2792 1256 omnia,
2837 1202 2891 1245 et
2929 1194 3087 1262 quasi
3125 1195 3465 1248 frumentum

1882 1279 2229 1334 lsinaeliticis
2272 1284 2441 1334 armis
2486 1282 2822 1337 horribiliter
2859 1284 3173 1345 secabatur,
3201 1293 3276 1348 et,
3317 1285 3470 1338 dixe-

1883 1373 1955 1425 rit
1994 1373 2289 1441 quispiam,
2312 1373 2502 1427 ferreis
2536 1376 2807 1429 inmnibus
2852 1374 3096 1445 undique
3124 1375 3466 1444 cingebatur,

1884 1465 2126 1535 perviam
2188 1464 2385 1520 fecisse
2431 1466 2505 1519 ibi
2558 1465 2811 1520 itinerari
2837 1468 3189 1532 cupientibus
3236 1474 3290 1521 et
3337 1468 3470 1536 ipsis

1882 1559 2044 1609 etiam
2100 1556 2193 1624 qtti
2265 1566 2562 1610 trementes
2615 1573 2850 1627 pugnam
2924 1557 3243 1626 ferrumque
3310 1560 3465 1611 intu-

1885 1657 2070 1699 entur.
2123 1647 2228 1698 Sed
2268 1649 2392 1714 quis
2440 1662 2680 1716 unquam
2720 1646 2863 1716 apud
2916 1662 3016 1702 nos
3064 1656 3276 1701 tantum
3343 1662 3472 1716 pro~

1888 1738 2027 1791 feret
2061 1738 2412 1803 miraculum,
2464 1755 2497 1793 ο
2550 1741 2950 1809 imperatorum
2994 1740 3418 1809 generosissime
3446 1741 3471 1792 '!

1885 1830 1994 1883 Nos
2032 1830 2134 1898 ipsi
2176 1831 2267 1900 qui
2301 1831 2462 1884 istam
2494 1832 2773 1900 regionem
2794 1832 2907 1901 jam
2931 1833 3197 1888 audemus
3224 1832 3469 1903 aggredi,

200 1948 318 1989 τος,
356 1933 623 1999 βασιλέων
661 1933 1067 2001 ἀνδρικώτατες
1104 1935 1167 1985 Οἳ
1205 1934 1299 1986 καὶ
1346 1935 1501 1987 αὐτοὶ
1543 1935 1643 2003 τῆς
1676 1934 1779 2004 γῆς

1888 1924 2137 1977 homines
2183 1926 2333 1977 nullo
2369 1924 2635 1977 succincti
2672 1924 2817 1977 ferro
2858 1925 2963 1979 nisi
2987 1926 3209 1994 scalpro
3230 1940 3341 1993 quo
3363 1925 3472 1979 cir-

195 2025 406 2092 ταύτης
442 2026 538 2094 ἤδη
568 2026 1045 2096 καταθαρῤοὖμεν,
1106 2026 1379 2094 ἄνθρωποι
1420 2028 1638 2095 σιδήρου
1674 2045 1777 2096 μη-

194 2115 284 2166 δὲν
351 2119 796 2186 παραπτόμενοι,
846 2118 987 2188 πλὴν
1036 2120 1089 2171 εί
1135 2138 1235 2172 που
1287 2120 1608 2189 μαχαιρίδος
1636 2121 1779 2182 τινὸς

197 2208 527 2276 ἐνοχλούσης
554 2211 785 2279 καλάμῳ
815 2214 909 2263 καὶ
939 2212 1355 2278 παραποιούσης
1400 2214 1494 2264 καὶ
1519 2212 1780 2275 ἀποξεού-

200 2312 303 2365 ar‘;
361 2298 439 2359 είς
494 2302 820 2370 γράμματα.
884 2304 1232 2372 Πεποίθαμεν
1292 2299 1325 2372 ἦ
1377 2306 1508 2375 μὴν,
1555 2303 1648 2355 ἐὰν
1685 2304 1779 2356 καὶ

198 2387 406 2458 θεατὴς
453 2393 815 2465 παριππεύσῃ
883 2395 1197 2458 ἀλλόκοτος,
1252 2397 1675 2466 ἀποπέμζιεσθαι
1720 2396 1780 2447 τὸ

198 2483 395 2545 κακὸν,
421 2484 867 2555 ἁναόοητάμενον
886 2488 947 2539 τὸ
980 2489 1070 2541 σὺν
1094 2489 1188 2542 καὶ
1219 2489 1379 2558 μόνον
1404 2489 1781 2558 ὅνομα.Ούδὲν

198 2574 339 2641 ἡμῖν
374 2576 627 2629 ἀπαίσιον
659 2582 1136 2649 συναντήσεται,οὑ
1170 2580 1331 2649 φόϐος
1356 2584 1690 2652 νυκτερινὸς,
1719 2584 1778 2635 οὐ

204 2666 363 2735 βέλος
394 2669 603 2739 ἡμέρας
625 2673 941 2740 πετόμενον·
964 2674 1267 2726 αἰδέσονται
1285 2673 1374 2727 τὸν
1388 2676 1605 2744 κήρυκα
1627 2678 1674 2727 οἱ
1691 2675 1782 2729 τὸν

202 2759 620 2829 κήρυσσὸμενον
652 2764 1194 2832 φρίσσοντες.Ἔσται
1226 2767 1357 2833 ἡμῖν
1374 2768 1491 2817 ἀντὶ
1514 2768 1780 2837 κηρυκίου

199 2851 264 2902 τὸ
293 2853 578 2919 βασιλικὸν
610 2854 801 2923 ὄνομα.
830 2856 1215 2925 Διαῦησὸμεθα
1242 2857 1317 2917 ὡς
1342 2858 1436 2909 ἐπὶ
1470 2859 1783 2926 πανήγυριν

200 2940 411 2993 ἇσυὶοι.
484 2943 927 3014 Ἀναπετάσομεν
1002 2947 1317 3016 ὀφθαλμοὺς
1377 2954 1470 3003 καὶ
1540 2953 1784 3022 ἀροῦμεν

203 3032 413 3101 κύκλῳ,
444 3034 815 3103 θαυμάζοντές
866 3056 959 3089 σου
982 3041 1048 3090 τὰ
1081 3040 1239 3111 ἔργα.
1278 3044 1784 3115 Τοπογραιρῇσομέν

209 3143 307 3177 σου
338 3128 437 3188 τὰς
488 3130 786 3197 ἀριστείας.
830 3131 1249 3199 Περιοδεύσομεν
1276 3135 1490 3199 τόπους,
1522 3140 1579 3188 ὲν
1618 3133 1697 3199 οἷς
1735 3141 1782 3190 οἱ

206 3217 291 3266 σοὶ
323 3217 513 3284 ὡραῖοι
559 3220 717 3282 πόδες
773 3222 1075 3292 ὲπάτησαν,
1115 3226 1254 3293 ὑπὲρ
1280 3229 1438 3295 ἡμῶν
1470 3230 1780 3295 πονοῦντες,

1888 2016 2233 2069 ρυιηοίιιιιιιιι·
2284 2016 2550 2081 calamus,
2585 2031 2695 2086 quo
2747 2026 3017 2085 expuncta
3068 2017 3291 2071 radatur
3336 2017 3472 2071 scri-

1889 2115 2070 2175 ptura.
2124 2106 2205 2159 Ita
2254 2122 2387 2161 sane
2439 2123 2765 2177 persuasum
2798 2109 3084 2173 habemus,
3132 2108 3175 2164 si
3211 2108 3340 2178 quis
3373 2124 3471 2161 ex-

1890 2204 2112 2251 traneus
2153 2207 2430 2266 spectator
2476 2199 2585 2252 illis
2620 2199 2672 2251 in
2716 2199 2894 2268 plagis
2941 2200 3298 2269 equitaverit,
3326 2199 3472 2252 hunc

1889 2285 2091 2339 malum
2121 2288 2502 2356 expulsurum,
2542 2289 2844 2342 dummodo
2869 2289 3047 2343 solum
3098 2303 3297 2344 nomen
3317 2298 3470 2343 tuum

1888 2378 2247 2432 invocaverit.
2273 2377 2418 2432 Nihil
2450 2380 2673 2433 noxium
2710 2380 2868 2435 nobis
2887 2388 3165 2447 occurret,
3192 2396 3290 2437 nec
3308 2382 3474 2435 timor

1889 2480 2213 2538 nocturnus,
2249 2490 2349 2528 nec
2402 2476 2600 2545 sagitta
2628 2476 2820 2531 volans
2857 2477 2914 2531 in
2963 2475 3074 2531 die.
3126 2473 3474 2531 Verebantur

1888 2578 2196 2632 praeconem
2265 2567 2359 2635 qui
2434 2568 2793 2636 praedicatum
2872 2568 3119 2623 horrent.
3181 2565 3301 2621 Erit
3368 2581 3471 2619 no-

1889 2656 1975 2709 bis
2038 2672 2137 2725 pro
2201 2661 2500 2727 pradicato
2556 2661 2909 2728 imperatoris
2983 2674 3208 2715 nomen.
3267 2659 3474 2715 Trans-

1889 2745 2094 2800 ibimus
2149 2749 2339 2803 intacti
2400 2758 2662 2819 tanquam
2719 2749 2787 2803 ad
2853 2749 3196 2820 panegyrim.
3238 2749 3468 2817 Aperie-

1892 2851 2012 2891 mus
2042 2840 2232 2894 oculos
2260 2850 2314 2893 et
2348 2842 2851 2911 circumspicienda
2896 2851 2989 2894 tua
3053 2842 3323 2894 miramur
3341 2854 3475 2910 0pc-

1894 2944 1974 2982 ra.
2027 2930 2393 2987 Circuibimus
2432 2934 2550 2987 loca
2614 2936 2665 2987 in
2717 2935 2918 3003 quibus
2994 2933 3232 3001 speciosi
3307 2933 3471 3001 pedes

1893 3023 1970 3075 tui
2009 3033 2285 3079 steterunt
2304 3043 2404 3096 pro
2434 3029 2595 3082 nobis
2625 3029 2938 3081 laborantes
2964 3042 3063 3081 nec
3085 3027 3205 3081 sine
3228 3025 3473 3094 periculo

1893 3126 2203 3171 currentes.
2251 3119 2317 3171 Et
2353 3119 2459 3171 erit
2490 3120 2651 3173 nobis
2677 3129 2823 3172 terra
2875 3120 2979 3172 ista
3021 3118 3197 3186 magis
3245 3131 3473 3170 venera-

1894 3208 2042 3261 tione
2075 3209 2239 3278 digna
2269 3207 2431 3277 quam
2467 3210 2713 3264 Thraces
2742 3211 2796 3263 in
2837 3209 3057 3279 Europa
3094 3215 3296 3262 terram
3321 3207 3469 3261 illam

201 3311 300 3360 καὶ
355 3310 475 3361 οὐδὲ
525 3315 779 3366 ἀκίνδυνα
834 3286 1138 3385 τρέξοντες.
1203 3286 1333 3369 1ὲαῖ
1369 3321 1521 3372 ἔσται
1556 3323 1691 3390 ἡμῖν

1889 3299 1941 3351 in
1977 3299 2185 3355 honore
2219 3300 2495 3355 habebant
2537 3316 2631 3369 per
2659 3316 2824 3370 quam
2872 3302 3176 3356 ambulavit
3214 3316 3309 3356 rex
3345 3298 3477 3355 Per-

199 3405 433 3473 τοιαύτη
456 3406 526 3474 γῆ
562 3407 618 3457 ὲν
650 3407 951 3477 σεϐάσματι
981 3409 1336 3477 δικαιότερον,
1376 3411 1517 3482 ἢπερ
1549 3414 1596 3465 οἱ
1631 3412 1778 3483 Θρᾷ-

201 3510 299 3556 κες
323 3496 381 3545 ἐν
408 3495 643 3567 Εὐρώπῃ
672 3498 774 3566 γῆν
801 3500 1018 3567 ἐκείνην
1050 3494 1195 3568 εἶχον
1214 3500 1301 3553 διὰ
1325 3502 1513 3570 τιμῆς,
1544 3503 1611 3573 ἢν
1643 3506 1780 3557 ὲπὰο

198 3603 339 3656 τησε
378 3590 602 3659 Περσῶν
650 3590 937 3659 βασιλεὺς,
968 3593 1091 3645 καθ’
1140 3593 1386 3650 Ἑλλάδος
1444 3598 1775 3665 ἐκστρατευ-

204 3681 459 3747 σάμενος.
495 3681 651 3735 Οὕτω
670 3684 943 3737 κάνταῦθα
970 3685 1124 3753 ήμῶν
1154 3684 1213 3737 τὸ
1247 3686 1425 3738 θλίϐον
1447 3689 1601 3756 ἡμῶν
1629 3690 1779 3759 ἀπή-

200 3771 398 3832 λασας.
440 3772 597 3826 Οὖτω
668 3775 833 3843 φόϐου
881 3776 1083 3839 παντὸς
1127 3777 1274 3847 ἡμᾶς
1325 3778 1623 3841 ἀπέλυσας,
1684 3781 1776 3834 καὶ

200 3862 305 3930 τὴν
336 3863 509 3924 ἄλλως
536 3864 871 3934 θηροτρόφον
922 3868 1008 3921 διὰ
1057 3870 1183 3930 τοὺς
1214 3869 1383 3938 θῆρας
1415 3873 1541 3935 τοὺς
1572 3873 1634 3936 ἐξ
1674 3874 1776 3925 Ἰσ-

208 3953 354 4022 μαὴλ
374 3953 677 4023 ἀνθρώπων
702 3958 966 4025 ἑπλησας.
999 3955 1165 4013 Είπεν
1193 3961 1261 4015 ἄν
1288 3979 1372 4023 τις
1402 3962 1597 4027 λύκους
1628 3966 1775 4019 ὲκεί-

202 4062 353 4107 νους,
387 4047 553 4101 πάλαι
594 4050 724 4102 ποτὲ
777 4051 920 4105 κατά
971 4069 1075 4105 τινι
1126 4054 1331 4125 ποίμνῃ
1381 4059 1447 4126 τῇ
1488 4058 1773 4131 Ῥωμαϊκῇ

200 4138 653 4205 ἔπεισπηδῶντας
684 4141 1043 4213 κληρονομίᾳ,
1094 4147 1187 4199 καὶ
1224 4149 1336 4207 τοῖς
1363 4148 1471 4199 τῶν
1508 4151 1775 4219 Χριστια-

202 4226 315 4279 νῶν
339 4228 533 4295 αῗμασι
583 4231 891 4299 χαίροντας,
927 4235 1021 4285 καὶ
1067 4235 1167 4287 οὐκ
1217 4237 1297 4298 είς
1333 4237 1511 4308 μάτην
1562 4240 1776 4309 χαίνον-

201 4334 325 4381 τας,
376 4317 493 4370 ἀλλ’
527 4319 873 4387 ἁρπάζοντας
914 4322 1007 4375 καὶ
1036 4323 1433 4392 λαφύσσοντας.
1472 4328 1588 4380 Νῦν
1618 4330 1677 4383 δὲ
1714 4332 1773 4384 οὐ

206 4412 371 4477 μόνον
406 4412 921 4482 ἀπεσφενδόνηνται,
959 4415 1095 4467 ἀλλὰ
1139 4418 1233 4471 καὶ
1260 4419 1435 4488 οἱμὲν
1482 4421 1603 4474 ούδέ
1638 4425 1776 4474 εἰσιν

201 4503 308 4563 ἔτι,
340 4504 384 4553 οἱ
432 4502 487 4553 δὲ
518 4502 609 4554 τοῦ
654 4498 791 4555 εἶναι
818 4504 969 4557 λύκοι
1006 4503 1337 4569 ἐξελάθοντο.
1373 4510 1624 4563 Μάλιστα
1676 4516 1775 4581 μὲν

1889 3404 2076 3444 sarum
2101 3392 2365 3447 adversus
2411 3394 2677 3447 Grzeciam
2714 3392 3102 3448 dimicaturus.
3136 3392 3273 3448 Sica
3311 3394 3473 3449 nobis

1885 3477 2160 3549 ﬂagellum
2195 3493 2445 3538 nostrum
2475 3483 2755 3539 amovisti.
2790 3484 2881 3539 Sic
2927 3486 2995 3538 ab
3015 3484 3165 3538 omni
3199 3492 3347 3540 metu
3373 3502 3476 3539 nos

1890 3574 2130 3635 solvisti,
2158 3584 2211 3629 et
2242 3577 2453 3645 plagam
2486 3585 2647 3629 antea
2678 3577 2809 3631 feris
2838 3576 2888 3631 id
2928 3585 3013 3631 est
3039 3576 3335 3633 lsmaelitis
3369 3579 3477 3633 fre-

1886 3676 2145 3734 quentem
2171 3669 2487 3722 hominibus
2520 3669 2826 3736 replevisti.
2866 3670 3078 3727 Dixeris
3125 3686 3259 3725 sane
3316 3674 3474 3738 lupus

1886 3756 2010 3812 illos
2040 3758 2170 3812 oliui
2218 3758 2270 3811 in
2302 3774 2547 3828 gregem.
2593 3759 2899 3814 Romanam
2926 3760 3140 3815 scilicet
3183 3762 3475 3815 haeredita-

1887 3858 2017 3913 tem,
2044 3851 2315 3905 irruentes
2332 3862 2383 3905 et
2409 3850 2847 3905 Christianorum
2870 3853 3135 3923 sanguine
3155 3855 3479 3933 gaudentes,

1884 3950 2064 3995 etnon
2085 3941 2360 3996 inhiantes
2387 3952 2621 4006 tantum,
2660 3960 2851 3997 verum
2874 3945 3205 4013 arripientes
3226 3953 3277 3999 et
3294 3944 3451 4013 deglu

1885 4033 2278 4090 tientes.Nuuc
2298 4050 2428 4089 vero
2469 4036 2561 4088 alii
2598 4036 2768 4089 armis
2789 4036 3001 4104 expulsi
3028 4046 3182 4102 sunt,
3225 4035 3320 4089 alii
3353 4051 3478 4091 esse

1885 4129 2188 4187 desierunt.
2217 4128 2307 4181 alii
2340 4128 2685 4183 ferocitatem
2732 4143 2890 4184 suam
2923 4129 3316 4198 deposuerunt.
3336 4129 3480 4183 Prat-

1889 4222 2082 4274 sertim
2116 4230 2297 4275 autem
2326 4237 2393 4274 ex
2422 4221 2564 4289 lupis
2599 4235 2694 4275 eos
2724 4223 2776 4273 in
2818 4221 3067 4276 homines
3090 4221 3402 4287 'niutavisti;
3424 4232 3479 4274 et

1887 4308 2038 4378 quod
2067 4310 2237 4364 Circae
2264 4311 2412 4381 potio
2442 4310 2642 4365 fecisse
2663 4312 3000 4379 perhibetur,
3022 4311 3127 4366 hoc
3158 4312 3359 4381 reipsa,
3384 4314 3477 4367 sed

1889 4418 1918 4456 e
1937 4403 2239 4469 contrario,
2258 4403 2613 4473 imperatoris
2635 4405 2797 4457 timor
2818 4404 2980 4458 modo
2996 4405 3351 4473 perpetravit,
3370 4420 3478 4458 non

1888 4495 2109 4563 quiJein
2156 4495 2406 4549 homines
2458 4494 2511 4547 in
2576 4493 2743 4560 feras,
2770 4495 2864 4549 sed
2905 4496 3042 4549 istas
3083 4496 3135 4550 in
3170 4496 3297 4550 illos
3341 4496 3481 4549 divi-

198 4589 296 4644 οὗν
328 4595 391 4645 ἐκ
428 4593 609 4647 λύκων
656 4597 851 4658 αὐτοὺς
901 4598 982 4660 είς
1038 4598 1362 4669 ἀνθρώπους
1404 4604 1777 4673 μετέστησαςο

1894 4590 2041 4642 nitus
2071 4590 2464 4643 cnnvertendo.
2502 4590 2565 4644 Et
2618 4589 3003 4657 mmsquidam
3052 4605 3185 4659 grex
3234 4590 3339 4642 sub
3372 4606 3480 4642 uno

201 4681 295 4731 καὶ
354 4681 489 4749 ὅπερ
552 4683 581 4733 ὀ
642 4684 743 4750 τῆς
806 4686 1019 4753 Κίρκης
1077 4688 1294 4741 κυκεὼν
1360 4692 1786 4762 λογογραφείται

199 4774 396 4833 ποιεῖν,
427 4771 583 4823 τοῦτο
618 4772 705 4823 ἐπ’
737 4772 997 4842 ἀληθείας
1044 4776 1205 4842 φόόος
1239 4778 1518 4847 βασιλικὸς
1548 4782 1609 4847 ἐξ
1634 4784 1787 4837 ἀντι-

201 4865 436 4929 στρτὲφου
459 4863 553 4915 νῦν
584 4865 989 4935 κατεπράξατο,
1019 4868 1115 4919 καὶ
1146 4870 1245 4921 οὐκ
1274 4872 1332 4937 ἐξ
1365 4872 1676 4941 ἀνθρώπων
1705 4878 1783 4938 εἰς

198 4955 393 5023 θῆρας,
425 4956 540 5008 ἀλλ’
603 4957 661 5020 ἐξ
714 4957 938 5011 ἐκείνων
992 4962 1071 5023 εἰς
1122 4962 1344 5025 τούτους
1406 4965 1781 5031 μεταϐιϐάσας

195 5045 470 5097 θειότατα.
509 5047 618 5098 Καί
664 5064 747 5109 τις
796 5050 895 5116 μία
928 5051 1021 5102 καὶ⁵
1069 5051 1207 5122 αὕτη
1243 5054 1444 5121 ποίμνη
1502 5057 1606 5107 ὑπὸ
1633 5057 1782 5125 καλῷ

196 5136 420 5202 ’ποιμένι
458 5135 533 5205 τῷ
565 5138 737 5208 ἐνθέῳ
774 5140 1067 5206 συνάγεται
1126 5143 1357 5211 βασιλεῖ,
1411 5147 1516 5196 των
1572 5146 1780 5215 θηρίων

194 5232 300 5281 οὐκ
327 5232 575 5283 ἐνόντων.
611 5234 725 5283 Ούκ
767 5230 863 5286 οὖν
899 5235 1116 5302 μερίδες
1170 5237 1226 5288 αἱ
1282 5237 1378 5305 μὲν
1416 5239 1569 5307 ἡμῖν,
1620 5241 1675 5291 αί
1720 5240 1777 5291 δὲ

194 5325 309 5384 τοῖς
337 5323 547 5375 ἔθνεσι·
583 5324 700 5377 ἀλλ’
725 5326 873 5378 ἐστιν
913 5328 1069 5395 ἡμῶν
1100 5328 1167 5380 τὰ
1202 5329 1401 5381 πάντα.
1456 5330 1565 5382 Καὶ
1597 5332 1660 5383 σὺ
1688 5332 1776 5384 διὰ

195 5415 368 5467 ταῦτα
402 5415 653 5483 βασιλεὺς
711 5418 805 5469 ἐπὶ
852 5420 1063 5482 πάντας
1090 5420 1395 5489 ἀήττητον
1430 5422 1523 5473 καὶ
1566 5422 1775 5476 δέδεται

193 5508 294 5559 νῦν
336 5510 364 5559 ὁ
394 5508 627 5576 πόλεμος
658 5510 746 5562 διὰ
798 5509 914 5576 σοῦ,
952 5512 1014 5563 οὐ
1056 5513 1271 5581 χαλκέῳ
1321 5515 1575 5583 κεράμῳ,
1628 5516 1772 5569 κατὰ

192 5602 288 5655 τὸν
322 5602 413 5654 τοῦ
466 5603 697 5656 παλαιοῦ
732 5605 891 5671 λόγου
925 5606 1117 5675 Ἀρεα,
1143 5606 1200 5670 se
1230 5599 1289 5659 οὗ
1310 5607 1496 5678 λυθείη
1536 5608 1600 5661 ἂν
1631 5610 1773 5662 ἐκεῖ·

192 5712 281 5757 νος
304 5694 856 5768 τρισκαιδεκάμηνος,
879 5696 1014 5750 ἀλλὰ
1043 5699 1227 5768 δεσμῷ
1250 5701 1495 5771 ἀρρήτῳ,
1520 5702 1769 5771 ἀφύκτῳ,

191 5786 415 5852 ἁὶύτῳ·
474 5788 560 5857 ἐφ’
622 5789 747 5840 ὅσον
791 5789 857 5841 ἂν
882 5790 944 5842 ού
978 5791 1141 5859 μόνον
1177 5794 1291 5855 τοίς
1357 5798 1770 5863 στρατιωτικοῖς

191 5882 401 5946 enim,
435 5881 492 5933 τ’)
551 5885 647 5951 τῆς
684 5883 1005 5953 παροιμίας,
1055 5885 1605 5955 ἐνιστουργηθήσεται
1637 5888 1768 5953 ἀιρή-

1890 4683 2091 4736 eximio
2118 4691 2360 4751 pastore,
2394 4681 2521 4734 divo
2578 4682 2793 4738 scilicet
2829 4682 3187 4751 imperatore,
3242 4698 3479 4752 congre-

1890 4784 2073 4842 gatur,
2115 4776 2247 4828 feris
2279 4789 2626 4842 nequaquam
2663 4775 3144 4828 concurrentibus.
3176 4772 3345 4845 Igitur
3371 4791 3477 4828 non

1889 4876 2018 4921 sunt
2051 4876 2233 4937 partes
2285 4868 2404 4920 aliae
2459 4865 2685 4935 quidem
2723 4867 2905 4928 nobis,
2968 4866 3089 4920 aliae
3123 4876 3309 4920 autem
3344 4884 3479 4936 gen-

1889 4961 2062 5025 tibus,
2102 4960 2200 5015 sed
2232 4970 2420 5013 nostra
2451 4968 2581 5012 sunt
2607 4961 2819 5012 omnia.
2856 4960 2920 5011 Et
2955 4968 3010 5012 tu
3049 4972 3342 5028 propterea
3373 4961 3472 5014 im-

1886 5063 2113 5121 perator
2150 5068 2315 5119 super
2357 5066 2549 5104 omnes
2586 5052 2959 5114 inviueibilis;
3012 5058 3069 5107 et
3100 5067 3247 5106 nunc
3287 5068 3384 5121 per
3424 5062 3479 5105 te

1884 5142 2289 5210 constringitur
2340 5141 2565 5205 bellum,
2623 5159 2728 5195 non
2771 5144 2949 5197 ferreo
2981 5157 3226 5209 carcere,
3276 5158 3479 5198 secun-

1886 5235 2019 5286 dum
2059 5242 2219 5286 vetus
2244 5232 2310 5285 de
2341 5230 2512 5286 Marte
2538 5232 2772 5297 dictum,
2823 5249 2887 5286 ex
2921 5249 3031 5302 quo
3063 5248 3175 5285 non
3216 5234 3321 5288 nisi
3350 5246 3477 5303 pust

1878 5326 2141 5381 tredecim
2167 5340 2384 5379 menses
2410 5326 2733 5379 solvendum
2753 5335 2921 5389 esset,
2954 5326 3049 5380 sed
3080 5326 3298 5379 vinculo
3330 5325 3477 5379 indi-

1877 5420 2440 5489 cibilif,inelucrabili,
2472 5420 2853 5481 indissolubili,
2886 5419 2960 5471 ita
3004 5428 3063 5471 ut
3107 5434 3213 5472 non
3262 5428 3473 5473 tantum

1878 5514 2085 5567 bellicis
2098 5516 2286 5576 armis,
2304 5527 2360 5567 ut
2380 5513 2509 5567 dicit
2526 5513 2805 5579 adagium,
2826 5513 2988 5565 telam
3007 5513 3257 5566 ordiatur
3285 5512 3451 5565 arach

1876 5624 1997 5673 nea,
2043 5606 2136 5661 sed
2181 5607 2360 5676 ipsum
2413 5605 2541 5659 belli
2601 5621 2798 5659 noinen
2843 5606 3151 5658 abolentur.
3197 5605 3473 5669 Quidnam

1872 5701 2046 5755 Graeci
2077 5699 2405 5768 jactabundi
2452 5700 2700 5754 dicereut
2759 5700 2851 5768 qui
2902 5709 3114 5753 tantum
3170 5698 3472 5752 Διιιιιιοίἀαι

1876 5794 2161 5847 victoriam
2218 5804 2270 5847 et
2315 5802 2564 5847 secutam
2605 5808 2790 5860 pacem
2824 5792 3173 5852 attollebant,
3240 5792 3286 5844 si
3356 5806 3465 5843 ηοε-

1870 5894 2037 5942 stram
2074 5886 2398 5942 novissent?
2451 5885 2681 5941 Ubinam
2718 5893 2867 5938 tanta
2922 5884 3163 5939 victori»
3218 5882 3359 5937 bona
3403 5888 3464 5935 ut
