4212 6434
726 347 832 404 liii

1443 349 1858 412 EUSTATIIII
1902 355 1945 412 Τ
1965 354 2665 440 HESSALONICENSIS
2725 359 2878 418 MET
2898 359 3296 422 [ΚΟΡΟΙΛΤΕ

3862 366 3967 427 9Ξὲ

726 457 1034 525 ubicunque
1108 471 1376 514 terrarum
1447 479 1632 531 pact-ni
1699 467 1894 521 habeat
1967 481 2370 532 concurruu-A

2329 481 2370 532 Α
2403 493 2578 542 χνειον
2630 475 2878 544 ὕφασμα,
2927 476 3060 528 ἀλλὰ
3115 477 3210 527 καὶ
3256 474 3424 543 ὖνομα
3474 476 3734 543 πολέμου,
3788 472 3969 545 οἶμαι,

729 549 903 601 tvm?
961 548 1118 603 Juvat
1197 553 1416 620 quidem
1473 571 1620 610 mare
1681 557 1910 612 hiemem
1969 559 2182 629 fugiens
2233 571 2288 614 et

727 641 792 692 ιλ]
846 657 1066 694 vernam
1129 646 1576 712 tranquillitatem
1633 664 1934 718 expansum
1982 652 2288 720 placidam-

731 749 838 799 que
863 734 1205 802 superﬁciem
1257 738 1324 790 ad
1382 737 1556 792 lucem
1585 741 1884 808 explicans,
1921 743 2063 796 istud
2105 754 2286 798 autem

730 841 822 878 ver
861 835 1049 889 tuum,
1087 836 1140 880 et
1197 829 1445 884 hiemalis
1501 846 1696 900 pugna:
1754 834 2043 889 dissolutio
2068 875 2084 899 ,
2115 839 2291 904 pacis-

729 933 835 984 que
861 920 1150 984 serenitas,
1175 922 1305 974 nihil
1337 935 1418 976 est
1438 923 1797 991 jurunditalis
1825 928 1969 994 quod
2003 929 2160 983 nobis
2181 946 2287 983 non

730 1011 986 1078 praebeat.
1017 1011 1061 1066 Ο
1094 1012 1230 1066 bella
1264 1022 1316 1067 et
1357 1018 1652 1070 certamina
1711 1018 1763 1070 in
1829 1019 2028 1086 quibus
2077 1021 2292 1075 hostem

733 1105 1042 1156 universum
1083 1103 1135 1156 in
1165 1103 1344 1180 fugam
1407 1107 1813 1161 irrevocabilem
1862 1111 2216 1164 convenisti!
2249 1110 2293 1165 Ο

733 1195 1002 1262 procellas
1057 1211 1193 1266 quas
1242 1197 1484 1251 nobisin
1531 1213 1786 1251 serenum
1837 1202 2191 1256 eonvertisti!
2249 1202 2292 1256 0

735 1291 1133 1343 commotiones
1183 1290 1407 1344 bellicas
1491 1308 1613 1361 quae
1670 1291 2020 1349 {uiridanienta
2096 1297 2295 1350 Roma-

736 1396 928 1434 narum
969 1381 1183 1434 urbium
1238 1398 1506 1438 eoncussa
1538 1390 1888 1442 everterunt!
1932 1389 2086 1442 Nunc
2111 1400 2292 1445 autem

735 1473 892 1526 nobis
915 1474 1076 1527 urbes
1106 1474 1158 1526 in
1192 1473 1342 1528 ﬁrma
1368 1488 1513 1544 petra
1546 1479 1892 1535 conduntur:
1923 1496 2043 1548 quae
2080 1481 2297 1535 excide-

737 1573 1119 1628 runt,rursum
1151 1568 1267 1634 pari
1303 1584 1528 1621 numero
1559 1572 1881 1638 eriguntur;
1917 1588 2036 1640 qua:
2069 1588 2200 1626 vero
2233 1574 2297 1627 ti-

740 1657 959 1710 mebant
1015 1673 1080 1712 ne
1125 1661 1403 1724 caderent,
1463 1661 1690 1716 lirmiter
1758 1665 1978 1722 munita:
2028 1665 2297 1720 corrobo-

746 1762 972 1815 rautur;
1005 1761 1280 1806 sexcenta:
1318 1769 1467 1817 vero,
1503 1771 1604 1823 pro
1670 1758 2019 1819 necessitate,
2051 1759 2318 1813 turribus

2394 566 2865 634 ἀπαλλαγήσεται.
2898 567 3050 626 Τίνες
3081 567 3146 619 ἂν
3169 561 3308 635 ἦσαν
3337 567 3384 618 οί
3418 567 3793 634 μεγαλόφωνοι
3839 569 3971 619 Ἐλ-

2396 657 2574 725 ληνες,
2609 657 2706 723 τὴν
2757 657 2849 708 ἐπὶ
2902 657 3248 711 Ἀνταλκίδου
3279 659 3436 726 νίκην
3493 661 3582 712 καὶ
3625 660 3723 727 τὴν
3753 659 3975 712 ἐκεῖθεν

2396 750 2617 817 εἰρήνην
2647 748 3068 817 ὑψηγοροῦντες,
3091 750 3136 801 εί
3163 751 3262 818 τὴν
3287 750 3408 802 καθ’
3433 751 3576 819 ἡμᾶς
3600 752 3971 817 ἑωράκεισανο

2396 840 2527 892 ὅπου
2558 839 2778 892 τοιαῦτα
2810 839 2878 892 τὰ
2922 840 3019 908 τῆς
3049 841 3226 911 νίκης,
3269 842 3343 904 ὡς
3377 844 3558 895 πᾶσαν
3607 843 3710 910 γῆν
3752 844 3982 912 περιελ-

2398 931 2532 996 θεῖν,
2563 934 2656 986 καὶ
2680 933 2777 1002 τὴν
2805 935 3026 1003 εἰρήνην
3055 934 3198 1003 ἔχειν
3218 934 3542 1004 σύντροχον;
3586 937 3714 988 Ίιδὺ
3744 935 3848 1003 μὲν
3880 936 3980 986 καὶ

2399 1024 2642 1077 θάλασσα
2665 1025 2912 1092 φυγοῦσα
2939 1027 3208 1093 χειμῶνα,
3241 1028 3332 1077 καὶ
3352 1026 3486 1095 πρὸς
3518 1026 3736 1094 ἐαρινὴν
3766 1026 3980 1079 ἁπλου-

2403 1117 2537 1185 μένη
2565 1118 2824 1184 γαλήνην,
2863 1119 2952 1168 καὶ
2988 1117 3088 1185 τὴν
3110 1117 3374 1186 ὲπιπολὴν
3411 1119 3716 1185 ἀκύμαντον
3755 1134 3982 1184 παραυ-

2398 1208 2670 1276 γάζουσαο
2706 1209 2766 1261 τὸ
2801 1209 2893 1261 σὺν
2915 1210 2968 1260 δὲ
2997 1211 3127 1276 ἡμῖν
3175 1210 3276 1277 ἔαρ
3297 1211 3475 1268 τοῦτο.
3509 1214 3601 1263 καὶ
3648 1213 3808 1280 ἡτῆς
3865 1228 3986 1278 χει-

2405 1299 2592 1367 μερίου
2658 1299 2834 1367 μάχης
2871 1299 3152 1360 ἀπόλυσις,
3189 1301 3281 1351 καὶ
3311 1300 3371 1351 τὸ
3405 1300 3505 1366 τῆς
3552 1302 3775 1371 εἰρήνης
3799 1300 3980 1367 γαλη-

2401 1393 2549 1442 ναῖον
2578 1390 2678 1442 οὐκ
2733 1391 2881 1441 ἐστιν
2912 1390 2939 1441 ὃ
2970 1407 3020 1440 τι
3055 1391 3219 1458 μέρος
3271 1391 3461 1459 ἡδονῆς
3515 1393 3577 1444 οὐ
3629 1392 3984 1458 παρήλασεν.

2409 1481 2471 1532 Ὢ
2499 1480 2749 1547 πολέμων
2779 1481 3021 1544 ἐκείνων,
3058 1483 3115 1532 ὲν
3157 1475 3237 1542 οἷς
3278 1481 3423 1533 ἅπαν
3461 1482 3716 1548 πολέμιον
3749 1484 3832 1544 εἰς
3879 1500 3985 1545 φυ-

2402 1571 2508 1638 γὴν
2539 1569 2984 1639 ὰμετάστρεπτον
3038 1570 3293 1640 ἔτρεψας.
3349 1572 3412 1622 Ὢ
3474 1573 3847 1638 καταιγίδων,
3914 1572 3984 1635 ἃς

2404 1664 2535 1732 ἡμῖν
2563 1666 2643 1725 εἰς
2668 1663 2841 1732 αίθρίτ
2863 1683 2888 1714 ν
2932 1664 3224 1733 ἔστρεψας.
3275 1667 3337 1716 Ὢ
3383 1667 3699 1732 πολεμικῶν
3751 1668 3984 1718 ἐκείνων

2406 1756 2669 1825 σεισμῶν,
2717 1759 2766 1808 οἳ
2831 1758 2956 1819 τοὺς
3005 1757 3288 1825 θεμελίους
3346 1758 3454 1810 τῶν
3503 1757 3834 1827 Ῥωμαϊκῶν
3889 1759 3986 1808 7:5-

744 1843 1107 1898 instruuntur.
1169 1845 1425 1915 Prteripis
1475 1848 1621 1902 enim
1669 1850 1723 1902 in
1773 1850 1896 1902 istis
1933 1868 2016 1904 res
2085 1851 2300 1906 futuras
2335 1841 2407 1898 υἷ

2335 1841 2374 1894 Β
2403 1849 2538 1900 λεων
2584 1843 2652 1918 ἦν
2685 1849 2769 1901 ὅτε
2830 1849 3296 1916 ὑπονομεύσαντες
3355 1850 3749 1921 ἀνερρήγνυον.
3815 1851 3984 1905 Ἀλλᾶ

743 1936 905 1988 oculo
943 1938 1268 2006 perspicaci.
1304 1937 1394 1992 Sic
1418 1939 1666 1993 hostibus
1692 1957 1912 2009 gressus
1940 1945 2300 2010 supplantas;

743 2029 824 2083 sic
859 2029 991 2098 ipsis
1024 2040 1227 2084 terram
1261 2031 1471 2084 metiris
1527 2043 1853 2100 augustam;
1900 2034 1982 2087 sic
2033 2034 2139 2087 illis
2175 2049 2306 2087 cou-

745 2118 920 2172 trahis
949 2119 1333 2175 habitationes.
1377 2121 1626 2174 Stimulis
1668 2125 1891 2192 quidem
1949 2123 2142 2178 ferreis
2202 2126 2305 2178 ho-

744 2227 770 2263 s
805 2211 915 2262 ium
951 2199 1174 2279 campos
1225 2213 1508 2277 stravisse,
1537 2222 1593 2265 ut
1633 2213 1738 2267 illis
1768 2214 1930 2282 pedes
1955 2214 2112 2267 delixi
2152 2215 2307 2268 falle-

745 2310 967 2367 rentur,
1009 2310 1062 2355 et
1101 2302 1216 2356 sale
1245 2303 1556 2357 consevisse
1590 2321 1748 2372 agros
1776 2306 1989 2368 uberes,
2017 2315 2076 2359 ut
2110 2305 2311 2360 sterili-

749 2402 913 2447 tatem
949 2393 1083 2462 ipsis
1117 2393 1358 2461 proferat
1387 2403 1533 2447 terra
1566 2396 1719 2462 prius
1762 2395 2010 2460 fecunda,
2039 2407 2093 2450 et
2126 2396 2312 2450 fovi-as

745 2483 1033 2540 sullodisse
1068 2485 1120 2537 in
1152 2483 1370 2550 pedicas
1408 2493 1515 2538 tam
1550 2501 1815 2556 equorum
1850 2504 2012 2556 quam
2047 2489 2309 2554 virorum,

749 2591 800 2632 et
845 2593 1014 2646 aquas
1043 2592 1253 2631 veneno
1305 2578 1643 2646 corrupisse,
1681 2594 2003 2645 generosum
2060 2580 2195 2633 nihil
2226 2591 2310 2635 est

750 2673 803 2722 in
835 2670 955 2724 istis
989 2668 1286 2739 (quomodo
1340 2670 1484 2722 enim
1543 2685 1865 2736 generosum
1899 2670 2044 2736 quod
2088 2670 2313 2724 fraudu-

748 2761 998 2816 lentum?
1031 2762 1310 2830 quomodo
1350 2759 1510 2814 virile
1536 2759 1684 2830 quod
1729 2760 1978 2815 dolosum
2023 2762 2183 2826 est?)
2216 2778 2315 2818 nec

748 2852 999 2905 victimas
1071 2851 1264 2920 laqueo
1323 2851 1608 2917 interimi;
1663 2863 1875 2919 tempus
1924 2853 2069 2906 enim
2151 2854 2314 2908 breve

752 2947 853 2999 ista
895 2945 962 2998 ad
1017 2946 1174 2998 linem
1216 2944 1482 3010 adduxit;
1523 2943 1615 2998 sed
1663 2943 1902 2998 Romana
1959 2945 2211 3015 praesidia
2261 2954 2316 3000 et

752 3039 919 3092 urbes
988 3037 1274 3106 armigeris
1334 3037 1468 3092 viris
1528 3037 1762 3103 repletas
1833 3053 1931 3104 per
1989 3045 2157 3090 totam
2219 3037 2315 3090 ad-

757 3133 1126 3182 versariorum
1205 3139 1408 3181 terram
1483 3129 1924 3193 disseminasse,
2000 3135 2102 3186 hoc
2183 3147 2315 3186 sane

754 3237 893 3293 opus
927 3231 1045 3276 erat
1085 3230 1202 3275 arte
1245 3221 1438 3275 bellica
1475 3223 1723 3291 dignum.
1753 3222 1902 3276 Istud
1933 3224 2080 3277 haud
2131 3224 2312 3277 minus

758 3330 821 3368 ac
861 3315 1097 3367 murices
1165 3312 1408 3366 inimicis
1443 3314 1604 3368 urbes
1660 3313 1900 3368 munitas
1940 3314 2156 3368 evertit.
2187 3313 2314 3366 Fal-

757 3403 820 3457 lit
881 3404 1024 3457 enim
1089 3404 1170 3458 eis
1228 3403 1292 3457 ad
1362 3404 1709 3459 insolentiam
1761 3420 2014 3473 gressus,
2054 3405 2316 3474 quemad-

761 3493 980 3547 modum
1054 3493 1242 3547 salinze
1301 3493 1354 3546 in
1420 3502 1561 3548 terra
1620 3493 1984 3549 Barbarorum
2061 3510 2318 3550 exercen-

757 3596 888 3649 tur,
943 3586 1017 3638 ita
1094 3593 1153 3637 ut
1239 3601 1348 3638 non
1433 3586 1674 3641 habeant
1749 3587 1823 3640 illi
1877 3587 2067 3642 solitas
2105 3589 2319 3643 telluris

757 3677 942 3745 fruges
1011 3676 1338 3746 percipere,
1417 3687 1472 3732 et
1553 3678 1877 3732 altissimam
1965 3679 2184 3734 suﬂodit
2235 3683 2319 3736 lo-

759 3785 913 3823 veazn
986 3783 1092 3837 qua
1156 3768 1209 3821 in
1269 3768 1547 3822 interitum
1608 3769 2011 3834 detrahuntur,
2061 3781 2318 3840 tanquam

759 3861 956 3914 lethale
1009 3875 1285 3914 venenum
1344 3861 1642 3930 impingit,
1700 3863 1864 3915 vitam
1930 3877 2116 3916 eorum
2174 3864 2319 3932 peri-

760 3952 902 4023 culis
937 3950 1360 4016 circumdando,
1411 3962 1465 4005 et
1515 3953 1708 4007 breves
1737 3952 1844 4008 illis
1879 3951 1997 4008 dies
2024 3954 2317 4008 metiendo.

760 4038 994 4093 Tantum
1031 4052 1082 4096 te
1111 4042 1322 4110 experti
1367 4051 1495 4096 sum
1529 4043 1867 4108 bellatorem,
1903 4059 2116 4113 semper
2153 4048 2322 4100 victo-

766 4149 900 4195 rem,
958 4133 1589 4195 solertissimum,multa
1621 4143 1738 4187 arte
1762 4134 2072 4203 praeditum,
2103 4137 2319 4190 urbium

763 4226 1134 4288 obsessorem,
1163 4238 1371 4277 necnon
1395 4224 1765 4289 defensorem,
1801 4226 1898 4294 qui
1929 4228 2114 4280 omnia
2167 4238 2322 4296 potes

764 4317 1113 4371 contui-tante
1139 4327 1188 4371 te
1213 4317 1346 4370 Deo.
1375 4315 1500 4371 Ideo
1527 4318 1834 4386 superbiam
1859 4319 2246 4388 deposuerunt,
2267 4333 2322 4376 et

767 4425 819 4460 in
854 4409 1173 4462 servitutem
1205 4409 1296 4462 tibi
1325 4408 1528 4462 redacti
1555 4420 1700 4462 sunt.
1725 4409 1916 4463 Sciunt
1937 4413 2193 4478 przeelara
2228 4425 2318 4466 tua

2404 1937 2498 1990 νῦν
2544 1939 2676 2008 ἡμῖν
2733 1939 2819 1991 ἐπ’
2869 1939 3142 2008 ἀσφαλοῦς
3196 1942 3250 1992 αἱ
3294 1941 3479 2004 πόλεις
3534 1943 3817 2010 ἵδρυνται,
3856 1944 3983 1994 ὅσαι

2408 2031 2507 2097 μὲν
2551 2032 2893 2092 κατέπεσον,
2947 2033 3247 2085 ἀναστᾶσαι
3303 2033 3383 2095 είς
3435 2033 3707 2100 ἀριθμόν*
3760 2036 3887 2086 ὅσαι
3929 2034 3987 2086 δὲ

2408 2120 2572 2187 φόϐον
2606 2116 2751 2189 εἶχον
2786 2122 2880 2174 τοῦ
2918 2125 3125 2184 πεσεῖν,
3156 2124 3485 2191 ἐρεισθεῖσαι
3515 2126 3607 2176 καὶ
3631 2126 3985 2177 καταστᾶσαι

2409 2211 2490 2270 εἰς
2532 2210 2771 2278 ἀσφαλές
2793 2228 2806 2242 ·
2839 2213 3028 2280 μυρίαι
3065 2212 3120 2266 δὲ
3145 2214 3242 2266 καὶ
3265 2216 3327 2266 ὲκ
3357 2217 3547 2282 καινῆς
3579 2215 3984 2282 πυργωθεῖσαι.

2408 2299 2540 2352 ὅπου
2570 2301 2807 2371 καίριον.
2845 2303 3233 2371 Προαρπάζεις
3262 2305 3369 2372 γὰρ
3403 2305 3678 2357 κάνταῦθα
3726 2306 3788 2357 τὸ
3853 2307 3987 2373 μέλ-

2409 2390 2500 2442 λον
2531 2391 2741 2460 δμματι
2767 2391 3082 2460 διοράσεως.
3135 2392 3291 2446 Οὕτω
3317 2397 3428 2455 τοῖς
3454 2395 3667 2464 ἐχθροῖς
3720 2395 3989 2461 σφάλλεις

2411 2480 2510 2543 τὰς
2539 2481 2744 2552 βάσεις·
2781 2484 2923 2537 οὕτω
2947 2484 3045 2555 τὴν
3061 2485 3163 2553 γῆν
3185 2486 3367 2550 αὐτοῖς
3410 2491 3624 2556 μετρεῖς
3655 2490 3736 2549 εις
3758 2489 3938 2557 βραχύ
3972 2507 3986 2520 .

2413 2573 2556 2627 οὕτω
2587 2579 2940 2646 στενοχωρεῖς
2997 2578 3232 2641 ἐκείνοις
3261 2580 3359 2650 τὴν
3411 2580 3649 2650 οἴκησιν.
3694 2583 3990 2652 Τριϐόλας

2419 2665 2516 2732 μὲν
2547 2661 2639 2718 οῦν
2672 2667 2911 2736 σιδηροῖς
2934 2668 3033 2736 τὴν
3061 2668 3168 2720 τῶν
3199 2670 3473 2737 πολεμίων
3512 2674 3834 2725 καταπάσαι
3894 2691 3990 2725 πε-

2415 2757 2589 2821 διάδα,
2631 2757 2706 2820 ὡς
2739 2757 2804 2810 ἂν
2838 2759 2921 2827 εἴη
2960 2759 3189 2822 ἐκείνοις
3220 2760 3584 2829 ἐμπείρεσθαι
3611 2765 3706 2814 καὶ
3751 2765 3852 2826 τὰς
3897 2774 3990 2832 βα.

2417 2865 2530 2909 σεις
2570 2849 2897 2915 σφάλλεσθαι
2926 2865 2939 2879 ⁸
2979 2851 3074 2902 καὶ
3108 2851 3264 2903 ἅλατι
3300 2856 3666 2920 κατασπεῖραι
3697 2854 3798 2923 τὴν
3844 2855 3989 2924 ἀρώ-

2419 2955 2602 3006 σιμον,
2632 2941 2705 3001 ὡς
2736 2942 2802 2994 ἂν
2848 2943 3125 3010 ἀκαρπίαν
3155 2945 3185 3012 ἡ
3227 2943 3480 3012 ζείδωρος
3524 2945 3721 3016 ἐνέγκῃ
3752 2947 3940 3008 αὐτοῖς
3973 2964 3986 2977 ·

2419 3035 2516 3085 καὶ
2547 3033 2800 3102 βοθύνους
2833 3034 3122 3104 ὑπωρύξαι
3159 3038 3236 3099 είς
3268 3037 3544 3106 ποδάγρας
3583 3040 3767 3090 ἵππων
3804 3057 3865 3091 τε
3903 3041 3994 3093 καὶ

2421 3126 2630 3199 ἀνδρῷν
2652 3144 2664 3156 ·
2691 3127 2784 3178 καὶ
2817 3125 2986 3179 ὕδατα
3025 3129 3303 3196 φαρμάκῳ
3335 3128 3692 3198 δηλήσασθαι,
3723 3128 3851 3182 οὗτε
3873 3148 3995 3196 γεν-

2420 3218 2568 3268 ναῖον
2596 3215 2750 3269 οὐδέν
2783 3233 2836 3268 τι
2867 3217 3094 3283 τούτων,
3123 3217 3247 3285 (ποῦ
3283 3219 3392 3288 γὰρ
3432 3210 3676 3285 γενναῖον
3705 3220 3765 3272 τὸ
3821 3221 3993 3272 ὕπου-

2419 3307 2545 3367 λον.
2579 3308 2680 3360 ποῦ
2715 3309 2771 3359 δὲ
2803 3308 3117 3378 ἁνδρεῖοντδ
3144 3309 3318 3361 δόλιον
3339 3311 3380 3376 ;)
3423 3311 3517 3361 καὶ
3551 3310 3672 3362 οὐδὲ
3695 3312 3839 3363 πάνυ
3862 3311 3997 3380 πρὸς

2421 3399 2659 3467 ἀγχόνην
2695 3399 2913 3466 σφίγγει
2947 3399 3038 3451 τὸν
3093 3400 3220 3453 ὲπιί
3254 3401 3608 3470 υλευόμενον·
3656 3403 3852 3470 χρόνος
3891 3403 3998 3468 γὰρ

2419 3491 2590 3544 ταῦτα
2621 3491 2826 3561 βραχὺς
2862 3493 3146 3562 ἀπήγαγε.
3174 3493 3417 3562 Φρούρια
3461 3494 3516 3546 δὲ
3557 3493 3847 3559 Ῥωμαϊκὰ
3901 3497 3998 3548 καὶ

2421 3584 2603 3645 πόλεις
2634 3583 2950 3651 ὁπλοφόρων
2989 3583 3200 3655 ἀνδρῶν
3230 3584 3316 3637 διὰ
3341 3585 3521 3652 πάσης
3554 3583 3654 3651 τῆς
3717 3585 3829 3636 τῶν
3867 3586 4003 3636 '37::-

2421 3675 2650 3729 ναντίων
2681 3675 2780 3743 γῆς
2811 3676 3152 3744 διασπεῖραι,
3209 3675 3346 3728 ἀλλὰ
3392 3676 3547 3728 τοῦτο
3606 3676 3812 3737 θετέον,
3879 3678 4004 3728 ὅποι

2418 3783 2502 3828 τις
2535 3765 2779 3834 βούλεται
2805 3764 3172 3835 στρατηγικοῦ
3203 3767 3615 3835 μηχανήματος.
3668 3767 3848 3818 Τοίτο
3909 3768 4006 3819 καὶ

2421 3857 2566 3911 κατὰ
2590 3857 2874 3926 τριϐόλους
2925 3861 3023 3919 τὰς
3072 3857 3543 3926 ὲπιτειχιζομένας
3605 3858 3794 3919 πόλεις
3841 3858 4004 3911 κατέ·

2425 3965 2638 4018 στρωσε
2668 3951 2782 4011 τοῖς
2812 3948 3052 4017 ἐχθροῖς.
3084 3947 3317 4016 Σφάλλει
3359 3949 3470 4018 γὰρ
3519 3949 3749 4011 ἐκείνοις
3798 3951 3873 4002 τὰ
3925 3955 4006 4011 εἰς

2423 4040 2612 4093 ἄνετον
2635 4039 2972 4107 διαδήματα,
3031 4039 3126 4090 καὶ
3167 4037 3242 4102 ὡς
3289 4034 3404 4091 οἷον
3444 4039 3718 4108 ἁλοπήγια
3772 4045 3842 4111 τῇ
3899 4043 4005 4094 τῶν

2426 4128 2718 4198 βαρὸάρων
2771 4129 3046 4198 πήγνυται
3095 4131 3192 4199 γῇ,
3243 4122 3323 4190 οἷς
3369 4130 3467 4182 οὐκ
3531 4129 3751 4199 ἔχουσιν
3800 4133 4008 4185 ἐκεῖνοι

2422 4219 2494 4272 τὰ
2532 4218 2738 4288 σηνήθη
2787 4217 2954 4287 γῆθεν
3017 4218 3406 4286 καρπίζεσθαι.
3478 4220 3776 4286 ’Δνοίγεται
3820 4221 3884 4275 δὲ
3916 4225 4007 4276 καὶ

2423 4311 2612 4378 ὥσπερ
2637 4309 2714 4372 είς
2740 4308 3036 4378 βαθύτατον
3071 4309 3315 4376 βόθυνον,
3345 4310 3425 4362 δτι
3449 4312 3542 4363 καὶ
3574 4313 3849 4382 κατασπᾷ
3871 4316 4008 4382 πρδς

2424 4402 2666 4470 ὗλεθρον.
2694 4399 3078 4468 Φαρμάττεται
3102 4400 3158 4452 δὲ
3192 4401 3283 4452 καὶ
3313 4400 3386 4461 ὼς
3409 4402 3485 4462 είς
3544 4401 3904 4470 δηλητήριον,
3945 4405 4006 4456 δι’

766 4500 1037 4561 facinora,
1061 4513 1254 4567 magna
1295 4498 1475 4551 sciunt
1496 4513 1682 4567 opera,
1706 4515 1826 4568 qua:
1857 4501 1960 4568 ipsi
1987 4511 2112 4554 ante
2131 4516 2321 4554 omnes
2353 4509 2398 4564 ι)
2427 4523 2429 4535 ε

2353 4509 2398 4564 ι)
2427 4486 2504 4546 ὧν
2543 4492 2799 4561 περιιστᾷ
2828 4491 2917 4542 τὸν
2949 4490 3194 4542 κίνδυνον
3226 4491 3304 4552 είς
3345 4491 3404 4542 τὸ
3432 4493 3552 4559 ζῇν,
3577 4492 3671 4542 καὶ
3700 4494 3782 4552 εἰς
3825 4493 4004 4562 βραχ)

767 4590 973 4659 experti
1000 4597 1127 4642 sunt
1146 4603 1250 4640 non
1271 4587 1525 4655 ignorant
1544 4597 1820 4656 gestorum
1847 4591 2085 4658 egregia,
2106 4600 2159 4643 et
2181 4602 2324 4644 vetc-

769 4699 887 4735 rum
907 4695 1056 4734 more
1087 4695 1274 4749 regum
1304 4679 1449 4742 illos,
1472 4691 1530 4733 ut
1550 4681 1621 4732 ita
1653 4680 1828 4733 dicam
1855 4683 2248 4742 mutilantium,
2268 4693 2323 4736 tu

771 4773 948 4826 media
992 4772 1100 4824 illis
1141 4771 1304 4824 corda
1337 4771 1676 4838 percussisti.
1709 4770 1934 4838 Experti
1971 4782 2100 4825 sunt
2130 4787 2325 4825 manus

773 4878 894 4918 tuas
932 4862 1281 4916 invincibiles
1317 4879 1330 4927 ;
1361 4873 1409 4914 te
1462 4863 1844 4915 didiceruutet
1871 4862 1924 4914 in
1959 4861 2204 4916 consiliis
2235 4863 2328 4914 ad-

772 4954 1074 5008 mirabilem
1102 4968 1264 5021 super
1283 4953 1422 5007 ﬁlios
1443 4953 1745 5016 hominum,
1777 4961 1830 5005 et
1857 4953 1909 5005 in
1943 4951 2096 5006 bellis
2123 4960 2328 5020 poten-

775 5061 885 5104 tem
929 5064 1141 5102 necnon
1193 5048 1643 5116 insuperabilem,
1688 5047 1866 5100 anima
1929 5045 2325 5108 fulminantem,

772 5142 995 5195 deuera
1048 5151 1344 5203 tonantem,
1402 5148 1711 5208 promptum
1758 5139 1810 5190 in
1853 5138 2213 5200 consiliamlo,
2245 5154 2330 5191 ve-

769 5235 944 5286 locem
1006 5234 1059 5285 in
1115 5234 1411 5300 equitando
1460 5246 1722 5298 armaque
1761 5232 2066 5290 educendo,
2145 5230 2216 5281 ita
2275 5238 2331 5282 ut

775 5341 936 5379 nemo
973 5325 1064 5378 tibi
1099 5324 1416 5377 antecellat.
1469 5322 1530 5374 Et
1563 5323 1666 5377 hoc
1707 5331 1820 5373 erat
1851 5320 1985 5373 ordo
2009 5321 2247 5389 optimus
2281 5332 2333 5373 et

774 5417 998 5484 scquela
1026 5425 1256 5469 naturas:
1294 5413 1428 5467 Nam
1462 5430 1622 5482 quem
1654 5414 1753 5480 ipsi
1786 5413 2044 5467 eximium
2081 5412 2336 5465 videbant

776 5509 832 5561 in
855 5508 1110 5576 primitiis
1140 5509 1261 5572 viri,
1313 5523 1435 5561 cum
1494 5508 1733 5560 nondum
1765 5505 1938 5576 gratia
1977 5504 2185 5574 physici
2216 5519 2335 5570 gra-

779 5601 939 5653 minis
973 5611 1127 5654 enata
1161 5603 1494 5663 lloresccret,
1530 5613 1628 5652 nec
1662 5599 1842 5649 vultus
1873 5606 2084 5663 pratum
2111 5610 2336 5662 pereur-

781 5699 948 5753 reret,
980 5693 1192 5758 qualem
1248 5706 1372 5744 eum
1400 5699 1552 5744 eram
1588 5690 1887 5756 experimi,
1939 5690 2158 5755 quando
2196 5677 2336 5737 heus

782 5782 932 5837 illum
985 5783 1036 5836 in
1064 5783 1451 5853 perfectionem
1489 5782 1584 5834 \lt‘l
1629 5780 1915 5849 provexit?
1943 5780 2081 5831 Sane
2115 5777 2337 5830 omnim

2429 4586 2619 4654 μετρεῖ
2647 4584 2739 4637 τὶν
2771 4583 2883 4652 βίον
2915 4584 3114 4644 αὐτοῖς.
3153 4581 3408 4634 Τοιοῦτον
3471 4583 3843 4650 πεπείρανταξ
3919 4603 4006 4636 σιν

2429 4674 2697 4745 μαχητοῦ,
2732 4674 2992 4735 νικῶντος
3023 4673 3130 4736 ἀεὶ,
3192 4674 3526 4742 εύμηχάνου,
3584 4674 4007 4743 πολνμηχάνου,

2427 4764 2813 4834 πολιορκητοῦ,
2867 4762 3181 4832 πολιούχου,
3239 4764 3416 4816 πάντα
3475 4763 3753 4831 ἰσχύοντος
3812 4768 3877 4816 ὲν
3934 4767 4008 4832 τῷ

2430 4855 2821 4923 ἐνδυναμοῦντί
2873 4871 2930 4905 σε
2981 4853 3123 4922 Θεῷ.
3194 4853 3416 4924 Ἀμέλει
3459 4857 3548 4907 καὶ
3609 4857 4006 4924 καθαιροῦνται

2434 4949 2534 5016 τῆς
2561 4949 2744 5014 ὀφύος,
2777 4949 2866 4999 καὶ
2889 4947 2967 5006 είς
2989 4945 3233 4998 δουλείαν
3279 4963 3359 4998 σοι
3409 4948 3853 5012 καθυπᾶγονται.
3921 4950 4006 4999 υἷ-

2435 5039 2556 5092 δασι
2589 5039 2684 5106 μὲν
2715 5036 2807 5089 οῦν
2830 5037 2986 5088 αὐτοὶ
3015 5038 3083 5088 τὰ
3113 5036 3339 5090 τοιαῦτα
3383 5037 3790 5105 πρωτοπαθῶςο
3831 5039 4007 5091 οἴδασι

2431 5131 2528 5193 τὰς
2553 5130 2650 5191 σὰς
2691 5127 2989 5197 ἀριστείας,
3045 5125 3123 5191 οἷς
3177 5129 3330 5180 αὐτοὶ
3391 5128 3610 5182 ἔπαθον.
3657 5129 3856 5181 Οἷδασι
3911 5137 4004 5191 τὰς

2437 5220 2867 5290 μεγαλουργίας·
2902 5219 3002 5268 υύκ
3031 5215 3283 5284 ἀγνοοῦσι
3311 5217 3378 5268 τὰ
3431 5219 3534 5268 τῶν
3606 5219 3784 5286 ἔργων
3847 5222 4006 5284 τερά-

2437 5330 2608 5372 στεια,
2637 5311 2730 5363 καὶ
2765 5311 2857 5372 ὡς,
2883 5310 2990 5360 τῶν
3019 5309 3185 5360 πᾴὶαι
3242 5309 3505 5376 βασιλέων
3553 5310 4007 5378 ἁκρωτηριαζόι-

2437 5423 2545 5457 των
2580 5400 2690 5456 οἷον
2720 5401 2938 5464 αὐτοὺς,
2977 5403 3038 5454 σὺ
3072 5401 3239 5470 μέσας
3265 5401 3446 5463 αὐτοῖς
3475 5401 3571 5461 τὰς
3605 5402 3841 5468 uaga-Ia;
3873 5405 4006 5453 ἐπά-

2435 5497 2622 5560 ταξας.
2666 5492 3068 5563 Ἐπειράθησάν
3113 5509 3204 5543 σου
3263 5490 3372 5543 τῶν
3442 5491 3727 5560 ἀηττήτων
3778 5494 4005 5560 χειρῶν.

2445 5584 2686 5653 Ἐμαθόν
2729 5599 2808 5638 σε.
2844 5584 2936 5634 καὶ
2963 5583 3018 5632 ὲν
3051 5580 3264 5648 βουλαῖς
3320 5579 3631 5648 θαυμαστὸν
3677 5581 3826 5647 ὑπὲρ
3860 5583 4006 5642 uio-3;

2439 5677 2764 5747 ἀνθρώπων,
2802 5675 2896 5727 καὶ
2924 5677 2979 5724 ἓν
3015 5673 3268 5739 πολέμοις
3303 5672 3560 5742 κραταιῖν
3588 5672 3680 5723 καὶ
3712 5673 4004 5740 ἐτερέτισ-

2440 5788 2503 5842 χο
2509 5792 2532 5824 ν

2567 5787 2577 5797 ·
2613 5767 2946 5838 πρηετῆριον
3009 5767 3100 5826 τὰς
3161 5765 3358 5834 sein;
3399 5780 3409 5792 '
3463 5762 3860 5828 κτρα-ἀλέξεο.
3917 5765 4005 5820 τὰς
