4212 6440
134 417 188 480 9t
203 417 236 477 ὃ

1001 403 1431 466 ALLOCUTIO
1474 404 1573 463 AD
1618 404 2057 465 MANUELEM
2100 404 2568 468 COMNENUM.

3305 399 3415 466 966

274 532 387 598 κη’.
418 525 492 579 Σὺ
523 523 603 584 δέ,
630 512 675 573 ῶ
717 519 961 573 θειότατε
996 519 1281 590 ἀρχιερεῖ),
1312 517 1404 571 καὶ
1438 518 1603 595 εἰσέτι
1628 518 1725 571 νῦν

1897 518 1987 573 28.
2036 518 2116 573 Tu
2153 535 2305 583 vero,
2339 534 2372 573 ο
2404 518 2753 572 divinissime
2800 515 3073 587 pontifex,
3130 529 3408 582 nunquam

134 623 424 691 ὐπανὲχων
449 617 511 670 οὐ
545 614 695 685 παύῃ
721 612 929 682 ταύτην
984 612 1083 682 τὴν
1106 610 1340 664 κιϐωτδν
1376 611 1469 661 καὶ
1498 612 1610 670 τοῖς
1635 610 1727 678 ἐχ-

132 720 280 788 θροῖς
308 711 594 779 ἐπεξάγων
651 708 846 778 αὐτὴν,
917 703 998 770 οἷς
1032 706 1171 775 ὐπέρ
1221 702 1390 756 αὐτοῦ
1414 703 1512 765 τάς
1537 706 1726 774 χεῖρας

130 809 285 877 Oilei;
315 807 397 867 εἰς
434 804 591 863 Θεὸν,
622 799 722 853 καὶ
773 802 887 861 τοῖς
930 796 1195 850 ἐναντίοις
1248 794 1573 865 ἀπρόμαχον
1599 794 1729 847 καθ-

133 901 309 969 ιστᾷς,
372 897 467 949 καὶ
524 892 752 964 κράζειν
818 892 945 951 τοὺς
1004 887 1336 953 ἀλλοφύλους
1394 886 1727 951 ποιεῖςοτίς

130 995 273 1062 ἡμᾶς
329 992 395 1042 ἐκ
429 986 625 1041 τούτου
680 984 773 1039 τοῦ
806 983 1042 1055 φοϐεροῦ
1070 987 1159 1038 καὶ
1200 982 1385 1037 ἐνθέου
1445 981 1722 1051 αὐτοκρά-

130 1102 289 1155 τορος
325 1082 576 1153 ρύσεταις
623 1079 848 1140 ὀποίας
871 1079 933 1147 δή
996 1095 1150 1141 τινας
1179 1078 1348 1131 πάλαι
1372 1079 1467 1128 καὶ
1495 1077 1527 1143 ἡ
1561 1074 1727 1127 actho-

129 1181 212 1238 τὸς
245 1176 434 1243 ἐκείνη
488 1174 679 1241 φωνάς
718 1173 831 1234 τοῖς
861 1170 1212 1242 ἐτεροφύλοις
1247 1169 1576 1222 ὑπέϐαλλεν.

234 1264 344 1321 κθ’.
426 1266 489 1317 Ὢ
516 1262 749 1326 κιϐωτὸς
775 1262 938 1331 αῦτη,
989 1261 1124 1314 Θεὸν
1151 1258 1245 1312 καὶ
1317 1259 1385 1312 τά
1412 1259 1530 1311 θεῖα
1579 1257 1729 1309 ἔνδον

132 1363 210 1421 εἰς
241 1359 462 1427 μνήμην
488 1354 915 1407 ἁδιασκέδαστον
972 1352 1243 1418 στέγουσα
1279 1352 1291 1403 ι
1337 1345 1408 1402 Ὦ
1438 1344 1727 1414 κοσμοσὼ-

130 1466 288 1518 vespa.
363 1446 617 1507 κιϐωτὸς.
670 1445 798 1507 τοὺς
832 1443 940 1494 τῶν
990 1441 1161 1495 ὄντων
1186 1441 1378 1508 λόγους
1444 1442 1731 1507 ἐμπεριει-

132 1540 334 1609 ὶηφυία
360 1538 634 1597 θειότατα.
659 1537 745 1588 ἵνα
777 1552 828 1587 τι
856 1535 949 1588 καὶ
981 1535 1077 1596 τῆς
1109 1533 1305 1601 ἐτέρας
1336 1529 1570 1583 ἐνταῦθα
1594 1546 1730 1596 (pav-

133 1634 390 1699 τάσωμαι
414 1626 677 1690 κιϐωτοῦ,
712 1626 779 1680 δι’
811 1621 879 1697 ἧς
903 1626 1102 1696 ταύτης
1127 1627 1287 1693 ἡμεῖς
1319 1622 1576 1684 πολλάκις
1595 1622 1727 1674 κλυ-

131 1722 345 1787 δασμοῦ
380 1720 616 1789 ψυχικοῦ
677 1717 1097 1787 διασεσὼσμεθα
1143 1716 1453 1784 κρείττονες
1491 1718 1502 1768 ί
1550 1716 1613 1768 Ὃ
1640 1731 1729 1764 κι-

134 1812 329 1873 ϐωτὸς.
362 1830 430 1879 μν
443 1814 579 1881 ﬁch
596 1810 866 1864 ἀποθέτου
890 1811 1115 1876 ταμεῖον
1138 1809 1591 1861 ἀνεπιϐούλευτον
1620 1809 1631 1860 Ξ
1666 1807 1729 1858 ΤΞ

1831 625 2019 666 cessas
2051 612 2209 664 istam
2245 610 2519 667 sustinere
2569 623 2750 663 arcam
2801 620 2853 664 et
2905 608 3174 663 adversus
3222 606 3411 660 hostes

1830 721 1957 759 eam
1986 703 2284 765 adducere,
2320 720 2513 758 manus
2547 718 2644 771 pro
2682 702 2796 769 ipsa
2850 702 2916 755 ad
2965 702 3134 755 Deum
3167 701 3410 767 erigens.

1831 814 2043 853 necnon
2097 797 2340 851 inimicis
2382 795 2817 866 insuperabilem
2854 798 3087 865 opponis
3119 804 3173 848 et
3205 791 3413 846 vocife-

1831 894 1939 948 rari
1994 893 2203 944 alienos
2244 890 2379 944 lacis
2419 909 2431 944 :
2475 909 2493 943 ι
2529 889 2663 955 Quis
2700 904 2797 942 nos
2846 889 2914 939 ah
2966 886 3073 939 isto
3128 885 3415 941 tremendo

1829 1001 1990 1055 quem
2058 986 2201 1037 Deus
2258 984 2481 1051 adjuvat
2542 986 2874 1050 imperatore
2932 978 3134 1033 eruet?
3173 996 3189 1026 ι
3254 976 3413 1029 Tales

1830 1080 2107 1146 quondam
2166 1090 2295 1129 arca
2350 1075 2438 1129 illa
2483 1076 2754 1130 clamores
2801 1073 2994 1126 alienis
3032 1069 3287 1141 gentibus
3318 1070 3413 1121 oh-

1826 1172 1986 1241 jecit.

1898 1265 1986 1318 9.9.
2042 1262 2085 1316 0
2120 1278 2246 1317 arca
2285 1261 2375 1316 illa
2431 1260 2596 1314 Deum
2649 1259 2944 1327 divinaque
3002 1258 3055 1311 in
3094 1254 3411 1310 tuenoriam

1831 1358 2177 1411 iudelcbilem
2201 1356 2537 1409 recondens!
2566 1354 2609 1409 Ο
2639 1369 2762 1407 area
2788 1351 2974 1406 mundi
3005 1349 3297 1411 servatrix,
3329 1362 3417 1399 rc-

1831 1466 1948 1503 rmn
1982 1463 2271 1503 sermones
2298 1446 2563 1500 divinitus
2582 1446 2893 1503 continens.
2931 1453 2989 1497 ut
3015 1442 3144 1511 quid
3168 1440 3330 1493 etiam
3350 1437 3417 1491 de

1832 1540 2000 1592 altera
2032 1555 2159 1592 arca
2189 1540 2277 1593 hic
2300 1538 2586 1593 ostendam
2610 1552 2705 1604 per
2725 1551 2884 1602 quam
2912 1536 3108 1601 saepius
3142 1528 3416 1601 spiritua‘i

1832 1631 2036 1684 diluvio
2072 1632 2265 1685 intacti
2298 1630 2607 1685 evasimus!
2631 1629 2815 1683 Oarca
2839 1636 2954 1679 tuta
2987 1625 3422 1705 rcpositipigno—

1833 1724 1908 1776 ris
1942 1724 2128 1777 theca!
2165 1722 2305 1787 Quid
2341 1734 2523 1775 autem
2572 1722 2687 1789 ipsa
2730 1736 2853 1774 arca
2906 1717 3139 1773 sancta?
3187 1714 3419 1769 Interius

1832 1826 2089 1870 contenta
2150 1816 2263 1868 haec
2312 1827 2487 1868 sunt:
2527 1813 2839 1867 tabularum
2870 1828 2895 1864 α
2927 1810 3036 1865 Deo
3084 1810 3416 1878 scriptarum

132 1910 187 1961 δὲ
223 1911 255 1978 ή
314 1910 432 1974 ἱερὰ
467 1906 702 1970 κιϐωτὸς
736 1904 899 1975 αῦτης
964 1906 1043 1957 Τὰ
1076 1904 1175 1973 μὲν
1207 1904 1356 1965 ἐντὸς
1412 1902 1595 1955 οῦτω⁶
1631 1904 1721 1955 καὶ

1836 1916 2174 1963 sanctitatem
2216 1908 2429 1975 retegit,
2470 1922 2564 1960 vas
2598 1920 2847 1967 aureum,
2889 1918 3201 1971 manuaqtte
3250 1899 3417 1955 caele-

132 2000 362 2053 πλακῶν
388 1998 706 2068 ἐμόρέθειαν
740 2000 921 2065 στέγει
942 1998 1051 2050 τῶν
1080 1997 1456 2057 θεοπλάστων,
1477 1994 1571 2047 καὶ
1601 2011 1729 2045 στα-

136 2092 394 2159 μνοδοκεί
415 2092 512 2158 τὴν
568 2090 798 2159 χρυσῆν,
858 2090 952 2141 καὶ
988 2088 1323 2156 μαννοφορεῖ
1364 2087 1422 2137 το
1445 2086 1723 2155 οὐράνιον.

133 2184 219 2237 Τὰ
266 2184 324 2235 δέ
351 2182 508 2244 ἐκτὸς
558 2183 659 2233 οὐκ
688 2180 799 2251 ἔχει
828 2183 940 2243 τοϊς
980 2180 1132 2233 ἔνδον
1185 2180 1488 2247 ὁμότροπα.
1527 2178 1626 2245 Είη
1660 2176 1727 2228 ἂν

132 2274 297 2327 τοῦτο
318 2275 411 2326 καὶ
430 2274 822 2341 διανοήσασθαι
858 2272 1019 2339 μόνον
1051 2271 1266 2341 ἀνδρὸς,
1295 2270 1418 2324 οὔτε
1445 2271 1620 2331 ἄλλως
1645 2271 1725 2330 εἰς

133 2366 351 2417 τελείαν
403 2364 565 2430 φύσιν
594 2361 997 2429 διοικουμένου,
1035 2361 1418 2431 βεδλαμμένου
1449 2361 1504 2412 δέ
1531 2362 1625 2413 καὶ
1644 2361 1727 2421 εἰς

135 2458 237 2520 τὰς
263 2458 452 2520 ἀκοάς.
494 2455 736 2525 ’Δληθῶς
773 2454 883 2524 γὰρ
914 2458 1009 2507 καὶ
1062 2455 1297 2510 ἐνταῦθα
1328 2456 1362 2524 ή
1390 2452 1485 2505 τοῦ
1519 2453 1729 2522 suam.

135 2552 236 2605 κοῦ
274 2551 393 2613 νοὸς
422 2548 676 2619 ἀποθήκη
712 2548 831 2611 τοῖς
867 2550 1104 2618 καρποῖς
1134 2546 1228 2601 τοῦ
1277 2544 1603 2614 Πνεύματος
1635 2544 1729 2613 βέ-

136 2647 353 2714 ϐριθεν,
382 2638 464 2705 οἷς
515 2641 684 2710 αὐτὴν
720 2642 973 2709 οὐράνιος
1020 2640 1303 2706 ἐμὲστωσε
1330 2638 1597 2708 γεωργὸς,
1634 2642 1733 2692 καὶ

138 2738 203 2788 τὸ
230 2736 432 2802 ταύτης
488 2733 549 2786 δέ
588 2732 1065 2801 προσφαινόμενον
1118 2732 1265 2784 ἅπαν
1307 2730 1577 2798 τηλαυγὲς
1601 2730 1917 2798 προφαίνει,
1944 2734 2036 2784 καὶ
2065 2728 2178 2785 οἷον
2217 2732 2317 2794 τάς
2386 2748 2447 2783 τε
2482 2729 2638 2799 Wst;

1834 2010 1934 2053 ste.
1982 2001 2268 2053 Exteriora
2305 2008 2488 2051 autem
2536 2013 2640 2049 non
2686 1997 2887 2049 habent
2925 1993 3163 2049 internis
3192 1991 3417 2049 similia.

1834 2090 1968 2144 lllud
2007 2090 2213 2143 homini
2258 2091 2346 2143 vix
2392 2090 2558 2143 datur
2590 2088 2910 2156 exc0gitare
2957 2085 3051 2155 qui
3098 2100 3126 2138 a
3176 2083 3421 2152 perfecta

1834 2193 2028 2237 natura
2073 2183 2307 2246 alienus,
2368 2198 2467 2236 nec
2513 2182 2663 2235 sanis
2728 2182 2959 2233 auribus
3001 2177 3226 2247 gaudet.
3282 2175 3421 2230 Nam

1833 2294 1962 2331 vere
1994 2278 2083 2331 illa
2118 2278 2319 2331 mentis
2356 2275 2519 2343 regiae
2566 2289 2694 2328 arca
2728 2272 2971 2339 Spiritus
3004 2270 3278 2324 fructibus
3333 2282 3426 2321 re-

1834 2367 1973 2421 ferta
2010 2375 2115 2431 est,
2147 2368 2351 2435 quibus
2384 2380 2504 2419 eam
2537 2364 2781 2419 caelestis
2818 2360 3335 2430 replevitagricola,
3370 2366 3428 2413 et

1832 2458 2008 2529 ipsius
2053 2468 2230 2513 totum
2261 2457 2614 2530 splendorem
2658 2454 3013 2510 manifestum
3046 2450 3307 2515 ostendit,
3350 2451 3427 2505 ita

1835 2560 1894 2604 ut
1935 2552 2108 2621 gratia
2144 2566 2244 2605 sua
2276 2551 2469 2605 oculos
2492 2549 2557 2603 ad
2596 2562 2656 2602 se
2699 2555 3007 2611 convertat,
3032 2556 3087 2601 et
3109 2559 3269 2599 aures
3292 2556 3428 2613 gau-

1835 2641 2003 2695 deant
2028 2640 2093 2694 ad
2125 2641 2293 2707 verba
2337 2640 2463 2693 hinc
2492 2638 2703 2707 prolata
2736 2643 2981 2691 attenta.

2715 2728 3078 2799 ἐπιστρέφειν
3134 2726 3203 2797 τῇ
3270 2724 3428 2797 χάρι⁶⁸

142 2844 218 2891 τι,
250 2826 347 2879 καὶ⁵
386 2825 554 2887 ἀκοάς
578 2824 634 2877 δέ
654 2825 865 2895 χαίρειν
918 2824 1436 2891 ἀναπεταννυμένας
1471 2823 1609 2891 πρὸς
1656 2821 1726 2874 τά
1766 2823 1979 2877 ἐκεῖθεν
2021 2824 2379 2893 ἀκούσματα.

288 2918 351 2973 λ’.
419 2919 564 2971 Ὅσα
592 2918 691 2986 μὲν
720 2914 862 2986 οῦνη
911 2916 1095 2984 φύσις,
1116 2919 1306 2987 ἄριστε
1359 2917 1606 2987 βασιλεῦ,
1632 2919 1741 2987 ἀμ-

141 3013 212 3079 φὶ
244 3010 304 3063 σὲ
364 3008 663 3078 φιλοτίμως
686 3008 1011 3078 ἡσχόληται,
1047 3011 1142 3061 καὶ
1186 3012 1311 3061 ὅσον
1346 3011 1518 3078 αὐτῆς
1544 3012 1605 3063 τὸ
1638 3027 1736 3063 πε-

1918 2920 2007 2975 30.
2060 2919 2338 2987 Quantum
2380 2933 2512 2989 ergo
2562 2923 2783 2983 natura,
2846 2916 3054 2985 optime
3105 2915 3426 2985 imperator.

1845 3013 1993 3067 circa
2032 3021 2083 3066 te
2139 3012 2397 3065 muniﬁce
2446 3010 2742 3075 laboravit,
2801 3018 3073 3081 quantum
3109 3009 3229 3079 ejus
3275 3008 3332 3063 in
3373 3016 3430 3064 to

144 3105 205 3176 ρὶ
229 3104 287 3155 σὲ
319 3102 713 3172 φιλοτέχνημα,
746 3102 901 3153 ἐσται
937 3117 1030 3168 μοι
1065 3098 1510 3168 καλλιγραφῆσαι
1540 3101 1734 3171 καιρὸς

1840 3103 2155 3157 dilectionis
2185 3118 2345 3171 opus.
2379 3101 2485 3154 erit
2516 3101 2648 3153 mihi
2679 3099 2787 3154 alio
2811 3107 3056 3167 tempore
3077 3109 3233 3169 grata
3260 3114 3425 3155 enar-

144 3199 359 3265 ξτερος.
393 3196 468 3248 Οὐ
499 3195 606 3263 γὰρ
642 3194 815 3263 δήπου
877 3192 937 3245 τὺ
965 3192 1250 3262 ἁπόδημον
1290 3192 1641 3262 βαρϐαρώσει
1667 3192 1736 3245 τὰ

148 3286 274 3339 κατ’
314 3285 437 3355 ἐμὲ,
464 3285 539 3346 ὡς
579 3284 758 3353 πάντη
799 3283 1077 3335 ἐπιλιπεῖν
1105 3283 1176 3334 τά
1209 3282 1303 3335 τοῦ
1329 3283 1487 3351 λόγου
1512 3284 1736 3353 χρώμα-

146 3394 239 3439 τα,
269 3375 338 3427 δι’
398 3368 473 3427 ὧν
494 3374 675 3442 ἔχοιμι
708 3374 776 3427 ἂν
800 3372 1264 3442 καταγράψασθαι
1296 3373 1357 3426 τὸ
1410 3373 1606 3436 κάλλος
1626 3374 1737 3427 τῶν

148 3466 447 3537 ὀφθαλμῶν
468 3479 485 3496 θ
518 3466 578 3519 τὸ
606 3464 707 3535 τῆς
734 3465 862 3527 θέας
905 3466 1165 3535 γαλήνιον
1189 3481 1204 3497 ο
1240 3465 1298 3518 τὸ
1324 3464 1418 3518 τοῦ
1444 3464 1737 3536 προσώπου

153 3561 250 3614 καὶ
281 3560 497 3629 λάμπον
550 3560 645 3612 καὶ⁸
671 3559 907 3629 ἡρωϊκόν
925 3574 939 3589 ·
1009 3558 1110 3630 τὴν
1140 3560 1272 3629 ὃλην
1300 3558 1608 3630 εὐρυθμίαν
1636 3560 1738 3626 τῆς

151 3655 248 3708 τοῦ
289 3654 543 3724 σώματος
573 3653 945 3722 ἀκροπόλεως,
969 3654 1036 3722 ἢν
1063 3655 1090 3705 ὁ
1121 3652 1345 3719 ὕψιστος
1402 3654 1535 3715 Θεὸς
1566 3653 1738 3724 ἐπύρ-

153 3760 333 3811 γωσεν
362 3745 493 3811 ἡμῖν
521 3744 601 3804 είς
623 3741 926 3805 ἀσφάλειαν
945 3757 958 3772 ο
984 3741 1083 3810 τὴν
1134 3743 1244 3795 τῶν
1279 3741 1519 3812 στέρνων
1568 3744 1739 3795 καθα-

155 3853 226 3887 πε
236 3832 320 3904 ρεὶ
345 3833 439 3886 καὶ
467 3832 681 3894 λέοντος
735 3830 1013 3902 εὐρύτητα
1032 3831 1126 3884 καὶ
1145 3832 1574 3901 στερεμνιότητα
1593 3849 1607 3865 ο
1638 3831 1738 3902 τὴν

156 3924 267 3976 τῶν
305 3920 507 3990 χειρῶν
532 3919 801 3983 εὐτονίαν,
827 3920 893 3982 ἃς
923 3922 985 3972 οὐ
1018 3920 1180 3989 μόνον
1211 3920 1284 3982 ὡς
1318 3923 1610 3983 Δαυῖτικάς
1631 3919 1738 3973 νοῶ

160 4013 454 4083 βραχίονας
478 4008 800 4079 τεθειμένας
830 4011 912 4073 είς
943 4010 1098 4076 τόξον
1124 4009 1363 4081 χαλκοῦν
1386 4013 1451 4065 ἐκ
1477 4012 1738 4078 Θεοῦ,ὃτε

157 4107 282 4157 κατ’
317 4104 530 4174 ἐχθρῶν
561 4102 867 4171 τεινάμεναι
926 4101 1199 4174 θανάσιμα
1250 4104 1537 4174 βάλλουσιν
1558 4122 1572 4136 ⁸
1602 4105 1740 4159 άλλά

158 4195 586 4265 προσεπιθεωρῶ
615 4193 787 4255 αὐτάς
814 4193 910 4245 καὶ
939 4192 1147 4260 ὄργανα
1202 4194 1482 4260 ποιούσας,
1523 4195 1620 4249 καὶ
1641 4196 1739 4250 δα-

156 4285 375 4348 κτύλοις
421 4285 801 4354 ἁρμοττούσας
823 4283 1100 4355 ψαλτήρια
1121 4283 1321 4338 εὐλαλα
1341 4285 1537 4349 ταῦτα,
1569 4287 1740 4355 γλώσ-

160 4394 262 4439 σας
291 4377 400 4428 τῶν
428 4377 686 4443 ὑπηκόων
711 4394 725 4408 ⁸
779 4371 861 4438 οἷς
895 4376 1060 4440 αὐτὸς
1099 4378 1199 4446 μὲν
1229 4380 1308 4439 είς
1335 4380 1460 4442 τοὺς
1487 4380 1627 4449 ὐπέρ
1670 4381 1734 4447 ή-

1838 3195 1993 3249 randi
2050 3196 2293 3249 occasio.
2338 3192 2626 3263 Nunquam
2688 3191 2836 3247 enim
2886 3192 3148 3246 distantia
3206 3206 3295 3247 me
3348 3192 3425 3246 ita

1838 3287 2135 3341 barbarum
2186 3286 2385 3340 etIiciet
2434 3293 2493 3338 ut
2525 3284 2755 3338 omnino
2786 3285 3037 3338 deseram
3091 3281 3427 3354 eloquentia:

1840 3378 2061 3433 colores
2115 3377 2324 3446 quibus
2376 3376 2669 3446 depingam
2718 3375 3005 3430 oculorum
3057 3373 3427 3444 pulchritudi-

1841 3487 1990 3531 nem.
2048 3469 2209 3524 faciei
2268 3469 2665 3538 placiditatem.
2724 3469 2910 3523 vultus
2968 3468 3316 3537 splendorem
3370 3476 3427 3522 et.

1839 3563 2119 3617 heroicam
2152 3563 2476 3631 gravitatem
2504 3577 2518 3623 ;
2567 3571 2736 3616 totam
2780 3562 2950 3615 turris
2978 3560 3227 3630 corporis
3257 3574 3421 3629 quam

1841 3656 2149 3710 altissimus
2196 3655 2357 3708 nobis
2404 3654 2551 3707 Deus
2605 3653 2671 3706 ad
2707 3654 2881 3706 robur
2938 3652 3253 3718 aedificavit,
3307 3652 3428 3706 exi-

1842 3748 2009 3801 miam
2043 3746 2521 3807 constitutionem,
2554 3745 2797 3814 pectoris
2831 3744 2898 3797 ad
2921 3744 3098 3798 instar
3132 3743 3311 3798 leonis
3343 3742 3424 3797 la-

1840 3839 2129 3893 titudinem
2195 3848 2248 3891 et
2308 3837 2664 3907 dignitatem;
2707 3852 2970 3891 manuum
3020 3837 3425 3891 concinentiam

1841 3947 1981 3998 quas
2028 3946 2136 3985 non
2184 3939 2397 3984 tantum
2434 3930 2585 3983 velut
2637 3927 2857 3983 Davidis
2896 3928 3085 3999 cogito
3133 3928 3357 3984 brachia
3398 3944 3427 3982 a

1839 4018 1953 4072 Deo
1980 4018 2035 4072 iu
2061 4034 2251 4072 areum
2272 4034 2472 4071 arreum
2499 4027 2686 4087 parata
2714 4019 2936 4088 quando
2960 4028 3151 4074 contra
3170 4018 3430 4073 inimicos

1841 4117 2063 4163 extenta
2100 4120 2331 4161 mortem
2364 4110 2648 4171 emittunt.
2695 4110 2791 4164 sed
2841 4110 3005 4164 etiam
3062 4109 3187 4164 illas
3242 4118 3431 4163 mente

1840 4203 2098 4271 concipio
2160 4216 2366 4267 organa
2424 4201 2717 4271 pulsantes
2777 4210 2833 4257 et
2911 4200 3099 4271 digitis
3178 4209 3431 4271 aptantes

1840 4292 2098 4361 psalteria
2129 4291 2265 4345 bene
2295 4293 2582 4353 sonantia.
2628 4292 2842 4363 linguas
2901 4292 3276 4354 subditorum,
3305 4292 3433 4361 qui-

1840 4385 1942 4437 bus
1976 4394 2030 4437 tu
2093 4383 2209 4452 ipse
2244 4398 2437 4439 manus
2484 4384 2549 4438 ad
2591 4386 2805 4439 labores
2847 4400 2946 4454 pro
2976 4385 3135 4439 nobis
3171 4386 3428 4455 aggredi-

159 4469 279 4536 μῶν
312 4468 595 4534 καμάτους
627 4466 981 4535 καταρτίζεις
1014 4468 1110 4529 τάς
1148 4470 1357 4538 χεῖρας,
1382 4471 1475 4522 καὶ
1510 4470 1615 4522 ὐπδ
1643 4469 1734 4521 δα-

1847 4474 2021 4529 endos
2054 4475 2465 4538 accommodas.
2491 4484 2545 4527 et
2591 4476 2693 4530 sub
2715 4474 2888 4545 digito
2927 4474 3018 4529 Dei
3056 4475 3262 4546 digitos
3302 4487 3429 4531 tuos

159 4556 343 4625 κτύλῳ
396 4554 533 4608 Θεοῦ
582 4555 712 4619 τοὺς
738 4556 866 4618 σοὺς
904 4555 1198 4618 δακτύλους
1231 4558 1497 4626 τεχνικῶς
1542 4559 1738 4627 ἐπιμε-

161 4647 334 4718 ρίζεις
366 4648 482 4707 ταῖς
512 4645 769 4716 πράξεσι,
801 4646 899 4698 xui.
929 4648 1008 4709 είς
1038 4646 1305 4715 ἁρμονίαν
1337 4648 1490 4716 ἄγεις
1522 4649 1584 4701 τδ
1606 4650 1735 4702 πᾶν·

160 4742 315 4795 αὐτοὶ
336 4740 394 4793 δὲ
458 4738 760 4810 μελῳδοῦσι
826 4742 894 4793 τά
916 4739 1231 4809 νικητήρια,
1288 4740 1358 4792 τὰ
1386 4742 1739 4813 χαριστήρια,

162 4835 259 4886 καὶ
284 4833 559 4902 ψαλτήρια
587 4830 827 4897 γίνονται
887 4831 1186 4900 ἐμμέλειαν
1227 4831 1635 4901 ἀρμοττόμενα.

232 4923 337 4977 λα’.
393 4921 613 4975 Τούτων
652 4922 750 4991 μὲν
811 4920 929 4985 οῦν,
966 4922 1106 4992 ὅπερ
1166 4924 1261 4974 καὶ
1292 4922 1504 4990 φθάσας
1563 4920 1742 4990 εἷπον,

161 5019 354 5085 ’ἐτερός
389 5034 481 5085 μοι
532 5016 671 5085 πρὸς
703 5015 1115 5085 καλλιγραφίαν
1148 5014 1484 5084 ἀνακλητέος
1522 5017 1743 5084 καιρὸς,

164 5108 234 5162 δι’
266 5103 339 5158 ὧν
379 5108 433 5159 al
459 5106 613 5174 ὄψεις
640 5106 891 5158 ἕλκονται
941 5108 1053 5165 τοῖς
1084 5108 1163 5168 εἰς
1191 5106 1251 5158 τὸ
1300 5106 1579 5175 βασιλικὸν
1613 5110 1746 5162 ἀνά-

170 5215 365 5268 μνημα
396 5197 829 5265 ἐντρανίζουσιν,
862 5196 898 5249 ἃ
930 5197 995 5265 δὴ
1041 5197 1133 5249 καὶ
1160 5199 1287 5259 τοὺς
1319 5197 1746 5265 ἐνωτιζομένους

165 5381 412 5434 ἐνταῦθά
447 5398 539 5449 μοι
588 5381 854 5443 λαλητὲον
890 5383 1097 5451 μακρά,
1136 5382 1262 5434 ἔνθα
1290 5385 1349 5434 τὸ
1377 5382 1745 5453 ἀκροατήριον

167 5475 298 5534 τοὺς
323 5473 518 5539 λόγους
544 5472 874 5541 ἁρπάζουσι,
907 5474 999 5525 καὶ
1028 5474 1186 5526 τοῦτό
1207 5490 1264 5541 γε
1295 5473 1545 5526 ἀδικοῦσι
1573 5490 1746 5542 πανη-

167 5566 469 5633 γυρῖςοντα
501 5567 729 5636 ῥήτορα,
761 5564 821 5619 εὖ
864 5565 965 5635 μὲν
997 5566 1170 5628 ἄλλως
1208 5564 1514 5629 ποιοῦντες,
1557 5568 1638 5618 ὅτι
1668 5566 1747 5638 τῷ

168 5658 472 5724 εὐμουσίας
506 5657 655 5727 ἁδρῷ
688 5660 780 5711 καὶ
820 5658 1185 5729 πολυφθόγγῳ
1218 5660 1305 5712 τὸν
1336 5660 1437 5726 τῆς
1472 5661 1745 5730 ἡμετέρας

165 5750 195 5820 εξ
216 5749 315 5815 δῆς
342 5749 727 5819 ὑπερφωνοῦσι
745 5752 1074 5805 λεπτότατον
1105 5753 1327 5813 δόνακα,
1352 5753 1663 5815 ἀδικοῦντες
1688 5752 1746 5806 δὲ

172 5842 191 5891 'c
209 5856 349 5908 μως,
382 5842 462 5892 ὃτι
492 5842 588 5894 καὶ
618 5843 693 5906 είς
720 5842 780 5895 τὸ
798 5843 1059 5908 παντελὲς
1090 5846 1235 5915 ἡμᾶς
1266 5845 1739 5915 ἀποκρύπτουσιν.

1843 4566 2103 4631 operibus
2142 4564 2338 4620 callide
2367 4564 2675 4635 dispartiris
2729 4578 2783 4620 et
2821 4581 3115 4622 numerose
3163 4566 3281 4635 agis
3308 4581 3429 4619 om-

1843 4658 1956 4719 nia;
2016 4657 2119 4726 ipsi
2177 4672 2308 4711 vero
2347 4658 2694 4712 modulantur
2756 4658 3107 4711 victoriarum
3157 4658 3427 4722 carmina,

1843 4746 2141 4813 gratiarum
2165 4749 2429 4813 actiones,
2457 4758 2511 4800 et
2529 4747 2783 4817 psalteria
2803 4747 2938 4801 (inut
2960 4748 3225 4804 melodice
3241 4753 3429 4803 conci-

1846 4840 2054 4894 uentia.

1913 4932 2003 4985 5|.
2035 4929 2240 4985 [lorum
2276 4932 2463 5000 igitur,
2499 4941 2558 4984 ut
2597 4930 2751 4998 prius
2782 4929 2917 4994 dixi,
2947 4929 3116 4983 altera
3154 4929 3286 4983 mihi
3317 4934 3425 4984 erit

1849 5023 1914 5077 ad
1958 5023 2364 5092 depingendnm
2400 5021 2727 5091 exoptabilis
2782 5022 3026 5085 occasio,
3058 5037 3181 5090 qua:
3230 5020 3421 5074 oculos

1849 5114 2064 5185 quidem
2097 5117 2163 5169 ad
2188 5115 2425 5169 lucidam
2452 5112 2802 5181 imperatoris
2824 5112 3142 5166 memoriam
3169 5112 3421 5175 trahunt,

1848 5223 2010 5261 aures
2041 5218 2221 5261 autem
2248 5205 2662 5276 percipientium
2680 5204 2986 5273 voluptarie
3000 5204 3259 5271 pellectas
3282 5204 3424 5257 deti-

1848 5310 2002 5353 nent.
2020 5297 2176 5353 Nuuc
2197 5312 2327 5351 vero
2350 5296 2484 5350 mihi
2505 5312 2611 5350 nou
2642 5296 2853 5349 diutius
2873 5294 3259 5349 disserendum
3282 5295 3411 5364 quit

1849 5392 2125 5446 auditores
2146 5392 2360 5458 rapiunt
2383 5403 2667 5442 sermones
2701 5388 2975 5457 simulque
2996 5388 3307 5441 laudantem
3332 5387 3421 5437 of-

1851 5482 2079 5536 fendunt
2128 5490 2427 5539 oratorem,
2478 5484 2625 5529 recte
2692 5476 2913 5544 quidem
2962 5474 3221 5531 facientes
3289 5480 3419 5545 quia

1850 5582 2153 5628 concentus
2210 5570 2500 5623 concordia
2536 5579 2590 5619 et
2620 5568 2981 5621 consonantia
3032 5569 3417 5623 tenuissimum

1851 5664 2112 5717 carminis
2138 5660 2309 5714 nostri
2345 5660 2614 5712 calamum
2665 5667 2963 5727 superant;
3016 5658 3180 5713 simul
3235 5667 3417 5714 autem

1852 5756 2137 5810 ollendunt
2159 5753 2285 5824 quia
2309 5767 2405 5805 1ης
2437 5764 2662 5821 prorsus
2693 5750 3012 5805 obscurant.
