4212 6440
711 339 819 405 9.75

1427 335 1473 394 Ε
1487 335 1783 397 US'l‘ATll
1798 337 1851 395 il
1886 337 2177 399 'l‘llESSA
2190 338 2649 400 LONICENSIS
2688 339 3253 411 METROPOLI'LE

3861 347 3973 410 976

710 464 991 521 nunquam
1045 446 1361 517 deponenda
1394 456 1515 515 est;
1566 450 1632 502 de
1684 452 1916 505 mortuis
1963 460 2143 507 autem
2181 467 2279 521 pa-

2393 455 2627 523 μάλιστα
2652 456 2831 525 χρεὼν
2851 455 3079 525 ταύτης.
3104 456 3334 508 Ζώντων
3356 455 3454 524 μιν
3473 454 3579 526 γὰρ
3604 457 3975 526 ἐπιστρόφους

707 550 989 597 restantes
1022 557 1051 595 a
1078 541 1394 596 sinceritate
1420 557 1698 609 nunquam
1733 544 2012 601 recedent.

775 828 829 883 4.
869 826 1001 893 Quae
1027 843 1151 882 eum
1181 829 1252 883 ita
1276 828 1407 894 sint,
1436 829 1549 899 jam
1574 845 1683 886 non
1717 832 2013 898 silendum,
2049 836 2144 890 sed
2191 838 2277 892 lo-

703 921 981 986 quenilum
1030 929 1151 984 est;
1213 918 1268 974 in
1331 936 1466 989 quo,
1511 937 1613 992 pro
1666 939 1818 978 more
1883 925 2070 990 solito,
2147 929 2286 984 artis

706 1011 994 1064 rhetorica:
1040 1010 1250 1079 legibus
1287 1026 1397 1065 non
1446 1022 1598 1067 arcte
1646 1015 2168 1083 obtemperabimus,
2209 1020 2285 1072 si-

689 1100 924 1169 quidem
976 1102 1143 1172 prisci
1196 1102 1444 1158 rhetores
1500 1106 1750 1173 proprias
1819 1106 2093 1162 interdum
2138 1110 2283 1182 leges

701 1208 765 1245 ac
807 1208 1029 1246 unrmus
1080 1196 1410 1263 transgressi
1444 1204 1566 1247 s-iul
1622 1197 1713 1249 ubi
1767 1197 2000 1264 licebit;
2036 1200 2090 1253 in
2140 1201 2277 1254 scri-

704 1286 886 1339 bendo
929 1301 1057 1339 vero
1090 1286 1335 1355 divagari
1384 1286 1616 1357 logieam
1650 1288 1932 1344 offendere
1970 1300 2074 1345 est.
2114 1291 2282 1362 Igitur

701 1378 797 1445 qui
853 1378 1170 1449 paucgyrim
1223 1380 1427 1433 astruit
1482 1394 1646 1435 voces
1696 1381 1964 1450 legitimas
2009 1384 2171 1451 eliget
2225 1389 2279 1439 ct

703 1470 1039 1539 procedendi
1070 1470 1291 1525 modum
1331 1472 1770 1526 circumstantiis
1814 1472 2278 1540 accomiuodahit,

703 1562 1130 1617 architecturam
1166 1578 1289 1634 qua:
1312 1564 1397 1617 liis
1433 1564 1595 1618 rebus
1631 1575 1829 1633 prmest
1859 1568 2165 1635 sequendo;
2196 1583 2283 1622 se-

702 1656 945 1709 cundum
980 1670 1144 1724 quam
1175 1669 1339 1709 nemo
1367 1669 1542 1724 genus
1573 1670 1602 1707 a
1646 1658 1921 1727 pi-incrpio
1955 1667 2142 1727 ponet,
2173 1661 2279 1715 uisi

703 1746 754 1799 id
785 1756 997 1800 tantum
1047 1753 1286 1800 tractare
1328 1746 1462 1799 vult.
1517 1744 1633 1800 Non
1687 1749 1833 1800 enim
1873 1748 2114 1819 triplices
2170 1749 2275 1802 hoc

703 1841 822 1893 loco
864 1838 1252 1909 generationes
1303 1846 1607 1909 supputare
1641 1854 1780 1906 opus
1808 1848 1931 1906 est;
1987 1840 2076 1895 hic
2126 1843 2273 1896 enim

700 1948 891 1995 parum
937 1932 1025 1986 sui
1070 1932 1247 2002 ipsius
1286 1948 1498 1987 memor
1535 1946 1844 1986 sermonem
1896 1934 2124 1988 minime
2154 1950 2280 2004 pro-

702 2033 975 2092 tongatuni
1008 2025 1075 2081 ad
1112 2025 1271 2079 linem
1310 2024 1609 2094 perducet;
1643 2036 1867 2093 septena
1906 2041 2033 2080 vero
2066 2026 2278 2096 perlec-

700 2119 776 2169 tin
811 2116 1022 2186 regium
1056 2116 1186 2171 illud
1215 2130 1391 2185 genus
1422 2124 1616 2181 ornat;
1643 2115 1803 2185 cujus
1829 2116 1873 2170 si
1907 2116 2147 2186 dignitas
2177 2132 2276 2187 pe-

701 2207 976 2261 riclitatur
1048 2208 1165 2276 ipsa
1230 2205 1470 2260 termino
1539 2205 2055 2269 circumscribitur;
2107 2207 2274 2262 verba

697 2310 879 2352 autem
910 2299 1182 2351 laudativa
1209 2298 1261 2350 in
1289 2297 1563 2351 inﬁnitum
1596 2296 1789 2361 ﬂuent,
1818 2310 1873 2352 et
1899 2301 2109 2353 utillqu
2135 2308 2280 2354 tent-

701 2393 849 2461 poris
884 2392 1128 2459 spatium
1160 2391 1303 2444 ultra
1347 2390 1402 2445 id
1433 2389 1579 2460 quod
1609 2392 1889 2461 praeﬁxum
1921 2391 2107 2457 fuerit,
2139 2392 2281 2464 adji-

703 2487 917 2549 eietur;
960 2485 1105 2540 in'er
1142 2484 1480 2554 loquendum
1520 2486 1666 2538 enim
1700 2486 1782 2539 vis
1812 2493 1865 2538 et
1897 2485 2120 2541 libertas
2142 2500 2281 2541 con-

706 2586 1030 2641 sumuntur,
1060 2576 1264 2648 quibus
1317 2575 1410 2645 qui
1459 2577 1672 2632 calamo
1717 2577 1932 2646 scribit,
1969 2593 2077 2634 non
2138 2595 2281 2652 opus

708 2671 893 2725 liabel.

774 3107 1050 3208 5.“|taque
1089 3109 1156 3163 iis
1188 3110 1281 3179 qui
1325 3120 1635 3208 Opportuna
1678 3112 2055 3168 moderamine
2100 3121 2273 3166 utun-
2311 3149 2356 3208 ο

2387 544 2553 607 εἶναι,
2577 547 2816 612 Sno-mo;
2850 554 2879 615 ἡ
2915 550 3098 618 χάρις,
3130 548 3217 601 διὰ
3246 550 3347 618 τὴν
3379 552 3437 602 ἐν
3462 549 3765 618 ὀφθαλμοῖς
3802 551 3973 604 αίδὼο

2388 641 2812 710 ἀπεληλυθότων
2848 641 2926 705 δὲ,
2961 642 3096 695 ἀλλὰ
3130 640 3251 694 τότε
3287 642 3347 695 τὸ
3382 640 3671 713 εὔγνωμον
3699 646 3785 708 είς
3818 645 3980 715 ἀκρι-

2386 734 2480 798 σές
2510 733 2890 803 διεκφαίνεται

2456 847 2520 900 δ’.
2555 844 2744 906 Οὕτως
2782 844 2875 896 οὖν
2921 842 3339 912 καθισταμένου
3370 842 3465 896 τοῦ
3498 842 3632 912 μηδέ
3660 843 3759 896 νῦν
3808 846 3977 913 σιγᾷν

2384 937 2606 1007 χρῆναι,
2632 936 2768 992 ἀλλά
2791 952 2841 988 τι
2873 936 3129 1005 λαλῆσαι,
3157 930 3232 988 ὧν
3260 935 3444 998 ἐθάδες
3465 929 3630 1006 ἦμεν,
3657 937 3849 1004 νόμοις
3876 939 3978 1005 μὲν

2384 1028 2762 1097 λογογραφίας
2784 1027 3016 1101 ἕπεσθαι
3045 1028 3125 1089 είς
3156 1027 3356 1079 λεπτὸν
3380 1028 3481 1080 οὐκ
3505 1028 3568 1080 ἂν
3596 1029 3730 1096 ἡμῖν
3750 1027 3976 1096 ἀνάγκη

2386 1120 2752 1181 ἐπικείσεται,
2790 1121 2843 1171 εἴ
2867 1138 2929 1187 γε
2962 1120 3054 1171 καὶ
3083 1120 3131 1169 οἱ
3161 1119 3253 1169 τοῦ
3290 1122 3415 1190 ρητι
3430 1120 3581 1187 ρικοῦ
3621 1123 3862 1190 πατέρες
3893 1122 3980 1169 ναῖ-

2388 1231 2491 1283 μου
2542 1211 2713 1265 πολλὰ
2767 1213 3137 1281 παραποιυῦντι
3172 1210 3280 1262 silv
3333 1212 3465 1280 παρ’
3497 1214 3681 1274 αὐτοῖς
3724 1214 3976 1281 Οεςμῶν,

2383 1305 2473 1358 ὅτε
2507 1303 2721 1375 καίριον
2750 1320 2763 1335 ·
2797 1303 3006 1356 ξκτοπα
3031 1305 3089 1356 δέ
3118 1302 3275 1365 αὖθις
3303 1304 3609 1366 πλάζεσθαι
3634 1309 3978 1372 γράφοντας,

2383 1401 2522 1455 ἀλλὰ
2553 1400 2716 1453 τοῦτο
2738 1400 3082 1468 παρανομεῖν
3112 1400 3169 1451 ἐν
3194 1400 3362 1471 τέχνῃ
3402 1399 3575 1465 λόγων
3605 1399 3771 1450 ἐστίν.
3823 1400 3982 1451 Ἐπι-

2384 1497 2608 1551 λεκτέον
2639 1494 2734 1549 οὖν
2759 1494 2820 1549 τό
2845 1512 2906 1547 τε
2960 1494 3191 1563 ἔννομον
3226 1496 3286 1546 ἐν
3316 1495 3641 1562 ἐγκωμίοις,
3684 1494 3778 1546 καὶ
3813 1493 3875 1543 τὸ
3919 1494 3981 1543 ἐν

2386 1586 2785 1656 περιστάσεσιν
2811 1583 3127 1655 εύμέθοδον,
3167 1584 3308 1637 κατὰ
3336 1582 3435 1653 τὴν
3467 1582 3981 1653 ἀρχιτεκτονοῦσαν

2382 1677 2489 1729 κὰν
2531 1676 2646 1738 τοῖς
2691 1674 2960 1736 τοιούτοις
3009 1673 3320 1742 δεινότητα,
3367 1672 3490 1724 καθ’
3536 1673 3608 1741 ἢν
3660 1673 3817 1739 γένος
3877 1674 3983 1741 μὶν

2383 1765 2622 1821 ἐνταῦθα
2650 1763 3137 1835 κεφαλαιώσασθαι
3184 1765 3361 1827 οὐδεὶς
3394 1764 3459 1818 ἂν
3488 1766 3636 1827 ὅστις
3688 1764 3986 1816 ἐπιϐαλεῖ-

2381 1876 2497 1923 ται,
2526 1857 2602 1929 μὴ
2629 1857 2790 1911 τοῦτο
2826 1858 2923 1910 καὶ
2951 1856 3114 1926 μόνον
3162 1855 3419 1924 ἐλόμενος
3455 1856 3617 1925 ἔργον
3651 1855 3845 1907 θέσθαι
3871 1872 3886 1884 ·
3923 1856 3983 1916 ὃς

2383 1969 2446 2020 γε
2477 1951 2590 2005 οὐδ’
2622 1949 2769 2004 οὓτω
2817 1949 3145 2003 κατευθυνεϊ
3175 1949 3276 2019 τὴν
3319 1946 3413 2001 τοῦ
3458 1947 3620 2011 λόγου
3662 1948 3826 2015 βολήν
3854 1949 3984 2000 ἐπί-

2384 2060 2585 2097 σκοπα.
2631 2043 2704 2094 υύ
2741 2042 2852 2110 γὰρ
2906 2040 3212 2109 τριγόνους,
3242 2041 3269 2092 ὃ
3299 2056 3455 2108 φασι,
3482 2040 3648 2107 γονὰς
3695 2042 3987 2108 μετρήσα-

2383 2134 2510 2189 σθαι
2534 2130 2821 2187 κάνταιῖθα
2856 2131 3028 2194 ἐστιν,
3066 2131 3124 2183 ἐν
3184 2125 3272 2193 αἷς
3302 2130 3696 2199 ἁπασχολήσας
3726 2148 3814 2193 τις
3851 2132 3973 2182 ἐαυν

2380 2226 2493 2290 τδν,
2529 2225 2592 2279 ού
2628 2224 2771 2277 πάνυ
2829 2223 3049 2294 μακρὰν
3087 2222 3299 2285 ἀνύσας
3340 2222 3643 2276 καταλύσει
3670 2222 3763 2274 τὸν
3818 2222 3983 2288 λόγον

2382 2322 2464 2385 εἰς
2495 2318 2821 2373 ἀνάπαυλαν
2848 2333 2862 2347 ο
2895 2316 3167 2387 ἐπταδικὴ
3198 2317 3255 2371 δὲ
3287 2316 3567 2384 τελειότης
3592 2315 3654 2369 τὸ
3686 2315 3983 2386 βασιλικὸν

2383 2411 2545 2466 τοῦτο
2567 2411 2724 2479 γένος
2758 2412 2978 2479 κοσμεῖ.
3009 2408 3126 2462 Κᾶν
3157 2409 3323 2480 δεήσῃ
3352 2411 3463 2471 τοτς
3496 2408 3619 2460 κατ’
3674 2407 3849 2478 αὐτὴν
3873 2409 3983 2461 ἐπ-

2383 2503 2623 2568 εξελθεῖν
2644 2501 3031 2571 σεμνώμασιν,
3053 2501 3196 2571 αὑτὴ
3220 2502 3319 2570 μὲν
3348 2501 3548 2571 πέρατι
3568 2500 3978 2570 περικλείεται·

2382 2597 2434 2650 οί
2478 2596 2536 2650 δὲ
2571 2596 2710 2666 πρὸς
2759 2595 2957 2665 τέχνην
3001 2594 3383 2664 ἐπαινετήριοι
3432 2593 3730 2662 ρυήσονται
3785 2593 3864 2654 ὡς
3899 2597 3987 2654 εἰς

2382 2691 2691 2758 ἀπέραντα,
2725 2688 2826 2742 καὶ
2855 2688 2960 2740 οὐκ
3008 2685 3522 2757 ἐπιμετρηθήσεταί
3569 2703 3621 2738 τι
3663 2685 3859 2754 χρόνου
3895 2686 3985 2754 τῷ

2384 2786 2532 2840 κατὰ
2583 2785 2811 2848 σκοπὸν,
2868 2782 3245 2850 ἁναλωθεισης
3276 2781 3375 2850 τῆς
3424 2792 3483 2834 εν
3530 2782 3609 2851 τῷ
3654 2780 3842 2847 λέγειν
3880 2783 3987 2832 καὶ

2387 2878 2569 2949 ίσχύος
2601 2877 2697 2929 καὶ
2740 2876 2930 2937 ἀδείας
2972 2876 3053 2938 είς
3103 2872 3175 2925 τὰ
3219 2872 3294 2942 μὴ
3327 2870 3435 2938 πρὸ
3480 2870 3647 2940 ἔργον
3697 2870 3780 2939 τῷ
3832 2871 3988 2937 γρᾶ-

2385 2988 2567 3042 φοντι.

2458 3101 2523 3159 ε’.
2569 3102 2778 3156 Ἐκεῖνο
2825 3101 3008 3154 τοίνυν
3045 3100 3195 3153 ἔστιν
3227 3101 3406 3153 εἰπεῖν
3437 3100 3554 3161 τοῖς
3601 3097 3838 3151 ἐνταῦθα
3879 3115 3988 3166 με·

705 3210 794 3253 tur
822 3201 1112 3255 dicendum
1141 3211 1224 3257 est
1254 3201 1399 3272 quod
1440 3203 1557 3257 viro
1610 3202 1831 3259 laudato
1877 3220 2111 3275 regnum
2170 3221 2279 3258 non

2393 3197 2718 3265 τρουμένοις
2770 3195 2833 3246 τδ
2893 3193 3146 3262 καίριον,
3200 3192 3275 3255 ὡς
3329 3191 3430 3244 οὐκ
3485 3190 3833 3260 ἀθεμελίωτα
3900 3188 3990 3255 τῷ

704 3296 821 3348 sine
859 3293 1217 3350 fundamento
1251 3304 1346 3349 aut
1389 3298 1509 3352 sine
1541 3296 1725 3351 radice
1742 3298 1961 3368 obtigit,
2006 3298 2283 3367 siquidem

707 3388 878 3442 tit-mis
917 3384 1315 3452 fundamentis,
1352 3403 1580 3442 avorum
1637 3390 1837 3460 gloria,
1882 3390 2186 3455 stabilitur,
2234 3399 2289 3445 et

710 3488 768 3532 ut
799 3479 1085 3533 radicibus
1136 3479 1334 3533 validis
1395 3480 1677 3535 virescens
1722 3481 2053 3550 germinavit
2100 3481 2285 3546 arbor,

708 3573 865 3640 cujus
902 3573 1095 3625 umbra
1125 3571 1343 3626 labores
1372 3586 1562 3627 eorum
1609 3574 1893 3628 consolata
1926 3581 2012 3627 est
2050 3574 2143 3643 qui
2198 3588 2289 3628 su-

709 3666 843 3716 dore
875 3662 1079 3735 madidi
1112 3673 1493 3727 aecurrerunt,
1535 3672 1591 3717 et
1641 3662 1798 3732 cujus
1845 3662 2060 3718 fructus
2093 3677 2289 3719 omnes

711 3756 997 3824 indigenas
1015 3755 1291 3809 aluerunt.
1325 3753 1433 3809 Res
1461 3755 1625 3825 igitur
1644 3753 1887 3823 jucunda
1909 3753 2124 3810 videtur
2144 3754 2290 3825 quod

713 3848 911 3916 aliquis
978 3846 1177 3916 dignus
1226 3846 1486 3901 inventus
1535 3846 1699 3901 fuerit
1750 3846 1841 3915 qui
1888 3848 2036 3917 regni
2095 3846 2291 3901 i'uuda-

714 3949 895 3992 menta
924 3938 1162 4005 jacuerit
1209 3945 1264 3992 et
1294 3940 1560 4006 temporis
1593 3937 1764 3991 felicis
1798 3940 2036 4006 posteris
2076 3938 2287 3992 semina

718 4030 1084 4083 tradideritet
1123 4043 1345 4084 corona:
1388 4028 1555 4098 regali
1603 4028 1820 4082 initium
1873 4029 2116 4098 posuerit
2170 4044 2293 4101 qua:

718 4133 901 4183 postea
928 4131 1004 4175 tot
1024 4122 1220 4191 dignos
1252 4122 1448 4174 merito
1475 4120 1691 4172 ornavit
1716 4128 1769 4174 et
1792 4135 1912 4190 quze
1939 4123 2170 4176 subinde
2193 4123 2293 4176 du-

720 4215 917 4285 plicem
976 4225 1226 4271 assecuta
1283 4223 1369 4271 est
1419 4215 1705 4279 honorem,
1767 4216 1944 4286 primo
1998 4217 2275 4285 propriam

723 4305 922 4359 deinde
947 4321 1108 4374 quem
1138 4305 1367 4358 historia
1390 4304 1815 4374 imperatoribus
1843 4304 2293 4359 antecessoribus

722 4397 999 4459 attribuit,
1026 4397 1281 4468 quamvis
1304 4394 1455 4465 prior
1476 4397 1650 4449 honor
1675 4396 1741 4451 ad
1770 4395 2111 4450 fundatorem
2139 4409 2296 4464 spec-

2394 3287 2722 3355 ὑμνουμένῳ
2760 3288 2828 3338 τὰ
2862 3285 2958 3337 τοῦ
2986 3285 3320 3355 βασιλεύειν,
3349 3283 3494 3346 ούδέ,
3518 3282 3591 3345 ὡς
3623 3276 3737 3335 οἷον
3772 3283 3992 3340 εἰπεῖν,

2390 3375 2631 3447 ᾶρῤιζα·
2687 3377 2939 3445 στερροῖς
2994 3376 3051 3428 δέ
3105 3376 3379 3444 θεμελίοις
3429 3373 3853 3443 ἐπῳκοδόμηται
3914 3372 3989 3439 τῇ

2392 3467 2931 3538 προῦποδεὸλημένῃ
2983 3467 3093 3520 τῶν
3121 3466 3405 3535 προγόνων
3455 3465 3697 3535 εὐκλείᾳ,
3750 3464 3870 3527 καὶ,
3911 3465 3993 3522 ὡς

2391 3557 2486 3610 ἐπί
2519 3558 2702 3626 ῥίζαις
2730 3557 3038 3621 τοιαύταις,
3063 3557 3233 3624 φυτὸν
3257 3553 3654 3607 εύθαλέστατον
3686 3552 3823 3605 αὑτὸ
3858 3553 3996 3604 ἀνέ-

2394 3648 2649 3713 6λαστεν,
2705 3642 2766 3703 οὗ
2812 3650 2908 3702 καὶ
2961 3647 3158 3719 ἡσκιὰ
3196 3648 3402 3709 κόπους
3456 3645 3691 3714 ἀνέψυχε
3750 3645 3872 3705 τοῖς
3928 3644 3995 3700 ἐκ

2393 3740 2661 3809 καμάτων
2694 3739 2810 3810 βίου
2846 3738 3178 3808 καυστηρῶν
3214 3736 3606 3810 ὑποτρεχουσι,
3650 3733 3747 3791 καὶ
3795 3741 3823 3790 ὁ
3855 3756 3999 3807 καρ-

2393 3832 2496 3896 πὸς
2556 3832 2808 3903 ἔτρεφεν,
2847 3831 3008 3894 ὅσους
3057 3831 3177 3902 βίον
3213 3829 3486 3897 ἐλάπαξεν
3520 3831 3719 3884 ἐνδεια.
3774 3829 3998 3897 Σεμνὸν

2397 3926 2498 3993 μὶν
2535 3924 2629 3978 οὖν
2663 3926 2757 3977 καὶ
2801 3922 2963 3978 αὐτόν
3013 3942 3135 3978 τινα
3168 3924 3435 3995 ἠξιῶσθαι
3484 3923 3662 3993 ἀρχὴν
3697 3920 3996 3990 βασιλείας

2395 4014 2574 4087 ἐαυτῷ
2597 4016 3139 4086 προκαταὸαλέσθαι,
3170 4015 3265 4067 καὶ
3289 4011 3562 4083 κατάρξαι
3591 4012 3668 4081 τῷ
3696 4012 3998 4064 είσέπειτα

2393 4111 2544 4179 γένει
2593 4108 2690 4162 τοῦ
2742 4108 2975 4178 ἀγαθοῦ,
3007 4110 3102 4161 καὶ
3132 4110 3197 4177 τῇ
3256 4106 3510 4176 βασιλικῇ
3560 4104 3776 4175 χρυσέᾳ⁵
3826 4104 4001 4172 σειρᾷ

2397 4202 2644 4256 ἐνδοῦναι
2687 4202 2865 4272 ἀρχήν
2889 4216 2903 4230 ·
2940 4200 3017 4270 τῷ
3049 4202 3215 4253 παντὶ
3256 4199 3313 4251 δὲ
3350 4200 3598 4267 κρεῖττον
3629 4199 3696 4250 ἐκ
3724 4196 4001 4264 διαδοχῆς

2395 4293 2788 4364 ἐπικεκρίσθαι
2841 4292 3162 4362 περιθέσθαι
3214 4291 3478 4360 διάδημα.
3516 4287 3690 4342 Τοῦτο
3746 4290 3853 4359 μὲν
3881 4296 4001 4363 γὰρ

2400 4386 2480 4448 είς
2507 4385 2731 4439 διπλοῦν
2754 4384 2883 4455 ἥκει
2915 4384 3164 4446 ἐπαίνου,
3189 4385 3251 4436 τό
3281 4400 3339 4435 τε
3364 4382 3487 4435 κατ’
3515 4384 3702 4443 αὐτὸν,
3737 4386 3837 4436 καὶ
3862 4386 4003 4439 ὅσον

724 4498 818 4543 tet.
852 4489 958 4543 Sed
989 4490 1082 4558 qui
1148 4488 1298 4556 regni
1333 4487 1684 4542 fundamenta
1731 4487 1905 4556 jacuit
1952 4501 2059 4541 non
2108 4493 2289 4540 tamen

2397 4478 2477 4541 είς
2517 4475 2762 4545 βασιλεῖς
2804 4474 3109 4544 προγόνους
3145 4473 3463 4542 ἀναπέμπει
3517 4473 3610 4527 τὸν
3653 4474 3957 4543 γράφοντα
3985 4492 4001 4505 ·

725 4597 823 4648 pro
857 4583 1042 4633 l‘utnro
1076 4587 1322 4646 tempore
1377 4577 1626 4631 ﬁduciam
1651 4577 1780 4641 dat;
1823 4577 1915 4646 qui
1947 4586 2131 4632 autem
2172 4576 2293 4631 iuu-

723 4674 968 4726 datorem
1006 4669 1261 4739 sequitur
1316 4668 1722 4723 successionem
1788 4667 1969 4722 lii-mat
2032 4669 2289 4738 proprias

724 4766 953 4818 virtutes
1002 4772 1411 4818 antecessorqu
1468 4761 1765 4817 virtutibus
1803 4760 2075 4815 addendo.
2120 4759 2297 4814 liabet

724 4859 869 4910 enim
908 4855 1155 4926 exempla
1190 4857 1255 4909 ad
1304 4854 1625 4910 ﬁrmandam
1666 4864 1923 4915 mentem,
1962 4851 2195 4922 zeioque
2228 4854 2294 4905 ad

731 4947 1093 5001 imitationem
1126 4946 1385 5003 incensus
1424 4944 1917 5016 praedecessoribus
1951 4943 2185 5000 inferior
2218 4943 2300 4999 vi-

731 5038 846 5092 deri
889 5053 1001 5093 non
1045 5037 1179 5093 vult.

819 5430 873 5487 ϐ.
906 5428 1045 5498 Quid
1071 5431 1215 5500 quod
1247 5431 1315 5485 de
1337 5445 1532 5503 genere
1562 5444 1757 5503 magna
1791 5444 1896 5486 non
1934 5440 2021 5486 est
2044 5444 2177 5485 cura
2212 5431 2309 5484 ha-

743 5522 941 5590 benda,
971 5520 1133 5592 cujus
1162 5524 1376 5593 generis
1398 5533 1550 5596 gesta
1578 5524 1800 5579 heroica
1830 5523 2050 5578 novisse
2078 5523 2201 5593 ejus
2224 5530 2312 5578 est

742 5615 846 5684 qui.
891 5622 1127 5670 mentem
1178 5615 1406 5670 scientia
1457 5629 1655 5670 ornare
1688 5615 1839 5679 vult;
1872 5621 1926 5669 et
1955 5629 2075 5684 quae
2115 5613 2310 5668 litteris

742 5708 852 5778 iam
880 5706 1084 5762 dudum
1121 5708 1248 5762 licet
1278 5707 1533 5764 brevibus
1561 5706 1741 5762 verbis
1775 5705 1973 5762 tradita
2002 5714 2154 5761 sunt.
2190 5703 2308 5759 Huc

751 5796 961 5854 accedit
996 5797 1137 5869 quod
1172 5797 1509 5855 educationis
1542 5812 1788 5855 normam
1823 5812 1886 5854 ac
1917 5796 2129 5866 regulas
2155 5796 2307 5865 sequi

2405 4571 2579 4622 ἐκεῖνο
2612 4568 2669 4620 δέ
2701 4568 2779 4631 είς
2820 4567 2916 4621 ινα
2944 4566 3287 4637 περιέγραψε
3321 4569 3381 4617 τὸ
3410 4564 3599 4628 καλὸν,
3632 4566 3727 4617 τὸν
3777 4570 4007 4634 κατάρ-

2405 4661 2593 4726 ξαντα.
2647 4660 2759 4713 Καὶ
2797 4658 2879 4712 ἐτι
2908 4660 2936 4711 ὁ
2974 4659 3075 4729 μὲν
3110 4658 3289 4727 ἀρχὴν
3324 4655 3615 4725 βασιλικὴν
3663 4656 4010 4727 {imm-neci.

2408 4769 2568 4822 μενος
2610 4752 2673 4805 ού
2712 4751 2857 4805 πάνυ
2894 4749 3079 4803 δίδωσι
3111 4747 3336 4819 θαρρεῖν
3382 4747 3451 4799 τὰ
3491 4747 3780 4800 εἰσέπειτα
3808 4765 3822 4777 ·
3864 4752 3898 4802 ὁ
3948 4750 4009 4803 δὲ

2405 4847 2517 4909 τοῖς
2546 4843 2777 4915 ἄρξασιν
2826 4843 3238 4912 ἐπιγενόμενος,
3279 4838 3577 4892 καὶταῦτα
3617 4839 3951 4909 τηλικοῦτοι
3992 4883 4008 4898 .

2406 4936 2766 5005 ἐγγυωμένηι·
2812 4933 2971 5003 αὐχεῖ
3002 4933 3102 5002 τὴν
3130 4929 3384 4999 διαδοχὴν
3421 4928 3650 4996 ἀγαθοῖς
3692 4932 3812 4991 τοῖς
3857 4932 4013 4998 eos.

2410 5045 2535 5082 σασι
2564 5025 2981 5095 προσεπιθεῐναι
3012 5024 3080 5078 τὰ
3107 5023 3343 5077 οἴκοθεν.
3376 5021 3533 5091 Ἔχει
3561 5020 3691 5091 γὰρ,
3727 5022 3857 5074 ὅποι
3890 5039 4012 5075 πα-

2414 5119 2779 5189 ραδείγματος
2834 5114 3119 5183 ἰθαγενοῦς
3169 5116 3262 5169 τὸν
3308 5113 3434 5167 νοῦν
3465 5113 3825 5183 ἀπερείσεται
3851 5130 3869 5146 ο
3910 5116 4015 5167 καὶ

2413 5211 2563 5283 ζήλῳ
2614 5210 3037 5280 διαθερμανθεὶς
3086 5207 3223 5277 πρὸς
3260 5206 3517 5275 μίμησιν,
3573 5206 3633 5256 ού
3684 5206 3850 5275 φέρει
3886 5210 4015 5269 τοῖς

2413 5304 2701 5376 προγόνοις
2730 5302 2949 5371 ἁῳιέναι
2975 5302 3284 5371 πρωτεύειν
3313 5299 3374 5353 ἐν
3416 5298 3663 5367 ἀγαθοῖς.

2486 5418 2561 5484 ς’.
2597 5419 2662 5472 Τί
2696 5418 2796 5485 δὲ;
2839 5417 3004 5480 Γὲνος
3047 5416 3146 5485 μὶν
3190 5416 3255 5470 ού
3302 5412 3880 5484 πολυπραγμονητέον
3926 5416 3994 5465 ἐν

2414 5513 2611 5578 ταῦθα,
2653 5505 2825 5582 οὗπερ
2869 5512 2898 5564 ὁ
2927 5507 3229 5575 κατάλογος
3259 5506 3401 5574 ὑπὲρ
3448 5505 3516 5558 τὰ
3545 5505 3790 5574 ἡρωῖκα,
3827 5497 3916 5557 ὧν
3944 5510 4019 5559 τὰ

2421 5605 2594 5675 σεμνὰ
2645 5602 2759 5656 ἐστι
2805 5602 3092 5656 κατανοεῖν
3142 5598 3221 5668 τῷ
3254 5597 3544 5668 μαθήσεως
3591 5596 3651 5647 εὖ
3691 5597 3924 5665 ἥκοντι,
3956 5599 4019 5660 ἐς

2420 5697 2543 5749 ὅσον
2581 5696 2920 5766 βραχύτητος
2951 5692 3429 5763 περιγέγραπταιο
3460 5686 3667 5758 τροφῆς
3695 5686 3759 5739 δέ
3797 5691 4021 5742 κενέ-δι

2421 5790 2832 5861 διαχειριστέον,
2875 5788 2931 5851 ὃς
2963 5787 3027 5857 δὴ
3070 5785 3143 5855 τῷ
3182 5785 3329 5852 γένει
3368 5772 3857 5849 συναναςαίνεται.
3902 5781 4019 5833 Καὶ
