4212 6440
723 401 832 465 983

1431 400 1863 465 EUSTATHII
1900 394 2667 463 TllESSALONlCENSlS
2694 368 3268 453 usrnomum

3868 383 3983 445 984

729 534 840 576 una
896 518 963 574 ad
1009 517 1142 572 solis
1189 516 1359 570 instar
1413 532 1480 572 es
1527 516 1743 571 oriente
1777 516 1974 577 oritur,
2016 512 2117 567 etsi
2152 528 2295 564 nunc
2325 518 2370 575 Α

2325 518 2370 575 Α
2401 509 2492 561 καὶ
2524 508 2593 561 τὰ
2621 507 2728 575 πρὸ
2753 503 3054 574 ὀφθαλμῶν
3076 503 3261 570 ἀγαθὰ
3288 502 3344 553 al
3368 499 3466 552 σὺι
3490 498 3610 567 θεῷ
3638 496 3979 566 βασίλισσαι,

721 612 946 682 quidem
980 609 1125 664 nube
1176 609 1531 685 obscuratur,
1581 610 1628 664 si
1679 607 1853 663 nubes
1899 606 2111 676 nigrum
2162 604 2296 657 illud

724 704 837 760 dici
870 710 1068 773 potest.
1113 704 1167 757 in
1197 716 1309 772 quo
1332 701 1563 770 iustitia:
1592 701 1699 766 sol,
1731 699 1872 756 Deus
1913 699 2121 755 clarius
2160 712 2298 753 cuu-

727 800 994 868 spicitur;
1047 778 1378 851 altera-vera
1425 810 1635 852 oceano
1669 792 1999 851 occidentali
2043 792 2298 848 immersa

730 892 870 948 lucis
897 890 1242 961 splendorem
1280 887 1458 945 afert.

804 1218 893 1273 ΓΙ.
928 1216 1038 1272 Sed
1092 1215 1210 1270 hac
1258 1215 1545 1274 hactenus,
1591 1225 1660 1265 ne
1715 1210 2017 1264 rhetorices
2064 1221 2305 1263 oceanus

729 1326 1027 1381 erumpens
1046 1310 1283 1363 faustam
1318 1312 1535 1375 rumpat
1561 1303 1990 1372 navigationem.
2026 1298 2095 1356 Ut
2120 1313 2300 1356 autem

732 1405 920 1457 hostes
996 1401 1228 1455 invicem
1290 1395 1573 1465 congressi
1634 1397 1747 1449 sint
1816 1408 2015 1461 resque
2085 1403 2305 1447 nostras

734 1493 1072 1547 turbaverint
1112 1498 1168 1546 et
1221 1502 1410 1555 pacem
1442 1487 1600 1542 nobis
1639 1485 2056 1555 intpertiverint,
2119 1484 2207 1537 illa
2250 1483 2303 1536 in

729 1600 895 1639 rausa
957 1583 1094 1646 fuit;
1148 1581 1274 1651 quis
1328 1580 1496 1650 igitttr
1575 1578 1749 1645 magis
1807 1577 2125 1631 timendus?
2172 1575 2304 1629 Illud

732 1691 894 1746 porro
922 1672 1215 1730 artiﬁcium
1246 1670 1597 1742 strategicum
1646 1665 1998 1736 excogitavit,
2055 1665 2143 1719 cui
2177 1666 2309 1718 obe—

728 1771 942 1824 dientes
1008 1770 1127 1823 sine
1181 1764 1462 1833 sanguinis
1492 1761 1760 1816 eﬂ'usione
1816 1759 2051 1812 maxima
2097 1766 2302 1827 tropaea

2400 601 2476 660 ὧν
2503 605 2538 673 η
2575 603 2677 671 μὲν
2702 596 2793 654 οἷα
2826 600 2924 653 καὶ
2952 596 3107 668 ἣλιος
3140 594 3201 661 ἐξ
3227 593 3371 664 ἐῴας
3401 590 3622 660 ἔφανεν,
3658 590 3708 641 εί
3754 589 3852 641 καὶ
3883 585 3981 638 νῧι

2402 694 2510 748 ύπδ
2537 693 2692 761 νέφει
2723 691 3031 754 σκιάζεται,
3061 688 3117 741 εῖ
3139 701 3194 739 τι
3232 684 3329 738 καὶ
3362 683 3525 751 νέφος
3554 683 3730 733 εἰπεῖν
3764 678 3986 749 θαρρη-

2401 785 2522 840 τέον
2543 784 2605 838 τδ
2626 783 2871 836 τοιοῦτον
2896 781 3088 851 μέλαν,
3105 780 3164 833 ἐν
3191 773 3236 845 ᾧ
3265 775 3565 847 φανότερον
3592 772 3621 823 ό
3646 770 3744 840 τῆς
3764 768 3795 821 δ
3822 786 3982 821 καιο-

2405 879 2572 947 σύνης
2603 877 2755 948 ἣλιος
2786 854 2926 937 Θεὸς
2949 870 3334 927 διοπτεύεταιο
3361 868 3396 936 ἡ
3439 866 3497 919 δέ
3524 863 3598 927 ὡς
3643 861 3841 930 ἆγχοθί
3886 878 3983 913 που

2403 969 2725 1040 λελουμένος
2773 965 3020 1020 ὠκεανοῦ
3051 961 3311 1032 ἐσπερίον
3361 959 3458 1014 καὶ
3505 956 3645 1025 αὑτὴ
3691 954 3986 1024 φωσφόρος

2405 1062 2741 1134 ἐπηύγασεν.

2478 1219 2567 1284 ιζ’.
2606 1215 2771 1273 Ἀλλὰ
2820 1213 2981 1269 τοῦτο
3019 1211 3122 1281 μέν
3161 1210 3221 1273 ἐς
3254 1202 3534 1268 τοσοῦτον,
3568 1200 3644 1271 μὴ
3673 1197 3770 1253 καὶ
3800 1195 3985 1248 ὠκεαο

2405 1313 2495 1376 νὸς
2526 1308 2768 1364 ἐνταῦθά
2796 1324 2889 1377 μοι
2926 1301 3217 1376 ῥητορείας
3246 1296 3583 1370 ἀναρραγεὶς
3612 1288 3871 1359 ἀνακόψῃ
3892 1286 3987 1337 τοῦ

2406 1399 2756 1456 εύθυπλοεῖν.
2790 1395 3138 1466 Συγκροῦσαι
3172 1390 3231 1443 δέ
3259 1386 3557 1456 πολεμίους
3590 1381 3871 1451 ἀλλήλοις,
3894 1379 3991 1431 καὶ

2406 1494 2555 1563 ἡμᾶς
2590 1492 2649 1544 ἐν
2688 1488 2952 1558 ἁταράχῳ
2997 1486 3092 1538 καὶ
3138 1482 3284 1534 οὔτω
3320 1477 3688 1546 καταστῆσαι,
3719 1470 3908 1525 καὶτὸ
3933 1472 3989 1521 ἐν

2406 1562 2602 1651 εἰρήνῃ
2630 1579 2893 1647 γαλήνιον
2925 1569 3412 1643 καταπράξασθαι,
3438 1567 3521 1630 τίς
3550 1567 3660 1635 ἄρα
3682 1562 3810 1616 κατ’
3839 1562 3990 1613 ἐκεῖ·

2407 1689 2497 1727 νον
2524 1670 2870 1733 δεινότατος;
2896 1664 3137 1719 Μεθοδον
3171 1662 3281 1731 γὰρ
3320 1660 3418 1713 καὶ
3446 1657 3656 1724 ταύτην
3684 1668 3992 1724 στρατηγία

2409 1763 2512 1835 κὴν
2544 1762 2788 1832 ἐτέχνου,
2812 1758 2873 1814 τὸ
2901 1758 3003 1828 μέν
3036 1756 3280 1826 ὑπήκοον
3320 1751 3613 1822 φυλάττειν
3644 1746 3993 1814 ἀναίμακτον

730 1864 950 1928 erexit,
1014 1862 1202 1914 hostes
1258 1857 1361 1912 sibi
1411 1855 1547 1925 ipsis
1591 1852 1937 1908 adversarios
1999 1865 2172 1920 usque
2236 1849 2302 1902 ad
2337 1875 2379 1929 Β

2337 1875 2379 1929 Β
2409 1856 2504 1908 ἐπὶ
2542 1853 2836 1925 μεγίσταις
2857 1848 3140 1920 τροπαίων
3181 1844 3538 1908 ἁναστέισεσι,
3568 1836 3994 1910 προσαράσσειν

739 1951 1167 2022 belligerandum
1226 1948 1485 2012 reddidit,
1548 1960 1659 2017 quo
1709 1944 1909 2000 factum
1975 1951 2060 1997 est
2122 1950 2301 1996 utres

740 2055 942 2101 nostra
968 2042 1333 2117 ampliﬁcatae,
1390 2040 1609 2094 illorum
1655 2037 2093 2100 minorarentur,
2137 2045 2305 2103 utque

739 2137 881 2190 Mars
902 2135 1015 2205 jam
1046 2149 1153 2187 non
1184 2132 1496 2187 communis
1525 2134 1692 2185 esset’
1723 2143 1825 2185 nec
1877 2128 2172 2182 alterutros
2201 2141 2304 2181 nos

735 2210 969 2295 illosque
999 2224 1329 2287 destrueret,
1366 2222 1499 2275 solis
1531 2230 1715 2275 autem
1751 2220 2002 2274 hostibus
2029 2218 2305 2288 pernicis

743 2320 1078 2372 illaberetur.
1111 2314 1203 2369 Sic
1236 2315 1525 2369 Dersarum
1558 2312 1611 2367 in
1645 2311 1841 2367 Persas
1865 2312 2069 2367 bellum
2099 2327 2127 2363 a
2162 2310 2305 2381 regi-

744 2412 845 2467 bus
867 2410 1261 2471 instruebatur.
1293 2416 1347 2463 et
1378 2422 1478 2462 nos
1504 2416 1733 2461 stamus.
1760 2405 1853 2461 Sic
1908 2405 2090 2459 multae
2118 2419 2184 2458 ex
2215 2418 2307 2458 oc—

741 2502 1111 2559 cidentalibus
1136 2503 1391 2572 gentibus
1421 2500 1747 2568 arrogantia:
1774 2499 1968 2563 morbo
1992 2499 2306 2553 laborantes

746 2603 1031 2663 postquam
1070 2592 1439 2660 resipuerant,
1471 2598 1679 2645 sanata:
1728 2596 1874 2643 sunt.
1930 2587 2020 2643 Sic
2073 2586 2305 2656 p0pulus

748 2686 1026 2739 Romanus
1049 2683 1333 2753 obstupuit
1364 2682 1457 2750 qui
1499 2690 1689 2735 contra
1726 2694 1876 2748 spem
1915 2679 2162 2733 omnium
2186 2676 2306 2730 bel-

740 2775 1005 2845 ligerandi
1040 2774 1225 2830 furore
1255 2782 1478 2827 sanatus
1508 2774 1619 2826 'est.
1644 2770 1820 2825 Draco
1847 2779 2024 2824 autem
2051 2766 2307 2822 insularis

738 2873 829 2941 qui
884 2885 1050 2940 super
1074 2877 1315 2923 crateres
1353 2864 1602 2923 Etuaos
1634 2866 1818 2935 ignem
1858 2862 2073 2918 ferociae
2107 2875 2304 2916 accen-

740 2967 871 3020 dere
892 2961 1127 3027 volebat,
1164 2961 1217 3014 in
1246 2960 1453 3029 impetu
1481 2971 1582 3012 suo
1612 2956 1681 3011 ab
1705 2954 1933 3011 ensibus
1962 2952 2309 3024 imperatoris

743 3072 850 3110 non
874 3068 1067 3124 parum
1094 3051 1391 3121 impeditus
1421 3057 1527 3114 est,
1560 3049 1882 3118 plerumque
1904 3060 2029 3100 cum
2056 3043 2307 3099 hostibus

739 3150 1057 3205 domesticis
1108 3161 1462 3216 congressus,
1545 3159 1685 3214 quos
1741 3140 2087 3214 imperatoris
2162 3148 2308 3193 artes

2408 1946 2467 1999 δέ
2500 1946 2628 2008 τοὺς
2661 1942 2959 2013 πολεμίους
2988 1940 3227 2003 ἐαυτοῖς,
3261 1938 3355 1989 καὶ
3381 1929 3725 2002 ἐκπολεμοῦν
3754 1930 3871 1991 τοῖς
3894 1925 3994 1980 ἁλ-

2406 2036 2664 2106 λοφύλοις
2695 2035 2756 2088 τὸ
2784 2032 2969 2101 σφίσιν
3000 2030 3186 2092 αὐτοῖς
3231 2026 3523 2097 ὁμόφυλον,
3548 2023 3625 2087 ὡς
3680 2022 3779 2075 καὶ
3804 2017 3997 2073 ἐντεῦ-

2407 2126 2500 2179 θεν
2532 2123 2796 2189 αὔξεσθαι
2831 2122 2930 2192 μέν
2955 2121 3024 2174 τὰ
3054 2120 3323 2189 ἡμέτερα,
3358 2112 3797 2187 μειονεκτεῖσθαι
3825 2110 3883 2163 δέ
3930 2111 3996 2162 τὸ

2406 2216 2693 2286 πολέμιον,
2748 2214 2844 2267 καὶ
2901 2212 2994 2267 τὸν
3036 2209 3317 2265 Ἐνυάλιον
3357 2207 3559 2279 μηκέτι
3613 2203 3771 2269 ξυνὸν
3823 2196 3994 2264 εἶναι,

2411 2308 2534 2378 μηδ’
2565 2308 2770 2376 ἀμφοῖν
2792 2307 2909 2358 τοῖν
2933 2302 3123 2372 μεροῖν
3160 2300 3486 2371 φθισήνορα,
3510 2299 3641 2367 ἡμῖν
3667 2313 3729 2348 τε
3752 2296 3853 2348 καὶ
3878 2298 3997 2358 τοῖς

2408 2400 2523 2455 ὅσοι
2551 2398 2782 2471 ἐξῄεσαν
2811 2396 2894 2460 είς
2920 2393 3236 2458 ἀντίπαλον,
3268 2393 3451 2462 μόνοις
3479 2390 3535 2442 δὲ
3564 2390 3676 2451 τοῖς
3709 2386 4000 2455 πολεμίοις

2409 2489 2856 2561 ἀπονενεμῆσθαι
2889 2484 2981 2541 τὸν
3010 2484 3379 2556 βροτολοιγόν.
3414 2480 3817 2545 Οὔτυῌέρσαι
3853 2478 4003 2547 Πέρ-

2410 2602 2535 2649 σαις
2569 2583 2860 2652 ἀντίμαχοι
2900 2578 3147 2651 μεθόδοις
3183 2575 3493 2646 βασιλικαῖς
3515 2590 3529 2604 ·
3573 2573 3671 2625 καὶ
3719 2573 3887 2641 ἡμεῖς
3914 2573 4000 2623 εἰ·

2411 2679 2635 2746 ρηναῖον
2670 2673 3084 2741 ἐπαιανίζομεν.
3116 2668 3274 2723 Οὕτω
3303 2668 3508 2721 Σκύθαι
3536 2666 3753 2729 Σκύθας
3780 2668 3862 2728 εἰς
3889 2665 4005 2733 γῆν

2408 2765 2852 2835 κατεστρώννυον
2876 2778 2894 2794 ·
2924 2764 3020 2814 καὶ
3073 2762 3238 2831 ἡμεῖς
3274 2758 3467 2829 δρθιοι.
3494 2757 3653 2811 Οὕτω
3683 2755 3859 2808 πολλὰ
3884 2757 4003 2806 τῶν

2411 2857 2688 2928 ἐσπερίων
2722 2857 2917 2918 ἐθνῶν,
2963 2851 3280 2915 πλεονεξίαν
3328 2849 3683 2918 νενοσηκότα,
3736 2846 4007 2914 ύγιοῦ·.το

2414 2948 2867 3019 σωφρονιζόμενα
2892 2962 2909 2979 ο
2939 2945 3034 2998 καὶ
3058 2944 3119 2996 τδ
3159 2941 3469 3012 Ῥωμαϊκὸν
3502 2938 3884 3009 ἐξεθαμσεῖτο,
3912 2938 4005 3006 ἐφ’

2410 3036 2513 3104 οἷς,
2542 3040 2617 3104 ὡς
2643 3040 2744 3093 ούκ
2776 3038 2843 3093 ἂν
2878 3036 3119 3091 αῖσθοιτό
3148 3052 3253 3100 τις,
3280 3034 3341 3086 τὸ
3365 3036 3431 3104 τῇ
3466 3032 3775 3102 όπλομανίᾳ
3800 3031 4004 3100 ἐπίληι

2412 3146 2547 3183 πτον
2590 3128 2988 3195 τεθεράπευτο.
3018 3126 3249 3196 Δράκων
3279 3124 3337 3176 δέ
3371 3124 3400 3175 ό
3429 3122 3777 3193 νησιωτικὸς,
3807 3121 3864 3185 ὃς
3901 3126 4006 3176 καὶ

743 3243 1177 3307 eoncitaverant,
1221 3213 1378 3310 quasi
1432 3213 1725 3308 bipennem
1774 3213 2095 3307 sapientiam
2155 3247 2308 3288 suam
2339 3224 2383 3285 C

2343 3224 2383 3285 Β
2416 3222 2560 3293 ὑπὲρ
2616 3221 2901 3292 κρατῆρας
2938 3217 3221 3279 Αίτναίονς
3247 3215 3311 3268 τὸ
3338 3214 3435 3269 τοῦ
3472 3213 3648 3285 θυμοῦ
3686 3214 3799 3285 πῦρ
3826 3218 4006 3284 ἐκφυ-

750 3354 965 3400 t-tmnus
988 3338 1304 3410 iaculantis.

821 3826 907 3880 £8.
941 3812 1126 3894 Regia:
1151 3820 1315 3875 etiam
1335 3814 1643 3889 prudentia:
1668 3823 1789 3868 erat
1840 3825 1945 3864 non
1990 3809 2160 3863 solum
2199 3809 2310 3861 sal-

753 3934 879 3973 vare
906 3917 1054 3972 dicto
1083 3914 1392 3979 audientes,
1419 3909 1515 3965 sed
1546 3907 1711 3963 etiam
1742 3912 2006 3974 quantum
2042 3901 2152 3955 fieri
2186 3915 2312 3967 pos-

751 4022 834 4068 set
887 4008 1207 4064 eorumdcnt
1254 4021 1344 4060 res
1390 4016 1624 4072 augere;
1680 4010 1875 4066 estque
1934 3994 2065 4049 illud
2118 3993 2308 4047 ιςιινηιί

748 4100 1047 4173 evangelici
1104 4100 1510 4155 incrementum
1538 4107 1647 4145 non
1677 4090 1858 4143 minus
1883 4102 2045 4153 quam
2084 4083 2311 4137 haeredi-

746 4196 873 4249 tatis
897 4193 1096 4248 divinae
1127 4189 1406 4244 adauctio.
1450 4183 1591 4239 Illud
1635 4196 1789 4252 ergo,
1830 4180 1876 4235 si
1908 4179 2035 4250 quis
2069 4178 2210 4231 alius
2243 4192 2310 4230 ex

750 4289 817 4343 iis
841 4287 936 4355 qui
971 4284 1128 4353 prius
1153 4285 1477 4349 regnarunt,
1503 4282 1692 4329 noster
1743 4272 2051 4344 praesertim
2083 4268 2313 4338 perfecit

752 4382 894 4434 bona
944 4372 1378 4445 multiplicando.
1412 4368 1641 4423 Diﬂicile
1686 4370 1829 4421 enim
1881 4365 2045 4419 fuerit
2067 4372 2309 4417 exierant

747 4473 985 4539 linguam
1024 4468 1193 4522 citare
1237 4478 1402 4534 quam
1450 4476 1557 4514 non
1603 4460 1671 4514 ad
1713 4467 1916 4513 nostrze
1966 4456 2309 4512 commodum

2415 3316 2512 3386 σᾷν
2535 3313 2722 3383 ἡθελε,
2762 3309 2935 3364 πολλὰ
2969 3308 3070 3378 μέν
3105 3305 3201 3360 τοῦ
3232 3306 3353 3360 κατ’
3378 3306 3540 3360 αὐτὸν
3569 3304 3728 3359 όλκοῦ
3762 3308 3859 3359 καὶ
3895 3308 4004 3377 βας

2415 3404 2640 3466 σιλικοῖς
2689 3398 2987 3468 ἐκολούσθη
3022 3398 3199 3468 ξίφεσι
3266 3396 3338 3450 τὰ
3384 3396 3557 3449 πλείω
3589 3396 3643 3449 δὲ
3685 3397 4005 3455 οίκειακοίς

2413 3496 2626 3566 ἐχθροῖς
2673 3492 3130 3564 συγκρουόμενος,
3175 3488 3269 3552 οὓς
3332 3490 3389 3542 al
3435 3490 3531 3541 τοῦ
3580 3488 4004 3558 αὐτοκράτορες

2415 3588 2632 3657 μέθοδοι
2667 3586 2997 3649 ἐπανίστων,
3027 3582 3350 3651 διχαστικὴν
3374 3580 3535 3634 ὁποῖὰ
3560 3598 3682 3634 τινα
3710 3582 4008 3654 μάχαιραν

2414 3678 2512 3748 τὴν
2544 3677 2742 3730 ἑαυτοῦ
2780 3675 3076 3744 τομώτατα
3109 3673 3303 3741 σοφίαν
3335 3671 3643 3742 βάλλοντος.

2482 3836 2578 3901 ιη’.
2606 3829 2962 3900 Προμηθείας
3020 3827 3077 3880 δέ
3129 3824 3199 3898 ἧν
3246 3829 3355 3899 ἄρα
3385 3826 3675 3897 βασιλικῆς
3711 3826 3791 3896 μὴ
3830 3829 4008 3897 μόνον

2414 3920 2819 3992 περισώζεσθαι
2857 3921 2983 3984 τοὺς
3013 3919 3413 3985 ὑπακούοντας,
3447 3919 3582 3973 ἀλλὰ
3618 3921 3716 3972 καὶ
3742 3936 4004 3989 προσεπ-

2412 4012 2600 4077 αύξειν
2621 4012 2841 4075 αὐτοὺς,
2873 4012 2951 4074 είς
2974 4010 3102 4064 δσον
3131 4010 3285 4079 χώρα
3308 4010 3541 4077 γίνεται.
3570 4011 3682 4062 Καὶ
3726 4010 3848 4064 εστι
3899 4016 4004 4065 sui

2411 4105 2574 4156 τοῦτο
2601 4104 2870 4156 ταλάντου
2894 4101 3257 4170 εὐαγγελικοῦ
3285 4102 3757 4172 προσεπαύξησις,
3788 4103 3873 4154 ὅτι
3902 4109 4002 4154 καὶ

2415 4192 2783 4263 κληρονομίας
2830 4191 2981 4255 θείας
3018 4191 3331 4262 πρόσθεσις.
3405 4190 3578 4243 Τοῦτο
3615 4191 3767 4258 γοῦν,
3827 4194 4004 4262 εἰπερ

2414 4285 2602 4354 ἐτερός
2638 4300 2722 4347 τις
2748 4284 2858 4336 τῶν
2888 4282 3154 4336 ἀνέκαθεν
3207 4282 3404 4351 χρόνου
3438 4282 3943 4352 βεϐασιλευκότων,
3976 4288 4003 4336 ό

2412 4375 2508 4428 νῦν
2534 4374 2929 4443 ἐπαινούμενος
2976 4372 3313 4433 ἐκτετέλεκε,
3346 4370 3630 4439 πληθύνων
3659 4373 3720 4422 τὺ
3752 4374 3998 4439 ἀγαθόν,

2414 4466 2525 4519 Καὶ
2553 4467 2653 4517 οὐκ
2679 4464 2796 4517 ἐστι
2819 4465 3069 4531 γλῶτταν
3094 4465 3267 4515 εἰπεῖν
3289 4462 3499 4523 ἐθνονς,
3525 4463 3591 4531 ἢν
3616 4463 3679 4514 ού
3712 4466 3999 4533 παριμιξε

748 4562 1022 4626 verterit;
1083 4574 1205 4613 nam
1264 4556 1354 4610 alii
1412 4554 1633 4624 quidem
1695 4551 1924 4605 colonia:
1977 4550 2198 4604 nomine
2240 4546 2308 4602 ad
2340 4565 2387 4623 ο

2340 4565 2387 4623 ο
2412 4560 2480 4628 τῇ
2503 4555 2627 4609 καθ’
2656 4556 2807 4625 ἡμᾶς
2835 4556 2916 4617 είς
2948 4556 3242 4624 χρήσιμον.
3276 4554 3339 4606 Ol
3372 4551 3473 4623 μέν
3514 4552 3625 4621 γὰρ
3657 4552 3731 4614 ὡς
3753 4557 3813 4606 ἐν
3841 4554 4000 4625 λόγῳ

747 4671 847 4709 nus
908 4650 1062 4708 missi
1124 4648 1229 4705 sibi
1277 4648 1514 4717 quietem
1567 4645 1926 4708 invenerunt;
1983 4642 2073 4696 alii
2129 4652 2307 4694 autem

745 4748 891 4799 dona
934 4750 1320 4813 exspectantes
1397 4753 1519 4809 qua
1565 4737 1913 4808 imperatoris
1978 4734 2311 4803 largiebatur

745 4836 1142 4898 munificentia,
1184 4834 1339 4887 sinus
1398 4831 1623 4886 ditantis
1659 4829 1953 4897 participes
2003 4826 2131 4879 facti
2159 4833 2309 4887 sunt,

748 4931 1038 4998 primatum
1080 4924 1390 4978 mercedem
1427 4930 1796 4992 reportantes.
1826 4918 1983 4985 Quod
2015 4925 2196 4970 autem
2229 4915 2313 4970 di-

746 5023 997 5074 vitiarum
1054 5018 1317 5072 ﬂuentum
1371 5015 1505 5084 ipsis
1579 5013 1918 5075 abundabat,
1969 5007 2310 5064 domicilium

746 5113 987 5165 alienum
1026 5109 1258 5180 patriam
1313 5106 1582 5162 facientes
1612 5114 1667 5158 et
1710 5102 1943 5173 patriam
1980 5102 2313 5156 aestimantes

746 5216 961 5255 omnem
1009 5201 1062 5254 in
1093 5213 1199 5271 qua
1235 5197 1371 5268 ipsis
1420 5196 1561 5251 bene
1586 5204 1725 5249 erat.
1782 5193 2023 5263 Antiqua
2084 5191 2312 5245 historia

750 5306 1031 5347 servorum
1069 5289 1261 5343 urbem
1292 5289 1585 5356 quamdam
1618 5292 1924 5347 memorat;
1962 5282 2147 5352 ibique
2196 5280 2313 5335 feli-

744 5385 881 5437 citer
902 5383 954 5437 id
985 5380 1229 5450 contigit.
1265 5378 1526 5432 Homines
1555 5377 1697 5430 enim
1720 5390 1859 5445 quos
1890 5381 2084 5427 natura
2114 5373 2313 5427 libera-

751 5476 876 5530 liter
906 5474 1092 5529 vivere
1125 5471 1296 5525 voluit
1324 5469 1619 5538 nervisque
1652 5466 1824 5521 ﬁrmis
1863 5466 2088 5520 donavit
2121 5474 2175 5518 et
2199 5463 2313 5519 for-

750 5567 985 5622 titudine
1028 5565 1178 5620 omni
1213 5562 1488 5624 induravit
1512 5576 1531 5626 ;
1556 5561 1677 5614 vitae
1714 5569 1895 5613 autem
1930 5556 2314 5612 vicissitudine

749 5661 802 5710 in
843 5659 1166 5712 servitutem
1216 5652 1427 5709 redacti
1478 5652 1533 5706 in
1591 5651 1780 5704 urbem
1832 5648 2179 5704 Constantini
2228 5648 2310 5700 in-

749 5753 1022 5802 duxerunt
1069 5749 1414 5817 {frequentes
1455 5743 1598 5798 enim
1652 5741 1741 5795 illa
1779 5740 2023 5810 hospites
2083 5740 2312 5809 exeipit,

753 5843 1061 5912 multosque
1091 5848 1431 5908 perturmns,
1456 5836 1709 5892 cohortes
1745 5842 1794 5887 et
1823 5836 1968 5888 acies
2002 5833 2311 5902 constituit)

2416 4648 2695 4717 μετοικίας
2720 4647 2821 4717 τὴν
2849 4648 2927 4709 εἰς
2955 4649 3103 4716 ἡμᾶς
3145 4644 3455 4699 ἐστέλλοντο
3474 4662 3488 4677 ο
3515 4646 3609 4698 καὶ
3633 4645 4003 4715 εὑρίσκοντες

2412 4739 2726 4794 ἀνάπαυσιν
2751 4740 2987 4803 ἑαυτοῖς,
3023 4737 3073 4790 oi
3102 4738 3158 4790 δέ
3183 4738 3280 4791 καὶ
3310 4736 3502 4807 δώρων
3541 4736 4003 4809 ἐπιϐαλλόμενοτ,

2411 4833 2511 4885 ὃσα
2543 4832 2605 4884 τὺ
2627 4831 2907 4902 βασιλικὸν
2939 4829 3318 4900 μεγαλόδωρον
3356 4830 3436 4891 είς
3479 4829 3756 4899 πλήσμιον
3792 4833 4001 4901 ἐχορήο

2413 4940 2520 4991 γει,
2554 4922 2649 4976 τοῦ
2672 4920 3031 4975 πλουτοποιοῦ
3058 4921 3261 4974 κόλπου
3293 4920 3556 4989 ἐγίνοντο,
3592 4922 4002 4993 μισθοφορούν-

2412 5031 2506 5070 τες
2532 5014 2631 5085 μέν
2653 5015 2753 5085 τὴν
2782 5015 2961 5083 ἀρχήν
2981 5029 2996 5044 ο
3025 5015 3107 5067 ὃτι
3128 5014 3184 5067 δέ
3203 5016 3281 5076 είς
3307 5013 3583 5083 ἐνδελεχὲς
3608 5013 3670 5065 τδ
3699 5012 3799 5065 τοῦ
3829 5013 4005 5066 πλού-

2413 5123 2507 5159 του
2541 5104 2721 5175 ρεὖμα
2752 5105 2966 5168 τούτοις
2990 5105 3371 5175 ἐπλήμμυρεν,
3399 5105 3691 5175 οἰκήσιμον
3712 5105 3815 5156 καὶ
3840 5106 4005 5158 αὐτοὶ

2412 5197 2514 5266 τὴν
2546 5196 2855 5266 ἀλλοδαπὴν
2892 5196 3228 5266 ποιούμενοι,
3277 5195 3373 5249 καὶ
3425 5197 3660 5265 πατρίδα
3702 5196 4004 5265 κρίνοντες

2413 5284 2553 5342 εῖναι
2585 5291 2787 5355 πᾶσαν,
2810 5282 2930 5362 ἐν
2957 5288 3211 5341 εὐπαθεῖν
3247 5288 3608 5357 περιγίνεται.
3663 5288 3778 5340 Καὶ
3831 5295 3864 5358 i;
3898 5292 4002 5358 μὲν

2414 5380 2622 5434 παλαιὰ
2653 5381 2863 5451 ίστορία
2886 5382 2983 5434 καὶ
3008 5380 3212 5434 δούλων
3256 5381 3410 5433 πόλιν
3438 5380 3559 5433 τινὰ
3594 5382 3829 5449 προάγει
3854 5384 4003 5452 «pb;

2414 5472 2656 5541 γνῶσιν·
2695 5474 2931 5529 ἐνταῦθα
2974 5474 3031 5528 δέ
3063 5474 3156 5527 καὶ
3202 5473 3360 5528 τοῦτο
3398 5475 3775 5541 πεπλήθυνται
3804 5475 3864 5526 τὺ
3900 5493 4002 5526 κα-

2413 5563 2527 5617 λόν.
2564 5564 2874 5635 Ἄνθρωποι
2922 5566 3053 5633 γὰρ,
3080 5564 3173 5628 οὓς
3223 5564 3385 5633 φύσις
3419 5566 3515 5634 μὲν
3570 5566 3861 5634 ἐλευθέρια
3898 5567 4003 5634 ζῇν

2416 5655 2606 5724 ὥρισε,
2638 5656 2851 5725 νεύροις
2907 5656 2964 5709 δέ
3014 5659 3261 5726 στερροῖς
3315 5658 3565 5719 ἐτόνωσε,
3611 5658 3703 5707 καὶ
3742 5658 3882 5718 alia;
3924 5660 4004 5719 εἰς

2416 5742 2636 5811 ἀνδρίαν
2667 5745 2965 5814 ἐστόμωςε,
3000 5744 3116 5815 βίον
3149 5746 3202 5797 δέ
3230 5746 3426 5807 κύκλος
3451 5748 3543 5798 ἐπὶ
3566 5746 3818 5798 ὁουλῑί>ν
3842 5751 4007 5816 στρέ-

2415 5835 2543 5903 ψας,
2571 5837 2649 5900 εἰς
2674 5837 2771 5906 τὴν
2803 5837 2895 5890 τοῦ
2943 5839 3177 5907 μεγάλαν
3220 5839 3631 5892 Κωνσταειτὶνου
3677 5842 4005 5910 περιήγαγε
