4212 6440
171 432 267 494 985

942 421 1342 488 MANUELIS
1378 424 1721 485 COMNENI
1759 423 2143 486 LAUDATIO
2181 423 2586 485 FUNEBlllS.

3282 423 3392 488 986

168 546 410 629 Ασυχνοὺς
436 544 495 598 δὲ
518 540 612 596 καὶ
638 543 866 604 τούτους
905 542 1045 610 αὕτη
1081 541 1426 601 πανδοκεύει,
1453 540 1551 592 καὶ
1577 538 1722 600 οἴους
1752 547 1794 600 Α
1825 566 1831 590 ι

1752 547 1794 600 Α
1825 539 2078 594 dolebam
2111 539 2331 608 quidem
2364 538 2526 607 idque
2550 550 2790 607 tempore
2815 543 3124 606 opportuno
3144 535 3391 591 domina-

167 628 302 700 κατὰ
337 642 503 708 στίφη
533 637 630 691 καὶ
676 635 864 704 λόχους
917 634 1012 686 καὶ⁵
1067 633 1256 700 στίχας
1309 628 1716 696 συντάξασθαι),

170 737 391 790 ἐλύπουν
427 731 526 802 μὲν
553 726 642 800 (ἦν
669 727 857 797 καιρὸς
888 726 1114 790 ἐκεῖνος)
1160 723 1222 776 τδ
1256 723 1595 785 δεσποτικὸν,
1624 737 1722 789 με-

171 826 427 898 μνημένοι
458 822 600 876 κατὰ
629 821 720 872 τὸν
763 816 1059 887 Ὁμηρικὸν
1088 816 1258 867 ἵππον
1305 816 1406 882 τῆς
1439 813 1720 880 ἐνπροφῇ

169 919 531 987 ἀκοστήσεως,
559 914 654 966 καὶ
695 911 874 981 νομῶν
912 908 1137 962 ἐκείνων
1173 905 1469 976 βαρϐάροις
1517 903 1720 966 καλῶν,

168 1010 253 1063 καὶ
279 1008 387 1061 τῶν
411 1003 698 1071 αὐτοφυῶν
728 1002 822 1054 καὶ
855 999 1285 1069 ἀπαραποιήτων
1307 992 1568 1064 λοετρῶν,
1621 993 1722 1043 ὅσα

165 1101 283 1159 τοὺς
313 1093 681 1166 βαρϐαρικοὺς
723 1088 1058 1158 στρατιώτας
1086 1086 1222 1155 πρὸς
1244 1083 1562 1150 ἀμάλθακον
1592 1099 1724 1150 καρ·

165 1188 344 1257 τερίαν
369 1184 740 1254 ὐγραίνουσιν.
765 1175 876 1233 Ἦν
904 1180 961 1232 δέ
998 1179 1182 1240 αὐτοῖς
1221 1176 1450 1245 θάτερος
1484 1174 1580 1242 μὲν
1613 1175 1724 1224 τοῖν

163 1279 459 1347 ὀφθαλμοῖν
486 1275 658 1327 οίκοι·
681 1275 710 1326 ὁ
747 1271 804 1324 δέ
833 1270 1019 1332 λοιπὸς
1061 1269 1140 1330 είς
1187 1266 1483 1334 φυγαδείαν
1506 1265 1721 1316 ἔδλεπε.

168 1373 268 1425 Kal.
301 1369 425 1438 χεὶρ
457 1369 492 1436 ἡ
526 1365 625 1434 μὲν
651 1363 1002 1430 διεπράττετο
1031 1359 1099 1411 τά
1123 1357 1369 1422 δουλικὰ,
1392 1357 1427 1427 ἠ
1458 1356 1512 1406 δέ
1539 1356 1725 1422 ξίφους

165 1461 320 1531 ήθελε
373 1454 717 1528 δράττεσθαι,
761 1454 815 1506 εί
843 1452 926 1513 τίς
972 1467 1075 1501 που
1119 1449 1214 1502 καὶ
1246 1445 1590 1517 δριμὺξεται,
1631 1446 1766 1494 καὶ.

165 1549 389 1618 ἐγκόψει
419 1547 480 1598 τὸ
510 1543 778 1596 ἑκούσιον.
808 1540 918 1595 Ka‘t
941 1540 992 1590 oi.
1039 1538 1219 1606 κύριοι
1250 1535 1500 1588 ἐντεῦθεν
1528 1534 1628 1585 οὐκ
1661 1531 1727 1584 ἂν

167 1641 237 1710 μὴ
272 1639 368 1692 καὶ
401 1636 554 1690 αὑτοὶ
589 1632 790 1691 δοῦλοι.
835 1629 1093 1700 μενοῦνγε
1144 1628 1239 1680 καὶ
1259 1627 1334 1688 ὡς
1360 1625 1628 1694 τολμῆσαι
1653 1624 1727 1674 εί-

167 1735 287 1782 πεῖν
320 1730 678 1796 αἰχμάλωτοι,
709 1723 967 1791 ἀγόμενοι
998 1720 1098 1789 μέν
1131 1719 1224 1770 καὶ
1248 1718 1560 1786 φερόμενοι,
1582 1714 1728 1781 apib-

167 1839 320 1890 μενοι
352 1820 429 1883 δὲ,
446 1818 529 1870 ὅτι
553 1814 814 1874 τοιούτοις
839 1812 1030 1871 κακοῖς
1057 1809 1294 1878 ἔχονται,
1317 1807 1410 1857 καὶ
1437 1805 1728 1864 ποθοῦντες

1828 632 2054 692 tionem,
2089 644 2360 684 memores
2392 628 2518 698 equi
2567 628 2836 682 Homerici
2886 627 3079 692 instar,
3115 628 3301 681 hordei
3337 641 3387 681 et

1823 734 2170 789 pascuorum,
2208 729 2262 773 et
2296 720 2616 773 balneorum
2667 719 3017 781 naturalium,
3073 735 3179 772 non
3212 719 3386 772 artill—

1821 813 2042 866 cialium
2069 850 2084 874 ,
2129 811 2330 878 quibus
2363 811 2587 863 Barbari
2626 820 2685 863 ιιι
2734 811 3012 863 laboribus
3047 810 3389 876 perferendis

1821 908 2115 959 assueliant
2135 913 2379 958 utuntur.
2416 905 2544 958 Erat
2569 911 2748 954 autem
2780 903 2917 971 ipsis
2936 902 3218 955 oculorum
3247 918 3392 955 unus

1822 995 2007 1059 domi,
2059 995 2196 1049 alter
2233 991 2413 1059 fugam
2464 992 2981 1059 circumspiciebat;
3033 1007 3101 1044 ex
3137 993 3391 1045 manibus

1829 1103 1937 1141 una
1979 1088 2196 1142 servilia
2229 1086 2486 1150 faciebat,
2526 1087 2700 1140 altera
2734 1099 2918 1138 ensem
2960 1084 3179 1138 volebat
3222 1084 3392 1138 strin-

1825 1191 1949 1244 gere
1995 1185 2186 1231 contra
2239 1176 2677 1230 recalcitrantem
2734 1183 2790 1228 et
2849 1175 3216 1229 resistentem.
3272 1175 3390 1228 Huc

1826 1267 1964 1320 adde
1999 1268 2141 1336 quod
2167 1266 2399 1330 domini,
2425 1281 2533 1319 non
2562 1266 2728 1333 servi,
2749 1265 2951 1334 captivi
2982 1264 3088 1318 huc
3112 1265 3241 1320 illuc
3263 1280 3392 1320 cur.

1828 1368 2010 1414 rentes
2057 1367 2112 1413 et
2153 1359 2288 1413 diris
2323 1358 2549 1412 vocibus
2597 1366 2889 1428 querentes
2929 1356 3077 1426 quod
3121 1364 3203 1411 tot
3233 1358 3393 1411 malis

1827 1459 2176 1512 vexarentur,
2229 1450 2434 1519 quibus
2492 1449 2711 1503 liberari
2761 1449 3191 1515 desiderabant;
3243 1449 3390 1518 quod

1829 1548 2010 1592 votum
2057 1539 2252 1593 deinde
2301 1540 2629 1602 exauditur;
2677 1549 2732 1593 et
2777 1539 3064 1593 confestim
3115 1539 3397 1594 miseratio

1829 1631 2100 1697 utrisque,
2126 1629 2365 1683 dominis
2404 1644 2469 1685 ac
2511 1632 2709 1690 servis,
2743 1633 3010 1701 regiaeque
3043 1630 3397 1685 liberalitates

1829 1721 2143 1786 afﬂuebant,
2167 1729 2224 1774 et
2247 1720 2453 1775 domini
2504 1720 2814 1790 gaudebant
2863 1723 3006 1789 quod
3039 1722 3214 1776 servis
3239 1722 3398 1775 malis

1832 1810 2042 1864 liberati
2090 1819 2298 1865 essent.
2348 1811 2535 1879 Itaque
2583 1812 2866 1866 servitutis
2918 1813 3040 1866 loco
3088 1814 3391 1866 secundum

164 1907 530 1979 ἀπογενέσθαι
557 1906 618 1958 τὸ
665 1903 1006 1970 δυστύχημα.
1046 1898 1394 1963 Ἐξακούεται
1422 1895 1514 1948 οὖν
1543 1896 1604 1948 τὸ
1637 1894 1731 1946 εὑ·-
1764 1894 1803 1921 υ

1727 1922 1731 1933 ι
1764 1894 1803 1921 ⁸³
1835 1911 2083 1954 naturam
2117 1909 2274 1955 erant
2304 1918 2368 1955 ex
2401 1901 2714 1958 hominibus
2748 1904 2950 1958 vilibus
2989 1903 3118 1957 facti
3167 1904 3390 1964 milites,

163 2006 374 2057 κταίον.
404 2001 512 2052 Kal
542 1996 705 2057 εὐθὺς
731 1995 879 2055 ἔλεος
907 1994 972 2044 ἐκ
1005 1990 1267 2062 βασιλέως
1289 1988 1383 2040 ἐπὶ
1408 1989 1518 2048 τοῖς
1549 1980 1732 2054 ἀμῷό-

162 2114 342 2166 τερον,
373 2095 462 2145 καὶ
486 2091 826 2152 δεσπόζουσι,
862 2085 955 2138 καὶ
987 2082 1322 2144 δουλεύουσι,
1345 2080 1436 2132 καὶ
1470 2076 1736 2147 θησαυροὶ

166 2186 444 2260 βασιλικοὶ
495 2179 846 2234 ἐκκενοῦνται
871 2191 886 2207 ο
922 2175 1014 2229 καὶ
1056 2175 1106 2226 οί
1142 2172 1404 2226 δεσπόται
1450 2170 1736 2240 χαίρουσιν

165 2256 668 2346 ἀποσκευαζόμενοι
699 2276 760 2326 τδ
786 2268 987 2340 φαῦλον
1016 2265 1309 2320 οἰκετικόν.
1335 2263 1441 2316 Kal
1464 2263 1524 2313 τὸ
1555 2256 1738 2310 ἐντεῦο

166 2375 258 2425 θεν
297 2371 457 2424 αὐτοὶ
508 2369 605 2437 μὲν
658 2367 778 2419 ἀντί
832 2362 930 2432 μὲν
983 2359 1184 2412 δούλων
1229 2352 1370 2425 ἦσαν
1401 2354 1462 2405 τὺ
1494 2350 1741 2420 φυσικὸν»

162 2467 286 2518 ἀντὶ
312 2465 370 2515 δέ
390 2461 598 2529 ἀτίμων
622 2457 973 2526 στρατιῶται,
997 2453 1059 2505 τὸ
1081 2451 1236 2519 φίλον
1261 2447 1486 2506 ἐκείνοις
1512 2463 1524 2474 ·
1553 2444 1739 2495 οὐκέτι

161 2561 219 2612 δὲ
249 2558 346 2611 τοῦ
377 2553 590 2613 λοιποῦ,
621 2555 744 2604 ὅσον
774 2547 1012 2600 τοιοῦτον
1063 2543 1257 2612 ἀχθείη
1290 2539 1478 2610 φῦλον,
1518 2540 1578 2589 τὸ
1630 2537 1738 2588 πᾶν

163 2654 272 2704 ὑπὸ
338 2648 628 2706 δεσπόταις
682 2639 770 2712 ἦν.
832 2638 972 2692 Ἀλλ’
1015 2638 1131 2689 ὅσοι
1187 2635 1286 2704 μὲν
1345 2633 1445 2685 οὐκ
1501 2629 1734 2694 εὖγενῶς

165 2741 456 2811 ἐφρόνουν,
493 2737 732 2804 ἔπασχον
778 2731 942 2794 οὕτω,
990 2727 1239 2781 δουλείαν
1278 2724 1542 2792 ἀτίμητον
1591 2722 1734 2791 ἢπερ

164 2835 270 2903 ζῇν
303 2833 441 2902 πρὸς
486 2829 640 2888 κλέος
673 2825 935 2892 ἑλόμενοι,
966 2822 1107 2888 τάχα
1151 2818 1252 2888 μὲν
1300 2815 1561 2881 ἀγεννῶς,
1596 2815 1738 2880 τάχα

165 2927 226 2976 δὲ
256 2921 575 2992 προμηθείᾳ
604 2917 696 2970 τοῦ
736 2916 883 2986 βιοῦν
912 2909 1192 2980 ἀσφαλῶς.
1222 2903 1315 2968 Οἷς
1343 2908 1399 2958 δέ
1449 2905 1740 2972 στρατεύε-

167 3016 297 3068 σθαι
332 3009 401 3084 ἦν
417 3011 724 3079 ἐπιθυμεῖν,
755 3007 834 3067 είς
868 3006 1051 3073 ὅμοιον
1070 2999 1297 3061 ἐκείνοις
1314 2999 1424 3058 τοῖς
1449 2999 1511 3047 ἐκ
1537 2994 1738 3046 δούλων

168 3104 534 3176 στρατιώταις
564 3101 813 3170 ἧρχοντο,
857 3096 1108 3165 χρήμασι
1148 3088 1426 3157 δημοσίοις
1463 3087 1736 3176 λούμενοι,

163 3175 266 3250 καῖ
299 3195 446 3265 ζώνῃ
471 3192 756 3260 στρατείας
787 3184 1173 3255 κοσμούμενοι.
1202 3181 1310 3232 Ka‘t
1336 3179 1517 3238 πόλεις
1576 3175 1741 3242 ἐπλή-

1834 1990 1976 2060 quod
2008 1991 2140 2059 ipsis
2165 2001 2378 2061 gratum
2413 2003 2554 2054 erat,
2583 2006 2690 2045 non
2719 1993 2953 2062 amplius
2985 2006 3180 2047 omnes
3212 1994 3266 2046 in
3299 1993 3396 2046 do-

1835 2083 2108 2137 minorum
2140 2094 2408 2152 potestate
2456 2085 2809 2151 languebant.
2858 2086 3060 2138 Omnes
3093 2094 3274 2141 autem
3306 2085 3397 2150 qui

1837 2189 1942 2227 non
1971 2174 2220 2228 liberales
2257 2189 2316 2228 se
2345 2173 2628 2244 gerebant,
2661 2174 2763 2227 ista
2787 2175 3128 2241 patiebantur
3158 2173 3402 2226 servitu-

1837 2273 1945 2318 tem
1970 2267 2089 2320 sine
2121 2265 2326 2319 honore
2354 2266 2472 2318 \itae
2503 2280 2625 2319 cum
2657 2265 2822 2332 gloria
2860 2273 3235 2335 praaponentcs
3265 2265 3403 2320 forte

1849 2358 2030 2412 indole
2053 2371 2213 2426 prava
2236 2356 2410 2421 ducti,
2439 2356 2578 2410 forte
2600 2355 2726 2424 quia
2749 2357 2905 2408 aliter
2924 2357 3102 2410 vivere
3123 2372 3280 2425 posse
3309 2355 3406 2410 de-

1848 2449 2163 2518 spcrabant.
2196 2449 2299 2514 Qui
2350 2459 2530 2501 autem
2586 2458 2764 2504 castra
2812 2448 2967 2517 sequi
3015 2449 3287 2514 volebant,
3345 2459 3403 2501 ut

1845 2543 2050 2596 milites
2083 2542 2176 2610 qui
2207 2549 2367 2596 antea
2403 2541 2547 2595 servi
2581 2538 2818 2604 fuerant,
2854 2540 3198 2604 obediebant,
3234 2556 3403 2610 pecu-

1851 2634 1939 2686 nia
1991 2633 2206 2702 publica
2250 2632 2513 2700 redempti
2561 2640 2617 2684 et
2670 2632 2848 2685 balteo
2897 2633 3118 2685 militari
3153 2631 3404 2687 accincti.

1847 2722 2074 2777 Urbium
2106 2723 2268 2789 igitur
2295 2722 2488 2777 incolae
2519 2723 2641 2775 vitae
2673 2723 3015 2778 conditiones
3052 2723 3265 2778 oblatas
3292 2738 3407 2776 am-

1847 2815 1986 2884 plexi
2046 2827 2396 2866 successores
2451 2813 2722 2865 habebant
2769 2813 3079 2866 auctoritati
3131 2813 3291 2881 regie
3348 2828 3409 2866 se

1844 2905 2252 2968 submittebant,
2309 2919 2415 2957 non
2458 2903 2600 2958 sicut
2630 2902 2810 2970 Sparti
2841 2903 2981 2957 inter
3032 2900 3247 2956 Graecos
3273 2902 3412 2956 cele-

1848 2994 2093 3058 berrimi,
2128 3009 2265 3062 quos
2298 2991 2480 3046 fabula
2522 3008 2552 3046 e
2596 3004 2740 3046 terra
2783 3004 3076 3061 prognatos
3104 2991 3276 3056 dicit;
3314 2991 3408 3044 sed

1846 3085 2019 3138 avulsi
2050 3097 2078 3135 a
2109 3083 2280 3152 patria
2317 3083 2372 3134 in
2399 3090 2636 3135 nostram
2691 3083 2973 3151 regionem
3011 3081 3407 3149 transplautati.

1847 3175 2055 3226 fructus
2087 3174 2331 3226 tulerunt
2360 3173 2652 3226 salutares.

169 3307 383 3363 ρωσαν,
420 3262 527 3341 ⁷καὶ
568 3282 764 3353 εἱρμῷ·
795 3278 1210 3343 συνεπλάκησαν
1263 3271 1402 3341 βίου,
1427 3269 1519 3321 καὶ
1566 3267 1792 3335 δαδοχὰς
1823 3264 2168 3335 ἐπλήθυναν,
2224 3266 2317 3316 καὶ
2372 3264 2472 3334 τὴν
2534 3264 2818 3334 βασιλικὴν
2869 3263 3186 3331 προσθήκην
3239 3262 3407 3315 ἐθαυο

170 3355 499 3459 μάστωσαν,
544 3384 606 3435 οὐ
658 3380 798 3434 κατά
845 3378 970 3437 τοὺς
1027 3369 1307 3439 Σπαρτοὺς
1370 3365 1668 3433 ἀναφύντες
1714 3363 2026 3432 αὐτόματοι,
2059 3361 2153 3429 ἀφ’
2189 3355 2256 3431 ἦς
2288 3361 2346 3416 δὲ
2397 3360 2834 3432 ἐξεσπάσθησαν,
2891 3357 3397 3430 μεταφυτευθιντες

165 3456 252 3545 είς
285 3480 387 3548 τὴν
417 3477 538 3532 καθ’
568 3476 712 3545 ἡμᾶς
745 3474 866 3540 γῆν,
907 3469 996 3521 καὶ
1029 3465 1238 3536 καρπὸν
1274 3459 1624 3520 ἐκδεδωκότες
1650 3456 1932 3528 τρόφιμον.

248 3650 338 3704 ιθ’.
390 3647 465 3700 Τδ
510 3645 566 3698 δὲ
612 3642 964 3708 καινότερον,
1017 3636 1112 3688 καὶ
1168 3632 1367 3702 ἀνδρας
1422 3630 1625 3680 τούτων
1661 3629 1739 3679 ἐτι
1769 3643 1814 3703 c
1846 3687 1867 3696 _

1769 3643 1814 3703 (ς
1846 3687 1867 3696 _
1918 3626 2004 3679 l9.
2041 3622 2329 3692 lntcrjecto
2359 3621 2558 3676 deinde
2587 3630 2831 3690 tempore
2853 3618 3006 3673 vivos
3032 3619 3214 3688 plures
3245 3632 3309 3672 ex
3339 3617 3406 3673 iis

170 3746 405 3803 πλείους
445 3740 549 3796 ᾳέκ
589 3738 717 3805 πρὶν
769 3729 1096 3801 ἀρχεκάκων
1153 3723 1481 3794 μεταγαγὼν
1530 3723 1740 3787 ἀμύνης

169 3840 328 3905 λόγῳ
358 3833 450 3885 ἐπὶ
475 3831 545 3883 τὰ
588 3824 896 3894 Ῥωμαϊκὰ,
922 3819 997 3890 τῷ
1025 3818 1244 3871 ἐκείνων
1278 3814 1454 3885 ἀγρίῳ
1514 3815 1576 3866 τὸ
1620 3811 1740 3864 καθ’

167 3929 335 4000 ἡμᾶς
364 3926 573 3994 ἥμερον
605 3912 1199 3987 ἐνεκέντρισεν,καὶείς
1233 3909 1576 4000 χρηστότητα
1615 3923 1742 4000 μετί-

1843 3722 1935 3787 qnl
1967 3718 2116 3785 prius
2141 3717 2327 3770 hostes
2356 3715 2571 3768 fuerant
2601 3714 2852 3767 vindicta:
2880 3725 3044 3765 causa
3069 3719 3261 3765 contra
3294 3709 3401 3762 Ro-

1845 3825 2008 3864 nueos
2038 3807 2192 3862 duxit
2223 3819 2276 3860 et
2296 3820 2486 3860 eorum
2517 3804 2855 3858 ferocitatem
2887 3804 2939 3855 in
2968 3816 3086 3854 eam
3111 3816 3274 3870 quam
3309 3816 3408 3854 nos

1840 3912 2181 3961 exercemus,
2241 3897 2718 3950 mansuetudinem
2768 3893 3163 3955 commutavit,
3206 3901 3279 3946 .et
3331 3893 3410 3944 sic

166 3982 459 4084 ε’τὶοιῆσέξι,
484 3982 558 4081 ἦν
619 4008 756 4068 θεῖος
791 3982 857 4058 ἂν
883 4001 1209 4071 παράδεισος
1238 3993 1607 4061 οἰκειώσηται.
1635 3993 1741 4043 Kal

1843 3998 2043 4042 terram
2098 3988 2442 4042 nostramlin
2493 3987 2803 4056 paradisum
2861 3983 3289 4038 transformavit.
3345 3982 3410 4036 Et

163 4109 239 4162 οὐ
278 4077 424 4171 λέγω
448 4077 645 4170 μόνους
671 4096 793 4155 τοὺς
817 4095 879 4145 ἐκ
907 4091 1004 4160 τῆς
1036 4091 1254 4160 χέρσου,
1275 4085 1402 4146 τοὺς
1425 4084 1520 4151 τῆς
1542 4085 1738 4150 ’Λγσρ,

1847 4096 1952 4134 non
2005 4081 2152 4134 solos
2199 4080 2532 4133 continentis
2570 4079 2818 4132 homines
2864 4077 3109 4140 nomino,
3159 4085 3409 4144 posteros

163 4200 239 4252 τὸ
267 4191 556 4251 Σκυθικὸν,
599 4187 662 4239 τὸ
694 4183 1004 4246 ῐΙαιονικὸν,
1054 4181 1179 4242 τοὺς
1224 4178 1362 4247 ὑπὲρ
1391 4177 1620 4244 Ἴστρον,
1660 4174 1744 4225 (αἱ

1844 4173 2006 4241 Agar.
2040 4169 2293 4240 Scythas,
2327 4170 2482 4224 Ponti
2515 4171 2744 4232 incolas,
2784 4169 2906 4222 lstri
2938 4169 3176 4232 accolas,
3210 4179 3262 4222 et
3283 4166 3407 4237 qui-

166 4292 334 4348 ὅσοις
381 4278 691 4350 ἀκραιφνὴς
726 4275 926 4345 posset;
967 4271 1222 4323 ἐπιπνεῖ·
1255 4266 1390 4320 ἀλλὰ
1443 4265 1536 4316 καὶ
1588 4264 1743 4323 ὅσους

1845 4263 1946 4317 bus
1983 4263 2184 4317 Boreas
2216 4264 2447 4332 frigidus
2481 4264 2674 4331 spirat,
2713 4262 2806 4316 sed
2836 4275 3030 4316 omnes
3073 4258 3274 4314 Oceani
3325 4261 3408 4328 pi-

167 4385 248 4434 ἐκ
291 4375 564 4441 θαλάσσης
605 4368 960 4437 πολυτρόπως
1001 4363 1385 4432 ὴγκίστρευσε.
1423 4359 1530 4409 Kal
1562 4371 1744 4406 συντε-

1845 4361 2104 4417 scatores_
2138 4352 2231 4420 qui
2261 4353 2519 4419 paulatim
2554 4355 2716 4406 urbes
2750 4365 2969 4420 quoque
2993 4361 3212 4406 nostras
3259 4351 3412 4405 inco-

165 4469 339 4524 ἰοῦσι
378 4467 472 4518 καὶ
499 4461 653 4516 αὐτοὶ
687 4461 805 4518 ταῖς
850 4455 1143 4525 ἡμετέραις
1179 4450 1397 4501 πόλεσιν
1430 4449 1508 4508 εἰς
1533 4447 1745 4510 οἰκήτο-

1844 4442 1955 4496 lere
1993 4455 2292 4508 coeperunt.
2330 4442 2563 4508 Historia
2624 4445 2786 4494 multa
2830 4444 3070 4510 quidem,
3126 4440 3220 4495 sed
3270 4441 3411 4494 inter

170 4577 309 4631 ρας.
336 4557 445 4610 Kal
476 4555 621 4607 ἐστιν
653 4546 884 4603 ἐνταῦθα
913 4539 1254 4596 πολλαπλοῦν
1281 4539 1342 4631 τὸ
1375 4536 1568 4631 σεμνὸν
1602 4536 1745 4604 ἢπερ

1742 4559 1745 4576 ι
1845 4534 1949 4587 alia
1976 4535 2028 4587 id
2060 4548 2274 4602 quoque
2307 4532 2490 4598 refert,
2541 4531 2856 4600 Pompeium
2886 4531 3160 4600 ,lllagnum
3217 4531 3405 4584 urbem

164 4619 242 4703 τὸ
268 4619 363 4700 ἐπὶ
391 4646 616 4710 Μάγνου
654 4635 940 4706 Πομπηῐου
995 4627 1504 4700 καθιστοροὺμενον,
1539 4625 1596 4686 ὃς
1625 4628 1744 4675 ἐπι.

1844 4622 2171 4678 Orientalem
2195 4622 2381 4692 piratis
2401 4635 2538 4689 quos
2563 4636 2628 4674 eo
2663 4619 2924 4674 beneﬁt-io
2960 4622 3154 4687 dignos
3201 4620 3410 4681 habuit,

162 4737 476 4804 λεξάμενος
523 4729 676 4781 πόλιν
731 4725 893 4793 ἐῲαν,
923 4722 1099 4773 ἐκεῖσε
1143 4720 1269 4780 τοὺς
1303 4714 1593 4786 περισσοὺς
1637 4713 1746 4763 τῶν

1745 4730 1746 4738 ‘
1846 4713 2186 4766 lncolendam
2253 4711 2567 4764 tradidisse.
2630 4709 2786 4776 Quod
2845 4711 2890 4764 si
2955 4709 3183 4762 historia
3244 4708 3408 4760 unius

166 4826 464 4895 πειρατῶν
496 4819 816 4889 συνῴκισεν,
841 4817 996 4877 ὅσους
1022 4814 1152 4874 δεῖν,
1191 4813 1372 4878 φασὶν,
1406 4810 1548 4876 ἔγνω
1584 4824 1749 4873 σωτγιο

1848 4808 1998 4861 urbis
2047 4806 2241 4860 bonam
2283 4803 2424 4856 hanc
2463 4801 2738 4855 fortunam
2768 4814 3070 4854 memorare
3115 4799 3373 4866 dignatur
3397 4835 3412 4858 ,

171 4888 314 4991 ρίας
351 4913 619 4986 ἠξιῶσθαι
661 4911 754 4962 καὶ
791 4906 1042 4975 προνοίας
1072 4902 1235 4961 τινός.
1261 4901 1322 4953 El
1353 4899 1481 4966 γοῦν
1509 4901 1747 4964 ἱστορίας
1782 4975 1820 4991 ﬁ

1745 4914 1747 4921 ν
1847 4899 1975 4965 quis
2033 4911 2138 4949 non
2195 4908 2543 4962 rem,quam
2598 4894 2782 4944 multa:
2809 4891 2976 4944 urbes
3061 4888 3408 4958 participant,

164 4975 340 5077 ἀξιον
376 4975 448 5058 ’τὸ
491 5004 618 5074 μιᾶς
654 4999 857 5060 πόλεως
919 4995 1142 5063 ἀγαθὸν,
1164 4992 1246 5054 τίς
1271 4991 1368 5044 οὐκ
1405 4990 1469 5042 ἂν
1508 4989 1749 5056 συγγρά-
1782 4975 1823 5029 D

1742 4975 1823 5029 ιθ
1851 4989 2020 5041 relatu
2065 4985 2283 5054 dignam
2333 4983 2642 5054 putaverit?
2686 4979 3003 5034 Addiderim
3055 4981 3219 5033 etiam
3263 4981 3405 5046 quod

165 5069 353 5172 ψαιτο
377 5097 438 5148 τδ
477 5069 737 5163 πολύχοον
765 5089 856 5143 καὶ
887 5087 1106 5147 πολλαῖς
1135 5081 1490 5152 ἐπιμερισθέν
1524 5079 1744 5142 πόλεως

1853 5078 2000 5132 nulla
2071 5086 2229 5130 terra:
2288 5077 2483 5130 civitas
2542 5088 2650 5127 non
2710 5072 2926 5125 initiata
2985 5085 3193 5140 magna:
3261 5069 3411 5122 urbis

169 5159 258 5246 'i‘r'.
301 5189 376 5258 μὴ
407 5186 553 5253 λέγω
585 5159 647 5236 {ei
683 5181 892 5251 μεῖζον,
947 5179 1020 5238 ὡς
1049 5175 1274 5242 οὐδεμία
1303 5172 1410 5224 τῶν
1440 5171 1534 5239 τῆς
1565 5171 1745 5221 οίκουο

1853 5183 2087 5223 amorem
2109 5168 2342 5237 perdidit
2359 5167 2461 5222 sub
2487 5179 2653 5233 regno
2677 5163 3044 5234 imperatoris,
3072 5159 3409 5213 blandissimi

169 5249 376 5354 μέντις
419 5249 628 5328 πόλεων
660 5249 1012 5340 ἀνοργίαστος
1059 5265 1153 5317 τοῦ
1191 5265 1287 5332 τῆς
1317 5261 1745 5328 Μεγαλοπόλεως

1851 5261 2255 5327 gubernatoris.
2277 5257 2626 5326 Unaquaeque
2656 5255 2858 5309 amoris
2887 5252 3217 5306 incentivum
3250 5249 3413 5302 habe-

167 5337 482 5438 Ξξέπιπτεν
535 5366 758 5436 ἔρωτος,
799 5361 892 5412 τοῦ
929 5356 1093 5411 καλοῦ
1126 5356 1386 5426 βασιλέως
1411 5353 1618 5406 ἐκείνου
1649 5353 1747 5415 τὰς

1854 5353 1966 5417 bat,
1995 5366 2160 5421 quam
2194 5352 2488 5420 imperator
2516 5363 2579 5403 ex
2631 5347 2845 5401 caeteris
2893 5341 3122 5397 urbibus
3150 5339 3249 5394 sibi
3281 5337 3414 5391 dile-

165 5430 477 5535 φιλητικὰς
504 5430 828 5522 ἐπαφιέντος
865 5450 1103 5510 άπάσαις
1135 5449 1362 5513 ἴυγγαςς
1394 5444 1496 5496 Kal
1522 5439 1588 5514 ἦν
1619 5444 1747 5496 ἐκά-

1854 5452 1996 5498 ctam
2030 5442 2306 5513 professus
2336 5452 2457 5506 est;
2491 5454 2681 5494 omnes
2708 5445 2912 5500 autem,
2939 5441 3002 5489 ut
3033 5430 3353 5486 suburbium
3381 5443 3410 5482 a

164 5523 544 5621 citnvtpihpov
575 5545 945 5612 ἐγκαθήμενον
973 5539 1329 5610 ὑπερϐάλλον,
1356 5537 1512 5588 ποίαν
1541 5540 1566 5588 ό
1590 5537 1748 5588 αὑτο-

1857 5551 2048 5604 ntagna
2083 5537 2320 5598 civitate,
2351 5545 2558 5587 caetera:
2588 5547 2617 5583 a
2645 5539 2827 5584 nostra
2853 5523 3155 5597 pendebant
3179 5563 3194 5586 ,
3228 5523 3301 5575 ita
3332 5530 3411 5572 ta-

165 5617 414 5712 χράτωρ
440 5639 548 5691 τῶν
579 5636 788 5689 πόλεων
822 5633 1046 5701 στέρξας
1075 5634 1152 5692 εἰς
1193 5628 1520 5697 φιλουμένην
1544 5627 1747 5696 ἐγγρά-

1860 5643 1979 5681 meu
2011 5637 2067 5680 ut
2099 5627 2403 5680 subsistant
2425 5664 2439 5689 ,
2491 5631 2675 5677 nostra
2721 5629 2908 5675 autem
2944 5617 3103 5672 hodie
3135 5617 3411 5669 destructa

160 5750 366 5807 erant.
425 5731 533 5786 Kal.
585 5731 683 5785 ὅσα
721 5729 808 5780 καὶ
861 5723 1238 5795 μητροπόλεως
1292 5719 1615 5789 περιοικίδες
1653 5722 1751 5786 τῆς

1677 5722 1751 5786 γῆς
1857 5720 2057 5786 jaceat,
2089 5725 2143 5770 et
2176 5731 2408 5784 quorum
2436 5712 2577 5768 nulla
2609 5725 2750 5766 nunc
2785 5708 3010 5781 vestigia
3041 5709 3340 5760 iemanent.
