4212 6440
184 381 273 444 9'33

940 384 1336 446 MANUELIS
1375 388 1715 451 COMNENI
1776 392 2164 456 LAUDATIO
2205 395 2610 459 FUNEBRIS.

3282 401 3385 466 θοι

181 497 276 548 οὐδ’
299 492 440 546 οὕτω
479 497 811 547 κατέπιπτον
842 497 889 548 oi
925 497 1190 564 βασιλικοι
1223 501 1386 566 λόγοι,
1420 519 1501 566 οις
1541 505 1636 556 καὶ
1666 507 1727 556 τὸ
1754 517 1800 572 Α
1830 505 1844 558 l

1754 517 1800 572 Α
1830 505 1987 561 faciei
2020 521 2282 564 constans
2309 512 2580 564 serenitas
2613 511 2774 566 aliam
2795 513 3143 569 dulcedinem
3172 523 3392 584 gustan-

181 587 262 638 τοῦ
285 589 577 653 προσώπου
600 587 853 654 γαλήνιον
875 590 1337 659 συνδιατ;οἐμενον
1359 594 1547 662 ἐτέρας
1571 594 1726 660 ἐγευε

180 676 520 745 γλυκύτητος.
554 677 748 731 Μάννα
786 679 862 741 δὲ,
895 681 975 732 ὅτι
1007 698 1110 748 περ
1147 682 1224 743 είς
1270 683 1636 751 πολυτροπίαν
1661 684 1728 737 τὰ

179 771 261 837 τῆς
287 769 544 836 γλυκείας
577 770 790 836 ὁμιλίας
839 771 1092 834 διέϐαινε,
1129 775 1218 826 καὶ
1270 773 1563 835 πολυειδῶς
1614 775 1729 826 tv:-

180 859 552 926 ϐρωματίζετο
571 863 666 927 τῆς
695 859 888 928 ἡδονῆς
917 860 946 910 ὁ
979 861 1175 913 πεινῶν
1197 863 1256 914 τ³›
1288 863 1595 930 φιλόκαλον.
1624 865 1732 917 Καὶ

177 952 200 1000 6
232 951 324 1015 μὲν
363 949 536 1011 ἄλλως
590 952 718 1019 ἡδὺς
756 949 851 1002 τοῦ
884 953 1318 1021 προφαινομένου
1369 949 1458 1024 ἦν,
1488 957 1564 1018 είς
1601 955 1731 1021 γλυο

178 1042 319 1090 κεῖαν
351 1041 480 1092 αὐτὸ
521 1042 741 1109 βάπτων
788 1041 992 1094 ιννοιαν
1015 1058 1028 1072 ο
1062 1047 1089 1096 6
1134 1044 1189 1096 δί
1219 1045 1395 1112 λόγιος
1427 1049 1519 1098 καὶ
1562 1049 1641 1109 είς
1671 1048 1732 1100 τὸ

177 1131 314 1182 ἔνδον
371 1131 829 1200 φιλοσοφούμενον
892 1135 1231 1196 ὲνεϐἀθυνεν,
1289 1136 1625 1204 ἐκμυελίζων
1669 1137 1732 1188 τὸ

177 1223 366 1292 νόημα.
402 1225 510 1275 Καὶ
539 1224 636 1293 μὶν
660 1225 769 1278 οὐδ’
805 1227 1060 1291 ἐξέπιπτὲ
1083 1244 1136 1280 τι
1161 1230 1268 1280 τῶν
1300 1229 1508 1282 ἐκείνου
1539 1229 1729 1299 ἀργὸν,

177 1315 259 1363 καὶ
289 1313 365 1373 ὡς
397 1306 508 1363 οἷον
545 1313 624 1375 είς
671 1314 904 1375 όστῶδές
948 1331 1000 1366 τι
1045 1315 1411 1384 ἐκλογίζεσθαι
1433 1336 1448 1349 ·
1478 1319 1644 1388 ἤρτυε
1675 1318 1730 1371 δδ

174 1406 254 1454 τὸν
279 1405 438 1471 λόγον
466 1405 624 1458 ἀλατι
662 1408 760 1474 μιν
794 1407 968 1458 διόλου
1007 1408 1081 1476 τῷ
1136 1409 1224 1462 διὰ
1257 1409 1459 1472 παντὸς
1494 1409 1731 1479 νοστίμῳ

174 1495 262 1560 τῆς
324 1497 768 1564 μεταχειρίσεως,
792 1497 883 1548 καὶ
911 1496 1153 1565 βαθείαις
1205 1498 1262 1552 δὲ
1293 1500 1570 1570 θεωρίαις,
1612 1503 1734 1563 ταῖς

176 1585 286 1651 μὲν,
309 1586 439 1646 ὅσας
470 1587 518 1638 οί
545 1586 830 1638 ἀπόστολοι
858 1588 1096 1657 μαθηταὶ
1127 1592 1219 1642 καὶ
1239 1593 1266 1642 ὁ
1288 1589 1610 1652 ἀποστείλας
1641 1589 1736 1658 μὲ-

173 1693 349 1740 γιστος
368 1676 683 1739 διδάσκαλος
707 1678 1029 1743 sums”,
1050 1683 1168 1742 ταῖς
1191 1681 1271 1746 δὲ,
1295 1681 1507 1745 ὁποίαις
1527 1682 1576 1734 οι
1602 1682 1733 1749 ἕξω-

173 1769 374 1832 τερικοὶ
408 1768 783 1836 σεμνύνονται.

1833 601 1956 652 dam
2007 602 2248 669 prmbet:
2287 619 2482 656 manna
2537 615 2740 667 autem,
2783 607 2923 673 quod
2957 609 3391 664 conversationis

1831 691 2055 745 delicias
2085 692 2467 759 multiplicavit
2503 695 2549 748 is
2581 695 2673 764 qui
2707 696 3166 763 pulchritudinem
3216 699 3393 753 esurit

1833 782 2151 836 multimoda
2184 783 2463 850 voluptate
2494 785 2794 840 fruebatur.
2826 785 2890 838 Et
2921 787 3006 841 hic
3039 790 3258 856 quidem
3291 788 3392 842 ali-

1831 877 1912 922 ter
1944 887 2104 940 quam
2135 887 2229 940 per
2254 875 2490 942 speciem
2520 874 2793 941 iucundus
2825 883 2964 935 erat.
2997 886 3232 930 mentem
3264 894 3392 931 sua-

1834 977 1954 1014 vem
1994 963 2318 1030 haptizans;
2349 963 2440 1032 qui
2495 978 2624 1016 vero
2677 967 2900 1022 rationis
2952 968 3226 1035 particeps
3273 979 3394 1023 erat

1837 1053 1890 1105 in
1923 1055 2170 1106 intimam
2205 1055 2524 1122 penetrabat
2553 1055 2947 1125 philosophiam
2968 1096 2983 1121 ,
3018 1059 3220 1126 ingenii
3273 1075 3388 1110 me-

1834 1144 2042 1198 dullam
2077 1143 2366 1198 hauriens:
2402 1155 2450 1200 et
2503 1146 2638 1199 nihil
2672 1160 2862 1200 eorum
2895 1163 3013 1214 qua:
3046 1163 3107 1202 es
3137 1147 3230 1201 illo
3263 1158 3392 1202 sunt

1835 1235 1890 1288 in
1923 1249 2120 1287 vanum
2149 1236 2365 1293 cecidit.
2395 1243 2449 1289 et
2475 1237 2644 1303 quod,
2677 1246 2735 1290 ut
2767 1237 2842 1290 ita
2869 1237 3068 1298 dicam.
3101 1237 3153 1289 in
3178 1252 3392 1291 osseam

1834 1338 2087 1380 naturam
2129 1327 2282 1379 abiit.
2330 1325 2558 1380 Omnem
2595 1328 2740 1380 enim
2779 1341 3084 1380 sermonem
3117 1327 3228 1380 sale
3257 1342 3392 1379 cou-

1837 1415 2022 1470 diebat
2050 1414 2277 1479 usitato,
2319 1424 2371 1468 et
2410 1414 2673 1484 profunda
2700 1416 3026 1482 indagando,
3061 1421 3125 1470 ut'
3162 1414 3394 1485 apostoli

1833 1505 2081 1574 discipuli
2106 1515 2160 1560 et
2193 1520 2444 1559 summus
2474 1506 2734 1572 magister
2763 1506 2855 1573 qui
2888 1520 2982 1561 eos
3030 1507 3178 1560 misit
3224 1503 3396 1574 expli-

1833 1612 2020 1661 cuete,
2052 1596 2248 1651 deinde
2275 1611 2425 1651 more
2453 1596 2685 1666 vulgari.

236 1856 301 1910 λ’.
335 1858 454 1910 Ἵνα
510 1860 618 1928 γὰρ
652 1861 745 1910 καὶ
803 1859 897 1910 νῦν
927 1861 1000 1923 ὡς
1047 1863 1103 1913 tv
1157 1862 1410 1932 θριάμϐῳ
1440 1865 1613 1932 τούτῳ
1637 1865 1734 1916 καὶ
1765 1858 1805 1911 Β

1730 1904 1734 1915 ,
1765 1858 1805 1911 Β
1905 1858 1994 1912 30.
2033 1855 2101 1911 Ut
2131 1856 2297 1927 igitur
2330 1871 2476 1910 nunc
2509 1857 2563 1909 in
2598 1857 2791 1910 illustri
2829 1858 3107 1927 triumpho
3129 1866 3393 1926 quantum

175 1947 353 2014 σεμνῷ
379 1948 472 2000 καὶ
511 1949 749 2018 λαμπρῷ
782 1950 840 2002 τὸ
876 1953 930 2003 ἐν
973 1953 1094 2018 ἐμοὶ
1118 1953 1210 2005 τοῦ
1243 1953 1519 2022 θαύματος
1557 1953 1736 2004 οίκου-

175 2034 296 2102 ροῦν
317 2037 649 2104 προαγαγὼν
677 2039 961 2108 θεατρίσω,
981 2041 1080 2093 οὐκ
1101 2036 1167 2111 ἦν
1188 2041 1583 2112 ύποκινηθῆναί
1604 2057 1734 2094 ποτε

174 2127 381 2189 λαλιὰν,
411 2129 468 2179 tv
497 2123 638 2201 ᾗπερ
680 2133 707 2182 6
736 2131 1091 2202 αὐτοκράτωρ
1117 2134 1215 2184 ούκ
1243 2133 1480 2198 ἐξελάλει
1509 2150 1563 2185 τι
1612 2151 1734 2185 και-

173 2220 257 2271 νὸν
288 2219 389 2286 μὲν
418 2223 496 2278 εἰς
524 2220 713 2290 ἀκοὴν,
748 2221 1093 2289 θεόπεμπτον
1134 2223 1188 2275 δὲ
1218 2225 1298 2284 είς
1338 2227 1544 2294 νόησιν.
1590 2224 1734 2292 Ἐγὼ

174 2312 373 2370 τοίνυν,
403 2311 541 2379 ἀνὴρ
571 2311 696 2364 οὔτε
725 2313 1048 2381 ἀμφιλαφὴς
1073 2314 1171 2381 τὴν
1195 2313 1418 2380 γνῶσιν,
1444 2316 1535 2366 καὶ
1559 2314 1632 2374 ὡς
1661 2315 1736 2365 εί-

174 2404 292 2453 πείν
324 2401 678 2472 πολυδενθὴς,
712 2404 772 2453 οὐ
807 2404 912 2472 μὴν
937 2403 996 2455 δι
1017 2402 1126 2456 οὐδ’
1152 2403 1379 2470 είσάγαν
1407 2404 1615 2474 ἀϐαθὴς
1641 2406 1736 2456 καὶ

173 2491 327 2559 ψιλὸς
365 2491 677 2559 μαθήσεως,
700 2492 798 2544 οὐκ
821 2492 886 2545 ἂν
914 2493 1218 2562 αὐχήσαιμι
1249 2492 1585 2566 παραϐαλεῖν
1609 2508 1735 2544 ποτε

178 2582 273 2650 τὴν
298 2582 471 2648 ἀκοὴν
493 2583 753 2650 ἀκροάσει
781 2582 1053 2652 βασιλικῇ.
1076 2579 1181 2657 ινῇ
1211 2585 1283 2654 μή
1341 2601 1392 2637 τι
1417 2585 1619 2648 ξενίζον
1642 2585 1738 2636 καὶ

179 2671 473 2737 ἀρτιφανὲς
498 2671 676 2738 ἔμοιγ’
703 2668 796 2723 οὖν
829 2673 908 2733 είς
964 2673 1401 2741 χρηστομάθειαν
1446 2673 1737 2742 είσῳκισάο

180 2776 289 2828 μην
319 2762 457 2812 κατά
478 2761 619 2813 νοῦν.
659 2762 923 2822 Ἀττικοῖς
955 2763 1177 2831 ἀνδράσι
1209 2764 1268 2814 τὸ
1289 2762 1529 2814 τοιοῦτον
1553 2761 1739 2827 φίλτα-

179 2865 289 2910 τον,
332 2843 413 2910 οἷς
445 2849 713 2917 ἐπίσημον
743 2851 800 2900 τὸ
835 2851 1168 2917 φιλόκαινον,
1199 2851 1391 2903 ταυτὸν
1438 2850 1494 2902 δὲ
1548 2851 1734 2918 φάναι,

179 2935 492 3004 ἀνθρώποις
541 2937 906 3006 διεξεσμένοιῖ
954 2942 1032 3001 εἰς
1065 2939 1259 3002 κάλλος
1310 2939 1640 3008 λογιότητος,
1687 2937 1736 2988 οἶ

181 3027 297 3087 τοῖς
333 3027 585 3087 παλαιοῖς
618 3024 1075 3097 προσεπιζητοῦσι
1105 3031 1198 3080 καὶ
1224 3029 1292 3080 τὰ
1327 3027 1636 3095 καινότερα,
1660 3025 1739 3076 λι-

181 3116 497 3183 χνευόμενοι
551 3117 649 3184 τὴν
697 3119 980 3185 ἀκρόασιν.
1037 3118 1142 3170 Καὶ
1191 3112 1259 3187 ἦν
1307 3117 1486 3184 λέγειν
1525 3116 1735 3183 καίριον

179 3207 485 3272 τηνικαῦτα
511 3208 683 3259 ἐκείνο
714 3207 772 3259 τὸ
801 3208 895 3267 τῆς
928 3209 1215 3276 ποιήσεως,
1238 3207 1313 3269 ὠς
1351 3208 1456 3277 ἀρα
1503 3206 1634 3267 Θεὸς
1663 3205 1739 3273 τῷ
1764 3189 1808 3250 C

184 3296 397 3365 βασιλεῖ
424 3298 520 3367 τὴν
557 3299 768 3367 μορφὴν
800 3299 953 3350 ἔπεσι
989 3299 1197 3366 στέφει,
1249 3298 1534 3351 κάλλιπον
1582 3295 1742 3349 τοῦτο

184 3392 714 3456 προσεπισυνάπτων
746 3391 820 3457 τῷ
856 3390 1114 3459 βασιλικῷ
1153 3388 1442 3459 στέμματι.

1837 1950 1890 2002 in
1929 1964 2014 2001 me
2046 1955 2149 2013 est,
2177 1963 2359 2001 rerum
2396 1947 2748 2000 miriﬁcarum
2783 1947 3009 2000 chorum
3040 1949 3257 2010 ducam,
3286 1965 3395 2002 non

1837 2037 2292 2092 inti-educendum
2323 2046 2439 2090 erat
2482 2037 2837 2103 colloquium.
2876 2037 2928 2088 in
2961 2051 3069 2105 quo
3105 2039 3399 2104 imperator

1835 2131 1968 2184 nihil
2001 2131 2122 2182 novi
2157 2131 2522 2190 audientibus,
2544 2130 2725 2181 divina
2755 2139 2935 2182 autem
2969 2131 3135 2182 menti
3167 2145 3396 2197 sugges-

1835 2224 1902 2276 sit
1933 2222 2263 2275 meditanda.
2293 2221 2475 2287 itaque
2504 2235 2604 2290 ego
2632 2221 2726 2290 qui
2751 2236 2850 2274 nec
2878 2221 3126 2274 doctrina
3158 2219 3396 2284 abundo,

1837 2330 2013 2382 neque
2040 2312 2258 2365 dicendi
2289 2313 2496 2380 peritus
2529 2327 2674 2373 sum.
2700 2313 2806 2366 imo
2831 2313 2934 2366 alta
2959 2313 3187 2368 scientia
3211 2329 3395 2373 careo.

1836 2423 1946 2460 non
1998 2414 2175 2458 tamen
2208 2404 2260 2458 id
2295 2405 2696 2458 connuitterem
2732 2412 2789 2457 ut
2826 2405 2976 2474 regio
3023 2406 3262 2460 sermoni
3299 2406 3399 2457 ub-

1839 2507 2233 2563 temporarem,
2274 2493 2417 2546 unde
2449 2495 2522 2547 nil
2573 2496 2844 2549 commodi
2898 2496 2949 2547 in
3003 2511 3161 2550 usum
3218 2509 3398 2549 meum

1841 2598 2057 2640 Vertere
2088 2601 2324 2654 ptvSsem.
2353 2585 2487 2638 lllttd
2525 2586 2744 2654 quidem
2789 2588 2921 2640 viris
2950 2587 3144 2639 Atticis
3178 2602 3392 2656 pergra-

1836 2686 1949 2729 tum
1983 2691 2060 2730 est
2095 2679 2293 2744 quibus
2325 2677 2598 2740 peculiare
2632 2688 2712 2728 est
2739 2692 2874 2728 nova
2920 2693 3132 2743 semper
3163 2679 3398 2739 discere,

1839 2771 1889 2823 id
1930 2782 2013 2824 est
2050 2770 2178 2823 viris
2227 2767 2294 2822 ad
2329 2768 2584 2822 dictionis
2608 2768 2936 2838 elegantiam
2975 2768 3245 2837 expolitis,
3303 2769 3398 2832 qui

1839 2862 2003 2914 rebus
2037 2861 2281 2928 antiquis
2325 2874 2462 2912 nova
2511 2857 2778 2926 adjiciunt
2829 2868 2884 2912 et
2929 2861 3008 2911 sic.
3041 2872 3257 2928 semper
3301 2875 3403 2911 au-

1838 2953 2018 3006 diendi
2049 2952 2191 3005 avidi
2238 2958 2386 3004 sunt.
2419 2950 2481 3003 Et
2514 2950 2616 3003 hoc
2646 2952 2859 3018 quidem
2900 2950 3019 3002 loco
3059 2965 3183 3003 cum
3225 2958 3386 3018 poeta

1837 3042 2157 3105 dixerimus,
2195 3039 2340 3108 quod
2372 3039 2511 3093 Deus
2546 3040 2655 3107 regi
2690 3038 2916 3092 formam
2961 3039 3250 3093 verborum
3280 3041 3398 3108 glo-

1842 3134 1919 3186 ria
1958 3142 2138 3193 ornat,
2186 3132 2325 3184 haue
2363 3139 2656 3200 pretiosam
2714 3130 3066 3201 margaritam
3107 3131 3402 3186 diademati

1846 3239 1948 3279 suo
1981 3223 2338 3292 conjungens.

256 3545 355 3596 λα’.
400 3545 505 3596 Καὶ
534 3543 674 3600 οὕτω
707 3546 805 3615 μὲν
831 3547 991 3599 καλὸν
1016 3547 1074 3600 τὸ
1104 3548 1158 3600 tv
1182 3549 1417 3617 ὁμιλίαις
1446 3547 1646 3617 γλυκύ·
1675 3547 1735 3598 τδ
1911 3541 1919 3592 ε

1911 3541 2002 3594 51.
2039 3534 2134 3592 Sic
2167 3537 2222 3591 in
2252 3536 2530 3604 colloquio
2556 3534 2823 3606 quidquid
2858 3535 3139 3607 pulchrum
3165 3576 3181 3600 ,
3230 3536 3280 3590 id
3319 3535 3405 3605 ju-

181 3639 240 3689 δὲ
268 3642 361 3689 καὶ
383 3637 581 3704 ἑτέρως
604 3639 933 3707 ἐχρημάτιζε
955 3641 1189 3693 κάλλιον.
1206 3642 1278 3692 Τὸ
1295 3641 1402 3710 γὰρ
1419 3642 1512 3709 τῆς
1535 3639 1738 3699 ἑννοίας
1837 3655 1844 3684 ε

1837 3634 2078 3688 cundum
2119 3640 2226 3691 est,
2268 3630 2361 3684 scd
2393 3631 2545 3682 vario
2576 3631 2758 3683 modo.
2789 3629 2980 3683 Mentis
3006 3631 3146 3683 enim
3184 3630 3406 3683 vehicu-

184 3727 396 3796 δχημα,
419 3728 478 3780 τι
519 3726 614 3779 τοῦ
651 3729 1057 3797 προφερομένου
1094 3729 1374 3799 βασιλικοῦ
1405 3732 1560 3797 λόγου
1587 3731 1742 3798 τορὸν
1839 3723 1847 3774 Ι

1839 3723 1969 3786 lum,
1997 3723 2263 3776 sermonis
2291 3719 2422 3788 regii
2454 3719 2953 3788 splendidissimum
2983 3719 3129 3773 aliud
3162 3719 3406 3773 dulcedi-

190 3820 287 3868 καὶ
322 3820 706 3886 τρανέστατον,
765 3820 890 3872 ἀλλο
949 3821 1103 3874 τοῦτο
1166 3821 1494 3890 γλυκύτητος
1526 3821 1742 3890 ἄρτυμα
1842 3833 1853 3868 I

1842 3815 1926 3868 nis
1962 3814 2368 3868 condimentum
2420 3812 2759 3865 auditoribus
2779 3812 2952 3876 allert,
2978 3813 3175 3881 quibus
3206 3812 3410 3880 incepit

188 3909 482 3974 ἐπαγωγὸν
512 3913 619 3971 τοῖς
652 3911 957 3975 ἀκούουσιν,
984 3909 1062 3972 οἷς
1094 3912 1186 3965 καὶ
1225 3913 1493 3982 ἐπήρχετο
1521 3910 1742 3983 μερίζε-
1846 3929 1851 3954 ε

1846 3906 2011 3958 dividi
2049 3906 2102 3957 in
2132 3904 2458 3971 cogitatum,
2500 3918 2608 3970 quo
2641 3904 2773 3955 nihil
2812 3903 3028 3966 melius.
3056 3914 3109 3958 et
3140 3904 3192 3956 in
3228 3919 3409 3958 enun-

188 3997 320 4049 σθαι
350 3998 427 4059 είς
472 4015 530 4049 τε
568 4000 626 4049 τὸ
679 4001 962 4068 νοούμενον
1015 4003 1234 4067 ἄριστον
1265 4001 1344 4064 ὃν,
1376 4003 1469 4055 καὶ
1509 4003 1591 4064 είς
1647 4003 1745 4069 τὴν
1847 4009 1851 4046 |

1847 3997 2123 4048 tiationem
2174 3993 2400 4054 oralem,
2455 4007 2576 4060 qua:
2613 3993 3039 4062 cogitationibus
3086 4004 3408 4048 ornamento

188 4089 542 4154 ἀπηχητικὴν
576 4091 875 4156 προφορὰν,
916 4092 1427 4161 συνεπικοσμοῦσαν
1457 4093 1551 4145 καὶ
1579 4092 1748 4162 αὐτὴν
1849 4112 1851 4132 ι

1744 4109 1748 4135 ι
1849 4097 1949 4139 est.
1991 4084 2165 4140 ilocee
2212 4099 2428 4153 quoque
2478 4087 2546 4141 de
2597 4087 2929 4154 imperatore
2977 4101 3099 4140 cum
3153 4087 3407 4141 laudibus

185 4176 254 4226 τὸ
279 4177 592 4244 νοούμενον.
637 4181 740 4230 Καὶ
776 4181 1070 4248 ὲΞύμνηται
1114 4183 1206 4234 καὶ
1243 4181 1400 4234 τοῦτο
1437 4182 1498 4234 τδ
1533 4181 1750 4250 βασιλι·

1744 4210 1750 4223 .
1851 4177 2080 4230 refertur
2111 4191 2174 4227 ac
2228 4176 2419 4227 litteris
2453 4176 2762 4228 mandatum
2796 4185 2915 4239 est,
2955 4174 3100 4244 quod
3153 4176 3205 4228 in
3249 4191 3407 4243 repo-

192 4263 292 4314 κδν
330 4264 510 4327 καλὸν,
535 4269 628 4320 καὶ
658 4267 859 4334 βίϐλοις
896 4268 1158 4333 ἔγκειται.
1191 4271 1264 4322 Τὸ
1301 4270 1358 4322 δὲ
1406 4272 1464 4323 tv
1493 4271 1749 4341 ἀντιρῤή-
1853 4287 1855 4320 ;

1746 4299 1749 4309 ι
1853 4269 2032 4321 nendo
2067 4275 2120 4319 et
2162 4267 2217 4319 in
2272 4267 2628 4334 preponendo
2675 4281 2737 4319 ac
2778 4265 3145 4333 concipiendo
3180 4267 3409 4318 aliorum

192 4371 348 4406 σεσιν
377 4356 614 4422 ἕτοιμον,
641 4359 700 4409 τὸ
731 4359 786 4410 δὲ
831 4361 964 4428 ταχὺ
1009 4362 1103 4427 μὲν
1135 4360 1521 4430 προϐαλέσθαι,
1559 4362 1652 4427 ὀξὺ
1691 4362 1749 4414 δὲ

1855 4357 2082 4427 cogitata
2109 4357 2360 4411 celeriter
2384 4372 2507 4410 cum
2544 4360 2738 4427 sagitta
2770 4358 2983 4411 volante
3018 4365 3113 4409 aut
3145 4371 3267 4410 cum
3306 4355 3412 4410 ful-

193 4442 603 4496 καταλαδὲσοαι
629 4445 695 4496 τὰ
723 4447 782 4497 tv
828 4447 1112 4514 νοήμασιν,
1143 4447 1242 4500 οὐκ
1275 4447 1386 4516 ἔχει
1432 4447 1748 4517 παραϐολὴν
1785 4491 1826 4544 D

1734 4464 1748 4498 ι
1785 4491 1826 4544 D
1856 4451 2017 4510 mine.
2061 4458 2312 4501 autcum
2355 4449 2559 4501 volucri
2610 4465 2732 4512 qum
2773 4464 2956 4502 aerem
3004 4449 3185 4500 volatu
3220 4447 3397 4501 ﬁndit.

190 4534 417 4600 τάχους,
449 4537 497 4586 εί
533 4536 604 4604 μή
662 4553 744 4598 τις
795 4539 873 4598 είς
926 4537 1108 4605 βέλους
1163 4539 1408 4591 ὲκνεύσει
1448 4541 1750 4610 πετομένου
1787 4534 1821 4544 ’⁷

1749 4568 1750 4580 ι
1787 4534 1821 4544 ’⁷
1857 4538 2010 4603 Quod
2047 4551 2210 4606 porro
2236 4538 2288 4590 in
2320 4536 2612 4602 colloquiis
2650 4538 2896 4590 strictum
2943 4544 2995 4590 et
3032 4537 3085 4589 in
3123 4551 3412 4604 argumen-

191 4621 479 4690 ὠκύτητα,
515 4625 546 4693 ἢ
578 4626 658 4683 είς
706 4628 986 4696 ἀστραπῆς
1031 4629 1335 4698 ταχυτάτην
1368 4630 1751 4700 ἐκπυρήνισιν,

1748 4673 1751 4689 ,
1861 4631 2025 4683 laudo
2057 4629 2332 4698 copiosum
2366 4637 2470 4691 est,
2530 4628 2582 4680 id
2616 4627 2855 4696 Calliope
2905 4629 3111 4695 poetria
3134 4637 3411 4709 operatur,

195 4713 229 4780 ἦ
258 4715 337 4774 είς
368 4715 658 4785 ὁμοιότητα
682 4718 884 4787 πτεροῦ
915 4719 1198 4788 ροιζῶντος
1223 4721 1299 4781 είς
1323 4721 1520 4788 πτῆσιν
1547 4722 1751 4791 ἀέριον.

1862 4736 1979 4786 qnze
2011 4718 2152 4773 sicut
2183 4719 2269 4770 nix
2303 4717 2451 4771 cadit
2474 4757 2489 4782 ,
2520 4718 2821 4786 praesertim
2858 4718 2947 4770 ubi
2980 4720 3250 4773 sermonis
3301 4733 3415 4770 ma-

194 4804 277 4856 Τὸ
312 4803 364 4855 δὲ
401 4807 599 4856 πυκνὸν
642 4809 699 4858 tv
751 4808 1016 4872 διαλέξεσι
1056 4811 1148 4861 καὶ
1190 4811 1448 4863 πλουτοῦν
1480 4813 1758 4878 ἐπιχειρη-

1752 4840 1758 4849 -
1863 4813 2001 4864 teria
2058 4809 2450 4863 vehementiam
2485 4817 2576 4860 aut
2616 4809 2936 4877 gravitatem
2974 4808 3234 4874 postulat.
3261 4806 3415 4862 Tunc

196 4893 468 4962 ματικῶς,
494 4895 653 4948 τοῦτο
695 4897 750 4950 δὲ
783 4899 813 4966 ἡ
863 4902 1118 4968 ποιητικὴ
1169 4905 1421 4970 σεμνυνεῖ
1454 4901 1754 4969 Καλλιόπη,

1747 4940 1754 4962 ,
1864 4903 2078 4971 quidem
2119 4899 2410 4952 admodum
2454 4898 2685 4968 quadrat
2724 4913 2847 4950 cum
2886 4899 3006 4951 nive
3052 4900 3410 4965 comparatio;

193 4985 580 5054 παρομοιοῦσα
613 4989 670 5050 ἐς
700 4988 932 5055 motam
974 4990 1272 5052 πύκνωσιν,
1304 4994 1398 5045 καὶ
1433 4993 1643 5061 μάλισθ’
1666 4994 1753 5045 ὅτε

1750 5015 1753 5042 ;
1863 4993 2116 5060 copiosus
2159 5005 2392 5060 namque
2441 4990 2542 5042 isto
2578 4999 2821 5057 tempore.
2851 5004 3031 5044 sermo
3063 4999 3121 5042 ut
3154 4991 3243 5042 uix
3277 4989 3413 5042 labi-

194 5077 525 5144 καταφοράν
557 5093 676 5128 τινα
729 5079 959 5147 τοπικὴν
998 5079 1028 5148 ἢ
1071 5081 1162 5132 καὶ
1200 5081 1370 5142 ἄλλως
1411 5083 1619 5152 βαρέως
1669 5085 1759 5134 ὲκ-

1750 5113 1759 5123 ·
1865 5095 1975 5146 tur.
2003 5099 2110 5137 non
2145 5081 2266 5138 sine
2296 5083 2522 5137 horrore
2549 5095 2612 5134 ac
2662 5081 2902 5144 fremitu,
2935 5090 2988 5136 et
3039 5097 3104 5136 ex
3152 5083 3262 5136 alto
3291 5098 3413 5135 cum

206 5167 612 5235 τραχυνομένην
652 5169 684 5238 ἡ
717 5168 810 5220 τοῦ
861 5171 1018 5238 λόγου
1058 5172 1406 5240 προκαλεῖται
1447 5173 1568 5242 ὕλη.
1625 5175 1757 5225 Τότε
1864 5192 1869 5228 ε

1752 5191 1757 5223 :
1864 5174 2150 5243 splendore
2179 5187 2242 5227 ac
2268 5169 2642 5240 magnitudine
2671 5173 2736 5223 ad
2770 5186 2870 5226 nos
2900 5170 3092 5225 fertur.
3125 5170 3216 5224 Sic
3247 5173 3415 5240 impe-

194 5259 316 5324 γὰρ
340 5258 398 5309 τὸ
425 5259 525 5326 τῆς
569 5262 787 5329 νιφάδος
834 5265 1118 5332 είκόνισμα
1153 5263 1244 5317 καὶ
1277 5262 1511 5332 μάλιστα
1538 5265 1758 5334 καιριώ-

1754 5293 1758 5300 -
1865 5268 2066 5319 ratoris
2099 5263 2402 5329 eloquentia
2435 5262 2833 5331 experimentis
2883 5261 3015 5316 fulta
3067 5262 3324 5331 Optimam
3359 5277 3417 5316 se

195 5365 383 5403 τατον.
423 5352 630 5415 Πυκνὸς
665 5354 773 5423 γὰρ
805 5356 1060 5425 τηνικάδε
1101 5354 1292 5426 καιροῦ
1327 5357 1355 5408 ό
1392 5359 1758 5426 καταφορικὸς

1750 5374 1758 5415 :
1863 5357 2025 5410 nobis
2069 5357 2381 5424 magistram
2414 5356 2614 5424 praebet
2641 5395 2657 5419 ,
2704 5355 2875 5423 major
2910 5363 3093 5407 autem
3130 5363 3215 5407 est
3250 5368 3413 5423 quam

194 5439 380 5506 λόγος,
416 5440 513 5493 δσα
547 5442 642 5494 καὶ
673 5444 890 5511 νιφάδες
946 5445 1088 5508 τινίς
1114 5461 1128 5475 ⁸
1163 5446 1242 5499 ἔτι
1293 5446 1401 5518 μὴν
1430 5449 1526 5502 καὶ
1565 5467 1757 5518 φρικα-
1853 5473 1857 5495 ι

1006 5445 1088 5508 νίς
1114 5461 1128 5475 ⁸
1163 5446 1242 5499 ἔτι
1293 5446 1401 5518 μὴν
1430 5449 1526 5502 καὶ
1565 5467 1757 5518 φρικα-
1853 5463 1974 5517 quae
2003 5447 2272 5501 memoria:
2305 5445 2440 5499 tradi
2475 5447 2669 5514 possit.

196 5531 344 5593 λέος.
393 5535 485 5588 καὶ
520 5527 609 5588 οἷά
647 5552 728 5599 τις
760 5536 1072 5607 ριγεδανόςο
1123 5541 1215 5593 καὶ
1251 5538 1326 5609 τῷ
1379 5539 1476 5608 τῆς
1507 5543 1798 5610 σαφηνείας
1856 5541 1953 5608 μὲν
1988 5537 2163 5607 λευκῷ
2214 5537 2555 5608 διαλάμπων,
2584 5539 2658 5602 ὼς
2706 5538 2762 5605 ἐξ
2815 5537 2982 5607 ὕψους
3035 5537 3091 5591 δὲ
3148 5540 3421 5605 κατασκή-

199 5641 357 5677 cum
417 5627 492 5695 τῷ
530 5630 797 5701 μεγαλεέῳ
835 5631 925 5685 τοῦ
983 5634 1244 5701 μεγέθους
1292 5635 1578 5706 ἐξάρματι.
1619 5636 1772 5689 Οῦτω
1807 5637 1938 5689 πολὺ
1971 5636 2030 5687 τὸ
2052 5637 2108 5687 ὲν
2139 5633 2319 5704 λόγοις
2345 5635 2420 5707 τῷ
2465 5634 2672 5697 βασιλεῖ
2712 5636 2963 5702 πόριμον,
3014 5629 3075 5688 οῦ
3114 5634 3275 5687 πείοτ
3327 5642 3417 5688 καὶ

208 5725 351 5792 μόνη
392 5723 730 5789 διδάσκαλος.
790 5727 1159 5799 Ἐξιστορῆσαι
1197 5732 1304 5800 γὰρ
1333 5731 1438 5784 οὖέ⁵
1465 5731 1528 5784 ἂν
1559 5730 1664 5800 εἴη,
1698 5733 1750 5793 ἐς
1783 5733 1901 5784 ὅσον
1933 5732 2018 5782 καὶ
2055 5728 2178 5795 χρὴ.
