4212 6440
205 403 324 467 1017

967 400 1369 464 MANUELIS
1401 397 1749 464 COMNENI
1790 396 2180 458 LAUDATIO
2218 396 2625 462 FUNEBRIS.

3324 407 3460 473 lM-‘l

257 523 356 586 vq'.
391 517 579 584 ’Υδωρ
609 514 709 583 μὲν
739 514 888 585 αῦτῷ
941 516 1097 584 φίλον
1129 534 1313 582 ποτόν,
1349 516 1757 586 δελεαζόμενον,
1788 554 1802 578 λ

1936 511 2021 565 58.
2049 512 2202 580 Aqua
2231 513 2334 580 ipsi
2372 520 2564 581 gratus
2596 523 2778 582 potus.
2816 516 3089 572 seducens
3118 518 3246 588 quia
3281 521 3332 574 in
3364 528 3463 577 tle-

196 612 263 660 (z:
293 611 507 678 τρυφᾷν
538 609 648 660 δέει
679 607 817 676 πρός
843 624 962 660 τινα
989 608 1297 680 σκευωρίαν
1328 608 1522 678 ἡδονῆς
1556 609 1767 676 NW?“

196 719 269 762 v1,
293 703 373 762 εἰς
406 701 473 768 ἢν
499 703 592 754 καὶ
626 703 654 754 ὁ
689 700 893 768 γλυκὺς
923 699 1202 770 συμϐολήν
1236 718 1356 753 τινα
1385 700 1765 769 παραμίγνυσι

196 795 465 863 γάλαμοςο
521 793 598 845 ἔτι
631 811 694 861 γε
749 796 858 864 μὴν
891 799 982 847 καὶ
1025 799 1051 849 ό
1098 797 1316 859 στὺφων
1344 793 1538 863 χυλόςο
1577 792 1692 843 ἐστι
1721 789 1765 843 δ’

193 887 313 938 ὅπου
375 885 470 936 καὶ
528 885 713 956 ἡρέμα
777 887 902 951 ὀξὺς
936 889 965 939 ὁ
998 888 1262 957 κρίθινος.
1320 886 1382 939 El
1417 885 1474 938 δὲ
1514 884 1608 936 καὶ
1637 882 1767 951 οῖνῳ

195 979 511 1049 προσδεήσει
543 983 874 1050 χρήσασθαι,
907 981 1024 1035 ἀλλ’
1069 984 1276 1043 ἐκεῖνος
1308 978 1582 1048 ἀγλευκής
1607 992 1622 1008 ο
1671 976 1768 1028 καὶ

192 1071 366 1138 ὀξίνης
416 1071 694 1141 ἐκίρνατο,
740 1073 975 1135 καὶτοῖς
1006 1072 1250 1126 πλείοσιν
1280 1072 1602 1142 ἀπρόσιτος.
1657 1067 1768 1120 Καὶ

193 1158 250 1233 ἦν
277 1160 444 1214 τοῦτο
491 1161 774 1224 βασιλικοῦ
831 1164 1106 1233 κρατῆρος
1154 1162 1447 1231 ἐπίσημον,
1478 1162 1578 1227 οὐχ
1625 1157 1768 1210 οῦτω

191 1254 467 1323 χαίροντος
495 1253 587 1306 τοῦ
613 1252 878 1323 βασιλέως
908 1255 985 1324 τῷ
1017 1255 1222 1324 πόματι
1246 1254 1328 1323 (οὐ
1360 1254 1466 1322 γὰρ
1494 1252 1592 1321 ἡδὺ
1616 1250 1675 1303 τὸ
1701 1252 1767 1319 τῇ

191 1349 371 1413 γεύσει
411 1346 486 1414 μὴ
518 1345 832 1416 προσηνὲς),
866 1346 989 1398 ὅσον
1036 1341 1192 1414 οἶμαι
1224 1341 1768 1412 καταμηχανωμένου

190 1437 275 1506 τῆς
312 1438 455 1502 ἄγαν
487 1437 741 1504 ὀρέξεως.
777 1437 885 1490 Καὶ
931 1434 1048 1489 οἶδα
1087 1436 1224 1505 πρὸς
1263 1433 1554 1502 ἁκρίὸειαν
1597 1435 1771 1500 ἀσκη-

191 1531 282 1589 τὰς
313 1529 517 1597 ἄνδρας
546 1526 790 1580 τοιοῦτον
820 1529 1038 1590 ἑαυτοῖς
1068 1525 1443 1596 οἰνοχοοῦντας
1490 1523 1768 1591 κέρασμα,

191 1622 257 1681 ὼς
289 1618 358 1672 ἂν
386 1617 834 1686 κατευμεγεθῶσι
865 1617 961 1671 καὶ
995 1618 1150 1671 αὐτοὶ
1179 1617 1273 1670 τοῦ
1306 1616 1453 1668 ἔνδον
1480 1612 1698 1683 ἐχθροῦ.

255 1710 354 1764 νθ’.
388 1711 585 1762 Στάσιν
616 1708 670 1761 δὲ
703 1709 912 1779 ὀρθίαν.
967 1710 994 1762 ὃ
1026 1711 1090 1779 δὴ
1114 1710 1208 1762 καὶ
1253 1707 1475 1780 ἐρρέθη,
1509 1705 1643 1758 ὡσεὶ
1679 1702 1771 1755 καὶ

190 1802 319 1854 κίων
354 1802 798 1870 ὲκπονησάμενος
845 1802 1122 1870 ἀστραϐὴς
1153 1802 1248 1852 καὶ
1290 1796 1611 1866 ἀναστηλῶν
1641 1797 1768 1848 ἐαυο

1875 604 2014 655 liciis
2042 604 2225 656 vivere
2253 614 2468 672 oportet
2493 607 2557 657 ad
2580 608 2869 672 quamdam
2905 613 3198 678 voluptatis
3238 615 3460 680 vigilan-

1870 696 1998 747 tiam
2016 695 2341 763 sapientem,
2357 711 2479 749 cum
2496 712 2598 765 qua
2617 697 2792 750 dulcis
2805 702 3252 768 compositionem
3273 721 3462 771 qnam-

1870 787 1993 840 dam
2016 789 2206 841 miscet
2229 789 2504 853 calamus;
2524 790 2702 842 adhuc
2727 802 2780 842 et
2803 798 3110 860 astringens
3130 803 3214 848 est
3234 812 3453 862 succus;

1870 881 2170 948 aliquando
2232 880 2427 933 leviter
2466 883 2680 935 acidum
2739 883 3030 939 hordeum.
3071 885 3124 939 Si
3165 904 3291 942 vero
3325 893 3457 944 vino

1871 973 1947 1024 uti
1968 971 2177 1039 egebat,
2199 971 2329 1025 illud
2348 973 2600 1025 acerbum
2620 976 2871 1042 sumpsit;
2892 986 2944 1030 et
2963 992 3223 1033 aceseeus
3239 981 3458 1034 mistum

1872 1062 2050 1116 fuerat
2070 1064 2408 1133 etplertsque
2438 1064 2640 1118 idcirco
2661 1082 2993 1136 repugnans.
3015 1068 3166 1136 Regii
3191 1085 3373 1125 autem
3397 1075 3464 1125 il-

1871 1150 1963 1206 lud
1984 1155 2162 1221 poculi
2187 1153 2400 1221 insigne
2428 1162 2567 1217 erat,
2589 1169 2698 1206 non
2734 1158 3142 1225 tamgeiudentis
3171 1161 3316 1229 regis
3337 1174 3465 1229 potu

1872 1246 2017 1311 (non
2055 1246 2201 1300 enim
2254 1257 2339 1300 est
2392 1255 2610 1317 gratum
2661 1248 2806 1315 quod
2855 1251 3036 1316 palato
3073 1250 3466 1321 injucundumj

1871 1341 2295 1408 quam,opinor_,
2333 1349 2704 1409 temperanter
2731 1341 3076 1410 disponentis
3107 1347 3332 1399 llitllillm
3363 1363 3462 1416 ap-

1877 1430 2129 1496 petitum.
2185 1428 2322 1482 Novi
2359 1428 2428 1482 ad
2459 1431 2812 1486 severitatem
2845 1445 2905 1486 se
2955 1445 3278 1491 exercentes
3317 1437 3467 1492 viros

1875 1521 2036 1572 talem
2070 1521 2175 1574 sibi
2230 1521 2525 1576 infundere
2569 1522 2880 1588 misturam,
2919 1539 3024 1593 qua
3057 1525 3112 1580 in
3150 1527 3467 1584 interiorem

1875 1608 2085 1662 hostem
2120 1609 2394 1663 dominari
2421 1610 2661 1678 possint.

1945 1697 2035 1753 59.
2073 1700 2268 1756 Standi
2295 1717 2425 1756 vero
2461 1702 2683 1757 modum
2726 1714 3029 1766 arrectum,
3070 1709 3219 1775 quod
3253 1709 3462 1764 d:ctn-.n

1875 1799 1980 1854 est,
2020 1794 2164 1844 sicut
2215 1792 2474 1846 columna
2517 1795 2766 1848 retinens
2803 1795 3042 1859 directa,
3075 1798 3158 1852 sic
3201 1789 3277 1853 ad.
3305 1807 3459 1855 ιιιιυις

187 1896 275 1944 τὸν
319 1896 412 1944 καὶ
449 1891 590 1944 οῦτω
627 1893 762 1960 πρὸς
808 1892 1084 1956 εὔκλειαν,
1144 1887 1224 1954 οἷς
1271 1893 1481 1960 ἀνεῖχεν
1511 1888 1646 1960 ὑψοῦ
1703 1889 1769 1940 τὰ

1879 1882 1979 1934 lem
2012 1883 2258 1936 habitum
2320 1901 2377 1937 se
2412 1899 2751 1954 componens
2815 1886 2867 1939 in
2906 1899 3176 1956 quantum
3208 1891 3262 1944 in
3292 1893 3463 1945 altum

189 1986 456 2052 ἡμέτερα.
484 1985 686 2051 γόνατα
719 1985 993 2051 κάμπτειν
1022 1979 1180 2043 αὖθις
1235 1981 1356 2052 Θεῷ
1380 1982 1545 2050 εὐχῆς
1597 1981 1765 2048 λόγῳ,

187 2077 278 2128 καὶ
322 2075 472 2128 οῦτω
503 2077 823 2146 πρεπόντως
873 2074 1232 2142 ἀφοσιοῦσθαι
1278 2075 1340 2126 τὸ
1383 2070 1766 2140 γουνάζεσθαι,

185 2168 484 2238 ἀρχετύπῳ
511 2169 852 2239 παράμιλλος
875 2165 942 2238 ἦν
974 2167 1050 2236 τῷ
1083 2168 1304 2237 μεγάλῳ
1328 2164 1521 2232 ἐκείνῳ
1551 2161 1764 2229 δικαίῳ,

186 2251 359 2327 οὗπερ
413 2258 464 2310 οἱ
496 2257 604 2308 τῶν
656 2256 899 2324 γονάτων
956 2255 1108 2308 τύλοι
1162 2255 1222 2306 τὸ
1264 2255 1436 2323 συχνὰ
1472 2249 1767 2320 γονυπετὲς

183 2351 468 2420 ἠγόρευον.
503 2348 604 2403 Καὶ
641 2349 786 2401 οῦτω
817 2347 878 2400 τὸ
925 2349 982 2399 ἐν
1037 2346 1436 2416 ἁριστεύμασιν
1476 2344 1768 2412 ἀνάστημα

183 2441 670 2512 πεπραγμάτευτο.
706 2440 840 2493 Οὐδὲ
877 2441 986 2508 γὰρ
1015 2440 1183 2509 ἐχρῆν
1212 2437 1304 2490 τὸν
1333 2438 1411 2498 είς
1442 2436 1573 2488 Θεὸν
1602 2451 1769 2486 κατα-

183 2533 411 2586 νεύοντα
434 2533 514 2604 μὴ
567 2530 1057 2600 κατεξανίστασθαι
1083 2531 1194 2585 τῶν
1222 2530 1456 2602 ἐχθρῶν,
1499 2527 1632 2599 μηδέ
1662 2527 1769 2579 τῶν

183 2624 243 2692 ἐξ
271 2625 440 2694 ὕψους
466 2623 610 2679 οὕτω
656 2624 872 2696 μακροῦ
905 2627 1098 2679 ἐαυτὸν
1128 2623 1494 2679 ταπεινοῦντα
1549 2619 1624 2690 μὴ
1653 2618 1771 2671 Θεό-

184 2717 278 2770 θεν
328 2715 614 2786 ὑψοῦσθαι,
669 2717 762 2770 καὶ
803 2717 896 2771 τοῦ
929 2719 1093 2787 μέχρι
1134 2716 1230 2769 καὶ
1257 2717 1337 2777 είς
1379 2713 1484 2781 γῆν
1513 2726 1767 2765 ταπεινοο

183 2809 345 2864 ποιοῦ
373 2810 798 2880 ἁντιλαμὸάνειν
842 2808 1044 2879 ὕψωμα
1073 2807 1324 2870 εὐκλείας
1354 2804 1627 2873 οὐράνιον.

255 3074 323 3144 ξ’.
349 3076 424 3129 Τὸ
451 3076 508 3128 δὲ
547 3076 857 3146 βαδιστικὸν
893 3073 1144 3127 ἐντεῦθεν
1178 3073 1578 3142 διαδεχόμενον,
1630 3070 1767 3125 ἀλλὰ

182 3169 284 3222 καὶ
325 3168 457 3221 αὐτὸ
502 3168 825 3237 καρτέρημα
852 3161 938 3237 ἧν.
973 3166 1047 3217 Οὐ
1081 3166 1189 3235 γὰρ
1221 3165 1458 3218 ἀνέπαυε
1503 3162 1768 3231 λιπαροὺς

1878 1982 2061 2026 ucstra
2091 1975 2375 2040 sustinuit,
2411 1977 2606 2030 deinde
2643 1994 2817 2047 genua
2866 1978 2976 2034 Deo
3026 1979 3246 2037 ﬂectere
3277 2001 3471 2053 prera-

1879 2065 2086 2116 tiouum
2135 2068 2331 2134 gratia,
2365 2078 2419 2119 et
2459 2068 2540 2120 sic
2580 2075 2840 2122 decenter
2892 2075 3202 2127 consecrari
3245 2076 3464 2130 modum

1878 2158 2201 2225 suppliciter
2225 2173 2400 2227 genua
2433 2158 2704 2212 ﬂectendo
2739 2163 2957 2226 orandi,
2990 2165 3289 2237 archetypo
3323 2184 3465 2238 pra:-

1878 2249 2084 2300 cellens
2135 2262 2254 2302 erat
2311 2265 2506 2320 magno
2543 2251 2833 2320 illojusto,
2876 2253 3036 2321 cujus
3066 2272 3304 2326 genuum
3335 2263 3463 2316 calli

1881 2340 2321 2395 testiiicabantur
2346 2343 2491 2411 quod
2521 2341 2841 2411 frequenter
2871 2361 3049 2416 genua
3070 2348 3344 2407 flectebat.
3374 2353 3467 2409 Sic

1878 2431 1932 2483 in
1968 2433 2176 2500 Optime
2198 2434 2367 2500 gestis
2403 2433 2767 2488 elevationem
2804 2449 3029 2493 servare
3050 2441 3321 2510 placebat.
3346 2443 3465 2500 NOn

1876 2524 2024 2576 enim
2074 2524 2362 2593 Oportebat
2399 2540 2524 2580 eum
2555 2527 2650 2596 qui
2679 2541 2739 2581 se
2769 2538 2896 2582 ante
2926 2529 3102 2584 Deutn
3137 2532 3470 2590 bumiliabat

1877 2630 1983 2666 non
2034 2615 2320 2686 insurgere
2355 2617 2409 2671 in
2461 2617 2667 2681 hustes,
2707 2633 2809 2673 nec
2863 2636 2988 2675 eum
3027 2624 3122 2694 qui
3179 2636 3302 2694 post
3342 2637 3466 2682 tan-

1877 2715 1986 2758 tam
2019 2707 2377 2763 elevationem
2410 2710 2732 2765 bumilzatus
2758 2727 2866 2764 non
2886 2713 2954 2767 ad
2983 2715 3148 2770 Deum
3173 2719 3466 2778 exaltatur.

1873 2810 1928 2849 et
1956 2812 2052 2865 pro
2086 2797 2289 2853 virtute
2341 2814 2448 2868 qua
2487 2818 2545 2855 se
2601 2817 2776 2870 usque
2809 2802 2876 2856 ad
2911 2813 3112 2860 terram
3167 2809 3467 2877 abjiciebat

1875 2891 2368 2944 remunerationem
2406 2892 2658 2961 accipere
2702 2893 3092 2950 exaltationem
3127 2900 3316 2969 gloria:
3347 2918 3437 2956 cu:

1877 2980 2092 3033 lestem.

1947 3076 2036 3127 60.
2067 3075 2226 3140 Quod
2263 3091 2394 3130 vero
2438 3077 2578 3131 bene
2636 3076 2951 3144 incedebat,
3002 3079 3131 3135 imle
3180 3097 3464 3153 receptum

1878 3179 1988 3218 non
2029 3168 2221 3218 minus
2258 3165 2526 3234 sapientis
2549 3167 2654 3222 viri
2709 3168 2944 3223 cilicium
3002 3181 3142 3226 eiat.
3169 3171 3286 3226 Non
3321 3178 3468 3230 enim

183 3265 357 3326 *ὀδας
386 3263 772 3327 εἰλαπινάζων,
802 3264 922 3315 οὐδὲ
951 3261 1117 3314 ῖππου
1161 3261 1454 3332 κουφότητι
1477 3260 1767 3330 αἰρομένου
1798 3249 1802 3280 ¹

1877 3260 2123 3312 cessavit
2181 3259 2414 3328 pingues
2448 3261 2615 3328 pedes
2650 3262 2718 3313 ad
2767 3263 3017 3331 apricum
3052 3264 3334 3333 proferre,
3370 3284 3469 3322 nec

182 3357 328 3427 πρὸς
356 3357 518 3424 τάχος
567 3357 738 3408 εἰσαεὶ
791 3356 917 3416 τοὺς
960 3355 1192 3424 δρόμους
1231 3355 1538 3406 ἐπίστευεν.
1608 3351 1771 3404 Ἀλλὶ

181 3448 391 3517 δεῆσαν
419 3450 544 3508 τους
589 3447 950 3517 πεζτιδρομεῖν
982 3445 1442 3515 ἐπιστημονικοῦς
1490 3444 1774 3514 παρήλαυ-

182 3557 302 3600 νεν.
334 3538 435 3591 οῦκ
477 3538 724 3601 ἀπαξιῶν
753 3537 814 3590 τὸ
839 3537 1004 3600 πεζὸν
1053 3537 1193 3589 κατὰ
1218 3537 1279 3590 τὸ
1308 3537 1476 3589 πάλαι
1509 3534 1774 3606 Περσικὸν

183 3629 536 3701 ὑψηλόφρον,
570 3623 649 3690 οἷς
677 3629 839 3698 ἡρεσε
870 3629 1369 3698 νομοθετῆσαιδίχα
1403 3627 1496 3680 τοῦ
1535 3627 1654 3679 κατ’
1701 3627 1776 3678 ol-

183 3722 318 3774 κίαν
348 3722 654 3789 περιπάτου
715 3721 909 3789 λοιπὴν
935 3719 1161 3789 πορείαν
1183 3719 1267 3788 ἐφ’
1293 3720 1461 3770 ῖππου
1489 3717 1737 3771 τίθεσθαι
1758 3732 1772 3746 ’

181 3812 328 3864 ἀλλά
366 3815 485 3874 ταῖς
521 3813 621 3880 μὲν
655 3813 943 3878 ἀνάγκαις,
990 3812 1086 3863 καὶ
1128 3812 1217 3864 ὅτε
1255 3810 1313 3862 δὲ
1344 3810 1626 3878 θρίαμὸοι,
1679 3809 1777 3875 τὴν

187 3905 462 3959 ἱππασίαν
489 3906 776 3976 ἐγκρίνων,
811 3905 904 3957 τοῦ
934 3906 990 3958 δὲ
1020 3905 1207 3956 λοιποῦ
1240 3907 1364 3956 ποσὶ
1391 3903 1672 3973 χρώμενος
1697 3905 1778 3965 είς

182 3998 252 4051 τὸ
276 3998 564 4067 καρτερόν.

265 4173 368 4239 Ea’.
394 4175 551 4228 Οὕτω
573 4176 640 4227 τὰ
666 4177 788 4237 τοὺς
815 4173 1043 4237 πολλοὺς
1065 4173 1362 4238 λυποῦντα,
1408 4176 1501 4227 καὶ
1549 4174 1627 4245 τῷ
1662 4177 1758 4226 ἐνα

183 4269 376 4336 γωνίῳ
411 4264 771 4335 πικράζοντα,
808 4265 1107 4334 κατεκίρνα
1138 4264 1522 4333 γλυκάσμασιν
1557 4268 1784 4350 ἀρετῆς,

185 4361 285 4428 ὑφ’
316 4354 384 4430 ἦς
414 4361 507 4412 καὶ
547 4361 609 4411 τὸ
641 4358 962 4422 ἀνεξίκακον
1015 4359 1322 4429 ἐπορίζετο,
1377 4361 1788 4429 νωθρευόμενος

1889 3365 2033 3418 equo
2097 3349 2358 3403 velociter
2419 3354 2664 3404 currenti
2722 3353 2794 3407 Ob
2847 3355 3184 3410 celeritatem
3243 3374 3468 3429 semper

1872 3441 2228 3496 decursiones
2263 3442 2625 3511 praescripsit.
2648 3442 2753 3498 Sed
2787 3444 2878 3498 uli
2917 3449 3206 3514 Oportebat
3232 3465 3328 3506 eos
3379 3468 3470 3520 qm

1875 3536 2083 3588 assueti
2107 3542 2264 3588 erant
2288 3535 2522 3602 pedibus
2548 3551 2776 3590 currere
2829 3538 3317 3608 prmgrediebatur,
3356 3558 3464 3597 non

1875 3626 2157 3693 indignum
2177 3627 2278 3680 iter
2291 3627 2542 3696 pedestre
2561 3630 2985 3698 reputansjuxta
3005 3642 3242 3687 veterem
3274 3635 3470 3690 Persa-

1877 3733 1996 3772 rum
2022 3724 2487 3783 morem,quibus
2517 3720 2721 3788 placuit
2777 3723 2926 3777 domi
2979 3724 3194 3792 quidem
3242 3727 3473 3795 pedibus

1879 3813 1961 3866 uti
1991 3812 2060 3865 ad
2093 3813 2583 3877 deamliulandmu,
2627 3816 2682 3868 in
2712 3822 2925 3870 ca‘teris
2958 3829 3138 3872 autem
3174 3820 3466 3876 itiner-ibus

1880 3919 2024 3974 equo
2063 3919 2279 3973 semper
2313 3903 2461 3966 vehi.
2497 3907 2590 3958 scd
2626 3907 2679 3960 in
2713 3909 3140 3964 necessitatibus
3165 3921 3220 3966 et
3247 3915 3471 3982 quando

1885 3996 2209 4066 triumphus
2228 3997 2625 4064 equitationem
2664 4001 3006 4064 adiuittebat,
3032 4003 3100 4057 de
3137 4014 3340 4061 caetero
3373 4023 3471 4078 pe-

1893 4086 2058 4139 dibus
2092 4094 2314 4140 strenue
2341 4085 2441 4140 uti.

1957 4180 2019 4232 tii
2035 4217 2049 4232 .
2077 4177 2169 4232 Sic
2187 4194 2310 4247 qua:
2331 4178 2517 4232 multis
2539 4192 2848 4232 aerumnosa
2869 4189 2996 4233 sunt
3019 4191 3075 4234 et
3097 4187 3144 4234 el
3170 4182 3262 4251 qui
3299 4195 3446 4240 certa
3464 4215 3478 4224 -

1893 4270 2136 4324 minibus
2209 4268 2554 4324 assuefactus
2595 4279 2680 4324 est
2726 4285 2912 4324 amara
2959 4274 3296 4342 temperabat
3349 4278 3480 4330 mis-

1889 4375 2017 4414 cens
2076 4359 2292 4413 virtmis
2354 4359 2769 4426 dulcedinibus,
2837 4377 2948 4430 qua
3007 4363 3073 4415 ad
3136 4366 3476 4421 sanationem

183 4450 316 4505 κατ’
350 4450 508 4519 ὀρθὸν
535 4449 695 4516 λόγον
722 4452 802 4512 είς
830 4449 1067 4518 ἄμυναν,
1090 4449 1186 4502 καὶ
1210 4450 1400 4518 καιρὸν
1433 4454 1512 4511 εἰς
1537 4454 1789 4521 ἐπιστρο-

1893 4453 2263 4520 perveniebat;
2303 4452 2687 4520 languescens,
2719 4453 2872 4521 juxta
2925 4469 3132 4509 rectam
3184 4458 3477 4525 rationem,

186 4542 304 4611 φῆν
333 4540 568 4603 ἐνδιδοὺς
615 4543 728 4602 τοῖς
759 4541 986 4602 ἑαυτοὺς
1013 4541 1424 4610 ἀποστρέψασιν
1456 4545 1535 4603 εἰς
1584 4543 1780 4609 φαυλό-

1894 4544 1962 4596 ad
2030 4545 2326 4597 vindictam
2376 4552 2432 4596 et
2486 4559 2702 4613 tempus
2745 4543 2812 4598 ad
2859 4549 3278 4602 conversionem
3339 4550 3480 4605 dans

181 4651 369 4703 τητα,
423 4633 514 4685 τὸν
548 4635 775 4702 Σωτῆρα
824 4633 1059 4703 Χριστὸν
1091 4633 1273 4702 ἐαυτῷ
1312 4635 1589 4687 κάνταῦθα
1626 4640 1779 4703 προῖ-

186 4723 339 4777 στῶν
372 4724 452 4786 είς
480 4723 788 4793 ἀρχέτυπον
824 4724 1134 4794 μιμήσεως,
1168 4725 1260 4776 τὸν
1308 4726 1402 4776 καὶ
1438 4727 1532 4777 ἐπί
1563 4728 1779 4778 πάντων

181 4815 346 4878 ὅντα,
376 4817 470 4868 καὶ
526 4817 744 4867 πάντων
785 4814 1161 4884 προνοητικῶς
1193 4815 1522 4884 ἀνεχόμενον
1543 4832 1556 4844 ο
1595 4810 1655 4867 οὗ
1687 4818 1780 4869 καὶ

181 4908 251 4958 τὸ
279 4905 579 4975 αὐτουργὸν
608 4908 880 4976 ἐμιμεῖτο,
918 4907 1014 4956 καὶ
1047 4907 1107 4958 τὸ
1147 4908 1204 4958 ἐν
1234 4907 1415 4975 ἔργοις
1465 4907 1780 4958 αὐτοδιακο-

183 5013 306 5057 νον,
339 4997 435 5046 καὶ
460 4996 694 5065 μάλιστα
728 4998 840 5056 τοῖς
873 4997 1168 5064 μεγίστοις.
1192 4997 1266 5048 Οὐ
1299 4998 1406 5065 γὰρ
1434 4997 1591 5067 ἤθελε
1621 4999 1777 5066 χερσὶ

191 5086 296 5155 μὲν
332 5087 548 5154 ἑτέραις
573 5087 924 5138 ἐκπονεῖσθαι
955 5088 1015 5138 τὸ
1047 5089 1227 5150 καλὸν,
1263 5090 1425 5139 αὑτὸν
1457 5089 1513 5140 δὲ
1542 5091 1652 5150 τοῖς
1689 5090 1780 5140 ἀν-

184 5179 617 5249 δραγαθήμασιν
662 5179 1091 5249 ἐπιγράφεσθαι,
1137 5181 1247 5232 οὐδ’
1292 5181 1464 5242 ἀκοὰς
1493 5179 1777 5248 παραϐαλ-

183 5270 310 5320 λειν
351 5272 464 5330 τοῖς
501 5267 800 5336 βασιλικοῖς
830 5270 1149 5338 πρακτέοις,
1205 5270 1521 5339 ὀρθαλμοὺς
1556 5271 1602 5322 δ’
1651 5275 1774 5323 ἐπι-

188 5361 437 5423 ϐάλλειν,
483 5365 575 5413 καὶ
606 5362 761 5430 χερσὶ
815 5361 1175 5414 καταϐάλλειν
1213 5363 1272 5414 τὸ
1303 5365 1702 5432 ἀντικείμενον.

266 5542 367 5611 ἒβη

188 5638 324 5692 ενῐια
349 5655 428 5706 τῳ
460 5636 675 5706 στρατῷ
707 5637 878 5698 ἄλλως
905 5647 971 5706 ὴν
999 5651 1240 5703 αρυκτον
1263 5653 1277 5667 ο
1330 5639 1422 5690 καὶ
1450 5639 1622 5700 διὸοὺς
1648 5640 1774 5690 ἐαυ-

437 5544 651 5610 ’Δμέλει
708 5544 802 5595 καὶ
854 5543 1116 5605 κινδύνοις
1168 5545 1359 5598 ἐαυτὸν
1405 5544 1774 5609 παρενετίθει,

185 5734 288 5785 τὸν
309 5733 412 5794 ἓως
434 5734 526 5784 καὶ
548 5735 626 5794 εἰς
659 5732 909 5794 θάνατον,
939 5734 1333 5800 κατηλλάττετο
1358 5738 1467 5797 τοῖς
1487 5736 1689 5798 λοιποῖς
1719 5741 1778 5787 τό

193 5822 495 5885 σώζεσθαι.
535 5822 704 5878 Ὅθεν
740 5827 834 5880 καὶ
879 5827 1245 5895 ἐφλοτιμείτο
1299 5833 1408 5892 τοῖς
1455 5831 1538 5882 διὰ
1576 5837 1771 5896 παντὸς

1885 4637 1953 4690 iis
2025 4637 2116 4705 qui
2165 4637 2218 4689 in
2284 4636 2551 4689 vilitatem
2605 4637 3061 4702 declinaverunt,
3129 4639 3476 4696 Salvatorem

1879 4726 2160 4780 Christum
2191 4726 2294 4780 sibi
2326 4727 2413 4779 hic
2445 4742 2756 4796 prOpouens
2797 4730 3126 4785 imitationis
3153 4735 3434 4801 exemplar
3455 4772 3474 4797 ,

1877 4834 2002 4872 eum
2043 4821 2134 4885 qui
2168 4834 2332 4886 super
2360 4833 2552 4872 omnes
2585 4827 2669 4874 est
2696 4829 2750 4874 et
2771 4823 3131 4889 'providentia
3159 4838 3259 4878 sua
3283 4840 3475 4880 omnes

1878 4910 2147 4970 continet,
2199 4909 2360 4976 cujus
2419 4911 2588 4961 vitam
2655 4912 2989 4965 laboriosam
3032 4915 3384 4982 exprimebat
3421 4927 3476 4969 ut

1879 5006 2115 5059 hominis
2137 5005 2230 5072 qui
2263 5003 2315 5058 iu
2343 5009 2601 5073 operibus
2627 5042 2642 5068 .
2708 5009 3011 5075 praesertim
3043 5009 3095 5062 in
3161 5011 3417 5065 maximis
3447 5027 3480 5064 a

1879 5096 2101 5150 nomine
2132 5096 2310 5164 juvari
2346 5096 2580 5150 volebat.
2631 5095 2820 5152 Noluit
2852 5100 2994 5153 enim
3037 5100 3232 5155 alienis
3258 5102 3477 5170 quidem

1879 5189 2132 5245 inanibus
2159 5189 2418 5258 pulchras
2453 5192 2698 5246 actiones
2731 5192 3002 5247 laboriose
3032 5197 3276 5263 Operari,
3307 5211 3479 5263 seque

1889 5291 2071 5336 autem
2131 5285 2334 5350 ubique
2366 5284 2546 5334 virum
2588 5283 2784 5337 fortem
2816 5285 3080 5354 praebere,
3107 5302 3206 5341 nee
3233 5289 3478 5341 atldillﬂll

1882 5376 2048 5444 regiis
2109 5377 2368 5444 Operibus
2425 5385 2702 5441 piaastare,
2747 5378 2939 5431 oculos
2999 5393 3130 5432 vero
3180 5378 3404 5447 injicere
3425 5391 3480 5434 et

1884 5466 2138 5518 manibus
2191 5466 2504 5534 Oppositum
2555 5466 2848 5536 projicere.

1953 5559 2042 5611 ΟΞ.
2074 5559 2261 5625 Itaque
2287 5559 2546 5626 periculis
2576 5575 2634 5611 se
2651 5559 2943 5628 ohjiciebat
2963 5560 3051 5611 ubi
3082 5562 3360 5614 exercitus
3379 5562 3449 5614 ali

1893 5661 1971 5704 ter
2015 5649 2216 5703 salvari
2278 5665 2384 5703 non
2425 5659 2664 5720 poti-rat,
2697 5666 2868 5718 seque
2903 5667 3083 5721 usque
3133 5653 3197 5705 ad
3249 5661 3462 5707 morten

1881 5758 2176 5810 exponens,
2209 5743 2450 5811 reliquos
2471 5746 2683 5798 salvari.
2697 5745 3062 5810 permittebat.
3091 5744 3302 5801 Exinde
3337 5747 3462 5801 inte:

1882 5837 2081 5891 dilecta
2129 5844 2181 5890 et
2236 5852 2397 5906 super
2436 5839 2616 5890 omnia
2679 5838 2914 5892 habebnt
2971 5841 3222 5907 corporis
3251 5842 3456 5895 vulner;
