4212 6440
194 435 319 503 1021

967 439 1371 500 MANUELIS
1410 436 1756 500 COMNENI
1806 433 2200 499 ιΑυυΑΤιΟ
2237 437 2647 502 FUNEBRIS.

3317 440 3459 507 1022

190 557 594 627 πραττομένοις
621 529 1063 627 ἐπιδεδημηκώς.
1101 556 1454 627 Ἀλεξάνδρου
1483 556 1642 609 τοῦτο
1682 572 1776 625 με-

1878 552 1968 609 bet
2023 554 2246 622 regione
2314 554 2567 609 Herculis
2626 554 2889 608 miracula
2943 554 3267 610 confutavit.
3320 554 3456 612 Nam

192 649 653 717 γαλούργημα,δς
679 649 853 717 (ἔστιν
874 650 1049 701 εἰπεῖν
1078 649 1237 717 ὅπου)
1270 650 1329 700 τὸ
1365 646 1773 717 τοῦἭρακλέος

193 742 391 809 σεμνὸν
418 741 751 811 άπήλεγχεν.
800 740 1007 794 Αὐτίκα
1049 742 1158 809 γάρ
1211 742 1238 791 ὁ
1281 740 1381 808 μὲν
1420 738 1521 808 τὴν
1548 741 1775 807 Ἄορνον

193 833 393 899 (πέτρα
415 830 473 884 δὲ
492 829 654 901 αὕτη,
688 830 781 884 τὸν
810 833 972 885 Ἰνδὸν
1006 832 1254 900 ποταμὸν
1281 832 1631 900 ὑπομένουσα
1654 830 1772 893 ταῖς

194 925 376 992 ῥίζαις
403 926 952 995 προσαρασσόμενον)
1003 926 1146 977 ἑλεῖν
1173 927 1277 977 οὐκ
1305 925 1488 994 ἔσχεν,
1537 927 1619 987 είς
1654 925 1773 993 τρὶς

195 1016 293 1084 μὲν
333 1018 684 1088 προσσαλὼν,
743 1017 1077 1079 τοσαυτάκις
1131 1019 1209 1083 δὲ,
1261 1017 1447 1086 φησὶν,
1500 1020 1775 1087 ἀποκρου-

192 1109 376 1171 σθείςο
418 1109 770 1180 Ἀλέξανδρος
794 1111 851 1163 δὲ
885 1112 1122 1176 εἰσάπαξ
1163 1108 1582 1178 προσὸεόηκὼς,
1628 1102 1774 1163 εἷλεν

189 1200 493 1269 ἐγκρατῶς.

257 1291 355 1355 ξε⁸.
391 1292 455 1343 Εἰ
488 1291 586 1361 μὲν
613 1291 707 1345 οῦν
762 1292 901 1362 πρὸς
942 1291 1168 1355 πολλαῖς
1209 1292 1320 1346 τῶν
1353 1294 1566 1346 πόλεων
1620 1290 1773 1344 πόλλ’

187 1385 464 1454 ἐμόγησεν
494 1386 523 1436 ὁ
550 1385 822 1454 ἡμέτερος
856 1385 1129 1454 βασιλεὺς,
1172 1387 1480 1457 ,πολιορκίᾳ
1519 1387 1773 1455 τριϐόμε-

186 1494 297 1540 νος,
331 1476 574 1544 πολέμου
610 1477 773 1544 νόμος
824 1478 922 1529 καὶ
960 1476 1141 1531 τοῦτο.
1180 1477 1337 1547 Ἔχει
1380 1477 1439 1530 δὲ
1468 1479 1499 1545 ἠ
1533 1494 1773 1547 συγγρα-

187 1569 285 1635 φὴ,
319 1570 414 1622 καὶ
444 1568 510 1632 ἃς
541 1569 658 1637 ἅμα
706 1586 768 1622 τι
806 1565 939 1631 εἶδε,
974 1570 1069 1623 καὶ
1101 1572 1205 1633 τὰς
1268 1570 1365 1640 μὲν
1410 1571 1769 1641 κατέρριψεν,

187 1664 321 1724 ὅσας
361 1662 462 1716 οὐκ
498 1663 667 1731 ἐχρῆν
727 1662 1004 1724 ίστασθαι,
1061 1664 1161 1726 τὰς
1192 1662 1249 1715 δὲ
1278 1661 1493 1730 ἀφῆκεν
1526 1664 1769 1727 ἑστάναι,

186 1755 338 1817 ὅσαις
362 1756 423 1806 τὸ
473 1755 748 1806 συντελεῖν
783 1755 917 1823 πρὸς
956 1754 1115 1824 ἡμῶν
1135 1748 1225 1823 ἦν.
1270 1753 1529 1822 Ἀριθμὸν
1558 1754 1615 1806 δὲ
1650 1754 1774 1807 τού-

186 1863 300 1910 τοις
326 1846 623 1915 ἐπιστῆσαι
658 1849 1045 1917 συγγραφικῆς
1075 1847 1239 1917 ἔργον
1289 1847 1647 1915 λεπτολογίας
1676 1848 1770 1899 καὶ

1879 644 1967 699 hic
2004 645 2227 713 quidem
2282 646 2561 700 Avernum
2598 646 2880 716 (scopulus
2905 648 2992 702 hic
3033 647 3223 701 ludum
3257 648 3457 703 llumen

1877 735 2141 789 cohibens
2195 735 2475 789 radicibus
2525 737 2818 806 allapsum)
2867 752 3061 806 capere
3115 753 3225 791 non
3270 739 3456 798 valuit.

1885 827 2063 881 tribus
2109 827 2332 895 quidem
2402 828 2616 882 vicibus
2677 830 2922 892 molitus,
2970 830 3129 884 toties
3188 846 3340 889 vero.
3403 844 3458 885 ut

1877 920 2053 983 aiunt,
2109 934 2139 973 a
2193 921 2477 989 propnsito
2516 922 2778 989 dejectus.
2811 920 3124 976 Alexander
3155 934 3334 978 autem
3376 939 3458 977 se-

1878 1012 1982 1066 mel
2009 1014 2281 1067 accedens
2331 1019 2379 1066 vl
2426 1012 2660 1083 subegit.

1946 1273 2034 1328 65.
2065 1271 2257 1344 Itaque
2282 1274 2506 1344 quando
2559 1291 2613 1329 Ill
2664 1275 2918 1346 plurimis
2952 1279 3181 1333 urbibus
3221 1283 3453 1335 multum

1874 1366 2118 1419 laborem
2171 1366 2466 1436 insumpsit
2514 1384 2609 1423 rex
2642 1378 2833 1424 noster
2896 1370 3154 1424 obsidere
3207 1388 3454 1438 couans,

1874 1458 1995 1510 belli
2022 1472 2086 1512 ea
2114 1472 2237 1512 sors
2257 1466 2365 1514 est.
2389 1458 2601 1513 llabeut
2622 1475 2753 1513 vero
2781 1464 3031 1526 annales,
3051 1469 3105 1515 et
3129 1478 3266 1530 quas
3292 1464 3457 1517 simul

1875 1549 2030 1615 vidit,
2084 1549 2183 1604 has
2257 1550 2479 1618 quidem
2541 1550 2744 1604 delevit
2793 1562 3067 1621 quotquot
3129 1567 3277 1610 stare
3344 1572 3455 1611 non

1873 1643 2154 1710 epurtebat
2179 1658 2194 1708 ;
2224 1642 2321 1697 has
2346 1658 2477 1698 vero
2510 1658 2734 1698 manere
2772 1646 2901 1699 sivit
2921 1659 3112 1700 omnes
3138 1663 3260 1714 quas
3294 1648 3454 1703 nobis

1874 1732 2230 1803 adjungcndai
2243 1742 2420 1787 erant.
2443 1733 2650 1789 Horum
2670 1749 2799 1789 vero
2817 1750 3104 1791 numerum
3140 1749 3324 1793 texere
3359 1736 3469 1792 an;

1874 1826 2080 1878 milium
2118 1828 2520 1881 recensentium
2577 1827 2894 1897 singulatim
2926 1840 3009 1884 est
3043 1840 3095 1885 et
3128 1831 3252 1885 libri
3287 1833 3475 1888 totius-

187 1940 317 2008 ὅλης
351 1939 537 1992 δέλτου
574 1939 845 2009 βούλημα.
882 1937 1036 1992 Εἶδον
1071 1916 1275 2011 ἡμέραι
1313 1937 1406 1991 δύο
1441 1939 1571 1992 ποτὲ
1608 1938 1767 1992 πέντε

1877 1933 1986 1971 res.
2018 1916 2283 1971 Viderunt
2312 1919 2431 1972 dies
2457 1922 2566 1974 duo
2595 1921 2725 1975 olim
2757 1923 3007 1991 quinque
3041 1924 3206 1979 urbes
3244 1927 3298 1979 in
3332 1942 3455 1981 ser-

187 2035 377 2097 πόλεις
426 2033 963 2101 ἀνδραποδισάμενοι)
1002 2033 1093 2085 τὸν
1161 2033 1331 2085 πολὺν
1398 2032 1764 2103 Ἀλέξανδρον.

188 2128 300 2182 Καὶ
355 2127 560 2179 τούτων
595 2120 685 2178 οἷα
731 2124 832 2194 μὲν
862 2126 958 2188 τὰς
1001 2129 1150 2195 τρεῖς
1180 2129 1385 2189 ἐκεῖνος
1415 2126 1641 2190 διέθετο,
1669 2126 1770 2179 οὐκ

186 2218 513 2288 ἀκριϐοῦσιν
545 2218 596 2270 οί
646 2219 712 2270 τά
754 2216 979 2270 τοιαῦτα.
1020 2217 1541 2286 φιλοπονησάμενοι.
1606 2218 1676 2269 Αἰ
1704 2233 1768 2283 γε

191 2311 303 2381 μὴν
325 2309 512 2363 λοιπαὶ
548 2308 642 2362 δύο
674 2309 798 2370 τοὺς
839 2309 990 2376 σφῶν
1025 2309 1247 2371 πολίτας
1281 2311 1455 2380 ἄρδην
1492 2312 1771 2384 ἀνῃρημέ-

187 2420 313 2464 νους
341 2402 635 2454 ἔκλαυσαν.
670 2398 781 2455 Καὶ
817 2401 917 2454 οὐκ
952 2397 1069 2454 οἶδα
1107 2404 1207 2470 μὲν
1232 2403 1413 2455 είπεῐν
1446 2405 1585 2473 πρὸς
1617 2406 1773 2473 ἀκρί-

188 2494 367 2557 ϐειαν,
397 2496 479 2561 ιφ*
511 2496 620 2564 ὅτῳ
654 2493 811 2563 κακῷ
839 2494 1254 2563 προϋπάρξαντι
1278 2508 1293 2523 '
1328 2495 1428 2547 οὐκ
1461 2495 1572 2564 [χω
1602 2495 1660 2547 δι
1695 2496 1771 2564 μὴ

185 2587 415 2649 ἀπόρως
442 2588 610 2654 ἔχειν,
659 2587 713 2639 τί
745 2585 865 2639 ποτ’
887 2586 955 2639 ἂν
987 2581 1055 2656 ἦν
1093 2587 1272 2638 έκεῖνο
1321 2586 1486 2655 μέγα,
1526 2586 1554 2640 ὃ
1586 2586 1774 2639 τοσού-

185 2695 302 2741 τοις
338 2676 565 2748 ἀνδράσι
607 2675 891 2746 βασιλείαν
912 2677 1245 2746 ὲζημίωκεν.
1294 2676 1560 2730 Ἐνταῦθα
1586 2677 1643 2730 δὲ
1676 2680 1771 2731 καὶ

185 2771 258 2824 τὰ
296 2769 540 2839 τρόπαια
576 2769 728 2822 οὐδὲν
767 2768 995 2831 ἐλάττω,
1016 2769 1111 2820 καὶ
1148 2770 1211 2822 τὸ
1238 2767 1602 2838 ἁλισκόμενον
1637 2771 1774 2824 ὲσὼ-

186 2862 338 2927 ζετο,
366 2861 465 2914 καὶ
500 2861 872 2930 περιεποιεῖτο
892 2860 973 2922 είς
1006 2858 1484 2928 εὐχρηστούμενον
1507 2877 1519 2891 ο
1562 2860 1650 2913 ἵνα
1678 2862 1773 2913 καὶ

183 2950 354 3018 οὕτω,
404 2950 547 3003 καθὰ
577 2950 673 3003 καὶ
713 2950 906 3003 ἀνόπιν
930 2951 960 3003 6
1005 2949 1165 3017 λόγος
1204 2949 1340 3020 ὀρθῇ
1376 2950 1555 3021 κρίσει
1585 2952 1776 3018 ὲζυγο-

188 3042 399 3107 στάτει,
431 3043 492 3095 τδ
530 3041 675 3103 θεῖον
720 3040 1031 3111 ἑπαύξηται
1081 3041 1366 3096 τάλαντον.
1403 3042 1468 3094 Οἳ
1502 3043 1619 3106 πῶς
1673 3043 1773 3096 οὐκ

186 3136 259 3189 ἂν
279 3132 376 3188 τοῦ
403 3132 593 3187 λοιποῦ
620 3132 763 3202 ὑπὲρ
793 3133 896 3202 τῆς
931 3132 1223 3203 Ῥωμαίων
1241 3136 1346 3205 γῆς
1384 3134 1644 3205 πρόοιντο
1674 3135 1773 3188 καὶ

181 3227 288 3296 τὴν
327 3225 493 3293 ζωὴν,
527 3223 805 3293 ἄνθρωποι
846 3221 1062 3292 θανάτῳ
1117 3222 1220 3292 μὲν
1253 3227 1767 3294 περιτετυχηκότες,

1874 2013 2100 2065 vitutcm
2171 2013 2426 2068 redactos
2502 2030 2533 2067 a
2591 2030 2787 2084 magno
2841 2017 3171 2073 Alexandro.
3209 2017 3453 2085 Quarum

1872 2112 1983 2156 trcs
2037 2102 2254 2171 quidem
2305 2104 2581 2173 quomodo
2631 2106 2901 2170 tractarit,
2933 2121 3039 2161 non
3093 2110 3321 2176 pra-cise
3360 2114 3457 2163 de-

1871 2196 2086 2264 signant
2116 2195 2148 2247 ii
2191 2211 2329 2265 quos
2354 2199 2480 2250 talia
2527 2199 2742 2252 tradere
2778 2200 3050 2254 videmus.
3089 2201 3313 2256 Czeterae
3332 2202 3456 2257 dum

1871 2286 2018 2340 cives
2051 2287 2116 2338 ad
2145 2289 2576 2342 internecionem
2636 2304 2813 2343 caesos
2861 2289 3150 2345 ﬂeverunt.
3185 2291 3295 2346 Nec
3333 2294 3456 2362 qui-

1875 2375 1997 2429 dem
2056 2378 2171 2431 scio
2219 2378 2366 2433 unde
2418 2381 2789 2432 ttarrationem
2844 2382 3106 2435 malorum
3167 2385 3449 2454 incipiam,

1874 2483 2008 2522 sane
2069 2469 2258 2521 nescio
2313 2470 2590 2538 quodnam
2649 2486 2905 2539 magnum
2967 2471 3268 2527 discrimen
3330 2484 3455 2528 tuu-

1875 2568 1962 2615 tos
2044 2560 2190 2615 viros
2264 2576 2434 2631 regno
2499 2564 2744 2630 privarit.
2819 2557 2953 2616 lnibi
3012 2578 3141 2617 vero
3212 2576 3266 2620 et
3333 2575 3452 2621 tro-

1876 2670 1989 2724 pea
2051 2670 2158 2709 non
2205 2656 2442 2719 minora,
2498 2665 2553 2709 et
2616 2656 2770 2724 quod
2803 2669 3025 2724 captum
3076 2667 3156 2710 est
3192 2665 3453 2714 servaba-

1876 2754 1966 2800 tur
2021 2755 2076 2801 et
2133 2747 2520 2801 reservabntur
2556 2748 2624 2800 ad
2684 2748 2968 2801 meliorem
3000 2758 3246 2815 sortem;
3293 2751 3454 2822 idque

1874 2837 2344 2904 quemadmodum
2418 2847 2581 2889 antea
2651 2850 2835 2889 sermo
2907 2848 3055 2892 recta
3112 2839 3454 2908 iudicatione

1875 2928 2184 2983 aestimabat
2257 2926 2607 2997 ponderans,
2696 2925 2943 2980 divinum
3017 2940 3313 2997 augeretur
3369 2940 3454 2985 ta-

1878 3018 2107 3074 lentum.
2156 3017 2259 3085 Qui
2283 3018 2565 3089 quomodo
2614 3032 2725 3071 non
2765 3018 2834 3073 de
2880 3028 3082 3074 caetero
3132 3036 3297 3091 super
3342 3020 3453 3073 Ro.

1879 3125 2167 3164 manorum
2231 3121 2434 3166 terram
2498 3108 2868 3179 projecisseut
2926 3112 3129 3179 vitam,
3204 3115 3454 3169 homines

1879 3215 2110 3257 mortem
2138 3203 2357 3273 quidem
2390 3203 2598 3266 sortiti,
2629 3203 2725 3272 qui
2750 3203 2965 3259 animas
2998 3221 3128 3260 vero
3167 3206 3237 3261 ab
3279 3207 3453 3277 impe-

183 3315 682 3385 πεφιλοτιμημένοι
714 3314 769 3367 δὲ
791 3315 888 3377 τὰς
913 3314 1091 3385 ψυχὰς
1140 3316 1274 3385 πρὸς
1302 3315 1397 3369 τοῦ
1428 3317 1770 3387 αὐτοκράτο-

1878 3307 2061 3352 ratore
2110 3297 2442 3362 habuerunt,
2475 3306 2529 3350 et
2558 3296 2710 3367 large
2738 3311 2799 3352 ea
2836 3313 2958 3366 qua:
2996 3298 3065 3352 ad
3109 3299 3275 3353 vitam
3307 3300 3456 3355 solli-

187 3428 307 3477 po;,
339 3409 475 3479 πρὺς
521 3410 578 3461 δὲ
609 3408 704 3461 καὶ
737 3409 850 3465 τοῖς
903 3408 982 3467 είς
1024 3406 1138 3476 βίον
1171 3408 1403 3478 ἀρκοῦσι
1436 3408 1771 3463 καταντλού-

189 3518 347 3564 μενοι
385 3499 661 3569 δαψιλῶςς
699 3494 794 3561 Οἷς
824 3499 917 3551 καὶ
947 3498 1124 3561 άλλως
1168 3500 1374 3570 ἀρκοῦν
1414 3502 1553 3570 πρὸς
1591 3501 1772 3572 μάχης

183 3591 481 3662 ἰρεθισμδν
526 3592 589 3644 τὸ
633 3594 689 3645 ὲν
720 3591 978 3661 πολέμοις
1001 3593 1063 3644 οὐ
1097 3593 1258 3660 μόνον
1291 3593 1591 3648 ὲκϐοᾶσθαι
1632 3596 1769 3663 πρὸς

181 3686 282 3739 τοῦ
316 3685 579 3755 βασιλέως
607 3684 675 3739 τὰ
693 3686 772 3748 είς
796 3685 887 3738 τὸν
926 3685 1202 3738 Ἐνυάλιον
1227 3687 1601 3758 διεγερτήρια,
1631 3688 1769 3741 ἀλλὰ

184 3780 283 3831 καὶ
303 3778 467 3831 αὑτὸν
494 3778 752 3847 προθέειν
773 3776 884 3829 τῶν
915 3776 1094 3831 ἄλλων
1114 3779 1193 3838 είς
1216 3778 1404 3847 ἔργον,
1438 3782 1533 3832 καὶ
1565 3797 1773 3854 προαρ-

184 3869 387 3933 στάζειν
414 3870 505 3921 τὸν
546 3870 834 3938 στέφανον.

261 3960 371 4023 ξς’.
403 3953 510 4011 Ἦν
540 3959 650 4026 γὰρ
698 3958 775 4030 τῷ
821 3960 935 4012 δντι
969 3958 1287 4031 παραθῆξαι
1344 3961 1443 4031 μὲν
1475 3964 1555 4026 είς
1587 3962 1772 4033 μάχην

183 4052 368 4117 λόγοις
420 4051 690 4120 Τυρταίου
741 4052 1022 4123 ῥητορεία,
1052 4052 1086 4125 ἦ
1119 4054 1385 4122 Τιμοθέου
1416 4056 1553 4125 πρὸς
1610 4056 1771 4125 μέλος

185 4145 447 4213 ἅρμοσις,
497 4136 571 4196 ὧν
599 4147 626 4195 ὁ
663 4144 763 4212 μὲν
792 4144 977 4215 ᾄδεται
1020 4148 1162 4207 τοῖος
1194 4141 1335 4199 εἶναι
1390 4149 1467 4209 εἰς
1530 4147 1770 4216 πόλεμον

182 4236 432 4306 ὀτρῦναι,
459 4236 534 4297 ὡς
568 4233 758 4299 δεξιῶς
787 4236 933 4303 ἔχειν
961 4236 1201 4305 ἐρεθίσαι
1222 4240 1301 4297 εἰς
1324 4238 1583 4292 θάνατον·
1605 4240 1771 4309 Τιμὸο

185 4329 314 4390 θεος
353 4327 409 4379 δὲ
445 4327 536 4378 τὸν
562 4325 731 4378 πολὺν
774 4326 1123 4398 Ἀλέξανδρον
1151 4327 1293 4398 ᾅδων
1335 4328 1465 4380 ποτε
1490 4330 1571 4392 είς
1597 4328 1770 4397 θυμὸν

185 4420 426 4490 ὲκμῆναι
470 4419 738 4487 Ἀρεῖκδν,
795 4420 892 4471 καὶ
924 4421 1109 4474 πεῖσαι
1161 4420 1299 4487 πρὸς
1339 4422 1480 4473 ὅπλα
1515 4422 1767 4492 δραμεῖν,

183 4512 263 4573 ὡς
296 4512 345 4563 εί
375 4510 468 4563 καὶ
523 4510 761 4577 πόλεμος
804 4511 1086 4565 evictam;
1141 4513 1560 4582 προθυμηθῆναι
1586 4514 1644 4566 δὲ
1690 4515 1768 4577 είς

1878 3391 2033 3444 ciunt
2085 3388 2493 3443 obtinuerunt?
2544 3387 2757 3452 Quibus
2805 3396 2860 3443 et
2916 3387 3076 3443 aliter
3126 3389 3451 3456 sulliciebat,

1879 3483 1945 3536 ad
1999 3495 2194 3551 pugna:
2242 3480 2692 3549 provocationem
2750 3478 2947 3534 bellica
2983 3480 3086 3535 dos
3130 3496 3240 3535 non
3274 3482 3451 3535 solutn

1879 3586 2104 3628 auctore
2146 3587 2273 3642 rege
2308 3572 2642 3626 inclamandi
2679 3586 2809 3627 voce
2864 3570 3049 3628 Martis
3107 3575 3450 3640 excitatoria,

1875 3662 1971 3717 sed
2027 3670 2080 3715 et
2138 3676 2372 3732 pugnam
2431 3677 2543 3731 pra:
2595 3662 2721 3720 aliis
2772 3663 3068 3718 inchoandi
3121 3675 3175 3719 et
3220 3679 3454 3720 coronas

1875 3756 2210 3823 reportandi.

1944 3930 2036 3987 66.
2056 3929 2184 3985 Erat
2199 3931 2345 3985 enim
2364 3931 2540 3999 reipszt
2560 3946 2860 3987 accensura
2882 3932 3103 4002 quidem
3122 3933 3190 3988 ad
3214 3950 3448 4005 pugnam

1873 4023 2218 4083 carminibus
2267 4021 2469 4094 Tyrtaei
2515 4024 2849 4092 eloquentia,
2883 4033 2979 4078 aut
3012 4023 3284 4080 Timothei
3329 4042 3451 4082 car-

1875 4133 2025 4183 men,
2075 4132 2310 4187 quorum
2362 4117 2502 4171 alter
2559 4118 2783 4187 quidem
2841 4130 3179 4173 memoratur
3237 4119 3291 4173 in
3340 4120 3454 4175 bel-

1876 4208 1989 4264 lum
2055 4210 2272 4265 animos
2347 4210 2674 4277 inspirasse,
2738 4218 2793 4265 et
2873 4211 2941 4264 ad
3014 4223 3246 4267 mortem
3325 4228 3451 4283 pro-

1870 4318 2135 4360 vocassee
2225 4302 2500 4367 feliciter;
2582 4302 2908 4357 Timotheus
2986 4319 3116 4359 vero
3192 4320 3449 4377 maguum

1872 4396 2270 4460 Alexandrum,
2323 4407 2579 4457 cantans,
2611 4395 2890 4475 quondam
2927 4396 2980 4450 in
3014 4396 3258 4453 furorem
3310 4413 3453 4452 mar-

1875 4493 2006 4545 tium
2036 4491 2387 4544 convertisse
2440 4496 2497 4544 et
2533 4489 2779 4543 suasisse
2813 4498 2872 4543 ut
2916 4490 2981 4543 ad
3008 4504 3159 4545 arma
3207 4501 3455 4546 curreret

187 4606 377 4673 ἔργον,
413 4572 705 4672 άστραπῆς
739 4601 880 4672 ἔχων
919 4602 1150 4672 ἐξαλμα,
1186 4572 1473 4672 ’ἔργου-δέ
1518 4572 1769 4672 γενέσθαι

1876 4572 2035 4653 quasi
2068 4581 2314 4651 praelium
2344 4580 2599 4647 instaret;
2635 4583 2839 4636 arsisse
2863 4595 2995 4635 vero
3046 4582 3100 4636 in
3135 4598 3300 4651 opus,
3330 4585 3452 4655 .lul-

184 4672 324 4759 πῦρ,
354 4692 486 4761 ὕλης
511 4694 893 4762 δραττόμενον.
936 4696 1045 4747 Καὶ
1073 4695 1189 4749 ἔστι
1216 4697 1308 4748 καὶ
1336 4695 1510 4750 ταῦτα
1542 4698 1653 4748 τῶν
1669 4699 1768 4749 οὐκ

1875 4673 2028 4743 guris
2075 4673 2282 4741 impetu
2302 4672 2551 4737 citatum,
2580 4672 2767 4739 operis
2793 4686 2927 4726 vero
2953 4673 3069 4727 ﬁeri
3116 4678 3319 4745 ignem,
3345 4693 3456 4745 quo

185 4782 289 4840 οἷδ’
326 4782 405 4847 οἷς
437 4783 755 4852 ἀγνώστων.
793 4785 900 4839 Ναὶ
941 4785 1050 4855 γὰρ
1099 4787 1180 4849 είς
1220 4787 1446 4857 ἀνδρίαν
1478 4788 1768 4858 κραταιοῦ-

185 4879 319 4933 σθιι
348 4877 439 4931 τον
465 4878 803 4948 ὑμνούμενον
836 4878 1081 4948 ἔκδηλον,
1108 4880 1253 4943 ὅσοις
1278 4883 1371 4933 καὶ
1409 4882 1768 4953 αὐτοκράτωρ

182 4970 589 5039 ἔγνωστοξ(ὅσον
609 4971 717 5039 γὰρ
733 4971 831 5041 τῆς
849 4967 1091 5042 γῆς-ἦν
1121 4972 1176 5025 δὲ
1198 4973 1258 5024 τὸ
1285 4971 1431 5024 ἅπαν
1462 4973 1555 5025 τοῦ
1585 4977 1768 5026 simu-

189 5063 360 5131 μένου
390 5063 680 5131 τμήματος
712 5090 783 5102 —-
807 5062 997 5131 αὐτῆς,
1026 5058 1133 5114 οἶδε
1152 5063 1398 5133 θάτερον,
1427 5060 1533 5115 οἶδε
1570 5065 1668 5117 καὶ
1708 5065 1769 5117 τὸ

184 5154 424 5219 λοιπὸν),
453 5152 707 5221 βασιλεὺς
748 5155 1028 5223 πανταχοῦ
1086 5156 1188 5225 γῆς
1233 5156 1622 5226 περιᾳδόμενος
1673 5158 1768 5209 καὶ

184 5246 439 5310 ἀνδρείος
466 5245 568 5297 οὐκ
600 5244 747 5298 ἔστιν
771 5246 904 5299 ὅπου
938 5247 1013 5315 μὴ
1040 5247 1137 5315 τῆς
1163 5248 1454 5315 οίκησίμου
1496 5250 1618 5315 γῆς.
1648 5249 1767 5302 Ἑν-

182 5335 364 5391 ταῦθα
416 5335 500 5398 τίς
528 5336 595 5388 ἂν
627 5335 741 5404 ἔχοι
778 5336 968 5388 ἑαυτὸν
996 5337 1378 5407 άπασχολῆσαι
1421 5340 1534 5401 τοῖς
1563 5338 1764 5408 ἀνδρα-

185 5427 497 5496 γαθήμασι,
544 5427 725 5497 καιρῷ
779 5427 971 5497 βραχεῖ
999 5430 1399 5499 μετρούμενος;
1442 5430 1618 5483 Βίϐλοι
1649 5431 1769 5485 ὅλαι

185 5520 290 5573 καὶ
317 5521 511 5572 ταῦτα.
544 5518 959 5590 Βιδλιογραφείν
996 5518 1053 5571 δὲ
1085 5519 1180 5572 νῦν
1214 5518 1296 5583 τίς
1343 5519 1411 5574 ἂν
1434 5522 1765 5592 αἰτήσειενῆ

182 5608 548 5676 ἀπαντήσειεν
568 5608 601 5677 ςι

268 5789 371 5855 εἴ.
417 5790 821 5860 Ἀναμνηστέον
846 5788 939 5841 τοῦ
986 5789 1222 5859 μεγάλου
1253 5789 1467 5844 ἐκείνου
1506 5789 1766 5860 πολέμου,

187 5886 248 5941 ὲν
277 5874 323 5952 ᾧ
350 5881 507 5951 μόνος
560 5883 815 5953 ἁπάντων
861 5880 1051 5950 ὥσπερ
1093 5881 1391 5947 βασιλεύων
1452 5883 1765 5947 ὑπερεῖχεν,

1874 4765 2101 4820 materia
2140 4762 2596 4817 consumebatur.
2626 4761 2753 4817 Haec
2776 4763 2844 4817 de
2873 4763 2994 4819 istis
3025 4768 3216 4821 nescio
3246 4769 3451 4836 quibus

1871 4859 2088 4923 ignotis.
2105 4854 2243 4910 Nam
2276 4864 2423 4909 certe
2447 4854 2767 4910 fortitudine
2791 4858 3111 4925 pmpollere
3133 4874 3259 4914 euut
3285 4875 3450 4929 quem

1870 4950 2238 5011 celebramus,
2293 4950 2521 5001 evidens
2594 4956 2677 5001 est
2729 4949 2991 5004 omnibus
3046 4952 3141 5019 qui
3206 4951 3449 5021 impera-

1869 5052 2041 5097 torem
2101 5052 2374 5095 noverunt
2427 5041 2745 5111 (quotquot
2803 5042 2949 5094 enim
3014 5057 3183 5111 super
3230 5055 3448 5098 terram

1869 5145 2027 5190 erant
2071 5143 2255 5188 autem
2292 5148 2487 5187 omnes
2520 5134 2777 5186 habitata:
2828 5134 3003 5201 partis
3055 5134 3109 5187 in
3149 5143 3320 5200 terra,
3353 5152 3455 5191 no-

1869 5237 2067 5283 verunt
2115 5243 2309 5291 unum,
2359 5233 2627 5282 noverunt
2664 5235 2716 5280 et
2761 5226 3041 5297 alterum),
3094 5242 3189 5282 rex
3248 5229 3455 5299 ubique

1873 5336 2145 5379 terrarum
2180 5322 2497 5377 celebratus
2522 5330 2577 5372 et
2612 5317 2793 5383 fortis,
2829 5318 3037 5388 ubique
3071 5319 3123 5372 in
3143 5321 3305 5375 terris
3348 5322 3450 5373 ha-

1874 5419 1981 5471 bita
2007 5417 2056 5470 is
2085 5415 2432 5471 occurrebat.
2470 5410 2606 5466 lnibi
2638 5413 2766 5481 quis
2792 5427 2890 5481 per
2918 5413 3194 5466 modicum
3233 5424 3459 5484 tempus

1870 5511 2066 5564 oculos
2103 5508 2172 5562 ab
2205 5506 2270 5560 iis
2297 5505 2563 5574 prmclare
2596 5505 2764 5574 gestis
2787 5512 3003 5559 avertat
3030 5503 3053 5556 τ
3079 5502 3232 5559 Libri
3260 5508 3453 5561 cuncti

1873 5601 1955 5655 his
1978 5599 2312 5663 redundant;
2347 5597 2517 5651 libros
2548 5612 2678 5651 vero
2710 5610 2853 5650 nunc
2899 5597 3144 5651 scribere
3178 5598 3304 5667 quis
3358 5614 3459 5669 pe.

1871 5702 2011 5747 teret
2045 5692 2129 5744 vel
2158 5690 2577 5760 deprecaretur?

1945 5785 2033 5836 67.
2059 5781 2474 5837 Memorandum
2493 5796 2747 5851 magnum
2772 5782 2980 5837 bellum
3001 5783 3055 5836 in
3072 5796 3184 5852 quo
3202 5783 3455 5838 omnium

1873 5877 2026 5937 solus
2083 5884 2343 5946 tanquam
2414 5890 2507 5929 rex
2569 5873 2871 5944 prmvaluit,
2922 5877 3004 5932 sic
3033 5874 3456 5935 ctobtimiviri
