4212 6440
751 406 889 472 1023

1455 408 1881 472 EUSTATHII
1925 409 2683 477 THESSALONI'CENSIS
2726 416 3305 478 METROPOLITE

3886 428 3905 484 ἱ
3917 425 4028 490 024

748 533 928 572 tutores
981 532 1203 585 gerens,
1270 531 1329 571 sc
1388 533 1418 570 a
1473 529 1629 572 tanto
1682 519 1878 572 bellico
1919 519 2156 574 tumultu
2223 521 2318 575 salt

2441 523 2587 578 οὕτω
2618 530 2713 577 καὶ
2733 525 3291 597 ἀνδραγαύιζὸμενος,
3321 529 3514 581 ἑαυτόν
3543 546 3602 581 τε
3629 531 3816 596 σώζων
3849 535 3914 598 ἐξ
3943 537 4036 588 οὖν

745 626 884 666 ιιιηε
909 619 964 665 et
996 611 1238 678 reliquos
1288 613 1342 663 iu
1400 610 1582 663 sinum
1611 627 1773 665 suum
1833 614 2144 668 rermrdens
2199 622 2325 665 tan-

748 722 913 770 quam
949 705 1000 758 in
1045 703 1240 758 salutis
1272 713 1512 772 portum.
1550 702 1822 757 Mercurio
1845 704 2068 772 quidem
2094 703 2329 758 similem

747 798 917 849 rideri
979 795 1227 862 ettrnqui
1283 795 1598 862 apostolicis
1630 795 1978 849 scrtnmiibus
2034 794 2335 866 eﬂ'u‘gebat

747 889 1050 942 halvatoris
1092 889 1300 941 Christi
1338 887 1674 955 discipulum
1705 887 1945 942 feliciter
1968 886 2173 940 accidit
2220 903 2330 942 non

746 989 965 1048 propter
998 982 1192 1031 miram
1248 986 1512 1046 quantam
1566 993 1692 1029 eum
1744 977 1982 1045 imagine
2016 977 2334 1030 similitudi-

746 1089 894 1133 nem,
933 1071 1027 1123 sed
1065 1072 1194 1137 quia
1233 1083 1392 1121 nemo
1424 1069 1566 1121 inter
1615 1067 1836 1122 Graecos
1895 1068 1998 1121 luit
2047 1069 2100 1120 in
2156 1067 2338 1122 hono-

745 1164 918 1214 rando
952 1159 1207 1230 apestolo
1256 1159 1584 1224 studiosior,
1639 1159 1945 1212 Barbarum
1997 1174 2126 1213 vero
2160 1175 2334 1228 genus

747 1265 876 1305 tunc
909 1252 1156 1305 ercam
1191 1251 1519 1318 sapientiam
1577 1252 1859 1318 superavit
1889 1261 1946 1304 et
1998 1251 2330 1305 diviniorcm

749 1349 891 1397 intra
933 1359 991 1396 sc
1025 1341 1228 1395 eiiinxit
1263 1342 1705 1411 intelligentiam,
1741 1351 1798 1395 et
1863 1343 2044 1412 angeli
2075 1343 2198 1397 loco
2233 1344 2331 1394 im-

749 1444 1058 1503 peratorem
1084 1433 1353 1502 erigebat,
1385 1442 1440 1486 et
1464 1434 1646 1487 adhuc
1671 1433 1842 1487 altera
1869 1435 2083 1488 meliori
2109 1443 2329 1496 natura,

745 1527 903 1595 quasi
936 1528 1306 1593 incongruum
1335 1525 1529 1578 fuisset
1581 1526 1838 1582 humanis
1877 1526 2137 1595 operibus
2162 1525 2333 1593 requi-

746 1633 874 1686 rara
886 1633 941 1668 re
1001 1615 1140 1668 facta
1177 1625 1519 1684 portentosa.

825 1706 918 1760 (:8.
957 1703 1069 1757 Nec
1102 1703 1175 1756 ibi
1226 1703 1403 1771 magis
1456 1711 1708 1756 nostrum
1741 1712 1832 1758 cst
1882 1713 2100 1774 tempus
2126 1717 2331 1758 consu-

713 1838 722 1846 .
746 1814 916 1862 mere,
951 1795 1048 1850 sed
1078 1798 1212 1849 satis
1239 1798 1310 1848 sit
1330 1794 1522 1847 saltem
1548 1795 1864 1849 auditorum
1881 1798 2201 1851 memoriam
2225 1813 2324 1850 ex-

2438 634 2518 670 τω
2569 618 2809 686 μεγάλου
2857 620 3102 690 μαχίμου
3149 619 3444 686 κλύδωνος,
3505 623 3756 689 καὶτοὺς
3801 623 4028 688 λοιποὺς

2435 708 2516 768 είς
2550 709 2743 762 ἑαυτὺν
2785 711 3207 775 κατακολπίζων
3259 713 3334 776 ὼς
3371 717 3452 777 είς
3487 715 3681 785 λιμένα
3731 720 4028 789 σωτήριον.

2447 799 2626 873 Ἐρμῇ
2663 804 2762 872 μὲν
2783 803 2878 857 οὖν
2911 808 3134 858 εἰκάσαι
3165 805 3257 858 τὸν
3301 808 3680 874 ἀποστολικοτς
3728 811 3914 878 λόγοις
3948 813 4031 863 ἐλ-

2434 892 2784 964 λαμπόμενον
2829 898 2923 949 τού
2977 898 3226 970 Σωτῆρος
3267 901 3506 970 Χριστοῦ
3556 904 3809 974 μαθητὴν
3842 909 4032 958 ἐπιτυ-

2436 983 2544 1052 χῶς
2590 984 2771 1055 ἔσχεν,
2830 987 2891 1039 ού
2939 988 3029 1040 διὰ
3089 991 3148 1040 τὸ
3200 991 3344 1043 πάνυ
3377 991 3524 1060 μέγα
3558 994 3654 1046 τοῦ
3682 997 3784 1064 τῆς
3817 996 4033 1055 εἰκόνος

2435 1075 2883 1145 ἀφομοιώματος,
2918 1079 3033 1130 ἀλλ’
3061 1079 3142 1132 ὅτι
3177 1083 3253 1150 μὴ
3298 1085 3393 1134 καὶ
3431 1085 3528 1136 ἐπὶ
3579 1085 3738 1138 πλέον
3765 1088 3794 1138 ὁ
3822 1087 4032 1158 Ἕλλην

2436 1162 2581 1235 εἶχεν
2639 1168 2967 1236 ἐμϐαθύνων
3037 1172 3332 1239 σεμνύνειν
3391 1175 3483 1228 τὸν
3520 1177 3839 1232 ἀπόστολον.
3879 1179 3956 1232 Τὸ
3977 1182 4032 1232 δὲ

2437 1255 2716 1326 βάρόαρον
2746 1259 2870 1311 τότε
2917 1261 3018 1330 τὴν
3070 1261 3400 1333 Ἑλληνικὴν
3453 1269 3648 1334 σοφίαν
3683 1269 4028 1339 ύπερανέοη.

2437 1352 2533 1404 καὶ
2558 1349 2842 1420 θειοτέραν
2877 1354 3215 1422 ἐσχημάτιςε
3253 1357 3385 1423 παρ’
3423 1359 3601 1427 ἑαυτῷ
3645 1359 3886 1425 ἔννοιαν,
3941 1368 4035 1412 καὶ

2435 1442 2674 1508 ἀγγέλου
2696 1445 2847 1513 τόπῳ
2868 1444 2961 1497 τὸν
2985 1446 3362 1518 αὐτοκράτορα
3389 1451 3780 1518 προσεϐίῢαςε,
3815 1456 3915 1504 καὶ
3953 1456 4031 1503 ἔτι

2432 1531 2598 1603 ἑτέρᾳ
2618 1535 2888 1604 κρείττονι
2938 1535 3124 1606 φύσει,
3169 1541 3246 1602 ὡς
3314 1541 3672 1612 ἀσύμμετρον
3721 1544 3783 1596 ὃν
3815 1547 4034 1616 ἀνορω-

2433 1622 2614 1686 πίνοις
2647 1627 2832 1694 ἔργοις
2865 1627 3208 1697 παραϐαλεῖν
3230 1631 3299 1682 τὰ
3334 1636 3660 1702 φαινόμενα.

2503 1713 2604 1782 ξη’.
2656 1717 2765 1766 Καὶ
2815 1716 2924 1770 οὐδ’
2955 1719 3188 1771 ἐνταῦθα
3240 1721 3428 1773 πλεῖον
3458 1725 3589 1790 ἡμῖν
3655 1723 3770 1774 ἔστι
3820 1724 4034 1790 διατρξ.

2433 1805 2577 1870 δειν,
2614 1806 2732 1859 ἀλλ’
2767 1807 2799 1876 ἢ
2834 1809 2890 1868 ἐς
2945 1811 3070 1863 ὅσον
3112 1813 3444 1876 ἀνακινῆσαι
3490 1819 3602 1874 τοῖς
3639 1818 4032 1885 ἀκροωμένοις

745 1892 968 1953 citasse,
1023 1905 1136 1944 non
1171 1890 1308 1942 alias
1339 1892 1595 1958 snpitam.
1635 1889 1810 1946 Nemo
1842 1894 1988 1947 enim
2037 1902 2146 1946 tam
2183 1909 2318 1948 som-

2434 1898 2532 1967 τὴν
2560 1900 2805 1970 μνήμην,
2837 1900 2958 1954 οὐδὲ
3011 1903 3187 1966 ἄλλως
3237 1906 3626 1962 καθεύδουσαν.
3688 1908 3881 1970 Οὐδεὶς
3917 1913 4031 1978 γὰρ

744 1983 997 2036 nolentus
1027 1991 1113 2036 est
1144 1990 1203 2034 ut
1243 1980 1296 2034 in
1323 1981 1523 2035 talibus
1552 1996 1750 2035 somno
1780 1997 1888 2036 nou
1924 1982 2187 2050 resisrat;
2227 1985 2324 2038 sed

747 2085 881 2128 tunc
921 2074 1143 2143 quidem
1201 2083 1361 2127 a:tate
1389 2073 1719 2142 viribusque
1778 2073 1980 2128 ﬂorens
2005 2087 2146 2141 erat,
2191 2090 2325 2145 ope-

744 2183 912 2235 raque
947 2167 1211 2230 maxima,
1237 2181 1268 2219 a
1299 2181 1534 2235 corpore
1570 2184 1700 2219 vero
1733 2167 1848 2220 huic
1875 2169 2100 2223 robusto
2131 2176 2186 2223 et
2212 2171 2324 2225 ele-

741 2261 1030 2312 mentariar.
1064 2258 1443 2326 temperantiae
1494 2259 1634 2313 bene
1662 2259 1942 2312 obedienti
1971 2277 1987 2324 ;
2035 2275 2157 2328 quae
2192 2277 2324 2317 vero

742 2349 1007 2419 deinceps
1038 2351 1332 2417 extemplo,
1369 2351 1572 2419 quibus
1601 2349 1814 2404 Claudii
1844 2360 2001 2404 vetus
2027 2352 2162 2407 urbs
2200 2353 2322 2422 pul-

741 2443 929 2495 chrior
964 2441 1564 2510 apparuit,mirandom
1603 2441 1754 2494 aliud
1791 2441 1919 2511 quia
1958 2443 2116 2498 ducis
2155 2461 2322 2514 opera

737 2534 828 2585 illa
859 2547 966 2586 non
1003 2532 1286 2601 prospere'
1316 2530 1580 2600 iii-ineque
1631 2534 1938 2596 constituti,
1972 2534 2066 2588 sed
2099 2535 2185 2588 cui
2213 2550 2326 2590 me-

737 2626 846 2677 rito
879 2621 1234 2678 tribuendum
1265 2624 1452 2676 curari
1484 2630 1539 2676 et
1569 2639 1769 2678 curare
1806 2625 2047 2692 seipsom
2073 2637 2126 2680 et
2168 2642 2326 2680 revo-

742 2729 876 2770 care
928 2717 1077 2784 quod
1109 2714 1366 2768 sanitatis
1402 2715 1667 2784 perierat,
1700 2719 1919 2786 quando
1945 2728 2066 2772 erat
2112 2733 2322 2776 natura

742 2817 801 2860 et
833 2806 1002 2861 studii
1039 2806 1210 2870 lucta;
1245 2806 1394 2860 illius
1425 2805 1736 2862 dictitantis
1764 2809 1909 2876 quod
1929 2811 2037 2863 sibi
2073 2826 2320 2878 parcere,

739 2897 908 2966 hujus
968 2911 1100 2951 vero
1145 2899 1296 2967 quod
1354 2912 1454 2968 pro
1529 2900 1815 2967 republica
1883 2903 2020 2954 mori
2075 2901 2320 2958 deberet.

743 2987 860 3041 Hoc
937 2989 1192 3042 ultimum
1263 2988 1496 3042 nimium
1557 2990 1875 3058 postulavit,
1925 2994 2322 3062 praevaluitque

732 3088 926 3135 contra
963 3089 1221 3134 naturam
1260 3081 1536 3135 studium.
1575 3080 1780 3136 Lectus
1831 3083 2053 3152 quidem
2108 3086 2163 3139 in
2211 3103 2321 3155 quo

735 3170 1036 3224 inﬁrmitas
1085 3169 1234 3224 illius
1274 3171 1593 3237 curabatur,
1632 3172 2054 3242 conspiciendus
2086 3189 2322 3244 expone-

734 3263 899 3316 batur
970 3261 1439 3330 inspicicutibus;
1514 3277 1691 3330 equus
1742 3279 1870 3318 vero
1925 3264 2310 3333 imperatorem

730 3353 963 3406 vehebat
988 3367 1094 3406 non
1117 3352 1464 3406 adexereitia
1502 3361 1685 3420 aptus,
1730 3367 1840 3422 quo
1871 3355 1992 3407 solo
2023 3370 2162 3424 opus
2193 3367 2313 3411 erat

731 3445 854 3496 viro
894 3443 1032 3497 adeo
1057 3442 1230 3504 fesso.
1272 3445 1368 3498 sed
1401 3445 1466 3497 ad
1524 3447 1776 3512 prazlium
1840 3447 2103 3502 hinniens
2131 3457 2186 3502 et
2221 3464 2312 3502 as-

729 3550 1017 3590 censorem
1049 3536 1114 3588 ad
1155 3545 1436 3590 certamen
1473 3552 1851 3603 commovens,
1884 3547 1939 3594 et
1967 3541 2167 3596 iterum
2200 3557 2312 3611 prae

739 3625 958 3679 caeteris
1011 3630 1270 3679 currebat
1303 3627 1411 3680 dux
1447 3628 1750 3696 imperator
1777 3629 2032 3684 virtutem
2068 3633 2309 3700 spirans,

731 3716 892 3785 quasi
956 3733 1066 3770 non
1115 3731 1145 3769 a
1194 3717 1409 3781 morbo,
1458 3718 1555 3771 sed
1599 3734 1628 3770 a
1681 3720 1847 3790 longo
1890 3722 2004 3776 otio
2049 3725 2312 3792 procede-

729 3817 812 3861 ret
841 3817 892 3861 et
928 3808 1152 3877 cognito
1183 3812 1376 3876 paucis
1425 3812 1665 3863 catervis
1698 3813 1750 3863 in
1783 3820 2086 3867 turmarum
2119 3816 2308 3869 decem

729 3897 900 3952 millia
933 3899 1078 3953 viam
1113 3900 1353 3968 aperire,
1381 3900 1623 3969 amplius
1657 3900 1715 3954 in
1756 3903 2009 3958 ardorem
2045 3907 2312 3974 processit

731 3989 785 4042 iu
807 3989 976 4043 Deum
1005 3998 1190 4044 erecta
1219 3990 1489 4045 fortitudo
1518 4007 1534 4056 ;
1563 3997 1651 4045 cui
1681 3991 1940 4062 adjuncta
1972 3995 2171 4048 bellica
2200 4011 2309 4048 vrr-

731 4091 821 4135 tus
852 4095 996 4136 onus
1048 4080 1214 4135 nobis
1243 4082 1560 4150 impositum
1617 4083 1782 4137 simul
1841 4087 2099 4153 portavit.
2131 4085 2309 4156 Igitur

733 4173 912 4242 primo
970 4188 1246 4230 concursu
1309 4174 1610 4242 perlectum
1666 4185 1750 4231 est
1812 4177 1956 4247 quod
2012 4179 2219 4233 nemini
2251 4181 2304 4232 in

741 4273 981 4320 mentem
1032 4267 1277 4320 venisset
1309 4277 1539 4319 torttum
1574 4267 1629 4320 in
1658 4281 1857 4338 pugna:
1879 4269 2065 4323 fronte
2116 4283 2302 4335 casus,

728 4353 855 4425 iuga
890 4355 1113 4410 illorum
1157 4364 1436 4425 quotquot
1461 4360 1528 4410 de
1559 4359 1668 4411 vita
1702 4361 1878 4429 magis
1911 4362 2300 4430 providebant,

726 4448 1025 4502 multorum
1086 4449 1309 4517 quidem
1366 4448 1603 4502 millium
1668 4466 1961 4506 numerum
2013 4456 2304 4510 cumulan-

726 4547 831 4602 tes,
868 4539 1108 4593 mutilati
1142 4553 1269 4593 vero
1298 4539 1547 4609 plerique
1575 4540 1647 4594 ab
1681 4542 1946 4599 exercitu.

797 4628 888 4682 69.
921 4628 1048 4681 llaec
1083 4628 1135 4680 in
1157 4629 1342 4681 animo
1369 4629 1740 4699 recogitantes
1767 4641 1822 4706 et
1858 4648 2023 4700 quam
2049 4636 2220 4690 multa
2252 4638 2305 4690 in

729 4716 832 4770 hac
856 4719 1002 4771 serie
1047 4717 1440 4781 collata,causa
1477 4727 1561 4772 est
1599 4735 1698 4774 cur
1727 4720 1821 4775 diu
1873 4724 2182 4793 lugeamus;
2220 4739 2311 4781 tu-

723 4808 931 4861 mulum
949 4807 1352 4863 circumdantes
1375 4810 1645 4878 optimum
1672 4796 1857 4867 virum
1910 4819 2308 4885 includeutem,

723 4899 1030 4954 incitamur
1087 4898 1152 4951 ad
1209 4899 1634 4956 lamentationes
1697 4907 2133 4962 consolationem
2187 4911 2310 4964 aliis

723 4990 1009 5043 allaturas.
1050 4989 1258 5043 Deinde
1321 4991 1431 5045 oh!
1487 4991 1789 5061 inquimus,
1832 5012 1944 5065 quo
2011 4997 2304 5063 devenisii,

720 5078 929 5132 bonoru
940 5095 987 5132 in
1009 5089 1319 5135 nostrorum
1332 5096 1623 5136 commune
1638 5085 1659 5135 ?
1676 5082 1795 5149 Quo
1810 5088 1874 5140 ad
1895 5088 2306 5158 intelligendum

721 5167 1180 5236 circumscriptus
1248 5185 1332 5233 es,
1383 5172 1478 5240 qui
1534 5173 1805 5229 mirandis
1868 5179 2050 5232 omnia
2105 5183 2304 5250 reples,

724 5258 816 5326 qui
871 5257 1102 5312 viriliter
1157 5261 1531 5332 praeclareque
1593 5267 1764 5333 gestis
1795 5268 2113 5336 abundasti,
2149 5255 2303 5328 dein-

720 5364 847 5414 ceps
877 5348 1256 5404 abundaturus
1282 5350 1304 5402 ?
1356 5350 1537 5406 Donec
1567 5356 1642 5408 sit
1689 5354 1835 5413 Deus
1865 5373 2117 5415 annuens
2176 5379 2299 5417 ser-

720 5440 1004 5502 monibus,
1040 5443 1288 5512 optimus
1327 5443 1502 5499 leonis
1536 5449 1841 5518 progenies
1895 5467 1989 5504 rex
2023 5445 2300 5522 unguibus

721 5532 965 5600 polleat,
1023 5542 1082 5585 ut
1142 5535 1356 5591 belluas
1414 5553 1536 5607 quae
1595 5540 1865 5598 adversus
1917 5559 2014 5598 nos
2069 5551 2300 5603 saeviunt

719 5623 975 5692 subigere
1023 5626 1223 5680 valeat.
1263 5629 1562 5700 [lucusque
1618 5633 1767 5686 enim
1803 5636 1957 5704 regio
1989 5639 2170 5706 rugitu
2204 5658 2299 5709 gu-

715 5713 1122 5792 bcrnabantur,
1157 5719 1308 5787 talia,
1337 5731 1389 5778 et
1420 5724 1620 5780 eximia
1653 5726 1922 5797 ﬁrmaque
1965 5746 2059 5800 spe
2099 5737 2287 5788 lulnri.

2427 1990 2597 2054 οὕτως
2621 1993 2876 2062 ὑπνηλὸς,
2907 1995 2981 2056 ὠς
3015 1997 3284 2049 ἀπολέσαι
3309 1998 3409 2067 τὴν
3434 2000 3490 2049 ἐν
3513 2000 3722 2061 τούτοις
3753 2002 4036 2071 ἐγρήγορ.

2429 2097 2535 2135 σιν.
2573 2082 2738 2136 Ἀλλὰ
2789 2085 2912 2138 τότε
2968 2086 3066 2156 μὲν
3119 2091 3359 2157 ἀκμαῖος
3410 2085 3480 2159 ἦν
3521 2092 3620 2160 τὴν
3654 2092 3877 2160 ῥώμην,
3931 2096 4031 2146 καὶ

2425 2173 2565 2243 ἔργα
2599 2175 2835 2243 μέγιστα
2874 2179 2995 2246 μὲν,
3053 2165 3162 2232 ἀπὶ
3194 2179 3448 2249 σώματος
3491 2183 3534 2233 δ’
3567 2184 3754 2237 ἐκεῖνα
3793 2186 4028 2239 εὐτόνου

2425 2265 2523 2318 καὶ
2573 2266 2674 2332 τῆς
2723 2270 3072 2337 στοιχειακῆς
3130 2271 3385 2339 κράσεως
3430 2270 3489 2324 εὖ
3551 2275 3810 2343 ἔχοντοςο
3866 2278 3941 2330 τὰ
3969 2279 4030 2330 δὲ

2425 2357 2592 2408 εἰσέτι
2619 2358 2873 2428 ἔναγχος,
2900 2358 2980 2423 οἷς
3007 2364 3040 2432 ἡ
3063 2364 3156 2414 τοῦ
3185 2363 3454 2417 Κλαυδίου
3511 2366 3688 2435 γραῦς
3713 2368 3874 2430 πόλις
3904 2371 4031 2421 ἐνε-

2425 2448 2833 2516 καλλωπίσατο,
2873 2451 3002 2504 ἄλλο
3024 2453 3184 2506 τοῦτο
3217 2454 3427 2523 θαῦμα,
3461 2460 3542 2510 ὅτι
3569 2460 3664 2510 καὶ
3699 2463 4030 2530 στρατηγοῦ

2425 2540 2563 2608 ἔργα
2592 2543 2776 2594 ἐκεῖνα
2806 2545 2904 2594 οὐκ
2933 2545 3338 2614 εύθηνουμένου
3367 2549 3446 2610 εἰς
3479 2549 3715 2614 εὐεξίαν,
3751 2551 3874 2603 ἀλλ’
3903 2556 4029 2604 οἴου

2427 2631 2593 2695 ἀξίως
2630 2633 2776 2701 ἔχειν
2806 2635 3164 2703 τημελείσθαι
3197 2639 3292 2692 καὶ
3320 2643 3644 2706 νοσοκομεῖν
3670 2642 3891 2702 ἑαυτὸν,
3927 2648 4030 2698 καὶ

2424 2721 2815 2774 ἀνακαλεῖσθαι
2849 2725 2908 2775 τὸ
2939 2725 3037 2792 τῆς
3080 2727 3294 2792 ὑγιείας
3348 2729 3623 2782 ἀπελθόν·
3681 2731 3772 2783 ὅτε
3807 2737 3906 2784 καὶ
3951 2730 4028 2803 ἧν

2425 2813 2575 2880 ἀγὼν
2610 2814 2826 2882 φύσεώς
2853 2832 2912 2868 τε
2958 2818 3053 2870 καὶ
3079 2818 3316 2886 σπουδῆς
3341 2835 3355 2850 ο
3385 2821 3481 2887 τῆς
3522 2823 3622 2889 μὲν
3668 2817 3784 2875 οἷον
3809 2825 4026 2878 ὑπολα-

2425 2905 2624 2972 λούσης
2671 2908 2950 2976 φείδεσθαι
2996 2911 3212 2976 ἑαυτοῦ,
3242 2914 3340 2974 τῆς
3365 2913 3422 2965 δὲ
3451 2913 3710 2984 θνήσκειν
3743 2918 3895 2987 ὑπὲρ
3923 2921 4025 2972 τοῦ

2424 2999 2631 3051 κοινοῦ.
2689 2999 2800 3050 Καὶ
2827 2995 2982 3070 ἦντὸ
3035 3002 3220 3054 πλεῖον
3277 3005 3532 3066 ἐνταῦθα,
3580 3010 3674 3059 καὶ
3737 3012 3770 3077 ἡ
3807 3013 4027 3083 σπουδὴ

2424 3086 2641 3151 ἐξενίκα
2691 3089 2789 3158 τὴν
2820 3091 3001 3157 φύσιν.
3045 3093 3208 3162 Καὶή
3241 3094 3340 3161 μὲν
3368 3098 3614 3166 νοσήλιο;
3638 3100 3800 3169 κλίνη
3822 3104 4028 3168 ἀέξετο

2425 3178 2503 3239 είς
2529 3177 2712 3248 θαῦμα
2743 3184 2854 3240 τοῖς
2888 3181 3204 3250 βλέπουσιν,
3231 3185 3403 3249 ἵππος
3421 3187 3478 3240 δὲ
3507 3190 3598 3240 τὴν
3630 3191 4026 3262 αὐτοκράτορα

2422 3267 2620 3337 ἔφερεν
2651 3270 2713 3320 οὺ
2770 3273 3198 3340 γυμναστήριος,
3264 3271 3325 3329 οὗ
3355 3277 3452 3328 καὶ
3506 3279 3675 3346 μόνου
3729 3285 3906 3352 χρεία
3952 3281 4023 3354 ἦν

2421 3359 2578 3427 ἀνδρὶ
2601 3360 2742 3412 οὕτω
2788 3364 3102 3433 καταπόνῳ,
3136 3366 3272 3419 ἀλλά
3308 3369 3547 3438 μάχιμον
3569 3376 4019 3444 φρυαττόμενος,

2421 3452 2514 3502 καὶ
2539 3451 2899 3506 διατινάσσων
2930 3456 3022 3506 τὸν
3068 3457 3334 3527 ἐπιὸἀτην
3372 3462 3456 3522 είς
3511 3462 3813 3530 ἐναγώνιον
3843 3487 3858 3500 ο
3922 3474 4022 3524 καὶ

2418 3543 2647 3611 προέοεε
2674 3543 2780 3597 τῶν
2813 3545 3016 3598 λοιπῖιν
3042 3548 3134 3600 καὶ
3164 3551 3324 3602 πάλιν
3346 3554 3374 3605 ὁ
3396 3558 3706 3624 στρατηγὸς
3728 3559 4021 3630 αὐτοκρα-

2416 3649 2530 3702 τωρ
2557 3635 2781 3703 ἀνδρίαν
2830 3639 3030 3702 πνέων,
3077 3639 3152 3702 ὼς
3203 3643 3364 3711 εἴπερ
3397 3645 3498 3696 ούκ
3546 3647 3656 3698 ἀπὸ
3694 3651 4017 3718 νοσηλείας,

2417 3725 2554 3778 ἀλλὰ
2587 3728 2804 3796 μακρᾶς
2855 3731 3220 3794 ἀναπαύσεως
3272 3734 3511 3802 ἤλαυνεο
3561 3742 3654 3790 καὶ
3709 3744 4017 3810 μανθάνων

2417 3819 2605 3885 χερσὶν
2622 3817 2830 3886 ὀλίγαις
2853 3821 2988 3888 πρὸς
3015 3824 3375 3894 μυριὸχειρας
3406 3828 3634 3896 ἀρτύειν
3659 3834 3761 3904 τὴν
3789 3837 4013 3903 ἔφοδον,

2416 3909 2510 3961 ἐπὶ
2546 3909 2746 3978 μᾶλλον
2790 3912 2870 3974 εἰς
2928 3915 3240 3984 προθυμίαν
3271 3921 3610 3989 προέκοπτε,
3642 3927 3702 3977 τὸ
3746 3931 3830 3991 είς
3874 3934 4016 3986 Θεὸν

2416 4000 2858 4071 προϐεϐλημένος
2887 4003 3086 4074 θάρσος
3113 4022 3126 4036 ·
3157 4003 3200 4074 ᾦ
3231 4011 3502 4079 συζυγοῦν
3526 4017 3698 4068 καὶτὸ
3733 4021 3905 4086 μένος
3921 4026 4016 4077 τὸν

2415 4090 2557 4161 ὑπὲρ
2579 4093 2735 4161 ἡμῶν
2772 4097 2971 4164 φόρτον
3011 4099 3348 4168 συνδιέφερε.
3396 4105 3508 4157 Καὶ
3541 4109 3723 4160 τοίνυν
3768 4111 4013 4180 ἧνυσται

2413 4183 2687 4252 προσὸολῇ
2741 4184 2957 4257 πρώτῃ,
3004 4189 3033 4241 ὅ
3063 4205 3147 4253 τις
3185 4192 3310 4246 οὐδὲ
3366 4196 3461 4248 ἐπὶ
3501 4197 3625 4250 νοῦν
3679 4199 3887 4256 ἔλασεν
3921 4207 4010 4267 ἂν,

2413 4271 2620 4335 πτῶσις
2648 4273 2758 4326 τῶν
2796 4275 3191 4346 θαρρησάντων
3217 4282 3278 4336 τὸ
3305 4285 3406 4354 τῆς
3440 4289 3623 4358 μάχης
3651 4291 4013 4364 ἀντιπρόσωο

2411 4365 2710 4435 πονηφυγὴ
2731 4367 2838 4420 τῶν
2875 4370 2989 4421 ὅσοι
3043 4375 3493 4444 προμηθέστερον
3522 4382 3683 4450 ἔσχον
3723 4384 3824 4436 τοῦ
3883 4388 4011 4458 ζῇν,

2411 4456 2488 4518 εἰς
2514 4457 2714 4517 πολλὰς
2743 4460 2841 4527 μὲν
2867 4461 3179 4528 χιλιοστύας
3203 4470 3631 4539 κορυφούμενοι,
3664 4456 4014 4533 κολοϐωθέν-

2337 4572 2384 4630 D
2410 4564 2501 4609 τες
2532 4546 2589 4600 δὲ
2614 4548 2690 4616 τῷ
2716 4549 2922 4602 πλείονι
2947 4555 3041 4620 τῆς
3068 4559 3348 4625 στρατιᾶς.

2482 4638 2581 4705 ξδ’.
2614 4641 2801 4694 Ταῦτα
2825 4645 2904 4707 είς
2935 4645 3177 4700 διάν-ιιαν
3201 4651 3655 4720 ἀνασκάλλοντες,
3689 4661 3787 4710 καὶ
3803 4653 3914 4714 ὅσα
3939 4666 4009 4732 τῇ

2414 4733 2698 4804 συστοιχίᾳ
2720 4738 2893 4806 ταύτῃ
2939 4738 3194 4802 σύνθετα,
3241 4743 3342 4796 ούκ
3378 4727 3578 4816 ἔχομεν
3614 4751 3767 4813 ὅπως
3817 4754 3887 4804 οὐ
3920 4756 4012 4807 δια

2413 4824 2629 4892 μακροῦ
2666 4824 2884 4878 πενθεῖν
2909 4844 2923 4859 ·
2959 4832 3068 4899 lxii.
3093 4832 3186 4884 τὸν
3216 4835 3388 4902 τάφον
3412 4840 3872 4908 περιιστάμενοι,
3919 4849 4011 4898 τοι

2411 4914 2667 4967 τοσούτου
2729 4917 3055 4991 καλυπτῆρα
3119 4927 3308 4990 καλοῦ,
3350 4928 3665 5000 ὲξαγόμεθα
3729 4938 3825 4987 καὶ
3865 4942 3980 5006 προ

2410 5006 2626 5068 οἴκτους
2649 5008 2700 5060 οι
2736 5015 3177 5080 παραμυθεῖσθαι
3230 5020 3323 5070 καὶ
3353 5021 3572 5087 ἑτέρους
3597 5023 3885 5091 ὀφειλέται
3924 5032 4010 5082 δι-

2409 5113 2522 5161 τες.
2563 5099 2675 5150 Καὶ
2694 5098 2758 5165 ὣ,
2791 5105 2994 5182 φαμὲν,
3017 5108 3136 5158 ὅποι
3165 5111 3541 5181 κατήντησας,
3569 5115 3630 5167 τὸ
3657 5119 3845 5172 κοινὸν
3869 5123 4009 5189 ἡμῖν

2408 5191 2666 5258 ἀγαθών;
2709 5195 2876 5277 ὐποι
2913 5201 3047 5268 πρὸς
3071 5201 3326 5272 αἴσθησιν
3372 5209 3808 5277 περιγέγραψαι,
3844 5216 3875 5264 ὁ
3911 5234 4008 5266 και

2408 5282 2630 5365 πληρῶν
2659 5287 2724 5340 τὰ
2751 5287 2930 5342 πάντα
2963 5291 3265 5361 θαύματος,
3311 5291 3394 5360 οἷς
3437 5299 3875 5369 ἡνδραγαθίζου,
3911 5312 4008 5360 καί

2409 5375 2713 5445 πληρώσων
2764 5381 3081 5448 είσέπειτα;
3131 5386 3274 5450 Ἕως
3309 5389 3395 5458 εἴη
3451 5392 3506 5444 δὲ
3538 5392 3675 5455 Θεὸς
3717 5398 4005 5450 ἐπινεύων

2403 5469 2515 5528 τοῖς
2550 5468 2755 5535 λόγοις,
2789 5473 2818 5524 ὁ
2853 5474 3017 5537 καλὸς
3045 5476 3318 5549 λεοντιδὴς
3375 5481 3630 5550 βασιλεὺς
3669 5490 3999 5558 κραταιωθξξ

2403 5559 2526 5620 τοὺς
2563 5560 2780 5630 ὄνυχας,
2818 5564 2893 5627 ὡς
2917 5569 3009 5618 καὶ
3041 5569 3324 5639 ἐμπείρειν
3349 5573 3492 5641 ἔχειν
3523 5577 3630 5637 τοῖς
3666 5578 3796 5630 καθ’
3839 5581 4003 5650 ἡμῶν

2402 5648 2875 5720 ὀργὼσιθηρίοις.
2907 5658 3053 5720 Τέως
3089 5663 3197 5732 γὰρ
3251 5662 3552 5734 βρυχγδομῴ
3587 5666 4001 5738 διοικονομείεο

2400 5742 2466 5790 τα
2497 5743 2721 5797 τοιαῦτα
2763 5747 3029 5821 βασιλικῷ
3065 5757 3154 5806 καὶ
3187 5757 3478 5827 σταθεραῑς
3507 5760 3878 5827 ἐπαγγελίαις
3905 5767 3999 5817 τού

2403 5832 2594 5898 μ;.’.λε”ί
2706 5877 2715 5887 .
