4212 6440
734 402 873 468 103.“.

1441 408 1796 466 EUS'J'.-‘\'fll
1817 410 1863 466 ll
1914 410 1953 466 ἰ’
1971 412 1982 466 l
1999 410 2274 466 ilibSM.‘
2295 409 2664 467 INICENSIS
2706 407 3266 468 METRlWOLlTxii

3840 410 3979 474 1036

725 538 940 590 quoque
963 523 1224 577 virtutum
1256 534 1457 584 cattus,
1489 524 1816 577 ancillarum
1849 524 2170 576 dilectarum
2201 522 2270 573 do
2324 530 2340 581 Λ

2413 524 2492 574 επὶ
2541 523 2724 585 λοιπλς
2771 523 3014 591 ὁρμαθὺς
3058 523 3275 592 ἀρετῶν
3307 524 3709 590 ἀμφιπένοινταί
3751 544 3835 587 σε,
3873 531 3979 580 an.

726 617 928 666 minam
967 615 1294 668 sectantium
1347 614 1540 678 instar,
1580 625 1632 669 te
1681 615 1993 678 comitatur,
2031 614 2294 667 assistant

723 713 778 757 cl.
808 706 938 775 ipsa:
968 709 1220 761 convivio
1251 717 1305 761 et
1350 723 1471 777 quae
1500 708 1656 762 decet
1703 708 2010 776 periit-iant,
2042 715 2102 760 ut
2137 707 2293 760 cibus

725 797 815 851 hic
839 799 1134 866 spiritualis
1163 815 1347 853 verum
1376 802 1533 854 nobis
1559 802 1758 854 bonum
1790 800 2292 868 prmbeat,omnino

727 891 1253 960 execlicntiusquatu
1288 893 1434 947 illius
1465 892 1680 945 nielarii
1715 892 1972 954 Eunosti,
2023 907 2182 960 quem
2202 907 2294 944 ve-

729 991 812 1032 tus
843 979 1024 1033 fabula
1064 997 1260 1050 magno
1297 983 1505 1036 honore
1541 983 1768 1050 dignum
1802 983 2009 1036 habuit.

794 1071 848 1123 3.
882 1072 1138 1125 Animum
1194 1076 1380 1139 igitur,
1411 1089 1443 1128 0
1477 1074 1700 1140 fratres,
1745 1075 2010 1129 advertite
2058 1075 2124 1128 iis
2173 1090 2294 1142 quic

727 1163 975 1216 dicturus
1003 1180 1144 1218 sum.
1184 1167 1246 1218 Et
1284 1168 1548 1234 quoniam
1578 1168 1879 1238 spit'itualis
1910 1169 2023 1220 haec
2047 1183 2233 1222 mensa
2265 1185 2291 1219 ιι

731 1257 982 1310 manibus
1015 1259 1297 1312 cbaritatis
1326 1260 1697 1313 dilectissima:
1731 1260 1893 1312 veluti
1936 1245 1964 1313 ii
2007 1260 2294 1328 prudenti-

730 1349 832 1402 has
863 1352 1050 1417 coquis
1092 1351 1244 1404 vobis
1268 1354 1580 1421 apponitur,
1613 1352 1918 1406 aceumbite
1949 1353 2014 1406 ad
2043 1369 2163 1408 eam
2197 1368 2294 1422 per

733 1442 920 1502 ticum,
955 1444 1040 1494 (ui
1070 1444 1296 1504 assidet,
1347 1453 1398 1496 ct
1447 1445 1626 1512 cpiilis
1649 1445 1922 1507 frnimini,
1968 1457 2027 1499 ut
2063 1449 2296 1500 sincera:

729 1531 1091 1602 genuinmque
1121 1535 1406 1588 ebaritatis
1439 1537 1734 1605 participes
1775 1538 1917 1590 tiatis
1949 1553 1964 1590 :
2001 1540 2165 1592 nolite
2197 1556 2296 1593 au-

729 1633 838 1677 tem
891 1633 1174 1694 propterea
1208 1627 1352 1695 quod
1403 1627 1686 1696 sapientia:
1717 1629 1956 1683 libamen
1988 1629 2144 1684 vobis
2184 1645 2290 1683 non

733 1713 994 1775 alicrtur,
1031 1718 1366 1770 stomachari
1409 1728 1502 1770 aut
1548 1718 1743 1787 jocari.
1783 1717 1898 1772 Etsi
1935 1720 2082 1773 enim
2121 1721 2294 1790 magi--

733 1814 846 1857 ster
885 1807 1165 1875 sapientia:
1223 1823 1416 1877 expers
1448 1818 1540 1860 aut
1570 1809 1732 1862 etiam
1791 1809 2124 1875 injucnndus
2169 1823 2292 1871 est,

732 1904 973 1952 attamen
1002 1899 1265 1962 rbaritas.
1301 1915 1406 1968 qua
1439 1899 1604 1954 etiam
1655 1903 1892 1970 imperiti
1931 1915 2296 1976 praeceptores

735 1990 802 2040 ab
834 1989 898 2044 iis
947 1991 1037 2058 qui
1084 1991 1302 2046 edoceri
1357 1992 1607 2062 cupiunt,
1658 1993 2113 2063 frequentantur,
2151 1997 2298 2052 hunc

732 2081 957 2164 calicem
993 2082 1212 2144 dulcem
1248 2085 1457 2150 reddet,
1493 2086 1902 2154 bilaritatisque
1931 2102 2138 2152 merum
2166 2104 2298 2158 pro-

733 2158 977 2239 pitiando
1005 2190 1127 2244 qua:
1164 2177 1230 2229 ad
1259 2178 1580 2246 sapientiam
1609 2171 1968 2231 hauriendam
2002 2179 2298 2249 sufﬁciant.

734 2263 950 2341 abunde
976 2266 1367 2334 suppeditabit,
1394 2267 1528 2322 adeo
1556 2277 1614 2322 ut
1641 2283 1771 2336 quas
1795 2271 2036 2324 mundus
2070 2272 2296 2335 evomit,

734 2357 1086 2410 omniuoetvi
1107 2369 1330 2412 careant
1350 2369 1402 2414 et
1419 2361 1764 2430 ignorentur,
1780 2362 1958 2414 model
1974 2363 2091 2415 alio
2115 2373 2297 2417 autem

673 2496 679 2504 .
734 2459 790 2504 et
834 2452 1188 2520 temperantia
1230 2453 1464 2506 animant
1519 2453 1754 2508 evellant
1793 2454 1859 2507 ad
1913 2457 2078 2509 vitam
2133 2471 2301 2525 ange-

737 2541 920 2596 lic.im.

806 2635 862 2689 4.
896 2634 1172 2699 Charitas,
1222 2649 1256 2688 ο
1283 2635 1482 2692 fratres
1515 2638 1815 2707 (nunquam
1848 2640 1994 2694 enim
2023 2641 2091 2694 ab
2116 2656 2178 2694 ea
2207 2641 2306 2694 dc-

739 2725 953 2790 sistam,
979 2727 1111 2791 imo,
1137 2727 1264 2784 licet
1317 2729 1584 2784 molestus
1627 2730 1754 2792 sim,
1800 2743 2016 2799 semper
2066 2730 2304 2798 citabo),

741 2818 786 2874 si
817 2821 1036 2888 quando
1071 2821 1123 2874 in
1157 2821 1316 2874 vol-is
1348 2821 1573 2890 largiter
1618 2822 1910 2887 inhabitat,
1945 2832 2070 2876 ante
2119 2824 2304 2877 omnia

742 2911 994 2979 requirit,
1031 2919 1090 2964 ut
1130 2913 1223 2980 qui
1262 2927 1387 2966 vere
1420 2913 1586 2966 homo
1634 2912 1746 2965 vult
1778 2929 1923 2975 esse,
1959 2921 2099 2982 apud
2132 2914 2303 2967 Deum

740 3005 812 3055 sit
834 3011 888 3057 et
916 3004 1115 3072 cosqui
1145 3004 1248 3074 ipsi
1275 3005 1516 3067 adstant,
1533 3004 1729 3058 deinde
1756 3005 1896 3074 apud
1929 3020 2132 3074 regem.
2165 3003 2304 3058 Num

741 3113 908 3166 porro
937 3097 1101 3157 etiam
1141 3094 1384 3165 episcopi
1416 3096 1567 3165 diligi
1610 3098 1844 3151 debeant
1877 3113 1905 3150 a
1939 3098 2304 3166 presbyteris,

2331 1855 2373 1910 Β

2399 617 2492 666 καὶ
2515 615 2706 668 ὀπαδοὶ
2729 615 2881 682 φίλαι
2905 614 3259 684 θεράπαιναι,
3290 618 3653 685 παρέστωσαν
3681 619 3758 687 τῷ
3784 636 3978 672 συσσιο

2399 706 2497 772 τίῳ
2539 706 2633 757 καὶ
2671 708 2856 770 αὑταὶ,
2892 706 3317 760 ουντελέσουσαι
3361 709 3429 760 τὰ
3461 709 3773 779 πρόσφορα,
3803 710 3880 767 ὡς
3913 711 3978 763 ἀν

2395 799 2529 867 ἡμῖν
2557 794 2700 848 οὕτω
2730 796 2986 864 νόστιμον
3012 798 3174 850 καλὸν
3204 801 3237 862 ἡ
3268 797 3620 868 πνευματικὴ
3650 801 3792 868 αὕτη
3819 802 3976 868 σχοίη

2399 890 2594 960 τροφὴ,
2613 890 2690 958 τῷ
2711 892 2879 944 παντὶ
2903 893 3230 962 σεμνότερον
3252 891 3345 946 τοῦ
3366 894 3658 962 ὲπιμυλίου
3681 895 3972 959 Εὐνόστου,

2396 983 2454 1034 ὃν
2483 983 2638 1050 λόγος
2689 983 2918 1044 παλαιὸς
2959 985 3047 1038 διὰ
3081 985 3430 1055 σεϐάσματος
3459 987 3660 1053 ἤγαγε.

2467 1075 2535 1141 γ’.
2581 1076 2880 1145 Προσέχετε
2915 1076 3002 1144 δὴ,
3034 1071 3080 1128 ὧ
3110 1077 3351 1145 ἀδελφοὶ,
3381 1079 3495 1139 τοῖς
3546 1077 3972 1147 ῥηθησομένοις.

2400 1170 2508 1220 Καὶ
2539 1171 2661 1220 ἐπεὶ
2701 1173 2882 1240 χεῖρες
2914 1169 3138 1239 ἀγάπης
3167 1171 3266 1239 τῆς
3302 1171 3660 1238 παμφιῗιήτου
3687 1172 3788 1240 τὴν
3819 1170 3974 1236 λογι-

2397 1260 2498 1328 κὴν
2529 1261 2736 1331 ταύτην
2769 1264 2862 1316 καὶ
2893 1262 3174 1333 τράπεζαν
3207 1264 3302 1315 καὶ
3337 1263 3544 1333 τροφὴν
3590 1263 3690 1314 ὅσα
3719 1265 3818 1315 καὶ
3864 1264 3971 1314 σώ-

2397 1368 2592 1420 φρονες
2625 1353 2874 1420 ὀψοποιοὶ
2911 1353 3323 1424 καταρτίζουσι,
3360 1355 3618 1423 γίγνεσθε
3656 1355 3793 1422 πρὸς
3824 1355 3966 1421 αὖτῇ

2394 1445 2482 1498 διὰ
2513 1445 2604 1497 τὸν
2645 1446 2801 1509 Θεὸν,
2833 1439 2877 1512 ᾧ
2923 1445 3286 1516 παρεδρεύει*
3339 1447 3437 1498 καὶ
3471 1449 3606 1516 πρδς
3650 1447 3830 1515 ἁληοἧ
3875 1450 3974 1498 καὶ

2395 1537 2868 1607 ἀπαραχάρακτον
2893 1539 3174 1608 ἀγάπησιν
3205 1539 3475 1601 σιτίζεουε
3506 1540 3574 1591 τὰ
3630 1539 3977 1609 προτεθησὸ-

2399 1643 2535 1694 μενα
2555 1642 2569 1655 ·
2607 1626 2699 1678 καὶ
2730 1625 2825 1696 μὴ,
2857 1625 2992 1679 διότι
3020 1628 3214 1694 σοφίας
3242 1629 3302 1680 ού
3335 1628 3728 1698 παρατέθειται
3776 1631 3978 1700 κρᾶμα

2398 1719 2549 1787 ὑμῖν,
2583 1717 2910 1788 σικχάζεσθε
2938 1720 3307 1788 ἀηδιζὸμενοι.
3337 1722 3399 1774 ΕΞ
3432 1722 3539 1790 γὰρ
3561 1722 3656 1773 καὶ
3695 1722 3906 1788 ἀσοφος
3953 1726 3980 1773 ὁ

2400 1810 2743 1872 διδάσκαλος,
2771 1811 2864 1864 καὶ
2893 1813 2973 1873 είς
2997 1812 3150 1865 οὖδὲν
3174 1811 3402 1875 γλυκὺς,
3427 1811 3565 1865 ἀλλά
3594 1814 3627 1881 ἡ
3659 1814 3879 1881 ἀγάπη,
3908 1812 3980 1863 δι’

2403 1901 2470 1970 ἣν
2527 1903 2618 1955 καὶ
2680 1901 2890 1956 ἰδιῶται
2919 1902 3230 1955 διδάσκαλοι
3275 1906 3524 1973 προςιιτολ⁵
3576 1903 3822 1970 γίνονται
3863 1905 3982 1966 τοῖς

2402 1992 2710 2060 ἐφιεμένοις
2761 1993 2978 2061 μαθεῖν,
3009 1995 3275 2062 γλυκανεῖ
3325 1996 3419 2048 τὸν
3457 1998 3712 2066 κρατῆρι
3757 1997 3985 2061 τοῦτον,

2401 2083 2495 2134 καὶ¹
2534 2083 2850 2154 ἱλαρότητος
2891 2084 3029 2154 μέθυ
3073 2087 3514 2157 προϐαλλομένη,
3555 2087 3987 2156 ἑμόρωματίσει

2401 2192 2459 2226 τε
2484 2177 2580 2227 καὶ
2614 2179 2795 2230 ποτιεῖ
2836 2177 2906 2230 τὰ
2955 2178 3034 2242 είς
3068 2179 3232 2248 κόρον
3262 2179 3520 2249 σώφρονα
3541 2195 3558 2212 ο
3593 2180 3663 2231 δι’
3687 2176 3752 2235 οὗ
3798 2185 3828 2234 ὀ
3883 2183 3990 2251 μὲν

2402 2267 2544 2319 κατά
2568 2268 2774 2333 κόσμον
2795 2269 2989 2338 ἔμετος
3010 2271 3308 2339 ἀπρακτεῖ,
3327 2271 3404 2333 ὡς
3429 2272 3563 2340 μηδὲ
3582 2268 3987 2339 γινώσκεσθαι,

2401 2359 2460 2409 τὸ
2480 2359 2536 2410 δὲ
2558 2361 2816 2428 νηφάλιον
2840 2361 3182 2430 δραξάμενον
3203 2362 3304 2430 τῆς
3321 2363 3502 2433 ψυχῆς
3524 2365 3795 2433 ἀνα·,;ἐρει
3813 2365 3992 2435 αὐτὴν

2401 2452 2482 2512 είς
2508 2450 2788 2504 πολιτείαν
2814 2453 3139 2523 ἀγγελικὴν.

2473 2627 2536 2682 δ’.
2567 2629 2632 2680 'Il
2662 2629 2874 2696 ἀγάπη,
2901 2622 2947 2681 ὧ
2971 2630 3192 2697 ἀδελφοὶ
3215 2631 3299 2701 (οὐ
3323 2633 3434 2702 γὰρ
3456 2631 3626 2685 ἐθέλω
3643 2634 3996 2702 ἀποσχέσθαι

2405 2720 2536 2772 ποτε
2565 2721 2754 2788 αὐτῆς.
2783 2720 2899 2772 ἀλλ’
2929 2715 3042 2772 οἷον
3067 2723 3412 2791 παρενοχλῶ,
3458 2725 3592 2793 πρὸς
3641 2723 3769 2793 βίαν
3813 2725 3996 2793 αὐτὴν

2404 2812 2832 2881 ἐπισπώμενος),
2860 2815 2910 2864 sl’
2931 2830 3048 2876 πως
3070 2814 3200 2882 ὑμῖν
3224 2817 3305 2877 εἰς
3327 2817 3523 2878 πλάτος
3541 2818 3994 2885 ἐμπολιτεύοιτο,

2408 2903 2724 2971 πάμπρωτα
2760 2905 2859 2974 μὲν
2889 2905 3132 2969 ἀπαιτεῖ,
3185 2907 3279 2959 τὸν
3310 2908 3383 2971 ὡς
3435 2909 3654 2978 ἀληθῶς
3692 2911 3999 2980 ἄνθρωπον

2410 2999 2546 3065 προς
2577 2997 2653 3066 τῷ
2686 2999 2806 3066 Θεῷ
2839 2995 2980 3050 εἷναι
3009 3001 3100 3051 καλ⁵
3135 3003 3247 3062 τοῖς
3276 3003 3424 3068 αἰτῷ
3454 3005 3836 3071 παρεστῶσιν,
3869 3001 3998 3057 εἷτα

2411 3091 2504 3139 καὶ
2542 3090 2676 3158 πρὸς
2708 3090 2784 3158 τῷ
2813 3090 3045 3159 βασιλεῖ.
3082 3092 3143 3144 Εἰ
3178 3092 3233 3144 δὲ
3267 3095 3361 3144 καὶ
3381 3094 3430 3144 oi
3459 3095 3742 3162 ἀρχιερεῖς
3771 3097 3998 3163 ἀγαπηο

739 3197 795 3245 et
826 3188 1076 3243 diaconis
1101 3188 1428 3243 Christianis
1461 3198 1515 3243 ct
1550 3189 1617 3242 ab
1647 3189 1905 3242 universo
1934 3189 2085 3242 clero
2113 3203 2175 3240 ae
2213 3205 2305 3259 ρο·
2333 3186 2340 3225 ¹

2413 3181 2671 3250 θήσονται
2729 3183 2865 3251 πρός
2921 3199 2980 3234 τε
3035 3183 3130 3234 τοῦ
3187 3184 3608 3254 πρεσϐυτερίου,
3642 3186 3742 3238 καὶ
3788 3187 3897 3255 τῆς
3941 3190 4001 3239 ἐν

747 3284 897 3351 pulo,
929 3297 1024 3337 vos
1053 3282 1249 3343 nostis,
1289 3281 1383 3350 qui
1416 3296 1446 3334 e
1476 3295 1637 3334 sacro
1667 3291 1924 3349 suggestu
1970 3281 2025 3332 in
2069 3281 2308 3334 ecclesia

742 3373 843 3426 hac
873 3371 942 3425 de
978 3386 1038 3426 re
1073 3371 1253 3425 edocti
1287 3371 1444 3424 estis.
1479 3370 1541 3423 Et
1570 3370 1653 3423 sic
1683 3377 2095 3438 consequenter
2129 3369 2312 3424 chari—

744 3469 828 3516 tas
856 3461 1101 3516 omnium
1132 3461 1294 3516 etiam
1327 3459 1588 3529 proximis
1618 3458 1873 3514 debetur.

814 3748 868 3801 5.
900 3746 1031 3812 Quae
1058 3745 1278 3814 quidem
1310 3759 1433 3799 eum
1477 3744 1549 3797 ita
1595 3759 1655 3798 se
1684 3743 1922 3798 habeant
1951 3743 2028 3811 (et
2063 3757 2196 3796 vere
2234 3742 2316 3797 sic

747 3855 806 3894 se
853 3839 1077 3904 habent,
1119 3838 1476 3907 quantumvis
1522 3836 1823 3889 adversarii
1859 3845 2136 3903 iungentur
2167 3842 2222 3887 ct
2253 3835 2309 3888 in

686 3912 691 3916 ’
747 3933 1051 3985 contrarias
1077 3939 1258 4000 partes
1285 3929 1525 3998 abeant),
1555 3943 1648 3983 vos
1675 3927 1780 3996 ipsi
1805 3927 2123 3981 meditando
2155 3926 2316 3980 facile

749 4022 1084 4091 intelligetis,
1117 4022 1274 4076 vobis
1305 4022 1423 4075 hac
1453 4021 1636 4075 omnia
1687 4019 1983 4087 diligenter
2017 4020 2318 4073 observan-

752 4115 896 4168 tibus
925 4129 1074 4183 spem
1105 4115 1298 4167 salutis
1327 4113 1691 4166 certissimam
1745 4109 1874 4164 inde
1905 4110 2114 4164 enasci.
2145 4108 2323 4161 Caete-

755 4223 873 4260 rum
929 4208 976 4262 si
1009 4206 1150 4261 forte
1185 4208 1238 4260 in
1270 4220 1380 4259 uno
1412 4204 1692 4258 cbaritatis
1733 4210 2003 4273 pra-cepto
2043 4199 2328 4269 deliqueri-

752 4302 844 4362 tis,
878 4301 1045 4356 nolite
1073 4301 1256 4354 statim
1285 4313 1439 4368 spem
1468 4298 1614 4350 illam
1647 4297 1907 4365 abiicere,
1949 4293 2044 4350 sed
2080 4309 2176 4361 per
2207 4307 2322 4360 pce-

755 4393 1042 4448 nitentiam
1075 4393 1430 4447 corroborare
1451 4390 1631 4443 denuo
1665 4387 1910 4442 eamdem
1947 4385 2183 4440 studete.
2206 4381 2322 4436 iam

2416 3273 2638 3343 Χριστῷ
2655 3273 2960 3337 διακονίας,
2997 3276 3091 3326 καὶ
3121 3277 3325 3336 παντὸς
3356 3275 3450 3328 τοῦ
3481 3277 3718 3346 κλήρου,
3761 3281 3865 3332 καὶ
3901 3281 4000 3330 τοῦ

2414 3363 2571 3426 λαοῦ,
2610 3364 2767 3433 ὑμεῖς
2801 3365 3002 3432 οἴδατε,
3041 3367 3409 3434 μανθάνοντες
3444 3367 3579 3421 αὐτὸ
3607 3369 3674 3421 ἐκ
3701 3369 3801 3422 τοῦ
3839 3371 4002 3440 ἱεροῦ

2415 3457 2764 3525 ἀναστάθμου
2799 3456 2893 3509 τοῦ
2921 3459 3064 3511 κατά
3089 3459 3188 3528 τὴν
3236 3460 3399 3526 ἀγίαν
3427 3460 3730 3530 ἐκκλησίαν
3763 3463 4002 3532 ὲξηχούο

2419 3565 2579 3616 μενον
2619 3550 2696 3611 εἰς
2734 3549 2901 3619 ὑμᾶς.
2943 3550 3323 3618 Ἐποφείλεται
3368 3551 3424 3603 δὲ
3462 3551 3776 3615 ἀκολούθως
3801 3555 4005 3623 ἀγάπη

2418 3643 2556 3711 προς
2589 3643 2808 3696 πάντων
2841 3642 2936 3694 καὶ
2964 3644 3075 3704 τοῖς
3108 3643 3361 3710 πλησίον.

2488 3731 2552 3787 ε’.
2582 3731 2803 3786 Τούτων
2839 3733 2903 3803 δὴ
2933 3732 3108 3795 οὕτως
3155 3734 3394 3802 ἐχόντων
3420 3737 3628 3804 (ἔχουσι
3675 3738 3734 3789 δὲ
3769 3739 3878 3792 οὐκ
3911 3741 4009 3793 ἀλ-

2417 3825 2545 3889 λως,
2580 3825 2684 3878 κᾶν
2709 3826 2759 3877 εί
2792 3825 2964 3880 πολλά
2994 3842 3076 3888 τις
3101 3827 3407 3898 πτερυγίζῃ
3439 3830 3880 3900 ἀντιφερύμενος
3908 3835 4007 3884 καὶ

2418 3916 2772 3986 ἀδολεσχῶν),
2831 3919 2961 3985 ύμῖν
2998 3918 3205 3988 ἀφίημι
3250 3919 3670 3974 διασκοπεῖσθαι
3725 3922 3824 3974 καὶ
3857 3924 4009 3991 λογιο

2422 4007 2634 4060 στεύειν
2667 4010 2733 4061 τὰ
2791 4009 2912 4062 καθ’
2939 4009 3084 4077 ὑμᾶς
3135 4010 3356 4074 αὐτοὺς,
3403 4011 3476 4074 ὡς
3510 4011 3601 4076 ἂν,
3638 4014 3686 4064 εί
3722 4013 3828 4082 μὲν
3861 4017 4010 4069 αὐτὰ

2424 4102 2602 4154 πάντα
2658 4101 2999 4168 φυλάττεσθε
3057 4104 3136 4165 είς
3201 4102 3454 4170 ἀκριϐὲς,
3511 4104 3797 4167 εὐέλπιδες
3851 4109 4008 4175 εἴητε

2425 4190 2773 4258 σωθήσεσθαι
2797 4207 2811 4221 ο
2849 4193 2896 4243 εἰ
2926 4191 2984 4243 δέ
3012 4208 3064 4242 τι
3097 4190 3402 4258 σφάλλεσθε
3431 4189 3526 4243 τοῦ
3551 4193 3692 4244 κατὰ
3720 4193 3823 4260 τὴν
3871 4196 4015 4262 ἀγά-

2426 4300 2535 4350 πην
2588 4283 2708 4335 ὅλου
2750 4283 2994 4345 κανόνος.
3023 4282 3117 4334 ἀπ’
3147 4283 3361 4346 ἐλπίδος
3415 4284 3513 4352 μὲν
3555 4284 3690 4354 μηδὲ
3745 4285 3900 4338 οὕτω
3931 4285 4015 4354 γί-

2425 4373 2629 4433 νοισθε,
2663 4374 2947 4426 σπεύδοιτε
2977 4374 3032 4426 δὲ
3067 4374 3557 4443 πραγματεύεσθαι
3584 4374 3671 4426 διὰ
3705 4377 4011 4442 μετανοίας

757 4501 889 4540 vero
923 4483 1192 4550 ejusmodi
1244 4481 1577 4552 paenitentia
1630 4495 1739 4532 non
1795 4476 2119 4543 simpliciter
2161 4477 2214 4528 in
2260 4487 2326 4526 eo

2429 4465 2491 4516 τὸ
2514 4465 2612 4532 τῆς
2653 4465 2866 4525 ἐλπίδος
2911 4467 3118 4533 ταύτης
3157 4465 3614 4533 ἀκαταίσχυντον.
3641 4465 3928 4532 Θεωροῖτο
3957 4467 4014 4516 δὲ

757 4573 1012 4630 consistit
1047 4581 1103 4626 ut
1137 4572 1306 4624 animi
1338 4569 1584 4623 dolorem
1619 4567 1893 4626 sentiatis,
1927 4565 2021 4619 sed
2047 4572 2105 4616 ut
2142 4562 2324 4615 chari-

759 4669 888 4722 tatis
922 4664 1192 4719 defectum
1241 4659 1584 4730 compleatis,
1619 4669 1675 4712 et
1711 4657 1854 4726 quod
1883 4655 2038 4709 vobis
2069 4654 2135 4707 ad
2171 4653 2319 4707 illam

760 4757 915 4812 deest
941 4754 1259 4825 perficiatis,
1285 4753 1424 4806 adeo
1453 4759 1513 4804 ut
1545 4763 1686 4818 quos
1732 4761 1917 4800 amare
1949 4744 2184 4806 debetis,
2213 4758 2323 4796 non

763 4853 922 4906 aliter
941 4851 1157 4916 ametis,
1180 4863 1344 4918 quam
1377 4845 1616 4900 utiDeus
1649 4844 1930 4914 praecepit,
1972 4842 2026 4894 in
2060 4848 2174 4894 toto
2210 4836 2331 4891 aui-

767 4964 852 5002 nio
883 4955 937 5001 et
964 4962 1033 5001 ex
1060 4955 1174 4999 toto
1199 4944 1402 5005 animo,
1432 4943 1488 4995 in
1511 4949 1624 4996 toto
1647 4940 1814 4993 corde
1834 4944 1890 4991 et
1910 4949 1974 4989 ex
2005 4941 2122 4986 toto
2140 4931 2330 4993 corde,

773 5041 828 5092 in
859 5049 969 5090 tota
1001 5037 1329 5106 cogitatione
1374 5044 1428 5087 et
1461 5048 1528 5087 ex
1566 5038 1678 5085 tota
1727 5027 2088 5098 cogitatione.
2127 5022 2219 5078 Sic
2250 5021 2331 5074 ui-

771 5133 970 5182 miium
1001 5129 1229 5195 diligere
1263 5126 1330 5180 ab
1361 5141 1426 5181 eo
1455 5123 1734 5193 iubemur.
2027 5134 2039 5142 '

850 5414 901 5468 ὓ.
936 5413 1190 5466 Animam
1221 5419 1402 5462 autem
1434 5407 1558 5460 dico
1591 5402 1724 5456 illud
1756 5400 1900 5470 quod
1935 5411 2166 5467 prorsus
2199 5397 2339 5446 intra

778 5519 882 5560 nos
917 5512 1022 5564 est,
1067 5500 1306 5555 animam
1338 5513 1443 5551 non
1474 5497 1542 5549 de
1584 5505 1726 5548 terra
1761 5501 1967 5551 natant,
2012 5501 2186 5552 neque
2221 5485 2341 5537 ideo

781 5599 846 5650 ad
877 5607 1072 5649 terram
1093 5604 1460 5653 reversuram,
1489 5589 1582 5642 sed
1609 5601 1729 5656 qua:
1755 5595 1874 5639 orta
1907 5591 2080 5636 estex
2109 5576 2345 5632 insufﬂa-

784 5691 932 5744 tione
964 5685 1083 5749 Dei,
1111 5684 1176 5738 ad
1205 5697 1368 5754 quem
1397 5681 1559 5734 etiam
1600 5679 1761 5740 redit,
1793 5676 1836 5730 si
1878 5682 2085 5727 rectum
2113 5671 2303 5724 lecerit
2328 5683 2342 5731 ;

787 5782 1045 5840 animam,
1101 5778 1344 5847 inquam,
1375 5789 1484 5845 qua
1525 5773 1651 5826 licet
1691 5771 1757 5824 ad
1805 5768 1898 5822 Dei
1951 5773 2201 5818 naturam
2239 5775 2346 5813 non

789 5889 1020 5947 prorsus
1057 5870 1385 5934 accedente,
1428 5879 1606 5921 tamen
1638 5858 2054 5918 similitudinem
2107 5854 2348 5909 divinam
2394 5892 2405 5903 .

2434 4555 2500 4607 ἂν
2531 4555 2564 4623 ἡ
2595 4553 2820 4620 τοιαύτη
2861 4553 3122 4620 μετάνοια
3171 4553 3272 4604 ούκ
3304 4552 3362 4602 ὲν
3391 4551 3467 4618 τῷ
3517 4550 3704 4610 ἀπλῶς
3761 4554 4013 4620 μεταμέ-

2429 4645 2636 4711 λεσθαι,
2684 4645 2823 4698 ἀλλά
2868 4643 2963 4696 καὶ
3008 4641 3360 4713 ἀναπληροῦν
3407 4642 3465 4694 τὺ
3516 4643 3617 4708 τῆς
3670 4641 3906 4710 ἀγάπης
3959 4645 4016 4694 ἐν

2429 4739 2559 4805 ὑμῖν
2605 4738 2878 4801 ἐλλεῖπον,
2913 4739 3007 4788 καὶ
3046 4734 3404 4787 τελειοποιεῖν
3449 4735 3511 4787 τὸ
3557 4736 3678 4787 κατ’
3713 4738 3898 4804 αὐτὴν
3932 4741 4016 4791 ἐν-

2428 4831 2546 4891 δεές
2573 4846 2587 4859 °
2617 4831 2700 4884 ἵνα
2756 4827 2830 4897 μὴ
2889 4827 3064 4889 ἄλλως
3095 4825 3410 4897 ἀγαπῴητε,
3442 4825 3536 4889 οὒς
3579 4827 3805 4896 ἀγαπᾷν
3837 4848 4015 4898 χρεω-

2434 4924 2633 4986 στεῖτε,
2663 4920 2797 4974 ἀλλά
2819 4919 2894 4982 ὡς
2924 4919 2953 4969 ὁ
2979 4918 3110 4979 Θεὸς
3147 4921 3450 4980 ὲκανόνισε,
3480 4917 3911 4988 διαταξάμενος,
3960 4926 4016 4973 ἐν

2433 5014 2530 5084 ὅλῃ
2580 5013 2727 5082 ψυχῇ
2754 5054 2770 5078 ,
2811 5013 2906 5065 καὶ
2961 5010 3020 5077 ἐξ
3073 5010 3199 5080 ὅλης
3243 5010 3456 5080 ψυχῆς,
3492 5012 3588 5063 καὶ
3625 5010 3725 5080 ὅλῃ
3785 5012 4015 5080 καρδία,

2438 5107 2533 5159 καὶ
2589 5105 2649 5170 ἐξ
2680 5105 2809 5173 ὅλης
2874 5103 3134 5174 καρδίας,
3186 5102 3279 5154 καὶ
3320 5104 3380 5154 ιν
3416 5100 3514 5172 ὅλη
3545 5100 3777 5170 διανοίᾳ,
3810 5104 3918 5154 καὶ
3964 5102 4022 5164 ῑξ

2437 5199 2564 5269 ὅλης
2618 5197 2855 5260 διανοίας
2916 5195 3172 5264 ἀγαπᾷν,
3203 5191 3298 5256 οὓς
3341 5193 3516 5261 φιλεῖν
3553 5191 3620 5243 δι’
3651 5191 3821 5244 αὑτοῦ
3867 5196 4020 5246 ἐντι·

2439 5290 2706 5362 τάλμεθα.

2516 5392 2590 5450 ς’.
2626 5385 2782 5449 Λέγω
2808 5383 2862 5434 δὲ
2887 5379 3065 5448 ψυχὴν
3111 5379 3210 5448 μὲν
3255 5375 3354 5445 τὴν
3380 5376 3440 5428 τὸ
3472 5377 3582 5429 πᾶν
3637 5377 3696 5425 ὲν
3734 5378 3901 5443 ἡμῖν,
3923 5377 4020 5443 τὴν

2448 5478 2523 5548 μὴ
2552 5479 2616 5528 ὲκ
2638 5475 2761 5542 γῆς,
2801 5472 2881 5524 διὸ
2915 5471 3053 5540 μηδὲ
3079 5467 3506 5520 παλινοατοῦσαν
3536 5467 3616 5525 είς
3644 5466 3783 5533 γῆν·
3813 5466 3942 5517 ἀλλ’
3967 5467 4019 5521 EE

2447 5569 2842 5639 ὲμφυαήματος
2891 5560 3051 5620 Θεοῦ,
3094 5561 3173 5621 εἰς
3197 5558 3257 5611 ὃν
3295 5558 3390 5610 καὶ
3429 5553 3712 5616 καταλύει,
3772 5555 3842 5607 ἀν
3886 5557 4022 5625 ὀρθὰ

2452 5660 2786 5730 πορεύηται·
2817 5655 2884 5708 δι’
2914 5647 3004 5725 ἦς,
3031 5645 3166 5704 Θεοῦ
3219 5650 3317 5717 μὲν
3348 5647 3424 5716 μὴ
3454 5645 3620 5713 οὔσης
3666 5645 4021 5714 αὐτόχρημα,

2453 5752 2731 5808 θειοτάτου
2755 5748 2811 5801 δὲ
2844 5747 3149 5818 χρήματος,
3183 5736 3613 5809 ἀποθειούμεθα,
3643 5737 3808 5805 εἰπερ
3845 5736 4025 5790 ἰθὲλο-

2461 5862 2580 5916 μεν,
2612 5842 2703 5895 καὶ
2735 5839 2839 5894 υἱοὶ
2861 5835 3125 5908 γινόμεθα
3164 5833 3425 5904 Ὑψίστου
3456 5832 3657 5892 πάντες
3679 5845 3695 5860 ο
3726 5827 3826 5882 καὶ
3850 5829 3903 5881 εί
3933 5829 4024 5882 καὶ
