4212 6440
267 367 404 428 103i?

1214 373 1591 434 EPISTOLA
1649 378 1686 432 Λ
1702 377 1748 435 Ι)
1788 375 2595 438 Tl—iESSALONICENSES.

3409 381 3431 445 i
3443 384 3550 452 011i)

268 484 612 550 θνῄσκομεν,
648 480 768 535 ά>λ’
810 481 886 543 ὡς
918 479 1162 534 τοιοῦτοι
1189 482 1523 552 θνήσκομεν,
1559 485 1634 544 ὡς
1662 484 1859 552 δηλαδὴ

1970 486 2263 548 referente.
2297 487 2363 540 ad
2393 489 2647 548 deorum.
2692 489 2736 542 si
2769 487 3028 552 velimus.
3059 489 3388 560 dignitatern
3420 511 3549 550 eve-

271 573 744 642 ττροσει)ηἰμένοι
778 573 929 643 αῦτῷ
962 575 1040 635 εἰς
1088 574 1311 643 υίότητα
1342 593 1354 606 ·
1387 578 1448 628 οῦ
1484 577 1592 644 μὴν
1643 577 1718 639 ὡς
1752 577 1858 631 υἱοὶ

268 666 606 737 ἀνθρώπων,
662 668 805 732 οὶδὲ,
863 669 1152 732 ἀπολύτως
1203 673 1401 734 εἰπεῖν,
1449 673 1527 735 ὡς
1577 674 1856 742 ἅνθρωποι

267 760 466 812 ἀδίκου
514 759 760 826 δηλονότι
811 759 1068 819 πλούτου.
1105 762 1134 832 ἢ
1171 763 1390 829 φαύλων
1448 764 1782 833 ἐπιθυμιῶν,
1822 767 1852 837 ἧ

266 851 470 920 ὀργῆς,
498 855 530 922 ἧ
556 853 829 921 αἱμάτων,
862 854 894 922 ἦ
928 855 1132 908 τοιοῦδέ
1173 872 1319 917 τινος
1360 856 1551 908 κακοῦ.
1590 857 1857 924 Καρδίαν

266 943 324 994 δέ
353 960 419 1009 γε
445 945 614 1012 φημὶ,
652 946 738 1011 ἐφ’
762 945 830 1014 ἢν
860 945 1205 1014 διαλογισμοὶ
1231 947 1601 1012 εὐαγγελικῶς
1629 949 1858 1001 ἀναϐαί-

265 1052 445 1100 νουσι,
477 1037 574 1088 καὶ
600 1038 752 1088 αὐτοὶ
780 1039 1032 1106 διάφοροι
1064 1039 1211 1092 ἔστιν
1235 1041 1346 1101 ὅτε,
1377 1041 1470 1092 καὶ
1499 1040 1619 1091 οὐδὲ
1649 1042 1856 1110 εὐσύμ-

266 1125 428 1176 6ατοι
450 1143 464 1154 ·
496 1125 774 1178 διάνοιαν
803 1129 884 1190 δὲ,
927 1128 1048 1179 καθ’
1078 1130 1164 1197 ἣν,
1198 1131 1247 1180 εἰ
1299 1129 1396 1197 μὲν
1426 1131 1746 1198 σεσοφιστιιί
1773 1149 1857 1193 τις

266 1216 486 1280 θεόθεν,
518 1217 699 1284 ἀγαθά
734 1219 1140 1286 συλλογίζεται,
1195 1220 1292 1272 καὶ
1323 1223 1691 1292 συμπεραίνει
1732 1223 1858 1285 τοὺς

265 1308 467 1376 λ-ίγους
501 1312 636 1378 πρὸς
667 1312 817 1374 θεῖας
860 1314 1036 1382 ἀρχάς
1065 1314 1164 1376 τὰς
1199 1313 1415 1364 ἐκεῖθεν
1440 1328 1454 1343 ·
1487 1316 1535 1365 εἰ
1583 1315 1640 1366 δὲ
1671 1316 1857 1382 ἡμάρ-

263 1419 458 1467 τηται,
491 1405 775 1468 σοφίζεται
814 1408 906 1457 καὶ
935 1405 1130 1458 ἑαυτὸν
1158 1407 1253 1458 καὶ
1287 1407 1410 1464 τοὺς
1435 1407 1734 1474 ἀκροατάς,
1766 1410 1860 1462 καὶ

265 1494 448 1559 οὕτως
477 1499 539 1549 οὐ
573 1499 674 1567 τῆς
717 1499 1052 1566 αὐτοσοφίας
1091 1498 1366 1562 λογίζεται
1416 1499 1687 1568 μαθητὴς,
1720 1501 1857 1551 ἀλλὰ

263 1587 362 1646 τοῦ
400 1591 664 1657 σοφιστοῦ
691 1591 792 1659 τῆς
815 1592 1015 1654 κακίας
1049 1592 1428 1662 ὑποδρηττήρ.

1968 581 2151 634 Ιιίιιιιιι·
2183 591 2236 634 et
2273 583 2457 636 cuncti
2497 582 2780 635 reddimur
2817 583 2910 636 lilii
2955 583 3250 647 Altissimi,
3289 587 3364 640 ita
3413 589 3548 657 qui:

1962 672 2085 724 dem
2129 682 2203 730 ut.
2237 674 2455 726 etiamsi
2491 673 2776 737 morimur,
2815 683 3002 752 tamen
3034 690 3143 729 non
3177 685 3440 746 tanquam
3469 693 3549 734 ta-

1965 768 2044 817 les
2076 766 2400 825 moriamur.
2440 774 2628 834 utpote
2662 766 2770 833 jam
2801 778 2959 821 antea
2994 769 3046 822 in
3083 768 3318 824 ﬁliorum
3365 788 3552 826 nume-

1961 871 2080 908 rum
2124 856 2388 924 ad0ptati,
2436 872 2614 923 neque
2648 867 2906 926 tanquam
2950 859 3044 912 lilii
3097 861 3402 925 hominum,
3452 879 3548 916 ue-

1963 964 2096 1015 quc,
2132 958 2189 1000 ut
2220 949 2460 1002 breviter
2493 951 2700 1013 dicam,
2731 961 2990 1019 tauquam
3027 952 3278 1008 homines
3311 954 3546 1024 injustas

1968 1056 2086 1093 rum
2139 1043 2495 1106 divitiarum,
2536 1052 2630 1095 aut
2678 1057 2973 1109 pravarum
3009 1045 3405 1112 cupiditatum.
3449 1053 3549 1107 aut

1966 1137 2082 1194 irae.
2120 1147 2214 1188 aut
2245 1137 2597 1204 sanguiuum,
2629 1148 2722 1191 aut
2761 1138 2962 1192 similis
2989 1138 3390 1206 itnprobitatis.
3438 1139 3550 1196 Col:

1967 1244 2136 1296 porro
2165 1229 2309 1287 dico,
2343 1230 2396 1282 in
2429 1244 2560 1297 quo,
2592 1238 2650 1283 ut
2689 1245 2813 1283 cum
2851 1229 3148 1299 Evangelio
3183 1231 3398 1297 loquar,
3445 1247 3546 1286 co-

1965 1320 2265 1385 gitationes
2295 1331 2605 1389 exsurgunt
2639 1322 2873 1376 diverszc
2922 1323 3206 1377 interdum
3237 1332 3291 1375 et
3321 1324 3549 1379 illicittc.

1964 1411 2370 1478 Cogitatioucm
2401 1413 2662 1481 denique,
2689 1429 2795 1483 qua
2827 1415 2951 1483 quis
2980 1416 3246 1470 divinitus-
3277 1415 3550 1491 sapientia

1967 1502 2276 1556 instructus
2304 1506 2372 1559 de
2399 1509 2568 1561 rebus
2602 1509 2766 1583 bonis
2791 1508 3089 1562 meditatur
3109 1517 3163 1563 ct
3195 1508 3549 1576 disciplinam

1967 1596 2037 1648 ab
2077 1596 2234 1650 initio
2272 1610 2561 1667 acceptam
2592 1600 2659 1654 ad
2700 1601 2910 1669 iustum
2959 1599 3122 1654 linem
3181 1601 3443 1671 perducit
3492 1607 3550 1659 et

266 1695 606 1752 couiservat;
642 1686 732 1741 ubi
763 1703 895 1740 vero
921 1697 1210 1755 peccatum
1253 1695 1360 1752 est,
1402 1703 1462 1743 se
1497 1696 1666 1756 atque
1696 1688 1978 1744 auditores
2012 1691 2232 1757 edocet,
2303 1708 2489 1763 neque
2561 1696 2800 1764 proprim
2856 1696 3144 1764 sapientia:
3225 1694 3548 1764 discipulus,

264 1777 368 1832 sed
407 1780 659 1847 magistri
695 1781 1076 1846 perversitatis
1107 1797 1303 1835 servus
1329 1790 1645 1849 reputatur.

341 1872 411 1935 ζ’.
459 1873 616 1942 Ἐμοὶ
652 1875 709 1926 δὲ
741 1876 839 1928 καὶ
869 1874 1105 1928 ἐνταῦθα
1138 1875 1300 1943 λόγου
1330 1877 1389 1928 τὸ
1415 1877 1486 1929 ἐν
1520 1877 1635 1947 ὅλῃ
1673 1878 1767 1930 καὶ
1796 1878 1858 1930 τὸ
1891 1879 1933 1938 Β

263 1965 338 2024 ἐξ
368 1963 520 2030 ὅλης
545 1965 644 2018 οὐκ
672 1966 1029 2036 ἀπροσφυῶς,
1057 1963 1236 2032 οἶμαι,
1263 1967 1414 2020 δοκεῖ
1439 1969 1514 2038 μὴ
1545 1969 1859 2037 συντρέχειν

267 2058 351 2120 εἷς
382 2057 593 2111 ἔννοιαν
621 2059 722 2130 τὴν
748 2062 940 2130 αὐτὴν,
975 2062 1072 2114 καὶ
1109 2061 1291 2132 πάντη
1320 2063 1539 2125 πάντως
1563 2063 1860 2126 ἀνεξάὶλα-

268 2167 426 2212 κτον,
459 2151 597 2204 ἀλλὰ
644 2153 1048 2222 προφαίνεσθαι
1079 2155 1180 2223 μὲν
1211 2156 1480 2225 διαφοράν
1513 2173 1635 2209 τινα
1662 2157 1721 2207 ὲν
1756 2157 1857 2210 αὖ·

266 2245 406 2306 τοῖς,
439 2243 500 2294 οῦ
556 2244 664 2312 μὴν
709 2244 1048 2315 ἀσύντροχον
1077 2249 1144 2316 τῇ
1193 2247 1473 2315 ὀρθότητι,
1513 2243 1600 2300 οἷα
1649 2250 1707 2301 ὲν
1737 2251 1852 2302 διαο

267 2335 428 2404 φὸρῳ
468 2335 626 2406 λαλιᾷ
686 2336 1094 2406 ξυμϐαίνουσαν
1141 2339 1221 2401 εἰς
1253 2337 1312 2391 ἓν
1366 2340 1616 2407 ἀγαθόν·
1671 2343 1858 2410 ὅμοιον

267 2427 348 2488 ὼς
380 2427 474 2479 καὶ
529 2427 583 2480 εἴ
612 2445 759 2490 τινες
818 2428 912 2481 δύο
941 2430 1302 2500 πορευόμενοι
1349 2433 1409 2494 ἐς
1442 2432 1601 2502 ὀρθὸν
1634 2435 1716 2486 ’ἐν
1751 2433 1856 2503 ὀδῷ

272 2521 576 2591 σχιζομένη
612 2522 760 2590 διχῆ,
794 2521 946 2590 ὅμως
981 2522 1288 2588 εὐουὸόλως
1321 2525 1402 2588 εἰς
1429 2524 1488 2577 ἓν
1519 2524 1691 2594 πέρας
1721 2527 1858 2591 ἁγα-

272 2614 370 2664 (ίὸν
403 2614 760 2675 καταλύουσι.

345 2702 421 2772 η’.
451 2705 558 2757 Καί
593 2722 684 2772 μοι
720 2707 950 2775 ἀρέσκει
985 2707 1047 2760 τὸ
1085 2708 1185 2775 μὲν
1217 2709 1287 2760 ἐν
1314 2707 1428 2776 ὅλῃ
1457 2709 1518 2761 τὸ
1566 2711 1858 2780 ὲνδόμυχον

271 2795 375 2862 τῆς
405 2797 630 2866 ἀγάπης
656 2798 1079 2864 ὑποσημαίνειν,
1098 2800 1158 2852 τδ
1180 2801 1496 2869 καταμόνας
1527 2801 1675 2854 ἔνδον
1706 2805 1763 2853 ἐν
1791 2805 1854 2871 τῇ

277 2887 454 2956 ψυχῇ,
483 2888 545 2940 τὸ
593 2891 718 2950 τοὺς
763 2889 992 2951 πολλοὺς
1026 2890 1288 2943 λανθάνον
1339 2891 1532 2952 εἰσέτι,
1569 2891 1632 2942 τὸ
1689 2893 1859 2960 μήπω

279 2981 612 3050 ἑκπεφηνδς,
662 2982 724 3034 τὸ
766 2982 1013 3034 ἐνοικοῦν
1043 2983 1108 3050 τῇ
1147 2981 1318 3050 ψυχῇ,
1360 2980 1422 3033 τὸ
1465 2981 1524 3033 ἐν
1575 2983 1652 3051 τῷ
1707 2985 1857 3045 ἐντὸς

270 3072 666 3142 κεκρυμμένον
690 3073 977 3140 οἰκουρίας
999 3073 1142 3133 τινος
1164 3072 1345 3141 δίκην,
1373 3074 1435 3124 οὐ
1466 3075 1573 3143 μὴν
1604 3075 1695 3126 καὶ
1728 3091 1859 3143 προ-

269 3168 608 3234 φαινόμενον
639 3167 720 3228 ei;
750 3167 1068 3235 ἐνάργειαν.
1107 3165 1277 3218 Ἔνθα
1318 3169 1702 3235 προσεπινοεῖν
1735 3169 1858 3221 ἐνὰ-

265 3275 466 3327 γομαι,
501 3260 595 3311 καὶ
633 3259 711 3317 ὡς
767 3261 824 3311 ἐν
857 3260 1006 3328 τρισὶ
1032 3258 1242 3320 τούτοις
1293 3258 1499 3321 καλοῖς,
1535 3258 1610 3326 τῇ
1662 3263 1854 3329 ψυχῇ.
1883 3258 1892 3279 Ἴ

266 3353 352 3420 τῇ
386 3353 601 3422 καρδίᾳ
637 3356 732 3407 καὶ
764 3352 837 3420 τῇ
886 3352 1122 3418 διανοίᾳ
1176 3353 1239 3404 τὸ
1290 3355 1348 3405 ὲν
1378 3355 1510 3422 ἡμῖν
1548 3354 1657 3406 πᾶν
1706 3355 1858 3417 ἐντὸς

265 3445 480 3513 ἀγαθον
511 3447 744 3507 ἐντελῶς
773 3445 1176 3514 ὑπογράφεται.
1213 3462 1274 3497 ου
1303 3444 1620 3514 μεμνῆσθαι
1646 3446 1739 3498 καὶ
1768 3445 1857 3496 τὸν

270 3541 451 3611 μέγαν
485 3539 669 3601 Δαυῖδ,
714 3539 850 3593 ὅπου
876 3538 1050 3590 ἐθέλει
1081 3538 1258 3590 πάντα
1288 3539 1356 3591 τά
1385 3539 1537 3601 ἐντος
1572 3538 1738 3591 αὑτοῦ
1773 3556 1859 3591 κι-

265 3635 614 3695 νεῖσθαιιείς
661 3632 723 3685 τὸ
764 3631 1010 3698 εὐλογεῖν
1041 3631 1101 3684 τὸ
1131 3631 1225 3685 τοῦ
1265 3630 1403 3684 Θεοῦ
1451 3632 1610 3698 ἆγιον
1661 3631 1856 3699 δνομα.

265 3725 502 3788 Τούτοις
533 3724 642 3794 γάρ
660 3725 775 3785 τοῖς
807 3723 980 3787 ἐντὸς,
1004 3725 1117 3784 τοῖς
1139 3723 1320 3790 τρισὶν
1339 3765 1354 3786 ,
1381 3723 1472 3792 ὑφ’
1496 3716 1571 3777 ὧν
1599 3723 1632 3792 ἡ
1666 3723 1855 3791 ἀγάπη

264 3819 656 3880 διαπλέκεται,
687 3817 743 3868 et
792 3833 876 3878 τις
914 3816 1183 3886 λογισμοῦ
1213 3813 1273 3870 εὖ
1325 3817 1461 3886 ἔχοι,
1499 3815 1718 3883 εὐλογεί
1765 3815 1856 3868 τὸν

267 3914 376 3982 τῆς
415 3911 641 3980 ἀγάπης
676 3908 906 3978 Κύριον,
943 3908 1113 3976 ὕμνον
1143 3907 1474 3978 ἀναμέλπων
1504 3909 1562 3959 ἐν
1593 3909 1672 3979 τῷ
1701 3925 1860 3974 πνευ·

270 4004 526 4073 ματικῶς
549 4001 824 4072 ἡρμόσθαι
859 4003 1000 4054 κατά
1031 4001 1091 4054 τὸ
1114 4001 1174 4054 ὲν
1203 4000 1396 4072 ἀγάπῃ
1445 3999 1739 4070 σύμφωνον
1760 4001 1855 4054 τοῦ

266 4093 571 4167 τριμεροῦς
592 4093 692 4162 τῆς
707 4093 910 4162 ψυχῆς.
934 4093 1041 4145 Καὶ
1069 4093 1308 4145 τοιοῦτον
1330 4094 1430 4161 μὲν
1462 4093 1524 4145 τὸ
1543 4095 1601 4146 ἐν
1621 4094 1717 4164 ὅλη
1760 4094 1857 4160 ψυ-

271 4190 347 4258 χῇ
377 4204 434 4240 τε
482 4187 575 4239 καὶ
595 4186 796 4257 καρδίᾳ
824 4185 919 4238 καὶ
947 4185 1195 4254 διυνοίᾳ¹,
1215 4185 1292 4248 ὡς
1344 4185 1582 4254 εἴρηται,
1607 4187 1852 4257 ἀγαπᾷν.

345 4277 412 4332 0'.
440 4279 514 4330 Τὸ
556 4278 614 4331 δὲ
643 4277 712 4338 ἐξ
748 4278 899 4340 ὅλης
936 4275 1013 4344 τῷ
1047 4275 1275 4345 ἑτεροίῳ
1323 4277 1425 4345 τῆς
1473 4277 1728 4346 φράσεως
1762 4284 1858 4332 καὶ

268 4372 372 4436 τὴν
407 4370 620 4423 ἔννοιαν
651 4368 1099 4434 συνεξαλλάττειν
1131 4368 1301 4422 δοκεῖ,
1333 4369 1589 4422 Φαίνεται
1627 4370 1733 4435 γάρ
1763 4369 1858 4438 δη-

270 4464 404 4538 λοῦν
448 4463 675 4532 ἀγάπην
718 4463 752 4530 ἠ
808 4463 1005 4527 φράσις
1041 4459 1181 4529 αῦτη
1215 4461 1508 4531 πρὸοπτον,
1549 4463 1644 4514 καὶ
1681 4461 1854 4524 οὕτως

2035 1878 2086 1930 7.
2121 1876 2239 1931 Jam
2281 1879 2368 1931 hic
2400 1893 2531 1931 vero
2569 1878 2714 1939 haud
2745 1878 3175 1947 iuopporlunum
3208 1877 3427 1932 videtur
3463 1879 3552 1934 dl‘

1961 1985 2108 2033 cere,
2136 1971 2280 2039 quod
2314 1969 2406 2024 illa
2439 1978 2602 2024 verba
2637 1972 2689 2022 in
2719 1980 2830 2024 toto
2863 1981 2918 2024 et
2945 1987 3010 2023 ex
3037 1977 3148 2022 toto
3174 1983 3286 2022 non
3314 1984 3548 2038 prorsus

1959 2066 2024 2118 ad
2043 2063 2297 2118 eumdem
2327 2065 2554 2118 redeant
2579 2079 2829 2130 sensum,
2873 2077 2974 2116 nec
3007 2063 3120 2116 ullo
3151 2063 3314 2116 modo
3347 2062 3536 2116 discre

1962 2164 2204 2222 pantem,
2246 2155 2340 2209 sed
2381 2153 2681 2207 discrimen
2712 2154 2991 2222 quoddam
3034 2152 3119 2206 eis
3173 2152 3381 2213 inesse,
3435 2164 3545 2223 uoq

1959 2249 2068 2302 tale
2097 2247 2318 2316 quidem
2354 2247 2497 2315 quod
2544 2255 2709 2299 recta:
2751 2246 2873 2298 lidci
2910 2253 3220 2314 repugnet,
3269 2242 3364 2298 sed
3398 2243 3546 2313 quod

1960 2339 2184 2393 diverso
2222 2338 2483 2408 loquendi
2515 2351 2716 2402 genere
2748 2337 2815 2389 ad
2851 2351 3018 2389 unum
3051 2335 3306 2404 idemque
3338 2337 3546 2395 bonum

1960 2430 2221 2493 deducat,
2262 2430 2412 2483 velut
2441 2431 2486 2485 si
2533 2429 2642 2482 duo
2670 2427 2756 2480 via
2805 2437 2974 2488 recta,
3007 2427 3135 2480 licet
3175 2425 3432 2479 bifariam
3464 2426 3548 2479 (li-

1959 2525 2119 2589 visa,
2180 2523 2617 2593 proﬁciscentes,
2668 2522 2734 2573 ad
2786 2520 2944 2575 linem
3000 2529 3254 2587 optatum
3304 2518 3547 2574 feliciter

1963 2618 2308 2685 perveniunt.

2031 2710 2087 2764 8.
2123 2708 2299 2763 Verba
2345 2709 2434 2763 illa
2483 2709 2537 2760 in
2584 2716 2716 2768 toto,
2754 2716 2814 2760 ut
2849 2704 2983 2758 mihi
3033 2703 3257 2773 quidem
3297 2702 3540 2766 videtur,

1961 2803 2206 2856 indicant
2229 2803 2574 2858 reconditum
2602 2798 2916 2860 clnaritatis,
2940 2798 2992 2851 id
3015 2796 3163 2864 quod
3189 2795 3368 2850 solum
3398 2797 3546 2855 intra

1961 2899 2200 2951 animam
2232 2905 2335 2954 est.
2370 2895 2515 2964 quod
2545 2892 2959 2946 muititudinem
2995 2890 3178 2946 adhuc
3211 2891 3364 2948 latet,
3397 2887 3544 2957 quod

1962 2989 2205 3044 uondmn
2251 2988 2502 3055 apparuit
2568 2985 2714 3053 quod
2752 2984 2952 3039 anima:
2997 2984 3228 3044 insidet,
3283 2981 3430 3051 quod
3489 2983 3543 3035 iu

1961 3081 2234 3140 interiori,
2262 3081 2409 3133 velut
2443 3081 2497 3132 in
2533 3080 2695 3132 domo
2724 3079 2962 3146 quadam
2999 3075 3363 3132 absconditur
3410 3085 3546 3129 nece

1959 3171 2092 3225 dum
2146 3172 2212 3225 ad
2266 3172 2609 3225 activitatem
2651 3171 2952 3240 processit.
3003 3168 3126 3223 Jam
3179 3169 3268 3224 hic
3299 3168 3546 3222 animad-

1960 3272 2138 3328 verto,
2177 3264 2406 3333 pttit’ill‘a
2456 3265 2562 3320 ista
2605 3263 2872 3326 trinitate,
2926 3262 3112 3316 anima
3170 3263 3432 3317 nimirum
3490 3268 3546 3316 et

1959 3358 2126 3411 corde
2168 3365 2222 3410 ct
2251 3357 2606 3426 cogitatione,
2641 3370 2805 3410 omne
2836 3355 3039 3409 bonum
3073 3357 3219 3409 intra
3255 3370 3355 3410 nos
3381 3369 3546 3415 aecus

1960 3460 2078 3504 rate
2104 3451 2404 3520 designari,
2437 3450 2598 3519 cujus
2637 3451 2710 3504 rei
2743 3449 2909 3504 etiam
2954 3457 3190 3518 magnus
3220 3449 3389 3502 David
3426 3463 3544 3502 mc-

1961 3545 2140 3606 minit,
2178 3543 2399 3612 quando
2423 3543 2540 3595 vult
2567 3551 2623 3594 ut
2652 3541 2836 3595 omnia
2868 3553 2989 3610 qua:
3026 3541 3168 3594 intra
3200 3540 3382 3610 ipsum
3411 3548 3541 3609 sunt

1959 3639 2025 3691 ad
2060 3637 2490 3692 benedicendum
2520 3645 2713 3689 sancto
2735 3635 2824 3689 Dei
2853 3635 3061 3687 nomini
3091 3642 3540 3703 permoveantur.

1959 3728 2057 3782 liis
2091 3729 2237 3782 enim
2273 3729 2451 3781 tribus
2484 3726 2868 3790 interioribus,
2917 3726 3123 3794 quibus
3165 3725 3414 3790 eharitas
3461 3725 3545 3782 in:-

1957 3821 2151 3883 haaret,
2188 3819 2232 3874 si
2261 3821 2386 3888 quis
2421 3820 2558 3872 bene
2609 3818 2870 3881 senserit,
2907 3817 3188 3871 benedicit
3239 3817 3536 3870 charitatis

1959 3914 2277 3973 Dominum.
2316 3912 2444 3966 dum
2482 3914 2773 3982 hymnum,
2821 3910 3184 3979 spiritualiter
3227 3909 3296 3962 ad
3329 3910 3546 3962 liarmo-

1958 4006 2107 4059 niam
2153 4005 2372 4058 illarum
2416 4004 2583 4056 trium
2628 4003 2830 4057 anima
2883 4002 3123 4070 partium
3173 4001 3229 4054 in
3277 3999 3548 4054 cbaritato

1957 4096 2356 4164 compositum,
2383 4092 2726 4146 modulatur.
2757 4091 2826 4146 Et
2856 4091 2960 4146 hoc
2990 4102 3102 4154 est,
3132 4091 3187 4144 in
3217 4098 3330 4145 tota
3363 4090 3545 4150 anima

1957 4197 2012 4244 et
2048 4187 2217 4245 corde
2247 4195 2303 4240 et
2328 4185 2664 4253 cogitatione
2691 4197 2902 4245 amare,
2940 4181 3018 4236 uti
3065 4182 3328 4240 diximus.

2029 4278 2085 4334 9.
2126 4277 2263 4332 illud
2319 4286 2503 4328 autem
2560 4291 2625 4328 ea:
2663 4282 2793 4336 toto,
2842 4276 2920 4327 uti
2959 4271 3224 4338 dictione,
3273 4273 3344 4326 ita
3377 4273 3544 4327 etiam

1959 4388 2126 4428 sensu
2157 4370 2382 4425 tlilierre
2413 4367 2652 4422 videtur.
2686 4367 2766 4421 Ex
2795 4380 2916 4421 mea
2950 4366 3098 4421 enim
3133 4365 3409 4421 sententia
3438 4365 3544 4418 ista

1961 4463 2178 4532 phrasis
2203 4461 2385 4513 innuit
2415 4460 2747 4515 cbaritalem
2771 4455 3144 4518 manifestam.
3169 4458 3236 4514 ad
3266 4457 3543 4512 exteriora

271 4556 629 4626 ὲξωτερικὴν,
690 4553 1056 4607 ὲκπιδῦίιυσαν
1097 4553 1207 4608 τῶν
1253 4554 1405 4617 ἐντὸς
1438 4556 1533 4608 καὶ
1579 4556 1721 4608 κατὰ
1751 4554 1855 4622 ψυ-

1962 4555 2429 4617 prorumpcntem.
2463 4562 2529 4600 ex
2581 4545 2791 4600 intimis
2817 4547 2986 4600 animi
3040 4547 3377 4610 recessibus,
3424 4555 3546 4601 tan-

271 4654 399 4722 χὴν,
430 4651 529 4702 ὅσα
555 4651 652 4701 καὶ
682 4647 871 4716 πηγῆς
901 4647 1132 4715 ἀγαθῆς,
1163 4647 1343 4716 ῥεῦμά
1375 4666 1428 4701 τι
1457 4649 1693 4719 χρηστὸν
1727 4648 1853 4712 ἔξω,

271 4743 372 4793 καὶ
410 4735 900 4804 ἐκκαλυπτομένην
941 4736 1039 4790 καὶ
1080 4737 1527 4807 προφαινομένην
1561 4739 1624 4790 ἐκ
1658 4738 1751 4792 τοῦ
1781 4739 1856 4802 ὡς

274 4833 454 4885 εἰπεῖν
479 4829 710 4897 δυνάμει
751 4827 892 4881 κατὰ
925 4829 1210 4898 ἐνέργειαν
1237 4846 1251 4861 ·
1282 4823 1397 4882 οἷον
1423 4833 1450 4879 ὁ
1504 4831 1603 4896 μὲν
1641 4831 1856 4898 λογιζὸ-

277 4940 441 4990 μενος
473 4924 528 4973 ὲν
553 4920 724 4988 ψυχῇ,
758 4921 854 4972 καὶ
882 4918 1286 4986 διανοούμενος,
1325 4922 1420 4972 καὶ
1445 4917 1588 4970 οὕτω
1613 4919 1858 4986 συλλογι-

275 5015 508 5081 ζόμενος
553 5011 730 5079 ὀρθῶς
773 5010 843 5061 τά
896 5009 1037 5077 ὑπὲρ
1070 5009 1281 5076 ἀγαθοῦ
1337 5009 1516 5077 φίλου,
1547 5013 1637 5061 καὶ
1698 5012 1859 5077 μεθο·

275 5104 474 5166 δεῦων,
504 5106 596 5157 καὶ
634 5102 827 5155 ἑαυτὸν
856 5101 1076 5163 εὔθετον
1109 5101 1279 5154 ποιῶν
1308 5104 1388 5163 εἰς
1420 5101 1488 5154 τά
1528 5111 1664 5172 προς
1696 5104 1858 5171 χάριν

277 5198 512 5256 ἐκείνου,
532 5196 628 5247 καὶ
660 5192 1076 5264 βυσσοῗομεύων
1103 5193 1244 5246 καλὰ
1270 5192 1586 5245 συνοίσοντα
1617 5192 1698 5260 τῷ
1723 5194 1862 5259 ἀγα-

281 5288 556 5355 πωμένῳ,
593 5288 653 5336 ὲν
695 5283 844 5353 ψυχῇ
881 5286 975 5338 καὶ
1024 5286 1083 5335 ἐν
1141 5284 1340 5355 καρδίᾳ
1384 5287 1480 5338 καὶ
1537 5285 1594 5334 ἐν
1653 5283 1862 5354 διανοίᾳ

277 5378 396 5446 ὅλῃ,
415 5379 622 5439 ἐκεῖνον
657 5376 871 5444 ἀγάπᾷ,
900 5374 1050 5443 ἐντὸς
1081 5375 1180 5444 μὲν
1211 5375 1395 5443 φέρων
1423 5375 1609 5433 αὐτὸν,
1627 5376 1687 5426 οὐ
1717 5392 1861 5444 παρ-

283 5471 539 5537 αυγάζων
567 5470 625 5522 δὲ
683 5469 745 5520 τὸ
776 5468 954 5536 φίλιον
980 5470 1072 5522 καὶ
1116 5468 1402 5538 ἐμφανῶς,
1431 5469 1551 5521 οὐδὲ
1592 5469 1860 5538 ὲξαστρά·

281 5580 434 5618 πτων
462 5562 596 5615 αὐτὸ
616 5561 720 5626 ἔξω
753 5565 832 5626 είς
860 5564 1113 5632 ἐναργές.
1151 5565 1248 5624 ‘0;
1280 5561 1336 5614 δὲ
1385 5561 1583 5632 καιροῦ
1610 5578 1862 5632 παραπε-

281 5659 468 5719 σὸντος
502 5659 596 5711 καὶ
625 5656 980 5718 ἀπαιτοῦντος
1034 5655 1255 5724 ἀγάπης
1287 5654 1548 5719 ἐπίδειξιν
1576 5656 1861 5726 ἐκπορίζει

284 5748 359 5818 τῷ
387 5748 526 5818 φίλω
579 5751 645 5802 τὰ
673 5748 880 5811 δέοντα,
940 5749 1214 5816 πράττων,
1271 5748 1381 5798 εἴτε
1423 5747 1766 5816 ὑπερλαλῶν,
1825 5749 1857 5818 ἢ

283 5841 410 5893 ἄλλο
442 5857 493 5894 τι
525 5839 892 5909 τεγνεῖιμενος,
932 5839 1002 5892 δι’
1031 5834 1092 5893 οὗ
1133 5839 1523 5907 πανηγυρίζει,
1565 5839 1859 5903 ποτιπικῶς

1960 4656 2126 4711 quam
2159 4655 2190 4694 e
2219 4640 2365 4695 bono
2398 4641 2574 4702 fonte,
2603 4638 2927 4692 excellentis
2957 4637 3140 4695 laticis
3173 4639 3352 4693 instar
3383 4637 3545 4692 ebul-

1961 4736 2209 4797 lientem,
2237 4741 2486 4802 apertam
2514 4739 2569 4792 et
2588 4745 2651 4784 ex
2680 4729 3108 4801 potentialitate,
3127 4737 3187 4786 ut
3231 4730 3306 4782 ita
3337 4728 3544 4790 dicam,

1964 4827 2030 4882 ad
2069 4827 2405 4881 activitatem
2437 4825 2701 4882 alacriter
2727 4824 3134 4892 prosilientem,
3173 4822 3305 4876 dum
3350 4829 3544 4878 contra

1965 4926 2010 4976 is
2063 4921 2154 4991 qui
2196 4921 2382 4972 animo
2429 4926 2650 4987 reputat
2692 4927 2748 4971 et
2790 4916 3112 4980 meditatur,
3147 4924 3202 4970 et
3255 4917 3336 4968 sic
3373 4915 3546 4983 probe

1963 5030 2083 5078 qua:
2132 5011 2311 5064 amico
2366 5011 2517 5064 utilia
2575 5011 2690 5075 sint
2744 5009 3038 5070 deliberat,
3087 5016 3142 5060 et
3177 5016 3458 5061 scrutatur
3491 5017 3549 5061 et

1964 5115 2137 5160 semet
2169 5104 2234 5156 ad
2263 5102 2338 5156 illi
2368 5113 2523 5172 grata
2551 5102 2862 5157 exhibenda
2893 5106 3194 5170 praeparat,
3224 5107 3280 5152 et
3310 5114 3432 5166 qua:
3457 5097 3545 5152 di-

1968 5200 2108 5250 lecto
2143 5195 2412 5263 prodesse
2462 5194 2696 5262 possint,
2759 5191 3018 5253 rimatur,
3073 5191 3121 5247 is
3169 5190 3225 5245 in
3260 5190 3444 5245 anima
3492 5197 3544 5242 et

1965 5288 2129 5343 corde
2153 5296 2207 5341 et
2238 5286 2572 5356 cogitatione
2605 5284 2760 5342 illum
2785 5284 2986 5351 diligit,
3017 5283 3165 5336 intus
3183 5297 3312 5335 eum
3339 5281 3544 5340 ferens.

1967 5396 2076 5434 non
2111 5386 2292 5433 autem
2343 5377 2638 5433 manifesto
2693 5377 2948 5433 revelans
2982 5375 3313 5437 amicitiam.
3365 5389 3547 5442 neque

1965 5473 2032 5526 ad
2084 5472 2421 5526 activitatem
2474 5469 2777 5524 deducens.
2829 5469 2934 5534 Qui
2990 5475 3198 5532 autem,
3250 5469 3546 5528 occasione

1966 5564 2148 5619 oblata
2181 5571 2235 5618 et
2272 5573 2519 5631 tempore
2546 5561 2834 5616 citaritatis
2878 5559 3412 5615 demonstrationem
3449 5575 3508 5613 re

1966 5644 2241 5727 quirente,
2272 5656 2448 5708 amico
2495 5655 2806 5708 necessaria
2836 5653 3174 5722 suppeditat.
3205 5653 3328 5706 sive
3358 5650 3543 5714 factis,

1966 5749 2081 5802 sive
2114 5747 2316 5808 verbis,
2357 5747 2473 5800 sive
2533 5761 2590 5800 re
2645 5745 2752 5798 alia
2798 5759 3150 5815 quacunque,
3196 5754 3251 5798 et
3287 5744 3361 5800 ita
3395 5741 3547 5802 clare

1967 5843 2204 5896 tetendit
2253 5851 2305 5896 et
2361 5857 2543 5897 coram
2588 5842 2845 5897 omnibus
2885 5851 3075 5910 aperte
3119 5837 3337 5912 probat,
3389 5838 3540 5910 quaii
