4212 6440
239 418 371 485 1041

1197 406 1314 479 L‘Pt
1330 417 1569 478 5101A
1627 416 1721 473 ,ιο
1755 410 2563 474 TIIESSALONICENSES.

3376 407 3515 473 1042

239 540 429 607 μένην,
464 539 552 590 καὶ
608 538 1007 607 μεθοδεύουσαν
1050 537 1291 605 ἀπάγειν
1342 538 1507 591 αὑτὸν
1557 536 1614 599 ἐξ
1646 534 1824 604 ἡμῶν.

1936 532 2274 584 habitantem
2319 546 2559 599 euntque
2588 543 2619 583 ο
2653 527 2813 582 nobis
2853 529 3130 598 expellere
3172 540 3513 600 satagentem

232 630 587 697 ἀντειστάγει
621 631 683 683 τὸ
738 632 1014 685 σκοτεινὸν
1067 633 1244 700 μῖσος,
1299 632 1395 683 καὶ
1451 626 1827 699 παρρησιαζει

234 721 548 790 καθ’ήμῶν
589 724 742 789 αὐτὸ,
792 725 887 777 καὶ
951 722 1129 787 οὕτως
1169 722 1411 792 ἐντρίόει
1464 720 1670 781 πάντας
1700 721 1827 781 τοὺς

236 814 363 865 καθ’
394 817 566 884 ἡμᾶς.
620 818 732 869 Καὶ
784 810 873 869 οἷα
919 816 1020 886 μὲν
1072 818 1200 879 τοὺς
1253 814 1452 877 ἄλλους
1498 814 1823 873 διατίθεται,

233 907 449 959 οῖόασιν
474 909 523 960 οῖ
552 906 890 978 πειρώμενοι
914 926 930 942 ο
957 909 1055 979 ἐμὲ
1087 909 1144 962 δὲ
1170 908 1470 978 φιλονεικεῖ
1491 907 1587 959 καὶ
1607 906 1827 973 θανάτῳ

237 1000 615 1069 προπέμψαιο
664 1001 761 1053 καὶ
810 1002 879 1054 ἂν
930 1000 1229 1071 ἐξέπραξεν
1270 1001 1403 1053 αὐτὸ
1448 1000 1641 1063 παλαι,
1668 999 1714 1049 εἰ
1753 997 1828 1068 μὴ

235 1092 496 1161 φανερῶς
530 1092 668 1161 πρὸς
710 1092 847 1161 ἐμοῦ
879 1094 907 1144 6
961 1093 1114 1158 Θεὸς,
1164 1093 1491 1162 ἀνεχόμενος
1520 1091 1616 1144 καὶ
1657 1092 1825 1143 εἰσέτι

235 1184 516 1251 περιεῖναί
542 1201 609 1254 με
640 1184 719 1255 τῷ
748 1185 869 1254 βίῳ,
895 1186 948 1237 εἴ
976 1202 1095 1248 πως
1120 1185 1361 1255 ἐμαυτοῦ
1392 1184 1684 1253 γενόμενος
1711 1185 1828 1235 ἑπι-

236 1278 545 1348 στραφείην
605 1281 685 1342 είς
732 1280 917 1342 αὐτὸν,
981 1274 1157 1353 οῦπερ
1221 1280 1493 1352 ὁσημέραι
1551 1278 1828 1347 ἀφορίζων

235 1370 480 1438 ἐμαυτὸν
513 1371 613 1423 οὑκ
640 1372 1002 1442 ἐντρέπομαι.

309 1463 405 1525 ιγ’.
458 1458 593 1511 ’ἰδοῦ
630 1454 725 1512 οῦν
758 1461 1001 1532 σήμερον
1033 1461 1436 1532 ξενηλατοῦμαι
1466 1462 1570 1516 ὑπὸ
1608 1462 1703 1515 τοῦ
1742 1463 1828 1532 μί-

237 1566 396 1613 σους,
424 1552 518 1603 καὶ
546 1551 711 1604 αὑτοῦ
742 1552 854 1605 εῖθε
891 1553 991 1623 μὲν
1021 1554 1085 1607 ἐκ
1118 1554 1332 1608 πολλῶν
1358 1573 1519 1608 τινων
1548 1557 1641 1608 καὶ
1674 1572 1827 1626 περι-

235 1641 511 1707 ϐλέπτων,
542 1643 632 1696 ῖνα
656 1646 849 1714 μαθὼν
875 1646 1231 1716 παμμίσητος
1266 1642 1408 1700 εἶναι
1452 1647 1483 1715 ἢ
1509 1648 1827 1717 διωρθωσά-

236 1751 374 1803 μην,
407 1735 440 1805 ἢ
496 1735 817 1806 διεξέφυγον
870 1738 935 1791 ἐκ
969 1738 1135 1809 μέσου
1169 1738 1369 1805 λαθὼν,
1423 1743 1606 1812 μήπου
1649 1741 1705 1794 δὲ
1737 1742 1829 1793 καὶ

235 1828 514 1895 ἀμφαδόν.
564 1828 680 1881 Νῦν
710 1829 767 1882 δὲ
820 1830 1102 1902 ἄνθρωποι
1163 1830 1378 1896 οὐδένες
1429 1834 1826 1887 ἐπανίστανται

234 1921 328 1971 ἐπ’
361 1920 483 1989 ἐμὲ,
515 1924 609 1974 καὶ
647 1922 866 1989 λέγουσι
902 1926 967 1994 τῇ
1024 1923 1172 1995 ψυχῇ
1217 1940 1350 1996 μουο
1415 1926 1527 1979 Οὐκ
1574 1926 1689 1979 ἔστι
1724 1945 1827 1980 σω-

233 2011 405 2081 τηρία
453 2012 625 2082 αὐτῷ,
689 2013 815 2067 οὔτε
851 2016 908 2067 έν
946 2016 1025 2088 τῷ
1071 2016 1192 2086 Θεῷ
1230 2018 1420 2085 αὐτοῦ,
1488 2020 1612 2071 οὔτε
1648 2023 1706 2072 ἐν
1752 2022 1827 2091 τῷ

236 2104 476 2173 βασιλεῖ.
524 2106 799 2171 Ἀκούετε,
842 2109 869 2161 6
902 2108 1160 2179 βασιλεύς
1191 2128 1298 2179 μου
1334 2114 1427 2164 καὶ
1474 2112 1502 2164 6
1535 2112 1667 2175 Θεός
1700 2133 1824 2184 μου,

233 2189 320 2255 οἷς
354 2194 464 2261 ἐγὼ
500 2194 758 2260 πέποιθα,
796 2196 873 2265 τῷ
914 2199 1014 2266 μὲν
1065 2198 1208 2251 κατὰ
1265 2198 1485 2268 πρῶτον
1527 2201 1686 2270 λόγον
1733 2207 1829 2257 καὶ

236 2288 367 2341 καθ’
398 2290 531 2342 αὐτὸ
556 2292 650 2344 καὶ
683 2291 869 2359 φύσει,
891 2292 970 2361 τῷ
995 2292 1051 2346 δὲ
1085 2294 1207 2363 μετ’
1230 2293 1396 2347 αὐτὸν
1428 2295 1524 2347 καὶ
1553 2295 1621 2348 δι’
1644 2297 1825 2353 αὐτόν.

241 2379 362 2434 Καὶ
398 2380 525 2451 μὴν,
567 2375 611 2434 ὦ
652 2383 841 2452 ἐχθροί
873 2400 999 2454 μου,
1032 2386 1060 2437 6
1113 2379 1198 2447 εἷς
1232 2384 1328 2437 καὶ
1355 2386 1403 2437 οῖ
1444 2385 1556 2449 δύο,
1584 2388 1633 2438 cl
1692 2390 1827 2457 πρά⁸

240 2490 402 2527 οπτοι
438 2473 639 2538 λαῖκοὶ,
686 2477 736 2527 οἱ
766 2476 1045 2542 γεννάδαι,
1095 2478 1190 2529 καὶ
1237 2476 1371 2546 ἱεροὶ
1413 2477 1469 2530 δὲ
1524 2479 1742 2548 ἄνδρες,
1778 2482 1827 2532 οι

238 2568 339 2619 καὶ
365 2568 495 2636 ῥᾷον
530 2567 849 2639 ἀριθμητοῖ,
903 2569 1000 2621 καὶ
1037 2568 1157 2621 οὐδὲ
1194 2572 1251 2621 ὲν
1285 2570 1429 2640 λόγῳ
1478 2571 1659 2640 πολλῷ
1710 2572 1828 2623 κεί-

240 2674 438 2729 μενοι·
470 2659 813 2730 παράλληλοι
837 2661 1114 2726 τεθέντες,
1147 2660 1259 2729 ἐγώ
1289 2678 1349 2714 τε
1389 2663 1483 2716 καὶ
1515 2663 1693 2732 ὑμεῖς,
1729 2666 1827 2719 οὐκ

239 2752 313 2806 ἂν
347 2754 429 2816 εἰς
468 2752 641 2823 ῥοπὴν
671 2753 793 2823 ἴσην
829 2753 1410 2823 ταλαντευθησόμεθα.

316 2846 403 2899 ιδ’.
436 2846 547 2899 Καὶ
603 2844 748 2898 οὕτω
803 2846 903 2915 μὲν
955 2845 1067 2914 ἐγὼ
1118 2846 1547 2918 ξενηλατοῦμαι,
1606 2849 1683 2912 ὡς
1724 2850 1824 2903 οὐκ

239 2937 439 3007 ἐχρῆν,
471 2935 560 2989 διὰ
612 2939 771 3007 μῖσος
805 2938 909 2990 οὐκ
962 2936 1187 3005 ἀγαθῶν
1231 2939 1465 3009 ἀνδρῶν,
1498 2942 1566 2992 τὰ
1599 2941 1700 3008 μὲν
1746 2944 1827 3004 είς

239 3027 604 3100 ἀνθρωπικὴν
658 3028 902 3085 διάθεσιν
937 3031 1234 3099 ἀγροίκων,
1284 3032 1621 3099 σοφωτάτων
1669 3034 1725 3086 δὲ
1759 3036 1825 3086 τὰ

240 3134 327 3194 είς
362 3129 633 3200 θηριακὴν
668 3128 764 3182 καὶ
807 3129 929 3182 οἵαν
976 3128 1281 3197 φεύγεσθαι
1336 3130 1491 3200 παρά
1541 3130 1649 3183 τῶν
1704 3130 1827 3183 κατ’

1932 640 2040 677 ιιοιι
2099 623 2491 681 animadverit.
2542 621 3113 677 tenebrosnmodiutn
3158 632 3398 678 conatur
3427 625 3514 677 in-

1933 716 2243 777 κυάνεοι-ρ,
2281 716 2659 783 ἀορττιιιιίοιιιιε
2695 716 2839 770 istud
2877 724 3138 785 tanquam
3175 718 3516 785 acceptabile

1929 808 2082 877 quid,
2126 818 2180 861 ct
2211 807 2292 862 sic
2324 806 2483 859 nobis
2519 808 2779 861 omnibus
2813 806 3030 875 negotia
3052 805 3355 861 facessms.
3388 805 3506 861 Jun

1930 900 2209 968 quomodo
2257 900 2397 953 alios
2429 898 2738 963 adoriatur,
2785 900 2970 953 sciunt
3006 899 3041 950 ii
3095 899 3189 965 qui
3240 912 3365 951 eum
3418 914 3515 951 ex-

1933 992 2069 1062 perti
2107 1000 2253 1043 sunt.
2289 990 2371 1045 Me
2413 1001 2595 1044 autem
2628 992 2794 1043 etiam
2841 991 3004 1043 morti
3046 989 3262 1044 tradere
3294 991 3512 1051 studet;

1932 1092 1989 1137 et
2018 1082 2227 1136 dudum
2261 1083 2368 1149 iam
2416 1083 2516 1135 hoc
2547 1083 2891 1151 perfecisset,
2937 1083 3045 1139 nisi
3076 1090 3260 1151 apett-
3290 1098 3515 1136 causam

1933 1190 2108 1229 lttt‘altl
2140 1174 2456 1228 defenderet
2505 1174 2671 1231 Deus.
2704 1176 2797 1244 qui
2845 1175 3132 1244 hucusque
3182 1191 3267 1228 me
3317 1190 3515 1243 super-

1930 1269 2115 1322 Stitem
2137 1266 2330 1330 voluit,
2350 1266 2393 1319 si
2418 1266 2557 1320 forte
2577 1267 2678 1320 mei
2697 1269 2956 1322 conscius
2975 1279 3223 1321 revertar
3241 1270 3307 1320 ad
3330 1268 3509 1338 ipsum

1929 1379 2093 1433 quem
2119 1363 2368 1432 quotidie
2385 1362 2665 1422 deserere,
2685 1362 2820 1432 proh
2841 1362 3032 1416 dolor!
3069 1377 3177 1415 non
3220 1363 3514 1416 erubesco.

2003 1457 2093 1510 15.
2139 1459 2278 1510 licce
2327 1456 2493 1524 igitur
2543 1455 2706 1509 hodie
2758 1455 3078 1523 proscrihor
3129 1455 3199 1508 ab
3258 1456 3408 1517 odio,
3459 1464 3517 1508 et

1933 1548 2137 1602 utinam
2168 1547 2237 1599 ab
2267 1546 2393 1599 odio
2426 1546 2724 1598 multm-um
2760 1556 2816 1599 et
2852 1546 3186 1600 illustrium!
3230 1554 3286 1599 ut
3331 1546 3515 1599 sciens

1933 1654 2017 1693 me
2050 1639 2306 1693 omnibus
2334 1638 2569 1691 invisum
2597 1653 2745 1699 esse,
2783 1648 2873 1691 aut
2906 1638 3255 1691 defenderem
3289 1653 3395 1702 me,
3422 1646 3518 1691 aut

1930 1752 1960 1789 e
1994 1733 2173 1788 medio
2196 1733 2480 1801 digressus
2507 1732 2727 1786 laterem
2773 1746 2877 1785 nec
2924 1731 3127 1785 alicubi
3171 1745 3515 1801 apparerent.

1932 1827 2088 1881 Nunc
2123 1842 2250 1881 vero
2286 1826 2539 1880 homines
2572 1826 2780 1879 nullius
2825 1824 2965 1894 frugi
3002 1824 3055 1879 in
3097 1840 3183 1879 me
3215 1834 3518 1895 assurgunt

1929 1932 1986 1976 et
2018 1921 2215 1975 anima:
2247 1935 2381 1974 mea:
2415 1919 2650 1973 dicunt:
2692 1916 2809 1971 Non
2839 1926 2923 1973 est
2957 1918 3109 1972 salus
3144 1917 3216 1982 ei,
3251 1932 3427 1988 neque
3461 1918 3514 1970 in

1931 2015 2044 2070 Deo
2071 2015 2213 2086 ejus.
2247 2029 2427 2084 neque
2472 2014 2524 2067 in
2568 2030 2716 2083 rege.
2763 2013 2986 2078 Audite,
3030 2012 3101 2066 ml
3152 2011 3293 2067 Deus
3331 2022 3387 2068 et
3442 2014 3514 2066 mi

1932 2126 2050 2171 rex,
2089 2109 2145 2162 in
2187 2107 2390 2175 quibus
2424 2104 2682 2159 ﬁduciam
2719 2105 3009 2171 collocavi,
3060 2105 3114 2158 in
3148 2105 3244 2159 illo
3296 2103 3517 2175 qu'dem

1932 2200 2000 2252 ab
2032 2198 2191 2252 initio
2219 2206 2271 2252 et
2306 2214 2401 2267 per
2437 2214 2495 2251 se
2528 2205 2582 2252 et
2629 2208 2840 2252 natura:
2871 2198 3290 2265 convenienter,
3327 2200 3381 2254 in
3414 2201 3517 2256 hoc

1932 2303 2113 2348 autem
2160 2303 2283 2363 post
2333 2293 2487 2346 illum
2533 2299 2586 2346 et
2623 2301 2849 2362 propter
2889 2293 3066 2348 illum.
3097 2292 3209 2349 Vos
3244 2306 3447 2358 autem,
3485 2310 3520 2347 ο

1930 2386 2403 2455 iuimicimei,qni
2435 2385 2525 2438 vix
2567 2385 2841 2438 binaritnn
2890 2401 3181 2439 numerum
3223 2387 3517 2451 exceditis,

1935 2496 2032 2534 vos
2062 2478 2186 2532 laici
2222 2478 2373 2548 piolii
2409 2493 2551 2547 quos
2575 2489 2734 2530 antea
2768 2478 2917 2542 novi,
2945 2487 2996 2531 et
3036 2478 3135 2532 viri
3180 2481 3324 2534 sacri
3360 2480 3520 2535 facile

1933 2570 2260 2624 numerandi
2294 2584 2390 2622 nec
2425 2569 2603 2637 magni
2656 2568 2913 2634 faciendi,
2948 2569 2992 2622 si
3032 2585 3132 2624 nos
3164 2584 3350 2623 Coram
3384 2586 3519 2625 con.

1932 2666 2248 2727 stitttentur,
2300 2678 2402 2732 ego
2446 2662 2704 2715 nimirum
2755 2672 2811 2717 et
2862 2678 2981 2729 vos,
3030 2678 3139 2717 non
3191 2664 3309 2733 pari
3364 2664 3520 2721 lance

1932 2759 2346 2812 trutinahimur.

2008 2854 2101 2907 Η.
2142 2852 2206 2906 Et
2242 2853 2324 2907 sic
2354 2852 2607 2921 equidem
2644 2853 2695 2904 in
2744 2852 3001 2905 exsiliunt
3036 2852 3251 2918 mittor,
3292 2855 3371 2907 uti
3410 2868 3520 2909 non

1933 2946 2184 3008 decebat,
2212 2960 2306 3013 per
2327 2943 2513 2997 odium
2546 2942 2789 2994 virorum
2813 2942 2957 2994 haud
2976 2941 3272 3004 honorum,
3296 2942 3389 3013 qui
3425 2944 3523 2998 hu-

1934 3038 2213 3091 inanitatis
2255 3051 2483 3105 prozsus
2516 3049 2774 3104 expertes
2807 3035 3150 3104 propendent
3186 3034 3239 3089 in
3274 3033 3516 3091 ferarum

1934 3138 2209 3191 naturam,
2233 3140 2286 3181 et
2311 3142 2543 3197 quorum
2575 3128 2971 3180 humanitatem
2996 3127 3157 3180 amici
3192 3128 3293 3180 mei
3325 3128 3522 3183 timote

241 3223 349 3291 ἐμὲ
373 3221 567 3275 δειλῶν
586 3237 598 3252 ο
630 3220 689 3283 ὃς
717 3221 811 3274 καλ⁵
840 3220 1030 3275 ἄλλοτε
1058 3221 1360 3291 καρχὶροις
1380 3220 1593 3282 τούτοις
1622 3222 1830 3291 θηρίοις

1936 3222 2172 3293 perculsi
2202 3221 2453 3291 fugiunt;
2484 3235 2604 3289 ego,
2641 3221 2887 3289 inquam,
2910 3220 3000 3288 qui
3030 3220 3144 3287 jam
3176 3220 3366 3284 semel,
3392 3236 3517 3273 cum

241 3314 723 3386 περιτετυχηκὼς,
780 3313 1071 3385 ἀπήλλαξα
1108 3313 1411 3384 δυστυχῶς.
1452 3314 1647 3385 Ὑμεῖς
1681 3314 1759 3376 δὲ,
1788 3311 1832 3368 ὦ

241 3410 487 3476 ἀδελφοὶ,
522 3408 647 3459 ἐπεὶ
683 3407 891 3471 ἔξεστιν
926 3407 1057 3475 ὑμῖν
1081 3405 1392 3476 ἀνθρώποις
1434 3402 1598 3473 εἶναι,
1640 3410 1731 3459 καὶ
1769 3409 1831 3459 οὐ

242 3502 485 3572 θηρίοις,
518 3503 613 3555 καὶ
636 3500 832 3570 φίλοις,
863 3497 1061 3553 οῦκουν
1092 3500 1149 3552 δὲ
1177 3500 1415 3569 ἐχθροῖς,
1444 3500 1536 3552 καὶ
1565 3500 1701 3552 Θεοῦ
1734 3502 1833 3568 ἀγ-

241 3593 455 3664 γέλοις,
482 3594 543 3647 οῦ
580 3593 687 3664 μὴν
731 3595 1008 3662 πονηροῖς,
1043 3592 1197 3661 ἔχετε
1231 3592 1323 3643 τὸν
1362 3591 1485 3643 νοῦν
1532 3594 1667 3661 πρὶς
1704 3595 1833 3663 ὑμῖν

243 3685 458 3749 αὐτοῖς,
492 3683 588 3736 καὶ
624 3682 919 3736 ὲκκλὶνατε
975 3684 1076 3746 τας
1111 3682 1334 3751 τρίϐους
1381 3682 1566 3737 αὐτῶν
1610 3685 1833 3753 τρεχόνα

244 3795 360 3831 των
394 3779 474 3841 εἰς
500 3776 722 3841 κακίαν,
770 3776 863 3828 καὶ
903 3774 978 3846 μὴ
1026 3774 1503 3845 εὐθυπορούντων,
1556 3774 1832 3843 ἐσομένων

244 3872 306 3924 δὲ
339 3869 597 3922 τοιούτων
626 3876 721 3920 καὶ
750 3869 947 3932 εἰσαεὶ,
979 3868 1055 3929 ὡς
1090 3868 1205 3919 ἔστι
1239 3867 1643 3937 τεκμαίρεσθαι
1670 3869 1833 3934 ἀκριο

246 3960 384 4023 ὕὼς.
417 3960 525 4024 Οὓς
556 3959 663 4030 γὰρ
686 3961 719 4029 ή
753 3958 1021 4027 πολυετὴς
1048 3958 1369 4012 διδασκαλία
1395 3959 1487 4010 καὶ
1520 3959 1552 4029 ἡ
1582 3959 1668 4012 ἐπ’
1695 3961 1832 4031 αὐτῇ

248 4052 618 4125 πραγματικὴ
659 4049 881 4121 μέθοδος
910 4050 1011 4102 οὐκ
1045 4050 1314 4119 ἐνήγαγεν
1354 4050 1435 4112 είς
1465 4049 1524 4101 τὸ
1556 4049 1834 4120 ποθούμε-

251 4165 345 4201 νον
396 4146 528 4214 ἡμῖν
590 4141 892 4213 (ποθοῦμεν
948 4140 1004 4193 δὲ
1038 4142 1137 4194 σὺν
1167 4141 1286 4205 Θεῴ
1334 4140 1433 4211 τὴν
1481 4140 1602 4194 κατ’
1628 4144 1836 4195 ἐκεῖνον

248 4239 544 4309 ἀγάπην),
578 4239 660 4299 τίς
689 4236 755 4289 ἂν
780 4235 1148 4304 ὲγγυήσηται,
1188 4233 1378 4303 ἀκαρῆ
1407 4233 1831 4303 μεταϐαλέσθαι,

247 4334 329 4394 ὡς
357 4332 456 4400 τῆς
486 4328 856 4398 πολυχρονίου
897 4326 1102 4387 κακίας
1141 4325 1581 4396 ἀποστήσεσθαι,
1619 4328 1835 4401 ἀνθρώ-

252 4443 391 4487 πους
424 4425 624 4486 αὐτοὺς
679 4420 1157 4489 ἐλλαμπομένους,
1195 4418 1244 4469 ei
1297 4420 1465 4472 ιιακολ⁸
1504 4421 1834 4489 προφαίνον-

250 4534 366 4582 ται,
398 4516 495 4567 καὶ¹
542 4514 621 4575 εῖς
652 4511 769 4583 βίου
821 4510 953 4563 αὐτὸ
982 4509 1261 4579 ἀόρὸτητα
1294 4509 1674 4581 ἐγγράφοντας
1695 4528 1710 4543 ’
1754 4505 1835 4574 οἷς

1942 3318 1993 3369 in
2040 3317 2162 3368 illas
2200 3313 2345 3368 feras
2396 3314 2597 3367 bestias
2646 3312 2988 3376 incidissem,
3022 3326 3168 3381 κει-ο
3204 3326 3301 3368 cas
3331 3310 3520 3381 cll'ugi.

1944 3405 2049 3458 Vos
2069 3414 2272 3469 autem,
2303 3422 2334 3458 υ
2363 3407 2581 3466 fratres,
2610 3401 3058 3472 quandoquidem
3087 3402 3244 3455 vobis
3275 3401 3401 3456 licet
3429 3403 3525 3455 ho-

1941 3504 2114 3555 mines
2158 3516 2302 3562 esse,
2349 3516 2458 3553 non
2492 3498 2643 3562 leue,
2694 3497 2883 3562 amici,
2924 3513 3032 3550 non
3068 3496 3301 3562 inimici,
3336 3500 3519 3566 angeli

1938 3594 2132 3655 divini,
2167 3608 2274 3645 non
2326 3592 2476 3653 mali,
2513 3590 2783 3646 vobismet
2816 3589 2952 3658 ipsis
2986 3590 3277 3657 attendite,
3321 3598 3378 3645 et
3430 3591 3523 3647 tle-

1937 3689 2138 3743 clinate
2175 3704 2203 3740 a
2239 3688 2437 3742 semita
2481 3686 2700 3740 illorum
2736 3685 2830 3753 qui
2865 3698 3057 3737 versus
3100 3681 3362 3735 malitiam
3396 3690 3522 3737 teu-

1940 3783 2080 3837 dunt
2123 3797 2225 3835 nec
2266 3788 2411 3834 ret-ta
2449 3779 2531 3833 via
2581 3777 2910 3847 procedunt,
2953 3775 3046 3844 qui
3094 3782 3259 3829 erunt
3307 3788 3525 3843 semper

1938 3875 2127 3940 iidem,
2161 3883 2221 3927 ut
2253 3873 2512 3940 augurari
2552 3870 2702 3925 licet.
2747 3868 2901 3934 Quos
2938 3869 3084 3921 enim
3114 3869 3316 3923 diurna
3348 3866 3522 3921 disci-

1943 3968 2091 4037 plina
2147 3967 2313 4034 eique
2344 3963 2648 4019 Conformis
2683 3962 2963 4016 institutio
3008 3975 3116 4015 non
3158 3959 3406 4030 perduxit
3454 3960 3521 4013 ad

1938 4062 1991 4116 id
2023 4060 2167 4130 quod
2202 4073 2302 4113 nos
2332 4056 2709 4111 desideramus
2743 4054 3149 4124 (desideramus
3181 4062 3362 4106 autem
3394 4067 3520 4105 cum

1940 4152 2050 4206 Deo
2087 4149 2248 4205 simul
2295 4148 2619 4203 charitatcm
2652 4144 2950 4215 divinam),
2998 4145 3123 4213 quis
3168 4143 3523 4213 spoponderit

1938 4258 2034 4298 eos
2066 4256 2175 4295 uno
2214 4240 2481 4310 temporis
2519 4245 2803 4294 momento
2835 4238 2909 4292 ita
2943 4237 3293 4290 immutatum
3343 4236 3431 4299 iri,
3467 4247 3524 4287 ut

1939 4337 2006 4389 ab
2053 4334 2360 4387 inveterata
2408 4330 2753 4399 malignitate
2794 4328 3095 4390 desistant,
3129 4325 3400 4394 siquidem
3434 4324 3524 4377 tibi

1940 4426 2070 4479 mali
2102 4430 2390 4493 apparent,
2427 4436 2554 4476 sese
2586 4419 2862 4473 excellere
2896 4427 2950 4473 et
2977 4419 3209 4488 gloriam
3252 4417 3379 4471 inde
3405 4416 3527 4470 adi-

1943 4517 2076 4589 pisci
2129 4513 2467 4586 Opinantur?
2515 4512 2663 4568 Sane
2703 4512 2941 4566 maximo
2962 4511 3167 4564 -studio
3199 4509 3253 4562 in
3289 4510 3392 4562 hoc
3438 4509 3523 4561 iu—

248 4609 342 4661 διά
404 4605 638 4673 σπουδῆς
697 4601 1119 4672 ἀνυπερϐλήτου
1179 4601 1414 4670 γίνεται,
1477 4605 1571 4657 καὶ
1612 4604 1831 4673 ἑτέρους

1943 4583 2227 4672 cumhuut,
2272 4618 2328 4661 ut
2362 4607 2503 4661 alios
2555 4620 2779 4675 quoque
2834 4604 2891 4657 in
2942 4602 3158 4672 peccati
3204 4600 3527 4655 societatem

252 4698 598 4763 ἐπισπᾶσθαι
633 4695 770 4765 πρὸς
800 4695 1188 4764 ἀμαρτητικὴν
1219 4695 1516 4765 ὁμοιότητα
1540 4710 1555 4727 ο
1586 4695 1674 4748 ἵνα
1704 4713 1833 4765 συγ-

252 4792 617 4864 κροτηθέντες
644 4790 720 4855 ὡς
749 4791 831 4853 είς
877 4789 1143 4857 λεγεῶνα,
1175 4791 1505 4843 κατασταῖεν
1542 4788 1835 4858 ἀπρόσμα-

254 4905 365 4959 χοι,
419 4884 623 4954 φαῦλαι
669 4882 925 4952 κεφαλαὶ,
972 4881 1071 4932 οὐκ
1119 4878 1345 4946 ἀγαθοῖς
1406 4880 1837 4948 ἐπιστησόμεναι

257 4982 500 5051 σώμασι,
526 4976 921 5047 φαλαγγάρχαι
956 4975 1216 5045 στρατιᾶς
1246 4974 1306 5025 οὐ
1344 4973 1465 5043 Θεῷ
1500 4973 1683 5042 φίλης,
1728 4973 1838 5026 οὐδ’

255 5071 416 5125 αὐτοὶ
464 5067 688 5136 ἀγαθοὶ,
733 5060 813 5129 οἷς
849 5066 877 5115 6
939 5068 1014 5135 μή
1073 5063 1510 5132 συνταττόμενος
1552 5063 1841 5133 ἄνθρωπός

258 5169 376 5217 ἐστι
400 5160 498 5214 τοῦ
543 5157 703 5213 θεοῦ.
733 5159 825 5210 Διὸ
870 5157 1139 5226 φευκτέον
1180 5157 1276 5211 καὶ
1307 5158 1453 5226 ὑμᾶς
1490 5156 1598 5211 ἀπὸ
1639 5157 1839 5219 παντὸς

256 5257 502 5311 τοιούτου
536 5253 841 5322 τάγματος,
887 5251 1205 5317 ὀφείλοντας
1257 5249 1481 5315 εἰδέναι,
1518 5250 1593 5312 ὡς
1645 5249 1837 5317 δαιμο-

258 5350 425 5406 νῶσιν
492 5347 542 5398 οἱ
620 5344 763 5398 κατά
810 5346 907 5413 τῆς
968 5346 1189 5413 ἀγάπης
1248 5342 1553 5397 ἀντίπαλοι.
1614 5345 1839 5411 Μήποτε

258 5442 319 5497 δὲ
352 5442 446 5494 καὶ
480 5438 849 5511 ὑπερπαίουσι
884 5438 984 5505 τὴν
1018 5437 1298 5507 δαιμόνιον
1345 5436 1563 5489 κακίαν.
1603 5434 1681 5489 Οὒ
1734 5434 1844 5504 γὰρ

260 5532 432 5594 κακὸς
480 5530 666 5592 ἁπλῶς
710 5530 739 5581 6
788 5528 931 5581 οὕτω
980 5530 1144 5587 xxxi;
1196 5527 1501 5597 ἄνθρωπος,
1552 5528 1684 5581 ἁλλά
1741 5545 1842 5579 που

260 5628 358 5679 καὶ
394 5624 535 5692 ὑπὲρ
594 5622 757 5674 αὐτὴν
813 5622 1057 5689 δαίμονα.
1126 5620 1397 5689 Εὕρηνται
1448 5616 1540 5673 οῦν
1602 5620 1854 5689 λογισμοὶ

262 5717 517 5784 πονηροὶ,
560 5711 651 5777 οῦς
686 5711 894 5779 δαίμων
939 5712 1037 5781 μὲν
1095 5712 1194 5763 οἰκ
1259 5710 1397 5780 ἔφθη
1457 5711 1851 5770 ποοῦα).ἐσοαι,

261 5807 549 5874 ᾶιϋρωπος
571 5803 630 5858 δὲ
670 5802 905 5872 πονηρὸς
935 5802 1274 5873 προεϐάλετο
1307 5803 1390 5855 ἄν.

1946 4701 2245 4772 pelliti-ant,
2268 4710 2325 4753 ut
2347 4699 2492 4752 νι-Ιιιι
2512 4698 2567 4751 in
2587 4698 2853 4767 legionem
2875 4694 3273 4764 conglomerati
3294 4693 3530 4746 invictos

1944 4810 2004 4849 se
2020 4795 2335 4858 exhibeant,
2357 4794 2497 4845 mala
2515 4791 2719 4859 capita,
2739 4789 2897 4843 malis
2913 4786 3166 4857 imposita
3182 4785 3528 4855 corporibus,

1946 4890 2113 4943 duces
2136 4888 2408 4942 exercitus
2427 4884 2537 4937 Deo
2560 4898 2668 4938 non
2688 4882 2894 4948 dilecti,
2914 4881 3090 4951 et‘ipsi
3105 4879 3248 4933 haud
3269 4879 3420 4944 boni,
3443 4887 3530 4930 ut-

1950 4991 2072 5052 pote
2093 4982 2419 5050 quibuscuut
2434 4979 2600 5033 homo
2619 4977 2708 5031 Dei
2728 4976 2806 5030 nil
2824 4988 3119 5028 commune
3143 4973 3326 5027 habet.
3345 4970 3531 5036 Quare

1951 5089 2045 5128 vos
2067 5089 2282 5144 quoque
2301 5087 2519 5125 onmem
2542 5068 2810 5141 ejusmodi
2830 5068 3150 5123 societatem
3176 5066 3413 5120 aversari
3437 5065 3533 5117 de~

1952 5168 2112 5233 bolis,
2162 5168 2295 5219 bene
2330 5164 2594 5229 scientes,
2640 5163 2929 5218 charitatis
2961 5160 3217 5213 inimicos
3257 5172 3283 5210 a
3318 5157 3535 5209 diabolo

1951 5257 2203 5311 obsessos
2260 5255 2453 5308 teneri.
2497 5254 2577 5307 Ae
2611 5252 3005 5323 prOpemodutn
3053 5250 3323 5304 daemonis
3375 5246 3531 5298 ιιι.ιΙι·

1951 5351 2081 5405 tiam
2120 5358 2399 5417 superant.
2432 5345 2605 5400 llomo
2632 5346 2775 5399 enim
2802 5344 2885 5399 sic
2908 5344 3085 5398 malus
3114 5357 3223 5397 tton
3257 5338 3499 5407 simplici

1953 5452 2037 5496 ter
2064 5444 2239 5494 malus
2265 5448 2369 5503 est,
2403 5440 2497 5494 sed
2533 5441 2685 5508 pejor
2723 5438 2844 5507 ipso
2893 5438 3165 5490 daemone.
3207 5432 3350 5487 Sunt
3386 5432 3529 5483 enim

1954 5550 2135 5604 prava:
2160 5534 2521 5604 cogitationes
2549 5547 2711 5603 quas,
2739 5532 2863 5586 licet
2897 5530 3113 5585 daemon
3147 5544 3254 5583 non
3292 5523 3507 5595 protule

1958 5630 2027 5683 rit
2084 5643 2280 5705 pravus
2315 5637 2494 5683 tamen
2538 5626 2702 5683 homo
2749 5626 2996 5696 proferre
3033 5625 3176 5680 haud
3222 5632 3458 5677 recusat.
