4212 6440
267 405 407 468 10:5

1208 397 1572 460 EPISTULA
1617 400 1712 457 AD
1749 391 2540 456 'l‘llESSALUNlCENSES.

3384 382 3517 447 MSS

265 528 435 580 καλὸν
462 520 660 594 στόμα,
679 526 707 577 ὁ
728 524 819 576 τοῦ
847 525 964 584 νοὸς
995 519 1315 586 ἐξάγγελοί,
1343 519 1408 569 δι’
1438 511 1498 568 οὗ
1531 517 1590 568 τὸ
1617 517 1843 583 λαλητὸν

1889 522 1916 572 tt
1953 517 2464 581 mentisintcrpres.
2511 526 2621 574 quo
2652 510 2882 576 loquens
2912 506 3112 560 animal
3167 503 3260 556 Dri
3317 502 3515 556 distin-

263 619 408 680 ζῶον
433 618 529 669 τοῦ
563 615 697 668 Θεοῦ
732 610 1221 685 χαρακτηρίζεται.
1257 609 1377 677 Χρὴ
1399 608 1452 659 δὲ
1489 606 1836 673 ἐνθυμεῖσθαι

264 712 411 777 ὑμᾶς
441 707 702 768 ἐνταῦθα,
723 707 807 758 ὃτι
829 723 886 757 τε
911 703 1172 772 βόρϐορον
1204 699 1583 766 δυσαπόιρορον
1607 699 1839 766 ὲγκλεί-ι

261 797 341 869 τῷ
383 802 616 864 στόματι
644 799 671 849 ὁ
702 799 1025 866 βλάσφημος
1053 793 1362 861 ἄνθρωπος,
1387 791 1480 843 καὶ
1508 792 1590 844 ὅτι
1615 792 1839 860 πικρίας

267 895 370 962 μὲν
401 893 625 946 οίασοῦν
658 890 997 959 γευσάμενός
1039 905 1120 948 τις
1167 887 1334 952 ὑγιῶς
1387 886 1526 954 ἔχων
1562 885 1654 936 τοῦ
1688 886 1840 950 γεύε-

264 986 415 1047 σθαι,
477 986 570 1036 καὶ
631 981 930 1053 μυσαχθεὶς
990 980 1048 1031 τὸ
1083 980 1338 1047 πρᾶγμα,
1381 979 1441 1028 οὐ
1477 977 1638 1044 μόνον
1672 979 1841 1044 συχνὰ

263 1077 495 1128 ἐκπτύει
524 1075 902 1128 συνεκϐάλλων
922 1073 999 1141 τῷ
1028 1072 1193 1139 σιέλῳ
1218 1070 1314 1140 τὴν
1337 1069 1556 1137 ἀηδίαν,
1589 1068 1724 1121 άλλᾶ
1749 1072 1841 1121 καὶ

267 1168 426 1220 ὕδατι
458 1167 554 1219 καὶ
593 1166 784 1236 χυμῶν
817 1166 1118 1233 γλυκύτητι
1164 1161 1427 1217 ὐκπλύνει
1457 1163 1521 1214 τὸ
1557 1164 1722 1215 καλὸν
1754 1162 1842 1214 δο-

263 1263 418 1330 χεῖον
442 1263 636 1313 ἐκεῖνο.

345 1358 439 1420 ιη’.
474 1354 538 1404 Τί
571 1353 655 1421 δὴ,
688 1346 734 1404 ὦ
763 1353 1196 1422 δαιμονοφόρητε
1229 1350 1482 1418 ὑϐριστά,
1540 1348 1842 1417 παραϐὐεις

267 1445 346 1513 τῷ
370 1445 603 1512 στόματι
634 1445 991 1514 βλασφήμους
1032 1445 1282 1514 πικρίας,
1315 1438 1390 1497 ὧν
1422 1442 1483 1494 τὸ
1509 1443 1668 1510 ἀηδὲς
1710 1458 1846 1508 μαν-

270 1534 455 1594 θάνεις
482 1536 580 1601 μὲν
612 1534 838 1604 ὕστερόν
862 1551 992 1586 ποτε
1025 1537 1119 1588 καὶ
1151 1535 1349 1596 αὖτόςς
1384 1536 1510 1585 Ὅτε
1542 1534 1650 1601 γάρ
1677 1533 1847 1601 βλασ-

272 1630 500 1696 φημεῖς,
533 1629 632 1680 οὐκ
689 1627 920 1696 αἰσθάνῃ
957 1627 1030 1688 ὡς
1072 1623 1184 1679 οἷον
1208 1625 1538 1694 ἐξεστηκὼς.
1598 1626 1847 1678 Μάλιστα

271 1720 329 1772 δὲ
386 1715 498 1770 οἶδε
535 1712 636 1788 τὴν
691 1719 903 1770 ἐκεῖθεν
956 1719 1186 1788 πικρίαν
1242 1721 1269 1770 ό
1325 1716 1845 1785 βλασφημούμενος,

275 1812 440 1880 εἰπερ
503 1812 578 1879 μὴ
630 1811 910 1879 ὀλιγώρως
958 1812 1076 1873 ταῖς
1135 1808 1326 1878 ὕϐρεσι
1364 1812 1759 1880 προσφέρεται.
1785 1810 1848 1859 Τί

275 1903 646 1964 ἁναπτύσσεις
684 1902 751 1954 τὰ
777 1902 954 1972 χείλη,
996 1904 1088 1952 καὶ
1115 1901 1344 1970 χαίνεις,
1381 1901 1480 1969 οὐχ
1513 1899 1656 1952 ὥστε
1685 1900 1718 1968 ἢ
1751 1917 1853 1965 φα-

276 1999 419 2062 γεῖν,
477 1995 509 2064 ἦ
544 1994 781 2064 λαλῆσαι
811 1995 1023 2057 ἁπλῶς,
1058 1995 1090 2062 ἢ
1121 1996 1215 2047 καὶ
1246 1994 1456 2058 διδάξαι
1487 1995 1577 2045 καὶ
1616 1993 1853 2061 ὑμνῆσαι

277 2087 433 2151 Θεὸν,
470 2089 562 2139 καὶ
603 2087 777 2150 οὕτως
804 2087 1065 2156 ἐξεμέσαι
1091 2087 1320 2156 χυμοὺς,
1352 2087 1418 2138 δι’
1448 2081 1524 2139 ὧν
1551 2087 1854 2154 θανατηφό-

278 2198 376 2249 Ρον
405 2183 436 2250 ἡ
465 2181 612 2248 ψυχὴ
643 2179 939 2248 πληθώραν
967 2182 1166 2250 πάσχει
1188 2197 1202 2211 ο
1236 2181 1354 2232 ἀλλ’
1383 2181 1525 2232 ὥστε
1554 2179 1854 2248 καταισχῠ-

279 2290 370 2323 ναι
404 2278 650 2336 σεαυτὸν,
704 2273 794 2324 τὸν
826 2271 919 2323 τοῦ
954 2272 1090 2323 Θεοῦ
1138 2271 1449 2339 ἄνθρωπον,
1487 2271 1562 2330 ὡς
1597 2270 1857 2337 Χριστια-

279 2365 395 2426 νὸν,
425 2365 512 2415 διά
539 2365 633 2415 τοῦ
678 2366 772 2416 καὶ
818 2365 1037 2416 δάκνειν
1080 2364 1174 2416 καὶ
1206 2362 1517 2414 κατεσθίειν
1546 2378 1558 2423 ;
1617 2363 1678 2412 οὐ
1713 2360 1858 2425 λέγω

276 2459 372 2509 τὶν
406 2471 482 2505 σοι
514 2456 719 2521 ὅμοιον,
773 2453 889 2506 ἀλλ’
922 2452 1248 2522 ὑπερφερῶς
1276 2453 1529 2504 καλλίονα
1562 2471 1574 2514 ;
1614 2451 1858 2513 ’Λνοιξόν

285 2563 380 2597 σου
415 2547 472 2597 τὸ
500 2546 674 2614 στόμα
703 2544 1014 2612 γραφικῶς,
1051 2547 1146 2595 καὶ
1197 2544 1421 2596 ἕλκυσον
1460 2543 1684 2610 Πνεῦμα
1717 2542 1859 2592 θεῖον

281 2639 524 2700 πάντως,
557 2639 618 2686 οὔ
652 2636 759 2704 μὴν
785 2637 1023 2704 πονηρόν
1043 2651 1058 2666 ·
1084 2634 1162 2704 τῷ
1187 2637 1297 2703 γαρ
1323 2635 1550 2702 τοιούτῳ
1585 2635 1859 2684 κλειστέον

284 2724 530 2793 ἀκριϐῶς
571 2728 753 2778 πᾶσαν
777 2725 1055 2792 αῖσθησιν.
1101 2743 1119 2775 ι
1158 2724 1460 2786 Πλάτυνον,
1507 2742 1523 2774 i
1561 2725 1714 2791 φησι,
1755 2741 1772 2772 ι
1801 2723 1858 2773 τὴ

287 2817 468 2885 στόμα
492 2834 611 2881 σου,
649 2819 742 2870 καὶ
772 2817 1051 2884 πληρώσω
1075 2817 1229 2870 αὑτό.
1270 2834 1287 2866 i
1345 2816 1421 2868 Οὐ
1457 2817 1720 2884 δεήσομαι
1748 2832 1865 2882 τρι-

287 2910 391 2979 ϐῆς
424 2911 619 2978 χρόνου
669 2910 839 2972 τινὸς,
894 2909 952 2960 οὐ
987 2909 1246 2978 μέλλησιν
1291 2907 1630 2976 ἐνδείξομαι·
1667 2908 1863 2958 αὐτίκα

287 3003 370 3063 δὲ,
397 3002 588 3071 ὣσπερ
611 3001 687 3052 ἔτι
711 3000 1000 3061 λαλοῦντός
1029 3018 1123 3053 σου
1147 3001 1213 3053 τὰ
1235 3000 1439 3068 ἀγαθὰ,
1465 3000 1860 3069 παραγίνομαι.

289 3092 450 3145 Οὕτω
482 3095 576 3144 καὶ
606 3094 913 3155 ἁνοίξαντος
946 3093 1221 3162 πληρώσω
1263 3093 1599 3162 Πνεῦματος,
1635 3093 1729 3143 καὶ
1782 3107 1868 3141 σο-

1948 609 2153 668 ιξυίιιιτ.
2189 605 2444 659 Nostrum
2468 614 2551 657 est
2610 605 2678 654 tle
2713 602 2811 652 huc
2839 602 2890 650 in
2927 609 3109 652 mente
3133 597 3335 650 habere
3369 594 3512 662 quod

1949 702 2120 753 lutum
2149 700 2428 751 horridum
2457 715 2505 748 :n
2533 711 2594 748 οδ
2632 694 2877 746 recondit
2909 694 3264 751 obtrectator,
3293 700 3345 742 ct
3370 689 3512 756 quml

1949 806 2131 844 amara
2188 789 2443 857 quaelibet
2503 787 2803 854 degustans
2859 781 3116 850 quisquis
3164 793 3299 833 sano
3354 791 3516 847 gustu

1950 889 2090 937 Valet
2121 895 2171 937 et
2200 898 2255 935 te
2287 882 2540 940 lmdatus,
2573 894 2676 930 non
2733 881 2909 931 solum
2947 884 3133 942 sputat
3172 887 3296 924 cum
3344 871 3515 922 saliva

1950 977 2196 1029 ltctorem
2238 974 2488 1042 ejicicns,
2555 969 2647 1024 sed
2714 971 2878 1022 ctiam
2945 982 3083 1035 aqua
3151 964 3521 1028 suaribusque

1951 1066 2272 1136 potionibus
2315 1064 2610 1133 pulchrum
2650 1061 2750 1114 ltoc
2785 1059 3066 1127 penetrale
3099 1053 3352 1109 mundat.

2026 1344 2109 1396 l8.
2137 1340 2266 1403 Cur,
2303 1353 2334 1390 ο
2369 1337 2658 1404 impudens
2705 1349 2734 1387 a
2767 1334 3016 1388 daemone
3076 1330 3299 1398 agitate,
3348 1330 3399 1382 in
3463 1341 3522 1375 os

1954 1436 2200 1489 admittis
2283 1428 2705 1486 obtrectationis
2785 1425 3189 1478 amaritudincs
3277 1438 3518 1491 quarum

1959 1528 2267 1582 molestiam
2297 1524 2528 1577 ultimus
2556 1520 2745 1574 noscis
2775 1528 2828 1573 et
2851 1518 3011 1587 ipse?
3039 1519 3174 1570 Cum
3233 1517 3376 1568 enim
3414 1531 3525 1568 m-.-—

1959 1619 2280 1676 chieentias
2363 1615 2618 1685 profers,
2675 1614 2832 1682 quasi
2908 1619 3089 1664 mente
3163 1617 3358 1678 captus
3413 1622 3520 1660 non

1965 1711 2258 1781 intelligis.
2321 1707 2540 1776 Optime
2588 1705 2822 1758 istarum
2886 1701 3308 1754 amaritudinem
3371 1700 3526 1751 norit

1958 1808 2050 1876 qui
2080 1803 2190 1858 tuis
2220 1817 2248 1855 a
2269 1796 2674 1854 maledicentiis
2704 1797 3011 1863 impetitur.
3052 1792 3155 1847 nisi
3190 1792 3524 1861 contemptui

1889 1879 1927 1934 Π
1959 1897 2328 1954 contumelias
2363 1903 2487 1946 tuas
2523 1891 2746 1945 haheat.
2775 1889 2888 1942 Cur
2925 1887 3069 1940 labia
3103 1886 3288 1953 aperis
3323 1895 3377 1939 et
3405 1884 3526 1937 hias

1959 2007 2067 2045 non
2103 1989 2166 2042 ad
2203 1982 2671 2042 manducandum,
2705 1994 2804 2034 nec
2829 1981 2893 2032 ad
2926 1978 3251 2045 simpliciter
3302 1977 3528 2043 loquen-

1955 2087 2106 2146 dum,
2139 2097 2239 2135 nec
2272 2080 2337 2133 ad
2373 2074 2682 2133 docendum
2711 2081 2808 2126 aut
2845 2073 3039 2124 laudes
3064 2069 3173 2123 Deo
3206 2069 3524 2136 persolven-

1956 2181 2109 2240 dum,
2137 2185 2190 2228 et
2210 2176 2293 2228 sic
2329 2173 2396 2225 ad
2443 2172 2706 2223 humores
2739 2167 2944 2235 quibus
2972 2163 3223 2217 Iethifcra
3279 2161 3525 2229 plethora

1959 2272 2172 2323 laborat
2209 2266 2396 2320 anima
2443 2257 2971 2324 evomcndum;scd
3024 2256 3178 2309 itaut
3227 2252 3526 2322 ignominia

1963 2359 2191 2426 teipsunt
2223 2354 2448 2416 allicias,
2471 2350 2561 2404 Dei
2592 2348 3091 2414 hominem,utpole
3130 2344 3528 2406 Christianum,

1959 2469 2022 2507 eo
2050 2451 2194 2520 quod
2225 2450 2416 2517 iniquo
2454 2449 2617 2501 dente
2647 2445 2868 2498 mordes
2889 2453 2941 2498 et
2975 2444 3209 2503 laceras.
3262 2455 3366 2496 non
3407 2442 3532 2495 dico

1962 2562 2167 2614 parem,
2224 2543 2318 2597 sed
2364 2543 2455 2596 tibi
2490 2541 2642 2594 valde
2694 2537 3072 2606 superiorem?
3097 2535 3258 2602 Aperi
3286 2550 3349 2589 os
3381 2544 3530 2586 tuum

1963 2640 2265 2693 secundum
2322 2638 2655 2704 scripturas,
2685 2647 2737 2688 et
2773 2633 3036 2703 Spiritum
3069 2633 3314 2684 tlivinntn
3378 2631 3530 2683 hauri

1963 2733 2210 2793 omnino,
2249 2744 2356 2782 non
2393 2744 2521 2780 vero
2560 2728 2787 2788 malum,
2813 2726 2900 2780 cui
2947 2733 3200 2777 accurate
3231 2722 3530 2776 claudenda

1967 2831 2078 2874 tota
2125 2836 2300 2874 mens.
2344 2839 2360 2870 ι
2406 2818 2601 2880 Dilata,
2631 2817 2830 2886 inquit,
2873 2831 2935 2871 os
2977 2823 3154 2880 tuum,
3189 2823 3242 2869 ct
3298 2815 3532 2882 implebo

1965 2915 2160 2968 illuel'.
2204 2933 2220 2964 ι
2254 2912 2372 2966 Non
2400 2911 2676 2981 temporis
2700 2910 2960 2963 dilatione
3004 2925 3142 2977 opus
3193 2919 3301 2971 est,
3362 2923 3531 2961 mora:

1969 3002 2216 3073 pt-rl‘ugio
2237 3018 2343 3056 non
2363 3010 2522 3065 utar;
2551 3000 2864 3061 confestim,
2885 3000 3041 3067 quasi
3071 3000 3252 3053 adhuc
3280 2999 3535 3067 loquente

1971 3109 2018 3150 tc
2050 3097 2212 3158 bona,
2256 3095 2471 3148 adsunt.
2517 3093 2609 3147 Sic
2639 3101 2693 3147 ct
2731 3094 3065 3160 aperientem
3117 3090 3324 3160 Spiritu
3358 3094 3534 3161 reple—

290 3185 424 3251 φίαν
446 3184 680 3251 ψωμίσω
717 3185 804 3236 διὰ
833 3182 1064 3252 βιϐλίου,
1103 3184 1274 3252 ὁποίῳ
1321 3183 1413 3234 καὶ
1454 3183 1726 3250 προφῆται
1762 3200 1832 3250 μυ

1894 3218 1938 3277 C
1971 3189 2060 3248 bo,
2102 3187 2506 3254 etsapientiam
2539 3199 2723 3238 escam
2779 3184 2922 3238 dabo
2978 3198 3072 3251 per
3133 3184 3329 3238 librum
3391 3183 3535 3236 sicut

291 3277 702 3343 στηριάςονται.
739 3277 814 3327 Οὐ
863 3279 969 3344 γὰρ
1004 3275 1125 3327 οὔτε
1162 3274 1326 3340 ὀκνῶ,
1357 3273 1481 3326 οὗτε
1508 3274 1707 3341 φθονῶ,
1741 3273 1863 3324 οὔτε

293 3367 538 3434 μελετῶν
572 3367 898 3435 σκέπτομαι.
944 3365 1106 3417 Ἀλλὰ
1134 3365 1375 3432 άνοίγεις
1399 3362 1538 3429 ἅγια,
1574 3363 1662 3413 καὶ
1691 3364 1867 3429 εἰσέρ-

292 3474 484 3525 χομαι.
519 3456 676 3508 Οὕτω
707 3457 800 3508 καὶ
832 3455 944 3522 ἐγὼ
972 3457 1072 3525 τὴν
1094 3456 1233 3525 ἐμὴν
1274 3455 1511 3520 ἀνοίγων
1533 3452 1704 3521 θύραν
1731 3469 1864 3523 προ-

294 3549 568 3616 καλοῦμαι
595 3549 688 3600 καὶ
713 3547 770 3599 σὲ
800 3548 894 3599 καὶ
930 3549 1136 3608 πάντας
1167 3545 1453 3598 εἰσελθεῖν.
1481 3546 1554 3596 Οὐ
1593 3543 1864 3611 μεριμνῶ,

294 3641 415 3702 πῶς
454 3640 727 3709 πληρώσω
759 3641 817 3691 τὸ
847 3640 1022 3708 στόμα
1055 3655 1148 3690 σου
1181 3637 1508 3691 πλατυνθέν.
1550 3635 1658 3687 Καὶ
1680 3634 1868 3704 δηλοῦ-

296 3751 386 3785 σιν
421 3733 552 3784 αὖτὸ
602 3732 696 3784 καὶ
747 3732 796 3782 oi
833 3731 1008 3792 ἄλλως
1060 3731 1187 3798 ἐμοὶ
1222 3728 1484 3799 μαθηταὶ,
1547 3729 1641 3779 καὶ
1668 3728 1782 3778 ὅσοι
1813 3727 1868 3778 δὲ

293 3825 582 3894 τυράννοις
633 3823 1035 3891 παραστάντες,
1078 3823 1140 3874 οὐ
1173 3822 1262 3874 διὰ
1307 3822 1520 3891 χρόνου,
1561 3820 1696 3872 ἀλλὰ
1728 3820 1863 3888 αὑτῇ

295 3921 366 3986 τῇ
398 3918 515 3986 ιῖρᾳ
547 3914 881 3980 ).αμϐχνουσι
907 3914 1079 3981 στόμα
1111 3914 1205 3966 καὶ
1239 3914 1432 3980 σοφίαν
1453 3929 1466 3942 ·
1501 3907 1580 3973 οἷς
1611 3911 1671 3962 οὐ
1703 3911 1866 3964 δύνα-

295 4027 389 4062 ται
424 4010 696 4060 ἀντειπεῖν
746 4006 923 4067 οὐδεὶς
981 4004 1524 4071 ἀντικαθιστάμενος.
1582 4003 1761 4072 Στόμα
1813 4002 1870 4053 δὲ

296 4099 537 4152 ἐνταῦθα
587 4099 680 4148 καὶ
736 4098 928 4166 σοφίαν
963 4097 1220 4161 ἀκούσας,
1285 4097 1361 4165 μὴ
1417 4095 1870 4164 ἀπεριμερίμνως

299 4191 567 4259 ὲπιϐάλῃς
591 4193 654 4259 τῇ
680 4191 837 4257 ἀκοῇ,
880 4188 992 4240 ἀλλ’
1027 4187 1334 4257 ἐμϐάθυνον
1363 4204 1376 4220 ο
1413 4189 1496 4239 ὅτι
1525 4190 1550 4238 ὁ
1595 4189 1669 4255 μὴ
1732 4187 1872 4239 κατὰ

300 4285 427 4343 τοὺς
477 4283 668 4347 λόγους
721 4281 944 4341 τούτους
993 4279 1346 4347 διακείμενος
1402 4279 1673 4346 θειότερον
1707 4281 1764 4329 ἐν
1796 4278 1871 4346 τῷ

300 4378 563 4428 ἀναπνεῖν
616 4375 708 4425 καὶ
742 4373 923 4426 λαλεῖν
957 4371 1080 4423 οὔτε
1112 4372 1287 4439 στόμα
1330 4371 1468 4438 ἔχει,
1498 4369 1622 4422 οὗτε
1657 4371 1868 4437 σορίαν,

303 4470 440 4520 ἀλλὰ
490 4470 580 4517 καὶ
642 4467 873 4532 ἄστομός
909 4465 1050 4514 ἐστι
1084 4465 1342 4532 χειρόνως
1391 4464 1533 4530 ἤπερ
1561 4461 1667 4512 τῶν
1695 4461 1874 4511 ἵππων

1972 3291 2026 3335 et
2080 3281 2308 3349 mystice
2386 3279 2570 3330 dicunt
2640 3276 2936 3344 proplicltn.
3013 3274 3146 3327 Nam
3228 3288 3329 3328 nec
3389 3275 3538 3343 piger

1972 3390 2134 3438 sum,
2197 3387 2296 3426 nec
2377 3372 2636 3431 invideo,
2711 3383 2807 3422 nec
2856 3368 3282 3436 cogitationibus
3344 3371 3539 3421 immo-

1973 3480 2084 3527 ror,
2118 3464 2210 3517 sed
2247 3464 2428 3530 aperis
2475 3471 2529 3516 et
2562 3463 2724 3514 intro.
2769 3459 2859 3513 Sic
2894 3469 2947 3513 et
2974 3474 3076 3526 ego
3105 3458 3329 3527 januatn
3361 3474 3536 3512 meam

1971 3556 2244 3625 aperiens,
2278 3563 2327 3609 te
2351 3565 2404 3609 et
2429 3569 2622 3608 omnes
2652 3561 2708 3606 ut
2733 3553 2951 3607 intretis
2979 3552 3170 3604 invito.
3200 3551 3315 3604 Non
3344 3551 3538 3604 anxius

1971 3664 2117 3710 sum,
2153 3646 2430 3717 quomodo
2477 3661 2539 3699 os
2594 3657 2742 3698 tuntn
2809 3643 3058 3713 implebo
3112 3645 3420 3697 dilatatutn.
3479 3643 3542 3695 Et

1972 3737 2024 3790 id
2058 3740 2350 3792 ostendunt
2398 3737 2564 3791 etiam
2610 3737 2720 3788 alio
2757 3735 2919 3788 modo
2990 3734 3245 3803 discipuli
3306 3736 3434 3797 tnei,
3489 3749 3540 3787 ι·ι

1972 3837 2239 3899 quotquot
2264 3837 2388 3880 ante
2415 3834 2677 3894 tyrannos
2709 3825 2862 3878 ducti
2901 3835 3066 3888 sunt;
3103 3839 3211 3877 non
3236 3827 3287 3876 in
3329 3834 3538 3892 tempo-

1975 3921 2050 3972 ris
2079 3919 2387 3977 interVallo,
2420 3917 2512 3970 sed
2551 3917 2666 3983 ipsa
2698 3915 2832 3968 liora
2857 3931 2951 3968 ore
2984 3926 3035 3967 et
3058 3916 3324 3982 sapientia
3355 3915 3537 3968 valent

1978 4012 2179 4080 quibus
2210 4011 2395 4063 nullus
2427 4008 2804 4061 contr-adicere
2834 4015 3013 4074 potest
3042 4007 3419 4060 adversarius.
3466 4006 3540 4059 (is

1977 4105 2065 4157 hic
2098 4114 2146 4156 et
2181 4102 2506 4171 sapientiam
2543 4101 2771 4153 audiens
2800 4115 2866 4154 ne
2898 4099 3310 4152 inconsiderate
3347 4112 3535 4152 vocem

1975 4205 2260 4253 sonantem
2294 4197 2506 4260 excipe,
2534 4193 2625 4245 scd
2660 4192 2824 4245 altius
2882 4191 3170 4244 considera
3211 4208 3223 4242 :
3284 4191 3412 4257 quia
3472 4189 3538 4242 ad

1979 4290 2072 4342 illa
2107 4288 2267 4341 verba
2302 4287 2393 4354 qui
2424 4301 2531 4338 non
2569 4293 2653 4338 est
2689 4284 2872 4336 animo
2897 4283 3154 4335 diviniori
3215 4283 3536 4348 dispositus,

1977 4382 2040 4436 ad
2078 4377 2441 4432 hauriendum
2465 4376 2719 4446 Spiritum
2745 4373 3144 4443 etloquendutn
3164 4387 3262 4425 nec
3287 4387 3349 4425 os
3378 4373 3543 4425 habet

1979 4490 2077 4527 nec
2113 4472 2458 4541 sapientiam,
2522 4471 2615 4523 sed
2650 4469 2813 4522 etiam
2843 4470 2957 4522 oris
2994 4468 3116 4521 duti
3144 4476 3227 4521 est
3259 4466 3537 4519 infelicius

302 4564 418 4613 ὅσοι
456 4560 699 4624 λέγονται
730 4558 978 4626 ἄστομοι,
1025 4559 1110 4608 ναὶ
1159 4555 1263 4624 μὴν
1293 4556 1386 4605 καὶ
1421 4558 1643 4624 ἄσοφοςι
1692 4559 1857 4623 μήπω

1911 4569 1950 4624 D
1982 4582 2143 4637 quam
2172 4566 2261 4634 qui
2299 4566 2441 4617 inter
2473 4578 2642 4631 equos
2681 4564 2792 4617 oris
2817 4563 2937 4615 duri
2970 4562 3264 4623 dicuntur,
3324 4561 3458 4629 quin
3493 4571 3546 4614 ct

303 4653 360 4704 δὲ
404 4654 495 4703 καὶ
527 4653 740 4715 ἄλογος.

377 4743 464 4798 ιθ’.
509 4745 614 4794 Καὶ
642 4741 868 4795 τοιαῦτα
892 4740 990 4809 μὲν
1028 4757 1108 4791 σοι
1145 4739 1284 4802 λέξει
1316 4739 1344 4790 ὁ
1372 4737 1431 4790 τὸ
1466 4741 1641 4807 στόμα
1679 4738 1881 4789 πλατύ-

309 4855 420 4890 νειν
468 4836 888 4904 ἐγκελευόμενος
948 4834 1038 4909 ἐπ).
1090 4833 1373 4900 πληρώσει
1432 4832 1632 4891 παντὸς
1683 4831 1884 4899 δηλαδὴ

311 4930 544 4997 άγαοοῦ,
586 4929 652 4980 δι’
695 4921 755 4979 οὗ
785 4928 878 4978 καὶ
925 4926 1432 4995 ὲμῧρωματίζεται.
1488 4925 1593 4976 Καὶ
1622 4923 1798 4984 ἄλλως
1828 4923 1885 4973 δὲ

310 5029 375 5096 ζῇ
403 5029 429 5078 ὁ
468 5025 604 5092 πρὸς
650 5021 910 5090 ἀλήθειαν
947 5019 1252 5089 ἄνθρωπος.
1327 5019 1387 5070 Ὀ
1424 5018 1610 5087 μέντοι
1651 5017 1727 5086 τῷ
1761 5016 1879 5084 ex}

307 5118 687 5182 άιτικείμενος
734 5112 908 5174 ἄλλως
975 5112 1108 5163 αὐτὸ
1172 5111 1388 5178 πληροῖ,
1452 5110 1648 5178 μεστὸν
1709 5111 1879 5162 ποιῶν

312 5209 531 5274 ἁπάσης
590 5204 943 5270 φαυλότητος.
1016 5201 1173 5253 Οὕτω
1209 5202 1406 5270 πληροῖ
1433 5203 1500 5253 τὰ
1532 5201 1642 5253 τῶν
1675 5203 1878 5270 αίρετι-

313 5306 512 5367 ζόντων
549 5302 815 5367 στόματα,
855 5296 1026 5358 οὓτως
1062 5296 1349 5365 ἐπλήρωσε
1386 5299 1450 5347 τὰ
1493 5295 1598 5346 τῶν
1636 5312 1879 5364 σταυρω-

314 5395 420 5447 τῶν
453 5393 546 5445 τοῦ
588 5391 826 5460 μεγάλου
859 5389 997 5439 Θεοῦ
1051 5390 1144 5440 καὶ
1191 5388 1446 5456 Σωτῆρος
1503 5387 1658 5458 ἡμῶν
1701 5387 1875 5454 Ἰησοῦ

315 5486 584 5557 Χριστοῦ’
617 5479 691 5538 ὧν
716 5485 774 5535 τὸ
807 5483 980 5550 στόμα
1005 5480 1169 5549 ἔγεμε
1206 5481 1282 5550 τῷ
1332 5481 1508 5550 καιρῷ
1543 5482 1732 5547 ἐκείνῳ
1787 5481 1879 5532 του

323 5597 340 5628 t
371 5580 485 5630 Οὐκ
537 5577 736 5644 ἔχομεν
768 5574 1014 5643 βασιλέα,
1046 5575 1094 5625 εἰ
1129 5573 1203 5641 μὴ
1228 5574 1514 5641 Καίσαρα·
1554 5592 1570 5622 i
1607 5574 1730 5635 καὶ,
1761 5591 1776 5622 t
1822 5573 1879 5624 Ιεῖξ

321 5669 396 5738 μὴ
421 5665 637 5736 σταυρώ
675 5681 740 5737 ῃς
759 5665 938 5726 αὑτὸν,
961 5659 1005 5716 ὦ
1031 5664 1247 5728 Ιιιλάτε,
1271 5663 1367 5715 οὐκ
1387 5660 1432 5714 εἷ
1452 5665 1600 5730 φίλος
1626 5665 1719 5715 τοῦ
1747 5665 1880 5717 Καί-

399 5848 418 5878 ’
463 5845 605 5902 Psal.
665 5861 829 5914 Lux,
882 5847 967 5904 11,
1051 5848 1068 5880 ³
1106 5844 1263 5902 Juan.
1301 5863 1412 5912 χιχ,
1452 5848 1533 5901 15.

1615 5849 1630 5876 ³
1661 5845 1788 5902 ibid.
1827 5847 1907 5901 l2.

1980 4659 2246 4725 insipiens
2276 4669 2329 4710 ct
2361 4655 2765 4709 irrationabilis
2790 4665 2894 4708 est.

2057 4749 2145 4801 l9.
2175 4747 2332 4800 Talia
2366 4746 2590 4813 quidem
2631 4744 2727 4796 tibi
2760 4744 3015 4811 dicetqui
3039 4758 3100 4795 os
3124 4743 3343 4814 aperire
3370 4741 3545 4807 jubet,

1984 4841 2196 4895 scilicet
2226 4848 2283 4892 ut
2323 4837 2474 4891 omni
2512 4837 2657 4889 bono
2694 4838 3027 4904 repleamnr,
3063 4852 3173 4903 quo
3206 4844 3260 4888 et
3311 4837 3544 4887 alantur.

1987 4933 2156 4984 Aliter
2200 4945 2327 4982 vero
2370 4929 2501 4979 vivit
2573 4927 2666 4994 qui
2719 4927 3016 4979 secundum
3070 4928 3354 4977 veritatem
3419 4926 3551 4976 rit-it

1989 5025 2173 5077 homo.
2208 5025 2310 5087 Qui
2349 5029 2525 5074 autem
2560 5020 2667 5073 Deo
2696 5019 3047 5072 adversarius
3074 5027 3274 5079 manet,
3307 5033 3368 5071 os
3394 5019 3550 5069 aliter

1989 5117 2191 5184 replet,
2227 5113 2488 5166 refertum
2519 5111 2758 5164 reddens
2779 5111 2926 5164 Omni
2960 5107 3251 5176 pravitate,
3286 5110 3365 5163 sic
3392 5111 3550 5176 plena

1988 5218 2117 5261 sunt
2144 5207 2389 5259 haeresnn
2425 5201 2870 5272 atnplcctentittm
2911 5216 3030 5261 ora,
3065 5201 3143 5252 sic
3179 5201 3382 5268 repleta
3423 5213 3552 5254 sunt

1988 5315 2083 5352 ora
2124 5297 2578 5364 crttciligcntinm
2621 5291 2878 5364 magnum
2920 5295 3086 5346 Deum
3119 5303 3175 5348 ct
3212 5292 3548 5348 Saliatorexn

1991 5403 2236 5446 nostrum
2264 5390 2450 5443 ,Ιοτδιιιιι
2489 5391 2768 5442 Christum
2801 5406 2813 5453 ;
2853 5403 3088 5455 quorum
3118 5402 3178 5440 os
3237 5388 3552 5440 redundans

1989 5499 2118 5542 tunc
2159 5484 2348 5539 clIudit
2387 5504 2397 5537 :
2433 5503 2449 5533 ι
2501 5481 2616 5536 Non
2673 5484 2934 5536 habemus
2986 5497 3166 5550 regem
3237 5482 3339 5534 nisi
3377 5483 3554 5534 (laesa-

1991 5596 2102 5634 rem
2145 5581 2180 5640 ³,
2225 5599 2240 5628 ι
2295 5588 2368 5637 rt.
2415 5595 2430 5625 ι
2478 5578 2532 5628 Si
2570 5591 2676 5629 non
2722 5576 3068 5630 crucil‘ixcris
3128 5589 3279 5635 cum,
3339 5589 3447 5625 non
3489 5590 3549 5624 es

1993 5670 2198 5724 amicus
2262 5669 2492 5723 CiCS‘dl‘l'a
2521 5673 2558 5732 ³,
2601 5689 2614 5716 ι
2668 5682 2711 5722 cl
2746 5689 2757 5721 :
2798 5687 2813 5717 ι
2845 5667 3018 5730 Tolle,
3087 5668 3233 5730 tollo,
3298 5665 3552 5734 cruciligc
