4212 6440
238 397 374 460 Ῑηᾶθ

230 598 436 661 θεύιιν,
466 598 499 668 ἢ
531 598 864 668 ψεύδεσθαις
909 600 1050 653 Ἀλλ’
1074 602 1308 655 ἑνταῦθα
1341 604 1441 655 οὒκ
1474 605 1725 672 ἀνέχεται
1778 608 1803 657 ὁ

229 689 386 753 Θεὸς,
410 692 444 759 ἠ
466 690 853 756 αὐτοαλήθεια,
884 692 1187 761 σκέψασθαι
1208 694 1352 761 ὑμᾶς
1371 694 1464 764 τὴν
1487 696 1797 764 απόκρισιν,

227 782 345 831 αλλ’
373 783 669 851 οὐρανόθεν
692 781 790 851 βοᾷ
838 782 1199 846 ἐξάκουστον·
1235 787 1327 837 καὶ
1362 788 1518 854 ὑμεῖς
1549 786 1798 849 ἀκούετε,

226 875 321 922 καὶ
354 874 642 925 πιστεύετε
666 874 765 943 τὴν
796 874 1057 944 ἀλήθειαν
1076 877 1409 946 ἐπίπροσθεν
1431 874 1591 943 εἶναι,
1614 878 1802 947 ὥσπερ

227 963 320 1013 τοῦ
351 964 630 1030 δαίμονες,
659 965 803 1017 οὕτω
827 968 922 1019 καὶ
958 968 1049 1019 τοῦ
1103 968 1314 1020 ἐκεῖθεν
1345 970 1520 1022 κεικοῦ
1550 970 1798 1036 ἐκγόνου,

223 1056 320 1106 τοῦ
351 1056 673 1123 ψεύδεσθαι.
728 1059 788 1111 El
841 1060 971 1124 γοῦν
1007 1060 1214 1127 ἀγαθὸν
1270 1063 1300 1129 ἡ
1342 1061 1588 1130 ἀλήθεια,
1624 1062 1799 1114 τετοῦ

224 1148 461 1215 ψεύδους
497 1148 784 1217 γινόμεθα,
817 1153 912 1203 καὶ
942 1153 1002 1203 οὐ
1048 1152 1216 1218 λέγω,
1252 1153 1344 1205 τοῦ
1376 1156 1434 1204 ἐν
1468 1155 1677 1221 ῥήμασι
1709 1154 1801 1222 μό-

224 1253 363 1300 νοις,
399 1236 537 1289 ἀλλά
573 1239 668 1290 καὶ
697 1239 791 1291 τοῦ
823 1240 882 1292 ἐν
932 1241 1114 1309 ἔργοις
1144 1240 1219 1303 ὡς
1268 1241 1650 1311 μά).ιστα;Μὴ
1694 1243 1800 1311 γάρ

220 1344 307 1390 τις
339 1329 562 1394 οἰέσθω,
587 1332 647 1383 ἐν
680 1333 864 1401 μόνοις
893 1333 1073 1402 λόγοις
1105 1334 1551 1404 περιγεγράφθω
1574 1337 1635 1387 τὸ
1671 1334 1801 1403 ψεῦ-

220 1422 348 1483 ὁο;’
386 1422 506 1474 ἀλλ’
558 1425 871 1495 ἐπιστήμην
922 1428 1091 1496 ἐχέτω
1130 1430 1225 1495 οὐχ
1258 1429 1463 1496 ἣκιστα
1492 1429 1585 1481 καὶ
1616 1430 1800 1498 ἔργοις

222 1514 338 1573 τοῖς
368 1512 492 1564 κατ’
538 1514 827 1583 ἄνθρωπον
871 1518 1322 1585 ἐγκατεσπάρθαι
1371 1519 1431 1571 τὸ
1483 1520 1797 1587 ψεύδεσθαι.

225 1603 337 1654 Καὶ
368 1603 562 1674 ὥσπερ
618 1623 703 1668 τις
758 1610 1110 1677 εὑτρηέὶ.ως
1139 1612 1234 1662 καὶ
1285 1611 1475 1674 δεξιῶς
1500 1612 1797 1679 ἐθεώρησε,

219 1697 312 1749 τὸν
338 1697 588 1751 σόλοικον
617 1699 907 1770 ἄνθρωπον
932 1705 1033 1756 οὐκ
1056 1706 1113 1757 ἐν
1138 1706 1284 1774 μόνῳ
1308 1707 1385 1774 τῷ
1408 1706 1586 1758 λαλεῖν
1610 1708 1641 1777 ἦ
1672 1709 1803 1775 γρά-

218 1803 347 1855 φειν
380 1790 750 1845 ἐνδείκνυσθαι
787 1793 849 1843 τὸ
884 1792 1004 1845 κατ’
1038 1795 1204 1847 αὑτὸν
1246 1797 1567 1865 ἐφάμαρτον
1617 1797 1797 1856 τοῦτο,

1196 399 1559 461 EPISTULA
1602 400 1700 457 Al)
1746 396 2521 465 l‘llESSALONlCENSES.

302 503 413 559 ια’.
449 504 571 561 Ἔτι
625 510 1029 581 προσέπερωτῶ
1058 528 1069 540 ·
1125 514 1351 581 πότερον
1392 512 1628 576 κάλλιον,
1678 515 1806 581 ἁλη-
1835 520 1883 569 Α

3337 410 3475 476 1050

1979 520 2069 570 2t.
2101 517 2295 573 Adhuc
2324 520 2624 587 interrogo,
2685 527 2864 573 utrum
2909 518 3217 586 pulchrius.
3270 522 3473 576 verita-

1908 623 2090 661 tt-mne
2141 624 2210 663 an
2247 612 2591 664 mendacium
2622 608 2844 664 dicere?
2881 609 2987 665 Sed
3024 612 3112 665 bic
3177 627 3288 665 non
3331 614 3469 668 sinit

1910 702 2072 781 Deus,
2115 702 2317 755 veritas
2364 702 2504 771 ipsa.
2553 715 2799 771 quaerere
2855 718 2952 757 vos
2998 718 3345 773 responsum.
3375 706 3470 759 sed

1907 797 1972 847 dc
2004 797 2146 849 ctelo
2178 795 2381 848 clamat
2423 797 2569 849 clara
2626 811 2756 850 voce
2792 812 2805 846 :
2838 806 2891 851 et
2926 810 3022 850 vos
3050 797 3233 852 audite
3259 807 3313 851 et
3348 814 3454 851 ere-

1905 884 2016 937 dite
2074 887 2143 939 ob
2211 886 2403 939 oculos
2468 895 2682 940 vestros
2720 886 2953 954 positam
3010 888 3294 941 veritatem
3339 927 3354 947 .
3415 895 3464 941 et

1904 977 2073 1031 solius
2127 978 2395 1031 daemonis
2442 992 2566 1031 esse
2619 979 2933 1047 pariterque
2992 979 3113 1046 ejus
3166 979 3317 1047 pravi
3374 979 3463 1030 lllr

1907 1068 2252 1120 mendacium
2302 1068 2510 1121 dicere.
2568 1065 2625 1119 Si
2682 1083 2813 1132 ergo
2866 1068 3071 1123 bonum
3118 1050 3342 1133 veritas,
3373 1082 3464 1121 cut

1907 1158 2172 1213 mendacii
2210 1158 2303 1211 lilii
2332 1160 2513 1221 (linus,
2548 1175 2657 1213 non
2691 1160 2818 1212 dico
2867 1168 3076 1214 tantum
3107 1160 3315 1222 verbis,
3373 1160 3470 1213 sed

1903 1251 2069 1303 etiam
2151 1251 2452 1317 praesertim
2527 1250 2839 1317 operibus?
2926 1249 3140 1303 Etenim
3220 1266 3289 1303 ne
3346 1248 3471 1318 quis

1905 1351 2058 1411 putet
2086 1345 2137 1396 in
2174 1342 2311 1396 solis
2366 1344 2722 1397 sermonibus
2792 1341 3178 1397 circumscribi
3245 1342 3472 1396 menda-

1903 1435 2075 1498 cium,
2112 1436 2206 1488 sed
2265 1443 2606 1500 compertum
2635 1432 2854 1497 habeat,
2914 1448 3022 1486 non
3065 1432 3247 1486 minus
3297 1438 3352 1485 et
3411 1431 3468 1483 in

1901 1523 2156 1589 uperibus
2207 1522 2490 1575 hominum
2549 1536 2909 1589 conspersum
2968 1521 3197 1573 inveniri
3253 1522 3474 1573 menda-

1902 1610 2072 1662 cium.
2104 1610 2171 1663 Et
2206 1607 2673 1677 quemadmodum
2734 1607 2912 1675 lepide
2946 1606 3165 1675 qttidam
3225 1615 3292 1661 et.
3324 1608 3473 1660 recte

1902 1700 2591 1768 consideravit,'inquinate
2630 1698 2937 1765 loquentem
2974 1696 3248 1750 hominem
3275 1712 3381 1757 non
3412 1697 3469 1750 iu

1904 1792 2037 1845 solis
2063 1792 2245 1845 verbis
2284 1805 2381 1844 seu
2418 1789 2640 1857 scriptis
2693 1788 2953 1842 mendosa
2993 1788 3271 1851 emittere,
3299 1787 3393 1841 sed
3418 1797 3472 1842 et

217 1877 364 1930 ἀλλὰ
417 1881 512 1932 καὶ
551 1883 981 1949 ὲγκατανεύσεσι
1036 1887 1131 1939 καὶ
1169 1887 1490 1940 άνανεὺσεςι
1541 1890 1634 1943 καί
1688 1907 1797 1942 τιτι
1834 1857 1873 1913 Β

1834 1857 1873 1913 Β
1908 1882 2139 1936 nutibus
2181 1879 2610 1951 approbantibus
2634 1870 2707 1934 et'
2736 1880 3061 1945 negantibus
3088 1890 3143 1932 et
3174 1878 3465 1939 similibus.

216 1967 519 2028 τοιούτοιςο
551 1967 693 2023 οὕτω
720 1973 811 2024 καὶ
844 1976 944 2042 τὴν
989 1976 1267 2043 ἁμαρτίαν
1297 1977 1395 2029 τοῦ
1423 1978 1653 2046 ψεύδους
1685 1979 1796 2031 ἔστι

218 2059 367 2106 νοεῖν
396 2058 770 2130 μεριζομένην
821 2064 901 2126 εἷς
943 2083 999 2118 τε
1026 2065 1408 2134 ψευδολογίαν,
1468 2071 1562 2122 καὶ
1616 2071 1694 2133 είς
1722 2071 1797 2132 ὡς

216 2146 397 2209 οὕτως
453 2153 625 2203 εἰπεῖν
681 2154 1109 2223 ψευδοπραξίαν.
1180 2158 1269 2221 Ὠς
1326 2158 1434 2229 γὰρ
1460 2161 1796 2229 ¹ψεύδεταιὸ

215 2239 359 2291 ἄλλα
391 2240 490 2307 μὲν
516 2251 806 2313 προφέρων
837 2248 1099 2315 χείλεσιν,
1141 2250 1277 2303 ἄλλα
1306 2251 1361 2302 δὲ
1387 2251 1796 2321 βυσσοδομεύων

218 2332 368 2385 κατὰ
395 2333 597 2404 ψυχὴν,
636 2340 730 2390 καὶ
780 2339 1115 2408 ἀσύμφωνον
1151 2341 1341 2393 λαλιὰν
1386 2344 1645 2410 προάγων
1685 2349 1797 2407 τοῖς

218 2424 711 2495 ἑνδομυχουμινοις
741 2432 1033 2500 νοήμασιν,
1056 2425 1118 2485 οὗ
1147 2433 1209 2502 δη
1252 2434 1594 2501 φαυλοτάτου
1626 2439 1795 2504 σπέρ-

221 2531 397 2581 ματος
421 2521 856 2590 πρωτογίωργος
882 2525 909 2575 ό
931 2525 1043 2587 τοῖς
1073 2526 1368 2594 γενάρχαις
1397 2527 1553 2595 ἡμῶν
1578 2529 1797 2581 επιϐου-

219 2606 306 2658 λει
327 2610 589 2676 σάμενος·
631 2613 776 2665 οὕτω
835 2615 929 2666 καὶ
960 2618 989 2667 δ
1036 2616 1299 2684 πράττων
1344 2617 1443 2685 μὲν
1496 2619 1674 2685 ἀγαθά
1735 2624 1793 2673 ἐν

223 2706 603 2770 προσχήματι,
631 2706 975 2775 τεχνώμενος
999 2707 1057 2760 δὲ
1085 2708 1174 2761 διὰ
1204 2709 1303 2777 τῆς
1353 2708 1618 2780 δοκούσης
1672 2713 1795 2781 ἀρι-

222 2792 560 2859 στοπραξίας
588 2796 653 2847 τά
678 2799 735 2848 ἐν
767 2797 982 2867 ὑστέρῳ
1005 2798 1279 2869 χείριστα.

292 2880 401 2949 κβ’.
432 2884 541 2936 Καὶ
579 2887 934 2957 προκατῆρξε
964 2891 1064 2958 μὲν
1098 2890 1271 2943 κακοῦ
1295 2892 1543 2945 τοιούτου
1567 2892 1596 2944 ὁ
1637 2893 1792 2964 φιλή-

220 2989 325 3035 σας
360 2973 631 3045 μαθητὴς,
654 2974 772 3030 εἶτα
798 2980 1033 3050 προδοὺς
1056 2982 1149 3033 τὸν
1182 2982 1495 3051 ὑπέρσοφον
1519 2985 1790 3039 Διδάσκα-

222 3065 342 3117 λον.
371 3067 711 3136 Μιμούμεθα
752 3071 809 3123 δὲ
839 3073 1345 3139 φαυλοδιδάσκαλον
1373 3077 1579 3127 ἐκεῖνον
1611 3081 1703 3128 καὶ
1741 3078 1789 3129 oi

223 3152 368 3221 πρὸς
392 3154 554 3207 αὐτὸν
578 3157 994 3227 ὲξομοιούμενοι
1013 3164 1133 3223 ταῖς
1159 3163 1450 3232 μιμήσεσι.
1475 3164 1651 3219 Φιλεῑν
1684 3168 1789 3235 γάρ
1816 3200 1859 3261 C

228 3258 363 3295 ππε
389 3246 485 3298 καὶ
517 3246 672 3299 auro).
696 3248 990 3319 δοκοῦμεν,
1042 3252 1482 3321 προσκυνοῦντες
1539 3254 1638 3324 μὲν
1668 3274 1793 3308 συν-

225 3333 501 3401 αντῶντα,
558 3339 654 3390 καὶ
711 3338 898 3411 ἱλαρὸν
931 3344 1423 3411 προσμειδιῶντες,
1474 3347 1567 3399 καὶ
1606 3364 1791 3417 χειρα-

220 3426 557 3493 γωγοῦντες.
600 3432 654 3483 ετ
691 3449 808 3484 που·
848 3434 1055 3502 δεήσει,
1117 3440 1211 3489 καὶ
1260 3437 1646 3507 ποδηγοῦντες,
1698 3444 1791 3494 καὶ

222 3517 685 3586 ἐπιχορηγοῦντες
716 3520 786 3573 τὰ
818 3522 1137 3576 ἐλλείποντα
1158 3539 1175 3555 ⁸
1216 3526 1411 3595 μικρὸν
1455 3527 1513 3579 δὲ
1545 3529 1668 3581 ὅσον
1700 3532 1791 3581 καὶ

220 3606 433 3659 τούτων
484 3610 702 3663 πάντων
749 3614 1233 3684 ἐκλανθανόμενοι,
1290 3617 1360 3670 τά
1414 3616 1553 3687 ἔργα
1610 3622 1791 3673 ἐκεῖνα

220 3698 557 3769 ψευδόμεθα,
608 3706 1159 3776 πανουργευσάμενοι
1206 3707 1333 3771 τοὺς
1369 3709 1788 3776 πιστεύσαντας,

221 3788 359 3843 ὡσεὶ
388 3791 483 3844 καὶ
505 3791 748 3862 ὄρνιθας,
780 3794 939 3857 οὒςοῑ
976 3797 1213 3863 θηραταὶ
1255 3800 1559 3866 άλίσκουσι,
1594 3802 1791 3873 θέλγη-

221 3895 333 3950 τρα
370 3882 477 3951 πρὸ
509 3882 621 3935 τῶν
680 3886 928 3951 παγίδων
984 3886 1285 3957 τιθέμενοι.
1348 3890 1458 3942 Καὶ
1487 3890 1670 3946 τοίνυν
1724 3894 1788 3962 τῇ

224 3971 482 4027 ἐντεῦθεν
551 3979 869 4046 κακουργίᾳ
923 3980 1049 4040 τοὺς
1120 3979 1220 4048 μὲν
1284 3983 1793 4052 προσκυνουμένους

223 4063 470 4125 ἐκείνους
520 4063 754 4133 ἄραντες
785 4068 893 4119 τῶν
923 4068 1151 4133 σκελῶν,
1185 4070 1668 4140 καταρῤιπτοῦμεν
1714 4077 1792 4136 εἰς

220 4151 450 4222 ὀλεθρον
474 4169 490 4184 θ
526 4155 654 4217 τοὺς
685 4156 740 4209 δὲ
773 4158 1187 4229 τεθαρρηκότας
1224 4161 1303 4229 τῷ
1338 4162 1660 4231 μειδιάματι
1718 4165 1793 4226 ὡς

223 4240 341 4297 οἷον
393 4247 843 4313 καταγελαστοὺς
891 4251 1269 4319 διατιθέμεθα.
1305 4254 1414 4316 Οὓς
1444 4254 1501 4307 δὲ
1535 4255 1642 4307 τῶν
1675 4273 1792 4324 χει-

231 4337 346 4406 ρῶν
385 4337 614 4407 ἤγομεν,
650 4340 1027 4407 ὑπερείδοντες
1053 4343 1553 4413 ἁποστρεὸλοῦμεν,
1587 4346 1619 4415 ἢ
1671 4362 1794 4398 συν·

223 4428 438 4491 δέοντες
472 4431 719 4502 αὐτάς,ἧ
755 4433 933 4494 ἄλλως
964 4433 1389 4504 ἔξαρθροῦντες,
1419 4437 1529 4501 Τὴν
1550 4436 1607 4487 δὲ
1633 4438 1796 4505 ποδη-

1904 1973 1985 2026 sic
2017 1979 2071 2026 et
2102 1971 2372 2023 mendacii
2419 1970 2609 2022 vitium
2658 1968 2942 2021 sciendum
3003 1969 3146 2035 quod
3199 1968 3377 2023 locum
3413 1976 3469 2023 et

1907 2067 1958 2118 in
2011 2064 2147 2117 falsa
2212 2062 2425 2130 loquela
2448 2061 2665 2123 habeat,
2692 2068 2767 2126 et,
2801 2069 2857 2113 ιιι
2896 2062 2968 2113 ita
2992 2060 3190 2126 dicam,
3246 2062 3298 2115 in
3332 2059 3469 2115 l’alsa

1904 2157 2146 2210 actione.
2177 2153 2646 2220 Quemadmodum
2687 2153 2832 2205 enim
2885 2153 3151 2205 mentitur
3208 2153 3302 2222 qui
3362 2154 3467 2207 alia

1906 2250 2067 2303 labiis
2100 2248 2323 2317 Profert,
2386 2248 2492 2300 alia
2529 2262 2658 2301 vero
2708 2247 2852 2299 intra
2881 2249 3120 2302 animam
3170 2252 3466 2321 excogitat,

1904 2351 1958 2394 et
1992 2341 2274 2393 dissonam
2314 2338 2585 2406 loquelam
2618 2353 2647 2390 a
2691 2339 2854 2393 rebus
2881 2352 3018 2408 quas
3051 2341 3233 2396 anima
3277 2344 3464 2398 molita

1904 2442 1987 2485 est
2015 2435 2289 2496 emittens,
2327 2430 2486 2498 cujus
2520 2432 2919 2499 perversissimi
2959 2432 3221 2501 germinis
3256 2434 3466 2503 primus

1902 2524 2082 2578 cultor
2123 2522 2216 2577 ille
2253 2524 2344 2591 qui
2395 2522 2660 2577 adversus
2693 2524 2899 2591 primos
2932 2532 3189 2593 parentes
3243 2536 3464 2583 nostros

1905 2613 2247 2667 machinatus
2274 2622 2392 2672 est;
2419 2612 2500 2667 sic
2529 2621 2583 2666 et
2604 2613 2697 2680 qui
2731 2612 2786 2665 iu
2817 2614 2999 2681 specie
3024 2615 3162 2667 bona
3187 2628 3463 2683 operatur,

1906 2704 2127 2757 molitur
2181 2716 2308 2757 vero
2367 2702 2468 2757 sub
2515 2701 2706 2771 optimi
2752 2704 2937 2773 operis
2981 2706 3304 2774 apparentia
3342 2722 3467 2777 pes-

1902 2796 2040 2848 sima
2065 2794 2316 2862 quaelibet
2351 2794 2405 2847 in
2436 2802 2738 2861 posterum.

1970 2882 2062 2936 ‘29..
2122 2880 2188 2933 Et
2218 2882 2427 2949 primus
2482 2896 2610 2933 usus
2667 2890 2754 2934 est
2814 2880 2943 2935 mali
2990 2882 3152 2950 hujus
3178 2886 3467 2957 preceptis

1901 2971 2204 3041 discipulus
2235 2988 2248 3022 :
2279 2973 2517 3040 primum
2567 2972 2846 3028 osculatus
2890 2983 2998 3037 est,
3051 2975 3250 3033 deinde
3280 2989 3464 3035 autem

1900 3064 2252 3116 excellentem
2284 3063 2525 3130 prodidit
2574 3062 2917 3133 Magistrum.
2960 3065 3285 3125 Perversum
3332 3088 3464 3131 vero

1902 3158 2220 3224 magistrum
2250 3156 2397 3209 illum
2447 3156 2995 3220 imitemur,similes
3033 3159 3110 3213 illi
3154 3161 3465 3220 simulatio~

1895 3247 2057 3303 nibus
2121 3246 2271 3301 facti.
2327 3246 2461 3300 Nam
2505 3256 2561 3301 et
2616 3248 2913 3316 aliquando
2964 3265 3150 3307 antare
3195 3253 3465 3324 videmur,

1894 3347 1947 3391 et
1977 3347 2102 3391 ante
2130 3338 2347 3391 obvium
2368 3354 2753 3407 quemcunque
2781 3342 3177 3408 prosternimur
3247 3352 3302 3400 et
3371 3346 3463 3401 lti-

1894 3430 2006 3482 lare
2044 3428 2410 3491 subridentes,
2470 3436 2524 3482 et
2578 3445 2743 3484 manu
2786 3430 3082 3500 dirigentes
3111 3434 3157 3488 si
3202 3450 3337 3503 oplll
3365 3438 3462 3503 sit.

1893 3528 1945 3573 et
2006 3519 2265 3573 ducatum
2338 3520 2681 3587 praebentes,
2736 3521 3002 3575 auxilium
3086 3525 3464 3594 superadden-

1895 3619 1976 3665 tes
2009 3613 2073 3664 de
2107 3609 2399 3679 superﬂuis
2442 3622 2533 3675 ;et
2563 3611 2879 3679 brevi‘post
2927 3615 3176 3668 omnium
3227 3617 3458 3673 istorum

1894 3700 2045 3755 obliti
2102 3702 2360 3771 operibus
2421 3701 2543 3756 istis
2619 3704 2916 3758 mentimur
2970 3721 3066 3761 eos
3119 3707 3212 3776 qui
3256 3709 3309 3762 in
3364 3725 3462 3765 no-

1894 3795 1977 3848 bis
1999 3794 2281 3849 coutlduut
2339 3793 2611 3858 fallentes,
2675 3794 2821 3849 sicut
2878 3808 3042 3859 aves,
3098 3810 3237 3865 quas
3298 3812 3463 3854 vena-

1897 3896 2042 3941 tores
2062 3892 2339 3953 aucupant
2378 3883 2690 3937 illecebram
2721 3894 2846 3937 ante
2880 3884 3012 3938 retia
3041 3896 3326 3954 ponentes.
3354 3886 3461 3942 Ita-

1896 3991 2001 4047 que
2071 3977 2414 4044 improbitate
2464 3977 2567 4030 ista
2626 3990 2767 4044 quos
2810 3976 3028 4045 quidem
3080 3979 3320 4033 venerati
3367 3993 3461 4035 su-

1895 4081 2017 4119 mus
2078 4065 2387 4134 attollentes
2433 4064 2700 4132 pedibus,
2770 4066 3075 4134 praecipites
3126 4066 3182 4120 in
3245 4067 3458 4124 ruinam

1895 4158 2118 4222 damus;
2148 4172 2244 4211 eos
2282 4172 2409 4212 vero
2459 4157 2552 4225 qui
2615 4156 2989 4213 arridentibus
3047 4160 3211 4214 nobis
3264 4161 3461 4218 conﬁsi

1895 4259 2040 4312 sunt,
2080 4256 2339 4318 tanquam
2393 4249 2727 4304 derideddos
2767 4249 3057 4305 habemus.
3099 4250 3247 4316 Quos
3290 4252 3463 4306 mani-

1898 4339 1998 4393 bus
2020 4340 2414 4409 dirigebamus,
2475 4349 2900 4393 contemnentes
2939 4347 3281 4407 torquemus,
3344 4342 3461 4396 sive

1899 4434 2139 4502 ipsorum
2171 4432 2431 4485 manibus
2462 4431 2641 4500 ligatis
2689 4431 2805 4485 sive
2856 4432 3013 4485 aliter
3058 4432 3280 4487 luxatis.
3311 4433 3459 4489 Con-

224 4518 356 4585 γίαν
396 4521 477 4582 είς
532 4521 745 4591 πλάνην
782 4524 987 4578 ἄτοπον
1016 4526 1447 4593 μεταποιοῦμεν,
1481 4528 1784 4596 παρεκνεύ-
1824 4528 1866 4582 D

1824 4528 1866 4582 Ι)
1895 4527 2113 4579 ductum
2137 4579 2143 4585 ,
2166 4539 2328 4593 quem
2376 4524 2752 4591 pra-bebamls
2777 4522 2831 4574 in
2861 4522 3220 4577 defectionem
3243 4538 3273 4578 a
3301 4534 3451 4578 recto

223 4628 381 4673 οντες
412 4614 510 4680 τῆς
562 4614 731 4682 ὀρθῆς
788 4631 805 4647 ο
832 4616 892 4667 τὸ
924 4616 979 4668 δὲ
1020 4621 1278 4685 χορηγεῖν
1314 4619 1380 4670 τά
1413 4620 1683 4684 ἐνδέοντα,
1712 4622 1792 4682 εἰς

227 4702 525 4770 ἀφαίρεσιν
541 4705 651 4757 τῶν
675 4706 1055 4775 ὑπαρχόντων,
1085 4707 1274 4777 ὥσπερ
1295 4705 1406 4762 οἷόν
1427 4728 1483 4762 τε
1506 4707 1594 4780 ἦν,
1621 4711 1795 4763 ἀλλοι-

227 4792 441 4857 οῦντες,
472 4798 544 4863 μή
571 4813 673 4849 που
703 4796 759 4849 δὲ
789 4800 883 4850 καὶ
915 4802 993 4859 εἰς
1027 4800 1173 4868 ζωῆς
1204 4802 1373 4868 αὐτῆς
1399 4802 1789 4872 ἀποστέρησιν.

227 4883 416 4943 Οὕτως
455 4888 614 4956 ἡμεῖς
667 4891 747 4950 είς
798 4890 860 4941 τὸ
915 4892 1023 4942 πᾶν
1073 4889 1405 4959 ψευδόμεθα,
1439 4892 1563 4943 οὔτε
1614 4893 1792 4959 λόγοις

227 4974 669 5041 εὐθυὸολοῦντες,
710 4980 806 5031 καὶ
857 4982 968 5041 τοῖς
999 4980 1181 5049 ἔργοις
1222 4982 1278 5032 δὲ
1334 4983 1792 5051 σκαμὸευόμενοι,

227 5070 306 5127 ὡς
334 5066 399 5118 ἂν
432 5066 543 5136 ἔχοι
566 5070 1020 5135 καταφάσκεσθαι
1052 5072 1209 5141 ἡμῶν
1239 5074 1301 5124 τὸ
1330 5074 1616 5125 Δαυῖτικὸν
1661 5076 1793 5143 άλη-

229 5158 491 5221 θὲστατα,
519 5158 593 5221 ὠς
630 5178 648 5212 ι
681 5162 886 5225 Πάντες
923 5162 1199 5233 ἄνθρωποί
1242 5165 1409 5233 ἐσμεν
1450 5164 1699 5233 ψεῦσται.
1736 5186 1753 5215 ι

303 5409 409 5480 κγ’.
446 5415 557 5467 Καὶ
581 5412 699 5470 οἶδα
717 5418 816 5485 μὲν
844 5419 1091 5487 πολλοὺς,
1131 5424 1340 5492 μήποτε
1369 5426 1423 5477 δὲ
1452 5428 1545 5477 καὶ
1570 5428 1665 5493 ἐμὲ
1692 5445 1789 5477 αι-

229 5503 329 5556 ςὺν
379 5503 807 5575 ὑπολαλοῦντας,
868 5511 966 5575 ὼς,
1018 5515 1143 5565 ἐπεὶ
1195 5516 1517 5584 διορατικὼς
1556 5520 1581 5570 ὁ
1630 5521 1791 5569 Δαυιό

230 5596 667 5667 προεφήτευσεν,
703 5603 984 5672 ἀμήχανόν
1012 5607 1127 5659 ἐστι
1159 5607 1441 5662 διαπεσεῖν
1489 5610 1549 5662 τὸ
1582 5612 1790 5663 ἐκείνου

301 5779 327 5811 ⁸
376 5777 524 5839 Psal.
542 5795 667 5852 ειν,
704 5784 787 5838 ll.

1896 4632 2059 4670 cursu
2079 4625 2429 4677 tnutamus,a
2461 4623 2612 4666 recta
2646 4613 2730 4665 via
2760 4612 3116 4667 deﬂectentes
3141 4631 3157 4680 ;
3186 4624 3242 4668 et
3263 4615 3463 4681 quibus

1898 4708 2159 4761 auxilium
2199 4705 2589 4759 addideramus
2641 4704 2694 4756 in
2747 4718 2859 4771 quo
2880 4703 3115 4770 egebant
3165 4702 3460 4767 immutati,

1900 4799 2075 4853 hosin
2097 4798 2363 4851 bonorum
2416 4794 3036 4857 amissionem,summo
3074 4808 3200 4847 cum
3257 4794 3463 4863 impetu

1902 4886 2337 4960 praecipitamus.
2372 4886 2608 4939 lorsitan
2637 4894 2691 4938 et
2716 4887 2771 4938 in
2807 4885 2933 4939 vita:
2985 4886 3159 4953 ipsius
3215 4884 3469 4941 amissio-

1904 4996 2049 5034 nem.
2079 4979 2169 5033 Sic
2220 4993 2316 5045 per
2347 4976 2529 5031 omnia
2566 4977 2864 5029 mentimur
2902 4989 3010 5029 non
3039 4976 3220 5031 verbis
3241 4976 3308 5029 ad
3351 4992 3462 5031 rem

1903 5071 2073 5137 ipsam
2135 5067 2422 5121 tundentes
2473 5075 2526 5119 et
2585 5065 2847 5134 operibus
2897 5064 3143 5119 ﬂesuose
3213 5072 3461 5134 agentes.

1902 5161 2039 5214 illnc
2069 5159 2351 5213 verissime
2381 5159 2446 5210 de
2498 5156 2657 5209 nobis
2717 5155 3060 5223 praedicanda
3116 5153 3285 5208 David
3339 5169 3466 5209 sen-

1903 5254 2067 5305 tentia
2091 5252 2141 5313 °..
2185 5250 2330 5319 quod
2392 5246 2638 5302 «Omnes
2694 5248 2943 5301 homines
2998 5260 3189 5301 Sumus
3238 5246 3463 5301 menda-

1905 5360 1992 5393 lfﬂ‘i
2075 5358 2090 5389 ι

1970 5431 2059 5482 εδ.
2081 5428 2143 5482 Et
2192 5427 2315 5481 novi
2368 5427 2586 5493 quidem
2638 5426 2840 5479 multos
2868 5432 2923 5478 et
2969 5422 3198 5480 forsitan
3239 5429 3465 5477 memet-

1905 5538 2104 5589 ipsum,
2125 5519 2215 5589 qui
2246 5518 2376 5573 dicti
2407 5517 2651 5572 Davidici
2671 5518 2903 5595 rigorem
2934 5518 3254 5586 impugnant
3272 5530 3470 5569 secun-

1902 5616 2027 5667 dum
2058 5612 2200 5682 quod
2240 5625 2341 5665 nos
2367 5624 2557 5666 omnes
2612 5608 2899 5664 mendaces
2928 5624 3195 5664 essemus.
3224 5606 3469 5677 Ineptias
