4212 6440
204 417 341 480 Ῑθξρέ)

1190 415 1557 478 EPISI‘OLA
1602 421 1699 479 AD
1735 419 2514 485 THESSALONICENSES.

3295 423 3430 491 10M

202 526 673 602 πραγματειώδης
698 526 951 591 θάνατος,
974 528 1004 581 6
1051 527 1331 591 ἀσπαστὸς
1366 529 1628 593 κίνδυνος.
1671 532 1770 599 μά·
1803 540 1845 591 Λ

1803 540 1845 591 Δ
1881 534 2111 600 gutatio,
2137 534 2440 589 voluntaria
2470 533 3053 605 pernicies,elaborata
3075 555 3244 607 mors,
3281 562 3446 603 oscu-

200 622 359 673 λιστα
418 620 519 689 μὲν
572 619 665 673 οὖν
694 622 728 690 ἡ
759 620 1097 690 ἀπροόρατος
1136 622 1403 685 ἀπώλεια,
1439 625 1500 674 τὸ
1552 623 1773 691 λεληθὸς

199 714 354 779 χάος,
390 714 422 783 ἡ
456 713 813 781 κεκρυμμένη
839 713 1025 780 παγὶς,
1059 713 1122 765 τὸ
1154 715 1260 765 πᾶν
1293 714 1349 764 δὲ
1387 716 1774 784 συνῃρημένως

202 805 401 870 φάναι,
437 805 498 856 τὸ
529 803 790 856 δύστοκον
820 805 1089 873 γέννημα,
1119 806 1241 858 ἐπεὶ
1282 806 1376 857 καὶ
1405 806 1655 873 δαίμοιος
1686 807 1776 858 τό·

200 911 299 955 κος
326 896 483 956 αὐτὸ,
523 896 617 948 τοῦ
643 896 739 950 καὶ
783 896 1108 966 σπείραντος
1138 898 1233 948 καὶ
1258 896 1659 965 συλλαϐομένου
1685 900 1777 951 καὶ

203 987 642 1056 ἁποκυήσαντος
672 989 751 1049 είς
787 988 968 1040 κοινὸν
994 988 1184 1042 κακόν.

1877 626 1985 678 luttt
2011 626 2147 679 dans
2185 628 2505 694 periculum.
2540 629 2839 696 praesertim
2870 640 3050 687 autem
3088 633 3451 704 improvidum

1876 719 2130 782 exitium,
2193 720 2368 773 latens
2406 720 2599 787 chaos,
2638 721 2868 791 laqueus
2924 724 3253 789 absconsus,
3316 738 3371 784 et
3404 732 3449 785 si

1878 824 1985 860 uno
2017 809 2182 861 verbo
2252 808 2436 862 omnia
2493 812 2948 881 complectamur,
2988 824 3180 883 partus
3229 818 3445 884 infelix,

1875 899 2075 967 qoippe
2127 915 2153 950 a
2200 901 2447 955 daemone
2498 902 2736 970 genitus,
2785 919 2815 957 a
2869 920 2981 974 quo
3034 908 3339 965 seminatus
3390 925 3449 967 et

1878 998 2180 1058 conceptus
2239 1000 2292 1045 et
2325 990 2485 1061 quasi
2522 999 2687 1062 partu
2717 994 2900 1050 editus
2928 1003 3015 1052 est
3051 998 3119 1052 ad
3153 1013 3449 1056 commune

1808 1084 1817 1095 '
1879 1080 2103 1132 malum.

280 1171 397 1230 ις’.
438 1165 601 1217 Ἀλλά
620 1184 793 1219 ταυτα
844 1169 945 1235 μὲν
977 1166 1202 1219 τοιαῦτα
1242 1166 1536 1237 ψεύσματα
1580 1170 1637 1218 ἐν
1665 1168 1776 1229 τοῖς
1808 1207 1832 1223 ,.

201 1260 309 1313 οὐκ
339 1257 566 1325 ἀγαθοῖς
621 1255 955 1325 ἀνθρώποις,
988 1251 1069 1317 οἷς
1098 1259 1125 1309 6
1149 1257 1279 1318 Θεὸς
1314 1258 1411 1323 μὲν
1466 1255 1554 1307 ἐπ’
1585 1256 1776 1325 ἀγαθῴ

200 1351 395 1403 δίδωσι
456 1345 964 1415 περιουσιάζεσθαι,
1024 1347 1057 1414 ἡ
1110 1347 1166 1397 δὲ
1226 1345 1403 1413 φαύλη
1456 1346 1775 1414 προαίρεσις

204 1439 469 1509 ἐμποδὼν
501 1441 677 1489 κεῖται
707 1440 774 1506 τῇ
805 1439 945 1489 κατὰ
996 1437 1113 1505 βίον
1168 1436 1498 1505 εὐθυπορία,
1544 1440 1608 1506 τῇ
1640 1437 1777 1505 πρὶς

200 1532 269 1583 τὸ
298 1531 511 1599 θέλημα
537 1528 629 1580 τοῦ
655 1527 811 1579 Θεοῦ.
845 1528 984 1595 Φέρε
1013 1528 1069 1579 δὲ
1098 1530 1190 1578 καὶ
1221 1528 1350 1581 ἄλλο
1398 1528 1568 1579 κακὸν
1587 1529 1775 1595 ὅμοιον

202 1622 448 1692 ἐργῶδες
484 1623 602 1680 ταῖς
654 1620 988 1686 δαιμονῶσιν
1015 1618 1298 1685 ἐκλαλήσω
1347 1619 1497 1687 ὑμῖν,
1526 1619 1663 1687 ὅπερ
1701 1619 1777 1678 ὡς

202 1714 276 1765 τὰ
312 1713 488 1764 πολλὰ
522 1712 623 1779 μὲν
651 1710 829 1777 λόγοις
862 1712 956 1761 καὶ
982 1711 1114 1761 αὐτὸ
1142 1710 1516 1778 ὲνθεωρεῖται,
1554 1709 1780 1762 ἀκολού-

204 1801 317 1862 θως
342 1802 399 1853 δέ
456 1816 584 1853 ποτε
621 1800 715 1851 καὶ
764 1798 831 1850 δι’
862 1798 1045 1866 ἔργων
1091 1800 1434 1867 ἑκφαίνεται.
1486 1800 1777 1869 Ἀρχιερέα

1946 1172 2036 1227 26.
2080 1172 2184 1227 Sed
2216 1175 2340 1228 talia
2373 1175 2660 1229 mendacia
2695 1174 2748 1228 in
2802 1174 3116 1234 hominibus
3177 1180 3289 1234 sint
3340 1197 3449 1237 non

1879 1262 2055 1323 bonis,
2082 1265 2280 1333 quibus
2312 1265 2456 1319 Deus
2481 1265 2617 1320 bene
2656 1266 2892 1321 faciendi
2927 1267 3243 1325 facultatem
3275 1272 3449 1339 dedit,

1877 1364 2132 1419 perversa
2166 1368 2297 1408 vero
2324 1355 2579 1408 voluntas
2609 1354 2934 1410 oﬂ‘endicula
2954 1357 3109 1425 ponit
3141 1374 3207 1413 ne
3245 1360 3448 1415 bonum

1881 1442 2149 1494 tramitem
2216 1443 2268 1495 in
2321 1443 2428 1497 vita
2512 1444 2816 1497 secundum
2898 1446 2990 1500 Dei
3052 1439 3447 1518 heueplacitum

1880 1542 2119 1587 servent.
2152 1534 2397 1601 Agedum
2426 1542 2480 1589 et
2506 1536 2653 1589 aliud
2688 1535 2889 1590 malum
2916 1538 3098 1594 simile
3130 1556 3159 1594 a
3185 1543 3451 1599 daemoni-

1881 1624 1979 1677 bus
2013 1633 2371 1692 praaparatum
2427 1626 2584 1682 vobis
2612 1643 2905 1696 exponam,
2924 1631 3070 1699 quod
3094 1632 3313 1701 quidem
3338 1652 3453 1690 ma—

1881 1716 2023 1769 xime
2051 1717 2235 1772 verbis
2262 1716 2506 1787 eﬂ'ulget,
2544 1730 2947 1788 consequenter
2995 1737 3126 1777 vero
3159 1738 3257 1795 per
3286 1741 3449 1797 opera

1881 1808 2235 1877 conspicitur.
2254 1806 2574 1863 Pontillcem
2601 1823 2696 1863 vos
2724 1808 3220 1879 impraesentiarum
3249 1817 3453 1874 habere

204 1891 358 1957 ἔχειν
386 1889 569 1956 λέγετε
624 1889 715 1939 τὸν
776 1887 924 1955 ἄρτι,
955 1890 1053 1955 ἐμὲ
1082 1889 1283 1958 δηλαδή
1311 1903 1325 1917 ⁶
1360 1891 1452 1940 καὶ
1486 1889 1664 1948 καλῶς
1692 1888 1777 1940 λέ·
1807 1871 1852 1928 Β

1807 1871 1852 1928 Β
1886 1898 2094 1964 dicitis,
2151 1914 2345 1968 nempe
2391 1916 2499 1965 me,
2540 1909 2594 1954 et
2621 1901 2758 1955 bene
2800 1905 3013 1972 dicitis;
3048 1921 3168 1960 sum
3223 1910 3451 1969 etenim.

203 2000 359 2049 τετε.
396 1984 527 2050 Εἰμὶ
554 1983 662 2051 γὰρ
684 1982 785 2044 ἔτι,
816 1986 921 2033 xiv
960 1986 1032 2050 μὴ
1065 1983 1357 2051 ὲπιπρέπω
1383 1982 1457 2050 τῷ
1481 1983 1778 2049 ἀξιώματι.

206 2075 327 2126 Καὶ
360 2074 507 2135 ὅπως
541 2074 636 2141 μὲν
669 2073 937 2126 διέκεισθε
968 2074 1101 2141 περὶ
1122 2072 1247 2135 τοὺς
1282 2072 1620 2137 φθάσαντας,
1647 2073 1784 2142 ἔμα-

206 2166 303 2217 οον
346 2166 445 2231 μὲν
487 2167 706 2229 ἐκεῖνοι,
764 2166 1047 2233 μέμνησθε
1072 2166 1128 2216 δὲ
1160 2166 1319 2233 ὑμεῖς
1349 2181 1364 2197 ο
1430 2165 1523 2217 τὸν
1570 2165 1628 2218 δὲ
1688 2165 1785 2218 νῦν

206 2253 395 2319 ζῶντα
437 2256 513 2325 μὴ
572 2257 775 2325 ἀφήσοι
801 2259 828 2309 6
862 2258 993 2319 Θεὸς
1045 2256 1292 2308 τοιοῦτον
1319 2255 1483 2319 εἶναι,
1538 2257 1718 2307 ὁποῖον
1746 2255 1783 2328 ἢ

205 2346 429 2399 νοοῦσιν
462 2347 493 2415 ἢ
531 2348 897 2414 παρανοοῦσιν
925 2348 974 2399 οἱ
1007 2348 1071 2399 ὲκ
1102 2347 1299 2415 καινῆς
1350 2347 1624 2417 διαιτηταὶ
1674 2346 1783 2400 τῶν

208 2438 385 2506 ὲμῶν,
410 2440 438 2490 6
462 2441 696 2506 πτωχὸς,
729 2440 891 2506 φημὶ,
910 2438 1082 2504 Λέων,
1103 2438 1178 2501 ὡς
1200 2440 1362 2502 αὐτὸς
1391 2440 1779 2509 ἐπιγράφεται,

208 2526 271 2580 ὃν
300 2528 349 2578 εἰ
388 2527 464 2597 μὴ
496 2530 524 2579 6
579 2528 1038 2597 ἐκκλησιαστικὸς
1068 2528 1258 2590 ἀλετὸς
1286 2530 1588 2597 ἀπέτρεφε,
1638 2529 1781 2598 λιμῷ

206 2620 281 2671 ἂν
314 2618 563 2671 ἀπώλετο
586 2634 600 2647 ο
632 2619 1053 2687 μυρμηκολέων,
1094 2621 1167 2687 μὴ
1200 2620 1338 2687 ἔχων
1366 2622 1575 2690 τροφήν
1600 2636 1616 2652 ’
1644 2620 1783 2690 πρὸς

210 2711 269 2763 ἃ
299 2711 397 2762 καὶ
425 2714 453 2761 6
506 2710 649 2761 κατὰ
686 2710 995 2776 σύμπνοιαν
1047 2710 1157 2760 εἴτε
1191 2709 1381 2760 θεόθεν
1408 2710 1560 2770 δοτὸς
1607 2709 1778 2775 αὐτῷ,

211 2802 331 2854 εἴτε
363 2803 456 2853 καὶ
478 2800 703 2855 ἄλλοθεν
732 2815 743 2828 ’
778 2800 827 2851 οἰ
853 2800 993 2850 κατά
1024 2799 1118 2851 τοῦ
1150 2798 1551 2868 Θεσσαλονίκης
1597 2800 1784 2869 ἀρχιε⁴

207 2893 509 2963 ρατεύουσι
564 2890 1061 2959 λογοπραγοῦντες,
1124 2892 1215 2942 τὸν
1259 2891 1641 2958 ἀνεκλόγιστον
1685 2892 1780 2945 καὶ

216 2984 335 3054 βίον
379 2981 544 3035 αὐτοῦ
578 2984 672 3034 καί
702 2982 861 3048 λόγον
906 2982 1002 3034 καὶ
1054 2980 1231 3051 νεῦμα
1278 2983 1374 3035 καὶ
1427 2982 1632 3051 κίνημα
1685 2982 1781 3034 καὶ

213 3078 403 3129 πᾶσαν
455 3072 701 3127 διάθεσιν
741 3073 979 3140 φυσικὴν
1014 3072 1455 3139 λογιστεύοντες.
1517 3075 1623 3125 Καὶ
1682 3074 1781 3142 οὐχ

1886 1991 2013 2046 licet
2035 1993 2282 2063 dignitati
2342 1995 2537 2062 impar.
2574 1994 2638 2047 Et
2662 2008 2803 2062 quos
2832 1995 2884 2047 in
2914 2007 3294 2053 antecessores
3326 2015 3451 2070 ges-

1883 2083 2036 2139 sistis
2067 2084 2300 2150 animos,
2332 2094 2600 2138 noverunt
2625 2087 2843 2155 quidem
2873 2088 2951 2153 hi,
2973 2091 3302 2146 meministis
3327 2109 3454 2147 vero

1882 2189 1998 2229 vos.
2039 2175 2173 2229 Eum
2210 2186 2386 2230 autem
2416 2177 2511 2247 qui
2538 2192 2684 2231 nunc
2734 2176 2890 2241 vivit,
2954 2178 3089 2233 faxit
3147 2180 3289 2237 Deus
3342 2200 3451 2238 non

1887 2267 2055 2320 talem
2092 2282 2247 2331 esse,
2283 2268 2499 2333 qualem
2562 2275 2657 2321 aut
2705 2276 2933 2323 censent
2990 2279 3083 2323 aut
3131 2270 3454 2342 insipienter

1886 2358 2161 2409 somniant
2199 2358 2288 2411 isti
2341 2358 2408 2410 de
2436 2368 2580 2411 novo
2642 2358 2833 2412 arbitri
2895 2359 3027 2426 mei,
3056 2361 3267 2417 scilicet
3319 2375 3458 2432 pauu

1882 2461 1978 2514 per
2005 2444 2133 2509 Leo,
2170 2447 2311 2501 sicut
2342 2446 2457 2515 ipse
2491 2462 2550 2501 se
2578 2447 2853 2512 inscribit,
2875 2462 3036 2526 quem
3098 2446 3204 2503 nisi
3268 2449 3456 2506 Eccle-

1883 2538 1976 2591 siae
2002 2537 2252 2590 molitura
2281 2536 2535 2601 nutriret,
2565 2536 2706 2592 fame
2732 2537 3034 2593 interiisset
3056 2579 3070 2603 ,
3094 2538 3414 2597 formicaleo
3438 2583 3453 2607 ,

1884 2626 2089 2677 vietum
2118 2636 2226 2674 non
2255 2622 2483 2686 habens,
2519 2622 2743 2691 insuper
2811 2622 2904 2692 qni
2954 2624 3256 2677 secundum
3318 2644 3451 2695 con,

1882 2714 2232 2783 Spirationem
2277 2714 2393 2768 sive
2419 2729 2447 2766 a
2481 2712 2588 2766 Deo
2608 2714 2769 2767 datus
2800 2723 2883 2767 est
2914 2715 3039 2783 ipsi,
3066 2717 3181 2769 sive
3201 2717 3455 2783 aliunde;

1895 2802 1989 2872 qui
2021 2802 2087 2856 de
2111 2801 2532 2856 Thessalonices
2590 2803 2940 2871 pontificibus
2981 2805 3164 2860 verbis
3224 2808 3456 2875 negotia

1894 2904 2081 2963 agunt,
2108 2894 2174 2947 de
2201 2893 2401 2961 quibus
2433 2892 2581 2945 nulla
2605 2894 2743 2946 ratio
2766 2894 2908 2962 apud
2947 2895 3098 2963 ipsos
3124 2899 3456 2964 reposcenda

1882 2994 1987 3051 est,
2024 2988 2236 3041 scilicet
2290 2986 2481 3045 vitam.
2514 2999 2763 3051 sensum,
2813 2986 3192 3056 agitationem,
3235 2998 3454 3043 omnem

1883 3079 2159 3147 physicam
2186 3076 2636 3145 compositionem
2681 3086 3080 3144 computantes.
3134 3076 3244 3133 Nec
3271 3078 3344 3134 ita
3370 3095 3461 3134 ac-

212 3165 390 3225 οὕτως
422 3162 779 3233 ἀκριϐοῦνται
808 3163 876 3213 τὰ
935 3162 1058 3214 κατ’
1086 3162 1268 3225 οῐκους
1321 3164 1475 3216 αὐτοί
1502 3180 1561 3215 τε
1602 3165 1695 3215 καὶ
1721 3164 1781 3213 τὸ
1810 3203 1852 3259 c

1810 3203 1852 3259 ο
1884 3179 2071 3223 curate
2099 3170 2166 3223 de
2192 3171 2355 3223 domo
2386 3184 2485 3223 sua
2513 3184 2574 3223 se
2614 3178 2809 3259 gerunt
2870 3169 2972 3235 ipsi
3028 3163 3091 3224 et;
3131 3169 3199 3226 de
3249 3168 3459 3227 familia

215 3259 351 3326 περὶ
395 3257 592 3316 αὐτοὺς
644 3252 1009 3323 φρατορικδν,
1045 3252 1121 3316 ὼς
1176 3255 1275 3321 τὴν
1332 3252 1428 3305 τοῦ
1471 3252 1775 3306 Εὑσταθίου

216 3349 412 3401 τούτου
466 3346 743 3396 πολιτείαν
801 3344 1280 3412 πολυπραγμόνως
1353 3343 1778 3407 ἀνασκαλλονσις

218 3438 339 3499 πῶς
401 3437 499 3505 μὲν
529 3434 620 3505 ζῇ,
655 3432 1139 3502 φυλλοκρινοῦντες
1185 3426 1276 3483 οἷα
1302 3430 1361 3484 δὲ
1413 3431 1583 3497 λαλεί,
1636 3434 1781 3493 ὃπως

218 3529 278 3581 δὲ
309 3529 421 3587 τοῖς
453 3526 878 3593 ὲντυγχάνουσ.ν
912 3523 1110 3591 ὁμιλεῖ,
1150 3524 1310 3576 ὁποῖα
1375 3524 1431 3575 δὲ
1468 3523 1668 3590 κρίνει.
1698 3523 1785 3577 Ἐ-

221 3622 438 3674 θέλουσι
459 3621 538 3683 δὲ,
569 3616 745 3686 οἶμαι,
781 3617 960 3686 ειπερ,
998 3610 1111 3667 οἷόν
1165 3631 1243 3678 τε,
1274 3614 1367 3667 καὶ
1399 3614 1466 3666 τὰ
1502 3614 1623 3667 κατ’
1652 3615 1784 3683 ὄναρ

222 3710 373 3777 αὐτῷ
431 3706 929 3770 συνδιοτττάνεσθαι,
958 3705 1053 3756 καὶ
1078 3698 1165 3756 οἷα
1214 3701 1627 3771 φαντασιοῦται.
1677 3703 1787 3756 Καὶ

222 3802 315 3855 τὸν
341 3800 509 3869 θυμὸν
542 3798 599 3850 δὲ
626 3797 774 3865 αὐτῷ
800 3799 894 3849 καὶ
918 3797 1014 3865 τὴν
1046 3795 1346 3864 ἐπιθυμίαν
1368 3793 1787 3865 ἀκριϐολογοῦν-

223 3909 338 3955 ται,
369 3891 578 3959 είπρδς
627 3886 891 3955 κανόναῆ
933 3888 1029 3939 καὶ
1059 3886 1234 3950 ἄλλως
1280 3886 1522 3955 ἑκάτερα
1577 3884 1789 3938 διιυθε-

224 3991 422 4041 τείται.
452 3986 563 4039 Καὶ
594 3985 731 4045 ὅλως
756 3983 847 4035 τὸν
869 3983 1238 4052 (θαρρούντως
1266 3983 1431 4053 λέγω)
1457 3982 1599 4036 κατά
1628 3980 1793 4034 πνεῦ-

220 4097 309 4149 μα
343 4079 576 4146 πατέρα,
607 4078 859 4129 εὐκταῖον
911 4076 1033 4144 μὲν,
1062 4077 1221 4143 εἴπερ
1248 4077 1332 4138 είς
1357 4076 1474 4128 υἱὸν
1505 4075 1743 4128 τίθενται
1770 4090 1787 4106 ⁸

222 4168 476 4223 καύτοὶ-δὲ
524 4169 637 4221 ἀλλ’
669 4167 744 4229 ὡς
797 4168 877 4229 είς
905 4166 1110 4229 δοῦλον,
1143 4167 1241 4217 καὶ
1293 4164 1458 4218 αὐτὸν
1484 4165 1788 4233 ἐλάχιστον,

226 4264 539 4322 τάττουσιν,
570 4260 840 4319 αὑθιντῶς
868 4259 1017 4329 αὑτῴ
1046 4258 1505 4327 προσφερόμενοι,
1539 4257 1790 4321 ἐκλογισ-

232 4356 356 4425 μοῖς
410 4353 826 4415 ὑποϐάλλοντες,
882 4351 1243 4413 ἀπαιτοῦντες
1289 4352 1417 4403 τάδε
1480 4351 1574 4402 καὶ
1608 4352 1789 4402 ἐκεῖνα

227 4446 434 4509 ποιεῖν,
462 4443 543 4506 ὡς
570 4443 760 4503 αὐτοῖς
814 4440 1170 4510 παρίσταται,
1205 4438 1543 4506 ἀναγκάζειν
1582 4438 1792 4490 ἐθέλον-

1889 3270 2074 3322 sua,ut
2104 3260 2169 3314 tle
2195 3259 2468 3314 Eustathii
2497 3260 2649 3313 illius
2693 3258 3189 3316 administratione
3219 3260 3463 3318 eﬂodere

1889 3354 2341 3420 satagant,vitam
2375 3351 2548 3418 ipsius
2574 3352 2805 3421 maligne
2834 3350 3158 3422 indagantes
3179 3369 3462 3423 :quaenaut

1893 3443 2057 3496 verba
2085 3444 2350 3511 loquitur,
2373 3442 2652 3511 quomodo
2690 3458 2816 3497 cum
2845 3443 3027 3500 obviis
3083 3454 3462 3508 conversatur.

1891 3549 2140 3602 quaenam
2172 3534 2360 3589 sentit.
2390 3531 2609 3597 Volunt,
2634 3540 2691 3587 ut
2724 3542 2877 3601 puto,
2898 3535 2945 3587 si
2971 3534 3239 3604 possibile
3269 3543 3375 3600 est,
3410 3545 3465 3590 et

1894 3641 2013 3693 quae
2034 3627 2269 3679 somniat
2301 3632 2353 3678 et
2382 3640 2501 3692 qua:
2532 3625 2736 3695 cogitat
2776 3626 3107 3693 perscrutari
3143 3625 3208 3680 Et
3233 3640 3329 3681 cor
3358 3627 3461 3696 ipsi

1895 3728 1949 3771 et
1998 3718 2270 3772 desideria
2324 3726 2577 3770 accurate
2603 3717 2975 3785 perpendunt,
3019 3718 3065 3772 si
3107 3717 3262 3788 juna
3299 3733 3469 3773 cano-

1898 3825 1994 3864 nes
2043 3820 2138 3863 aut
2169 3809 2297 3863 hinc
2336 3808 2529 3862 indeve
2586 3809 2725 3868 bene
2757 3809 3106 3864 ordinentur.
3147 3809 3214 3863 Et
3249 3809 3466 3878 penitus

1902 3910 2111 3969 patrem
2176 3899 2540 3968 (conﬁdenter
2609 3898 2757 3966 dico)
2827 3901 3134 3955 secundum
3187 3901 3466 3967 spiritum,

1898 3992 2193 4061 optandum
2253 3988 2497 4057 quidem,
2543 3989 2670 4042 licet
2732 3988 2904 4042 lilium
2939 3989 3296 4056 constituant,
3360 3990 3465 4060 ipsi

1898 4084 2055 4151 quasi
2082 4082 2135 4134 in
2185 4096 2401 4136 servum
2450 4080 2704 4149 huncqne
2726 4095 2890 4149 quam
2920 4081 3206 4134 minintutu
3232 4090 3467 4149 mutant,

1895 4174 2066 4228 nimio
2100 4166 2327 4242 imperio
2385 4185 2507 4225 cum
2559 4185 2624 4224 eo
2666 4181 2909 4238 agentes,
2956 4172 3283 4229 ratiunculia
3334 4174 3469 4227 sub-

1897 4266 2167 4335 jicienles.
2219 4263 2498 4331 exigentes
2556 4269 2613 4313 ut
2662 4264 2776 4313 haec
2830 4271 2884 4313 et
2927 4261 3020 4314 illa
3084 4258 3248 4315 faciat
3308 4272 3471 4330 prout.

1901 4359 2036 4426 ipsis
2107 4357 2412 4423 complacet
2444 4394 2460 4418 ,
2508 4368 2705 4421 cogere
2774 4352 3015 4405 volentes
3047 4390 3063 4416 ,
3120 4353 3470 4407 contumeliis

1903 4448 2222 4508 allicientes,
2269 4456 2420 4498 torve
2482 4446 2786 4507 intuentes,
2850 4444 3189 4505 minitantes,
3239 4444 3296 4497 in
3342 4457 3468 4498 eum

228 4552 347 4599 τες,
374 4532 848 4603 περιυϐρίξοντες,
904 4533 1096 4600 ἄγριον
1128 4530 1515 4597 ἐμϐλέποντες,
1546 4526 1795 4581 ἁπειλού-
1826 4544 1870 4601 ι)

1826 4544 1870 4601 ι)
1899 4536 2212 4600 frementes,
2254 4534 2321 4588 ad
2362 4543 2597 4596 terram.
2628 4539 2683 4586 et
2736 4539 2797 4586 ut
2826 4534 3011 4595 aiunt.
3040 4533 3252 4602 capillis
3281 4533 3347 4587 ad
3378 4547 3471 4587 so-

235 4644 413 4697 μενοι,
461 4624 896 4699 ὲμϐριμῴμενυι,
943 4623 1094 4675 κάτω
1140 4620 1389 4687 ἐδάφους,
1441 4621 1553 4683 καὶ,
1585 4619 1613 4669 ὅ
1642 4635 1796 4684 φασι,

234 4716 427 4786 κουρὶξ
455 4718 511 4768 ἐν
554 4714 768 4783 δαπέδῳ
815 4713 1124 4781 περιέλκειν
1163 4709 1576 4779 ἐπιθυμοῦντες,
1627 4710 1802 4761 πάντα

236 4808 515 4868 ποιοῦντες
534 4805 603 4859 δι’
635 4799 709 4856 ὢν
743 4805 857 4865 υίὸς
893 4806 920 4856 ὁ
949 4802 1151 4872 πατὴρ,
1173 4802 1269 4853 καὶ
1296 4800 1580 4862 παιδίσκος
1602 4801 1629 4852 6
1658 4798 1804 4852 ἐλεύ-

232 4901 418 4967 θερος,
450 4902 542 4951 καὶ
572 4895 842 4966 βάρϐαρος
865 4894 893 4944 6
918 4893 1141 4962 Ἕλλην.
1162 4891 1341 4944 αὐτῶν
1368 4891 1804 4961 μεταπεποιηκύ-

233 5007 367 5055 των,
395 4988 646 5057 γένηται,
683 4988 779 5039 καὶ
816 4983 1036 5054 ἀμαθὴς
1068 4985 1161 5034 καί⁵
1192 4982 1459 5051 εὐμαθὴς,
1513 4982 1573 5035 τὸ
1602 4982 1657 5035 δὲ
1678 4983 1808 5035 πάν-

233 5100 346 5134 των
386 5084 589 5150 χεῖρον,
648 5080 827 5139 κοινὸς
888 5078 1173 5144 ἅνθρωπος
1221 5079 1249 5128 6
1281 5076 1455 5144 μέγας
1494 5074 1807 5144 ἀρχιερεὺς,

238 5175 336 5227 καὶ
359 5172 542 5233 λαῖκδς
564 5173 592 5223 6
618 5170 712 5222 τοῦ
734 5168 971 5221 ἐνταῦθα
1011 5167 1167 5231 λαοῦ,
1210 5167 1258 5218 εί
1312 5168 1403 5218 καὶ
1450 5165 1524 5233 μὴ
1552 5164 1807 5234 ὕπερθεν,

237 5267 354 5322 ἀλλ’
382 5266 502 5317 οὐδὲ
521 5266 771 5325 ὓστατος.

315 5357 419 5419 κζ’.
456 5354 615 5408 Οὕτω
644 5350 923 5405 κάνταῦθα
954 5350 1244 5418 ψεύδονται
1274 5350 1322 5400 οἱ
1358 5346 1654 5415 ἄνθρωποι,
1715 5349 1812 5413 ἁρ-

240 5449 433 5519 χιερέα
459 5448 732 5513 λέγοντες,
755 5445 814 5497 ὃν
840 5446 918 5504 εἰς
944 5443 1157 5496 ἀνοσίου
1177 5444 1371 5509 μοῖραν
1397 5438 1810 5499 ἀποτὰττονται,

243 5542 339 5595 καὶ
361 5541 419 5593 ὃν
483 5536 938 5606 εὐκτηριάζοντες
961 5535 1099 5587 οἴκοι
1116 5532 1435 5599 εὐλογοῦσιν
1463 5530 1536 5603 ὡς
1570 5528 1815 5597 ἁρχιεπί-

244 5647 473 5693 σκοπὴν,
499 5630 590 5679 ἐπὶ
614 5627 724 5679 τῶν
748 5626 1042 5693 λεωφόρων
1063 5622 1294 5691 ὑμνοῦσι
1321 5612 1596 5689 φροιμίοις
1620 5616 1815 5686 πολυρο

248 5718 428 5789 ρὁοις
466 5717 692 5785 κραγὸν,
722 5714 750 5766 ὃ
801 5714 868 5783 δὴ
915 5715 1152 5779 λέγεται,
1212 5709 1646 5777 ἁνακράζοντεςσ
1694 5707 1814 5758 ὅθεν

256 5808 442 5872 καλῶς
476 5808 571 5861 καὶ
588 5807 615 5861 6
640 5807 864 5877 κόσμος,
888 5808 956 5858 τὰ
985 5807 1127 5858 κατά
1155 5802 1256 5873 γῆν
1274 5800 1473 5871 δηλαδὴ
1496 5802 1589 5853 καὶ
1618 5798 1817 5853 θάλασ-

1906 4628 2017 4681 lum
2050 4627 2253 4680 ducere
2276 4624 2587 4694 cupientes,
2615 4624 2799 4676 omnia
2836 4634 3065 4692 agentes
3125 4624 3330 4692 quibus
3376 4623 3470 4676 lilii

1908 4719 2052 4772 vices
2073 4724 2248 4786 pater,
2274 4725 2330 4768 et
2353 4714 2495 4768 servi
2526 4713 2666 4766 liber
2692 4722 2765 4777 et,
2803 4712 3017 4766 barbari
3042 4712 3272 4767 Graecus
3308 4713 3472 4781 gerit,

1908 4807 2245 4862 mutantibus
2276 4805 2429 4873 ipsis.
2450 4804 2566 4858 sive
2602 4804 2773 4871 ignari
2802 4804 2916 4857 sive
2934 4804 3075 4857 docti
3098 4802 3227 4867 sint,
3252 4812 3306 4856 et
3329 4802 3475 4871 quod

1908 4898 2149 4953 omnium
2179 4896 2496 4964 pessimum,
2548 4893 2749 4961 quibus
2803 4893 2984 4945 tenuis
3045 4893 3289 4946 hominis
3355 4891 3477 4945 loco

1912 4989 2147 5043 habetur
2186 5000 2420 5053 magnus
2453 4982 2723 5051 pontifex,
2750 4989 2805 5035 et
2834 4982 2968 5059 laici
2994 4982 3134 5042 loco.
3169 4984 3252 5035 vir
3287 4981 3474 5051 populi

1912 5079 2003 5147 qui
2042 5078 2127 5130 hic
2164 5084 2370 5141 exstat,
2400 5075 2444 5129 si
2481 5088 2590 5127 non
2622 5073 2831 5127 eximio
2867 5060 3053 5137 modo,
3088 5080 3330 5127 attamen
3363 5087 3473 5126 non

1914 5169 2163 5223 ultimus.

1981 5341 2072 5392 27.
2112 5339 2205 5392 Sic
2228 5338 2393 5407 hujus
2416 5337 2519 5390 loci
2549 5335 2888 5390 mentiuntur
2930 5336 3180 5391 homines
3207 5336 3273 5390 de
3296 5350 3483 5391 sacer—

1916 5431 2043 5483 dote
2073 5445 2291 5484 sunimo
2322 5429 2604 5496 loquentes
2621 5442 2781 5497 quem
2822 5428 2873 5479 in
2902 5426 3049 5494 impii
3080 5437 3281 5481 sortem
3313 5443 3476 5497 repo-

1919 5529 2079 5584 nunt,
2110 5528 2165 5571 et
2194 5534 2353 5586 quem
2383 5521 2433 5569 in
2457 5517 2621 5570 domo
2652 5516 2921 5570 orationis
2980 5515 3309 5568 benedicunt
3359 5522 3485 5568 tanv

1916 5627 2081 5682 quam
2113 5608 2613 5677 archiepiscOpum,
2648 5606 2714 5659 de
2742 5620 2808 5658 eo
2850 5606 3223 5659 celeberrimis
3268 5606 3325 5658 in
3378 5606 3484 5659 viis

1920 5705 2141 5772 fragosa
2184 5700 2410 5755 exordia
2445 5707 2689 5761 cantant,
2724 5700 2982 5760 clamore,
3017 5708 3074 5751 ut
3132 5698 3306 5762 aiunt,
3337 5696 3485 5751 voci-

1920 5796 2182 5861 ferantes,
2225 5791 2368 5846 unde
2414 5791 2550 5846 bene
2581 5792 2639 5843 tit
2690 5797 2748 5842 ut
2788 5789 2969 5857 orbis,
2997 5788 3204 5846 scilicet
3259 5803 3381 5860 qua:
3428 5788 3489 5846 in
