4212 6440
773 362 914 430 1055

1476 371 1822 433 EUSTATII
1839 376 1891 434 ΙΙ
1932 377 2031 435 ΤΙῙ
2045 378 2214 436 ΕΞΒΛ
2231 379 2681 440 LONICENRIS
2723 387 3274 451 METBOPOLIT/E

3842 396 3981 463 1030

766 487 912 532 tetra
940 488 998 532 et
1047 480 1180 530 mari
1212 487 1266 531 et
1331 494 1482 546 aere,
1523 501 1624 539 nos
1655 487 1876 543 fallaces
1909 498 1963 543 ct
2002 492 2320 559 deceptores
2353 504 2393 552 Α
2427 521 2429 528 ι

2319 529 2320 537 η
2353 504 2393 552 Α
2427 512 2524 548 σαν
2550 497 2642 548 καὶ
2662 498 2820 565 ἀέρα,
2851 498 3108 568 ψεύδουσι
3137 508 3260 567 τοὺς
3281 507 3518 574 ψεύστας
3552 511 3699 579 ἡμᾶς
3728 515 3824 567 καὶ
3842 517 3982 567 ἀπα-

764 570 935 624 fallat.
971 567 1264 636 Etinhoc,
1315 573 1460 640 quod
1513 575 1647 630 alias
1707 586 1949 648 tempore
2011 590 2318 650 opportuno

763 671 819 716 et
854 675 1107 715 sermone
1139 668 1196 714 et
1231 675 1326 714 ore
1350 665 1702 732 protulimus,
1736 683 1829 721 sua
1855 685 1960 722 non
2007 670 2136 722 facit
2176 671 2319 724 ordi-

762 755 890 802 nata
929 747 1278 810 constitutio,
1333 751 1429 804 sed
1486 754 1730 808 vicissim
1764 767 2006 826 tempora
2049 761 2314 813 variantia

763 848 858 893 aut
890 840 1122 902 faciunt,
1162 849 1255 892 aut
1299 845 1628 912 patiuntur;
1659 857 2075 914 convertuntur,
2120 851 2317 904 deinde

757 927 823 978 ad
855 927 1040 980 odium
1077 930 1368 998 pristinum
1404 932 1653 995 redeunt,
1705 944 1755 986 et
1789 935 1866 988 sic
1899 951 1998 989 nos
2033 950 2128 1004 spe
2171 938 2316 993 inani

758 1015 824 1069 de
846 1031 1054 1084 eorum_
1084 1019 1136 1070 in
1176 1033 1284 1071 nos
1322 1019 1696 1074 benevolentia
1739 1022 1954 1076 fallunt.
1997 1024 2086 1078 Sic
2115 1035 2170 1078 et
2219 1041 2316 1080 nos

759 1104 1007 1171 improbe
1031 1106 1120 1158 alii
1143 1121 1271 1175 erga
1303 1109 1440 1161 alios
1473 1109 1787 1162 animamur
1817 1119 1874 1162 ut
1910 1126 2018 1164 non
2061 1114 2309 1168 decebat.

758 1195 894 1248 Inibi
926 1195 1054 1248 dico
1099 1205 1156 1248 ut
1201 1214 1303 1250 non
1334 1198 1566 1264 decebat,
1627 1200 1890 1268 quoniam
1947 1203 2090 1256 haud
2141 1220 2312 1272 pauca

757 1285 1166 1340 mendaciorqu
1248 1304 1354 1340 nou
1417 1289 1624 1359 absque
1703 1292 1905 1347 virtute
1980 1307 2312 1361 compenunt

757 1376 1024 1437 homines,
1048 1377 1300 1431 consulto
1330 1381 1668 1433 mendacium
1701 1394 2104 1450 praestruentes.
2128 1388 2313 1458 Itaque

753 1469 1026 1522 interdum
1080 1469 1379 1523 laudamur
1443 1473 1660 1540 quidam
1707 1474 1752 1526 si
1786 1490 1907 1528 cum
1939 1477 2310 1536 benevolentia

753 1559 962 1610 mentiti
997 1559 1109 1611 sint
1138 1599 1154 1621 ,
1179 1568 1230 1611 et
1262 1560 1458 1613 iterum
1501 1561 1880 1629 vituperantur
1925 1567 1970 1620 si
2025 1585 2308 1638 perperam

753 1647 1034 1701 veritatem
1065 1649 1328 1702 dixerint.
1366 1650 1430 1705 Et
1455 1653 1587 1706 huic
1613 1656 1906 1710 ratiocinio
1937 1660 2307 1718 testimonium

751 1738 929 1791 reddit
992 1739 1086 1808 qui
1146 1740 1357 1808 primus
1404 1742 1568 1796 hocce
1627 1759 1955 1815 prmeeptum
2028 1753 2303 1810 tradidit:

750 1828 980 1894 Quando
1011 1837 1228 1898 oportet
1256 1832 1598 1888 mendacium
1651 1837 1916 1904 proferre,
1957 1842 2159 1908 profer.
2207 1845 2311 1900 Sed
2345 1817 2384 1871 Β

749 1929 804 1973 et
834 1935 1016 1972 ratum
1057 1921 1211 1986 illud,
1242 1931 1296 1976 et
1345 1925 1665 1993 cogitationi
1718 1937 1771 1983 et
1811 1930 2054 2000 aquitati
2086 1937 2303 2003 penitus

747 2020 1038 2080 repugnat,

814 2102 904 2154 28.
927 2101 1090 2157 Aliud
1123 2117 1401 2159 summum
1429 2123 1699 2177 exponam
1729 2113 2070 2169 mendacium
2103 2118 2248 2187 quod
2279 2135 2310 2174 e

746 2191 952 2245 mundo
981 2193 1164 2247 deleat
1199 2194 1364 2261 Deus,
1421 2212 1618 2267 nempe
1673 2213 1865 2258 contra
1911 2207 2090 2276 ipsum
2139 2211 2306 2267 Deum

748 2283 1035 2337 mentiens.
1070 2282 1389 2340 Pactionem
1443 2290 1592 2342 enim
1647 2290 1915 2349 facientes
1973 2300 2309 2358 irrevocabi-

748 2371 1032 2440 lemquam
1070 2387 1134 2425 ne
1159 2374 1319 2428 liceat
1346 2377 1692 2435 adulterare:
1718 2401 1735 2433 ι
1771 2384 1828 2438 In
1863 2388 2080 2443 nomine
2105 2391 2304 2458 Patris,

745 2462 1047 2530 inquimus,
1077 2471 1132 2516 et
1182 2463 1306 2519 Filii
1338 2476 1388 2521 et
1442 2471 1618 2525 sancti
1657 2471 1915 2543 Spiritus,
1947 2497 1965 2530 ι
2000 2497 2100 2537 nec
2127 2487 2303 2541 solum

746 2553 796 2606 id
835 2553 1088 2618 dicimus,
1115 2554 1209 2609 sed
1237 2558 1402 2611 etiam
1438 2561 1631 2616 borum
1685 2567 1738 2618 iu
1771 2571 1946 2636 capite
1972 2575 2302 2642 scriptorum

743 2645 1147 2710 crucis,tnundi
1178 2648 1399 2711 salutis,
1417 2651 1630 2720 signum
1670 2655 2009 2714 adorandum
2039 2671 2303 2733 superad-

741 2732 946 2800 dimus,
981 2736 1239 2792 manibus
1267 2743 1509 2810 propriis
1544 2745 1677 2798 illud
1714 2751 2074 2811 delineantes.
2106 2732 2304 2817 Deinde

741 2838 864 2877 cum
921 2829 1228 2894 oportuerit
1274 2830 1328 2882 in
1357 2846 1495 2900 opus
1540 2836 1813 2894 deducere
1859 2846 2003 2911 quod
2039 2849 2300 2906 selectum

739 2914 938 2979 fuerat,
1000 2917 1136 2972 inibi
1161 2929 1214 2974 et
1247 2933 1440 2978 contra
1474 2938 1811 2996 scrutamur,
1867 2937 1913 2990 si
1962 2938 2176 2993 lucrum
2230 2946 2301 2998 sit

740 3009 1013 3074 quoddam
1049 3021 1145 3064 aut
1177 3013 1324 3068 aliud
1366 3016 1650 3086 ell‘ugium,
1690 3028 1996 3091 pactionem
2027 3034 2157 3088 ludo
2181 3053 2301 3091 νιτ-

2422 586 2650 649 τεῶνας.
2676 589 2786 642 Καὶ
2814 591 2974 644 τοῦτο
3005 593 3092 664 δὴ.
3116 595 3146 646 ὂ
3175 598 3268 648 καὶ
3315 598 3504 652 ἄλλοτε
3553 603 3750 672 καιροῦ
3796 605 3986 658 πλατεῖ

2422 677 2518 730 καὶ
2541 679 2682 748 λόγῳ
2713 682 2802 733 καὶ
2835 683 3068 751 στόματι
3099 685 3328 752 ἔφαμεν,
3363 692 3424 742 οὐ
3451 695 3594 744 ποιεῖ
3623 693 3689 745 τά
3717 696 3920 764 ἑαυτῆς
3945 700 3975 762 ἠ

2421 772 2735 842 στοιχειακὴ
2751 776 3086 839 κατάστασις
3111 793 3125 807 ⁸
3145 780 3280 833 ἀλλὰ
3300 783 3528 849 ἐναλλὰξ
3543 786 3611 838 τὰ
3657 787 3907 857 ἀλλήλων
3933 795 3978 842 οἱ

2418 864 2601 928 καιροὶ
2651 865 3036 934 ἀμείϐοντεςῆ
3090 871 3336 924 ποιοῦσιν
3385 875 3418 943 ἢ
3471 875 3800 945 πάσχουσιν,
3843 882 3973 932 ἀκα-

2419 957 2770 1023 στραφέντες,
2807 960 2908 1010 εἴτ’
2939 959 3034 1013 οὖν
3062 965 3468 1033 ἀνατραπέντες
3515 971 3596 1032 εἰς
3625 972 3684 1023 τὸ
3716 974 3954 1039 παλίγκο

2417 1060 2532 1106 τον,
2571 1048 2668 1099 καὶ
2696 1047 2839 1099 οὕτω
2863 1049 3154 1116 ψεύδοντες
3181 1055 3328 1122 ἡμᾶς
3364 1057 3469 1109 τῶν
3511 1059 3598 1111 ἐπ’
3626 1061 3797 1129 αὐτῆς
3830 1062 3982 1112 ἐλπί-

2416 1131 2521 1185 δων
2583 1137 2720 1206 πρὸς
2760 1139 3060 1210 ὁμοιότητα
3098 1144 3195 1210 τὴν
3237 1146 3294 1196 ὲν
3354 1148 3506 1216 ἡμῖν.
3552 1150 3664 1203 Καὶ
3719 1154 3829 1220 γάρ
3886 1155 3979 1204 κιὶ

2418 1224 2582 1292 ἡμεῖς
2615 1226 2759 1279 οὕτω
2795 1230 2985 1293 κακῶς
3013 1232 3281 1302 ἀλλήλους
3306 1239 3678 1309 διατιθέμεθα,
3709 1246 3853 1296 καθὰ
3879 1246 3978 1297 οὐκ

2415 1319 2603 1386 ἐχρῆν.
2639 1322 2800 1386 Λέγω
2836 1325 2894 1376 δὲ
2948 1325 3184 1380 ἐνταῦθα
3227 1330 3286 1381 τὸ
3313 1332 3424 1384 οὐκ
3461 1332 3669 1400 ἐχρῆν,
3701 1334 3836 1388 διότι
3878 1338 3979 1389 οὐκ

2414 1407 2569 1474 ὀλίγα
2605 1409 2714 1464 τῶν
2750 1412 3084 1482 ψευσμάτων
3116 1419 3217 1471 οὐκ
3244 1419 3350 1485 ἔξω
3394 1422 3596 1491 ἀρετῆς
3625 1425 3980 1494 ἐπιτηδεύον-

2413 1515 2503 1551 ται
2535 1500 2834 1570 ἄνθρωποι,
2871 1505 3252 1574 μεθοδεύοντες
3300 1513 3655 1579 οἰκονομικῶς
3691 1515 3751 1567 τὸ
3780 1516 3976 1583 ψεύδε-

2417 1588 2563 1642 σθαι.
2599 1592 2690 1643 Διὸ
2725 1595 2818 1646 καὶ
2847 1597 3200 1652 ἐπαινοῦνται
3235 1600 3332 1670 μέν
3377 1619 3522 1664 τινες
3554 1603 3700 1657 ἔστιν
3735 1607 3894 1672 ὅπου,
3927 1611 3975 1660 εἰ

2411 1678 2500 1729 ἐπ’
2537 1681 2725 1750 ἀγαθῷ
2751 1683 3042 1751 ψεύσονται
3069 1701 3084 1717 ⁸
3115 1688 3373 1757 ψέγονται
3404 1692 3462 1744 δὲ
3487 1693 3554 1745 αὖ
3591 1695 3774 1760 πάλιν,
3829 1698 3883 1747 εἴ
3915 1715 3976 1764 γε

2417 1768 2491 1836 μὴ
2521 1772 2845 1836 πρεπόντως
2890 1776 3316 1842 ὲπαληθεύουσι.
3363 1782 3471 1833 Καὶ
3517 1785 3858 1854 μαρτύρεται
3898 1787 3978 1855 τῷ

2414 1856 2557 1927 λόγῳ
2578 1860 2753 1930 τούτῳ
2787 1862 2880 1915 καὶ
2901 1865 2929 1915 ὸ
2960 1867 3399 1938 γνωμοδοτήσας,
3429 1871 3504 1935 ὡς
3550 1875 3720 1927 Ἔνθα
3767 1894 3821 1928 τι
3866 1881 3976 1947 χρὴ

2410 1948 2606 2016 ψεῦδος
2655 1951 2948 2017 λεγέσοαι,
3017 1955 3280 2023 λέγεσΟω.
3340 1962 3479 2014 Ἀλλ’
3537 1968 3670 2019 αὐτὸ
3734 1969 3834 2036 μὲν
3881 1971 3978 2022 καὶ

2412 2041 2657 2106 σπάνιον,
2690 2045 2785 2094 καὶ
2813 2045 3208 2117 δυσθεώρητον,
3247 2051 3340 2104 καὶ
3366 2053 3492 2106 οὐδὲ
3536 2056 3897 2127 εὐδιάκριτον.

2478 2137 2586 2200 κη’.
2627 2132 2772 2200 Ἐγὼ
2797 2135 2854 2187 δὲ
2887 2137 2978 2188 καὶ
3016 2137 3146 2192 ἄλλο
3177 2147 3477 2213 κορυφαῖον
3510 2148 3816 2218 ἐκθήσομαι
3841 2150 3976 2219 ψεῦ-

2409 2238 2544 2290 σμα,
2575 2223 2714 2294 ὅπερ
2741 2226 3031 2297 ἀπαλείψοι
3070 2234 3098 2284 ὁ
3136 2232 3270 2296 Θεὸς
3301 2237 3365 2287 ὲκ
3395 2236 3490 2290 τοῦ
3515 2239 3744 2308 κόσμου,
3778 2243 3856 2306 ὡς
3880 2249 3977 2296 καὶ

2408 2313 2530 2364 κατ’
2599 2314 2766 2366 αὑτοῦ
2824 2318 3034 2372 ἐκείνου
3097 2321 3449 2392 ψευδόμενον.
3507 2328 3977 2396 Συναλλάττοντες

2407 2403 2515 2473 γὰρ
2583 2407 2880 2475 ἀσφαλῶς,
2931 2411 3007 2472 ὡς
3058 2413 3133 2483 μὴ
3183 2415 3383 2479 ἐξεῖναι
3441 2424 3822 2490 παραποιῆσαι
3873 2426 3975 2493 τὴ)

2408 2496 2748 2568 συναλλαγὴν
2771 2540 2787 2562 ,
2821 2521 2839 2553 ι
2884 2503 2972 2557 Ἐν
2996 2505 3256 2575 ὀνόματι,
3314 2511 3515 2579 φαμὲν,
3585 2515 3678 2567 τοῦ
3753 2518 3973 2586 Πατρὶς

2406 2589 2625 2641 καὶτοῦ
2675 2591 2802 2644 Υἰοῦ
2839 2599 2931 2646 καὶ
2975 2596 3069 2648 τοῦ
3115 2600 3273 2666 ἁγίου
3329 2603 3677 2672 Πνεύματοςο
3727 2624 3744 2656 ι
3783 2611 3877 2660 καὶ
3907 2614 3972 2663 οὗ

2409 2678 2571 2748 μόνον
2633 2680 2865 2752 λὲγομεν
2913 2686 3079 2750 αὐτὸ,
3134 2690 3269 2743 ἀλλὰ
3316 2695 3411 2745 καὶ
3462 2696 3831 2767 προτιθὲαμεν
3859 2701 3973 2753 τῶν

2405 2774 2723 2840 γραφέντων
2773 2776 2975 2829 τούτων
3001 2779 3096 2830 τοῦ
3127 2788 3574 2854 κοσίλοσωτηρίου
3608 2793 3841 2859 σταυροῦ
3871 2794 3972 2845 τύ-

2404 2877 2506 2913 πον
2559 2870 2940 2938 προσκυιιητὺν
2963 2913 2977 2934 ,
3012 2873 3200 2941 χερσὶν
3238 2876 3396 2939 ἰδίαις
3431 2879 3597 2932 αὑτὸν
3647 2885 3970 2953 προχαράσ-

2405 2965 2614 3012 σοντες.
2669 2951 2800 3007 Εἶτα
2855 2958 3054 3026 δεῆσαν
3110 2962 3433 3031 ἔκδῆναίτὸ
3469 2968 3688 3036 αἰρεθὲν
3737 2975 3830 3024 καὶ
3887 2975 3973 3036 εἰς

2402 3039 2601 3108 ἔργον,
2659 3044 2774 3095 ἀλλ’
2811 3048 3044 3100 ἐνταῦθα
3094 3052 3418 3123 ζητούμενοι
3465 3057 3676 3110 δάνειον
3726 3063 3890 3132 τυχὸν
3932 3067 3968 3134 ἢ

741 3105 829 3151 ten
842 3108 1204 3168 tes,quaetam
1234 3111 1538 3164 venerando
1553 3112 1708 3179 signo
1733 3115 2075 3188 inscribitur,
2095 3129 2302 3196 jureju-
2332 3140 2374 3196 α

741 3191 912 3221 an.an
938 3191 1216 3221 “nuncnun-
1264 3211 1360 3221 ..-Α
1389 3215 1596 3221 Am---“
1629 3205 1640 3216 ο
1795 3209 1806 3221 .
1881 3212 1892 3221 .

3103 3105 3160 3118 -.
3269 3105 3281 3123 .
3378 3105 3415 3107 η
3736 3105 3885 3132 "An
3940 3105 3967 3134 -ι

2332 3140 2374 3196 α
2408 3130 2656 3198 ὲτεροάν
2688 3135 3046 3207 ὀφειλομένην
3099 3144 3411 3211 ἀπόϐασιν,
3479 3149 3569 3200 τοῦ
3629 3154 3967 3221 συμϐολαίου

740 3191 912 3242 rando
937 3191 1240 3258 firmamus,
1264 3211 1362 3251 nec
1383 3215 1602 3256 crucem
1629 3205 2006 3277 insculpsisse,
2030 3232 2128 3270 nec
2155 3235 2234 3274 ser
2250 3223 2264 3275 i
2280 3253 2297 3262 -

739 3279 919 3346 psisse
965 3283 1297 3350 pactionem,
1338 3290 1535 3344 uitimo
1573 3293 1891 3361 juramento
1936 3306 2210 3365 solventes
2244 3324 2297 3366 et

740 3374 1140 3442 [rmfiguratam
1197 3392 1497 3434 crucetnct
1537 3388 1904 3444 venerandam
1969 3395 2113 3450 illam
2147 3399 2298 3467 jura-

741 3473 929 3515 mento
1004 3467 1417 3534 superadditam
1491 3475 1902 3543 cogitationem.
1969 3485 2102 3541 lude
2164 3492 2295 3544 mihi

739 3551 1037 3605 meditandi
1071 3564 1125 3607 et
1154 3559 1441 3613 reverendi
1496 3577 1684 3632 causa,
1741 3570 2012 3638 siquidem
2053 3590 2295 3635 commu-

740 3640 825 3694 nis
858 3640 1121 3698 Dominus
1158 3654 1366 3713 uOster,
1401 3665 1561 3717 quem
1597 3655 1649 3706 in
1684 3661 1857 3726 pactis
1891 3663 2291 3737 arliuravimus,

738 3741 958 3796 pultare
1003 3749 1103 3787 nos
1138 3735 1252 3786 vult
1280 3751 1496 3792 crucem
1531 3743 1680 3823 illam
1730 3750 2178 3823 crucifixumque
2206 3735 2292 3812 se-

735 3823 850 3890 qui,
881 3831 932 3875 et
957 3825 1036 3877 sic
1066 3812 1606 3899 crucinegatoresfsi
1645 3837 1726 3891 sic
1757 3843 1939 3896 vocari
1983 3845 2130 3913 licet,
2191 3865 2290 3906 nos

733 3915 1074 3969 ostendimus
1131 3929 1185 3971 et
1240 3923 1504 3985 perimus.
1563 3925 1738 3983 Homo
1775 3932 2110 4004 Christiane,
2167 3958 2290 3995 ver-

733 4004 861 4057 bum
895 4007 1123 4076 simpch
1155 4012 1198 4064 si
1232 4013 1389 4077 .licis,
1460 4033 1567 4071 non
1617 4021 1809 4077 inutile
1839 4027 2066 4084 reddere
2103 4033 2287 4101 debes,

734 4102 788 4146 et
830 4095 1025 4162 juraus
1083 4102 1332 4156 mentiris
1365 4105 1376 4155 !
1434 4123 1452 4156 ι
1493 4105 1679 4164 Juravi
1705 4149 1721 4175 ,
1749 4114 1858 4180 ait,
1893 4128 1946 4171 et
1983 4123 2146 4176 statui
2177 4123 2218 4178 ⁸.

737 4185 798 4236 Et
835 4196 890 4238 tu
917 4188 1080 4254 juras
1117 4200 1172 4243 et
1201 4195 1358 4262 quasi
1419 4197 1654 4253 nihilum
1687 4203 1882 4271 abjicis
1926 4209 1939 4261 ι
1971 4212 2119 4265 fletis
2166 4215 2287 4272 loco

736 4276 904 4330 habts
930 4277 1331 4350 juramentum,
1369 4286 1518 4341 sicut
1553 4290 1752 4346 illicem
1786 4296 1836 4348 id
1874 4302 2152 4368 producis,
2191 4323 2287 4377 per

731 4368 873 4434 quod
931 4381 1149 4440 captare
1199 4375 1278 4428 vis
1334 4391 1438 4430 non
1496 4382 1670 4435 solum
1721 4385 2128 4461 simpliciores,
2189 4368 2282 4454 sed

729 4467 784 4508 et
828 4458 920 4526 qui
955 4461 1019 4513 ad
1063 4463 1282 4520 intimos
1318 4469 1562 4526 scientia:
1597 4490 1847 4532 recessus
1906 4458 2280 4550 penetrarunt.
2312 4463 2360 4523 θ

728 4545 795 4600 Et
867 4551 994 4618 quid
1054 4552 1199 4605 ultra
1261 4556 1392 4610 facit
1442 4561 1695 4620 diabolus
1761 4545 2025 4628 mendacii
2094 4545 2283 4646 pater‘.’

729 4639 886 4707 cujus
943 4653 1070 4696 sunt
1122 4645 1240 4708 lilii,
1299 4658 1356 4702 ut
1420 4651 1492 4704 ita
1555 4656 1768 4724 dicunt,
1836 4666 1926 4730 qtti
1972 4639 2158 4734 jurairt
2225 4676 2277 4728 in

727 4729 871 4792 dolo,
929 4734 1126 4801 quippe
1169 4737 1262 4804 qui
1297 4743 1642 4798 mendacium
1678 4758 1732 4802 et
1788 4729 1889 4820 ipsi
1950 4729 2149 4814 diaboli
2197 4767 2279 4818 in-

727 4830 841 4872 Star
900 4822 1150 4890 pariunt,
1193 4827 1327 4883 solis
1369 4823 1715 4891 sennouibus
1758 4844 2147 4906 aftirmationes
2195 4872 2278 4908 re-

725 4925 806 4965 ιιι
820 4921 1028 4969 rantes.

791 5177 881 5232 29.
902 5177 1037 5231 Sunt
1095 5183 1249 5236 multi
1301 5187 1462 5240 etiam
1520 5191 1660 5246 inter
1693 5196 1852 5267 hujus
1889 5209 2148 5274 temporis
2187 5215 2277 5267 Im-

723 5270 893 5322 mines
943 5270 1280 5338 gloriabuudi
1320 5288 1373 5332 et
1425 5281 1667 5342 dicentes
1732 5270 2102 5368 nolisquis-que
2147 5310 2272 5374 quia

720 5357 873 5414 Meus
906 5377 1087 5418 sermo
1114 5381 1240 5422 vere
1271 5385 1452 5428 sermo
1487 5388 1586 5432 est.
1616 5380 1688 5436 De
1718 5387 1915 5452 quibus
1957 5407 2054 5460 ego
2090 5357 2272 5454 ridens

720 5451 842 5504 volo
894 5468 1042 5506 meos
1072 5455 1292 5521 gloriari
1367 5451 1802 5542 unumquemque
1888 5481 1940 5533 in
1990 5451 2265 5553 .Domino,

719 5541 846 5610 quia
908 5541 1059 5597 Meus
1120 5563 1301 5604 sermo
1353 5570 1461 5610 non
1517 5577 1694 5620 sermo
1751 5569 2108 5645 simpliciter,
2173 5585 2263 5637 sed

789 5715 810 5746 ⁸
864 5715 1007 5774 Ρδιιι.
1058 5735 1248 5785 cxu't,
1293 5725 1412 5780 lOG.

2401 3225 2854 3292 κατορχούμενοι,
2888 3223 2951 3280 οὗ
2985 3233 3212 3286 τοιαῦτα
3253 3240 3458 3306 φρικτά
3489 3248 3968 3314 προγεγράφαται,

2398 3312 2757 3382 ἑπομνύμεθα
2812 3321 2950 3388 μήτε
2995 3327 3226 3392 στινρξν
3279 3331 3626 3401 προγράψαι,
3690 3339 3835 3404 μήτε
3869 3357 3967 3390 τυ-

2398 3403 2687 3458 πώσασθαι
2730 3410 3110 3480 συνάλλαγμα,
3155 3417 3302 3486 ὅρκῳ
3340 3424 3515 3490 τούτῳ
3545 3423 3754 3495 ὑστέρῳ
3786 3444 3967 3482 κατει-

2399 3492 2617 3558 λύοντες
2665 3501 2758 3551 καὶ
2817 3503 2910 3554 τὸν
2959 3507 3417 3577 προηγησάμενον
3462 3515 3696 3582 σταυρὸν
3743 3520 3838 3569 καὶ
3866 3520 3967 3587 τὴν

2396 3587 2632 3656 φρικτὴν
2666 3589 2886 3658 ἐκείνην
2934 3593 3156 3663 ἔνορκον
3186 3599 3417 3655 ἔννοιαν.
3468 3603 3759 3660 Κάνταῦθα
3811 3608 3966 3662 ἔστιν

2393 3677 2570 3745 ἔμοιγ’
2601 3675 2694 3732 οὖν
2739 3685 3076 3738 συννοεῖσθαι
3131 3689 3222 3741 καὶ
3275 3694 3542 3760 φρίττειν,
3576 3695 3735 3765 εἴπερ
3781 3701 3810 3750 ὁ
3859 3703 3964 3770 μὲν

2395 3769 2570 3832 κοινὸς
2606 3775 2884 3845 Δεσπότης
2922 3779 3099 3846 ἡμῶν,
3131 3779 3189 3830 ὃν
3237 3783 3295 3833 ἐν
3342 3787 3453 3846 τοῖς
3507 3789 3962 3855 συναλλάγμασιν

2391 3863 2835 3933 ὁρκωμοτοῦμεν,
2892 3869 3069 3937 αἴρειν
3134 3871 3227 3922 καὶ
3279 3875 3513 3943 σταυρὸν
3565 3878 3749 3931 τοῦτον
3803 3884 3957 3950 ἡμᾶς

2389 3952 2584 4018 ἐθέλει,
2617 3957 2712 4008 καὶ
2757 3957 3070 4012 ἀκολουθεῖν
3101 3961 3178 4029 τῷ
3212 3963 3594 4036 ἀντικειμένῳ,
3628 3973 3722 4023 καὶ
3773 3975 3961 4037 οῦῖως

2388 4046 2844 4114 ἀρνησίσταυροι,
2908 4051 2985 4112 ὡς
3037 4051 3208 4116 οὕτως
3257 4056 3554 4125 ὀνομάσαι,
3609 4061 3958 4129 δεικνύμενοι

2387 4135 2758 4206 ἀπολλύμεθα.
2789 4139 3080 4210 ’Ἄνθρωπε
3118 4144 3429 4213 Χριστιανὲ,
3463 4147 3616 4214 λόγον
3664 4151 3824 4217 ψιλὸν
3860 4157 3959 4208 ἐὰν

2385 4227 2567 4296 εἴπῃς,
2618 4229 2718 4282 οὐκ
2767 4231 3002 4298 ὀφείλεις
3035 4235 3298 4305 ἀθετῆσαι
3357 4240 3539 4290 αὐτόν·
3587 4245 3678 4293 καὶ
3731 4245 3957 4312 ὀμνύων

2381 4313 2755 4384 ψευδολογεῑςς
2795 4337 2813 4369 ι
2842 4322 3068 4389 Ὤμοσα,
3091 4328 3274 4392 φησὶν,
3302 4328 3394 4378 καὶ
3420 4327 3642 4396 ἕστησα.
3693 4349 3709 4379 ι
3751 4333 3864 4383 Καὶ
3887 4335 3954 4385 σὺ

2387 4404 2609 4472 ὀμνύεις
2649 4409 2745 4458 καὶ
2780 4412 3196 4480 καταρῤιπτεῐς.
3243 4417 3387 4467 ’Δντι
3413 4399 3637 4483 παγὶδος
3671 4421 3782 4487 ἄρα.
3807 4424 3956 4490 ἔχεις

2387 4493 2480 4545 τὸν
2509 4495 2692 4564 ὅρκον,
2716 4498 2792 4560 ὡς
2837 4499 3026 4570 δέλεαρ
3058 4503 3220 4554 αὑτὸν
3248 4505 3546 4576 προϐάλλῃ,
3576 4509 3669 4560 καὶ
3703 4511 3955 4565 ἀλίσκειν

2384 4581 2452 4634 δι’
2480 4585 2645 4637 αὑτοῦ
2698 4586 2920 4652 ἐθέλεις,
2959 4593 3034 4660 μὴ
3086 4592 3167 4646 ὃτι
3217 4610 3280 4661 γε
3331 4596 3455 4657 τοὺς
3513 4597 3951 4669 ἁπλουστέρους,

2386 4672 2521 4726 ἀλλά
2551 4676 2640 4726 καὶ
2670 4676 2890 4742 μᾶλλον,
2925 4681 3039 4733 ὅσοι
3083 4683 3140 4744 ἐς
3174 4682 3309 4751 βαθὺ
3352 4689 3618 4757 νοήματος
3654 4689 3950 4758 βάπτουσι.

2384 4764 2493 4815 Καὶ
2528 4766 2582 4817 τί
2619 4768 2799 4820 πλεῖον
2846 4774 2989 4823 ποιεί
3015 4775 3042 4824 ό
3069 4774 3335 4841 διάίολος,
3377 4777 3406 4828 ὸ
3443 4779 3537 4831 τοῦ
3576 4779 3808 4846 ψεύδους
3841 4802 3952 4836 πα-

2383 4857 2521 4924 τήρ;
2553 4851 2614 4911 οὗ
2667 4861 2970 4926 σύντεκνοι,
3012 4863 3086 4926 ὡς
3131 4865 3302 4930 οὕτως
3357 4872 3550 4936 εἰπεῖν,
3597 4874 3693 4925 καὶ
3725 4875 3776 4924 οἱ
3815 4875 3953 4943 ψεύ-

2383 4945 2588 5014 δορκοι,
2627 4949 2816 5002 καθότι
2852 4953 3020 5023 ψεύδη
3067 4961 3161 5008 καὶ
3205 4958 3364 5012 αὐτοὶ
3407 4963 3527 5013 κατ’
3558 4964 3769 5017 ἐκεῖνον
3801 4968 3948 5019 ἀπο-

2384 5038 2721 5108 κυΐσκουσιν,
2755 5045 2811 5096 ἐν
2845 5045 3026 5113 μόνοις
3059 5047 3238 5114 λόγοις
3286 5054 3669 5120 περιιστῶντες
3720 5058 3790 5110 τά
3835 5059 3950 5112 τῶν

2383 5128 2746 5187 καταθέσεων.

2453 5221 2552 5273 κθ’.
2591 5225 2699 5276 Καὶ
2728 5225 2833 5278 εἰσὶ
2884 5229 2980 5294 μὲν
3017 5229 3198 5282 πολλοὶ
3223 5231 3384 5301 μέχρι
3418 5239 3512 5288 καὶ
3548 5238 3607 5289 ὲν
3644 5243 3757 5302 τοῖς
3786 5242 3944 5312 ἄρτι,

2381 5313 2671 5381 αὐχοῦντες
2697 5317 2922 5379 ἕκαστος
2975 5321 3032 5371 ὲν
3058 5321 3134 5389 τῷ
3174 5322 3373 5390 λέγειν,
3407 5325 3488 5377 ὅτι
3527 5327 3586 5379 ’0
3617 5332 3748 5399 ἐμὸς
3781 5334 3946 5402 λόγος

2380 5403 2534 5469 λόγος
2595 5407 2760 5459 ἐστίν.
2816 5407 2955 5458 Ἀλλ’
3004 5410 3114 5476 ἐγὼ
3163 5417 3473 5482 καταγελῶν
3503 5421 3611 5473 τῶν
3653 5422 3941 5490 τοιούτων,

2377 5494 2546 5546 ἐθέλω
2593 5495 2718 5558 τοὺς
2756 5498 2922 5565 ἐμοὺς
2965 5499 3056 5551 τὸν
3088 5503 3208 5554 καθ’
3236 5504 3333 5558 ἕνα
3363 5511 3672 5578 καυχᾶσθαι
3715 5515 3773 5564 ἐν
3830 5517 3946 5568 Κυ-

2381 5586 2497 5655 ρίῳ,
2538 5589 2616 5639 ὅτι
2657 5589 2715 5642 '0
2746 5590 2876 5659 ἐμὶς
2909 5589 3066 5660 λόγςς
3105 5597 3163 5647 οὐ
3216 5597 3369 5665 ῖιόγος
3398 5602 3602 5668 ἁπλῶς,
3631 5605 3746 5658 ἀλλ’
3773 5606 3944 5677 ἔργον
