4212 6440
244 346 398 409 1037

1210 354 1578 416 EPISTOLA
1607 360 1708 416 AD
1734 358 2525 423 THESSMDNICENSES.

3364 365 3500 433 1058

240 461 392 522 ἐστὶ,
427 460 606 525 πολλῷ
635 461 699 531 δὴ
730 462 911 529 πλέον,
955 465 979 515 6
1012 466 1102 515 καὶ
1129 466 1269 533 μετὰ
1298 467 1483 538 ὅρκου.
1516 471 1688 537 Λόγος
1722 472 1821 537 μὲν
1852 478 1893 532 Α

1852 478 2067 541 Αοριιε
2126 482 2245 536 cst;
2280 490 2306 525 a
2366 474 2576 527 fortiori
2644 473 2686 524 si
2748 486 2931 527 sermo
2994 472 3321 529 adhibeatur
3374 494 3497 530 cum

238 556 361 620 γὰρ
398 553 545 614 ἄπας
587 554 725 623 ἁέρα
760 557 987 624 πλήξας,
1023 558 1113 631 καὶ
1145 558 1317 620 οὕτως
1356 559 1517 613 αύτξν
1561 563 1818 633 ὀχλήσεις,

242 645 641 713 συγκατελύθη
671 647 749 715 τῷ
794 648 1121 717 ἀκούσματι·
1146 654 1173 703 6
1199 652 1255 704 δὲ
1300 653 1394 705 καὶ
1420 653 1694 722 ἔγγραφος
1720 657 1819 726 οὐχ

233 737 439 798 ἁπλῶς
496 737 656 805 ἀέρος
688 740 804 791 ἐστὶ
848 739 1220 809 διατιναγμὸς,
1252 744 1366 796 ἀλλ’
1410 747 1508 814 ἤδη
1566 748 1819 815 σεσωμα-

232 844 442 890 τωται,
485 830 579 879 καὶ
634 830 739 880 ἀπὸ
772 831 938 899 ἀκοῆς
968 834 1046 894 εἰς
1073 833 1201 887 θέαν
1248 836 1472 903 μετέϐη,
1505 837 1599 890 καὶ
1632 838 1821 905 βλεπό-

236 933 413 980 μενος
441 918 844 985 δημοσιεύεται,
878 923 972 973 καὶ
1003 923 1105 974 ὅσα
1159 925 1253 976 καὶ
1293 925 1460 993 στήλη
1509 930 1567 978 ὲν
1596 926 1671 994 τῷ
1701 927 1819 982 ἐδά-

238 1025 339 1069 ςει
382 1010 473 1058 τοῦ
521 1012 774 1063 πινακίου
809 1014 1157 1079 ἐμφαίνεται·
1195 1016 1290 1066 καὶ
1315 1017 1406 1067 τὸν
1446 1018 1543 1085 μὲν
1588 1017 1816 1086 εὔορκον

238 1101 644 1168 ἀποσεμνύνει,
687 1104 1069 1166 κατάπτυστον
1116 1107 1172 1159 δὲ
1213 1108 1464 1161 ἀποτελεῖ
1501 1110 1590 1161 τὸν
1625 1112 1815 1179 ἐπίορι

232 1210 339 1242 κον

316 1286 369 1331 ῖή
418 1290 482 1339 Τί
511 1282 604 1341 οὖν
636 1289 709 1357 μὴ
758 1290 853 1357 τῆς
897 1290 1209 1359 κρείττονος
1244 1292 1465 1359 μερίδος
1512 1293 1812 1363 γινόμεθας

236 1378 266 1425 ’ί
302 1416 306 1420 .
373 1381 467 1431 τὸν
507 1380 664 1445 λόγον
694 1382 1030 1450 αἰσχύνομεν
1060 1382 1151 1435 τὸν
1190 1383 1249 1435 ὲν
1302 1384 1455 1453 ἡμῖν,
1504 1387 1594 1436 καὶ
1633 1386 1698 1436 δι’
1724 1386 1817 1437 αὐ-

231 1468 334 1518 τοῦ
374 1470 467 1519 καὶ
494 1468 587 1519 τὸν
620 1470 796 1537 μέγαν
822 1472 916 1522 καὶ
947 1470 1252 1539 πρώτιστον
1283 1473 1456 1539 Λόγον
1490 1474 1819 1543 πιροργίζος

241 1576 374 1621 μεν,
405 1560 472 1611 δι’
499 1555 559 1611 οὗ
592 1562 651 1612 τὸ
683 1563 777 1615 καὶ
810 1562 910 1631 ζῇν
949 1564 1042 1615 καὶ
1078 1562 1260 1617 λαλεῖν
1291 1566 1382 1617 καὶ
1418 1566 1559 1617 νοεῖν
1582 1566 1789 1634 ἐσχήκα

244 1668 394 1715 ;νεν;
442 1653 570 1705 ἔνθα
622 1655 926 1708 κινδυνεύει
971 1658 1031 1709 τὸ
1070 1660 1209 1727 μέγα
1244 1659 1456 1712 ἐκεῖθεν
1503 1661 1707 1727 ἀγαθὸν
1736 1663 1815 1723 είς

238 1742 420 1793 καλὸν
447 1745 576 1810 ἡμῖν
604 1745 997 1816 ἀποτελευτᾷν.
1038 1748 1097 1799 Εἰ
1140 1748 1249 1816 γὰρ
1278 1746 1572 1815 λαλοῦντες
1607 1748 1680 1817 μὴ
1722 1749 1814 1799 καὶ

1926 563 2257 631 iuramento.
2286 562 2419 617 Nam
2456 579 2637 618 sermo
2688 564 2903 631 quidem
2936 565 3115 617 omnis
3160 577 3338 616 aerem
3378 581 3501 617 vcr-

1927 654 2088 709 berat
2116 664 2169 707 et
2205 657 2287 709 sic
2336 656 2579 723 agitatus
2610 655 2793 707 statim
2818 669 2880 707 ac
2909 654 3127 707 auditus
3149 665 3231 708 est
3255 665 3496 710 evanuit.

1927 746 2189 810 Qui'vero
2250 757 2330 799 est
2374 746 2635 813 scriptus,
2678 744 2799 799 non
2828 746 3151 815 simpliciter
3213 758 3299 800 est
3350 752 3498 799 aeris

1926 839 2243 896 commotio.
2274 837 2369 891 sed
2400 838 2511 904 jam
2542 852 2743 905 corpus
2783 839 3102 905 assumpsit,
3140 846 3193 889 et
3218 838 3286 889 ab
3309 837 3494 889 an-titu

1927 928 1979 980 in
2018 929 2393 996 spectaculum
2442 930 2739 993 trausit,et
2780 930 2860 981 sic
2892 930 3140 997 publicus
3166 931 3244 988 lit,
3272 940 3323 981 et
3378 940 3496 980 Iau-

1924 1031 2084 1084 qnam
2110 1017 2361 1069 columna
2398 1019 2451 1070 iu
2484 1017 2679 1071 tabulas
2708 1019 2825 1072 basi
2870 1026 3174 1085 apparet.et
3213 1019 3496 1085 jusjuran-

1924 1108 2053 1160 dum
2101 1117 2386 1161 servantes
2442 1108 2603 1162 laude
2630 1109 2851 1178 dignos,
2883 1109 3333 1179 contemptibiles
3360 1124 3491 1161 vero

1927 1200 2174 1267 perjuros
2205 1201 2400 1254 reddit.

1976 1294 2065 1347 50.
2100 1291 2281 1357 Quare
2312 1308 2444 1362 ergo
2488 1308 2592 1345 non
2625 1292 2889 1360 optimam
2945 1301 3160 1361 partem
3190 1291 3489 1360 eligimus?

1921 1398 2091 1451 quare
2118 1397 2426 1435 sermonem
2458 1383 2508 1433 i2:
2544 1382 2702 1435 nobis
2765 1381 3138 1446 foedamus,et
3191 1382 3318 1435 inde
3371 1398 3489 1434 ma—

1924 1489 2087 1540 gnum
2119 1480 2172 1525 et
2206 1473 2441 1538 primum
2474 1472 2709 1525 Verbum
2745 1472 2812 1526 ad
2834 1473 2974 1524 iram
3003 1474 3369 1535 concitamus,
3396 1484 3492 1537 per

1923 1566 2067 1636 quod
2110 1575 2164 1618 et
2198 1567 2379 1619 vivere
2409 1575 2462 1618 et
2489 1564 2634 1633 loqui
2665 1571 2720 1617 et
2745 1565 2988 1633 cogitare
3022 1565 3291 1619 habemus
3335 1605 3349 1629 ,
3376 1579 3490 1634 quo

1924 1658 2301 1728 periclitamur
2334 1672 2584 1725 magnum
2611 1657 2810 1709 bonum
2838 1656 2892 1708 in
2936 1655 3140 1707 malum
3183 1656 3343 1709 nobis
3394 1673 3491 1709 es-

1924 1750 2243 1817 stingucre?
2276 1749 2334 1801 Si
2367 1749 2512 1801 enim
2546 1748 2838 1816 loquentes
2874 1747 3215 1798 intellectum
3244 1760 3351 1799 non
3389 1748 3487 1799 ha-

235 1833 372 1884 νοῦν
410 1836 651 1901 εἴχομεν,
682 1836 781 1887 οὐκ
820 1833 885 1888 ἃν
921 1839 1053 1907 ἡμῖν
1084 1840 1334 1907 πταῖσμα
1367 1834 1434 1908 ἦν
1462 1840 1632 1900 οὐδὲν,
1675 1838 1821 1890 καθὰ
1850 1831 1889 1885 Β

1850 1831 1889 1885 Β
1922 1842 2194 1901 heremus,
2228 1838 2365 1891 nihil
2392 1838 2548 1891 nobis
2568 1838 2720 1890 casui
2746 1845 2918 1899 esset,
2951 1836 3095 1890 sicut
3129 1850 3230 1889 nec
3264 1836 3319 1889 in
3350 1836 3490 1889 irra—

237 1925 367 1975 ούδὲ
394 1930 505 1987 τοῖς
535 1927 752 1994 ἀλόγοις
780 1930 890 1982 τῶν
922 1930 1095 1994 ζώων.
1133 1933 1240 1984 Καί
1274 1950 1376 1985 που
1405 1934 1431 1984 6
1467 1933 1540 2001 μὴ
1566 1932 1813 2001 ἐχέφρων

242 2017 615 2086 κακολογήσει
643 2019 702 2069 τὸ
730 2021 787 2071 ὲν
811 2020 1123 2089 ἀνθρώποις
1151 2022 1391 2091 ἄριστον,
1424 2022 1483 2073 τὸ
1505 2022 1711 2091 νοερδν,
1740 2022 1814 2085 ὡς

236 2102 327 2158 οἷα
365 2110 667 2175 χείριστον.

313 2198 417 2249 λα’,
454 2199 526 2249 T6
549 2200 603 2249 δὲ
635 2199 697 2268 δὴ
733 2202 913 2267 χεῖρον
952 2202 1009 2253 ἐν
1041 2204 1156 2265 τοῖς
1185 2202 1469 2266 τοιούτοις,
1506 2204 1583 2257 ὅτι
1613 2206 1816 2274 ψευσά-

239 2307 398 2358 μενοι
427 2291 525 2358 μέν
556 2309 673 2344 ποτε
696 2295 757 2345 οὐ
786 2295 910 2347 καθ’
940 2296 1207 2359 ἑκούσιον,
1242 2298 1559 2367 αἰδούμεθα,
1590 2299 1686 2352 καὶ
1721 2318 1812 2368 με·

237 2382 618 2449 ταμε).ὁμεοα,
671 2387 764 2436 καὶ
795 2385 1214 2456 ἀπολογούμεθα
1263 2389 1402 2458 ὑπὲρ
1448 2391 1605 2459 ἡμῶν
1633 2391 1814 2443 αὐτῶν

233 2473 474 2541 ὁτιμάλα
507 2476 832 2537 σπουδαίως,
859 2479 951 2530 καὶ
983 2479 1315 2550 συγγνώμην
1338 2480 1715 2551 ἐξαιτούμεθα,
1741 2486 1815 2553 μὴ

237 2567 326 2617 καὶ
359 2565 577 2635 ἁλῶμεν
598 2568 691 2619 τοῦ
712 2568 1029 2637 ψεύδεσθαι.
1053 2570 1260 2633 Ἀλλως
1282 2573 1337 2622 δὲ
1356 2572 1676 2643 ψευδόμενοι
1694 2576 1816 2627 κατ’

237 2657 561 2722 ἐπίγνωσιν,
596 2662 690 2711 καὶ
731 2662 1063 2730 τεχνώμενοι
1104 2662 1205 2732 τὴν
1231 2661 1610 2731 ψευδολογίαν,
1654 2669 1814 2719 ὁποῖα

238 2748 336 2799 καί
369 2767 419 2799 τι
451 2749 705 2817 λαμπρὸν
728 2753 1091 2822 ἐπιτήδευμα,
1116 2753 1258 2806 κατὰ
1286 2755 1391 2806 τῶν
1422 2757 1576 2809 οὐδὲν
1625 2759 1814 2811 αἰτίων

240 2838 613 2910 ἁϐρυνόμεθα,
655 2842 730 2904 ὼς
758 2843 867 2895 οὐδ’
910 2844 976 2897 ἂν
1009 2848 1399 2915 τρισαριστεὺς
1432 2849 1576 2899 κατὰ
1624 2849 1812 2917 ὁμοίου

238 2930 410 2993 τινὸς,
430 2932 584 3001 νίκης
604 2936 745 3002 μέγα
769 2935 927 2997 κῦδος
944 2937 1239 3006 ἀράμενος,
1261 2941 1355 2990 καὶ
1373 2939 1480 2991 οὐδ’
1506 2939 1571 2992 ἂν
1589 2941 1616 2992 6
1641 2940 1813 3009 μέγας

244 3024 415 3077 Δαυῖδ
467 3025 637 3090 οὓτως
676 3027 1111 3098 ἠγαλλιάσατοῆ
1159 3032 1529 3099 ἐκαυχήσατο,
1564 3030 1656 3082 τὸν
1698 3032 1813 3083 ἁλι·

239 3117 433 3185 τήριον
453 3118 627 3171 Σαοὺλ
659 3121 1027 3189 καταρῤίῲας,
1055 3123 1130 3185 ὡς
1160 3124 1322 3191 ἡμεῖς
1347 3123 1558 3191 μεγαλα
1588 3124 1814 3192 φρονοῧ⁴

245 3224 369 3276 μεν,
408 3211 495 3261 ὅτε
524 3209 613 3262 διὰ
640 3213 917 3280 περινοίας
956 3216 1340 3283 ὁρκωμοτικῆς
1382 3215 1811 3287 περιεγενόμεθά

240 3317 389 3361 τινος
420 3301 677 3369 ἀδελφοῦ,
710 3304 843 3358 ὅπου
890 3322 951 3371 γε
987 3306 1106 3358 οἱδέ
1152 3307 1434 3376 ἀλλοτρίου
1482 3307 1627 3369 τινος
1671 3308 1812 3360 οὔτω

242 3393 748 3461 καταστοχάζεσθαι
772 3397 897 3465 χρὴ,
926 3396 1001 3464 μὴ
1033 3397 1113 3448 ὅτι
1145 3414 1207 3463 γε
1241 3397 1596 3464 Χριστιανοῦ,
1624 3399 1810 3467 ὁμοίου

167 3492 177 3499 ”
243 3486 399 3551 μῖν.

314 3574 412 3627 λ6’.
437 3575 621 3631 ἰἀῦτα
649 3577 711 3645 δὴ
740 3579 938 3645 πάντα,
975 3580 1070 3631 καὶ
1101 3574 1200 3633 ὃσα
1224 3580 1456 3634 τοιαῦτα
1484 3583 1812 3652 χαρακτῆρα

239 3663 472 3731 ψεύδους
508 3667 839 3735 ὑπογράφει,
882 3668 1101 3737 ψευδεῖς
1136 3666 1278 3723 εἶναι
1314 3670 1610 3735 δείκνυσιν,
1645 3673 1691 3723 εί
1719 3673 1814 3724 καὶ

248 3753 324 3824 μὴ
358 3755 565 3821 πάντας
596 3757 939 3826 ἀνθρώπους,
973 3761 1109 3814 ἀλλὰ
1151 3760 1287 3829 γοῦν
1323 3764 1469 3833 ἡμᾶς
1511 3763 1638 3824 τοὺς
1670 3762 1813 3814 οὕτω

242 3847 624 3916 διακειμένους
649 3851 778 3921 περὶ
805 3851 903 3922 τὴν
927 3852 1210 3922 ἀλήθειαν.
1262 3854 1476 3907 Ἐκεῖνο
1504 3856 1560 3906 δὲ
1593 3854 1711 3917 πῶς
1744 3854 1810 3904 ἂν

244 3938 333 4007 εἴη
365 3941 730 4007 ἀνθρώπινον,
776 3944 806 4013 ἢ
841 3946 915 4013 μὴ
950 3945 1244 4011 ψευστικὸν
1287 3946 1730 4015 ἀνθρωπότητος.
1764 3949 1812 3998 εἰ

244 4030 354 4081 τῶν
377 4033 816 4103 σπουδαιοτέρων
860 4036 1037 4104 ἔργων
1074 4037 1361 4105 ἀφέμενοι.
1392 4036 1677 4105 καθήμεθα
1713 4036 1816 4104 μά-

242 4138 342 4189 την
366 4122 508 4175 οὕτω
545 4124 674 4193 περὶ
704 4124 930 4194 ζήτησιν
966 4126 1061 4180 τοῦ
1107 4130 1228 4179 κατ’
1260 4128 1526 4197 ἀλλήλους
1567 4126 1685 4196 βίου
1720 4143 1815 4176 πο·-

241 4211 493 4282 νούμενοι
520 4216 613 4267 καὶ
636 4216 1080 4285 διερευνώμενοι,
1098 4219 1160 4270 οὑ
1216 4219 1297 4280 τίς
1320 4218 1546 4285 ἀγαθὸς,
1581 4218 1663 4280 τίς
1692 4219 1814 4270 ἐνά-

244 4320 421 4371 ρετος,
467 4306 550 4367 τις
596 4307 863 4373 φιλόθεος,
905 4308 1042 4361 ἀλλὰ
1088 4309 1173 4368 τίς
1218 4309 1582 4378 ὲφάμαρτος;
1617 4311 1707 4363 ἵνα
1757 4311 1812 4363 τί

242 4396 493 4451 ἐντεῦθεν
512 4400 887 4468 κερδήσωμεν;
906 4401 966 4453 τὸ
984 4403 1381 4471 καταγράφειν,
1401 4405 1463 4453 τὸ
1483 4401 1809 4471 καταγελᾷν,

1920 1931 2279 1985 tionahilibus
2368 1929 2725 1984 animalibus.
2775 1927 2840 1980 Et
2890 1926 3029 1981 forte
3095 1928 3188 1995 qui
3235 1943 3342 1981 non
3400 1936 3488 1981 est

1917 2038 2111 2076 sensus
2178 2035 2400 2087 compos
2450 2020 2590 2072 mala
2646 2019 2792 2073 dicet
2816 2016 2884 2071 de
2938 2020 3150 2087 optimo
3200 2018 3486 2072 hominum

1917 2114 2081 2175 dono,
2117 2114 2498 2181 intelligentia,
2537 2113 2697 2182 quasi
2730 2110 2968 2179 pessima
3031 2120 3203 2165 esset.

1990 2204 2265 2269 3|.Qnod
2308 2211 2579 2274 praeterea
2610 2204 2664 2255 in
2728 2201 2933 2256 talibus
2989 2201 3144 2270 pejus
3198 2210 3304 2265 est,
3361 2216 3485 2254 cum

1921 2294 2059 2347 forte
2088 2308 2205 2364 post
2238 2297 2467 2347 invitum
2505 2294 2872 2358 mendacium,
2893 2294 3293 2358 erubescimus,
3310 2304 3363 2348 et
3386 2309 3495 2348 nos

1920 2387 2139 2453 pmuitc-t
2164 2397 2211 2439 et
2238 2402 2400 2455 quam
2437 2385 2862 2454 diligentissime
2889 2399 3114 2439 causam
3142 2384 3490 2439 defendimus

1921 2490 2162 2530 nostram
2228 2488 2392 2547 atque
2445 2480 2660 2531 veniam
2696 2478 3072 2547 postulamus,
3106 2493 3175 2532 ne
3220 2475 3488 2532 mendacii

1919 2569 2329 2623 convincatnur.
2395 2568 2441 2621 E
2510 2581 2703 2624 contra
2749 2570 2793 2625 si
2850 2570 3094 2625 scienter
3168 2569 3493 2624 mentiendo

1918 2672 2227 2715 commenta
2261 2662 2560 2716 machinati
2589 2678 2805 2727 sumus,
2830 2670 2966 2717 tunc
2994 2664 3150 2733 quasi
3184 2663 3254 2718 de
3286 2662 3486 2733 agendi

1921 2755 2131 2807 ratione
2158 2753 2534 2815 meritissima,
2579 2772 2705 2809 cum
2767 2755 3024 2811 absolute
3094 2756 3487 2811 innocentibus

1919 2845 2235 2913 gloriamur,
2261 2846 2405 2899 sicut
2466 2862 2565 2901 nec
2620 2846 2889 2915 gloriatur
2936 2856 3021 2902 ter
3070 2854 3373 2900 coronatus
3417 2844 3489 2901 de

1916 2926 2171 2992 similiter
2195 2939 2453 3005 praeclare
2488 2938 2652 3004 facto,
2687 2941 2928 2994 victoriae
2952 2953 3211 3016 magnum
3234 2937 3483 2992 bravium

1918 3028 2201 3094 referens;
2264 3045 2364 3084 nec
2421 3032 2501 3085 sic
2553 3031 2770 3085 laetatus
2802 3042 2887 3086 est
2914 3045 3148 3100 magnus
3176 3028 3347 3084 David
3386 3036 3484 3081 aut

1917 3137 1975 3175 se
2009 3121 2203 3176 extulit
2266 3136 2387 3174 cum
2430 3122 2572 3175 hanc
2625 3132 2834 3190 pestem
2875 3122 3005 3175 Saul
3033 3120 3301 3187 (Goliath)
3352 3134 3487 3188 pro-

1918 3213 2135 3273 stravit,
2170 3212 2317 3265 sicut
2373 3226 2474 3266 nos
2545 3228 2742 3281 magna
2789 3211 2857 3267 de
2904 3212 3064 3266 nobis
3110 3210 3377 3265 sentimus
3419 3223 3487 3262 eo

1915 3302 2058 3371 quod
2088 3303 2292 3355 astutia
2314 3303 2634 3370 juramento
2664 3303 2875 3356 fit-inata
2910 3303 3137 3356 fratrem
3163 3303 3481 3356 circumve—

1917 3394 2120 3453 nimus,
2154 3394 2282 3444 dum
2318 3408 2418 3446 nec
2447 3394 2684 3446 alienum
2718 3409 3047 3462 quemquam
3074 3404 3327 3464 appetere
3346 3392 3486 3448 licc-

1918 3492 2020 3546 ret,
2048 3484 2245 3537 nedum
2274 3485 2644 3540 Christianum
2686 3488 2844 3541 nobis
2874 3487 3131 3541 similem.

1988 3576 2078 3630 32.
2112 3577 2235 3631 Haec
2273 3579 2456 3631 omnia
2511 3590 2566 3632 et
2632 3593 2973 3648 quaecunque
3020 3579 3161 3631 tales
3214 3576 3482 3629 mendacii

1918 3680 2061 3721 notae
2094 3668 2404 3739 designant,
2447 3670 2739 3724 mendaces
2782 3685 2903 3724 esse
2946 3671 3249 3723 ostendunt
3280 3668 3328 3723 si
3368 3681 3478 3722 non

1916 3770 2143 3815 cunctos
2188 3762 2463 3829 homines,
2512 3764 2705 3817 saltem
2754 3778 2854 3816 nos
2891 3762 2971 3816 sic
3009 3777 3137 3829 erga
3189 3760 3475 3815 veritatem

1916 3852 2213 3907 animatos.
2271 3852 2409 3907 lllud
2455 3868 2588 3907 vero
2643 3855 2916 3921 quomodo
2964 3852 3266 3906 humanum
3312 3861 3480 3913 esset.

1917 3953 2008 3995 aut
2040 3958 2147 3996 non
2180 3943 2541 3997 humanitatis
2570 3943 2867 4007 mentiens,
2961 3942 3007 3996 si
3060 3943 3246 3997 studio
3279 3942 3482 4013 dignas

1914 4050 2110 4102 Operas
2139 4037 2647 4105 prater-mittentes,
2684 4051 2822 4089 vane
2851 4035 3108 4090 sedentes
3161 4036 3216 4089 in
3242 4038 3476 4088 aliorum

1918 4126 2040 4178 vitae
2090 4126 2492 4195 indagationem
2532 4126 2749 4180 solliciti
2799 4135 2854 4180 et
2896 4125 3241 4195 inquirentes
3285 4140 3480 4179 sumus

1917 4232 2022 4270 non
2052 4218 2177 4286 quis
2206 4218 2403 4283 bnnus,
2447 4220 2573 4286 quis
2611 4216 2923 4281 laudabilis,
2971 4216 3097 4284 quis
3159 4214 3330 4270 Deum
3358 4215 3483 4270 dili-

1914 4322 2070 4375 gens,
2101 4311 2194 4362 sed
2223 4310 2346 4378 quis
2368 4292 2671 4376 peccator?
2702 4310 2769 4362 Et
2796 4308 2926 4375 quid
2984 4307 3122 4362 lucri
3160 4307 3363 4362 exinde
3389 4323 3479 4362 re-

1916 4399 2254 4465 portabimus
2284 4399 2307 4451 ?
2343 4413 2641 4461 accusare,
2680 4398 2934 4460 irridere,
2969 4397 3165 4451 acerbe
3200 4396 3480 4458 cavillari.

240 4487 304 4539 τὸ
328 4487 622 4553 σκώπτειν,
655 4492 713 4543 τὸ
736 4490 1071 4557 διαϐάλλειν,
1100 4493 1161 4544 τὸ
1187 4494 1566 4559 συκοφαντεῖν,
1601 4493 1696 4543 καὶ
1719 4492 1806 4544 διὰ
1846 4509 1883 4561 ι)

1846 4509 1883 4561 ι)
1915 4491 2256 4555 insimulare,
2289 4491 2635 4553 calumniari,
2662 4490 3032 4558 omnibusque
3092 4488 3214 4543 istis
3278 4488 3479 4544 rodere

242 4579 467 4634 πάντων
488 4582 693 4636 τούτων
716 4585 1188 4654 ἀνθρωποφαγεῖν·
1218 4579 1279 4637 οὗ
1310 4584 1361 4635 τί
1393 4583 1460 4635 ἂν
1484 4584 1571 4650 εἴη
1608 4583 1810 4652 μιαρώ·

240 4690 401 4741 τερον
426 4674 521 4726 καὶ
552 4674 999 4744 θεομισέστερον;

311 4765 415 4832 λγ’.
447 4766 512 4818 El
536 4766 592 4819 δὲ
622 4767 715 4817 καὶ
738 4766 915 4828 ἄλλως
939 4764 1299 4820 ὲπελευστὲον
1329 4785 1395 4819 τα
1428 4769 1519 4820 τοῦ
1551 4768 1804 4836 ψεύδους,

240 4856 554 4925 ψευδόμεθα
585 4856 686 4926 τὴν
716 4857 963 4926 πορείαν,
993 4858 1122 4910 ὅταν
1151 4858 1200 4909 οἱ
1231 4858 1389 4919 πόδες
1419 4858 1574 4925 ἡμῶν
1606 4862 1685 4919 είς
1715 4876 1811 4911 καο

242 4947 369 5000 κίαν
392 4947 681 5017 τρέχωσιν.
719 4949 831 5001 Οὐκ
868 4947 1269 5017 ἐπαληθεύεται
1302 4950 1437 5016 ἡμῖν
1472 4947 1648 5018 οὐδὲή
1683 4949 1810 5001 στά-

244 5056 350 5101 σις,
377 5038 463 5090 ὅτε
495 5039 906 5107 ύπενδιδόαμεν,
933 5039 1035 5108 τῆς
1069 5039 1463 5107 σταθερότητος
1498 5041 1560 5090 τὸ
1590 5040 1647 5089 ἐν
1674 5046 1809 5105 ἁγα-

244 5130 358 5191 θοῖς
382 5129 772 5197 ἁπολεγόμενοι
804 5130 1089 5194 στάσιμον.
1112 5130 1435 5197 Ψευδόμεθα
1464 5131 1562 5191 τὰς
1592 5130 1803 5198 ἡδονὰς,

244 5220 335 5271 ὅτε
368 5219 853 5289 παρεξηυλημέναι
889 5221 988 5272 οὐκ
1019 5221 1307 5288 εὐρύθμως
1348 5222 1405 5274 ὲν
1445 5224 1575 5290 ἡμῖν
1600 5224 1806 5291 ἁρμότ-

241 5324 451 5360 τονται.
485 5309 811 5377 Ψευδόμεθα
839 5310 938 5372 τὰς
962 5310 1161 5375 λύπας,
1187 5312 1351 5379 ἡνίκα
1381 5315 1464 5378 ἐφ’
1501 5308 1580 5373 οἷς
1610 5315 1667 5363 οὐ
1702 5315 1808 5382 χρὴ

244 5400 646 5469 παθαινόμεθα.
675 5402 998 5471 Ψευδόμεθα
1027 5403 1086 5455 τὸ
1112 5402 1341 5467 κλαίειν,
1370 5406 1457 5456 ὅτε
1491 5406 1582 5457 καὶ
1616 5423 1811 5475 κροκο-

243 5494 569 5563 δειλίζομεν,
609 5495 696 5563 ἐφ’
747 5488 835 5556 αἶς
874 5495 949 5563 μὴ
998 5494 1198 5564 ἔχομεν
1226 5497 1536 5548 κατεσθίειν
1579 5499 1806 5564 ὁλοκλή-

246 5607 355 5659 ρως
389 5590 510 5651 τοὺς
535 5588 820 5657 ἀδελφούς.
850 5590 960 5642 Καὶ
985 5590 1091 5660 γάρ
1117 5607 1198 5642 τοι
1225 5591 1318 5642 καὶ
1348 5590 1687 5658 κροκόδειλος
1720 5608 1781 5639 πυ

244 5680 441 5750 τάμιος
471 5680 758 5750 ἀνθρώπου
786 5683 1228 5752 περιγενόμενος,
1258 5681 1350 5735 καὶ
1374 5682 1464 5733 τὸν
1489 5681 1610 5732 ὅλον
1641 5700 1808 5734 λαπαε

246 5776 457 5839 σπάσας
479 5774 607 5846 ἄχρι
640 5776 733 5830 καὶ
764 5776 844 5839 εἰς
887 5776 1153 5844 κεφαλὴν,
1185 5772 1302 5827 εἶτα
1352 5772 1542 5841 μαθὼν
1567 5775 1805 5839 ἁταρκιδν

1915 4581 2161 4633 homines
2196 4598 2209 4643 ;
2258 4596 2365 4649 quo
2390 4581 2519 4649 quid
2546 4581 2838 4635 scelestius
2874 4618 2890 4644 ,
2918 4580 3051 4649 quid
3106 4579 3303 4650 majori
3349 4582 3479 4637 odio

1913 4687 2095 4724 coram
2149 4671 2297 4723 Deo?

1982 4764 2070 4817 33.
2108 4763 2234 4817 Siet
2260 4766 2480 4820 aliunde
2506 4766 2711 4819 mentio
2756 4765 2824 4821 de
2864 4768 3153 4821 mendacio
3200 4766 3476 4833 habenda,

1914 4857 2029 4909 vias
2054 4867 2271 4910 nostras
2296 4858 2846 4927 meutimur,quando
2873 4859 3034 4926 pedes
3062 4858 3234 4912 nostri
3264 4859 3477 4914 veloces

1914 4950 1965 5001 in
1998 4948 2201 5001 malum
2236 4959 2492 5003 currunt.
2525 4947 2637 5004 Nec
2671 4949 2868 5003 veritas
2908 4960 2993 5003 est
3046 4950 3191 5019 apud
3218 4964 3322 5005 nos
3362 4958 3479 5003 sta-

1913 5042 2009 5103 tio,
2052 5043 2274 5111 quando
2305 5051 2451 5097 retro
2479 5042 2745 5098 cedimus.
2775 5041 3097 5097 recedentes
3123 5057 3153 5096 a
3178 5042 3477 5097 stabilitate

1912 5152 2006 5205 per
2064 5139 2355 5191 stationem
2416 5138 2468 5191 in
2516 5138 2696 5191 bouis.
2751 5135 3049 5190 Mentimur
3122 5136 3472 5206 voluptates,

1915 5231 2135 5295 quando
2168 5233 2456 5284 exstinctae
2507 5244 2617 5282 non
2666 5230 2831 5283 nobis
2863 5228 3225 5283 concordant.
3280 5227 3477 5281 Menti-

1916 5336 2036 5373 inur
2094 5335 2359 5374 nuerores
2419 5320 2640 5385 quando
2701 5318 2769 5373 de
2823 5318 3026 5385 quibus
3094 5333 3205 5371 non
3257 5314 3481 5386 oportet

1914 5413 2079 5467 corde
2148 5412 2455 5477 atlliginiur.
2490 5410 2781 5465 Mentimur
2846 5410 3222 5480 lacrymando,
3251 5408 3474 5478 quando

1914 5506 2182 5559 maitiose
2216 5504 2405 5557 ﬂemus
2432 5502 2689 5556 crocodili
2732 5514 2906 5565 more,
2933 5515 2999 5554 eo
3025 5499 3169 5569 quod
3202 5498 3361 5553 nobis
3381 5499 3477 5554 de-

1915 5594 1983 5646 sit
2023 5592 2248 5643 omnino
2281 5592 2480 5643 fratres
2524 5588 2821 5644 devorandi
2854 5589 3120 5643 tacultas.
3185 5586 3279 5642 Sic
3324 5587 3472 5643 enim

1914 5692 1967 5737 et
1988 5683 2297 5737 crocodilus
2353 5682 2634 5735 fluviatilis
2692 5690 2917 5750 arrepto
2973 5680 3217 5740 homine.
3251 5686 3477 5749 totoque

1914 5785 2106 5831 vorato
2157 5791 2331 5847 usque
2355 5778 2422 5831 ad
2454 5781 2617 5847 caput
2640 5772 2871 5841 ;deinde
2894 5772 3245 5829 macilentam
3266 5784 3390 5831 esse
3414 5778 3474 5828 et
