4156 6214
1369 370 2082 519 ΤΒΑΒᾎΙῚῚΟ
2210 369 3106 464 CATHOLICA.

1622 529 2025 596 SACCULUM
2058 529 2190 606 XII,
2239 528 2840 595 ΑΝΝ11190-1200.

1883 710 2604 817 ELENCHUS

652 914 1211 990 AUGTORUM
1235 916 1369 987 ET
1388 912 1810 988 OPEBUM
1834 914 2009 1007 ρυι
2036 916 2154 985 IN
2170 913 2378 988 HOC
2405 912 2700 987 'I'OMO
2718 913 3050 986 CXXXV
3070 914 3830 994 CONTINBNTUR.

2053 1105 2411 1127 ψ

1862 1240 2201 1305 JOANNES
2242 1238 2615 1302 ZONARAS.

650 1342 910 1403 Annales
954 1340 1422 1420 (Continuatio).
3477 1342 3590 1399 col.
3799 1343 3836 1401 9

647 1437 925 1517 Epitome
950 1454 1251 1500 annorum
1280 1435 1355 1499 ab
1382 1436 1575 1499 Adam
1603 1453 1789 1515 usque
1817 1437 1894 1499 ad
1922 1453 2155 1498 annum
2182 1434 2361 1511 6589,
2398 1434 2507 1496 hoc
2534 1437 2621 1496 est
2649 1431 2731 1495 ad
2762 1432 3007 1495 initium
3033 1431 3239 1495 Alexii
3275 1433 3589 1498 Comneni.
3649 1461 3659 1468 -
3718 1437 3835 1501 827

647 1536 1023 1615 Argumenta
1063 1552 1270 1597 rerum
1312 1552 1444 1615 quae
1483 1536 1549 1596 in
1589 1534 1847 1596 Joannis
1887 1536 2145 1597 Zonaras
2190 1531 2526 1596 Annalibus
2567 1533 2978 1593 continentur.
3717 1534 3837 1597 333

648 1631 736 1694 De
777 1631 1076 1695 Hebdomo
1122 1631 1442 1712 Cpolitano
1484 1630 1582 1693 Du
1628 1631 1847 1712 Cangii
1888 1632 2246 1711 Disquisitio
2291 1629 2744 1712 topographica.
3719 1631 3834 1691 387

649 1727 851 1791 Canon
896 1734 957 1790 in
1000 1728 1105 1790 SS.
1154 1728 1489 1804 Deiparam.
3718 1728 3836 1790 413

647 1825 949 1904 Expositio
991 1827 1297 1889 Canonum
1334 1826 1844 1889 Anastasimorum
1887 1826 2267 1902 Damasceni,
2314 1844 2383 1886 ex
2426 1827 2681 1886 editione
2734 1823 3024 1900 Romana,
3071 1841 3204 1884 cum
3250 1826 3595 1900 interpreta-

726 1929 887 1986 tione
927 1935 1146 1987 nostra.
3541 1975 3555 1989 .
3716 1922 3829 1983 421

646 2019 816 2093 Quod
859 2040 980 2083 non
1024 2026 1275 2083 debeant
1316 2025 1434 2083 duo
1479 2024 1705 2084 sobrini
1749 2025 2015 2083 eamdem
2060 2025 2121 2082 in
2168 2023 2613 2082 matrimonium
2657 2024 2948 2097 accipere.
3719 2018 3838 2083 429

646 2117 733 2180 De
774 2123 1150 2182 seminiﬂuis.
3720 2116 3836 2179 437

646 2215 951 2293 Epistolas.
3676 2214 3834 2276 Ibid.

773 2338 1009 2398 (Joannis
1027 2340 1238 2388 Zonarw
1251 2338 1652 2390 Commentarios
1672 2339 1727 2388 in
1749 2337 1979 2389 Canones
1998 2339 2351 2399 conciliorum,
2373 2342 2423 2387 et
2445 2339 2499 2389 in
2522 2337 2789 2399 Epistolas
2809 2338 3077 2387 canonicos
3089 2335 3182 2386 SS.
3197 2337 3418 2388 Patrum
3437 2351 3550 2388 cum
3580 2316 3589 2321 ’

712 2417 1104 2469 Commentariis
1130 2419 1309 2469 Theod.
1334 2418 1676 2481 Balsamonis,
1695 2419 1877 2482 quibus
1896 2421 1950 2469 in
1969 2420 2225 2470 codicibus
2245 2432 2359 2469 mss.
2381 2419 2750 2480 subjiciuntur,
2770 2417 2875 2478 inf!
2899 2453 2907 2461 .
2934 2418 3132 2467 edimus
3151 2421 3269 2467 tom.
3295 2418 3474 2468 CXXX
3484 2417 3606 2481 VII.)

1253 2533 1636 2597 GEORGIUS
1690 2532 2126 2596 XIPHILINUS
2179 2531 2651 2596 CPOLITANUS
2708 2530 3217 2595 PATRIARCHA.

647 2663 955 2727 Decretum
1000 2669 1072 2726 de
1107 2668 1341 2742 juribus
1383 2667 1834 2727 territoriorum.
3678 2667 3837 2729 Ibid.

1450 2796 1799 2859 ISAACIUS
1855 2794 2210 2858 ANGELUS
2265 2794 2737 2858 CPOLITANUS
2791 2794 2948 2861 IMP.

646 2929 904 2992 Novellze
948 2930 1435 2993 Constitutiones.
3724 2930 3839 2993 439

1750 3061 2203 3124 NEOPHYTUS
2258 3060 2724 3125 PRESBYTER.

644 3193 728 3256 De
769 3198 1208 3258 calamitatibus
1251 3200 1463 3258 insula:
1505 3195 1683 3274 Cypri
1728 3200 2157 3272 imperantibus
2198 3194 2445 3259 Latinis.
3716 3198 3833 3260 495

1426 3330 1766 3394 JOANNES
1822 3331 2096 3393 CHILAS
2152 3330 2421 3394 EPHESI
2478 3329 3043 3395 METROPOLITA.

643 3461 900 3540 Notitia,
946 3463 1046 3525 cui
1088 3464 1300 3526 insunt
1340 3467 1689 3545 fragmenta
1733 3465 2092 3546 dogmatica.
3310 3450 3359 3553 μ’
3710 3462 3824 3528 501

641 3558 727 3621 De
767 3564 1143 3637 processione
1186 3560 1443 3638 Spiritus
1486 3566 1674 3623 sancti
1717 3567 1791 3623 ad
1836 3568 1981 3640 imp.
2029 3562 2440 3625 Andronicum
2484 3564 2802 3626 seniorem.
3708 3562 3827 3624 506

1079 3690 1456 3756 NICOLAUS
1509 3692 2044 3757 METHONENSIS
2096 3694 2176 3756 IN
2230 3692 2781 3757 PELOPONNESO
2834 3692 3389 3757 METROPOLITA.

642 3822 726 3885 De
768 3842 1014 3901 corpore
1057 3836 1114 3887 et
1156 3831 1445 3904 sanguine
1485 3826 1727 3891 Christi.
3709 3825 3828 3889 509

736 3939 997 3999 (Consulto
1028 3941 1306 3999 omisimus,
1338 3945 1399 3992 ut
1430 3941 1494 3991 ab
1514 3943 1757 3992 instituto
1787 3945 1967 3992 nostra
2004 3941 2225 4003 alienas,
2264 3939 2473 3993 Nicolai
2510 3940 2895 4003 Refutationem
2930 3942 3287 3993 Institutionis
3316 3943 3616 4006 theologia:

703 4017 896 4081 Procli,
915 4033 1063 4083 quam
1080 4020 1422 4083 Francofurti
1442 4024 1565 4072 1825
1584 4022 1861 4072 ediderunt
1884 4021 2104 4071 Crutzer
2121 4025 2175 4071 et
2212 4020 2411 4071 Voemel
2429 4033 2449 4082 ,'
2469 4022 2592 4071 item
2612 4023 2835 4083 ejusdem
2857 4021 3173 4084 Quaestiones
3193 4027 3242 4074 et
3259 4024 3617 4087 responsiones

702 4099 761 4150 in
788 4104 1168 4164 programmate
1208 4101 1511 4153 Academico
1546 4101 1753 4162 ibidem,
1790 4115 1877 4151 an.
1916 4103 2037 4151 1825
2068 4104 2123 4151 et
2154 4103 2234 4161 26,
2270 4100 2335 4151 ab
2369 4101 2476 4163 ipso
2518 4100 2716 4152 Voemel
2748 4102 2954 4165 editas.)

1295 4216 1767 4281 EUSTATHIUS
1820 4215 2553 4280 THESSALONICENSIS
2606 4216 3160 4281 METROPOLITA.

638 4348 901 4415 Notitia.

3705 4349 3823 4414 517

639 4445 840 4510 Oratio
882 4450 946 4508 in
987 4445 1290 4509 Psalmum
3705 4448 3826 4512 519

638 4542 839 4606 Oratio
881 4562 1037 4606 anno
1080 4532 1707 4634 auspicandq'dfabiia.
3705 4544 3828 4610 539

638 4640 947 4704 Orationes
989 4644 1344 4735 qgaprprdp
1367 4634 2041 4735 Quadragesimam.
3705 4641 3820 4708 561

637 4736 723 4800 De
763 4722 1147 4832 emendanda,
1168 4722 1721 4832 fita-monachica;
3705 4737 3824 4800 729

941 4821 1339 4923 ,Thebphilus.
1366 4821 1796 4927 etjﬁieizp'cfes"
1836 4821 2179 4915 inscriptus.
3700 4834 3823 4900 909

591 4916 1002 5013 {supplicatio
1055 4916 1309 5008 Manueli
1366 4916 1668 5009 ἔζοῶἧὲᾰο
1722 4938 1896 5013 imp.,
1956 4936 2199 4996 nomine

1956 4936 2199 4996 nomine
2252 4936 2508 4997 civitatis
2552 4936 3141 5013 Constantinopoleos
3192 4938 3389 4999 oblata
3441 4954 3575 4998 cum

590 5034 608 5048 '
717 5032 997 5105 siccitate"
1010 5022 1345 5094 'laboraret.
2746 5086 2757 5094 .
3698 5029 3822 5095 9ἓῦ

567 5198 584 5211 ,
629 5116 967 5222 Μιῐξὸῑξίερε.
990 5136 1069 5191 ad
1125 5132 1274 5207 imp.
1330 5128 1662 5191 Manuelem
1710 5129 2103 5207 Comnenum,
2169 5148 2308 5192 cum
2362 5140 2515 5193 esset
2559 5129 2860 5209 Myrorum
2910 5136 3282 5211 metropolita
3334 5134 3574 5194 electus.
3698 5125 3820 5193 933

581 5221 924 5299 '-,Lai1datio
982 5229 1249 5289 funebris
1302 5225 1592 5290 Manuelis
1645 5225 1953 5292 Comneni.
3699 5221 3819 5290 9'73

554 5318 907 5402 ~"Epistola
958 5328 1035 5387 ad
1088 5324 1670 5388 Thessalonicenses.
3358 5346 3363 5353 ’
3664 5318 3815 5386 1031

719 5422 1000 5504 (Reliqua
1042 5424 1112 5486 in
1156 5428 1315 5487 tomo
1356 5426 1633 5505 sequenti
1673 5425 2155 5504 continuantur.)

637 5519 819 5582 Index
872 5524 1205 5602 analyticus
1258 5524 1321 5584 in
1372 5521 1617 5584 Joannis
1670 5521 1915 5585 Zonarae
1967 5523 2255 5586 Annales.
3666 5513 3815 5580 1061

4040 407 4076 447 5
