4156 6214
457 283 531 343 η
1793 278 2124 343 JOANNIS
2166 280 2507 343 zonam:
3732 314 3737 323 .
3786 292 3862 349 η

454 415 655 469 rarent
682 428 699 469 :
729 411 887 484 quod
917 427 1056 469 cum
1106 412 1194 469 illi
1239 412 1600 470 ferventibus
1658 411 1876 468 animis
1932 410 2083 467 feois

2207 409 2487 483 πωμάτων
2551 408 2631 474 εἲς
2679 407 2987 489 τούμφανὶς
3055 411 3425 487 προσκύνησίς
3476 435 3538 470 τε
3587 414 3680 471 καὶ
3734 416 3868 473 ἀνα-

458 500 802 571 sent,Deum
816 517 1018 573 preces
1034 517 1338 558 servorum
1359 518 1603 557 suorum
1628 517 1741 557 nou
1755 516 1886 556 esse
1904 514 2104 571 asper-

457 593 687 657 natum,
741 591 844 646 sed
905 590 1202 663 ignovisse
1230 590 1567 663 imperatori
1613 588 1963 662 Theophilo.
2001 590 2105 645 Ce-

459 678 762 735 lebrantur
810 680 952 747 hac,
981 684 1034 734 et
1066 679 1141 734 ah
1174 680 1259 735 eis
1290 680 1391 751 qui
1421 678 1523 734 Dei
1555 678 1982 734 humanitatem
2013 678 2104 732 in-

461 771 725 836 tuentur;
752 775 809 823 et
841 767 1228 838 recipiuntur,
1260 775 1319 824 et
1364 768 1703 823 creduntur.
1736 767 1936 837 Neque
1968 782 2104 822 vero

459 856 771 927 quisquam
803 856 887 911 eis
945 856 1121 911 fidem
1177 857 1496 928 abrogarit,
1557 855 1672 912 nisi
1729 856 1831 927 qui
1897 871 2103 927 parum

459 961 632 1017 posse
662 944 1115 1001 intercessiones
1164 952 1503 1002 sanctorum
1559 946 1712 1018 apud
1745 946 1933 1001 Deum
1966 960 2107 1000 sen-

461 1032 628 1100 serit,
657 1037 715 1089 et
743 1033 845 1089 Dei
876 1033 1199 1089 bonitatem
1230 1050 1363 1089 cum
1398 1034 1678 1089 humanis
1709 1032 1919 1089 erratis
1949 1048 2105 1088 com-

463 1138 678 1193 ponere
699 1121 1096 1194 ignorarit.Ita
1112 1121 1295 1194 igitur
1312 1138 1487 1178 sacris
1509 1122 1798 1194 imagines
1825 1121 2107 1177 restitutae

462 1214 621 1266 sunt.
653 1210 908 1267 Joannes
939 1226 1073 1267 vero
1105 1210 1440 1282 patriarcha
1468 1211 1689 1282 ejectus
1728 1216 1831 1267 aut
1886 1211 2107 1266 Jannes

467 1299 687 1371 potius,
729 1304 785 1355 et
840 1300 897 1354 in
957 1278 1378 1356 monasterium
1437 1278 1734 1372 quoddam
1792 1299 2109 1371 relegatus,

468 1403 603 1444 cum
633 1386 754 1442 illic
784 1387 998 1445 Christi
1032 1389 1189 1445 I54
1213 1389 1554 1461 imaginem,
1583 1393 1641 1443 et
1670 1391 1798 1459 ejus
1829 1405 1953 1459 quas
1975 1404 2108 1444 eum

469 1477 597 1532 sine
651 1475 872 1531 semine
906 1476 1150 1547 peperit,
1184 1477 1520 1549 reperisset,
1553 1477 1754 1532 oculos
1812 1492 2110 1533 sacrarum

468 1564 800 1637 imaginum
831 1566 1050 1620 eii‘odit.
1084 1567 1205 1631 Quo
1237 1565 1581 1637 imperatrix
1612 1565 1868 1637 cognito,
1911 1570 2110 1622 sancto

468 1652 590 1709 zelo
622 1653 882 1723 incitata,
918 1654 1099 1724 impio
1132 1653 1355 1709 homini
1388 1654 1590 1710 oculos
1619 1655 1743 1710 erni
1769 1654 1974 1725 jussit,
2008 1653 2110 1710 sed

2212 497 2493 569 στήλωσις
2542 542 2556 557 .
2615 501 2746 556 ’Ότε
2818 498 2945 578 φασὶ
3024 501 3116 555 καὶ
3190 504 3302 575 (37)
3371 503 3471 571 τὴν
3550 504 3868 580 βασίλισσαν

2214 587 2521 662 θερμότατα
2578 586 2836 659 δεηθῆναι
2906 593 3004 644 τοῦ
3080 610 3140 645 τε
3207 590 3553 668 πατριάρχου
3617 597 3710 649 καὶ
3760 601 3868 651 τῶν

2214 673 2400 732 ἄλλων
2459 676 2759 754 ἀρχιερέων
2817 678 2906 732 καὶ
2958 683 3217 755 μοναχῶν
3266 682 3453 750 κοινὴν
3483 689 3870 758 προσενεγκεῖν

2216 762 2400 836 δέησιν
2428 768 2538 840 (38)
2569 771 2648 839 τῷ
2687 771 2804 839 Θεῷ
2858 766 2995 823 ὥστε
3041 770 3316 844 σωτηρίας
3369 776 3562 847 τυχεῖν
3619 773 3710 828 τὸν
3776 775 3877 847 βα-

2213 853 2371 909 σιλέα
2426 855 2515 910 καὶ
2574 855 2888 927 ξυνευνέτην
2934 855 3125 927 αὐτῆςο
3176 857 3266 912 καὶ
3327 859 3512 932 μέντοι
3560 862 3869 936 θερμότατα

2217 940 2477 1014 δεηθῆναι
2533 943 2729 1007 αὐτοὺς
2784 949 2882 1000 τοῦ
2939 949 3073 1000 Θεοῦ
3102 987 3117 1015 ,
3174 946 3265 1002 καὶ
3321 948 3411 1003 τὸν
3484 949 3559 1022 μή
3615 948 3864 1024 παριδεῖν

2212 1033 2312 1101 τήν
2370 1031 2582 1104 α’ίτησιν
2641 1038 2750 1089 τῶν
2805 1029 3143 1110 θεραπόντων
3190 1036 3394 1110 αὐτοῦ,
3446 1036 3577 1093 ἀλλ’
3636 1038 3861 1110 ἀξιῶσαι

2218 1122 2546 1198 συγγνώμης
2601 1122 2694 1177 τὸν
2770 1121 2995 1196 βασιλέα
3048 1122 3311 1202 Θεόφιλον
3348 1166 3362 1180 .
3418 1123 3639 1197 ᾋδεται
3697 1132 3867 1183 ταῦτα

2215 1210 2307 1265 καὶ
2357 1216 2476 1273 τοῖς
2528 1211 2775 1289 ἀφορῶσι
2829 1211 2965 1281 πρὸς
3018 1212 3082 1267 τὸ
3134 1212 3518 1290 φιλάνθρωπον
3575 1220 3673 1271 τοῦ
3704 1221 3859 1290 Θεοῦ,

2215 1298 2306 1353 καὶ
2363 1297 2600 1375 δέχεται,
2660 1300 2750 1354 καὶ
2806 1299 3135 1356 πιστεύεται.
3196 1302 3507 1373 Ἀπιστήσει
3562 1300 3609 1358 δ’
3666 1302 3865 1379 οὐδεὶς,

2218 1386 2254 1457 ἢ
2287 1386 2434 1450 ὅστις
2466 1387 2528 1442 ού
2563 1387 2697 1463 μέγα
2748 1384 2917 1443 οἷέται
2976 1385 3231 1452 δύνασθαι
3283 1392 3378 1453 τὰς
3436 1396 3544 1447 τῶν
3584 1392 3760 1468 ἁγίων
3794 1393 3873 1449 ἐν·

2217 1474 2417 1548 τεύξεις
2471 1476 2567 1538 τὰς
2625 1478 2761 1553 πρὸς
2817 1478 2909 1531 τὸν
2967 1477 3120 1547 Θεὸν,
3180 1475 3295 1532 οὐδ’
3360 1479 3699 1556 ἀντιμετριῖν
3758 1480 3873 1538 οἵδε

2217 1566 2316 1634 τὴν
2360 1569 2457 1619 τοῦ
2507 1563 2641 1619 Θεοῦ
2681 1566 2989 1640 ἀγαθότητα
3029 1566 3166 1640 πρὸς
3209 1567 3276 1621 τὰ
3321 1568 3632 1643 ἀνθρώπινα
3675 1570 3878 1646 ἀγνοή·

2225 1674 2386 1726 ματα.
2418 1654 2479 1708 Ἣ
2523 1653 2618 1725 μὲν
2669 1652 2760 1708 οὖν
2805 1651 2914 1708 τῶν
2964 1654 3137 1729 ἁγίων
3185 1653 3404 1710 εἷκόνων
3456 1655 3599 1711 οὕτω
3646 1658 3867 1734 γέγονεν

469 1741 813 1801 mandatum
845 1743 972 1813 ejus
1011 1759 1125 1797 non
1157 1748 1247 1798 est
1275 1749 1601 1814 peractum,
1643 1744 1810 1814 justa
1836 1743 1994 1798 illius
2026 1744 2083 1798 ira

2223 1739 2617 1812 ἀναστήλωσις.
2676 1742 2736 1799 Ὁ
2784 1738 2843 1796 δὲ
2883 1742 3220 1817 καθαιρεθεὶς
3276 1745 3627 1821 πατριάρχης
3685 1747 3870 1802 Ἰωάν-

470 1847 504 1885 a
557 1830 863 1886 nonnullis
924 1831 1194 1903 mitigata
1247 1831 1684 1888 :nihilominus
1730 1836 1927 1887 tamen
1979 1847 2116 1888 eum

474 1919 677 1991 ﬂagris
708 1920 850 1975 caedi
884 1919 1082 1990 jussit,
1136 1919 1326 1992 plagis
1371 1921 1642 1976 ducentis
1672 1920 1872 1977 illatis.
1907 1921 2017 1977 Sed
2049 1937 2116 1977 eo

476 2024 713 2079 quoque
726 2013 881 2064 statu
896 2009 1182 2080 impostor
1196 2010 1445 2080 ejusque
1468 2010 2115 2080 suifragatores,eodem

477 2111 592 2167 que
622 2098 793 2153 modo
828 2097 953 2153 suis
984 2098 1195 2169 privati
1226 2098 1641 2170 dignitatibus,
1675 2098 1973 2169 quiescere
1999 2115 2115 2154 non

476 2188 815 2256 potuerunt,
843 2186 942 2241 sed
974 2186 1201 2242 facinus
1229 2191 1432 2241 contra
1460 2190 1727 2242 sanctum
1756 2186 2114 2243 Methodium

474 2272 794 2329 machinati
873 2280 1033 2342 sunt,
1092 2292 1201 2330 sua
1277 2275 1686 2346 desperatione
1736 2282 1794 2331 et
1847 2276 2113 2331 vecordia

466 2361 735 2434 dignum.
768 2362 1169 2419 Mulierculam
1227 2365 1548 2436 quamdam
1599 2363 1782 2420 multo
1810 2381 1954 2420 auro
1982 2380 2112 2420 cor-

464 2456 700 2522 ruptam
756 2452 1182 2520 subornarunt,
1216 2469 1343 2524 quas
1383 2468 1448 2508 se
1479 2459 1817 2525 corruptam
1866 2469 1996 2508 esse
2035 2454 2107 2509 ab

458 2537 674 2611 inclyte
731 2538 831 2595 illo
887 2539 1006 2595 viro
1065 2545 1427 2611 quereretur.
1489 2540 1630 2611 Ejus
1712 2542 2106 2597 accusationis

455 2625 753 2699 principes
775 2632 1016 2683 senatus
1036 2627 1384 2699 quaesitores
1414 2628 1574 2684 fuere
1599 2645 1611 2684 :
1645 2629 1834 2683 astitit
1862 2629 2104 2684 mulier-

2225 1851 2343 1899 νης,
2375 1828 2409 1897 ἢ
2444 1830 2674 1900 Ἰάννης,
2723 1829 2776 1885 ἐν
2830 1833 2971 1904 μονῇ
3014 1851 3120 1885 τινι
3166 1834 3551 1909 περιορισθεὶς,
3595 1835 3686 1889 καὶ
3717 1834 3873 1912 εύρη-

2222 1918 2333 1981 κὼς
2362 1917 2472 1973 ἐκεῖ
2501 1912 2682 1973 εἰκόνα
2731 1922 2827 1972 τοῦ
2872 1925 3134 1995 Σωτῆρος
3184 1925 3445 1996 Χριστοῦ,
3472 1922 3562 1976 καὶ
3604 1931 3705 1993 τῆς
3736 1926 3869 1981 αὐτὸ

2224 2006 2478 2083 ἀσπόρως
2535 2006 2821 2077 τεκούσης,
2870 2008 2937 2061 τὰ
2994 2004 3217 2080 ὄμματα
3267 2014 3375 2064 τῶν
3427 2005 3742 2085 σεϐασμίων
3784 2012 3868 2069 έκ-

2221 2097 2565 2169 τυπωμάτων
2621 2094 2899 2169 ἐξώρυξεν.
2948 2098 3014 2154 ⁴⁸Ο
3075 2101 3322 2169 μαθοῦσα
3371 2101 3406 2167 ἡ
3469 2098 3711 2174 βασιλὶς,
3774 2107 3868 2157 καῖ

2226 2183 2391 2252 ζῆλον
2451 2185 2591 2238 θεῖον
2655 2184 2985 2254 ζηλώσασα,
3042 2184 3173 2247 τοὺς
3228 2190 3327 2241 τοῦ
3379 2182 3605 2251 ἀσεϐοῦς
3659 2189 3863 2245 ἐκείνου

2220 2271 2513 2342 ἐκκοπῆναι
2566 2271 2881 2348 προσέταξεν
2942 2270 3287 2350 όφθαλμούς’
3336 2274 3464 2330 ἀλλ’
3521 2276 3622 2332 οὐκ
3664 2277 3740 2340 εἷς
3786 2277 3871 2355 ἔρ-

2218 2382 2313 2435 γον
2348 2356 2501 2432 ἐξέϐη
2558 2362 2622 2416 τὸ
2677 2360 3021 2437 πρόσταγμα,
3067 2365 3137 2436 τῇ
3199 2360 3443 2437 βασιλίδι
3488 2365 3589 2434 τήν
3649 2363 3864 2423 δικαίαν

2218 2450 2383 2525 ὀργὴν
2423 2451 2910 2526 καταπραϋνάντων
2961 2454 3138 2505 τινῶν.
3195 2450 3456 2526 Πέμψασα
3512 2450 3569 2507 δὲ
3617 2455 3861 2531 σκυτάλῃ

2211 2543 2405 2593 τοῦτον
2436 2536 2687 2612 ᾐκίσατο,
2734 2542 2842 2593 τῶν
2895 2537 3165 2612 αἰκισμῶν
3215 2542 3621 2616 παραταθέντων
3657 2542 3862 2620 μέχρις

2213 2623 2567 2689 ἑκατοντάδος
2624 2624 2828 2695 διπλῆς
2872 2628 3015 2699 (39).
3058 2625 3237 2681 Ἀλλὰ
3283 2628 3372 2681 καὶ
3431 2628 3605 2691 οὕτως
3648 2626 3792 2704 ἔχων
3827 2634 3856 2687 ὁ

453 2713 606 2782 cula,
639 2731 824 2787 eaque
854 2715 1022 2781 dixit,
1071 2731 1200 2787 qua:
1234 2716 1305 2771 ab
1339 2715 1540 2786 impiis
1568 2716 1688 2771 illis
1719 2715 2083 2789 sycophantit

2207 2711 2345 2791 γόης
2375 2714 2465 2769 καὶ
2491 2716 2544 2768 οἱ
2574 2712 2960 2783 ὁποδοξοῦντες
3005 2714 3173 2787 αὐτῷ,
3222 2715 3311 2769 καὶ
3358 2719 3426 2788 τῇ
3471 2716 3637 2772 αὐτοῦ
3666 2730 3858 2784 καθαι-

451 2802 657 2859 edocta
683 2803 894 2873 fuerat,
917 2803 1220 2875 virumque
1251 2809 1522 2860 sanctum
1554 2806 1613 2860 in
1639 2806 1846 2861 faciem
1874 2804 2083 2861 scilicet

2208 2803 2348 2879 ρέσει
2404 2797 2803 2872 ὑποϐληθέντες
2835 2845 2850 2872 ,
2909 2800 3009 2855 οὐκ
3079 2801 3369 2878 ῆνείχοντο
3439 2805 3690 2878 ἠρεμεῖν,
3751 2815 3853 2863 Συ-

452 2892 665 2964 arguit.
716 2893 791 2948 At
820 2892 919 2948 ille
974 2893 1046 2948 ad
1077 2897 1314 2965 tempus
1367 2894 1628 2965 quietus,
1657 2910 1793 2949 cum
1825 2893 2083 2950 Ecclesia:

2204 2891 2520 2960 σκευάζουσι
2552 2893 2661 2963 (40)
2720 2887 2777 2944 δὲ
2823 2888 2961 2944 κατὰ
3014 2893 3110 2943 τοῦ
3141 2890 3294 2963 ἱεροῦ
3339 2889 3610 2947 Μεθοδίου
3644 2896 3848 2951 σκαιώ-

449 2980 842 3052 frequentiam
898 2981 1128 3037 tristem
1183 2981 1424 3050 videret,
1458 2999 1524 3037 ac
1579 2999 1696 3054 prae
1727 2982 1948 3039 caeteris
1975 2987 2094 3038 Ma-

449 3068 683 3126 nuelem
717 3068 1093 3142 magistrum,
1122 3069 1332 3142 surgit,
1366 3077 1421 3126 et
1473 3071 1532 3125 in
1591 3076 1911 3143 conspectu
1968 3088 2091 3127 om-

2203 3000 2377 3057 ρημα,
2432 2986 2534 3049 τῆς
2611 2978 2789 3033 αὐτῶν
2861 2977 3118 3038 ἀπονοίας
3176 2977 3213 3047 ἢ
3270 2978 3559 3043 κακονοίας
3633 2982 3847 3055 μᾶλλον

2201 3069 2437 3138 έπαξιον.
2489 3066 2711 3122 Γύναιον
2761 3065 2861 3142 γάρ
2909 3086 2963 3120 τι
3014 3064 3247 3141 χρυσίου
3278 3062 3425 3121 δόσει
3463 3067 3679 3125 πολλοῦ
3715 3073 3847 3128 ὑπο-

447 3156 614 3213 nium
645 3136 880 3214 {imbris
908 3158 1085 3214 vestis
1117 3136 1369 3225 subiata,
1403 3160 1676 3230 pudenda
1705 3136 1936 3231 detegit,
1958 3177 2083 3232 quas

2200 3136 2506 3233 φθείραντες
2539 3199 2553 3224 ,
2610 3136 2979 3229 κατηγορῆσαι
3017 3136 3336 3209 Ἶπεπείκασι
3409 3160 3506 3210 τοῦ
3586 3157 3845 3235 ἀοιδίμου

443 3246 684 3302 omnino
713 3251 883 3303 erant
918 3246 1221 3318 frigefacta
1249 3252 1305 3302 et
1334 3248 1760 3304 contabuerant
1802 3265 1817 3304 :
1842 3256 1908 3304 ut
1941 3250 2083 3305 satis

2197 3244 2398 3301 ἐκείνου
2468 3241 2661 3314 ἀνδρὸς
2737 3244 2813 3307 ὡς
2891 3241 3295 3319 συμφθαρέντος
3365 3243 3525 3319 αὐτῇ.
3584 3248 3685 3302 Καὶ
3742 3256 3843 3320 τῆς

440 3339 766 3407 appareret,
799 3350 869 3391 ea
895 3333 1133 3391 inutilia
1188 3350 1318 3391 esse
1365 3336 1437 3391 ad
1482 3335 1565 3392 rei
1596 3353 1849 3394 venerem
1882 3354 2081 3396 usum.

438 3422 516 3478 Ea
551 3439 643 3479 res
673 3426 830 3480 recte
885 3423 1281 3480 sentientibus
1312 3422 1524 3480 laetitiae
1556 3429 1613 3481 et
1666 3426 1895 3498 stupori
1945 3427 2077 3497 fuit,

2190 3334 2518 3410 κατηγορίας
2566 3334 2620 3388 o't
2660 3328 3000 3409 προῦχοντες
3063 3333 3160 3400 τῆς
3216 3330 3529 3407 συγκλήτου
3584 3343 3835 3413 παρῆσαν

2189 3420 2457 3496 ἐξετασταί
2492 3467 2505 3480 .
2565 3422 2668 3478 Καὶ
2738 3427 2986 3497 παρῆκτο
3042 3419 3105 3474 τὸ
3162 3418 3384 3495 γύναιον
3418 3464 3434 3492 ,
3494 3421 3655 3498 λέγον
3734 3424 3836 3482 ὅσα

436 3511 816 3584 sycophantis
861 3511 1068 3583 pudori
1100 3518 1155 3567 et
1212 3512 1605 3584 desperationi
1658 3526 1906 3585 magna.
1933 3519 2075 3571 Cum

2197 3514 2332 3588 παρὰ
2355 3516 2464 3567 τῶν
2495 3504 2702 3565 ἀσεϐῶν
2750 3506 2966 3563 ἐκείνων
3024 3514 3369 3587 συκοφαντῶν
3410 3514 3830 3589 προκατήχητο,

430 3606 628 3656 autem
655 3600 744 3655 vir
772 3605 1013 3657 sanctus
1044 3610 1365 3673 rogaretur,
1409 3603 1565 3657 unde
1596 3604 1845 3659 verenda
1875 3609 2073 3661 conta-

2182 3602 2270 3657 καὶ
2330 3600 2408 3663 εἰς
2465 3599 2756 3675 πρόσωπον
2816 3596 3042 3673 ἐλέγχον
3100 3593 3258 3666 δῆθεν
3306 3599 3396 3653 τὸν
3436 3600 3607 3675 ἅγιον.
3653 3602 3716 3658 Ὁ
3766 3599 3827 3658 δὲ

428 3689 721 3756 buissent,
754 3706 953 3746 revera
1009 3691 1300 3746 verendus
1354 3689 1452 3747 ille
1482 3692 1554 3746 ad
1613 3692 1772 3748 hunc
1826 3694 2069 3749 modum

2197 3689 2313 3752 τέως
2351 3689 2444 3762 μὲν
2500 3685 2738 3762 ἡσυχίαν
2795 3686 2945 3762 ἦγεν·
3002 3685 3077 3748 ὡς
3135 3682 3192 3740 δὲ
3249 3687 3632 3762 σκυθρωπάζον
3678 3689 3825 3766 ἑώρα

424 3779 777 3852 respondit:
807 3782 1095 3851 Pro/ectus
1150 3780 1457 3851 aliquando
1513 3797 1635 3836 sum
1690 3782 1936 3851 Romam,
1967 3799 2065 3837 ne-

2174 3786 2273 3849 τῆς
2328 3775 2653 3847 Ἐκκλησίας
2709 3775 2772 3829 τὸ
2822 3773 3127 3848 πλήρωμα,
3175 3774 3265 3828 καὶ
3316 3776 3423 3850 πρὸ
3471 3779 3578 3830 τῶν
3626 3774 3812 3833 ἄλλων

421 3870 563 3939 gotii
586 3869 881 3940 cujusdam
911 3868 1240 3939 conﬁciendi
1269 3885 1434 3923 causa
1464 3887 1486 3923 :
1529 3870 1609 3925 ibi
1658 3869 1870 3941 degenti
1924 3872 2067 3926 mihi

2197 3868 2264 3922 τὸν
2303 3866 2557 3941 μάγιστον
2620 3861 2909 3932 Μανουήλ,
2966 3862 3243 3917 ἀνίσταται
3303 3863 3421 3935 μὶν,
3482 3863 3623 3938 αἶ’ρει
3655 3862 3702 3920 δ’
3734 3865 3818 3921 ἐπ’

420 3959 606 4013 carnis
634 3958 1128 4027 inﬂammationem
1154 3958 1346 4012 intulit
1374 3956 1610 4026 daemon,
1628 3960 1679 4013 et
1703 3960 1818 4028 fuit
1838 3959 2062 4030 affectus

2197 3953 2291 4030 ἶψει
2323 3955 2537 4009 πάντων
2570 3958 2687 4014 ταῖς
2719 3951 2878 4027 χερσὶ
2906 3951 2969 4005 τὸ
3007 3948 3306 4028 κράσπεδον
3354 3958 3455 4021 τῆς
3483 3949 3814 4028 περιϐολῆς,

416 4047 514 4102 ille
541 4045 1071 4112 vehementissimus,
1102 4061 1275 4117 neque
1290 4046 1533 4101 armaris
1555 4046 1837 4102 desinebat
1867 4048 2058 4115 ardor,

2167 4044 2256 4100 καὶ
2314 4044 2623 4118 ἀπογυμνοῖ
2695 4043 2795 4108 τὴν
2867 4037 3023 4094 αίδώο
3083 4042 3117 4110 ἡ
3171 4037 3229 4095 δὲ
3303 4039 3368 4108 ἦν
3429 4045 3808 4119 κατεψυγμένη

409 4135 505 4191 sed
532 4138 591 4191 in
624 4135 739 4191 dies
768 4134 1140 4191 vehementius
1172 4135 1581 4190 incendebatur.
1614 4137 1792 4205 Igitur
1818 4135 1888 4191 de
1915 4153 2056 4193 sana

2197 4132 2361 4206 πάντη,
2392 4132 2482 4187 καὶ
2529 4130 2813 4205 μαρασμὸν
2861 4128 2965 4183 ἀπό
2994 4149 3142 4190 τινος
3194 4123 3552 4202 συμϐάματος
3580 4130 3811 4204 ὀπομεί-

408 4228 592 4280 mente
620 4224 913 4290 sollicitus,
942 4240 1012 4280 ne
1038 4224 1187 4296 forte
1212 4226 1537 4280 necessitate
1563 4227 1749 4279 carnis
1769 4226 2054 4296 opprime-

2162 4242 2314 4289 νασα,
2375 4222 2449 4283 ὡς
2509 4217 2678 4289 δῆλον
2738 4219 2896 4288 εἶναι,
2958 4218 3033 4290 μὴ
3106 4213 3363 4281 δύνασθαι
3415 4213 3616 4289 ταύτην
3672 4221 3809 4296 πρὸς

404 4317 580 4382 retur,
609 4315 890 4385 principes
926 4313 1284 4384 apostolorum
1310 4313 1540 4368 Petrum
1568 4318 1618 4368 et
1650 4314 1883 4369 Paulum
1911 4316 2051 4371 adeo

2197 4309 2452 4389 φροδίσια
2510 4309 2763 4384 ἐνεργεῖν.
2824 4312 2992 4362 Τοῦτο
3046 4312 3162 4371 τοῖς
3221 4308 3316 4380 μὶν
3379 4309 3631 4386 θεόφροσι
3665 4328 3802 4384 χαρ-

397 4404 572 4469 oravi,
605 4410 665 4456 ut
716 4402 859 4456 mihi
912 4402 1249 4472 periclitanti
1300 4410 1634 4458 seccurraut.
1685 4405 1861 4459 Noctu
1916 4403 2049 4459 dor-

2163 4408 2335 4475 μονῆς
2389 4400 2476 4456 καὶ
2538 4393 2780 4472 θάμϐους
2838 4396 3042 4472 ἐγένετο
3099 4395 3302 4469 α’ίτιον,
3360 4402 3475 4459 τοῖς
3535 4394 3592 4451 δὲ
3648 4418 3804 4453 συκο-

397 4492 595 4560 miens,
628 4490 752 4546 illos
801 4496 1034 4546 astantes
1066 4489 1199 4556 vidi,
1252 4506 1317 4545 ac
1350 4492 1551 4545 Petrus
1580 4492 1722 4546 mihi
1776 4493 1928 4546 visus
1976 4500 2083 4568 est

2202 4492 2383 4554 ἀνταις
2411 4487 2678 4564 αἶ’σχύνης
2733 4486 2823 4541 καὶ
2881 4486 3113 4560 ἀθυμίας
3170 4484 3411 4555 πολλῆς.
3444 4487 3532 4549 Ὦς
3579 4482 3625 4540 δ’
3656 4489 3804 4559 ἡρω-

391 4579 646 4651 pudenda
676 4595 795 4635 mea
844 4584 1189 4635 contrectare
1215 4580 1425 4648 digitis,
1456 4582 1705 4651 mihique
1740 4580 1936 4648 dicere,
1972 4597 2044 4637 ne

2197 4580 2525 4655 Ξτοὸἅγιος
2583 4576 2700 4631 ὅθεν
2760 4576 2788 4629 ὁ
2838 4580 2946 4630 τῶν
3002 4572 3223 4631 αἷδοίων
3280 4575 3428 4647 αὐτῷ
3489 4575 3799 4648 μαρασμὸς,

393 4677 637 4725 terrerer
660 4685 672 4725 :
699 4684 795 4739 ego
823 4683 951 4725 vero
975 4667 1243 4740 putabam
1272 4669 1392 4739 igni
1417 4670 1604 4725 virilia
1632 4685 1754 4725 mea
1777 4673 2046 4740 consumi,

2157 4665 2393 4723 ὁαίδοῖο
2424 4663 2594 4729 ὄντως
2652 4664 2875 4737 ἐκεῖνος,
2922 4662 3211 4735 Ἐστάλην,
3274 4663 3409 4732 εἶπε,
3469 4663 3607 4718 ποτὶ
3665 4663 3801 4718 κατά

1608 4831 1811 4893 Variae
1851 4832 2152 4895 lectiones
2181 4839 2243 4895 et
2271 4837 2437 4894 nota:

385 4964 465 5048 τῶ
494 4964 624 5048 Θεῶν
670 4965 774 5031 ζῶν
823 4958 1087 5048 Μεθόδιτξς
1139 4959 1690 5048 ἥσχοξλλεινηήνιᾶτο,
1720 4964 1861 5048 μὴν.
1901 4985 2030 5048 καρ-

387 5030 500 5089 δίαν
533 5030 810 5110 ἐκὸπτετο,
851 5033 943 5110 τὸν
998 5030 1172 5109 μέγαν
1193 5030 1326 5110 ⁸τοῖς
1373 5030 1510 5110 ὠσίν
1553 5030 1769 5110 ἐνηχεῖν
1803 5030 2030 5110 ςΠαῦλον

2141 4970 2198 5021 et
2227 4966 2287 5021 in
2319 4964 2576 5030 peccatis
2606 4960 2876 5029 mortuis,
2897 4974 3099 5030 preces
3131 4964 3471 5030 sanctorum
3503 4958 3797 5028 proficuas

2143 5054 2293 5093 6886.

2376 5038 2467 5093 ide
2498 5035 2796 5101 Allatium,
2838 5029 2914 5086 De
2959 5031 3121 5087 libris
3159 5031 3360 5088 Eccles.
3395 5029 3634 5086 Grzcor.
3671 5032 3793 5087 dis-

386 5106 685 5195 μονονουχί
730 5108 953 5159 τοιαῦτα
1000 5103 1394 5181 φθεγγόμενον,
1449 5105 1588 5160 ὥστε
1634 5103 1732 5161 ’καὶ
1791 5106 2031 5180 ἀνάθεμα

386 5179 512 5232 εἶναι
563 5174 668 5230 ἀπο
728 5177 962 5234 Χριστοῦ
1017 5176 1147 5234 ὑπὲρ
1204 5181 1311 5232 τῶν
1386 5174 1637 5234 ἀδελφῶν
1711 5199 1819 5234 μου
1895 5179 2030 5234 κατά

2197 5103 2935 5234 ’ἴὲδξίλᾶθέῗὲτὲὲῗένέἒὲέ

2454 5198 2495 5252 χ

382 5174 512 5268 εἶναι
563 5174 668 5268 ἀτέῇ
728 5177 962 5250 Χριστοῦ
1016 5174 1161 5252 ὓπερ
1204 5174 1311 5232 τῶν
1381 5174 1637 5256 ἀδελφῶν
1711 5199 1819 5253 μου
1895 5174 2030 5235 κατὰ

378 5253 577 5321 σάρκα,
603 5253 711 5303 etc.
1536 5253 1544 5256 ⁷

445 5319 557 5401 (37)
607 5317 746 5401 Φασὶ
796 5317 1069 5401 autem.
1225 5320 1729 5401 _etiam_pli_iri_bus
1772 5337 2024 5401 comme-

372 5395 561 5446 morat
591 5396 795 5446 auctor
814 5392 1107 5447 Urationis
1124 5391 1487 5447 historicasin
1520 5394 1733 5448 festum
1765 5394 2021 5449 Restitu-

370 5462 546 5536 tionis
578 5462 902 5536 imaginum
938 5482 971 5519 a
1000 5462 1591 5536 Combeﬁsio_editus,
1624 5481 1680 5536 p.
1720 5466 1845 5531 732,
1891 5466 2017 5521 735.

439 5534 549 5605 (38)
612 5529 819 5608 Κοῖνὴν
876 5529 1533 5608 ’προσενεγκεῖνωδέησιν
1577 5529 1878 5608 .‘Nempe
1953 5552 2021 5593 ea

365 5606 698 5661 Grecorum
730 5604 1068 5677 opinio'est,
1100 5604 1467 5674 inﬁdelibus,
1490 5604 2018 5679 impmnitentibus,

2209 5180 2323 5252 (39)
2366 5180 2581 5252 Μέχρις
2625 5180 2976 5234 ἐκατοντάδος
3029 5180 3256 5242 διπλῆς.
3304 5180 3550 5243 Symeon
3603 5180 3789 5241 Logo-

2138 5250 2298 5306 theta
2330 5269 2343 5307 :
2378 5248 2637 5316 Μαστίζει
2682 5244 2841 5300 αὐτὸν
2894 5242 3192 5305 διακοσίοις
3242 5240 3463 5317 λώροις.
3496 5239 3792 5317 ΔΒοῖιξιραῐιι

2139 5338 2348 5401 nempe
2396 5310 2693 5401 numerari
2750 5318 3114 5401 ﬂagellorum
3148 5310 3364 5401 ictus,‘
3397 5310 3784 5401 ut'in'tfloss.

2134 5382 2424 5449 mediLat.
2479 5382 3092 5458 docuimus.“(}ontin.
3148 5383 3543 5458 Theophanis,
3574 5382 3678 5437 lib.
3707 5399 3786 5453 IV,

2135 5464 2609 5542 n-.??=,’E16?0.n
2646 5454 2956 5542 μαγκέείδεα
2987 5459 3263 5542 δξήκῖἵτᾳε

2202 5536 2311 5609 (40)
2346 5527 2760 5605 Συσκεῦάξουσί.
2792 5533 2967 5588 Varia
3106 5528 3437 5609 _Me_thodii_
3451 5527 3785 5609 certamina

2128 5600 2324 5682 attigit
2346 5610 2526 5666 etiam
2558 5600 2781 5678 auctor,
2817 5610 2894 5662 De
2929 5601 3281 5672 orthodoxia,
3314 5617 3372 5674 p.
3402 5600 3528 5657 718.

2499 5197 2581 5251 ριῌς
2605 5169 2976 5251 ’ἑκατοντάδας
3029 5169 3260 5251 ’διπλῆςζ
3301 5175 3550 5251 βγωοορ
3588 5173 3789 5251 ἰοεοτ

3610 5916 3733 6029 καί

3694 5980 3815 6126 ἧς
