4156 6214
305 290 381 350 13
1616 287 2034 351 ANNALIUM
2076 287 2224 349 LIB.
2271 288 2436 351 XVI.
3652 295 3729 355 ﬂ

292 441 422 476 τινα
479 418 682 496 χρείαν
754 420 832 483 είς
888 420 1134 493 Ῥώμην,
1187 421 1285 475 κάν
1341 419 1510 494 ταύτῃ
1573 417 1816 494 διάγοντι
1868 421 1968 474 πύ-

2091 421 2217 477 adeo
2260 428 2323 477 ut
2365 436 2486 494 prae
2530 421 2715 478 dolore
2755 425 3171 494 expergiscar”.
3232 426 3307 480 Ab
3364 441 3425 483 eo
3486 430 3733 500 tempore

418 532 463 564 ιν

290 530 463 585 ρωσιν
555 531 651 583 μοι
726 530 828 579 της
906 530 1101 585 σαρκος
1176 530 1204 563 o
1276 530 1487 581 οαιμων
1542 530 1825 583 επηνεγκε,
1875 530 1965 563 και

290 600 357 667 ἦν
414 598 487 653 τὸ
549 598 724 659 πάθος
779 595 1171 674 σφοδρότατον,
1227 597 1316 652 καὶ
1374 601 1410 667 ἡ
1466 602 1564 652 τοῦ
1617 596 1820 673 ἔρωτος
1871 598 1973 652 οὐκ

294 687 472 764 ἔληγε
584 687 876 764 φλεγμονή
912 730 927 756 ,
1026 685 1153 742 ἀλλ’
1250 686 1520 761 ὁσημέραι
1618 685 1968 762 ἀκραιότερον

294 776 601 849 ἐξεκαίετο.
662 775 848 839 Δείσας
922 774 1012 831 οὖν
1071 778 1196 851 περὶ
1253 781 1333 848 τῷ
1389 774 1630 851 σώφρονι
1689 773 1970 850 λογισμῶ,

300 870 539 940 μήποτε
620 873 724 935 τῆς
807 865 1002 940 σαρκὸς
1092 864 1299 938 ἀνάγκῃ
1381 865 1646 939 ὑποσυρῇ,
1712 862 1969 938 πρόσειμι

298 962 373 1031 τῇ
453 954 734 1033 κορυφαίᾳ
802 959 912 1009 τῶν
985 952 1308 1009 ἀποστόλων
1377 950 1553 1024 δυάδι,
1633 952 1825 1027 Ιῐέτρῳ
1881 953 1972 1006 καὶ

300 1045 548 1117 Παύλῳ,
616 1044 706 1099 καὶ
773 1041 1006 1116 ἐδεόμην
1083 1042 1283 1115 ἀμῦναί
1389 1063 1482 1115 μοι
1584 1038 1970 1097 κινδυνεύοντι.

298 1136 641 1190 Ὑπνώττων
732 1133 911 1187 τοίνυν
993 1132 1209 1199 νυκτὸς,
1282 1133 1394 1205 ὁρῶ
1477 1131 1556 1185 τὼ
1645 1128 1800 1206 ἄνδρε
1854 1132 1973 1193 καθ’

302 1225 521 1285 ῧπνους
605 1244 699 1295 μοι
771 1221 1053 1300 ἐφεστῶτε,
1130 1220 1220 1275 καὶ
1291 1221 1319 1274 ὁ
1394 1221 1598 1295 Πέτρος
1666 1216 1814 1288 ἕδοξέ
1875 1239 1972 1291 μοι

298 1322 425 1378 τοῖς
518 1312 813 1375 δακτύλοις
869 1314 1097 1386 ἅψασθαι
1155 1318 1256 1381 τῆς
1326 1309 1513 1373 αἰδοῦς
1549 1354 1562 1378 ,
1626 1309 1717 1365 καὶ
1795 1308 1969 1384 λέγειν

305 1427 407 1479 μοι
474 1405 553 1477 μὴ
610 1407 940 1471 πτοεῖσθαι,
994 1399 1099 1476 πῦρ
1162 1398 1219 1455 δὲ
1274 1421 1368 1472 μοι
1426 1397 1601 1454 ἐδόκει
1658 1401 1725 1453 τὰ
1778 1395 1972 1452 παιδο-

298 1496 443 1572 γὸνα
544 1493 716 1566 μόρια
802 1491 1111 1566 βόσκεσθαι,
1197 1490 1272 1553 ὡς
1356 1489 1416 1544 ἐκ
1488 1495 1589 1558 τῆς
1664 1485 1972 1562 ἀλγηδόνος

302 1586 396 1640 καὶ
460 1583 525 1638 τὸ
585 1578 755 1635 ὕπνον
813 1579 1015 1634 ἀνεῖταί
1078 1600 1165 1652 με.
1226 1580 1319 1632 Ἐκ
1374 1577 1499 1633 τότε
1557 1582 1689 1652 γοῦν
1752 1597 1845 1649 μοι
1904 1575 1973 1629 τὰ

313 1675 487 1750 μόρια
540 1675 717 1726 ταῦτα
770 1669 1113 1743 νενέκρωται,
1170 1668 1260 1723 καὶ
1317 1667 1564 1741 πύρωσις
1642 1664 1824 1720 οὐκετι
1895 1685 1988 1737 μοι
2067 1663 2483 1740 παρηνώχλησε
2516 1708 2528 1720 .

555 531 651 583 μοι
726 515 828 579 τῆς
906 510 1101 585 σαρκὸς
1176 510 1204 563 ὁ
1276 506 1487 581 δαίμων
1542 506 1825 583 ἐπήνεγκε,
1875 509 1965 563 καὶ

2091 513 2216 566 m'lu'
2238 516 2426 582 partes
2446 512 2565 568 haec
2578 515 2707 567 sunt
2727 517 2975 582 mortuas,
2992 530 3166 585 neque
3184 514 3309 570 ulla
3331 516 3477 570 mihi
3494 517 3726 586 ﬂamma

2081 600 2334 655 libidinis
2363 602 2591 655 molesta
2638 604 2767 672 fuit.
2795 602 2922 656 Man
2935 602 3026 656 uel
3070 603 3355 675 magister
3384 603 3477 660 his
3503 605 3648 661 visis
3678 610 3736 661 et

2082 689 2320 758 auditis,
2370 690 2569 744 statim
2631 689 2934 745 mulierem
2976 692 3034 746 in
3078 693 3335 748 medium
3381 694 3735 764 productam

2081 777 2423 849 interrogat,
2442 780 2598 833 unde
2626 780 2697 834 ad
2724 779 2913 834 virum
2936 786 3208 836 sanctum
3239 780 3733 840 calumniandum

2079 866 2339 938 impulsa
2379 867 2576 922 esset?
2606 869 3019 936 comminatus,
3053 870 3166 926 nisi
3198 871 3500 927 veritatem
3531 889 3732 929 coram

2083 956 2359 1012 omnibus
2398 956 2791 1026 profiteretur,
2825 974 2888 1013 se
2935 974 3070 1013 mox
3116 975 3245 1015 eam
3278 960 3428 1018 I55
3465 961 3539 1017 iis
3569 978 3734 1033 quas-

2083 1044 2374 1101 stionibus
2422 1044 2847 1108 adhibituram,
2894 1048 3113 1118 quibus
3139 1053 3539 1105 commentum
3569 1067 3732 1123 pers-

2082 1135 2284 1204 spicue
2323 1133 2619 1188 declarare
2648 1140 2971 1205 cogeretur.
3004 1136 3109 1191 Illa
3155 1137 3336 1209 igitur
3382 1138 3531 1194 nihil
3561 1140 3734 1210 celat,

2083 1223 2183 1278 sed
2234 1227 2293 1277 et
2341 1222 2546 1277 fabulas
2578 1223 2795 1293 primos
2837 1224 3190 1290 inventores,
3223 1231 3281 1281 et
3324 1244 3491 1283 suam
3544 1229 3737 1302 impo-

2083 1318 2333 1377 sturam,
2365 1315 2422 1366 et
2451 1327 2661 1367 aurum
2711 1313 2923 1383 partim
2974 1320 3299 1385 acceptum,
3330 1317 3542 1388 partim
3593 1335 3738 1390 pro-

2085 1401 2332 1455 missum
2374 1405 2655 1456 recenset.
2690 1407 2894 1473 Itaque
2927 1403 3196 1459 homines
3236 1404 3484 1461 maleﬁci
3533 1424 3737 1479 pinnas

2085 1493 2303 1544 temere
2334 1489 2691 1560 litigantium
2719 1491 3062 1558 subiissent,
3087 1492 3199 1547 nisi
3232 1510 3484 1567 magnus
3518 1496 3740 1552 Metho~

2086 1577 2220 1631 dius
2242 1594 2345 1648 pro
2367 1578 2451 1632 eis
2475 1578 2931 1648 intercessisset;
2956 1585 3133 1652 atque
3161 1582 3282 1637 haec
3312 1582 3393 1638 ita
3427 1588 3556 1639 acta
3578 1588 3740 1641 sunt.

2589 1667 2767 1721 Ταῦτα
2842 1669 2869 1721 ὁ
2953 1688 3245 1745 μαγιστρος
3322 1670 3590 1739 Μανουὴλ
3649 1661 3748 1728 καῖ

316 1762 653 1833 θεασάμενος
710 1760 801 1813 καὶ
857 1757 1186 1829 πυθόμενος,
1245 1755 1435 1810 αὐτίκα
1491 1756 1591 1823 τήν
1649 1760 1877 1829 γυναῖκα
1932 1753 2435 1829 παραστησάμενος,
2491 1756 2680 1828 ἠρώτα
2739 1756 2857 1810 ὅθεν
2913 1756 2989 1818 εἷς
3046 1758 3143 1825 τὴν
3219 1760 3356 1813 κατά
3426 1764 3523 1815 τοῦ
3579 1759 3739 1836 ἁγίου

314 1850 682 1929 συκοφαντίαν
746 1847 1023 1921 ὥρμηται,
1076 1847 1167 1901 καὶ
1223 1843 1462 1915 ἠπείλει,
1534 1845 1579 1898 εἰ
1640 1845 1717 1916 μὴ
1774 1849 1903 1898 πᾶσι
1964 1848 2108 1905 θεῖτο
2162 1844 2265 1910 τήν
2323 1842 2582 1912 ἀλήθειαν
2640 1840 2915 1915 ἔκδηλον,
2973 1845 3166 1901 αὐτίκα
3243 1848 3496 1923 βασάνοις
3571 1849 3739 1921 αὐτὴν

315 1928 685 2016 παραδοῦναι,
747 1932 818 1989 δι’
873 1935 944 1988 ὧν
994 1928 1305 2003 ἐκϐιασθείη
1363 1930 1733 2004 ἀνεκκαλύψαι
1785 1928 2056 2003 λαμπρῶς
2131 1929 2192 1983 τὸ
2270 1931 2632 2003 σκαιώρημα.
2691 1932 2751 1987 Ἠ
2812 1929 2869 1986 δὲ
2925 1930 3084 1987 οὐδὲν
3146 1934 3531 2010 ἀπεκρύψατο,
3595 1936 3742 1993 ἀλλὰ

314 2027 571 2088 καὶτοὺς
605 2030 705 2080 τοῦ
765 2021 1040 2098 δράματος
1100 2021 1403 2097 ἀπήγγειλε
1453 2019 1860 2095 πρωτουργοὺς,
1916 2020 2004 2073 xui
2064 2019 2162 2087 τήν
2222 2019 2415 2088 ἑαυτῆς
2471 2019 2703 2090 ἀπάτην,
2761 2022 2852 2075 καὶ
2907 2024 3023 2076 τοῐῗ
3062 2024 3293 2097 χρυσίου
3342 2029 3439 2079 τοῦ
3495 2026 3589 2099 μὲν
3640 2029 3743 2097 τήν

318 2118 496 2189 δόσιν,
527 2119 630 2170 τοῦ
663 2111 723 2169 δὲ
751 2114 849 2182 τήν
897 2111 1214 2187 ὑπόσχεσιν.
1250 2109 1525 2185 Ἔμελλον
1578 2108 1669 2164 οὖν
1721 2111 1774 2163 oi
1824 2112 2115 2184 κακοῦργοι
2168 2114 2286 2171 ταῖς
2320 2113 2429 2163 τῶν
2475 2114 2816 2188 συκοφαντῶν
2859 2106 3243 2183 ὑποϐληθῆναι
3290 2119 3525 2185 ποιναῖς,
3555 2115 3683 2173 ἀλλ’
3715 2118 3743 2171 ὁ

323 2211 487 2287 μέγας
522 2203 798 2270 Μεθόδιος
829 2202 1021 2266 αὐτοὺς
1048 2210 1149 2274 τῆς
1174 2202 1445 2278 τιμωρίας
1477 2201 1757 2277 ἐρρύσατο·
1790 2201 1879 2255 καὶ
1907 2202 2075 2254 ταῦτα
2107 2199 2203 2272 μὲν
2237 2196 2380 2255 οὕτω
2406 2201 2647 2275 γέγονεν.

388 2334 470 2391 B’.
524 2333 585 2384 '0
644 2328 705 2384 δὲ
761 2332 870 2384 τῶν
949 2326 1278 2403 Βουλγάρων
1356 2324 1542 2402 ἅρχων
1602 2323 1817 2400 γυναικὶ
1874 2323 1975 2391 την

2154 2324 2222 2379 ΙΙ.
2248 2325 2632 2396 Bulgarorum
2654 2330 2850 2383 autem
2874 2329 3147 2402 princeps
3178 2347 3311 2387 cum
3341 2332 3742 2390 Romanorum

320 2428 424 2478 τῶν
493 2418 792 2492 Ῥωμαίων
879 2415 1154 2493 βασιλείαν
1242 2415 1330 2470 xui
1416 2414 1569 2490 ῃαιδὶ
1652 2416 1827 2489 νεαρῷ
1895 2433 1980 2466 κυ-

2091 2414 2403 2486 imperium
2444 2431 2479 2470 a
2521 2414 2767 2471 muliere
2816 2421 2873 2472 et
2919 2418 3134 2475 tenella
3192 2436 3372 2491 puero
3429 2420 3747 2492 gubernari

325 2508 675 2582 ϐερνωμὲνην
770 2506 996 2580 μαθὼν,
1070 2503 1285 2561 στέλλει
1371 2505 1522 2566 τινὰς
1602 2506 1712 2558 τῶν
1793 2500 1980 2570 αὐτοῦ,

2092 2503 2487 2573 cognovisset,
2544 2520 2787 2560 suorum
2849 2506 3133 2577 quosdam
3193 2507 3395 2577 misit,
3452 2526 3515 2564 se
3570 2512 3744 2581 rupto

334 2599 587 2665 ἀπειλῶν,
649 2594 972 2670 ἀφίστασθαι
1021 2598 1128 2648 τῶν
1186 2590 1456 2662 σπονδῶν,
1517 2592 1608 2647 καὶ
1665 2593 1789 2665 ἆραι
1840 2589 1987 2645 ὅπλα

345 2688 480 2743 κατὰ
545 2692 637 2755 τῆς
712 2683 1000 2757 Ῥωμαίων
1077 2683 1277 2759 ἀρχῆς.
1359 2682 1503 2756 Πρὸς
1580 2685 1748 2735 ταῦτα
1802 2678 1982 2734 τοίνυν

346 2776 506 2847 δηλοῖ
528 2774 676 2846 αὐτῷ
703 2776 741 2843 ἡ
780 2772 1091 2849 βασίλισσα,
1126 2774 1200 2834 ὡς
1231 2769 1611 2845 Ἀντιτάξομαί
1637 2791 1721 2825 σοι
1771 2769 1985 2832 πάντως

331 2866 503 2941 κάγὼ,
577 2863 672 2918 καὶ
745 2861 791 2917 εἱ
876 2862 970 2935 μὲν
1054 2865 1187 2917 Θεοῦ
1258 2858 1504 2924 διδόντος
1578 2858 1840 2936 ὑπερὲξω,
1888 2856 1983 2931 ἔσῃ

328 2954 570 3026 νικηθεὶς
634 2953 740 3007 ὑπὸ
793 2950 1070 3026 γυναικὸς,
1129 2950 1219 3005 xui
1277 2948 1400 3005 ὅσον
1434 2971 1517 3004 σοι
1574 2949 1634 3004 τὸ
1662 2956 1765 3018 τῆς
1787 2946 1985 3023 αἰσχύ-

330 3065 424 3114 νης
481 3040 753 3117 ὑπόγυιον
811 3037 1051 3116 λόγισαι⁶
1129 3039 1174 3095 εἰ
1253 3035 1308 3094 δὲ
1381 3038 1470 3093 xui
1544 3040 1783 3108 νικήσεις
1846 3032 1984 3096 ’ἴσως

333 3133 514 3200 αὐτὸς,
548 3131 654 3186 ούκ
701 3126 848 3185 ἔσται
906 3149 991 3183 σοι
1020 3129 1214 3201 σεμνὸν
1272 3129 1336 3182 τὸ
1393 3126 1699 3204 εὐτύχημα,
1757 3129 1987 3201 γυναῖκα

331 3224 638 3292 νικήσαντι.
671 3220 763 3280 Ὠς
814 3216 907 3273 οὖν
954 3221 1123 3273 ταῦτα
1165 3222 1245 3289 τῷ
1305 3212 1566 3294 βαρϐάρῳ
1613 3213 1985 3292 ἠγγέλθησαν,

332 3309 644 3367 ἀνέστειλαν
732 3306 880 3379 αὐτῷ
948 3308 1048 3375 τὴν
1129 3306 1335 3382 ὁρμὴν,
1413 3305 1502 3361 καὶ
1579 3307 1631 3360 o't
1710 3304 1980 3381 συμφέρον

329 3400 519 3477 ἐκρίθη
572 3397 972 3460 ἀνανεώσασθαι
1039 3395 1135 3458 τὰς
1193 3393 1447 3461 σπονδὰς,
1501 3396 1589 3451 καὶ
1647 3395 1799 3449 αὗται
1859 3393 1984 3447 ἆνε-

328 3489 704 3558 καινίσθησαν.
765 3483 1007 3563 Ἀδελφή
1061 3482 1119 3539 δὲ
1164 3489 1259 3540 τοῦ
1317 3482 1584 3561 ἄρχοντος
1647 3480 1984 3557 Βουλγαρίας

328 3575 841 3656 αἰχμαλιιγτισθεῖσά
908 3595 1040 3629 ποτε
1094 3574 1184 3629 καὶ
1238 3573 1289 3629 ἐν
1367 3572 1666 3650 βασιλείοις
1721 3570 1983 3648 διάγουσα

326 3673 410 3740 τῷ
468 3667 597 3739 θείῳ
649 3686 707 3720 τε
749 3662 1003 3734 ἐτελέσθη
1061 3662 1429 3738 βαπτίσματι,
1488 3662 1579 3718 καὶ
1637 3662 1974 3739 γραμμάτων

336 3756 391 3811 ἒν
457 3756 648 3826 μυήσει
697 3751 925 3829 ἐγένετο.
985 3752 1194 3823 Ταύτην
1249 3754 1277 3807 ὁ
1348 3750 1580 3831 ἀδελφὸς
1650 3748 1976 3819 ἀναδοθῆναί

348 3845 401 3898 οἱ
431 3843 756 3912 ἡξίωσε,καὶ
792 3844 828 3912 ἡ
882 3840 978 3914 μὲν
1039 3838 1200 3912 ἆδόθη
1260 3841 1427 3915 αὐτῷ’
1469 3842 1497 3895 ὁ
1559 3839 1629 3896 δι’
1684 3837 1979 3895 ἀντέδωκεν

344 3930 511 4008 ἔνδρα
583 3936 689 3985 τῶν
777 3927 1070 4005 λογίμων,
1143 3926 1421 4003 Θεόδωρον
1496 3929 1588 3985 τὸν
1676 3934 1983 4007 Κουφαρᾶν.

2094 2593 2307 2648 fcedere
2372 2609 2537 2649 arma
2601 2592 2903 2650 illaturum
2972 2597 3254 2653 Romanis
3314 2596 3619 2654 minitans.
3680 2597 3745 2654 Ei

2092 2681 2359 2737 rescribit
2403 2681 2763 2755 imperatrix,
2796 2701 2857 2741 se
2886 2685 3125 2741 omnino
3157 2687 3206 2741 ei
3249 2686 3522 2743 resistere
3551 2686 3696 2743 velle
3730 2703 3746 2745 :

2095 2772 2249 2844 quod
2282 2771 2331 2826 si
2361 2771 2477 2827 Deo
2508 2777 2803 2828 annuente
2844 2774 3114 2846 superior
3157 2774 3351 2846 fuerit,
3385 2791 3519 2831 eum
3551 2792 3585 2831 a
3615 2792 3745 2832 mu-

2095 2861 2235 2916 liere
2283 2861 2402 2917 fore
2449 2861 2715 2916 victum:
2751 2863 2905 2932 quod
2956 2879 3134 2935 quam
3182 2865 3644 2936 ignominiosum
3692 2865 3746 2923 ei

2095 2950 2358 3005 futurum
2409 2949 2505 3020 sit,
2554 2951 2932 3021 cogitandum
2983 2969 3157 3008 esse:
3207 2954 3298 3008 sin
3349 2954 3502 3010 victa
3551 2954 3745 3027 fuerit,

2095 3055 2435 3095 successum
2487 3038 2653 3095 illum
2701 3057 2909 3112 parum
2961 3041 3081 3098 fore
3134 3042 3465 3111 honestum,
3500 3042 3748 3100 muliere

2094 3133 2385 3201 superata.
2454 3129 2585 3184 Haec
2661 3129 2930 3186 nuntiata
2994 3131 3285 3204 impetum
3365 3133 3597 3189 barbari
3665 3134 3751 3189 ita

2095 3221 2523 3290 represserunt,
2584 3223 2650 3273 ut
2709 3218 2912 3275 utilius
2968 3220 3081 3276 sibi
3140 3220 3417 3294 iudicarit
3470 3238 3750 3279 renovare

2093 3308 2304 3375 foedus,
2337 3307 2610 3379 idemque
2643 3308 2860 3365 factum
2911 3317 3015 3365 est.
3046 3311 3223 3366 Soror
3251 3327 3422 3383 porro
3468 3311 3749 3383 Bulgaria
3786 3374 3793 3385 ἲ

2093 3396 2377 3469 principis
2436 3396 2751 3469 aliquando
2811 3403 3002 3470 capta,
3051 3400 3191 3455 dum
3254 3401 3313 3455 in
3372 3401 3509 3457 aula
3563 3401 3748 3474 degit,

2093 3502 2258 3543 sacro
2298 3486 2655 3558 baptismate
2705 3490 2795 3542 est
2843 3487 3095 3558 initiata,
3129 3494 3185 3545 et
3229 3489 3441 3546 litteris
3491 3491 3744 3548 erudita.

2092 3577 2233 3631 Eam
2284 3575 2461 3630 frater
2516 3576 2822 3647 repetitam
2877 3578 3112 3649 recepit,
3164 3580 3292 3648 ejus
3341 3578 3466 3635 loco
3514 3581 3743 3637 reddito

2093 3665 2213 3719 viro
2245 3665 2475 3719 erudito
2514 3665 2816 3721 Theodoro
2847 3667 3131 3738 Cuphara.
3162 3668 3300 3732 Quae
3341 3685 3477 3725 cum
3506 3668 3567 3724 in
3601 3669 3743 3726 ΒυΙὶ
3764 3688 3767 3705 τ

2091 3754 2314 3828 gariam
2372 3753 2661 3823 rediisset,
2718 3755 2956 3810 fratrem
3018 3758 3089 3812 ad
3149 3756 3542 3813 Christianam
3600 3757 3737 3813 reli-

2092 3844 2324 3917 gionem
2372 3843 2690 3915 perducere
2738 3843 2985 3914 studuit,
3018 3845 3253 3902 assidue
3284 3849 3353 3900 de
3383 3863 3451 3901 ea
3481 3863 3613 3902 cum
3643 3845 3744 3903 illo

2096 3933 2413 3999 disserens,
2449 3935 2507 3987 et
2564 3932 3031 3989 Christianorum
3083 3936 3385 4008 mysteria,
3438 3941 3502 3991 ut
3548 3936 3749 3992 divina

279 3996 403 4078 ί.Ἶί
444 3996 520 4076 ’δὲ
572 4023 672 4075 τοῦ
727 4024 836 4074 τῶν
865 3996 1222 4095 ’Βουλγάρων
1253 3996 1519 4095 ἄργοντος
1552 4016 1759 4088 ἀδελφή
1802 3996 1989 4096 ἀφικο-

346 4110 474 4184 μένη
505 4110 646 4185 πρὸς
676 4106 771 4163 τὸν
803 4106 1102 4181 ὁμαίμονα,
1163 4107 1351 4184 ἐνῆγεν
1411 4110 1574 4164 αὐτὸν
1636 4108 1711 4170 εἷς
1741 4109 1841 4177 τήν
1876 4112 1985 4162 τῶν

337 4201 678 4274 Χριστιανῶν
762 4198 1091 4272 θρησκείαν,
1190 4195 1279 4253 διὰ
1354 4198 1554 4260 παντὸς
1642 4197 1787 4270 αύτῷ
1865 4197 1990 4273 περὶ

338 4286 506 4359 αὒτῆς
566 4285 958 4361 διαλεγομένη,
1016 4285 1107 4341 καὶ
1172 4287 1239 4341 τὰ
1311 4289 1650 4363 Χριστιανῶν
1722 4288 1994 4362 μυστήρια

338 4377 691 4446 ἐπιθειάζουσα
721 4417 734 4430 .
793 4376 850 4430 Ὀ
912 4373 971 4430 δὲ
1026 4379 1193 4430 ταῦτα
1250 4377 1339 4430 xui
1392 4376 1529 4448 πρὸς
1584 4382 1680 4432 τοῦ
1738 4382 1995 4452 Κουφαρᾶ

337 4467 786 4540 προκατήχητο,
844 4462 974 4521 ἀλλ’
1035 4462 1190 4519 οὔπω
1245 4464 1529 4521 ἐπέπειστο
1585 4471 1693 4521 τῶν
1752 4465 1995 4543 πατρίων

337 4556 644 4624 ἀποστῆναι
675 4553 829 4617 ἐθῶν.
890 4555 1066 4627 Λιμὸς
1125 4551 1183 4608 δὲ
1233 4560 1351 4617 τοῖς
1399 4554 1736 4632 Βουλγάροις
1766 4551 1978 4629 συμϐὰς

2112 4576 2179 4614 ea
2208 4559 2279 4614 de
2310 4575 2482 4614 causa
2516 4575 2667 4632 aeger
2695 4564 2752 4614 et
2790 4560 2974 4615 animi
3016 4560 3254 4631 dubius,
3288 4560 3358 4615 ad
3390 4576 3521 4614 eum
3554 4561 3762 4615 confu-

349 4644 439 4699 xui
468 4643 631 4699 αὐτὸν
684 4642 777 4697 καὶ
826 4643 889 4697 τὸ
937 4638 1086 4706 ἔθνος
1142 4644 1218 4707 εἷς
1279 4640 1584 4700 θεοσέϐειαν
1645 4644 1977 4721 μετεῤῥύθμι

2115 4647 2219 4721 git,
2252 4647 2351 4720 qui
2399 4647 2509 4703 sibi
2544 4665 2576 4703 a
2609 4665 2808 4705 sorore
2857 4649 3338 4717 annuntiabatur,
3372 4650 3765 4721 eamdemque

356 4755 443 4789 σεν
478 4779 491 4792 .
553 4734 617 4790 Ὁ
678 4732 773 4805 μὲν
832 4731 933 4809 γὰρ
989 4734 1054 4788 τὸ
1110 4729 1263 4796 ἔθνος
1320 4735 1454 4789 ἅπαν
1513 4732 1709 4803 ἐπίεζε,
1759 4734 1848 4788 καὶ
1909 4733 1980 4788 οὖς

2117 4736 2489 4809 depulsorem
2524 4736 2696 4793 famis
2727 4742 2785 4793 et
2828 4738 3097 4793 interitus
3129 4737 3327 4811 populi
3358 4738 3608 4794 invocat.
3633 4741 3767 4804 Quae

354 4826 418 4892 ἦν
491 4821 747 4899 ἀποφυγὴ
796 4824 894 4875 τοῦ
948 4825 1139 4891 κακοῦ,
1199 4824 1373 4900 φθορὰ
1430 4820 1488 4879 δὲ
1515 4828 1611 4878 τοῦ
1664 4819 1849 4887 ἔθνους
1900 4822 1978 4898 ἐγί

2118 4826 2406 4881 invocatio
2460 4842 2591 4881 cum
2644 4826 2909 4898 depulsis
2968 4826 3139 4882 malis
3186 4826 3393 4881 efﬁcax
3437 4832 3639 4883 esset:
3674 4844 3769 4883 co-

352 4932 493 4982 νετο,
525 4911 620 4966 xui
674 4912 708 4964 ά
764 4915 910 4987 σφῶν
951 4910 1204 4986 ἀρχηγὸς
1230 4911 1297 4980 ἦν
1352 4911 1442 4967 διὰ
1481 4911 1643 4967 τοῦτο
1674 4911 1980 4987 περιαλγὴς

2121 4914 2284 4986 gnita
2313 4914 2561 4969 invocati
2612 4915 2879 4970 numinis
2926 4914 3205 4987 potentia,
3241 4916 3408 4984 petiit
3456 4916 3606 4971 mitti
3658 4915 3771 4971 sibi

361 5001 451 5055 καὶ
527 4999 832 5073 ἀπορήσας,
905 4999 983 5061 εἰς
1058 5001 1151 5055 τὸν
1216 5000 1360 5076 παρά
1412 5008 1513 5071 τῆς
1568 4998 1811 5079 ἀδελφῆς
1865 5001 1980 5057 αὖτε

2123 5003 2400 5073 aliquem,
2433 5020 2465 5057 a
2497 5020 2610 5074 quo
2661 5004 2890 5059 arcanis
2922 5003 3264 5059 Christiane:
3309 5004 3608 5078 religionis
3639 5021 3771 5061 eru-

369 5086 885 5164 καταγγελλόμενον
915 5089 1257 5167 καταφεύγει,
1297 5090 1387 5144 καὶ
1441 5087 1631 5145 τοῦτον
1690 5095 1787 5145 τοῦ
1842 5090 1978 5165 λιμο

2123 5094 2365 5161 diretur,
2426 5098 2482 5147 et
2538 5096 2725 5148 sacro
2760 5092 3115 5165 baptismate
3174 5093 3529 5150 initiaretur.
3590 5095 3775 5167 quue

360 5175 576 5252 λυτῆρα
640 5177 730 5231 xui
806 5184 909 5248 τῆς
987 5182 1083 5233 τοῦ
1157 5173 1343 5243 ἔθνους
1395 5186 1598 5257 φθορᾶς
1654 5177 1980 5251 ἐπεκέκλητο

2122 5182 2304 5238 misso
2337 5182 2609 5254 pontiﬁce
2657 5183 2875 5239 factum
2906 5186 3014 5238 est.
3047 5182 3190 5239 Cum
3240 5189 3437 5240 autem
3467 5200 3603 5240 eum
3634 5184 3772 5240 Bul-

353 5273 440 5329 Ὠς
499 5265 545 5321 δ’
625 5264 852 5341 ἐνεργὴς
921 5266 988 5337 ἦν
1062 5270 1099 5337 ἡ
1167 5266 1476 5341 ἐπίκλησις,
1529 5269 1619 5325 καὶ
1673 5267 1781 5325 τῶν
1829 5274 1980 5325 κακῶ

2124 5271 2249 5345 gari
2280 5273 2352 5328 ob
2384 5273 2613 5328 deserta
2645 5273 2934 5342 majorum
2969 5271 3262 5343 instituta,
3291 5290 3393 5345 per
3421 5272 3771 5328 seditionem

354 5353 759 5430 ἀπηλλάγησαν
817 5352 961 5431 ἔγνω
1017 5360 1115 5412 τοῦ
1174 5356 1562 5428 ἐπικληθέντος
1616 5359 1716 5427 τήν
1764 5355 1980 5432 δύναμιν

2122 5380 2151 5418 e
2190 5361 2379 5417 medio
2425 5360 2627 5417 tollere
2657 5366 3045 5417 conarentur:
3072 5360 3169 5417 ille
3200 5361 3559 5434 praecedente
3585 5361 3777 5417 crucis

356 5445 448 5499 xui
506 5443 650 5515 ἀξιοῖ
724 5442 986 5516 σταλῆναι
1058 5446 1206 5519 αὐτῷ
1274 5468 1394 5502 τινα
1447 5450 1536 5503 τὸν
1589 5448 1652 5504 τὸ
1712 5450 1979 5524 μυστήριο

2121 5451 2290 5521 signo
2335 5450 2540 5518 fretus,
2574 5450 2742 5505 victis
2792 5451 3163 5521 adversariis,
3213 5450 3410 5518 efﬁcit,
3458 5455 3521 5505 ut
3569 5466 3776 5508 omnes

360 5532 522 5588 αὐτὸν
601 5534 878 5605 μυήσοκτα
948 5538 1055 5590 τῶν
1123 5541 1488 5611 Χριστιανῶν,
1558 5538 1650 5593 καὶ
1722 5536 1980 5594 τελὲσοντι

2121 5539 2636 5596 Christianismum
2669 5540 3178 5611 amplecterentur.
3221 5540 3374 5597 I56
3424 5539 3644 5597 Deinde
3673 5556 3777 5613 per

361 5626 444 5694 τῷ
487 5622 618 5696 θείῳ
675 5622 1028 5699 βαπτίσματι.
1089 5626 1188 5684 Καὶ
1252 5624 1528 5699 ἀπεστάλη
1584 5629 1679 5703 μὲν
1728 5626 1980 5705 ἀρχιερεὺ

2121 5628 2346 5702 legatos
2391 5629 2462 5685 ab
2521 5628 2896 5701 imperatrice
2943 5629 3130 5703 petiit,
3166 5633 3247 5700 ut,
3282 5629 3422 5701 quia
3472 5646 3615 5703 gens
3665 5646 3775 5687 sua

2099 4021 2419 4077 celebrans.
2455 4021 2730 4086 Quamvis
2781 4027 2976 4079 autem
3026 4024 3124 4080 ille
3171 4026 3376 4081 eadem
3422 4042 3452 4082 e
3482 4026 3754 4099 Cuphara

2100 4127 2334 4184 quoque
2365 4110 2707 4177 audivisset,
2743 4129 2857 4168 non
2899 4114 3064 4185 prius
3094 4118 3292 4170 tamen
3330 4132 3364 4170 a
3393 4115 3599 4187 patriis
3631 4131 3755 4171 mo-

2101 4201 2266 4257 ribus
2316 4202 2582 4256 recedere
2630 4201 2814 4256 voluit
2858 4219 3035 4274 quam
3088 4203 3445 4276 pestilentia,
3480 4204 3665 4260 fames
3703 4210 3759 4260 et

2104 4291 2300 4364 ipsum
2332 4294 2388 4345 et
2417 4294 2648 4363 gentem
2681 4292 2753 4346 ad
2803 4291 3074 4364 pietatem
3130 4293 3423 4366 perduxit.
3459 4296 3592 4360 Quae
3625 4310 3759 4349 cum

2108 4379 2388 4453 populum
2425 4379 2763 4436 universum
2808 4386 3118 4453 premeret,
3153 4399 3343 4454 neque
3392 4381 3575 4438 ullum
3608 4387 3764 4440 esset

2111 4469 2251 4525 mali
2298 4468 2620 4542 effugium,
2670 4469 2941 4542 plurimis
2990 4472 3372 4543 pereuntibus
3424 4488 3437 4526 :
3490 4471 3763 4543 princeps
