4156 6214
381 337 460 399 15
1730 329 2007 392 JOANNl

2125 331 2434 394 IONAR/E
3711 334 3786 397 16

382 469 643 527 locorum
676 467 941 538 angustis
965 467 1345 538 premeretur,
1371 463 1616 519 Romani
1647 463 1769 536 agri
1804 461 2013 533 aliquid

2139 461 2275 533 πρὸς
2328 462 2508 520 αὐτόν·
2569 466 2597 520 6
2655 463 2712 521 δὲ
2767 467 2858 521 καὶ
2917 464 3131 540 ἐμυήθη
3189 464 3280 520 καὶ
3337 461 3656 536 ἐϐαπτίσθη.
3709 466 3777 540 οἱ

386 560 498 617 sibi
549 557 985 624 concederetur,
1019 558 1362 627 perpetuam
1414 569 1614 624 pacem
1661 556 1718 607 et
1760 549 1894 605 belli
1934 567 2028 606 so-

387 650 656 704 cietatem
711 649 935 718 pactus.
983 644 1205 698 Annuit
1248 641 1607 713 imperatrix,
1642 644 1697 695 et
1745 638 2026 709 quidquid

387 739 541 794 inter
582 736 900 808 regionem,
932 751 1059 804 qua:
1112 734 1312 787 Ferrea
1342 731 1576 794 dicitur,
1609 746 1674 784 ac
1724 729 1886 800 prius
1919 728 2027 782 Ro-

389 845 591 886 manos
623 831 678 882 et
721 824 1056 896 Bulgaricos
1105 823 1250 876 ﬁnes
1281 819 1696 890 distinguebat,
1731 833 1796 872 ac
1823 817 2025 872 Debel-

384 923 510 972 tum
562 917 884 985 interjacet,
917 911 1000 967 eis
1029 909 1337 966 concessit.
1371 909 1508 963 Eam
1552 908 1845 978 regionem
1893 904 2028 960 Bul-

385 1007 507 1080 gari
549 1021 680 1061 cum
729 1001 1108 1072 accepissent,
1143 999 1419 1070 Zagoram
1461 995 1850 1068 appellarunt.
1884 994 2028 1050 Hinc

342 1086 494 1177 Lpax
523 1096 579 1149 in
612 1092 926 1148 Occidente
969 1088 1287 1144 constituta
1317 1091 1423 1142 est.
1458 1089 1672 1140 Verum
1703 1085 1762 1139 in
1794 1084 2027 1140 Oriente

381 1173 595 1255 magna
627 1180 735 1235 fuit
778 1177 1228 1234 Manichaeorum
1262 1175 1598 1244 multitudo,
1631 1175 1727 1244 qui
1778 1178 1832 1228 et
1881 1173 2026 1228 Pau-

378 1271 579 1329 liciani
621 1268 793 1341 vulgo
841 1266 1175 1339 imperitius
1222 1263 1610 1337 appellantur,
1639 1261 1920 1318 vocabulo
1960 1278 2028 1317 ex

382 1360 562 1418 Paulo
592 1361 650 1415 et
677 1358 900 1414 Joanne
930 1353 1272 1428 composito,
1310 1353 1409 1426 qui
1447 1352 1553 1407 etsi
1584 1352 1738 1424 apud
1771 1351 1904 1407 illos
1935 1367 2024 1407 ce-

382 1451 594 1520 lebres,
627 1445 1024 1503 haeresiarchas
1067 1449 1263 1499 tamen
1308 1447 1365 1498 et
1408 1457 1686 1514 perversae
1732 1440 2027 1513 opinionis

384 1542 652 1595 auctores
685 1552 796 1591 non
829 1536 1085 1603 fuerunt,
1119 1534 1217 1588 sed
1263 1533 1390 1602 ejus
1439 1536 1753 1586 sectatores
1801 1535 1856 1584 et
1901 1534 2025 1582 stu-

382 1627 529 1684 diosi
569 1642 748 1698 supra
778 1625 1042 1685 modum,
1075 1626 1130 1676 et
1178 1637 1492 1692 praecones.
1529 1624 1636 1674 Eos
1688 1619 2027 1691 imperatrix

381 1732 514 1771 cum
546 1713 607 1769 in
639 1712 835 1768 animo
865 1711 1106 1766 haberet
1155 1710 1225 1764 ab
1275 1707 1477 1763 haeresi
1530 1707 1600 1762 ad
1647 1723 1840 1762 veram
1891 1706 2024 1761 reli-

378 1804 607 1878 gionem
656 1800 973 1864 retrahere,
1003 1799 1158 1854 viros
1207 1797 1466 1852 illustres
1513 1795 1710 1863 mittit,
1743 1795 1842 1867 qui
1891 1811 2022 1850 cum

378 1892 678 1963 negotium
713 1888 873 1944 nulla
895 1887 1236 1943 dexteritate
1261 1884 1542 1957 nulloque
1573 1885 1808 1956 ingenio
1837 1883 2023 1938 admi-

377 1983 752 2047 nistrassent,
785 1995 897 2033 non
947 1977 1118 2031 modo
1166 1977 1398 2031 inanem
1431 1973 1688 2029 laborem
1723 1978 2021 2044 ceperunt,

376 2071 478 2126 sed
539 2073 597 2125 et
655 2069 724 2124 ad
785 2067 1163 2122 defectionem
1224 2063 1505 2136 populum
1560 2078 1813 2130 omnem,
1854 2063 2024 2133 cujus

376 2158 563 2215 multa
604 2157 789 2212 millia
832 2155 1315 2219 numerabantur,
1351 2151 1714 2225 impulerunt
1745 2169 1756 2206 :
1793 2155 1857 2205 ut
1889 2167 2022 2205 cum

375 2247 690 2304 Ismaelitis
743 2246 1128 2315 conjunctus,
1179 2247 1236 2297 et
1288 2243 1584 2297 Romanos
1640 2244 2022 2313 oppugnaret,

374 2338 572 2408 eisque
593 2335 811 2390 multas
833 2333 1027 2388 clades
1050 2332 1308 2387 inferret.
1328 2332 1398 2385 At
1419 2329 1740 2402 imperator
1758 2328 2021 2393 Michael,

373 2442 560 2482 annos
593 2423 857 2497 pueritiae
887 2437 1178 2492 egressus,
1202 2423 1258 2475 et
1281 2421 1402 2490 jam
1435 2418 1796 2486 adolescens,
1825 2418 2023 2488 iniquo

373 2515 596 2570 ferebat
624 2512 822 2568 animo
872 2509 1030 2582 regni
1065 2507 1636 2564 administrationem
1686 2523 1814 2562 esse
1845 2523 2022 2579 penes

375 2603 541 2670 alios,
574 2599 871 2671 simulque
927 2599 998 2654 ab
1057 2596 1343 2653 avunculo
1401 2596 1607 2662 Barda,
1653 2613 1769 2652 uno
1817 2611 1848 2649 e
1897 2595 2023 2651 suis

374 2691 697 2757 tutoribus,
747 2689 817 2744 ad
871 2687 1254 2760 principatus,
1291 2703 1396 2741 sun
1445 2685 1752 2754 arbitratu,
1785 2684 2022 2757 gerendi

375 2779 759 2852 cupiditatem
827 2776 1200 2832 incitabatur.
1261 2775 1491 2829 Manuel
1562 2789 1696 2829 vero
1767 2774 2019 2844 quodam

372 2874 638 2942 tempore
680 2869 810 2922 orta
863 2880 997 2921 cum
1048 2862 1365 2936 Logotheta
1421 2878 1631 2918 cursus
1687 2861 2021 2917 Theoctisto

375 2954 770 3014 controversia
799 2954 985 3028 (erant
1013 2957 1070 3008 et
1107 2951 1167 3007 hi
1217 2951 1390 3008 ambo
1437 2955 1659 3007 tutores
1706 2950 2020 3023 imperato-

375 3047 481 3115 ris)
511 3044 691 3118 regia,
724 3045 781 3099 in
841 3057 959 3114 qua
1013 3046 1137 3097 tum
1191 3041 1459 3115 degebat,
1495 3039 1716 3108 relicta,
1765 3039 1823 3094 in
1883 3057 2022 3096 suas

376 3136 528 3192 aedes
577 3134 878 3206 remigret,
923 3136 1098 3203 atque
1154 3131 1291 3185 inde
1345 3129 1560 3200 regiam
1620 3129 2019 3202 frequentans,

2138 549 2438 627 Βούλγαροι
2514 552 2571 610 δὲ
2645 556 2720 617 ὡς
2797 561 2898 625 τῆς
2955 556 3186 632 πατρίου
3243 558 3412 628 τιμῆς
3465 553 3556 610 καὶ
3619 551 3781 624 δόξης

2137 639 2488 713 ἀποστάντος,
2572 645 3032 717 κατεξανίστανται
3107 649 3206 699 τοῦ
3284 649 3430 723 σφῶν
3511 645 3780 720 ἀρχηγοῦ,

2137 730 2224 783 καὶ
2304 730 2526 802 ἐζητουν
2602 733 2760 789 αὐτὸν
2816 732 3073 793 ἀνελεῖν,
3131 735 3190 791 ‘O
3269 731 3325 788 δὲ
3398 738 3477 806 τῷ
3553 737 3783 807 σταυροῦ

2139 819 2350 893 σημείῳ
2435 822 2706 899 θαῤῥήσας
2794 822 3256 899 προπορευομένῳ
3339 821 3553 894 αὐτοῦ,
3661 827 3783 893 νικᾷ

2135 907 2262 971 τοὺς
2327 910 2669 976 ἀντισταντας
2743 912 2888 984 αὐτῷ
2961 912 3050 966 καὶ
3120 912 3263 966 οὕτω
3316 913 3511 974 πάντες
3569 909 3782 966 εἶ’λοντο

2136 998 2202 1051 τά
2270 1001 2645 1076 Χριστιανῶν.
2723 1001 2855 1058 Εἶτα
2938 997 3386 1076 διεπρεσϐεύσατο
3467 1002 3494 1056 6
3573 1000 3780 1056 τούτων

2137 1087 2377 1164 ἐξάρχων
2455 1090 2590 1166 πρὸς
2655 1091 2752 1160 τὴν
2831 1089 3169 1166 βασίλισσαν,
3237 1089 3403 1146 αἶ’τῶν
3478 1096 3582 1164 γῆς
3639 1089 3785 1162 αύτῷ

2134 1187 2607 1255 παραχωρηθῆναι
2685 1181 3040 1253 Ῥωμαϊκῆς,
3133 1181 3585 1254 στενογωρεῖσθαι
3679 1181 3778 1256 γὰρ

2133 1267 2196 1320 τὸ
2253 1263 2403 1329 ἔθνος
2428 1269 2614 1337 αὐτοῦ,
2646 1268 2735 1323 καὶ
2768 1266 2976 1332 ἀϊδίους
3009 1266 3238 1332 σπονδὰς
3295 1270 3430 1346 πρὸς
3479 1267 3608 1331 τοὺς
3647 1269 3782 1323 Ῥω-

2140 1357 2353 1428 μαίους,
2386 1355 2473 1410 καὶ
2507 1357 2812 1434 ὁμαιχμίαν
2863 1356 3359 1432 ἐπαγγελλόμενος.
3407 1358 3509 1414 Καὶ
3564 1359 3592 1427 ἡ
3629 1358 3784 1434 βασι-

2137 1442 2222 1506 λὶς
2256 1444 2525 1517 αὐτῷτὴν
2579 1445 2792 1517 αἷίτησιν
2855 1445 3220 1520 ἐξεπλήρωσε,
3273 1447 3362 1500 καὶ
3421 1446 3476 1500 οἱ
3535 1453 3635 1516 τῆς
3676 1446 3782 1500 ἀπὸ

2132 1541 2232 1603 τῆς
2319 1533 2622 1610 λεγομένης
2703 1532 2942 1610 Σιδηρᾶς
3018 1535 3383 1611 παρεχώρησε
3468 1536 3680 1610 χώρας,
3743 1534 3778 1603 ἢ

2132 1622 2199 1676 τά
2255 1623 2538 1695 Ῥωμαίων
2596 1623 2685 1678 καὶ
2743 1621 3074 1700 Βουλγάρων
3136 1621 3356 1698 διώριζε
3412 1623 3560 1697 πρὶν,
3615 1624 3781 1699 μέχρι

2134 1719 2233 1780 τῆς
2277 1707 2561 1766 Δεϐελτοῦο
2622 1715 2687 1782 ἣν
2747 1707 3006 1774 λαϐόντες
3066 1713 3118 1766 οἱ
3178 1711 3510 1787 Βούλγαροι,
3573 1710 3783 1784 κεκλή-

2135 1821 2255 1854 κασι
2315 1800 2552 1876 Ζαγοράν
2613 1804 2762 1875 (41).
2826 1801 3116 1858 Κάντεῦθεν
3172 1801 3362 1878 εἷ’ρήνη
3416 1800 3605 1876 γέγονε
3655 1803 3775 1877 περὶ

2133 1890 2199 1944 τά
2255 1891 2580 1975 Ἐσπέριοιὲλ
2608 1893 2751 1946 Κατά
2814 1892 2912 1960 τὴν
2967 1891 3136 1962 Ἐῴαν
3215 1887 3271 1945 δὲ
3343 1891 3405 1945 τὸ
3457 1891 3564 1945 τῶν
3620 1897 3780 1945 Μανι.

2135 1977 2308 2053 χαίων
2363 1977 2576 2049 πλῆθος
2631 1980 2697 2048 iv
2751 1979 2916 2048 πολὺ,
2977 1981 3028 2034 οἳ
3069 1981 3156 2034 καὶ
3207 1979 3778 2056 Παυλικιάνοιάγροι-

2131 2067 2350 2143 κότερον
2399 2069 2545 2143 παρὰ
2601 2073 2694 2123 τοῦ
2758 2065 3054 2142 δημώδους
3113 2064 3288 2144 ὄχλου
3345 2066 3670 2137 καλοῦνται,
3720 2069 3777 2124 ἐκ

2133 2155 2354 2212 Παύλου
2418 2157 2508 2212 καὶ
2591 2158 2839 2215 Ἰωάννου
2905 2164 3003 2228 τῆς
3087 2156 3338 2228 κλήσεως
3413 2159 3777 2232 συγκειμένης

2133 2246 2336 2308 αὐτοῖς·
2395 2248 2472 2302 τὼ
2548 2245 2595 2302 δ’
2652 2245 2809 2324 ἄνδρε
2865 2246 3042 2301 τούτω
3099 2248 3245 2322 παρά
3300 2247 3628 2322 Μανιχαίοις
3659 2246 3775 2324 ἐγε-

2131 2335 2324 2405 νέσθητ
2383 2336 2709 2409 ὀνομαστὰ),
2771 2335 2815 2390 εί
2891 2335 2979 2390 καὶ
3042 2336 3117 2409 μὴ
3185 2333 3356 2406 ἤστην
3428 2335 3770 2412 αἶρεσίάρχα,

2130 2424 2220 2478 καὶ
2277 2430 2376 2494 τῆς
2430 2422 2748 2494 κακοδοξίας
2814 2426 3126 2501 γεννήτορε,
3197 2423 3418 2495 ζηλωτά
3469 2422 3526 2479 δὲ
3574 2425 3775 2495 ταύτης

2131 2513 2219 2566 καὶ
2272 2509 2580 2568 σπουδαστᾶ
2635 2511 3020 2590 διαφερόντως,
3078 2513 3167 2568 καὶ
3219 2515 3438 2587 κήρυκε.
3501 2513 3597 2567 Καὶ
3643 2513 3769 2568 τού-

2129 2622 2255 2663 τους
2285 2601 2464 2656 τοίνυν
2523 2605 2558 2672 ἡ
2615 2601 2830 2678 βασιλὶς
2880 2602 2958 2664 εἷς
3005 2606 3130 2657 νοῦν
3174 2597 3397 2658 ἐϐάλετο
3458 2607 3769 2678 μεταγαγεῖν

2131 2689 2206 2752 εἷς
2261 2688 2572 2767 ὀρθοδοξίαν
2633 2689 2692 2746 ἐκ
2739 2698 2836 2760 τῆς
2896 2692 3177 2766 αἱρέσεως,
3233 2691 3321 2746 καὶ
3381 2689 3597 2746 στέλλει
3644 2690 3773 2754 τοὺς

2129 2783 2294 2834 τοῦτο
2354 2779 2681 2843 σπεύσοντας
2739 2777 2937 2854 ἄνδρας
2992 2784 3102 2834 τῶν
3181 2779 3632 2857 ἐπιφανεστέρων.
3710 2780 3776 2837 Οἱ

2133 2866 2191 2923 δὲ
2245 2866 2468 2940 ἀδεξίως
2541 2870 2604 2924 τὸ
2679 2875 2903 2946 πρᾶγμα
2975 2867 3065 2923 καὶ
3147 2867 3329 2947 ἀφυῶς
3391 2868 3771 2944 μεταχειρισάο

2135 2979 2307 3032 μενοι,
2365 2959 2426 3013 ού
2463 2958 2622 3032 μόνον
2652 2959 2908 3029 ἀνήνυτον
2953 2954 3132 3013 ἔθεντο
3170 2959 3269 3028 τήν
3303 2955 3570 3029 σπουδὴν,
3631 2955 3777 3014 ἀλλὰ

2130 3048 2219 3104 καὶ
2281 3047 2357 3110 εἷς
2433 3047 2762 3103 ἀποστασίαν
2837 3046 3075 3123 ὁρμῆσαι
3151 3047 3212 3101 τὸ
3285 3046 3438 3120 γένος
3508 3043 3640 3101 ὅλον
3701 3045 3775 3109 εἷς

2136 3134 2398 3214 μυριάδας
2474 3135 2688 3200 πολλὰς
2758 3135 3160 3212 ἀριθμούμενον
3210 3130 3512 3190 ἐϐιάσαντο.
3572 3139 3636 3188 "0
3687 3135 3773 3190 καὶ

376 3240 574 3281 rerum
623 3221 1194 3278 administrationem
1245 3220 1515 3292 capessit.
1549 3220 1628 3274 Ea
1678 3236 1772 3275 res
1821 3220 2013 3274 Bardaa

2131 3212 2247 3288 τοῖς
2314 3225 2365 3296 ἐξ
2436 3225 2669 3298 Ἰσμαήλ
2747 3226 3213 3300 συμμιγνύμενον,
3287 3223 3424 3278 κατὰ
3488 3223 3769 3297 Ῥωμαίων

379 3313 663 3385 singulari
685 3311 971 3382 voluptati
1003 3310 1130 3379 fuit,
1153 3313 1209 3366 et
1229 3309 1622 3364 Theoctistum
1655 3308 1827 3364 etiam
1862 3325 2021 3364 amo~

376 3417 512 3460 vere
543 3401 792 3458 studuit.
823 3401 968 3455 Nam
1001 3415 1132 3454 cum
1180 3397 1340 3469 regni
1381 3398 1698 3470 cupiditate
1727 3397 2019 3470 ﬂagraret,

367 3493 686 3559 metuebat,
715 3507 786 3546 ne
815 3490 886 3545 ab
919 3487 1015 3543 illo
1047 3487 1448 3559 impediretur.
1476 3487 1812 3559 Imperatori
1847 3505 2016 3560 porro

366 3581 717 3654 paedagogus
748 3583 872 3634 erat
917 3576 1233 3632 homuncio
1264 3577 1398 3632 vilis
1450 3581 1506 3631 et
1555 3577 1879 3648 improbus,
1913 3578 2013 3632 sed

363 3669 718 3726 adolescenti
751 3668 894 3723 adeo
935 3671 1160 3736 gratus,
1197 3670 1259 3720 ut
1289 3681 1422 3720 eum
1469 3665 1785 3722 illustriore
1816 3667 2010 3740 digni-

358 3763 477 3815 tate
536 3763 807 3815 ornatum
867 3756 1057 3826 vellet,
1099 3772 1348 3826 eamque
1402 3771 1517 3810 rem
1579 3773 1612 3811 a
1671 3761 1855 3812 matre
1913 3772 2012 3828 pe-

358 3852 525 3905 teret.
558 3848 774 3903 Verum
824 3845 1198 3901 Theoctistus
1245 3845 1494 3915 negabat
1541 3846 1854 3917 paedagogo
1906 3847 2009 3900 tri-

355 3938 650 3994 buendam
685 3937 1056 4006 dignitatem,
1087 3951 1214 4004 quae
1265 3933 1427 3988 illius
1478 3934 1871 3989 conditionem
1905 3951 2009 3990 su-

356 4030 607 4098 peraret,
640 4041 713 4080 ne
745 4023 1060 4095 dignitates
1105 4020 1455 4091 indignitate
1503 4021 1895 4078 afficerentur.
1931 4023 2009 4079 Ex

356 4131 422 4170 eo
454 4113 822 4170 Tbeoctistus
867 4112 1180 4184 paedagogo
1214 4110 1434 4165 invisus
1485 4109 1612 4178 fuit,
1645 4110 1819 4182 idque
1869 4117 2006 4167 Bar-

355 4205 438 4258 dze
481 4204 631 4262 157
687 4205 1186 4274 peropportunum
1247 4199 1461 4254 accidit
1517 4201 1585 4254 ad
1647 4200 2002 4256 desiderium

353 4309 527 4348 suum
561 4290 1018 4363 exsequendum.
1055 4289 1160 4342 Per
1193 4289 1574 4360 paedagogum
1606 4287 1785 4360 igitur
1815 4293 2004 4346 varias

351 4386 555 4438 contra
574 4380 968 4437 Theoctistum
1005 4376 1330 4432 calumnias
1361 4377 1730 4450 imperatoris
1761 4379 2004 4436 auribus

349 4471 630 4540 instillat,
696 4472 942 4542 ejusque
998 4466 1332 4522 facilitatem
1389 4467 1445 4521 in
1501 4466 1668 4522 illum
1728 4469 1998 4541 concitat,

2131 3314 2222 3370 σῦν
2281 3315 2470 3377 αὑτοῖς
2524 3313 2886 3385 ἐστρατεύετο,
2941 3313 3029 3368 καὶ
3068 3310 3296 3368 πολλῶν
3351 3310 3523 3368 αἰτιον
3583 3313 3768 3375 αὐτοὶς

2127 3405 2313 3481 γέγονε
2363 3408 2696 3482 συμφορῶν.
2744 3405 2799 3457 Ὀ
2850 3400 2907 3457 δέ
2963 3423 3026 3478 γε
3085 3401 3338 3476 βασιλεὺς
3391 3399 3617 3477 Μιχαὴλ
3676 3402 3766 3456 τὸν

2131 3494 2360 3569 μείρακα
2431 3491 2759 3569 παρελάσας,
2839 3492 2929 3546 καὶ
3003 3491 3303 3554 νεανίσκοις
3361 3490 3479 3567 ἄρτι
3537 3488 3764 3545 καταλε-

2122 3584 2373 3658 γόμενος,
2424 3579 2641 3658 ἤσχαλι
2703 3582 2830 3657 παρ’
2903 3579 3094 3642 ἄλλοις
3167 3581 3264 3649 τὴν
3332 3585 3432 3649 τῆς
3487 3577 3764 3652 βασιλείας

2127 3671 2346 3748 βλέπων
2379 3669 2670 3742 διοίκησιν,
2721 3669 2973 3744 ἠρέθιστο
3032 3666 3090 3724 δὲ
3144 3669 3231 3724 καὶ
3291 3669 3422 3743 πρὸς
3475 3671 3570 3722 τοῦ
3628 3668 3764 3740 πρὸς

2127 3761 2331 3833 μητρὸς
2409 3761 2555 3823 θείου
2639 3762 2735 3813 τοῦ
2803 3753 2986 3833 Βάρδα
3072 3762 3171 3825 τῆς
3256 3754 3556 3830 αύταρχίας
3629 3753 3764 3830 πρὸς

2121 3847 2332 3923 ἔρωτα·
2395 3850 2473 3909 εἷς
2533 3845 2578 3902 δ’
2651 3847 2717 3915 iv
2785 3845 2874 3923 xui
2929 3846 3086 3906 οὗτος
3142 3849 3249 3898 τῶν
3309 3842 3617 3915 ἐπιτρόπων
3671 3846 3768 3897 τοῦ

2119 3935 2374 4013 Μιχαήλ.
2412 3941 2678 4012 Διαφορᾶς
2732 3933 2789 3990 δέ
2843 3955 2976 3990 ποτε
3029 3939 3105 4006 τῷ
3155 3931 3438 4009 μαγίστρῳ
3497 3929 3765 4000 Μανουήλ

2115 4024 2413 4102 γενομένης
2467 4024 2602 4100 πρὸς
2656 4025 2747 4079 τὸν
2809 4021 3107 4098 λογοθέτην
3159 4024 3257 4075 τοῦ
3305 4017 3515 4096 δρόμου
3547 4021 3764 4075 Θεόκτι-

2116 4137 2239 4170 στον
2319 4116 2428 4188 (καὶ
2509 4111 2673 4192 ἄμφω
2745 4110 2802 4167 δὲ
2873 4111 3244 4187 συνεπιτρόπω
3317 4113 3416 4164 τοῦ
3496 4107 3762 4183 βασιλέως

2115 4203 2523 4280 ἐτυγχανέτην),
2557 4204 2584 4257 ὁ
2629 4199 2893 4270 Μανουὴλ
2947 4206 3053 4256 τῶν
3106 4199 3414 4272 ἀνακτόρων
3474 4197 3763 4272 ιὕποχωρεῖ

2114 4293 2201 4364 (iv
2261 4292 2362 4368 γὰρ
2421 4292 2530 4347 ἐκεῖ
2560 4289 2939 4364 διαιτώμενος)
2969 4289 3061 4344 καὶ
3092 4287 3170 4350 εἷς
3212 4287 3304 4341 τὸν
3363 4285 3560 4341 οἰκεῖον
3619 4286 3759 4339 εἶκον

2117 4386 2450 4457 μεταχωρεῖ,
2515 4380 2756 4436 κάκεῖθεν
2835 4377 2911 4440 ετς
2959 4379 3025 4433 τὰ
3085 4376 3333 4454 βασίλεια
3391 4374 3587 4441 ἀπιὼν,
3643 4377 3748 4426 τῶν

2113 4468 2435 4541 διοικήσεων
2495 4466 2696 4544 εἷ’χετο.
2754 4471 2920 4523 Τοῦτο
2978 4472 3056 4539 τῷ
3109 4463 3283 4540 Βάρδᾳ
3353 4463 3756 4538 θυμηρέστατον

349 4561 603 4632 denique
633 4562 762 4631 ejus
806 4559 980 4612 etiam
1015 4556 1319 4611 amovendi
1381 4558 1475 4610 ﬁt»
1501 4562 1723 4612 auctor.
1779 4558 1834 4613 ld
1868 4576 2000 4615 vero

2125 4557 2305 4632 ἔδοξεν,
2384 4559 2845 4621 ἀποσκευάσασθαι
2923 4561 3050 4633 γοῦν
3118 4554 3208 4610 καὶ
3281 4555 3371 4608 τὸν
3434 4552 3750 4606 Θεὸκτιοτον

347 4650 518 4705 aliter
567 4666 738 4722 posse
787 4649 907 4702 fieri
971 4647 1239 4717 negabat,
1273 4661 1447 4716 quam
1510 4646 1558 4700 si
1619 4647 1998 4704 occideretur.

345 4739 490 4794 Nam
544 4755 675 4794 eum
728 4739 1008 4792 viventem
1042 4737 1113 4790 ab
1147 4734 1516 4806 imperatrice
1547 4736 1851 4792 defensum
1904 4738 1997 4804 iri,

345 4832 403 4884 et
432 4828 775 4884 auctoritate
805 4827 1142 4882 valiturum.
1173 4825 1409 4879 Decreta
1441 4824 1544 4877 viri
1591 4826 1764 4884 caede.
1799 4826 1995 4882 obser-

341 4921 512 4973 vatur
541 4919 670 4990 ejus
701 4935 732 4974 e
763 4918 1021 4974 thalamo
1071 4899 1460 4987 imperatricis
1511 4932 1804 4987 egressus.
1847 4919 1990 4974 Nam

343 5008 413 5063 ad
446 5023 572 5064 eam
625 5012 682 5063 et
730 5007 867 5078 quid
925 5010 1146 5070 actum,
1180 5007 1237 5059 et
1269 5005 1408 5076 quid
1466 5007 1756 5078 agendum
1817 5012 1992 5080 esset,

338 5096 644 5153 referebat.
677 5095 1008 5169 Egredienti
1069 5109 1379 5165 percussor
1434 5093 1798 5150 immittitur.
1844 5096 1989 5152 Cum

339 5190 533 5242 autem
566 5185 663 5242 ille
693 5186 962 5241 strictum
999 5200 1198 5238 ensem
1225 5186 1424 5238 contra
1456 5199 1517 5238 se
1542 5183 1760 5240 elatum
1793 5201 1989 5242 cerne-

335 5279 444 5343 ret,
478 5291 785 5332 scamnum
836 5273 1039 5338 subiit,
1073 5287 1381 5344 percussor
1430 5288 1627 5328 ensem
1680 5275 1738 5328 in
1789 5281 1990 5332 ventre

333 5367 462 5435 ejus
493 5365 714 5437 defigit,
742 5364 929 5419 Barda
960 5361 1138 5418 etiam
1173 5361 1442 5416 strictum
1467 5378 1664 5417 ensem
1698 5362 1984 5432 vibrante,

331 5457 388 5508 et
418 5469 620 5509 necem
643 5453 692 5510 ei
717 5453 1046 5518 minitante,
1073 5450 1169 5522 qui
1196 5449 1463 5506 morienti
1491 5450 1568 5504 illi
1595 5468 1762 5524 opem
1788 5452 1980 5509 ferret.

2112 4647 2201 4705 διὰ
2271 4645 2510 4718 σπουδῆς
2589 4648 2732 4719 αὐτῷ
2805 4647 2893 4715 iv'
2976 4644 3267 4719 βασιλειῶν
3327 4642 3429 4717 γὰρ
3497 4637 3754 4694 ἐδεδοίκει

2106 4743 2317 4792 τοῦτον⁴
2381 4737 2456 4801 ὡς
2512 4739 2563 4792 οἱ
2622 4738 2756 4813 πρὸς
2830 4736 3057 4811 τοῦργον
3131 4733 3609 4804 ἀντιστησόμενον.
3665 4734 3758 4801 Τῷ

2114 4826 2328 4904 βασιλεῖ
2351 4828 2530 4882 τοίνυν
2583 4824 2932 4901 παιδαγωγὸς
2958 4827 3047 4893 iv,
3108 4819 3392 4895 ἀνδράριόν
3451 4841 3502 4875 τι
3551 4818 3755 4898 φαῦλον

2105 4917 2192 4970 καὶ
2218 4914 2476 4990 πονηρόν·
2534 4915 2592 4970 ’ὀν
2641 4913 2709 4968 δι’
2741 4912 2973 4991 ἐφέσεως
3035 4911 3177 4986 εἶχεν
3224 4910 3252 4964 6
3314 4906 3568 4984 βασιλεὺς
3601 4905 3759 4978 ἀξιώ-

2108 5027 2235 5078 ματι
2282 5009 2388 5059 τῶν
2442 5003 2838 5078 λαμπροτέρων
2885 4998 3116 5073 τιμῆσαί
3174 5019 3303 5067 τινι,
3363 4998 3450 5053 καὶ
3512 4995 3750 5050 ἐποιεῖτο

2102 5095 2223 5171 περὶ
2278 5093 2472 5149 τούτου
2528 5093 2625 5162 τήν
2681 5092 2816 5167 πρὸς
2866 5091 2965 5159 τήν
3021 5087 3231 5165 μητέρα
3277 5087 3516 5158 ἀξίωσιν.
3570 5085 3634 5141 Ὁ
3694 5081 3753 5140 δὲ

2101 5184 2414 5245 Θεόκτιστος
2479 5184 2554 5256 μὴ
2611 5179 2719 5237 δεῖν
2779 5178 2936 5254 ἔλεγε
2995 5177 3202 5251 μείζονι
3249 5177 3339 5232 τὸν
3397 5171 3747 5250 παιδαγωγὸν

2099 5281 2198 5344 τῆς
2248 5274 2438 5328 ἑαυτοῦ
2491 5272 2866 5332 καταστάσεως
2941 5270 3241 5343 τιμηθῆναι
3297 5267 3460 5337 τιμῇ,
3526 5260 3619 5317 ’ίνα
3671 5264 3746 5336 μὴ

2099 5365 2382 5435 ἀτιμοῖντο
2464 5361 2530 5415 τὰ
2596 5359 2893 5433 ἀξιώματα.
2973 5357 3241 5414 Ἐντεῦθεν
3303 5350 3372 5407 δι’
3425 5347 3626 5428 ἔχθρας
3679 5355 3746 5421 iv

2095 5457 2174 5524 τῷ
2232 5447 2567 5526 παιδαγωγῴ
2621 5451 2648 5505 6
2693 5449 3032 5510 Θεόκτιστος.
3091 5448 3260 5501 Τοῦτο
3318 5442 3498 5498 τοίνυν
3532 5443 3560 5498 ὁ
3619 5442 3749 5517 Βάρ-

1591 5568 1793 5629 Variae
1835 5569 2138 5632 lectiones
2181 5575 2243 5632 et
2286 5575 2478 5630 notae.

397 5666 657 5743 Ζαγοράν.
691 5668 836 5724 Vide
867 5667 1210 5732 Cedrenum,
1245 5679 1300 5734 p.
1333 5663 1459 5731 746,
1493 5667 1550 5718 et
1577 5665 1846 5724 Familia:
1875 5668 2013 5723 Daln

2125 5684 2234 5736 cas,
2270 5684 2327 5740 p.
2360 5666 2485 5722 310.
