  <div class='ocr_page' id='page_1' title='image "/cluster/home/n/w/nwhite01/storage/ocr_20150623/135/hvd.32044073502528/015.png"; bbox 0 0 4156 6214; ppageno 0'>
   <div class='ocr_carea' id='block_1_1' title="bbox 358 464 2034 532">
    <p class='ocr_par' dir='ltr' id='par_1_1' title="bbox 358 465 2032 532">
     <span class='ocr_line' id='line_1_1' title="bbox 358 465 2032 532; baseline 0.003 -6"><span class='ocrx_word' id='word_1_1' title='bbox 358 465 434 528; x_wconf 86' lang='grc'><strong>19</strong></span> <span class='ocrx_word' id='word_1_2' title='bbox 1708 471 2032 532; x_wconf 80' lang='lat' dir='ltr'><strong>JOANNIS</strong></span> 
     </span>
    </p>
   </div>
   <div class='ocr_carea' id='block_1_2' title="bbox 2145 464 3767 532">
    <p class='ocr_par' dir='ltr' id='par_1_2' title="bbox 2145 464 3767 531">
     <span class='ocr_line' id='line_1_2' title="bbox 2145 464 3767 531; baseline -0.003 -1"><span class='ocrx_word' id='word_1_3' title='bbox 2145 469 2282 531; x_wconf 77' lang='lat' dir='ltr'><strong>)NA</strong></span> <span class='ocrx_word' id='word_1_4' title='bbox 2293 471 2420 530; x_wconf 73' lang='lat' dir='ltr'><strong>[UE</strong></span> <span class='ocrx_word' id='word_1_5' title='bbox 3686 464 3767 526; x_wconf 78' lang='grc'><strong>20</strong></span> 
     </span>
    </p>
   </div>
   <div class='ocr_carea' id='block_1_3' title="bbox 354 598 2034 677">
    <p class='ocr_par' dir='ltr' id='par_1_3' title="bbox 354 600 2007 677">
     <span class='ocr_line' id='line_1_3' title="bbox 354 600 2007 677; baseline 0.002 -22"><span class='ocrx_word' id='word_1_6' title='bbox 354 600 518 658; x_wconf 90' lang='lat' dir='ltr'><strong>illius</strong></span> <span class='ocrx_word' id='word_1_7' title='bbox 560 601 865 657; x_wconf 88' lang='lat' dir='ltr'><strong>interitum</strong></span> <span class='ocrx_word' id='word_1_8' title='bbox 915 602 1160 676; x_wconf 90' lang='lat' dir='ltr'><strong>imperio</strong></span> <span class='ocrx_word' id='word_1_9' title='bbox 1210 606 1432 676; x_wconf 83' lang='lat' dir='ltr'><strong>potitus</strong></span> <span class='ocrx_word' id='word_1_10' title='bbox 1478 605 1725 661; x_wconf 90' lang='lat' dir='ltr'><strong>Basilius</strong></span> <span class='ocrx_word' id='word_1_11' title='bbox 1768 606 2007 677; x_wconf 81' lang='lat' dir='ltr'><strong>recepit,</strong></span> 
     </span>
    </p>
   </div>
   <div class='ocr_carea' id='block_1_4' title="bbox 2145 598 3767 677">
    <p class='ocr_par' dir='ltr' id='par_1_4' title="bbox 2145 598 3767 675">
     <span class='ocr_line' id='line_1_4' title="bbox 2145 598 3767 675; baseline -0.001 -22"><span class='ocrx_word' id='word_1_12' title='bbox 2145 602 2182 656; x_wconf 71' lang='grc' dir='ltr'>τὸ</span> <span class='ocrx_word' id='word_1_13' title='bbox 2230 608 2460 671; x_wconf 76' lang='grc' dir='ltr'>κοπῆναι</span> <span class='ocrx_word' id='word_1_14' title='bbox 2509 602 2756 675; x_wconf 88' lang='grc' dir='ltr'>νόμισμα</span> <span class='ocrx_word' id='word_1_15' title='bbox 2816 599 2889 656; x_wconf 84' lang='grc' dir='ltr'><strong>δι’</strong></span> <span class='ocrx_word' id='word_1_16' title='bbox 2942 600 3142 657; x_wconf 77' lang='grc' dir='ltr'>αὐτῶν.</span> <span class='ocrx_word' id='word_1_17' title='bbox 3206 598 3379 655; x_wconf 73' lang='grc' dir='ltr'>Ἀλλὰ</span> <span class='ocrx_word' id='word_1_18' title='bbox 3435 601 3620 673; x_wconf 62' lang='grc' dir='ltr'>μεντοι</span> <span class='ocrx_word' id='word_1_19' title='bbox 3677 599 3767 652; x_wconf 81' lang='grc' dir='ltr'><strong>καὶ</strong></span> 
     </span>
    </p>
   </div>
   <div class='ocr_carea' id='block_1_5' title="bbox 336 690 2012 764">
    <p class='ocr_par' dir='ltr' id='par_1_5' title="bbox 336 690 2012 764">
     <span class='ocr_line' id='line_1_5' title="bbox 336 690 2012 764; baseline 0.001 -18"><span class='ocrx_word' id='word_1_20' title='bbox 336 690 549 751; x_wconf 69' lang='lat' dir='ltr'><strong>tribus</strong></span> <span class='ocrx_word' id='word_1_21' title='bbox 572 691 885 748; x_wconf 83' lang='lat' dir='ltr'><strong>duntaxtat</strong></span> <span class='ocrx_word' id='word_1_22' title='bbox 907 694 1260 749; x_wconf 88' lang='lat' dir='ltr'><strong>centenariis</strong></span> <span class='ocrx_word' id='word_1_23' title='bbox 1283 696 1353 749; x_wconf 91' lang='lat' dir='ltr'><strong>de</strong></span> <span class='ocrx_word' id='word_1_24' title='bbox 1375 699 1536 749; x_wconf 89' lang='lat' dir='ltr'><strong>tanta</strong></span> <span class='ocrx_word' id='word_1_25' title='bbox 1560 709 1795 750; x_wconf 89' lang='lat' dir='ltr'><strong>summa</strong></span> <span class='ocrx_word' id='word_1_26' title='bbox 1824 710 2012 764; x_wconf 87' lang='lat' dir='ltr'><strong>reper-</strong></span> 
     </span>
    </p>
   </div>
   <div class='ocr_carea' id='block_1_6' title="bbox 358 779 2009 855">
    <p class='ocr_par' dir='ltr' id='par_1_6' title="bbox 358 779 2009 855">
     <span class='ocr_line' id='line_1_6' title="bbox 358 779 2009 855; baseline 0.001 -20"><span class='ocrx_word' id='word_1_27' title='bbox 358 779 457 835; x_wconf 69' lang='lat' dir='ltr'><strong>tis.</strong></span> <span class='ocrx_word' id='word_1_28' title='bbox 492 780 735 836; x_wconf 80' lang='lat' dir='ltr'>Matrem</span> <span class='ocrx_word' id='word_1_29' title='bbox 767 797 899 837; x_wconf 87' lang='lat' dir='ltr'><strong>vero</strong></span> <span class='ocrx_word' id='word_1_30' title='bbox 953 799 1121 837; x_wconf 89' lang='lat' dir='ltr'><strong>suam</strong></span> <span class='ocrx_word' id='word_1_31' title='bbox 1176 783 1424 839; x_wconf 78' lang='lat' dir='ltr'><strong>Michael</strong></span> <span class='ocrx_word' id='word_1_32' title='bbox 1475 785 1630 855; x_wconf 85' lang='lat' dir='ltr'><strong>regia</strong></span> <span class='ocrx_word' id='word_1_33' title='bbox 1684 785 2009 855; x_wconf 78' lang='lat' dir='ltr'><strong>digressam</strong></span> 
     </span>
    </p>
   </div>
   <div class='ocr_carea' id='block_1_7' title="bbox 361 858 2014 942">
    <p class='ocr_par' dir='ltr' id='par_1_7' title="bbox 361 858 2014 942">
     <span class='ocr_line' id='line_1_7' title="bbox 361 858 2014 942; baseline 0.001 -18"><span class='ocrx_word' id='word_1_34' title='bbox 361 860 662 939; x_wconf 82' lang='lat' dir='ltr'><strong>quiescere</strong></span> <span class='ocrx_word' id='word_1_35' title='bbox 693 887 810 926; x_wconf 90' lang='lat' dir='ltr'><strong>non</strong></span> <span class='ocrx_word' id='word_1_36' title='bbox 841 876 929 925; x_wconf 88' lang='lat' dir='ltr'><strong>est</strong></span> <span class='ocrx_word' id='word_1_37' title='bbox 959 858 1195 942; x_wconf 81' lang='lat' dir='ltr'><strong>passus,</strong></span> <span class='ocrx_word' id='word_1_38' title='bbox 1227 873 1329 927; x_wconf 89' lang='lat' dir='ltr'><strong>sed</strong></span> <span class='ocrx_word' id='word_1_39' title='bbox 1377 873 1578 927; x_wconf 75' lang='lat' dir='ltr'><strong>Bardss</strong></span> <span class='ocrx_word' id='word_1_40' title='bbox 1622 872 1924 937; x_wconf 88' lang='lat' dir='ltr'><strong>instinctu,</strong></span> <span class='ocrx_word' id='word_1_41' title='bbox 1957 874 2014 926; x_wconf 88' lang='lat' dir='ltr'><strong>et</strong></span> 
     </span>
    </p>
   </div>
   <div class='ocr_carea' id='block_1_8' title="bbox 359 956 2013 1030">
    <p class='ocr_par' dir='ltr' id='par_1_8' title="bbox 359 956 2013 1030">
     <span class='ocr_line' id='line_1_8' title="bbox 359 956 2013 1030; baseline 0.002 -19"><span class='ocrx_word' id='word_1_42' title='bbox 359 956 551 1029; x_wconf 88' lang='lat' dir='ltr'><strong>ipsam</strong></span> <span class='ocrx_word' id='word_1_43' title='bbox 584 963 642 1013; x_wconf 90' lang='lat' dir='ltr'><strong>et</strong></span> <span class='ocrx_word' id='word_1_44' title='bbox 671 974 902 1013; x_wconf 85' lang='lat' dir='ltr'><strong>sorores</strong></span> <span class='ocrx_word' id='word_1_45' title='bbox 934 959 1164 1030; x_wconf 80' lang='lat' dir='ltr'><strong>capillis</strong></span> <span class='ocrx_word' id='word_1_46' title='bbox 1201 961 1410 1026; x_wconf 83' lang='lat' dir='ltr'><strong>tonsis,</strong></span> <span class='ocrx_word' id='word_1_47' title='bbox 1442 962 1502 1015; x_wconf 92' lang='lat' dir='ltr'><strong>in</strong></span> <span class='ocrx_word' id='word_1_48' title='bbox 1532 961 1756 1016; x_wconf 64' lang='lat' dir='ltr'><strong>aedibus</strong></span> <span class='ocrx_word' id='word_1_49' title='bbox 1785 960 2013 1016; x_wconf 86' lang='lat' dir='ltr'><strong>Cariani</strong></span> 
     </span>
    </p>
   </div>
   <div class='ocr_carea' id='block_1_9' title="bbox 362 1045 2011 1121">
    <p class='ocr_par' dir='ltr' id='par_1_9' title="bbox 362 1045 2011 1121">
     <span class='ocr_line' id='line_1_9' title="bbox 362 1045 2011 1121; baseline 0.003 -22"><span class='ocrx_word' id='word_1_50' title='bbox 362 1045 634 1112; x_wconf 81' lang='lat' dir='ltr'><strong>includit,</strong></span> <span class='ocrx_word' id='word_1_51' title='bbox 669 1047 960 1119; x_wconf 82' lang='lat' dir='ltr'><strong>ademptis</strong></span> <span class='ocrx_word' id='word_1_52' title='bbox 991 1049 1267 1104; x_wconf 88' lang='lat' dir='ltr'><strong>omnibus</strong></span> <span class='ocrx_word' id='word_1_53' title='bbox 1297 1066 1423 1121; x_wconf 72' lang='lat' dir='ltr'><strong>quas</strong></span> <span class='ocrx_word' id='word_1_54' title='bbox 1458 1050 1802 1105; x_wconf 88' lang='lat' dir='ltr'><strong>habuerant.</strong></span> <span class='ocrx_word' id='word_1_55' title='bbox 1823 1049 2011 1105; x_wconf 89' lang='lat' dir='ltr'><strong>Theo-</strong></span> 
     </span>
    </p>
   </div>
   <div class='ocr_carea' id='block_1_10' title="bbox 365 1134 2016 1197">
    <p class='ocr_par' dir='ltr' id='par_1_10' title="bbox 365 1134 2016 1197">
     <span class='ocr_line' id='line_1_10' title="bbox 365 1134 2016 1197; baseline 0.002 -8"><span class='ocrx_word' id='word_1_56' title='bbox 365 1134 509 1189; x_wconf 87' lang='lat' dir='ltr'><strong>dora</strong></span> <span class='ocrx_word' id='word_1_57' title='bbox 551 1135 643 1190; x_wconf 91' lang='lat' dir='ltr'><strong>his</strong></span> <span class='ocrx_word' id='word_1_58' title='bbox 675 1135 850 1191; x_wconf 84' lang='lat' dir='ltr'><strong>rebus</strong></span> <span class='ocrx_word' id='word_1_59' title='bbox 882 1136 1077 1192; x_wconf 89' lang='lat' dir='ltr'><strong>animo</strong></span> <span class='ocrx_word' id='word_1_60' title='bbox 1108 1138 1390 1197; x_wconf 86' lang='lat' dir='ltr'><strong>sauciato.</strong></span> <span class='ocrx_word' id='word_1_61' title='bbox 1424 1139 1481 1193; x_wconf 92' lang='lat' dir='ltr'><strong>in</strong></span> <span class='ocrx_word' id='word_1_62' title='bbox 1516 1139 1673 1194; x_wconf 92' lang='lat' dir='ltr'><strong>illius</strong></span> <span class='ocrx_word' id='word_1_63' title='bbox 1726 1139 1834 1193; x_wconf 92' lang='lat' dir='ltr'><strong>loci</strong></span> <span class='ocrx_word' id='word_1_64' title='bbox 1883 1155 2016 1193; x_wconf 88' lang='lat' dir='ltr'><strong>mo-</strong></span> 
     </span>
    </p>
   </div>
   <div class='ocr_carea' id='block_1_11' title="bbox 365 1222 2016 1297">
    <p class='ocr_par' dir='ltr' id='par_1_11' title="bbox 365 1222 2016 1297">
     <span class='ocr_line' id='line_1_11' title="bbox 365 1222 2016 1297; baseline 0.002 -20"><span class='ocrx_word' id='word_1_65' title='bbox 365 1222 621 1278; x_wconf 91' lang='lat' dir='ltr'><strong>nasteriu</strong></span> <span class='ocrx_word' id='word_1_66' title='bbox 633 1240 688 1278; x_wconf 93' lang='lat' dir='ltr'><strong>m</strong></span> <span class='ocrx_word' id='word_1_67' title='bbox 703 1225 1268 1297; x_wconf 83' lang='lat' dir='ltr'><strong>commigrat,neque</strong></span> <span class='ocrx_word' id='word_1_68' title='bbox 1280 1226 1378 1281; x_wconf 90' lang='lat' dir='ltr'><strong>diu</strong></span> <span class='ocrx_word' id='word_1_69' title='bbox 1400 1232 1574 1281; x_wconf 71' lang='lat' dir='ltr'><strong>tantae</strong></span> <span class='ocrx_word' id='word_1_70' title='bbox 1588 1224 1906 1281; x_wconf 83' lang='lat' dir='ltr'><strong>calamitati</strong></span> <span class='ocrx_word' id='word_1_71' title='bbox 1921 1242 2016 1280; x_wconf 90' lang='lat' dir='ltr'><strong>su-</strong></span> 
     </span>
    </p>
   </div>
   <div class='ocr_carea' id='block_1_12' title="bbox 364 1314 2012 1387">
    <p class='ocr_par' dir='ltr' id='par_1_12' title="bbox 364 1314 2012 1387">
     <span class='ocr_line' id='line_1_12' title="bbox 364 1314 2012 1387; baseline 0.002 -22"><span class='ocrx_word' id='word_1_72' title='bbox 364 1317 590 1382; x_wconf 89' lang='lat' dir='ltr'><strong>perstes</strong></span> <span class='ocrx_word' id='word_1_73' title='bbox 622 1318 837 1368; x_wconf 87' lang='lat' dir='ltr'><strong>manet.</strong></span> <span class='ocrx_word' id='word_1_74' title='bbox 863 1314 1001 1383; x_wconf 87' lang='lat' dir='ltr'><strong>Ejus</strong></span> <span class='ocrx_word' id='word_1_75' title='bbox 1023 1330 1156 1369; x_wconf 90' lang='lat' dir='ltr'><strong>vero</strong></span> <span class='ocrx_word' id='word_1_76' title='bbox 1188 1315 1338 1381; x_wconf 81' lang='lat' dir='ltr'><strong>ﬁliae,</strong></span> <span class='ocrx_word' id='word_1_77' title='bbox 1361 1315 1732 1387; x_wconf 87' lang='lat' dir='ltr'><strong>imperatoris</strong></span> <span class='ocrx_word' id='word_1_78' title='bbox 1761 1330 2012 1377; x_wconf 89' lang='lat' dir='ltr'><strong>sorores,</strong></span> 
     </span>
    </p>
   </div>
   <div class='ocr_carea' id='block_1_13' title="bbox 365 1401 2015 1474">
    <p class='ocr_par' dir='ltr' id='par_1_13' title="bbox 365 1401 2015 1474">
     <span class='ocr_line' id='line_1_13' title="bbox 365 1401 2015 1474; baseline 0.002 -20"><span class='ocrx_word' id='word_1_79' title='bbox 365 1401 524 1455; x_wconf 90' lang='lat' dir='ltr'><strong>mala</strong></span> <span class='ocrx_word' id='word_1_80' title='bbox 554 1401 612 1455; x_wconf 93' lang='lat' dir='ltr'><strong>in</strong></span> <span class='ocrx_word' id='word_1_81' title='bbox 647 1418 773 1472; x_wconf 70' lang='lat' dir='ltr'><strong>quae</strong></span> <span class='ocrx_word' id='word_1_82' title='bbox 806 1405 1078 1473; x_wconf 79' lang='lat' dir='ltr'><strong>conjecta:</strong></span> <span class='ocrx_word' id='word_1_83' title='bbox 1100 1410 1285 1474; x_wconf 88' lang='lat' dir='ltr'><strong>erant,</strong></span> <span class='ocrx_word' id='word_1_84' title='bbox 1308 1404 1671 1460; x_wconf 86' lang='lat' dir='ltr'><strong>tolerabant:</strong></span> <span class='ocrx_word' id='word_1_85' title='bbox 1704 1406 1887 1459; x_wconf 88' lang='lat' dir='ltr'><strong>donec</strong></span> <span class='ocrx_word' id='word_1_86' title='bbox 1917 1419 2015 1458; x_wconf 88' lang='lat' dir='ltr'><strong>eas</strong></span> 
     </span>
    </p>
   </div>
   <div class='ocr_carea' id='block_1_14' title="bbox 364 1489 2013 1565">
    <p class='ocr_par' dir='ltr' id='par_1_14' title="bbox 364 1489 2013 1565">
     <span class='ocr_line' id='line_1_14' title="bbox 364 1489 2013 1565; baseline 0.002 -22"><span class='ocrx_word' id='word_1_87' title='bbox 364 1489 621 1545; x_wconf 78' lang='lat' dir='ltr'><strong>Basilius</strong></span> <span class='ocrx_word' id='word_1_88' title='bbox 652 1491 891 1547; x_wconf 84' lang='lat' dir='ltr'><strong>Macedo</strong></span> <span class='ocrx_word' id='word_1_89' title='bbox 946 1509 1141 1547; x_wconf 88' lang='lat' dir='ltr'><strong>rerum</strong></span> <span class='ocrx_word' id='word_1_90' title='bbox 1201 1494 1443 1565; x_wconf 84' lang='lat' dir='ltr'><strong>potitus,</strong></span> <span class='ocrx_word' id='word_1_91' title='bbox 1476 1493 1535 1548; x_wconf 91' lang='lat' dir='ltr'><strong>in</strong></span> <span class='ocrx_word' id='word_1_92' title='bbox 1589 1493 2013 1548; x_wconf 81' lang='lat' dir='ltr'><strong>monasterium</strong></span> 
     </span>
    </p>
   </div>
   <div class='ocr_carea' id='block_1_15' title="bbox 369 1577 2012 1652">
    <p class='ocr_par' dir='ltr' id='par_1_15' title="bbox 369 1577 2012 1652">
     <span class='ocr_line' id='line_1_15' title="bbox 369 1577 2012 1652; baseline 0.001 -18"><span class='ocrx_word' id='word_1_93' title='bbox 369 1577 507 1634; x_wconf 68' lang='lat' dir='ltr'><strong>aviae</strong></span> <span class='ocrx_word' id='word_1_94' title='bbox 567 1585 865 1645; x_wconf 67' lang='lat' dir='ltr'><strong>maternae,</strong></span> <span class='ocrx_word' id='word_1_95' title='bbox 914 1582 1071 1652; x_wconf 92' lang='lat' dir='ltr'><strong>quod</strong></span> <span class='ocrx_word' id='word_1_96' title='bbox 1121 1581 1486 1638; x_wconf 89' lang='lat' dir='ltr'><strong>Gastriorum</strong></span> <span class='ocrx_word' id='word_1_97' title='bbox 1544 1599 1758 1637; x_wconf 88' lang='lat' dir='ltr'><strong>nomen</strong></span> <span class='ocrx_word' id='word_1_98' title='bbox 1817 1581 2012 1647; x_wconf 85' lang='lat' dir='ltr'><strong>habet,</strong></span> 
     </span>
    </p>
   </div>
   <div class='ocr_carea' id='block_1_16' title="bbox 370 1666 2015 1743">
    <p class='ocr_par' dir='ltr' id='par_1_16' title="bbox 370 1666 2015 1743">
     <span class='ocr_line' id='line_1_16' title="bbox 370 1666 2015 1743; baseline 0.001 -22"><span class='ocrx_word' id='word_1_99' title='bbox 370 1666 627 1723; x_wconf 87' lang='lat' dir='ltr'><strong>deduxit.</strong></span> <span class='ocrx_word' id='word_1_100' title='bbox 661 1667 847 1723; x_wconf 87' lang='lat' dir='ltr'><strong>Matre</strong></span> <span class='ocrx_word' id='word_1_101' title='bbox 890 1669 1260 1741; x_wconf 86' lang='lat' dir='ltr'><strong>imperatoris</strong></span> <span class='ocrx_word' id='word_1_102' title='bbox 1308 1688 1338 1726; x_wconf 91' lang='lat' dir='ltr'><strong>e</strong></span> <span class='ocrx_word' id='word_1_103' title='bbox 1386 1672 1545 1743; x_wconf 89' lang='lat' dir='ltr'><strong>regia</strong></span> <span class='ocrx_word' id='word_1_104' title='bbox 1588 1678 1782 1727; x_wconf 90' lang='lat' dir='ltr'><strong>amota</strong></span> <span class='ocrx_word' id='word_1_105' title='bbox 1812 1676 1899 1737; x_wconf 87' lang='lat' dir='ltr'><strong>(ut</strong></span> <span class='ocrx_word' id='word_1_106' title='bbox 1928 1670 2015 1724; x_wconf 91' lang='lat' dir='ltr'><strong>di-</strong></span> 
     </span>
    </p>
   </div>
   <div class='ocr_carea' id='block_1_17' title="bbox 371 1756 2015 1831">
    <p class='ocr_par' dir='ltr' id='par_1_17' title="bbox 371 1756 2015 1831">
     <span class='ocr_line' id='line_1_17' title="bbox 371 1756 2015 1831; baseline 0.002 -21"><span class='ocrx_word' id='word_1_107' title='bbox 371 1760 531 1811; x_wconf 92' lang='lat' dir='ltr'><strong>ctum</strong></span> <span class='ocrx_word' id='word_1_108' title='bbox 562 1756 672 1828; x_wconf 90' lang='lat' dir='ltr'><strong>est)</strong></span> <span class='ocrx_word' id='word_1_109' title='bbox 700 1757 881 1813; x_wconf 88' lang='lat' dir='ltr'><strong>totius</strong></span> <span class='ocrx_word' id='word_1_110' title='bbox 926 1758 1158 1831; x_wconf 88' lang='lat' dir='ltr'><strong>imperii</strong></span> <span class='ocrx_word' id='word_1_111' title='bbox 1202 1760 1632 1817; x_wconf 88' lang='lat' dir='ltr'><strong>administratio</strong></span> <span class='ocrx_word' id='word_1_112' title='bbox 1662 1761 1734 1815; x_wconf 90' lang='lat' dir='ltr'><strong>ad</strong></span> <span class='ocrx_word' id='word_1_113' title='bbox 1770 1759 2015 1815; x_wconf 89' lang='lat' dir='ltr'><strong>Bardam</strong></span> 
     </span>
    </p>
   </div>
   <div class='ocr_carea' id='block_1_18' title="bbox 371 1845 2020 1919">
    <p class='ocr_par' dir='ltr' id='par_1_18' title="bbox 371 1845 2020 1919">
     <span class='ocr_line' id='line_1_18' title="bbox 371 1845 2020 1919; baseline 0.002 -21"><span class='ocrx_word' id='word_1_114' title='bbox 371 1845 554 1911; x_wconf 84' lang='lat' dir='ltr'><strong>venit,</strong></span> <span class='ocrx_word' id='word_1_115' title='bbox 586 1846 679 1900; x_wconf 92' lang='lat' dir='ltr'><strong>cui</strong></span> <span class='ocrx_word' id='word_1_116' title='bbox 712 1862 892 1917; x_wconf 90' lang='lat' dir='ltr'><strong>nepos</strong></span> <span class='ocrx_word' id='word_1_117' title='bbox 923 1847 1270 1919; x_wconf 63' lang='lat' dir='ltr'><strong>curopalatie</strong></span> <span class='ocrx_word' id='word_1_118' title='bbox 1307 1848 1588 1904; x_wconf 88' lang='lat' dir='ltr'><strong>honorem</strong></span> <span class='ocrx_word' id='word_1_119' title='bbox 1620 1848 1847 1905; x_wconf 85' lang='lat' dir='ltr'><strong>detulit.</strong></span> <span class='ocrx_word' id='word_1_120' title='bbox 1882 1848 2020 1903; x_wconf 89' lang='lat' dir='ltr'><strong>Post</strong></span> 
     </span>
    </p>
   </div>
   <div class='ocr_carea' id='block_1_19' title="bbox 2120 686 3770 766">
    <p class='ocr_par' dir='ltr' id='par_1_19' title="bbox 2120 686 3770 766">
     <span class='ocr_line' id='line_1_19' title="bbox 2120 686 3770 766; baseline -0.003 -20"><span class='ocrx_word' id='word_1_121' title='bbox 2120 690 2204 746; x_wconf 79' lang='grc' dir='ltr'>ἐπὶ</span> <span class='ocrx_word' id='word_1_122' title='bbox 2271 689 2579 766; x_wconf 80' lang='grc' dir='ltr'><strong>βασιλικαῖς</strong></span> <span class='ocrx_word' id='word_1_123' title='bbox 2637 689 2861 752; x_wconf 81' lang='grc' dir='ltr'><strong>στολαῖς</strong></span> <span class='ocrx_word' id='word_1_124' title='bbox 2913 694 3074 744; x_wconf 78' lang='grc' dir='ltr'>τοῦτο</span> <span class='ocrx_word' id='word_1_125' title='bbox 3133 688 3430 759; x_wconf 74' lang='grc' dir='ltr'>ἐποίησεν,</span> <span class='ocrx_word' id='word_1_126' title='bbox 3507 686 3581 741; x_wconf 80' lang='grc' dir='ltr'>ὧν</span> <span class='ocrx_word' id='word_1_127' title='bbox 3651 707 3770 741; x_wconf 87' lang='grc' dir='ltr'>τινα</span> 
     </span>
    </p>
   </div>
   <div class='ocr_carea' id='block_1_20' title="bbox 2120 774 3759 858">
    <p class='ocr_par' dir='ltr' id='par_1_20' title="bbox 2120 774 3759 858">
     <span class='ocr_line' id='line_1_20' title="bbox 2120 774 3759 858; baseline -0.003 -24"><span class='ocrx_word' id='word_1_128' title='bbox 2120 780 2325 834; x_wconf 81' lang='grc' dir='ltr'>ἐκείνου</span> <span class='ocrx_word' id='word_1_129' title='bbox 2384 781 2675 858; x_wconf 72' lang='grc' dir='ltr'><strong>φθαρέντος</strong></span> <span class='ocrx_word' id='word_1_130' title='bbox 2723 777 2799 834; x_wconf 82' lang='grc' dir='ltr'>ἔτι</span> <span class='ocrx_word' id='word_1_131' title='bbox 2859 778 3295 852; x_wconf 79' lang='grc' dir='ltr'>περισωζόμενα,</span> <span class='ocrx_word' id='word_1_132' title='bbox 3346 777 3374 830; x_wconf 92' lang='lat'><strong>6</strong></span> <span class='ocrx_word' id='word_1_133' title='bbox 3437 777 3553 849; x_wconf 84' lang='grc' dir='ltr'>μετ’</span> <span class='ocrx_word' id='word_1_134' title='bbox 3601 774 3759 830; x_wconf 77' lang='grc' dir='ltr'>αὐτὸν</span> 
     </span>
    </p>
   </div>
   <div class='ocr_carea' id='block_1_21' title="bbox 2126 863 3770 943">
    <p class='ocr_par' dir='ltr' id='par_1_21' title="bbox 2126 863 3770 943">
     <span class='ocr_line' id='line_1_21' title="bbox 2126 863 3770 943; baseline -0.004 -20"><span class='ocrx_word' id='word_1_135' title='bbox 2126 867 2444 943; x_wconf 79' lang='grc' dir='ltr'><strong>βασιλεύσας</strong></span> <span class='ocrx_word' id='word_1_136' title='bbox 2504 866 2786 931; x_wconf 85' lang='grc' dir='ltr'>Βασίλειος</span> <span class='ocrx_word' id='word_1_137' title='bbox 2841 866 3220 940; x_wconf 73' lang='grc' dir='ltr'><strong>ἀνεκομίσατο,</strong></span> <span class='ocrx_word' id='word_1_138' title='bbox 3276 864 3401 941; x_wconf 89' lang='grc' dir='ltr'>τρία</span> <span class='ocrx_word' id='word_1_139' title='bbox 3460 863 3600 938; x_wconf 85' lang='grc' dir='ltr'>μόνα</span> <span class='ocrx_word' id='word_1_140' title='bbox 3649 885 3770 918; x_wconf 90' lang='grc' dir='ltr'>κεν-</span> 
     </span>
    </p>
   </div>
   <div class='ocr_carea' id='block_1_22' title="bbox 2118 951 3767 1034">
    <p class='ocr_par' dir='ltr' id='par_1_22' title="bbox 2118 951 3767 1034">
     <span class='ocr_line' id='line_1_22' title="bbox 2118 951 3767 1034; baseline -0.004 -21"><span class='ocrx_word' id='word_1_141' title='bbox 2118 960 2350 1034; x_wconf 87' lang='grc' dir='ltr'>τηνάρια</span> <span class='ocrx_word' id='word_1_142' title='bbox 2426 959 2673 1034; x_wconf 81' lang='grc' dir='ltr'>εὑρηκὼς</span> <span class='ocrx_word' id='word_1_143' title='bbox 2749 956 2808 1011; x_wconf 85' lang='grc' dir='ltr'>ἐκ</span> <span class='ocrx_word' id='word_1_144' title='bbox 2885 963 2985 1026; x_wconf 85' lang='grc' dir='ltr'><strong>τῆς</strong></span> <span class='ocrx_word' id='word_1_145' title='bbox 3060 954 3527 1030; x_wconf 73' lang='grc' dir='ltr'>ἀπήριθμημὲνης</span> <span class='ocrx_word' id='word_1_146' title='bbox 3598 951 3767 1008; x_wconf 83' lang='grc' dir='ltr'>ποσό-</span> 
     </span>
    </p>
   </div>
   <div class='ocr_carea' id='block_1_23' title="bbox 2118 1040 3765 1121">
    <p class='ocr_par' dir='ltr' id='par_1_23' title="bbox 2118 1040 3765 1121">
     <span class='ocr_line' id='line_1_23' title="bbox 2118 1040 3765 1121; baseline -0.004 -19"><span class='ocrx_word' id='word_1_147' title='bbox 2118 1069 2306 1118; x_wconf 88' lang='grc' dir='ltr'>τητος.</span> <span class='ocrx_word' id='word_1_148' title='bbox 2396 1049 2509 1117; x_wconf 76' lang='grc' dir='ltr'><strong>Τήν</strong></span> <span class='ocrx_word' id='word_1_149' title='bbox 2575 1048 2766 1102; x_wconf 72' lang='grc' dir='ltr'>ἑαυτοῦ</span> <span class='ocrx_word' id='word_1_150' title='bbox 2841 1044 2899 1101; x_wconf 72' lang='grc' dir='ltr'><strong>δὲ</strong></span> <span class='ocrx_word' id='word_1_151' title='bbox 2977 1045 3185 1121; x_wconf 71' lang='grc' dir='ltr'>μητερα</span> <span class='ocrx_word' id='word_1_152' title='bbox 3262 1046 3290 1099; x_wconf 98' lang='lat'><strong>6</strong></span> <span class='ocrx_word' id='word_1_153' title='bbox 3346 1040 3601 1119; x_wconf 62' lang='grc' dir='ltr'>βασιλεὺς</span> <span class='ocrx_word' id='word_1_154' title='bbox 3655 1046 3765 1097; x_wconf 83' lang='grc' dir='ltr'><strong>τῶν</strong></span> 
     </span>
    </p>
   </div>
   <div class='ocr_carea' id='block_1_24' title="bbox 2126 1129 3767 1213">
    <p class='ocr_par' dir='ltr' id='par_1_24' title="bbox 2126 1129 3767 1213">
     <span class='ocr_line' id='line_1_24' title="bbox 2126 1129 3767 1213; baseline -0.004 -21"><span class='ocrx_word' id='word_1_155' title='bbox 2126 1138 2413 1212; x_wconf 72' lang='grc' dir='ltr'>βασιλείων</span> <span class='ocrx_word' id='word_1_156' title='bbox 2513 1138 2947 1213; x_wconf 75' lang='grc' dir='ltr'>ὑποχωρήσασαν</span> <span class='ocrx_word' id='word_1_157' title='bbox 3048 1135 3147 1190; x_wconf 78' lang='grc' dir='ltr'><strong>οὐκ</strong></span> <span class='ocrx_word' id='word_1_158' title='bbox 3241 1129 3413 1189; x_wconf 84' lang='grc' dir='ltr'>εἷάσεν</span> <span class='ocrx_word' id='word_1_159' title='bbox 3516 1134 3767 1207; x_wconf 80' lang='grc' dir='ltr'><strong>ἠρεμεῖν,</strong></span> 
     </span>
    </p>
   </div>
   <div class='ocr_carea' id='block_1_25' title="bbox 2120 1218 3769 1301">
    <p class='ocr_par' dir='ltr' id='par_1_25' title="bbox 2120 1218 3769 1301">
     <span class='ocr_line' id='line_1_25' title="bbox 2120 1218 3769 1301; baseline -0.003 -23"><span class='ocrx_word' id='word_1_160' title='bbox 2120 1223 2247 1279; x_wconf 77' lang='grc' dir='ltr'>ἀλλ’</span> <span class='ocrx_word' id='word_1_161' title='bbox 2301 1226 2599 1296; x_wconf 79' lang='grc' dir='ltr'>ὑποθήκαις</span> <span class='ocrx_word' id='word_1_162' title='bbox 2650 1229 2748 1279; x_wconf 78' lang='grc' dir='ltr'>τοῦ</span> <span class='ocrx_word' id='word_1_163' title='bbox 2821 1221 3002 1301; x_wconf 83' lang='grc' dir='ltr'>Βάρδα</span> <span class='ocrx_word' id='word_1_164' title='bbox 3065 1222 3284 1296; x_wconf 77' lang='grc' dir='ltr'>πέμψας</span> <span class='ocrx_word' id='word_1_165' title='bbox 3340 1221 3617 1296; x_wconf 76' lang='grc' dir='ltr'>ἀποκείρει</span> <span class='ocrx_word' id='word_1_166' title='bbox 3677 1218 3769 1274; x_wconf 84' lang='grc' dir='ltr'><strong>καὶ</strong></span> 
     </span>
    </p>
   </div>
   <div class='ocr_carea' id='block_1_26' title="bbox 2121 1308 3770 1389">
    <p class='ocr_par' dir='ltr' id='par_1_26' title="bbox 2121 1308 3770 1389">
     <span class='ocr_line' id='line_1_26' title="bbox 2121 1308 3770 1389; baseline -0.005 -19"><span class='ocrx_word' id='word_1_167' title='bbox 2121 1314 2287 1383; x_wconf 77' lang='grc' dir='ltr'>αύτῆν</span> <span class='ocrx_word' id='word_1_168' title='bbox 2335 1316 2421 1369; x_wconf 88' lang='grc' dir='ltr'><strong>καὶ</strong></span> <span class='ocrx_word' id='word_1_169' title='bbox 2475 1315 2569 1375; x_wconf 73' lang='grc' dir='ltr'><strong>τὰς</strong></span> <span class='ocrx_word' id='word_1_170' title='bbox 2621 1310 2878 1389; x_wconf 79' lang='grc' dir='ltr'><strong>ἀδελφὰς,</strong></span> <span class='ocrx_word' id='word_1_171' title='bbox 2935 1312 3026 1367; x_wconf 84' lang='grc' dir='ltr'><strong>καὶ</strong></span> <span class='ocrx_word' id='word_1_172' title='bbox 3083 1312 3133 1367; x_wconf 74' lang='grc' dir='ltr'>ἑν</span> <span class='ocrx_word' id='word_1_173' title='bbox 3177 1315 3256 1383; x_wconf 83' lang='grc' dir='ltr'>τῷ</span> <span class='ocrx_word' id='word_1_174' title='bbox 3309 1308 3445 1383; x_wconf 62' lang='grc' dir='ltr'>οἷόιῳ</span> <span class='ocrx_word' id='word_1_175' title='bbox 3497 1312 3596 1363; x_wconf 78' lang='grc' dir='ltr'><strong>τοῦ</strong></span> <span class='ocrx_word' id='word_1_176' title='bbox 3656 1315 3770 1363; x_wconf 81' lang='grc' dir='ltr'><strong>Κα-</strong></span> 
     </span>
    </p>
   </div>
   <div class='ocr_carea' id='block_1_27' title="bbox 2124 1396 3766 1482">
    <p class='ocr_par' dir='ltr' id='par_1_27' title="bbox 2124 1396 3766 1482">
     <span class='ocr_line' id='line_1_27' title="bbox 2124 1396 3766 1482; baseline -0.005 -23"><span class='ocrx_word' id='word_1_177' title='bbox 2124 1408 2310 1482; x_wconf 84' lang='grc' dir='ltr'>ριανοῦ</span> <span class='ocrx_word' id='word_1_178' title='bbox 2368 1405 2479 1477; x_wconf 85' lang='grc'><strong>(46)</strong></span> <span class='ocrx_word' id='word_1_179' title='bbox 2538 1401 2833 1478; x_wconf 86' lang='grc' dir='ltr'>περιορίζει</span> <span class='ocrx_word' id='word_1_180' title='bbox 2868 1446 2884 1473; x_wconf 78' lang='grc'><strong><em>,</em></strong></span> <span class='ocrx_word' id='word_1_181' title='bbox 2955 1401 3047 1456; x_wconf 82' lang='grc' dir='ltr'><strong>καὶ</strong></span> <span class='ocrx_word' id='word_1_182' title='bbox 3122 1399 3221 1454; x_wconf 81' lang='grc' dir='ltr'>ὅσα</span> <span class='ocrx_word' id='word_1_183' title='bbox 3294 1405 3505 1475; x_wconf 82' lang='grc' dir='ltr'>προσῆν</span> <span class='ocrx_word' id='word_1_184' title='bbox 3580 1396 3766 1459; x_wconf 82' lang='grc' dir='ltr'>αὑταῖς</span> 
     </span>
    </p>
   </div>
   <div class='ocr_carea' id='block_1_28' title="bbox 2124 1487 3767 1571">
    <p class='ocr_par' dir='ltr' id='par_1_28' title="bbox 2124 1487 3767 1571">
     <span class='ocr_line' id='line_1_28' title="bbox 2124 1487 3767 1571; baseline -0.005 -23"><span class='ocrx_word' id='word_1_185' title='bbox 2124 1495 2448 1571; x_wconf 79' lang='grc' dir='ltr'>ἀφαιρεῖται.</span> <span class='ocrx_word' id='word_1_186' title='bbox 2532 1491 2764 1553; x_wconf 84' lang='grc' dir='ltr'>Τούτοις</span> <span class='ocrx_word' id='word_1_187' title='bbox 2848 1493 2883 1559; x_wconf 79' lang='grc' dir='ltr'>ἡ</span> <span class='ocrx_word' id='word_1_188' title='bbox 2972 1488 3225 1564; x_wconf 82' lang='grc' dir='ltr'>Θεοδώρα</span> <span class='ocrx_word' id='word_1_189' title='bbox 3306 1489 3587 1562; x_wconf 81' lang='grc' dir='ltr'>πληγεῖσα</span> <span class='ocrx_word' id='word_1_190' title='bbox 3668 1487 3767 1556; x_wconf 78' lang='grc' dir='ltr'>τήν</span> 
     </span>
    </p>
   </div>
   <div class='ocr_carea' id='block_1_29' title="bbox 2123 1573 3768 1658">
    <p class='ocr_par' dir='ltr' id='par_1_29' title="bbox 2123 1573 3768 1658">
     <span class='ocr_line' id='line_1_29' title="bbox 2123 1573 3768 1658; baseline -0.005 -21"><span class='ocrx_word' id='word_1_191' title='bbox 2123 1583 2308 1658; x_wconf 80' lang='grc' dir='ltr'>ψυχὴν</span> <span class='ocrx_word' id='word_1_192' title='bbox 2366 1586 2677 1656; x_wconf 80' lang='grc' dir='ltr'>μεταχωρεῖ</span> <span class='ocrx_word' id='word_1_193' title='bbox 2732 1581 2866 1656; x_wconf 86' lang='grc' dir='ltr'>πρὸς</span> <span class='ocrx_word' id='word_1_194' title='bbox 2937 1580 3032 1641; x_wconf 74' lang='grc' dir='ltr'>τὰς</span> <span class='ocrx_word' id='word_1_195' title='bbox 3105 1576 3275 1633; x_wconf 82' lang='grc' dir='ltr'>ἐκεῖσε</span> <span class='ocrx_word' id='word_1_196' title='bbox 3336 1576 3525 1649; x_wconf 85' lang='grc' dir='ltr'>μονὰς,</span> <span class='ocrx_word' id='word_1_197' title='bbox 3582 1573 3768 1650; x_wconf 80' lang='grc' dir='ltr'>ὀλίγον</span> 
     </span>
    </p>
   </div>
   <div class='ocr_carea' id='block_1_30' title="bbox 2122 1663 3773 1749">
    <p class='ocr_par' dir='ltr' id='par_1_30' title="bbox 2122 1663 3773 1749">
     <span class='ocr_line' id='line_1_30' title="bbox 2122 1663 3773 1749; baseline -0.005 -23"><span class='ocrx_word' id='word_1_198' title='bbox 2122 1676 2192 1745; x_wconf 79' lang='grc' dir='ltr'>τῇ</span> <span class='ocrx_word' id='word_1_199' title='bbox 2270 1676 2523 1749; x_wconf 73' lang='grc' dir='ltr'>συμφορᾷ</span> <span class='ocrx_word' id='word_1_200' title='bbox 2594 1669 2912 1739; x_wconf 69' lang='grc' dir='ltr'>ἐπιζήσασα.</span> <span class='ocrx_word' id='word_1_201' title='bbox 2975 1669 3043 1723; x_wconf 73' lang='grc' dir='ltr'><strong>Αἱ</strong></span> <span class='ocrx_word' id='word_1_202' title='bbox 3115 1664 3173 1722; x_wconf 78' lang='grc' dir='ltr'>δὲ</span> <span class='ocrx_word' id='word_1_203' title='bbox 3240 1666 3531 1741; x_wconf 72' lang='grc' dir='ltr'>Θυγατέρες</span> <span class='ocrx_word' id='word_1_204' title='bbox 3605 1663 3773 1732; x_wconf 74' lang='grc' dir='ltr'>αὐτῆς</span> 
     </span>
    </p>
   </div>
   <div class='ocr_carea' id='block_1_31' title="bbox 2124 1752 3769 1835">
    <p class='ocr_par' dir='ltr' id='par_1_31' title="bbox 2124 1752 3769 1835">
     <span class='ocr_line' id='line_1_31' title="bbox 2124 1752 3769 1835; baseline -0.006 -19"><span class='ocrx_word' id='word_1_205' title='bbox 2124 1762 2214 1816; x_wconf 85' lang='grc' dir='ltr'><strong>καὶ</strong></span> <span class='ocrx_word' id='word_1_206' title='bbox 2286 1765 2383 1814; x_wconf 81' lang='grc' dir='ltr'><strong>τοῦ</strong></span> <span class='ocrx_word' id='word_1_207' title='bbox 2457 1758 2725 1835; x_wconf 65' lang='grc' dir='ltr'>βασιλέως</span> <span class='ocrx_word' id='word_1_208' title='bbox 2802 1757 3099 1831; x_wconf 81' lang='grc' dir='ltr'>ὁμαίμονες</span> <span class='ocrx_word' id='word_1_209' title='bbox 3165 1753 3398 1824; x_wconf 72' lang='grc' dir='ltr'>ἤντλουν</span> <span class='ocrx_word' id='word_1_210' title='bbox 3450 1754 3520 1809; x_wconf 69' lang='grc' dir='ltr'>τὰ</span> <span class='ocrx_word' id='word_1_211' title='bbox 3583 1752 3769 1814; x_wconf 80' lang='grc' dir='ltr'>αὑταῖς</span> 
     </span>
    </p>
   </div>
   <div class='ocr_carea' id='block_1_32' title="bbox 2127 1842 3772 1925">
    <p class='ocr_par' dir='ltr' id='par_1_32' title="bbox 2127 1842 3772 1925">
     <span class='ocr_line' id='line_1_32' title="bbox 2127 1842 3772 1925; baseline -0.007 -19"><span class='ocrx_word' id='word_1_212' title='bbox 2127 1847 2521 1925; x_wconf 77' lang='grc' dir='ltr'>ἐπενηνεγμένα</span> <span class='ocrx_word' id='word_1_213' title='bbox 2596 1848 2751 1915; x_wconf 74' lang='grc' dir='ltr'>κακὰ,</span> <span class='ocrx_word' id='word_1_214' title='bbox 2825 1844 2885 1908; x_wconf 74' lang='grc' dir='ltr'>ἃς</span> <span class='ocrx_word' id='word_1_215' title='bbox 2958 1846 2987 1900; x_wconf 87' lang='grc' dir='ltr'>ὁ</span> <span class='ocrx_word' id='word_1_216' title='bbox 3060 1842 3318 1901; x_wconf 83' lang='grc' dir='ltr'>Μακεδὼν</span> <span class='ocrx_word' id='word_1_217' title='bbox 3403 1863 3539 1917; x_wconf 88' lang='grc' dir='ltr'>μετα</span> <span class='ocrx_word' id='word_1_218' title='bbox 3603 1845 3772 1895; x_wconf 78' lang='grc' dir='ltr'>ταῦτα</span> 
     </span>
    </p>
   </div>
   <div class='ocr_carea' id='block_1_33' title="bbox 371 1928 2034 2036">
    <p class='ocr_par' dir='ltr' id='par_1_33' title="bbox 371 1933 2018 2008">
     <span class='ocr_line' id='line_1_33' title="bbox 371 1933 2018 2008; baseline 0.002 -20"><span class='ocrx_word' id='word_1_219' title='bbox 371 1933 497 1989; x_wconf 80' lang='lat' dir='ltr'><strong>haec</strong></span> <span class='ocrx_word' id='word_1_220' title='bbox 524 1934 767 1990; x_wconf 87' lang='lat' dir='ltr'><strong>Michael</strong></span> <span class='ocrx_word' id='word_1_221' title='bbox 811 1935 1001 2007; x_wconf 90' lang='lat' dir='ltr'><strong>prima</strong></span> <span class='ocrx_word' id='word_1_222' title='bbox 1030 1943 1432 1994; x_wconf 88' lang='lat' dir='ltr'><strong>succrescente</strong></span> <span class='ocrx_word' id='word_1_223' title='bbox 1476 1937 1751 2008; x_wconf 75' lang='lat' dir='ltr'><strong>lanugine</strong></span> <span class='ocrx_word' id='word_1_224' title='bbox 1797 1937 2018 1993; x_wconf 83' lang='lat' dir='ltr'><strong>bellum</strong></span> 
     </span>
    </p>
   </div>
   <div class='ocr_carea' id='block_1_34' title="bbox 2145 1928 3771 2036">
    <p class='ocr_par' dir='ltr' id='par_1_34' title="bbox 2145 1928 3771 2036">
     <span class='ocr_line' id='line_1_34' title="bbox 2145 1928 3771 2036; baseline -0.006 -42"><span class='ocrx_word' id='word_1_225' title='bbox 2145 1937 2404 2000; x_wconf 62' lang='grc' dir='ltr'>Βασίλειος</span> <span class='ocrx_word' id='word_1_226' title='bbox 2475 1944 2575 2007; x_wconf 84' lang='grc' dir='ltr'>τῆς</span> <span class='ocrx_word' id='word_1_227' title='bbox 2656 1934 2933 2012; x_wconf 84' lang='grc' dir='ltr'>βασιλείας</span> <span class='ocrx_word' id='word_1_228' title='bbox 3007 1928 3403 2007; x_wconf 75' lang='grc' dir='ltr'>ἰπιλαϐόμενος</span> <span class='ocrx_word' id='word_1_229' title='bbox 3474 1930 3617 2008; x_wconf 89' lang='grc' dir='ltr'>πρὸς</span> <span class='ocrx_word' id='word_1_230' title='bbox 3670 1931 3771 2036; x_wconf 65' lang='grc' dir='ltr'><strong>την</strong></span> 
     </span>
    </p>
   </div>
   <div class='ocr_carea' id='block_1_35' title="bbox 372 2018 2034 2103">
    <p class='ocr_par' dir='ltr' id='par_1_35' title="bbox 372 2022 2015 2097">
     <span class='ocr_line' id='line_1_35' title="bbox 372 2022 2015 2097; baseline 0.002 -21"><span class='ocrx_word' id='word_1_231' title='bbox 372 2022 658 2094; x_wconf 77' lang='lat' dir='ltr'><strong>Agarenis</strong></span> <span class='ocrx_word' id='word_1_232' title='bbox 713 2023 909 2095; x_wconf 87' lang='lat' dir='ltr'><strong>infert,</strong></span> <span class='ocrx_word' id='word_1_233' title='bbox 955 2041 1276 2097; x_wconf 89' lang='lat' dir='ltr'><strong>eorumque</strong></span> <span class='ocrx_word' id='word_1_234' title='bbox 1331 2028 1536 2082; x_wconf 90' lang='lat' dir='ltr'><strong>urbem</strong></span> <span class='ocrx_word' id='word_1_235' title='bbox 1585 2028 1890 2082; x_wconf 84' lang='lat' dir='ltr'><strong>Samosata</strong></span> <span class='ocrx_word' id='word_1_236' title='bbox 1944 2026 2015 2081; x_wconf 92' lang='lat' dir='ltr'><strong>ad</strong></span> 
     </span>
    </p>
   </div>
   <div class='ocr_carea' id='block_1_36' title="bbox 2145 2018 3777 2103">
    <p class='ocr_par' dir='ltr' id='par_1_36' title="bbox 2145 2018 3777 2103">
     <span class='ocr_line' id='line_1_36' title="bbox 2145 2018 3777 2103; baseline -0.007 -19"><span class='ocrx_word' id='word_1_237' title='bbox 2145 2035 2227 2098; x_wconf 81' lang='grc' dir='ltr'><strong>τῆς</strong></span> <span class='ocrx_word' id='word_1_238' title='bbox 2280 2029 2415 2101; x_wconf 88' lang='grc' dir='ltr'>πρὸς</span> <span class='ocrx_word' id='word_1_239' title='bbox 2452 2027 2657 2103; x_wconf 88' lang='grc' dir='ltr'>μητρὸς</span> <span class='ocrx_word' id='word_1_240' title='bbox 2694 2025 2880 2089; x_wconf 81' lang='grc' dir='ltr'>αὐταῖς</span> <span class='ocrx_word' id='word_1_241' title='bbox 2934 2022 3167 2097; x_wconf 83' lang='grc' dir='ltr'>μάμμης</span> <span class='ocrx_word' id='word_1_242' title='bbox 3225 2024 3396 2096; x_wconf 78' lang='grc' dir='ltr'>μονήν</span> <span class='ocrx_word' id='word_1_243' title='bbox 3450 2021 3486 2089; x_wconf 79' lang='grc' dir='ltr'><strong>ἢ</strong></span> <span class='ocrx_word' id='word_1_244' title='bbox 3542 2018 3777 2095; x_wconf 84' lang='grc' dir='ltr'>Γαστρία</span> 
     </span>
    </p>
   </div>
   <div class='ocr_carea' id='block_1_37' title="bbox 370 2110 2017 2187">
    <p class='ocr_par' dir='ltr' id='par_1_37' title="bbox 370 2110 2017 2187">
     <span class='ocr_line' id='line_1_37' title="bbox 370 2110 2017 2187; baseline 0.002 -21"><span class='ocrx_word' id='word_1_245' title='bbox 370 2110 730 2183; x_wconf 83' lang='lat' dir='ltr'><strong>Euphratem</strong></span> <span class='ocrx_word' id='word_1_246' title='bbox 763 2113 939 2168; x_wconf 89' lang='lat' dir='ltr'><strong>sitam</strong></span> <span class='ocrx_word' id='word_1_247' title='bbox 987 2114 1258 2171; x_wconf 87' lang='lat' dir='ltr'><strong>obsidere</strong></span> <span class='ocrx_word' id='word_1_248' title='bbox 1299 2117 1657 2187; x_wconf 83' lang='lat' dir='ltr'><strong>aggreditur.</strong></span> <span class='ocrx_word' id='word_1_249' title='bbox 1692 2114 2017 2187; x_wconf 69' lang='lat' dir='ltr'><strong>lsmaelitaa,</strong></span> 
     </span>
    </p>
   </div>
   <div class='ocr_carea' id='block_1_38' title="bbox 371 2200 2019 2273">
    <p class='ocr_par' dir='ltr' id='par_1_38' title="bbox 371 2200 2019 2273">
     <span class='ocr_line' id='line_1_38' title="bbox 371 2200 2019 2273; baseline 0.002 -18"><span class='ocrx_word' id='word_1_250' title='bbox 371 2200 561 2271; x_wconf 88' lang='lat' dir='ltr'><strong>portis</strong></span> <span class='ocrx_word' id='word_1_251' title='bbox 619 2201 882 2258; x_wconf 90' lang='lat' dir='ltr'><strong>vectibus</strong></span> <span class='ocrx_word' id='word_1_252' title='bbox 943 2202 1226 2269; x_wconf 81' lang='lat' dir='ltr'><strong>occlusis,</strong></span> <span class='ocrx_word' id='word_1_253' title='bbox 1289 2205 1441 2261; x_wconf 86' lang='lat' dir='ltr'><strong>intra</strong></span> <span class='ocrx_word' id='word_1_254' title='bbox 1495 2206 1700 2261; x_wconf 91' lang='lat' dir='ltr'><strong>urbem</strong></span> <span class='ocrx_word' id='word_1_255' title='bbox 1759 2209 2019 2273; x_wconf 90' lang='lat' dir='ltr'><strong>manent,</strong></span> 
     </span>
    </p>
   </div>
   <div class='ocr_carea' id='block_1_39' title="bbox 371 2287 2022 2366">
    <p class='ocr_par' dir='ltr' id='par_1_39' title="bbox 371 2287 2022 2366">
     <span class='ocr_line' id='line_1_39' title="bbox 371 2287 2022 2366; baseline 0.004 -23"><span class='ocrx_word' id='word_1_256' title='bbox 371 2287 643 2345; x_wconf 87' lang='lat' dir='ltr'><strong>hostibus</strong></span> <span class='ocrx_word' id='word_1_257' title='bbox 672 2290 1007 2361; x_wconf 89' lang='lat' dir='ltr'><strong>opinionem</strong></span> <span class='ocrx_word' id='word_1_258' title='bbox 1055 2293 1382 2359; x_wconf 77' lang='lat' dir='ltr'><strong>afferentes,</strong></span> <span class='ocrx_word' id='word_1_259' title='bbox 1417 2294 1587 2366; x_wconf 90' lang='lat' dir='ltr'><strong>quasi</strong></span> <span class='ocrx_word' id='word_1_260' title='bbox 1630 2295 1923 2363; x_wconf 87' lang='lat' dir='ltr'><strong>timerent,</strong></span> <span class='ocrx_word' id='word_1_261' title='bbox 1955 2310 2022 2349; x_wconf 90' lang='lat' dir='ltr'><strong>eo</strong></span> 
     </span>
    </p>
   </div>
   <div class='ocr_carea' id='block_1_40' title="bbox 372 2378 2026 2450">
    <p class='ocr_par' dir='ltr' id='par_1_40' title="bbox 372 2378 2026 2450">
     <span class='ocr_line' id='line_1_40' title="bbox 372 2378 2026 2450; baseline 0.002 -18"><span class='ocrx_word' id='word_1_262' title='bbox 372 2378 527 2450; x_wconf 91' lang='lat' dir='ltr'><strong>quod</strong></span> <span class='ocrx_word' id='word_1_263' title='bbox 571 2396 634 2434; x_wconf 90' lang='lat' dir='ltr'><strong>se</strong></span> <span class='ocrx_word' id='word_1_264' title='bbox 678 2380 865 2435; x_wconf 87' lang='lat' dir='ltr'><strong>muris</strong></span> <span class='ocrx_word' id='word_1_265' title='bbox 915 2385 1241 2437; x_wconf 88' lang='lat' dir='ltr'><strong>tuerentur.</strong></span> <span class='ocrx_word' id='word_1_266' title='bbox 1271 2384 1352 2438; x_wconf 88' lang='lat' dir='ltr'><strong>Ea</strong></span> <span class='ocrx_word' id='word_1_267' title='bbox 1396 2396 1489 2439; x_wconf 91' lang='lat' dir='ltr'><strong>res</strong></span> <span class='ocrx_word' id='word_1_268' title='bbox 1534 2383 1815 2439; x_wconf 83' lang='lat' dir='ltr'><strong>Romanis</strong></span> <span class='ocrx_word' id='word_1_269' title='bbox 1864 2382 2026 2437; x_wconf 86' lang='lat' dir='ltr'><strong>auxit</strong></span> 
     </span>
    </p>
   </div>
   <div class='ocr_carea' id='block_1_41' title="bbox 371 2467 2022 2543">
    <p class='ocr_par' dir='ltr' id='par_1_41' title="bbox 371 2467 2022 2543">
     <span class='ocr_line' id='line_1_41' title="bbox 371 2467 2022 2543; baseline 0.001 -20"><span class='ocrx_word' id='word_1_270' title='bbox 371 2467 703 2534; x_wconf 88' lang='lat' dir='ltr'><strong>audaciam,</strong></span> <span class='ocrx_word' id='word_1_271' title='bbox 736 2473 801 2523; x_wconf 92' lang='lat' dir='ltr'><strong>ut</strong></span> <span class='ocrx_word' id='word_1_272' title='bbox 851 2474 908 2524; x_wconf 91' lang='lat' dir='ltr'><strong>et</strong></span> <span class='ocrx_word' id='word_1_273' title='bbox 937 2469 1426 2543; x_wconf 89' lang='lat' dir='ltr'><strong>incircumspecte</strong></span> <span class='ocrx_word' id='word_1_274' title='bbox 1473 2471 1727 2527; x_wconf 89' lang='lat' dir='ltr'><strong>tentoria</strong></span> <span class='ocrx_word' id='word_1_275' title='bbox 1756 2473 2022 2543; x_wconf 80' lang='lat' dir='ltr'><strong>ﬁgerent,</strong></span> 
     </span>
    </p>
   </div>
   <div class='ocr_carea' id='block_1_42' title="bbox 372 2556 2025 2632">
    <p class='ocr_par' dir='ltr' id='par_1_42' title="bbox 372 2556 2025 2632">
     <span class='ocr_line' id='line_1_42' title="bbox 372 2556 2025 2632; baseline 0.002 -22"><span class='ocrx_word' id='word_1_276' title='bbox 372 2559 431 2611; x_wconf 87' lang='lat' dir='ltr'><strong>et</strong></span> <span class='ocrx_word' id='word_1_277' title='bbox 460 2556 693 2612; x_wconf 89' lang='lat' dir='ltr'><strong>incaute</strong></span> <span class='ocrx_word' id='word_1_278' title='bbox 744 2556 1031 2627; x_wconf 87' lang='lat' dir='ltr'><strong>palarent.</strong></span> <span class='ocrx_word' id='word_1_279' title='bbox 1063 2561 1311 2629; x_wconf 86' lang='lat' dir='ltr'><strong>Agareni</strong></span> <span class='ocrx_word' id='word_1_280' title='bbox 1348 2577 1483 2616; x_wconf 88' lang='lat' dir='ltr'><strong>vero</strong></span> <span class='ocrx_word' id='word_1_281' title='bbox 1516 2561 1726 2616; x_wconf 89' lang='lat' dir='ltr'><strong>timore</strong></span> <span class='ocrx_word' id='word_1_282' title='bbox 1773 2577 1876 2632; x_wconf 89' lang='lat' dir='ltr'><strong>per</strong></span> <span class='ocrx_word' id='word_1_283' title='bbox 1919 2560 2025 2615; x_wconf 90' lang='lat' dir='ltr'><strong>tri-</strong></span> 
     </span>
    </p>
   </div>
   <div class='ocr_carea' id='block_1_43' title="bbox 376 2644 2025 2720">
    <p class='ocr_par' dir='ltr' id='par_1_43' title="bbox 376 2644 2025 2720">
     <span class='ocr_line' id='line_1_43' title="bbox 376 2644 2025 2720; baseline 0.002 -21"><span class='ocrx_word' id='word_1_284' title='bbox 376 2644 559 2700; x_wconf 87' lang='lat' dir='ltr'><strong>duum</strong></span> <span class='ocrx_word' id='word_1_285' title='bbox 595 2644 892 2713; x_wconf 89' lang='lat' dir='ltr'><strong>simulato,</strong></span> <span class='ocrx_word' id='word_1_286' title='bbox 916 2648 1154 2702; x_wconf 88' lang='lat' dir='ltr'><strong>tandem</strong></span> <span class='ocrx_word' id='word_1_287' title='bbox 1189 2650 1369 2720; x_wconf 89' lang='lat' dir='ltr'><strong>portis</strong></span> <span class='ocrx_word' id='word_1_288' title='bbox 1403 2650 1598 2704; x_wconf 90' lang='lat' dir='ltr'><strong>subito</strong></span> <span class='ocrx_word' id='word_1_289' title='bbox 1629 2650 1865 2720; x_wconf 88' lang='lat' dir='ltr'><strong>apertis,</strong></span> <span class='ocrx_word' id='word_1_290' title='bbox 1890 2665 2025 2703; x_wconf 89' lang='lat' dir='ltr'><strong>cum</strong></span> 
     </span>
    </p>
   </div>
   <div class='ocr_carea' id='block_1_44' title="bbox 378 2731 2031 2803">
    <p class='ocr_par' dir='ltr' id='par_1_44' title="bbox 378 2731 2031 2803">
     <span class='ocr_line' id='line_1_44' title="bbox 378 2731 2031 2803; baseline 0.003 -16"><span class='ocrx_word' id='word_1_291' title='bbox 378 2731 605 2803; x_wconf 90' lang='lat' dir='ltr'><strong>impetu</strong></span> <span class='ocrx_word' id='word_1_292' title='bbox 637 2733 968 2789; x_wconf 82' lang='lat' dir='ltr'><strong>vehementi</strong></span> <span class='ocrx_word' id='word_1_293' title='bbox 1012 2741 1069 2790; x_wconf 90' lang='lat' dir='ltr'><strong>et</strong></span> <span class='ocrx_word' id='word_1_294' title='bbox 1110 2735 1364 2793; x_wconf 90' lang='lat' dir='ltr'><strong>clamore</strong></span> <span class='ocrx_word' id='word_1_295' title='bbox 1410 2741 1807 2793; x_wconf 87' lang='lat' dir='ltr'><strong>Romanorum</strong></span> <span class='ocrx_word' id='word_1_296' title='bbox 1838 2742 2031 2793; x_wconf 87' lang='lat' dir='ltr'><strong>castra</strong></span> 
     </span>
    </p>
   </div>
   <div class='ocr_carea' id='block_1_45' title="bbox 378 2821 2030 2897">
    <p class='ocr_par' dir='ltr' id='par_1_45' title="bbox 378 2821 2030 2897">
     <span class='ocr_line' id='line_1_45' title="bbox 378 2821 2030 2897; baseline 0.002 -20"><span class='ocrx_word' id='word_1_297' title='bbox 378 2825 521 2877; x_wconf 87' lang='lat' dir='ltr'><strong>sunt</strong></span> <span class='ocrx_word' id='word_1_298' title='bbox 549 2822 832 2893; x_wconf 83' lang='lat' dir='ltr'><strong>aggressi.</strong></span> <span class='ocrx_word' id='word_1_299' title='bbox 864 2821 1066 2894; x_wconf 86' lang='lat' dir='ltr'><strong>Neque</strong></span> <span class='ocrx_word' id='word_1_300' title='bbox 1095 2841 1229 2880; x_wconf 90' lang='lat' dir='ltr'><strong>vero</strong></span> <span class='ocrx_word' id='word_1_301' title='bbox 1260 2825 1572 2897; x_wconf 88' lang='lat' dir='ltr'><strong>quisquam</strong></span> <span class='ocrx_word' id='word_1_302' title='bbox 1605 2842 1804 2882; x_wconf 89' lang='lat' dir='ltr'><strong>eorum</strong></span> <span class='ocrx_word' id='word_1_303' title='bbox 1845 2826 2030 2897; x_wconf 90' lang='lat' dir='ltr'><strong>impe-</strong></span> 
     </span>
    </p>
   </div>
   <div class='ocr_carea' id='block_1_46' title="bbox 378 2909 2029 2986">
    <p class='ocr_par' dir='ltr' id='par_1_46' title="bbox 378 2909 2029 2986">
     <span class='ocr_line' id='line_1_46' title="bbox 378 2909 2029 2986; baseline 0.004 -23"><span class='ocrx_word' id='word_1_304' title='bbox 378 2913 507 2964; x_wconf 90' lang='lat' dir='ltr'><strong>tum</strong></span> <span class='ocrx_word' id='word_1_305' title='bbox 539 2909 844 2981; x_wconf 88' lang='lat' dir='ltr'><strong>sustinuit,</strong></span> <span class='ocrx_word' id='word_1_306' title='bbox 868 2912 969 2966; x_wconf 87' lang='lat' dir='ltr'><strong>sed</strong></span> <span class='ocrx_word' id='word_1_307' title='bbox 1002 2913 1201 2983; x_wconf 85' lang='lat' dir='ltr'><strong>fugam</strong></span> <span class='ocrx_word' id='word_1_308' title='bbox 1224 2913 1487 2969; x_wconf 89' lang='lat' dir='ltr'><strong>fecerunt</strong></span> <span class='ocrx_word' id='word_1_309' title='bbox 1507 2931 1733 2981; x_wconf 86' lang='lat' dir='ltr'><strong>omnes,</strong></span> <span class='ocrx_word' id='word_1_310' title='bbox 1756 2919 1929 2986; x_wconf 86' lang='lat' dir='ltr'><strong>atque</strong></span> <span class='ocrx_word' id='word_1_311' title='bbox 1958 2914 2029 2969; x_wconf 90' lang='lat' dir='ltr'><strong>ab</strong></span> 
     </span>
    </p>
   </div>
   <div class='ocr_carea' id='block_1_47' title="bbox 387 2998 2029 3075">
    <p class='ocr_par' dir='ltr' id='par_1_47' title="bbox 387 2998 2029 3075">
     <span class='ocr_line' id='line_1_47' title="bbox 387 2998 2029 3075; baseline 0.002 -21"><span class='ocrx_word' id='word_1_312' title='bbox 387 2998 661 3055; x_wconf 89' lang='lat' dir='ltr'><strong>hostibus</strong></span> <span class='ocrx_word' id='word_1_313' title='bbox 717 3001 1003 3070; x_wconf 87' lang='lat' dir='ltr'><strong>oppressi,</strong></span> <span class='ocrx_word' id='word_1_314' title='bbox 1036 3002 1247 3072; x_wconf 86' lang='lat' dir='ltr'><strong>partim</strong></span> <span class='ocrx_word' id='word_1_315' title='bbox 1297 3004 1624 3073; x_wconf 68' lang='lat' dir='ltr'><strong>caeduntur,</strong></span> <span class='ocrx_word' id='word_1_316' title='bbox 1672 3005 1885 3075; x_wconf 84' lang='lat' dir='ltr'><strong>partim</strong></span> <span class='ocrx_word' id='word_1_317' title='bbox 1935 3019 2029 3058; x_wconf 86' lang='lat' dir='ltr'><strong>ca-</strong></span> 
     </span>
    </p>
   </div>
   <div class='ocr_carea' id='block_1_48' title="bbox 381 3087 2029 3164">
    <p class='ocr_par' dir='ltr' id='par_1_48' title="bbox 381 3087 2029 3164">
     <span class='ocr_line' id='line_1_48' title="bbox 381 3087 2029 3164; baseline 0.003 -22"><span class='ocrx_word' id='word_1_318' title='bbox 381 3088 648 3160; x_wconf 91' lang='lat' dir='ltr'><strong>piuntur.</strong></span> <span class='ocrx_word' id='word_1_319' title='bbox 667 3087 970 3144; x_wconf 73' lang='lat' dir='ltr'><strong>Manichaai</strong></span> <span class='ocrx_word' id='word_1_320' title='bbox 990 3106 1223 3161; x_wconf 90' lang='lat' dir='ltr'><strong>quoque</strong></span> <span class='ocrx_word' id='word_1_321' title='bbox 1241 3091 1553 3147; x_wconf 87' lang='lat' dir='ltr'><strong>Ismaelitis</strong></span> <span class='ocrx_word' id='word_1_322' title='bbox 1570 3109 1739 3164; x_wconf 90' lang='lat' dir='ltr'><strong>opem</strong></span> <span class='ocrx_word' id='word_1_323' title='bbox 1759 3094 2029 3159; x_wconf 87' lang='lat' dir='ltr'><strong>ferentes,</strong></span> 
     </span>
    </p>
   </div>
   <div class='ocr_carea' id='block_1_49' title="bbox 384 3177 2031 3253">
    <p class='ocr_par' dir='ltr' id='par_1_49' title="bbox 384 3177 2031 3253">
     <span class='ocr_line' id='line_1_49' title="bbox 384 3177 2031 3253; baseline 0.003 -22"><span class='ocrx_word' id='word_1_324' title='bbox 384 3177 607 3232; x_wconf 88' lang='lat' dir='ltr'><strong>multos</strong></span> <span class='ocrx_word' id='word_1_325' title='bbox 638 3177 899 3233; x_wconf 88' lang='lat' dir='ltr'><strong>illustres</strong></span> <span class='ocrx_word' id='word_1_326' title='bbox 930 3179 1107 3235; x_wconf 90' lang='lat' dir='ltr'><strong>duces</strong></span> <span class='ocrx_word' id='word_1_327' title='bbox 1138 3185 1339 3252; x_wconf 88' lang='lat' dir='ltr'><strong>captos</strong></span> <span class='ocrx_word' id='word_1_328' title='bbox 1377 3197 1591 3253; x_wconf 90' lang='lat' dir='ltr'><strong>magna</strong></span> <span class='ocrx_word' id='word_1_329' title='bbox 1621 3182 1867 3253; x_wconf 90' lang='lat' dir='ltr'><strong>pecunia</strong></span> <span class='ocrx_word' id='word_1_330' title='bbox 1893 3199 2031 3237; x_wconf 92' lang='lat' dir='ltr'><strong>ven-</strong></span> 
     </span>
    </p>
   </div>
   <div class='ocr_carea' id='block_1_50' title="bbox 384 3265 2034 3342">
    <p class='ocr_par' dir='ltr' id='par_1_50' title="bbox 384 3265 2034 3342">
     <span class='ocr_line' id='line_1_50' title="bbox 384 3265 2034 3342; baseline 0.004 -22"><span class='ocrx_word' id='word_1_331' title='bbox 384 3265 684 3321; x_wconf 85' lang='lat' dir='ltr'><strong>diderunt.</strong></span> <span class='ocrx_word' id='word_1_332' title='bbox 718 3266 833 3321; x_wconf 90' lang='lat' dir='ltr'><strong>Nec</strong></span> <span class='ocrx_word' id='word_1_333' title='bbox 876 3266 1129 3322; x_wconf 91' lang='lat' dir='ltr'><strong>multum</strong></span> <span class='ocrx_word' id='word_1_334' title='bbox 1161 3269 1348 3324; x_wconf 84' lang='lat' dir='ltr'><strong>abfuit</strong></span> <span class='ocrx_word' id='word_1_335' title='bbox 1377 3271 1519 3341; x_wconf 91' lang='lat' dir='ltr'><strong>quin</strong></span> <span class='ocrx_word' id='word_1_336' title='bbox 1563 3270 1881 3342; x_wconf 88' lang='lat' dir='ltr'><strong>imperator</strong></span> <span class='ocrx_word' id='word_1_337' title='bbox 1908 3271 2034 3342; x_wconf 86' lang='lat' dir='ltr'><strong>ipse</strong></span> 
     </span>
    </p>
   </div>
   <div class='ocr_carea' id='block_1_51' title="bbox 2126 2108 3774 2192">
    <p class='ocr_par' dir='ltr' id='par_1_51' title="bbox 2126 2108 3774 2192">
     <span class='ocr_line' id='line_1_51' title="bbox 2126 2108 3774 2192; baseline -0.006 -20"><span class='ocrx_word' id='word_1_338' title='bbox 2126 2117 2372 2174; x_wconf 89' lang='grc' dir='ltr'>καλεῖται</span> <span class='ocrx_word' id='word_1_339' title='bbox 2427 2116 2691 2192; x_wconf 66' lang='grc' dir='ltr'>ἀπήγαγε.</span> <span class='ocrx_word' id='word_1_340' title='bbox 2757 2116 2870 2183; x_wconf 62' lang='grc' dir='ltr'>Ής</span> <span class='ocrx_word' id='word_1_341' title='bbox 2952 2110 3009 2167; x_wconf 74' lang='grc' dir='ltr'><strong>δὲ</strong></span> <span class='ocrx_word' id='word_1_342' title='bbox 3056 2116 3153 2167; x_wconf 72' lang='grc' dir='ltr'>τοῦ</span> <span class='ocrx_word' id='word_1_343' title='bbox 3212 2109 3481 2187; x_wconf 70' lang='grc' dir='ltr'>βασιλέως</span> <span class='ocrx_word' id='word_1_344' title='bbox 3541 2108 3774 2183; x_wconf 82' lang='grc' dir='ltr'>μητρὸς,</span> 
     </span>
    </p>
   </div>
   <div class='ocr_carea' id='block_1_52' title="bbox 2129 2198 3775 2279">
    <p class='ocr_par' dir='ltr' id='par_1_52' title="bbox 2129 2198 3775 2279">
     <span class='ocr_line' id='line_1_52' title="bbox 2129 2198 3775 2279; baseline -0.007 -18"><span class='ocrx_word' id='word_1_345' title='bbox 2129 2209 2203 2269; x_wconf 85' lang='grc' dir='ltr'>ὡς</span> <span class='ocrx_word' id='word_1_346' title='bbox 2262 2203 2512 2279; x_wconf 76' lang='grc' dir='ltr'>εἷ’ρηται,</span> <span class='ocrx_word' id='word_1_347' title='bbox 2587 2208 2696 2258; x_wconf 79' lang='grc' dir='ltr'>τῶν</span> <span class='ocrx_word' id='word_1_348' title='bbox 2760 2202 3071 2275; x_wconf 82' lang='grc' dir='ltr'>ἀνακτόρων</span> <span class='ocrx_word' id='word_1_349' title='bbox 3145 2198 3446 2268; x_wconf 71' lang='grc' dir='ltr'>ἱκστάσης,</span> <span class='ocrx_word' id='word_1_350' title='bbox 3517 2200 3552 2266; x_wconf 75' lang='grc' dir='ltr'>ἡ</span> <span class='ocrx_word' id='word_1_351' title='bbox 3630 2201 3775 2251; x_wconf 84' lang='grc' dir='ltr'>πᾶσα</span> 
     </span>
    </p>
   </div>
   <div class='ocr_carea' id='block_1_53' title="bbox 2127 2285 3775 2372">
    <p class='ocr_par' dir='ltr' id='par_1_53' title="bbox 2127 2285 3775 2372">
     <span class='ocr_line' id='line_1_53' title="bbox 2127 2285 3775 2372; baseline -0.007 -20"><span class='ocrx_word' id='word_1_352' title='bbox 2127 2304 2228 2366; x_wconf 84' lang='grc' dir='ltr'>τῆς</span> <span class='ocrx_word' id='word_1_353' title='bbox 2287 2294 2563 2372; x_wconf 80' lang='grc' dir='ltr'>βασιλείας</span> <span class='ocrx_word' id='word_1_354' title='bbox 2625 2291 2891 2363; x_wconf 83' lang='grc' dir='ltr'>διοίκησις</span> <span class='ocrx_word' id='word_1_355' title='bbox 2964 2291 3067 2345; x_wconf 90' lang='grc' dir='ltr'><strong>ὑπὸ</strong></span> <span class='ocrx_word' id='word_1_356' title='bbox 3123 2289 3217 2345; x_wconf 89' lang='grc' dir='ltr'>τὸν</span> <span class='ocrx_word' id='word_1_357' title='bbox 3272 2285 3488 2364; x_wconf 73' lang='grc' dir='ltr'>Βάρδαν</span> <span class='ocrx_word' id='word_1_358' title='bbox 3545 2287 3775 2364; x_wconf 67' lang='grc' dir='ltr'>ἐγένετο,</span> 
     </span>
    </p>
   </div>
   <div class='ocr_carea' id='block_1_54' title="bbox 2129 2378 3776 2458">
    <p class='ocr_par' dir='ltr' id='par_1_54' title="bbox 2129 2378 3776 2458">
     <span class='ocr_line' id='line_1_54' title="bbox 2129 2378 3776 2458; baseline -0.007 -18"><span class='ocrx_word' id='word_1_359' title='bbox 2129 2385 2429 2458; x_wconf 69' lang='grc' dir='ltr'>τιμηθέντα</span> <span class='ocrx_word' id='word_1_360' title='bbox 2502 2379 2919 2454; x_wconf 84' lang='grc' dir='ltr'>κουροπαλάτην</span> <span class='ocrx_word' id='word_1_361' title='bbox 2973 2380 3111 2455; x_wconf 87' lang='grc' dir='ltr'>πρὸς</span> <span class='ocrx_word' id='word_1_362' title='bbox 3180 2382 3277 2433; x_wconf 78' lang='grc' dir='ltr'><strong>τοῦ</strong></span> <span class='ocrx_word' id='word_1_363' title='bbox 3350 2380 3589 2451; x_wconf 77' lang='grc' dir='ltr'>ἀνεψιοῦ.</span> <span class='ocrx_word' id='word_1_364' title='bbox 3641 2378 3776 2431; x_wconf 75' lang='grc' dir='ltr'>Εἶτα</span> 
     </span>
    </p>
   </div>
   <div class='ocr_carea' id='block_1_55' title="bbox 2133 2461 3772 2547">
    <p class='ocr_par' dir='ltr' id='par_1_55' title="bbox 2133 2461 3772 2547">
     <span class='ocr_line' id='line_1_55' title="bbox 2133 2461 3772 2547; baseline -0.006 -20"><span class='ocrx_word' id='word_1_365' title='bbox 2133 2472 2467 2547; x_wconf 79' lang='grc' dir='ltr'>ἐκστρατεύει</span> <span class='ocrx_word' id='word_1_366' title='bbox 2528 2472 2555 2525; x_wconf 95' lang='lat'><strong>6</strong></span> <span class='ocrx_word' id='word_1_367' title='bbox 2614 2467 2845 2546; x_wconf 78' lang='grc' dir='ltr'>Μιχαὴλ</span> <span class='ocrx_word' id='word_1_368' title='bbox 2904 2470 3040 2523; x_wconf 76' lang='grc' dir='ltr'>κατὰ</span> <span class='ocrx_word' id='word_1_369' title='bbox 3085 2467 3175 2522; x_wconf 86' lang='grc' dir='ltr'>τὸν</span> <span class='ocrx_word' id='word_1_370' title='bbox 3236 2468 3547 2542; x_wconf 81' lang='grc' dir='ltr'>’Δγαρηνῶν</span> <span class='ocrx_word' id='word_1_371' title='bbox 3585 2507 3600 2532; x_wconf 83' lang='grc'><strong><em>,</em></strong></span> <span class='ocrx_word' id='word_1_372' title='bbox 3651 2461 3772 2539; x_wconf 77' lang='grc' dir='ltr'>ἄρτι</span> 
     </span>
    </p>
   </div>
   <div class='ocr_carea' id='block_1_56' title="bbox 2132 2553 3776 2635">
    <p class='ocr_par' dir='ltr' id='par_1_56' title="bbox 2132 2553 3776 2635">
     <span class='ocr_line' id='line_1_56' title="bbox 2132 2553 3776 2635; baseline -0.006 -19"><span class='ocrx_word' id='word_1_373' title='bbox 2132 2562 2368 2635; x_wconf 84' lang='grc' dir='ltr'>πρώτως</span> <span class='ocrx_word' id='word_1_374' title='bbox 2423 2560 2709 2630; x_wconf 77' lang='grc' dir='ltr'>ύπηνήτης</span> <span class='ocrx_word' id='word_1_375' title='bbox 2766 2557 3072 2634; x_wconf 87' lang='grc' dir='ltr'>γινόμενος,</span> <span class='ocrx_word' id='word_1_376' title='bbox 3132 2555 3221 2611; x_wconf 85' lang='grc' dir='ltr'><strong>καὶ</strong></span> <span class='ocrx_word' id='word_1_377' title='bbox 3280 2554 3448 2610; x_wconf 70' lang='grc' dir='ltr'>πόλισι</span> <span class='ocrx_word' id='word_1_378' title='bbox 3504 2554 3677 2608; x_wconf 79' lang='grc' dir='ltr'>αὐτῶν</span> <span class='ocrx_word' id='word_1_379' title='bbox 3709 2553 3776 2607; x_wconf 80' lang='grc' dir='ltr'>τὰ</span> 
     </span>
    </p>
   </div>
   <div class='ocr_carea' id='block_1_57' title="bbox 2137 2640 3779 2723">
    <p class='ocr_par' dir='ltr' id='par_1_57' title="bbox 2137 2640 3779 2723">
     <span class='ocr_line' id='line_1_57' title="bbox 2137 2640 3779 2723; baseline -0.007 -17"><span class='ocrx_word' id='word_1_380' title='bbox 2137 2649 2430 2723; x_wconf 86' lang='grc' dir='ltr'>Σαμόσατα</span> <span class='ocrx_word' id='word_1_381' title='bbox 2500 2648 2683 2722; x_wconf 77' lang='grc' dir='ltr'>(αὕτη</span> <span class='ocrx_word' id='word_1_382' title='bbox 2770 2645 2828 2702; x_wconf 80' lang='grc' dir='ltr'><strong>δὶ</strong></span> <span class='ocrx_word' id='word_1_383' title='bbox 2901 2651 3011 2701; x_wconf 81' lang='grc' dir='ltr'><strong>τῶν</strong></span> <span class='ocrx_word' id='word_1_384' title='bbox 3091 2640 3560 2722; x_wconf 77' lang='grc' dir='ltr'>παρευφρατιδίων</span> <span class='ocrx_word' id='word_1_385' title='bbox 3643 2640 3779 2714; x_wconf 74' lang='grc' dir='ltr'>ἐστὶ)</span> 
     </span>
    </p>
   </div>
   <div class='ocr_carea' id='block_1_58' title="bbox 2136 2728 3781 2815">
    <p class='ocr_par' dir='ltr' id='par_1_58' title="bbox 2136 2728 3781 2815">
     <span class='ocr_line' id='line_1_58' title="bbox 2136 2728 3781 2815; baseline -0.007 -20"><span class='ocrx_word' id='word_1_386' title='bbox 2136 2739 2452 2815; x_wconf 84' lang='grc' dir='ltr'>πολιορκεῖν</span> <span class='ocrx_word' id='word_1_387' title='bbox 2481 2735 2850 2812; x_wconf 81' lang='grc' dir='ltr'>ἐπεχείρησεν.</span> <span class='ocrx_word' id='word_1_388' title='bbox 2911 2736 2972 2788; x_wconf 75' lang='grc' dir='ltr'><strong>Οἱ</strong></span> <span class='ocrx_word' id='word_1_389' title='bbox 3032 2731 3079 2788; x_wconf 84' lang='grc' dir='ltr'><strong>δ’</strong></span> <span class='ocrx_word' id='word_1_390' title='bbox 3125 2730 3494 2807; x_wconf 81' lang='grc' dir='ltr'>Ἰσμαηλῖται,</span> <span class='ocrx_word' id='word_1_391' title='bbox 3547 2737 3651 2800; x_wconf 81' lang='grc' dir='ltr'>τῆς</span> <span class='ocrx_word' id='word_1_392' title='bbox 3682 2728 3781 2784; x_wconf 90' lang='grc' dir='ltr'>πό-</span> 
     </span>
    </p>
   </div>
   <div class='ocr_carea' id='block_1_59' title="bbox 2138 2820 3782 2897">
    <p class='ocr_par' dir='ltr' id='par_1_59' title="bbox 2138 2820 3782 2897">
     <span class='ocr_line' id='line_1_59' title="bbox 2138 2820 3782 2897; baseline -0.005 -14"><span class='ocrx_word' id='word_1_393' title='bbox 2138 2826 2278 2890; x_wconf 90' lang='grc' dir='ltr'>λεως</span> <span class='ocrx_word' id='word_1_394' title='bbox 2334 2828 2430 2889; x_wconf 72' lang='grc' dir='ltr'><strong>τὰς</strong></span> <span class='ocrx_word' id='word_1_395' title='bbox 2478 2823 2656 2888; x_wconf 88' lang='grc' dir='ltr'>πύλας</span> <span class='ocrx_word' id='word_1_396' title='bbox 2706 2830 2824 2887; x_wconf 86' lang='grc' dir='ltr'>τοῖς</span> <span class='ocrx_word' id='word_1_397' title='bbox 2888 2823 3275 2897; x_wconf 77' lang='grc' dir='ltr'>πολιορκοῦσιν</span> <span class='ocrx_word' id='word_1_398' title='bbox 3332 2820 3782 2896; x_wconf 82' lang='grc' dir='ltr'>ἐπιζυγὼσαντες,</span> 
     </span>
    </p>
   </div>
   <div class='ocr_carea' id='block_1_60' title="bbox 2137 2906 3784 2989">
    <p class='ocr_par' dir='ltr' id='par_1_60' title="bbox 2137 2906 3784 2989">
     <span class='ocr_line' id='line_1_60' title="bbox 2137 2906 3784 2989; baseline -0.007 -16"><span class='ocrx_word' id='word_1_399' title='bbox 2137 2917 2282 2980; x_wconf 78' lang='grc' dir='ltr'>ἐντός</span> <span class='ocrx_word' id='word_1_400' title='bbox 2339 2913 2550 2989; x_wconf 73' lang='grc' dir='ltr'>ἓμενον,</span> <span class='ocrx_word' id='word_1_401' title='bbox 2612 2908 2834 2985; x_wconf 79' lang='grc' dir='ltr'>δόκησιν</span> <span class='ocrx_word' id='word_1_402' title='bbox 2884 2907 3119 2974; x_wconf 81' lang='grc' dir='ltr'>διδόντες</span> <span class='ocrx_word' id='word_1_403' title='bbox 3179 2910 3388 2982; x_wconf 81' lang='grc' dir='ltr'>αὐτοῖς,</span> <span class='ocrx_word' id='word_1_404' title='bbox 3448 2910 3523 2971; x_wconf 86' lang='grc' dir='ltr'><strong>ὡς</strong></span> <span class='ocrx_word' id='word_1_405' title='bbox 3580 2906 3784 2964; x_wconf 88' lang='grc' dir='ltr'>δειλαι-</span> 
     </span>
    </p>
   </div>
   <div class='ocr_carea' id='block_1_61' title="bbox 2137 2996 3787 3079">
    <p class='ocr_par' dir='ltr' id='par_1_61' title="bbox 2137 2996 3787 3079">
     <span class='ocr_line' id='line_1_61' title="bbox 2137 2996 3787 3079; baseline -0.007 -18"><span class='ocrx_word' id='word_1_406' title='bbox 2137 3006 2380 3079; x_wconf 85' lang='grc' dir='ltr'>νόμενοι,</span> <span class='ocrx_word' id='word_1_407' title='bbox 2444 3001 2594 3060; x_wconf 74' lang='grc' dir='ltr'>ἔνδον</span> <span class='ocrx_word' id='word_1_408' title='bbox 2652 3007 2749 3058; x_wconf 77' lang='grc' dir='ltr'>τοῦ</span> <span class='ocrx_word' id='word_1_409' title='bbox 2798 2996 3097 3076; x_wconf 78' lang='grc' dir='ltr'>περιϐόλου</span> <span class='ocrx_word' id='word_1_410' title='bbox 3153 2998 3498 3054; x_wconf 69' lang='grc' dir='ltr'>συνέκλεισαν</span> <span class='ocrx_word' id='word_1_411' title='bbox 3542 2996 3787 3058; x_wconf 70' lang='grc' dir='ltr'>ἑαυτούς.</span> 
     </span>
    </p>
   </div>
   <div class='ocr_carea' id='block_1_62' title="bbox 2140 3086 3788 3166">
    <p class='ocr_par' dir='ltr' id='par_1_62' title="bbox 2140 3086 3788 3166">
     <span class='ocr_line' id='line_1_62' title="bbox 2140 3086 3788 3166; baseline -0.007 -16"><span class='ocrx_word' id='word_1_412' title='bbox 2140 3100 2318 3154; x_wconf 76' lang='grc' dir='ltr'>Τοῦτο</span> <span class='ocrx_word' id='word_1_413' title='bbox 2375 3093 2501 3156; x_wconf 80' lang='grc' dir='ltr'>τοὺς</span> <span class='ocrx_word' id='word_1_414' title='bbox 2557 3091 2863 3165; x_wconf 79' lang='grc' dir='ltr'>Ῥωμαίους</span> <span class='ocrx_word' id='word_1_415' title='bbox 2915 3089 2991 3153; x_wconf 80' lang='grc' dir='ltr'>εἷς</span> <span class='ocrx_word' id='word_1_416' title='bbox 3025 3090 3220 3166; x_wconf 81' lang='grc' dir='ltr'>θράσος</span> <span class='ocrx_word' id='word_1_417' title='bbox 3278 3087 3456 3157; x_wconf 77' lang='grc' dir='ltr'>ἐνῆκε,</span> <span class='ocrx_word' id='word_1_418' title='bbox 3515 3086 3605 3141; x_wconf 81' lang='grc' dir='ltr'><strong>καὶ</strong></span> <span class='ocrx_word' id='word_1_419' title='bbox 3659 3086 3788 3140; x_wconf 81' lang='grc' dir='ltr'>ἀπε-</span> 
     </span>
    </p>
   </div>
   <div class='ocr_carea' id='block_1_63' title="bbox 2143 3172 3788 3261">
    <p class='ocr_par' dir='ltr' id='par_1_63' title="bbox 2143 3172 3788 3261">
     <span class='ocr_line' id='line_1_63' title="bbox 2143 3172 3788 3261; baseline -0.007 -21"><span class='ocrx_word' id='word_1_420' title='bbox 2143 3185 2442 3261; x_wconf 69' lang='grc' dir='ltr'>ρισκέπτως</span> <span class='ocrx_word' id='word_1_421' title='bbox 2509 3182 2857 3252; x_wconf 58' lang='lat' dir='ltr'><strong>tumidi-110,</strong></span> <span class='ocrx_word' id='word_1_422' title='bbox 2931 3173 3022 3234; x_wconf 83' lang='grc' dir='ltr'><strong>καὶ</strong></span> <span class='ocrx_word' id='word_1_423' title='bbox 3085 3176 3410 3255; x_wconf 78' lang='grc' dir='ltr'>ἀφυλάκτως</span> <span class='ocrx_word' id='word_1_424' title='bbox 3468 3172 3788 3230; x_wconf 80' lang='grc' dir='ltr'>ἐσκίδναντι.</span> 
     </span>
    </p>
   </div>
   <div class='ocr_carea' id='block_1_64' title="bbox 2144 3261 3788 3344">
    <p class='ocr_par' dir='ltr' id='par_1_64' title="bbox 2144 3261 3788 3344">
     <span class='ocr_line' id='line_1_64' title="bbox 2144 3261 3788 3344; baseline -0.009 -14"><span class='ocrx_word' id='word_1_425' title='bbox 2144 3274 2265 3332; x_wconf 82' lang='grc' dir='ltr'><strong>Ἐπὶ</strong></span> <span class='ocrx_word' id='word_1_426' title='bbox 2351 3271 2495 3344; x_wconf 82' lang='grc' dir='ltr'>τρισὶ</span> <span class='ocrx_word' id='word_1_427' title='bbox 2573 3268 2619 3325; x_wconf 83' lang='grc' dir='ltr'><strong>δ’</strong></span> <span class='ocrx_word' id='word_1_428' title='bbox 2694 3268 2928 3344; x_wconf 71' lang='grc' dir='ltr'>ἡμέραις</span> <span class='ocrx_word' id='word_1_429' title='bbox 3007 3267 3386 3343; x_wconf 66' lang='grc' dir='ltr'>ὑποκριθέντες</span> <span class='ocrx_word' id='word_1_430' title='bbox 3460 3261 3664 3320; x_wconf 86' lang='grc' dir='ltr'>δειλίαν</span> <span class='ocrx_word' id='word_1_431' title='bbox 3737 3264 3788 3317; x_wconf 76' lang='grc' dir='ltr'>οἳ</span> 
     </span>
    </p>
   </div>
   <div class='ocr_carea' id='block_1_65' title="bbox 382 3337 2034 3438">
    <p class='ocr_par' dir='ltr' id='par_1_65' title="bbox 382 3337 2032 3427">
     <span class='ocr_line' id='line_1_65' title="bbox 382 3337 2032 3427; baseline 0.003 -18"><span class='ocrx_word' id='word_1_432' title='bbox 382 3359 714 3427; x_wconf 79' lang='lat' dir='ltr'><strong>caperetur,</strong></span> <span class='ocrx_word' id='word_1_433' title='bbox 763 3354 879 3410; x_wconf 89' lang='lat' dir='ltr'><strong>nisi</strong></span> <span class='ocrx_word' id='word_1_434' title='bbox 927 3356 1061 3427; x_wconf 90' lang='lat' dir='ltr'><strong>equi</strong></span> <span class='ocrx_word' id='word_1_435' title='bbox 1109 3337 1414 3413; x_wconf 77' lang='lat' dir='ltr'><strong>velocitate</strong></span> <span class='ocrx_word' id='word_1_436' title='bbox 1461 3337 1731 3414; x_wconf 77' lang='lat' dir='ltr'><strong>hostibus</strong></span> <span class='ocrx_word' id='word_1_437' title='bbox 1781 3337 2032 3424; x_wconf 78' lang='lat' dir='ltr'><strong>evitatis,</strong></span> 
     </span>
    </p>
   </div>
   <div class='ocr_carea' id='block_1_66' title="bbox 2145 3337 3792 3438">
    <p class='ocr_par' dir='ltr' id='par_1_66' title="bbox 2145 3337 3792 3438">
     <span class='ocr_line' id='line_1_66' title="bbox 2145 3337 3792 3438; baseline -0.008 -19"><span class='ocrx_word' id='word_1_438' title='bbox 2145 3337 2462 3438; x_wconf 81' lang='grc' dir='ltr'>Ἀγαρηνοὶ,</span> <span class='ocrx_word' id='word_1_439' title='bbox 2522 3337 2866 3434; x_wconf 22' lang='grc' dir='ltr'>ἀθρόον-’τας</span> <span class='ocrx_word' id='word_1_440' title='bbox 2920 3355 3099 3420; x_wconf 77' lang='grc' dir='ltr'>πύλας</span> <span class='ocrx_word' id='word_1_441' title='bbox 3151 3337 3592 3421; x_wconf 68' lang='grc' dir='ltr'>ἆναπετάσαντες,</span> <span class='ocrx_word' id='word_1_442' title='bbox 3656 3352 3792 3425; x_wconf 85' lang='grc' dir='ltr'>μετά</span> 
     </span>
    </p>
   </div>
   <div class='ocr_carea' id='block_1_67' title="bbox 383 3442 2034 3517">
    <p class='ocr_par' dir='ltr' id='par_1_67' title="bbox 383 3442 2034 3517">
     <span class='ocr_line' id='line_1_67' title="bbox 383 3442 2034 3517; baseline 0.001 -18"><span class='ocrx_word' id='word_1_443' title='bbox 383 3442 685 3499; x_wconf 86' lang='lat' dir='ltr'><strong>evasisset.</strong></span> <span class='ocrx_word' id='word_1_444' title='bbox 735 3447 937 3500; x_wconf 89' lang='lat' dir='ltr'><strong>Castra</strong></span> <span class='ocrx_word' id='word_1_445' title='bbox 988 3451 1044 3501; x_wconf 88' lang='lat' dir='ltr'><strong>et</strong></span> <span class='ocrx_word' id='word_1_446' title='bbox 1096 3445 1538 3517; x_wconf 89' lang='lat' dir='ltr'><strong>imperatorium</strong></span> <span class='ocrx_word' id='word_1_447' title='bbox 1586 3447 2034 3503; x_wconf 89' lang='lat' dir='ltr'><strong>tabernaculum</strong></span> 
     </span>
    </p>
   </div>
   <div class='ocr_carea' id='block_1_68' title="bbox 384 3531 2037 3609">
    <p class='ocr_par' dir='ltr' id='par_1_68' title="bbox 384 3531 2037 3609">
     <span class='ocr_line' id='line_1_68' title="bbox 384 3531 2037 3609; baseline 0.002 -22"><span class='ocrx_word' id='word_1_448' title='bbox 384 3547 519 3587; x_wconf 91' lang='lat' dir='ltr'><strong>cum</strong></span> <span class='ocrx_word' id='word_1_449' title='bbox 553 3531 713 3588; x_wconf 90' lang='lat' dir='ltr'><strong>omni</strong></span> <span class='ocrx_word' id='word_1_450' title='bbox 747 3532 1138 3590; x_wconf 87' lang='lat' dir='ltr'><strong>instrumento</strong></span> <span class='ocrx_word' id='word_1_451' title='bbox 1188 3540 1355 3606; x_wconf 73' lang='lat' dir='ltr'><strong>capta</strong></span> <span class='ocrx_word' id='word_1_452' title='bbox 1402 3540 1564 3605; x_wconf 85' lang='lat' dir='ltr'><strong>sunt,</strong></span> <span class='ocrx_word' id='word_1_453' title='bbox 1599 3540 1921 3609; x_wconf 66' lang='lat' dir='ltr'><strong>caeteraque</strong></span> <span class='ocrx_word' id='word_1_454' title='bbox 1950 3534 2037 3590; x_wconf 90' lang='lat' dir='ltr'><strong>di-</strong></span> 
     </span>
    </p>
   </div>
   <div class='ocr_carea' id='block_1_69' title="bbox 386 3620 2039 3692">
    <p class='ocr_par' dir='ltr' id='par_1_69' title="bbox 386 3620 2039 3692">
     <span class='ocr_line' id='line_1_69' title="bbox 386 3620 2039 3692; baseline 0.002 -17"><span class='ocrx_word' id='word_1_455' title='bbox 386 3624 553 3692; x_wconf 90' lang='lat' dir='ltr'><strong>repta</strong></span> <span class='ocrx_word' id='word_1_456' title='bbox 600 3620 819 3677; x_wconf 89' lang='lat' dir='ltr'><strong>omnia.</strong></span> <span class='ocrx_word' id='word_1_457' title='bbox 853 3625 933 3677; x_wconf 85' lang='lat' dir='ltr'><strong>Ac</strong></span> <span class='ocrx_word' id='word_1_458' title='bbox 978 3626 1106 3678; x_wconf 89' lang='lat' dir='ltr'><strong>tum</strong></span> <span class='ocrx_word' id='word_1_459' title='bbox 1142 3624 1384 3680; x_wconf 88' lang='lat' dir='ltr'><strong>recessit</strong></span> <span class='ocrx_word' id='word_1_460' title='bbox 1410 3624 1675 3681; x_wconf 83' lang='lat' dir='ltr'><strong>Michael.</strong></span> <span class='ocrx_word' id='word_1_461' title='bbox 1708 3625 1852 3680; x_wconf 86' lang='lat' dir='ltr'><strong>Cum</strong></span> <span class='ocrx_word' id='word_1_462' title='bbox 1902 3641 2039 3681; x_wconf 88' lang='lat' dir='ltr'><strong>vero</strong></span> 
     </span>
    </p>
   </div>
   <div class='ocr_carea' id='block_1_70' title="bbox 386 3710 2038 3783">
    <p class='ocr_par' dir='ltr' id='par_1_70' title="bbox 386 3710 2038 3783">
     <span class='ocr_line' id='line_1_70' title="bbox 386 3710 2038 3783; baseline 0.004 -19"><span class='ocrx_word' id='word_1_463' title='bbox 386 3711 684 3782; x_wconf 87' lang='lat' dir='ltr'><strong>Agarenos</strong></span> <span class='ocrx_word' id='word_1_464' title='bbox 714 3710 906 3766; x_wconf 91' lang='lat' dir='ltr'><strong>denuo</strong></span> <span class='ocrx_word' id='word_1_465' title='bbox 936 3714 1227 3769; x_wconf 84' lang='lat' dir='ltr'><strong>Romanas</strong></span> <span class='ocrx_word' id='word_1_466' title='bbox 1262 3713 1587 3783; x_wconf 88' lang='lat' dir='ltr'><strong>provincias</strong></span> <span class='ocrx_word' id='word_1_467' title='bbox 1632 3714 1917 3771; x_wconf 89' lang='lat' dir='ltr'><strong>invasisse</strong></span> <span class='ocrx_word' id='word_1_468' title='bbox 1947 3731 2038 3770; x_wconf 91' lang='lat' dir='ltr'><strong>co-</strong></span> 
     </span>
    </p>
   </div>
   <div class='ocr_carea' id='block_1_71' title="bbox 390 3798 2041 3875">
    <p class='ocr_par' dir='ltr' id='par_1_71' title="bbox 390 3798 2041 3875">
     <span class='ocr_line' id='line_1_71' title="bbox 390 3798 2041 3875; baseline 0.003 -22"><span class='ocrx_word' id='word_1_469' title='bbox 390 3798 689 3870; x_wconf 85' lang='lat' dir='ltr'><strong>gnovisset</strong></span> <span class='ocrx_word' id='word_1_470' title='bbox 722 3816 734 3854; x_wconf 93' lang='lat'>:</span> <span class='ocrx_word' id='word_1_471' title='bbox 770 3816 903 3855; x_wconf 90' lang='lat' dir='ltr'><strong>cum</strong></span> <span class='ocrx_word' id='word_1_472' title='bbox 952 3802 1276 3872; x_wconf 86' lang='lat' dir='ltr'><strong>majoribus</strong></span> <span class='ocrx_word' id='word_1_473' title='bbox 1318 3803 1501 3875; x_wconf 90' lang='lat' dir='ltr'><strong>copiis</strong></span> <span class='ocrx_word' id='word_1_474' title='bbox 1548 3808 1752 3859; x_wconf 88' lang='lat' dir='ltr'><strong>contra</strong></span> <span class='ocrx_word' id='word_1_475' title='bbox 1780 3819 1878 3860; x_wconf 88' lang='lat' dir='ltr'><strong>eos</strong></span> <span class='ocrx_word' id='word_1_476' title='bbox 1910 3820 2041 3873; x_wconf 88' lang='lat' dir='ltr'><strong>pro-</strong></span> 
     </span>
    </p>
   </div>
   <div class='ocr_carea' id='block_1_72' title="bbox 396 3885 2044 3963">
    <p class='ocr_par' dir='ltr' id='par_1_72' title="bbox 396 3885 2044 3963">
     <span class='ocr_line' id='line_1_72' title="bbox 396 3885 2044 3963; baseline 0.002 -21"><span class='ocrx_word' id='word_1_477' title='bbox 396 3885 699 3942; x_wconf 85' lang='lat' dir='ltr'><strong>ﬁciscitur.</strong></span> <span class='ocrx_word' id='word_1_478' title='bbox 742 3887 831 3941; x_wconf 92' lang='lat' dir='ltr'><strong>llli</strong></span> <span class='ocrx_word' id='word_1_479' title='bbox 885 3905 1019 3945; x_wconf 89' lang='lat' dir='ltr'><strong>vero</strong></span> <span class='ocrx_word' id='word_1_480' title='bbox 1076 3907 1179 3961; x_wconf 89' lang='lat' dir='ltr'><strong>per</strong></span> <span class='ocrx_word' id='word_1_481' title='bbox 1240 3892 1397 3945; x_wconf 91' lang='lat' dir='ltr'><strong>invia</strong></span> <span class='ocrx_word' id='word_1_482' title='bbox 1448 3891 1795 3963; x_wconf 88' lang='lat' dir='ltr'><strong>compendia</strong></span> <span class='ocrx_word' id='word_1_483' title='bbox 1850 3892 2044 3947; x_wconf 90' lang='lat' dir='ltr'><strong>subito</strong></span> 
     </span>
    </p>
   </div>
   <div class='ocr_carea' id='block_1_73' title="bbox 399 3976 2049 4053">
    <p class='ocr_par' dir='ltr' id='par_1_73' title="bbox 399 3976 2049 4053">
     <span class='ocr_line' id='line_1_73' title="bbox 399 3976 2049 4053; baseline 0.003 -21"><span class='ocrx_word' id='word_1_484' title='bbox 399 3976 697 4033; x_wconf 86' lang='lat' dir='ltr'><strong>Romanos</strong></span> <span class='ocrx_word' id='word_1_485' title='bbox 753 3979 1037 4048; x_wconf 86' lang='lat' dir='ltr'><strong>aggressi,</strong></span> <span class='ocrx_word' id='word_1_486' title='bbox 1079 3979 1135 4033; x_wconf 90' lang='lat' dir='ltr'><strong>in</strong></span> <span class='ocrx_word' id='word_1_487' title='bbox 1198 3980 1395 4051; x_wconf 81' lang='lat' dir='ltr'><strong>fugam</strong></span> <span class='ocrx_word' id='word_1_488' title='bbox 1446 3986 1761 4052; x_wconf 88' lang='lat' dir='ltr'><strong>verterunt,</strong></span> <span class='ocrx_word' id='word_1_489' title='bbox 1812 3999 1877 4038; x_wconf 92' lang='lat' dir='ltr'><strong>ac</strong></span> <span class='ocrx_word' id='word_1_490' title='bbox 1924 3983 2049 4053; x_wconf 88' lang='lat' dir='ltr'><strong>ipse</strong></span> 
     </span>
    </p>
   </div>
   <div class='ocr_carea' id='block_1_74' title="bbox 403 4067 2051 4143">
    <p class='ocr_par' dir='ltr' id='par_1_74' title="bbox 403 4067 2051 4143">
     <span class='ocr_line' id='line_1_74' title="bbox 403 4067 2051 4143; baseline 0.003 -22"><span class='ocrx_word' id='word_1_491' title='bbox 403 4073 610 4137; x_wconf 87' lang='lat' dir='ltr'><strong>captus</strong></span> <span class='ocrx_word' id='word_1_492' title='bbox 640 4071 795 4122; x_wconf 86' lang='lat' dir='ltr'><strong>esset</strong></span> <span class='ocrx_word' id='word_1_493' title='bbox 814 4067 1153 4138; x_wconf 86' lang='lat' dir='ltr'><strong>imperator,</strong></span> <span class='ocrx_word' id='word_1_494' title='bbox 1177 4068 1289 4124; x_wconf 90' lang='lat' dir='ltr'><strong>nisi</strong></span> <span class='ocrx_word' id='word_1_495' title='bbox 1316 4070 1545 4126; x_wconf 85' lang='lat' dir='ltr'><strong>Manuel</strong></span> <span class='ocrx_word' id='word_1_496' title='bbox 1579 4072 1854 4143; x_wconf 80' lang='lat' dir='ltr'><strong>magister</strong></span> <span class='ocrx_word' id='word_1_497' title='bbox 1881 4071 2051 4141; x_wconf 88' lang='lat' dir='ltr'><strong>legio-</strong></span> 
     </span>
    </p>
   </div>
   <div class='ocr_carea' id='block_1_75' title="bbox 401 4155 2050 4221">
    <p class='ocr_par' dir='ltr' id='par_1_75' title="bbox 401 4155 2050 4221">
     <span class='ocr_line' id='line_1_75' title="bbox 401 4155 2050 4221; baseline 0.003 -12"><span class='ocrx_word' id='word_1_498' title='bbox 401 4171 546 4209; x_wconf 90' lang='lat' dir='ltr'><strong>num</strong></span> <span class='ocrx_word' id='word_1_499' title='bbox 598 4155 981 4221; x_wconf 88' lang='lat' dir='ltr'><strong>domesticus,</strong></span> <span class='ocrx_word' id='word_1_500' title='bbox 1026 4173 1160 4211; x_wconf 92' lang='lat' dir='ltr'><strong>eum</strong></span> <span class='ocrx_word' id='word_1_501' title='bbox 1211 4164 1627 4214; x_wconf 87' lang='lat' dir='ltr'><strong>conservasset.</strong></span> <span class='ocrx_word' id='word_1_502' title='bbox 1662 4164 1804 4215; x_wconf 89' lang='lat' dir='ltr'><strong>Cum</strong></span> <span class='ocrx_word' id='word_1_503' title='bbox 1854 4164 2050 4215; x_wconf 90' lang='lat' dir='ltr'><strong>autem</strong></span> 
     </span>
    </p>
   </div>
   <div class='ocr_carea' id='block_1_76' title="bbox 402 4243 2051 4320">
    <p class='ocr_par' dir='ltr' id='par_1_76' title="bbox 402 4243 2051 4320">
     <span class='ocr_line' id='line_1_76' title="bbox 402 4243 2051 4320; baseline 0.003 -22"><span class='ocrx_word' id='word_1_504' title='bbox 402 4243 604 4299; x_wconf 88' lang='lat' dir='ltr'><strong>hostes</strong></span> <span class='ocrx_word' id='word_1_505' title='bbox 636 4244 929 4301; x_wconf 85' lang='lat' dir='ltr'><strong>Romanas</strong></span> <span class='ocrx_word' id='word_1_506' title='bbox 959 4244 1210 4302; x_wconf 88' lang='lat' dir='ltr'><strong>ditiones</strong></span> <span class='ocrx_word' id='word_1_507' title='bbox 1238 4253 1467 4302; x_wconf 87' lang='lat' dir='ltr'><strong>vastare</strong></span> <span class='ocrx_word' id='word_1_508' title='bbox 1512 4265 1625 4303; x_wconf 92' lang='lat' dir='ltr'><strong>non</strong></span> <span class='ocrx_word' id='word_1_509' title='bbox 1677 4250 2051 4320; x_wconf 85' lang='lat' dir='ltr'><strong>desisterent,</strong></span> 
     </span>
    </p>
   </div>
   <div class='ocr_carea' id='block_1_77' title="bbox 402 4333 2055 4406">
    <p class='ocr_par' dir='ltr' id='par_1_77' title="bbox 402 4333 2055 4406">
     <span class='ocr_line' id='line_1_77' title="bbox 402 4333 2055 4406; baseline 0.005 -20"><span class='ocrx_word' id='word_1_510' title='bbox 402 4336 688 4388; x_wconf 87' lang='lat' dir='ltr'><strong>Petronas</strong></span> <span class='ocrx_word' id='word_1_511' title='bbox 747 4333 1075 4391; x_wconf 89' lang='lat' dir='ltr'><strong>avunculus</strong></span> <span class='ocrx_word' id='word_1_512' title='bbox 1133 4335 1539 4406; x_wconf 88' lang='lat' dir='ltr'><strong>imperatoris,</strong></span> <span class='ocrx_word' id='word_1_513' title='bbox 1589 4354 1723 4392; x_wconf 92' lang='lat' dir='ltr'><strong>cum</strong></span> <span class='ocrx_word' id='word_1_514' title='bbox 1776 4338 2055 4394; x_wconf 85' lang='lat' dir='ltr'><strong>Romanis</strong></span> 
     </span>
    </p>
   </div>
   <div class='ocr_carea' id='block_1_78' title="bbox 404 4422 2056 4499">
    <p class='ocr_par' dir='ltr' id='par_1_78' title="bbox 404 4422 2056 4499">
     <span class='ocr_line' id='line_1_78' title="bbox 404 4422 2056 4499; baseline 0.004 -23"><span class='ocrx_word' id='word_1_515' title='bbox 404 4422 590 4492; x_wconf 89' lang='lat' dir='ltr'><strong>copiis</strong></span> <span class='ocrx_word' id='word_1_516' title='bbox 623 4427 827 4478; x_wconf 77' lang='lat' dir='ltr'><strong>contra</strong></span> <span class='ocrx_word' id='word_1_517' title='bbox 856 4440 954 4479; x_wconf 88' lang='lat' dir='ltr'><strong>eos</strong></span> <span class='ocrx_word' id='word_1_518' title='bbox 988 4423 1281 4479; x_wconf 89' lang='lat' dir='ltr'><strong>mittitur:</strong></span> <span class='ocrx_word' id='word_1_519' title='bbox 1308 4425 1407 4491; x_wconf 92' lang='lat' dir='ltr'><strong>qui</strong></span> <span class='ocrx_word' id='word_1_520' title='bbox 1440 4442 1570 4480; x_wconf 90' lang='lat' dir='ltr'><strong>cum</strong></span> <span class='ocrx_word' id='word_1_521' title='bbox 1605 4427 1754 4483; x_wconf 77' lang='lat'><strong>159</strong></span> <span class='ocrx_word' id='word_1_522' title='bbox 1791 4426 2056 4499; x_wconf 59' lang='lat' dir='ltr'><strong>praelium</strong></span> 
     </span>
    </p>
   </div>
   <div class='ocr_carea' id='block_1_79' title="bbox 405 4510 2058 4581">
    <p class='ocr_par' dir='ltr' id='par_1_79' title="bbox 405 4510 2058 4581">
     <span class='ocr_line' id='line_1_79' title="bbox 405 4510 2058 4581; baseline 0.003 -15"><span class='ocrx_word' id='word_1_523' title='bbox 405 4510 776 4569; x_wconf 90' lang='lat' dir='ltr'><strong>committere</strong></span> <span class='ocrx_word' id='word_1_524' title='bbox 822 4528 939 4567; x_wconf 90' lang='lat' dir='ltr'><strong>non</strong></span> <span class='ocrx_word' id='word_1_525' title='bbox 994 4514 1258 4581; x_wconf 86' lang='lat' dir='ltr'><strong>auderet,</strong></span> <span class='ocrx_word' id='word_1_526' title='bbox 1292 4515 1394 4568; x_wconf 91' lang='lat' dir='ltr'><strong>sed</strong></span> <span class='ocrx_word' id='word_1_527' title='bbox 1438 4531 1470 4569; x_wconf 91' lang='lat' dir='ltr'><strong>a</strong></span> <span class='ocrx_word' id='word_1_528' title='bbox 1502 4514 1652 4569; x_wconf 93' lang='lat' dir='ltr'><strong>bello</strong></span> <span class='ocrx_word' id='word_1_529' title='bbox 1699 4516 2058 4581; x_wconf 87' lang='lat' dir='ltr'><strong>abhorreret,</strong></span> 
     </span>
    </p>
   </div>
   <div class='ocr_carea' id='block_1_80' title="bbox 2147 3440 3784 3527">
    <p class='ocr_par' dir='ltr' id='par_1_80' title="bbox 2147 3440 3784 3527">
     <span class='ocr_line' id='line_1_80' title="bbox 2147 3440 3784 3527; baseline -0.007 -22"><span class='ocrx_word' id='word_1_530' title='bbox 2147 3451 2324 3527; x_wconf 78' lang='grc' dir='ltr'>ῥύμης</span> <span class='ocrx_word' id='word_1_531' title='bbox 2385 3446 2619 3526; x_wconf 76' lang='grc' dir='ltr'>σφοδρᾶς</span> <span class='ocrx_word' id='word_1_532' title='bbox 2675 3448 2763 3502; x_wconf 87' lang='grc' dir='ltr'><strong>καὶ</strong></span> <span class='ocrx_word' id='word_1_533' title='bbox 2825 3443 3150 3522; x_wconf 70' lang='grc' dir='ltr'>ἀλαλαγμοῦ</span> <span class='ocrx_word' id='word_1_534' title='bbox 3213 3449 3293 3517; x_wconf 76' lang='grc' dir='ltr'>τῷ</span> <span class='ocrx_word' id='word_1_535' title='bbox 3336 3447 3442 3498; x_wconf 82' lang='grc' dir='ltr'><strong>τῶν</strong></span> <span class='ocrx_word' id='word_1_536' title='bbox 3499 3440 3784 3513; x_wconf 85' lang='grc' dir='ltr'>Ῥωμαίων</span> 
     </span>
    </p>
   </div>
   <div class='ocr_carea' id='block_1_81' title="bbox 2145 3530 3785 3614">
    <p class='ocr_par' dir='ltr' id='par_1_81' title="bbox 2145 3530 3785 3614">
     <span class='ocr_line' id='line_1_81' title="bbox 2145 3530 3785 3614; baseline -0.008 -19"><span class='ocrx_word' id='word_1_537' title='bbox 2145 3539 2321 3595; x_wconf 82' lang='grc' dir='ltr'>ἐπίασι</span> <span class='ocrx_word' id='word_1_538' title='bbox 2379 3540 2602 3614; x_wconf 78' lang='grc' dir='ltr'>χάρακι,</span> <span class='ocrx_word' id='word_1_539' title='bbox 2659 3535 2748 3591; x_wconf 85' lang='grc' dir='ltr'><strong>καὶ</strong></span> <span class='ocrx_word' id='word_1_540' title='bbox 2808 3532 2985 3597; x_wconf 77' lang='grc' dir='ltr'>οὐδεὶς</span> <span class='ocrx_word' id='word_1_541' title='bbox 3021 3533 3221 3604; x_wconf 69' lang='grc' dir='ltr'>ὑπέστη</span> <span class='ocrx_word' id='word_1_542' title='bbox 3280 3534 3377 3602; x_wconf 81' lang='grc' dir='ltr'>τὴν</span> <span class='ocrx_word' id='word_1_543' title='bbox 3428 3530 3634 3586; x_wconf 83' lang='grc' dir='ltr'>τούτων</span> <span class='ocrx_word' id='word_1_544' title='bbox 3691 3530 3785 3603; x_wconf 85' lang='grc' dir='ltr'>ὁρ-</span> 
     </span>
    </p>
   </div>
   <div class='ocr_carea' id='block_1_82' title="bbox 2151 3615 3790 3702">
    <p class='ocr_par' dir='ltr' id='par_1_82' title="bbox 2151 3615 3790 3702">
     <span class='ocr_line' id='line_1_82' title="bbox 2151 3615 3790 3702; baseline -0.007 -19"><span class='ocrx_word' id='word_1_545' title='bbox 2151 3631 2280 3702; x_wconf 81' lang='grc' dir='ltr'>μήν·</span> <span class='ocrx_word' id='word_1_546' title='bbox 2356 3628 2491 3699; x_wconf 83' lang='grc' dir='ltr'>πρὸς</span> <span class='ocrx_word' id='word_1_547' title='bbox 2571 3623 2810 3701; x_wconf 84' lang='grc' dir='ltr'>δρασμὸν</span> <span class='ocrx_word' id='word_1_548' title='bbox 2886 3620 2956 3677; x_wconf 82' lang='grc' dir='ltr'><strong>δι’</strong></span> <span class='ocrx_word' id='word_1_549' title='bbox 3023 3624 3080 3676; x_wconf 77' lang='grc' dir='ltr'>οἱ</span> <span class='ocrx_word' id='word_1_550' title='bbox 3158 3622 3352 3685; x_wconf 80' lang='grc' dir='ltr'>πάντες</span> <span class='ocrx_word' id='word_1_551' title='bbox 3409 3615 3650 3688; x_wconf 80' lang='grc' dir='ltr'>ἆπεῖδον,</span> <span class='ocrx_word' id='word_1_552' title='bbox 3699 3616 3790 3672; x_wconf 85' lang='grc' dir='ltr'><strong>καὶ</strong></span> 
     </span>
    </p>
   </div>
   <div class='ocr_carea' id='block_1_83' title="bbox 2147 3705 3792 3789">
    <p class='ocr_par' dir='ltr' id='par_1_83' title="bbox 2147 3705 3792 3789">
     <span class='ocr_line' id='line_1_83' title="bbox 2147 3705 3792 3789; baseline -0.007 -17"><span class='ocrx_word' id='word_1_553' title='bbox 2147 3710 2737 3789; x_wconf 76' lang='grc' dir='ltr'>καταλαμϐανόμενοι,</span> <span class='ocrx_word' id='word_1_554' title='bbox 2797 3712 2849 3767; x_wconf 68' lang='grc' dir='ltr'><strong>οἱ</strong></span> <span class='ocrx_word' id='word_1_555' title='bbox 2908 3712 3003 3785; x_wconf 73' lang='grc' dir='ltr'><strong>μὶν</strong></span> <span class='ocrx_word' id='word_1_556' title='bbox 3052 3712 3399 3787; x_wconf 73' lang='grc' dir='ltr'>ἀνῃροῦντο,</span> <span class='ocrx_word' id='word_1_557' title='bbox 3458 3708 3511 3763; x_wconf 74' lang='grc' dir='ltr'>οἱ</span> <span class='ocrx_word' id='word_1_558' title='bbox 3560 3705 3605 3762; x_wconf 86' lang='grc' dir='ltr'><strong>δ’</strong></span> <span class='ocrx_word' id='word_1_559' title='bbox 3664 3705 3792 3776; x_wconf 76' lang='grc' dir='ltr'><strong>ἐζω-</strong></span> 
     </span>
    </p>
   </div>
   <div class='ocr_carea' id='block_1_84' title="bbox 2150 3794 3803 3882">
    <p class='ocr_par' dir='ltr' id='par_1_84' title="bbox 2150 3794 3803 3882">
     <span class='ocr_line' id='line_1_84' title="bbox 2150 3794 3803 3882; baseline -0.006 -22"><span class='ocrx_word' id='word_1_560' title='bbox 2150 3810 2399 3882; x_wconf 75' lang='grc' dir='ltr'>γροῦντο·</span> <span class='ocrx_word' id='word_1_561' title='bbox 2455 3805 2583 3860; x_wconf 88' lang='grc' dir='ltr'>Ὅτε</span> <span class='ocrx_word' id='word_1_562' title='bbox 2644 3802 2734 3856; x_wconf 87' lang='grc' dir='ltr'><strong>καὶ</strong></span> <span class='ocrx_word' id='word_1_563' title='bbox 2794 3802 2845 3855; x_wconf 73' lang='grc' dir='ltr'>οἱ</span> <span class='ocrx_word' id='word_1_564' title='bbox 2901 3806 3197 3877; x_wconf 83' lang='grc' dir='ltr'>Μανιχαῖοι</span> <span class='ocrx_word' id='word_1_565' title='bbox 3253 3802 3370 3859; x_wconf 89' lang='grc' dir='ltr'>τοῖς</span> <span class='ocrx_word' id='word_1_566' title='bbox 3423 3794 3803 3871; x_wconf 87' lang='grc' dir='ltr'>Ἰσμαηλίταις</span> 
     </span>
    </p>
   </div>
   <div class='ocr_carea' id='block_1_85' title="bbox 2154 3885 3809 3967">
    <p class='ocr_par' dir='ltr' id='par_1_85' title="bbox 2154 3885 3809 3967">
     <span class='ocr_line' id='line_1_85' title="bbox 2154 3885 3809 3967; baseline -0.007 -18"><span class='ocrx_word' id='word_1_567' title='bbox 2154 3897 2575 3967; x_wconf 78' lang='grc' dir='ltr'>συμμαχοῦντες</span> <span class='ocrx_word' id='word_1_568' title='bbox 2650 3888 2898 3955; x_wconf 78' lang='grc' dir='ltr'>πολλοὺς</span> <span class='ocrx_word' id='word_1_569' title='bbox 2971 3894 3077 3944; x_wconf 81' lang='grc' dir='ltr'><strong>τῶν</strong></span> <span class='ocrx_word' id='word_1_570' title='bbox 3151 3887 3424 3965; x_wconf 71' lang='grc' dir='ltr'>ἐπιφανῶν</span> <span class='ocrx_word' id='word_1_571' title='bbox 3495 3885 3809 3960; x_wconf 80' lang='grc' dir='ltr'>ἐζώργησαν</span> 
     </span>
    </p>
   </div>
   <div class='ocr_carea' id='block_1_86' title="bbox 2156 3972 3803 4059">
    <p class='ocr_par' dir='ltr' id='par_1_86' title="bbox 2156 3972 3803 4059">
     <span class='ocr_line' id='line_1_86' title="bbox 2156 3972 3803 4059; baseline -0.007 -21"><span class='ocrx_word' id='word_1_572' title='bbox 2156 3986 2495 4059; x_wconf 78' lang='grc' dir='ltr'>στρατηγῶν,</span> <span class='ocrx_word' id='word_1_573' title='bbox 2556 3982 2643 4036; x_wconf 81' lang='grc' dir='ltr'><strong>καὶ</strong></span> <span class='ocrx_word' id='word_1_574' title='bbox 2724 3979 3028 4057; x_wconf 84' lang='grc' dir='ltr'>χρημάτων</span> <span class='ocrx_word' id='word_1_575' title='bbox 3098 3975 3293 4038; x_wconf 78' lang='grc' dir='ltr'>αὐτοὺς</span> <span class='ocrx_word' id='word_1_576' title='bbox 3351 3973 3607 4050; x_wconf 87' lang='grc' dir='ltr'>μεγάλων</span> <span class='ocrx_word' id='word_1_577' title='bbox 3665 3972 3803 4028; x_wconf 77' lang='grc' dir='ltr'><strong>ἀπέ-</strong></span> 
     </span>
    </p>
   </div>
   <div class='ocr_carea' id='block_1_87' title="bbox 2159 4059 3795 4143">
    <p class='ocr_par' dir='ltr' id='par_1_87' title="bbox 2159 4059 3795 4143">
     <span class='ocr_line' id='line_1_87' title="bbox 2159 4059 3795 4143; baseline -0.007 -16"><span class='ocrx_word' id='word_1_578' title='bbox 2159 4070 2333 4128; x_wconf 84' lang='grc' dir='ltr'>δοντο.</span> <span class='ocrx_word' id='word_1_579' title='bbox 2390 4070 2526 4128; x_wconf 88' lang='grc' dir='ltr'>Τότε</span> <span class='ocrx_word' id='word_1_580' title='bbox 2596 4070 2778 4125; x_wconf 88' lang='grc' dir='ltr'>τοίνυν</span> <span class='ocrx_word' id='word_1_581' title='bbox 2860 4072 3059 4143; x_wconf 78' lang='grc' dir='ltr'>μικροῦ</span> <span class='ocrx_word' id='word_1_582' title='bbox 3129 4066 3218 4121; x_wconf 86' lang='grc' dir='ltr'><strong>καὶ</strong></span> <span class='ocrx_word' id='word_1_583' title='bbox 3291 4066 3319 4119; x_wconf 87' lang='grc' dir='ltr'>ὁ</span> <span class='ocrx_word' id='word_1_584' title='bbox 3397 4061 3656 4140; x_wconf 79' lang='grc' dir='ltr'>βασιλεὺς</span> <span class='ocrx_word' id='word_1_585' title='bbox 3736 4059 3795 4115; x_wconf 78' lang='grc' dir='ltr'>ἂν</span> 
     </span>
    </p>
   </div>
   <div class='ocr_carea' id='block_1_88' title="bbox 2159 4150 3801 4239">
    <p class='ocr_par' dir='ltr' id='par_1_88' title="bbox 2159 4150 3801 4239">
     <span class='ocr_line' id='line_1_88' title="bbox 2159 4150 3801 4239; baseline -0.007 -22"><span class='ocrx_word' id='word_1_586' title='bbox 2159 4161 2371 4239; x_wconf 73' lang='grc' dir='ltr'>ἐλήφθη</span> <span class='ocrx_word' id='word_1_587' title='bbox 2403 4160 2588 4230; x_wconf 83' lang='grc' dir='ltr'>αὐτὸς,</span> <span class='ocrx_word' id='word_1_588' title='bbox 2648 4158 2697 4215; x_wconf 75' lang='grc' dir='ltr'>εἲ</span> <span class='ocrx_word' id='word_1_589' title='bbox 2757 4160 2831 4231; x_wconf 80' lang='grc' dir='ltr'>μὴ</span> <span class='ocrx_word' id='word_1_590' title='bbox 2893 4161 2961 4232; x_wconf 80' lang='grc' dir='ltr'>τῇ</span> <span class='ocrx_word' id='word_1_591' title='bbox 3008 4162 3275 4232; x_wconf 78' lang='grc' dir='ltr'>ταχυτῆτι</span> <span class='ocrx_word' id='word_1_592' title='bbox 3328 4158 3425 4210; x_wconf 78' lang='grc' dir='ltr'>τοῦ</span> <span class='ocrx_word' id='word_1_593' title='bbox 3468 4150 3644 4207; x_wconf 66' lang='grc' dir='ltr'>ἵππου</span> <span class='ocrx_word' id='word_1_594' title='bbox 3673 4150 3801 4239; x_wconf 66' lang='grc' dir='ltr'><strong>τοὺς</strong></span> 
     </span>
    </p>
   </div>
   <div class='ocr_carea' id='block_1_89' title="bbox 2159 4235 3804 4321">
    <p class='ocr_par' dir='ltr' id='par_1_89' title="bbox 2159 4235 3804 4321">
     <span class='ocr_line' id='line_1_89' title="bbox 2159 4235 3804 4321; baseline -0.007 -20"><span class='ocrx_word' id='word_1_595' title='bbox 2159 4235 2463 4320; x_wconf 81' lang='grc' dir='ltr'>πολεμίους</span> <span class='ocrx_word' id='word_1_596' title='bbox 2543 4242 2901 4321; x_wconf 85' lang='grc' dir='ltr'>ὑπεκδραμὼν</span> <span class='ocrx_word' id='word_1_597' title='bbox 2983 4240 3335 4299; x_wconf 72' lang='grc' dir='ltr'>διασέσωστο.</span> <span class='ocrx_word' id='word_1_598' title='bbox 3414 4239 3657 4318; x_wconf 79' lang='grc' dir='ltr'>Ἐλήφθη</span> <span class='ocrx_word' id='word_1_599' title='bbox 3746 4235 3804 4291; x_wconf 74' lang='grc' dir='ltr'>δὲ</span> 
     </span>
    </p>
   </div>
   <div class='ocr_carea' id='block_1_90' title="bbox 2158 4326 3801 4411">
    <p class='ocr_par' dir='ltr' id='par_1_90' title="bbox 2158 4326 3801 4411">
     <span class='ocr_line' id='line_1_90' title="bbox 2158 4326 3801 4411; baseline -0.007 -20"><span class='ocrx_word' id='word_1_600' title='bbox 2158 4337 2222 4391; x_wconf 87' lang='grc' dir='ltr'>τὸ</span> <span class='ocrx_word' id='word_1_601' title='bbox 2279 4332 2665 4411; x_wconf 82' lang='grc' dir='ltr'>στρατόπεδον,</span> <span class='ocrx_word' id='word_1_602' title='bbox 2737 4335 2829 4389; x_wconf 80' lang='grc' dir='ltr'><strong>καὶ</strong></span> <span class='ocrx_word' id='word_1_603' title='bbox 2903 4335 2939 4403; x_wconf 79' lang='grc' dir='ltr'>ἠ</span> <span class='ocrx_word' id='word_1_604' title='bbox 3017 4329 3276 4409; x_wconf 85' lang='grc' dir='ltr'>βασιλική</span> <span class='ocrx_word' id='word_1_605' title='bbox 3358 4331 3553 4400; x_wconf 81' lang='grc' dir='ltr'>σκηνὴ,</span> <span class='ocrx_word' id='word_1_606' title='bbox 3616 4326 3706 4381; x_wconf 88' lang='grc' dir='ltr'><strong>καὶ</strong></span> <span class='ocrx_word' id='word_1_607' title='bbox 3765 4328 3801 4396; x_wconf 77' lang='grc' dir='ltr'><strong>ἡ</strong></span> 
     </span>
    </p>
   </div>
   <div class='ocr_carea' id='block_1_91' title="bbox 2162 4413 3811 4501">
    <p class='ocr_par' dir='ltr' id='par_1_91' title="bbox 2162 4413 3811 4501">
     <span class='ocr_line' id='line_1_91' title="bbox 2162 4413 3811 4501; baseline -0.007 -20"><span class='ocrx_word' id='word_1_608' title='bbox 2162 4426 2301 4501; x_wconf 84' lang='grc' dir='ltr'>πρὸς</span> <span class='ocrx_word' id='word_1_609' title='bbox 2361 4423 2652 4501; x_wconf 83' lang='grc' dir='ltr'>ὑπηρεσίαν</span> <span class='ocrx_word' id='word_1_610' title='bbox 2710 4428 2806 4479; x_wconf 80' lang='grc' dir='ltr'>τοῦ</span> <span class='ocrx_word' id='word_1_611' title='bbox 2842 4419 3112 4499; x_wconf 77' lang='grc' dir='ltr'>βασιλέως</span> <span class='ocrx_word' id='word_1_612' title='bbox 3174 4418 3470 4488; x_wconf 66' lang='grc' dir='ltr'>ἀποπευή,</span> <span class='ocrx_word' id='word_1_613' title='bbox 3510 4418 3594 4472; x_wconf 86' lang='grc' dir='ltr'><strong>καὶ</strong></span> <span class='ocrx_word' id='word_1_614' title='bbox 3627 4413 3811 4470; x_wconf 75' lang='grc' dir='ltr'>τᾶλλα</span> 
     </span>
    </p>
   </div>
   <div class='ocr_carea' id='block_1_92' title="bbox 2164 4505 3809 4590">
    <p class='ocr_par' dir='ltr' id='par_1_92' title="bbox 2164 4505 3809 4590">
     <span class='ocr_line' id='line_1_92' title="bbox 2164 4505 3809 4590; baseline -0.006 -21"><span class='ocrx_word' id='word_1_615' title='bbox 2164 4516 2334 4569; x_wconf 82' lang='grc' dir='ltr'>πάντα</span> <span class='ocrx_word' id='word_1_616' title='bbox 2403 4511 2726 4590; x_wconf 82' lang='grc' dir='ltr'>διήρπαστο.</span> <span class='ocrx_word' id='word_1_617' title='bbox 2798 4512 2929 4566; x_wconf 88' lang='grc' dir='ltr'>Τότε</span> <span class='ocrx_word' id='word_1_618' title='bbox 3009 4511 3103 4584; x_wconf 74' lang='grc' dir='ltr'><strong>μὲν</strong></span> <span class='ocrx_word' id='word_1_619' title='bbox 3181 4510 3270 4565; x_wconf 83' lang='grc' dir='ltr'><strong>οὗν</strong></span> <span class='ocrx_word' id='word_1_620' title='bbox 3368 4505 3691 4582; x_wconf 70' lang='grc' dir='ltr'>ὑπέστρεψεν</span> <span class='ocrx_word' id='word_1_621' title='bbox 3779 4505 3809 4559; x_wconf 90' lang='lat'><strong>6</strong></span> 
     </span>
    </p>
   </div>
   <div class='ocr_carea' id='block_1_93' title="bbox 405 4595 2034 4679">
    <p class='ocr_par' dir='ltr' id='par_1_93' title="bbox 405 4600 2034 4675">
     <span class='ocr_line' id='line_1_93' title="bbox 405 4600 2034 4675; baseline 0.002 -20"><span class='ocrx_word' id='word_1_622' title='bbox 405 4600 765 4657; x_wconf 89' lang='lat' dir='ltr'><strong>monachum</strong></span> <span class='ocrx_word' id='word_1_623' title='bbox 798 4602 1115 4673; x_wconf 89' lang='lat' dir='ltr'><strong>quemdam</strong></span> <span class='ocrx_word' id='word_1_624' title='bbox 1161 4601 1221 4656; x_wconf 89' lang='lat' dir='ltr'><strong>in</strong></span> <span class='ocrx_word' id='word_1_625' title='bbox 1264 4608 1461 4657; x_wconf 91' lang='lat' dir='ltr'><strong>monte</strong></span> <span class='ocrx_word' id='word_1_626' title='bbox 1490 4604 1819 4675; x_wconf 89' lang='lat' dir='ltr'><strong>degentem,</strong></span> <span class='ocrx_word' id='word_1_627' title='bbox 1850 4604 2034 4659; x_wconf 72' lang='lat' dir='ltr'><strong>virtut</strong></span> 
     </span>
    </p>
   </div>
   <div class='ocr_carea' id='block_1_94' title="bbox 2145 4595 3813 4679">
    <p class='ocr_par' dir='ltr' id='par_1_94' title="bbox 2167 4595 3813 4679">
     <span class='ocr_line' id='line_1_94' title="bbox 2167 4595 3813 4679; baseline -0.005 -21"><span class='ocrx_word' id='word_1_628' title='bbox 2167 4601 2418 4679; x_wconf 76' lang='grc' dir='ltr'>Μιχαήλ.</span> <span class='ocrx_word' id='word_1_629' title='bbox 2478 4604 2645 4667; x_wconf 77' lang='grc' dir='ltr'>Αὖθις</span> <span class='ocrx_word' id='word_1_630' title='bbox 2702 4600 2760 4657; x_wconf 72' lang='grc' dir='ltr'><strong>δὲ</strong></span> <span class='ocrx_word' id='word_1_631' title='bbox 2813 4599 2941 4663; x_wconf 78' lang='grc' dir='ltr'>τοὺς</span> <span class='ocrx_word' id='word_1_632' title='bbox 3000 4597 3343 4676; x_wconf 81' lang='grc' dir='ltr'>Ἀγαρηνοὺς</span> <span class='ocrx_word' id='word_1_633' title='bbox 3391 4595 3638 4658; x_wconf 75' lang='grc' dir='ltr'>ἐπιόντας</span> <span class='ocrx_word' id='word_1_634' title='bbox 3687 4600 3813 4657; x_wconf 86' lang='grc' dir='ltr'>ταῖς</span> 
     </span>
    </p>
   </div>
   <div class='ocr_carea' id='block_1_95' title="bbox 408 4681 2034 4771">
    <p class='ocr_par' dir='ltr' id='par_1_95' title="bbox 408 4689 2034 4763">
     <span class='ocr_line' id='line_1_95' title="bbox 408 4689 2034 4763; baseline 0.001 -18"><span class='ocrx_word' id='word_1_635' title='bbox 408 4693 465 4745; x_wconf 87' lang='lat' dir='ltr'><strong>et</strong></span> <span class='ocrx_word' id='word_1_636' title='bbox 501 4706 698 4745; x_wconf 88' lang='lat' dir='ltr'><strong>rerum</strong></span> <span class='ocrx_word' id='word_1_637' title='bbox 729 4689 1061 4746; x_wconf 86' lang='lat' dir='ltr'><strong>futurarum</strong></span> <span class='ocrx_word' id='word_1_638' title='bbox 1093 4691 1439 4763; x_wconf 73' lang='lat' dir='ltr'><strong>praevisione</strong></span> <span class='ocrx_word' id='word_1_639' title='bbox 1469 4692 1753 4750; x_wconf 88' lang='lat' dir='ltr'><strong>celebrem</strong></span> <span class='ocrx_word' id='word_1_640' title='bbox 1785 4692 2034 4750; x_wconf 87' lang='lat' dir='ltr'><strong>consulit</strong></span> 
     </span>
    </p>
   </div>
   <div class='ocr_carea' id='block_1_96' title="bbox 2145 4681 3815 4771">
    <p class='ocr_par' dir='ltr' id='par_1_96' title="bbox 2166 4681 3815 4768">
     <span class='ocr_line' id='line_1_96' title="bbox 2166 4681 3815 4768; baseline -0.005 -22"><span class='ocrx_word' id='word_1_641' title='bbox 2166 4698 2270 4747; x_wconf 78' lang='grc' dir='ltr'><strong>τῶν</strong></span> <span class='ocrx_word' id='word_1_642' title='bbox 2349 4693 2635 4765; x_wconf 82' lang='grc' dir='ltr'>Ῥωμαίων</span> <span class='ocrx_word' id='word_1_643' title='bbox 2709 4690 2923 4768; x_wconf 83' lang='grc' dir='ltr'>χώραις</span> <span class='ocrx_word' id='word_1_644' title='bbox 2985 4689 3194 4762; x_wconf 84' lang='grc' dir='ltr'>μαθὼν,</span> <span class='ocrx_word' id='word_1_645' title='bbox 3250 4681 3408 4757; x_wconf 80' lang='grc' dir='ltr'>ἔξεισι</span> <span class='ocrx_word' id='word_1_646' title='bbox 3465 4686 3581 4741; x_wconf 87' lang='grc' dir='ltr'>κατ’</span> <span class='ocrx_word' id='word_1_647' title='bbox 3638 4684 3815 4739; x_wconf 78' lang='grc' dir='ltr'>αὐτῶν</span> 
     </span>
    </p>
   </div>
   <div class='ocr_carea' id='block_1_97' title="bbox 407 4777 2057 4852">
    <p class='ocr_par' dir='ltr' id='par_1_97' title="bbox 407 4777 2057 4852">
     <span class='ocr_line' id='line_1_97' title="bbox 407 4777 2057 4852; baseline 0.002 -19"><span class='ocrx_word' id='word_1_648' title='bbox 407 4791 481 4833; x_wconf 86' lang='lat' dir='ltr'><strong>an</strong></span> <span class='ocrx_word' id='word_1_649' title='bbox 502 4777 704 4834; x_wconf 88' lang='lat' dir='ltr'><strong>Martis</strong></span> <span class='ocrx_word' id='word_1_650' title='bbox 724 4778 910 4836; x_wconf 90' lang='lat' dir='ltr'><strong>aleam</strong></span> <span class='ocrx_word' id='word_1_651' title='bbox 931 4780 1180 4852; x_wconf 84' lang='lat' dir='ltr'><strong>experiri</strong></span> <span class='ocrx_word' id='word_1_652' title='bbox 1198 4779 1446 4836; x_wconf 81' lang='lat' dir='ltr'><strong>debeat?</strong></span> <span class='ocrx_word' id='word_1_653' title='bbox 1468 4782 1574 4845; x_wconf 91' lang='lat' dir='ltr'><strong>Qui</strong></span> <span class='ocrx_word' id='word_1_654' title='bbox 1596 4798 1731 4839; x_wconf 92' lang='lat' dir='ltr'><strong>cum</strong></span> <span class='ocrx_word' id='word_1_655' title='bbox 1754 4786 2057 4850; x_wconf 90' lang='lat' dir='ltr'><strong>annueret,</strong></span> 
     </span>
    </p>
   </div>
   <div class='ocr_carea' id='block_1_98' title="bbox 408 4866 2060 4945">
    <p class='ocr_par' dir='ltr' id='par_1_98' title="bbox 408 4866 2060 4945">
     <span class='ocr_line' id='line_1_98' title="bbox 408 4866 2060 4945; baseline 0.003 -22"><span class='ocrx_word' id='word_1_656' title='bbox 408 4867 581 4937; x_wconf 89' lang='lat' dir='ltr'><strong>eique</strong></span> <span class='ocrx_word' id='word_1_657' title='bbox 608 4866 911 4924; x_wconf 90' lang='lat' dir='ltr'><strong>victoriam</strong></span> <span class='ocrx_word' id='word_1_658' title='bbox 936 4869 1309 4941; x_wconf 89' lang='lat' dir='ltr'><strong>polliceretur</strong></span> <span class='ocrx_word' id='word_1_659' title='bbox 1334 4886 1346 4924; x_wconf 94' lang='lat'>:</span> <span class='ocrx_word' id='word_1_660' title='bbox 1373 4885 1506 4925; x_wconf 90' lang='lat' dir='ltr'><strong>cum</strong></span> <span class='ocrx_word' id='word_1_661' title='bbox 1533 4870 1799 4929; x_wconf 89' lang='lat' dir='ltr'><strong>hostibus</strong></span> <span class='ocrx_word' id='word_1_662' title='bbox 1821 4888 2060 4945; x_wconf 87' lang='lat' dir='ltr'><strong>congre-</strong></span> 
     </span>
    </p>
   </div>
   <div class='ocr_carea' id='block_1_99' title="bbox 410 4955 2061 5034">
    <p class='ocr_par' dir='ltr' id='par_1_99' title="bbox 410 4955 2061 5034">
     <span class='ocr_line' id='line_1_99' title="bbox 410 4955 2061 5034; baseline 0.004 -22"><span class='ocrx_word' id='word_1_663' title='bbox 410 4955 588 5023; x_wconf 87' lang='lat' dir='ltr'><strong>ditur,</strong></span> <span class='ocrx_word' id='word_1_664' title='bbox 626 4958 1027 5029; x_wconf 86' lang='lat' dir='ltr'><strong>Agarenorum</strong></span> <span class='ocrx_word' id='word_1_665' title='bbox 1077 4959 1366 5016; x_wconf 83' lang='lat' dir='ltr'><strong>exercitus</strong></span> <span class='ocrx_word' id='word_1_666' title='bbox 1413 4961 1767 5030; x_wconf 89' lang='lat' dir='ltr'><strong>succumbit,</strong></span> <span class='ocrx_word' id='word_1_667' title='bbox 1816 4964 2061 5034; x_wconf 87' lang='lat' dir='ltr'><strong>ejusque</strong></span> 
     </span>
    </p>
   </div>
   <div class='ocr_carea' id='block_1_100' title="bbox 2171 4772 3813 4857">
    <p class='ocr_par' dir='ltr' id='par_1_100' title="bbox 2171 4772 3813 4857">
     <span class='ocr_line' id='line_1_100' title="bbox 2171 4772 3813 4857; baseline -0.005 -21"><span class='ocrx_word' id='word_1_668' title='bbox 2171 4781 2307 4854; x_wconf 81' lang='grc' dir='ltr'>μετᾶ</span> <span class='ocrx_word' id='word_1_669' title='bbox 2367 4781 2661 4857; x_wconf 86' lang='grc' dir='ltr'>βαρύτερας</span> <span class='ocrx_word' id='word_1_670' title='bbox 2701 4778 3001 4853; x_wconf 83' lang='grc' dir='ltr'>δυνάμεως.</span> <span class='ocrx_word' id='word_1_671' title='bbox 3060 4778 3128 4835; x_wconf 81' lang='grc' dir='ltr'><strong>Οἳ</strong></span> <span class='ocrx_word' id='word_1_672' title='bbox 3189 4773 3279 4830; x_wconf 83' lang='grc' dir='ltr'>διὰ</span> <span class='ocrx_word' id='word_1_673' title='bbox 3336 4772 3576 4830; x_wconf 82' lang='grc' dir='ltr'>δυσόδων</span> <span class='ocrx_word' id='word_1_674' title='bbox 3606 4772 3813 4844; x_wconf 80' lang='grc' dir='ltr'>τόπων,</span> 
     </span>
    </p>
   </div>
   <div class='ocr_carea' id='block_1_101' title="bbox 2171 4862 3823 4943">
    <p class='ocr_par' dir='ltr' id='par_1_101' title="bbox 2171 4862 3823 4943">
     <span class='ocr_line' id='line_1_101' title="bbox 2171 4862 3823 4943; baseline -0.004 -19"><span class='ocrx_word' id='word_1_675' title='bbox 2171 4869 2446 4943; x_wconf 75' lang='grc' dir='ltr'>ἐπιτόμων</span> <span class='ocrx_word' id='word_1_676' title='bbox 2516 4868 2596 4938; x_wconf 78' lang='grc' dir='ltr'><strong>δὲ,</strong></span> <span class='ocrx_word' id='word_1_677' title='bbox 2670 4864 2975 4933; x_wconf 82' lang='grc' dir='ltr'>διελθόντες</span> <span class='ocrx_word' id='word_1_678' title='bbox 3061 4862 3468 4942; x_wconf 73' lang='grc' dir='ltr'>ἀπροσδόκητοι</span> <span class='ocrx_word' id='word_1_679' title='bbox 3541 4867 3620 4936; x_wconf 83' lang='grc' dir='ltr'>τῷ</span> <span class='ocrx_word' id='word_1_680' title='bbox 3681 4865 3823 4921; x_wconf 85' lang='grc' dir='ltr'><strong>Ῥω-</strong></span> 
     </span>
    </p>
   </div>
   <div class='ocr_carea' id='block_1_102' title="bbox 2176 4954 3827 5034">
    <p class='ocr_par' dir='ltr' id='par_1_102' title="bbox 2176 4954 3827 5034">
     <span class='ocr_line' id='line_1_102' title="bbox 2176 4954 3827 5034; baseline -0.004 -21"><span class='ocrx_word' id='word_1_681' title='bbox 2176 4959 2348 5034; x_wconf 85' lang='grc' dir='ltr'>μαίων</span> <span class='ocrx_word' id='word_1_682' title='bbox 2434 4959 2675 5029; x_wconf 79' lang='grc' dir='ltr'>ἐπῆλθον</span> <span class='ocrx_word' id='word_1_683' title='bbox 2769 4959 3003 5034; x_wconf 79' lang='grc' dir='ltr'>στρατῷ,</span> <span class='ocrx_word' id='word_1_684' title='bbox 3088 4954 3180 5010; x_wconf 86' lang='grc' dir='ltr'><strong>καὶ</strong></span> <span class='ocrx_word' id='word_1_685' title='bbox 3262 4954 3548 5030; x_wconf 70' lang='grc' dir='ltr'>τρέπονται</span> <span class='ocrx_word' id='word_1_686' title='bbox 3617 4955 3827 5007; x_wconf 78' lang='grc' dir='ltr'>τοῦτον.</span> 
     </span>
    </p>
   </div>
   <div class='ocr_carea' id='block_1_103' title="bbox 1677 5060 2562 5123">
    <p class='ocr_par' dir='ltr' id='par_1_103' title="bbox 1677 5060 2562 5123">
     <span class='ocr_line' id='line_1_103' title="bbox 1677 5060 2562 5123; baseline -0.001 -1"><span class='ocrx_word' id='word_1_687' title='bbox 1677 5061 1882 5122; x_wconf 75' lang='lat' dir='ltr'><strong>Variae</strong></span> <span class='ocrx_word' id='word_1_688' title='bbox 1923 5060 2225 5123; x_wconf 87' lang='lat' dir='ltr'><strong>lectiones</strong></span> <span class='ocrx_word' id='word_1_689' title='bbox 2266 5068 2329 5122; x_wconf 90' lang='lat' dir='ltr'><strong>et</strong></span> <span class='ocrx_word' id='word_1_690' title='bbox 2371 5066 2562 5122; x_wconf 67' lang='lat' dir='ltr'><strong>notae.</strong></span> 
     </span>
    </p>
   </div>
   <div class='ocr_carea' id='block_1_104' title="bbox 413 5151 2059 5237">
    <p class='ocr_par' dir='ltr' id='par_1_104' title="bbox 413 5151 2059 5237">
     <span class='ocr_line' id='line_1_104' title="bbox 413 5151 2059 5237; baseline 0.005 -31"><span class='ocrx_word' id='word_1_691' title='bbox 413 5151 651 5237; x_wconf 76' lang='lat' dir='ltr'><strong>publica</strong></span> <span class='ocrx_word' id='word_1_692' title='bbox 665 5153 1074 5237; x_wconf 67' lang='lat' dir='ltr'><strong>benemeritis</strong></span> <span class='ocrx_word' id='word_1_693' title='bbox 1095 5154 1233 5211; x_wconf 90' lang='lat' dir='ltr'><strong>olim</strong></span> <span class='ocrx_word' id='word_1_694' title='bbox 1248 5156 1712 5212; x_wconf 86' lang='lat' dir='ltr'><strong>decernebantur</strong></span> <span class='ocrx_word' id='word_1_695' title='bbox 1734 5159 1804 5237; x_wconf 66' lang='lat' dir='ltr'><strong>in</strong></span> <span class='ocrx_word' id='word_1_696' title='bbox 1832 5164 2059 5227; x_wconf 82' lang='lat' dir='ltr'><strong>senatu,</strong></span> 
     </span>
    </p>
   </div>
   <div class='ocr_carea' id='block_1_105' title="bbox 420 5224 2064 5368">
    <p class='ocr_par' dir='ltr' id='par_1_105' title="bbox 420 5224 2064 5368">
     <span class='ocr_line' id='line_1_105' title="bbox 420 5224 2062 5298; baseline 0.004 -19"><span class='ocrx_word' id='word_1_697' title='bbox 420 5229 523 5279; x_wconf 90' lang='lat' dir='ltr'><strong>aut</strong></span> <span class='ocrx_word' id='word_1_698' title='bbox 571 5224 714 5281; x_wconf 90' lang='lat' dir='ltr'><strong>locis</strong></span> <span class='ocrx_word' id='word_1_699' title='bbox 762 5226 917 5293; x_wconf 87' lang='lat' dir='ltr'><strong>aliis,</strong></span> <span class='ocrx_word' id='word_1_700' title='bbox 970 5245 1084 5282; x_wconf 93' lang='lat' dir='ltr'><strong>non</strong></span> <span class='ocrx_word' id='word_1_701' title='bbox 1129 5246 1328 5283; x_wconf 88' lang='lat' dir='ltr'><strong>revera</strong></span> <span class='ocrx_word' id='word_1_702' title='bbox 1369 5245 1437 5284; x_wconf 84' lang='lat' dir='ltr'><strong>ex</strong></span> <span class='ocrx_word' id='word_1_703' title='bbox 1482 5246 1623 5283; x_wconf 88' lang='lat' dir='ltr'><strong>auro</strong></span> <span class='ocrx_word' id='word_1_704' title='bbox 1660 5232 1846 5286; x_wconf 89' lang='lat' dir='ltr'><strong>solido</strong></span> <span class='ocrx_word' id='word_1_705' title='bbox 1877 5224 2062 5298; x_wconf 78' lang='lat' dir='ltr'><strong>erant,</strong></span> 
     </span>
     <span class='ocr_line' id='line_1_106' title="bbox 421 5295 2064 5368; baseline 0.004 -17"><span class='ocrx_word' id='word_1_706' title='bbox 421 5295 523 5351; x_wconf 89' lang='lat' dir='ltr'><strong>sed</strong></span> <span class='ocrx_word' id='word_1_707' title='bbox 546 5312 715 5353; x_wconf 70' lang='lat' dir='ltr'><strong>aereae</strong></span> <span class='ocrx_word' id='word_1_708' title='bbox 759 5314 900 5354; x_wconf 88' lang='lat' dir='ltr'><strong>auro</strong></span> <span class='ocrx_word' id='word_1_709' title='bbox 938 5302 1265 5368; x_wconf 61' lang='lat' dir='ltr'><strong>superﬂuae,</strong></span> <span class='ocrx_word' id='word_1_710' title='bbox 1316 5308 1381 5355; x_wconf 89' lang='lat' dir='ltr'><strong>ut</strong></span> <span class='ocrx_word' id='word_1_711' title='bbox 1428 5307 1518 5355; x_wconf 87' lang='lat' dir='ltr'><strong>est</strong></span> <span class='ocrx_word' id='word_1_712' title='bbox 1558 5300 1614 5355; x_wconf 90' lang='lat' dir='ltr'><strong>in</strong></span> <span class='ocrx_word' id='word_1_713' title='bbox 1647 5304 1821 5358; x_wconf 82' lang='lat' dir='ltr'><strong>veteri</strong></span> <span class='ocrx_word' id='word_1_714' title='bbox 1857 5303 2064 5358; x_wconf 82' lang='lat' dir='ltr'><strong>inscri-</strong></span> 
     </span>
    </p>
   </div>
   <div class='ocr_carea' id='block_1_106' title="bbox 420 5316 2060 5443">
    <p class='ocr_par' dir='ltr' id='par_1_106' title="bbox 420 5316 2060 5443">
     <span class='ocr_line' id='line_1_107' title="bbox 421 5316 2060 5370; baseline 0.004 -19"><span class='ocrx_word' id='word_1_715' title='bbox 421 5316 523 5351; x_wconf 85' lang='lat' dir='ltr'><strong>seu</strong></span> <span class='ocrx_word' id='word_1_716' title='bbox 546 5316 715 5353; x_wconf 64' lang='lat' dir='ltr'><strong>aerea:</strong></span> <span class='ocrx_word' id='word_1_717' title='bbox 759 5316 900 5354; x_wconf 87' lang='lat' dir='ltr'><strong>auro</strong></span> <span class='ocrx_word' id='word_1_718' title='bbox 938 5316 1265 5370; x_wconf 59' lang='lat' dir='ltr'><strong>superfusae,</strong></span> <span class='ocrx_word' id='word_1_719' title='bbox 1316 5316 1381 5355; x_wconf 82' lang='lat' dir='ltr'><strong>ut</strong></span> <span class='ocrx_word' id='word_1_720' title='bbox 1428 5316 1518 5355; x_wconf 77' lang='lat' dir='ltr'><strong>eet</strong></span> <span class='ocrx_word' id='word_1_721' title='bbox 1558 5317 1614 5355; x_wconf 80' lang='lat' dir='ltr'><strong>in</strong></span> <span class='ocrx_word' id='word_1_722' title='bbox 1647 5316 1821 5358; x_wconf 80' lang='lat' dir='ltr'><strong>veteri</strong></span> <span class='ocrx_word' id='word_1_723' title='bbox 1857 5320 2060 5358; x_wconf 79' lang='lat' dir='ltr'><strong>inscri-</strong></span> 
     </span>
     <span class='ocr_line' id='line_1_108' title="bbox 420 5367 2060 5443; baseline 0.005 -22"><span class='ocrx_word' id='word_1_724' title='bbox 420 5367 621 5443; x_wconf 84' lang='lat' dir='ltr'><strong>ptione</strong></span> <span class='ocrx_word' id='word_1_725' title='bbox 669 5370 794 5443; x_wconf 87' lang='lat'><strong>353,</strong></span> <span class='ocrx_word' id='word_1_726' title='bbox 854 5371 906 5440; x_wconf 78' lang='grc'><strong>4,</strong></span> <span class='ocrx_word' id='word_1_727' title='bbox 954 5387 1092 5427; x_wconf 87' lang='lat' dir='ltr'><strong>auro</strong></span> <span class='ocrx_word' id='word_1_728' title='bbox 1141 5373 1405 5437; x_wconf 72' lang='lat' dir='ltr'><strong>illustres,</strong></span> <span class='ocrx_word' id='word_1_729' title='bbox 1458 5378 1521 5427; x_wconf 92' lang='lat' dir='ltr'><strong>ut</strong></span> <span class='ocrx_word' id='word_1_730' title='bbox 1567 5372 1627 5427; x_wconf 92' lang='lat' dir='ltr'><strong>in</strong></span> <span class='ocrx_word' id='word_1_731' title='bbox 1677 5375 1791 5429; x_wconf 87' lang='lat' dir='ltr'><strong>alia</strong></span> <span class='ocrx_word' id='word_1_732' title='bbox 1838 5376 2060 5443; x_wconf 83' lang='lat'><strong>370,3:</strong></span> 
     </span>
    </p>
   </div>
   <div class='ocr_carea' id='block_1_107' title="bbox 422 5441 2065 5526">
    <p class='ocr_par' dir='ltr' id='par_1_107' title="bbox 422 5441 2065 5526">
     <span class='ocr_line' id='line_1_109' title="bbox 422 5441 2065 5526; baseline 0.005 -34"><span class='ocrx_word' id='word_1_733' title='bbox 422 5441 577 5526; x_wconf 66' lang='lat' dir='ltr'><strong>quod</strong></span> <span class='ocrx_word' id='word_1_734' title='bbox 636 5442 799 5526; x_wconf 33' lang='lat' dir='ltr'><strong>satis.</strong></span> <span class='ocrx_word' id='word_1_735' title='bbox 837 5447 1134 5526; x_wconf 41' lang='lat' dir='ltr'><strong>prgtere‘a‘</strong></span> <span class='ocrx_word' id='word_1_736' title='bbox 1183 5443 1378 5499; x_wconf 89' lang='lat' dir='ltr'><strong>innuit</strong></span> <span class='ocrx_word' id='word_1_737' title='bbox 1422 5444 1696 5526; x_wconf 44' lang='lat' dir='ltr'><strong>.Isidorus</strong></span> <span class='ocrx_word' id='word_1_738' title='bbox 1750 5441 2065 5526; x_wconf 43' lang='lat' dir='ltr'><strong>Pel‘usiOta,</strong></span> 
     </span>
    </p>
   </div>
   <div class='ocr_carea' id='block_1_108' title="bbox 422 5510 2061 5605">
    <p class='ocr_par' dir='ltr' id='par_1_108' title="bbox 422 5510 2061 5605">
     <span class='ocr_line' id='line_1_110' title="bbox 422 5510 2061 5605; baseline 0.005 -41"><span class='ocrx_word' id='word_1_739' title='bbox 422 5510 598 5605; x_wconf 33' lang='lat' dir='ltr'><strong>libri,</strong></span> <span class='ocrx_word' id='word_1_740' title='bbox 657 5510 1176 5605; x_wconf 47' lang='lat' dir='ltr'><strong>’ep‘ist.&quot;39§;nlib.</strong></span> <span class='ocrx_word' id='word_1_741' title='bbox 1230 5514 1515 5605; x_wconf 59' lang='lat' dir='ltr'><strong>Inmepist.</strong></span> <span class='ocrx_word' id='word_1_742' title='bbox 1560 5518 1790 5605; x_wconf 34' lang='lat'><strong>286,1}</strong></span> <span class='ocrx_word' id='word_1_743' title='bbox 1840 5517 1939 5573; x_wconf 84' lang='lat' dir='ltr'><strong>lib.</strong></span> <span class='ocrx_word' id='word_1_744' title='bbox 1976 5510 2061 5589; x_wconf 77' lang='lat' dir='ltr'><strong>In,</strong></span> 
     </span>
    </p>
   </div>
   <div class='ocr_carea' id='block_1_109' title="bbox 421 5584 2065 5783">
    <p class='ocr_par' dir='ltr' id='par_1_109' title="bbox 421 5584 2065 5783">
     <span class='ocr_line' id='line_1_111' title="bbox 423 5584 2065 5658; baseline 0.005 -20"><span class='ocrx_word' id='word_1_745' title='bbox 423 5584 595 5654; x_wconf 90' lang='lat' dir='ltr'><strong>epist.</strong></span> <span class='ocrx_word' id='word_1_746' title='bbox 647 5584 770 5640; x_wconf 72' lang='grc'><strong>411.</strong></span> <span class='ocrx_word' id='word_1_747' title='bbox 824 5590 885 5640; x_wconf 92' lang='lat' dir='ltr'><strong>In</strong></span> <span class='ocrx_word' id='word_1_748' title='bbox 935 5587 1245 5658; x_wconf 82' lang='lat' dir='ltr'><strong>Antholog.</strong></span> <span class='ocrx_word' id='word_1_749' title='bbox 1289 5584 1399 5642; x_wconf 48' lang='lat' dir='ltr'><strong>lib.—</strong></span> <span class='ocrx_word' id='word_1_750' title='bbox 1425 5604 1499 5656; x_wconf 80' lang='lat' dir='ltr'><strong>1v,</strong></span> <span class='ocrx_word' id='word_1_751' title='bbox 1562 5590 1637 5643; x_wconf 85' lang='lat' dir='ltr'><strong>De</strong></span> <span class='ocrx_word' id='word_1_752' title='bbox 1665 5589 1859 5644; x_wconf 78' lang='lat' dir='ltr'><strong>Statua</strong></span> <span class='ocrx_word' id='word_1_753' title='bbox 1887 5584 2065 5646; x_wconf 73' lang='lat' dir='ltr'><strong>aured</strong></span> 
     </span>
     <span class='ocr_line' id='line_1_112' title="bbox 421 5654 2062 5732; baseline 0.006 -24"><span class='ocrx_word' id='word_1_754' title='bbox 421 5655 757 5711; x_wconf 75' lang='lat' dir='ltr'><strong>Aureliani:</strong></span> <span class='ocrx_word' id='word_1_755' title='bbox 787 5657 833 5712; x_wconf 88' lang='lat' dir='ltr'><strong>X</strong></span> <span class='ocrx_word' id='word_1_756' title='bbox 871 5656 1026 5719; x_wconf 83' lang='grc' dir='ltr'>ύσεος</span> <span class='ocrx_word' id='word_1_757' title='bbox 1064 5654 1286 5727; x_wconf 74' lang='grc' dir='ltr'>ἕστηκεν</span> <span class='ocrx_word' id='word_1_758' title='bbox 1341 5655 1710 5732; x_wconf 83' lang='grc' dir='ltr'>Δύρηλιανός.</span> <span class='ocrx_word' id='word_1_759' title='bbox 1764 5662 2062 5727; x_wconf 84' lang='lat' dir='ltr'><strong>Quomodo</strong></span> 
     </span>
     <span class='ocr_line' id='line_1_113' title="bbox 422 5677 1104 5783; baseline 0.004 -3"><span class='ocrx_word' id='word_1_760' title='bbox 422 5725 727 5783; x_wconf 69' lang='lat' dir='ltr'><strong>Virgilius.</strong></span> <span class='ocrx_word' id='word_1_761' title='bbox 760 5677 954 5783; x_wconf 50' lang='lat' dir='ltr'><strong>choa.</strong></span> <span class='ocrx_word' id='word_1_762' title='bbox 984 5747 1063 5783; x_wconf 85' lang='lat' dir='ltr'><strong>vn</strong></span> <span class='ocrx_word' id='word_1_763' title='bbox 1091 5748 1104 5783; x_wconf 88' lang='lat'><strong>:</strong></span> 
     </span>
    </p>
   </div>
   <div class='ocr_carea' id='block_1_110' title="bbox 475 5742 1104 5801">
    <p class='ocr_par' dir='ltr' id='par_1_110' title="bbox 475 5742 1104 5801">
     <span class='ocr_line' id='line_1_114' title="bbox 475 5742 1104 5801; baseline 0.01 -22"><span class='ocrx_word' id='word_1_764' title='bbox 475 5742 727 5798; x_wconf 81' lang='lat' dir='ltr'><strong>irgmus,</strong></span> <span class='ocrx_word' id='word_1_765' title='bbox 760 5742 954 5801; x_wconf 66' lang='lat' dir='ltr'><strong>melog.</strong></span> <span class='ocrx_word' id='word_1_766' title='bbox 984 5747 1063 5786; x_wconf 85' lang='lat' dir='ltr'><strong>vu</strong></span> <span class='ocrx_word' id='word_1_767' title='bbox 1091 5748 1104 5785; x_wconf 87' lang='lat'><strong>:</strong></span> 
     </span>
    </p>
   </div>
   <div class='ocr_carea' id='block_1_111' title="bbox 498 5816 2065 5895">
    <p class='ocr_par' dir='ltr' id='par_1_111' title="bbox 498 5816 2065 5895">
     <span class='ocr_line' id='line_1_115' title="bbox 498 5816 2065 5895; baseline 0.005 -24"><span class='ocrx_word' id='word_1_768' title='bbox 498 5816 647 5873; x_wconf 84' lang='lat' dir='ltr'><strong>Nunc</strong></span> <span class='ocrx_word' id='word_1_769' title='bbox 669 5824 718 5875; x_wconf 77' lang='lat' dir='ltr'><strong>te</strong></span> <span class='ocrx_word' id='word_1_770' title='bbox 738 5834 1114 5878; x_wconf 84' lang='lat' dir='ltr'><strong>marmoreum</strong></span> <span class='ocrx_word' id='word_1_771' title='bbox 1136 5835 1239 5893; x_wconf 82' lang='lat' dir='ltr'><strong>pro</strong></span> <span class='ocrx_word' id='word_1_772' title='bbox 1267 5822 1517 5892; x_wconf 81' lang='lat' dir='ltr'><strong>tempore</strong></span> <span class='ocrx_word' id='word_1_773' title='bbox 1541 5818 1815 5891; x_wconf 71' lang='lat' dir='ltr'><strong>fecimus:</strong></span> <span class='ocrx_word' id='word_1_774' title='bbox 1861 5827 1924 5880; x_wconf 75' lang='lat' dir='ltr'><strong>at</strong></span> <span class='ocrx_word' id='word_1_775' title='bbox 1977 5829 2065 5895; x_wconf 71' lang='lat' dir='ltr'><strong>tu,</strong></span> 
     </span>
    </p>
   </div>
   <div class='ocr_carea' id='block_1_112' title="bbox 2243 5153 3592 5230">
    <p class='ocr_par' dir='ltr' id='par_1_112' title="bbox 2243 5153 3592 5230">
     <span class='ocr_line' id='line_1_116' title="bbox 2243 5153 3592 5230; baseline -0.005 -15"><span class='ocrx_word' id='word_1_776' title='bbox 2243 5160 2309 5215; x_wconf 82' lang='lat' dir='ltr'><strong>Si</strong></span> <span class='ocrx_word' id='word_1_777' title='bbox 2331 5161 2561 5230; x_wconf 78' lang='lat' dir='ltr'><strong>fortuna</strong></span> <span class='ocrx_word' id='word_1_778' title='bbox 2593 5172 2807 5230; x_wconf 75' lang='lat' dir='ltr'><strong>gregem</strong></span> <span class='ocrx_word' id='word_1_779' title='bbox 2834 5153 3198 5227; x_wconf 78' lang='lat' dir='ltr'><strong>suppleverit,</strong></span> <span class='ocrx_word' id='word_1_780' title='bbox 3228 5168 3433 5209; x_wconf 72' lang='lat' dir='ltr'><strong>aureus</strong></span> <span class='ocrx_word' id='word_1_781' title='bbox 3462 5156 3592 5209; x_wconf 77' lang='lat' dir='ltr'><strong>esto.</strong></span> 
     </span>
    </p>
   </div>
   <div class='ocr_carea' id='block_1_113' title="bbox 2174 5240 3829 5318">
    <p class='ocr_par' dir='ltr' id='par_1_113' title="bbox 2174 5240 3829 5318">
     <span class='ocr_line' id='line_1_117' title="bbox 2174 5240 3829 5318; baseline 0.001 -19"><span class='ocrx_word' id='word_1_782' title='bbox 2174 5249 2263 5318; x_wconf 83' lang='lat' dir='ltr'><strong>Ita</strong></span> <span class='ocrx_word' id='word_1_783' title='bbox 2290 5247 2446 5318; x_wconf 91' lang='lat' dir='ltr'><strong>apud</strong></span> <span class='ocrx_word' id='word_1_784' title='bbox 2474 5245 3126 5318; x_wconf 79' lang='lat' dir='ltr'><strong>Harpocrationem,_de</strong></span> <span class='ocrx_word' id='word_1_785' title='bbox 3152 5242 3407 5318; x_wconf 82' lang='lat' dir='ltr'><strong>quodam</strong></span> <span class='ocrx_word' id='word_1_786' title='bbox 3438 5240 3829 5318; x_wconf 66' lang='lat' dir='ltr'><strong>Epicrate,°Qc</strong></span> 
     </span>
    </p>
   </div>
   <div class='ocr_carea' id='block_1_114' title="bbox 2174 5264 3823 5445">
    <p class='ocr_par' dir='ltr' id='par_1_114' title="bbox 2174 5264 3823 5445">
     <span class='ocr_line' id='line_1_118' title="bbox 2174 5264 3823 5318; baseline -0.002 -19"><span class='ocrx_word' id='word_1_787' title='bbox 2174 5264 2260 5301; x_wconf 77' lang='lat' dir='ltr'><strong>ua</strong></span> <span class='ocrx_word' id='word_1_788' title='bbox 2290 5264 2446 5318; x_wconf 82' lang='lat' dir='ltr'><strong>apua</strong></span> <span class='ocrx_word' id='word_1_789' title='bbox 2477 5264 2593 5302; x_wconf 81' lang='lat' dir='ltr'><strong>nar</strong></span> <span class='ocrx_word' id='word_1_790' title='bbox 2636 5264 3020 5313; x_wconf 82' lang='lat' dir='ltr'><strong>ocrauonem,</strong></span> <span class='ocrx_word' id='word_1_791' title='bbox 3055 5264 3126 5300; x_wconf 84' lang='lat' dir='ltr'><strong>ac</strong></span> <span class='ocrx_word' id='word_1_792' title='bbox 3152 5264 3407 5315; x_wconf 75' lang='lat' dir='ltr'><strong>quonam</strong></span> <span class='ocrx_word' id='word_1_793' title='bbox 3438 5264 3723 5312; x_wconf 72' lang='lat' dir='ltr'><strong>npicraw,</strong></span> <span class='ocrx_word' id='word_1_794' title='bbox 3753 5264 3823 5301; x_wconf 79' lang='grc' dir='ltr'><strong>υς</strong></span> 
     </span>
     <span class='ocr_line' id='line_1_119' title="bbox 2218 5264 3823 5387; baseline -0.004 -16"><span class='ocrx_word' id='word_1_795' title='bbox 2218 5316 2417 5383; x_wconf 77' lang='grc' dir='ltr'>αλκοὺς</span> <span class='ocrx_word' id='word_1_796' title='bbox 2469 5264 2658 5386; x_wconf 44' lang='grc' dir='ltr'>ἐστάθη</span> <span class='ocrx_word' id='word_1_797' title='bbox 2711 5314 2800 5371; x_wconf 77' lang='grc' dir='ltr'><strong>διὰ</strong></span> <span class='ocrx_word' id='word_1_798' title='bbox 2843 5315 2935 5371; x_wconf 86' lang='grc' dir='ltr'><strong>τὸν</strong></span> <span class='ocrx_word' id='word_1_799' title='bbox 2985 5314 3152 5387; x_wconf 90' lang='grc' dir='ltr'>νόμον</span> <span class='ocrx_word' id='word_1_800' title='bbox 3207 5312 3299 5366; x_wconf 87' lang='grc' dir='ltr'><strong>τὸν</strong></span> <span class='ocrx_word' id='word_1_801' title='bbox 3355 5311 3480 5387; x_wconf 85' lang='grc' dir='ltr'>περὶ</span> <span class='ocrx_word' id='word_1_802' title='bbox 3538 5316 3648 5366; x_wconf 83' lang='grc' dir='ltr'><strong>τῶν</strong></span> <span class='ocrx_word' id='word_1_803' title='bbox 3689 5310 3823 5387; x_wconf 78' lang='grc' dir='ltr'><strong>ἐφή-</strong></span> 
     </span>
     <span class='ocr_line' id='line_1_120' title="bbox 2174 5335 3821 5445; baseline -0.004 0"><span class='ocrx_word' id='word_1_804' title='bbox 2174 5335 2309 5445; x_wconf 57' lang='grc' dir='ltr'>ἒων.</span> <span class='ocrx_word' id='word_1_805' title='bbox 2344 5393 2397 5445; x_wconf 87' lang='lat' dir='ltr'><strong>id</strong></span> <span class='ocrx_word' id='word_1_806' title='bbox 2432 5397 2543 5445; x_wconf 87' lang='lat' dir='ltr'><strong>est.</strong></span> <span class='ocrx_word' id='word_1_807' title='bbox 2571 5407 2714 5445; x_wconf 69' lang='lat' dir='ltr'><strong>aerea</strong></span> <span class='ocrx_word' id='word_1_808' title='bbox 2742 5394 2933 5445; x_wconf 78' lang='lat' dir='ltr'><strong>statua</strong></span> <span class='ocrx_word' id='word_1_809' title='bbox 2974 5389 3214 5445; x_wconf 71' lang='lat' dir='ltr'><strong>donatus</strong></span> <span class='ocrx_word' id='word_1_810' title='bbox 3238 5389 3440 5445; x_wconf 76' lang='lat' dir='ltr'><strong>fuerat.</strong></span> <span class='ocrx_word' id='word_1_811' title='bbox 3475 5385 3621 5440; x_wconf 85' lang='lat' dir='ltr'><strong>Vide</strong></span> <span class='ocrx_word' id='word_1_812' title='bbox 3650 5383 3821 5440; x_wconf 82' lang='lat' dir='ltr'><strong>Chro-</strong></span> 
     </span>
    </p>
   </div>
   <div class='ocr_carea' id='block_1_115' title="bbox 2213 5383 3898 5467">
    <p class='ocr_par' dir='ltr' id='par_1_115' title="bbox 2213 5383 3898 5467">
     <span class='ocr_line' id='line_1_121' title="bbox 2213 5383 3898 5467; baseline -0.002 -25"><span class='ocrx_word' id='word_1_813' title='bbox 2213 5383 2309 5467; x_wconf 71' lang='grc' dir='ltr'>ων,</span> <span class='ocrx_word' id='word_1_814' title='bbox 2344 5393 2399 5467; x_wconf 80' lang='lat' dir='ltr'><strong>id</strong></span> <span class='ocrx_word' id='word_1_815' title='bbox 2420 5397 2543 5467; x_wconf 80' lang='lat' dir='ltr'><strong>est,</strong></span> <span class='ocrx_word' id='word_1_816' title='bbox 2571 5383 2714 5467; x_wconf 56' lang='lat' dir='ltr'><strong>terra</strong></span> <span class='ocrx_word' id='word_1_817' title='bbox 2742 5394 2933 5445; x_wconf 78' lang='lat' dir='ltr'><strong>statua</strong></span> <span class='ocrx_word' id='word_1_818' title='bbox 2974 5383 3214 5467; x_wconf 46' lang='lat' dir='ltr'><strong>donatus</strong></span> <span class='ocrx_word' id='word_1_819' title='bbox 3238 5383 3452 5467; x_wconf 29' lang='lat' dir='ltr'><strong>fuerat,</strong></span> <span class='ocrx_word' id='word_1_820' title='bbox 3464 5385 3621 5467; x_wconf 33' lang='lat' dir='ltr'><strong>_Vid.e</strong></span> <span class='ocrx_word' id='word_1_821' title='bbox 3650 5383 3821 5467; x_wconf 60' lang='lat' dir='ltr'><strong>Ch&#39;rg:</strong></span> <span class='ocrx_word' id='word_1_822' title='bbox 3892 5434 3898 5439; x_wconf 87' lang='lat'><strong>.</strong></span> 
     </span>
    </p>
   </div>
   <div class='ocr_carea' id='block_1_116' title="bbox 2171 5456 3823 5532">
    <p class='ocr_par' dir='ltr' id='par_1_116' title="bbox 2171 5456 3823 5532">
     <span class='ocr_line' id='line_1_122' title="bbox 2171 5456 3823 5532; baseline -0.006 -13"><span class='ocrx_word' id='word_1_823' title='bbox 2171 5456 2334 5519; x_wconf 28' lang='lat' dir='ltr'><strong>nico-:2</strong></span> <span class='ocrx_word' id='word_1_824' title='bbox 2366 5456 2825 5532; x_wconf 71' lang='lat' dir='ltr'><strong>Alexandrinum,</strong></span> <span class='ocrx_word' id='word_1_825' title='bbox 2859 5479 2955 5518; x_wconf 89' lang='lat' dir='ltr'><strong>an.</strong></span> <span class='ocrx_word' id='word_1_826' title='bbox 2990 5462 3057 5515; x_wconf 91' lang='grc'><strong>10</strong></span> <span class='ocrx_word' id='word_1_827' title='bbox 3086 5456 3400 5514; x_wconf 89' lang='lat' dir='ltr'><strong>Theodosii</strong></span> <span class='ocrx_word' id='word_1_828' title='bbox 3432 5456 3505 5512; x_wconf 85' lang='lat' dir='ltr'><strong>M.</strong></span> <span class='ocrx_word' id='word_1_829' title='bbox 3539 5462 3597 5513; x_wconf 89' lang='lat' dir='ltr'><strong>et</strong></span> <span class='ocrx_word' id='word_1_830' title='bbox 3626 5472 3722 5512; x_wconf 85' lang='lat' dir='ltr'><strong>an.</strong></span> <span class='ocrx_word' id='word_1_831' title='bbox 3753 5456 3823 5510; x_wconf 89' lang='lat'><strong>36</strong></span> 
     </span>
    </p>
   </div>
   <div class='ocr_carea' id='block_1_117' title="bbox 2175 5534 2657 5593">
    <p class='ocr_par' dir='ltr' id='par_1_117' title="bbox 2175 5534 2657 5593">
     <span class='ocr_line' id='line_1_123' title="bbox 2175 5534 2657 5593; baseline -0.008 0"><span class='ocrx_word' id='word_1_832' title='bbox 2175 5534 2490 5593; x_wconf 89' lang='lat' dir='ltr'><strong>Theodosii</strong></span> <span class='ocrx_word' id='word_1_833' title='bbox 2519 5535 2657 5590; x_wconf 88' lang='lat' dir='ltr'><strong>Jun.</strong></span> 
     </span>
    </p>
   </div>
   <div class='ocr_carea' id='block_1_118' title="bbox 2246 5598 3827 5678">
    <p class='ocr_par' dir='ltr' id='par_1_118' title="bbox 2246 5598 3827 5678">
     <span class='ocr_line' id='line_1_124' title="bbox 2246 5598 3827 5678; baseline -0.005 -17"><span class='ocrx_word' id='word_1_834' title='bbox 2246 5607 2356 5677; x_wconf 81' lang='grc'><strong>(46)</strong></span> <span class='ocrx_word' id='word_1_835' title='bbox 2392 5606 2475 5661; x_wconf 86' lang='grc' dir='ltr'>Ἐν</span> <span class='ocrx_word' id='word_1_836' title='bbox 2506 5609 2586 5678; x_wconf 83' lang='grc' dir='ltr'>τῷ</span> <span class='ocrx_word' id='word_1_837' title='bbox 2620 5602 2755 5678; x_wconf 63' lang='grc' dir='ltr'>οἴκῳ</span> <span class='ocrx_word' id='word_1_838' title='bbox 2782 5603 3202 5678; x_wconf 35' lang='grc' dir='ltr'>τοῢιΚαριαΪ-οῖξ.</span> <span class='ocrx_word' id='word_1_839' title='bbox 3234 5599 3468 5678; x_wconf 78' lang='lat' dir='ltr'><strong>Nicetes</strong></span> <span class='ocrx_word' id='word_1_840' title='bbox 3501 5598 3827 5678; x_wconf 74' lang='lat' dir='ltr'><strong>Paphlago,</strong></span> 
     </span>
    </p>
   </div>
   <div class='ocr_carea' id='block_1_119' title="bbox 2173 5671 3828 5753">
    <p class='ocr_par' dir='ltr' id='par_1_119' title="bbox 2173 5671 3828 5753">
     <span class='ocr_line' id='line_1_125' title="bbox 2173 5671 3828 5753; baseline -0.004 -21"><span class='ocrx_word' id='word_1_841' title='bbox 2173 5676 2225 5733; x_wconf 77' lang='grc' dir='ltr'>ἐν</span> <span class='ocrx_word' id='word_1_842' title='bbox 2254 5671 2668 5753; x_wconf 45' lang='lat' dir='ltr'><strong>10i&#39;c_Kaptoiv0i3</strong></span> <span class='ocrx_word' id='word_1_843' title='bbox 2702 5671 3046 5752; x_wconf 75' lang='grc' dir='ltr'>λεγομένοις.</span> <span class='ocrx_word' id='word_1_844' title='bbox 3074 5673 3221 5729; x_wconf 84' lang='lat' dir='ltr'><strong>Vide</strong></span> <span class='ocrx_word' id='word_1_845' title='bbox 3258 5676 3522 5730; x_wconf 87' lang='lat' dir='ltr'><strong>nostram</strong></span> <span class='ocrx_word' id='word_1_846' title='bbox 3565 5671 3828 5728; x_wconf 73' lang='lat' dir='ltr'><strong>Constan-</strong></span> 
     </span>
    </p>
   </div>
   <div class='ocr_carea' id='block_1_120' title="bbox 2172 5751 2716 5824">
    <p class='ocr_par' dir='ltr' id='par_1_120' title="bbox 2172 5751 2716 5824">
     <span class='ocr_line' id='line_1_126' title="bbox 2172 5751 2716 5824; baseline -0.007 -15"><span class='ocrx_word' id='word_1_847' title='bbox 2172 5751 2492 5824; x_wconf 58' lang='lat' dir='ltr'><strong>tinopolim.</strong></span> <span class='ocrx_word' id='word_1_848' title='bbox 2510 5751 2716 5807; x_wconf 74' lang='lat' dir='ltr'><strong>Christ.</strong></span> 
     </span>
    </p>
   </div>
  </div>
