4156 6214
336 418 411 475 Si

1665 416 2086 478 ANNALIUM
2128 415 2275 477 LIB.
2324 416 2484 477 XVI.

3693 384 3783 473 22'

322 544 500 602 Ἦλω
537 543 589 600 δ’
646 545 708 601 ’ἂν
763 545 855 600 καὶ
917 546 946 601 6
1002 543 1277 621 βασιλεὺς.
1332 547 1376 601 εἰ
1423 548 1499 619 μὴ
1531 547 1832 622 μάγιστρος
1887 550 1986 602 Μαι

2122 548 2394 620 princeps
2427 552 2604 604 Amer
2644 547 2821 603 cadit.
2855 546 3037 617 Cujus
3069 545 3231 601 {ilius
3279 544 3380 616 qui
3428 534 3624 616 préelio
3653 560 3770 600 non

316 633 554 707 νουὴλ,
618 639 730 690 τῶν
790 634 1018 711 σχολῶν
1075 636 1358 711 τυγχάνων
1422 633 1741 708 δομὲστικος
1773 681 1786 694 .
1848 633 1986 690 αὐτὸε

2119 635 2403 692 intererat
2434 637 2778 708 (praedatum
2803 636 2958 693 enim
2981 634 3240 705 exierat),
3273 633 3438 688 clado
3469 632 3773 705 patrisque

327 721 673 781 διὲσωσατο.
733 725 803 782 Οἱ
861 721 911 778 δ’
961 723 1188 779 ἐναντίοι
1238 728 1530 787 κακοῦντες
1585 724 1653 779 τὰ
1705 729 1815 779 τῶν
1874 725 2005 779 Ῥω-

328 813 520 885 μαίων
589 811 693 868 ούκ
749 811 993 888 ἔληγον.
1054 811 1348 869 Στέλλεται
1405 818 1536 889 γοὸν
1577 815 1693 868 κατ’
1741 813 1915 868 αὑτῶν
1977 814 2006 867 6

321 907 426 956 τοῦ
486 902 770 975 βασιλέως
833 900 1220 980 μητράδελφος
1270 904 1298 957 6
1352 908 1639 977 Πετρωνᾶς
1691 904 1827 976 μετᾶ
1874 908 2004 956 Ῥω-

325 995 555 1063 μαϊκῶν
610 988 897 1065 δυνάμεων
964 991 1150 1053 αὑτοῖς
1226 991 1618 1062 ἀντιτάξασθαι.
1679 994 1742 1048 Ὀ
1791 989 1849 1046 δὲ
1906 990 2006 1046 οὐκ

318 1079 552 1155 ἐθάρρει
609 1081 711 1148 τὴν
770 1074 1083 1153 συμϐολὴν,
1146 1078 1273 1134 ἀλλ’
1338 1078 1544 1135 ἑδειλία
1588 1081 1682 1135 τὸν
1733 1080 2000 1153 πόλεμον.

316 1170 532 1233 Μαθὼν
596 1168 692 1224 οὖν
748 1168 802 1224 ἐν
859 1164 971 1246 ὄρει
1030 1169 1137 1224 τινὶ
1198 1170 1443 1245 μοναχὸν
1484 1169 1841 1243 ἀσκούμενον,
1900 1170 2000 1238 τὴν

315 1260 531 1333 ἀρετὴν
618 1255 945 1330 διαϐόητον,
1015 1257 1107 1313 καὶ
1190 1262 1514 1334 προορῶντα
1579 1258 1646 1313 τά
1705 1257 1998 1329 μέλλοντα,

316 1345 506 1404 ἄπεισι
578 1349 720 1422 πρὸς
780 1347 970 1418 αὐτὸν,
1018 1347 1108 1401 καὶ
1162 1346 1339 1422 ἐρωτᾳ
1387 1347 1432 1402 εἰ
1461 1352 1541 1421 τῷ
1578 1345 1814 1419 πολέμῳ
1880 1347 1998 1402 ἑπι-

318 1438 619 1511 χειρτξσειε
646 1455 661 1504 ;
692 1436 785 1490 καὶ
812 1437 871 1498 ὃς
923 1434 1222 1509 ἐπιτρέπει,
1268 1437 1358 1491 καὶ
1406 1436 1558 1507 νίκην
1625 1437 1775 1507 αὗτῷ
1830 1434 1998 1511 ἐπαγ-

319 1521 617 1598 γίλλεται.
656 1524 907 1594 Ἀπῆλθε
941 1523 1122 1578 τοίνυν
1150 1525 1178 1579 6
1217 1525 1524 1597 Ηετρωνάς,
1555 1525 1644 1580 καὶ
1697 1529 1815 1588 τοῖς
1844 1524 1996 1579 ἐναν·

318 1613 457 1673 τίοις
511 1608 860 1689 προσέϐαλε,
892 1612 983 1667 καὶ
1012 1615 1236 1681 ἡττᾶται
1284 1613 1380 1686 μὶν
1426 1616 1461 1683 ἠ
1509 1618 1618 1668 τῶν
1675 1614 1996 1687 Ἀγαρηνῶν

333 1702 583 1774 στρατιὰ,
618 1701 807 1756 πίπτει
868 1698 928 1756 δὲ
982 1702 1010 1755 6
1066 1700 1266 1771 ταύτης
1320 1701 1612 1777 κατάρχων
1673 1707 1867 1777 ’¹Λμερ.
1937 1702 1997 1758 Ὁ

335 1789 381 1845 δὲ
424 1791 649 1846 τούτου
723 1792 841 1854 υἱός
918 1790 977 1846 ἐκ
1047 1796 1146 1847 τοῦ
1216 1789 1467 1865 πολέμου
1537 1792 1690 1847 ἀπών
1741 1790 1840 1864 (εἰς
1889 1790 1994 1867 γὰρ

2120 726 2360 781 interitu
2395 727 2652 799 cognito,
2684 726 2886 798 fugam
2924 724 3204 795 capessit,
3234 738 3267 777 ο
3294 737 3415 793 qua
3442 725 3639 776 tamen
3675 736 3771 777 re-

2114 817 2344 870 tractus
2375 820 2484 883 est,
2518 820 2576 871 et
2621 814 2756 871 duci
2792 814 3069 877 traditus.
3107 813 3309 867 Fertur
3348 814 3547 866 autem
3591 816 3771 866 Amer

2114 907 2248 958 ante
2279 919 2537 976 pugnam
2572 904 2723 961 hanc
2752 920 2783 960 e
2830 902 3053 974 captivo
3086 900 3339 973 quodam
3372 903 3767 971 percontatus,

2113 992 2410 1063 quomodo
2459 997 2787 1049 castrorum
2847 990 3012 1047 locus
3061 988 3410 1046 vocaretur?
3449 991 3515 1043 ut
3573 988 3766 1044 amnis

2113 1080 2513 1152 praeterfluens
2542 1082 2834 1138 diceretur
2857 1081 2886 1135 ?
2930 1096 3058 1151 quae
3097 1079 3203 1134 toti
3235 1078 3286 1133 ei
3320 1077 3544 1150 regioni
3575 1077 3768 1133 indita

2109 1186 2240 1227 esse
2286 1170 2604 1243 appellatio
2642 1172 2670 1226 ‘I
2725 1174 2868 1226 Cum
2928 1175 3127 1225 autem
3185 1168 3284 1223 ille
3339 1166 3765 1238 respondisset,

2110 1259 2408 1331 regionem
2480 1260 2882 1328 Lalacaonem,
2944 1257 3081 1314 valli
3146 1258 3339 1314 locum
3398 1259 3761 1326 Ptosantem,

2109 1348 2354 1404 ﬂuvium
2415 1349 2625 1421 Gyrem
2686 1348 3018 1421 appellari:
3078 1347 3274 1401 omine
3331 1359 3362 1400 e
3417 1343 3763 1400 nominibus

2109 1442 2347 1508 sumpto
2377 1438 2620 1503 dixisse.
2652 1438 3091 1509 inauspicatum
3124 1436 3236 1490 sibi
3264 1432 3402 1489 belli
3445 1432 3665 1488 exitum
3686 1432 3761 1488 iis

2105 1524 2406 1582 vocabulis
2438 1526 2725 1597 portendi.
2759 1526 2906 1581 Nam
2956 1524 3357 1591 Lalacaonem,
3389 1523 3582 1593 populi
3607 1522 3759 1592 afﬂi-

2105 1616 2384 1670 ctionem:
2462 1615 2820 1681 Ptosantem,
2875 1630 3062 1669 casum
3127 1610 3669 1683 interpretabatur:
3728 1627 3760 1666 e

2106 1703 2268 1758 ﬂuvii
2297 1708 2493 1759 autem
2528 1704 2764 1759 nomine
2795 1719 2934 1759 suos
2965 1703 3036 1757 ab
3085 1700 3357 1757 hostibus
3387 1699 3756 1754 circumven-

2104 1798 2230 1849 tum
2263 1794 2333 1848 iri
2383 1794 2702 1849 divinabat.
2739 1794 3015 1850 Petronas
3044 1792 3288 1848 victoria
3332 1794 3501 1865 parta
3541 1789 3757 1846 trium—

328 1879 476 1935 λείαν
568 1879 870 1956 ἰτύγχανεν
953 1878 1420 1955 ἀποδεδημηκὼς)
1484 1882 1583 1948 τὴν
1664 1883 1828 1949 ἧτταν
1904 1881 1986 1935 καί

360 1971 374 1986 ε
534 1972 561 1990 n
652 1970 668 1990 \
847 1971 874 1990 Α
902 1971 913 1990 Ι
1084 1974 1111 1985 ὐ
1297 1970 1311 1988 \
1412 1970 1426 1990 9
1512 1966 1593 1990 BI“
1611 1989 1619 1990 κ
1747 1989 1750 1990 ,
1857 1966 1902 1990 ’Ἴ
1921 1967 1941 1990 Ἰ
1970 1969 1984 1987 \

2106 1882 2298 1954 phans
2330 1883 2673 1955 Byzantium
2707 1899 2995 1950 reversus,
3028 1882 3348 1938 honorifice
3368 1879 3674 1952 excipitur,
3699 1883 3758 1936 et

3198 1968 3750 1990 .__-_=_-..____-.

317 1971 416 2037 τήν
486 1970 704 2045 φθορὰν
768 1971 953 2043 μαθών
1020 1974 1116 2024 τοῦ
1145 1970 1371 2044 πατρὸς,
1401 1966 1813 2043 ἀπεδίδρασκεν,
1847 1966 1986 2023 ἀλλὰ

2102 1971 2397 2040 legionum
2428 1972 2785 2028 domesticus
2805 1972 3167 2043 designatur.
3189 1970 3324 2027 Jam
3337 1969 3495 2026 enim
3519 1968 3754 2025 Manuel

318 2059 405 2112 κοῖ
469 2057 641 2121 οὗτος
701 2057 754 2113 ἐν
805 2064 886 2131 τῷ
918 2056 1148 2135 δρασμῷ
1206 2057 1540 2134 συλληφθεὶς
1587 2056 1859 2135 παρεδόθη
1910 2061 1986 2130 τῷ

2106 2060 2387 2131 magister
2431 2060 2491 2115 in
2523 2061 2669 2117 vivis
2701 2076 2831 2117 esse
2861 2059 3137 2116 desierat.
3169 2060 3370 2131 Neque
3401 2057 3588 2114 multo
3619 2063 3753 2131 post

328 2152 648 2224 στρατηγῷ.
723 2148 949 2223 Λέγεται
1017 2145 1076 2203 δὲ
1136 2148 1243 2225 πρὸ
1310 2152 1408 2203 τοῦ
1475 2146 1730 2220 πολέμου
1793 2146 1986 2202 τούτου

2102 2152 2159 2205 et
2186 2150 2312 2222 ipse
2342 2154 2563 2205 natura
2593 2150 2855 2205 debitum
2880 2148 3178 2222 persolvit.

328 2239 355 2290 6
382 2240 573 2312 “Ἀμ.ερ
614 2240 725 2291 τῶν
757 2233 1135 2311 αῗχμαλώτων
1168 2237 1424 2291 πυθέσθαι
1453 2237 1598 2299 τινὸς
1629 2240 1747 2298 πῶς
1779 2234 1999 2298 ὁτόπος
2040 2234 2093 2291 ἐν
2122 2237 2168 2308 ᾧ
2215 2239 2250 2307 ἡ
2298 2232 2626 2313 παρεμϐολή
2675 2236 2923 2305 καλοῖτο,
2968 2234 3056 2291 καί
3114 2236 3262 2296 ὅπως
3348 2234 3377 2289 6
3431 2233 3749 2311 παραρρέων

331 2324 552 2399 λέγεται
614 2324 879 2398 ποταμός·
940 2327 1029 2381 καὶ
1078 2327 1224 2387 τίνος
1275 2328 1310 2396 ἡ
1344 2324 1449 2396 ὅλη
1482 2324 1659 2396 ἐκείνη
1717 2325 1878 2401 χώρα
1933 2319 2095 2401 ἔτυχε
2144 2324 2417 2397 κλήσεως.
2468 2328 2559 2388 Ὦς
2611 2323 2669 2381 δὲ
2721 2328 2821 2395 τὴν
2881 2326 2976 2399 μὲν
3029 2325 3217 2401 χώραν
3270 2322 3609 2381 Λαλακάωνα
3639 2326 3749 2398 (47)

337 2414 483 2470 εἶπεν
543 2414 755 2476 ἐκεῖνος
808 2414 1130 2485 κεκλῆσθαι.
1186 2415 1482 2469 Πτώσαντα
1539 2411 1597 2469 δὲ
1650 2414 1740 2468 τὸν
1800 2412 1967 2468 τόπον
2007 2417 2105 2469 τοῦ
2176 2417 2441 2491 χάρακος,
2524 2414 2613 2469 καὶ
2688 2414 2864 2489 Γύρην
2940 2414 3031 2469 τὸν
3104 2413 3373 2485 ποταμὸν,
3446 2411 3650 2474 ἐκεῖνος
3693 2412 3753 2467 ἐκ

341 2507 446 2558 τῶν
499 2503 795 2575 ὀνομάτων
853 2503 1061 2558 τούτων
1120 2503 1510 2576 οἰωνισάμενος
1560 2498 1661 2580 ἔφη
1716 2501 1812 2563 τὰς
1865 2500 2091 2571 κλήσεις
2142 2502 2340 2567 ταύτας
2395 2502 2495 2559 οὐκ
2561 2501 2735 2558 αἴσιον
2800 2503 2946 2575 αὒτῷ
3016 2502 3078 2557 τὸ
3132 2505 3229 2557 τοῦ
3284 2500 3536 2573 πολέμου
3590 2499 3754 2562 τέλος

356 2589 724 2666 παραδηλοῦν.
785 2596 935 2646 Λαοῦ
991 2593 1086 2665 μὶν
1171 2593 1273 2667 γὰρ
1352 2592 1588 2646 κάκωσιν
1675 2588 1855 2646 ἐκάλει
1926 2591 2017 2645 τὸν
2089 2588 2453 2660 Λαλακάωνα,
2521 2595 2726 2646 πτῶσιν
2801 2588 2859 2646 δὲ
2933 2591 3217 2665 σημαίνειν
3282 2590 3372 2644 τὸν
3436 2589 3750 2644 Πτώσαντα*

366 2682 657 2755 γυρωθῆναι
728 2678 789 2736 δὶ
844 2678 1068 2754 μέλλειν
1129 2682 1232 2736 ὑπὸ
1286 2685 1394 2736 τῶν
1453 2679 1706 2735 ἐναντίων
1759 2678 1954 2741 αὐτοὺς
2012 2678 2073 2734 ἐκ
2132 2686 2233 2749 τῆς
2289 2685 2386 2736 τοῦ
2455 2685 2705 2754 ποταμοῦ
2774 2678 3022 2747 κλήσεως
3094 2677 3440 2753 ἐμαντεύετο.
3510 2677 3590 2733 Τὰ
3658 2678 3750 2750 μὶν

350 2767 406 2823 ἐκ
456 2776 557 2839 τῆς
612 2769 778 2840 νίκης
835 2769 1009 2832 οὕτως
1062 2769 1213 2845 εἶχον
1267 2775 1346 2843 τῷ
1401 2772 1675 2843 Ιῐετρωνᾷο
1736 2770 1764 2824 6
1823 2767 1880 2824 δὲ
1925 2770 2327 2848 τροπαιοφόρος
2380 2769 2642 2841 ἐπανῆκεν
2704 2769 2780 2833 εἷς
2835 2771 2897 2826 τὸ
2958 2771 3268 2844 Βυζάντιον,
3324 2772 3416 2826 καὶ
3476 2768 3748 2847 ὑπεδέχθη

340 2859 475 2930 μετά
502 2861 704 2931 τιμῆς,
737 2858 828 2912 καὶ
858 2863 967 2913 τῶν
999 2856 1225 2933 σχολῶν
1255 2854 1562 2934 προϐλήθη
1583 2856 1925 2931 δομέστικος.
1952 2854 2094 2930 ’Ἤδη
2125 2859 2227 2935 γὰρ
2258 2860 2286 2913 6
2317 2860 2613 2937 μάγιστρος
2652 2856 2914 2929 Μανουήλ
2964 2854 3190 2917 ἀπεϐίω.
3242 2861 3396 2917 Μετά
3445 2858 3626 2937 βραχὺ
3694 2857 3753 2915 δὲ

334 2948 421 3002 καὶ
456 2947 624 3009 αὐτὸς
659 2948 880 3003 ἀπέτισε
920 2948 983 3002 τὸ
1009 2949 1207 3023 χριών.

401 3038 474 3091 Δ’.
526 3034 771 3098 Τούτους
827 3033 885 3091 δὲ
926 3037 1126 3098 πάντας
1187 3037 1216 3091 6
1263 3033 1475 3110 Βάρδας
1532 3034 1983 3109 ἀποσεισάμενος,

326 3126 432 3193 τήν
470 3125 568 3197 μὶν
597 3129 711 3179 τῶν
753 3123 1084 3199 πραγμάτῶν
1114 3122 1381 3196 διοίκησιν
1429 3125 1503 3187 ὡς
1554 3121 1826 3196 ἠϐούλετο
1877 3121 1987 3179 διε-

324 3213 529 3269 τίθετο.
589 3214 654 3271 Ὀ
707 3213 810 3289 γὰρ
867 3212 1098 3289 Μιχαὴλ
1170 3211 1382 3277 οὐδενὸς
1433 3215 1806 3292 ἐπεστρέφετο,
1881 3212 1987 3286 μό·-

328 3325 444 3365 νοις
506 3300 566 3357 δὲ
620 3304 867 3378 θεάτροις
924 3304 1014 3357 καὶ
1067 3301 1430 3373 ἱππηλασίαις
1504 3301 1825 3379 ὶσχόλαζεν,
1884 3300 1985 3358 οὐκ

328 3391 519 3448 alio»:
548 3390 952 3467 ἠνιοχούντων,
1011 3391 1177 3448 αὑτοῦ
1208 3390 1278 3447 δι’
1329 3392 1534 3447 ἐκείνου
1579 3397 1675 3447 τοῦ
1714 3390 1980 3467 αὐτοκρά-

329 3501 496 3557 τορος
576 3479 667 3535 καὶ
741 3480 1264 3557 ἁφματηλατοῦντος
1319 3486 1417 3536 τοῦ
1492 3481 1835 3557 Αὐγούστου,
1893 3478 1983 3535 καὶ

330 3564 740 3644 ἀγωνιζοπένου
766 3573 865 3624 τοῦ
900 3566 1191 3645 βασιλέως,
1222 3569 1311 3625 καὶ
1370 3569 1487 3626 ἀντὶ
1542 3578 1641 3640 τῆς
1704 3567 1983 3647 βασιλείου

340 3656 547 3727 στολῆς
596 3654 939 3719 ἐνδεδυκότος
992 3659 1227 3734 ἡνιόχου
1291 3657 1516 3729 στοληνο
1578 3657 1656 3716 Οὐ
1716 3663 1876 3713 τοῦτο
1925 3655 1982 3712 δὶ

350 3746 517 3816 μόνον
547 3748 610 3813 ἦν
636 3748 694 3801 τὸ
750 3744 947 3816 δεινὸν,
1007 3744 1132 3802 ἀλλ’
1186 3745 1270 3802 ὅτι
1325 3748 1415 3802 καὶ
1467 3746 1596 3809 τοὺς
1627 3746 1678 3802 ἐν
1711 3748 1980 3820 ἀξιώμασι

348 3834 439 3888 καὶ
486 3839 661 3906 τιμαῖς
717 3836 1079 3911 ὑπερέχοντας
1137 3834 1264 3900 τοὺς
1296 3837 1420 3910 ,μὲν
1478 3834 1624 3908 αύτῷ
1681 3835 1981 3911 συναγωνί-

338 3924 542 3991 ζεσθαι,
590 3922 715 3985 τοὺς
758 3920 807 3978 δ’
864 3922 1316 3999 ἀνταγωνίζεσθαι
1374 3923 1426 3979 ἐν
1480 3930 1599 3987 ταῖς
1628 3929 1734 3979 τῶν
1795 3923 1977 3979 ἵππων

325 4010 601 4084 ἀμίλλαις
683 4012 773 4066 καὶ
851 4010 1258 4089 ὁρματηλατεῖν
1331 4014 1744 4089 κατηνάγκαζε.
1844 4013 1979 4070 Ποτὶ

319 4100 507 4156 τοίνυν
556 4100 719 4163 αὐτὸς
779 4102 873 4174 μὶν
918 4099 1192 4180 ἠμφίεστο
1248 4103 1311 4157 τὸ
1354 4103 1558 4178 χρῶμα
1608 4103 1670 4157 τὸ
1730 4103 1975 4173 Βενετον,

319 4191 349 4244 6
377 4188 441 4245 δὶ
471 4193 570 4243 τοῦ
601 4186 810 4263 δρόμου
858 4189 1161 4266 λογοθὲτης
1214 4191 1277 4246 τὸ
1323 4190 1606 4264 πράσινον,
1658 4193 1748 4246 καὶ
1800 4189 1975 4268 ἕτεροι

314 4283 431 4334 τῶν
486 4278 915 4356 ἐπιφανεστέρων
964 4280 1032 4334 τὰ
1086 4276 1260 4356 ἕτεραο
1329 4281 1421 4335 καὶ
1468 4278 1579 4352 ἤδη
1630 4285 1737 4336 τῶν
1793 4280 1977 4357 ἁρμά-

315 4389 435 4422 των
467 4363 763 4439 ὶπὲϐησαν,
794 4368 885 4423 καὶ
929 4371 1064 4437 ἦσαν
1105 4370 1242 4444 πρὸς
1270 4369 1335 4424 τὸ
1365 4366 1614 4445 δραμεῖν.
1682 4371 1769 4427 Ἐν
1801 4370 1977 4443 τούτῳ

317 4454 379 4511 δὲ
422 4457 725 4532 γράμματα
775 4461 857 4529 τῷ
921 4458 1350 4532 πρωτονοταρίῳ
1404 4470 1504 4514 τοῦ
1562 4456 1775 4535 δρόμου
1831 4460 1977 4536 παρὰ

314 4550 425 4602 τοῦ
490 4543 828 4623 πεφθακότος
895 4546 1015 4622 ἄρτι
1091 4546 1548 4623 ἐνεχειρίσθησαν,
1605 4548 1678 4610 ὡς
1742 4547 1794 4604 ἐν
1857 4554 1975 4611 τοῖς

318 4633 694 4712 Μελαγγείοις
727 4634 1274 4711 ἐστρατοπεδεύσαντο
1305 4637 1359 4691 οἱ
1392 4637 1699 4714 Σαρακηνοὶ
1726 4635 1976 4715 διαγγέλ-

2013 3357 2056 3425 C

2168 3037 2263 3093 IV.
2288 3039 2502 3094 Bardas
2548 3044 2744 3095 autem
2795 3038 2887 3095 his
2944 3040 3221 3096 omnibus
3271 3040 3504 3111 amotis,
3538 3043 3747 3111 suopte

2095 3126 2380 3184 arbitratu
2413 3128 2861 3183 administrabat
2882 3128 3098 3184 omnia.
3132 3128 3375 3184 Michael
3394 3129 3551 3184 enim
3592 3127 3744 3184 nihil

2096 3218 2359 3283 curabat,
2418 3218 2518 3272 sed
2572 3216 2821 3273 theatris
2875 3220 3105 3273 tantum
3165 3222 3224 3273 et
3277 3217 3741 3289 equitationibus

2094 3306 2359 3370 vacabat,
2393 3321 2506 3360 non
2540 3304 2671 3361 aliis
2705 3305 2961 3361 habenae
2994 3306 3456 3375 moderantibus,
3491 3307 3591 3362 sed
3613 3306 3741 3378 ipso

2093 3393 2445 3467 imperatore
2478 3398 2738 3465 Augusto
2761 3399 2995 3465 regente
3017 3411 3277 3465 currum,
3299 3401 3357 3452 et
3386 3396 3740 3463 decertante,

2093 3498 2159 3539 ac
2216 3499 2317 3553 pro
2374 3482 2533 3555 regia
2588 3482 2890 3556 chlamyde
2948 3483 3163 3556 aurigae
3236 3484 3449 3540 vestitu
3508 3484 3738 3540 induto.

2091 3571 2289 3643 Neque
2335 3587 2468 3626 vero
2520 3570 2741 3627 malum
2796 3572 2877 3626 ibi
2922 3572 3188 3636 sistebat,
3223 3573 3324 3628 sed
3376 3573 3530 3628 viros
3561 3572 3739 3628 etiam

2091 3660 2480 3732 dignitatibus
2510 3664 2567 3715 et
2596 3659 2919 3715 honoribus
2949 3665 3317 3731 praestantes,
3344 3660 3558 3731 partim
3591 3677 3623 3715 a
3652 3676 3738 3726 se,

2090 3748 2304 3820 partim
2336 3755 2541 3804 contra
2565 3764 2628 3803 se
2666 3753 2824 3804 stare
2866 3747 2926 3802 in
2975 3764 3259 3819 equorum
3290 3748 3735 3813 certaminibus,

2089 3841 2146 3892 et
2175 3852 2385 3893 currus
2440 3837 2660 3908 agitare
2714 3836 2976 3908 cogebat.
3036 3840 3178 3892 Cum
3228 3853 3362 3894 vero
3419 3836 3735 3908 aliquando

2088 3926 2216 3998 ipse
2248 3925 2439 3981 colore
2458 3924 2696 3991 Veneto,
2722 3941 2932 3980 cursus
2961 3923 3260 3997 logotheta
3286 3926 3735 3997 Prasino,atque

2089 4015 2189 4071 alii
2245 4014 2353 4071 viri
2394 4012 2678 4084 illustres,
2726 4014 2950 4069 caeteris
3000 4013 3196 4070 vestiti
3250 4015 3567 4085 coloribus,
3604 4014 3732 4087 jam
3784 4022 3787 4025 '

2088 4121 2300 4160 currus
2321 4103 2620 4160 escensuri
2653 4107 2710 4159 et
2730 4104 3033 4159 decursuri
3066 4108 3300 4161 essent:
3331 4103 3731 4177 protonotario

2087 4210 2319 4262 cursus,
2348 4210 2383 4248 a
2437 4192 2694 4264 quodam
2746 4191 2847 4263 qui
2897 4207 3099 4247 recens
3155 4194 3488 4263 advenerat,
3528 4193 3731 4249 litterae

2087 4283 2432 4349 afferuntur,
2494 4281 2709 4352 quibus
2780 4281 3214 4350 continebatur,
3289 4283 3607 4339 Saracenos
3670 4282 3732 4337 in

2085 4368 2400 4442 Melangeis
2454 4374 2649 4425 castra
2704 4369 3016 4440 posuisse:
3072 4387 3140 4425 ea
3193 4375 3335 4426 sunt
3390 4387 3517 4442 qua
3575 4387 3733 4427 nunc

2086 4459 2284 4516 minus
2314 4458 2613 4531 eleganter
2638 4457 2934 4530 Malagina
2965 4458 3262 4515 dicuntur.
3297 4459 3733 4516 Protonotarius

2085 4549 2268 4622 igitur
2306 4549 2379 4604 ob
2412 4563 2541 4604 eum
2595 4546 2869 4603 nuntium
2913 4546 3068 4605 tristi
3115 4548 3278 4604 vultu
3322 4548 3733 4620 imperatorem

2085 4639 2228 4706 adit,
2261 4653 2383 4694 rem
2408 4636 2667 4709 exponit,
2708 4641 2766 4693 et
2798 4637 3023 4693 litteras
3052 4639 3209 4693 160
3240 4638 3512 4693 ostendit.
3536 4639 3605 4692 At
3634 4637 3734 4692 ille

318 4724 519 4780 λοντα’
549 4728 719 4779 ταῦτα
737 4720 803 4779 δι’
828 4724 959 4779 εἰσὶν
994 4724 1025 4779 ἃ
1054 4729 1143 4779 νῦν
1176 4725 1561 4803 ἀγροικότερον
1592 4723 1839 4781 καλεῖται
1862 4733 1976 4782 Μα-

2098 4728 2367 4783 Lracunde
2388 4731 2445 4782 et
2461 4732 2619 4783 torve
2640 4742 2773 4783 eum
2798 4725 3054 4782 intuitus
3078 4743 3091 4782 :
3118 4726 3271 4794 Cum,
3301 4727 3516 4798 inquit,
3539 4729 3597 4782 in
3630 4727 3737 4783 tali

318 4812 549 4888 λάγινα.
580 4814 648 4869 '0
690 4818 819 4889 γοῦν
863 4814 1304 4889 πρωτονοτάρίος
1350 4813 1741 4892 σκυθρωπάσας
1790 4814 1878 4872 ἐπὶ
1906 4820 1975 4891 τῇ

2098 4816 2389 4874 certamine
2442 4817 2570 4885 sim,
2600 4822 2655 4872 et
2706 4816 2803 4887 qui
2856 4816 3076 4870 medius
3121 4818 3220 4880 est,
3269 4830 3393 4871 eum
3434 4814 3505 4870 ad
3535 4817 3733 4873 laevam

315 4900 579 4978 ἀγγελίᾳ,
610 4901 894 4977 προσῆλθε
930 4907 1009 4975 τῷ
1052 4902 1287 4978 βασιλεῖ,
1335 4904 1426 4959 καὶ
1479 4909 1650 4961 ταῦτα
1708 4902 1975 4977 ἐδίδασκε,

2084 4906 2393 4977 propellere
2419 4919 2741 4976 properem:
2783 4912 2864 4971 tu,
2919 4906 3119 4976 inepte,
3179 4903 3245 4960 de
3285 4904 3733 4962 Sarracenorum

314 4991 415 5046 καὶ
451 4988 735 5046 ὑπεδείκνυ
776 4991 844 5045 τὰ
892 4992 1210 5066 γράμματα.
1270 4993 1332 5051 '0
1382 4990 1461 5066 δὶ,
1521 4993 1740 5071 ὀργίλον
1786 5016 1839 5050 τι
1885 4996 1975 5050 καὶ

2098 4995 2405 5050 incursione
2448 4993 2614 5049 verba
2656 4992 2803 5049 mihi
2846 4994 3033 5065 facis?
3075 4992 3232 5050 Talis
3278 4994 3389 5050 fuit
3418 4993 3730 5067 praeclarus

321 5078 556 5153 μανικὸν
584 5077 733 5151 αύτῷ
779 5075 995 5149 ἐνιδὼν,
1050 5079 1135 5136 Ἐν
1191 5078 1429 5153 τοιούτῳ
1492 5101 1609 5155 μοι,
1677 5077 1803 5160 ἔφη,
1861 5076 1974 5137 ὄντι

2098 5083 2424 5157 imperator,
2446 5082 2643 5155 itaque
2662 5083 2735 5139 de
2753 5082 3169 5140 communibus
3201 5084 3377 5141 rebus
3407 5089 3465 5140 et
3483 5084 3730 5156 imperio

1607 5256 1814 5319 Varias
1842 5257 2141 5321 lectiones
2169 5264 2230 5321 et
2261 5261 2451 5320 nota.

399 5387 510 5465 (47)
559 5384 920 5465 agndum:
982 5386 1091 5442 Leo
1148 5387 1616 5465 Grammaticus:
1693 5390 1979 5465 Λοχήσαν-

321 5456 415 5519 τες
444 5458 553 5534 τῂα
584 5456 708 5534 ὁδὸν
746 5464 846 5534 τῆς
894 5458 1248 5534 ὑποστροφῆς
1295 5459 1460 5534 αὑτοῖν
1496 5456 1850 5534 Ασυναντῶσίν
1882 5461 1979 5517 αὐ-

324 5534 415 5610 τῷ.
466 5530 541 5591 εἰς
592 5532 687 5584 τὸν
716 5527 1107 5610 ,Λαλαδιάωνοῂ
1150 5527 1265 5610 ’καὶ-
1314 5528 1976 5610 συμϐολῆς-γενομένης,

324 5600 643 5679 cpt-nouam
672 5600 855 5679 ain-tiu.
909 5600 1421 5679 Zonaramulong‘e
1481 5600 1679 5679 magis
1717 5600 1979 5663 illustrat

330 5675 722 5731 Continuator
776 5673 1153 5746 Theophanis
1182 5674 1284 5733 lib.
1317 5673 1393 5743 n7,
1427 5694 1484 5733 n.
1520 5673 1608 5746 15',
1641 5678 1779 5733 licet
1807 5680 1879 5735 ab
1909 5695 1975 5735 eo

333 5746 649 5805 dissentiat
676 5745 871 5821 quoad
925 5745 1190 5806 locorum
1245 5747 1535 5808 nomine:
1593 5748 1976 5810 Lalacaonem

2088 5393 2245 5449 enim
2278 5390 2664 5465 ﬂuvii,Gryrin
2708 5388 2881 5465 prati,
2928 5391 3501 5465 Ptosontis'denique
3548 5391 3735 5464 regio-

2088 5466 2181 5521 nis
2213 5461 2641 5538 nomen_fui'sse
2670 5461 2891 5519 scribit.
2917 5463 3027 5520 Sed
3059 5465 3251 5538 potior
3276 5461 3530 5538 videtur
3550 5461 3734 5538 Zo'naj

2087 5554 2184 5592 ras
2215 5538 2314 5609 qui
2348 5532 2689 5609 Λαλακάωνα
2720 5551 2945 5609 nomen
2983 5532 3111 5609 esse
3168 5536 3422 5609 regionis
3480 5536 3586 5604 ait,
3628 5534 3733 5609 cui

2086 5606 2444 5683 astipulatur
2475 5607 2715 5663 Photius
2746 5606 2805 5662 in
2857 5606 3107 5683 epistola
3153 5606 3263 5683 MT
3303 5626 3431 5683 quas
3460 5607 3733 5683 inscribi-

2085 5684 2185 5736 tur
2207 5674 2489 5751 ’Θεοδότῳ
2521 5674 3068 5753 σπαθαροκανδίδάτῳ
3116 5679 3251 5736 κατὰ
3278 5674 3409 5745 τὸὺς
3466 5677 3733 5736 Λαλάκω-

2084 5770 2199 5815 νας.
