  <div class='ocr_page' id='page_1' title='image "/cluster/home/n/w/nwhite01/storage/ocr_20150623/135/hvd.32044073502528/017.png"; bbox 0 0 4156 6214; ppageno 0'>
   <div class='ocr_carea' id='block_1_1' title="bbox 353 349 2020 418">
    <p class='ocr_par' dir='ltr' id='par_1_1' title="bbox 353 349 2020 417">
     <span class='ocr_line' id='line_1_1' title="bbox 353 349 2020 417; baseline -0.003 0"><span class='ocrx_word' id='word_1_1' title='bbox 353 355 432 417; x_wconf 69' lang='grc'>23</span> <span class='ocrx_word' id='word_1_2' title='bbox 1238 355 1244 360; x_wconf 82' lang='grc'><em>’</em></span> <span class='ocrx_word' id='word_1_3' title='bbox 1704 349 2020 416; x_wconf 80' lang='lat' dir='ltr'>JOANNIS</span> 
     </span>
    </p>
   </div>
   <div class='ocr_carea' id='block_1_2' title="bbox 2128 349 3767 418">
    <p class='ocr_par' dir='ltr' id='par_1_2' title="bbox 2128 352 3767 418">
     <span class='ocr_line' id='line_1_2' title="bbox 2128 352 3767 418; baseline 0.002 -6"><span class='ocrx_word' id='word_1_4' title='bbox 2128 352 2419 413; x_wconf 70' lang='lat' dir='ltr'>ONABIE</span> <span class='ocrx_word' id='word_1_5' title='bbox 2862 413 2867 418; x_wconf 87' lang='grc'>,</span> <span class='ocrx_word' id='word_1_6' title='bbox 3691 357 3767 415; x_wconf 70' lang='grc'>24</span> 
     </span>
    </p>
   </div>
   <div class='ocr_carea' id='block_1_3' title="bbox 358 482 2315 556">
    <p class='ocr_par' dir='ltr' id='par_1_3' title="bbox 358 482 2315 556">
     <span class='ocr_line' id='line_1_3' title="bbox 358 482 2315 556; baseline -0.004 -14"><span class='ocrx_word' id='word_1_7' title='bbox 358 484 672 542; x_wconf 88' lang='lat' dir='ltr'>sollicitus.</span> <span class='ocrx_word' id='word_1_8' title='bbox 706 488 784 540; x_wconf 87' lang='lat' dir='ltr'>Eo</span> <span class='ocrx_word' id='word_1_9' title='bbox 835 490 1033 542; x_wconf 88' lang='lat' dir='ltr'>autem</span> <span class='ocrx_word' id='word_1_10' title='bbox 1080 487 1163 542; x_wconf 89' lang='lat' dir='ltr'>sic</span> <span class='ocrx_word' id='word_1_11' title='bbox 1214 487 1438 555; x_wconf 74' lang='lat' dir='ltr'>affecto,</span> <span class='ocrx_word' id='word_1_12' title='bbox 1471 486 1690 542; x_wconf 87' lang='lat' dir='ltr'>Bardas</span> <span class='ocrx_word' id='word_1_13' title='bbox 1739 486 2008 541; x_wconf 81' lang='lat' dir='ltr'>versabat</span> <span class='ocrx_word' id='word_1_14' title='bbox 2033 482 2091 548; x_wconf 79' lang='grc' dir='ltr'><strong>Α</strong></span> <span class='ocrx_word' id='word_1_15' title='bbox 2123 482 2315 556; x_wconf 78' lang='grc' dir='ltr'>ἀγῶνι,</span> 
     </span>
    </p>
   </div>
   <div class='ocr_carea' id='block_1_4' title="bbox 359 574 2012 648">
    <p class='ocr_par' dir='ltr' id='par_1_4' title="bbox 359 574 2012 648">
     <span class='ocr_line' id='line_1_4' title="bbox 359 574 2012 648; baseline 0 -18"><span class='ocrx_word' id='word_1_16' title='bbox 359 574 581 641; x_wconf 82' lang='lat' dir='ltr'>omnia,</span> <span class='ocrx_word' id='word_1_17' title='bbox 622 591 806 646; x_wconf 90' lang='lat' dir='ltr'>eoque</span> <span class='ocrx_word' id='word_1_18' title='bbox 836 576 1230 647; x_wconf 86' lang='lat' dir='ltr'>pertrahebat,</span> <span class='ocrx_word' id='word_1_19' title='bbox 1262 593 1376 648; x_wconf 89' lang='lat' dir='ltr'>quo</span> <span class='ocrx_word' id='word_1_20' title='bbox 1415 581 1538 632; x_wconf 89' lang='lat' dir='ltr'>erat</span> <span class='ocrx_word' id='word_1_21' title='bbox 1567 575 1822 643; x_wconf 86' lang='lat' dir='ltr'>libitum,</span> <span class='ocrx_word' id='word_1_22' title='bbox 1856 582 1911 632; x_wconf 92' lang='lat' dir='ltr'>et</span> <span class='ocrx_word' id='word_1_23' title='bbox 1941 577 2012 630; x_wconf 87' lang='lat' dir='ltr'>ad</span> 
     </span>
    </p>
   </div>
   <div class='ocr_carea' id='block_1_5' title="bbox 363 664 2012 735">
    <p class='ocr_par' dir='ltr' id='par_1_5' title="bbox 363 664 2012 735">
     <span class='ocr_line' id='line_1_5' title="bbox 363 664 2012 735; baseline 0 -16"><span class='ocrx_word' id='word_1_24' title='bbox 363 665 607 720; x_wconf 67' lang='lat' dir='ltr'>Caesaris</span> <span class='ocrx_word' id='word_1_25' title='bbox 657 664 960 735; x_wconf 76' lang='lat' dir='ltr'>fastigium</span> <span class='ocrx_word' id='word_1_26' title='bbox 1022 671 1276 732; x_wconf 87' lang='lat' dir='ltr'>evectus,</span> <span class='ocrx_word' id='word_1_27' title='bbox 1309 665 1538 735; x_wconf 89' lang='lat' dir='ltr'>imperii</span> <span class='ocrx_word' id='word_1_28' title='bbox 1571 665 1881 720; x_wconf 81' lang='lat' dir='ltr'>invadendi</span> <span class='ocrx_word' id='word_1_29' title='bbox 1911 682 2012 734; x_wconf 88' lang='lat' dir='ltr'>op-</span> 
     </span>
    </p>
   </div>
   <div class='ocr_carea' id='block_1_6' title="bbox 361 753 2011 825">
    <p class='ocr_par' dir='ltr' id='par_1_6' title="bbox 361 753 2011 825">
     <span class='ocr_line' id='line_1_6' title="bbox 361 753 2011 825; baseline -0.001 -17"><span class='ocrx_word' id='word_1_30' title='bbox 361 753 782 825; x_wconf 89' lang='lat' dir='ltr'>portunitatem</span> <span class='ocrx_word' id='word_1_31' title='bbox 815 753 1186 824; x_wconf 81' lang='lat' dir='ltr'>quaeritabat.</span> <span class='ocrx_word' id='word_1_32' title='bbox 1235 754 1387 808; x_wconf 80' lang='lat' dir='ltr'>Nihil</span> <span class='ocrx_word' id='word_1_33' title='bbox 1437 759 1632 809; x_wconf 89' lang='lat' dir='ltr'>autem</span> <span class='ocrx_word' id='word_1_34' title='bbox 1684 755 1820 809; x_wconf 90' lang='lat' dir='ltr'>fecit</span> <span class='ocrx_word' id='word_1_35' title='bbox 1850 754 2011 820; x_wconf 91' lang='lat' dir='ltr'>boni,</span> 
     </span>
    </p>
   </div>
   <div class='ocr_carea' id='block_1_7' title="bbox 361 842 2012 914">
    <p class='ocr_par' dir='ltr' id='par_1_7' title="bbox 361 842 2012 914">
     <span class='ocr_line' id='line_1_7' title="bbox 361 842 2012 914; baseline -0.001 -16"><span class='ocrx_word' id='word_1_36' title='bbox 361 842 477 898; x_wconf 86' lang='lat' dir='ltr'>nisi</span> <span class='ocrx_word' id='word_1_37' title='bbox 494 843 651 913; x_wconf 87' lang='lat' dir='ltr'>quod</span> <span class='ocrx_word' id='word_1_38' title='bbox 672 843 1022 898; x_wconf 80' lang='lat' dir='ltr'>eruditionis</span> <span class='ocrx_word' id='word_1_39' title='bbox 1047 842 1426 914; x_wconf 64' lang='lat' dir='ltr'>provehendis</span> <span class='ocrx_word' id='word_1_40' title='bbox 1446 859 1727 914; x_wconf 90' lang='lat' dir='ltr'>magnum</span> <span class='ocrx_word' id='word_1_41' title='bbox 1749 843 2012 898; x_wconf 89' lang='lat' dir='ltr'>studium</span> 
     </span>
    </p>
   </div>
   <div class='ocr_carea' id='block_1_8' title="bbox 362 929 2014 1003">
    <p class='ocr_par' dir='ltr' id='par_1_8' title="bbox 362 929 2014 1003">
     <span class='ocr_line' id='line_1_8' title="bbox 362 929 2014 1003; baseline 0 -17"><span class='ocrx_word' id='word_1_42' title='bbox 362 930 591 986; x_wconf 78' lang='lat' dir='ltr'>habuit.</span> <span class='ocrx_word' id='word_1_43' title='bbox 616 929 760 986; x_wconf 88' lang='lat' dir='ltr'>Nam</span> <span class='ocrx_word' id='word_1_44' title='bbox 788 929 1160 1002; x_wconf 81' lang='lat' dir='ltr'>philosophia</span> <span class='ocrx_word' id='word_1_45' title='bbox 1181 931 1442 1002; x_wconf 88' lang='lat' dir='ltr'>neglecta</span> <span class='ocrx_word' id='word_1_46' title='bbox 1462 933 1717 1001; x_wconf 88' lang='lat' dir='ltr'>jacebat,</span> <span class='ocrx_word' id='word_1_47' title='bbox 1750 948 1816 986; x_wconf 87' lang='lat' dir='ltr'>ac</span> <span class='ocrx_word' id='word_1_48' title='bbox 1834 947 2014 1003; x_wconf 84' lang='lat' dir='ltr'>prope</span> 
     </span>
    </p>
   </div>
   <div class='ocr_carea' id='block_1_9' title="bbox 362 1019 2014 1092">
    <p class='ocr_par' dir='ltr' id='par_1_9' title="bbox 362 1019 2014 1092">
     <span class='ocr_line' id='line_1_9' title="bbox 362 1019 2014 1092; baseline -0.001 -16"><span class='ocrx_word' id='word_1_49' title='bbox 362 1021 605 1076; x_wconf 86' lang='lat' dir='ltr'>omnino</span> <span class='ocrx_word' id='word_1_50' title='bbox 628 1019 920 1076; x_wconf 85' lang='lat' dir='ltr'>exstincta</span> <span class='ocrx_word' id='word_1_51' title='bbox 950 1025 1094 1085; x_wconf 87' lang='lat' dir='ltr'>erat,</span> <span class='ocrx_word' id='word_1_52' title='bbox 1129 1024 1195 1075; x_wconf 91' lang='lat' dir='ltr'>ut</span> <span class='ocrx_word' id='word_1_53' title='bbox 1226 1037 1297 1075; x_wconf 87' lang='lat' dir='ltr'>ne</span> <span class='ocrx_word' id='word_1_54' title='bbox 1327 1019 1582 1076; x_wconf 80' lang='lat' dir='ltr'>scintilla</span> <span class='ocrx_word' id='word_1_55' title='bbox 1612 1021 1851 1092; x_wconf 86' lang='lat' dir='ltr'>quidem</span> <span class='ocrx_word' id='word_1_56' title='bbox 1884 1021 2014 1090; x_wconf 89' lang='lat' dir='ltr'>ejus</span> 
     </span>
    </p>
   </div>
   <div class='ocr_carea' id='block_1_10' title="bbox 362 1098 2012 1180">
    <p class='ocr_par' dir='ltr' id='par_1_10' title="bbox 362 1098 2012 1180">
     <span class='ocr_line' id='line_1_10' title="bbox 362 1098 2012 1180; baseline -0.001 -15"><span class='ocrx_word' id='word_1_57' title='bbox 362 1112 737 1180; x_wconf 79' lang='lat' dir='ltr'>superesset:</span> <span class='ocrx_word' id='word_1_58' title='bbox 770 1108 830 1163; x_wconf 91' lang='lat' dir='ltr'>in</span> <span class='ocrx_word' id='word_1_59' title='bbox 883 1125 1061 1164; x_wconf 89' lang='lat' dir='ltr'>causa</span> <span class='ocrx_word' id='word_1_60' title='bbox 1090 1109 1280 1164; x_wconf 80' lang='lat' dir='ltr'>fuerat</span> <span class='ocrx_word' id='word_1_61' title='bbox 1306 1098 1723 1180; x_wconf 87' lang='lat' dir='ltr'>imperatorum</span> <span class='ocrx_word' id='word_1_62' title='bbox 1757 1108 2012 1165; x_wconf 88' lang='lat' dir='ltr'>inscitia.</span> 
     </span>
    </p>
   </div>
   <div class='ocr_carea' id='block_1_11' title="bbox 360 1197 2016 1268">
    <p class='ocr_par' dir='ltr' id='par_1_11' title="bbox 360 1197 2016 1268">
     <span class='ocr_line' id='line_1_11' title="bbox 360 1197 2016 1268; baseline 0.001 -15"><span class='ocrx_word' id='word_1_63' title='bbox 360 1198 474 1254; x_wconf 91' lang='lat' dir='ltr'>Sed</span> <span class='ocrx_word' id='word_1_64' title='bbox 537 1197 632 1252; x_wconf 92' lang='lat' dir='ltr'>hic</span> <span class='ocrx_word' id='word_1_65' title='bbox 693 1197 903 1268; x_wconf 86' lang='lat' dir='ltr'>cuique</span> <span class='ocrx_word' id='word_1_66' title='bbox 962 1197 1288 1268; x_wconf 66' lang='lat' dir='ltr'>disciplinae</span> <span class='ocrx_word' id='word_1_67' title='bbox 1343 1198 1575 1254; x_wconf 87' lang='lat' dir='ltr'>scholas</span> <span class='ocrx_word' id='word_1_68' title='bbox 1606 1198 1930 1268; x_wconf 89' lang='lat' dir='ltr'>constituit,</span> <span class='ocrx_word' id='word_1_69' title='bbox 1959 1203 2016 1254; x_wconf 91' lang='lat' dir='ltr'>et</span> 
     </span>
    </p>
   </div>
   <div class='ocr_carea' id='block_1_12' title="bbox 362 1285 2016 1358">
    <p class='ocr_par' dir='ltr' id='par_1_12' title="bbox 362 1285 2016 1358">
     <span class='ocr_line' id='line_1_12' title="bbox 362 1285 2016 1358; baseline 0 -17"><span class='ocrx_word' id='word_1_70' title='bbox 362 1286 631 1341; x_wconf 90' lang='lat' dir='ltr'>doctores</span> <span class='ocrx_word' id='word_1_71' title='bbox 683 1285 1032 1356; x_wconf 86' lang='lat' dir='ltr'>designavit,</span> <span class='ocrx_word' id='word_1_72' title='bbox 1085 1292 1140 1341; x_wconf 90' lang='lat' dir='ltr'>et</span> <span class='ocrx_word' id='word_1_73' title='bbox 1179 1286 1428 1357; x_wconf 82' lang='lat' dir='ltr'>singulis</span> <span class='ocrx_word' id='word_1_74' title='bbox 1460 1285 1694 1358; x_wconf 90' lang='lat' dir='ltr'>publica</span> <span class='ocrx_word' id='word_1_75' title='bbox 1724 1286 2016 1358; x_wconf 88' lang='lat' dir='ltr'>stipendia</span> 
     </span>
    </p>
   </div>
   <div class='ocr_carea' id='block_1_13' title="bbox 363 1374 2014 1447">
    <p class='ocr_par' dir='ltr' id='par_1_13' title="bbox 363 1374 2014 1447">
     <span class='ocr_line' id='line_1_13' title="bbox 363 1374 2014 1447; baseline 0.001 -17"><span class='ocrx_word' id='word_1_76' title='bbox 363 1374 634 1442; x_wconf 81' lang='lat' dir='ltr'>decrevit,</span> <span class='ocrx_word' id='word_1_77' title='bbox 671 1380 728 1428; x_wconf 93' lang='lat' dir='ltr'>et</span> <span class='ocrx_word' id='word_1_78' title='bbox 757 1375 1032 1430; x_wconf 90' lang='lat' dir='ltr'>omnibus</span> <span class='ocrx_word' id='word_1_79' title='bbox 1081 1391 1360 1447; x_wconf 88' lang='lat' dir='ltr'>magnum</span> <span class='ocrx_word' id='word_1_80' title='bbox 1409 1382 1467 1430; x_wconf 93' lang='lat' dir='ltr'>et</span> <span class='ocrx_word' id='word_1_81' title='bbox 1507 1392 1883 1431; x_wconf 90' lang='lat' dir='ltr'>communem</span> <span class='ocrx_word' id='word_1_82' title='bbox 1914 1377 2014 1431; x_wconf 90' lang='lat' dir='ltr'>do-</span> 
     </span>
    </p>
   </div>
   <div class='ocr_carea' id='block_1_14' title="bbox 365 1463 2013 1536">
    <p class='ocr_par' dir='ltr' id='par_1_14' title="bbox 365 1463 2013 1536">
     <span class='ocr_line' id='line_1_14' title="bbox 365 1463 2013 1536; baseline 0.001 -18"><span class='ocrx_word' id='word_1_83' title='bbox 365 1469 585 1519; x_wconf 89' lang='lat' dir='ltr'>ctorem</span> <span class='ocrx_word' id='word_1_84' title='bbox 646 1465 902 1535; x_wconf 63' lang='lat' dir='ltr'>praefecit</span> <span class='ocrx_word' id='word_1_85' title='bbox 948 1469 1194 1520; x_wconf 88' lang='lat' dir='ltr'>Leonem</span> <span class='ocrx_word' id='word_1_86' title='bbox 1235 1463 1676 1536; x_wconf 83' lang='lat' dir='ltr'>philosOphum,</span> <span class='ocrx_word' id='word_1_87' title='bbox 1710 1466 1880 1536; x_wconf 88' lang='lat' dir='ltr'>cujus</span> <span class='ocrx_word' id='word_1_88' title='bbox 1911 1467 2013 1519; x_wconf 92' lang='lat' dir='ltr'>do-</span> 
     </span>
    </p>
   </div>
   <div class='ocr_carea' id='block_1_15' title="bbox 367 1553 2017 1625">
    <p class='ocr_par' dir='ltr' id='par_1_15' title="bbox 367 1553 2017 1625">
     <span class='ocr_line' id='line_1_15' title="bbox 367 1553 2017 1625; baseline 0 -17"><span class='ocrx_word' id='word_1_89' title='bbox 367 1553 571 1608; x_wconf 78' lang='lat' dir='ltr'>ctrinae</span> <span class='ocrx_word' id='word_1_90' title='bbox 631 1553 846 1624; x_wconf 78' lang='lat' dir='ltr'>inclyta</span> <span class='ocrx_word' id='word_1_91' title='bbox 905 1554 1061 1608; x_wconf 83' lang='lat' dir='ltr'>fama</span> <span class='ocrx_word' id='word_1_92' title='bbox 1107 1559 1247 1624; x_wconf 85' lang='lat' dir='ltr'>erat,</span> <span class='ocrx_word' id='word_1_93' title='bbox 1307 1555 1484 1609; x_wconf 89' lang='lat' dir='ltr'>etiam</span> <span class='ocrx_word' id='word_1_94' title='bbox 1538 1555 1610 1610; x_wconf 91' lang='lat' dir='ltr'>ab</span> <span class='ocrx_word' id='word_1_95' title='bbox 1665 1555 2017 1625; x_wconf 87' lang='lat' dir='ltr'>imperatore</span> 
     </span>
    </p>
   </div>
   <div class='ocr_carea' id='block_1_16' title="bbox 367 1641 2018 1712">
    <p class='ocr_par' dir='ltr' id='par_1_16' title="bbox 367 1641 2018 1712">
     <span class='ocr_line' id='line_1_16' title="bbox 367 1641 2018 1712; baseline 0 -14"><span class='ocrx_word' id='word_1_96' title='bbox 367 1641 692 1712; x_wconf 88' lang='lat' dir='ltr'>Theophilo</span> <span class='ocrx_word' id='word_1_97' title='bbox 724 1641 1097 1708; x_wconf 89' lang='lat' dir='ltr'>honoratum,</span> <span class='ocrx_word' id='word_1_98' title='bbox 1124 1642 1231 1698; x_wconf 90' lang='lat' dir='ltr'>hac</span> <span class='ocrx_word' id='word_1_99' title='bbox 1261 1647 1584 1698; x_wconf 81' lang='lat' dir='ltr'>occasione.</span> <span class='ocrx_word' id='word_1_100' title='bbox 1618 1646 1764 1699; x_wconf 70' lang='lat' dir='ltr'>Cum</span> <span class='ocrx_word' id='word_1_101' title='bbox 1799 1643 2018 1698; x_wconf 87' lang='lat' dir='ltr'>multos</span> 
     </span>
    </p>
   </div>
   <div class='ocr_carea' id='block_1_17' title="bbox 368 1729 2016 1803">
    <p class='ocr_par' dir='ltr' id='par_1_17' title="bbox 368 1729 2016 1803">
     <span class='ocr_line' id='line_1_17' title="bbox 368 1729 2016 1803; baseline 0 -17"><span class='ocrx_word' id='word_1_102' title='bbox 368 1731 608 1786; x_wconf 86' lang='lat' dir='ltr'>haberet</span> <span class='ocrx_word' id='word_1_103' title='bbox 653 1729 998 1801; x_wconf 89' lang='lat' dir='ltr'>discipulos,</span> <span class='ocrx_word' id='word_1_104' title='bbox 1031 1732 1242 1786; x_wconf 90' lang='lat' dir='ltr'>accidit</span> <span class='ocrx_word' id='word_1_105' title='bbox 1300 1735 1364 1786; x_wconf 90' lang='lat' dir='ltr'>ut</span> <span class='ocrx_word' id='word_1_106' title='bbox 1413 1748 1614 1787; x_wconf 90' lang='lat' dir='ltr'>eorum</span> <span class='ocrx_word' id='word_1_107' title='bbox 1648 1732 1890 1803; x_wconf 86' lang='lat' dir='ltr'>quidam</span> <span class='ocrx_word' id='word_1_108' title='bbox 1917 1748 2016 1786; x_wconf 87' lang='lat' dir='ltr'>ac-</span> 
     </span>
    </p>
   </div>
   <div class='ocr_carea' id='block_1_18' title="bbox 367 1818 2015 1892">
    <p class='ocr_par' dir='ltr' id='par_1_18' title="bbox 367 1818 2015 1892">
     <span class='ocr_line' id='line_1_18' title="bbox 367 1818 2015 1892; baseline 0 -17"><span class='ocrx_word' id='word_1_109' title='bbox 367 1825 567 1876; x_wconf 85' lang='lat' dir='ltr'>curate</span> <span class='ocrx_word' id='word_1_110' title='bbox 595 1821 654 1874; x_wconf 90' lang='lat' dir='ltr'>in</span> <span class='ocrx_word' id='word_1_111' title='bbox 685 1818 1005 1891; x_wconf 87' lang='lat' dir='ltr'>geometria</span> <span class='ocrx_word' id='word_1_112' title='bbox 1051 1822 1339 1890; x_wconf 89' lang='lat' dir='ltr'>eruditus,</span> <span class='ocrx_word' id='word_1_113' title='bbox 1383 1822 1524 1877; x_wconf 90' lang='lat' dir='ltr'>dum</span> <span class='ocrx_word' id='word_1_114' title='bbox 1556 1821 1616 1876; x_wconf 92' lang='lat' dir='ltr'>in</span> <span class='ocrx_word' id='word_1_115' title='bbox 1648 1821 1881 1876; x_wconf 90' lang='lat' dir='ltr'>Oriente</span> <span class='ocrx_word' id='word_1_116' title='bbox 1913 1837 2015 1892; x_wconf 84' lang='lat' dir='ltr'>pe-</span> 
     </span>
    </p>
   </div>
   <div class='ocr_carea' id='block_1_19' title="bbox 369 1909 2019 1982">
    <p class='ocr_par' dir='ltr' id='par_1_19' title="bbox 369 1909 2019 1982">
     <span class='ocr_line' id='line_1_19' title="bbox 369 1909 2019 1982; baseline 0.001 -18"><span class='ocrx_word' id='word_1_117' title='bbox 369 1909 723 1981; x_wconf 87' lang='lat' dir='ltr'>regrinatur,</span> <span class='ocrx_word' id='word_1_118' title='bbox 783 1927 817 1964; x_wconf 91' lang='lat' dir='ltr'>a</span> <span class='ocrx_word' id='word_1_119' title='bbox 876 1911 1180 1966; x_wconf 87' lang='lat' dir='ltr'>Saracenis</span> <span class='ocrx_word' id='word_1_120' title='bbox 1237 1916 1466 1982; x_wconf 88' lang='lat' dir='ltr'>captus,</span> <span class='ocrx_word' id='word_1_121' title='bbox 1552 1911 1785 1966; x_wconf 88' lang='lat' dir='ltr'>cuidam</span> <span class='ocrx_word' id='word_1_122' title='bbox 1866 1911 2019 1965; x_wconf 90' lang='lat' dir='ltr'>inter</span> 
     </span>
    </p>
   </div>
   <div class='ocr_carea' id='block_1_20' title="bbox 370 1997 2018 2072">
    <p class='ocr_par' dir='ltr' id='par_1_20' title="bbox 370 1997 2018 2072">
     <span class='ocr_line' id='line_1_20' title="bbox 370 1997 2018 2072; baseline 0.001 -18"><span class='ocrx_word' id='word_1_123' title='bbox 370 1999 655 2054; x_wconf 88' lang='lat' dir='ltr'>barbaros</span> <span class='ocrx_word' id='word_1_124' title='bbox 686 1997 903 2054; x_wconf 90' lang='lat' dir='ltr'>illustri</span> <span class='ocrx_word' id='word_1_125' title='bbox 944 1999 1002 2054; x_wconf 90' lang='lat' dir='ltr'>in</span> <span class='ocrx_word' id='word_1_126' title='bbox 1036 2001 1374 2056; x_wconf 89' lang='lat' dir='ltr'>servitutem</span> <span class='ocrx_word' id='word_1_127' title='bbox 1424 2000 1772 2056; x_wconf 85' lang='lat' dir='ltr'>traderetur.</span> <span class='ocrx_word' id='word_1_128' title='bbox 1803 2003 2018 2072; x_wconf 81' lang='lat' dir='ltr'>Agere-</span> 
     </span>
    </p>
   </div>
   <div class='ocr_carea' id='block_1_21' title="bbox 367 2088 2018 2161">
    <p class='ocr_par' dir='ltr' id='par_1_21' title="bbox 367 2088 2018 2161">
     <span class='ocr_line' id='line_1_21' title="bbox 367 2088 2018 2161; baseline 0.001 -19"><span class='ocrx_word' id='word_1_129' title='bbox 367 2104 581 2142; x_wconf 89' lang='lat' dir='ltr'>norum</span> <span class='ocrx_word' id='word_1_130' title='bbox 614 2103 783 2159; x_wconf 83' lang='lat' dir='ltr'>porro</span> <span class='ocrx_word' id='word_1_131' title='bbox 815 2089 1089 2161; x_wconf 88' lang='lat' dir='ltr'>princeps</span> <span class='ocrx_word' id='word_1_132' title='bbox 1129 2091 1492 2145; x_wconf 85' lang='lat' dir='ltr'>theoremata</span> <span class='ocrx_word' id='word_1_133' title='bbox 1540 2089 1769 2145; x_wconf 90' lang='lat' dir='ltr'>erudita</span> <span class='ocrx_word' id='word_1_134' title='bbox 1797 2093 1854 2144; x_wconf 90' lang='lat' dir='ltr'>et</span> <span class='ocrx_word' id='word_1_135' title='bbox 1883 2088 2018 2160; x_wconf 89' lang='lat' dir='ltr'>phi-</span> 
     </span>
    </p>
   </div>
   <div class='ocr_carea' id='block_1_22' title="bbox 366 2175 2017 2250">
    <p class='ocr_par' dir='ltr' id='par_1_22' title="bbox 366 2175 2017 2250">
     <span class='ocr_line' id='line_1_22' title="bbox 366 2175 2017 2250; baseline 0.001 -20"><span class='ocrx_word' id='word_1_136' title='bbox 366 2175 668 2247; x_wconf 91' lang='lat' dir='ltr'>losophica</span> <span class='ocrx_word' id='word_1_137' title='bbox 725 2177 990 2234; x_wconf 88' lang='lat' dir='ltr'>studiose</span> <span class='ocrx_word' id='word_1_138' title='bbox 1047 2179 1341 2246; x_wconf 88' lang='lat' dir='ltr'>audiebat,</span> <span class='ocrx_word' id='word_1_139' title='bbox 1378 2196 1492 2250; x_wconf 70' lang='lat' dir='ltr'>prae</span> <span class='ocrx_word' id='word_1_140' title='bbox 1549 2179 1772 2234; x_wconf 64' lang='lat' dir='ltr'>caeteris</span> <span class='ocrx_word' id='word_1_141' title='bbox 1819 2184 2017 2234; x_wconf 89' lang='lat' dir='ltr'>tamen</span> 
     </span>
    </p>
   </div>
   <div class='ocr_carea' id='block_1_23' title="bbox 369 2262 2018 2337">
    <p class='ocr_par' dir='ltr' id='par_1_23' title="bbox 369 2262 2018 2337">
     <span class='ocr_line' id='line_1_23' title="bbox 369 2262 2018 2337; baseline 0.001 -18"><span class='ocrx_word' id='word_1_142' title='bbox 369 2265 740 2337; x_wconf 85' lang='lat' dir='ltr'>geometricis</span> <span class='ocrx_word' id='word_1_143' title='bbox 798 2267 1088 2322; x_wconf 86' lang='lat' dir='ltr'>methodis</span> <span class='ocrx_word' id='word_1_144' title='bbox 1147 2273 1272 2323; x_wconf 89' lang='lat' dir='ltr'>erat</span> <span class='ocrx_word' id='word_1_145' title='bbox 1323 2262 1578 2323; x_wconf 90' lang='lat' dir='ltr'>deditus.</span> <span class='ocrx_word' id='word_1_146' title='bbox 1630 2274 1769 2323; x_wconf 84' lang='lat' dir='ltr'>Cum</span> <span class='ocrx_word' id='word_1_147' title='bbox 1823 2273 2018 2323; x_wconf 89' lang='lat' dir='ltr'>autem</span> 
     </span>
    </p>
   </div>
   <div class='ocr_carea' id='block_1_24' title="bbox 371 2352 2017 2427">
    <p class='ocr_par' dir='ltr' id='par_1_24' title="bbox 371 2352 2017 2427">
     <span class='ocr_line' id='line_1_24' title="bbox 371 2352 2017 2427; baseline 0.001 -19"><span class='ocrx_word' id='word_1_148' title='bbox 371 2352 584 2423; x_wconf 86' lang='lat' dir='ltr'>captivi</span> <span class='ocrx_word' id='word_1_149' title='bbox 634 2353 810 2408; x_wconf 90' lang='lat' dir='ltr'>herus</span> <span class='ocrx_word' id='word_1_150' title='bbox 859 2355 1216 2410; x_wconf 88' lang='lat' dir='ltr'>auditorium</span> <span class='ocrx_word' id='word_1_151' title='bbox 1264 2356 1670 2426; x_wconf 82' lang='lat' dir='ltr'>frequentaret,</span> <span class='ocrx_word' id='word_1_152' title='bbox 1704 2357 2017 2427; x_wconf 89' lang='lat' dir='ltr'>aliquando</span> 
     </span>
    </p>
   </div>
   <div class='ocr_carea' id='block_1_25' title="bbox 373 2439 2018 2513">
    <p class='ocr_par' dir='ltr' id='par_1_25' title="bbox 373 2439 2018 2513">
     <span class='ocr_line' id='line_1_25' title="bbox 373 2439 2018 2513; baseline 0.001 -18"><span class='ocrx_word' id='word_1_153' title='bbox 373 2444 430 2495; x_wconf 92' lang='lat' dir='ltr'>et</span> <span class='ocrx_word' id='word_1_154' title='bbox 465 2439 592 2510; x_wconf 90' lang='lat' dir='ltr'>ipse</span> <span class='ocrx_word' id='word_1_155' title='bbox 650 2457 783 2496; x_wconf 88' lang='lat' dir='ltr'>eum</span> <span class='ocrx_word' id='word_1_156' title='bbox 842 2444 1177 2513; x_wconf 85' lang='lat' dir='ltr'>comitatus,</span> <span class='ocrx_word' id='word_1_157' title='bbox 1229 2445 1468 2511; x_wconf 89' lang='lat' dir='ltr'>auditis,</span> <span class='ocrx_word' id='word_1_158' title='bbox 1527 2444 1882 2513; x_wconf 89' lang='lat' dir='ltr'>doctoribus,</span> <span class='ocrx_word' id='word_1_159' title='bbox 1919 2444 2018 2513; x_wconf 91' lang='lat' dir='ltr'>qui</span> 
     </span>
    </p>
   </div>
   <div class='ocr_carea' id='block_1_26' title="bbox 376 2529 2018 2604">
    <p class='ocr_par' dir='ltr' id='par_1_26' title="bbox 376 2529 2018 2604">
     <span class='ocr_line' id='line_1_26' title="bbox 376 2529 2018 2604; baseline 0.003 -22"><span class='ocrx_word' id='word_1_160' title='bbox 376 2529 597 2598; x_wconf 79' lang='lat' dir='ltr'>figuras</span> <span class='ocrx_word' id='word_1_161' title='bbox 653 2530 1038 2600; x_wconf 83' lang='lat' dir='ltr'>geometricas</span> <span class='ocrx_word' id='word_1_162' title='bbox 1096 2529 1478 2598; x_wconf 84' lang='lat' dir='ltr'>delincarant,</span> <span class='ocrx_word' id='word_1_163' title='bbox 1534 2537 1592 2587; x_wconf 92' lang='lat' dir='ltr'>et</span> <span class='ocrx_word' id='word_1_164' title='bbox 1657 2532 2018 2604; x_wconf 89' lang='lat' dir='ltr'>triangulum</span> 
     </span>
    </p>
   </div>
   <div class='ocr_carea' id='block_1_27' title="bbox 375 2617 2021 2692">
    <p class='ocr_par' dir='ltr' id='par_1_27' title="bbox 375 2617 2021 2692">
     <span class='ocr_line' id='line_1_27' title="bbox 375 2617 2021 2692; baseline 0.002 -20"><span class='ocrx_word' id='word_1_165' title='bbox 375 2617 568 2672; x_wconf 91' lang='lat' dir='ltr'>omnis</span> <span class='ocrx_word' id='word_1_166' title='bbox 601 2618 795 2687; x_wconf 74' lang='lat' dir='ltr'>figures</span> <span class='ocrx_word' id='word_1_167' title='bbox 824 2618 1180 2690; x_wconf 72' lang='lat' dir='ltr'>principium</span> <span class='ocrx_word' id='word_1_168' title='bbox 1212 2636 1341 2675; x_wconf 89' lang='lat' dir='ltr'>esse</span> <span class='ocrx_word' id='word_1_169' title='bbox 1369 2621 1675 2689; x_wconf 88' lang='lat' dir='ltr'>docebant,</span> <span class='ocrx_word' id='word_1_170' title='bbox 1700 2637 2021 2692; x_wconf 89' lang='lat' dir='ltr'>omnesque</span> 
     </span>
    </p>
   </div>
   <div class='ocr_carea' id='block_1_28' title="bbox 381 2706 2022 2777">
    <p class='ocr_par' dir='ltr' id='par_1_28' title="bbox 381 2706 2022 2777">
     <span class='ocr_line' id='line_1_28' title="bbox 381 2706 2022 2777; baseline 0.004 -20"><span class='ocrx_word' id='word_1_171' title='bbox 381 2706 603 2776; x_wconf 78' lang='lat' dir='ltr'>figuras</span> <span class='ocrx_word' id='word_1_172' title='bbox 633 2721 703 2760; x_wconf 82' lang='lat' dir='ltr'>ex</span> <span class='ocrx_word' id='word_1_173' title='bbox 731 2722 798 2760; x_wconf 89' lang='lat' dir='ltr'>eo</span> <span class='ocrx_word' id='word_1_174' title='bbox 829 2711 887 2761; x_wconf 92' lang='lat' dir='ltr'>et</span> <span class='ocrx_word' id='word_1_175' title='bbox 932 2707 1092 2774; x_wconf 90' lang='lat' dir='ltr'>oriri,</span> <span class='ocrx_word' id='word_1_176' title='bbox 1125 2713 1181 2764; x_wconf 90' lang='lat' dir='ltr'>et</span> <span class='ocrx_word' id='word_1_177' title='bbox 1236 2709 1296 2763; x_wconf 91' lang='lat' dir='ltr'>in</span> <span class='ocrx_word' id='word_1_178' title='bbox 1352 2711 1624 2764; x_wconf 88' lang='lat' dir='ltr'>eumdem</span> <span class='ocrx_word' id='word_1_179' title='bbox 1676 2709 1905 2777; x_wconf 89' lang='lat' dir='ltr'>resolvi,</span> <span class='ocrx_word' id='word_1_180' title='bbox 1966 2715 2022 2764; x_wconf 92' lang='lat' dir='ltr'>et</span> 
     </span>
    </p>
   </div>
   <div class='ocr_carea' id='block_1_29' title="bbox 384 2793 2022 2870">
    <p class='ocr_par' dir='ltr' id='par_1_29' title="bbox 384 2793 2022 2870">
     <span class='ocr_line' id='line_1_29' title="bbox 384 2793 2022 2870; baseline 0.002 -22"><span class='ocrx_word' id='word_1_181' title='bbox 384 2793 671 2850; x_wconf 89' lang='lat' dir='ltr'>circulum</span> <span class='ocrx_word' id='word_1_182' title='bbox 714 2797 978 2850; x_wconf 90' lang='lat' dir='ltr'>omnium</span> <span class='ocrx_word' id='word_1_183' title='bbox 1029 2797 1348 2867; x_wconf 78' lang='lat' dir='ltr'>figurarum</span> <span class='ocrx_word' id='word_1_184' title='bbox 1397 2814 1528 2867; x_wconf 63' lang='lat' dir='ltr'>quas</span> <span class='ocrx_word' id='word_1_185' title='bbox 1558 2799 1783 2854; x_wconf 90' lang='lat' dir='ltr'>ambitu</span> <span class='ocrx_word' id='word_1_186' title='bbox 1815 2797 2022 2870; x_wconf 71' lang='lat' dir='ltr'>aequali</span> 
     </span>
    </p>
   </div>
   <div class='ocr_carea' id='block_1_30' title="bbox 386 2883 2023 2959">
    <p class='ocr_par' dir='ltr' id='par_1_30' title="bbox 386 2883 2023 2959">
     <span class='ocr_line' id='line_1_30' title="bbox 386 2883 2023 2959; baseline 0.004 -21"><span class='ocrx_word' id='word_1_187' title='bbox 386 2883 816 2953; x_wconf 88' lang='lat' dir='ltr'>contineantur,</span> <span class='ocrx_word' id='word_1_188' title='bbox 842 2901 969 2940; x_wconf 88' lang='lat' dir='ltr'>esse</span> <span class='ocrx_word' id='word_1_189' title='bbox 999 2886 1474 2956; x_wconf 89' lang='lat' dir='ltr'>capacissimum,</span> <span class='ocrx_word' id='word_1_190' title='bbox 1517 2894 1573 2943; x_wconf 91' lang='lat' dir='ltr'>et</span> <span class='ocrx_word' id='word_1_191' title='bbox 1620 2890 1749 2958; x_wconf 84' lang='lat' dir='ltr'>ejus</span> <span class='ocrx_word' id='word_1_192' title='bbox 1791 2888 2023 2959; x_wconf 88' lang='lat' dir='ltr'>generis</span> 
     </span>
    </p>
   </div>
   <div class='ocr_carea' id='block_1_31' title="bbox 377 2971 2022 3048">
    <p class='ocr_par' dir='ltr' id='par_1_31' title="bbox 377 2971 2022 3048">
     <span class='ocr_line' id='line_1_31' title="bbox 377 2971 2022 3048; baseline 0.004 -21"><span class='ocrx_word' id='word_1_193' title='bbox 377 2971 530 3027; x_wconf 88' lang='lat' dir='ltr'>alia:</span> <span class='ocrx_word' id='word_1_194' title='bbox 565 2974 792 3044; x_wconf 87' lang='lat' dir='ltr'>rogavit</span> <span class='ocrx_word' id='word_1_195' title='bbox 822 2974 1148 3042; x_wconf 90' lang='lat' dir='ltr'>dominum,</span> <span class='ocrx_word' id='word_1_196' title='bbox 1181 2993 1254 3030; x_wconf 89' lang='lat' dir='ltr'>an</span> <span class='ocrx_word' id='word_1_197' title='bbox 1285 2974 1485 3031; x_wconf 89' lang='lat' dir='ltr'>liceret</span> <span class='ocrx_word' id='word_1_198' title='bbox 1515 2977 1828 3048; x_wconf 87' lang='lat' dir='ltr'>magistros</span> <span class='ocrx_word' id='word_1_199' title='bbox 1859 2979 1929 3032; x_wconf 91' lang='lat' dir='ltr'>de</span> <span class='ocrx_word' id='word_1_200' title='bbox 1950 2977 2022 3033; x_wconf 90' lang='lat' dir='ltr'>iis</span> 
     </span>
    </p>
   </div>
   <div class='ocr_carea' id='block_1_32' title="bbox 375 3063 2022 3137">
    <p class='ocr_par' dir='ltr' id='par_1_32' title="bbox 375 3063 2022 3137">
     <span class='ocr_line' id='line_1_32' title="bbox 375 3063 2022 3137; baseline 0.002 -21"><span class='ocrx_word' id='word_1_201' title='bbox 375 3077 504 3133; x_wconf 71' lang='lat' dir='ltr'>quea</span> <span class='ocrx_word' id='word_1_202' title='bbox 534 3063 825 3129; x_wconf 89' lang='lat' dir='ltr'>docerent,</span> <span class='ocrx_word' id='word_1_203' title='bbox 878 3063 1254 3134; x_wconf 84' lang='lat' dir='ltr'>percontari?</span> <span class='ocrx_word' id='word_1_204' title='bbox 1309 3066 1470 3128; x_wconf 88' lang='lat' dir='ltr'>Quod</span> <span class='ocrx_word' id='word_1_205' title='bbox 1512 3082 1644 3120; x_wconf 91' lang='lat' dir='ltr'>cum</span> <span class='ocrx_word' id='word_1_206' title='bbox 1676 3065 1776 3121; x_wconf 90' lang='lat' dir='ltr'>ille</span> <span class='ocrx_word' id='word_1_207' title='bbox 1808 3067 2022 3137; x_wconf 90' lang='lat' dir='ltr'>permi-</span> 
     </span>
    </p>
   </div>
   <div class='ocr_carea' id='block_1_33' title="bbox 377 3151 2018 3234">
    <p class='ocr_par' dir='ltr' id='par_1_33' title="bbox 377 3151 2018 3234">
     <span class='ocr_line' id='line_1_33' title="bbox 377 3151 2018 3234; baseline 0.002 -27"><span class='ocrx_word' id='word_1_208' title='bbox 377 3151 576 3220; x_wconf 87' lang='lat' dir='ltr'>sisset,</span> <span class='ocrx_word' id='word_1_209' title='bbox 609 3151 796 3234; x_wconf 86' lang='lat' dir='ltr'>petiit,</span> <span class='ocrx_word' id='word_1_210' title='bbox 828 3153 1086 3208; x_wconf 86' lang='lat' dir='ltr'>rationes</span> <span class='ocrx_word' id='word_1_211' title='bbox 1133 3169 1328 3208; x_wconf 88' lang='lat' dir='ltr'>eorum</span> <span class='ocrx_word' id='word_1_212' title='bbox 1360 3171 1485 3225; x_wconf 80' lang='lat' dir='ltr'>quae</span> <span class='ocrx_word' id='word_1_213' title='bbox 1515 3155 1875 3222; x_wconf 91' lang='lat' dir='ltr'>docuissent,</span> <span class='ocrx_word' id='word_1_214' title='bbox 1909 3157 2018 3210; x_wconf 88' lang='lat' dir='ltr'>sibi</span> 
     </span>
    </p>
   </div>
   <div class='ocr_carea' id='block_1_34' title="bbox 2391 484 3766 557">
    <p class='ocr_par' dir='ltr' id='par_1_34' title="bbox 2391 484 3766 557">
     <span class='ocr_line' id='line_1_34' title="bbox 2391 484 3766 557; baseline 0.001 -19"><span class='ocrx_word' id='word_1_215' title='bbox 2391 485 2480 538; x_wconf 78' lang='grc' dir='ltr'>καὶ</span> <span class='ocrx_word' id='word_1_216' title='bbox 2555 485 2646 538; x_wconf 89' lang='grc' dir='ltr'>τὸν</span> <span class='ocrx_word' id='word_1_217' title='bbox 2727 484 2886 556; x_wconf 88' lang='grc' dir='ltr'>μέσον</span> <span class='ocrx_word' id='word_1_218' title='bbox 2969 484 3246 557; x_wconf 81' lang='grc' dir='ltr'>εὐώνυμον</span> <span class='ocrx_word' id='word_1_219' title='bbox 3337 487 3766 555; x_wconf 71' lang='grc' dir='ltr'>καταστήσασθαι</span> 
     </span>
    </p>
   </div>
   <div class='ocr_carea' id='block_1_35' title="bbox 2123 568 3768 648">
    <p class='ocr_par' dir='ltr' id='par_1_35' title="bbox 2123 568 3768 648">
     <span class='ocr_line' id='line_1_35' title="bbox 2123 568 3768 648; baseline 0.003 -25"><span class='ocrx_word' id='word_1_220' title='bbox 2123 568 2428 640; x_wconf 85' lang='grc' dir='ltr'>σπεύδοντι,</span> <span class='ocrx_word' id='word_1_221' title='bbox 2509 572 2690 644; x_wconf 81' lang='grc' dir='ltr'>αὐτὸς,</span> <span class='ocrx_word' id='word_1_222' title='bbox 2770 573 2986 646; x_wconf 78' lang='grc' dir='ltr'>μάταιε,</span> <span class='ocrx_word' id='word_1_223' title='bbox 3066 575 3187 648; x_wconf 79' lang='grc' dir='ltr'>περὶ</span> <span class='ocrx_word' id='word_1_224' title='bbox 3260 578 3592 648; x_wconf 89' lang='grc' dir='ltr'>Σαρακηνῶν</span> <span class='ocrx_word' id='word_1_225' title='bbox 3652 573 3768 629; x_wconf 85' lang='grc' dir='ltr'>ἐπι-</span> 
     </span>
    </p>
   </div>
   <div class='ocr_carea' id='block_1_36' title="bbox 2122 658 3772 736">
    <p class='ocr_par' dir='ltr' id='par_1_36' title="bbox 2122 658 3772 736">
     <span class='ocr_line' id='line_1_36' title="bbox 2122 658 3772 736; baseline 0.002 -22"><span class='ocrx_word' id='word_1_226' title='bbox 2122 658 2334 734; x_wconf 82' lang='grc' dir='ltr'>δρομῆς</span> <span class='ocrx_word' id='word_1_227' title='bbox 2393 659 2635 736; x_wconf 72' lang='grc' dir='ltr'>διαλέγει</span> <span class='ocrx_word' id='word_1_228' title='bbox 2670 681 2801 734; x_wconf 85' lang='grc' dir='ltr'>μοι;</span> <span class='ocrx_word' id='word_1_229' title='bbox 2867 660 3131 726; x_wconf 73' lang='grc' dir='ltr'>Τοιούτος</span> <span class='ocrx_word' id='word_1_230' title='bbox 3181 665 3209 717; x_wconf 99' lang='lat'>6</span> <span class='ocrx_word' id='word_1_231' title='bbox 3242 664 3538 735; x_wconf 81' lang='grc' dir='ltr'>θαυμάσιος</span> <span class='ocrx_word' id='word_1_232' title='bbox 3568 663 3772 726; x_wconf 81' lang='grc' dir='ltr'>ἐκεῖνος</span> 
     </span>
    </p>
   </div>
   <div class='ocr_carea' id='block_1_37' title="bbox 2120 748 3764 827">
    <p class='ocr_par' dir='ltr' id='par_1_37' title="bbox 2120 748 3764 827">
     <span class='ocr_line' id='line_1_37' title="bbox 2120 748 3764 827; baseline 0.002 -24"><span class='ocrx_word' id='word_1_233' title='bbox 2120 749 2185 817; x_wconf 77' lang='grc' dir='ltr'>ἦν</span> <span class='ocrx_word' id='word_1_234' title='bbox 2225 748 2495 824; x_wconf 79' lang='grc' dir='ltr'>βασιλεὺς,</span> <span class='ocrx_word' id='word_1_235' title='bbox 2527 751 2617 805; x_wconf 87' lang='grc' dir='ltr'>καὶ</span> <span class='ocrx_word' id='word_1_236' title='bbox 2667 750 2809 805; x_wconf 77' lang='grc' dir='ltr'>οὕτω</span> <span class='ocrx_word' id='word_1_237' title='bbox 2859 751 2981 822; x_wconf 83' lang='grc' dir='ltr'>περὶ</span> <span class='ocrx_word' id='word_1_238' title='bbox 3030 756 3138 805; x_wconf 92' lang='grc' dir='ltr'>τῶν</span> <span class='ocrx_word' id='word_1_239' title='bbox 3187 756 3382 806; x_wconf 77' lang='grc' dir='ltr'>κοινῶν</span> <span class='ocrx_word' id='word_1_240' title='bbox 3431 751 3764 827; x_wconf 82' lang='grc' dir='ltr'>πραγμάτων</span> 
     </span>
    </p>
   </div>
   <div class='ocr_carea' id='block_1_38' title="bbox 2120 836 3767 917">
    <p class='ocr_par' dir='ltr' id='par_1_38' title="bbox 2120 836 3767 917">
     <span class='ocr_line' id='line_1_38' title="bbox 2120 836 3767 917; baseline 0.002 -25"><span class='ocrx_word' id='word_1_241' title='bbox 2120 840 2207 892; x_wconf 82' lang='grc' dir='ltr'>καὶ</span> <span class='ocrx_word' id='word_1_242' title='bbox 2259 846 2359 908; x_wconf 76' lang='grc' dir='ltr'>τῆς</span> <span class='ocrx_word' id='word_1_243' title='bbox 2417 839 2694 914; x_wconf 82' lang='grc' dir='ltr'>βασιλείας</span> <span class='ocrx_word' id='word_1_244' title='bbox 2755 836 3079 917; x_wconf 75' lang='grc' dir='ltr'>ἐφρόντιζεν.</span> <span class='ocrx_word' id='word_1_245' title='bbox 3161 841 3401 896; x_wconf 84' lang='grc' dir='ltr'>Έκείνου</span> <span class='ocrx_word' id='word_1_246' title='bbox 3473 838 3531 896; x_wconf 79' lang='grc' dir='ltr'>δὶ</span> <span class='ocrx_word' id='word_1_247' title='bbox 3575 846 3767 896; x_wconf 77' lang='grc' dir='ltr'>τοῦτον</span> 
     </span>
    </p>
   </div>
   <div class='ocr_carea' id='block_1_39' title="bbox 2123 925 3770 1007">
    <p class='ocr_par' dir='ltr' id='par_1_39' title="bbox 2123 925 3770 1007">
     <span class='ocr_line' id='line_1_39' title="bbox 2123 925 3770 1007; baseline 0.001 -26"><span class='ocrx_word' id='word_1_248' title='bbox 2123 925 2464 1000; x_wconf 73' lang='grc' dir='ltr'>διακειμένου</span> <span class='ocrx_word' id='word_1_249' title='bbox 2508 930 2601 984; x_wconf 88' lang='grc' dir='ltr'>τὸν</span> <span class='ocrx_word' id='word_1_250' title='bbox 2641 930 2866 1005; x_wconf 82' lang='grc' dir='ltr'>τρόπον,</span> <span class='ocrx_word' id='word_1_251' title='bbox 2920 931 2948 984; x_wconf 91' lang='lat'>6</span> <span class='ocrx_word' id='word_1_252' title='bbox 2994 928 3201 1005; x_wconf 88' lang='grc' dir='ltr'>Βάρδας</span> <span class='ocrx_word' id='word_1_253' title='bbox 3250 929 3470 1007; x_wconf 78' lang='grc' dir='ltr'>ἔστρεφε</span> <span class='ocrx_word' id='word_1_254' title='bbox 3497 931 3565 984; x_wconf 70' lang='grc' dir='ltr'>τὰ</span> <span class='ocrx_word' id='word_1_255' title='bbox 3595 930 3770 1004; x_wconf 84' lang='grc' dir='ltr'>πράγ-</span> 
     </span>
    </p>
   </div>
   <div class='ocr_carea' id='block_1_40' title="bbox 2125 1018 3770 1094">
    <p class='ocr_par' dir='ltr' id='par_1_40' title="bbox 2125 1018 3770 1094">
     <span class='ocr_line' id='line_1_40' title="bbox 2125 1018 3770 1094; baseline 0.001 -23"><span class='ocrx_word' id='word_1_256' title='bbox 2125 1038 2285 1088; x_wconf 87' lang='grc' dir='ltr'>ματα,</span> <span class='ocrx_word' id='word_1_257' title='bbox 2317 1019 2405 1072; x_wconf 80' lang='grc' dir='ltr'>καὶ</span> <span class='ocrx_word' id='word_1_258' title='bbox 2473 1021 2576 1093; x_wconf 70' lang='grc' dir='ltr'>ἦγε</span> <span class='ocrx_word' id='word_1_259' title='bbox 2624 1019 2692 1072; x_wconf 85' lang='grc' dir='ltr'>τά</span> <span class='ocrx_word' id='word_1_260' title='bbox 2741 1018 2915 1073; x_wconf 83' lang='grc' dir='ltr'>πάντα</span> <span class='ocrx_word' id='word_1_261' title='bbox 2963 1019 3069 1090; x_wconf 82' lang='grc' dir='ltr'>ὅπη</span> <span class='ocrx_word' id='word_1_262' title='bbox 3134 1023 3199 1088; x_wconf 69' lang='grc' dir='ltr'>ἦν</span> <span class='ocrx_word' id='word_1_263' title='bbox 3250 1020 3402 1092; x_wconf 88' lang='grc' dir='ltr'>αύτῷ</span> <span class='ocrx_word' id='word_1_264' title='bbox 3449 1020 3586 1090; x_wconf 86' lang='grc' dir='ltr'>πρὸς</span> <span class='ocrx_word' id='word_1_265' title='bbox 3645 1020 3770 1094; x_wconf 75' lang='grc' dir='ltr'>βοῦ-</span> 
     </span>
    </p>
   </div>
   <div class='ocr_carea' id='block_1_41' title="bbox 2124 1103 3767 1182">
    <p class='ocr_par' dir='ltr' id='par_1_41' title="bbox 2124 1103 3767 1182">
     <span class='ocr_line' id='line_1_41' title="bbox 2124 1103 3767 1182; baseline -0.001 -21"><span class='ocrx_word' id='word_1_266' title='bbox 2124 1104 2250 1174; x_wconf 82' lang='grc' dir='ltr'>λῆς,</span> <span class='ocrx_word' id='word_1_267' title='bbox 2298 1108 2384 1161; x_wconf 88' lang='grc' dir='ltr'>καὶ</span> <span class='ocrx_word' id='word_1_268' title='bbox 2441 1107 2516 1170; x_wconf 82' lang='grc' dir='ltr'>είς</span> <span class='ocrx_word' id='word_1_269' title='bbox 2569 1108 2668 1176; x_wconf 77' lang='grc' dir='ltr'>τὴν</span> <span class='ocrx_word' id='word_1_270' title='bbox 2719 1113 2817 1162; x_wconf 76' lang='grc' dir='ltr'>τοῦ</span> <span class='ocrx_word' id='word_1_271' title='bbox 2876 1108 3143 1182; x_wconf 88' lang='grc' dir='ltr'>Καίσαρος</span> <span class='ocrx_word' id='word_1_272' title='bbox 3201 1103 3524 1178; x_wconf 88' lang='grc' dir='ltr'>ἀναϐεϐήκει</span> <span class='ocrx_word' id='word_1_273' title='bbox 3575 1109 3767 1181; x_wconf 78' lang='grc' dir='ltr'>τιμὴν,</span> 
     </span>
    </p>
   </div>
   <div class='ocr_carea' id='block_1_42' title="bbox 2121 1195 3768 1270">
    <p class='ocr_par' dir='ltr' id='par_1_42' title="bbox 2121 1195 3768 1270">
     <span class='ocr_line' id='line_1_42' title="bbox 2121 1195 3768 1270; baseline 0.001 -21"><span class='ocrx_word' id='word_1_274' title='bbox 2121 1196 2207 1249; x_wconf 88' lang='grc' dir='ltr'>καὶ</span> <span class='ocrx_word' id='word_1_275' title='bbox 2259 1197 2431 1268; x_wconf 79' lang='grc' dir='ltr'>έαυτῷ</span> <span class='ocrx_word' id='word_1_276' title='bbox 2503 1197 2601 1265; x_wconf 80' lang='grc' dir='ltr'>τὴν</span> <span class='ocrx_word' id='word_1_277' title='bbox 2685 1195 2962 1270; x_wconf 80' lang='grc' dir='ltr'>βασιλείαν</span> <span class='ocrx_word' id='word_1_278' title='bbox 3039 1195 3260 1270; x_wconf 79' lang='grc' dir='ltr'>ἐμνᾶτο,</span> <span class='ocrx_word' id='word_1_279' title='bbox 3337 1196 3426 1252; x_wconf 86' lang='grc' dir='ltr'>καὶ</span> <span class='ocrx_word' id='word_1_280' title='bbox 3493 1197 3768 1268; x_wconf 82' lang='grc' dir='ltr'>εὐκαιρίαν</span> 
     </span>
    </p>
   </div>
   <div class='ocr_carea' id='block_1_43' title="bbox 2122 1283 3769 1360">
    <p class='ocr_par' dir='ltr' id='par_1_43' title="bbox 2122 1283 3769 1360">
     <span class='ocr_line' id='line_1_43' title="bbox 2122 1283 3769 1360; baseline 0.001 -22"><span class='ocrx_word' id='word_1_281' title='bbox 2122 1283 2321 1356; x_wconf 86' lang='grc' dir='ltr'>ἐζήτει,</span> <span class='ocrx_word' id='word_1_282' title='bbox 2349 1284 2422 1338; x_wconf 73' lang='grc' dir='ltr'>’ἶν’</span> <span class='ocrx_word' id='word_1_283' title='bbox 2480 1285 2647 1354; x_wconf 78' lang='grc' dir='ltr'>αὐτῆς</span> <span class='ocrx_word' id='word_1_284' title='bbox 2697 1284 3048 1358; x_wconf 78' lang='grc' dir='ltr'>ἐπιτεύξοιτο.</span> <span class='ocrx_word' id='word_1_285' title='bbox 3099 1284 3266 1342; x_wconf 74' lang='grc' dir='ltr'>Οὐδὲν</span> <span class='ocrx_word' id='word_1_286' title='bbox 3323 1285 3379 1342; x_wconf 89' lang='grc' dir='ltr'>δέ</span> <span class='ocrx_word' id='word_1_287' title='bbox 3425 1287 3476 1340; x_wconf 75' lang='grc' dir='ltr'>οἱ</span> <span class='ocrx_word' id='word_1_288' title='bbox 3519 1285 3769 1360; x_wconf 64' lang='grc' dir='ltr'>εἴργαστο</span> 
     </span>
    </p>
   </div>
   <div class='ocr_carea' id='block_1_44' title="bbox 2123 1373 3769 1450">
    <p class='ocr_par' dir='ltr' id='par_1_44' title="bbox 2123 1373 3769 1450">
     <span class='ocr_line' id='line_1_44' title="bbox 2123 1373 3769 1450; baseline 0.002 -23"><span class='ocrx_word' id='word_1_289' title='bbox 2123 1373 2344 1446; x_wconf 85' lang='grc' dir='ltr'>ἀγαθὸν,</span> <span class='ocrx_word' id='word_1_290' title='bbox 2403 1373 2436 1442; x_wconf 71' lang='grc' dir='ltr'>ἢ</span> <span class='ocrx_word' id='word_1_291' title='bbox 2490 1374 2552 1428; x_wconf 87' lang='grc' dir='ltr'>τὸ</span> <span class='ocrx_word' id='word_1_292' title='bbox 2608 1379 2714 1428; x_wconf 87' lang='grc' dir='ltr'>τῶν</span> <span class='ocrx_word' id='word_1_293' title='bbox 2769 1373 2946 1448; x_wconf 89' lang='grc' dir='ltr'>λόγων</span> <span class='ocrx_word' id='word_1_294' title='bbox 2990 1373 3246 1450; x_wconf 77' lang='grc' dir='ltr'>φροντίδα</span> <span class='ocrx_word' id='word_1_295' title='bbox 3294 1377 3474 1439; x_wconf 85' lang='grc' dir='ltr'>θέσθαι</span> <span class='ocrx_word' id='word_1_296' title='bbox 3528 1373 3769 1444; x_wconf 90' lang='grc' dir='ltr'>πολλήν.</span> 
     </span>
    </p>
   </div>
   <div class='ocr_carea' id='block_1_45' title="bbox 2125 1458 3770 1540">
    <p class='ocr_par' dir='ltr' id='par_1_45' title="bbox 2125 1458 3770 1540">
     <span class='ocr_line' id='line_1_45' title="bbox 2125 1458 3770 1540; baseline -0.001 -23"><span class='ocrx_word' id='word_1_297' title='bbox 2125 1462 2404 1533; x_wconf 78' lang='grc' dir='ltr'>Ἠμὲλητο</span> <span class='ocrx_word' id='word_1_298' title='bbox 2441 1463 2541 1537; x_wconf 72' lang='grc' dir='ltr'>γὰρ</span> <span class='ocrx_word' id='word_1_299' title='bbox 2571 1462 2638 1516; x_wconf 82' lang='grc' dir='ltr'>τὰ</span> <span class='ocrx_word' id='word_1_300' title='bbox 2660 1469 2760 1532; x_wconf 85' lang='grc' dir='ltr'>τῆς</span> <span class='ocrx_word' id='word_1_301' title='bbox 2791 1462 3136 1540; x_wconf 75' lang='grc' dir='ltr'>φιλοσοφίας,</span> <span class='ocrx_word' id='word_1_302' title='bbox 3175 1463 3264 1518; x_wconf 86' lang='grc' dir='ltr'>καὶ</span> <span class='ocrx_word' id='word_1_303' title='bbox 3311 1458 3521 1533; x_wconf 83' lang='grc' dir='ltr'>ἀπέσϐη</span> <span class='ocrx_word' id='word_1_304' title='bbox 3573 1461 3770 1537; x_wconf 87' lang='grc' dir='ltr'>σχεδὸν</span> 
     </span>
    </p>
   </div>
   <div class='ocr_carea' id='block_1_46' title="bbox 2126 1549 3767 1627">
    <p class='ocr_par' dir='ltr' id='par_1_46' title="bbox 2126 1549 3767 1627">
     <span class='ocr_line' id='line_1_46' title="bbox 2126 1549 3767 1627; baseline 0.001 -24"><span class='ocrx_word' id='word_1_305' title='bbox 2126 1550 2200 1612; x_wconf 82' lang='grc' dir='ltr'>εἰς</span> <span class='ocrx_word' id='word_1_306' title='bbox 2254 1551 2316 1604; x_wconf 87' lang='grc' dir='ltr'>τὸ</span> <span class='ocrx_word' id='word_1_307' title='bbox 2380 1550 2662 1619; x_wconf 71' lang='grc' dir='ltr'>παντελὲς,</span> <span class='ocrx_word' id='word_1_308' title='bbox 2721 1552 2796 1613; x_wconf 85' lang='grc' dir='ltr'>ὡς</span> <span class='ocrx_word' id='word_1_309' title='bbox 2838 1549 2966 1624; x_wconf 85' lang='grc' dir='ltr'>μηδ’</span> <span class='ocrx_word' id='word_1_310' title='bbox 2998 1550 3237 1625; x_wconf 71' lang='grc' dir='ltr'>ἕναυσμά</span> <span class='ocrx_word' id='word_1_311' title='bbox 3259 1574 3310 1608; x_wconf 91' lang='grc' dir='ltr'>τι</span> <span class='ocrx_word' id='word_1_312' title='bbox 3353 1552 3767 1627; x_wconf 78' lang='grc' dir='ltr'>περιλειφθῆναι</span> 
     </span>
    </p>
   </div>
   <div class='ocr_carea' id='block_1_47' title="bbox 2125 1637 3769 1717">
    <p class='ocr_par' dir='ltr' id='par_1_47' title="bbox 2125 1637 3769 1717">
     <span class='ocr_line' id='line_1_47' title="bbox 2125 1637 3769 1717; baseline 0.002 -25"><span class='ocrx_word' id='word_1_313' title='bbox 2125 1639 2312 1712; x_wconf 79' lang='grc' dir='ltr'>αὐτῇς.</span> <span class='ocrx_word' id='word_1_314' title='bbox 2347 1642 2522 1696; x_wconf 69' lang='grc' dir='ltr'>Τοῦτο</span> <span class='ocrx_word' id='word_1_315' title='bbox 2550 1637 2607 1693; x_wconf 77' lang='grc' dir='ltr'>δὲ</span> <span class='ocrx_word' id='word_1_316' title='bbox 2635 1643 2670 1708; x_wconf 81' lang='grc' dir='ltr'>ἠ</span> <span class='ocrx_word' id='word_1_317' title='bbox 2713 1645 2820 1694; x_wconf 91' lang='grc' dir='ltr'>τῶν</span> <span class='ocrx_word' id='word_1_318' title='bbox 2872 1641 3213 1715; x_wconf 77' lang='grc' dir='ltr'>κρατούντων</span> <span class='ocrx_word' id='word_1_319' title='bbox 3260 1641 3506 1717; x_wconf 77' lang='grc' dir='ltr'>εἷ’ργαστο</span> <span class='ocrx_word' id='word_1_320' title='bbox 3553 1641 3769 1717; x_wconf 82' lang='grc' dir='ltr'>ἀλογία.</span> 
     </span>
    </p>
   </div>
   <div class='ocr_carea' id='block_1_48' title="bbox 2125 1724 3771 1806">
    <p class='ocr_par' dir='ltr' id='par_1_48' title="bbox 2125 1724 3771 1806">
     <span class='ocr_line' id='line_1_48' title="bbox 2125 1724 3771 1806; baseline 0 -22"><span class='ocrx_word' id='word_1_321' title='bbox 2125 1729 2186 1784; x_wconf 89' lang='grc' dir='ltr'>Ὁ</span> <span class='ocrx_word' id='word_1_322' title='bbox 2240 1725 2298 1782; x_wconf 69' lang='grc' dir='ltr'>δὲ</span> <span class='ocrx_word' id='word_1_323' title='bbox 2362 1728 2451 1782; x_wconf 86' lang='grc' dir='ltr'>καὶ</span> <span class='ocrx_word' id='word_1_324' title='bbox 2493 1724 2770 1801; x_wconf 80' lang='grc' dir='ltr'>διατριϐὰς</span> <span class='ocrx_word' id='word_1_325' title='bbox 2843 1729 3038 1805; x_wconf 74' lang='grc' dir='ltr'>ἑκάστῃ</span> <span class='ocrx_word' id='word_1_326' title='bbox 3097 1729 3335 1806; x_wconf 78' lang='grc' dir='ltr'>ἀφώρισε</span> <span class='ocrx_word' id='word_1_327' title='bbox 3383 1735 3490 1784; x_wconf 89' lang='grc' dir='ltr'>τῶν</span> <span class='ocrx_word' id='word_1_328' title='bbox 3547 1730 3771 1800; x_wconf 77' lang='grc' dir='ltr'>ἐπιστη-</span> 
     </span>
    </p>
   </div>
   <div class='ocr_carea' id='block_1_49' title="bbox 2047 1814 3774 1920">
    <p class='ocr_par' dir='ltr' id='par_1_49' title="bbox 2047 1814 3774 1920">
     <span class='ocr_line' id='line_1_49' title="bbox 2047 1814 3774 1920; baseline 0.002 -51"><span class='ocrx_word' id='word_1_329' title='bbox 2047 1855 2096 1920; x_wconf 82' lang='grc' dir='ltr'><strong>Β</strong></span> <span class='ocrx_word' id='word_1_330' title='bbox 2131 1818 2268 1890; x_wconf 84' lang='grc' dir='ltr'>μῶν,</span> <span class='ocrx_word' id='word_1_331' title='bbox 2299 1818 2388 1870; x_wconf 77' lang='grc' dir='ltr'>καὶ</span> <span class='ocrx_word' id='word_1_332' title='bbox 2420 1814 2778 1880; x_wconf 71' lang='grc' dir='ltr'>διδασκάλοος</span> <span class='ocrx_word' id='word_1_333' title='bbox 2805 1817 3209 1892; x_wconf 83' lang='grc' dir='ltr'>προύστήσατο,</span> <span class='ocrx_word' id='word_1_334' title='bbox 3249 1820 3339 1873; x_wconf 92' lang='grc' dir='ltr'>καὶ</span> <span class='ocrx_word' id='word_1_335' title='bbox 3391 1820 3627 1888; x_wconf 78' lang='grc' dir='ltr'>σιτήσεις</span> <span class='ocrx_word' id='word_1_336' title='bbox 3678 1816 3774 1889; x_wconf 90' lang='grc' dir='ltr'>δη-</span> 
     </span>
    </p>
   </div>
   <div class='ocr_carea' id='block_1_50' title="bbox 2131 1905 3770 1981">
    <p class='ocr_par' dir='ltr' id='par_1_50' title="bbox 2131 1905 3770 1981">
     <span class='ocr_line' id='line_1_50' title="bbox 2131 1905 3770 1981; baseline 0.001 -21"><span class='ocrx_word' id='word_1_337' title='bbox 2131 1906 2320 1978; x_wconf 86' lang='grc' dir='ltr'>μοσίας</span> <span class='ocrx_word' id='word_1_338' title='bbox 2346 1906 2552 1961; x_wconf 88' lang='grc' dir='ltr'>τούτων</span> <span class='ocrx_word' id='word_1_339' title='bbox 2583 1907 2790 1979; x_wconf 83' lang='grc' dir='ltr'>έκάστῳ</span> <span class='ocrx_word' id='word_1_340' title='bbox 2838 1907 3143 1980; x_wconf 66' lang='grc' dir='ltr'>ἀπένειμεν*</span> <span class='ocrx_word' id='word_1_341' title='bbox 3187 1907 3274 1962; x_wconf 83' lang='grc' dir='ltr'>ἐπὶ</span> <span class='ocrx_word' id='word_1_342' title='bbox 3322 1914 3452 1962; x_wconf 82' lang='grc' dir='ltr'>πᾶσι</span> <span class='ocrx_word' id='word_1_343' title='bbox 3503 1905 3559 1962; x_wconf 74' lang='grc' dir='ltr'>δὲ</span> <span class='ocrx_word' id='word_1_344' title='bbox 3602 1908 3770 1981; x_wconf 84' lang='grc' dir='ltr'>μέγαν</span> 
     </span>
    </p>
   </div>
   <div class='ocr_carea' id='block_1_51' title="bbox 2127 1993 3766 2070">
    <p class='ocr_par' dir='ltr' id='par_1_51' title="bbox 2127 1993 3766 2070">
     <span class='ocr_line' id='line_1_51' title="bbox 2127 1993 3766 2070; baseline 0.001 -22"><span class='ocrx_word' id='word_1_345' title='bbox 2127 1995 2216 2048; x_wconf 83' lang='grc' dir='ltr'>καὶ</span> <span class='ocrx_word' id='word_1_346' title='bbox 2273 1997 2455 2050; x_wconf 89' lang='grc' dir='ltr'>κοινὸν</span> <span class='ocrx_word' id='word_1_347' title='bbox 2505 1999 2646 2067; x_wconf 74' lang='lat'>(47*)</span> <span class='ocrx_word' id='word_1_348' title='bbox 2692 1993 3016 2050; x_wconf 90' lang='grc' dir='ltr'>διδάσκαλον</span> <span class='ocrx_word' id='word_1_349' title='bbox 3061 1994 3411 2070; x_wconf 77' lang='grc' dir='ltr'>ἐγκατέστησε</span> <span class='ocrx_word' id='word_1_350' title='bbox 3455 1997 3546 2050; x_wconf 84' lang='grc' dir='ltr'>τὸν</span> <span class='ocrx_word' id='word_1_351' title='bbox 3603 1994 3766 2064; x_wconf 83' lang='grc' dir='ltr'>φιλό-</span> 
     </span>
    </p>
   </div>
   <div class='ocr_carea' id='block_1_52' title="bbox 2128 2083 3768 2162">
    <p class='ocr_par' dir='ltr' id='par_1_52' title="bbox 2128 2083 3768 2162">
     <span class='ocr_line' id='line_1_52' title="bbox 2128 2083 3768 2162; baseline 0.001 -25"><span class='ocrx_word' id='word_1_352' title='bbox 2128 2105 2292 2162; x_wconf 88' lang='grc' dir='ltr'>σοφον</span> <span class='ocrx_word' id='word_1_353' title='bbox 2338 2085 2558 2153; x_wconf 78' lang='grc' dir='ltr'>Λέοντα,</span> <span class='ocrx_word' id='word_1_354' title='bbox 2613 2083 2675 2138; x_wconf 76' lang='grc' dir='ltr'>οὗ</span> <span class='ocrx_word' id='word_1_355' title='bbox 2722 2083 2882 2148; x_wconf 82' lang='grc' dir='ltr'>κλέος</span> <span class='ocrx_word' id='word_1_356' title='bbox 2934 2084 3019 2140; x_wconf 80' lang='grc' dir='ltr'>ἐπὶ</span> <span class='ocrx_word' id='word_1_357' title='bbox 3070 2084 3231 2162; x_wconf 84' lang='grc' dir='ltr'>σοφίᾳ</span> <span class='ocrx_word' id='word_1_358' title='bbox 3276 2085 3441 2152; x_wconf 77' lang='grc' dir='ltr'>πολὺ,</span> <span class='ocrx_word' id='word_1_359' title='bbox 3483 2086 3544 2146; x_wconf 77' lang='grc' dir='ltr'>ὃς</span> <span class='ocrx_word' id='word_1_360' title='bbox 3571 2085 3768 2156; x_wconf 83' lang='grc' dir='ltr'>καὶτῷ</span> 
     </span>
    </p>
   </div>
   <div class='ocr_carea' id='block_1_53' title="bbox 2131 2171 3767 2249">
    <p class='ocr_par' dir='ltr' id='par_1_53' title="bbox 2131 2171 3767 2249">
     <span class='ocr_line' id='line_1_53' title="bbox 2131 2171 3767 2249; baseline 0.001 -22"><span class='ocrx_word' id='word_1_361' title='bbox 2131 2171 2344 2248; x_wconf 87' lang='grc' dir='ltr'>βασιλεῖ</span> <span class='ocrx_word' id='word_1_362' title='bbox 2383 2172 2636 2248; x_wconf 83' lang='grc' dir='ltr'>Θεοφίλῳ</span> <span class='ocrx_word' id='word_1_363' title='bbox 2665 2175 2882 2249; x_wconf 84' lang='grc' dir='ltr'>γέγονεν</span> <span class='ocrx_word' id='word_1_364' title='bbox 2917 2171 3132 2246; x_wconf 84' lang='grc' dir='ltr'>ἔντιμος</span> <span class='ocrx_word' id='word_1_365' title='bbox 3175 2172 3236 2228; x_wconf 86' lang='grc' dir='ltr'>ἐκ</span> <span class='ocrx_word' id='word_1_366' title='bbox 3281 2173 3487 2249; x_wconf 84' lang='grc' dir='ltr'>τρόπου</span> <span class='ocrx_word' id='word_1_367' title='bbox 3533 2171 3767 2229; x_wconf 79' lang='grc' dir='ltr'>τοιοῦδε.</span> 
     </span>
    </p>
   </div>
   <div class='ocr_carea' id='block_1_54' title="bbox 2128 2257 3773 2334">
    <p class='ocr_par' dir='ltr' id='par_1_54' title="bbox 2128 2257 3773 2334">
     <span class='ocr_line' id='line_1_54' title="bbox 2128 2257 3773 2334; baseline -0.002 -17"><span class='ocrx_word' id='word_1_368' title='bbox 2128 2261 2364 2318; x_wconf 77' lang='grc' dir='ltr'>Πολλῶν</span> <span class='ocrx_word' id='word_1_369' title='bbox 2420 2261 2567 2334; x_wconf 87' lang='grc' dir='ltr'>αύτῷ</span> <span class='ocrx_word' id='word_1_370' title='bbox 2625 2267 2898 2332; x_wconf 80' lang='grc' dir='ltr'>φοιτητῶν</span> <span class='ocrx_word' id='word_1_371' title='bbox 2947 2258 3138 2329; x_wconf 75' lang='grc' dir='ltr'>ὄντων,</span> <span class='ocrx_word' id='word_1_372' title='bbox 3197 2259 3290 2316; x_wconf 71' lang='grc' dir='ltr'>ἕνα</span> <span class='ocrx_word' id='word_1_373' title='bbox 3338 2257 3531 2332; x_wconf 83' lang='grc' dir='ltr'>συνέϐη</span> <span class='ocrx_word' id='word_1_374' title='bbox 3563 2261 3773 2316; x_wconf 88' lang='grc' dir='ltr'>τούτων</span> 
     </span>
    </p>
   </div>
   <div class='ocr_carea' id='block_1_55' title="bbox 2126 2349 3771 2426">
    <p class='ocr_par' dir='ltr' id='par_1_55' title="bbox 2126 2349 3771 2426">
     <span class='ocr_line' id='line_1_55' title="bbox 2126 2349 3771 2426; baseline 0 -22"><span class='ocrx_word' id='word_1_375' title='bbox 2126 2353 2263 2405; x_wconf 85' lang='grc' dir='ltr'>κατά</span> <span class='ocrx_word' id='word_1_376' title='bbox 2291 2353 2391 2420; x_wconf 81' lang='grc' dir='ltr'>τήν</span> <span class='ocrx_word' id='word_1_377' title='bbox 2423 2352 2590 2422; x_wconf 81' lang='grc' dir='ltr'>Ἑῲαν</span> <span class='ocrx_word' id='word_1_378' title='bbox 2639 2349 3075 2423; x_wconf 74' lang='grc' dir='ltr'>ἀποδημήσαντα</span> <span class='ocrx_word' id='word_1_379' title='bbox 3129 2356 3245 2414; x_wconf 85' lang='grc' dir='ltr'>τοῖς</span> <span class='ocrx_word' id='word_1_380' title='bbox 3301 2357 3634 2426; x_wconf 88' lang='grc' dir='ltr'>Σαρακηνοῖς</span> <span class='ocrx_word' id='word_1_381' title='bbox 3680 2371 3771 2424; x_wconf 87' lang='grc' dir='ltr'>γε-</span> 
     </span>
    </p>
   </div>
   <div class='ocr_carea' id='block_1_56' title="bbox 2127 2438 3770 2516">
    <p class='ocr_par' dir='ltr' id='par_1_56' title="bbox 2127 2438 3770 2516">
     <span class='ocr_line' id='line_1_56' title="bbox 2127 2438 3770 2516; baseline -0.001 -22"><span class='ocrx_word' id='word_1_382' title='bbox 2127 2441 2304 2504; x_wconf 82' lang='grc' dir='ltr'>νέσθαι</span> <span class='ocrx_word' id='word_1_383' title='bbox 2364 2439 2672 2512; x_wconf 85' lang='grc' dir='ltr'>ἁλώσιμον,</span> <span class='ocrx_word' id='word_1_384' title='bbox 2729 2441 2788 2502; x_wconf 78' lang='grc' dir='ltr'>ὃς</span> <span class='ocrx_word' id='word_1_385' title='bbox 2844 2441 2912 2494; x_wconf 86' lang='grc' dir='ltr'>τά</span> <span class='ocrx_word' id='word_1_386' title='bbox 2973 2447 3072 2510; x_wconf 82' lang='grc' dir='ltr'>τῆς</span> <span class='ocrx_word' id='word_1_387' title='bbox 3127 2439 3457 2516; x_wconf 84' lang='grc' dir='ltr'>γεωμετρίας</span> <span class='ocrx_word' id='word_1_388' title='bbox 3520 2438 3770 2511; x_wconf 88' lang='grc' dir='ltr'>μεμύητο</span> 
     </span>
    </p>
   </div>
   <div class='ocr_carea' id='block_1_57' title="bbox 2129 2523 3771 2604">
    <p class='ocr_par' dir='ltr' id='par_1_57' title="bbox 2129 2523 3771 2604">
     <span class='ocr_line' id='line_1_57' title="bbox 2129 2523 3771 2604; baseline -0.001 -22"><span class='ocrx_word' id='word_1_389' title='bbox 2129 2524 2390 2604; x_wconf 86' lang='grc' dir='ltr'>ἀκριϐῶς,</span> <span class='ocrx_word' id='word_1_390' title='bbox 2442 2529 2529 2582; x_wconf 84' lang='grc' dir='ltr'>καὶ</span> <span class='ocrx_word' id='word_1_391' title='bbox 2583 2527 2739 2590; x_wconf 73' lang='grc' dir='ltr'>οὗτος</span> <span class='ocrx_word' id='word_1_392' title='bbox 2791 2533 2899 2582; x_wconf 90' lang='grc' dir='ltr'>τῶν</span> <span class='ocrx_word' id='word_1_393' title='bbox 2959 2529 3104 2602; x_wconf 88' lang='grc' dir='ltr'>παρά</span> <span class='ocrx_word' id='word_1_394' title='bbox 3150 2533 3267 2591; x_wconf 82' lang='grc' dir='ltr'>τοῖς</span> <span class='ocrx_word' id='word_1_395' title='bbox 3331 2523 3620 2604; x_wconf 85' lang='grc' dir='ltr'>βαρϐάροις</span> <span class='ocrx_word' id='word_1_396' title='bbox 3650 2526 3771 2582; x_wconf 82' lang='grc' dir='ltr'>ἐπι-</span> 
     </span>
    </p>
   </div>
   <div class='ocr_carea' id='block_1_58' title="bbox 2131 2614 3770 2691">
    <p class='ocr_par' dir='ltr' id='par_1_58' title="bbox 2131 2614 3770 2691">
     <span class='ocr_line' id='line_1_58' title="bbox 2131 2614 3770 2691; baseline -0.001 -19"><span class='ocrx_word' id='word_1_397' title='bbox 2131 2621 2322 2691; x_wconf 90' lang='grc' dir='ltr'>σήμων</span> <span class='ocrx_word' id='word_1_398' title='bbox 2370 2618 2477 2672; x_wconf 86' lang='grc' dir='ltr'>τινὶ</span> <span class='ocrx_word' id='word_1_399' title='bbox 2537 2615 2812 2672; x_wconf 78' lang='grc' dir='ltr'>δουλεύειν</span> <span class='ocrx_word' id='word_1_400' title='bbox 2871 2617 3264 2690; x_wconf 87' lang='grc' dir='ltr'>ἀπονενέμητο.</span> <span class='ocrx_word' id='word_1_401' title='bbox 3316 2620 3416 2674; x_wconf 87' lang='grc' dir='ltr'>Ἦν</span> <span class='ocrx_word' id='word_1_402' title='bbox 3478 2614 3523 2671; x_wconf 88' lang='grc' dir='ltr'>δ’</span> <span class='ocrx_word' id='word_1_403' title='bbox 3571 2618 3599 2671; x_wconf 91' lang='lat'>6</span> <span class='ocrx_word' id='word_1_404' title='bbox 3645 2617 3770 2670; x_wconf 86' lang='grc' dir='ltr'>τότε</span> 
     </span>
    </p>
   </div>
   <div class='ocr_carea' id='block_1_59' title="bbox 2127 2705 3776 2784">
    <p class='ocr_par' dir='ltr' id='par_1_59' title="bbox 2127 2705 3776 2784">
     <span class='ocr_line' id='line_1_59' title="bbox 2127 2705 3776 2784; baseline -0.002 -23"><span class='ocrx_word' id='word_1_405' title='bbox 2127 2713 2233 2762; x_wconf 88' lang='grc' dir='ltr'>τῶν</span> <span class='ocrx_word' id='word_1_406' title='bbox 2272 2706 2332 2762; x_wconf 86' lang='grc' dir='ltr'>ἐκ</span> <span class='ocrx_word' id='word_1_407' title='bbox 2375 2713 2474 2776; x_wconf 82' lang='grc' dir='ltr'>τῆς</span> <span class='ocrx_word' id='word_1_408' title='bbox 2519 2709 2692 2782; x_wconf 73' lang='grc' dir='ltr'>’Ἅγαρ</span> <span class='ocrx_word' id='word_1_409' title='bbox 2739 2707 3087 2780; x_wconf 79' lang='grc' dir='ltr'>προεστηκὼς</span> <span class='ocrx_word' id='word_1_410' title='bbox 3137 2705 3473 2784; x_wconf 89' lang='grc' dir='ltr'>φιλολογων,</span> <span class='ocrx_word' id='word_1_411' title='bbox 3541 2705 3630 2758; x_wconf 81' lang='grc' dir='ltr'>καὶ</span> <span class='ocrx_word' id='word_1_412' title='bbox 3691 2724 3776 2782; x_wconf 83' lang='grc' dir='ltr'>φι-</span> 
     </span>
    </p>
   </div>
   <div class='ocr_carea' id='block_1_60' title="bbox 2131 2791 3769 2875">
    <p class='ocr_par' dir='ltr' id='par_1_60' title="bbox 2131 2791 3769 2875">
     <span class='ocr_line' id='line_1_60' title="bbox 2131 2791 3769 2875; baseline -0.003 -24"><span class='ocrx_word' id='word_1_413' title='bbox 2131 2797 2382 2875; x_wconf 87' lang='grc' dir='ltr'>λοσόφων</span> <span class='ocrx_word' id='word_1_414' title='bbox 2430 2794 2800 2872; x_wconf 79' lang='grc' dir='ltr'>θεωρημάτων</span> <span class='ocrx_word' id='word_1_415' title='bbox 2847 2794 3121 2867; x_wconf 74' lang='grc' dir='ltr'>ἐπιμελῶς</span> <span class='ocrx_word' id='word_1_416' title='bbox 3165 2795 3542 2867; x_wconf 82' lang='grc' dir='ltr'>ἀκροώμενος,</span> <span class='ocrx_word' id='word_1_417' title='bbox 3598 2791 3769 2848; x_wconf 91' lang='grc' dir='ltr'>πλέον</span> 
     </span>
    </p>
   </div>
   <div class='ocr_carea' id='block_1_61' title="bbox 2132 2880 3770 2959">
    <p class='ocr_par' dir='ltr' id='par_1_61' title="bbox 2132 2880 3770 2959">
     <span class='ocr_line' id='line_1_61' title="bbox 2132 2880 3770 2959; baseline -0.002 -19"><span class='ocrx_word' id='word_1_418' title='bbox 2132 2884 2188 2940; x_wconf 70' lang='grc' dir='ltr'>δὶ</span> <span class='ocrx_word' id='word_1_419' title='bbox 2217 2890 2324 2941; x_wconf 88' lang='grc' dir='ltr'>τῶν</span> <span class='ocrx_word' id='word_1_420' title='bbox 2371 2883 2555 2940; x_wconf 74' lang='grc' dir='ltr'>ἄλλων</span> <span class='ocrx_word' id='word_1_421' title='bbox 2581 2890 2705 2945; x_wconf 78' lang='grc' dir='ltr'>ταῖς</span> <span class='ocrx_word' id='word_1_422' title='bbox 2757 2889 3148 2959; x_wconf 72' lang='grc' dir='ltr'>γεωμετρικαῖς</span> <span class='ocrx_word' id='word_1_423' title='bbox 3201 2880 3452 2955; x_wconf 81' lang='grc' dir='ltr'>μεθόδοις</span> <span class='ocrx_word' id='word_1_424' title='bbox 3513 2882 3770 2956; x_wconf 84' lang='grc' dir='ltr'>προσκεί-</span> 
     </span>
    </p>
   </div>
   <div class='ocr_carea' id='block_1_62' title="bbox 2135 2967 3775 3051">
    <p class='ocr_par' dir='ltr' id='par_1_62' title="bbox 2135 2967 3775 3051">
     <span class='ocr_line' id='line_1_62' title="bbox 2135 2967 3775 3051; baseline -0.002 -23"><span class='ocrx_word' id='word_1_425' title='bbox 2135 2995 2316 3047; x_wconf 86' lang='grc' dir='ltr'>μενος.</span> <span class='ocrx_word' id='word_1_426' title='bbox 2346 2973 2566 3051; x_wconf 75' lang='grc' dir='ltr'>Ἐφοίτα</span> <span class='ocrx_word' id='word_1_427' title='bbox 2617 2970 2674 3027; x_wconf 80' lang='grc' dir='ltr'>δὲ</span> <span class='ocrx_word' id='word_1_428' title='bbox 2728 2973 2818 3026; x_wconf 90' lang='grc' dir='ltr'>καὶ</span> <span class='ocrx_word' id='word_1_429' title='bbox 2870 2973 2898 3026; x_wconf 92' lang='lat'>6</span> <span class='ocrx_word' id='word_1_430' title='bbox 2945 2976 3041 3026; x_wconf 77' lang='grc' dir='ltr'>τοῦ</span> <span class='ocrx_word' id='word_1_431' title='bbox 3089 2971 3454 3046; x_wconf 78' lang='grc' dir='ltr'>αἰχμαλώτου</span> <span class='ocrx_word' id='word_1_432' title='bbox 3508 2967 3775 3038; x_wconf 84' lang='grc' dir='ltr'>δεσπότης</span> 
     </span>
    </p>
   </div>
   <div class='ocr_carea' id='block_1_63' title="bbox 2129 3057 3773 3138">
    <p class='ocr_par' dir='ltr' id='par_1_63' title="bbox 2129 3057 3773 3138">
     <span class='ocr_line' id='line_1_63' title="bbox 2129 3057 3773 3138; baseline -0.004 -20"><span class='ocrx_word' id='word_1_433' title='bbox 2129 3063 2276 3138; x_wconf 87' lang='grc' dir='ltr'>παρά</span> <span class='ocrx_word' id='word_1_434' title='bbox 2323 3063 2386 3118; x_wconf 89' lang='grc' dir='ltr'>τὸ</span> <span class='ocrx_word' id='word_1_435' title='bbox 2435 3062 2816 3137; x_wconf 85' lang='grc' dir='ltr'>ἀκροατήριον,</span> <span class='ocrx_word' id='word_1_436' title='bbox 2864 3061 2953 3115; x_wconf 90' lang='grc' dir='ltr'>καί</span> <span class='ocrx_word' id='word_1_437' title='bbox 2999 3081 3132 3115; x_wconf 85' lang='grc' dir='ltr'>ποτε</span> <span class='ocrx_word' id='word_1_438' title='bbox 3183 3057 3333 3132; x_wconf 85' lang='grc' dir='ltr'>αὐτῷ</span> <span class='ocrx_word' id='word_1_439' title='bbox 3377 3059 3524 3113; x_wconf 86' lang='grc' dir='ltr'>καὶὸ</span> <span class='ocrx_word' id='word_1_440' title='bbox 3564 3058 3773 3134; x_wconf 84' lang='grc' dir='ltr'>αἰχμά-</span> 
     </span>
    </p>
   </div>
   <div class='ocr_carea' id='block_1_64' title="bbox 2133 3146 3774 3218">
    <p class='ocr_par' dir='ltr' id='par_1_64' title="bbox 2133 3146 3774 3218">
     <span class='ocr_line' id='line_1_64' title="bbox 2133 3146 3774 3218; baseline -0.005 -10"><span class='ocrx_word' id='word_1_441' title='bbox 2133 3152 2310 3213; x_wconf 89' lang='grc' dir='ltr'>λωτος</span> <span class='ocrx_word' id='word_1_442' title='bbox 2369 3148 2572 3218; x_wconf 70' lang='grc' dir='ltr'>εἶ’πετο,</span> <span class='ocrx_word' id='word_1_443' title='bbox 2625 3151 2715 3205; x_wconf 90' lang='grc' dir='ltr'>καὶ</span> <span class='ocrx_word' id='word_1_444' title='bbox 2795 3154 2905 3204; x_wconf 90' lang='grc' dir='ltr'>τῶν</span> <span class='ocrx_word' id='word_1_445' title='bbox 2977 3146 3337 3203; x_wconf 84' lang='grc' dir='ltr'>διδασκόντων</span> <span class='ocrx_word' id='word_1_446' title='bbox 3387 3147 3641 3218; x_wconf 86' lang='grc' dir='ltr'>ἀκούσας,</span> <span class='ocrx_word' id='word_1_447' title='bbox 3685 3147 3774 3201; x_wconf 87' lang='grc' dir='ltr'>καὶ</span> 
     </span>
    </p>
   </div>
   <div class='ocr_carea' id='block_1_65' title="bbox 383 3221 2020 3316">
    <p class='ocr_par' dir='ltr' id='par_1_65' title="bbox 383 3230 2015 3314">
     <span class='ocr_line' id='line_1_65' title="bbox 383 3230 2015 3314; baseline 0.003 -20"><span class='ocrx_word' id='word_1_448' title='bbox 383 3238 686 3295; x_wconf 89' lang='lat' dir='ltr'>declarari.</span> <span class='ocrx_word' id='word_1_449' title='bbox 743 3230 961 3295; x_wconf 82' lang='lat' dir='ltr'>Verum</span> <span class='ocrx_word' id='word_1_450' title='bbox 1017 3241 1132 3297; x_wconf 90' lang='lat' dir='ltr'>illis</span> <span class='ocrx_word' id='word_1_451' title='bbox 1189 3243 1342 3313; x_wconf 90' lang='lat' dir='ltr'>quod</span> <span class='ocrx_word' id='word_1_452' title='bbox 1400 3245 1840 3314; x_wconf 87' lang='lat' dir='ltr'>responderent,</span> <span class='ocrx_word' id='word_1_453' title='bbox 1899 3260 2015 3298; x_wconf 92' lang='lat' dir='ltr'>non</span> 
     </span>
    </p>
   </div>
   <div class='ocr_carea' id='block_1_66' title="bbox 2128 3221 3772 3316">
    <p class='ocr_par' dir='ltr' id='par_1_66' title="bbox 2132 3235 3772 3316">
     <span class='ocr_line' id='line_1_66' title="bbox 2132 3235 3772 3316; baseline -0.004 -20"><span class='ocrx_word' id='word_1_454' title='bbox 2132 3243 2394 3316; x_wconf 83' lang='grc' dir='ltr'>σχήματα</span> <span class='ocrx_word' id='word_1_455' title='bbox 2434 3240 2658 3301; x_wconf 80' lang='grc' dir='ltr'>τούτους</span> <span class='ocrx_word' id='word_1_456' title='bbox 2712 3235 2839 3292; x_wconf 81' lang='grc' dir='ltr'>ἰδὼν</span> <span class='ocrx_word' id='word_1_457' title='bbox 2891 3235 3348 3313; x_wconf 86' lang='grc' dir='ltr'>διαχαράττοντας</span> <span class='ocrx_word' id='word_1_458' title='bbox 3409 3235 3772 3312; x_wconf 74' lang='grc' dir='ltr'>γεωμετρικά,</span> 
     </span>
    </p>
   </div>
   <div class='ocr_carea' id='block_1_67' title="bbox 375 3327 2022 3404">
    <p class='ocr_par' dir='ltr' id='par_1_67' title="bbox 375 3327 2022 3404">
     <span class='ocr_line' id='line_1_67' title="bbox 375 3327 2022 3404; baseline 0.002 -21"><span class='ocrx_word' id='word_1_459' title='bbox 375 3327 747 3400; x_wconf 88' lang='lat' dir='ltr'>habentibus,</span> <span class='ocrx_word' id='word_1_460' title='bbox 781 3331 1175 3402; x_wconf 82' lang='lat' dir='ltr'>Agarenorum</span> <span class='ocrx_word' id='word_1_461' title='bbox 1223 3331 1494 3403; x_wconf 89' lang='lat' dir='ltr'>princeps</span> <span class='ocrx_word' id='word_1_462' title='bbox 1552 3332 1776 3404; x_wconf 90' lang='lat' dir='ltr'>captivo</span> <span class='ocrx_word' id='word_1_463' title='bbox 1833 3349 2022 3388; x_wconf 89' lang='lat' dir='ltr'>accer-</span> 
     </span>
    </p>
   </div>
   <div class='ocr_carea' id='block_1_68' title="bbox 378 3417 2022 3492">
    <p class='ocr_par' dir='ltr' id='par_1_68' title="bbox 378 3417 2022 3492">
     <span class='ocr_line' id='line_1_68' title="bbox 378 3417 2022 3492; baseline 0.004 -20"><span class='ocrx_word' id='word_1_464' title='bbox 378 3417 512 3484; x_wconf 90' lang='lat' dir='ltr'>sito,</span> <span class='ocrx_word' id='word_1_465' title='bbox 547 3434 687 3473; x_wconf 91' lang='lat' dir='ltr'>num</span> <span class='ocrx_word' id='word_1_466' title='bbox 720 3419 846 3490; x_wconf 89' lang='lat' dir='ltr'>ipse</span> <span class='ocrx_word' id='word_1_467' title='bbox 874 3419 930 3474; x_wconf 87' lang='lat' dir='ltr'>id</span> <span class='ocrx_word' id='word_1_468' title='bbox 965 3425 1160 3491; x_wconf 90' lang='lat' dir='ltr'>posset</span> <span class='ocrx_word' id='word_1_469' title='bbox 1187 3423 1214 3475; x_wconf 68' lang='grc' dir='ltr'>Υ</span> <span class='ocrx_word' id='word_1_470' title='bbox 1251 3420 1645 3490; x_wconf 79' lang='lat' dir='ltr'>interrogavit,</span> <span class='ocrx_word' id='word_1_471' title='bbox 1677 3438 1930 3492; x_wconf 90' lang='lat' dir='ltr'>eumque</span> <span class='ocrx_word' id='word_1_472' title='bbox 1959 3440 2022 3478; x_wconf 89' lang='lat' dir='ltr'>se</span> 
     </span>
    </p>
   </div>
   <div class='ocr_carea' id='block_1_69' title="bbox 379 3505 2022 3582">
    <p class='ocr_par' dir='ltr' id='par_1_69' title="bbox 379 3505 2022 3582">
     <span class='ocr_line' id='line_1_69' title="bbox 379 3505 2022 3582; baseline 0.002 -20"><span class='ocrx_word' id='word_1_473' title='bbox 379 3505 530 3562; x_wconf 87' lang='lat' dir='ltr'>scire</span> <span class='ocrx_word' id='word_1_474' title='bbox 559 3509 974 3577; x_wconf 83' lang='lat' dir='ltr'>afﬁrmantem,</span> <span class='ocrx_word' id='word_1_475' title='bbox 999 3510 1202 3564; x_wconf 77' lang='lat' dir='ltr'>alferre</span> <span class='ocrx_word' id='word_1_476' title='bbox 1232 3509 1289 3564; x_wconf 91' lang='lat' dir='ltr'>in</span> <span class='ocrx_word' id='word_1_477' title='bbox 1325 3510 1583 3565; x_wconf 89' lang='lat' dir='ltr'>medium</span> <span class='ocrx_word' id='word_1_478' title='bbox 1607 3512 1812 3582; x_wconf 82' lang='lat' dir='ltr'>jussit.</span> <span class='ocrx_word' id='word_1_479' title='bbox 1837 3511 2022 3582; x_wconf 79' lang='lat' dir='ltr'>Capti-</span> 
     </span>
    </p>
   </div>
   <div class='ocr_carea' id='block_1_70' title="bbox 380 3595 2021 3672">
    <p class='ocr_par' dir='ltr' id='par_1_70' title="bbox 380 3595 2021 3672">
     <span class='ocr_line' id='line_1_70' title="bbox 380 3595 2021 3672; baseline 0.004 -22"><span class='ocrx_word' id='word_1_480' title='bbox 380 3612 489 3651; x_wconf 88' lang='lat' dir='ltr'>vus</span> <span class='ocrx_word' id='word_1_481' title='bbox 540 3595 720 3668; x_wconf 91' lang='lat' dir='ltr'>igitur</span> <span class='ocrx_word' id='word_1_482' title='bbox 757 3597 830 3652; x_wconf 90' lang='lat' dir='ltr'>ab</span> <span class='ocrx_word' id='word_1_483' title='bbox 878 3598 1047 3653; x_wconf 92' lang='lat' dir='ltr'>initio</span> <span class='ocrx_word' id='word_1_484' title='bbox 1105 3598 1361 3654; x_wconf 90' lang='lat' dir='ltr'>declarat</span> <span class='ocrx_word' id='word_1_485' title='bbox 1407 3599 1662 3672; x_wconf 88' lang='lat' dir='ltr'>singula,</span> <span class='ocrx_word' id='word_1_486' title='bbox 1695 3601 2021 3656; x_wconf 75' lang='lat' dir='ltr'>rationibus</span> 
     </span>
    </p>
   </div>
   <div class='ocr_carea' id='block_1_71' title="bbox 382 3685 2022 3762">
    <p class='ocr_par' dir='ltr' id='par_1_71' title="bbox 382 3685 2022 3762">
     <span class='ocr_line' id='line_1_71' title="bbox 382 3685 2022 3762; baseline 0.002 -20"><span class='ocrx_word' id='word_1_487' title='bbox 382 3685 654 3742; x_wconf 77' lang='lat' dir='ltr'>adductis</span> <span class='ocrx_word' id='word_1_488' title='bbox 686 3691 744 3742; x_wconf 95' lang='lat' dir='ltr'>et</span> <span class='ocrx_word' id='word_1_489' title='bbox 775 3687 967 3742; x_wconf 88' lang='lat' dir='ltr'>causis</span> <span class='ocrx_word' id='word_1_490' title='bbox 999 3689 1297 3758; x_wconf 88' lang='lat' dir='ltr'>expositis.</span> <span class='ocrx_word' id='word_1_491' title='bbox 1333 3688 1641 3745; x_wconf 81' lang='lat' dir='ltr'>Auditores</span> <span class='ocrx_word' id='word_1_492' title='bbox 1669 3691 1863 3746; x_wconf 88' lang='lat' dir='ltr'>verbis</span> <span class='ocrx_word' id='word_1_493' title='bbox 1893 3692 2022 3762; x_wconf 86' lang='lat' dir='ltr'>ejus</span> 
     </span>
    </p>
   </div>
   <div class='ocr_carea' id='block_1_72' title="bbox 381 3772 2025 3850">
    <p class='ocr_par' dir='ltr' id='par_1_72' title="bbox 381 3772 2025 3850">
     <span class='ocr_line' id='line_1_72' title="bbox 381 3772 2025 3850; baseline 0.005 -23"><span class='ocrx_word' id='word_1_494' title='bbox 381 3772 716 3840; x_wconf 88' lang='lat' dir='ltr'>intellectis,</span> <span class='ocrx_word' id='word_1_495' title='bbox 752 3775 1111 3832; x_wconf 85' lang='lat' dir='ltr'>theoremata</span> <span class='ocrx_word' id='word_1_496' title='bbox 1141 3776 1372 3833; x_wconf 89' lang='lat' dir='ltr'>acutius</span> <span class='ocrx_word' id='word_1_497' title='bbox 1404 3781 2025 3850; x_wconf 84' lang='lat' dir='ltr'>perspexerunt,quasi</span> 
     </span>
    </p>
   </div>
   <div class='ocr_carea' id='block_1_73' title="bbox 380 3861 2020 3940">
    <p class='ocr_par' dir='ltr' id='par_1_73' title="bbox 380 3861 2020 3940">
     <span class='ocr_line' id='line_1_73' title="bbox 380 3861 2020 3940; baseline 0.004 -24"><span class='ocrx_word' id='word_1_498' title='bbox 380 3861 640 3918; x_wconf 87' lang='lat' dir='ltr'>dilatatis</span> <span class='ocrx_word' id='word_1_499' title='bbox 699 3864 975 3936; x_wconf 89' lang='lat' dir='ltr'>ingeniis,</span> <span class='ocrx_word' id='word_1_500' title='bbox 1032 3865 1339 3936; x_wconf 86' lang='lat' dir='ltr'>virumque</span> <span class='ocrx_word' id='word_1_501' title='bbox 1391 3867 1664 3922; x_wconf 88' lang='lat' dir='ltr'>admirati</span> <span class='ocrx_word' id='word_1_502' title='bbox 1717 3874 2020 3940; x_wconf 90' lang='lat' dir='ltr'>rogarunt,</span> 
     </span>
    </p>
   </div>
   <div class='ocr_carea' id='block_1_74' title="bbox 379 3952 2026 4024">
    <p class='ocr_par' dir='ltr' id='par_1_74' title="bbox 379 3952 2026 4024">
     <span class='ocr_line' id='line_1_74' title="bbox 379 3952 2026 4024; baseline 0.004 -19"><span class='ocrx_word' id='word_1_503' title='bbox 379 3952 480 4005; x_wconf 79' lang='grc'>16</span> <span class='ocrx_word' id='word_1_504' title='bbox 496 3953 528 4007; x_wconf 95' lang='lat' dir='ltr'><strong>l</strong></span> <span class='ocrx_word' id='word_1_505' title='bbox 563 3969 638 4007; x_wconf 90' lang='lat' dir='ltr'>an</span> <span class='ocrx_word' id='word_1_506' title='bbox 659 3953 1193 4024; x_wconf 83' lang='lat' dir='ltr'>Constantinopolis</span> <span class='ocrx_word' id='word_1_507' title='bbox 1216 3955 1362 4010; x_wconf 90' lang='lat' dir='ltr'>alios</span> <span class='ocrx_word' id='word_1_508' title='bbox 1383 3955 1606 4011; x_wconf 89' lang='lat' dir='ltr'>similes</span> <span class='ocrx_word' id='word_1_509' title='bbox 1635 3956 1921 4011; x_wconf 85' lang='lat' dir='ltr'>haberet?</span> <span class='ocrx_word' id='word_1_510' title='bbox 1953 3963 2026 4012; x_wconf 79' lang='lat' dir='ltr'>At</span> 
     </span>
    </p>
   </div>
   <div class='ocr_carea' id='block_1_75' title="bbox 377 4038 2022 4114">
    <p class='ocr_par' dir='ltr' id='par_1_75' title="bbox 377 4038 2022 4114">
     <span class='ocr_line' id='line_1_75' title="bbox 377 4038 2022 4114; baseline 0.004 -20"><span class='ocrx_word' id='word_1_511' title='bbox 377 4039 526 4095; x_wconf 87' lang='lat' dir='ltr'>ille:</span> <span class='ocrx_word' id='word_1_512' title='bbox 578 4038 790 4109; x_wconf 72' lang='grc' dir='ltr'>ιιιιιισε,</span> <span class='ocrx_word' id='word_1_513' title='bbox 846 4042 1060 4114; x_wconf 92' lang='lat' dir='ltr'>inquit,</span> <span class='ocrx_word' id='word_1_514' title='bbox 1092 4060 1180 4097; x_wconf 77' lang='lat' dir='ltr'>me</span> <span class='ocrx_word' id='word_1_515' title='bbox 1229 4045 1642 4114; x_wconf 67' lang='lat' dir='ltr'>praestantiore:</span> <span class='ocrx_word' id='word_1_516' title='bbox 1699 4044 1878 4108; x_wconf 78' lang='lat' dir='ltr'>habet,</span> <span class='ocrx_word' id='word_1_517' title='bbox 1933 4046 2022 4101; x_wconf 80' lang='lat' dir='ltr'>sed</span> 
     </span>
    </p>
   </div>
   <div class='ocr_carea' id='block_1_76' title="bbox 377 4133 2023 4205">
    <p class='ocr_par' dir='ltr' id='par_1_76' title="bbox 377 4133 2023 4205">
     <span class='ocr_line' id='line_1_76' title="bbox 377 4133 2023 4205; baseline 0.005 -23"><span class='ocrx_word' id='word_1_518' title='bbox 377 4144 554 4183; x_wconf 85' lang='lat' dir='ltr'>unum</span> <span class='ocrx_word' id='word_1_519' title='bbox 609 4133 933 4202; x_wconf 75' lang='lat' dir='ltr'>magistrum</span> <span class='ocrx_word' id='word_1_520' title='bbox 987 4134 1258 4201; x_wconf 81' lang='lat' dir='ltr'>omnium,</span> <span class='ocrx_word' id='word_1_521' title='bbox 1320 4135 1503 4188; x_wconf 81' lang='lat' dir='ltr'>virum</span> <span class='ocrx_word' id='word_1_522' title='bbox 1542 4136 1598 4188; x_wconf 84' lang='lat' dir='ltr'>in</span> <span class='ocrx_word' id='word_1_523' title='bbox 1638 4133 2023 4205; x_wconf 76' lang='lat' dir='ltr'>philosophicis</span> 
     </span>
    </p>
   </div>
   <div class='ocr_carea' id='block_1_77' title="bbox 380 4220 2023 4296">
    <p class='ocr_par' dir='ltr' id='par_1_77' title="bbox 380 4220 2023 4296">
     <span class='ocr_line' id='line_1_77' title="bbox 380 4220 2023 4296; baseline 0.005 -24"><span class='ocrx_word' id='word_1_524' title='bbox 380 4220 689 4274; x_wconf 73' lang='lat' dir='ltr'>rationibus</span> <span class='ocrx_word' id='word_1_525' title='bbox 704 4222 1217 4292; x_wconf 76' lang='lat' dir='ltr'>incompambitem.</span> <span class='ocrx_word' id='word_1_526' title='bbox 1245 4223 1343 4276; x_wconf 77' lang='lat' dir='ltr'>His</span> <span class='ocrx_word' id='word_1_527' title='bbox 1363 4222 1599 4290; x_wconf 86' lang='lat' dir='ltr'>auditis,</span> <span class='ocrx_word' id='word_1_528' title='bbox 1623 4226 2023 4296; x_wconf 87' lang='lat' dir='ltr'>Agarenorum</span> 
     </span>
    </p>
   </div>
   <div class='ocr_carea' id='block_1_78' title="bbox 380 4306 2024 4382">
    <p class='ocr_par' dir='ltr' id='par_1_78' title="bbox 380 4306 2024 4382">
     <span class='ocr_line' id='line_1_78' title="bbox 380 4306 2024 4382; baseline 0.005 -22"><span class='ocrx_word' id='word_1_529' title='bbox 380 4306 654 4380; x_wconf 88' lang='lat' dir='ltr'>princeps</span> <span class='ocrx_word' id='word_1_530' title='bbox 702 4325 901 4364; x_wconf 91' lang='lat' dir='ltr'>amore</span> <span class='ocrx_word' id='word_1_531' title='bbox 931 4309 1092 4365; x_wconf 90' lang='lat' dir='ltr'>illius</span> <span class='ocrx_word' id='word_1_532' title='bbox 1131 4311 1398 4382; x_wconf 83' lang='lat' dir='ltr'>magistri</span> <span class='ocrx_word' id='word_1_533' title='bbox 1431 4318 1658 4382; x_wconf 86' lang='lat' dir='ltr'>captus,</span> <span class='ocrx_word' id='word_1_534' title='bbox 1690 4329 1825 4367; x_wconf 90' lang='lat' dir='ltr'>eum</span> <span class='ocrx_word' id='word_1_535' title='bbox 1855 4319 1911 4368; x_wconf 90' lang='lat' dir='ltr'>et</span> <span class='ocrx_word' id='word_1_536' title='bbox 1936 4315 2024 4368; x_wconf 82' lang='lat' dir='ltr'>vi-</span> 
     </span>
    </p>
   </div>
   <div class='ocr_carea' id='block_1_79' title="bbox 381 4395 2024 4471">
    <p class='ocr_par' dir='ltr' id='par_1_79' title="bbox 381 4395 2024 4471">
     <span class='ocr_line' id='line_1_79' title="bbox 381 4395 2024 4471; baseline 0.004 -21"><span class='ocrx_word' id='word_1_537' title='bbox 381 4395 519 4451; x_wconf 89' lang='lat' dir='ltr'>dere</span> <span class='ocrx_word' id='word_1_538' title='bbox 549 4402 607 4452; x_wconf 89' lang='lat' dir='ltr'>et</span> <span class='ocrx_word' id='word_1_539' title='bbox 637 4398 840 4453; x_wconf 89' lang='lat' dir='ltr'>audire</span> <span class='ocrx_word' id='word_1_540' title='bbox 871 4398 1244 4466; x_wconf 86' lang='lat' dir='ltr'>desideravit,</span> <span class='ocrx_word' id='word_1_541' title='bbox 1278 4417 1342 4454; x_wconf 91' lang='lat' dir='ltr'>ac</span> <span class='ocrx_word' id='word_1_542' title='bbox 1373 4399 1617 4467; x_wconf 85' lang='lat' dir='ltr'>litteras,</span> <span class='ocrx_word' id='word_1_543' title='bbox 1651 4401 1868 4471; x_wconf 84' lang='lat' dir='ltr'>quibus</span> <span class='ocrx_word' id='word_1_544' title='bbox 1891 4402 2024 4458; x_wconf 91' lang='lat' dir='ltr'>hor-</span> 
     </span>
    </p>
   </div>
   <div class='ocr_carea' id='block_1_80' title="bbox 380 4486 2025 4560">
    <p class='ocr_par' dir='ltr' id='par_1_80' title="bbox 380 4486 2025 4560">
     <span class='ocr_line' id='line_1_80' title="bbox 380 4486 2025 4560; baseline 0.004 -20"><span class='ocrx_word' id='word_1_545' title='bbox 380 4486 619 4541; x_wconf 84' lang='lat' dir='ltr'>tabatur</span> <span class='ocrx_word' id='word_1_546' title='bbox 647 4493 712 4542; x_wconf 91' lang='lat' dir='ltr'>ut</span> <span class='ocrx_word' id='word_1_547' title='bbox 739 4488 812 4542; x_wconf 92' lang='lat' dir='ltr'>ad</span> <span class='ocrx_word' id='word_1_548' title='bbox 845 4503 906 4543; x_wconf 88' lang='lat' dir='ltr'>se</span> <span class='ocrx_word' id='word_1_549' title='bbox 938 4487 1176 4557; x_wconf 86' lang='lat' dir='ltr'>veniret,</span> <span class='ocrx_word' id='word_1_550' title='bbox 1219 4504 1506 4559; x_wconf 86' lang='lat' dir='ltr'>suamque</span> <span class='ocrx_word' id='word_1_551' title='bbox 1531 4489 1878 4560; x_wconf 88' lang='lat' dir='ltr'>sapientiam</span> <span class='ocrx_word' id='word_1_552' title='bbox 1911 4491 2025 4546; x_wconf 92' lang='lat' dir='ltr'>sibi</span> 
     </span>
    </p>
   </div>
   <div class='ocr_carea' id='block_1_81' title="bbox 380 4575 2025 4650">
    <p class='ocr_par' dir='ltr' id='par_1_81' title="bbox 380 4575 2025 4650">
     <span class='ocr_line' id='line_1_81' title="bbox 380 4575 2025 4650; baseline 0.003 -21"><span class='ocrx_word' id='word_1_553' title='bbox 380 4575 862 4644; x_wconf 88' lang='lat' dir='ltr'>communicaret,</span> <span class='ocrx_word' id='word_1_554' title='bbox 891 4577 1116 4646; x_wconf 85' lang='lat' dir='ltr'>captivo</span> <span class='ocrx_word' id='word_1_555' title='bbox 1173 4575 1493 4632; x_wconf 86' lang='lat' dir='ltr'>liberaliter</span> <span class='ocrx_word' id='word_1_556' title='bbox 1531 4584 1588 4633; x_wconf 91' lang='lat' dir='ltr'>et</span> <span class='ocrx_word' id='word_1_557' title='bbox 1626 4578 1875 4650; x_wconf 87' lang='lat' dir='ltr'>benigne</span> <span class='ocrx_word' id='word_1_558' title='bbox 1905 4584 2025 4634; x_wconf 91' lang='lat' dir='ltr'>tra-</span> 
     </span>
    </p>
   </div>
   <div class='ocr_carea' id='block_1_82' title="bbox 380 4665 2026 4736">
    <p class='ocr_par' dir='ltr' id='par_1_82' title="bbox 380 4665 2026 4736">
     <span class='ocr_line' id='line_1_82' title="bbox 380 4665 2026 4736; baseline 0.004 -18"><span class='ocrx_word' id='word_1_559' title='bbox 380 4667 555 4732; x_wconf 88' lang='lat' dir='ltr'>ctato,</span> <span class='ocrx_word' id='word_1_560' title='bbox 591 4665 663 4720; x_wconf 89' lang='lat' dir='ltr'>ad</span> <span class='ocrx_word' id='word_1_561' title='bbox 697 4665 864 4719; x_wconf 83' lang='lat' dir='ltr'>illum</span> <span class='ocrx_word' id='word_1_562' title='bbox 914 4665 1291 4736; x_wconf 80' lang='lat' dir='ltr'>perferendas</span> <span class='ocrx_word' id='word_1_563' title='bbox 1334 4666 1528 4722; x_wconf 88' lang='lat' dir='ltr'>tradit.</span> <span class='ocrx_word' id='word_1_564' title='bbox 1563 4671 1635 4721; x_wconf 86' lang='lat' dir='ltr'>At</span> <span class='ocrx_word' id='word_1_565' title='bbox 1667 4667 1778 4722; x_wconf 91' lang='lat' dir='ltr'>Leo</span> <span class='ocrx_word' id='word_1_566' title='bbox 1808 4668 2026 4724; x_wconf 87' lang='lat' dir='ltr'>veritus</span> 
     </span>
    </p>
   </div>
   <div class='ocr_carea' id='block_1_83' title="bbox 379 4753 2024 4825">
    <p class='ocr_par' dir='ltr' id='par_1_83' title="bbox 379 4753 2024 4825">
     <span class='ocr_line' id='line_1_83' title="bbox 379 4753 2024 4825; baseline 0.004 -18"><span class='ocrx_word' id='word_1_567' title='bbox 379 4769 451 4808; x_wconf 91' lang='lat' dir='ltr'>ne</span> <span class='ocrx_word' id='word_1_568' title='bbox 479 4753 536 4807; x_wconf 90' lang='lat' dir='ltr'>in</span> <span class='ocrx_word' id='word_1_569' title='bbox 586 4754 808 4809; x_wconf 88' lang='lat' dir='ltr'>crimen</span> <span class='ocrx_word' id='word_1_570' title='bbox 840 4753 1082 4822; x_wconf 89' lang='lat' dir='ltr'>veniret,</span> <span class='ocrx_word' id='word_1_571' title='bbox 1116 4753 1189 4808; x_wconf 91' lang='lat' dir='ltr'>ob</span> <span class='ocrx_word' id='word_1_572' title='bbox 1238 4755 1452 4810; x_wconf 87' lang='lat' dir='ltr'>missas</span> <span class='ocrx_word' id='word_1_573' title='bbox 1483 4755 1554 4809; x_wconf 89' lang='lat' dir='ltr'>ab</span> <span class='ocrx_word' id='word_1_574' title='bbox 1584 4755 1752 4812; x_wconf 90' lang='lat' dir='ltr'>hoste</span> <span class='ocrx_word' id='word_1_575' title='bbox 1781 4757 2024 4825; x_wconf 85' lang='lat' dir='ltr'>litteras,</span> 
     </span>
    </p>
   </div>
   <div class='ocr_carea' id='block_1_84' title="bbox 379 4840 2025 4916">
    <p class='ocr_par' dir='ltr' id='par_1_84' title="bbox 379 4840 2025 4916">
     <span class='ocr_line' id='line_1_84' title="bbox 379 4840 2025 4916; baseline 0.004 -20"><span class='ocrx_word' id='word_1_576' title='bbox 379 4840 694 4912; x_wconf 87' lang='lat' dir='ltr'>epistolam</span> <span class='ocrx_word' id='word_1_577' title='bbox 749 4859 959 4898; x_wconf 88' lang='lat' dir='ltr'>cursus</span> <span class='ocrx_word' id='word_1_578' title='bbox 1014 4840 1320 4913; x_wconf 72' lang='lat' dir='ltr'>logothetaa</span> <span class='ocrx_word' id='word_1_579' title='bbox 1363 4844 1560 4909; x_wconf 86' lang='lat' dir='ltr'>tradit,</span> <span class='ocrx_word' id='word_1_580' title='bbox 1594 4845 1818 4916; x_wconf 90' lang='lat' dir='ltr'>captivo</span> <span class='ocrx_word' id='word_1_581' title='bbox 1849 4847 2025 4904; x_wconf 87' lang='lat' dir='ltr'>etiam</span> 
     </span>
    </p>
   </div>
   <div class='ocr_carea' id='block_1_85' title="bbox 379 4931 2026 5004">
    <p class='ocr_par' dir='ltr' id='par_1_85' title="bbox 379 4931 2026 5004">
     <span class='ocr_line' id='line_1_85' title="bbox 379 4931 2026 5004; baseline 0.005 -20"><span class='ocrx_word' id='word_1_582' title='bbox 379 4931 652 4997; x_wconf 90' lang='lat' dir='ltr'>adducto,</span> <span class='ocrx_word' id='word_1_583' title='bbox 687 4931 794 5002; x_wconf 92' lang='lat' dir='ltr'>qui</span> <span class='ocrx_word' id='word_1_584' title='bbox 841 4937 1254 5001; x_wconf 89' lang='lat' dir='ltr'>argumentum</span> <span class='ocrx_word' id='word_1_585' title='bbox 1287 4933 1414 5002; x_wconf 88' lang='lat' dir='ltr'>ejus</span> <span class='ocrx_word' id='word_1_586' title='bbox 1445 4940 1775 5004; x_wconf 83' lang='lat' dir='ltr'>exponeret.</span> <span class='ocrx_word' id='word_1_587' title='bbox 1810 4940 1889 4990; x_wconf 83' lang='lat' dir='ltr'><strong>Ex</strong></span> <span class='ocrx_word' id='word_1_588' title='bbox 1921 4937 2026 4992; x_wconf 90' lang='lat' dir='ltr'>hoc</span> 
     </span>
    </p>
   </div>
   <div class='ocr_carea' id='block_1_86' title="bbox 376 5018 2026 5095">
    <p class='ocr_par' dir='ltr' id='par_1_86' title="bbox 376 5018 2026 5095">
     <span class='ocr_line' id='line_1_86' title="bbox 376 5018 2026 5095; baseline 0.004 -24"><span class='ocrx_word' id='word_1_589' title='bbox 376 5018 699 5089; x_wconf 83' lang='lat' dir='ltr'>Theophila</span> <span class='ocrx_word' id='word_1_590' title='bbox 750 5018 1025 5086; x_wconf 88' lang='lat' dir='ltr'>innotuit,</span> <span class='ocrx_word' id='word_1_591' title='bbox 1059 5024 1116 5074; x_wconf 92' lang='lat' dir='ltr'>et</span> <span class='ocrx_word' id='word_1_592' title='bbox 1163 5020 1465 5076; x_wconf 82' lang='lat' dir='ltr'>beneficiis</span> <span class='ocrx_word' id='word_1_593' title='bbox 1497 5023 1752 5089; x_wconf 70' lang='lat' dir='ltr'>affectus,</span> <span class='ocrx_word' id='word_1_594' title='bbox 1796 5025 2026 5095; x_wconf 88' lang='lat' dir='ltr'>publice</span> 
     </span>
    </p>
   </div>
   <div class='ocr_carea' id='block_1_87' title="bbox 377 5107 2025 5182">
    <p class='ocr_par' dir='ltr' id='par_1_87' title="bbox 377 5107 2025 5182">
     <span class='ocr_line' id='line_1_87' title="bbox 377 5107 2025 5182; baseline 0.004 -22"><span class='ocrx_word' id='word_1_595' title='bbox 377 5107 815 5177; x_wconf 84' lang='lat' dir='ltr'>docerejussus</span> <span class='ocrx_word' id='word_1_596' title='bbox 850 5112 975 5161; x_wconf 78' lang='lat' dir='ltr'>est:</span> <span class='ocrx_word' id='word_1_597' title='bbox 1006 5112 1136 5177; x_wconf 86' lang='lat' dir='ltr'>post</span> <span class='ocrx_word' id='word_1_598' title='bbox 1166 5108 1338 5162; x_wconf 84' lang='lat' dir='ltr'>etiam</span> <span class='ocrx_word' id='word_1_599' title='bbox 1374 5107 1800 5165; x_wconf 75' lang='lat' dir='ltr'>Thessalonica:</span> <span class='ocrx_word' id='word_1_600' title='bbox 1834 5112 2025 5182; x_wconf 86' lang='lat' dir='ltr'>ponti-</span> 
     </span>
    </p>
   </div>
   <div class='ocr_carea' id='block_1_88' title="bbox 376 5195 2028 5269">
    <p class='ocr_par' dir='ltr' id='par_1_88' title="bbox 376 5195 2028 5269">
     <span class='ocr_line' id='line_1_88' title="bbox 376 5195 2028 5269; baseline 0.004 -21"><span class='ocrx_word' id='word_1_601' title='bbox 376 5195 469 5250; x_wconf 87' lang='lat' dir='ltr'>fex</span> <span class='ocrx_word' id='word_1_602' title='bbox 516 5195 884 5267; x_wconf 89' lang='lat' dir='ltr'>designatus.</span> <span class='ocrx_word' id='word_1_603' title='bbox 943 5195 1158 5251; x_wconf 90' lang='lat' dir='ltr'>Verum</span> <span class='ocrx_word' id='word_1_604' title='bbox 1209 5197 1532 5269; x_wconf 78' lang='lat' dir='ltr'>Theophila</span> <span class='ocrx_word' id='word_1_605' title='bbox 1583 5203 1834 5266; x_wconf 86' lang='lat' dir='ltr'>mortuo,</span> <span class='ocrx_word' id='word_1_606' title='bbox 1875 5200 2028 5256; x_wconf 87' lang='lat' dir='ltr'>inter</span> 
     </span>
    </p>
   </div>
   <div class='ocr_carea' id='block_1_89' title="bbox 379 5285 2026 5360">
    <p class='ocr_par' dir='ltr' id='par_1_89' title="bbox 379 5285 2026 5360">
     <span class='ocr_line' id='line_1_89' title="bbox 379 5285 2026 5360; baseline 0.004 -20"><span class='ocrx_word' id='word_1_607' title='bbox 379 5289 615 5342; x_wconf 66' lang='lat' dir='ltr'>caeteros</span> <span class='ocrx_word' id='word_1_608' title='bbox 647 5285 1064 5343; x_wconf 89' lang='lat' dir='ltr'>Iconomachos</span> <span class='ocrx_word' id='word_1_609' title='bbox 1087 5287 1476 5357; x_wconf 81' lang='lat' dir='ltr'>pontiﬁces,et</span> <span class='ocrx_word' id='word_1_610' title='bbox 1500 5288 1626 5360; x_wconf 89' lang='lat' dir='ltr'>ipse</span> <span class='ocrx_word' id='word_1_611' title='bbox 1648 5290 1718 5344; x_wconf 92' lang='lat' dir='ltr'>ob</span> <span class='ocrx_word' id='word_1_612' title='bbox 1743 5289 2026 5347; x_wconf 89' lang='lat' dir='ltr'>honorem</span> 
     </span>
    </p>
   </div>
   <div class='ocr_carea' id='block_1_90' title="bbox 2129 3321 3773 3406">
    <p class='ocr_par' dir='ltr' id='par_1_90' title="bbox 2129 3321 3773 3406">
     <span class='ocr_line' id='line_1_90' title="bbox 2129 3321 3773 3406; baseline -0.005 -21"><span class='ocrx_word' id='word_1_613' title='bbox 2129 3331 2308 3406; x_wconf 86' lang='grc' dir='ltr'>ἀρχήν</span> <span class='ocrx_word' id='word_1_614' title='bbox 2373 3350 2431 3383; x_wconf 90' lang='grc' dir='ltr'>τε</span> <span class='ocrx_word' id='word_1_615' title='bbox 2507 3329 2702 3389; x_wconf 84' lang='grc' dir='ltr'>παντὸς</span> <span class='ocrx_word' id='word_1_616' title='bbox 2779 3327 2842 3381; x_wconf 83' lang='grc' dir='ltr'>τὸ</span> <span class='ocrx_word' id='word_1_617' title='bbox 2891 3325 3153 3400; x_wconf 88' lang='grc' dir='ltr'>τρίγωνον</span> <span class='ocrx_word' id='word_1_618' title='bbox 3233 3325 3362 3378; x_wconf 73' lang='grc' dir='ltr'>εἶναι</span> <span class='ocrx_word' id='word_1_619' title='bbox 3425 3321 3773 3383; x_wconf 84' lang='grc' dir='ltr'>διδάσκοντας</span> 
     </span>
    </p>
   </div>
   <div class='ocr_carea' id='block_1_91' title="bbox 2131 3411 3771 3494">
    <p class='ocr_par' dir='ltr' id='par_1_91' title="bbox 2131 3411 3771 3494">
     <span class='ocr_line' id='line_1_91' title="bbox 2131 3411 3771 3494; baseline -0.006 -21"><span class='ocrx_word' id='word_1_620' title='bbox 2131 3421 2440 3494; x_wconf 84' lang='grc' dir='ltr'>σχήματος,</span> <span class='ocrx_word' id='word_1_621' title='bbox 2496 3418 2631 3471; x_wconf 82' lang='grc' dir='ltr'>ὥστε</span> <span class='ocrx_word' id='word_1_622' title='bbox 2681 3415 2729 3486; x_wconf 81' lang='grc' dir='ltr'>ἐξ</span> <span class='ocrx_word' id='word_1_623' title='bbox 2783 3414 2946 3468; x_wconf 75' lang='grc' dir='ltr'>αὐτοῦ</span> <span class='ocrx_word' id='word_1_624' title='bbox 2995 3415 3130 3466; x_wconf 81' lang='grc' dir='ltr'>ἅπαν</span> <span class='ocrx_word' id='word_1_625' title='bbox 3180 3419 3375 3487; x_wconf 80' lang='grc' dir='ltr'>σχῆμα</span> <span class='ocrx_word' id='word_1_626' title='bbox 3405 3411 3771 3479; x_wconf 84' lang='grc' dir='ltr'>συνίστασθαι,</span> 
     </span>
    </p>
   </div>
   <div class='ocr_carea' id='block_1_92' title="bbox 2129 3497 3773 3574">
    <p class='ocr_par' dir='ltr' id='par_1_92' title="bbox 2129 3497 3773 3574">
     <span class='ocr_line' id='line_1_92' title="bbox 2129 3497 3773 3574; baseline -0.007 -11"><span class='ocrx_word' id='word_1_627' title='bbox 2129 3510 2216 3563; x_wconf 87' lang='grc' dir='ltr'>καὶ</span> <span class='ocrx_word' id='word_1_628' title='bbox 2254 3507 2329 3571; x_wconf 81' lang='grc' dir='ltr'>εἷς</span> <span class='ocrx_word' id='word_1_629' title='bbox 2381 3506 2511 3561; x_wconf 83' lang='grc' dir='ltr'>αὐτὸ</span> <span class='ocrx_word' id='word_1_630' title='bbox 2558 3504 2900 3574; x_wconf 76' lang='grc' dir='ltr'>ἀναλύεσθαι,</span> <span class='ocrx_word' id='word_1_631' title='bbox 2959 3504 3049 3557; x_wconf 78' lang='grc' dir='ltr'>καὶ</span> <span class='ocrx_word' id='word_1_632' title='bbox 3100 3503 3174 3563; x_wconf 85' lang='grc' dir='ltr'>ὡς</span> <span class='ocrx_word' id='word_1_633' title='bbox 3222 3501 3433 3556; x_wconf 87' lang='grc' dir='ltr'>πάντων</span> <span class='ocrx_word' id='word_1_634' title='bbox 3485 3501 3514 3554; x_wconf 92' lang='lat'>6</span> <span class='ocrx_word' id='word_1_635' title='bbox 3571 3497 3773 3558; x_wconf 90' lang='grc' dir='ltr'>κύκλος</span> 
     </span>
    </p>
   </div>
   <div class='ocr_carea' id='block_1_93' title="bbox 2130 3586 3769 3671">
    <p class='ocr_par' dir='ltr' id='par_1_93' title="bbox 2130 3586 3769 3671">
     <span class='ocr_line' id='line_1_93' title="bbox 2130 3586 3769 3671; baseline -0.008 -18"><span class='ocrx_word' id='word_1_636' title='bbox 2130 3603 2234 3653; x_wconf 89' lang='grc' dir='ltr'>τῶν</span> <span class='ocrx_word' id='word_1_637' title='bbox 2266 3595 2691 3671; x_wconf 84' lang='grc' dir='ltr'>ἰσοπεριμέτρων</span> <span class='ocrx_word' id='word_1_638' title='bbox 2726 3593 2872 3664; x_wconf 84' lang='grc' dir='ltr'>αύτῷ</span> <span class='ocrx_word' id='word_1_639' title='bbox 2899 3592 2988 3646; x_wconf 87' lang='grc' dir='ltr'>καὶ</span> <span class='ocrx_word' id='word_1_640' title='bbox 3039 3590 3378 3665; x_wconf 71' lang='grc' dir='ltr'>ἰσοπλεύρων</span> <span class='ocrx_word' id='word_1_641' title='bbox 3431 3588 3538 3644; x_wconf 83' lang='grc' dir='ltr'>ἐστὶ</span> <span class='ocrx_word' id='word_1_642' title='bbox 3595 3586 3769 3642; x_wconf 89' lang='grc' dir='ltr'>πολυ-</span> 
     </span>
    </p>
   </div>
   <div class='ocr_carea' id='block_1_94' title="bbox 2131 3677 3768 3762">
    <p class='ocr_par' dir='ltr' id='par_1_94' title="bbox 2131 3677 3768 3762">
     <span class='ocr_line' id='line_1_94' title="bbox 2131 3677 3768 3762; baseline -0.007 -21"><span class='ocrx_word' id='word_1_643' title='bbox 2131 3685 2536 3762; x_wconf 82' lang='grc' dir='ltr'>χωρητότερος,</span> <span class='ocrx_word' id='word_1_644' title='bbox 2591 3683 2680 3738; x_wconf 90' lang='grc' dir='ltr'>καὶ</span> <span class='ocrx_word' id='word_1_645' title='bbox 2736 3680 2880 3736; x_wconf 78' lang='grc' dir='ltr'>ἀλλὰ</span> <span class='ocrx_word' id='word_1_646' title='bbox 2934 3684 3174 3735; x_wconf 77' lang='grc' dir='ltr'>τοιαῦτα·</span> <span class='ocrx_word' id='word_1_647' title='bbox 3237 3677 3402 3754; x_wconf 70' lang='grc' dir='ltr'>ἤρετο</span> <span class='ocrx_word' id='word_1_648' title='bbox 3429 3679 3516 3732; x_wconf 92' lang='grc' dir='ltr'>τὸν</span> <span class='ocrx_word' id='word_1_649' title='bbox 3579 3677 3768 3731; x_wconf 71' lang='grc' dir='ltr'>ἑαυτοῦ</span> 
     </span>
    </p>
   </div>
   <div class='ocr_carea' id='block_1_95' title="bbox 2130 3763 3771 3849">
    <p class='ocr_par' dir='ltr' id='par_1_95' title="bbox 2130 3763 3771 3849">
     <span class='ocr_line' id='line_1_95' title="bbox 2130 3763 3771 3849; baseline -0.008 -19"><span class='ocrx_word' id='word_1_650' title='bbox 2130 3777 2314 3849; x_wconf 78' lang='grc' dir='ltr'>κύριον</span> <span class='ocrx_word' id='word_1_651' title='bbox 2351 3777 2378 3828; x_wconf 85' lang='grc' dir='ltr'>ὁ</span> <span class='ocrx_word' id='word_1_652' title='bbox 2438 3771 2817 3846; x_wconf 75' lang='grc' dir='ltr'>αἰχμάλωτος,</span> <span class='ocrx_word' id='word_1_653' title='bbox 2874 3769 2918 3824; x_wconf 79' lang='grc' dir='ltr'>εἷ</span> <span class='ocrx_word' id='word_1_654' title='bbox 2965 3769 3192 3824; x_wconf 86' lang='grc' dir='ltr'>πύθοιτο</span> <span class='ocrx_word' id='word_1_655' title='bbox 3245 3773 3351 3822; x_wconf 89' lang='grc' dir='ltr'>τῶν</span> <span class='ocrx_word' id='word_1_656' title='bbox 3408 3763 3771 3830; x_wconf 80' lang='grc' dir='ltr'>διδασκάλων,</span> 
     </span>
    </p>
   </div>
   <div class='ocr_carea' id='block_1_96' title="bbox 2131 3853 3776 3938">
    <p class='ocr_par' dir='ltr' id='par_1_96' title="bbox 2131 3853 3776 3938">
     <span class='ocr_line' id='line_1_96' title="bbox 2131 3853 3776 3938; baseline -0.007 -20"><span class='ocrx_word' id='word_1_657' title='bbox 2131 3865 2254 3938; x_wconf 86' lang='grc' dir='ltr'>περὶ</span> <span class='ocrx_word' id='word_1_658' title='bbox 2286 3865 2358 3917; x_wconf 85' lang='grc' dir='ltr'>ὧν</span> <span class='ocrx_word' id='word_1_659' title='bbox 2397 3859 2724 3915; x_wconf 85' lang='grc' dir='ltr'>διδάσκουσι·</span> <span class='ocrx_word' id='word_1_660' title='bbox 2780 3858 2868 3913; x_wconf 85' lang='grc' dir='ltr'>καὶ</span> <span class='ocrx_word' id='word_1_661' title='bbox 2935 3859 2994 3920; x_wconf 82' lang='grc' dir='ltr'>ὃς</span> <span class='ocrx_word' id='word_1_662' title='bbox 3049 3857 3351 3932; x_wconf 76' lang='grc' dir='ltr'>ἐπέτρεψεν.</span> <span class='ocrx_word' id='word_1_663' title='bbox 3412 3857 3471 3912; x_wconf 69' lang='grc' dir='ltr'><strong>Ὀ</strong></span> <span class='ocrx_word' id='word_1_664' title='bbox 3530 3853 3589 3910; x_wconf 71' lang='grc' dir='ltr'>δὲ</span> <span class='ocrx_word' id='word_1_665' title='bbox 3649 3853 3776 3914; x_wconf 77' lang='grc' dir='ltr'>τοὺς</span> 
     </span>
    </p>
   </div>
   <div class='ocr_carea' id='block_1_97' title="bbox 2133 3942 3778 4026">
    <p class='ocr_par' dir='ltr' id='par_1_97' title="bbox 2133 3942 3778 4026">
     <span class='ocr_line' id='line_1_97' title="bbox 2133 3942 3778 4026; baseline -0.007 -18"><span class='ocrx_word' id='word_1_666' title='bbox 2133 3953 2330 4026; x_wconf 89' lang='grc' dir='ltr'>λόγους</span> <span class='ocrx_word' id='word_1_667' title='bbox 2376 3954 2483 4004; x_wconf 90' lang='grc' dir='ltr'>τῶν</span> <span class='ocrx_word' id='word_1_668' title='bbox 2542 3947 2940 4020; x_wconf 82' lang='grc' dir='ltr'>διδασκομένων</span> <span class='ocrx_word' id='word_1_669' title='bbox 3014 3947 3271 4017; x_wconf 76' lang='grc' dir='ltr'>ἐζήτησεν</span> <span class='ocrx_word' id='word_1_670' title='bbox 3333 3943 3624 4020; x_wconf 87' lang='grc' dir='ltr'>σαφηνίσαι</span> <span class='ocrx_word' id='word_1_671' title='bbox 3687 3942 3778 3996; x_wconf 84' lang='grc' dir='ltr'>αύ-</span> 
     </span>
    </p>
   </div>
   <div class='ocr_carea' id='block_1_98' title="bbox 2131 4033 3772 4114">
    <p class='ocr_par' dir='ltr' id='par_1_98' title="bbox 2131 4033 3772 4114">
     <span class='ocr_line' id='line_1_98' title="bbox 2131 4033 3772 4114; baseline -0.007 -18"><span class='ocrx_word' id='word_1_672' title='bbox 2131 4041 2278 4103; x_wconf 84' lang='grc' dir='ltr'>τούς.</span> <span class='ocrx_word' id='word_1_673' title='bbox 2312 4039 2378 4097; x_wconf 76' lang='lat' dir='ltr'>O&#39;i</span> <span class='ocrx_word' id='word_1_674' title='bbox 2407 4037 2453 4094; x_wconf 92' lang='grc' dir='ltr'>δ’</span> <span class='ocrx_word' id='word_1_675' title='bbox 2483 4037 2726 4114; x_wconf 83' lang='grc' dir='ltr'>ἠπόρουν</span> <span class='ocrx_word' id='word_1_676' title='bbox 2755 4039 2890 4112; x_wconf 87' lang='grc' dir='ltr'>πρὸς</span> <span class='ocrx_word' id='word_1_677' title='bbox 2921 4041 3105 4104; x_wconf 78' lang='grc' dir='ltr'>τοῦτο,</span> <span class='ocrx_word' id='word_1_678' title='bbox 3149 4035 3240 4090; x_wconf 88' lang='grc' dir='ltr'>καὶ</span> <span class='ocrx_word' id='word_1_679' title='bbox 3282 4035 3309 4089; x_wconf 88' lang='lat'>6</span> <span class='ocrx_word' id='word_1_680' title='bbox 3359 4033 3611 4110; x_wconf 79' lang='grc' dir='ltr'>ἀρχηγὸς</span> <span class='ocrx_word' id='word_1_681' title='bbox 3663 4037 3772 4085; x_wconf 89' lang='grc' dir='ltr'>τῶν</span> 
     </span>
    </p>
   </div>
   <div class='ocr_carea' id='block_1_99' title="bbox 2135 4121 3776 4206">
    <p class='ocr_par' dir='ltr' id='par_1_99' title="bbox 2135 4121 3776 4206">
     <span class='ocr_line' id='line_1_99' title="bbox 2135 4121 3776 4206; baseline -0.006 -22"><span class='ocrx_word' id='word_1_682' title='bbox 2135 4133 2467 4206; x_wconf 84' lang='grc' dir='ltr'>Ἀγαρηνῶν,</span> <span class='ocrx_word' id='word_1_683' title='bbox 2521 4124 3034 4203; x_wconf 88' lang='grc' dir='ltr'>προσκαλεσάμενος</span> <span class='ocrx_word' id='word_1_684' title='bbox 3090 4126 3180 4180; x_wconf 87' lang='grc' dir='ltr'>τὸν</span> <span class='ocrx_word' id='word_1_685' title='bbox 3240 4121 3641 4198; x_wconf 73' lang='grc' dir='ltr'>αἰχμάλωτον,</span> <span class='ocrx_word' id='word_1_686' title='bbox 3701 4121 3776 4174; x_wconf 81' lang='grc' dir='ltr'>Σὺ</span> 
     </span>
    </p>
   </div>
   <div class='ocr_carea' id='block_1_100' title="bbox 2135 4211 3774 4292">
    <p class='ocr_par' dir='ltr' id='par_1_100' title="bbox 2135 4211 3774 4292">
     <span class='ocr_line' id='line_1_100' title="bbox 2135 4211 3774 4292; baseline -0.006 -18"><span class='ocrx_word' id='word_1_687' title='bbox 2135 4217 2203 4274; x_wconf 88' lang='grc' dir='ltr'>δι’</span> <span class='ocrx_word' id='word_1_688' title='bbox 2236 4217 2360 4292; x_wconf 80' lang='grc' dir='ltr'>ἔφη,</span> <span class='ocrx_word' id='word_1_689' title='bbox 2395 4216 2578 4272; x_wconf 85' lang='grc' dir='ltr'>δύναιο</span> <span class='ocrx_word' id='word_1_690' title='bbox 2612 4215 2671 4270; x_wconf 76' lang='grc' dir='ltr'>ἂν</span> <span class='ocrx_word' id='word_1_691' title='bbox 2727 4213 3024 4270; x_wconf 78' lang='grc' dir='ltr'>ἀποδοῦναι</span> <span class='ocrx_word' id='word_1_692' title='bbox 3068 4213 3198 4276; x_wconf 76' lang='grc' dir='ltr'>τοὺς</span> <span class='ocrx_word' id='word_1_693' title='bbox 3251 4211 3453 4287; x_wconf 91' lang='grc' dir='ltr'>λόγους</span> <span class='ocrx_word' id='word_1_694' title='bbox 3517 4211 3774 4279; x_wconf 72' lang='grc' dir='ltr'>τούτουςς</span> 
     </span>
    </p>
   </div>
   <div class='ocr_carea' id='block_1_101' title="bbox 2131 4301 3774 4374">
    <p class='ocr_par' dir='ltr' id='par_1_101' title="bbox 2131 4301 3774 4374">
     <span class='ocr_line' id='line_1_101' title="bbox 2131 4301 3774 4374; baseline -0.008 -9"><span class='ocrx_word' id='word_1_695' title='bbox 2131 4309 2376 4368; x_wconf 85' lang='grc' dir='ltr'>κάκεῖνος</span> <span class='ocrx_word' id='word_1_696' title='bbox 2427 4307 2700 4370; x_wconf 88' lang='grc' dir='ltr'>κατέθετο.</span> <span class='ocrx_word' id='word_1_697' title='bbox 2766 4304 2973 4362; x_wconf 80' lang='grc' dir='ltr'>Ούκοῦν</span> <span class='ocrx_word' id='word_1_698' title='bbox 3035 4301 3210 4374; x_wconf 84' lang='grc' dir='ltr'>λέξον,</span> <span class='ocrx_word' id='word_1_699' title='bbox 3264 4303 3407 4360; x_wconf 74' lang='grc' dir='ltr'>εἶπε.</span> <span class='ocrx_word' id='word_1_700' title='bbox 3460 4301 3561 4358; x_wconf 88' lang='grc' dir='ltr'>Καὶ</span> <span class='ocrx_word' id='word_1_701' title='bbox 3617 4301 3774 4373; x_wconf 68' lang='grc' dir='ltr'>ἀρξάς⁵</span> 
     </span>
    </p>
   </div>
   <div class='ocr_carea' id='block_1_102' title="bbox 2137 4386 3774 4472">
    <p class='ocr_par' dir='ltr' id='par_1_102' title="bbox 2137 4386 3774 4472">
     <span class='ocr_line' id='line_1_102' title="bbox 2137 4386 3774 4472; baseline -0.004 -19"><span class='ocrx_word' id='word_1_702' title='bbox 2137 4419 2296 4471; x_wconf 88' lang='grc' dir='ltr'>μενος</span> <span class='ocrx_word' id='word_1_703' title='bbox 2324 4399 2351 4451; x_wconf 92' lang='lat'>6</span> <span class='ocrx_word' id='word_1_704' title='bbox 2378 4393 2736 4472; x_wconf 76' lang='grc' dir='ltr'>αἰχμάλωτος</span> <span class='ocrx_word' id='word_1_705' title='bbox 2776 4393 3090 4471; x_wconf 82' lang='grc' dir='ltr'>ἐσαφήνιζεν</span> <span class='ocrx_word' id='word_1_706' title='bbox 3133 4389 3380 4459; x_wconf 62' lang='grc' dir='ltr'>ἲκαστον,</span> <span class='ocrx_word' id='word_1_707' title='bbox 3429 4391 3517 4445; x_wconf 85' lang='grc' dir='ltr'>καὶ</span> <span class='ocrx_word' id='word_1_708' title='bbox 3573 4386 3774 4460; x_wconf 79' lang='grc' dir='ltr'>λόγους</span> 
     </span>
    </p>
   </div>
   <div class='ocr_carea' id='block_1_103' title="bbox 2133 4476 3772 4557">
    <p class='ocr_par' dir='ltr' id='par_1_103' title="bbox 2133 4476 3772 4557">
     <span class='ocr_line' id='line_1_103' title="bbox 2133 4476 3772 4557; baseline -0.009 -15"><span class='ocrx_word' id='word_1_709' title='bbox 2133 4484 2410 4552; x_wconf 86' lang='grc' dir='ltr'>ἀπεδίδου,</span> <span class='ocrx_word' id='word_1_710' title='bbox 2443 4485 2531 4539; x_wconf 83' lang='grc' dir='ltr'>καὶ</span> <span class='ocrx_word' id='word_1_711' title='bbox 2587 4484 2681 4546; x_wconf 81' lang='grc' dir='ltr'>τὰς</span> <span class='ocrx_word' id='word_1_712' title='bbox 2739 4482 2913 4544; x_wconf 74' lang='grc' dir='ltr'>αἰτίας</span> <span class='ocrx_word' id='word_1_713' title='bbox 2964 4481 3238 4557; x_wconf 79' lang='grc' dir='ltr'>κατέλεγε.</span> <span class='ocrx_word' id='word_1_714' title='bbox 3295 4480 3392 4534; x_wconf 83' lang='grc' dir='ltr'>Καὶ</span> <span class='ocrx_word' id='word_1_715' title='bbox 3445 4480 3495 4534; x_wconf 73' lang='grc' dir='ltr'>οἱ</span> <span class='ocrx_word' id='word_1_716' title='bbox 3547 4476 3772 4531; x_wconf 85' lang='grc' dir='ltr'>ἀκούον-</span> 
     </span>
    </p>
   </div>
   <div class='ocr_carea' id='block_1_104' title="bbox 2054 4566 3771 4654">
    <p class='ocr_par' dir='ltr' id='par_1_104' title="bbox 2054 4566 3771 4654">
     <span class='ocr_line' id='line_1_104' title="bbox 2054 4566 3771 4654; baseline -0.007 -23"><span class='ocrx_word' id='word_1_717' title='bbox 2054 4590 2102 4654; x_wconf 85' lang='lat' dir='ltr'><strong>D</strong></span> <span class='ocrx_word' id='word_1_718' title='bbox 2131 4597 2216 4638; x_wconf 85' lang='grc' dir='ltr'>τες</span> <span class='ocrx_word' id='word_1_719' title='bbox 2251 4575 2301 4630; x_wconf 79' lang='grc' dir='ltr'>ἐν</span> <span class='ocrx_word' id='word_1_720' title='bbox 2334 4574 2537 4629; x_wconf 82' lang='grc' dir='ltr'>συνέσει</span> <span class='ocrx_word' id='word_1_721' title='bbox 2568 4576 2674 4627; x_wconf 89' lang='grc' dir='ltr'>τῶν</span> <span class='ocrx_word' id='word_1_722' title='bbox 2724 4569 3034 4646; x_wconf 82' lang='grc' dir='ltr'>λεγομένων</span> <span class='ocrx_word' id='word_1_723' title='bbox 3077 4570 3341 4646; x_wconf 80' lang='grc' dir='ltr'>ἐγίνοντο,</span> <span class='ocrx_word' id='word_1_724' title='bbox 3385 4567 3472 4622; x_wconf 80' lang='grc' dir='ltr'>καὶ</span> <span class='ocrx_word' id='word_1_725' title='bbox 3522 4566 3771 4640; x_wconf 71' lang='grc' dir='ltr'>ὀξύτερον</span> 
     </span>
    </p>
   </div>
   <div class='ocr_carea' id='block_1_105' title="bbox 2138 4655 3772 4737">
    <p class='ocr_par' dir='ltr' id='par_1_105' title="bbox 2138 4655 3772 4737">
     <span class='ocr_line' id='line_1_105' title="bbox 2138 4655 3772 4737; baseline -0.006 -18"><span class='ocrx_word' id='word_1_726' title='bbox 2138 4661 2436 4720; x_wconf 77' lang='grc' dir='ltr'>ἐπέϐαλλον</span> <span class='ocrx_word' id='word_1_727' title='bbox 2495 4667 2610 4724; x_wconf 84' lang='grc' dir='ltr'>τοῖς</span> <span class='ocrx_word' id='word_1_728' title='bbox 2669 4663 3006 4737; x_wconf 82' lang='grc' dir='ltr'>Θεωρήμασι,</span> <span class='ocrx_word' id='word_1_729' title='bbox 3066 4659 3155 4714; x_wconf 89' lang='grc' dir='ltr'>καὶ</span> <span class='ocrx_word' id='word_1_730' title='bbox 3212 4658 3387 4736; x_wconf 87' lang='grc' dir='ltr'>σφίσιν</span> <span class='ocrx_word' id='word_1_731' title='bbox 3421 4655 3686 4730; x_wconf 78' lang='grc' dir='ltr'>ηὐρύνετο</span> <span class='ocrx_word' id='word_1_732' title='bbox 3737 4656 3772 4723; x_wconf 85' lang='grc' dir='ltr'>ἠ</span> 
     </span>
    </p>
   </div>
   <div class='ocr_carea' id='block_1_106' title="bbox 2137 4741 3774 4826">
    <p class='ocr_par' dir='ltr' id='par_1_106' title="bbox 2137 4741 3774 4826">
     <span class='ocr_line' id='line_1_106' title="bbox 2137 4741 3774 4826; baseline -0.006 -19"><span class='ocrx_word' id='word_1_733' title='bbox 2137 4751 2366 4822; x_wconf 85' lang='grc' dir='ltr'>διάνοια,</span> <span class='ocrx_word' id='word_1_734' title='bbox 2399 4754 2485 4807; x_wconf 81' lang='grc' dir='ltr'>καὶ</span> <span class='ocrx_word' id='word_1_735' title='bbox 2545 4753 2635 4806; x_wconf 87' lang='grc' dir='ltr'>τὸν</span> <span class='ocrx_word' id='word_1_736' title='bbox 2693 4749 2858 4826; x_wconf 78' lang='grc' dir='ltr'>ἄνθρα</span> <span class='ocrx_word' id='word_1_737' title='bbox 2916 4748 3242 4821; x_wconf 84' lang='grc' dir='ltr'>ἐθαύμαζον,</span> <span class='ocrx_word' id='word_1_738' title='bbox 3301 4747 3533 4822; x_wconf 80' lang='grc' dir='ltr'>ἠρώτων</span> <span class='ocrx_word' id='word_1_739' title='bbox 3591 4764 3669 4816; x_wconf 90' lang='grc' dir='ltr'>τε,</span> <span class='ocrx_word' id='word_1_740' title='bbox 3728 4741 3774 4797; x_wconf 74' lang='grc' dir='ltr'>εἰ</span> 
     </span>
    </p>
   </div>
   <div class='ocr_carea' id='block_1_107' title="bbox 2134 4832 3774 4916">
    <p class='ocr_par' dir='ltr' id='par_1_107' title="bbox 2134 4832 3774 4916">
     <span class='ocr_line' id='line_1_107' title="bbox 2134 4832 3774 4916; baseline -0.006 -20"><span class='ocrx_word' id='word_1_741' title='bbox 2134 4842 2223 4896; x_wconf 85' lang='grc' dir='ltr'>καὶ</span> <span class='ocrx_word' id='word_1_742' title='bbox 2255 4840 2457 4903; x_wconf 74' lang='grc' dir='ltr'>ἄλλους</span> <span class='ocrx_word' id='word_1_743' title='bbox 2491 4839 2604 4916; x_wconf 74' lang='grc' dir='ltr'>ἔχει</span> <span class='ocrx_word' id='word_1_744' title='bbox 2632 4841 2666 4908; x_wconf 82' lang='grc' dir='ltr'>ἡ</span> <span class='ocrx_word' id='word_1_745' title='bbox 2706 4835 3281 4897; x_wconf 83' lang='grc' dir='ltr'>Κωνσταντινούπολις</span> <span class='ocrx_word' id='word_1_746' title='bbox 3339 4834 3662 4901; x_wconf 86' lang='grc' dir='ltr'>τοιούτους;</span> <span class='ocrx_word' id='word_1_747' title='bbox 3716 4832 3774 4887; x_wconf 89' lang='grc' dir='ltr'>Ὁ</span> 
     </span>
    </p>
   </div>
   <div class='ocr_carea' id='block_1_108' title="bbox 2137 4918 3782 5005">
    <p class='ocr_par' dir='ltr' id='par_1_108' title="bbox 2137 4918 3782 5005">
     <span class='ocr_line' id='line_1_108' title="bbox 2137 4918 3782 5005; baseline -0.008 -18"><span class='ocrx_word' id='word_1_748' title='bbox 2137 4932 2214 4999; x_wconf 70' lang='grc' dir='ltr'>δὲ,</span> <span class='ocrx_word' id='word_1_749' title='bbox 2276 4929 2556 4997; x_wconf 68' lang='grc' dir='ltr'>Πολλοὺς,</span> <span class='ocrx_word' id='word_1_750' title='bbox 2633 4928 2759 5005; x_wconf 73' lang='grc' dir='ltr'>ἔφη,</span> <span class='ocrx_word' id='word_1_751' title='bbox 2826 4926 3102 5002; x_wconf 86' lang='grc' dir='ltr'>κρείντους</span> <span class='ocrx_word' id='word_1_752' title='bbox 3164 4924 3300 4996; x_wconf 79' lang='grc' dir='ltr'>ἐμοῦ</span> <span class='ocrx_word' id='word_1_753' title='bbox 3355 4924 3633 4994; x_wconf 76' lang='grc' dir='ltr'>κέκτηται,</span> <span class='ocrx_word' id='word_1_754' title='bbox 3689 4918 3782 4975; x_wconf 59' lang='grc' dir='ltr'>ἵνα</span> 
     </span>
    </p>
   </div>
   <div class='ocr_carea' id='block_1_109' title="bbox 2138 5011 3779 5090">
    <p class='ocr_par' dir='ltr' id='par_1_109' title="bbox 2138 5011 3779 5090">
     <span class='ocr_line' id='line_1_109' title="bbox 2138 5011 3779 5090; baseline -0.007 -14"><span class='ocrx_word' id='word_1_755' title='bbox 2138 5021 2193 5076; x_wconf 73' lang='grc' dir='ltr'>δὲ</span> <span class='ocrx_word' id='word_1_756' title='bbox 2249 5026 2354 5076; x_wconf 78' lang='grc' dir='ltr'>τῶν</span> <span class='ocrx_word' id='word_1_757' title='bbox 2428 5019 2678 5073; x_wconf 83' lang='grc' dir='ltr'>ἀπάντων</span> <span class='ocrx_word' id='word_1_758' title='bbox 2738 5012 3100 5070; x_wconf 84' lang='grc' dir='ltr'>διδάσκαλον·</span> <span class='ocrx_word' id='word_1_759' title='bbox 3175 5011 3342 5090; x_wconf 73' lang='grc' dir='ltr'>ἄνδρα</span> <span class='ocrx_word' id='word_1_760' title='bbox 3399 5014 3450 5068; x_wconf 76' lang='grc' dir='ltr'>ἐν</span> <span class='ocrx_word' id='word_1_761' title='bbox 3507 5016 3625 5073; x_wconf 84' lang='grc' dir='ltr'>τοῖς</span> <span class='ocrx_word' id='word_1_762' title='bbox 3680 5016 3779 5078; x_wconf 81' lang='grc' dir='ltr'>τῆς</span> 
     </span>
    </p>
   </div>
   <div class='ocr_carea' id='block_1_110' title="bbox 2136 5100 3782 5188">
    <p class='ocr_par' dir='ltr' id='par_1_110' title="bbox 2136 5100 3782 5188">
     <span class='ocr_line' id='line_1_110' title="bbox 2136 5100 3782 5188; baseline -0.007 -24"><span class='ocrx_word' id='word_1_763' title='bbox 2136 5108 2463 5188; x_wconf 72' lang='grc' dir='ltr'>φιλοσοφίας</span> <span class='ocrx_word' id='word_1_764' title='bbox 2544 5107 2738 5181; x_wconf 85' lang='grc' dir='ltr'>λόγοις</span> <span class='ocrx_word' id='word_1_765' title='bbox 2818 5105 2974 5160; x_wconf 84' lang='grc' dir='ltr'>παντὶ</span> <span class='ocrx_word' id='word_1_766' title='bbox 3060 5100 3493 5181; x_wconf 86' lang='grc' dir='ltr'>ἀπαράμιλλον.</span> <span class='ocrx_word' id='word_1_767' title='bbox 3579 5102 3782 5176; x_wconf 85' lang='grc' dir='ltr'>Ἔρωτι</span> 
     </span>
    </p>
   </div>
   <div class='ocr_carea' id='block_1_111' title="bbox 2134 5189 3782 5268">
    <p class='ocr_par' dir='ltr' id='par_1_111' title="bbox 2134 5189 3782 5268">
     <span class='ocr_line' id='line_1_111' title="bbox 2134 5189 3782 5268; baseline -0.008 -13"><span class='ocrx_word' id='word_1_768' title='bbox 2134 5201 2312 5256; x_wconf 74' lang='grc' dir='ltr'>τοίνυν</span> <span class='ocrx_word' id='word_1_769' title='bbox 2370 5197 2601 5258; x_wconf 88' lang='grc' dir='ltr'>ἀκούσας</span> <span class='ocrx_word' id='word_1_770' title='bbox 2652 5195 2821 5250; x_wconf 88' lang='grc' dir='ltr'>ταύτα</span> <span class='ocrx_word' id='word_1_771' title='bbox 2891 5195 2918 5249; x_wconf 91' lang='lat'>6</span> <span class='ocrx_word' id='word_1_772' title='bbox 2990 5197 3099 5249; x_wconf 86' lang='grc' dir='ltr'>τῶν</span> <span class='ocrx_word' id='word_1_773' title='bbox 3168 5195 3485 5268; x_wconf 84' lang='grc' dir='ltr'>Ἀγαρηνῶν</span> <span class='ocrx_word' id='word_1_774' title='bbox 3539 5189 3782 5266; x_wconf 81' lang='grc' dir='ltr'>ἀρχηγὸς</span> 
     </span>
    </p>
   </div>
   <div class='ocr_carea' id='block_1_112' title="bbox 2141 5276 3783 5354">
    <p class='ocr_par' dir='ltr' id='par_1_112' title="bbox 2141 5276 3783 5354">
     <span class='ocr_line' id='line_1_112' title="bbox 2141 5276 3783 5354; baseline -0.007 -10"><span class='ocrx_word' id='word_1_775' title='bbox 2141 5289 2287 5344; x_wconf 77' lang='grc' dir='ltr'>ἑάλω</span> <span class='ocrx_word' id='word_1_776' title='bbox 2342 5291 2439 5342; x_wconf 80' lang='grc' dir='ltr'>τοῦ</span> <span class='ocrx_word' id='word_1_777' title='bbox 2493 5282 2816 5340; x_wconf 86' lang='grc' dir='ltr'>διδασκάλου</span> <span class='ocrx_word' id='word_1_778' title='bbox 2872 5281 3099 5354; x_wconf 84' lang='grc' dir='ltr'>ἐκείνου,</span> <span class='ocrx_word' id='word_1_779' title='bbox 3160 5281 3249 5338; x_wconf 83' lang='grc' dir='ltr'>καὶ</span> <span class='ocrx_word' id='word_1_780' title='bbox 3307 5279 3480 5335; x_wconf 80' lang='grc' dir='ltr'>ἐλθεῖν</span> <span class='ocrx_word' id='word_1_781' title='bbox 3542 5276 3783 5352; x_wconf 75' lang='grc' dir='ltr'>ἱμείρετο</span> 
     </span>
    </p>
   </div>
   <div class='ocr_carea' id='block_1_113' title="bbox 1654 5417 2498 5482">
    <p class='ocr_par' dir='ltr' id='par_1_113' title="bbox 1654 5417 2498 5482">
     <span class='ocr_line' id='line_1_113' title="bbox 1654 5417 2498 5482; baseline -0.006 -1"><span class='ocrx_word' id='word_1_782' title='bbox 1654 5417 1858 5481; x_wconf 71' lang='lat' dir='ltr'>Variae</span> <span class='ocrx_word' id='word_1_783' title='bbox 1888 5419 2188 5482; x_wconf 88' lang='lat' dir='ltr'>lectiones</span> <span class='ocrx_word' id='word_1_784' title='bbox 2219 5426 2283 5482; x_wconf 90' lang='lat' dir='ltr'>et</span> <span class='ocrx_word' id='word_1_785' title='bbox 2309 5422 2498 5480; x_wconf 65' lang='lat' dir='ltr'>notae.</span> 
     </span>
    </p>
   </div>
   <div class='ocr_carea' id='block_1_114' title="bbox 452 5531 2023 5603">
    <p class='ocr_par' dir='ltr' id='par_1_114' title="bbox 452 5531 2023 5603">
     <span class='ocr_line' id='line_1_114' title="bbox 452 5531 2023 5603; baseline 0.003 -17"><span class='ocrx_word' id='word_1_786' title='bbox 452 5531 594 5603; x_wconf 58' lang='lat' dir='ltr'>(47f)</span> <span class='ocrx_word' id='word_1_787' title='bbox 627 5531 838 5603; x_wconf 67' lang='lat' dir='ltr'>Kowdv,</span> <span class='ocrx_word' id='word_1_788' title='bbox 877 5531 1033 5603; x_wconf 84' lang='lat' dir='ltr'>Infra</span> <span class='ocrx_word' id='word_1_789' title='bbox 1065 5532 1368 5603; x_wconf 12' lang='lat' dir='ltr'>degeodem</span> <span class='ocrx_word' id='word_1_790' title='bbox 1419 5534 1640 5590; x_wconf 87' lang='lat' dir='ltr'>Leone:</span> <span class='ocrx_word' id='word_1_791' title='bbox 1696 5535 1901 5590; x_wconf 74' lang='grc' dir='ltr'>Τοῦτον</span> <span class='ocrx_word' id='word_1_792' title='bbox 1933 5534 2023 5590; x_wconf 75' lang='grc' dir='ltr'>οὖν</span> 
     </span>
    </p>
   </div>
   <div class='ocr_carea' id='block_1_115' title="bbox 379 5600 2024 5678">
    <p class='ocr_par' dir='ltr' id='par_1_115' title="bbox 379 5600 2024 5678">
     <span class='ocr_line' id='line_1_115' title="bbox 379 5600 2024 5678; baseline 0.004 -23"><span class='ocrx_word' id='word_1_793' title='bbox 379 5601 407 5655; x_wconf 85' lang='lat'>6</span> <span class='ocrx_word' id='word_1_794' title='bbox 441 5600 650 5678; x_wconf 71' lang='grc' dir='ltr'>Βάρδας</span> <span class='ocrx_word' id='word_1_795' title='bbox 704 5601 1056 5678; x_wconf 26' lang='grc' dir='ltr'>’σχολάζοντα</span> <span class='ocrx_word' id='word_1_796' title='bbox 1114 5601 1380 5678; x_wconf 70' lang='grc' dir='ltr'>εύρηκὼς,</span> <span class='ocrx_word' id='word_1_797' title='bbox 1439 5610 1546 5658; x_wconf 87' lang='grc' dir='ltr'>τῶν</span> <span class='ocrx_word' id='word_1_798' title='bbox 1607 5602 1817 5660; x_wconf 81' lang='grc' dir='ltr'>λοιπῶν</span> <span class='ocrx_word' id='word_1_799' title='bbox 1880 5603 2024 5662; x_wconf 87' lang='grc' dir='ltr'>διδα-</span> 
     </span>
    </p>
   </div>
   <div class='ocr_carea' id='block_1_116' title="bbox 380 5671 2024 5751">
    <p class='ocr_par' dir='ltr' id='par_1_116' title="bbox 380 5671 2024 5751">
     <span class='ocr_line' id='line_1_116' title="bbox 380 5671 2024 5751; baseline 0.007 -24"><span class='ocrx_word' id='word_1_800' title='bbox 380 5671 593 5730; x_wconf 62' lang='grc' dir='ltr'>σκάλων</span> <span class='ocrx_word' id='word_1_801' title='bbox 628 5671 874 5732; x_wconf 71' lang='grc' dir='ltr'>ἐπέκὲινα</span> <span class='ocrx_word' id='word_1_802' title='bbox 903 5673 1070 5749; x_wconf 78' lang='grc' dir='ltr'>ἔταξε.</span> <span class='ocrx_word' id='word_1_803' title='bbox 1124 5671 1240 5732; x_wconf 82' lang='lat' dir='ltr'>Cur</span> <span class='ocrx_word' id='word_1_804' title='bbox 1281 5671 1414 5734; x_wconf 81' lang='lat' dir='ltr'>vero</span> <span class='ocrx_word' id='word_1_805' title='bbox 1443 5678 1536 5750; x_wconf 76' lang='lat' dir='ltr'>ita</span> <span class='ocrx_word' id='word_1_806' title='bbox 1584 5678 1834 5751; x_wconf 88' lang='lat' dir='ltr'>dicatur,</span> <span class='ocrx_word' id='word_1_807' title='bbox 1893 5681 2024 5738; x_wconf 89' lang='lat' dir='ltr'>vide</span> 
     </span>
    </p>
   </div>
   <div class='ocr_carea' id='block_1_117' title="bbox 2136 5522 3785 5653">
    <p class='ocr_par' dir='ltr' id='par_1_117' title="bbox 2136 5522 3785 5653">
     <span class='ocr_line' id='line_1_117' title="bbox 2136 5522 3785 5609; baseline -0.01 -15"><span class='ocrx_word' id='word_1_808' title='bbox 2136 5537 2289 5609; x_wconf 88' lang='lat' dir='ltr'>apud</span> <span class='ocrx_word' id='word_1_809' title='bbox 2323 5533 2714 5590; x_wconf 88' lang='lat' dir='ltr'>continuator.</span> <span class='ocrx_word' id='word_1_810' title='bbox 2748 5530 3124 5604; x_wconf 89' lang='lat' dir='ltr'>Theophanis</span> <span class='ocrx_word' id='word_1_811' title='bbox 3151 5528 3254 5586; x_wconf 89' lang='lat' dir='ltr'>lib.</span> <span class='ocrx_word' id='word_1_812' title='bbox 3289 5546 3374 5609; x_wconf 68' lang='grc' dir='ltr'>ιν,</span> <span class='ocrx_word' id='word_1_813' title='bbox 3416 5545 3474 5583; x_wconf 93' lang='lat' dir='ltr'>n.</span> <span class='ocrx_word' id='word_1_814' title='bbox 3533 5527 3624 5595; x_wconf 85' lang='lat'>29,</span> <span class='ocrx_word' id='word_1_815' title='bbox 3685 5522 3785 5578; x_wconf 92' lang='lat' dir='ltr'>ubi</span> 
     </span>
     <span class='ocr_line' id='line_1_118' title="bbox 2136 5597 3782 5653; baseline 0 0"><span class='ocrx_word' id='word_1_816' title='bbox 2136 5609 2320 5653; x_wconf 75' lang='lat' dir='ltr'>multa</span> <span class='ocrx_word' id='word_1_817' title='bbox 2351 5607 2422 5653; x_wconf 77' lang='lat' dir='ltr'>de</span> <span class='ocrx_word' id='word_1_818' title='bbox 2453 5604 2560 5653; x_wconf 87' lang='lat' dir='ltr'>hoc</span> <span class='ocrx_word' id='word_1_819' title='bbox 2595 5604 2797 5653; x_wconf 82' lang='lat' dir='ltr'>Leone.</span> <span class='ocrx_word' id='word_1_820' title='bbox 2830 5606 3002 5653; x_wconf 85' lang='lat' dir='ltr'>cuius</span> <span class='ocrx_word' id='word_1_821' title='bbox 3032 5617 3209 5653; x_wconf 88' lang='lat' dir='ltr'>onera</span> <span class='ocrx_word' id='word_1_822' title='bbox 3256 5616 3418 5653; x_wconf 79' lang='lat' dir='ltr'>varia</span> <span class='ocrx_word' id='word_1_823' title='bbox 3456 5597 3782 5653; x_wconf 84' lang='lat' dir='ltr'>mathema-</span> 
     </span>
    </p>
   </div>
   <div class='ocr_carea' id='block_1_118' title="bbox 2135 5604 3782 5740">
    <p class='ocr_par' dir='ltr' id='par_1_118' title="bbox 2135 5604 3782 5740">
     <span class='ocr_line' id='line_1_119' title="bbox 2135 5604 3782 5675; baseline -0.007 -9"><span class='ocrx_word' id='word_1_824' title='bbox 2135 5604 2322 5666; x_wconf 79' lang='lat' dir='ltr'>multa</span> <span class='ocrx_word' id='word_1_825' title='bbox 2351 5607 2422 5661; x_wconf 89' lang='lat' dir='ltr'>de</span> <span class='ocrx_word' id='word_1_826' title='bbox 2453 5604 2560 5659; x_wconf 89' lang='lat' dir='ltr'>hoc</span> <span class='ocrx_word' id='word_1_827' title='bbox 2594 5604 2798 5672; x_wconf 88' lang='lat' dir='ltr'>Leone,</span> <span class='ocrx_word' id='word_1_828' title='bbox 2830 5606 3002 5675; x_wconf 89' lang='lat' dir='ltr'>cujus</span> <span class='ocrx_word' id='word_1_829' title='bbox 3032 5617 3209 5674; x_wconf 89' lang='lat' dir='ltr'>opera</span> <span class='ocrx_word' id='word_1_830' title='bbox 3256 5604 3418 5657; x_wconf 87' lang='lat' dir='ltr'>varia</span> <span class='ocrx_word' id='word_1_831' title='bbox 3456 5604 3782 5655; x_wconf 82' lang='lat' dir='ltr'>mathema-</span> 
     </span>
     <span class='ocr_line' id='line_1_120' title="bbox 2135 5674 3184 5740; baseline -0.01 -1"><span class='ocrx_word' id='word_1_832' title='bbox 2135 5681 2252 5740; x_wconf 88' lang='lat' dir='ltr'>tica</span> <span class='ocrx_word' id='word_1_833' title='bbox 2281 5677 2574 5736; x_wconf 88' lang='lat' dir='ltr'>habentur</span> <span class='ocrx_word' id='word_1_834' title='bbox 2595 5675 2655 5732; x_wconf 90' lang='lat' dir='ltr'>in</span> <span class='ocrx_word' id='word_1_835' title='bbox 2681 5674 2832 5732; x_wconf 89' lang='lat' dir='ltr'>Bibl.</span> <span class='ocrx_word' id='word_1_836' title='bbox 2865 5674 3184 5732; x_wconf 84' lang='lat' dir='ltr'>Colbertea.</span> 
     </span>
    </p>
   </div>
  </div>
