4156 6214
262 456 341 515 29
1598 450 2015 513 ANNALIUM
2056 450 2205 511 LIB.
2253 451 2414 513 XVI.
3612 450 3693 509 30

260 584 487 639 τούτων
551 582 830 645 πολλάκις
882 587 988 638 τῶν
1050 586 1270 658 πυρσῶν
1328 580 1662 658 αἰρομένων,
1701 586 1808 637 τῶν
1866 580 1934 657 τῇ

2048 582 2522 641 adolescentibus
2544 600 2894 640 arcanorum
2913 598 3154 639 suorum
3176 579 3425 638 consciis
3446 580 3689 636 domum

263 672 528 751 βασιλίδι
740 672 1128 749 γειτονοόντων
1181 676 1400 749 πυρσῶν
1455 670 1669 746 σχολὴν
1728 672 1756 725 6
1807 682 1933 735 θαυ-

2047 672 2363 728 comitatus
2395 678 2504 741 est,
2537 678 2595 728 et
2624 689 2756 728 eum
2790 688 2857 728 ca
2888 677 3176 738 cumulus,
3215 672 3370 727 163
3402 671 3580 742 pedes
3632 670 3691 725 in

260 768 476 836 μάσιος
537 762 743 824 ἐκεῖνος
804 763 1231 840 κατεψηφίσατο.
1285 762 1664 837 Κατεγίνωσκε
1736 760 1817 840 δὲ.
1846 760 1936 815 καὶ

2047 760 2267 832 regiam
2297 766 2388 817 est
2418 778 2711 833 egressus.
2768 761 3114 833 Huiusmodi
3175 760 3348 831 nugis
3405 760 3570 831 quasi
3632 775 3692 815 re

254 859 374 909 τῶν
442 853 556 929 πρὸ
619 852 786 906 αὐτοῦ
866 837 1326 927 βασιλευσάντων,
1384 851 1467 906 ὅτι
1544 852 1620 925 μὴ
1687 837 1935 920 λιτότητι

2047 849 2193 905 bene
2225 856 2388 923 gesta
2420 850 2653 923 gloriari
2687 850 2932 916 solebat,
2965 865 3098 905 eum
3127 849 3258 904 aliis
3303 848 3553 904 delirare
3607 849 3691 902 vi-

251 942 544 1017 ἔχαιρον,
605 936 979 1017 σοϐαρότητος
1044 939 1091 995 δ’
1148 941 1530 996 ἀντεποιοῦντο
1607 938 1698 994 καί
1770 934 1937 1014 ὄγκου

2047 936 2303 1004 daretur,
2338 943 2513 1010 atque
2543 940 2740 995 odium
2773 940 2885 995 sibi
2917 939 3255 995 concitaret.
3297 938 3439 993 Eam
3488 941 3690 992 tamen

250 1029 589 1106 βασιλικοῦ.
619 1034 778 1093 Ὅθεν
837 1029 1000 1091 αὐτὸς
1053 1029 1383 1106 μετριότητα
1431 1028 1607 1084 δοκῶν
1668 1029 1720 1100 ἐξ
1776 1024 1937 1084 ἀϐελ-

2048 1025 2120 1080 ob
2154 1043 2393 1083 causam
2437 1028 2690 1083 maxime
2746 1027 2971 1084 invisus
3030 1027 3163 1095 fuit,
3221 1026 3377 1097 quod
3436 1025 3690 1081 nefarios

256 1117 457 1191 τερίας
520 1115 784 1190 μετιέναι,
833 1118 1134 1187 συνήντησέ
1173 1136 1308 1171 ποτε
1364 1117 1578 1192 γυναικὶ
1636 1116 1754 1191 ἄρτι
1804 1115 1933 1172 λου-

2047 1114 2447 1173 adolescentes
2478 1117 2689 1184 alebat,
2723 1135 2758 1173 a
2790 1117 3005 1189 quibus
3036 1116 3109 1171 ad
3150 1115 3305 1170 mala
3352 1114 3551 1170 omnia
3597 1114 3693 1169 in-

251 1206 502 1281 σαμὲνῃ,
567 1207 653 1261 xui
742 1203 928 1261 οἴκαδε
1010 1207 1405 1281 ὑπονοστούσῃ,
1461 1206 1552 1259 xui
1612 1210 1710 1260 τοῦ
1769 1202 1936 1260 ἵππου

2048 1202 2482 1261 ﬂammabatur.
2509 1206 2548 1261 Ii
2570 1206 2913 1277 pontificum
2934 1205 3044 1261 sibi
3069 1203 3335 1260 habitum
3358 1203 3691 1271 sumebant,

540 1293 707 1367 ἀπῄει
765 1294 901 1368 μετᾶ
958 1295 1056 1366 τῇς
1106 1296 1359 1370 γυναικὸς
1419 1295 1510 1348 σὺν
1572 1294 1785 1369 ὀλίγοις
1828 1293 1936 1348 τισὶ

2047 1296 2102 1348 et
2136 1293 2499 1349 incruentam
2531 1295 2830 1349 victimam
2864 1311 2925 1349 se
2955 1294 3261 1348 immolare
3309 1290 3691 1357 simulabant,

258 1385 517 1445 νεανίαις
552 1385 605 1438 οἳ
635 1388 745 1438 τῶν
797 1382 1123 1459 ἀπορρήτων
1180 1390 1552 1459 συμμετεῖχον
1610 1383 1779 1456 αὐτῷ,
1844 1384 1933 1439 καὶ

2047 1381 2175 1454 ipso
2202 1382 2375 1438 etiam
2411 1383 2691 1439 Michaele
2723 1384 2780 1438 in
2816 1400 2883 1439 eo
2931 1391 3078 1439 euelu
3130 1387 3431 1438 versante:
3483 1381 3688 1436 ludum

257 1472 315 1530 ἓν
364 1472 438 1547 τῇ
470 1472 625 1544 οἰκίᾳ
680 1473 847 1541 αὐτῆς
907 1471 1166 1548 γεγονὼς,
1199 1473 1288 1527 xui
1349 1474 1751 1548 συμμετασχὼν
1808 1492 1935 1548 τρα-

2048 1471 2293 1527 minime
2324 1471 2639 1542 ludicrum,
2671 1473 2772 1528 sed
2796 1472 3152 1528 horrendum
3177 1471 3372 1542 potius
3399 1470 3689 1537 ludentes,

258 1565 444 1632 πέζης
508 1561 671 1635 αὐτῇ,
728 1566 1052 1635 πεζοπορᾶη
1111 1562 1274 1636 ἀπῄει
1330 1562 1468 1637 πρὸς
1524 1563 1591 1616 τὰ
1647 1560 1934 1635 ἀνάκτορα.

256 1651 371 1707 Καὶ
404 1653 433 1705 6
469 1651 570 1723 μὲν
600 1649 656 1704 ἐν
687 1651 964 1713 τοιούτοις
995 1652 1069 1711 ὡς
1131 1653 1270 1725 μέγα
1316 1672 1368 1706 τι
1418 1654 1697 1725 κατορθῶν
1754 1645 1935 1723 έὸρεψ

268 1740 450 1810 θύετο,
478 1745 607 1801 τοῖς
638 1737 684 1794 δ’
716 1737 916 1801 ἄλλοις
946 1739 1280 1810 ἀνοηταίνειν
1328 1738 1591 1815 ἐκρίνετο,
1623 1738 1713 1793 καὶ
1777 1744 1937 1812 μῖσος

273 1827 580 1905 ὖπέτρειρον
613 1828 734 1881 κατ’
765 1826 951 1885 αὐτοῦ.
984 1827 1104 1903 Οὐχ
1153 1826 1349 1897 ἥκιστα
1407 1824 1465 1882 δὲ
1520 1827 1753 1900 μισητὸς
1815 1824 1934 1880 ἐδό-

260 1938 349 1972 κει
379 1914 476 1971 διὰ
508 1915 643 1978 τοὺς
690 1916 1208 1995 παρατρεφομένους
1256 1916 1403 1988 αὖτῷ
1459 1916 1666 1993 ἐναγεῖς
1726 1916 1934 1977 νεανίας

265 2006 321 2058 οἳ
380 2006 530 2079 πρὸς
594 2006 735 2059 ἅπαν
798 2024 960 2059 κακον
1016 2003 1173 2059 αὐτὸν
1208 2004 1636 2075 ὑπεξέκαιον.0’ἰ
1697 2003 1787 2058 καὶ
1846 2003 1937 2079 ἆρ-

2049 2004 2120 2059 ad
2157 2005 2378 2060 obitum
2406 2010 2601 2061 Bardze
2627 2011 2684 2062 et
2710 2006 2897 2078 ipsius
2920 2006 3291 2078 imperatoris
3312 2022 3375 2061 se
3395 2008 3692 2060 convertat

264 2099 483 2169 χιερεῖς
534 2095 650 2167 (61)
701 2089 967 2148 ἔπλαττον
1015 2092 1259 2166 ἑαυτοὺς,
1310 2094 1400 2147 καὶ
1451 2095 1552 2162 τὴν
1607 2091 1937 2165 ἀναίμακτον

2049 2094 2256 2163 oratio,
2291 2100 2348 2149 et
2379 2095 2450 2150 ad
2483 2097 2836 2151 narrandam
2871 2095 3257 2164 occasionem,
3290 2111 3418 2165 quae
3475 2093 3690 2149 Basilio

265 2182 594 2258 ἱερουργίαν
648 2179 828 2236 τελεῖν
904 2182 1275 2257 ὑπεκρινοντο,
1334 2183 1424 2236 xui
1481 2182 1639 2236 αὐτὸν
1698 2183 1789 2236 τὸν
1846 2187 1937 2237 Μι-

2050 2182 2160 2237 fuit
2190 2184 2600 2239 contrahendae
2635 2201 2767 2239 eum
2801 2184 3080 2240 Michaele
3111 2181 3544 2239 familiaritatis.

264 2270 425 2346 χσῆλ
490 2274 983 2346 ωνιερουργοῦντα
1056 2267 1217 2340 δῆθεν
1284 2267 1504 2345 ἔχοντες
1576 2272 1825 2332 έαυτοῖςο
1882 2269 2162 2338 παίζοντες
2230 2269 2281 2325 έν
2343 2270 2404 2326 οὐ
2455 2278 2725 2341 παικτοῖς,
2776 2273 2809 2342 ἦ
2869 2269 3081 2344 μᾶλλον
3140 2271 3191 2326 έν
3244 2276 3360 2332 τοῖς
3414 2275 3687 2345 φρικτοῖς,

266 2358 392 2431 ὅξος
454 2380 517 2415 τε
582 2359 866 2435 μιγνύντες
929 2359 1019 2414 καὶ
1069 2358 1281 2430 σίνηπι,
1332 2360 1421 2415 καὶ
1506 2359 1559 2415 έν
1641 2360 1849 2414 σκεύεσι
1903 2358 2156 2435 χρυσέοις
2215 2360 2304 2414 καὶ
2359 2358 2787 2431 λιθοκολλήτοις
2847 2362 2975 2435 παρ’
3025 2361 3190 2415 αὑτοῦ
3249 2359 3690 2435 χορηγουμένοις

268 2451 329 2506 τὸ
396 2455 595 2526 κρᾶμα
658 2448 972 2526 ἐγχέοντες,
1033 2447 1343 2523 μετεδίδουν
1429 2449 1623 2505 τούτου
1706 2455 1822 2512 τοῖς
1903 2447 2245 2522 συμμύσταις
2320 2449 2493 2505 αὐτῶν
2576 2452 2666 2506 xui
2752 2450 3233 2525 συμπταίστορσιν.
3294 2446 3465 2523 Ἀλλᾲι
3515 2468 3689 2503 παντα

269 2539 598 2614 καταλέγειν
655 2542 754 2592 τοῦ
810 2536 1085 2607 τοιούτου,
1146 2540 1361 2614 χώρου,
1411 2541 1495 2601 οἷς
1554 2539 1923 2608 συνϐιασώτης
1980 2537 2070 2592 καὶ
2130 2538 2289 2602 αὐτὸς
2343 2539 2371 2593 ὁ
2434 2537 2687 2614 βασιλεὺς
2747 2539 3041 2615 ἐτύγχανεν
3074 2538 3172 2610 ὢν,
3204 2535 3422 2607 πολλῆς
3481 2538 3538 2592 ἂν
3602 2534 3687 2605 εἶή

279 2626 497 2703 λέσχης
524 2628 607 2680 xui
642 2623 861 2696 ἀηδίας.
884 2629 1042 2682 Ἥκει
1069 2624 1117 2681 δ’
1148 2628 1176 2681 6
1207 2625 1372 2703 λόγος
1399 2628 1499 2697 τήν
1529 2632 1627 2683 τοῦ
1660 2626 1843 2703 Βάρδα
1891 2624 2293 2701 διηγησόμενος
2346 2623 2666 2683 ἆποϐίωσιν·
2699 2629 2788 2684 xui
2834 2631 2932 2698 τὴν
2982 2634 3079 2684 τοῦ
3124 2632 3448 2705 κρατοῦντος
3501 2626 3687 2680 αὐτοῦ·

285 2716 375 2771 xui
406 2717 508 2790 πρὸ
535 2715 744 2770 τούτων
776 2717 874 2785 τήν
904 2720 1002 2771 τοῦ
1031 2716 1311 2791 βασιλείου
1341 2720 1436 2771 τοῦ
1467 2715 1781 2779 Μακεδόνος
1811 2716 2083 2772 οἷκείωσιν
2117 2718 2252 2793 πρὸς
2274 2718 2367 2772 τὸν
2398 2717 2651 2794 Μιχαὴλ,
2686 2719 2744 2781 ὃς
2775 2718 2834 2774 ἐκ
2856 2716 3189 2781 Μακεδονίας
3224 2718 3317 2791 μὲν
3345 2718 3435 2786 ἦν’

354 2807 418 2874 ζ’.
478 2806 621 2879 Ἔφυ
684 2801 741 2859 δὲ
797 2806 1043 2879 πατέρων
1098 2805 1329 2878 ἀσήμων
1386 2808 1498 2880 (62)
1556 2806 1645 2861 καὶ
1701 2805 1937 2882 ἀφανῶν,

2123 2808 2221 2865 Vl.
2256 2809 2389 2864 Fuit
2418 2808 2670 2865 Basilius
2701 2826 2768 2865 ex
2800 2810 3158 2879 Macedonia,
3195 2807 3536 2880 parentibus
3591 2807 3693 2861 ob-

285 2892 337 2947 εἴ
362 2893 561 2953 καίτις
587 2897 700 2947 τῶν
729 2892 796 2948 τὰ
846 2894 970 2967 περὶ
1018 2896 1184 2950 αὐτοῦ
1227 2893 1680 2970 έξιστορησάντων
1739 2894 1799 2951 ἐκ
1846 2899 1937 2950 τοῦ

2054 2897 2244 2953 seuris
2276 2902 2463 2964 ortus,
2494 2899 2603 2954 etsi
2652 2899 2896 2970 quidam
2954 2914 3151 2954 rerum
3209 2897 3338 2967 ejus
3395 2899 3694 2967 gestarum

286 2987 391 3037 τῶν
453 2979 797 3056 ’Λρσακίὸὦν
872 2981 1030 3037 αὐτὸν
1127 2983 1314 3057 γένους
1386 2983 1705 3060 κατάγεσθαι
1784 3004 1937 3059 τερα-

2052 2987 2302 3057 seriptor
2330 3003 2464 3043 eum
2496 3004 2684 3059 genus
2713 2988 2784 3043 ab
2828 2986 3125 3043 Arsacidis
3181 2986 3390 3041 ducere
3446 2984 3695 3040 commi-

288 3073 523 3128 τειόεται.
553 3074 668 3129 Τοῦ
700 3070 957 3147 Κρούμου
986 3069 1043 3125 δὲ
1072 3074 1201 3144 (τῶν
1234 3071 1571 3148 Βουλγάρων
1601 3069 1671 3127 δι’
1692 3075 1757 3143 ήν
1786 3073 1937 3134 οὗτος

2052 3073 2323 3131 niscitur.
2357 3075 2651 3148 Occupeta
2678 3092 2814 3132 vero
2846 3093 2877 3131 a
2908 3076 3055 3130 duce
3078 3073 3459 3147 Bulgarorum
3483 3074 3695 3129 Crumo

283 3161 565 3236 ἀρχηγὸς)
632 3162 734 3230 τήν
796 3157 1252 3234 ’Λδριανούπολιν
1304 3160 1698 3236 κατασχόντος,
1738 3163 1829 3216 καὶ
1887 3162 1937 3216 οἱ

2051 3163 2447 3238 Adrianopoli,
2479 3166 2657 3221 etiam
2690 3168 2959 3236 parentes
2988 3166 3114 3234 ejus
3153 3164 3328 3236 capti,
3390 3163 3448 3217 in
3487 3162 3695 3233 Bulga-

280 3250 480 3304 τούτου
538 3249 870 3325 γεννήτορες
941 3248 1295 3324 αἰχμάλωτοι
1366 3250 1649 3325 γεγονότες
1703 3250 1778 3312 εἷς
1837 3251 1937 3319 τήν

2051 3252 2199 3307 riam
2241 3254 2639 3322 adducuntur,
2699 3254 2856 3309 hunc
2916 3253 3203 3309 infantem
3260 3256 3319 3308 et
3373 3250 3692 3306 laetantem

278 3336 504 3392 ἐκείνων
580 3337 770 3412 χώραν
850 3338 1227 3413 μετήχθησαν,
1288 3337 1539 3414 ἆρτιγενῆ
1598 3343 1787 3393 τοῦτον
1846 3337 1937 3393 καὶ

2050 3342 2241 3396 adhuc
2272 3358 2470 3397 secum
2497 3348 2811 3414 gestantes.
2830 3344 3042 3399 Crumo
3066 3342 3362 3410 defuncto,
3387 3356 3693 3397 successor

275 3427 590 3500 ὄπομάζιον
625 3428 896 3505 φέροντες.
922 3431 1028 3481 Τοῦ
1076 3428 1339 3501 Κρούμου
1390 3424 1447 3482 δὲ
1492 3422 1937 3492 ἀποϐεϐιωκότος

2048 3431 2178 3502 ejus
2211 3430 2416 3486 multis
2468 3431 2738 3487 cladibus
2770 3450 2803 3487 a
2844 3432 3124 3488 Romanis
3164 3431 3440 3503 acceptis,
3491 3445 3695 3503 pacem

272 3513 412 3588 ἤδη,
461 3513 648 3590 ’ἑτερος
694 3518 798 3580 τῆς
838 3516 1018 3591 ἀρχῆς
1073 3520 1181 3571 τῶν
1229 3515 1556 3592 Βουλγάρων
1612 3516 1937 3587 ἐπείληπτο,

2050 3536 2184 3575 eum
2220 3520 2574 3591 imperatore
2605 3520 2762 3591 fecit,
2795 3520 3039 3592 captivis
3086 3537 3234 3591 quos
3290 3520 3542 3575 habebat
3594 3521 3698 3589 (ita

274 3606 336 3667 ’ὸς
368 3603 645 3666 πολλάκις
677 3603 729 3658 ἐν
774 3603 1045 3677 πολέμοις
1089 3610 1206 3667 τοῖς
1254 3606 1389 3681 πρὸς
1421 3606 1730 3679 Ῥωμαίους
1777 3618 1937 3684 θραυ-

2050 3609 2207 3663 enim
2230 3608 2878 3681 convenerat)dimissis
2903 3625 2915 3664 :
2943 3625 3056 3681 quo
3082 3613 3346 3680 tempore
3361 3607 3698 3664 adolescens

279 3695 456 3762 σθεὶς,
489 3690 724 3754 σπονδὰς
780 3693 919 3767 πρὸς
965 3694 1057 3748 τὸν
1112 3694 1236 3749 τότε
1291 3698 1594 3772 κρατοῦντα
1650 3697 1937 3769 Ῥωμαίων

2049 3703 2174 3754 erat
2204 3696 2481 3767 Basilius,
2513 3697 2608 3753 eui
2664 3698 2918 3753 infantili
2971 3701 3140 3752 satate
3187 3698 3391 3752 multis
3440 3697 3696 3752 ostensis

2047 1564 2105 1614 et
2134 1566 2297 1616 aceto
2330 1577 2395 1616 ac
2426 1561 2615 1633 sinapi
2647 1562 2705 1616 in
2731 1562 2885 1617 vasis
2914 1560 3107 1616 aureis
3132 1566 3189 1616 et
3209 1560 3520 1632 gemmatis
3544 1564 3690 1614 tem-

2048 1654 2274 1720 perato,
2305 1666 2433 1705 eam
2485 1651 2780 1722 potionem
2835 1649 3136 1706 sodalibus
3188 1655 3245 1705 et
3300 1649 3691 1704 collusoribus

2049 1737 2172 1794 suis
2202 1738 2640 1809 impertiebant.
2672 1739 2979 1795 Enimvero
3012 1738 3171 1793 illius
3210 1737 3462 1809 collegii,
3519 1737 3691 1808 cujus

2046 1824 2583 1898 etipseimperator
2604 1834 2728 1883 erat
2770 1827 3082 1900 particeps,
3126 1843 3358 1883 omnem
3391 1825 3686 1881 licentiam

2047 1932 2370 1986 recensere,
2404 1916 2669 1988 ineptum
2702 1933 2766 1972 ae
2798 1920 3218 1988 permolestum
3250 1915 3446 1971 fuerit.
3503 1917 3689 1981 Quare

280 3781 590 3849 πεποίητο,
619 3781 702 3835 xui
746 3780 879 3843 τοὺς
926 3780 1326 3857 αῗχμαλώτους
1376 3781 1733 3861 ἐλευθερῶσαι
1790 3786 1940 3841 συνέ-

288 3882 443 3937 θετο,
475 3869 562 3923 xui
619 3869 798 3943 μέντοι
856 3870 946 3925 xui
995 3872 1132 3926 κατὰ
1177 3872 1271 3934 τας
1323 3874 1590 3944 συνθήκας
1619 3872 1937 3944 πεποίηκεν,

282 3953 536 4036 Ἐφήϐου
578 3955 625 4012 δ’
662 3959 729 4027 ἦν
771 3956 994 4028 ἡλικίας
1042 3959 1164 4015 τότε
1223 3961 1497 4035 ἁψάμενος
1548 3963 1575 4016 6
1634 3962 1940 4026 Βασίλειος.

280 4041 564 4118 Νηπιὸθεν
619 4050 803 4121 μέντοι
851 4046 1039 4103 πολλᾶ
1087 4055 1290 4125 σημεῖα
1342 4048 1581 4127 γενέσθαι
1651 4051 1777 4129 φασὶ
1840 4053 1939 4122 τήν

286 4134 572 4211 βασιλείαν
616 4136 763 4209 αὐτῷ
812 4136 1227 4211 προμηνύοντα,
1259 4139 1332 4193 ὧν
1380 4138 1436 4194 ἓν
1497 4139 1563 4208 ἦν
1614 4139 1706 4194 καὶ
1752 4141 1815 4195 τὸ
1848 4140 1942 4217 ῥη-

283 4224 608 4297 Θησόμενον.
652 4227 871 4295 Νήπιος
926 4225 1021 4299 μὶν
1072 4225 1140 4295 ἦν
1190 4227 1218 4281 6
1267 4224 1579 4295 Βασίλειος,
1611 4228 1662 4283 οἱ
1713 4225 1770 4283 δὲ
1815 4228 1941 4284 τού-

279 4334 378 4369 του
443 4319 628 4389 γονεῖς
683 4314 808 4389 περὶ
867 4316 1021 4390 θέρος
1084 4312 1426 4391 ἠσχόληντο,
1478 4316 1568 4371 καὶ
1615 4316 1678 4372 τὸ
1736 4319 1936 4388 νήπιον

282 4403 566 4458 ὗπνῶττον
616 4403 722 4458 ὑπὸ
771 4403 863 4458 τὸν
918 4401 1080 4472 ἥλιον
1127 4399 1339 4459 ἔκειτω
1390 4404 1543 4467 ἀετὸς
1603 4404 1660 4460 δὲ
1713 4426 1941 4482 περιπε-

280 4494 516 4565 τόμενος
566 4491 861 4567 πρόσγειος
918 4489 1277 4566 ἠπλωμέναις
1322 4498 1441 4555 ταῖς
1486 4493 1737 4569 πρέρυξιν
1779 4494 1940 4572 ἔσχε-

284 4579 435 4651 δίαζε
483 4585 565 4653 τῷ
618 4580 806 4659 βρέφει
853 4580 1027 4638 σκιάν.
1078 4582 1142 4640 ἹΙ
1191 4579 1250 4638 δὲ
1296 4583 1499 4660 μήτηρ,
1552 4584 1627 4645 ὡς
1678 4581 1786 4640 εἶδε
1841 4585 1935 4640 τὸν
1970 4573 2014 4638 D

2048 3785 2362 3858 imperium
2419 3785 2820 3859 significatum
2879 3801 3008 3841 esse
3061 3786 3274 3853 ferunt,
3338 3802 3588 3855 quorum
3636 3785 3691 3839 id

2050 3891 2282 3947 quoque
2317 3874 2445 3944 fuit,
2480 3876 2636 3948 quod
2669 3877 2938 3931 referam.
2971 3876 3117 3931 Cum
3155 3874 3349 3930 infans
3403 3878 3579 3944 esset,
3628 3889 3695 3929 ae

2050 3965 2397 4035 parentibus
2430 3981 2623 4021 messe
2681 3964 2980 4037 occupatis
3039 3964 3150 4020 sub
3210 3963 3332 4020 sole
3388 3964 3694 4030 dormiret,

2051 4052 2253 4126 aquila
2286 4070 2463 4126 prope
2495 4060 2708 4109 terram
2752 4052 3210 4120 eircumvolans,
3268 4055 3543 4125 expansis
3589 4052 3697 4107 alis

2053 4142 2322 4198 umbram
2355 4143 2407 4198 ei
2466 4143 2756 4199 faciebat:
2819 4159 2993 4213 quam
3051 4147 3239 4198 mater
3294 4158 3426 4197 eum
3487 4141 3698 4197 infanti

2051 4231 2622 4304 appropinquantem
2654 4231 2895 4298 videret,
2955 4229 3191 4286 sublata
3237 4246 3373 4286 voce
3416 4230 3696 4297 accurrit,

2050 4326 2107 4377 et
2138 4321 2393 4392 aquilam
2418 4320 2715 4391 lapidibus
2749 4321 2960 4394 abegit.
2996 4322 3073 4377 Ea
3114 4321 3186 4375 ad
3244 4336 3392 4392 opus
3444 4334 3695 4387 reversa,

2049 4411 2254 4466 eadem
2287 4410 2486 4482 aquila
2517 4409 2669 4465 idem
2700 4411 2960 4466 officium
2983 4409 3195 4467 infanti
3218 4408 3529 4466 dormienti
3554 4424 3699 4479 pra:-

2049 4504 2238 4569 stans,
2291 4501 2476 4569 adest,
2533 4504 2590 4555 et
2647 4504 2833 4555 mater
2889 4500 3230 4571 perterrita,
3278 4501 3471 4555 denuo
3525 4498 3690 4551 illam

2045 4588 2251 4662 abigit.
2282 4590 2393 4646 Sed
2428 4605 2561 4645 cum
2596 4588 2753 4645 idem
2808 4589 3021 4661 saepius
3075 4591 3263 4656 fieret,
3315 4604 3376 4644 re
3422 4585 3698 4658 cogitata,

1545 4730 1752 4793 Variae
1802 4731 2103 4795 lectiones
2150 4739 2213 4795 et
2258 4740 2448 4796 notae.

358 4838 778 4969 (602.31611‘8'"
812 4842 899 4899 Its
943 4860 1069 4927 non_
1117 4844 1300 4902 semel
1360 4846 1564 4902 urbem
1613 4846 1940 4931 Constanti-

358 4933 440 4969 ano
468 4920 693 4969 itanam
723 4918 930 4969 vocant
959 4921 1294 4969 sermtores.
1328 4925 1670 4969 Anonvmus
1708 4935 1767 4969 in
1822 4920 1940 4969 Μο-

284 4916 693 4991 nopolitanam
723 4918 941 4991 voeant_
959 4916 1294 4991 scriptores.
1328 4920 1767 4991 Anonymusin
1821 4920 1941 4975 Μο-

286 4987 467 5062 nodia
517 4987 583 5062 _in
642 4987 1107 5062 genstantinuu;
1146 4989 1291 5062 imp.
1323 4987 1692 5062 Constantini
1747 4991 1937 5062 M._fi-

283 5058 583 5136 lil_11_D_:_'Q
633 5054 771 5136 οἶοις
800 5060 915 5136 ,νῦν
973 5052 1358 5136 -ἰπιϐατηρίοις
1409 5060 1601 5136 έξένισὲ
1649 5079 1706 5115 σε
1839 5060 1939 5136 βα-

285 5128 560 5205 σιλίςῐπῐο
591 5133 767 5187 veteri
800 5132 1074 5203 Inseript.
1107 5128 1262 5205 apud
1322 5128 1658 5190 Reinesium
1694 5150 1749 5204 p.
1775 5128 1889 5189 380
1920 5151 1934 5189 :

281 5204 710 5257 ΑΝΕΣἸἨΣΛΝ
777 5206 867 5256 ΕΝ
920 5205 1008 5256 ΤΗ
1054 5208 1362 5261 ΒΑΣΙΛΙΔΙ
1401 5210 1591 5261 ΡΩΜΗ
1632 5209 1934 5259 ΜΝΗΜΗΣ

280 5272 526 5350 ΧΑΡΙΝἶ
555 5275 615 5329 S.
647 5274 913 5350 Asterius
940 5281 1211 5350 .Am‘asege
1241 5280 1495 5350 episeop.
1536 5277 1598 5333 in
1632 5282 1693 5350 S_._
1737 5277 1936 5350 Phocis

283 5344 568 5422 martyrio
620 5362 731 5422 ms.
768 5344 963 5422 :‘K‘11&
1012 5343 1132 5422 ταξινᾷ
1164 5343 1568 5422 βασιλεύουσαν
1601 5344 1786 5415 πόλιν,
1835 5348 1935 5417 τήν

279 5412 527 5493 κόρυςρον
546 5422 657 5493 τῆς
691 5412 947 5493 Ἰταλίας,
980 5417 1071 5469 καὶ
1107 5412 1361 5493 βασιλίδα
1389 5425 1485 5476 τοῦ
1506 5420 1737 5493 κόσμου.

354 5486 469 5565 (6t)
500 5488 594 5565 0'i_
629 5488 720 5541 xui
764 5486 1116 5565 ’ἀρχιερεῖς-ξ
1137 5492 1277 5549 Vide
1334 5502 1540 5565 praeter
1599 5486 1935 5565 Porphyro-

354 5506 567 5559 (DUU!
629 5507 720 5541 και
778 5506 939 5562 αῡχιε
980 5508 1075 5551 εις.
1141 5506 1277 5549 νιαο
1334 5506 1540 5565 praeter
1599 5506 1933 5563 Porpnyro-

286 5562 553 5643 genitum
580 5560 641 5634 in
686 5559 776 5643 avi
808 5506 1009 5643 Basifii
1037 5559 1187 5643 Vita.
1223 5582 1280 5620 n.
1314 5566 1405 5634 31,
1436 5566 1571 5643 edit.
1622 5563 1933 5643 Combefis.

284 5636 342 5686 et
386 5633 538 5706 alios
559 5631 1339 5706 A’scriptg-esuByzantmos,
1389 5631 1802 5695 Balsamonem
1863 5636 1934 5692 ad

288 5717 416 5759 can.
449 5704 522 5759 62
552 5701 771 5772 Synodi
794 5701 1108 5763 Trullaua.

362 5775 474 5848 (62)
527 5768 669 5850 Ἐ’φυ
732 5768 791 5829 δέ
871 5771 1117 5851 πατέρων
1195 5777 1455 5855 ἀσήμων.
1514 5776 1935 5852 Luitprandus,

2050 4849 2149 4905 lib.
2209 4867 2227 4906 ι
2274 4866 2403 4923 cap.
2441 4853 2533 4923 A2:
2571 4851 2813 4907 Basilius
2862 4852 3173 4923 imperator
3224 4852 3519 4922 Augustus,
3565 4863 3698 4923 avus

2048 4922 2235 4998 hujus,
2266 4921 2580 4998 Macedonia
2611 4924 2815 4978 humili
2856 4921 3043 4998 fuerat
3080 4921 3345 4998 prosapia
3399 4921 3694 4998 oriundus,

2048 4990 2431 5066 descenditque
2514 4990 3043 5066 Constantinopolim
3080 4990 3094 4998 ’
3114 5002 3216 5063 τῆς
3245 4990 3261 4998 ’
3289 4993 3474 5055 πενίας
3526 4990 3692 5064 ζυγῷ,

2048 5064 2193 5135 quod
2219 5072 2301 5121 est
2328 5064 2666 5137 paupertatis
2703 5064 2955 5136 jugo,‘ut
2995 5069 3219 5123 cuidam
3272 5070 3508 5125 serviret
3562 5070 3695 5134 Igu-

2046 5152 2204 5212 meno
2233 5138 2444 5194 abbati.
2476 5139 2658 5207 Igitur
2685 5140 2986 5212 imperator
3004 5139 3250 5207 Michael,
3283 5142 3381 5212 qui
3408 5143 3538 5194 tunc
3560 5139 3694 5212 tem-

2041 5211 2196 5279 poris
2246 5214 2388 5276 erat,
2443 5225 2571 5263 cum
2621 5210 2886 5264 orationis
2934 5216 3120 5279 gratia
3169 5214 3238 5267 ad
3292 5210 3694 5267 monasterium

2049 5281 2191 5335 istud
2231 5283 2288 5336 in
2319 5296 2424 5353 quo
2452 5280 2802 5334 ministrabat
2834 5280 3203 5349 descenderet,
3243 5284 3383 5338 vidit
3411 5283 3556 5353 hunc
3579 5282 3694 5350 for-

2046 5368 2140 5407 ma
2168 5369 2287 5424 prae
2314 5351 2536 5426 exteri:
2567 5353 2782 5426 egregia
2814 5368 2833 5406 :
2861 5356 3205 5426 accitumque
3232 5356 3304 5410 ad
3342 5369 3400 5409 se
3444 5351 3693 5426 abbatem

2046 5423 2269 5498 rogavit
2317 5429 2457 5498 utise
2483 5423 2715 5498 donaret
2733 5423 2843 5498 _hoc
2864 5441 3052 5495 puero,
3075 5423 3237 5498 quem
3289 5425 3592 5498 suscipiens
3635 5424 3694 5475 in

2040 5496 2272 5567 palatio,
2302 5494 2654 5552 cubicularii
2711 5492 2942 5569 donabit
2997 5492 3197 5569 ofﬁcio.
3232 5500 3407 5569 Tantae
3430 5492 3443 5495 ⁷
3463 5495 3696 5569 denique

2044 5575 2166 5637 post
2190 5569 2488 5640 paululum
2517 5568 2818 5640 potestatis
2849 5567 3068 5639 eﬂectus
3091 5576 3194 5632 est,
3227 5578 3287 5623 ut
3312 5567 3545 5640 alterab
3574 5582 3689 5621 om-

2044 5637 2209 5722 aibus
2240 5642 2538 5722 imperator
2562 5640 2635 5693 sit
2662 5637 2991 5722 appellatus.
3022 5643 3119 5722 In_
3145 5641 3381 5722 quibus
3420 5637 3688 5722 aliquan-

2043 5714 2170 5786 tum
2224 5709 2497 5786 dissentit
2552 5709 3019 5786 ascriptoribus
3081 5709 3438 5786 Byiantinis,
3470 5710 3690 5782 quibus

2043 5781 2237 5854 potior
2264 5785 2356 5840 est
2383 5781 2532 5839 ﬁdes
2560 5780 2917 5839 adhibenda.
