4156 6214
531 346 602 404 31
1890 379 2214 444 JOANNIS

537 476 758 536 bonum
799 487 1113 557 augurium
1145 509 1274 551 esse
1297 497 1606 568 judicavit.
1633 505 1775 561 Cum
1821 509 1946 580 jam
1988 511 2183 569 adole-
2211 517 2266 584 Α
2298 515 2448 571 ἀετὸν
2506 523 2584 591 τῷ

533 567 743 639 vissct,
779 577 941 643 pater
971 579 1099 648 ejus
1145 567 1313 656 obiit,
1366 595 1553 646 mater
1609 593 1763 650 ultra
1819 567 2180 671 paupertatis

528 653 926 732 incommoda,
959 667 1262 727 viduitatis
1310 676 1484 733 etiam
1544 683 1717 739 malis
1765 690 2176 756 premebatur:

530 744 679 816 ipse,
719 750 818 820 qui
844 769 956 808 non
991 755 1229 817 haberet
1261 766 1414 820 unde
1464 769 1697 841 viveret,
1733 775 1985 834 decrevit
2041 797 2176 852 ope-

522 851 649 890 ram
682 854 850 896 suam
885 843 1058 901 alicui
1097 855 1362 911 mercede
1391 855 1597 915 locare.
1645 863 1947 923 Profectus
1993 868 2174 941 igitur

1931 922 1938 923 ί

523 922 582 977 in
618 941 890 999 magnam
927 935 1155 1004 urbem,
1181 945 1237 996 et
1269 947 1493 1016 vesperi
1529 966 1632 1019 per
1660 953 1910 1010 Auream
1944 964 2171 1028 portam

522 1011 848 1084 ingressus,
865 1022 1036 1092 juxta
1061 1029 1214 1085 164
1238 1011 1417 1090 aedem
1447 1036 1505 1092 S.
1522 1011 1818 1098 biomedis
1841 1011 2171 1116 prostratus

520 1103 890 1164 obdormivit.
928 1112 1111 1170 Noctu
1144 1121 1354 1178 aedituo
1388 1125 1514 1190 (nec
1545 1129 1683 1186 dum
1720 1103 1875 1188 enim
1910 1135 1990 1190 ibi
2047 1103 2172 1193 erat

520 1199 969 1269 monasterium)
1001 1212 1222 1280 martyr
1250 1221 1514 1285 apparet,
1549 1223 1607 1274 et
1640 1221 2048 1292 imperatorem
2079 1226 2169 1282 in-

517 1283 822 1342 troducere
846 1289 1037 1360 jubet.
1074 1295 1181 1359 Qui
1213 1283 1484 1372 egressus
1516 1325 1650 1364 cum
1684 1311 1968 1368 Basilium
2001 1314 2168 1371 humi

513 1368 767 1430 dormire
793 1378 1339 1450 videret,somnium
1366 1410 1552 1466 nugas
1567 1413 1696 1454 esse
1719 1405 1882 1457 ratus
1904 1405 2166 1460 est.Cum

513 1464 756 1518 sanctus
789 1465 944 1524 idem
977 1471 1393 1546 denuojubere
1417 1464 1946 1557 viderotur,rursus
1971 1509 2165 1565 egres-

513 1553 881 1618 sus,nemine
894 1566 1102 1628 praeter
1117 1567 1395 1625 Basilium
1412 1571 1877 1641 invento,eadem
1892 1581 2166 1652 Opinione

514 1638 704 1695 rediit.
741 1643 851 1698 Sed
886 1656 1104 1723 martyr
1132 1657 1371 1714 tertium
1397 1663 1608 1720 aadituo
1638 1638 2160 1743 apparet,e‘umqu6

519 1725 816 1786 introduci
840 1735 1030 1805 jubet,
1064 1743 1163 1812 qui
1195 1744 1334 1802 foris
1356 1749 1570 1819 jaceat,
1631 1770 1764 1810 eum
1825 1757 1980 1812 enim
2039 1776 2165 1815 esse

506 1817 942 1887 imperatorem.
1004 1828 1286 1900 Egressus
1346 1837 1527 1909 igitur
1583 1844 1862 1901 Basilium
1910 1849 2140 1915 excitat,

505 1911 928 1982 exceptumque
960 1914 1216 1989 hospitio
1247 1941 1350 1994 pro
1371 1928 1496 1984 suis
1519 1933 1724 2003 copiis,
1757 1939 1993 1992 tractat.
2012 1911 2143 1994 Erat

500 1999 697 2050 autem
724 1999 933 2058 aedituo
966 2005 1142 2063 frater
1171 2013 1455 2086 medicus,
1519 1999 1906 2094 Tbeophilitzi
1957 2026 2142 2082 inser-

498 2081 685 2154 viens,
720 2091 1057 2158 quiCaesari
1117 2100 1310 2158 Bardae
1369 2081 1808 2182 et'imperatori
1869 2116 2140 2172 Michaeli

496 2185 707 2241 genere
756 2182 1104 2251 conjunctus
1135 2195 1276 2258 erat,
1311 2198 1367 2248 et
1397 2196 1467 2251 ob
1523 2204 1811 2258 staturam
1864 2204 2142 2260 brevissi-

500 2275 679 2328 mam,
713 2281 817 2335 per
846 2270 1294 2336 diminutionem
1328 2283 1756 2357 TheOphilitzes
1807 2294 2135 2350 vocabatur.

498 2351 773 2410 Edituus
808 2357 972 2415 fratri
1007 2381 1113 2420 suo
1149 2367 1346 2439 igitur,
1372 2391 1582 2432 arcano
1613 2381 1841 2437 somnio
1892 2384 2138 2454 detecto,

498 2441 665 2508 petit,
699 2448 762 2498 ut
791 2445 1088 2509 hominem
1121 2457 1370 2533 principi
1404 2463 1576 2521 alicui
1608 2470 1678 2523 ad
1739 2471 2136 2529 ministerium

495 2535 884 2593 commendet.
924 2540 975 2595 Is
1009 2559 1142 2599 eum
1174 2549 1245 2603 ad
1290 2568 1463 2609 suum
1522 2557 1827 2615 dominum
1879 2563 2134 2620 deducit.

497 2616 606 2672 Sed
639 2620 697 2674 in
733 2625 941 2693 primis
973 2633 1145 2688 ambo
1181 2637 1388 2696 fratres
1419 2643 1722 2714 Basilium,
1772 2649 1870 2706 illo
1922 2653 2135 2708 somnii

492 2709 726 2765 oraculo
759 2723 1212 2792 communicato,
1238 2727 1626 2800 jurejurando
1659 2737 2052 2810 obstringunt,
2074 2745 2138 2796 ut

495 2793 742 2868 imperio
774 2805 995 2874 potitus
1013 2793 1275 2880 ipsorum
1299 2793 1684 2878 meminisset.
1709 2793 2134 2898 Theopuhilitlzes

502 2884 712 2944 Basilio
744 2891 1068 2953 delectatus
1101 2901 1247 2969 (erat
1277 2907 1433 2962 enim
1465 2927 1767 2981 procerus,
1815 2917 2129 2988 formosus,

492 2990 670 3031 manu
703 2989 1010 3054 promptus
1041 2993 1098 3043 et
1127 2992 1320 3063 agilis,
1355 2999 1829 3076 promissumque
1850 3007 2129 3079 capillum

491 3061 705 3133 aiebat,
755 3084 1002 3142 cumque
1047 3061 1332 3151 crispum)
1380 3087 1504 3143 suis
1561 3093 1945 3162 equisonibus
1994 3113 2128 3154 eum

489 3155 764 3225 praefecit,
798 3175 913 3230 quo
945 3180 1187 3224 munere
1218 3172 1318 3241 qui
1369 3155 1653 3248 fungitur,
1704 3183 1877 3255 vulgo
1935 3191 2127 3256 proto-

488 3244 704 3299 strator
733 3246 965 3307 dicitur.
1001 3255 1298 3318 Quaerebat
1329 3273 1384 3320 et
1416 3244 1731 3338 imperator
1785 3244 2128 3345 equisonem
2161 3264 2203 3332 C

491 3335 794 3390 strenuum
829 3345 885 3394 et
915 3342 1209 3402 solertem.
1273 3335 1573 3412 Adductus
1632 3361 1784 3417 enim
1837 3335 1893 3418 ei
1944 3365 2132 3422 fuerat

487 3433 696 3493 equus,
721 3429 996 3486 omnibus
1021 3433 1117 3490 ille
1139 3439 1373 3508 quidem
1406 3447 1539 3516 equi
1574 3448 1886 3508 virtutibus
1920 3456 2127 3524 praedi-

486 3511 602 3577 tus,
636 3515 738 3568 sed
770 3520 1148 3593 praafractior,
1183 3533 1239 3582 et
1268 3511 1557 3590 sessorem
1585 3553 1734 3609 aegre
1767 3511 2013 3611 patiens.
2040 3547 2126 3600 Ad

485 3613 657 3668 quem
680 3611 1067 3675 spectandum
1089 3613 1167 3670 im
1179 3625 1550 3688 peratorcum
1570 3627 1846 3698 venisset,
1870 3631 2124 3704 aliquem

481 3695 870 3752 conscendere
893 3699 1155 3768 jubebat.
1192 3707 1355 3770 Quod
1388 3727 1522 3768 cum
1556 3714 1752 3786 plures
1813 3695 2124 3792 tenta-rent,

482 3776 581 3834 ille
613 3781 772 3838 ferox
812 3791 987 3859 atque
1044 3791 1326 3868 insolens,
1385 3776 1716 3862 excutiebat
1772 3776 1996 3868 omnes.
2060 3776 2123 3868 Id

481 3867 821 3940 imperatori
854 3878 1165 3938 molestum
1199 3885 1327 3955 fuit,
1361 3905 1422 3944 se
1452 3891 1660 3949 idoneo
1691 3900 1975 3968 equisone
2023 3919 2122 3958 ca‘

480 3973 608 4013 rere
637 3959 990 4034 indignanti.
1026 3969 1108 4025 Ibi
1167 3974 1597 4048 Theophilitzes
1649 3959 1775 4057 ipse
1825 3987 2002 4045 talem
2061 4006 2122 4047 se

479 4046 692 4104 habere
725 4052 824 4120 ait,
876 4071 1152 4129 eumque,
1198 4062 1245 4117 si
1305 4046 1478 4122 vellet
1525 4069 1861 4144 imperator,
1921 4081 2119 4138 affore.

480 4133 644 4192 Illius
677 4138 1054 4212 igiturjussu
1086 4148 1339 4208 Basilius
1389 4133 1728 4229 accersitus,
1781 4133 2122 4238 freno

475 4222 683 4294 henso,
706 4243 922 4300 equum
947 4250 1080 4290 cum
1107 4253 1426 4312 pOppysmo
1450 4222 1897 4319 demulcet,sese
1918 4222 2124 4314 leviter

475 4311 731 4372 allevans
761 4325 1124 4396 conscendit,
1158 4344 1223 4382 ac
1254 4311 1320 4384 eo
1379 4333 1662 4408 principio
1717 4357 1923 4411 parum
1974 4347 2123 4403 exci-

474 4406 620 4470 tato,
653 4412 785 4476 post
814 4409 989 4466 etiam
1045 4418 1163 4470 toto
1195 4419 1424 4492 ﬂagello
1474 4406 1782 4500 concitato,
1837 4435 2116 4493 excurrit.

479 4491 556 4547 Ea
587 4510 647 4550 re
681 4496 1001 4556 delectatus
1037 4503 1375 4579 imperator,
1409 4513 1693 4572 Basilium
1728 4491 1880 4577 inter
1935 4525 2118 4595 impe-

472 4583 719 4641 ratorios
750 4589 1060 4659 equisones
1085 4596 1280 4666 refert,
1340 4617 1406 4656 ac
1464 4620 1780 4676 progressu
1837 4615 2117 4685 temporis
2151 4638 2195 4702 D

473 4677 948 4702 ῇκηιηηι-..ιΑ-..μ
992 4681 1147 4702 J_-3,,
1238 4691 1247 4702 .
1392 4689 1402 4700 ι
1434 4690 1446 4702 1
1654 4696 1664 4702 .
1748 4698 1757 4702 -
1854 4700 1862 4702 -

471 4677 953 4742 protostratorem
986 4681 1276 4757 designat,
1305 4689 1404 4760 qui
1432 4690 1617 4750 honos
1649 4696 1898 4770 insignis
1923 4677 2031 4774 est,
2061 4710 2118 4761 et

473 4776 506 4814 a
537 4760 934 4823 familiaritate
965 4770 1337 4843 imperatoris
1398 4797 1514 4837 non
1561 4783 1810 4844 alienus.
1863 4791 2115 4851 Tantum

471 4854 666 4907 autem
692 4853 1064 4927 imperatoris
1097 4863 1496 4925 benevolentia
1521 4889 1659 4946 erga
1689 4875 1855 4934 illum
1888 4881 1946 4938 in
1993 4884 2116 4942 dies

471 4941 819 5014 augebatur,
854 4951 919 5002 ut
949 4954 1004 5003 et
1029 4951 1239 5009 Caasari
1271 4957 1604 5018 invidiosus
1626 4973 1796 5022 esset.

471 5025 828 5106 σκληραύχην
891 5031 948 5089 δὲ
1004 5038 1093 5092 καὶ
1147 5042 1222 5112 μὴ
1278 5042 1476 5116 ρᾳδίως
1533 5047 1976 5128 ἆναϐαινόμενος.

471 5124 774 5201 ἐπέτρεπεν.
831 5130 1103 5189 Πλειόνων
1165 5135 1209 5192 δ’
1263 5139 1438 5218 ἐπιχει

469 5308 525 5366 δὲ
579 5316 607 5368 6
665 5318 1041 5394 Θεοφιλίτζης,
1102 5320 1247 5401 ἔχειν
1299 5331 1439 5386 εἶπεν
1498 5335 1656 5400 αὐτὸς
1713 5347 1984 5413 τοιοῦτον,
2016 5347 2126 5416 καὶ,

466 5402 556 5455 καὶ
615 5404 642 5458 6
703 5407 987 5472 Βασίλειος
1043 5417 1426 5493 μετεκέκλητο,
1461 5425 1548 5480 καὶ
1607 5432 1700 5482 τοῦ
1752 5431 1984 5505 χαλινοῦ
2041 5441 2136 5492 τοῦ

468 5497 648 5575 αὑτὸν,
707 5504 929 5583 κούφως
985 5532 1039 5566 τε
1101 5516 1429 5591 μετεωρίσας
1488 5523 1673 5580 ἑαυτὸν
1725 5524 2037 5605 ἐπιϐέϐηκε,
2091 5534 2179 5590 καὶ

479 5586 492 5605 .
571 5597 598 5605 _
732 5592 744 5605 .
791 5592 874 5605 ...ι
973 5601 981 5605 -

465 5586 672 5664 ῥυτῆρα
728 5592 988 5654 ἐνδέδωκέ
1040 5623 1099 5657 τε
1141 5606 1228 5660 καὶ
1291 5605 1639 5678 ἐξιππάσατο.
1672 5617 1846 5688 ’Ήσθη
1905 5620 2089 5676 τούτοι
2140 5625 2168 5678 6

465 5687 773 5764 βασιλικοῖς
833 5695 1167 5774 ἱπποκόμοις
1236 5707 1501 5783 συνέταξε,

2258 385 2601 449 ZONABrE
3863 397 3952 457 33

2630 517 2781 574 παιδὶ
2830 524 3274 597 προσεγγιζοντα,
3322 522 3422 596 ἦρέ
3467 541 3526 577 τε
3567 523 3664 591 τήν
3727 526 3944 602 φωνὴν,

2293 606 2380 659 καὶ
2440 606 2783 684 προσέδραμε
2837 614 2918 682 τῷ
2973 610 3096 682 υἱῷ,
3126 608 3217 665 καί
3273 609 3448 674 λίθοις
3479 611 3572 666 τὸν
3604 610 3756 667 ἂετὸν
3805 612 3942 670 ἀπε-

2290 692 2473 753 δίωκε.
2507 702 2613 764 Τῆς
2673 696 2730 754 δὲ
2786 699 2922 775 πρὸς
2979 701 3040 754 τὸ
3099 693 3253 776 ἔργον
3303 702 3660 776 χωρησάσης,
3713 700 3862 766 αὖθις
3911 706 3940 760 ὁ

2289 783 2440 846 ἀετὸς
2488 787 2718 862 προσῄει
2763 794 2843 861 τῷ
2900 790 3083 865 βρέφει
3133 790 3487 863 κοιμωμένῳ,
3541 788 3805 847 ἐπιτελῶν
3869 793 3935 848 τὸ

2286 871 2680 952 λειτούργημα.
2734 879 2831 933 Καὶ
2879 882 2914 949 ἡ
2973 881 3156 954 μήτηρ
3215 878 3376 934 πάλιν
3429 875 3786 953 τεθορύϐητο,
3843 882 3940 938 καὶ

2286 962 2445 1018 αὑτὸν
2479 965 2797 1024 ἀπεδίωκεν.
2832 970 2920 1031 Ὦς
2953 965 3010 1023 δὶ
3057 967 3327 1031 πολλάκις
3376 973 3537 1024 τοῦτο
3586 968 3793 1045 ἐγένετο
3854 971 3936 1036 εἷς

2285 1053 2632 1126 συναίσθησιν
2680 1058 2801 1129 ἧκε,
2833 1058 2920 1113 καὶ
2971 1059 3212 1134 χρηστὸν
3267 1058 3532 1136 ὑπείληφε
3587 1059 3648 1114 τὸ
3701 1067 3937 1136 πρᾶγμα

2283 1142 2575 1218 οἰώνισμα.
2632 1144 2772 1218 Ἤδη
2827 1145 2883 1203 δὲ
2939 1147 3103 1204 αὑτοῦ
3162 1143 3599 1223 ὑπερϐεϐηκότος
3653 1149 3745 1204 τὸν
3809 1151 3929 1224 μεί-

2281 1251 2439 1305 ρακα,
2486 1235 2514 1288 6
2563 1238 2740 1312 πατὴρ
2795 1237 2889 1311 μὲν
2940 1237 3199 1294 κατέλυσε
3253 1239 3353 1308 τήν
3407 1239 3575 1308 ζωὴν,
3624 1239 3659 1308 ἡ
3710 1235 3767 1293 δὲ
3818 1241 3927 1312 μή-

2278 1341 2381 1395 τηρ
2412 1323 2579 1378 αὑτοῦ
2610 1322 2846 1401 πρὸςιτῇ
2880 1327 3034 1399 πενίᾳ
3080 1328 3168 1383 καὶ
3221 1333 3338 1389 τοῖς
3387 1333 3488 1397 τῆς
3542 1328 3772 1403 χηρείοις
3828 1349 3925 1383 κα-

2278 1415 2398 1474 κοῖς
2429 1411 2688 1482 ἐπιέζετο.
2716 1419 2774 1472 Ὁ
2805 1413 2861 1470 δὲ
2907 1421 3016 1471 τῶν
3060 1417 3196 1491 πρὸς
3236 1417 3300 1471 τὸ
3350 1420 3443 1491 ζῇν
3497 1415 3822 1520 ἀναγκαίωνῂ
3843 1419 3924 1490 μή

2282 1518 2295 1520 _
2316 1497 2326 1515 ’
2454 1505 2482 1516 ~
2585 1497 2608 1520 ν
2854 1506 2877 1520 Α
2892 1509 2918 1519 ο
3054 1507 3065 1520 \
3166 1507 3179 1520 ο
3380 1505 3390 1520 ο
3501 1505 3514 1520 ι
3633 1505 3648 1520 ι
3735 1505 3750 1520 1
3862 1509 3889 1520 -

2277 1497 2546 1573 εὐπορῶν,
2583 1497 2718 1579 ἔγνω
2753 1506 2930 1576 μισθῷ
2970 1507 3106 1580 πρὸς
3161 1505 3452 1581 ὑπηρεσίαν
3501 1505 3685 1560 ἑαυτὸν
3732 1501 3925 1560 ἐκδοῦ-

2275 1586 2361 1641 ναί
2415 1611 2560 1643 τινι·
2619 1592 2708 1646 καὶ
2764 1589 2896 1666 ἄρας
2953 1591 3169 1670 ἔρχεται
3223 1594 3360 1669 πρὸς
3427 1595 3526 1664 τήν
3595 1593 3921 1668 Μεγαλόπο-

2277 1673 2382 1735 λιν.
2431 1679 2618 1752 Ὀψίας
2677 1679 2735 1736 δὲ
2803 1683 2902 1751 τήν
2960 1688 3059 1750 τῆς
3117 1681 3335 1743 πόλεως
3395 1681 3650 1739 εἰσελθὼν
3707 1679 3913 1754 πύλην,

2274 1763 2309 1833 ἢ
2340 1765 2587 1822 καλεῖται
2620 1771 2869 1844 Χρυσεία,
2902 1772 3048 1846 παρᾶ
3073 1777 3154 1844 τῷ
3196 1778 3310 1845 ναῷ
3355 1773 3451 1828 τοῦ
3499 1772 3651 1847 ἁγίου
3701 1774 3919 1844 Διομή-

2275 1852 2399 1917 δους
2460 1855 2746 1913 κατέλυσεν
2783 1878 2795 1890 ⁸
2863 1860 2952 1915 καὶ
3036 1863 3211 1916 πεσὼν
3297 1858 3396 1932 ἔξω
3471 1865 3567 1916 τοῦ
3629 1861 3912 1934 τεμένους,

2262 1941 2569 2018 κατέδαρθε.
2607 1949 2811 2011 Νυκτὸς
2871 1947 2928 2004 δὲ
2955 1954 3034 2021 τῷ
3090 1955 3186 2005 τοῦ
3244 1954 3374 2006 ναοῦ
3432 1951 3690 2026 νεωκόρῳ
3729 1946 3904 2022 (οὔπω

2245 2033 2347 2107 γὰρ
2425 2035 2491 2103 ἦν
2566 2037 2856 2112 γενόμενος
2945 2044 3224 2112 μοναστῶν
3308 2039 3613 2116 εύκτήριον)
3673 2034 3796 2111 ὄναρ
3873 2039 3901 2093 6

2251 2122 2454 2198 μάρτυς
2513 2123 2810 2203 ἐφίσταται,
2844 2129 2932 2182 καὶ
2975 2130 3065 2184 τὸν
3112 2126 3338 2205 βασιλέα
3385 2129 3531 2192 ἐντὸς
3584 2127 3890 2203 εἶ’σαγαγεῖν

2251 2209 2266 2232 ἳ
2378 2211 2396 2232 Ν
2456 2213 2467 2229 Ι
2642 2216 2698 2232 (Α
2733 2213 2775 2232 h‘
2829 2215 2874 2232 τι
2908 2216 2927 2232 \
2955 2230 2965 2232 μ
2992 2219 3004 2232 ι
3175 2218 3187 2232 \
3273 2219 3285 2232 ε
3376 2221 3413 2232 σε
3497 2215 3531 2232 1‘
3751 2218 3764 2232 ν
3826 2217 3840 2232 \

2248 2209 2608 2285 ἐγκελεύεται,
2642 2216 2702 2273 Ὀ
2730 2213 2785 2270 δὲ
2825 2215 3052 2288 ἐξελθὼν
3102 2218 3190 2272 καὶ
3234 2219 3326 2273 τὸν
3375 2215 3658 2275 Βασίλειον
3714 2217 3887 2292 εὑρὼν

2246 2297 2334 2353 ἐπὶ
2382 2301 2547 2374 ψιλοῦ
2595 2307 2690 2357 τοῦ
2740 2302 2966 2384 ἐδάφους
3021 2308 3385 2380 ὑπνώττοντα,
3420 2308 3700 2386 φάντασμα
3756 2305 3889 2360 εἶναι

2244 2390 2335 2442 τὸν
2369 2386 2575 2465 ὄνειρον
2603 2393 2870 2472 ὑπείληφε
2933 2397 3180 2470 μάταιον.
3241 2399 3329 2452 Ὠς
3389 2394 3445 2452 δὲ
3490 2397 3578 2451 καὶ
3626 2393 3777 2456 αὖθις
3823 2395 3890 2449 τὸ

2247 2477 2376 2533 αὐτὸ
2435 2477 2609 2535 ἐδόκει
2655 2484 2682 2537 6
2733 2485 2886 2558 ἅγιος
2946 2483 3346 2560 ἐγκελεύεσθαι,
3379 2487 3405 2540 ὁ
3463 2483 3518 2540 δὲ
3571 2485 3658 2539 καὶ
3717 2483 3884 2539 πάλιν

2246 2564 2475 2636 ἐξελθὼν
2531 2569 2638 2646 οὐχ
2683 2568 2865 2648 ἕτερον
2899 2573 3046 2648 εὗρεν
3079 2574 3114 2644 ἢ
3146 2576 3235 2629 τὸν
3288 2573 3601 2644 Βασίλειον,
3631 2573 3889 2648 ὑπέστρε-

2245 2658 2340 2730 ψεν
2376 2657 2694 2737 ὑπειληφὼς
2712 2662 2778 2716 τὰ
2834 2661 2984 2719 αὐτοὶ.
3019 2665 3113 2720 Ἐκ
3139 2665 3324 2739 τρίτου
3363 2664 3542 2719 τοίνυν
3596 2664 3623 2717 6
3687 2664 3892 2770 idet"):

2283 2749 2310 2760 α.
2444 2769 2454 2770 7
2561 2749 2573 2768 ι
2744 2749 2756 2770 ν
2813 2752 2824 2770 ι
3192 2754 3205 2770 ‘
3468 2752 3478 2770 '

2243 2749 2324 2817 τῷ
2405 2749 2660 2825 νεωκόρῳ
2740 2749 3036 2829 ἐφίσταται,
3119 2754 3208 2808 καὶ
3284 2752 3643 2830 προτρέπεται
3726 2750 3884 2806 αὐτὸν

2247 2833 2544 2911 εἷ’σαγαγεῖν
2623 2840 2713 2893 τὸν
2809 2840 2957 2903 ἐκτὸς
3052 2841 3469 2916 κατακείμενον.
3531 2842 3704 2904 Οὗτος
3780 2841 3881 2916 γάρ

2245 2920 2402 2992 ἐστιν,
2456 2922 2580 3004 ἔφη,
2642 2929 2669 2982 ὁ
2731 2928 3005 3004 βασιλεύς.
3063 2928 3324 3002 Ἐξελθὼν
3386 2930 3476 2986 οὗν
3537 2933 3564 2986 6
3618 2930 3884 3034 νεωκόρος

2250 3010 2273 3034 3.
2317 3012 2328 3032 Ι
2582 3017 2594 3032 \
2693 3020 2731 3034 τι
2813 3016 2848 3034 I‘
3102 3021 3114 3034 ι
3181 3024 3198 3034 ι.
3268 3021 3311 3034 ’μ
3463 3025 3491 3034 ι..

2243 3010 2486 3084 ἀνίστησι
2543 3017 2632 3070 τὸν
2693 3016 2997 3091 Βασίλειον,
3029 3021 3117 3075 καὶ
3176 3021 3360 3094 ξενίζει
3387 3025 3586 3077 τοῦτον
3619 3021 3764 3097 παρᾶ
3814 3023 3884 3094 τῇ

2242 3103 2490 3176 κατοικία
2541 3105 2724 3179 αὑτοῦ,
2784 3109 2874 3162 καὶ
2937 3107 3292 3182 μεταδίδωσιν
3354 3111 3425 3165 ὧν
3487 3110 3722 3186 εὐπόρει.
3785 3111 3882 3164 Ἠν

2244 3188 2301 3245 δὲ
2353 3197 2434 3264 τῷ
2485 3194 2740 3269 νεωκόρῳ
2800 3198 3056 3271 ὁμαίμων
3100 3200 3197 3268 τήν
3258 3199 3508 3276 ἱάτρικήν
3547 3200 3764 3274 μετιὼν,
3793 3199 3884 3253 καὶ

2239 3285 2320 3353 τῷ
2369 3284 2692 3359 Θεοφιλίτζῃ
2741 3285 3042 3361 ὑπηρετῶν.
3078 3290 3138 3346 Ὁ
3195 3287 3251 3344 δὲ
3310 3287 3669 3367 Θεοφιλίτζης
3729 3289 3888 3352 οὗτος

2240 3375 2316 3442 τῷ
2373 3371 2594 3447 Καίσαρι
2655 3373 2830 3451 Βάρδᾳ
2881 3377 2970 3431 καὶ
3027 3383 3107 3451 τῷ
3174 3379 3389 3454 βασιΛεῖ
3443 3376 3674 3454 Μιχαὴλ
3749 3379 3888 3434 κατὰ

2237 3461 2389 3534 γένος
2428 3463 2698 3537 ᾠκείωτο,
2731 3462 2820 3519 διὰ
2860 3467 2922 3521 τὸ
2969 3475 3068 3537 τῆς
3115 3466 3334 3538 ἡλικίας
3392 3470 3683 3545 βράχιστον
3744 3468 3886 3523 ὑπο-

2236 3552 2610 3625 κοριζόμενος,
2672 3555 2762 3610 καὶ
2833 3555 3190 3634 Θεοφιλίτζης
3264 3555 3881 3666 καλούμενος.’ΤούῚτιρ

2236 3638 2518 3666 --3....-λ-ξ’.
2559 3639 2728 3666 λβᾲη*
2795 3645 2806 3666 ‹
3025 3646 3035 3666 ρ
3214 3648 3228 3664 κ
3299 3648 3311 3666 9
3380 3647 3460 3666 nr

2236 3638 2413 3693 τοίνυν
2446 3645 2523 3712 τῷ
2554 3639 2735 3717 ἀδελῷ
2787 3645 2814 3698 6
2866 3646 3136 3721 νεωκόρος
3175 3648 3237 3702 τὸ
3288 3647 3593 3724 ἀπόρρητον
3654 3644 3881 3702 ἐκκαλύ-

2234 3730 2338 3801 ψας
2398 3727 2664 3799 ἐνύπνιον,
2713 3733 2911 3804 ἠξίωσε
2993 3743 3250 3807 συστῆσαι
3323 3737 3514 3792 τοῦτόν
3582 3758 3687 3792 τινι
3766 3740 3878 3791 τῶν

2233 3815 2514 3892 ἀρχόντων
2573 3819 2648 3884 εἷς
2712 3823 3082 3897 ὑπηρέτησιν·
3129 3826 3156 3880 ὁ
3215 3823 3271 3880 δὲ
3328 3831 3406 3899 τῷ
3466 3826 3652 3900 οἰκείῳ
3708 3825 3881 3899 κυρίῳ

2231 3909 2420 3960 τοῦτον
2456 3909 2750 3979 συνίστησι.
2778 3913 3045 3989 Πρότερον
3080 3911 3136 3969 δὲ
3163 3915 3226 3969 τὸ
3257 3916 3379 3990 περὶ
3433 3922 3532 3986 τῆς
3599 3915 3880 3993 βασιλείας

2234 3990 2302 4047 δι’
2337 3995 2625 4071 ὀνειράτων
2657 3999 3057 4076 χρησμῴδημα
3108 4009 3188 4076 τῷ
3219 4005 3489 4078 Βασιλείῳ
3538 3990 3878 4081 ἀνεκάλυψαν

2232 4084 2397 4162 ἄμφω
2428 4088 2505 4140 τὼ
2538 4085 2779 4163 ἀδελφὼ,
2813 4091 2902 4145 καὶ
2937 4099 3244 4165 μεμνῆσθαι
3292 4098 3438 4172 σφῶν
3491 4094 3542 4149 ἐν
3592 4099 3661 4170 τῇ
3726 4097 3880 4171 βασι-

2234 4171 2356 4244 λείᾳ
2431 4174 2594 4230 αὑτοῦ
2669 4174 2854 4252 ὅρκοις
2939 4181 3096 4238 αὑτὸν
3174 4179 3611 4258 προκατέλαϐον.
3670 4183 3883 4248 Ἡσθεὶς

2233 4259 2323 4316 οὖν
2357 4263 2384 4316 6
2417 4263 2779 4340 Θεοφιλίτζης
2832 4267 2920 4324 ἐπὶ
2968 4276 3047 4344 τῷ
3097 4271 3369 4347 Βασιλείῳ
3403 4275 3490 4346 (ἦν
3536 4275 3636 4349 γὰρ
3668 4271 3881 4343 εὐειδής

2228 4371 2287 4406 τε
2333 4352 2422 4406 καὶ
2473 4354 2744 4428 εὐμήκης,
2776 4359 2862 4412 καὶ
2919 4361 3016 4430 τήν
3078 4367 3239 4437 χεῖρα
3295 4368 3535 4440 γενναῖος
3580 4359 3673 4416 καὶ
3719 4380 3876 4435 περι-

2231 4436 2426 4511 δέξιος,
2464 4442 2679 4518 βαθεῖαν
2709 4467 2768 4500 τε
2809 4448 3020 4527 τρέφων
3065 4436 3264 4523 κόμην,
3297 4451 3383 4506 καὶ
3430 4449 3630 4520 ταύτην
3677 4447 3879 4524 οὔλην)

2227 4534 2342 4592 τοῖς
2406 4531 2629 4595 οἰκείοις
2679 4535 3017 4610 ἱπποκόμοις
3069 4544 3260 4594 τοῦτον
3324 4538 3601 4610 ἐπέστησε·
3655 4559 3880 4614 πρωτο-

2231 4619 2496 4696 πράτορα
2525 4627 2714 4681 τοῦτον
2749 4622 2888 4680 οἶδεν
2923 4627 3209 4701 ὀνομάζειν
3247 4632 3281 4700 ἡ
3316 4625 3600 4693 διάλεκτὸς
3629 4631 3664 4699 ἡ
3696 4631 3874 4708 κοινή.

2231 4709 2504 4780 Ἐζητήθη
2541 4709 2598 4766 δὲ
2627 4713 2716 4768 καὶ
2746 4719 2824 4787 τῷ
2855 4714 3072 4791 βασιλεῖ
3103 4720 3348 4792 γενναῖός
3397 4740 3479 4781 τις
3538 4718 3876 4790 ἱπποκόμος,

2226 4798 2316 4853 καὶ
2349 4801 2469 4876 περὶ
2502 4803 2600 4872 τὴν
2657 4803 2943 4880 έπηρεσίαν
2984 4805 3184 4878 ταύτην
3238 4808 3453 4886 εὐφυῶς
3511 4805 3877 4880 διακείμενος.

2227 4889 2533 4962 Κεκόμιστο
2560 4891 2660 4968 γάρ
2705 4905 2866 4958 ποθεν
2893 4891 3063 4958 ’ίππος
3107 4901 3184 4968 τῷ
3232 4897 3448 4973 βασιλεῖ
3503 4895 3762 4973 Μιχαὴλ,
3798 4896 3879 4959 εἷς

2226 4983 2398 5034 πᾶσαν
2461 4981 2554 5052 μὲν
2639 4982 2830 5056 ἀρετὴν
2913 4981 3069 5058 ’ίππῳ
3149 4986 3456 5060 πρέπουσαν
3543 4983 3878 5058 ἐπιτήδειος,

2037 5062 2242 5120 Τούτου
2303 5067 2378 5130 εἷς
2440 5068 2558 5132 θέαν
2605 5070 2753 5140 ἥκων
2809 5072 2836 5126 6
2897 5074 3181 5149 βασιλεὺς,
3231 5073 3492 5147 ἀναϐῆναί
3529 5098 3631 5132 τινι
3686 5079 3880 5131 τοῦτον

1432 5146 1709 5221 ιρούντων,
1774 5152 1972 5218 ἐκεῖνος
2033 5158 2347 5234 ἐθρασύνετό
2400 5185 2458 5219 τε
2523 5166 2612 5220 καὶ
2691 5167 2928 5244 ἐγαυρία,
2980 5173 3069 5227 καὶ
3145 5175 3234 5229 τὸν
3312 5171 3669 5230 ἀναϐαίνοντα
3743 5174 3880 5228 ἀπε-

1359 5215 1366 5217 ,
1383 5215 1393 5218 -
1450 5215 1457 5219 .
1696 5215 1705 5221 ι
1960 5215 1968 5218 -
2064 5215 2102 5234 νι
2174 5215 2177 5216 ⁷
2204 5215 2215 5216 ί
2268 5215 2276 5216 '
2299 5215 2309 5217 '
2329 5215 2340 5218 '

470 5215 659 5273 σείετο.
714 5218 1087 5294 Ἐχαλέπηνεν
1148 5226 1234 5282 ἐπὶ
1290 5233 1505 5298 τούτοις
1563 5239 1590 5291 6
1653 5241 1926 5315 βασιλεὺς,
1985 5248 2073 5302 καὶ
2132 5249 2213 5305 ὅτι
2277 5253 2352 5325 μὴ

473 5308 515 5325 σῃ
587 5316 598 5325 .
677 5323 686 5325 _
835 5318 850 5325 ι
881 5320 889 5325 -
1105 5320 1128 5325 -”

2432 5252 2548 5329 ἔχει
2625 5257 2940 5333 ἱπποκόμον
3016 5261 3314 5338 περιδέξιον
3383 5263 3621 5341 ἧσχαλε.
3681 5263 3878 5339 Παρὼν

2178 5349 2242 5406 Εἰ
2295 5349 2502 5426 βούλει,
2538 5355 2691 5432 φησὶ,
2729 5358 2973 5432 βασιλεῦ,
3031 5363 3261 5436 παρίτω.
3322 5362 3424 5419 Καὶ
3483 5365 3544 5427 ὃς
3598 5363 3877 5438 ἐπέτρεψε,

2189 5436 2363 5494 τίππου
2413 5439 2742 5520 λαϐόμενος,
2795 5449 2885 5504 καὶ
2945 5452 3363 5526 περιποππύσας
3413 5453 3504 5507 καὶ
3562 5454 3880 5525 καταψήσας

2263 5539 2668 5613 περικαλπάσας
2731 5549 2943 5624 μικρὸν,
2985 5549 3096 5604 εἶτα
3171 5551 3261 5605 καὶ
3340 5551 3470 5607 ὅλον
3549 5550 3697 5623 αὑτῷ
3778 5550 3876 5604 τὸν

2223 5625 2499 5701 βασιλεὺς,
2545 5632 2635 5687 καὶ
2692 5635 2781 5690 τὸν
2837 5634 3118 5693 Βασίλειον
3173 5635 3568 5714 προσελάϐετο,
3600 5639 3691 5694 καὶ
3747 5642 3874 5700 τοῖς

1550 5713 1641 5766 καὶ
1707 5716 1916 5791 προϊὼν
1967 5719 2058 5776 καὶ
2114 5725 2573 5806 πρωτοστράτορα
2621 5730 2712 5787 τὸν
2771 5729 2938 5811 ἄνδρα
3020 5733 3314 5814 ἐτίμησεν·
3370 5743 3406 5814 ἡ
3467 5739 3526 5800 δὲ
3579 5741 3700 5814 ἀξία
3761 5743 3872 5794 τῶν
