4156 6214
228 337 291 397 33
1514 310 1933 377 ANNALIUM
1976 312 2125 374 LIB.
2170 311 2325 374 XVI.
3544 330 3621 389 34

226 464 492 533 ἐπισήμων
523 460 628 515 καὶ
668 461 772 512 τῶν
804 453 1166 527 ᾦκειωμὲνων
1198 454 1278 524 τῷ
1311 447 1547 527 βασιλεῖ,
1596 447 1685 502 καὶ
1736 441 1985 533 ἐπεδίδου
2035 445 2151 499 καθ’
2198 445 2423 517 ἑκάστην
2476 448 2511 515 ἡ
2560 448 2680 522 περῖ
2727 447 2819 502 τὸν
2868 447 3153 505 Βασίλειον
3201 457 3297 509 106
3352 457 3619 532 βασιλέωδ

223 531 463 617 διάθεσις,
494 548 597 604 καὶ
631 550 906 618 τοσοῦτον,
938 543 1013 608 ὡς
1041 541 1130 598 καὶ
1162 541 1241 604 εἰς
1271 539 1469 618 φθόνον
1496 542 1713 607 κινῆσαι
1745 534 1835 590 τὸν
1870 531 2132 611 Καίσαρα,

272 639 518 697 22110·τὲ
575 635 641 693 δὲ
683 644 784 706 τῆς
833 638 929 689 106
993 629 1264 709 βασιλέως
1323 628 1530 703 μητρὸς
1582 645 1864 681 συνεστιω-

2050 625 2170 681 VII.
2203 625 2344 681 Cum
2405 642 2537 682 vero
2594 625 2913 699 imperator
2967 629 3282 704 aliquando
3315 639 3464 696 105
3501 657 3623 697 ma-

220 733 362 806 μένης
409 732 495 800 τῷ
558 725 800 803 βασιλεῖ,
835 725 863 778 ὁ
892 723 1334 798 πρωτοστράτωρ
1377 714 1672 806 εἷσεκλήθη
1707 712 1866 806 βασί-

216 800 339 880 λειος
364 800 693 873 τοῦτοτοῦ
745 812 1016 890 βασιλέως
1056 808 1434 870 κελεύσαντος.
1480 805 1583 862 Καὶ
1627 806 1664 874 ὴ
1710 800 1866 890 βασί-

214 911 353 968 λισσα
402 910 670 982 συνεχῶς
720 888 867 975 αὖτῷ
916 899 1204 972 ἐητένιζε,
1255 897 1345 982 καὶ
1394 896 1539 970 ἑώρα
1577 894 1670 948 τὸν
1700 888 1869 966 ἄνδρα

211 981 650 1074 περιεργότερον,
726 993 837 1049 εἶτα
911 989 1002 1046 καὶ
1079 981 1413 1066 ἆπεφοίϐασε
1480 987 1671 1040 τοῦτον
1734 982 1865 1036 εἶναι

209 1069 286 1143 τὸν
326 1069 584 1159 elatas):
648 1086 744 1138 106
796 1082 985 1158 γένους
1036 1077 1229 1147 αὐτῆς,
1288 1073 1349 1130 ἔκ
1402 1093 1565 1129 τινων
1627 1069 1868 1145 σημείων

206 1178 352 1233 10610
400 1177 656 1250 γνοῦσα,
704 1173 780 1235 ὡς
826 1166 1004 1244 ἔλεγε,
1050 1164 1223 1222 πάλαι
1268 1162 1405 1238 αὐτῇ
1455 1162 1862 1250 γνωρισθέντων

210 1266 259 1320 ἐκ
282 1268 375 1319 106
406 1247 639 1318 οἰκείου
670 1257 886 1335 ἀνδρός.
922 1254 1104 1313 Ἀλλὰ
1152 1259 1233 1328 τῷ
1282 1253 1513 1329 Μιχαὴλ
1565 1254 1732 1306 ταῦτα
1762 1247 1863 1319 λῆ-

211 1350 522 1427 ροςέδόκει,
559 1351 661 1405 καὶ
709 1347 862 1404 οὐδὶν
910 1346 1117 1420 ἀπῆγεν
1163 1342 1323 1399 αὐτὸν
1373 1348 1475 1412 τῆς
1522 1339 1729 1402 εὐνοίας
1769 1340 1868 1407 τῆς

207 1444 314 1498 ποῖ
363 1442 459 1496 τὸν
529 1438 830 1496 Βασίλειον
864 1480 878 1505 ,
937 1433 1046 1506 ἤδη
1106 1431 1165 1488 δὲ
1208 1433 1309 1487 »καὶ
1367 1430 1864 1506 παρακοιμώμενον

207 1506 348 1588 σᾶτὸν
375 1524 765 1607 προεϐάλετο.
817 1525 922 1583 Καὶ
970 1528 1129 1579 τοῦτο
1161 1520 1219 1577 δὲ
1264 1529 1366 1591 τῆς
1416 1521 1554 1576 κατὰ
1582 1523 1678 1575 106
1708 1525 1865 1574 Βασι-

205 1621 338 1677 λεέου
399 1606 719 1695 βασκανίας
774 1612 1022 1676 ἐπίδοσις
1077 1616 1158 1685 τῷ
1217 1610 1440 1686 Καίσαρι
1493 1607 1716 1687 γέγονε,
1752 1606 1867 1695 ’καὶ

209 1691 531 1764 ἐπεϐούλευε
598 1710 680 1778 τῷ
741 1701 937 1778 ἀνδρὶ,
995 1700 1085 1757 καὶ
1138 1701 1264 1776 παρ’
1324 1698 1488 1754 αὐτοῦ
1543 1691 1867 1753 ἀντεπεϐου-

208 1796 399 1855 λετᾶετο.
427 1793 826 1871 Ἐκσ-τρατείας
875 1789 933 1847 δὲ
976 1790 1113 1846 κατᾶ
1156 1792 1264 1845 τῶν
1318 1789 1416 1857 τὴν
1460 1789 1680 1865 Κρήτην
1713 1785 1866 1864 ἐχόν-

207 1908 302 1943 των
349 1887 697 1962 Ἀγαρηνῶν
746 1882 1119 1957 κηρυχθείσης
1170 1883 1249 1952 τῷ
1292 1875 1546 1953 Μιχαὴλ,
1599 1877 1626 1931 ὁ
1666 1882 1867 1950 Καῖσαρ

1974 718 2124 770 trem
2156 731 2320 769 suam
2350 714 2613 770 convivio
2676 718 3015 790 excepisset,
3041 720 3217 791 jussu
3264 723 3425 781 illius
3450 728 3626 786 etiam

1976 804 2229 859 Basilius
2262 807 2648 876 protostrator
2688 810 2777 861 est
2824 807 3157 867 advocatus.
3192 816 3338 871 Eum
3372 815 3623 890 impera-

1976 894 2090 949 trix
2122 895 2486 952 continenter
2533 897 2737 953 deﬁxis
2793 898 2979 956 oculis
3024 906 3113 958 est
3170 904 3405 976 intuita,
3440 925 3623 982 eoque

1978 984 2269 1041 curiosius
2322 991 2647 1059 perspecto,
2697 987 2875 1045 veluti
2935 992 3175 1049 numine
3229 997 3444 1064 amata,
3477 999 3625 1056 dixit

1977 1071 2147 1129 illum
2179 1091 2309 1131 esse
2340 1080 2561 1148 pestem
2595 1077 2833 1135 familia:
2863 1097 2980 1136 suae
3007 1099 3019 1138 :
3048 1082 3224 1155 idque
3257 1102 3319 1141 se
3350 1104 3522 1145 nosse
3553 1090 3626 1145 de

1978 1163 2166 1237 signis
2198 1164 2554 1237 quibusdam
2588 1166 2700 1222 sibi
2731 1167 2871 1224 olim
2903 1186 2936 1225 a
2968 1173 3177 1227 marito
3212 1172 3621 1233 indicatis.Ve-

1978 1269 2109 1307 rum
2144 1253 2385 1311 Michael
2419 1272 2522 1327 pro
2554 1256 2726 1329 nugis
2756 1256 2814 1312 id
2847 1257 3072 1328 habuit,
3103 1261 3266 1319 nulla
3295 1280 3354 1319 re
3386 1281 3419 1320 a
3448 1265 3623 1323 bene-

1976 1340 2228 1397 volentia
2257 1359 2394 1416 erga
2422 1343 2704 1401 Basiliam
2753 1363 2817 1402 se
2864 1347 3073 1404 abduci
3107 1367 3340 1422 passus,
3372 1369 3625 1427 eumque

1976 1431 2213 1486 tandem
2239 1432 2415 1487 etiam
2439 1433 2865 1490 cubicularium
2890 1436 3024 1494 fecit
3047 1455 3059 1493 :
3087 1454 3201 1511 quo
3223 1442 3464 1498 Caesaris
3487 1458 3627 1517 erga

1978 1518 2255 1577 Basilium
2288 1520 2507 1577 invidia
2539 1528 2711 1578 aucta
2740 1528 2848 1593 est,
2882 1529 2945 1581 ut
2970 1525 3159 1583 virum
3186 1528 3417 1587 insidiis
3447 1549 3623 1606 appe-

1978 1611 2144 1678 teret,
2178 1609 2251 1665 ab
2282 1626 2467 1683 eoque
2522 1611 2775 1668 vicissim
2828 1618 3217 1686 appeteretur.
3253 1622 3395 1676 Cum
3428 1625 3624 1679 autem

1978 1697 2299 1770 imperator
2336 1699 2578 1756 Michael
2611 1701 3037 1773 expeditionem
3095 1710 3297 1764 contra
3326 1711 3628 1768 Cretenses

1978 1788 2276 1860 Agarenos
2308 1787 2800 1855 edixisset,Cassar
2829 1791 2899 1845 ad
2929 1792 3178 1865 Deiparze
3210 1796 3393 1853 aedem
3416 1814 3628 1873 cogno-

1979 1880 2175 1933 mento
2201 1877 2570 1951 Hodegorum
2618 1880 2785 1950 abiit,
2818 1881 2919 1938 Dei
2970 1882 3249 1940 Genitrici
3280 1886 3403 1943 vale
3433 1889 3627 1946 dictu—

212 1975 332 2036 τεὸς
388 1977 489 2028 τὸν
558 1981 668 2043 τῆς
739 1970 1004 2026 Θεοτόκου
1076 1967 1226 2036 ναὸν,
1284 1967 1377 2022 τὸν
1434 1970 1539 2020 τῶν
1616 1962 1865 2040 Ὀδηγῶν

1981 1982 2102 2023 rus.
2137 1969 2400 2039 Cumque
2420 1969 2547 2039 jam
2578 1970 2834 2025 sacrario
2882 1974 3433 2047 appropinquasset,
3467 1979 3628 2034 chla-

211 2062 552 2134 κεκλημένον
587 2108 603 2129 ,
683 2057 917 2130 ἀπῆλθε,
999 2061 1069 2131 τῇ
1157 2057 1465 2130 Θεομήτορι
1547 2053 1869 2128 συνταξόμε-

213 2173 292 2214 νος
338 2154 479 2226 (63),
534 2150 635 2206 καὶ
690 2147 800 2219 ἤδη
857 2152 937 2220 τῷ
993 2144 1358 2221 Θυσιαστηρίῳ
1416 2142 1578 2198 αὐτοῦ
1630 2163 1869 2219 προσεγ-

213 2240 469 2315 γίσαντος,
542 2239 600 2309 ἒξ
676 2235 939 2311 οὐδεμιᾶς
996 2235 1268 2311 ἐμφανοῦς
1325 2231 1499 2295 αἰτίας
1554 2235 1589 2303 ἠ
1645 2229 1867 2307 χλαμὺς

215 2334 305 2385 τῶν
356 2324 540 2402 ὤμων
600 2326 765 2382 αὐτοῦ
817 2323 1104 2399 ἐξώλισθεν
1137 2365 1153 2382 .
1214 2326 1389 2399 ’Όπερ
1441 2326 1669 2395 σημεῖον
1707 2363 1722 2388 ,
1778 2320 1868 2375 καὶ

216 2424 283 2489 τῷ
332 2418 625 2494 Καίσαρι,
680 2416 768 2471 καὶ
834 2420 954 2477 τοῖς
1033 2411 1240 2469 ἲδοῦσιν
1277 2454 1293 2482 ,
1361 2412 1612 2467 ἀπαίσιον
1673 2404 1820 2480 ἔδοξε
1854 2454 1866 2467 .

221 2505 438 2564 Πολλῶν
493 2504 562 2561 δὲ
609 2506 703 2560 τὸν
753 2502 980 2580 βασιλέα
1029 2500 1358 2571 κακιζόντων
1413 2498 1496 2555 ὅτι
1544 2498 1715 2555 πάσαν
1761 2498 1867 2554 ἐνέ-

228 2594 359 2650 δωκε
402 2598 504 2666 τὴν
557 2592 801 2668 ἐξουσίαν
857 2597 936 2665 τῷ
993 2591 1238 2667 Καίσαρι,
1298 2589 1436 2645 ὥστε
1491 2588 1691 2644 ἐκεῖνον
1740 2588 1870 2644 ἅττα

242 2684 478 2758 βούλεται
531 2684 782 2760 πράττειν
834 2681 925 2737 καὶ
972 2680 1159 2736 πολλά
1204 2679 1350 2756 παρᾶ
1394 2680 1456 2735 τὸ
1515 2676 1632 2734 δέον
1691 2684 1867 2750 ποεῖν,

236 2776 297 2845 τῇ
322 2778 419 2827 τῶν
448 2769 682 2827 ὀνειδῶν
735 2768 1043 2847 ἐνδελεχείᾳ
1090 2764 1236 2840 ἕδοξέ
1281 2790 1413 2824 ποτε
1450 2768 1639 2842 μικρὸν
1672 2767 1869 2837 ἀνανῆ-

231 2864 315 2934 ψαι
342 2867 431 2917 106
469 2862 780 2936 βαϐυτάτου
830 2859 1000 2937 κάρου
1049 2858 1249 2922 ἐκεῖνος
1279 2859 1309 2913 ὁ
1338 2852 1629 2932 ἀϐέλτερος
1670 2854 1872 2933 ἄνθρω-

233 2972 341 3019 πος,
383 2951 475 3006 καί
530 2971 656 3006 τινα
704 2955 814 3006 τῶν
869 2949 1318 3023 ᾠκονομημένων
1365 2951 1444 3017 τῷ
1499 2944 1726 3021 Καίσαρι
1778 2945 1869 3001 καὶ

232 3036 522 3114 διωρθοῦτο
579 3039 672 3095 καὶ
730 3037 1104 3095 ἀνεσκεύασεν.
1159 3038 1227 3094 Ὀ
1279 3042 1361 3110 τῷ
1414 3033 1594 3111 Βάρδᾳ
1649 3035 1751 3090 οὐκ
1802 3037 1867 3104 ἦν

229 3128 453 3203 ἀνεκτὸν,
490 3127 622 3184 ἀλλ’
666 3127 753 3184 ἐπὶ
804 3126 964 3183 τοῦτο
1012 3126 1102 3182 καὶ
1153 3119 1480 3200 ἐϐαρυθύμει
1530 3125 1621 3180 καὶ
1653 3123 1868 3197 ἐμηνία.

225 3218 698 3294 Ἑκστρατεόσαντι
757 3214 816 3271 δὲ
864 3221 943 3289 τῷ
1005 3214 1240 3292 βασιλεῖ,
1298 3216 1372 3277 ὡς
1424 3212 1658 3290 εἴρηται,
1710 3213 1800 3268 καὶ
1842 3214 1869 3268 ὁ

224 3312 410 3382 Καῖσαρ
473 3305 971 3379 ωνεξεπράτευσε,
1023 3305 1115 3359 καὶ
1170 3304 1375 3365 πυκνὰς
1428 3302 1543 3358 κατ’
1592 3303 1760 3357 αὑτοῦ
1788 3306 1867 3374 τῷ

221 3362 445 3471 Μιχαὴλ
497 3397 527 3450 ὁ
574 3362 879 3464 Βνασίλειος,
924 3393 1015 3448 καὶ
1063 3394 1116 3447 οἱ
1165 3392 1289 3469 περὶ
1330 3391 1533 3448 ἐκεῖνον
1565 3391 1865 3462 πεποίηντο
1895 3362 1938 3430 C

221 3486 302 3546 τὶς
359 3479 631 3545 διαϐολὰς
664 3529 679 3555 ,
738 3483 826 3537 καὶ
886 3482 1164 3557 κεκύρωτο
1230 3485 1265 3552 ἡ
1322 3483 1438 3536 κατ’
1510 3479 1714 3536 ἐκείνου
1781 3477 1869 3536 διὰ

222 3572 402 3637 ταύτας
462 3567 734 3643 ἐπιϐουλή
775 3615 789 3629 .
838 3569 1067 3642 Πολλὴν
1124 3568 1182 3625 δὲ
1247 3568 1475 3644 δύναμιν
1533 3564 1867 3645 περιϐεϐλη-

228 3662 377 3733 μὲνου
433 3666 535 3716 106
592 3659 900 3736 Καίσαρος,
960 3661 1012 3714 οἱ
1066 3661 1165 3729 τὴν
1222 3654 1523 3728 ἐπιϐουλὴν
1580 3658 1865 3734 ἀρτύοντες

226 3748 609 3806 ἐδειλαίνοντο.
646 3747 864 3826 Πρωΐας
912 3747 970 3804 δέ
1017 3769 1150 3804 ποτε
1186 3753 1283 3804 106
1332 3745 1513 3822 Βάρδα
1546 3747 1605 3803 ἐκ
1648 3755 1750 3818 τῆς
1779 3747 1865 3803 οῗ-

226 3839 366 3902 κεὶας
430 3846 632 3910 σκηνῆς
681 3836 1051 3915 προελθόντος
1107 3839 1242 3912 μετὰ
1298 3834 1719 3914 λαμπρότητος,
1776 3837 1866 3893 καὶ

225 3925 549 4007 δορυφορίας
600 3927 842 3998 πολλῆς,
894 3927 986 3982 καὶ
1038 3932 1119 4000 τῷ
1178 3926 1394 4003 βασιλεῖ
1443 3926 1866 4004 προσελθόντος,

224 4017 641 4092 συγκαθίσαντός
690 4037 749 4072 τε
794 4016 885 4072 καὶ
936 4016 1363 4090 ωνομιλοῦντος
1414 4016 1581 4089 αὐτῷ,
1631 4017 1659 4071 ὁ
1711 4016 1868 4072 Βασί-

225 4103 357 4169 λειος
424 4100 650 4161 ὄπισθεν
710 4104 876 4160 αὐτοῦ
934 4106 1175 4177 ἑστηκὼς
1231 4107 1331 4175 τὴν
1390 4111 1553 4182 χεῖρα
1608 4104 1864 4177 ἐπέσειεν,

226 4193 445 4251 ἀπειλῶν
481 4192 666 4269 ὥσπερ
715 4198 793 4266 τῷ
846 4192 1089 4269 Καίσαρι.
1121 4195 1178 4248 Ὀ
1228 4192 1287 4249 δὲ
1316 4193 1451 4249 κατά
1505 4214 1624 4248 τινα
1673 4193 1862 4271 χρείαν

223 4280 385 4354 ἑτέραν
439 4281 638 4358 ἀθρόον
696 4279 1063 4360 ἐπιστραφεὶς,
1112 4281 1199 4336 καὶ
1250 4277 1382 4335 ἰδὼν
1427 4281 1526 4349 τὴν
1576 4286 1740 4356 χεῖρα
1767 4284 1862 4335 106

222 4369 519 4439 Βασιλείαν,
549 4368 643 4424 καὶ
696 4369 872 4432 συνεὶς
919 4370 983 4424 τὸ
1032 4367 1397 4444 δηλούμενον,
1444 4374 1561 4431 τοῖς
1610 4369 1738 4424 ποσὶ
1766 4373 1862 4424 106

223 4458 486 4532 βασιλέως
547 4458 835 4536 ἐπὲῥριψεν
883 4459 1089 4515 ἑαυτόν.
1141 4460 1372 4515 Ὤκνουν
1427 4455 1475 4513 δ’
1526 4459 1578 4512 el
1625 4459 1743 4513 κατ’
1774 4457 1865 4513 αὖ-

218 4552 301 4601 106
358 4548 802 4622 συνομοσάμενοι
859 4550 959 4618 τὴν
1032 4548 1344 4625 ἐγχείρησιν
1379 4591 1392 4616 ,
1452 4546 1648 4623 μέχρις
1702 4547 1862 4610 αὐτὸς

217 4635 559 4700 ὁΒασίλειος
591 4642 809 4713 πρῶτος
853 4636 1000 4711 αότῷ
1045 4638 1108 4693 τὸ
1158 4636 1312 4714 ξίφος
1361 4636 1671 4713 ἐπήνεγκεν.
1705 4635 1863 4694 Οὕτω

212 4725 305 4803 γὰρ
363 4727 459 4783 καὶ
514 4728 569 4781 οἱ
626 4725 788 4782 ἄλλοι
847 4725 1349 4804 ἀναθαρσήσαντες,
1411 4721 1651 4799 μεληδὸν
1690 4770 1704 4795 ,

211 4813 414 4892 Βάρδαν
482 4814 832 4893 περιστάντες
892 4816 1187 4889 συνέκοψαν
1247 4816 1362 4888 (6i)
1403 4860 1419 4887 ,
1475 4814 1563 4868 καὶ
1621 4817 1701 4886 τῷ
1765 4813 1857 4887 μὲν

209 4910 447 4960 τοιοῦτον
490 4905 554 4961 τὸ
611 4902 773 4968 τέλος
818 4908 919 4971 τῆς
970 4905 1160 4982 βιοτῆς
1208 4903 1586 4981 συνεκύρησεν.
1628 4904 1686 4957 Ὀ
1718 4900 1775 4958 δέ
1802 4924 1863 4980 γε

1980 2072 2110 2126 mys
2142 2055 2303 2111 nulla
2348 2056 2600 2112 evidenti
2658 2058 2728 2113 de
2759 2076 2936 2115 causa
2982 2061 3037 2116 ei
3095 2062 3360 2121 humeris
3391 2065 3628 2139 delapsa

1980 2149 2087 2200 est.
2125 2145 2184 2199 Id
2242 2161 2412 2200 omen
2443 2152 2501 2201 et
2554 2148 2781 2216 Gzesari,
2816 2154 2874 2204 et
2923 2150 3054 2206 aliis
3086 2152 3188 2223 qui
3244 2154 3300 2209 id
3332 2154 3624 2221 viderunt,

1978 2232 2416 2305 inauspicatum
2472 2234 2685 2292 visum.
2736 2237 2938 2294 Multis
2997 2257 3166 2311 porro
3209 2242 3625 2317 imperatorem

1976 2321 2464 2392 vituperantibus,
2517 2326 2674 2395 quod
2732 2343 2964 2383 omnem
3015 2328 3227 2384 Caesari
3278 2335 3624 2402 potestatem

1978 2410 2258 2479 dedisset,
2294 2416 2359 2466 ut
2389 2413 2625 2483 quidvis
2671 2420 2886 2486 ageret,
2920 2416 3224 2488 multaque
3263 2424 3465 2476 contra
3496 2420 3624 2476 ofﬁ-

1977 2499 2135 2554 cium
2169 2499 2419 2555 faceret:
2453 2500 2800 2559 assiduitate
2832 2504 3353 2575 reprehensionum
3385 2510 3623 2566 tandem

1978 2586 2247 2643 nonnihil
2278 2604 2308 2643 e
2338 2589 2800 2660 profundissimo
2834 2598 3068 2649 veterno
3099 2600 3470 2666 experrectus
3499 2613 3627 2654 esse

1976 2675 2140 2732 visus
2170 2676 2344 2751 homo
2374 2676 2470 2732 ille
2518 2694 2737 2744 vecors,
2773 2681 3041 2752 quaedam
3072 2699 3104 2737 a
3152 2682 3374 2740 Caasare
3404 2687 3626 2742 consti-

1978 2768 2106 2819 tuta
2136 2767 2387 2821 correxit
2440 2770 2497 2822 et
2553 2768 2857 2824 revo‘cavit.
2892 2770 2954 2824 Id
3012 2772 3212 2826 Bardas
3260 2773 3629 2831 intolerabile

1976 2853 2194 2921 visum,
2225 2854 2632 2912 auctoritatem
2665 2857 3038 2915 imminutam
3062 2861 3315 2931 graviter
3335 2866 3392 2917 et
3422 2863 3625 2935 iniquo

1979 2943 2177 2998 animo
2233 2943 2462 2999 ferenti.
2521 2944 2937 3018 Imperatorem
2986 2951 3183 3004 tamen
3242 2951 3301 3005 in
3350 2952 3624 3008 militiam

1979 3032 2303 3104 profectum
2352 3035 2670 3090 comitatus
2700 3040 2810 3103 est,
2843 3051 3017 3107 quem
3050 3037 3301 3095 Basilius
3333 3056 3467 3096 cum
3500 3041 3627 3097 suis

1979 3120 2193 3191 saepius
2224 3122 2379 3193 apud
2410 3121 2750 3178 Michaelem
2781 3123 3625 3200 detulit,eomparatequejam

1979 3213 2145 3264 erant
2202 3209 2450 3279 ἱῑιεὶάὶιθ,
2509 3211 2611 3266 sed
2668 3212 2740 3267 iis
2790 3212 3005 3284 quibus
3053 3214 3111 3269 id
3172 3216 3389 3288 negotii
3417 3218 3623 3275 datum

1978 3304 2124 3370 erat,
2156 3298 2400 3355 Caasaris
2430 3316 2570 3372 opes
2612 3307 2667 3356 et
2724 3302 3042 3373 potentiam
3077 3294 3619 3376 reformidantibus,

1976 3388 2209 3454 accidit,
2258 3393 2321 3443 ut
2375 3390 2631 3460 quodam
2687 3395 2948 3463 tempore
3002 3394 3225 3449 Bardas
3286 3411 3458 3452 mane
3488 3411 3625 3453 cum

1978 3476 2288 3550 splendore
2317 3482 2373 3532 et
2402 3479 2682 3534 comitatu
2722 3497 2936 3551 magno
2969 3482 3417 3539 tabernaculum
3450 3501 3625 3542 suum

1978 3581 2272 3638 egressus,
2305 3566 2717 3639 imperatorem
2774 3570 2983 3638 adiret,
3015 3575 3190 3643 atque
3236 3571 3320 3627 illi
3355 3573 3623 3631 assidens

1977 3655 2422 3727 colloqueretur.
2457 3657 2602 3711 Tum
2638 3657 2887 3713 Basilius
2918 3675 2951 3713 a
2980 3663 3141 3733 tergo
3172 3665 3357 3731 stans,
3392 3663 3624 3719 minita-

1978 3744 2217 3800 bundus
2249 3761 2488 3799 manum
2524 3746 2930 3818 agitavit.Cum
2963 3753 3155 3803 autem
3190 3754 3379 3806 Caesar
3410 3751 3522 3807 alia
3553 3754 3623 3808 de

1977 3848 2155 3886 causa
2201 3831 2396 3888 subito
2454 3833 2828 3905 respexisset,
2888 3852 3185 3909 manuque
3238 3838 3435 3894 Basilii
3475 3841 3621 3907 visa,

1975 3920 2381 3988 intellexisset,
2414 3922 2546 3993 quis
2574 3922 2624 3977 is
2657 3923 2770 3979 sibi
2826 3924 3036 3980 vellet:
3071 3927 3319 3999 pedibus
3370 3928 3622 4003 impera-

1976 4013 2121 4069 toris
2171 4012 2484 4069 advolutus
2541 4018 2649 4083 cst,
2682 4032 2871 4088 neque
2929 4020 3217 4091 conjurati
3268 4038 3399 4077 eum
3462 4023 3625 4095 prius

1976 4102 2211 4175 aggredi
2246 4102 2373 4158 ausi
2411 4103 2850 4176 fuerunt,quam
2876 4107 3133 4165 Basilius
3167 4114 3390 4182 primus
3421 4127 3624 4167 ensem

1973 4191 2033 4247 in
2065 4207 2132 4246 eo
2164 4191 2480 4248 defixisset.
2534 4194 2683 4249 Tum
2742 4195 2918 4250 etiam
2976 4196 3072 4251 alii
3135 4199 3382 4272 receptis
3412 4200 3624 4257 animis

1974 4280 2437 4347 circumstetere,
2469 4286 2524 4336 et
2574 4283 2944 4340 membratim
2980 4286 3275 4342 hominem
3329 4288 3627 4345 dissecue-

1974 4375 2132 4426 runt.
2192 4372 2378 4441 Atque
2434 4369 2533 4426 ille
2588 4371 2745 4428 hunc
2775 4372 2902 4429 vitae
2961 4375 3183 4432 exitum
3242 4382 3331 4433 est
3360 4379 3625 4435 sortitus.

1974 4463 2298 4532 Imperator
2348 4464 2547 4516 autem
2607 4463 2976 4534 expeditione
3032 4467 3252 4522 omissa
3284 4467 3625 4538 Byzantium

1974 4565 2262 4617 reversus,
2315 4548 2631 4606 Eudociam
2692 4552 2909 4608 Inceris
2977 4552 3182 4621 ﬁliam,
3236 4554 3625 4610 concubinam

1974 4638 2199 4693 dudum
2233 4654 2425 4708 suam,
2459 4638 2673 4694 Basilio
2695 4641 2848 4696 166
2881 4641 3223 4715 despondet.
3260 4644 3414 4714 Post,
3447 4642 3623 4699 etiam

1762 4725 1855 4780 τὸν
1891 4731 1938 4796 D
1968 4729 2380 4798 imperatorem
2413 4727 2538 4800 ipse
2595 4729 2654 4783 in
2699 4733 2908 4803 Magna
2960 4733 3207 4787 ecclesia
3238 4733 3527 4805 designat,
3559 4749 3626 4789 ac

1974 4832 2078 4889 per
2107 4815 2376 4871 Photium
2406 4816 2801 4888 patriarcham
2827 4819 3155 4875 diademate
3185 4826 3375 4876 ornat.
3410 4820 3626 4878 Basilio

1972 4905 2132 4962 filius
2158 4906 2270 4962 Leo
2301 4923 2372 4963 ex
2414 4906 2671 4963 Eudocia
2715 4907 2998 4981 nascitur,
3032 4909 3130 4981 qui
3164 4909 3464 4968 Michaelis
3496 4927 3625 4969 esse

1488 5076 1695 5140 Variae
1729 5075 2030 5139 lectiones
2060 5083 2122 5139 et
2151 5082 2341 5138 notae.

275 5227 384 5298 (63)
444 5222 1037 5314 Euy1aédpevoc.“De_
1075 5228 1203 5314 hae_
1256 5245 1395 5285 voce
1478 5228 1714 5314 agimus
1804 5226 1858 5281 in

215 5296 371 5355 Gloss;
415 5300 557 5356 med.
614 5296 834 5357 Crescit.
889 5300 967 5357 De
1026 5301 1244 5373 templo
1300 5318 1434 5357 vero
1491 5296 1859 5369 H'odegorum

214 5370 433 5449 copiose
492 5371 890 5429 disseruimus
957 5374 1015 5428 in
1077 5377 1280 5428 nostra
1347 5370 1857 5444 Constantinoyoli,

214 5438 565 5589 miliérlnTby‘
607 5509 849 5589 Bd98¢1
896 5513 1244 5589 πὲριστάντις
1317 5513 1615 5587 συνέκοψαν
1641 5556 1665 5589 Α·
1726 5513 1858 5589 Νίῗ

213 5582 764 5675 ρειαεῬθρὴΙαεοξὶο
785 5582 1153 5675 Vita‘I'gn’at'ii
1174 5592 1324 5659 patr,
1340 5582 1859 5675 ~Corist'an‘ti‘nopol‘.

218 5651 582 5733 ’Βπειγομξὲνῳ
609 5651 739 5733 ”γὰρ
803 5657 942 5712 κατὰ
967 5651 1228 5734 νΚρήτὴς
1302 5651 1381 5730 τῷ
1438 5655 1672 5733 Μιχαὴλ
1694 5700 1710 5728 ,
1741 5651 1855 5713 ’καὶ

1972 5226 2139 5319 αὐτὸς
2172 5224 2432 5319 δ’Βάυρδας
2462 5225 2591 5319 ἄχρι
2624 5232 2731 5319 τξὺν
2769 5226 3096 5317 ,λεγομὲνων
3116 5233 3348 5319 1,ξίήπων
3391 5250 3622 5319 συστρα-

1970 5298 2156 5380 τεύων.
2204 5297 2314 5380 ἐκεῖ
2351 5297 2468 5380 ηδὴι
2495 5297 2594 5380 τὴν
2648 5297 3083 5380 ἐσχάτηνέτισε
3113 5297 3271 5380 δίκην
3315 5297 3622 5380 --πρόφασιν

1968 5370 2071 5446 γᾷιρ
2126 5370 2200 5431 ὡς
2253 5366 2679 5446 ἐπιϐουλεύοντα
2713 5366 2815 5446 ’τῳ
2842 5366 2849 5370 ⁷
2875 5373 3093 5446 βασιλεῖ
3228 5366 3497 5446 θεήλατος
3525 5374 3619 5429 αὐ-

1969 5441 2061 5495 τὸν
2127 5441 2394 5524 μετῆλθεν
2458 5442 2644 5524 ὀργὴ,
2701 5441 2799 5499 καὶ⁷
2839 5441 3036 5524 ’ξίφεσι
3093 5441 3618 5524 ’μεληδδν-ἀθλῖως

1968 5514 2501 5590 κατακοπ-τόμενοςξ
2539 5514 2704 5590 Infra
2764 5534 2777 5574 :
2837 5514 2975 5575 Τότε
3053 5514 3161 5590 μὲν
3227 5514 3317 5572 οὖν
3373 5518 3401 5572 ὁ
3466 5518 3623 5590 αὐτο-

1968 5585 2187 5664 κράτωρ
2244 5585 2514 5660 παρευθὺς
2572 5588 2709 5662 πρὸς
2786 5593 2885 5662 τὴν
2944 5585 3330 5664 βασὶΛεύουσαν
3389 5588 3620 5646 παλινσ-

1971 5677 2106 5714 στει.
