4156 6214
514 301 592 362 35
1844 297 1981 361 ,ΙοΑ
1994 296 2176 358 NNIS
2218 295 2562 360 ZONARE

3837 305 3924 365 36

510 436 706 509 potius
735 433 1100 501 credebatur,
1131 433 1300 505 quasi
1332 449 1641 505 praegnans
1669 429 2147 489 fuissetEudocis

2269 428 2523 503 βασιλεὺς
2563 437 2666 500 τῆς
2711 430 3052 508 ἐκστρατείας
3094 432 3390 509 ἀφέμενος,
3449 433 3537 489 ἐπὶ
3588 436 3655 490 τὸ
3710 439 3917 506 Βυζάν-

506 523 720 580 Basilio
753 522 1046 578 collocata.
1079 521 1323 577 Michael
1378 539 1571 593 porro,
1623 521 1723 593 qui
1754 534 1992 575 omnem
2021 523 2156 573 teta-

506 617 626 668 tem
657 611 976 683 equitando
1005 614 1064 666 et
1085 611 1474 683 eompotando
1498 608 2159 680 consumeret,frsquen-

508 707 714 772 terque
763 700 1110 770 inebriatus,
1172 704 1367 755 mente
1423 698 1798 769 alienaretur,
1847 713 2026 769 quam
2084 712 2156 751 ne

507 794 740 849 sobrius
763 791 1000 864 quidem
1026 807 1230 846 sanam
1255 791 1571 846 admodum
1594 787 2155 861 habebat,Basilium

508 883 567 938 in
600 881 692 937 sui
724 881 934 937 caedem
968 879 1235 936 irritavit.
1267 879 1414 936 Nam
1446 895 1579 935 eum
1615 884 1747 951 post
1780 882 2049 950 equestre
2080 877 2153 932 ad

507 970 701 1028 Sancti
734 969 1042 1025 Mamantis
1075 973 1392 1038 certamen,
1416 969 1475 1024 in
1507 985 1623 1040 quo
1646 969 1769 1040 ipse
1797 983 1931 1023 eum
1963 980 2157 1040 proce-

506 1062 672 1116 ribus
702 1059 828 1115 suis
857 1058 1369 1130 aurigarat,victor
1398 1059 1471 1114 ad
1503 1074 1727 1113 coenam
1760 1056 2151 1124 accubuisset,

503 1151 671 1221 eique
721 1147 975 1203 Basilius
1030 1152 1088 1203 et
1145 1147 1396 1202 Eudocia
1454 1148 1827 1209 interessent,
1861 1144 2153 1201 Basilinus

505 1239 748 1308 quidam
796 1236 1021 1291 dudum
1080 1236 1470 1308 imperatoriae
1511 1236 1768 1291 triremis
1801 1250 2015 1303 remex,
2049 1233 2151 1289 sed

503 1328 575 1383 ob
609 1326 868 1399 corporis
898 1324 1244 1395 elegantiam
1273 1327 1332 1382 in
1377 1325 1746 1397 imperatoris
1788 1323 2155 1379 familiarita-

505 1419 621 1472 tem
654 1415 897 1481 ascitus,
930 1414 1099 1486 eique
1129 1420 1254 1469 tum
1287 1414 1541 1470 cmnanti
1571 1417 1795 1483 astans,
1813 1411 1973 1467 illius
2000 1410 2154 1466 auri-

500 1504 678 1576 gandi
710 1503 1011 1559 solertiam
1056 1508 1114 1558 et
1147 1502 1550 1559 dexteritatem
1612 1502 1827 1557 divinis
1875 1498 2150 1555 laudibus

500 1591 834 1649 extollebat.
867 1592 1091 1658 Quibus
1149 1591 1424 1647 laudibus
1482 1591 1579 1647 ille
1637 1589 1822 1645 multo
1872 1590 2000 1660 jam
2053 1605 2149 1644 ex-

502 1681 714 1736 hausto
747 1697 926 1748 mero,
962 1685 1018 1736 et
1047 1686 1241 1736 mente
1271 1680 1527 1746 turbata,
1552 1680 1893 1749 delectatus,
1926 1677 2150 1733 calecos

503 1787 826 1843 purpureos
847 1770 897 1826 ei
932 1770 1133 1836 tradit,
1165 1786 1230 1826 ac
1278 1770 1524 1826 induere
1558 1770 1747 1840 jubet,
1780 1773 1837 1825 et
1890 1768 2147 1839 impera-

502 1865 688 1916 torem
721 1859 957 1916 salutat.
1009 1859 1112 1914 Illo
1165 1860 1592 1914 verecundante
1635 1863 1691 1914 et
1746 1856 2027 1913 Basilium
2061 1857 2149 1911 in-

501 1953 725 2020 tuente,
784 1948 1100 2019 imperator
1158 1948 1465 2017 irascitur,
1524 1946 1777 2003 Basilius
1836 1951 2034 2002 autem
2096 1944 2148 2001 ei

501 2039 715 2108 innuit,
749 2043 814 2093 ut
843 2038 1227 2109 obtemperet,
1257 2042 1313 2091 et
1343 2036 1568 2092 calceos
1611 2035 1841 2091 induat.
1876 2034 1983 2099 Qui
2014 2050 2147 2089 cum

500 2127 816 2199 paruisset,
878 2127 1197 2198 imperator
1250 2126 1467 2182 Basilio
1523 2126 1710 2181 iratus
1740 2124 1857 2180 ait:
1922 2124 2153 2196 Imperii

502 2218 753 2285 insignia
784 2216 876 2271 isti
902 2218 1119 2286 aptiora
1166 2225 1295 2270 sunt
1342 2231 1511 2286 quam
1542 2215 1664 2269 tibi.
1723 2216 1807 2269 An
1858 2229 1981 2268 vero
2010 2213 2153 2267 mihi

500 2323 612 2362 non
642 2307 787 2376 licet,
819 2304 1276 2377 quemadmodum
1306 2308 1359 2359 te
1414 2305 1798 2375 imperatorem
1830 2304 1962 2373 Ieci,
1993 2303 2071 2356 ita
2099 2304 2153 2355 et

496 2396 679 2451 alium
706 2375 928 2466 fecere?
956 2394 1035 2449 Ex
1092 2410 1158 2449 eo
1189 2391 1444 2449 Basilius
1500 2397 1557 2448 et
1596 2393 1666 2447 de
1717 2390 1963 2463 imperio
1990 2394 2049 2445 et
2078 2375 2169 2445 de-

509 2485 625 2541 vita
655 2483 963 2550 sollicitus,
996 2483 1113 2537 vim
1147 2482 1334 2538 facere
1364 2498 1539 2554 quam
1573 2481 1692 2553 pati
1725 2478 2151 2548 maluit,consi—

506 2574 700 2643 lioque
731 2589 836 2629 suo
895 2588 1019 2627 cum
1081 2571 1212 2626 aliis
1261 2570 1712 2638 communicato,
1771 2585 1905 2624 cum
1959 2568 2149 2623 denuo

504 2661 745 2716 Michael
778 2661 910 2715 vino
941 2661 998 2714 in
1028 2676 1191 2715 omna
1241 2662 1488 2714 obrutus
1539 2661 1817 2729 torperet,
1852 2669 2150 2727 manuque

505 2751 719 2806 ductus
749 2749 807 2803 in
864 2748 1201 2804 cubiculum
1258 2747 1447 2819 regiae,
1501 2763 1629 2817 quae
1683 2751 1773 2801 est
1828 2746 1898 2800 ad
1951 2744 2148 2799 Sancti

504 2838 1052 2904 Mamantis,somno
1075 2837 1533 2907 profundissimo
1556 2851 1874 2907 oppressus
1888 2834 2147 2905 jaceret:

503 2944 797 3002 egressus,
858 2927 1114 2998 primum
1172 2924 1428 2980 claustra
1484 2924 1737 2980 cubiculi
1791 2921 2148 2995 imperatorii

504 3016 808 3088 confregit,
861 3031 967 3071 nec
995 3016 1146 3070 fores
1195 3030 1228 3069 a
1279 3012 1576 3069 cubilariis
1632 3012 1824 3067 claudi
1885 3014 2142 3083 possent.

503 3106 724 3162 Deinde
749 3121 883 3160 cum
914 3102 1229 3174 conjuralis
1259 3103 1510 3158 advenit.
1546 3101 1621 3157 Iis
1651 3107 1845 3157 autem
1878 3100 1979 3174 qui
2010 3106 2143 3156 ante

500 3193 840 3251 cubiculum
870 3194 1255 3262 excubabant,
1307 3190 1509 3263 paucis
1552 3191 1716 3260 adeo,
1767 3205 2141 3261 percussores
2170 3166 2213 3233 (ἶ

499 3283 658 3340 aditu
692 3283 999 3356 prohibere
1028 3280 1399 3345 conantibus,
1432 3286 1558 3335 orto
1598 3278 1854 3334 tumultu
1884 3279 2140 3350 impera-

499 3378 590 3429 tor
620 3378 1010 3445 experrectus,
1064 3371 1319 3443 quodam
1356 3385 1489 3424 cum
1548 3368 1748 3424 stricto
1805 3368 1999 3440 gladio
2048 3368 2143 3422 in-

498 3478 717 3532 gresso,
754 3477 961 3516 manus
994 3458 1478 3530 sustulit,quibus
1509 3456 1607 3513 ille
1637 3457 1924 3512 ambabus
1955 3472 2142 3512 resec-

496 3550 595 3616 tis,
626 3550 699 3605 ad
731 3554 967 3604 caeteros
1016 3548 1209 3604 rediit.
1270 3551 1343 3601 At
1398 3545 1638 3602 Michael
1697 3562 1832 3601 cum
1885 3562 1955 3601 ex
2007 3546 2142 3601 vino

497 3638 761 3694 titubans
810 3637 1088 3694 ebrietate
1144 3635 1521 3709 impediente,
1551 3635 1748 3707 fugere
1778 3650 1893 3690 non
1924 3638 2140 3707 posset,

498 3726 912 3783 miserabiliter
937 3726 1167 3798 ejulans
1188 3725 1459 3797 jacebat:
1511 3741 1685 3795 quem
1717 3723 1867 3780 alius
1902 3724 2141 3794 quidam

496 3836 566 3874 ex
596 3816 924 3882 Basilianis,
985 3815 1177 3871 adhuc
1235 3815 1419 3870 vivere
1467 3815 1865 3885 conspicatus,
1914 3812 2141 3881 insiliit,

497 3922 814 3978 ensemque
868 3906 953 3960 ita
981 3906 1041 3959 in
1100 3906 1228 3974 ejus
1287 3910 1489 3976 pectus
1550 3905 1763 3974 adegit,
1820 3907 1886 3957 ut
1942 3907 2143 3957 ventre

496 3995 674 4051 etiam
707 3995 944 4065 trajecto
974 3993 1256 4049 intestina
1284 3992 1676 4049 elaberentur.

2264 538 2378 573 τιον
2439 517 2783 593 ἐπανέζευξε,
2842 520 2932 575 καὶ
2993 521 3238 596 ζεύγνυσι
3291 527 3373 595 τῷ
3421 521 3688 597 Βασιλείῳ
3741 523 3919 583 Εὔδο-

2263 606 2384 662 κίαν
2442 609 2543 678 τήν
2602 609 2863 685 θυγατέρα
2929 608 3026 665 τοῦ
3100 613 3360 687 ’Ἱγκηρος
3393 659 3408 676 ,
3459 612 3583 682 ἥτις
3634 614 3780 687 αὐτῷ
3833 620 3919 688 τῷ

2265 701 2547 772 κρατοῦντι
2604 700 2797 774 πρώην
2866 697 3264 755 ἐπαλλακεύετο
3297 720 3308 732 ·
3371 702 3481 756 εἶτα
3533 702 3624 758 καὶ
3685 702 3921 779 βασιλέα

2263 790 2451 840 τοῦτον
2503 787 2708 843 ἀνεῖπεν
2763 789 2927 851 αὐτὸς
2981 789 3033 844 ἐν
3082 792 3149 864 τῇ
3198 788 3420 865 Μεγάλῃ
3470 791 3917 868 παραγενόμενος

2264 874 2527 947 ἐκκλησίᾳ
2558 879 2692 950 (65),
2722 878 2812 933 καὶ
2862 874 2951 933 διὰ
2997 883 3094 933 τοῦ
3144 883 3488 956 πατριάρχου
3543 880 3763 936 Φωτίου
3813 902 3916 937 πε-

2265 965 2432 1039 ριθεὶς
2480 964 2625 1037 αύτῷ
2669 966 2732 1021 τὸ
2778 963 3060 1040 διάδημα.
3103 966 3348 1023 Τίκτεται
3412 965 3469 1023 δὲ
3514 972 3594 1041 τῷ
3642 969 3917 1043 Βασιλείῳ

2263 1052 2322 1108 ἐκ
2347 1056 2446 1123 τῆς
2485 1051 2749 1117 Εύδοκίας
2800 1054 3017 1111 παιδίον
3068 1053 3223 1133 ἄρῤεν
3278 1058 3306 1112 6
3356 1058 3529 1126 Λέων,
3581 1058 3610 1112 ’ὀ
3655 1063 3753 1113 τοῦ
3799 1066 3914 1115 Mt-

2262 1141 2414 1217 χαήλ
2477 1147 2589 1216 (66)
2651 1144 2862 1218 μᾶλλον
2940 1147 3074 1201 εἶναι
3129 1144 3383 1221 ἐλέγετο,
3441 1146 3514 1209 ὠς
3567 1146 3759 1224 ἐγκύου
3804 1156 3911 1219 τῆς

2264 1229 2528 1295 Εὐδοκίας
2559 1231 2723 1305 οὔσης
2765 1233 2855 1290 ὅτε
2901 1240 2980 1306 τῷ
3026 1234 3300 1309 Βασιλείῳ
3348 1237 3666 1308 συνῴκιστο.
3719 1239 3916 1309 Ἱππη-

2262 1319 2474 1384 λασίαις
2505 1320 2562 1377 δὲ
2608 1323 2697 1378 καὶ
2739 1322 3063 1395 συμποσίοις
3111 1325 3193 1379 ἀεὶ
3243 1323 3533 1400 σχολάζων
3585 1327 3614 1380 ὁ
3645 1326 3914 1402 Μιχαὴλ,

2260 1410 2348 1463 καὶ
2394 1415 2633 1487 συνεχῶς
2687 1412 3102 1485 μεθυσκόμενος,
3136 1413 3225 1467 καὶ
3275 1418 3384 1468 τῶν
3440 1418 3645 1491 φρενῶν
3698 1414 3916 1486 ἐξιστά-

2264 1519 2421 1571 μενος
2451 1502 2585 1572 (67),
2618 1500 2678 1563 ἃς
2727 1500 2851 1557 οὐδὲ
2895 1504 3079 1579 νήφων
3134 1498 3362 1578 ἔρῥωτο,
3397 1502 3471 1565 είς
3517 1503 3680 1579 φόνον
3715 1506 3914 1561 ἑαυτοῦ

2258 1588 2350 1643 τὸν
2408 1589 2686 1645 Βασίλειον
2741 1588 3085 1663 ἐξηρέθισεν.
3141 1591 3235 1648 Ἐκ
3291 1591 3395 1666 γὰρ
3454 1589 3633 1647 ἵππων
3689 1593 3913 1669 ἀγῶνος

2261 1676 2312 1732 ἐν
2342 1682 2421 1751 τῷ
2471 1679 2611 1754 ἁγίῳ
2662 1680 2918 1753 Μάμαντι
2966 1679 3333 1753 τελεσθέντος,
3366 1680 3418 1735 ἐν
3466 1682 3513 1753 ᾦ
3557 1681 3718 1744 αὐτὸς
3758 1684 3917 1753 ἡνιόο

2260 1786 2402 1841 χησε
2447 1766 2535 1821 καὶ
2591 1768 2643 1821 οἱ
2706 1775 3018 1841 μεγιστᾶνες
3070 1768 3259 1837 αὐτοῦ,
3318 1770 3409 1824 καὶ
3460 1769 3754 1841 νενίκηκεν,
3818 1772 3911 1828 ἐπὶ

2257 1852 2470 1910 δεῖπνον
2504 1854 2903 1925 ἀνακλιθέντος,
2951 1858 3042 1912 καὶ
3096 1859 3124 1912 6
3174 1857 3460 1921 Βασίλειος
3510 1860 3599 1914 καὶ
3645 1863 3681 1930 ἡ
3732 1858 3908 1916 Εὔδο-

2256 1945 2347 1999 κία
2373 1942 2828 2000 συνανεκέκλιντο.
2877 1945 3160 2008 Βασιλῖνος
3207 1950 3319 2020 (68)
3369 1944 3427 2002 δέ
3466 1968 3548 2009 τις
3602 1955 3702 2019 τῆς
3746 1952 3904 2007 Βασι-

2258 2032 2403 2090 λείον
2450 2035 2713 2109 τριήρους
2762 2035 2955 2111 πρώην
3001 2034 3190 2111 ἐρέτης
3238 2032 3335 2105 ὢν,
3385 2033 3476 2091 διὰ
3528 2034 3585 2092 δὲ
3643 2040 3902 2113 σώματος

2258 2120 2569 2198 ὡραιότητα
2624 2122 2996 2201 προσληφθεὶς
3053 2125 3199 2199 παρὰ
3253 2128 3350 2179 τοῦ
3399 2130 3752 2198 κρατοῦντος,
3809 2130 3903 2184 καί

2255 2211 2433 2284 τούτῳ
2464 2210 2787 2278 οἷκειωθεὶς,
2817 2213 3099 2287 παρεστὼς
3131 2212 3255 2267 τότε
3300 2210 3605 2270 δειπνοῦντι
3634 2220 3715 2288 τῷ
3748 2218 3905 2293 βασι-

2260 2299 2347 2356 λεῖ
2391 2300 2675 2371 ἐξεθείαζεν
2730 2302 2890 2356 αὐτὸν
2942 2303 3018 2364 ὡς
3061 2302 3269 2380 εὐφυῶς
3318 2301 3446 2379 ἄγαν
3495 2305 3583 2359 καὶ
3632 2303 3907 2382 ἐντεχνως

2257 2391 2647 2464 ἡνιοχήσαντα.
2680 2391 2741 2447 Ὁ
2794 2388 2852 2444 δὶ
2906 2388 3038 2462 (ἤδη
3097 2392 3199 2468 γὰρ
3256 2392 3600 2467 ἠκρατίσατο,
3658 2394 3748 2448 καὶ
3804 2395 3901 2449 τὸν

2257 2481 2381 2533 νοῦν
2432 2476 2811 2551 ἐκτεθόλωτο),
2843 2480 3027 2548 ἡσθεὶς
3072 2485 3188 2542 τοῖς
3234 2479 3474 2544 ἐπαίνοις
3522 2479 3699 2537 ἐδίδου
3752 2482 3903 2556 αὐτῷ

2255 2566 2322 2621 τὰ
2371 2561 2732 2643 φοινικὸχροα
2789 2564 3008 2637 πέδιλα,
3065 2568 3155 2623 καὶ
3215 2569 3567 2645 προσέταττεν
3626 2569 3901 2642 ὑποδήσας

2257 2666 2399 2723 σθαι,
2430 2655 2520 2710 καὶ
2555 2655 2779 2731 βασιλέα
2822 2658 3025 2714 ἀνεῖπε.
3072 2661 3177 2712 Τοῦ
3231 2655 3288 2713 δὲ
3335 2654 3766 2733 εὐλαϐουμένου,
3809 2660 3905 2714 καὶ

2255 2745 2392 2821 πρὸς
2443 2744 2535 2799 τὸν
2580 2744 2857 2800 Βασίλειον
2907 2743 3224 2821 ἐνορῶντος,
3284 2748 3312 2801 ὁ
3374 2745 3630 2822 βασιλεὺς
3701 2746 3905 2822 ἐχαλέ-

2255 2854 2449 2890 παινε.
2504 2834 2603 2887 Καὶ
2662 2835 2689 2888 6
2739 2832 3021 2897 Βασίλειος
3080 2834 3344 2890 ἐνένευσεν
3404 2834 3551 2907 αὐτῷ
3608 2843 3896 2906 πεισθῆναι

2253 2919 2343 2976 καί
2402 2919 2793 2993 ὑποδήσασθαισ
2844 2922 2933 2978 καὶ
2981 2923 3040 2985 ’ὸς
3098 2918 3279 2980 λαϐὼν
3344 2922 3674 2995 ὑπεδήσατο.
3714 2926 3795 2983 .Ὁ
3841 2923 3901 2981 δὲ

2259 3009 2512 3086 βασιλεὺς
2575 3015 2656 3083 τῷ
2738 3009 3007 3085 Βασιλείῳ
3076 3008 3177 3091 ἔφη
3254 3011 3599 3088 χολούμενος
3632 3056 3646 3083 ,
3703 3014 3903 3086 Τούτῳ

2256 3099 2469 3173 μᾶλλον
2529 3100 2564 3169 ἢ
2622 3101 2707 3155 σοὶ
2763 3100 2830 3155 τὰ
2877 3108 2980 3171 τῆς
3042 3100 3319 3178 βασιλείας
3372 3103 3675 3179 παράσημα
3718 3101 3901 3158 ἐπεοί-

2251 3209 2426 3244 κασιν.
2484 3190 2554 3246 Ἢ
2613 3188 2713 3243 ούκ
2770 3188 2935 3263 ἒξεστί
2991 3211 3115 3263 μοι,
3175 3191 3250 3254 ὡς
3305 3191 3362 3245 ut
3424 3191 3651 3267 βασιλέα
3706 3191 3902 3246 πεποί-

2249 3298 2378 3351 ηκα,
2408 3285 2636 3348 ποιῆσαι
2690 3279 2780 3334 καὶ
2833 3276 3015 3355 ἕτερον
3044 3298 3057 3349 ;
3090 3279 3361 3344 Ἐντεῦθεν
3390 3277 3650 3343 δεδοικὼς
3683 3281 3712 3335 ὁ
3744 3280 3900 3335 Βασὶ-

2252 3387 2397 3428 Αειος
2424 3370 2565 3441 (68¹)
2596 3367 2685 3421 καὶ
2715 3367 2838 3443 περὶ
2868 3371 2935 3442 τῇ
2971 3366 3219 3445 βασιλείᾳ
3260 3369 3350 3422 καὶ
3400 3372 3469 3443 τῇ
3516 3372 3652 3443 ζωῇ,
3706 3365 3902 3443 δρᾶσαι

2249 3457 2355 3526 πρὸ
2406 3457 2501 3510 τοῦ
2552 3458 2739 3511 παθεῖν
2787 3441 3139 3529 ἐμελέτησεν,
3181 3457 3385 3533 ἑτέροις
3431 3441 3490 3514 τε
3516 3458 3578 3513 τὸ
3607 3441 3923 3532 μελέτημα

2248 3546 2670 3618 κοινωσάμενος,
2722 3545 2837 3600 ἐπεὶ
2895 3544 3047 3607 αὖθις
3110 3545 3163 3601 ἐν
3225 3544 3424 3619 δείπνῳ
3480 3547 3905 3624 ἀκρατοποσίαις

2250 3636 2601 3711 χρησάμενος
2659 3634 2688 3688 ὁ
2767 3633 3023 3711 βασιλεὺς
3099 3631 3206 3705 ἤδη
3281 3635 3557 3711 κεκάρωτο
3593 3680 3607 3704 ,
3665 3636 3753 3690 καὶ
3818 3638 3900 3707 τῷ

2251 3725 2440 3779 ἑαυτοῦ
2470 3728 2688 3779 κοιτῶνι
2719 3723 2770 3779 ἐν
2820 3729 2937 3785 τοῖς
2984 3725 3119 3778 κατὰ
3146 3724 3239 3779 τὸν
3280 3723 3430 3801 ἅγιον
3485 3724 3751 3797 Μάμαντα
3798 3724 3899 3800 βα-

2252 3812 2478 3874 σιλείοις
2509 3815 2622 3885 (69)
2675 3812 3192 3888 χειραγωγούμενος
3238 3812 3579 3885 ἀνεκέκλιτο,
3614 3813 3703 3868 καὶ
3750 3812 3902 3886 ὕπνῳ

2256 3903 2536 3977 βαθυτάτῳ
2584 3900 2940 3972 κατείληπτο,
2991 3905 3207 3975 πρῶτον
3268 3903 3363 3975 μὶν
3414 3901 3565 3975 ἐξιὼν
3618 3899 3905 3963 Βασίλειος

2250 3990 2318 4045 τὰ
2367 3986 2593 4066 κλεῖθρα
2647 3994 2743 4045 τοῦ
2800 3988 3086 4067 βασιλικοῦ
3142 3995 3403 4053 κοιτῶνος
3461 3989 3709 4064 κατέαξεν
3745 4034 3761 4059 ,
3808 3987 3908 4044 ἵνα

1736 4107 1940 4169 Variae
1989 4107 2289 4171 lectiones
2336 4114 2399 4169 et
2444 4114 2634 4170 notae.

565 4209 677 4279 (65)
731 4207 821 4262 Ἐν
878 4209 946 4280 τῇ
1008 4204 1237 4279 Μεγάλῃ
1302 4201 2139 4280 παραγενόμενόμενοςλέκκλη-

495 4276 601 4350 σία.
639 4276 768 4351 Ipso
827 4276 943 4351 die,
983 4276 1389 4351 Pentecostes.‘
1440 4278 1673 4351 Nicetes
1729 4276 2025 4351 Paphlago
2077 4278 2138 4351 i_n

493 4344 631 4406 Vita
650 4344 705 4405 ἑ.
740 4350 952 4422 lgnatii
999 4358 1168 4422 patr.‘
1199 4348 1699 4422 Constantinopol.
1751 4344 1883 4422 Τότε
1917 4344 2011 4418 μὲν
2044 4344 2135 4400 οῦν

492 4423 519 4496 6
548 4416 895 4496 ἀυτοκράῗτωρ
952 4416 1416 4496 παρευθῦςμπερς
1463 4421 1562 4496 τῌὴν
1586 4416 1600 4419 ⁷
1622 4416 2009 4496 βασιλεύουσαν
2042 4438 2141 4473 πι-

490 4488 781 4582 λινοστεῗ.”
815 4488 1163 4582 Πεντηκρστὴ
1226 4488 1271 4545 δ’
1320 4488 1417 4582 die:
1473 4489 1560 4560 ἦν,
1605 4488 1692 4543 καὶ
1727 4488 2004 4578 βασίλειον
2034 4510 2137 4544 πα-

2249 4205 2548 4261 laborasse
2580 4205 2916 4261 Michaelem
2943 4206 3175 4261 videtur
3195 4204 3455 4261 indicare
3479 4205 3906 4276 Luitprandus,

2248 4278 2401 4348 quod
2436 4277 2590 4332 sicut
2633 4276 2936 4348 Byzantini
2985 4276 3324 4349 scriptores,
3364 4278 3462 4348 qui
3516 4277 3795 4333 ebrietate
3845 4285 3908 4331 et

2248 4349 2783 4420 compotationibus
2842 4357 3097 4405 mentem
3176 4349 3429 4405 subinde
3491 4349 3900 4421 perturbatam

2248 4421 2469 4476 velunt.

2323 4494 2429 4562 (68)
2484 4486 2789 4562 Βασιλῖνος.
2864 4484 3211 4547 Basiliscum
3290 4494 3454 4562 vocat
3526 4489 3906 4562 Manasses:

490 4566 699 4638 τρίκιον
754 4560 883 4638 ὄντα
953 4556 1595 4638 καὶμπαρακοιμώμενον
1655 4562 1924 4634 στέμματι
1983 4572 2142 4615 κατα-

2259 4556 2687 4638 Βαάιλιφςιανὸν,
2738 4563 3065 4638 Chronicon
3116 4580 3228 4619 ms.
3262 4561 3601 4638 ab_Adamo
3646 4561 3718 4615 ad
3768 4561 3912 4638 Leo-

490 4633 792 4710 κοσμήσας,
825 4634 1139 4710 ἀναγορεύει
1179 4633 1425 4710 βασιλέα.

563 4717 675 4789 (66)
705 4718 761 4769 Ὁ
788 4720 884 4771 τοῦ
943 4714 1197 4791 Μιχαήλ.
1248 4714 1422 4791 VidB__
1450 4712 1710 4786 Glycam.
1745 4730 1802 4785 p.
1860 4714 1988 4781 297,
2042 4714 2142 4769 ubi

493 4786 911 4846 hu‘ne’Zonarts
953 4786 1147 4846 locum
1178 4786 1471 4859 expendit.

562 4859 678 4986 (67)
732 4859 827 4913 Kal
900 4863 1009 4914 τῶν
1083 4852 1291 4936 φρενῶν
1372 4852 1726 4927 ἐξιστάμενος.
1809 4856 2141 4928 Luitpran-

562 4949 627 4986 ιε.
686 4932 762 4986 ib.
793 4949 833 4986 ι.
882 4949 1009 4986 can.
1041 4933 1113 4986 3:
1180 4935 1389 4986 Verum
1445 4930 1575 4986 auia
1630 4929 1971 4986 omnipotens
2003 4929 2141 4981 Deus

494 4929 627 4997 dus,
658 4929 762 4987 lib.
793 4949 833 4999 ι,
882 4949 1009 5004 cap.
1041 4929 1134 4986 33'
1180 4935 1389 4986 Verum
1445 4930 1575 4999 quia
1630 4929 1971 5004 omnipotens
2003 4929 2143 4981 Deus

491 5019 671 5059 servos
726 5020 855 5059 suos
912 5003 1051 5072 iuste
1106 5004 1291 5057 visitat
1345 5016 1665 5072 quacunque
1720 5003 1835 5055 vui:
1886 5015 2139 5067 censura,

491 5076 637 5131 hunc
664 5078 1051 5147 imperatorem
1076 5074 1391 5129 Michaelem
1417 5087 1574 5128 sanae
1603 5074 1799 5147 mentis
1830 5074 1903 5126 ad
1934 5081 2143 5141 tempus

490 5162 604 5201 esse
633 5145 754 5202 non‘
801 5148 1153 5218 permiserat,
1185 5150 1247 5218 ut
1277 5160 1381 5217 quo
1426 5160 1550 5199 eum
1601 5145 1828 5218 gravius
1874 5151 2143 5218 premeret

491 5220 546 5273 in
583 5216 880 5290 inﬁmisieo
902 5217 1313 5273 misericordias
1336 5219 1784 5290 remuneraretur
1808 5217 1867 5290 in
1887 5216 2140 5290 summis.

488 5287 650 5354 Nam,
680 5295 742 5346 ut
768 5291 969 5360 fertur,
1003 5290 1168 5360 hujus
1215 5297 1456 5359 tempore
1499 5288 1790 5358 passionis,
1828 5287 2144 5357 familiares

488 5365 661 5417 etiam
690 5359 891 5431 capitis
912 5359 1152 5434 jusserat
1191 5360 1456 5434 damnari
1472 5359 1765 5434 sententia,
1790 5375 1929 5434 quos
1958 5363 2141 5413 tamen

488 5435 561 5489 ad
592 5452 650 5488 se
679 5435 895 5489 rediens
913 5431 1029 5489 'hoc
1073 5442 1235 5500 pacto
1280 5432 1613 5501 requirebat,
1645 5439 1704 5485 ut
1736 5431 1850 5484 nisi
1899 5440 2027 5501 quot
2048 5446 2143 5500 ju-

488 5504 679 5576 gulari
696 5510 943 5576 jusserat
1003 5504 1385 5573 redderentur,
1415 5506 1582 5576 pari“
1600 5503 1714 5576 ipsi
1750 5503 1848 5576 qui
1876 5502 1973 5556 hoc
2008 5502 2142 5571 σηε-

489 5574 705 5633 ὸθναηί
733 5578 1004 5633 sententia
1060 5577 1487 5631 damnarentur.
1536 5574 1644 5628 Hoc
1693 5574 1869 5644 igitur
1911 5581 2143 5642 terrore,

492 5664 624 5722 quos
653 5647 917 5705 damnari
937 5648 1205 5721 iusserat,
1250 5646 1635 5705 servabantur.
1685 5643 1764 5700 Ex
1796 5643 1891 5701 his
1919 5644 2145 5702 sontioo

2252 4634 2587 4709 n_em_Phil.,
2623 4639 2689 4709 ut
2727 4640 2785 4690 et
2816 4634 3099 4709 Georgius
3132 4634 3480 4702 monachus,
3514 4652 3548 4689 a
3577 4649 3693 4703 quo
3724 4631 3912 4703 patri-

2251 4707 2321 4762 cii
2350 4707 2630 4771 dignitate
2660 4708 2937 4761 donetur.

2322 4779 2462 4849 (68‘)
2513 4774 2783 4838 Δεδοικὼς
2814 4777 2842 4830 ὁ
2874 4773 3183 4837 Βασίλειος.
3245 4777 3402 4832 idem
3424 4771 3850 4849 _Luitpran_du_s
3887 4790 3904 4829 :

2251 4844 2357 4904 Sed
2384 4844 2505 4904 cum
2539 4850 2638 4905 hoc
2664 4851 2862 4921 saepius
2908 4853 2959 4905 et
3017 4851 3221 4904 iterum
3282 4846 3491 4904 Basilio
3524 4844 3765 4921 faceret,
3794 4844 3915 4921 hu,-

2246 4922 2493 4992 jusmodi
2521 4939 2555 4976 a
2584 4921 2691 4975 sibi
2734 4918 3163 4992 'obsequentibus
3217 4921 3379 4985 (proh
3434 4918 3655 4992 nefas!)
3695 4918 3914 4992 accepit

2251 4988 2547 5048 consilium
2568 5010 2586 5046 :
2617 4995 2699 5048 Ne
2726 4988 3096 5064 forte'insana
3118 4993 3264 5062 regis
3295 4993 3470 5064 jussio
3501 4988 3801 5064 aliquando
3837 5004 3916 5064 ea:

2253 5065 2527 5120 industria
2556 5081 2591 5118 a
2619 5069 2671 5118 te
2725 5060 2841 5119 non
2893 5060 3272 5133 diligentibus,
3297 5060 3309 5064 ⁷
3332 5065 3441 5118 imo
3498 5062 3619 5117 odio
3649 5060 3915 5115 habenti-

2253 5139 2370 5200 bus,
2404 5137 2725 5205 impleatur,
2756 5152 2881 5192 eum
2911 5142 2976 5191 tu
3006 5132 3200 5208 potius
3228 5135 3674 5208 occidito,_a_tque
3728 5132 3912 5208 impe-

2252 5209 2425 5263 rialia
2469 5217 2680 5279 sceptra
2722 5204 3031 5280 suscipito:
3081 5207 3237 5276 Quod
3289 5208 3412 5261 sine
3467 5204 3914 5280 dilatione._tum

2253 5284 2465 5335 terrore
2512 5273 2847 5349 compulsus,
2881 5273 3025 5335 'tum
3081 5273 3248 5334 etiam
3304 5276 3577 5347 regnandi
3603 5273 3919 5346 cupiditate

2253 5352 2510 5420 deceptus
2538 5352 2845 5421 complevit.
2924 5420 2929 5421 γ
3040 5420 3047 5421 γ
3201 5418 3208 5421 Α
3475 5416 3484 5421 ,
3751 5364 3791 5421 ,⁴

2326 5413 2549 5493 (69)’Ev
2609 5413 2725 5482 τοῖς
2809 5420 3091 5493 κατακτὸν
3174 5418 3335 5493 ιῑίγιον⁸
3402 5416 3673 5493 Μάμαντα
3748 5413 3914 5493 βασις

2255 5484 2446 5555 λείοις.
2508 5494 2740 5550 Nicetes
2799 5492 3091 5565 Paphlago
3151 5509 3165 5549 :
3221 5484 3371 5565 ΪΙρὸς
3422 5484 3508 5561 τῷ’
3551 5484 3760 5559 τεμένει
3808 5490 3918 5539 τοῦ

2259 5510 2446 5555 Λειοις.
2508 5510 2740 5550 mcetas
2799 5510 2875 5550 ra
2921 5510 3091 5564 nlago
3151 5510 3165 5549 :
3226 5510 3283 5565 ιι(

2259 5564 2527 5643 μάρτυρος
2559 5565 2853 5640 Μάμαντος
2881 5510 3283 5641 δολοφονεῖται.
