  <div class='ocr_page' id='page_1' title='image "/cluster/home/n/w/nwhite01/storage/ocr_20150623/135/hvd.32044073502528/026.png"; bbox 0 0 4156 6214; ppageno 0'>
   <div class='ocr_carea' id='block_1_1' title="bbox 275 277 1933 350">
    <p class='ocr_par' dir='ltr' id='par_1_1' title="bbox 275 279 1933 346">
     <span class='ocr_line' id='line_1_1' title="bbox 275 279 1933 346; baseline -0.003 0"><span class='ocrx_word' id='word_1_1' title='bbox 275 285 353 346; x_wconf 73' lang='lat' dir='ltr'><strong>ﬂ</strong></span> <span class='ocrx_word' id='word_1_2' title='bbox 1588 279 1933 341; x_wconf 75' lang='lat' dir='ltr'>ANNALIU</span> 
     </span>
    </p>
   </div>
   <div class='ocr_carea' id='block_1_2' title="bbox 2043 277 3703 350">
    <p class='ocr_par' dir='ltr' id='par_1_2' title="bbox 2050 277 3703 350">
     <span class='ocr_line' id='line_1_2' title="bbox 2050 277 3703 350; baseline 0.005 -11"><span class='ocrx_word' id='word_1_3' title='bbox 2050 277 2197 339; x_wconf 88' lang='lat' dir='ltr'><strong>LIB.</strong></span> <span class='ocrx_word' id='word_1_4' title='bbox 2246 279 2382 343; x_wconf 76' lang='grc' dir='ltr'>Χνι</span> <span class='ocrx_word' id='word_1_5' title='bbox 2393 323 2408 340; x_wconf 90' lang='grc'>.</span> <span class='ocrx_word' id='word_1_6' title='bbox 3623 286 3703 350; x_wconf 68' lang='lat'><strong>42</strong></span> 
     </span>
    </p>
   </div>
   <div class='ocr_carea' id='block_1_3' title="bbox 270 407 3703 489">
    <p class='ocr_par' dir='ltr' id='par_1_3' title="bbox 270 407 3703 489">
     <span class='ocr_line' id='line_1_3' title="bbox 270 407 3703 489; baseline -0.001 -17"><span class='ocrx_word' id='word_1_7' title='bbox 270 414 453 472; x_wconf 66' lang='grc' dir='ltr'>πάντα</span> <span class='ocrx_word' id='word_1_8' title='bbox 506 415 638 479; x_wconf 76' lang='grc' dir='ltr'>τοὺς</span> <span class='ocrx_word' id='word_1_9' title='bbox 684 421 788 486; x_wconf 82' lang='grc' dir='ltr'>τῆς</span> <span class='ocrx_word' id='word_1_10' title='bbox 841 411 1174 486; x_wconf 84' lang='grc' dir='ltr'>Ἐκκλησίᾳς</span> <span class='ocrx_word' id='word_1_11' title='bbox 1226 408 1398 468; x_wconf 66' lang='grc' dir='ltr'>ἴθυνεν</span> <span class='ocrx_word' id='word_1_12' title='bbox 1472 407 1688 480; x_wconf 79' lang='grc' dir='ltr'>οἷάκας,</span> <span class='ocrx_word' id='word_1_13' title='bbox 1765 411 1795 467; x_wconf 87' lang='lat'>6</span> <span class='ocrx_word' id='word_1_14' title='bbox 1871 410 2090 473; x_wconf 84' lang='grc' dir='ltr'>Φώτιος</span> <span class='ocrx_word' id='word_1_15' title='bbox 2155 408 2218 465; x_wconf 81' lang='grc' dir='ltr'>τὸ</span> <span class='ocrx_word' id='word_1_16' title='bbox 2283 407 2530 486; x_wconf 77' lang='grc' dir='ltr'>δεύτερον</span> <span class='ocrx_word' id='word_1_17' title='bbox 2619 412 2770 489; x_wconf 81' lang='grc' dir='ltr'>παρᾶ</span> <span class='ocrx_word' id='word_1_18' title='bbox 2841 416 2937 467; x_wconf 77' lang='grc' dir='ltr'>τοῦ</span> <span class='ocrx_word' id='word_1_19' title='bbox 2988 411 3279 470; x_wconf 84' lang='grc' dir='ltr'>Βασιλείου</span> <span class='ocrx_word' id='word_1_20' title='bbox 3337 412 3415 476; x_wconf 76' lang='grc' dir='ltr'>εἷς</span> <span class='ocrx_word' id='word_1_21' title='bbox 3456 414 3549 469; x_wconf 81' lang='grc' dir='ltr'>τὸν</span> <span class='ocrx_word' id='word_1_22' title='bbox 3597 419 3703 486; x_wconf 84' lang='grc' dir='ltr'>τῆς</span> 
     </span>
    </p>
   </div>
   <div class='ocr_carea' id='block_1_4' title="bbox 216 490 3739 581">
    <p class='ocr_par' dir='ltr' id='par_1_4' title="bbox 216 490 3739 581">
     <span class='ocr_line' id='line_1_4' title="bbox 216 490 3739 581; baseline 0 -22"><span class='ocrx_word' id='word_1_23' title='bbox 216 556 221 559; x_wconf 71' lang='lat'>.</span> <span class='ocrx_word' id='word_1_24' title='bbox 266 505 715 581; x_wconf 68' lang='grc' dir='ltr'>ἀρχιερωσύνης,</span> <span class='ocrx_word' id='word_1_25' title='bbox 773 505 964 580; x_wconf 78' lang='grc' dir='ltr'>θρόνον</span> <span class='ocrx_word' id='word_1_26' title='bbox 1020 502 1297 579; x_wconf 70' lang='grc' dir='ltr'>ἀνάγεται.</span> <span class='ocrx_word' id='word_1_27' title='bbox 1353 492 1663 569; x_wconf 80' lang='grc' dir='ltr'>Ἐπιϐουλὴ</span> <span class='ocrx_word' id='word_1_28' title='bbox 1723 496 1781 555; x_wconf 69' lang='grc' dir='ltr'>δὲ</span> <span class='ocrx_word' id='word_1_29' title='bbox 1858 497 2293 571; x_wconf 76' lang='grc' dir='ltr'>συσκευαζομὲνη</span> <span class='ocrx_word' id='word_1_30' title='bbox 2369 501 2505 555; x_wconf 80' lang='grc' dir='ltr'>κατὰ</span> <span class='ocrx_word' id='word_1_31' title='bbox 2574 504 2671 556; x_wconf 77' lang='grc' dir='ltr'>τοῦ</span> <span class='ocrx_word' id='word_1_32' title='bbox 2733 499 3000 578; x_wconf 68' lang='grc' dir='ltr'>βασιλέως</span> <span class='ocrx_word' id='word_1_33' title='bbox 3058 501 3162 556; x_wconf 76' lang='grc' dir='ltr'>οὐκ</span> <span class='ocrx_word' id='word_1_34' title='bbox 3218 496 3431 574; x_wconf 77' lang='grc' dir='ltr'>ἔλαθεν,</span> <span class='ocrx_word' id='word_1_35' title='bbox 3488 501 3610 567; x_wconf 78' lang='grc' dir='ltr'>ὅθεν</span> <span class='ocrx_word' id='word_1_36' title='bbox 3670 505 3700 559; x_wconf 89' lang='lat'>6</span> <span class='ocrx_word' id='word_1_37' title='bbox 3734 490 3739 517; x_wconf 47' lang='grc'><em>³</em></span> 
     </span>
    </p>
   </div>
   <div class='ocr_carea' id='block_1_5' title="bbox 194 582 3701 671">
    <p class='ocr_par' dir='ltr' id='par_1_5' title="bbox 194 582 3701 671">
     <span class='ocr_line' id='line_1_5' title="bbox 194 582 3701 671; baseline -0.001 -22"><span class='ocrx_word' id='word_1_38' title='bbox 194 634 205 641; x_wconf 80' lang='grc'>.</span> <span class='ocrx_word' id='word_1_39' title='bbox 265 595 374 667; x_wconf 76' lang='grc' dir='ltr'>μὲν</span> <span class='ocrx_word' id='word_1_40' title='bbox 434 592 685 671; x_wconf 74' lang='grc' dir='ltr'>ἐξάρχων</span> <span class='ocrx_word' id='word_1_41' title='bbox 742 593 909 663; x_wconf 77' lang='grc' dir='ltr'>αὐτῆς</span> <span class='ocrx_word' id='word_1_42' title='bbox 976 592 1262 666; x_wconf 83' lang='grc' dir='ltr'>Ῥωμανὸς</span> <span class='ocrx_word' id='word_1_43' title='bbox 1320 592 1349 646; x_wconf 86' lang='grc' dir='ltr'>ὁ</span> <span class='ocrx_word' id='word_1_44' title='bbox 1411 587 1720 666; x_wconf 82' lang='grc' dir='ltr'>Κουρκοόας</span> <span class='ocrx_word' id='word_1_45' title='bbox 1792 586 2017 662; x_wconf 74' lang='grc' dir='ltr'>ἐξεκόπη</span> <span class='ocrx_word' id='word_1_46' title='bbox 2092 587 2160 644; x_wconf 77' lang='grc' dir='ltr'>τὰ</span> <span class='ocrx_word' id='word_1_47' title='bbox 2225 582 2452 662; x_wconf 75' lang='grc' dir='ltr'>ὄμματα</span> <span class='ocrx_word' id='word_1_48' title='bbox 2483 609 2496 624; x_wconf 84' lang='grc'><strong>·</strong></span> <span class='ocrx_word' id='word_1_49' title='bbox 2576 590 2627 644; x_wconf 75' lang='grc' dir='ltr'>οἱ</span> <span class='ocrx_word' id='word_1_50' title='bbox 2705 586 2763 645; x_wconf 77' lang='grc' dir='ltr'>δὲ</span> <span class='ocrx_word' id='word_1_51' title='bbox 2815 589 2994 664; x_wconf 78' lang='grc' dir='ltr'>τούτῳ</span> <span class='ocrx_word' id='word_1_52' title='bbox 3048 610 3503 665; x_wconf 86' lang='grc' dir='ltr'>συνομοσαμενοι,</span> <span class='ocrx_word' id='word_1_53' title='bbox 3559 590 3701 648; x_wconf 77' lang='grc' dir='ltr'>αἰκι-</span> 
     </span>
    </p>
   </div>
   <div class='ocr_carea' id='block_1_6' title="bbox 264 675 2091 759">
    <p class='ocr_par' dir='ltr' id='par_1_6' title="bbox 264 675 2091 759">
     <span class='ocr_line' id='line_1_6' title="bbox 264 675 2091 759; baseline -0.002 -22"><span class='ocrx_word' id='word_1_54' title='bbox 264 683 518 751; x_wconf 68' lang='grc' dir='ltr'>σθέντες,</span> <span class='ocrx_word' id='word_1_55' title='bbox 548 682 639 738; x_wconf 82' lang='grc' dir='ltr'>καὶ</span> <span class='ocrx_word' id='word_1_56' title='bbox 666 684 921 759; x_wconf 76' lang='grc' dir='ltr'>καρέντες</span> <span class='ocrx_word' id='word_1_57' title='bbox 951 684 1051 753; x_wconf 76' lang='grc' dir='ltr'>τὴν</span> <span class='ocrx_word' id='word_1_58' title='bbox 1082 680 1272 758; x_wconf 85' lang='grc' dir='ltr'>τρίχα,</span> <span class='ocrx_word' id='word_1_59' title='bbox 1304 680 1590 758; x_wconf 76' lang='grc' dir='ltr'>ὑπερορίαν</span> <span class='ocrx_word' id='word_1_60' title='bbox 1613 675 2091 748; x_wconf 77' lang='grc' dir='ltr'>κατεδικάσθησαν.</span> 
     </span>
    </p>
   </div>
   <div class='ocr_carea' id='block_1_7' title="bbox 338 766 1933 848">
    <p class='ocr_par' dir='ltr' id='par_1_7' title="bbox 338 766 1933 848">
     <span class='ocr_line' id='line_1_7' title="bbox 338 766 1933 848; baseline -0.004 -20"><span class='ocrx_word' id='word_1_61' title='bbox 338 773 422 829; x_wconf 79' lang='lat'>8&#39;.</span> <span class='ocrx_word' id='word_1_62' title='bbox 457 770 602 844; x_wconf 86' lang='grc' dir='ltr'>Ἤδη</span> <span class='ocrx_word' id='word_1_63' title='bbox 635 769 695 827; x_wconf 78' lang='grc' dir='ltr'>δὶ</span> <span class='ocrx_word' id='word_1_64' title='bbox 740 776 840 828; x_wconf 77' lang='grc' dir='ltr'>τοῦ</span> <span class='ocrx_word' id='word_1_65' title='bbox 892 766 1051 848; x_wconf 77' lang='grc' dir='ltr'>ἔαρος</span> <span class='ocrx_word' id='word_1_66' title='bbox 1106 768 1551 843; x_wconf 84' lang='grc' dir='ltr'>ἀναλάμποντος,</span> <span class='ocrx_word' id='word_1_67' title='bbox 1600 766 1933 843; x_wconf 77' lang='grc' dir='ltr'>ἐκστρατεύει</span> 
     </span>
    </p>
   </div>
   <div class='ocr_carea' id='block_1_8' title="bbox 2043 766 3695 848">
    <p class='ocr_par' dir='ltr' id='par_1_8' title="bbox 2123 768 3695 844">
     <span class='ocr_line' id='line_1_8' title="bbox 2123 768 3695 844; baseline 0.004 -21"><span class='ocrx_word' id='word_1_68' title='bbox 2123 769 2213 823; x_wconf 81' lang='lat' dir='ltr'>IX.</span> <span class='ocrx_word' id='word_1_69' title='bbox 2248 768 2369 824; x_wconf 88' lang='lat' dir='ltr'>Sub</span> <span class='ocrx_word' id='word_1_70' title='bbox 2397 784 2642 825; x_wconf 88' lang='lat' dir='ltr'>vernum</span> <span class='ocrx_word' id='word_1_71' title='bbox 2663 773 2898 844; x_wconf 83' lang='lat' dir='ltr'>tempus</span> <span class='ocrx_word' id='word_1_72' title='bbox 2918 770 3240 843; x_wconf 81' lang='lat' dir='ltr'>imperator</span> <span class='ocrx_word' id='word_1_73' title='bbox 3259 787 3378 827; x_wconf 87' lang='lat' dir='ltr'>una</span> <span class='ocrx_word' id='word_1_74' title='bbox 3405 786 3540 827; x_wconf 88' lang='lat' dir='ltr'>cum</span> <span class='ocrx_word' id='word_1_75' title='bbox 3574 770 3695 829; x_wconf 84' lang='lat' dir='ltr'>ﬁlio</span> 
     </span>
    </p>
   </div>
   <div class='ocr_carea' id='block_1_9' title="bbox 255 858 1999 936">
    <p class='ocr_par' dir='ltr' id='par_1_9' title="bbox 255 858 1999 936">
     <span class='ocr_line' id='line_1_9' title="bbox 255 858 1999 936; baseline -0.003 -20"><span class='ocrx_word' id='word_1_76' title='bbox 255 861 412 916; x_wconf 74' lang='grc' dir='ltr'>κατὰ</span> <span class='ocrx_word' id='word_1_77' title='bbox 464 868 567 931; x_wconf 82' lang='grc' dir='ltr'>τῆς</span> <span class='ocrx_word' id='word_1_78' title='bbox 619 859 844 936; x_wconf 87' lang='grc' dir='ltr'>Συρίας,</span> <span class='ocrx_word' id='word_1_79' title='bbox 901 858 998 915; x_wconf 70' lang='grc' dir='ltr'>ἕνα</span> <span class='ocrx_word' id='word_1_80' title='bbox 1051 864 1162 915; x_wconf 78' lang='grc' dir='ltr'>τῶν</span> <span class='ocrx_word' id='word_1_81' title='bbox 1220 859 1353 914; x_wconf 75' lang='grc' dir='ltr'>υἱῶν</span> <span class='ocrx_word' id='word_1_82' title='bbox 1392 859 1483 913; x_wconf 88' lang='grc' dir='ltr'>τὸν</span> <span class='ocrx_word' id='word_1_83' title='bbox 1528 860 1932 914; x_wconf 83' lang='grc' dir='ltr'>Κωνσταντῖνον</span> <span class='ocrx_word' id='word_1_84' title='bbox 1985 871 1999 892; x_wconf 82' lang='grc'><strong><em>⁸</em></strong></span> 
     </span>
    </p>
   </div>
   <div class='ocr_carea' id='block_1_10' title="bbox 256 944 1933 1026">
    <p class='ocr_par' dir='ltr' id='par_1_10' title="bbox 256 944 1933 1026">
     <span class='ocr_line' id='line_1_10' title="bbox 256 944 1933 1026; baseline -0.004 -20"><span class='ocrx_word' id='word_1_85' title='bbox 256 948 425 1026; x_wconf 65' lang='grc' dir='ltr'>ἔχων</span> <span class='ocrx_word' id='word_1_86' title='bbox 484 952 603 1024; x_wconf 81' lang='grc' dir='ltr'>μεθ’</span> <span class='ocrx_word' id='word_1_87' title='bbox 664 949 878 1020; x_wconf 73' lang='grc' dir='ltr'>ἑαυτοῦ,</span> <span class='ocrx_word' id='word_1_88' title='bbox 934 949 1031 1004; x_wconf 70' lang='grc' dir='ltr'>καὶ</span> <span class='ocrx_word' id='word_1_89' title='bbox 1082 946 1196 1005; x_wconf 77' lang='grc' dir='ltr'>εἶ’λε</span> <span class='ocrx_word' id='word_1_90' title='bbox 1248 951 1355 1003; x_wconf 80' lang='grc' dir='ltr'>τῶν</span> <span class='ocrx_word' id='word_1_91' title='bbox 1415 947 1690 1026; x_wconf 74' lang='grc' dir='ltr'>φρουρίων</span> <span class='ocrx_word' id='word_1_92' title='bbox 1765 944 1933 1002; x_wconf 71' lang='grc' dir='ltr'>τινά*</span> 
     </span>
    </p>
   </div>
   <div class='ocr_carea' id='block_1_11' title="bbox 255 1033 1932 1116">
    <p class='ocr_par' dir='ltr' id='par_1_11' title="bbox 255 1033 1932 1116">
     <span class='ocr_line' id='line_1_11' title="bbox 255 1033 1932 1116; baseline -0.003 -22"><span class='ocrx_word' id='word_1_93' title='bbox 255 1037 407 1095; x_wconf 70' lang='grc' dir='ltr'>ἔνιοι</span> <span class='ocrx_word' id='word_1_94' title='bbox 438 1037 501 1095; x_wconf 75' lang='grc' dir='ltr'>δὶ</span> <span class='ocrx_word' id='word_1_95' title='bbox 524 1041 616 1095; x_wconf 86' lang='grc' dir='ltr'><strong>καί</strong></span> <span class='ocrx_word' id='word_1_96' title='bbox 647 1038 1086 1116; x_wconf 76' lang='grc' dir='ltr'>προσεχώρησαν</span> <span class='ocrx_word' id='word_1_97' title='bbox 1148 1037 1297 1111; x_wconf 81' lang='grc' dir='ltr'>αὖτῷ</span> <span class='ocrx_word' id='word_1_98' title='bbox 1345 1034 1433 1093; x_wconf 83' lang='grc' dir='ltr'>διὰ</span> <span class='ocrx_word' id='word_1_99' title='bbox 1477 1038 1576 1107; x_wconf 80' lang='grc' dir='ltr'>τήν</span> <span class='ocrx_word' id='word_1_100' title='bbox 1606 1040 1717 1091; x_wconf 80' lang='grc' dir='ltr'>τῶν</span> <span class='ocrx_word' id='word_1_101' title='bbox 1748 1033 1932 1092; x_wconf 79' lang='grc' dir='ltr'>ἄλλων</span> 
     </span>
    </p>
   </div>
   <div class='ocr_carea' id='block_1_12' title="bbox 256 1125 1937 1201">
    <p class='ocr_par' dir='ltr' id='par_1_12' title="bbox 256 1125 1937 1201">
     <span class='ocr_line' id='line_1_12' title="bbox 256 1125 1937 1201; baseline -0.004 -17"><span class='ocrx_word' id='word_1_102' title='bbox 256 1127 483 1184; x_wconf 69' lang='grc' dir='ltr'>ἅλωσιν</span> <span class='ocrx_word' id='word_1_103' title='bbox 546 1125 939 1191; x_wconf 83' lang='grc' dir='ltr'>δειλιάσαντες.</span> <span class='ocrx_word' id='word_1_104' title='bbox 1010 1127 1145 1182; x_wconf 80' lang='grc' dir='ltr'>Εἶτα</span> <span class='ocrx_word' id='word_1_105' title='bbox 1198 1133 1266 1196; x_wconf 82' lang='grc' dir='ltr'>τῆ</span> <span class='ocrx_word' id='word_1_106' title='bbox 1354 1125 1709 1201; x_wconf 83' lang='grc' dir='ltr'>Γερμανικείᾳ</span> <span class='ocrx_word' id='word_1_107' title='bbox 1771 1144 1937 1194; x_wconf 86' lang='grc' dir='ltr'>προσ-</span> 
     </span>
    </p>
   </div>
   <div class='ocr_carea' id='block_1_13' title="bbox 257 1210 1934 1293">
    <p class='ocr_par' dir='ltr' id='par_1_13' title="bbox 257 1210 1934 1293">
     <span class='ocr_line' id='line_1_13' title="bbox 257 1210 1934 1293; baseline -0.001 -23"><span class='ocrx_word' id='word_1_108' title='bbox 257 1210 501 1290; x_wconf 67' lang='grc' dir='ltr'>ϐάλλει,</span> <span class='ocrx_word' id='word_1_109' title='bbox 556 1218 649 1273; x_wconf 85' lang='grc' dir='ltr'>καὶ</span> <span class='ocrx_word' id='word_1_110' title='bbox 702 1218 771 1272; x_wconf 77' lang='grc' dir='ltr'>τὰ</span> <span class='ocrx_word' id='word_1_111' title='bbox 826 1217 1125 1293; x_wconf 79' lang='grc' dir='ltr'>προάστεια</span> <span class='ocrx_word' id='word_1_112' title='bbox 1179 1213 1421 1286; x_wconf 83' lang='grc' dir='ltr'>δηϊώσας</span> <span class='ocrx_word' id='word_1_113' title='bbox 1469 1212 1659 1283; x_wconf 76' lang='grc' dir='ltr'>αὗτῆς,</span> <span class='ocrx_word' id='word_1_114' title='bbox 1711 1213 1934 1289; x_wconf 79' lang='grc' dir='ltr'>ἀφίκετο</span> 
     </span>
    </p>
   </div>
   <div class='ocr_carea' id='block_1_14' title="bbox 255 1301 1931 1380">
    <p class='ocr_par' dir='ltr' id='par_1_14' title="bbox 255 1301 1931 1380">
     <span class='ocr_line' id='line_1_14' title="bbox 255 1301 1931 1380; baseline -0.002 -18"><span class='ocrx_word' id='word_1_115' title='bbox 255 1308 409 1380; x_wconf 80' lang='grc' dir='ltr'>πρὸς</span> <span class='ocrx_word' id='word_1_116' title='bbox 470 1305 635 1363; x_wconf 87' lang='grc' dir='ltr'>πόλιν</span> <span class='ocrx_word' id='word_1_117' title='bbox 704 1308 806 1376; x_wconf 72' lang='grc' dir='ltr'>τὴν</span> <span class='ocrx_word' id='word_1_118' title='bbox 865 1303 1122 1378; x_wconf 76' lang='grc' dir='ltr'>Ἄδαταν,</span> <span class='ocrx_word' id='word_1_119' title='bbox 1196 1304 1284 1360; x_wconf 83' lang='grc' dir='ltr'>καὶ</span> <span class='ocrx_word' id='word_1_120' title='bbox 1342 1303 1544 1374; x_wconf 77' lang='grc' dir='ltr'>ταύτην</span> <span class='ocrx_word' id='word_1_121' title='bbox 1598 1301 1931 1374; x_wconf 78' lang='grc' dir='ltr'>ἐπολιόρκει.</span> 
     </span>
    </p>
   </div>
   <div class='ocr_carea' id='block_1_15' title="bbox 257 1389 1931 1473">
    <p class='ocr_par' dir='ltr' id='par_1_15' title="bbox 257 1389 1931 1473">
     <span class='ocr_line' id='line_1_15' title="bbox 257 1389 1931 1473; baseline -0.004 -21"><span class='ocrx_word' id='word_1_122' title='bbox 257 1396 600 1473; x_wconf 81' lang='grc' dir='ltr'>Ὀλιγώρως</span> <span class='ocrx_word' id='word_1_123' title='bbox 631 1394 692 1452; x_wconf 68' lang='grc' dir='ltr'>δὲ</span> <span class='ocrx_word' id='word_1_124' title='bbox 722 1397 860 1472; x_wconf 86' lang='grc' dir='ltr'>πρὸς</span> <span class='ocrx_word' id='word_1_125' title='bbox 909 1396 1008 1465; x_wconf 78' lang='grc' dir='ltr'>τὴν</span> <span class='ocrx_word' id='word_1_126' title='bbox 1062 1391 1390 1468; x_wconf 85' lang='grc' dir='ltr'>πολιορκίαν</span> <span class='ocrx_word' id='word_1_127' title='bbox 1438 1389 1792 1465; x_wconf 69' lang='grc' dir='ltr'>διακειμένων</span> <span class='ocrx_word' id='word_1_128' title='bbox 1822 1395 1931 1446; x_wconf 84' lang='grc' dir='ltr'>τῶν</span> 
     </span>
    </p>
   </div>
   <div class='ocr_carea' id='block_1_16' title="bbox 260 1480 1935 1558">
    <p class='ocr_par' dir='ltr' id='par_1_16' title="bbox 260 1480 1935 1558">
     <span class='ocr_line' id='line_1_16' title="bbox 260 1480 1935 1558; baseline -0.003 -18"><span class='ocrx_word' id='word_1_129' title='bbox 260 1485 518 1542; x_wconf 71' lang='grc' dir='ltr'>πολιτῶν</span> <span class='ocrx_word' id='word_1_130' title='bbox 589 1484 781 1556; x_wconf 81' lang='grc' dir='ltr'>αὐτῆς,</span> <span class='ocrx_word' id='word_1_131' title='bbox 828 1483 993 1558; x_wconf 78' lang='grc' dir='ltr'>ἤρετο</span> <span class='ocrx_word' id='word_1_132' title='bbox 1042 1482 1243 1547; x_wconf 82' lang='grc' dir='ltr'>αὐτοὺς</span> <span class='ocrx_word' id='word_1_133' title='bbox 1286 1483 1316 1536; x_wconf 92' lang='lat'>6</span> <span class='ocrx_word' id='word_1_134' title='bbox 1365 1480 1645 1544; x_wconf 84' lang='grc' dir='ltr'>Βασίλειος</span> <span class='ocrx_word' id='word_1_135' title='bbox 1682 1480 1791 1554; x_wconf 78' lang='grc' dir='ltr'>ὅτῳ</span> <span class='ocrx_word' id='word_1_136' title='bbox 1845 1500 1935 1535; x_wconf 87' lang='grc' dir='ltr'>πε-</span> 
     </span>
    </p>
   </div>
   <div class='ocr_carea' id='block_1_17' title="bbox 262 1565 1931 1647">
    <p class='ocr_par' dir='ltr' id='par_1_17' title="bbox 262 1565 1931 1647">
     <span class='ocr_line' id='line_1_17' title="bbox 262 1565 1931 1647; baseline -0.003 -20"><span class='ocrx_word' id='word_1_137' title='bbox 262 1571 550 1643; x_wconf 76' lang='grc' dir='ltr'>ποιθότες,</span> <span class='ocrx_word' id='word_1_138' title='bbox 618 1572 685 1627; x_wconf 80' lang='grc' dir='ltr'>οὐ</span> <span class='ocrx_word' id='word_1_139' title='bbox 758 1568 1160 1647; x_wconf 80' lang='grc' dir='ltr'>προσέρχονταί</span> <span class='ocrx_word' id='word_1_140' title='bbox 1230 1570 1302 1637; x_wconf 77' lang='lat' dir='ltr'>el,</span> <span class='ocrx_word' id='word_1_141' title='bbox 1371 1565 1479 1639; x_wconf 73' lang='grc' dir='ltr'>ἤδη</span> <span class='ocrx_word' id='word_1_142' title='bbox 1557 1575 1659 1639; x_wconf 81' lang='grc' dir='ltr'>τῆς</span> <span class='ocrx_word' id='word_1_143' title='bbox 1715 1568 1931 1631; x_wconf 87' lang='grc' dir='ltr'>πόλεως</span> 
     </span>
    </p>
   </div>
   <div class='ocr_carea' id='block_1_18' title="bbox 266 1652 1931 1734">
    <p class='ocr_par' dir='ltr' id='par_1_18' title="bbox 266 1652 1931 1734">
     <span class='ocr_line' id='line_1_18' title="bbox 266 1652 1931 1734; baseline -0.003 -17"><span class='ocrx_word' id='word_1_144' title='bbox 266 1661 683 1733; x_wconf 67' lang='grc' dir='ltr'>ἁλισκομένης.</span> <span class='ocrx_word' id='word_1_145' title='bbox 744 1660 845 1715; x_wconf 80' lang='grc' dir='ltr'>Καί</span> <span class='ocrx_word' id='word_1_146' title='bbox 920 1680 1002 1722; x_wconf 83' lang='grc' dir='ltr'>τις</span> <span class='ocrx_word' id='word_1_147' title='bbox 1086 1663 1194 1714; x_wconf 83' lang='grc' dir='ltr'>τῶν</span> <span class='ocrx_word' id='word_1_148' title='bbox 1251 1659 1441 1734; x_wconf 81' lang='grc' dir='ltr'>χρόνῳ</span> <span class='ocrx_word' id='word_1_149' title='bbox 1506 1652 1931 1730; x_wconf 74' lang='grc' dir='ltr'>προϐεϐηκότων</span> 
     </span>
    </p>
   </div>
   <div class='ocr_carea' id='block_1_19' title="bbox 265 1744 1931 1828">
    <p class='ocr_par' dir='ltr' id='par_1_19' title="bbox 265 1744 1931 1828">
     <span class='ocr_line' id='line_1_19' title="bbox 265 1744 1931 1828; baseline -0.002 -23"><span class='ocrx_word' id='word_1_150' title='bbox 265 1750 440 1828; x_wconf 39' lang='grc' dir='ltr'>τησῖν</span> <span class='ocrx_word' id='word_1_151' title='bbox 492 1744 740 1825; x_wconf 75' lang='grc' dir='ltr'>ἀκριϐῶς</span> <span class='ocrx_word' id='word_1_152' title='bbox 791 1746 987 1805; x_wconf 73' lang='grc' dir='ltr'>εἰδέναι</span> <span class='ocrx_word' id='word_1_153' title='bbox 1039 1749 1115 1813; x_wconf 85' lang='grc' dir='ltr'>ὡς</span> <span class='ocrx_word' id='word_1_154' title='bbox 1169 1747 1287 1826; x_wconf 82' lang='grc' dir='ltr'>Οὐχ</span> <span class='ocrx_word' id='word_1_155' title='bbox 1342 1747 1449 1804; x_wconf 78' lang='grc' dir='ltr'>ὐπὸ</span> <span class='ocrx_word' id='word_1_156' title='bbox 1507 1751 1603 1802; x_wconf 79' lang='grc' dir='ltr'>σοῦ</span> <span class='ocrx_word' id='word_1_157' title='bbox 1650 1747 1931 1823; x_wconf 76' lang='grc' dir='ltr'>πέπρωται</span> 
     </span>
    </p>
   </div>
   <div class='ocr_carea' id='block_1_20' title="bbox 263 1835 1932 1916">
    <p class='ocr_par' dir='ltr' id='par_1_20' title="bbox 263 1835 1932 1916">
     <span class='ocr_line' id='line_1_20' title="bbox 263 1835 1932 1916; baseline -0.002 -22"><span class='ocrx_word' id='word_1_158' title='bbox 263 1841 371 1909; x_wconf 72' lang='grc' dir='ltr'>τήν</span> <span class='ocrx_word' id='word_1_159' title='bbox 421 1836 593 1894; x_wconf 84' lang='grc' dir='ltr'>πόλιν</span> <span class='ocrx_word' id='word_1_160' title='bbox 655 1838 867 1894; x_wconf 67' lang='grc' dir='ltr'>ἁλῶναι</span> <span class='ocrx_word' id='word_1_161' title='bbox 922 1838 1059 1909; x_wconf 76' lang='grc' dir='ltr'>νυνὶ,</span> <span class='ocrx_word' id='word_1_162' title='bbox 1130 1835 1257 1893; x_wconf 84' lang='grc' dir='ltr'>ἀλλ’</span> <span class='ocrx_word' id='word_1_163' title='bbox 1336 1836 1423 1916; x_wconf 74' lang='grc' dir='ltr'>ὑφ’</span> <span class='ocrx_word' id='word_1_164' title='bbox 1481 1835 1665 1912; x_wconf 79' lang='grc' dir='ltr'>ὲτὲρου</span> <span class='ocrx_word' id='word_1_165' title='bbox 1716 1839 1824 1891; x_wconf 79' lang='grc' dir='ltr'>τῶν</span> <span class='ocrx_word' id='word_1_166' title='bbox 1880 1835 1932 1907; x_wconf 78' lang='grc' dir='ltr'>ἐξ</span> 
     </span>
    </p>
   </div>
   <div class='ocr_carea' id='block_1_21' title="bbox 272 1924 1933 2007">
    <p class='ocr_par' dir='ltr' id='par_1_21' title="bbox 272 1924 1933 2007">
     <span class='ocr_line' id='line_1_21' title="bbox 272 1924 1933 2007; baseline -0.003 -23"><span class='ocrx_word' id='word_1_167' title='bbox 272 1929 486 2007; x_wconf 69' lang='grc' dir='ltr'>ὀσφύος</span> <span class='ocrx_word' id='word_1_168' title='bbox 572 1925 960 2003; x_wconf 74' lang='grc' dir='ltr'>καταγομένων</span> <span class='ocrx_word' id='word_1_169' title='bbox 1044 1932 1144 1996; x_wconf 79' lang='grc' dir='ltr'>τῆς</span> <span class='ocrx_word' id='word_1_170' title='bbox 1214 1932 1313 1996; x_wconf 82' lang='grc' dir='ltr'>σῆς</span> <span class='ocrx_word' id='word_1_171' title='bbox 1389 1924 1768 1982; x_wconf 83' lang='grc' dir='ltr'>Κωσταντίνου</span> <span class='ocrx_word' id='word_1_172' title='bbox 1831 1924 1933 1995; x_wconf 77' lang='grc' dir='ltr'>τὴν</span> 
     </span>
    </p>
   </div>
   <div class='ocr_carea' id='block_1_22' title="bbox 270 2011 1933 2092">
    <p class='ocr_par' dir='ltr' id='par_1_22' title="bbox 270 2011 1933 2092">
     <span class='ocr_line' id='line_1_22' title="bbox 270 2011 1933 2092; baseline -0.004 -18"><span class='ocrx_word' id='word_1_173' title='bbox 270 2016 500 2087; x_wconf 74' lang='grc' dir='ltr'>κλῆσιν.</span> <span class='ocrx_word' id='word_1_174' title='bbox 546 2020 654 2071; x_wconf 78' lang='grc' dir='ltr'>Τοῦ</span> <span class='ocrx_word' id='word_1_175' title='bbox 700 2013 759 2071; x_wconf 72' lang='grc' dir='ltr'>δί</span> <span class='ocrx_word' id='word_1_176' title='bbox 809 2013 1078 2092; x_wconf 74' lang='grc' dir='ltr'>βασίλεως</span> <span class='ocrx_word' id='word_1_177' title='bbox 1121 2014 1212 2070; x_wconf 85' lang='grc' dir='ltr'>τὸν</span> <span class='ocrx_word' id='word_1_178' title='bbox 1260 2015 1375 2071; x_wconf 75' lang='grc' dir='ltr'>υἱὸν</span> <span class='ocrx_word' id='word_1_179' title='bbox 1427 2011 1812 2088; x_wconf 77' lang='grc' dir='ltr'>ἐπιδείξαντος,</span> <span class='ocrx_word' id='word_1_180' title='bbox 1842 2015 1933 2069; x_wconf 80' lang='grc' dir='ltr'>καὶ</span> 
     </span>
    </p>
   </div>
   <div class='ocr_carea' id='block_1_23' title="bbox 273 2103 1931 2181">
    <p class='ocr_par' dir='ltr' id='par_1_23' title="bbox 273 2103 1931 2181">
     <span class='ocr_line' id='line_1_23' title="bbox 273 2103 1931 2181; baseline -0.001 -21"><span class='ocrx_word' id='word_1_181' title='bbox 273 2106 451 2167; x_wconf 63' lang='grc' dir='ltr'>Οὗτος</span> <span class='ocrx_word' id='word_1_182' title='bbox 529 2106 561 2161; x_wconf 90' lang='lat'>6</span> <span class='ocrx_word' id='word_1_183' title='bbox 614 2105 1025 2166; x_wconf 84' lang='grc' dir='ltr'>Κωνσταντῖνός</span> <span class='ocrx_word' id='word_1_184' title='bbox 1078 2103 1213 2174; x_wconf 69' lang='grc' dir='ltr'>ἐστι,</span> <span class='ocrx_word' id='word_1_185' title='bbox 1271 2105 1561 2179; x_wconf 71' lang='grc' dir='ltr'>φήσαντος,</span> <span class='ocrx_word' id='word_1_186' title='bbox 1620 2104 1649 2158; x_wconf 97' lang='lat'>6</span> <span class='ocrx_word' id='word_1_187' title='bbox 1704 2104 1931 2181; x_wconf 85' lang='grc' dir='ltr'>γηραιὸς</span> 
     </span>
    </p>
   </div>
   <div class='ocr_carea' id='block_1_24' title="bbox 279 2191 1932 2270">
    <p class='ocr_par' dir='ltr' id='par_1_24' title="bbox 279 2191 1932 2270">
     <span class='ocr_line' id='line_1_24' title="bbox 279 2191 1932 2270; baseline -0.002 -20"><span class='ocrx_word' id='word_1_188' title='bbox 279 2194 511 2263; x_wconf 79' lang='grc' dir='ltr'>ἐκεῖνος,</span> <span class='ocrx_word' id='word_1_189' title='bbox 564 2192 690 2270; x_wconf 73' lang='grc' dir='ltr'>Οὐχ</span> <span class='ocrx_word' id='word_1_190' title='bbox 749 2193 931 2265; x_wconf 80' lang='grc' dir='ltr'>οὗτος,</span> <span class='ocrx_word' id='word_1_191' title='bbox 1005 2193 1172 2262; x_wconf 74' lang='grc' dir='ltr'>εἶπεν,</span> <span class='ocrx_word' id='word_1_192' title='bbox 1232 2193 1260 2248; x_wconf 94' lang='lat'>6</span> <span class='ocrx_word' id='word_1_193' title='bbox 1336 2193 1709 2256; x_wconf 80' lang='grc' dir='ltr'>Κωσταντῖνός</span> <span class='ocrx_word' id='word_1_194' title='bbox 1767 2191 1932 2264; x_wconf 81' lang='grc' dir='ltr'>ἐστιν,</span> 
     </span>
    </p>
   </div>
   <div class='ocr_carea' id='block_1_25' title="bbox 281 2277 1933 2362">
    <p class='ocr_par' dir='ltr' id='par_1_25' title="bbox 281 2277 1933 2362">
     <span class='ocr_line' id='line_1_25' title="bbox 281 2277 1933 2362; baseline -0.001 -23"><span class='ocrx_word' id='word_1_195' title='bbox 281 2285 368 2362; x_wconf 63' lang='grc' dir='ltr'>ὑφ’</span> <span class='ocrx_word' id='word_1_196' title='bbox 403 2284 469 2339; x_wconf 83' lang='grc' dir='ltr'>οὗ</span> <span class='ocrx_word' id='word_1_197' title='bbox 527 2283 691 2356; x_wconf 82' lang='grc' dir='ltr'>ῆμῶν</span> <span class='ocrx_word' id='word_1_198' title='bbox 747 2283 781 2352; x_wconf 76' lang='grc' dir='ltr'>ἦ</span> <span class='ocrx_word' id='word_1_199' title='bbox 841 2280 1005 2344; x_wconf 88' lang='grc' dir='ltr'>πόλις</span> <span class='ocrx_word' id='word_1_200' title='bbox 1051 2280 1342 2352; x_wconf 71' lang='grc' dir='ltr'>ἁλώσεται,</span> <span class='ocrx_word' id='word_1_201' title='bbox 1388 2277 1572 2358; x_wconf 72' lang='grc' dir='ltr'>ἕτερος</span> <span class='ocrx_word' id='word_1_202' title='bbox 1614 2279 1671 2337; x_wconf 85' lang='grc' dir='ltr'>δέ</span> <span class='ocrx_word' id='word_1_203' title='bbox 1714 2304 1799 2345; x_wconf 90' lang='grc' dir='ltr'>τις</span> <span class='ocrx_word' id='word_1_204' title='bbox 1827 2279 1933 2337; x_wconf 81' lang='grc' dir='ltr'>τῶν</span> 
     </span>
    </p>
   </div>
   <div class='ocr_carea' id='block_1_26' title="bbox 278 2368 1938 2446">
    <p class='ocr_par' dir='ltr' id='par_1_26' title="bbox 278 2368 1938 2446">
     <span class='ocr_line' id='line_1_26' title="bbox 278 2368 1938 2446; baseline -0.002 -17"><span class='ocrx_word' id='word_1_205' title='bbox 278 2371 574 2446; x_wconf 74' lang='grc' dir='ltr'>ἀπογόνων</span> <span class='ocrx_word' id='word_1_206' title='bbox 638 2372 749 2425; x_wconf 81' lang='grc' dir='ltr'>τῶν</span> <span class='ocrx_word' id='word_1_207' title='bbox 823 2374 953 2428; x_wconf 83' lang='grc' dir='ltr'>σῶν.</span> <span class='ocrx_word' id='word_1_208' title='bbox 1032 2368 1280 2441; x_wconf 87' lang='grc' dir='ltr'>Μηνίσας</span> <span class='ocrx_word' id='word_1_209' title='bbox 1350 2369 1443 2425; x_wconf 76' lang='grc' dir='ltr'>οὖν</span> <span class='ocrx_word' id='word_1_210' title='bbox 1523 2369 1609 2426; x_wconf 71' lang='grc' dir='ltr'>ἐπὶ</span> <span class='ocrx_word' id='word_1_211' title='bbox 1666 2376 1784 2434; x_wconf 87' lang='grc' dir='ltr'>τοῖς</span> <span class='ocrx_word' id='word_1_212' title='bbox 1839 2374 1938 2427; x_wconf 77' lang='grc' dir='ltr'>τοῦ</span> 
     </span>
    </p>
   </div>
   <div class='ocr_carea' id='block_1_27' title="bbox 280 2456 1937 2537">
    <p class='ocr_par' dir='ltr' id='par_1_27' title="bbox 280 2456 1937 2537">
     <span class='ocr_line' id='line_1_27' title="bbox 280 2456 1937 2537; baseline 0 -21"><span class='ocrx_word' id='word_1_213' title='bbox 280 2456 592 2536; x_wconf 69' lang='grc' dir='ltr'>πρεσϐύτου</span> <span class='ocrx_word' id='word_1_214' title='bbox 660 2458 1141 2536; x_wconf 82' lang='grc' dir='ltr'>προμαντεόμασιν</span> <span class='ocrx_word' id='word_1_215' title='bbox 1218 2460 1247 2514; x_wconf 90' lang='lat'>6</span> <span class='ocrx_word' id='word_1_216' title='bbox 1316 2458 1622 2533; x_wconf 83' lang='grc' dir='ltr'>Βασίλειος,</span> <span class='ocrx_word' id='word_1_217' title='bbox 1681 2459 1937 2537; x_wconf 86' lang='grc' dir='ltr'>κραταιό-</span> 
     </span>
    </p>
   </div>
   <div class='ocr_carea' id='block_1_28' title="bbox 281 2546 1936 2625">
    <p class='ocr_par' dir='ltr' id='par_1_28' title="bbox 281 2546 1936 2625">
     <span class='ocr_line' id='line_1_28' title="bbox 281 2546 1936 2625; baseline -0.001 -19"><span class='ocrx_word' id='word_1_218' title='bbox 281 2570 438 2624; x_wconf 80' lang='grc' dir='ltr'>τερον</span> <span class='ocrx_word' id='word_1_219' title='bbox 479 2552 551 2622; x_wconf 75' lang='grc' dir='ltr'>τῇ</span> <span class='ocrx_word' id='word_1_220' title='bbox 613 2547 918 2625; x_wconf 80' lang='grc' dir='ltr'>πολιορκίᾳ</span> <span class='ocrx_word' id='word_1_221' title='bbox 972 2547 1209 2621; x_wconf 77' lang='grc' dir='ltr'>ἐπέθετο,</span> <span class='ocrx_word' id='word_1_222' title='bbox 1267 2549 1420 2606; x_wconf 79' lang='grc' dir='ltr'>Ἐπεὶ</span> <span class='ocrx_word' id='word_1_223' title='bbox 1480 2546 1538 2604; x_wconf 78' lang='grc' dir='ltr'>δὶ</span> <span class='ocrx_word' id='word_1_224' title='bbox 1583 2546 1736 2604; x_wconf 72' lang='grc' dir='ltr'>οὐδὲν</span> <span class='ocrx_word' id='word_1_225' title='bbox 1785 2546 1936 2622; x_wconf 73' lang='grc' dir='ltr'>ἤνυε,</span> 
     </span>
    </p>
   </div>
   <div class='ocr_carea' id='block_1_29' title="bbox 296 2634 1939 2716">
    <p class='ocr_par' dir='ltr' id='par_1_29' title="bbox 296 2634 1939 2716">
     <span class='ocr_line' id='line_1_29' title="bbox 296 2634 1939 2716; baseline 0.001 -22"><span class='ocrx_word' id='word_1_226' title='bbox 296 2640 394 2694; x_wconf 80' lang='grc' dir='ltr'>καὶ</span> <span class='ocrx_word' id='word_1_227' title='bbox 438 2643 616 2714; x_wconf 57' lang='grc' dir='ltr'>ᾡῦχος</span> <span class='ocrx_word' id='word_1_228' title='bbox 675 2635 737 2692; x_wconf 76' lang='grc' dir='ltr'>δὶ</span> <span class='ocrx_word' id='word_1_229' title='bbox 791 2637 1018 2714; x_wconf 80' lang='grc' dir='ltr'>γεγονὸς</span> <span class='ocrx_word' id='word_1_230' title='bbox 1061 2636 1253 2694; x_wconf 69' lang='grc' dir='ltr'>ὶλόπει</span> <span class='ocrx_word' id='word_1_231' title='bbox 1304 2634 1513 2715; x_wconf 76' lang='grc' dir='ltr'>σφόδρα</span> <span class='ocrx_word' id='word_1_232' title='bbox 1542 2638 1605 2693; x_wconf 87' lang='grc' dir='ltr'>τὸ</span> <span class='ocrx_word' id='word_1_233' title='bbox 1634 2659 1939 2716; x_wconf 85' lang='grc' dir='ltr'>στρατευμα</span> 
     </span>
    </p>
   </div>
   <div class='ocr_carea' id='block_1_30' title="bbox 293 2722 1936 2801">
    <p class='ocr_par' dir='ltr' id='par_1_30' title="bbox 293 2722 1936 2801">
     <span class='ocr_line' id='line_1_30' title="bbox 293 2722 1936 2801; baseline 0.001 -19"><span class='ocrx_word' id='word_1_234' title='bbox 293 2730 390 2798; x_wconf 75' lang='grc' dir='ltr'>τὴν</span> <span class='ocrx_word' id='word_1_235' title='bbox 439 2725 775 2800; x_wconf 78' lang='grc' dir='ltr'>πολιορκίαν</span> <span class='ocrx_word' id='word_1_236' title='bbox 838 2724 1037 2795; x_wconf 85' lang='grc' dir='ltr'>λιπὼν,</span> <span class='ocrx_word' id='word_1_237' title='bbox 1114 2722 1378 2782; x_wconf 78' lang='grc' dir='ltr'>ἐπανόδου</span> <span class='ocrx_word' id='word_1_238' title='bbox 1451 2725 1751 2801; x_wconf 73' lang='grc' dir='ltr'>ἐμέμνητο,</span> <span class='ocrx_word' id='word_1_239' title='bbox 1809 2727 1936 2791; x_wconf 79' lang='grc' dir='ltr'>τοὺς</span> 
     </span>
    </p>
   </div>
   <div class='ocr_carea' id='block_1_31' title="bbox 284 2814 1935 2893">
    <p class='ocr_par' dir='ltr' id='par_1_31' title="bbox 284 2814 1935 2893">
     <span class='ocr_line' id='line_1_31' title="bbox 284 2814 1935 2893; baseline 0.001 -21"><span class='ocrx_word' id='word_1_240' title='bbox 284 2816 689 2892; x_wconf 73' lang='grc' dir='ltr'>αἰχμαλώτους</span> <span class='ocrx_word' id='word_1_241' title='bbox 739 2814 1087 2889; x_wconf 70' lang='grc' dir='ltr'>ἀναιρεθῆναι</span> <span class='ocrx_word' id='word_1_242' title='bbox 1144 2814 1466 2891; x_wconf 79' lang='grc' dir='ltr'>πρόστάξας,</span> <span class='ocrx_word' id='word_1_243' title='bbox 1519 2814 1610 2872; x_wconf 69' lang='grc' dir='ltr'>ἵνα</span> <span class='ocrx_word' id='word_1_244' title='bbox 1659 2818 1734 2891; x_wconf 80' lang='grc' dir='ltr'>μὴ</span> <span class='ocrx_word' id='word_1_245' title='bbox 1763 2816 1935 2893; x_wconf 78' lang='grc' dir='ltr'>φυλα-</span> 
     </span>
    </p>
   </div>
   <div class='ocr_carea' id='block_1_32' title="bbox 279 2901 1933 2981">
    <p class='ocr_par' dir='ltr' id='par_1_32' title="bbox 279 2901 1933 2981">
     <span class='ocr_line' id='line_1_32' title="bbox 279 2901 1933 2981; baseline 0 -20"><span class='ocrx_word' id='word_1_246' title='bbox 279 2912 386 2976; x_wconf 80' lang='grc' dir='ltr'>κῆς</span> <span class='ocrx_word' id='word_1_247' title='bbox 442 2902 698 2974; x_wconf 74' lang='grc' dir='ltr'>δέωνται,</span> <span class='ocrx_word' id='word_1_248' title='bbox 754 2902 793 2974; x_wconf 77' lang='grc' dir='ltr'><strong>ἤ</strong></span> <span class='ocrx_word' id='word_1_249' title='bbox 840 2924 894 2960; x_wconf 90' lang='grc' dir='ltr'>τι</span> <span class='ocrx_word' id='word_1_250' title='bbox 933 2904 1321 2978; x_wconf 85' lang='grc' dir='ltr'>νεωτερίσωσιν</span> <span class='ocrx_word' id='word_1_251' title='bbox 1374 2902 1553 2969; x_wconf 79' lang='grc' dir='ltr'>ἀδείας</span> <span class='ocrx_word' id='word_1_252' title='bbox 1609 2901 1933 2981; x_wconf 75' lang='grc' dir='ltr'>λαϐόμενοι.</span> 
     </span>
    </p>
   </div>
   <div class='ocr_carea' id='block_1_33' title="bbox 281 2990 1935 3071">
    <p class='ocr_par' dir='ltr' id='par_1_33' title="bbox 281 2990 1935 3071">
     <span class='ocr_line' id='line_1_33' title="bbox 281 2990 1935 3071; baseline 0.002 -24"><span class='ocrx_word' id='word_1_253' title='bbox 281 2992 448 3053; x_wconf 65' lang='lat'>016’</span> <span class='ocrx_word' id='word_1_254' title='bbox 506 2992 571 3048; x_wconf 82' lang='grc' dir='ltr'>ἐκ</span> <span class='ocrx_word' id='word_1_255' title='bbox 644 2996 861 3068; x_wconf 79' lang='grc' dir='ltr'>Ταρσοῦ</span> <span class='ocrx_word' id='word_1_256' title='bbox 935 2993 1026 3048; x_wconf 84' lang='grc' dir='ltr'>καὶ</span> <span class='ocrx_word' id='word_1_257' title='bbox 1100 2990 1418 3065; x_wconf 80' lang='grc' dir='ltr'>Μελιτηνῆς</span> <span class='ocrx_word' id='word_1_258' title='bbox 1500 2995 1789 3071; x_wconf 80' lang='grc' dir='ltr'>Ἀγαρηνοὶ</span> <span class='ocrx_word' id='word_1_259' title='bbox 1841 2995 1935 3058; x_wconf 80' lang='grc' dir='ltr'>τὰς</span> 
     </span>
    </p>
   </div>
   <div class='ocr_carea' id='block_1_34' title="bbox 279 3080 1937 3159">
    <p class='ocr_par' dir='ltr' id='par_1_34' title="bbox 279 3080 1937 3159">
     <span class='ocr_line' id='line_1_34' title="bbox 279 3080 1937 3159; baseline 0 -20"><span class='ocrx_word' id='word_1_260' title='bbox 279 3083 609 3155; x_wconf 70' lang='grc' dir='ltr'>Ῥωμαϊκὰς</span> <span class='ocrx_word' id='word_1_261' title='bbox 641 3080 967 3159; x_wconf 72' lang='grc' dir='ltr'>κατέτρεχον</span> <span class='ocrx_word' id='word_1_262' title='bbox 1026 3082 1236 3159; x_wconf 87' lang='grc' dir='ltr'>χώρας,</span> <span class='ocrx_word' id='word_1_263' title='bbox 1287 3085 1369 3145; x_wconf 84' lang='grc' dir='ltr'>οἷς</span> <span class='ocrx_word' id='word_1_264' title='bbox 1409 3083 1672 3139; x_wconf 83' lang='grc' dir='ltr'>ἀντεπιὼν</span> <span class='ocrx_word' id='word_1_265' title='bbox 1718 3085 1747 3139; x_wconf 90' lang='lat'>6</span> <span class='ocrx_word' id='word_1_266' title='bbox 1778 3104 1937 3159; x_wconf 91' lang='grc' dir='ltr'>στρα-</span> 
     </span>
    </p>
   </div>
   <div class='ocr_carea' id='block_1_35' title="bbox 274 3168 1933 3247">
    <p class='ocr_par' dir='ltr' id='par_1_35' title="bbox 274 3168 1933 3247">
     <span class='ocr_line' id='line_1_35' title="bbox 274 3168 1933 3247; baseline 0.002 -20"><span class='ocrx_word' id='word_1_267' title='bbox 274 3170 533 3242; x_wconf 78' lang='grc' dir='ltr'>τηλάτης</span> <span class='ocrx_word' id='word_1_268' title='bbox 621 3168 883 3247; x_wconf 71' lang='grc' dir='ltr'>Ἀνδρέας</span> <span class='ocrx_word' id='word_1_269' title='bbox 964 3170 1060 3234; x_wconf 75' lang='grc' dir='ltr'>τὰς</span> <span class='ocrx_word' id='word_1_270' title='bbox 1103 3222 1106 3225; x_wconf 39' lang='grc' dir='ltr'>λ</span> <span class='ocrx_word' id='word_1_271' title='bbox 1142 3172 1318 3244; x_wconf 79' lang='grc' dir='ltr'>ὁρμὰς</span> <span class='ocrx_word' id='word_1_272' title='bbox 1393 3171 1569 3227; x_wconf 80' lang='grc' dir='ltr'>αὐτῶν</span> <span class='ocrx_word' id='word_1_273' title='bbox 1623 3171 1933 3231; x_wconf 67' lang='grc' dir='ltr'>ἀνέκοπτεν.</span> 
     </span>
    </p>
   </div>
   <div class='ocr_carea' id='block_1_36' title="bbox 276 3257 1935 3337">
    <p class='ocr_par' dir='ltr' id='par_1_36' title="bbox 276 3257 1935 3337">
     <span class='ocr_line' id='line_1_36' title="bbox 276 3257 1935 3337; baseline 0.001 -21"><span class='ocrx_word' id='word_1_274' title='bbox 276 3258 729 3322; x_wconf 83' lang='grc' dir='ltr'>Ἐπιστείλαντος</span> <span class='ocrx_word' id='word_1_275' title='bbox 788 3257 847 3315; x_wconf 74' lang='grc' dir='ltr'>δὲ</span> <span class='ocrx_word' id='word_1_276' title='bbox 902 3257 1049 3332; x_wconf 77' lang='grc' dir='ltr'>αὗτῴ</span> <span class='ocrx_word' id='word_1_277' title='bbox 1119 3263 1217 3314; x_wconf 79' lang='grc' dir='ltr'>τοῦ</span> <span class='ocrx_word' id='word_1_278' title='bbox 1297 3261 1512 3335; x_wconf 82' lang='grc' dir='ltr'>Ἀμηρᾶ</span> <span class='ocrx_word' id='word_1_279' title='bbox 1572 3268 1672 3331; x_wconf 85' lang='grc' dir='ltr'>τῆς</span> <span class='ocrx_word' id='word_1_280' title='bbox 1718 3265 1935 3337; x_wconf 77' lang='grc' dir='ltr'>Ταρσοῦ</span> 
     </span>
    </p>
   </div>
   <div class='ocr_carea' id='block_1_37' title="bbox 276 3345 1936 3422">
    <p class='ocr_par' dir='ltr' id='par_1_37' title="bbox 276 3345 1936 3422">
     <span class='ocr_line' id='line_1_37' title="bbox 276 3345 1936 3422; baseline 0.001 -17"><span class='ocrx_word' id='word_1_281' title='bbox 276 3351 360 3412; x_wconf 85' lang='grc' dir='ltr'>ὡς</span> <span class='ocrx_word' id='word_1_282' title='bbox 410 3345 587 3408; x_wconf 67' lang='grc' dir='ltr'>Οὐδὲν</span> <span class='ocrx_word' id='word_1_283' title='bbox 646 3369 705 3404; x_wconf 82' lang='grc' dir='ltr'>σε</span> <span class='ocrx_word' id='word_1_284' title='bbox 752 3349 782 3404; x_wconf 89' lang='lat'>6</span> <span class='ocrx_word' id='word_1_285' title='bbox 835 3348 934 3417; x_wconf 80' lang='grc' dir='ltr'>τῆς</span> <span class='ocrx_word' id='word_1_286' title='bbox 991 3348 1199 3422; x_wconf 84' lang='grc' dir='ltr'>Μαρίας</span> <span class='ocrx_word' id='word_1_287' title='bbox 1254 3348 1369 3411; x_wconf 77' lang='grc' dir='ltr'>υἱός</span> <span class='ocrx_word' id='word_1_288' title='bbox 1429 3349 1611 3421; x_wconf 81' lang='grc' dir='ltr'>ὀνήσει</span> <span class='ocrx_word' id='word_1_289' title='bbox 1665 3352 1800 3406; x_wconf 78' lang='grc' dir='ltr'>κατὰ</span> <span class='ocrx_word' id='word_1_290' title='bbox 1839 3355 1936 3406; x_wconf 80' lang='grc' dir='ltr'>σοῦ</span> 
     </span>
    </p>
   </div>
   <div class='ocr_carea' id='block_1_38' title="bbox 276 3434 1933 3515">
    <p class='ocr_par' dir='ltr' id='par_1_38' title="bbox 276 3434 1933 3515">
     <span class='ocr_line' id='line_1_38' title="bbox 276 3434 1933 3515; baseline 0 -21"><span class='ocrx_word' id='word_1_291' title='bbox 276 3439 536 3500; x_wconf 73' lang='grc' dir='ltr'>ἑπιὸντος</span> <span class='ocrx_word' id='word_1_292' title='bbox 591 3458 719 3510; x_wconf 88' lang='grc' dir='ltr'>μου,</span> <span class='ocrx_word' id='word_1_293' title='bbox 757 3435 986 3506; x_wconf 69' lang='grc' dir='ltr'>ἐκεῖνος,</span> <span class='ocrx_word' id='word_1_294' title='bbox 1017 3437 1117 3507; x_wconf 74' lang='grc' dir='ltr'>τὴν</span> <span class='ocrx_word' id='word_1_295' title='bbox 1154 3434 1482 3515; x_wconf 80' lang='grc' dir='ltr'>βλασφημον</span> <span class='ocrx_word' id='word_1_296' title='bbox 1510 3437 1805 3509; x_wconf 74' lang='grc' dir='ltr'>ἐπιστολὴν</span> <span class='ocrx_word' id='word_1_297' title='bbox 1836 3437 1933 3496; x_wconf 89' lang='grc' dir='ltr'>λα-</span> 
     </span>
    </p>
   </div>
   <div class='ocr_carea' id='block_1_39' title="bbox 283 3506 2007 3603">
    <p class='ocr_par' dir='ltr' id='par_1_39' title="bbox 283 3506 2007 3603">
     <span class='ocr_line' id='line_1_39' title="bbox 283 3506 2007 3603; baseline 0.002 -21"><span class='ocrx_word' id='word_1_298' title='bbox 283 3523 422 3597; x_wconf 78' lang='grc' dir='ltr'>ϐὼν,</span> <span class='ocrx_word' id='word_1_299' title='bbox 489 3506 709 3588; x_wconf 82' lang='grc' dir='ltr'>εἰκόνος</span> <span class='ocrx_word' id='word_1_300' title='bbox 754 3533 857 3596; x_wconf 78' lang='grc' dir='ltr'>τῆς</span> <span class='ocrx_word' id='word_1_301' title='bbox 918 3506 1267 3602; x_wconf 79' lang='grc' dir='ltr'>Θεομήτόρος</span> <span class='ocrx_word' id='word_1_302' title='bbox 1310 3506 1684 3603; x_wconf 37' lang='grc' dir='ltr'>’ἐξ-ηρτήσατο,</span> <span class='ocrx_word' id='word_1_303' title='bbox 1741 3506 1933 3587; x_wconf 67' lang='grc' dir='ltr'>’Ᾰντα-</span> <span class='ocrx_word' id='word_1_304' title='bbox 1964 3506 2007 3574; x_wconf 79' lang='lat' dir='ltr'><strong>C</strong></span> 
     </span>
    </p>
   </div>
   <div class='ocr_carea' id='block_1_40' title="bbox 278 3612 1935 3697">
    <p class='ocr_par' dir='ltr' id='par_1_40' title="bbox 278 3612 1935 3697">
     <span class='ocr_line' id='line_1_40' title="bbox 278 3612 1935 3697; baseline 0.001 -26"><span class='ocrx_word' id='word_1_305' title='bbox 278 3612 454 3681; x_wconf 67' lang='grc' dir='ltr'>πόδας</span> <span class='ocrx_word' id='word_1_306' title='bbox 508 3620 591 3688; x_wconf 77' lang='grc' dir='ltr'>τῷ</span> <span class='ocrx_word' id='word_1_307' title='bbox 637 3613 886 3684; x_wconf 73' lang='grc' dir='ltr'>ἀλαζόνι,</span> <span class='ocrx_word' id='word_1_308' title='bbox 937 3613 1133 3690; x_wconf 75' lang='grc' dir='ltr'>λέγων,</span> <span class='ocrx_word' id='word_1_309' title='bbox 1187 3615 1232 3669; x_wconf 83' lang='grc' dir='ltr'>ὦ</span> <span class='ocrx_word' id='word_1_310' title='bbox 1289 3614 1571 3686; x_wconf 65' lang='grc' dir='ltr'>Δέσποινα,</span> <span class='ocrx_word' id='word_1_311' title='bbox 1618 3622 1715 3673; x_wconf 79' lang='grc' dir='ltr'>τοῦ</span> <span class='ocrx_word' id='word_1_312' title='bbox 1761 3618 1935 3697; x_wconf 78' lang='grc' dir='ltr'>φρυά-</span> 
     </span>
    </p>
   </div>
   <div class='ocr_carea' id='block_1_41' title="bbox 284 3702 1934 3783">
    <p class='ocr_par' dir='ltr' id='par_1_41' title="bbox 284 3702 1934 3783">
     <span class='ocr_line' id='line_1_41' title="bbox 284 3702 1934 3783; baseline 0.002 -24"><span class='ocrx_word' id='word_1_313' title='bbox 284 3725 500 3780; x_wconf 81' lang='grc' dir='ltr'>γματος</span> <span class='ocrx_word' id='word_1_314' title='bbox 555 3703 623 3759; x_wconf 77' lang='grc' dir='ltr'>τὰ</span> <span class='ocrx_word' id='word_1_315' title='bbox 701 3702 974 3778; x_wconf 80' lang='grc' dir='ltr'>ἐπίχειρα.</span> <span class='ocrx_word' id='word_1_316' title='bbox 1061 3702 1164 3760; x_wconf 85' lang='grc' dir='ltr'>Καὶ</span> <span class='ocrx_word' id='word_1_317' title='bbox 1235 3707 1404 3759; x_wconf 76' lang='grc' dir='ltr'>ταῦτα</span> <span class='ocrx_word' id='word_1_318' title='bbox 1488 3703 1677 3779; x_wconf 79' lang='grc' dir='ltr'>εἰπὼν,</span> <span class='ocrx_word' id='word_1_319' title='bbox 1732 3705 1934 3783; x_wconf 74' lang='grc' dir='ltr'>ἐχώρει</span> 
     </span>
    </p>
   </div>
   <div class='ocr_carea' id='block_1_42' title="bbox 278 3792 1931 3871">
    <p class='ocr_par' dir='ltr' id='par_1_42' title="bbox 278 3792 1931 3871">
     <span class='ocr_line' id='line_1_42' title="bbox 278 3792 1931 3871; baseline 0.002 -22"><span class='ocrx_word' id='word_1_320' title='bbox 278 3794 425 3849; x_wconf 73' lang='grc' dir='ltr'>κατὰ.</span> <span class='ocrx_word' id='word_1_321' title='bbox 474 3796 577 3848; x_wconf 80' lang='grc' dir='ltr'>τοῦ</span> <span class='ocrx_word' id='word_1_322' title='bbox 635 3792 1159 3871; x_wconf 74' lang='grc' dir='ltr'>βλασφημήσαντος,</span> <span class='ocrx_word' id='word_1_323' title='bbox 1213 3793 1300 3848; x_wconf 85' lang='grc' dir='ltr'>καὶ</span> <span class='ocrx_word' id='word_1_324' title='bbox 1348 3792 1535 3869; x_wconf 75' lang='grc' dir='ltr'>μάχης</span> <span class='ocrx_word' id='word_1_325' title='bbox 1572 3794 1931 3870; x_wconf 83' lang='grc' dir='ltr'>κροτηθείσης</span> 
     </span>
    </p>
   </div>
   <div class='ocr_carea' id='block_1_43' title="bbox 281 3879 1930 3963">
    <p class='ocr_par' dir='ltr' id='par_1_43' title="bbox 281 3879 1930 3963">
     <span class='ocr_line' id='line_1_43' title="bbox 281 3879 1930 3963; baseline 0.002 -26"><span class='ocrx_word' id='word_1_326' title='bbox 281 3882 578 3957; x_wconf 77' lang='grc' dir='ltr'>τρέπονται</span> <span class='ocrx_word' id='word_1_327' title='bbox 636 3881 690 3936; x_wconf 79' lang='grc' dir='ltr'>οἱ</span> <span class='ocrx_word' id='word_1_328' title='bbox 747 3879 1032 3953; x_wconf 79' lang='grc' dir='ltr'>πολέμιοι,</span> <span class='ocrx_word' id='word_1_329' title='bbox 1098 3881 1188 3936; x_wconf 81' lang='grc' dir='ltr'>καὶ</span> <span class='ocrx_word' id='word_1_330' title='bbox 1243 3882 1449 3958; x_wconf 84' lang='grc' dir='ltr'>γίνεται</span> <span class='ocrx_word' id='word_1_331' title='bbox 1505 3882 1712 3939; x_wconf 79' lang='grc' dir='ltr'>τούτων</span> <span class='ocrx_word' id='word_1_332' title='bbox 1767 3885 1930 3963; x_wconf 84' lang='grc' dir='ltr'>φόνος</span> 
     </span>
    </p>
   </div>
   <div class='ocr_carea' id='block_1_44' title="bbox 280 3966 1931 4048">
    <p class='ocr_par' dir='ltr' id='par_1_44' title="bbox 280 3966 1931 4048">
     <span class='ocr_line' id='line_1_44' title="bbox 280 3966 1931 4048; baseline -0.004 -22"><span class='ocrx_word' id='word_1_333' title='bbox 280 3970 482 4040; x_wconf 67' lang='grc' dir='ltr'>πολὺς,</span> <span class='ocrx_word' id='word_1_334' title='bbox 513 3971 605 4025; x_wconf 83' lang='grc' dir='ltr'>καὶ</span> <span class='ocrx_word' id='word_1_335' title='bbox 664 3968 825 4031; x_wconf 74' lang='grc' dir='ltr'>αὐτὸς</span> <span class='ocrx_word' id='word_1_336' title='bbox 868 3966 926 4024; x_wconf 78' lang='grc' dir='ltr'>δὲ</span> <span class='ocrx_word' id='word_1_337' title='bbox 968 3969 997 4023; x_wconf 85' lang='lat'>6</span> <span class='ocrx_word' id='word_1_338' title='bbox 1046 3970 1295 4044; x_wconf 74' lang='grc' dir='ltr'>’Δμηρᾶς</span> <span class='ocrx_word' id='word_1_339' title='bbox 1350 3971 1767 4047; x_wconf 83' lang='grc' dir='ltr'>ἀποσφάττεται,</span> <span class='ocrx_word' id='word_1_340' title='bbox 1830 3996 1931 4048; x_wconf 80' lang='grc' dir='ltr'>με..</span> 
     </span>
    </p>
   </div>
   <div class='ocr_carea' id='block_1_45' title="bbox 276 4056 1928 4139">
    <p class='ocr_par' dir='ltr' id='par_1_45' title="bbox 276 4056 1928 4139">
     <span class='ocr_line' id='line_1_45' title="bbox 276 4056 1928 4139; baseline 0.002 -25"><span class='ocrx_word' id='word_1_341' title='bbox 276 4059 448 4134; x_wconf 81' lang='grc' dir='ltr'>τρίων</span> <span class='ocrx_word' id='word_1_342' title='bbox 500 4056 874 4133; x_wconf 78' lang='grc' dir='ltr'>διαφύγόντων</span> <span class='ocrx_word' id='word_1_343' title='bbox 931 4061 1114 4115; x_wconf 84' lang='grc' dir='ltr'>τινῶν.</span> <span class='ocrx_word' id='word_1_344' title='bbox 1172 4059 1470 4130; x_wconf 82' lang='grc' dir='ltr'>Φθονηθεὶς</span> <span class='ocrx_word' id='word_1_345' title='bbox 1518 4058 1576 4117; x_wconf 75' lang='grc' dir='ltr'>δὶ</span> <span class='ocrx_word' id='word_1_346' title='bbox 1623 4062 1651 4116; x_wconf 92' lang='lat'>6</span> <span class='ocrx_word' id='word_1_347' title='bbox 1691 4083 1928 4139; x_wconf 88' lang='grc' dir='ltr'>στρατη-</span> 
     </span>
    </p>
   </div>
   <div class='ocr_carea' id='block_1_46' title="bbox 276 4142 1926 4229">
    <p class='ocr_par' dir='ltr' id='par_1_46' title="bbox 276 4142 1926 4229">
     <span class='ocr_line' id='line_1_46' title="bbox 276 4142 1926 4229; baseline 0.002 -25"><span class='ocrx_word' id='word_1_348' title='bbox 276 4147 461 4227; x_wconf 69' lang='grc' dir='ltr'>λάτης</span> <span class='ocrx_word' id='word_1_349' title='bbox 510 4142 858 4219; x_wconf 66' lang='grc' dir='ltr'>διεϐέϐλητο,</span> <span class='ocrx_word' id='word_1_350' title='bbox 920 4146 996 4211; x_wconf 83' lang='grc' dir='ltr'>ὡς</span> <span class='ocrx_word' id='word_1_351' title='bbox 1054 4144 1352 4222; x_wconf 82' lang='grc' dir='ltr'>δυνάμενος</span> <span class='ocrx_word' id='word_1_352' title='bbox 1418 4148 1510 4205; x_wconf 81' lang='grc' dir='ltr'>καὶ</span> <span class='ocrx_word' id='word_1_353' title='bbox 1565 4151 1664 4221; x_wconf 80' lang='grc' dir='ltr'>τήν</span> <span class='ocrx_word' id='word_1_354' title='bbox 1715 4153 1926 4229; x_wconf 88' lang='grc' dir='ltr'>Ταρσὸν</span> 
     </span>
    </p>
   </div>
   <div class='ocr_carea' id='block_1_47' title="bbox 276 4234 1928 4316">
    <p class='ocr_par' dir='ltr' id='par_1_47' title="bbox 276 4234 1928 4316">
     <span class='ocr_line' id='line_1_47' title="bbox 276 4234 1928 4316; baseline 0.002 -24"><span class='ocrx_word' id='word_1_355' title='bbox 276 4235 485 4309; x_wconf 67' lang='grc' dir='ltr'>ἐξελεῖν</span> <span class='ocrx_word' id='word_1_356' title='bbox 518 4236 619 4291; x_wconf 81' lang='grc' dir='ltr'>οὑκ</span> <span class='ocrx_word' id='word_1_357' title='bbox 672 4234 932 4306; x_wconf 63' lang='grc' dir='ltr'>ἠθέλησε.</span> <span class='ocrx_word' id='word_1_358' title='bbox 979 4236 1074 4290; x_wconf 90' lang='grc' dir='ltr'>Διὸ</span> <span class='ocrx_word' id='word_1_359' title='bbox 1129 4234 1434 4311; x_wconf 75' lang='grc' dir='ltr'>ἀφαιρεῖται</span> <span class='ocrx_word' id='word_1_360' title='bbox 1478 4238 1573 4311; x_wconf 77' lang='grc' dir='ltr'>μὲν</span> <span class='ocrx_word' id='word_1_361' title='bbox 1607 4240 1637 4294; x_wconf 93' lang='lat'>6</span> <span class='ocrx_word' id='word_1_362' title='bbox 1670 4238 1928 4316; x_wconf 84' lang='grc' dir='ltr'>βασιλεὺς</span> 
     </span>
    </p>
   </div>
   <div class='ocr_carea' id='block_1_48' title="bbox 274 4320 1927 4402">
    <p class='ocr_par' dir='ltr' id='par_1_48' title="bbox 274 4320 1927 4402">
     <span class='ocr_line' id='line_1_48' title="bbox 274 4320 1927 4402; baseline 0.003 -21"><span class='ocrx_word' id='word_1_363' title='bbox 274 4326 377 4394; x_wconf 74' lang='grc' dir='ltr'>τήν</span> <span class='ocrx_word' id='word_1_364' title='bbox 405 4325 588 4401; x_wconf 74' lang='grc' dir='ltr'>ἀρχὴν</span> <span class='ocrx_word' id='word_1_365' title='bbox 643 4324 734 4379; x_wconf 82' lang='grc' dir='ltr'>ἀπ’</span> <span class='ocrx_word' id='word_1_366' title='bbox 790 4323 975 4395; x_wconf 78' lang='grc' dir='ltr'>αὐτοῦ,</span> <span class='ocrx_word' id='word_1_367' title='bbox 1034 4320 1225 4379; x_wconf 86' lang='grc' dir='ltr'>δίδωσι</span> <span class='ocrx_word' id='word_1_368' title='bbox 1274 4322 1331 4380; x_wconf 76' lang='grc' dir='ltr'>δὲ</span> <span class='ocrx_word' id='word_1_369' title='bbox 1384 4327 1586 4399; x_wconf 82' lang='grc' dir='ltr'>ταύτην</span> <span class='ocrx_word' id='word_1_370' title='bbox 1641 4333 1722 4402; x_wconf 79' lang='grc' dir='ltr'>τῷ</span> <span class='ocrx_word' id='word_1_371' title='bbox 1753 4336 1927 4386; x_wconf 87' lang='grc' dir='ltr'>Στυπ-</span> 
     </span>
    </p>
   </div>
   <div class='ocr_carea' id='block_1_49' title="bbox 281 4411 1925 4495">
    <p class='ocr_par' dir='ltr' id='par_1_49' title="bbox 281 4411 1925 4495">
     <span class='ocr_line' id='line_1_49' title="bbox 281 4411 1925 4495; baseline -0.003 -27"><span class='ocrx_word' id='word_1_372' title='bbox 281 4413 519 4489; x_wconf 75' lang='grc' dir='ltr'>πειώτῃ,</span> <span class='ocrx_word' id='word_1_373' title='bbox 569 4411 991 4488; x_wconf 70' lang='grc' dir='ltr'>ἐπαγγελομὲνῳ</span> <span class='ocrx_word' id='word_1_374' title='bbox 1074 4411 1163 4466; x_wconf 82' lang='grc' dir='ltr'>καὶ</span> <span class='ocrx_word' id='word_1_375' title='bbox 1238 4414 1338 4483; x_wconf 80' lang='grc' dir='ltr'>τήν</span> <span class='ocrx_word' id='word_1_376' title='bbox 1395 4416 1596 4492; x_wconf 88' lang='grc' dir='ltr'>Ταρσὸν</span> <span class='ocrx_word' id='word_1_377' title='bbox 1656 4416 1925 4495; x_wconf 72' lang='grc' dir='ltr'>ἐκπορθῆ-</span> 
     </span>
    </p>
   </div>
   <div class='ocr_carea' id='block_1_50' title="bbox 287 4499 1924 4582">
    <p class='ocr_par' dir='ltr' id='par_1_50' title="bbox 287 4499 1924 4582">
     <span class='ocr_line' id='line_1_50' title="bbox 287 4499 1924 4582; baseline 0.004 -26"><span class='ocrx_word' id='word_1_378' title='bbox 287 4524 392 4572; x_wconf 84' lang='grc' dir='ltr'>σαι,</span> <span class='ocrx_word' id='word_1_379' title='bbox 450 4502 542 4557; x_wconf 81' lang='grc' dir='ltr'>καὶ</span> <span class='ocrx_word' id='word_1_380' title='bbox 594 4499 746 4557; x_wconf 79' lang='grc' dir='ltr'>ἄλλα</span> <span class='ocrx_word' id='word_1_381' title='bbox 799 4499 975 4556; x_wconf 87' lang='grc' dir='ltr'>πλείω</span> <span class='ocrx_word' id='word_1_382' title='bbox 1021 4501 1436 4577; x_wconf 73' lang='grc' dir='ltr'>κατωρθωκέναι</span> <span class='ocrx_word' id='word_1_383' title='bbox 1492 4508 1924 4582; x_wconf 80' lang='grc' dir='ltr'>νεανιευομὲνῳ⁶</span> 
     </span>
    </p>
   </div>
   <div class='ocr_carea' id='block_1_51' title="bbox 288 4585 1928 4667">
    <p class='ocr_par' dir='ltr' id='par_1_51' title="bbox 288 4585 1928 4667">
     <span class='ocr_line' id='line_1_51' title="bbox 288 4585 1928 4667; baseline 0.004 -22"><span class='ocrx_word' id='word_1_384' title='bbox 288 4590 344 4651; x_wconf 78' lang='grc' dir='ltr'>ὃς</span> <span class='ocrx_word' id='word_1_385' title='bbox 370 4589 431 4645; x_wconf 75' lang='grc' dir='ltr'>οὐ</span> <span class='ocrx_word' id='word_1_386' title='bbox 464 4589 632 4663; x_wconf 85' lang='grc' dir='ltr'>μόνον</span> <span class='ocrx_word' id='word_1_387' title='bbox 684 4585 841 4644; x_wconf 75' lang='grc' dir='ltr'>οὐδὲν</span> <span class='ocrx_word' id='word_1_388' title='bbox 893 4589 965 4644; x_wconf 84' lang='grc' dir='ltr'>ὧν</span> <span class='ocrx_word' id='word_1_389' title='bbox 1014 4587 1176 4666; x_wconf 68' lang='grc' dir='ltr'>ηὔχει</span> <span class='ocrx_word' id='word_1_390' title='bbox 1218 4590 1594 4667; x_wconf 85' lang='grc' dir='ltr'>κατώρθωσεν,</span> <span class='ocrx_word' id='word_1_391' title='bbox 1653 4593 1798 4652; x_wconf 75' lang='grc' dir='ltr'>ἀλλὰ</span> <span class='ocrx_word' id='word_1_392' title='bbox 1838 4596 1928 4652; x_wconf 84' lang='grc' dir='ltr'>καὶ</span> 
     </span>
    </p>
   </div>
   <div class='ocr_carea' id='block_1_52' title="bbox 282 4676 1926 4755">
    <p class='ocr_par' dir='ltr' id='par_1_52' title="bbox 282 4676 1926 4755">
     <span class='ocr_line' id='line_1_52' title="bbox 282 4676 1926 4755; baseline -0.002 -21"><span class='ocrx_word' id='word_1_393' title='bbox 282 4677 665 4755; x_wconf 77' lang='grc' dir='ltr'>δυστυχήματι</span> <span class='ocrx_word' id='word_1_394' title='bbox 735 4676 1145 4754; x_wconf 69' lang='grc' dir='ltr'>περιπέπτωκεν</span> <span class='ocrx_word' id='word_1_395' title='bbox 1221 4678 1273 4750; x_wconf 77' lang='grc' dir='ltr'>ἐξ</span> <span class='ocrx_word' id='word_1_396' title='bbox 1344 4679 1602 4755; x_wconf 81' lang='grc' dir='ltr'>ἀμελείας</span> <span class='ocrx_word' id='word_1_397' title='bbox 1655 4684 1745 4740; x_wconf 84' lang='grc' dir='ltr'>καὶ</span> <span class='ocrx_word' id='word_1_398' title='bbox 1797 4686 1926 4742; x_wconf 82' lang='grc' dir='ltr'>ἀπε-</span> 
     </span>
    </p>
   </div>
   <div class='ocr_carea' id='block_1_53' title="bbox 275 4767 1926 4851">
    <p class='ocr_par' dir='ltr' id='par_1_53' title="bbox 275 4767 1926 4851">
     <span class='ocr_line' id='line_1_53' title="bbox 275 4767 1926 4851; baseline 0.004 -27"><span class='ocrx_word' id='word_1_399' title='bbox 275 4769 574 4846; x_wconf 74' lang='grc' dir='ltr'>ρισκὲπτου</span> <span class='ocrx_word' id='word_1_400' title='bbox 632 4767 981 4838; x_wconf 87' lang='grc' dir='ltr'>σκηνώσεως.</span> <span class='ocrx_word' id='word_1_401' title='bbox 1046 4768 1265 4831; x_wconf 90' lang='grc' dir='ltr'>Γνόντες</span> <span class='ocrx_word' id='word_1_402' title='bbox 1296 4769 1398 4845; x_wconf 81' lang='grc' dir='ltr'>γὰρ</span> <span class='ocrx_word' id='word_1_403' title='bbox 1456 4772 1509 4826; x_wconf 82' lang='grc' dir='ltr'>οἱ</span> <span class='ocrx_word' id='word_1_404' title='bbox 1564 4768 1834 4851; x_wconf 75' lang='grc' dir='ltr'>Βάρϐαροι</span> <span class='ocrx_word' id='word_1_405' title='bbox 1864 4776 1926 4831; x_wconf 85' lang='grc' dir='ltr'>τὸ</span> 
     </span>
    </p>
   </div>
   <div class='ocr_carea' id='block_1_54' title="bbox 2046 856 3693 931">
    <p class='ocr_par' dir='ltr' id='par_1_54' title="bbox 2046 856 3693 931">
     <span class='ocr_line' id='line_1_54' title="bbox 2046 856 3693 931; baseline 0.002 -19"><span class='ocrx_word' id='word_1_406' title='bbox 2046 856 2428 912; x_wconf 87' lang='lat' dir='ltr'>Constantino</span> <span class='ocrx_word' id='word_1_407' title='bbox 2456 858 2635 931; x_wconf 73' lang='lat' dir='ltr'>Syriae</span> <span class='ocrx_word' id='word_1_408' title='bbox 2664 857 2883 915; x_wconf 87' lang='lat' dir='ltr'>bellum</span> <span class='ocrx_word' id='word_1_409' title='bbox 2915 859 3110 928; x_wconf 83' lang='lat' dir='ltr'>infert,</span> <span class='ocrx_word' id='word_1_410' title='bbox 3143 858 3384 916; x_wconf 88' lang='lat' dir='ltr'>castella</span> <span class='ocrx_word' id='word_1_411' title='bbox 3422 861 3693 931; x_wconf 69' lang='lat' dir='ltr'>quedam</span> 
     </span>
    </p>
   </div>
   <div class='ocr_carea' id='block_1_55' title="bbox 2047 945 3695 1022">
    <p class='ocr_par' dir='ltr' id='par_1_55' title="bbox 2047 945 3695 1022">
     <span class='ocr_line' id='line_1_55' title="bbox 2047 945 3695 1022; baseline 0.003 -21"><span class='ocrx_word' id='word_1_412' title='bbox 2047 945 2202 1017; x_wconf 88' lang='lat' dir='ltr'>capit</span> <span class='ocrx_word' id='word_1_413' title='bbox 2234 962 2247 1000; x_wconf 90' lang='lat'>:</span> <span class='ocrx_word' id='word_1_414' title='bbox 2283 946 2582 1018; x_wconf 68' lang='lat' dir='ltr'>quaedam,</span> <span class='ocrx_word' id='word_1_415' title='bbox 2608 946 2821 1019; x_wconf 87' lang='lat' dir='ltr'>injecto</span> <span class='ocrx_word' id='word_1_416' title='bbox 2863 965 2927 1022; x_wconf 82' lang='lat' dir='ltr'>ex</span> <span class='ocrx_word' id='word_1_417' title='bbox 2962 947 3208 1004; x_wconf 88' lang='lat' dir='ltr'>aliorum</span> <span class='ocrx_word' id='word_1_418' title='bbox 3269 948 3695 1021; x_wconf 77' lang='lat' dir='ltr'>expugnatione</span> 
     </span>
    </p>
   </div>
   <div class='ocr_carea' id='block_1_56' title="bbox 2045 1034 3690 1110">
    <p class='ocr_par' dir='ltr' id='par_1_56' title="bbox 2045 1034 3690 1110">
     <span class='ocr_line' id='line_1_56' title="bbox 2045 1034 3690 1110; baseline 0.003 -20"><span class='ocrx_word' id='word_1_419' title='bbox 2045 1038 2286 1105; x_wconf 87' lang='lat' dir='ltr'>terrore,</span> <span class='ocrx_word' id='word_1_420' title='bbox 2317 1034 2376 1091; x_wconf 92' lang='lat' dir='ltr'>in</span> <span class='ocrx_word' id='word_1_421' title='bbox 2408 1034 2762 1093; x_wconf 81' lang='lat' dir='ltr'>deditionem</span> <span class='ocrx_word' id='word_1_422' title='bbox 2787 1036 3238 1110; x_wconf 78' lang='lat' dir='ltr'>accipit.Deinde</span> <span class='ocrx_word' id='word_1_423' title='bbox 3261 1037 3690 1095; x_wconf 88' lang='lat' dir='ltr'>Germaniciam</span> 
     </span>
    </p>
   </div>
   <div class='ocr_carea' id='block_1_57' title="bbox 2045 1123 3693 1196">
    <p class='ocr_par' dir='ltr' id='par_1_57' title="bbox 2045 1123 3693 1196">
     <span class='ocr_line' id='line_1_57' title="bbox 2045 1123 3693 1196; baseline 0.002 -17"><span class='ocrx_word' id='word_1_424' title='bbox 2045 1123 2289 1195; x_wconf 79' lang='lat' dir='ltr'>invadit,</span> <span class='ocrx_word' id='word_1_425' title='bbox 2321 1128 2376 1179; x_wconf 79' lang='lat' dir='ltr'>et</span> <span class='ocrx_word' id='word_1_426' title='bbox 2404 1125 2707 1182; x_wconf 88' lang='lat' dir='ltr'>suburbiis</span> <span class='ocrx_word' id='word_1_427' title='bbox 2735 1125 3013 1196; x_wconf 91' lang='lat' dir='ltr'>incensis,</span> <span class='ocrx_word' id='word_1_428' title='bbox 3048 1126 3248 1183; x_wconf 84' lang='lat' dir='ltr'>urbem</span> <span class='ocrx_word' id='word_1_429' title='bbox 3306 1125 3554 1183; x_wconf 79' lang='lat' dir='ltr'>Adatam</span> <span class='ocrx_word' id='word_1_430' title='bbox 3587 1127 3693 1183; x_wconf 87' lang='lat' dir='ltr'>ob-</span> 
     </span>
    </p>
   </div>
   <div class='ocr_carea' id='block_1_58' title="bbox 2042 1213 3691 1295">
    <p class='ocr_par' dir='ltr' id='par_1_58' title="bbox 2042 1213 3691 1295">
     <span class='ocr_line' id='line_1_58' title="bbox 2042 1213 3691 1295; baseline 0.004 -27"><span class='ocrx_word' id='word_1_431' title='bbox 2042 1213 2215 1269; x_wconf 89' lang='lat' dir='ltr'>sidet.</span> <span class='ocrx_word' id='word_1_432' title='bbox 2254 1213 2490 1271; x_wconf 85' lang='lat' dir='ltr'>Civibus</span> <span class='ocrx_word' id='word_1_433' title='bbox 2521 1216 2881 1289; x_wconf 81' lang='lat' dir='ltr'>negligenter</span> <span class='ocrx_word' id='word_1_434' title='bbox 2910 1234 2975 1295; x_wconf 85' lang='lat' dir='ltr'>se</span> <span class='ocrx_word' id='word_1_435' title='bbox 3003 1217 3691 1290; x_wconf 81' lang='lat' dir='ltr'>defendentibus,Basilio</span> 
     </span>
    </p>
   </div>
   <div class='ocr_carea' id='block_1_59' title="bbox 2044 1305 3689 1379">
    <p class='ocr_par' dir='ltr' id='par_1_59' title="bbox 2044 1305 3689 1379">
     <span class='ocr_line' id='line_1_59' title="bbox 2044 1305 3689 1379; baseline 0.004 -22"><span class='ocrx_word' id='word_1_436' title='bbox 2044 1306 2285 1374; x_wconf 79' lang='lat' dir='ltr'>rogante</span> <span class='ocrx_word' id='word_1_437' title='bbox 2316 1320 2433 1376; x_wconf 88' lang='lat' dir='ltr'>qua</span> <span class='ocrx_word' id='word_1_438' title='bbox 2462 1321 2522 1360; x_wconf 90' lang='lat' dir='ltr'>re</span> <span class='ocrx_word' id='word_1_439' title='bbox 2547 1305 2677 1361; x_wconf 84' lang='lat' dir='ltr'>freti</span> <span class='ocrx_word' id='word_1_440' title='bbox 2707 1322 2769 1361; x_wconf 91' lang='lat' dir='ltr'>se</span> <span class='ocrx_word' id='word_1_441' title='bbox 2798 1322 2914 1363; x_wconf 92' lang='lat' dir='ltr'>non</span> <span class='ocrx_word' id='word_1_442' title='bbox 2942 1307 3238 1375; x_wconf 79' lang='lat' dir='ltr'>dederent,</span> <span class='ocrx_word' id='word_1_443' title='bbox 3272 1307 3416 1363; x_wconf 83' lang='lat' dir='ltr'>urbe</span> <span class='ocrx_word' id='word_1_444' title='bbox 3439 1307 3689 1379; x_wconf 83' lang='lat' dir='ltr'>jamjam</span> 
     </span>
    </p>
   </div>
   <div class='ocr_carea' id='block_1_60' title="bbox 2044 1391 3685 1467">
    <p class='ocr_par' dir='ltr' id='par_1_60' title="bbox 2044 1391 3685 1467">
     <span class='ocr_line' id='line_1_60' title="bbox 2044 1391 3685 1467; baseline 0.003 -21"><span class='ocrx_word' id='word_1_445' title='bbox 2044 1391 2344 1464; x_wconf 87' lang='lat' dir='ltr'>capienda,</span> <span class='ocrx_word' id='word_1_446' title='bbox 2371 1393 2612 1465; x_wconf 89' lang='lat' dir='ltr'>quidam</span> <span class='ocrx_word' id='word_1_447' title='bbox 2645 1395 2795 1451; x_wconf 75' lang='grc'>169</span> <span class='ocrx_word' id='word_1_448' title='bbox 2826 1399 3109 1467; x_wconf 70' lang='lat' dir='ltr'>provectae</span> <span class='ocrx_word' id='word_1_449' title='bbox 3158 1395 3347 1453; x_wconf 82' lang='lat' dir='ltr'>:etatis</span> <span class='ocrx_word' id='word_1_450' title='bbox 3383 1395 3558 1452; x_wconf 88' lang='lat' dir='ltr'>homo</span> <span class='ocrx_word' id='word_1_451' title='bbox 3585 1397 3685 1465; x_wconf 89' lang='lat' dir='ltr'>ait,</span> 
     </span>
    </p>
   </div>
   <div class='ocr_carea' id='block_1_61' title="bbox 2044 1482 3688 1552">
    <p class='ocr_par' dir='ltr' id='par_1_61' title="bbox 2044 1482 3688 1552">
     <span class='ocr_line' id='line_1_61' title="bbox 2044 1482 3688 1552; baseline 0.004 -17"><span class='ocrx_word' id='word_1_452' title='bbox 2044 1496 2107 1535; x_wconf 92' lang='lat' dir='ltr'>se</span> <span class='ocrx_word' id='word_1_453' title='bbox 2137 1490 2293 1536; x_wconf 82' lang='lat' dir='ltr'>certe</span> <span class='ocrx_word' id='word_1_454' title='bbox 2325 1482 2475 1538; x_wconf 90' lang='lat' dir='ltr'>scire</span> <span class='ocrx_word' id='word_1_455' title='bbox 2509 1499 2622 1538; x_wconf 93' lang='lat' dir='ltr'>non</span> <span class='ocrx_word' id='word_1_456' title='bbox 2655 1499 2784 1540; x_wconf 90' lang='lat' dir='ltr'>esse</span> <span class='ocrx_word' id='word_1_457' title='bbox 2814 1483 2873 1540; x_wconf 90' lang='lat' dir='ltr'>in</span> <span class='ocrx_word' id='word_1_458' title='bbox 2910 1484 3066 1552; x_wconf 80' lang='lat' dir='ltr'>fatis,</span> <span class='ocrx_word' id='word_1_459' title='bbox 3098 1488 3164 1540; x_wconf 88' lang='lat' dir='ltr'>ut</span> <span class='ocrx_word' id='word_1_460' title='bbox 3204 1502 3360 1541; x_wconf 90' lang='lat' dir='ltr'>nunc</span> <span class='ocrx_word' id='word_1_461' title='bbox 3418 1485 3560 1541; x_wconf 86' lang='lat' dir='ltr'>urbs</span> <span class='ocrx_word' id='word_1_462' title='bbox 3614 1485 3688 1541; x_wconf 86' lang='lat' dir='ltr'>ab</span> 
     </span>
    </p>
   </div>
   <div class='ocr_carea' id='block_1_62' title="bbox 2044 1567 3687 1646">
    <p class='ocr_par' dir='ltr' id='par_1_62' title="bbox 2044 1567 3687 1646">
     <span class='ocr_line' id='line_1_62' title="bbox 2044 1567 3687 1646; baseline 0.004 -23"><span class='ocrx_word' id='word_1_463' title='bbox 2044 1567 2173 1641; x_wconf 91' lang='lat' dir='ltr'>ipso</span> <span class='ocrx_word' id='word_1_464' title='bbox 2204 1570 2495 1641; x_wconf 83' lang='lat' dir='ltr'>capiatur,</span> <span class='ocrx_word' id='word_1_465' title='bbox 2530 1573 2630 1627; x_wconf 92' lang='lat' dir='ltr'>sed</span> <span class='ocrx_word' id='word_1_466' title='bbox 2664 1573 2736 1627; x_wconf 86' lang='lat' dir='ltr'>ab</span> <span class='ocrx_word' id='word_1_467' title='bbox 2769 1571 2905 1640; x_wconf 88' lang='lat' dir='ltr'>alio,</span> <span class='ocrx_word' id='word_1_468' title='bbox 2937 1573 3039 1646; x_wconf 92' lang='lat' dir='ltr'>qui</span> <span class='ocrx_word' id='word_1_469' title='bbox 3070 1591 3136 1631; x_wconf 85' lang='lat' dir='ltr'>ex</span> <span class='ocrx_word' id='word_1_470' title='bbox 3167 1575 3294 1645; x_wconf 86' lang='lat' dir='ltr'>ejus</span> <span class='ocrx_word' id='word_1_471' title='bbox 3321 1572 3544 1630; x_wconf 89' lang='lat' dir='ltr'>lumbis</span> <span class='ocrx_word' id='word_1_472' title='bbox 3587 1575 3687 1629; x_wconf 90' lang='lat' dir='ltr'>de-</span> 
     </span>
    </p>
   </div>
   <div class='ocr_carea' id='block_1_63' title="bbox 2042 1658 3689 1733">
    <p class='ocr_par' dir='ltr' id='par_1_63' title="bbox 2042 1658 3689 1733">
     <span class='ocr_line' id='line_1_63' title="bbox 2042 1658 3689 1733; baseline 0.002 -19"><span class='ocrx_word' id='word_1_473' title='bbox 2042 1658 2364 1727; x_wconf 90' lang='lat' dir='ltr'>scenderet,</span> <span class='ocrx_word' id='word_1_474' title='bbox 2392 1659 2630 1717; x_wconf 88' lang='lat' dir='ltr'>nomine</span> <span class='ocrx_word' id='word_1_475' title='bbox 2659 1660 3060 1718; x_wconf 87' lang='lat' dir='ltr'>Constantino.</span> <span class='ocrx_word' id='word_1_476' title='bbox 3103 1664 3240 1719; x_wconf 89' lang='lat' dir='ltr'>Cum</span> <span class='ocrx_word' id='word_1_477' title='bbox 3272 1678 3406 1719; x_wconf 90' lang='lat' dir='ltr'>vero</span> <span class='ocrx_word' id='word_1_478' title='bbox 3436 1661 3689 1733; x_wconf 88' lang='lat' dir='ltr'>impera-</span> 
     </span>
    </p>
   </div>
   <div class='ocr_carea' id='block_1_64' title="bbox 2041 1743 3695 1822">
    <p class='ocr_par' dir='ltr' id='par_1_64' title="bbox 2041 1743 3695 1822">
     <span class='ocr_line' id='line_1_64' title="bbox 2041 1743 3695 1822; baseline 0.007 -21"><span class='ocrx_word' id='word_1_479' title='bbox 2041 1750 2153 1817; x_wconf 86' lang='lat' dir='ltr'>tor,</span> <span class='ocrx_word' id='word_1_480' title='bbox 2202 1747 2321 1804; x_wconf 82' lang='lat' dir='ltr'>ﬁlio</span> <span class='ocrx_word' id='word_1_481' title='bbox 2357 1743 2810 1822; x_wconf 72' lang='lat' dir='ltr'>demonstrato,</span> <span class='ocrx_word' id='word_1_482' title='bbox 2862 1768 2998 1808; x_wconf 90' lang='lat' dir='ltr'>eum</span> <span class='ocrx_word' id='word_1_483' title='bbox 3051 1768 3181 1809; x_wconf 90' lang='lat' dir='ltr'>esse</span> <span class='ocrx_word' id='word_1_484' title='bbox 3239 1751 3695 1813; x_wconf 84' lang='lat' dir='ltr'>Constantinum.</span> 
     </span>
    </p>
   </div>
   <div class='ocr_carea' id='block_1_65' title="bbox 2043 1833 3689 1913">
    <p class='ocr_par' dir='ltr' id='par_1_65' title="bbox 2043 1833 3689 1913">
     <span class='ocr_line' id='line_1_65' title="bbox 2043 1833 3689 1913; baseline 0.003 -23"><span class='ocrx_word' id='word_1_485' title='bbox 2043 1833 2370 1903; x_wconf 87' lang='lat' dir='ltr'>dixisset,et</span> <span class='ocrx_word' id='word_1_486' title='bbox 2398 1854 2576 1894; x_wconf 80' lang='lat' dir='ltr'>senex</span> <span class='ocrx_word' id='word_1_487' title='bbox 2595 1855 2729 1895; x_wconf 90' lang='lat' dir='ltr'>eum</span> <span class='ocrx_word' id='word_1_488' title='bbox 2753 1855 2883 1897; x_wconf 89' lang='lat' dir='ltr'>esse</span> <span class='ocrx_word' id='word_1_489' title='bbox 2912 1840 3422 1908; x_wconf 86' lang='lat' dir='ltr'>Constantinum,a</span> <span class='ocrx_word' id='word_1_490' title='bbox 3443 1857 3558 1913; x_wconf 90' lang='lat' dir='ltr'>quo</span> <span class='ocrx_word' id='word_1_491' title='bbox 3578 1856 3689 1895; x_wconf 87' lang='lat' dir='ltr'>sua</span> 
     </span>
    </p>
   </div>
   <div class='ocr_carea' id='block_1_66' title="bbox 2043 1923 3686 2002">
    <p class='ocr_par' dir='ltr' id='par_1_66' title="bbox 2043 1923 3686 2002">
     <span class='ocr_line' id='line_1_66' title="bbox 2043 1923 3686 2002; baseline 0.004 -25"><span class='ocrx_word' id='word_1_492' title='bbox 2043 1923 2187 1979; x_wconf 87' lang='lat' dir='ltr'>urbs</span> <span class='ocrx_word' id='word_1_493' title='bbox 2216 1925 2499 1998; x_wconf 88' lang='lat' dir='ltr'>capienda</span> <span class='ocrx_word' id='word_1_494' title='bbox 2526 1932 2702 1995; x_wconf 89' lang='lat' dir='ltr'>esset,</span> <span class='ocrx_word' id='word_1_495' title='bbox 2739 1934 2999 2002; x_wconf 86' lang='lat' dir='ltr'>negaret,</span> <span class='ocrx_word' id='word_1_496' title='bbox 3033 1930 3135 1986; x_wconf 89' lang='lat' dir='ltr'>sed</span> <span class='ocrx_word' id='word_1_497' title='bbox 3153 1928 3337 1985; x_wconf 89' lang='lat' dir='ltr'>alium</span> <span class='ocrx_word' id='word_1_498' title='bbox 3366 1929 3686 2002; x_wconf 87' lang='lat' dir='ltr'>quemdam</span> 
     </span>
    </p>
   </div>
   <div class='ocr_carea' id='block_1_67' title="bbox 2044 2013 3687 2085">
    <p class='ocr_par' dir='ltr' id='par_1_67' title="bbox 2044 2013 3687 2085">
     <span class='ocr_line' id='line_1_67' title="bbox 2044 2013 3687 2085; baseline 0.004 -18"><span class='ocrx_word' id='word_1_499' title='bbox 2044 2027 2113 2067; x_wconf 83' lang='lat' dir='ltr'>ex</span> <span class='ocrx_word' id='word_1_500' title='bbox 2141 2013 2266 2084; x_wconf 87' lang='lat' dir='ltr'>ejus</span> <span class='ocrx_word' id='word_1_501' title='bbox 2295 2015 2826 2085; x_wconf 81' lang='lat' dir='ltr'>posteris,Basilius</span> <span class='ocrx_word' id='word_1_502' title='bbox 2857 2018 2928 2073; x_wconf 93' lang='lat' dir='ltr'>ob</span> <span class='ocrx_word' id='word_1_503' title='bbox 2960 2034 3089 2074; x_wconf 87' lang='lat' dir='ltr'>eam</span> <span class='ocrx_word' id='word_1_504' title='bbox 3121 2017 3540 2075; x_wconf 82' lang='lat' dir='ltr'>divinationem</span> <span class='ocrx_word' id='word_1_505' title='bbox 3570 2017 3687 2073; x_wconf 85' lang='lat' dir='ltr'>ira-</span> 
     </span>
    </p>
   </div>
   <div class='ocr_carea' id='block_1_68' title="bbox 2041 2104 3686 2180">
    <p class='ocr_par' dir='ltr' id='par_1_68' title="bbox 2041 2104 3686 2180">
     <span class='ocr_line' id='line_1_68' title="bbox 2041 2104 3686 2180; baseline 0.003 -24"><span class='ocrx_word' id='word_1_506' title='bbox 2041 2104 2159 2172; x_wconf 89' lang='lat' dir='ltr'>tus,</span> <span class='ocrx_word' id='word_1_507' title='bbox 2191 2104 2689 2176; x_wconf 83' lang='lat' dir='ltr'>oppugnationem</span> <span class='ocrx_word' id='word_1_508' title='bbox 2730 2105 2922 2162; x_wconf 87' lang='lat' dir='ltr'>acrius</span> <span class='ocrx_word' id='word_1_509' title='bbox 2972 2112 3142 2180; x_wconf 88' lang='lat' dir='ltr'>urget</span> <span class='ocrx_word' id='word_1_510' title='bbox 3172 2125 3185 2176; x_wconf 89' lang='lat'>;</span> <span class='ocrx_word' id='word_1_511' title='bbox 3219 2107 3321 2164; x_wconf 91' lang='lat' dir='ltr'>sed</span> <span class='ocrx_word' id='word_1_512' title='bbox 3371 2123 3503 2162; x_wconf 88' lang='lat' dir='ltr'>cum</span> <span class='ocrx_word' id='word_1_513' title='bbox 3538 2104 3686 2162; x_wconf 90' lang='lat' dir='ltr'>nihil</span> 
     </span>
    </p>
   </div>
   <div class='ocr_carea' id='block_1_69' title="bbox 2048 2190 3691 2268">
    <p class='ocr_par' dir='ltr' id='par_1_69' title="bbox 2048 2190 3691 2268">
     <span class='ocr_line' id='line_1_69' title="bbox 2048 2190 3691 2268; baseline 0.004 -23"><span class='ocrx_word' id='word_1_514' title='bbox 2048 2190 2374 2264; x_wconf 82' lang='lat' dir='ltr'>proﬁceret,</span> <span class='ocrx_word' id='word_1_515' title='bbox 2403 2209 2471 2250; x_wconf 86' lang='lat' dir='ltr'>ac</span> <span class='ocrx_word' id='word_1_516' title='bbox 2526 2194 2712 2266; x_wconf 78' lang='lat' dir='ltr'>frigus</span> <span class='ocrx_word' id='word_1_517' title='bbox 2760 2196 3078 2252; x_wconf 89' lang='lat' dir='ltr'>exercitum</span> <span class='ocrx_word' id='word_1_518' title='bbox 3121 2195 3444 2268; x_wconf 81' lang='lat' dir='ltr'>infestaret,</span> <span class='ocrx_word' id='word_1_519' title='bbox 3493 2195 3691 2253; x_wconf 82' lang='lat' dir='ltr'>soluta</span> 
     </span>
    </p>
   </div>
   <div class='ocr_carea' id='block_1_70' title="bbox 2047 2280 3688 2358">
    <p class='ocr_par' dir='ltr' id='par_1_70' title="bbox 2047 2280 3688 2358">
     <span class='ocr_line' id='line_1_70' title="bbox 2047 2280 3688 2358; baseline 0.002 -22"><span class='ocrx_word' id='word_1_520' title='bbox 2047 2280 2375 2350; x_wconf 88' lang='lat' dir='ltr'>obsidione,</span> <span class='ocrx_word' id='word_1_521' title='bbox 2407 2282 2661 2339; x_wconf 88' lang='lat' dir='ltr'>reditum</span> <span class='ocrx_word' id='word_1_522' title='bbox 2695 2286 2870 2357; x_wconf 88' lang='lat' dir='ltr'>cogit,</span> <span class='ocrx_word' id='word_1_523' title='bbox 2900 2286 3148 2358; x_wconf 85' lang='lat' dir='ltr'>captivis</span> <span class='ocrx_word' id='word_1_524' title='bbox 3182 2284 3429 2341; x_wconf 85' lang='lat' dir='ltr'>interﬁci</span> <span class='ocrx_word' id='word_1_525' title='bbox 3474 2284 3688 2357; x_wconf 88' lang='lat' dir='ltr'>jussis,</span> 
     </span>
    </p>
   </div>
   <div class='ocr_carea' id='block_1_71' title="bbox 2049 2370 3693 2447">
    <p class='ocr_par' dir='ltr' id='par_1_71' title="bbox 2049 2370 3693 2447">
     <span class='ocr_line' id='line_1_71' title="bbox 2049 2370 3693 2447; baseline 0.002 -23"><span class='ocrx_word' id='word_1_526' title='bbox 2049 2384 2121 2424; x_wconf 91' lang='lat' dir='ltr'>ne</span> <span class='ocrx_word' id='word_1_527' title='bbox 2152 2370 2418 2426; x_wconf 87' lang='lat' dir='ltr'>custodia</span> <span class='ocrx_word' id='word_1_528' title='bbox 2436 2388 2584 2444; x_wconf 92' lang='lat' dir='ltr'>opus</span> <span class='ocrx_word' id='word_1_529' title='bbox 2615 2378 2788 2441; x_wconf 90' lang='lat' dir='ltr'>esset,</span> <span class='ocrx_word' id='word_1_530' title='bbox 2807 2390 2948 2430; x_wconf 91' lang='lat' dir='ltr'>neve</span> <span class='ocrx_word' id='word_1_531' title='bbox 2978 2374 3479 2447; x_wconf 88' lang='lat' dir='ltr'>opportunitatem</span> <span class='ocrx_word' id='word_1_532' title='bbox 3512 2374 3693 2442; x_wconf 86' lang='lat' dir='ltr'>nacti,</span> 
     </span>
    </p>
   </div>
   <div class='ocr_carea' id='block_1_72' title="bbox 2048 2455 3695 2529">
    <p class='ocr_par' dir='ltr' id='par_1_72' title="bbox 2048 2455 3695 2529">
     <span class='ocr_line' id='line_1_72' title="bbox 2048 2455 3695 2529; baseline 0.003 -17"><span class='ocrx_word' id='word_1_533' title='bbox 2048 2455 2270 2529; x_wconf 86' lang='lat' dir='ltr'>aliquid</span> <span class='ocrx_word' id='word_1_534' title='bbox 2316 2465 2615 2516; x_wconf 87' lang='lat' dir='ltr'>novarent.</span> <span class='ocrx_word' id='word_1_535' title='bbox 2665 2460 2808 2518; x_wconf 88' lang='lat' dir='ltr'>Cum</span> <span class='ocrx_word' id='word_1_536' title='bbox 2853 2466 3049 2519; x_wconf 84' lang='lat' dir='ltr'>autem</span> <span class='ocrx_word' id='word_1_537' title='bbox 3093 2464 3381 2519; x_wconf 82' lang='lat' dir='ltr'>Tarsenes</span> <span class='ocrx_word' id='word_1_538' title='bbox 3426 2466 3485 2519; x_wconf 84' lang='lat' dir='ltr'>et</span> <span class='ocrx_word' id='word_1_539' title='bbox 3528 2460 3695 2518; x_wconf 80' lang='lat' dir='ltr'>Meli-</span> 
     </span>
    </p>
   </div>
   <div class='ocr_carea' id='block_1_73' title="bbox 2046 2546 3693 2623">
    <p class='ocr_par' dir='ltr' id='par_1_73' title="bbox 2046 2546 3693 2623">
     <span class='ocr_line' id='line_1_73' title="bbox 2046 2546 3693 2623; baseline 0.004 -22"><span class='ocrx_word' id='word_1_540' title='bbox 2046 2546 2215 2602; x_wconf 68' lang='lat' dir='ltr'>tenaai</span> <span class='ocrx_word' id='word_1_541' title='bbox 2260 2549 2512 2620; x_wconf 89' lang='lat' dir='ltr'>Agareni</span> <span class='ocrx_word' id='word_1_542' title='bbox 2561 2550 2892 2623; x_wconf 86' lang='lat' dir='ltr'>provincias</span> <span class='ocrx_word' id='word_1_543' title='bbox 2956 2552 3253 2609; x_wconf 80' lang='lat' dir='ltr'>Romanas</span> <span class='ocrx_word' id='word_1_544' title='bbox 3298 2552 3693 2622; x_wconf 86' lang='lat' dir='ltr'>incursarent,</span> 
     </span>
    </p>
   </div>
   <div class='ocr_carea' id='block_1_74' title="bbox 2048 2634 3699 2712">
    <p class='ocr_par' dir='ltr' id='par_1_74' title="bbox 2048 2634 3699 2712">
     <span class='ocr_line' id='line_1_74' title="bbox 2048 2634 3699 2712; baseline 0.004 -23"><span class='ocrx_word' id='word_1_545' title='bbox 2048 2634 2167 2690; x_wconf 91' lang='lat' dir='ltr'>dux</span> <span class='ocrx_word' id='word_1_546' title='bbox 2213 2636 2477 2693; x_wconf 85' lang='lat' dir='ltr'>Andreas</span> <span class='ocrx_word' id='word_1_547' title='bbox 2524 2655 2728 2695; x_wconf 90' lang='lat' dir='ltr'>eorum</span> <span class='ocrx_word' id='word_1_548' title='bbox 2777 2639 3151 2697; x_wconf 87' lang='lat' dir='ltr'>insolentiam</span> <span class='ocrx_word' id='word_1_549' title='bbox 3207 2641 3589 2712; x_wconf 81' lang='lat' dir='ltr'>reprimebat.</span> <span class='ocrx_word' id='word_1_550' title='bbox 3639 2641 3699 2695; x_wconf 88' lang='lat' dir='ltr'>et</span> 
     </span>
    </p>
   </div>
   <div class='ocr_carea' id='block_1_75' title="bbox 2049 2723 3701 2802">
    <p class='ocr_par' dir='ltr' id='par_1_75' title="bbox 2049 2723 3701 2802">
     <span class='ocr_line' id='line_1_75' title="bbox 2049 2723 3701 2802; baseline 0.002 -23"><span class='ocrx_word' id='word_1_551' title='bbox 2049 2723 2250 2780; x_wconf 86' lang='lat' dir='ltr'>missis</span> <span class='ocrx_word' id='word_1_552' title='bbox 2280 2727 2353 2781; x_wconf 92' lang='lat' dir='ltr'>ad</span> <span class='ocrx_word' id='word_1_553' title='bbox 2385 2741 2447 2783; x_wconf 92' lang='lat' dir='ltr'>se</span> <span class='ocrx_word' id='word_1_554' title='bbox 2478 2727 2550 2783; x_wconf 88' lang='lat' dir='ltr'>ab</span> <span class='ocrx_word' id='word_1_555' title='bbox 2578 2730 2792 2784; x_wconf 86' lang='lat' dir='ltr'>Amera</span> <span class='ocrx_word' id='word_1_556' title='bbox 2816 2727 3183 2801; x_wconf 85' lang='lat' dir='ltr'>blasphemis</span> <span class='ocrx_word' id='word_1_557' title='bbox 3214 2728 3446 2800; x_wconf 87' lang='lat' dir='ltr'>litteris,</span> <span class='ocrx_word' id='word_1_558' title='bbox 3480 2729 3701 2802; x_wconf 87' lang='lat' dir='ltr'>quibus</span> 
     </span>
    </p>
   </div>
   <div class='ocr_carea' id='block_1_76' title="bbox 2049 2813 3698 2888">
    <p class='ocr_par' dir='ltr' id='par_1_76' title="bbox 2049 2813 3698 2888">
     <span class='ocr_line' id='line_1_76' title="bbox 2049 2813 3698 2888; baseline 0.002 -19"><span class='ocrx_word' id='word_1_559' title='bbox 2049 2813 2364 2885; x_wconf 82' lang='lat' dir='ltr'>scribebat,</span> <span class='ocrx_word' id='word_1_560' title='bbox 2395 2815 2445 2871; x_wconf 92' lang='lat' dir='ltr'>si</span> <span class='ocrx_word' id='word_1_561' title='bbox 2476 2815 2602 2888; x_wconf 91' lang='lat' dir='ltr'>ipse</span> <span class='ocrx_word' id='word_1_562' title='bbox 2628 2816 2795 2873; x_wconf 87' lang='lat' dir='ltr'>illum</span> <span class='ocrx_word' id='word_1_563' title='bbox 2830 2817 3165 2887; x_wconf 81' lang='lat' dir='ltr'>invasisset,</span> <span class='ocrx_word' id='word_1_564' title='bbox 3218 2818 3364 2874; x_wconf 90' lang='lat' dir='ltr'>nihil</span> <span class='ocrx_word' id='word_1_565' title='bbox 3422 2818 3475 2874; x_wconf 90' lang='lat' dir='ltr'>ei</span> <span class='ocrx_word' id='word_1_566' title='bbox 3502 2816 3698 2874; x_wconf 65' lang='lat' dir='ltr'>Mariae</span> 
     </span>
    </p>
   </div>
   <div class='ocr_carea' id='block_1_77' title="bbox 2046 2900 3697 2981">
    <p class='ocr_par' dir='ltr' id='par_1_77' title="bbox 2046 2900 3697 2981">
     <span class='ocr_line' id='line_1_77' title="bbox 2046 2900 3697 2981; baseline 0.004 -25"><span class='ocrx_word' id='word_1_567' title='bbox 2046 2900 2236 2958; x_wconf 83' lang='lat' dir='ltr'>ﬁlium</span> <span class='ocrx_word' id='word_1_568' title='bbox 2268 2903 2666 2975; x_wconf 86' lang='lat' dir='ltr'>profuturum,</span> <span class='ocrx_word' id='word_1_569' title='bbox 2692 2905 2794 2963; x_wconf 86' lang='lat' dir='ltr'>illa</span> <span class='ocrx_word' id='word_1_570' title='bbox 2823 2912 3057 2981; x_wconf 86' lang='lat' dir='ltr'>accepta</span> <span class='ocrx_word' id='word_1_571' title='bbox 3087 2906 3337 2980; x_wconf 87' lang='lat' dir='ltr'>epistola</span> <span class='ocrx_word' id='word_1_572' title='bbox 3366 2911 3425 2965; x_wconf 90' lang='lat' dir='ltr'>et</span> <span class='ocrx_word' id='word_1_573' title='bbox 3451 2905 3697 2980; x_wconf 86' lang='lat' dir='ltr'>imagini</span> 
     </span>
    </p>
   </div>
   <div class='ocr_carea' id='block_1_78' title="bbox 2046 2990 3697 3069">
    <p class='ocr_par' dir='ltr' id='par_1_78' title="bbox 2046 2990 3697 3069">
     <span class='ocr_line' id='line_1_78' title="bbox 2046 2990 3697 3069; baseline 0.004 -23"><span class='ocrx_word' id='word_1_574' title='bbox 2046 2990 2148 3047; x_wconf 90' lang='lat' dir='ltr'>Dei</span> <span class='ocrx_word' id='word_1_575' title='bbox 2177 2992 2381 3049; x_wconf 85' lang='lat' dir='ltr'>Matris</span> <span class='ocrx_word' id='word_1_576' title='bbox 2411 3010 2693 3067; x_wconf 88' lang='lat' dir='ltr'>appensa,</span> <span class='ocrx_word' id='word_1_577' title='bbox 2714 2995 2862 3052; x_wconf 83' lang='lat' dir='ltr'>dixit</span> <span class='ocrx_word' id='word_1_578' title='bbox 2893 3012 2906 3052; x_wconf 90' lang='lat'><strong>:</strong></span> <span class='ocrx_word' id='word_1_579' title='bbox 2940 2997 3561 3064; x_wconf 76' lang='lat' dir='ltr'>Domina,remunerare</span> <span class='ocrx_word' id='word_1_580' title='bbox 3579 2999 3697 3069; x_wconf 76' lang='lat' dir='ltr'>fre-</span> 
     </span>
    </p>
   </div>
   <div class='ocr_carea' id='block_1_79' title="bbox 2045 3081 3692 3157">
    <p class='ocr_par' dir='ltr' id='par_1_79' title="bbox 2045 3081 3692 3157">
     <span class='ocr_line' id='line_1_79' title="bbox 2045 3081 3692 3157; baseline 0.004 -21"><span class='ocrx_word' id='word_1_581' title='bbox 2045 3081 2243 3137; x_wconf 78' lang='lat' dir='ltr'>mitum</span> <span class='ocrx_word' id='word_1_582' title='bbox 2273 3082 2519 3139; x_wconf 77' lang='lat' dir='ltr'>hominis</span> <span class='ocrx_word' id='word_1_583' title='bbox 2549 3086 2883 3157; x_wconf 78' lang='lat' dir='ltr'>arrogantis.</span> <span class='ocrx_word' id='word_1_584' title='bbox 2918 3085 3021 3142; x_wconf 80' lang='lat' dir='ltr'>His</span> <span class='ocrx_word' id='word_1_585' title='bbox 3052 3084 3248 3152; x_wconf 85' lang='lat' dir='ltr'>dictis,</span> <span class='ocrx_word' id='word_1_586' title='bbox 3281 3090 3488 3143; x_wconf 89' lang='lat' dir='ltr'>contra</span> <span class='ocrx_word' id='word_1_587' title='bbox 3530 3084 3692 3142; x_wconf 87' lang='lat' dir='ltr'>blas-</span> 
     </span>
    </p>
   </div>
   <div class='ocr_carea' id='block_1_80' title="bbox 2045 3169 3690 3249">
    <p class='ocr_par' dir='ltr' id='par_1_80' title="bbox 2045 3169 3690 3249">
     <span class='ocr_line' id='line_1_80' title="bbox 2045 3169 3690 3249; baseline 0.004 -24"><span class='ocrx_word' id='word_1_588' title='bbox 2045 3169 2327 3243; x_wconf 90' lang='lat' dir='ltr'>phemum</span> <span class='ocrx_word' id='word_1_589' title='bbox 2359 3172 2558 3229; x_wconf 87' lang='lat' dir='ltr'>eduxit</span> <span class='ocrx_word' id='word_1_590' title='bbox 2576 3173 3239 3249; x_wconf 89' lang='lat' dir='ltr'>copias,commissaque</span> <span class='ocrx_word' id='word_1_591' title='bbox 3266 3174 3690 3248; x_wconf 85' lang='lat' dir='ltr'>pugna,hostes</span> 
     </span>
    </p>
   </div>
   <div class='ocr_carea' id='block_1_81' title="bbox 2046 3258 3690 3336">
    <p class='ocr_par' dir='ltr' id='par_1_81' title="bbox 2046 3258 3690 3336">
     <span class='ocr_line' id='line_1_81' title="bbox 2046 3258 3690 3336; baseline 0.003 -22"><span class='ocrx_word' id='word_1_592' title='bbox 2046 3259 2106 3315; x_wconf 94' lang='lat' dir='ltr'>in</span> <span class='ocrx_word' id='word_1_593' title='bbox 2135 3258 2333 3331; x_wconf 83' lang='lat' dir='ltr'>fugam</span> <span class='ocrx_word' id='word_1_594' title='bbox 2366 3262 2544 3332; x_wconf 89' lang='lat' dir='ltr'>versi,</span> <span class='ocrx_word' id='word_1_595' title='bbox 2575 3262 2833 3319; x_wconf 85' lang='lat' dir='ltr'>maxime</span> <span class='ocrx_word' id='word_1_596' title='bbox 2861 3279 2929 3320; x_wconf 87' lang='lat' dir='ltr'>ex</span> <span class='ocrx_word' id='word_1_597' title='bbox 2959 3269 3122 3336; x_wconf 89' lang='lat' dir='ltr'>parte</span> <span class='ocrx_word' id='word_1_598' title='bbox 3171 3263 3410 3331; x_wconf 85' lang='lat' dir='ltr'>cadunt,</span> <span class='ocrx_word' id='word_1_599' title='bbox 3442 3265 3690 3336; x_wconf 86' lang='lat' dir='ltr'>ipseque</span> 
     </span>
    </p>
   </div>
   <div class='ocr_carea' id='block_1_82' title="bbox 2043 3350 3690 3426">
    <p class='ocr_par' dir='ltr' id='par_1_82' title="bbox 2043 3350 3690 3426">
     <span class='ocr_line' id='line_1_82' title="bbox 2043 3350 3690 3426; baseline 0.004 -23"><span class='ocrx_word' id='word_1_600' title='bbox 2043 3350 2292 3405; x_wconf 88' lang='lat' dir='ltr'>Ameras</span> <span class='ocrx_word' id='word_1_601' title='bbox 2312 3350 2644 3423; x_wconf 86' lang='lat' dir='ltr'>jugulatur,</span> <span class='ocrx_word' id='word_1_602' title='bbox 2678 3352 2878 3424; x_wconf 86' lang='lat' dir='ltr'>paucis</span> <span class='ocrx_word' id='word_1_603' title='bbox 2911 3353 3047 3426; x_wconf 84' lang='lat' dir='ltr'>fuga</span> <span class='ocrx_word' id='word_1_604' title='bbox 3068 3352 3303 3424; x_wconf 85' lang='lat' dir='ltr'>elapsis.</span> <span class='ocrx_word' id='word_1_605' title='bbox 3328 3354 3438 3409; x_wconf 88' lang='lat' dir='ltr'>Sed</span> <span class='ocrx_word' id='word_1_606' title='bbox 3473 3354 3592 3409; x_wconf 83' lang='lat' dir='ltr'>dux</span> <span class='ocrx_word' id='word_1_607' title='bbox 3620 3369 3690 3410; x_wconf 82' lang='lat' dir='ltr'>ex</span> 
     </span>
    </p>
   </div>
   <div class='ocr_carea' id='block_1_83' title="bbox 2044 3437 3693 3514">
    <p class='ocr_par' dir='ltr' id='par_1_83' title="bbox 2044 3437 3693 3514">
     <span class='ocr_line' id='line_1_83' title="bbox 2044 3437 3693 3514; baseline 0.002 -22"><span class='ocrx_word' id='word_1_608' title='bbox 2044 3437 2263 3494; x_wconf 88' lang='lat' dir='ltr'>invidia</span> <span class='ocrx_word' id='word_1_609' title='bbox 2284 3438 2941 3511; x_wconf 88' lang='lat' dir='ltr'>delatus,cumTarsum</span> <span class='ocrx_word' id='word_1_610' title='bbox 2961 3441 3136 3497; x_wconf 87' lang='lat' dir='ltr'>etiam</span> <span class='ocrx_word' id='word_1_611' title='bbox 3154 3457 3358 3514; x_wconf 86' lang='lat' dir='ltr'>capere</span> <span class='ocrx_word' id='word_1_612' title='bbox 3381 3440 3693 3514; x_wconf 87' lang='lat' dir='ltr'>potuisset,</span> 
     </span>
    </p>
   </div>
   <div class='ocr_carea' id='block_1_84' title="bbox 2044 3526 3693 3603">
    <p class='ocr_par' dir='ltr' id='par_1_84' title="bbox 2044 3526 3693 3603">
     <span class='ocr_line' id='line_1_84' title="bbox 2044 3526 3693 3603; baseline 0.002 -20"><span class='ocrx_word' id='word_1_613' title='bbox 2044 3526 2304 3585; x_wconf 90' lang='lat' dir='ltr'>noluisse</span> <span class='ocrx_word' id='word_1_614' title='bbox 2341 3546 2354 3585; x_wconf 93' lang='lat'>:</span> <span class='ocrx_word' id='word_1_615' title='bbox 2386 3529 2705 3601; x_wconf 89' lang='lat' dir='ltr'>imperator</span> <span class='ocrx_word' id='word_1_616' title='bbox 2734 3530 3010 3586; x_wconf 87' lang='lat' dir='ltr'>ducatum</span> <span class='ocrx_word' id='word_1_617' title='bbox 3043 3528 3128 3584; x_wconf 88' lang='lat' dir='ltr'>illi</span> <span class='ocrx_word' id='word_1_618' title='bbox 3156 3531 3499 3603; x_wconf 88' lang='lat' dir='ltr'>ademptum</span> <span class='ocrx_word' id='word_1_619' title='bbox 3529 3531 3693 3602; x_wconf 83' lang='lat' dir='ltr'>Styp-</span> 
     </span>
    </p>
   </div>
   <div class='ocr_carea' id='block_1_85' title="bbox 2044 3616 3695 3690">
    <p class='ocr_par' dir='ltr' id='par_1_85' title="bbox 2044 3616 3695 3690">
     <span class='ocr_line' id='line_1_85' title="bbox 2044 3616 3695 3690; baseline 0.002 -19"><span class='ocrx_word' id='word_1_620' title='bbox 2044 3617 2217 3688; x_wconf 69' lang='lat' dir='ltr'>piotzs</span> <span class='ocrx_word' id='word_1_621' title='bbox 2244 3616 2443 3688; x_wconf 78' lang='lat' dir='ltr'>tradit,</span> <span class='ocrx_word' id='word_1_622' title='bbox 2474 3624 2531 3674; x_wconf 85' lang='lat' dir='ltr'>et</span> <span class='ocrx_word' id='word_1_623' title='bbox 2578 3618 2742 3674; x_wconf 87' lang='lat' dir='ltr'>Tarsi</span> <span class='ocrx_word' id='word_1_624' title='bbox 2791 3618 3081 3674; x_wconf 75' lang='lat' dir='ltr'>excidium</span> <span class='ocrx_word' id='word_1_625' title='bbox 3135 3617 3454 3690; x_wconf 89' lang='lat' dir='ltr'>pollicenti,</span> <span class='ocrx_word' id='word_1_626' title='bbox 3488 3622 3544 3675; x_wconf 92' lang='lat' dir='ltr'>et</span> <span class='ocrx_word' id='word_1_627' title='bbox 3574 3617 3695 3675; x_wconf 88' lang='lat' dir='ltr'>alia</span> 
     </span>
    </p>
   </div>
   <div class='ocr_carea' id='block_1_86' title="bbox 2044 3705 3692 3779">
    <p class='ocr_par' dir='ltr' id='par_1_86' title="bbox 2044 3705 3692 3779">
     <span class='ocr_line' id='line_1_86' title="bbox 2044 3705 3692 3779; baseline 0.001 -18"><span class='ocrx_word' id='word_1_628' title='bbox 2044 3705 2713 3779; x_wconf 77' lang='lat' dir='ltr'>magniﬁcajuveniliter</span> <span class='ocrx_word' id='word_1_629' title='bbox 2726 3706 3006 3779; x_wconf 87' lang='lat' dir='ltr'>jactanti:</span> <span class='ocrx_word' id='word_1_630' title='bbox 3030 3706 3290 3779; x_wconf 87' lang='lat' dir='ltr'>quiadeo</span> <span class='ocrx_word' id='word_1_631' title='bbox 3317 3705 3464 3762; x_wconf 88' lang='lat' dir='ltr'>nihil</span> <span class='ocrx_word' id='word_1_632' title='bbox 3486 3723 3692 3763; x_wconf 89' lang='lat' dir='ltr'>eorum</span> 
     </span>
    </p>
   </div>
   <div class='ocr_carea' id='block_1_87' title="bbox 2042 3794 3693 3868">
    <p class='ocr_par' dir='ltr' id='par_1_87' title="bbox 2042 3794 3693 3868">
     <span class='ocr_line' id='line_1_87' title="bbox 2042 3794 3693 3868; baseline 0.001 -19"><span class='ocrx_word' id='word_1_633' title='bbox 2042 3811 2169 3867; x_wconf 69' lang='lat' dir='ltr'>quae</span> <span class='ocrx_word' id='word_1_634' title='bbox 2201 3794 2586 3868; x_wconf 87' lang='lat' dir='ltr'>gloriabatur,</span> <span class='ocrx_word' id='word_1_635' title='bbox 2635 3795 2843 3863; x_wconf 73' lang='lat' dir='ltr'>effecit,</span> <span class='ocrx_word' id='word_1_636' title='bbox 2878 3800 2942 3851; x_wconf 89' lang='lat' dir='ltr'>ut</span> <span class='ocrx_word' id='word_1_637' title='bbox 2997 3795 3174 3851; x_wconf 90' lang='lat' dir='ltr'>etiam</span> <span class='ocrx_word' id='word_1_638' title='bbox 3206 3811 3276 3851; x_wconf 88' lang='lat' dir='ltr'>ex</span> <span class='ocrx_word' id='word_1_639' title='bbox 3327 3794 3693 3868; x_wconf 85' lang='lat' dir='ltr'>negligentia</span> 
     </span>
    </p>
   </div>
   <div class='ocr_carea' id='block_1_88' title="bbox 2040 3883 3687 3942">
    <p class='ocr_par' dir='ltr' id='par_1_88' title="bbox 2040 3883 3687 3942">
     <span class='ocr_line' id='line_1_88' title="bbox 2040 3883 3687 3942; baseline 0.001 -3"><span class='ocrx_word' id='word_1_640' title='bbox 2040 3887 2097 3939; x_wconf 85' lang='lat' dir='ltr'>et</span> <span class='ocrx_word' id='word_1_641' title='bbox 2127 3883 2559 3941; x_wconf 81' lang='lat' dir='ltr'>inconsiderata</span> <span class='ocrx_word' id='word_1_642' title='bbox 2604 3884 3129 3942; x_wconf 84' lang='lat' dir='ltr'>castrametatione.</span> <span class='ocrx_word' id='word_1_643' title='bbox 3164 3884 3224 3941; x_wconf 92' lang='lat' dir='ltr'>in</span> <span class='ocrx_word' id='word_1_644' title='bbox 3273 3883 3497 3941; x_wconf 86' lang='lat' dir='ltr'>cladem</span> <span class='ocrx_word' id='word_1_645' title='bbox 3538 3884 3687 3941; x_wconf 89' lang='lat' dir='ltr'>inci-</span> 
     </span>
    </p>
   </div>
   <div class='ocr_carea' id='block_1_89' title="bbox 2040 3972 3686 4047">
    <p class='ocr_par' dir='ltr' id='par_1_89' title="bbox 2040 3972 3686 4047">
     <span class='ocr_line' id='line_1_89' title="bbox 2040 3972 3686 4047; baseline 0.002 -19"><span class='ocrx_word' id='word_1_646' title='bbox 2040 3972 2212 4029; x_wconf 90' lang='lat' dir='ltr'>derit.</span> <span class='ocrx_word' id='word_1_647' title='bbox 2238 3973 2386 4030; x_wconf 85' lang='lat' dir='ltr'>Nam</span> <span class='ocrx_word' id='word_1_648' title='bbox 2416 3973 2657 4030; x_wconf 84' lang='lat' dir='ltr'>Barbari</span> <span class='ocrx_word' id='word_1_649' title='bbox 2685 3978 2877 4030; x_wconf 87' lang='lat' dir='ltr'>castra</span> <span class='ocrx_word' id='word_1_650' title='bbox 2919 3974 3070 4046; x_wconf 86' lang='lat' dir='ltr'>ejus,</span> <span class='ocrx_word' id='word_1_651' title='bbox 3101 3973 3163 4030; x_wconf 91' lang='lat' dir='ltr'>in</span> <span class='ocrx_word' id='word_1_652' title='bbox 3211 3974 3429 4047; x_wconf 87' lang='lat' dir='ltr'>quibus</span> <span class='ocrx_word' id='word_1_653' title='bbox 3485 3973 3686 4031; x_wconf 87' lang='lat' dir='ltr'>nullae</span> 
     </span>
    </p>
   </div>
   <div class='ocr_carea' id='block_1_90' title="bbox 2041 4062 3685 4137">
    <p class='ocr_par' dir='ltr' id='par_1_90' title="bbox 2041 4062 3685 4137">
     <span class='ocr_line' id='line_1_90' title="bbox 2041 4062 3685 4137; baseline 0.002 -19"><span class='ocrx_word' id='word_1_654' title='bbox 2041 4062 2134 4135; x_wconf 90' lang='lat' dir='ltr'>agi</span> <span class='ocrx_word' id='word_1_655' title='bbox 2164 4063 2439 4120; x_wconf 86' lang='lat' dir='ltr'>excubias</span> <span class='ocrx_word' id='word_1_656' title='bbox 2485 4068 2833 4137; x_wconf 83' lang='lat' dir='ltr'>cognorant,</span> <span class='ocrx_word' id='word_1_657' title='bbox 2892 4068 3066 4120; x_wconf 91' lang='lat' dir='ltr'>noctu</span> <span class='ocrx_word' id='word_1_658' title='bbox 3131 4063 3415 4136; x_wconf 86' lang='lat' dir='ltr'>aggressi,</span> <span class='ocrx_word' id='word_1_659' title='bbox 3467 4062 3685 4121; x_wconf 87' lang='lat' dir='ltr'>multos</span> 
     </span>
    </p>
   </div>
   <div class='ocr_carea' id='block_1_91' title="bbox 2040 4151 3684 4226">
    <p class='ocr_par' dir='ltr' id='par_1_91' title="bbox 2040 4151 3684 4226">
     <span class='ocr_line' id='line_1_91' title="bbox 2040 4151 3684 4226; baseline 0 -19"><span class='ocrx_word' id='word_1_660' title='bbox 2040 4152 2399 4220; x_wconf 60' lang='lat' dir='ltr'>credunt,sed</span> <span class='ocrx_word' id='word_1_661' title='bbox 2429 4151 2626 4224; x_wconf 90' lang='lat' dir='ltr'>plures</span> <span class='ocrx_word' id='word_1_662' title='bbox 2658 4168 2692 4207; x_wconf 90' lang='lat' dir='ltr'>a</span> <span class='ocrx_word' id='word_1_663' title='bbox 2717 4169 2845 4209; x_wconf 90' lang='lat' dir='ltr'>sese</span> <span class='ocrx_word' id='word_1_664' title='bbox 2867 4152 3115 4209; x_wconf 90' lang='lat' dir='ltr'>invicem</span> <span class='ocrx_word' id='word_1_665' title='bbox 3143 4152 3342 4209; x_wconf 90' lang='lat' dir='ltr'>obtriti</span> <span class='ocrx_word' id='word_1_666' title='bbox 3363 4153 3684 4226; x_wconf 88' lang='lat' dir='ltr'>perierunt,</span> 
     </span>
    </p>
   </div>
   <div class='ocr_carea' id='block_1_92' title="bbox 2037 4239 3688 4314">
    <p class='ocr_par' dir='ltr' id='par_1_92' title="bbox 2037 4239 3688 4314">
     <span class='ocr_line' id='line_1_92' title="bbox 2037 4239 3688 4314; baseline 0.001 -19"><span class='ocrx_word' id='word_1_667' title='bbox 2037 4239 2235 4311; x_wconf 87' lang='lat' dir='ltr'>itaque</span> <span class='ocrx_word' id='word_1_668' title='bbox 2265 4241 2601 4313; x_wconf 88' lang='lat' dir='ltr'>superiores</span> <span class='ocrx_word' id='word_1_669' title='bbox 2628 4241 2789 4297; x_wconf 85' lang='lat' dir='ltr'>fuere</span> <span class='ocrx_word' id='word_1_670' title='bbox 2818 4241 3088 4314; x_wconf 87' lang='lat' dir='ltr'>Agareni.</span> <span class='ocrx_word' id='word_1_671' title='bbox 3121 4242 3201 4298; x_wconf 85' lang='lat' dir='ltr'>Eo</span> <span class='ocrx_word' id='word_1_672' title='bbox 3249 4257 3445 4297; x_wconf 88' lang='lat' dir='ltr'>rerum</span> <span class='ocrx_word' id='word_1_673' title='bbox 3481 4240 3688 4297; x_wconf 91' lang='lat' dir='ltr'>Orien-</span> 
     </span>
    </p>
   </div>
   <div class='ocr_carea' id='block_1_93' title="bbox 2037 4328 3689 4402">
    <p class='ocr_par' dir='ltr' id='par_1_93' title="bbox 2037 4328 3689 4402">
     <span class='ocr_line' id='line_1_93' title="bbox 2037 4328 3689 4402; baseline 0.001 -18"><span class='ocrx_word' id='word_1_674' title='bbox 2037 4328 2247 4386; x_wconf 89' lang='lat' dir='ltr'>talium</span> <span class='ocrx_word' id='word_1_675' title='bbox 2298 4334 2478 4401; x_wconf 87' lang='lat' dir='ltr'>statu,</span> <span class='ocrx_word' id='word_1_676' title='bbox 2531 4329 2813 4386; x_wconf 80' lang='lat' dir='ltr'>Occidens</span> <span class='ocrx_word' id='word_1_677' title='bbox 2861 4330 3031 4402; x_wconf 89' lang='lat' dir='ltr'>pejus</span> <span class='ocrx_word' id='word_1_678' title='bbox 3076 4330 3255 4386; x_wconf 89' lang='lat' dir='ltr'>etiam</span> <span class='ocrx_word' id='word_1_679' title='bbox 3302 4346 3365 4386; x_wconf 91' lang='lat' dir='ltr'>se</span> <span class='ocrx_word' id='word_1_680' title='bbox 3413 4329 3689 4387; x_wconf 88' lang='lat' dir='ltr'>habebat.</span> 
     </span>
    </p>
   </div>
   <div class='ocr_carea' id='block_1_94' title="bbox 2037 4418 3689 4491">
    <p class='ocr_par' dir='ltr' id='par_1_94' title="bbox 2037 4418 3689 4491">
     <span class='ocr_line' id='line_1_94' title="bbox 2037 4418 3689 4491; baseline 0 -17"><span class='ocrx_word' id='word_1_681' title='bbox 2037 4418 2184 4475; x_wconf 87' lang='lat' dir='ltr'>Nam</span> <span class='ocrx_word' id='word_1_682' title='bbox 2218 4418 2384 4475; x_wconf 89' lang='lat' dir='ltr'>Italia</span> <span class='ocrx_word' id='word_1_683' title='bbox 2414 4436 2540 4491; x_wconf 67' lang='lat' dir='ltr'>quae</span> <span class='ocrx_word' id='word_1_684' title='bbox 2585 4419 2868 4475; x_wconf 83' lang='lat' dir='ltr'>Romanis</span> <span class='ocrx_word' id='word_1_685' title='bbox 2917 4418 3376 4490; x_wconf 88' lang='lat' dir='ltr'>imperatoribus</span> <span class='ocrx_word' id='word_1_686' title='bbox 3422 4418 3689 4491; x_wconf 89' lang='lat' dir='ltr'>parebat,</span> 
     </span>
    </p>
   </div>
   <div class='ocr_carea' id='block_1_95' title="bbox 2039 4506 3691 4580">
    <p class='ocr_par' dir='ltr' id='par_1_95' title="bbox 2039 4506 3691 4580">
     <span class='ocr_line' id='line_1_95' title="bbox 2039 4506 3691 4580; baseline 0 -17"><span class='ocrx_word' id='word_1_687' title='bbox 2039 4514 2096 4563; x_wconf 89' lang='lat' dir='ltr'>et</span> <span class='ocrx_word' id='word_1_688' title='bbox 2126 4508 2384 4564; x_wconf 85' lang='lat' dir='ltr'>maxima</span> <span class='ocrx_word' id='word_1_689' title='bbox 2415 4507 2625 4565; x_wconf 66' lang='lat' dir='ltr'>Sicilia</span> <span class='ocrx_word' id='word_1_690' title='bbox 2656 4523 2815 4580; x_wconf 88' lang='lat' dir='ltr'>pars,</span> <span class='ocrx_word' id='word_1_691' title='bbox 2851 4506 3166 4580; x_wconf 63' lang='lat' dir='ltr'>multaeque</span> <span class='ocrx_word' id='word_1_692' title='bbox 3190 4512 3394 4580; x_wconf 87' lang='lat' dir='ltr'>gentes</span> <span class='ocrx_word' id='word_1_693' title='bbox 3424 4507 3691 4577; x_wconf 74' lang='lat' dir='ltr'>aliaa,sub</span> 
     </span>
    </p>
   </div>
   <div class='ocr_carea' id='block_1_96' title="bbox 2040 4595 3685 4669">
    <p class='ocr_par' dir='ltr' id='par_1_96' title="bbox 2040 4595 3685 4669">
     <span class='ocr_line' id='line_1_96' title="bbox 2040 4595 3685 4669; baseline -0.001 -13"><span class='ocrx_word' id='word_1_694' title='bbox 2040 4596 2323 4656; x_wconf 87' lang='lat' dir='ltr'>Michaele</span> <span class='ocrx_word' id='word_1_695' title='bbox 2352 4596 2676 4654; x_wconf 73' lang='lat' dir='ltr'>tributariae</span> <span class='ocrx_word' id='word_1_696' title='bbox 2709 4596 2869 4653; x_wconf 70' lang='lat' dir='ltr'>factas</span> <span class='ocrx_word' id='word_1_697' title='bbox 2918 4601 3057 4653; x_wconf 85' lang='lat' dir='ltr'>sunt</span> <span class='ocrx_word' id='word_1_698' title='bbox 3106 4595 3685 4669; x_wconf 86' lang='lat' dir='ltr'>Carthaginensibus.</span> 
     </span>
    </p>
   </div>
   <div class='ocr_carea' id='block_1_97' title="bbox 2037 4684 3689 4760">
    <p class='ocr_par' dir='ltr' id='par_1_97' title="bbox 2037 4684 3689 4760">
     <span class='ocr_line' id='line_1_97' title="bbox 2037 4684 3689 4760; baseline -0.002 -15"><span class='ocrx_word' id='word_1_699' title='bbox 2037 4686 2534 4760; x_wconf 85' lang='lat' dir='ltr'>Carthaginenses</span> <span class='ocrx_word' id='word_1_700' title='bbox 2582 4684 2739 4741; x_wconf 89' lang='lat' dir='ltr'>enim</span> <span class='ocrx_word' id='word_1_701' title='bbox 2799 4686 3072 4759; x_wconf 88' lang='lat' dir='ltr'>Agareni,</span> <span class='ocrx_word' id='word_1_702' title='bbox 3123 4684 3312 4741; x_wconf 87' lang='lat' dir='ltr'>classe</span> <span class='ocrx_word' id='word_1_703' title='bbox 3375 4685 3689 4753; x_wconf 87' lang='lat' dir='ltr'>instructa,</span> 
     </span>
    </p>
   </div>
   <div class='ocr_carea' id='block_1_98' title="bbox 2039 4773 3694 4848">
    <p class='ocr_par' dir='ltr' id='par_1_98' title="bbox 2039 4773 3694 4848">
     <span class='ocr_line' id='line_1_98' title="bbox 2039 4773 3694 4848; baseline -0.001 -15"><span class='ocrx_word' id='word_1_704' title='bbox 2039 4776 2363 4848; x_wconf 89' lang='lat' dir='ltr'>multisque</span> <span class='ocrx_word' id='word_1_705' title='bbox 2410 4773 2707 4847; x_wconf 88' lang='lat' dir='ltr'>oppidulis</span> <span class='ocrx_word' id='word_1_706' title='bbox 2741 4774 2954 4847; x_wconf 89' lang='lat' dir='ltr'>captis,</span> <span class='ocrx_word' id='word_1_707' title='bbox 3018 4774 3345 4847; x_wconf 85' lang='lat' dir='ltr'>Ragueium</span> <span class='ocrx_word' id='word_1_708' title='bbox 3418 4773 3694 4831; x_wconf 84' lang='lat' dir='ltr'>obsident</span> 
     </span>
    </p>
   </div>
   <div class='ocr_carea' id='block_1_99' title="bbox 273 4853 1933 4939">
    <p class='ocr_par' dir='ltr' id='par_1_99' title="bbox 273 4853 1933 4939">
     <span class='ocr_line' id='line_1_99' title="bbox 273 4853 1933 4939; baseline 0.004 -25"><span class='ocrx_word' id='word_1_709' title='bbox 273 4856 487 4914; x_wconf 71' lang='grc' dir='ltr'>ἐκείνου</span> <span class='ocrx_word' id='word_1_710' title='bbox 544 4853 910 4933; x_wconf 85' lang='grc' dir='ltr'>στρατόπεδον</span> <span class='ocrx_word' id='word_1_711' title='bbox 967 4853 1292 4935; x_wconf 75' lang='grc' dir='ltr'>ἀφυλάκτώς</span> <span class='ocrx_word' id='word_1_712' title='bbox 1342 4854 1493 4935; x_wconf 80' lang='grc' dir='ltr'>ἔχον,</span> <span class='ocrx_word' id='word_1_713' title='bbox 1546 4863 1734 4926; x_wconf 84' lang='grc' dir='ltr'>νυκτὸς</span> <span class='ocrx_word' id='word_1_714' title='bbox 1785 4864 1933 4939; x_wconf 82' lang='grc' dir='ltr'>αὐτῷ</span> 
     </span>
    </p>
   </div>
   <div class='ocr_carea' id='block_1_100' title="bbox 2043 4853 3759 4939">
    <p class='ocr_par' dir='ltr' id='par_1_100' title="bbox 2044 4861 3759 4938">
     <span class='ocr_line' id='line_1_100' title="bbox 2044 4861 3759 4938; baseline 0.002 -16"><span class='ocrx_word' id='word_1_715' title='bbox 2044 4865 2365 4938; x_wconf 79' lang='lat' dir='ltr'>Ragusinis</span> <span class='ocrx_word' id='word_1_716' title='bbox 2394 4879 2499 4936; x_wconf 90' lang='lat' dir='ltr'>per</span> <span class='ocrx_word' id='word_1_717' title='bbox 2525 4862 2751 4936; x_wconf 89' lang='lat' dir='ltr'>legatos</span> <span class='ocrx_word' id='word_1_718' title='bbox 2781 4861 2999 4920; x_wconf 86' lang='lat' dir='ltr'>auxilia</span> <span class='ocrx_word' id='word_1_719' title='bbox 3030 4862 3391 4937; x_wconf 87' lang='lat' dir='ltr'>petentibus,</span> <span class='ocrx_word' id='word_1_720' title='bbox 3441 4862 3692 4921; x_wconf 89' lang='lat' dir='ltr'>Basilius</span> <span class='ocrx_word' id='word_1_721' title='bbox 3754 4920 3759 4925; x_wconf 90' lang='lat'>.</span> 
     </span>
    </p>
   </div>
   <div class='ocr_carea' id='block_1_101' title="bbox 274 4942 1932 5022">
    <p class='ocr_par' dir='ltr' id='par_1_101' title="bbox 274 4942 1932 5022">
     <span class='ocr_line' id='line_1_101' title="bbox 274 4942 1932 5022; baseline 0.004 -20"><span class='ocrx_word' id='word_1_722' title='bbox 274 4944 624 5016; x_wconf 77' lang='grc' dir='ltr'>ἐπιτίθενται,</span> <span class='ocrx_word' id='word_1_723' title='bbox 678 4944 773 4999; x_wconf 81' lang='grc' dir='ltr'>κάἱ</span> <span class='ocrx_word' id='word_1_724' title='bbox 821 4943 1104 5022; x_wconf 79' lang='grc' dir='ltr'>ἀναιροῦσι</span> <span class='ocrx_word' id='word_1_725' title='bbox 1159 4942 1431 5019; x_wconf 84' lang='grc' dir='ltr'>πολλοὺς,</span> <span class='ocrx_word' id='word_1_726' title='bbox 1490 4950 1541 5006; x_wconf 75' lang='grc' dir='ltr'>οἱ</span> <span class='ocrx_word' id='word_1_727' title='bbox 1598 4948 1821 5017; x_wconf 85' lang='grc' dir='ltr'>πλείους</span> <span class='ocrx_word' id='word_1_728' title='bbox 1872 4951 1932 5009; x_wconf 67' lang='grc' dir='ltr'>δὲ</span> 
     </span>
    </p>
   </div>
   <div class='ocr_carea' id='block_1_102' title="bbox 278 5031 1930 5115">
    <p class='ocr_par' dir='ltr' id='par_1_102' title="bbox 278 5031 1930 5115">
     <span class='ocr_line' id='line_1_102' title="bbox 278 5031 1930 5115; baseline 0.005 -24"><span class='ocrx_word' id='word_1_729' title='bbox 278 5036 370 5091; x_wconf 72' lang='grc' dir='ltr'>ὑπ’</span> <span class='ocrx_word' id='word_1_730' title='bbox 401 5032 669 5106; x_wconf 74' lang='grc' dir='ltr'>ἀλλήλων</span> <span class='ocrx_word' id='word_1_731' title='bbox 702 5033 1151 5109; x_wconf 79' lang='grc' dir='ltr'>συμπατούμενοί</span> <span class='ocrx_word' id='word_1_732' title='bbox 1200 5031 1587 5115; x_wconf 75' lang='grc' dir='ltr'>διεφθείροντο,</span> <span class='ocrx_word' id='word_1_733' title='bbox 1620 5041 1710 5097; x_wconf 81' lang='grc' dir='ltr'>καὶ</span> <span class='ocrx_word' id='word_1_734' title='bbox 1757 5039 1930 5106; x_wconf 75' lang='grc' dir='ltr'>οὕτως</span> 
     </span>
    </p>
   </div>
   <div class='ocr_carea' id='block_1_103' title="bbox 2040 4950 3693 5026">
    <p class='ocr_par' dir='ltr' id='par_1_103' title="bbox 2040 4950 3693 5026">
     <span class='ocr_line' id='line_1_103' title="bbox 2040 4950 3693 5026; baseline -0.002 -13"><span class='ocrx_word' id='word_1_735' title='bbox 2040 4958 2277 5013; x_wconf 83' lang='lat' dir='ltr'>centum</span> <span class='ocrx_word' id='word_1_736' title='bbox 2310 4968 2487 5010; x_wconf 75' lang='lat' dir='ltr'>naves</span> <span class='ocrx_word' id='word_1_737' title='bbox 2514 4950 2755 5009; x_wconf 89' lang='lat' dir='ltr'>bellicas</span> <span class='ocrx_word' id='word_1_738' title='bbox 2782 4950 3046 5009; x_wconf 90' lang='lat' dir='ltr'>subsidio</span> <span class='ocrx_word' id='word_1_739' title='bbox 3075 4951 3278 5023; x_wconf 89' lang='lat' dir='ltr'>mittit,</span> <span class='ocrx_word' id='word_1_740' title='bbox 3312 4970 3458 5026; x_wconf 87' lang='lat' dir='ltr'>quas</span> <span class='ocrx_word' id='word_1_741' title='bbox 3490 4957 3693 5011; x_wconf 85' lang='lat' dir='ltr'>contra</span> 
     </span>
    </p>
   </div>
   <div class='ocr_carea' id='block_1_104' title="bbox 2041 5040 3691 5118">
    <p class='ocr_par' dir='ltr' id='par_1_104' title="bbox 2041 5040 3691 5118">
     <span class='ocr_line' id='line_1_104' title="bbox 2041 5040 3691 5118; baseline -0.001 -15"><span class='ocrx_word' id='word_1_742' title='bbox 2041 5060 2105 5103; x_wconf 87' lang='lat' dir='ltr'>se</span> <span class='ocrx_word' id='word_1_743' title='bbox 2137 5044 2222 5102; x_wconf 89' lang='lat' dir='ltr'>ire</span> <span class='ocrx_word' id='word_1_744' title='bbox 2255 5041 2502 5118; x_wconf 78' lang='lat' dir='ltr'>Agareni</span> <span class='ocrx_word' id='word_1_745' title='bbox 2531 5040 2633 5101; x_wconf 88' lang='lat' dir='ltr'>ubi</span> <span class='ocrx_word' id='word_1_746' title='bbox 2671 5045 3090 5115; x_wconf 86' lang='lat' dir='ltr'>cognoverunt,</span> <span class='ocrx_word' id='word_1_747' title='bbox 3138 5040 3333 5102; x_wconf 87' lang='lat' dir='ltr'>soluta</span> <span class='ocrx_word' id='word_1_748' title='bbox 3383 5042 3691 5103; x_wconf 87' lang='lat' dir='ltr'>obsidione</span> 
     </span>
    </p>
   </div>
   <div class='ocr_carea' id='block_1_105' title="bbox 1537 5222 2413 5289">
    <p class='ocr_par' dir='ltr' id='par_1_105' title="bbox 1537 5222 2413 5289">
     <span class='ocr_line' id='line_1_105' title="bbox 1537 5222 2413 5289; baseline 0.003 -5"><span class='ocrx_word' id='word_1_749' title='bbox 1537 5222 1742 5287; x_wconf 64' lang='lat' dir='ltr'>Variae</span> <span class='ocrx_word' id='word_1_750' title='bbox 1781 5224 2082 5289; x_wconf 84' lang='lat' dir='ltr'>lectiones</span> <span class='ocrx_word' id='word_1_751' title='bbox 2111 5229 2174 5289; x_wconf 87' lang='lat' dir='ltr'>et</span> <span class='ocrx_word' id='word_1_752' title='bbox 2219 5228 2413 5288; x_wconf 60' lang='lat' dir='ltr'>notas.</span> 
     </span>
    </p>
   </div>
   <div class='ocr_carea' id='block_1_106' title="bbox 270 5371 1931 5469">
    <p class='ocr_par' dir='ltr' id='par_1_106' title="bbox 270 5371 1931 5469">
     <span class='ocr_line' id='line_1_106' title="bbox 270 5371 1931 5469; baseline 0 0"><span class='ocrx_word' id='word_1_753' title='bbox 270 5371 648 5469; x_wconf 42' lang='grc' dir='ltr'>ξῷηβξίξιὶεῖι</span> <span class='ocrx_word' id='word_1_754' title='bbox 671 5373 1391 5469; x_wconf 54' lang='grc' dir='ltr'>ἒγ-φῖςηέἢτίυέεέστὶνηὴ</span> <span class='ocrx_word' id='word_1_755' title='bbox 1434 5380 1594 5469; x_wconf 66' lang='grc' dir='ltr'>μονὴ,</span> <span class='ocrx_word' id='word_1_756' title='bbox 1625 5381 1931 5469; x_wconf 48' lang='lat' dir='ltr'>lassare.</span> 
     </span>
    </p>
   </div>
   <div class='ocr_carea' id='block_1_107' title="bbox 271 5444 1937 5529">
    <p class='ocr_par' dir='ltr' id='par_1_107' title="bbox 271 5444 1937 5529">
     <span class='ocr_line' id='line_1_107' title="bbox 271 5444 1937 5529; baseline 0.006 -29"><span class='ocrx_word' id='word_1_757' title='bbox 271 5444 338 5501; x_wconf 59' lang='lat' dir='ltr'>iv</span> <span class='ocrx_word' id='word_1_758' title='bbox 357 5444 619 5529; x_wconf 37' lang='lat' dir='ltr'>agrarii“?</span> <span class='ocrx_word' id='word_1_759' title='bbox 666 5444 821 5529; x_wconf 79' lang='grc' dir='ltr'>τόπῳ</span> <span class='ocrx_word' id='word_1_760' title='bbox 872 5444 1241 5529; x_wconf 63' lang='grc' dir='ltr'>χεέρωθείσης</span> <span class='ocrx_word' id='word_1_761' title='bbox 1261 5520 1275 5529; x_wconf 82' lang='lat'><em>_</em></span> <span class='ocrx_word' id='word_1_762' title='bbox 1297 5444 1520 5529; x_wconf 64' lang='grc' dir='ltr'>ἐλᾷφου,</span> <span class='ocrx_word' id='word_1_763' title='bbox 1557 5444 1628 5529; x_wconf 39' lang='grc' dir='ltr'>[ἐν</span> <span class='ocrx_word' id='word_1_764' title='bbox 1741 5444 1937 5529; x_wconf 40' lang='grc' dir='ltr'>τδ-τῖίς</span> 
     </span>
    </p>
   </div>
   <div class='ocr_carea' id='block_1_108' title="bbox 2044 5378 3698 5459">
    <p class='ocr_par' dir='ltr' id='par_1_108' title="bbox 2044 5378 3698 5459">
     <span class='ocr_line' id='line_1_108' title="bbox 2044 5378 3698 5459; baseline -0.001 0"><span class='ocrx_word' id='word_1_765' title='bbox 2044 5382 2184 5459; x_wconf 61' lang='grc' dir='ltr'>ἐςτιν</span> <span class='ocrx_word' id='word_1_766' title='bbox 2226 5382 2303 5459; x_wconf 74' lang='grc' dir='ltr'>,Ἑδ</span> <span class='ocrx_word' id='word_1_767' title='bbox 2370 5378 2520 5459; x_wconf 67' lang='grc' dir='ltr'>ἄγιρν</span> <span class='ocrx_word' id='word_1_768' title='bbox 2607 5382 2989 5459; x_wconf 57' lang='grc' dir='ltr'>θριῐιαστήριοκ</span> <span class='ocrx_word' id='word_1_769' title='bbox 3068 5386 3166 5459; x_wconf 61' lang='grc' dir='ltr'>τοῦ</span> <span class='ocrx_word' id='word_1_770' title='bbox 3246 5381 3698 5459; x_wconf 33' lang='grc' dir='ltr'>ἀρέχιστροετῄγου</span> 
     </span>
    </p>
   </div>
   <div class='ocr_carea' id='block_1_109' title="bbox 2051 5448 3699 5529">
    <p class='ocr_par' dir='ltr' id='par_1_109' title="bbox 2051 5448 3699 5529">
     <span class='ocr_line' id='line_1_109' title="bbox 2051 5448 3699 5529; baseline -0.001 -20"><span class='ocrx_word' id='word_1_771' title='bbox 2051 5452 2289 5529; x_wconf 76' lang='grc' dir='ltr'>Μιχαὴλ</span> <span class='ocrx_word' id='word_1_772' title='bbox 2316 5448 2427 5529; x_wconf 57' lang='grc' dir='ltr'>τοῖί</span> <span class='ocrx_word' id='word_1_773' title='bbox 2466 5448 2904 5529; x_wconf 65' lang='grc' dir='ltr'>’ᾼνατὲλλοντος,</span> <span class='ocrx_word' id='word_1_774' title='bbox 2957 5448 3090 5529; x_wconf 77' lang='grc' dir='ltr'>ὅπερ</span> <span class='ocrx_word' id='word_1_775' title='bbox 3141 5448 3465 5529; x_wconf 29' lang='grc' dir='ltr'>ἐνεᾼθρόνισεν</span> <span class='ocrx_word' id='word_1_776' title='bbox 3492 5448 3699 5529; x_wconf 59' lang='grc' dir='ltr'>ῥόίλγίος</span> 
     </span>
    </p>
   </div>
   <div class='ocr_carea' id='block_1_110' title="bbox 320 5517 1933 5611">
    <p class='ocr_par' dir='ltr' id='par_1_110' title="bbox 320 5517 1933 5611">
     <span class='ocr_line' id='line_1_110' title="bbox 320 5517 1933 5611; baseline 0 0"><span class='ocrx_word' id='word_1_777' title='bbox 320 5517 912 5611; x_wconf 52' lang='grc' dir='ltr'>ἓξῆεέυφξασξῖὸξέτέὲῗ</span> <span class='ocrx_word' id='word_1_778' title='bbox 940 5517 1205 5611; x_wconf 51' lang='lat' dir='ltr'>eam</span> <span class='ocrx_word' id='word_1_779' title='bbox 1224 5517 1420 5611; x_wconf 68' lang='grc' dir='ltr'>εὗρέθή</span> <span class='ocrx_word' id='word_1_780' title='bbox 1467 5517 1705 5611; x_wconf 51' lang='lat' dir='ltr'>rem</span> <span class='ocrx_word' id='word_1_781' title='bbox 1732 5517 1933 5611; x_wconf 53' lang='lat' dir='ltr'>«eam:</span> 
     </span>
    </p>
   </div>
   <div class='ocr_carea' id='block_1_111' title="bbox 2043 5517 3698 5611">
    <p class='ocr_par' dir='ltr' id='par_1_111' title="bbox 2049 5517 3698 5611">
     <span class='ocr_line' id='line_1_111' title="bbox 2049 5517 3698 5611; baseline 0.002 -30"><span class='ocrx_word' id='word_1_782' title='bbox 2049 5517 2357 5611; x_wconf 50' lang='grc' dir='ltr'>ᾖπόὶτόλος</span> <span class='ocrx_word' id='word_1_783' title='bbox 2388 5522 2853 5611; x_wconf 42' lang='grc' dir='ltr'>Ἀνδρέας.ἠέγὶάο</span> <span class='ocrx_word' id='word_1_784' title='bbox 2893 5517 3157 5585; x_wconf 70' lang='lat' dir='ltr'>nostram</span> <span class='ocrx_word' id='word_1_785' title='bbox 3203 5517 3698 5602; x_wconf 80' lang='lat' dir='ltr'>Constantinopo-</span> 
     </span>
    </p>
   </div>
   <div class='ocr_carea' id='block_1_112' title="bbox 312 5586 1939 5671">
    <p class='ocr_par' dir='ltr' id='par_1_112' title="bbox 312 5586 1939 5671">
     <span class='ocr_line' id='line_1_112' title="bbox 312 5586 1939 5671; baseline 0.005 -26"><span class='ocrx_word' id='word_1_786' title='bbox 312 5586 625 5652; x_wconf 66' lang='grc' dir='ltr'>κδ’κίονος</span> <span class='ocrx_word' id='word_1_787' title='bbox 682 5586 1088 5665; x_wconf 69' lang='grc' dir='ltr'>βασταζομὲνη,</span> <span class='ocrx_word' id='word_1_788' title='bbox 1145 5586 1425 5671; x_wconf 60' lang='grc' dir='ltr'>-ίράφουσα</span> <span class='ocrx_word' id='word_1_789' title='bbox 1485 5586 1704 5661; x_wconf 71' lang='grc' dir='ltr'>ὁῦτωξ·</span> <span class='ocrx_word' id='word_1_790' title='bbox 1762 5597 1939 5657; x_wconf 79' lang='grc' dir='ltr'>Τοῦτό</span> 
     </span>
    </p>
   </div>
   <div class='ocr_carea' id='block_1_113' title="bbox 551 5720 1317 5789">
    <p class='ocr_par' dir='ltr' id='par_1_113' title="bbox 551 5720 1317 5789">
     <span class='ocr_line' id='line_1_113' title="bbox 551 5720 1317 5789; baseline 0.009 -7"><span class='ocrx_word' id='word_1_791' title='bbox 551 5720 825 5784; x_wconf 66' lang='lat' dir='ltr'>Panos.</span> <span class='ocrx_word' id='word_1_792' title='bbox 874 5720 983 5785; x_wconf 81' lang='lat' dir='ltr'>Gn.</span> <span class='ocrx_word' id='word_1_793' title='bbox 1027 5723 1317 5789; x_wconf 84' lang='lat' dir='ltr'>CXXXV.</span> 
     </span>
    </p>
   </div>
   <div class='ocr_carea' id='block_1_114' title="bbox 2049 5598 3433 5703">
    <p class='ocr_par' dir='ltr' id='par_1_114' title="bbox 2049 5598 3433 5703">
     <span class='ocr_line' id='line_1_114' title="bbox 2049 5598 3433 5703; baseline -0.004 -46"><span class='ocrx_word' id='word_1_794' title='bbox 2049 5599 2179 5669; x_wconf 88' lang='lat' dir='ltr'>lim,</span> <span class='ocrx_word' id='word_1_795' title='bbox 2211 5598 2314 5656; x_wconf 89' lang='lat' dir='ltr'>lib.</span> <span class='ocrx_word' id='word_1_796' title='bbox 2349 5614 2424 5671; x_wconf 82' lang='grc' dir='ltr'>ιν,</span> <span class='ocrx_word' id='word_1_797' title='bbox 2455 5598 2592 5675; x_wconf 81' lang='lat' dir='ltr'>pag.</span> <span class='ocrx_word' id='word_1_798' title='bbox 2628 5598 2750 5656; x_wconf 84' lang='lat'>189.</span> <span class='ocrx_word' id='word_1_799' title='bbox 3418 5688 3433 5703; x_wconf 37' lang='lat'>‘</span> 
     </span>
    </p>
   </div>
   <div class='ocr_carea' id='block_1_115' title="bbox 3372 5731 3410 5789">
    <p class='ocr_par' dir='ltr' id='par_1_115' title="bbox 3372 5731 3410 5789">
     <span class='ocr_line' id='line_1_115' title="bbox 3372 5731 3410 5789; baseline 0 0"><span class='ocrx_word' id='word_1_800' title='bbox 3372 5731 3410 5789; x_wconf 75' lang='lat'><strong><em>2</em></strong></span> 
     </span>
    </p>
   </div>
  </div>
