4156 6214
326 280 395 338 49
1611 272 2021 337 ANNALIUM
2066 274 2211 336 LIB.
2260 275 2422 338 XVI.
2858 286 2870 298 '
3646 275 3729 339 50

320 407 374 468 Ὀ
406 407 478 479 δὲ,
531 410 830 484 περίεργος
888 405 986 477 ὣν,
1022 405 1174 481 δόλῳ
1220 408 1311 463 τὸν
1356 406 1499 484 ῥῆγα
1532 406 1874 482 μετέρχεται.
1906 407 1961 460 Ὃ

2077 407 2322 465 admissi
2354 408 2633 466 facinoris
2666 409 2894 467 veniam
2926 425 2961 466 a
2988 423 3119 481 rege
3149 406 3389 481 precati,
3428 406 3732 479 suppetias

323 500 405 575 μὲν
457 496 557 572 γαρ
780 499 878 568 τήν
938 517 998 552 τε
1046 496 1272 568 Καπύην
1338 495 1429 551 καὶ
1485 496 1587 565 τὴν
1641 491 1960 552 Βενεϐενδὸν

318 590 398 649 τὰς
450 585 645 648 πόλεις
699 587 819 641 νέον
866 586 1208 660 κτησάμενος
1258 582 1513 641 ἐδεδοίκει
1584 585 1706 659 περὶ
1765 583 1960 657 αὐτῶν,

318 677 383 750 μή
454 695 590 730 ποτε
667 682 776 745 τῆς
844 674 1154 751 ἐλευθερίας
1227 675 1682 745 ἀντιποιήσωνται
1718 716 1731 729 .
1785 674 1846 731 Ὁ
1906 671 1963 729 δὲ

312 759 584 840 Βάρϐαρος
636 763 847 827 ἐκεῖνος
901 765 1050 819 τοῦτ’
1101 763 1350 841 ἐγνωκὼς
1401 764 1647 838 πρόσεισι
1693 767 1774 835 τῷ
1806 762 1959 839 ῥηγὶ,

310 852 390 908 καί
426 872 615 930 φησιν·
676 853 746 911 Εἰ
798 850 990 929 βούλει
1037 851 1125 907 σοὶ
1171 853 1273 923 τὴν
1322 857 1431 908 τῶν
1479 850 1695 908 πόλεων
1754 851 1962 907 τούτων

308 942 474 1018 ἀρχὴν
563 935 799 1016 βεϐαίαν
879 946 1162 1015 προσεῖναι
1225 985 1241 1012 ,
1325 940 1459 1004 τοὺς
1544 939 1958 1017 λογιμωτέρους

305 1036 401 1085 τῶν
456 1030 508 1085 ἐν
567 1030 771 1093 αὐταῖς
853 1031 1055 1106 μέταγε
1132 1027 1387 1107 ἀλλαχοῦ
1419 1075 1435 1101 ,
1489 1029 1578 1085 καὶ
1654 1028 1833 1085 οὐκέτι
1897 1031 1961 1085 τὸ

307 1117 509 1189 πλῆθος
559 1120 692 1174 καθ’
755 1120 913 1175 ἑαυτὸ
969 1119 1216 1195 γεγονὸς,
1285 1118 1438 1175 οὐδὲν
1512 1120 1771 1197 φρονήσει
1827 1119 1962 1173 νεώ-

302 1230 467 1281 τερον.
501 1207 883 1264 Συνοίσουσαν
940 1205 1040 1264 οὖν
1093 1209 1193 1278 τὴν
1245 1202 1564 1282 συμϐουλὴν
1624 1210 1653 1263 6
1842 1207 1963 1279 οἰη-

304 1302 423 1371 θεῖς,
452 1292 608 1363 ἔθετο
638 1302 728 1370 τῷ
783 1302 994 1371 σκοπῷ,
1053 1297 1144 1353 καὶ
1197 1298 1527 1376 ἀσυμφανῶς
1575 1294 1746 1371 δεσμὰ
1793 1295 1963 1373 ἐχαλ-

304 1388 545 1445 κεύοντο.
594 1388 744 1444 Εἶτα
792 1387 882 1443 καὶ
929 1392 1047 1450 τοῖς
1097 1384 1313 1462 ἐξόχοις
1353 1390 1461 1442 τῶν
1512 1384 1563 1442 ἐν
1588 1391 1709 1449 ταῖς
1738 1382 1960 1442 πόλεσιν

303 1474 493 1549 ὡμίλει
524 1476 556 1530 6
586 1475 847 1551 πονηρὸς
880 1473 1086 1539 ἐκεῖνος
1130 1475 1290 1549 ἀνὴρ,
1317 1474 1405 1531 καὶ
1440 1475 1621 1553 ὥσπερ
1671 1474 1963 1554 φιλικώτε-

304 1586 387 1641 ρον
415 1562 821 1640 προσεφέρετο,
869 1565 960 1620 καὶ
1010 1563 1062 1619 ἐν
1116 1562 1456 1642 ἀπορρήτοις
1490 1563 1633 1640 λέγει
1673 1564 1856 1627 αὐτοῖς
1886 1565 1961 1627 ὡς

306 1658 330 1711 6
486 1653 763 1727 βούλεται
790 1653 920 1716 τοὺς
950 1652 1412 1729 ἀξιολογωτέρους
1443 1658 1550 1710 τῶν
1577 1653 1820 1710 πολιτῶν
1859 1655 1962 1710 ὑπὸ

307 1740 516 1815 δεσμοῖς
546 1743 936 1817 ποιησάμενος
989 1740 1068 1807 εἲς
1110 1742 1211 1812 τὴν
1262 1743 1455 1798 ἑαυτοῦ
1504 1741 1691 1819 χώραν
1728 1763 1962 1818 μεταγα-

302 1837 419 1908 γεῖν,
450 1831 543 1886 καὶ
576 1832 799 1901 πίστις,
825 1826 950 1909 ἔφη,
972 1835 1081 1887 τῶν
1115 1827 1296 1907 λόγων
1325 1831 1388 1886 τὸ
1416 1831 1511 1895 τὰς
1540 1829 1794 1908 σιδηρέας
1824 1830 1962 1887 ἀλό-

308 1942 407 1983 σεις
444 1919 755 1997 χαλκεύειν
777 1921 869 1976 καὶ
900 1917 1252 1997 χειροπέδας,
1283 1919 1372 1975 καὶ
1405 1918 1549 1976 ἄλλα
1581 1917 1770 1994 δεσμά.
1793 1926 1963 1976 Τοῦτο

306 2009 469 2066 τοίνυν
497 2008 708 2065 ἐκεῖνοι
739 2009 939 2081 ἀληθὲς
969 2009 1281 2085 εὑρηκότες,
1314 2009 1520 2065 εὐνοεῖν
1578 2008 1764 2073 αὐτοῖς
1803 2009 1960 2065 αὐτὸν

311 2095 664 2174 ὑπειλήφασι,
722 2100 813 2154 καὶ
861 2097 1129 2169 ἐξελθόντι
1178 2099 1315 2176 πρὸς
1361 2098 1683 2174 κυνηγέσιον
1723 2102 1802 2172 τῷ
1832 2098 1963 2176 ῥηγὶ

306 2189 389 2250 τάς
416 2185 598 2249 πύλας
635 2192 759 2243 τῶν
787 2185 1003 2243 πόλεων
1036 2186 1396 2263 ἐπεζύγωσαν,
1427 2187 1516 2244 καὶ
1547 2187 1727 2243 οὐκέτι
1773 2191 1966 2243 τοῦτον

311 2275 442 2339 ἐντὸς
497 2275 862 2348 εἴσεδέξαντο.
922 2275 1021 2332 Καὶ
1079 2277 1107 2331 6
1165 2277 1259 2351 μὲν
1306 2274 1520 2346 ἀπῆλθε
1566 2277 1704 2351 πρὸς
1755 2275 1959 2332 ἑαυτόνο

312 2363 417 2420 ὁδὶ
466 2363 779 2428 σουλδάνος
836 2365 982 2441 παρά
1034 2369 1145 2421 τῶν
1194 2363 1435 2421 πολιτῶν
1482 2363 1695 2421 ἐκείνων
1750 2366 1963 2440 ἀντιμι-

311 2453 447 2509 σθίαν
492 2453 703 2532 εὕρατο
750 2454 850 2524 τήν
902 2452 1235 2529 ἐλευθερίαν.
1288 2454 1568 2519 Ἀπελθὼν
1624 2452 1715 2509 οὖν
1745 2456 1832 2511 καὶ
1864 2456 1999 2525 τῆν’

313 2544 560 2619 προτέραν
612 2544 804 2620 ἀρχὴν
856 2541 1008 2606 αὖθις
1054 2543 1533 2616 κατακτησάμενος
1564 2587 1579 2613 ,
1626 2542 1961 2620 ἐκστρατεόει

314 2633 435 2688 κατὰ
483 2637 596 2688 τῶν
663 2632 973 2708 εἰρημένων
1032 2631 1251 2689 πόλεων
1321 2635 1422 2703 τῆς
1476 2652 1537 2688 τε
1595 2631 1817 2703 Καπύης
1870 2633 1962 2688 καὶ

314 2728 399 2791 τῆς
444 2717 802 2779 Βενεϐενδοιλ
863 2722 926 2777 Οἱ
985 2718 1063 2789 δὲ,
1123 2724 1191 2796 τῇ
1243 2719 1542 2795 πολιορκίᾳ
1595 2720 1958 2795 πιεζόμενοι,

318 2809 588 2867 στέλλουσι
665 2812 806 2887 πρὸς
860 2810 953 2866 τὸν
1012 2811 1198 2886 Ῥῆγα,
1254 2810 1708 2886 συγγνωμονῆσαι
1764 2830 1959 2889 σφισι,

316 2900 393 2954 καὶ
421 2907 797 2976 συμμαχῆσαι
828 2901 1044 2977 θερμῶς
1097 2898 1488 2973 ἐξαιτούμενοι.
1529 2899 1618 2955 Ὦς
1664 2897 1710 2954 δ’
1759 2896 1960 2962 ἐκεῖνος

316 2988 403 3057 τήν
443 2985 743 3064 πρεσϐείαν
799 2989 865 3044 οὐ
903 2989 1258 3065 προσήκατο,
1308 2986 1613 3064 ἐπιχαίρειν
1672 2988 1839 3044 εἰπὼν
1892 2990 1963 3057 τῆ

321 3077 547 3150 ἀπωλείᾳ
576 3079 793 3148 αὐτῶν,
826 3077 962 3155 πρὸς
1014 3077 1109 3134 τὸν
1171 3074 1396 3155 βασιλέα
1455 3076 1735 3135 Βασίλειον
1777 3075 1958 3154 ἑτέραν

319 3162 582 3241 πρεσϐείαν
646 3165 966 3241 ἐστάλκασι,
1026 3164 1462 3242 παρακαλῶντες
1520 3165 1783 3244 ἐπαρῆξαι
1836 3165 1900 3222 αὖ
1931 3197 1962 3214 σο

322 3262 422 3320 τοῖς
453 3255 851 3317 κινδυνεύουσι.
883 3257 979 3313 Καὶ
1031 3257 1092 3320 ὃς
1136 3257 1424 3332 ὑπέσχετο,
1450 3255 1541 3312 καὶ
1572 3257 1600 3312 6
1630 3253 1967 3331 πρεσϐευτὴς

324 3345 524 3421 ἐπανῄει
566 3347 794 3426 θαρρεῖν
843 3348 1234 3424 παρεγγυήσων
1277 3351 1398 3409 τοῖς
1457 3344 1822 3419 συμπολίταις
1871 3345 1966 3402 αὐ-

324 3439 426 3492 τοῦ.
453 3437 641 3495 Ἑάλω
669 3434 720 3492 δ’
751 3436 854 3493 ὑπὸ
884 3437 991 3492 τῶν
1039 3434 1348 3510 πολεμίων,
1386 3435 1478 3490 καὶ
1514 3435 1698 3509 μαθὼν
1732 3436 1761 3492 6
1792 3434 1962 3492 σουλ-

324 3521 463 3589 δάνος
492 3528 605 3599 ὅπη
640 3547 702 3583 τε
730 3529 822 3599 ἦν,
873 3525 962 3582 καὶ
1013 3527 1104 3581 οἵα
1150 3525 1367 3599 κομίζει
1415 3529 1533 3587 τοῖς
1580 3524 1766 3587 ἀστοῖς
1798 3525 1956 3601 εὐαγ-

320 3611 480 3689 γέλια,
532 3615 677 3695 φησὶ
731 3616 870 3691 πρὸς
921 3614 1107 3670 αὐτόν’
1169 3613 1237 3672 Εἴ
1285 3617 1381 3688 ζῇν
1437 3611 1642 3679 ἐθέλεις
1674 3655 1688 3682 ,
1742 3612 1954 3689 ἀπαγο-

317 3707 480 3776 ρεῦσαι
532 3707 632 3761 τὸν
716 3702 944 3779 βασιλέα
996 3705 1097 3774 τὴν
1168 3702 1491 3778 συμμαχίαν
1547 3706 1666 3766 τοῖς
1736 3702 1953 3776 πέμψα-

316 3789 359 3844 σί
404 3813 457 3848 σε
504 3790 848 3869 ἀπάγγειλον
925 3792 988 3848 ἐκ
1039 3791 1136 3848 τοῦ
1191 3790 1413 3867 τείχους
1491 3789 1894 3865 προκόπτουσιν
1930 3831 1943 3846 .

314 3880 368 3935 Εἰ
417 3883 514 3957 γὰρ
579 3884 660 3957 μὴ
710 3881 855 3938 οὕτω
912 3883 1185 3953 ποιήσεις,
1246 3878 1355 3935 ἴσθι
1413 3878 1607 3935 αὐτίκα
1655 3876 1722 3949 δὴ
1751 3890 1943 3952 τεθνη-

2073 496 2187 554 sibi
2219 497 2356 555 ferri
2386 500 2552 556 enixe
2595 504 2821 573 petunt.
2853 499 2961 554 Sed
2994 502 3060 554 ut
3090 496 3209 563 ille,
3242 496 3551 570 repudiata
3571 496 3731 569 lega-

2072 585 2250 654 tione,
2291 603 2355 644 se
2403 588 2642 645 interitu
2688 588 2925 645 illorum
2970 586 3152 643 laetari
3207 585 3401 648 dixit;
3432 584 3505 641 ed
3544 585 3730 657 impe-

2073 679 2324 732 ratorem
2381 677 2662 734 Basilium
2718 678 2831 734 alia
2896 674 3188 749 legatione
3245 674 3448 740 missa,
3500 678 3564 729 ut
3615 671 3729 729 sibi

2071 764 2542 836 periclitantibus
2573 766 2932 834 subveniret,
2964 782 3097 822 cum
3138 764 3366 837 legatus
3393 762 3727 835 impetratis

2079 852 2313 911 auxiliis
2355 856 2592 924 rediret,
2642 856 2794 913 cives
2833 873 2974 913 suos
3002 854 3174 911 bonis
3203 852 3419 910 animis
3449 867 3578 909 esse
3599 852 3729 924 jus-

2071 958 2247 999 surus
2279 962 2298 999 :
2331 948 2536 1016 captus
2564 949 2655 1003 est
2694 946 2766 1002 ab
2798 945 3090 1012 hostibus,
3121 961 3189 1001 ex
3232 960 3349 1016 quo
3380 958 3516 999 cum
3547 940 3728 999 sulta-

2072 1048 2185 1087 nus
2242 1033 2629 1106 cognovisset,
2685 1035 2841 1090 unde
2886 1033 3130 1103 veniret,
3188 1036 3246 1089 et
3288 1047 3467 1104 quam
3523 1029 3724 1088 laetum

2070 1120 2295 1178 civibus
2345 1122 2620 1179 nuntium
2669 1124 2923 1191 afferret,
2966 1123 3048 1179 ait
3093 1120 3191 1178 ille
3239 1136 3255 1179 :
3311 1120 3373 1177 Si
3413 1122 3595 1177 vivere
3632 1136 3728 1178 va-

2071 1210 2259 1280 lueris,
2293 1213 2405 1268 tuis
2433 1213 2505 1270 de
2533 1229 2700 1270 muro
2743 1211 3216 1285 prospectantibus
3242 1212 3578 1278 renuntiato,
3615 1211 3727 1268 im-

2062 1302 2379 1371 peratorem
2408 1302 2630 1357 auxilia
2660 1317 2906 1374 negasse.
2940 1299 3092 1371 Quod
3136 1301 3201 1355 m’
3247 1299 3469 1372 feceris,
3503 1308 3555 1355 te
3580 1315 3610 1355 ε
3638 1316 3727 1355 ve-

2068 1389 2230 1459 stigio
2262 1390 2603 1446 moriturum
2649 1392 2801 1447 scito.
2851 1388 3133 1446 Promisit
3178 1386 3279 1445 ille
3335 1403 3398 1444 se
3434 1388 3727 1444 facturum

2071 1477 2568 1548 quemadmodum
2609 1478 2937 1550 juberetur,
2965 1481 3023 1533 et
3067 1475 3306 1532 vinctus
3353 1478 3553 1533 astans
3593 1478 3729 1532 ante

2072 1566 2306 1633 mcenia,
2340 1567 2481 1622 dum
2515 1584 2578 1622 se
2608 1568 2960 1640 legationem
2995 1566 3237 1634 ohiisse,
3270 1570 3328 1621 et
3349 1563 3563 1621 auxilia
3603 1567 3727 1620 sta-

2068 1651 2175 1708 tim
2208 1654 2282 1708 ab
2310 1653 2661 1726 imperatore
2683 1657 2928 1710 ventura
2951 1653 3111 1720 dicit,
3135 1651 3348 1724 gladiis
3378 1651 3725 1708 dissecatur.

2069 1740 2351 1799 Sultanus
2407 1759 2541 1799 vero
2612 1743 2850 1799 urbium
2910 1743 3341 1815 expugnatione
3395 1741 3725 1812 desperata,

2073 1832 2333 1888 recessit.
2365 1832 2531 1888 Tarsi
2554 1849 2788 1905 quoque
2819 1835 3057 1888 Ameras
3081 1832 3296 1888 Esman
3327 1846 3462 1886 cum
3494 1829 3725 1902 magnis

2073 1920 2343 1992 navigiis,
2402 1937 2530 1993 qua:
2582 1922 2833 1994 Agareni
2877 1920 3196 1993 Cumparia
3238 1924 3465 1992 vocant,
3497 1916 3727 1989 Euripi

2073 2009 2278 2065 urbem
2319 2025 2656 2082 aggressus,
2707 2009 2856 2066 nihil
2899 2009 3108 2077 effecit,
3140 2009 3241 2066 sed
3270 2014 3328 2065 et
3354 2007 3481 2081 ipse
3527 2005 3730 2080 lethali

2073 2102 2310 2171 accepto
2348 2097 2587 2156 vulnere
2636 2097 2831 2173 periit,
2862 2103 2919 2157 et
2967 2099 3223 2155 maxima
3260 2114 3396 2172 pars
3441 2096 3729 2154 exercitus

2071 2186 2254 2244 illius.
2284 2187 2461 2244 Cretas
2509 2205 2683 2261 porro
2723 2188 2996 2262 princeps
3039 2189 3177 2245 Saet
3221 2186 3552 2260 Apochaps,
3582 2186 3732 2242 Pho-

2071 2274 2219 2332 tium
2250 2278 2441 2333 virum
2474 2281 2782 2335 strenuum
2815 2277 2984 2335 alteri
3014 2276 3191 2334 classi
3242 2294 3276 2334 a
3330 2292 3393 2334 se
3438 2275 3734 2333 instructa

2071 2365 2351 2437 praefecit,
2385 2366 2487 2439 qui
2528 2372 2587 2424 et
2617 2366 2789 2441 ΙΕεωὶ
2820 2367 3003 2423 maris
3051 2383 3238 2434 oram,
3289 2368 3347 2423 et
3375 2364 3602 2422 insulas
3633 2380 3735 2438 po-

2072 2454 2410 2528 pulabatur.
2442 2456 2544 2512 Cui
2578 2473 2710 2513 cum
2743 2457 3005 2513 Romana
3056 2455 3285 2523 classis,
3318 2455 3490 2527 cujus
3515 2461 3729 2511 navar-

2071 2544 2216 2601 chus
2284 2549 2410 2601 erat
2472 2545 2681 2603 classis
2739 2546 3101 2619 drungerius
3152 2544 3435 2618 patricius
3494 2542 3728 2600 Nicetes

2070 2633 2394 2707 Ooryphas,
2427 2635 2778 2692 occurrisset
2812 2652 2825 2692 :
2859 2634 3077 2691 multas
3132 2633 3439 2691 hostilium
3484 2632 3725 2689 navium

2071 2741 2188 2779 una
2217 2740 2351 2781 cum
2392 2725 2726 2782 vectoribus
2758 2723 2878 2798 igni
2908 2724 3104 2781 Graeco
3135 2725 3194 2780 in
3222 2724 3448 2781 cineres
3478 2720 3723 2794 redegit,

2071 2812 2289 2870 multas
2339 2814 2488 2871 ferro
2535 2814 2802 2882 confecit,
2862 2831 2930 2871 ac
2996 2812 3195 2887 plures
3258 2811 3554 2870 demersit.
3616 2807 3726 2877 Qui

2072 2899 2380 2974 multiplex
2428 2902 2534 2959 hoc
2609 2901 2926 2959 discrimen
2977 2902 3136 2975 turpi
3205 2900 3344 2974 fuga
3399 2902 3727 2969 evaserant,

2067 2988 2471 3047 incolumitate
2516 3008 2632 3048 non
2681 2991 2961 3060 contenti,
3012 2991 3273 3064 piraticis
3326 2989 3572 3046 navibus
3623 3005 3728 3061 pa-

2074 3079 2240 3150 ratis,
2270 3079 2693 3153 Peloponesum
2733 3084 2790 3137 et
2843 3080 3066 3137 vioinas
3097 3078 3327 3137 insulas
3351 3081 3726 3137 vexaverant.

2074 3168 2183 3224 Sed
2242 3185 2342 3225 eos
2390 3169 2547 3227 idem
2606 3169 2987 3243 drungerius,
3031 3186 3166 3228 eum
3200 3169 3272 3226 ad
3319 3172 3553 3242 portum
3584 3167 3731 3224 Cen-

2081 3258 2389 3315 chrearum
2437 3258 2842 3333 applicuisset,
2899 3276 2965 3316 so
3037 3276 3212 3317 naves
3281 3257 3527 3316 hostiles
3578 3256 3731 3314 circa

2077 3348 2433 3417 Mathonem,
2474 3347 2680 3421 Pylum
2728 3354 2786 3406 et
2833 3353 3040 3406 Patras
3086 3349 3291 3406 crebro
3321 3347 3604 3405 stationes
3630 3346 3729 3403 ha-

2074 3436 2210 3492 bere
2261 3436 2565 3494 didicisset
2596 3456 2609 3495 :
2640 3437 2981 3496 triremibus
3036 3455 3139 3511 per
3185 3437 3476 3495 isthmum
3521 3435 3725 3495 Corin-

2071 3525 2332 3582 thiacum
2381 3525 2647 3583 celeriter
2690 3530 2846 3583 terra
2908 3526 3218 3597 traductis,
3266 3525 3461 3582 subito
3510 3540 3725 3597 aggre-

2067 3615 2268 3672 ditur:
2304 3614 2493 3688 iisque
2537 3615 2855 3688 improvisa
2884 3615 3274 3689 impressione
3299 3612 3586 3689 perculsis
3630 3613 3722 3685 pi-

2064 3704 2278 3762 raticas
2326 3721 2503 3762 naves
2552 3706 2767 3779 partim
2818 3709 3058 3778 cremat,
3120 3705 3334 3779 partim
3385 3720 3520 3762 cum
3570 3703 3718 3777 ipsis

2056 3793 2201 3850 viris
2232 3794 2537 3866 demergit,
2559 3795 2708 3852 duce
2738 3811 2971 3868 quoque
3000 3793 3259 3852 hostium
3286 3792 3490 3852 Photio
3528 3792 3714 3850 inter-

2058 3883 2227 3941 fecto.
2255 3884 2323 3940 El
2354 3884 2438 3941 sic
2466 3883 2674 3941 classis
2702 3884 3069 3942 Cretensium
3100 3884 3294 3959 periit.

325 3967 545 4042 ξάμενος.
607 3973 673 4030 '0
720 3969 779 4027 δὲ
831 3970 1077 4027 συνέθετο
1129 3972 1382 4042 ποιήσειν
1442 3970 1515 4032 ὡς
1571 3966 1904 4043 ἐνετέλλετο,
1960 3970 2051 4026 καὶ
2113 3971 2238 4034 στὰς
2293 3971 2400 4048 πρὸ
2450 3976 2548 4028 τοῦ
2599 3972 2818 4049 τείχους
2887 3969 3111 4047 δέσμιος
3160 3971 3550 4049 κατεχόμενος,
3607 3963 3708 4048 ἔφη

316 4058 394 4111 καὶ
440 4061 532 4130 τὴν
596 4055 887 4128 πρεσϐείαν
941 4059 1155 4131 ἀνῦσαι,
1219 4058 1309 4115 καὶ
1365 4058 1511 4131 ἥξειν
1571 4056 1696 4113 ὅσον
1749 4055 1859 4129 ἤδη
1917 4057 1978 4115 ἐκ
2037 4059 2307 4136 βασιλέως
2369 4062 2648 4136 βοήθειαν.
2709 4062 2809 4119 Καὶ
2868 4062 2896 4117 6
2958 4062 3056 4135 μὶν
3109 4065 3276 4117 ταῦτα
3332 4058 3531 4136 λέγων,
3586 4063 3709 4114 τοῖς

317 4143 464 4224 ξίφεσι
512 4148 887 4223 κατετέτμητο
923 4190 937 4206 .

998 4150 1054 4203 '0
1113 4146 1172 4203 δι
1227 4145 1527 4209 σουλδάνος
1560 4194 1575 4221 ,
1632 4144 1936 4211 ἀπελπίσας
1988 4150 2091 4219 τήν
2159 4154 2268 4205 τῶν
2337 4149 2555 4207 πόλεων
2614 4149 2819 4207 ἅλωσιν
2854 4198 2869 4225 ,
2925 4151 3252 4229 ὑπεχώρησε
3286 4195 3299 4208 .
3359 4149 3462 4209 Καὶ
3526 4150 3555 4204 6
3610 4145 3708 4215 τῆς

316 4238 499 4310 Ταρσοῦ
556 4236 618 4295 δὲ
673 4239 893 4314 ἀμηρᾶς
949 4238 1152 4312 Ἐσμὰν
1215 4238 1375 4312 μετάκ
1405 4235 1619 4293 πλοίων
1677 4234 1952 4313 μεγάλων,
2008 4237 2041 4293 ἃ
2094 4239 2412 4315 κουμπάρια
2464 4246 2584 4306 τοῖς
2639 4240 2699 4297 ἐκ
2750 4248 2850 4312 τῆς
2908 4243 3083 4316 ’Ἅγαρ
3116 4240 3451 4315 ὠνόμασται,
3506 4241 3574 4312 τῇ
3607 4236 3710 4291 πό-

317 4320 390 4379 λει
432 4332 525 4383 τοῦ
575 4328 821 4405 Εὐρίπου
878 4321 1237 4402 προσέϐαλεν
1296 4324 1463 4396 ἤνυσε
1519 4322 1577 4381 δὲ
1633 4323 1808 4396 οὐδὲν,
1869 4323 1998 4383 ἀλλ’
2044 4327 2204 4391 αὐτός
2257 4350 2317 4385 τε
2374 4327 2627 4386 ἀπώλετο
2652 4330 2879 4406 καιρίως
2910 4328 3169 4408 πληγεὶς,
3201 4329 3382 4385 καὶτὸ
3411 4327 3579 4384 πλέον
3607 4332 3711 4397 τῆς

319 4422 543 4488 στρατιᾶς
573 4416 762 4474 αὐτοῦ.
818 4413 994 4474 Ἀλλὰ
1052 4416 1236 4490 μέντοι
1294 4414 1383 4471 καὶ
1447 4416 1475 4472 6
1524 4422 1626 4487 τῆς
1679 4417 1904 4491 Κρήτης
1956 4422 2168 4493 κρατῶν
2229 4419 2379 4489 Σαὴτ
2437 4420 2465 4474 6
2527 4419 2797 4494 Ἀπόκαψ,
2853 4416 3035 4495 ἕτερον
3097 4418 3291 4476 στόλον
3346 4418 3706 4493 ἑτοιμασάμε-

321 4522 419 4575 νος,
469 4505 682 4562 Φώτιόν
741 4526 864 4562 τινα
915 4503 1242 4582 δραστήριον
1301 4501 1470 4583 ἄνδρα
1518 4504 1698 4578 τούτῳ
1755 4504 2066 4577 ἐπέστησεν,
2126 4508 2186 4571 ὃς
2239 4509 2308 4563 τά
2352 4529 2411 4563 τε
2438 4506 2683 4584 παράλια
2710 4512 2806 4564 τοῦ
2834 4508 3085 4585 Αἰγαίου,
3115 4507 3328 4570 καὶτὰς
3356 4508 3557 4578 νήσους
3582 4501 3706 4559 ἐκά-

325 4610 427 4650 κου.
477 4596 541 4675 ᾯ
571 4596 905 4667 συναντήσας
937 4595 966 4650 ὁ
993 4597 1102 4650 τῶν
1134 4593 1421 4669 Ῥωμαίων
1455 4592 1672 4667 στόλος,
1705 4594 1766 4649 οὗ
1798 4593 2072 4672 ναύαρχος
2100 4596 2167 4666 ἦν
2197 4597 2225 4652 6
2253 4601 2362 4654 τῶν
2393 4596 2665 4671 πλωίμων
2693 4596 3050 4676 δρουγγάριος
3082 4598 3111 4653 6
3139 4595 3422 4673 πατρίκιος
3462 4594 3705 4664 Νικήτας

323 4680 641 4762 ὁὈωρόφας
670 4686 808 4759 (80),
839 4682 1056 4746 πολλὰς
1089 4683 1185 4757 μὲν
1236 4687 1346 4739 τῶν
1405 4681 1688 4757 πολεμίων
1719 4687 1853 4739 νεῶν
1881 4687 1961 4756 τῷ
2020 4685 2170 4763 ὑγρῷ
2226 4686 2357 4761 πυρὶ
2413 4686 2778 4765 ἀπετέφρωσε,
2835 4686 2925 4742 καὶ
2981 4685 3108 4748 τοὺς
3160 4683 3378 4746 ταύταις
3434 4681 3706 4757 ἐμπλέον-

320 4789 417 4843 τας,
468 4772 713 4836 πολλοὺς
774 4770 833 4829 δὲ
893 4772 1167 4850 μαχαίρας
1225 4766 1375 4827 ἔθετο
1425 4769 1604 4848 ἔργον,
1656 4772 1747 4828 καὶ
1805 4771 2031 4838 πλείους
2065 4770 2437 4851 ὑποϐρυχίους
2471 4774 2739 4849 ἐποίησεν.
2772 4780 2931 4838 Ὅσοι
2986 4772 3043 4831 δὲ
3096 4775 3189 4831 τὸν
3215 4770 3483 4844 πολυειδῆ
3511 4775 3702 4828 τοῦτον

323 4855 493 4937 ἔφυγον
573 4860 818 4919 κίνδυνον
851 4906 867 4934 ,
926 4862 1171 4939 αἰσχρῶς
1255 4858 1585 4938 ἀποδράντες
1667 4860 1945 4934 ἐσώθησαν
1983 4906 1997 4921 .
2052 4862 2167 4921 Οὐκ
2247 4863 2477 4939 ἠγάπων
2553 4867 2736 4940 μέντοι
2823 4866 3164 4939 σωζόμενοι·

3250 4863 3563 4939 πειρατικὰς
3649 4858 3708 4916 δὲ

321 4954 433 5018 νῆας
486 4951 905 5027 ἑτοιμασάμενοι
960 4951 1060 5023 τὴν
1115 4949 1533 5022 Πελοπόννησον
1590 4950 1681 5007 καὶ
1735 4950 1830 5025 τὰς
1886 4951 1997 5008 ἐκεῖ
2050 4951 2383 5029 κπτέτρεχον
2434 4955 2657 5025 νήσους.
2704 4952 2861 5013 Ἀλλ’
2904 4952 3057 5019 αὖθις
3100 4952 3284 5018 αὐτοῖς
3316 4954 3345 5010 6
3376 4950 3559 5031 ῥηθεὶς
3607 4952 3705 5006 τοῦ

330 5036 500 5095 στόλου
557 5037 921 5119 δρουγγάριος
970 5036 1171 5095 ἓπεισιο
1227 5043 1308 5112 τῷ
1361 5040 1461 5115 γὰρ
1519 5037 1703 5113 λιμένι
1761 5038 2137 5116 προσορμίσας
2190 5045 2299 5097 τῶν
2377 5047 2668 5120 Κεγχρεῶν
2699 5087 2715 5114 ,
2772 5041 2862 5098 καὶ
2917 5041 2987 5098 τὰ
3055 5041 3300 5118 πολέμιά
3354 5040 3526 5099 πλοῖα
3579 5041 3706 5113 περὶ

330 5124 564 5200 Μεθώνην
612 5130 702 5184 καὶ
734 5126 915 5184 Πύλον
947 5126 1037 5183 καί
1071 5127 1284 5205 Πάτρας
1314 5124 1724 5206 ἐμφιλοχωρεῖν
1776 5126 2070 5203 ἐγνωκὼς,
2125 5126 2215 5184 διὰ
2268 5134 2363 5185 τοῦ
2417 5132 2554 5187 κατᾶ
2603 5130 2858 5208 Κόρινθον
2913 5129 3112 5206 ίσθμοῦ
3168 5132 3379 5208 ταχέως
3435 5127 3701 5206 διαγαγὼν

330 5213 409 5276 τὰς
450 5220 686 5297 τριήρεις
746 5217 798 5275 ἐν
852 5221 920 5293 τῇ
950 5217 1108 5293 ξηρᾷ,
1167 5217 1461 5282 ἐπιτίθεται
1499 5221 1617 5280 τοῖς
1673 5216 1966 5292 πολεμίοις
2020 5218 2281 5294 ἀνωϊστὶ,
2337 5219 2428 5276 καὶ
2481 5224 2562 5295 τῷ
2620 5216 2928 5296 ἀνελπίστῳ
2986 5219 3449 5298 ἐκπεπληγμένων
3503 5219 3705 5293 αὐτῶν,

1552 5448 1761 5514 Variis
1802 5448 2107 5514 lectiones
2149 5457 2212 5515 et
2252 5458 2442 5516 notae.

328 5636 483 5724 ,A(§0)
534 5639 777 5724 Νικήτας
824 5637 1504 5724 ρσςοωρίφαςιοοῌὶοοίω
1551 5636 1946 5724 .Paphlagoni

2071 5641 2382 5724 tudovicus
2439 5641 2488 5699 II
2517 5641 2690 5724 _i_mp._
2718 5644 2810 5724 _in_
2843 5645 3045 5724 Epist.
3094 5645 3168 5703 ad
3226 5645 3507 5724 Basiliam
3551 5644 3695 5720 imp'

346 5704 550 5791 ορόφᾶς.
592 5704 669 5773 ἰδ’
697 5718 789 5775 est
832 5704 1068 5775 Nicetes
1094 5704 1422 5787 'patrioius,
1471 5711 1643 5785 cujus
1662 5704 1947 5773 'mem'init
2055 5704 2735 5790 Constantinopolit.’ubi
2762 5704 3074 5777 Hadi'z‘aticz
3099 5726 3341 5778 servator
3364 5718 3601 5779 dicitur.
