4156 6214
438 341 512 400 51
668 290 673 296 Δ
1082 340 1085 347 “
1785 334 2090 401 JOANNIE

2207 333 2496 396 ΟΝΑΒᾸΞ
3774 329 3853 389 52

430 470 530 533 τὰς
563 473 657 544 μὲν
680 474 788 527 τῶν
817 468 1122 546 λῃστρικῶν
1150 475 1294 542 νηῶν
1321 469 1690 545 ἐπυρπόλησε,
1720 468 1813 530 τὰς
1848 465 1905 522 δὲ
1934 466 2024 521 καὶ
2054 460 2379 540 αὐτάνδρους
2403 461 2678 535 κατέδυσε,
2713 462 2801 519 καὶ
2832 462 2996 519 αὐτοῦ
3023 466 3133 518 τῶν
3164 459 3455 535 πολεμίων
3478 457 3851 535 ἐξηγουμένου

433 558 652 615 Φωτίου
681 560 1068 633 ἀναιρεθέντος.
1103 560 1255 614 Οὕτω
1291 560 1386 632 μὲν
1416 557 1508 613 οὖν
1540 560 1568 613 ὁ
1597 557 1686 613 καὶ
1716 561 1821 611 τῶν
1856 558 2082 632 Κρητῶν
2114 550 2366 608 ἀπώλετο
2398 550 2614 616 στόλος.

502 652 658 707 1⁸12
689 651 754 707 Χ.
789 651 1005 707 Verum
1035 669 1100 707 ex
1132 651 1334 706 Africa
1386 650 1510 706 alia:
1544 666 1723 706 naves
1780 647 2082 719 sexaginta

2200 675 2270 684 -—
2413 643 2677 719 Ἀφρικῆς
2729 638 2776 695 δ’
2820 640 2970 704 αὖθις
3021 637 3197 713 ἕτεραι
3241 641 3365 709 νῆες
3404 637 3665 708 ἑξήκοντα
3695 658 3852 711 παμ-

432 738 706 811 ingentes
758 740 1041 796 Romanis
1088 739 1401 811 provinciis
1457 737 1756 794 vastandis
1812 733 2088 807 usquead

429 828 843 899 Cephaleniam
884 835 943 884 et
984 829 1345 901 Zacynthum
1395 829 1823 900 processerunt.
1876 829 2089 880 Contra

428 934 527 973 eas
556 916 781 973 Narsan
813 917 1019 973 classis
1067 918 1375 990 praefectus
1420 916 1637 972 missus
1669 923 1775 972 est.
1806 915 1916 970 Sed
1948 929 2083 969 cum

430 1006 605 1061 multi
644 1022 715 1061 ex
761 1007 1085 1078 remigibus
1136 1008 1334 1078 fugam
1378 1005 1692 1077 cepissent,
1724 1009 1782 1060 et
1818 1004 2087 1059 triremes

430 1092 774 1150 semivacuaa
834 1098 1032 1149 essent
1076 1111 1089 1148 :
1138 1093 1467 1150 navarchus
1515 1093 1596 1149 ita
1638 1109 1773 1148 cum
1818 1092 2087 1148 hostibus

431 1199 545 1238 non
579 1182 1078 1253 congrediendum
1130 1199 1256 1238 esse
1314 1186 1499 1249 ratus,
1533 1197 1737 1237 casum
1792 1178 1960 1235 illum
2013 1178 2085 1234 ad

427 1270 845 1342 imperatorem
904 1270 1099 1338 refert,
1159 1275 1218 1325 et
1283 1270 1609 1326 desertores
1670 1268 1962 1341 inquisiti,
2020 1282 2087 1322 ao

431 1358 545 1414 cito
591 1359 803 1429 reperti
855 1364 1014 1414 sunt.
1065 1358 1139 1415 Ut
1203 1363 1401 1414 autem
1460 1362 1742 1414 terrorem
1801 1356 2089 1412 incuteret

431 1446 649 1515 nautis,
681 1463 788 1504 nec
827 1446 1012 1503 ullum
1050 1452 1249 1503 tamen
1299 1446 1764 1503 Christianorum
1795 1444 2086 1517 supplicio

431 1535 691 1592 afﬁceret
715 1554 728 1591 :
754 1535 995 1608 triginta
1035 1536 1294 1607 captivos
1325 1541 1624 1608 Agarenos
1657 1550 1883 1590 carcere
1912 1538 2088 1590 noctu

431 1628 742 1691 extractos,
787 1624 1034 1697 fuligine
1078 1625 1286 1697 inungi
1335 1641 1407 1680 ne
1454 1629 1931 1697 agnoscerentur,
1978 1623 2086 1678 ﬂa-

434 1712 674 1785 grisque
705 1729 887 1768 caesos
938 1729 1042 1785 per
1085 1714 1276 1768 forum
1325 1713 1704 1783 circumduci,
1749 1717 1807 1768 et
1834 1712 1893 1767 in
1926 1711 2086 1767 Pelo-

435 1817 721 1875 ponesum
758 1802 1069 1873 perductos
1124 1801 1277 1874 palis
1325 1801 1508 1874 afﬂigi
1547 1801 1751 1871 jussit.
1784 1802 1906 1866 Quo
1938 1800 2087 1855 facto

440 1889 727 1946 classiarii
752 1890 1067 1963 perterriti,
1090 1894 1383 1962 noctuque
1399 1889 1597 1945 hostes
1620 1889 1880 1962 aggressi
1899 1887 2093 1960 proﬂi-

2197 729 2437 805 μεγέθεις
2483 730 2824 805 ἐξώρμησαν,
2877 728 2968 784 καὶ
3019 732 3089 803 τῇ
3148 729 3250 784 ὑπὸ
3281 726 3587 801 Ῥωμαίους
3623 726 3715 781 καὶ
3747 726 3855 781 αὗ·-

2191 841 2279 875 ται
2331 818 2708 893 ἐλυμαίνοντο,
2761 818 2851 873 καὶ
2913 818 3079 894 μέχρι
3118 816 3455 895 Κεφαληνίας
3512 816 3601 871 καὶ
3655 815 3858 871 Ζακύν-

2195 920 2290 973 θου
2345 907 2694 984 προήλθοσαν
2731 950 2747 967 .
2804 905 3099 963 Στέλλεται
3170 907 3353 962 τοίνυν
3409 905 3658 960 ναυτικὸν
3728 909 3855 960 κατ’

2193 996 2394 1067 αὐτῶν,
2443 1001 2815 1073 ναυαρχοῦντα
2860 996 2952 1051 τὸν
2986 997 3196 1072 Νάρσαν
3246 991 3402 1070 ἕχον.
3436 991 3671 1049 Πολλῶν
3706 990 3755 1049 δ’
3787 993 3855 1049 ἐκ

2191 1088 2299 1140 τῶν
2361 1085 2485 1161 περὶ
2539 1086 2637 1155 τὴν
2707 1084 2937 1161 εἰρεσίαν
2994 1084 3305 1139 πονούντων
3366 1079 3790 1157 ἀποδρασάντων
3836 1127 3854 1152 ,

2194 1175 2249 1229 αἱ
2276 1177 2521 1251 τριήρεις
2566 1177 2699 1244 ἦσαν
2741 1173 3016 1248 ἡμίκενοι·
3069 1170 3153 1251 διὸ
3202 1172 3291 1228 καὶ
3343 1173 3370 1227 ὁ
3424 1171 3701 1248 ναύαρχος
3745 1171 3854 1227 ούκ

2194 1258 2370 1337 ἔκρινε
2400 1260 2509 1318 δεῖν
2537 1263 2682 1319 οὕτω
2730 1262 2991 1337 συμμίξαι
3036 1268 3152 1324 τοῖς
3184 1259 3505 1334 πολεμίοις,
3538 1258 3671 1316 ἀλλ’
3714 1260 3854 1315 ἀνα-

2194 1351 2340 1428 φέρει
2366 1355 2447 1424 τῷ
2497 1350 2709 1427 βασιλεῖ
2748 1352 2812 1406 τὸ
2858 1345 3092 1424 συμϐὰν,
3139 1350 3230 1405 καὶ
3278 1350 3331 1405 οἱ
3362 1347 3717 1405 λειποτάκται
3755 1354 3855 1419 ζη-

2191 1438 2444 1510 τηθέντες
2498 1439 2639 1515 ταχὺ
2697 1440 3100 1516 κατεσχέθησαν
3139 1483 3153 1496 .
3206 1439 3319 1496 Ἵνα
3393 1436 3452 1494 δὲ
3523 1437 3613 1494 καὶ
3672 1434 3848 1517 φόϐον

2195 1527 2471 1603 ἐμποιήσῃ
2499 1533 2579 1602 τῷ
2625 1534 2883 1601 ναυτικῷ,
2926 1529 3013 1585 καὶ
3072 1525 3279 1602 μηδένα
3327 1525 3538 1602 κολάσῃ
3587 1528 3850 1604 Χρ,στια-

2194 1618 2307 1689 νὸν,
2335 1617 2625 1693 τριάκοντα
2646 1623 2755 1674 τῶν
2788 1618 2837 1673 ἐν
2891 1617 3130 1692 εἱρκταῖς
3162 1617 3585 1695 φρουρουμένων
3631 1615 3850 1692 αῒχμα-

2196 1705 2388 1762 λώτων
2445 1709 2763 1782 Ἀγαρηνῶν
2812 1702 3147 1777 ἐκϐληθῆναι
3203 1703 3415 1761 κελεύει
3471 1705 3694 1774 νυκτὸς,
3754 1705 3850 1760 καὶ

2195 1794 2510 1871 περιχρίσαι
2565 1795 2659 1868 μὶν
2707 1791 2919 1871 ἀσϐόλῃ
2965 1796 3060 1857 τὰς
3110 1791 3264 1870 ὄψεις
3312 1795 3513 1866 αὐτῶν,
3544 1794 3618 1856 ὡς
3670 1792 3730 1848 ἂν
3767 1795 3850 1868 μὴ

2196 1881 2664 1959 ἐπιγινώσκοιντο,
2719 1884 2831 1940 εἶτα
2878 1883 3184 1948 αἶ’κίσασθαι
3236 1889 3372 1959 σφᾶς
3407 1930 3422 1957 ,
3472 1884 3562 1939 καὶ
3608 1880 3698 1938 διὰ
3744 1889 3852 1952 τῆς

440 1983 676 2051 gerunt,
709 1977 842 2035 aliis
872 1979 1060 2045 caesis,
1093 1979 1226 2034 aliis
1256 1979 1461 2050 captis.
1493 1978 1712 2034 Deinde
1737 1977 1797 2033 in
1829 1978 2087 2033 Siciliam

2200 1972 2397 2047 ἀγορᾶς
2448 1979 2819 2050 περιαγαγεῖν,
2850 1972 3377 2039 ἀνασκολοπισθῆναί
3400 1993 3460 2028 τε
3504 1973 3850 2047 ἀπαχθέντας

2207 2059 2274 2084 -‘L
2309 2059 2522 2084 ll_\.Al
2610 2082 2719 2084 νγ..
2783 2063 2856 2084 ΛΥ
2906 2083 3015 2084 νην.
3083 2060 3153 2084 ΙΔᾷ
3274 2062 3375 2084 Α-
3414 2066 3441 2084 θ’
3496 2062 3668 2084 μᾉικμ
3742 2081 3812 2084 η-..

443 2083 680 2139 quoque
733 2066 1272 2135 transVecti,urbes
1309 2066 1865 2138 Carthaginensibus
1911 2066 2093 2121 obno-

438 2156 565 2211 xias
596 2160 877 2211 vexarunt
905 2159 962 2211 et
1006 2160 1331 2212 vastarunt.
1367 2156 1650 2211 Craterum
1693 2153 2094 2210 Mesembriaci

437 2245 678 2310 Arabes,
715 2243 947 2316 cognito
996 2244 1274 2300 Romanae
1304 2243 1511 2300 classis
1560 2244 1679 2299 otio
1709 2243 1956 2299 navibus
1986 2243 2094 2298 ad-

433 2331 603 2403 vecti,
638 2332 943 2388 Pbceniciae
974 2336 1031 2387 et
1046 2333 1222 2404 Syriae
1253 2348 1415 2388 oram
1446 2332 1819 2388 infestarunt.
1842 2331 2093 2388 Basilius

432 2420 591 2477 enim
625 2422 845 2476 caedem
874 2421 1175 2476 Michaelis
1224 2421 1547 2476 decessoris
1597 2421 1689 2475 sui
1728 2420 2090 2494 expiaturus,

430 2508 642 2565 multis
672 2509 730 2564 in
765 2508 909 2565 locis
941 2508 1105 2565 urbis
1126 2510 1294 2581 regia;
1321 2509 1572 2565 caelestis
1591 2508 1812 2564 militias
1844 2501 2093 2581 principi

429 2596 698 2654 Michaeli
733 2615 883 2653 nova
906 2597 1149 2669 templa,
1186 2603 1362 2670 atque
1410 2599 1471 2652 in
1518 2597 1649 2670 ipsa
1677 2599 1834 2669 regia
1867 2596 2093 2669 magni-

429 2687 603 2741 ficam
635 2690 694 2741 et
723 2691 1136 2759 sumptuosam
1172 2688 1378 2753 cedem,
1406 2686 1574 2743 Novas
1603 2686 1874 2742 Ecclesiae
1905 2686 2092 2741 indito

430 2774 693 2839 nomine,
726 2775 1075 2831 construxit.
1120 2774 1326 2830 Nautis
1355 2775 1535 2846 igitur
1563 2775 1657 2830 his
1706 2775 2091 2831 substructio-

431 2863 611 2920 nibus
642 2863 965 2934 occupatis,
996 2879 1130 2918 cum
1163 2879 1365 2919 eorum
1396 2868 1558 2935 terga
1589 2880 1622 2918 a
1646 2863 1921 2918 tollendis
1952 2879 2090 2918 one-

432 2953 599 3010 ribus
632 2967 933 3024 nunquam
964 2956 1255 3019 vacarent,
1286 2968 1418 3007 cum
1460 2968 1669 3007 manus
1718 2950 1779 3007 in
1823 2951 2090 3024 cophinis

434 3046 727 3114 occupatas
758 3046 976 3107 essent,
1008 3040 1218 3098 classis
1264 3042 1452 3097 otiosa
1481 3040 1606 3096 fuit.
1641 3043 1765 3107 Qua
1793 3042 1865 3097 de
1912 3057 2092 3097 causa

434 3131 683 3203 Agareni
742 3147 903 3186 cram
964 3129 1322 3186 maritimam
1356 3130 1596 3201 impune
1656 3131 2087 3201 praedabantur.

431 3222 633 3291 Neque
660 3234 796 3275 vero
826 3216 988 3273 illam
1031 3219 1314 3274 duntaxat
1342 3219 1822 3284 infestarunt,sed
1845 3225 2090 3290 Syracu-

434 3324 532 3363 sas
562 3306 741 3363 etiam
773 3308 1177 3371 devastarunt,
1214 3306 1564 3378 imperatore
1596 3312 1808 3362 nautas
1844 3307 2092 3363 adifica-

2203 2059 2276 2122 εἷς
2308 2059 2746 2131 Πελοπόννησον.
2780 2063 2857 2118 Οὔ
2901 2060 3220 2137 γενομένου,
3268 2062 3320 2116 οἱ
3346 2066 3445 2117 τοῦ
3486 2062 3691 2117 στόλου
3720 2081 3855 2116 ναυ-

2200 2151 2341 2205 τικοὶ
2412 2148 2909 2224 ἐξεδειματώθησαν
2944 2195 2959 2221 ,
3013 2150 3103 2205 καὶ
3180 2149 3324 2205 οὕτω
3396 2155 3516 2213 τοῖς
3585 2149 3855 2213 ἐναντίοις

2202 2236 2443 2309 ἐπῆλθον
2503 2241 2693 2302 νυκτὸς
2729 2283 2742 2310 ,
2796 2239 2887 2294 καὶ
2941 2238 3202 2315 τρόπαιον
3278 2238 3478 2311 ἤραντο
3514 2285 3528 2309 ,
3578 2244 3686 2294 τῶν
3754 2240 3857 2312 μὲν

2200 2326 2577 2402 ἀπολομένων,
2624 2333 2733 2384 τῶν
2784 2325 2842 2383 δὲ
2885 2327 3228 2387 ἑαλωκότων.
3280 2329 3412 2384 Εἶτα
3455 2328 3547 2384 καὶ
3578 2328 3656 2392 εἷς
3690 2334 3857 2384 Σικε-

2201 2414 2319 2471 λίαν
2354 2411 2627 2489 διέϐησαν,
2659 2418 2749 2472 καὶ
2802 2416 2898 2479 τὰς
2949 2415 3060 2471 ἐκεῖ
3115 2416 3307 2480 πόλεις
3363 2418 3486 2472 ὅσαι
3535 2423 3654 2481 τοῖς
3705 2424 3858 2493 Καρ-

2200 2502 2487 2580 χηδονίοις
2543 2502 2789 2583 διέφερον
2848 2505 3121 2562 ἐκάκωσάν
3177 2527 3237 2561 τε
3291 2507 3385 2561 καὶ
3442 2505 3804 2583 ἐξεπόρθησαν
3845 2549 3860 2564 .

2200 2593 2299 2649 Καὶ
2331 2594 2383 2648 οἱ
2430 2594 2489 2649 ἐκ
2529 2589 2885 2671 Μεσημϐρίας
2933 2591 2991 2649 δὶ
3036 2589 3297 2671 ’¹Αρα6ες,
3347 2594 3705 2671 ἐσχόλακέναι
3751 2596 3852 2652 τὸν

2197 2682 2499 2754 Ῥωμαϊκὸν
2533 2679 2787 2757 μαθόντες
2818 2683 3037 2753 στόλον,
3068 2683 3136 2739 τὰ
3178 2690 3281 2754 τῆς
3333 2684 3596 2755 Φοινίκης
3624 2684 3716 2739 καὶ
3746 2692 3856 2754 τῆς

2203 2769 2400 2846 Συρίας
2456 2773 2607 2826 ναυσὶ
2683 2770 3085 2848 προσπλέοντες
3159 2772 3384 2828 ἐκάκουν
3442 2771 3685 2850 παράλια
3719 2814 3733 2829 .
3793 2776 3860 2832 Ὁ

2196 2859 2296 2935 γὰρ
2334 2858 2610 2935 βασιλεὺς,
2643 2860 2726 2914 ὅτι
2777 2860 3008 2936 Μιχαὴλ
3056 2855 3239 2916 ἆνίῖλε
3266 2863 3358 2917 τὸν
3404 2862 3512 2937 πρὸ
3541 2860 3706 2917 αὐτοῦ
3751 2862 3857 2939 βα-

2199 2947 2503 3021 σιλεύοντα,
2538 2951 2651 3004 οἷον
2678 2948 3099 3023 ἐξιλασκόμενος
3125 2950 3216 3006 τὸν
3246 2953 3397 3020 Θεὸν,
3430 2948 3727 3027 πολλαχοῦ
3746 2955 3855 3021 τῆς

2204 3035 2485 3112 βασιλίδος
2515 3042 2621 3093 τῶν
2654 3037 2867 3094 πόλεων
2899 3043 2978 3112 τῷ
3006 3039 3427 3116 ἀρχιστραεήγῳ
3471 3038 3701 3117 Μιχαὴλ
3736 3043 3857 3114 (81)

2197 3126 2361 3189 ναοὺς
2431 3124 2682 3200 ἐδείματο
2730 3127 2790 3183 ἐκ
2835 3135 3057 3198 καινῆς·
3115 3128 3206 3184 καὶ
3261 3127 3315 3185 ἐν
3373 3129 3557 3192 αὐτοῖς
3618 3126 3677 3184 δὲ
3731 3136 3858 3195 τοῖς

2199 3216 2516 3292 ἀνακτόροις
2547 3214 2855 3290 ἐδομήσατο
2883 3217 3063 3290 τούτῳ
3114 3216 3413 3280 πολυτελές
3461 3238 3521 3273 τε
3548 3218 3640 3273 καὶ
3670 3217 3853 3274 πολυ-

2205 3301 2439 3359 δάπανον
2496 3303 2742 3379 τέμενος,
2773 3306 2802 3360 ὃ
2840 3305 2930 3360 καὶ
2988 3305 3122 3361 Νέαν
3183 3304 3508 3378 Ἐκκλησίαν
3568 3307 3851 3366 ἐκάλεσεν.

433 3396 698 3452 tionibus
765 3396 1140 3467 defatigante,
1208 3396 1309 3468 qui
1364 3393 1537 3452 etiam
1589 3397 1723 3451 Elia
1778 3396 2085 3470 Thesbite,

2200 3393 2288 3447 ’Ev
2337 3393 2553 3455 τούτοις
2603 3392 2694 3448 οὖν
2743 3399 2859 3457 τοῖς
2911 3390 3212 3468 δομήσασιν
3262 3394 3690 3471 ἀσχολουμένων
3740 3401 3858 3453 τῶν

431 3501 607 3557 quem
638 3484 854 3541 eximia
882 3485 1257 3541 veneratione
1288 3483 1531 3553 colebat,
1568 3486 1750 3540 eadem
1782 3487 2091 3555 exstruxit,

435 3575 558 3630 fore
589 3591 835 3647 sperans
870 3577 934 3629 ut
962 3574 1034 3630 ab
1063 3590 1150 3642 eo,
1175 3590 1351 3629 curru
1378 3574 1568 3646 igneo,
1592 3574 1649 3629 in
1683 3573 1892 3629 ccelum
1928 3574 2092 3630 tolle-

431 3668 613 3719 retur.
674 3664 894 3720 Tamen
944 3667 1361 3732 Syracusarum
1422 3663 1755 3735 captivitate
1803 3668 1861 3733 et
1897 3680 2093 3720 rever-

432 3753 599 3809 sione
628 3753 887 3825 cognita,
922 3752 1087 3807 misit
1135 3752 1235 3824 qui
1278 3752 1518 3808 nefariis
1547 3752 1828 3824 Agarenis
1859 3753 2094 3808 resiste-

433 3848 566 3898 rent
600 3858 614 3898 :
644 3842 745 3897 sed
780 3840 924 3897 nihil
966 3842 1228 3913 profecit.
1263 3840 1482 3896 Deinde
1514 3841 1908 3913 Nicephorum
1940 3841 2095 3898 Pho-

435 3948 590 3997 cam,
620 3931 749 4001 ejus
781 3930 982 3985 Phocis
1015 3930 1116 4000 qui
1169 3935 1302 4001 post
1349 3929 1678 4001 imperavit,
1724 3946 1918 3995 avum,
1961 3945 2095 3985 cum

425 4019 613 4093 justis
651 4017 836 4091 copiis
875 4017 1184 4089 ablegavit,
1234 4018 1422 4072 virum
1463 4017 1873 4085 fortissimum,
1906 4022 1962 4075 et
2014 4019 2097 4074 rei

433 4108 709 4165 militaris
754 4106 1204 4179 peritissimum,
1231 4106 1332 4178 qui
1378 4108 1675 4178 Agarenos
1714 4124 1865 4179 smpe
1895 4108 2097 4179 proﬂi-

433 4197 612 4271 gavit.
673 4197 822 4252 Dum
881 4200 1079 4251 autem
1138 4194 1387 4251 Basilius
1442 4194 1763 4267 imperator
1810 4196 2099 4268 Theophi-

431 4286 579 4355 litzi,
608 4288 674 4341 ut
715 4301 898 4357 supra
949 4283 1194 4353 dictum,
1232 4290 1341 4352 est,
1394 4285 1586 4340 adhuc
1633 4284 1941 4341 inserviret
1980 4302 2099 4342 una

432 4391 571 4432 cum
628 4373 729 4430 illo
808 4372 1232 4446 Peloponesum
1309 4373 1637 4442 descendit,
1692 4378 1751 4429 et
1807 4373 2095 4446 templum

434 4462 680 4521 Andros
714 4466 805 4519 est
834 4460 1160 4533 ingressus,
1191 4461 1251 4516 in
1284 4477 1398 4533 quo
1427 4462 1581 4517 I73
1622 4461 1868 4534 degebat
1892 4479 2096 4521 mona-

2198 3480 2495 3555 πλωίμων,
2554 3482 2645 3537 καὶ
2691 3488 2798 3538 τῶν
2849 3485 3036 3539 νώτων
3092 3484 3268 3540 αὐτῶν
3319 3483 3419 3540 οὐκ
3468 3485 3857 3560 ἀφισταμένων

2199 3569 2305 3633 ἀπό
2334 3576 2442 3626 τῶν
2475 3568 2696 3647 ὂίρσεων,
2728 3576 2834 3628 τῶν
2877 3593 2938 3628 τε
2985 3577 3188 3649 χειρῶν
3241 3570 3415 3629 αθτῶν
3448 3572 3502 3628 ἐν
3540 3579 3659 3637 τοῖς
3686 3573 3858 3653 κοφί-

2199 3681 2314 3723 νοις
2362 3663 2474 3734 (82)
2523 3658 2935 3730 δουλευουσῶν,
2987 3663 3015 3717 ὁ
3065 3660 3260 3726 στόλος
3315 3661 3604 3738 ἐσχόλασε·
3656 3660 3741 3718 διὸ
3799 3666 3857 3719 οἱ

2202 3750 2494 3826 Ἀγαρηνοὶ
2526 3748 2714 3821 ἀδεῶς,
2748 3751 2824 3814 ὡς
2880 3748 3115 3828 εἴρηται,
3156 3752 3226 3807 τὰ
3266 3749 3509 3827 παράλια
3537 3749 3851 3823 ἐληΐζοντο,

2202 3839 2291 3893 καὶ
2324 3839 2384 3894 ού
2438 3840 2571 3912 μόνα
2618 3844 2785 3895 ταῦτα
2826 3839 3073 3910 ἐκάκουν,
3127 3840 3273 3896 ἀλλὰ
3300 3841 3390 3896 καὶ
3440 3843 3539 3911 τήν
3574 3843 3858 3912 Συράκου-

2203 3950 2296 3983 σαν
2356 3926 2740 4004 ἐξεπόρθησαν.
2797 3931 2859 3987 Ὁ
2921 3926 2979 3984 δὲ
3039 3930 3292 4006 βασικεὺς
3348 3931 3412 3985 τὸ
3450 3932 3697 3985 ναυτικὸν
3750 3936 3859 3987 τοῦ

2206 4016 2402 4072 στόλου
2448 4017 2747 4094 κατέτρυχε
2792 4023 2913 4080 ταῖς
2959 4016 3300 4093 οἰκοδομαῖς,
3332 4017 3425 4074 καὶ
3471 4023 3550 4092 τῷ
3588 4021 3855 4097 προφήτῃ

2204 4106 2392 4163 Ἡλίου
2419 4111 2500 4180 τῷ
2548 4102 2778 4183 Θεσϐίτῃ
2823 4107 2949 4163 ναὸν
3000 4107 3291 4184 ἀνεγείρας·
3326 4106 3489 4182 ἐτίμα
3522 4109 3625 4184 γὰρ
3655 4113 3856 4165 τοῦτον

2205 4192 2593 4270 διαφερόντως,
2649 4197 2737 4252 καὶ
2798 4192 2935 4269 ᾤετο
2990 4195 3515 4275 προσληφθήσεσθαί
3562 4217 3696 4253 ποτε
3724 4200 3860 4275 παρ’

2204 4282 2370 4339 αὐτοῦ
2422 4283 2533 4340 ’καὶ
2597 4289 2676 4357 τῷ
2749 4285 2960 4359 πυρίνῳ
3047 4287 3538 4362 συνεπαρθήσεσθαι
3623 4287 3855 4362 ἅρματι.

2202 4373 2394 4446 Ὃμως
2430 4372 2634 4447 μέντοί,
2684 4374 2782 4443 τήν
2832 4372 3039 4432 ἅλωσιν
3087 4374 3179 4430 καὶ
3225 4376 3574 4451 κατασκαφὴν
3617 4381 3719 4447 τῆς
3750 4382 3860 4431 Συ-

2205 4460 2476 4536 ρακούσης
2534 4462 2651 4538 (83)
2713 4463 2916 4538 μαθὼν,
2967 4458 3175 4520 ἔστειλε
3217 4463 3346 4529 τοὺς
3399 4465 3863 4537 ἀντικαταστησο-

1727 4650 1924 4711 Variae
1953 4650 2249 4714 lectiones
2276 4656 2338 4714 et
2376 4656 2568 4715 notae.

671 4816 1145 4901 Ἀρχιστρςιιτήγιο¹
1179 4814 1434 4901 Μιχαήλἶ
1493 4817 1808 4901 De.variis'
1859 4817 1918 4874 S.
1982 4817 2089 4901 Mi-

2200 4818 2355 4901 Ονζρ.
2425 4819 2529 4875 CP.
2591 4836 2649 4901 ι).
2711 4820 3118 4901 ﬁda-florent.)
3159 4817 3217 4876 δέ
3265 4818 3432 4901 ἐν’τῷ
3470 4821 3630 4901 αὐτῷ⁵
3663 4818 3860 4901 λιμένι

440 4889 628 4947 chaeli
675 4889 1470 4963 ex'st'ructisaa’dibus'sacris
1515 4891 1766 4963 egimus,
1793 4892 1853 4963 in
1887 4895 2089 4946 nostra

441 4962 935 5034 ConstantinOpoli,
970 4960 1192 5034 lib.gm,
1243 4968 1385 5034 sect.
1435 4964 1489 5031 3,
1524 4960 1582 5016 n'.
1616 4964 1669 5033 4,
1714 4962 1813 5018 ubi
1845 4978 2089 5034 praeser-

441 5035 547 5089 tim
597 5032 667 5087 de
715 5033 824 5105 hac
872 5038 1023 5105 Nora
1072 5033 1228 5105 dicta
1260 5051 1272 5089 :
1308 5033 1367 5089 in
1405 5033 1498 5089 bis
1530 5032 1730 5099 etiam,
1764 5032 1932 5089 de'ea
1961 5050 2088 5105 qua:

436 5106 497 5161 in
556 5102 843 5178 Cfonchylo
894 5103 1101 5178 stetit,
1132 5104 1458 5177 imperante
1503 5105 1860 5178 Justiniano,
1911 5102 2089 5178 quam

436 5177 705 5248 eamdem
757 5175 886 5231 esse
930 5175 1238 5248 existimo,
1297 5194 1426 5248 quis
1486 5176 1700 5247 palatio
1758 5175 2090 5248 adjacuisse

436 5250 657 5305 dicitur
686 5247 746 5302 in
777 5244 1023 5303 concilio
1054 5248 1157 5302 ΟΡ.
1210 5244 1329 5304 ουδ’
1367 5244 1558 5315 Mena,
1611 5255 1723 5304 act.
1754 5249 1788 5303 2
1824 5244 2089 5315 ΞἘγινό-

441 5268 657 5305 dicitur
686 5268 746 5302 1n
777 5268 1023 5303 CODCIUO
1054 5268 1157 5302 ω’.
1210 5268 1320 5304 suo
1367 5268 1558 5315 mena,
1611 5268 1723 5304 act.
1754 5268 1788 5303 ι
1824 5268 1837 5303 ;
1888 5268 1926 5302 ιι
1974 5269 2089 5301 ινυ-

441 5322 577 5405 μεθα
633 5317 721 5422 agi
775 5315 827 5373 ἐν
870 5320 958 5422 ἕτπῷ
1015 5315 1527 5422 εύξιγεῖηεύκτηρίῳ
1569 5316 1727 5422 ιοῖκῳ
1778 5317 1878 5399 τοῦ
1915 5268 2089 5422 ’ἔγὲἒου

438 5385 791 5518 ἂρξαγγέλου
870 5385 1134 5462 Μιχαήλ’
1175 5393 1256 5461 τῷ
1327 5385 1813 5474 προκειμένῳπιῇ
1882 5385 2088 5445 εὐσεϐεῖ

435 5484 510 5519 πα
553 5463 687 5534 ατίῳ
721 5504 733 5515 .
792 5462 970 5517 Paulo
1030 5477 1211 5534 supra
1267 5464 1563 5519 exstitisse
1611 5461 1663 5517 ἐν
1719 5482 1799 5533 τῳ
1836 5461 2088 5517 παλατίω

437 5532 736 5594 scribitur.
770 5534 927 5589 Hanc
956 5537 1015 5589 S.
1064 5532 1342 5590 Michaelis
1386 5537 1450 5592 de
1496 5532 1778 5592 Bucelone’
1803 5536 2090 5592 ecclesiam

436 5613 607 5665 vocat
636 5605 1012 5662 Innocentius
1048 5604 1121 5660 ΙΙΙ
1151 5603 1260 5679 _PP.
1294 5606 1397 5663 lib.
1431 5624 1534 5679 χιι,
1566 5608 1742 5679 epist.
1780 5607 1870 5661 70.

511 5680 624 5754 (82)
680 5679 773 5754 Ἐν
840 5681 957 5738 τοῖς
1028 5673 1339 5754 κοφίνοιςᾲ.
1400 5673 1631 5754 βρόφινοξ
1714 5679 1932 5754 dicitur
1985 5695 2088 5754 vas

440 5748 810 5826 ex‘virgultis
858 5754 1026 5807 terra
1071 5748 1369 5823 portandis
1396 5748 1699 5809 idoneum.
1739 5751 1995 5810 Codinus
2025 5752 2088 5809 in

2199 4886 2378 5016 σξήλη
2433 4890 2774 4966 μαρμάρινος
2831 4886 3198 4967 Ἐλευθερίου,
3259 4886 3494 4972 φέρουσα
3529 4886 3699 4948 πτύον
3729 4886 3858 4948 ’καὶ

2199 4981 2232 5015 κ
2268 4982 2441 5016 φινον.

2198 4981 2418 5015 κοωινον
2428 5001 2441 5015 ο

2293 5034 2385 5106 83)
2425 5030 2803 5110 Κατασκαφήν-
2846 5037 2948 5110 τῆς
2990 5035 3366 5110 ⁸Συρακούσης
3391 5080 3432 5110 ,ί
3464 5040 3599 5110 Hoc
3641 5037 3853 5110 Symp-

2198 5104 2897 5178 cusaexcidium'attigit
2927 5104 3106 5178 etiam
3134 5104 3555 5165 Constantinus
3586 5108 3645 5163 in
3677 5104 3847 5164 Basi-

2198 5177 2380 5253 lio,_n.
2415 5177 2503 5241 49,
2534 5180 2690 5253 et_e_x
2740 5175 3156 5253 eq'Scylitzes,
3192 5186 3248 5236 et
3277 5180 3373 5236 alii
3410 5198 3424 5236 :
3458 5181 3560 5236 sed
3585 5197 3698 5253 pra:
3730 5196 3851 5236 ca:-

2196 5250 2339 5305 teris
2364 5250 2513 5326 hanc
2536 5249 2700 5326 urbis
2720 5247 3113 5326 calamitatem
3142 5247 3851 5326 descripsit'l‘beodosius

2198 5320 2525 5376 monachus
2567 5321 2623 5375 in
2658 5320 2917 5391 Epistula
2961 5324 3032 5377 ad
3075 5320 3852 5381 Leonem'arcbidiaconum

2198 5394 2269 5468 de
2292 5394 2672 5468 §yracusanaa
2701 5393 2877 5468 prbis
2917 5398 3367 5468 expugnatione,
3402 5414 3528 5468 quas
3581 5401 3855 5451 servatur

2196 5464 2253 5539 in
2291 5463 2649 5539 Bibliotheca
2695 5464 2754 5520 S.
2777 5463 3108 5539 Servat—oris
3152 5463 3456 5539 Messanae,
3485 5474 3543 5523 et
3569 5484 3743 5537 quam
3772 5483 3853 5524 ex

2197 5536 2393 5613 Graec
2429 5536 2729 5613 Latinitate
2759 5536 3033 5613 donatam
3066 5539 3388 5613 descripsit
3420 5536 3686 5596 Bocchus
3711 5539 3856 5612 Pyr-

2196 5608 2345 5665 rhus
2371 5608 2429 5662 in
2461 5610 2727 5685 episcopis
2758 5607 3157 5685 Syracusanis,
3184 5612 3243 5667 in
3266 5607 3395 5685 'qua
3423 5618 3480 5669 et
3509 5613 3724 5685 famem
3756 5607 3853 5666 in-

2197 5686 2430 5763 gentem
2464 5682 2741 5763 acivibus
2774 5695 3112 5763 perpessam
3145 5684 3206 5763 in_
3237 5682 3401 5763 urbis
3426 5683 3755 5763 obsidione,
3787 5686 3852 5763 et

2197 5752 2394 5811 clades
2424 5770 2457 5810 a
2481 5752 2756 5811 Barbarie
2777 5752 2908 5811 istis
2933 5753 3244 5815 Saracenis
3263 5756 3460 5816 illatas
3490 5754 3850 5814 Christiania
