4156 6214
244 92 293 101 -ιιν
318 92 519 125 ηῖίευ.
540 92 571 129 1.
630 92 659 109 ⁵
676 94 685 101 -
708 94 721 103 9

289 311 373 371 53
1574 297 1990 361 ANNALIUM
2036 297 2181 360 LIB.
2232 299 2390 362 XVI.
3616 302 3692 361 5’4

283 438 472 513 μένους
497 438 605 498 τοῖς
632 432 963 510 ἀλητηρὲοις
1018 434 1365 509 Ἀγαρηνοῖςο
1417 428 1544 487 ἀλλ’
1593 427 1745 485 οὖδὲν
1786 428 1919 498 ἥνυ-

2036 429 2180 488 chus
2231 431 2473 504 quidam
2533 431 2769 491 virtutis
2837 402 3163 503 studiosus,
3227 432 3329 504 qui
3392 430 3690 504 Theophi-

278 548 399 584 στο.
430 526 544 581 Εἶτα
601 524 690 578 τὸν
744 528 942 580 Φωχᾶν
998 521 1335 599 Νικηφόρον,
1392 520 1484 575 τὸν
1542 519 1762 574 πάππον
1818 523 1915 572 τοῦ

279 616 554 690 μετέπειτα
610 613 997 689 βασιλεύοντος
1050 618 1221 666 Φωκᾶ
1280 610 1416 683 μετά
1464 606 1743 681 δυνάμεως
1775 607 1916 677 ἀξιο-

2024 520 2173 576 litzae
2205 520 2425 579 nullam
2476 522 2763 578 rationem
2824 521 3052 594 habuit,
3114 522 3215 577 sed
3276 520 3493 577 Basilio
3551 538 3686 577 con-

2025 615 2242 683 specto,
2275 610 2515 667 honoris
2545 629 2726 668 causa
2757 611 3026 683 surrexit,
3080 626 3331 684 eumque
3379 611 3687 667 adoratum

1560 714 1766 777 Variae
1796 711 2096 774 lectiones
2127 720 2188 775 et
2216 721 2407 775 notae.

269 817 563 874 luculenta
591 816 859 872 oratione
888 814 1262 883 describit,ut
1291 813 1391 885 qui
1410 817 1468 869 et
1484 813 1727 868 obsessa
1758 812 1922 880 urbe,

269 893 330 945 in
364 908 428 946 ea
454 906 583 944 cum
619 888 753 944 aliis
782 890 998 942 famem
1058 886 1386 958 ipsamyet
1443 901 1511 939 ea
1567 889 1921 958 expugnata,

270 963 475 1017 duram
505 961 907 1032 captivitatem
942 955 1257 1032 perpessus
1288 957 1478 1012 fuerit.
1516 955 1657 1023 Quae
1682 955 1922 1032 quidem

261 1034 509 1103 epistola
539 1029 748 1087 Latina
769 1029 1057 1086 duntaxat
1087 1029 1349 1085 oratione
1382 1033 1639 1103 euaratu,
1686 1029 1921 1082 interim

259 1100 409 1160 dum
437 1104 635 1160 Greca
662 1104 967 1174 prodeant,
1001 1118 1255 1174 quorum
1289 1101 1560 1174 quasdam
1592 1100 1923 1174 fragmenta

261 1177 557 1232 habentur
584 1171 1037 1231 iu'bibliothecu
1068 1173 1268 1245 Regia,
1302 1171 1351 1227 ei
1387 1172 1479 1245 hic
1530 1171 1921 1245 descributur,

261 1248 422 1303 haud
450 1248 754 1319 ingratum
788 1246 932 1319 forte
963 1242 1624 1319 rerum'Byzantinarurn
1638 1242 1923 1319 studiosis

260 1321 465 1388 fuerit,
497 1313 626 1373 tum
680 1319 839 1390 quod
898 1317 1108 1372 horum
1159 1313 1498 1390 temporum
1558 1313 1920 1390 illustrandae

260 1386 522 1446 historia:
580 1386 716 1445 non'
759 1405 967 1461 parum
1026 1386 1363 1461 eonducat,_
1395 1393 1522 1461 turn
1553 1386 1728 1461 etiam
1764 1386 1917 1457 quod

262 1462 469 1534 Pyrrhi
502 1461 708 1517 Sicilia
735 1459 892 1516 Haud
926 1461 1217 1534 omnibus
1235 1459 1406 1514 obvia
1427 1460 1531 1534 _sit.
1563 1459 1769 1534 Eorum
1797 1471 1923 1534 quae

254 1529 416 1590 nobis
448 1539 777 1598 evenerunt,
829 1533 916 1587 vir
961 1532 1324 1599 divinissime,
1384 1531 1613 1602 singula
1667 1529 1924 1599 persequi

256 1607 420 1676 velle,
471 1622 616 1661 sane
653 1605 1005 1676 diuturnius,
1035 1604 1470 1676 oportunissque
1498 1603 1763 1676 teniporis
1791 1617 1921 1676 spa-

256 1674 411 1733 tium‘
469 1676 750 1748 postulare
814 1674 1029 1730 videtur
1057 1691 1077 1731 .·
1142 1674 1465 1745 breviorque
1527 1674 1757 1748 epistola
1823 1674 1919 1738 est,

257 1766 430 1839 quam
461 1744 522 1803 ut
551 1757 729 1804 totam
760 1763 951 1839 rerum
976 1750 1258 1839 gestarum
1286 1744 1484 1800 seriem
1504 1744 1919 1839 complectatur.
1954 1775 1998 1839 Β

263 1817 475 1876 Contra
504 1835 630 1875 vero
657 1821 877 1890 penitus
925 1818 1263 1890 hacisilere
1318 1831 1762 1890 communemque
1818 1817 1919 1870 do-

266 1893 407 1949 lat-is
463 1889 702 1957 sensum,
760 1905 922 1960 quem
960 1905 1030 1944 ex
1058 1889 1143 1943 his
1173 1889 1311 1960 cepit
1339 1889 1518 1960 potius
1545 1891 1724 1960 ferme
1742 1891 1920 1960 terra-

259 1981 393 2018 rum
423 1964 576 2019 orbis
608 1959 798 2035 (facile
846 1962 999 2015 enim
1046 1960 1193 2035 mihi
1235 1959 1541 2035 persuadeo
1589 1959 1928 2014 condoluisse

258 2037 423 2090 nobis
476 2050 582 2105 eos,
616 2030 785 2101 apud
814 2047 946 2105 quos
974 2032 1058 2086 vel
1085 2030 1701 2105 solumSyracusarum
1728 2045 1924 2105 nomen

257 2075 588 2173 $55.52;}
616 2075 774 2161 va'l'de
799 2075 1069 2174 s‘tupentis
1095 2104 1302 2167 animi,
1330 2075 1625 2173 inorboque
1665 2101 1925 2157 indolen-

260 2181 361 2236 tia
414 2178 676 2248 apprime
729 2177 1048 2230 laborantis
1102 2176 1349 2248 futurum
1377 2175 1553 2244 fuisse
1581 2174 1923 2248 existimavi.

260 2251 339 2306 De
364 2245 576 2319 quare
598 2246 1246 2319 prophetarumquidam
1275 2249 1540 2319 tanquam
1568 2262 1637 2301 ex
1682 2260 1777 2300 ore
1824 2245 1928 2299 Dei

257 2324 342 2379 sic
370 2315 459 2376 est
492 2315 746 2375 locutus:
776 2317 924 2374 Male
954 2315 1088 2372 illos
1117 2316 1310 2388 accepi
1341 2315 1562 2389 ﬂagris,
1595 2332 1700 2372 nec
1730 2321 1925 2389 tamen

260 2393 611 2449 doluerunt.
646 2393 719 2447 Ac
745 2391 800 2445 si
827 2404 1148 2461 quocunque
1174 2389 1331 2444 modo
1383 2388 1763 2443 narrationem
1821 2388 1926 2442 ha-

258 2483 394 2520 rum
424 2479 623 2520 rerum
653 2463 967 2527 instituam,
1003 2461 1137 2516 bene
1164 2463 1412 2529 utrisque
1436 2462 1743 2515 consultum
1774 2462 1886 2514 erit
1910 2474 1924 2512 :

258 2538 414 2591 mihi
446 2551 659 2607 quoque
687 2535 937 2607 aliquam
983 2533 1177 2607 aﬂeret
1233 2534 1560 2607 orationem,
1620 2546 1745 2602 quae
1798 2547 1927 2607 mw;-

258 2602 520 2664 rentibus
548 2602 668 2663 illis
697 2602 1001 2661 revelatum
1033 2602 1109 2658 iri
1134 2604 1572 2675 conﬁdo,quibus
1602 2619 1750 2658 nunc
1779 2602 1930 2657 male

258 2681 585 2736 discrucior.
622 2680 833 2748 Quippe
858 2678 937 2732 sic
964 2687 1170 2732 natura
1197 2681 1576 2747 comparatum
1608 2682 1707 2748 est,
1759 2683 1815 2729 ut
1863 2689 1929 2748 ea

260 2767 392 2826 quae
452 2753 611 2826 nobis
647 2747 946 2826 ίηιοιεδιίῳΔ
987 2748 1245 2826 δαηῑληδῇ
1296 2761 1547 2802 sermone
1594 2747 1926 2826 vulga'veris,

258 2818 448 2879 animi
473 2825 657 2878 levent
682 2819 1095 2890 aegritudinem,
1128 2818 1231 2873 tibi
1254 2834 1384 2873 vero
1437 2834 1643 2873 merces
1699 2818 1930 2872 minime

258 2897 422 2965 ﬂuxa
479 2896 613 2950 hinc
668 2892 904 2955 accedet,
951 2894 1002 2947 si
1016 2890 1408 2965 compatiendo
1428 2890 1697 2965 lacrymis
1724 2905 1926 2965 narra-

260 2962 474 3023 tionem
499 2965 957 3037 prosequeris._ln
1007 2963 1244 3037 hostium
1299 2962 1581 3037 tandem__
1612 2963 1930 3037 potestatem

258 3032 593 3095 devenimus
620 3054 639 3090 :
669 3032 822 3106 capti
848 3035 1068 3090 demum
1093 3034 1324 3103 fuimus,
1349 3048 1378 3088 ο
1411 3035 1495 3088 vir
1523 3032 1726 3087 divinis
1757 3032 1928 3106 bona.

268 3113 431 3166 ribus
456 3104 774 3181 per/uncle,
807 3123 905 3162 nec
931 3122 1069 3161 sane
1096 3106 1296 3181 pejora
1334 3113 1483 3181 sunt_
1519 3104 1927 3181 Hierosolyma

258 3175 509 3253 experta
562 3175 697 3237 eum
753 3175 1110 3253 caperentur,
1134 3175 1232 3232 nec
1260 3175 1522 3231 Samaria
1553 3177 1925 3253 priorliiero.

257 3247 498 3325 solymis
547 3259 910 3325 expugnatae.
949 3248 1373 3325 Tandempasst
1418 3264 1606 3302 sumus
1660 3247 1923 3318 direptio-

257 3320 418 3393 nem,
469 3320 643 3395 quam
698 3339 836 3395 non
861 3321 1060 3395 insulae
1089 3320 1303 3376 Chetim
1334 3336 1579 3395 unquam
1633 3334 1922 3395 agnovere,

261 3414 381 3453 non
400 3390 657 3467 regiones
711 3393 1207 3467 barbarica,__non
1262 3390 1432 3467 urbes:
1477 3406 1810 3467 quaecunque
1867 3390 1927 3444 in

258 3461 519 3525 mltum
546 3466 743 3536 afferri
769 3469 1006 3536 possent.
1038 3462 1318 3533 Ejusmodi
1342 3464 1455 3533 fuit
1482 3463 1585 3517 hoc
1622 3461 1923 3528 excidium,

259 3546 324 3596 ut
353 3540 549 3596 eodem
579 3536 691 3603 die,
724 3536 924 3608 quibus
954 3544 1116 3591 antea
1142 3538 1549 3608 propugnatum
1576 3537 1738 3608 erat,
1759 3548 1926 3608 arcus

258 3605 1010 3695 ξιρλιινςὲναεβοθιιάυενίεν
1049 3605 1566 3695 madidive:
1609 3605 1926 3695 F5941?!"

258 3677 551 3754 deiecerit,
608 3684 859 3754 strenuos
896 3694 1156 3754 quosque
1183 3677 1926 3754 debilitaverit,_pr0pugna-

261 3748 530 3826 laresque
556 3754 807 3823 gigantes
837 3748 938 3826 (sic
960 3752 1112 3806 enim
1139 3750 1520 3820 magnanimos
1566 3748 1692 3826 illos
1736 3748 1928 3826 appelf

266 3820 530 3892 laverim,
556 3820 661 3894 qui
689 3820 904 3894 egregie
933 3837 1165 3894 operam
1191 3836 1348 3894 suam
1375 3820 1781 3891 praestiterunt,
1831 3820 1930 3894 qui

264 3903 321 3955 et
378 3891 589 3969 famem
619 3891 787 3951 antea
811 3891 1072 3969 tolerare,
1102 3897 1154 3948 et
1188 3891 1399 3969 labores
1421 3892 1930 3969 quoscunquesub-j

268 3963 387 4033 ire,
410 3973 463 4024 et
490 3969 809 4023 uulneribus
835 3966 1029 4035 conﬁci
1056 3980 1219 4035 prope
1265 3964 1500 4033 inﬁnitis
1554 3979 1656 4031 pro
1712 3963 1932 4035 Christi

265 4057 462 4097 amore
515 4055 627 4095 non
659 4038 1003 4101 dubitarunt,
1035 4034 1086 4091 et
1115 4044 1234 4106 post
1263 4038 1480 4104 captum
1509 4035 1701 4090 urbem
1728 4034 1928 4104 gladiis

265 4112 648 4169 contrucidati
673 4115 821 4177 sunt)
853 4109 1095 4163 hostium
1128 4107 1405 4162 violentiae
1433 4108 1624 4162 cedere
1669 4107 1924 4174 coegerit.

270 4185 517 4241 Tandem
549 4185 613 4237 in
643 4181 884 4237 hostium
915 4195 1116 4234 manus
1146 4178 1461 4240 incidimus.
1485 4193 1610 4231 cum
1641 4187 1805 4233 antea
1832 4177 1932 4233 diu

267 4272 340 4313 ac
367 4257 576 4325 saepius
605 4255 801 4325 fuisset
829 4253 904 4306 ad
933 4266 1122 4325 muros
1151 4252 1578 4325 propugnatum.
1609 4264 1734 4325 cum
1761 4252 1931 4325 etiam

265 4319 470 4383 navali
494 4319 696 4397 praelia
726 4322 1088 4395 (horrendum
1116 4319 1668 4397 sane’spectaculum,
1692 4323 1933 4392 ipsisque

266 4395 615 4455 intuentium
655 4397 828 4451 oculis
857 4395 1355 4451 consternationem
1384 4395 1716 4463 ingenerans
1746 4410 1761 4450 :
1794 4409 1931 4448 con-

268 4474 568 4528 sternatur
595 4469 746 4524 enim
774 4479 1021 4538 aspectus
1048 4481 1235 4521 rerum
1264 4465 1561 4538 atrocitate
1616 4480 1738 4534 qua:
1792 4479 1933 4538 saepe

269 4522 372 4599 illi
390 4522 762 4607 objiciuntur)
808 4522 1007 4608 fuerit
1036 4537 1319 4593 multoties
1377 4522 1734 4592 decertatum.
1798 4522 1934 4593 Victi
1964 4522 2009 4587 D

268 4617 491 4686 fuimus
543 4615 666 4686 post
718 4610 923 4686 multas
953 4617 1252 4686 nocturno
1294 4617 1533 4686 tempore
1583 4610 1764 4686 factas
1787 4608 1928 4664 obsi-

268 4680 488 4748 diones,
518 4680 570 4740 et
595 4683 821 4738 hostiles
849 4680 1104 4748 insidias,
1136 4682 1255 4751 post
1280 4680 1531 4751 admotas
1584 4680 1765 4734 muris
1809 4695 1926 4734 ma-

271 4758 499 4824 rhinas,
548 4755 745 4824 quibus
794 4757 967 4809 totum
1017 4749 1146 4821 fere
1189 4751 1339 4806 diem
1393 4749 1781 4824 inridebantur,
1811 4754 1930 4822 post

270 4821 502 4900 gravem
532 4821 693 4883 illam
721 4827 997 4900 in‘nostra
1032 4823 1469 4900 propugnacula
1506 4821 1753 4900 lapidum
1780 4821 1931 4900 pro-

271 4894 545 4975 jectorum
597 4895 922 4969 procellam,
976 4898 1097 4975 post
1140 4894 1284 4949 illas
1339 4894 1564 4949 urbium
1616 4894 1936 4975 vastati-ise:

273 4967 609 5036 testudines,
640 4984 931 5040 murosque
955 4967 1364 5040 subterraneos,
1396 4982 1545 5040 quos,
1576 4974 1765 5022 vocant
1794 4984 1813 5022 :
1845 4967 1937 5020 ni-

275 5046 370 5102 hil
394 5046 546 5100 enim
576 5047 775 5097 horum
805 5037 929 5112 qua
955 5037 1028 5093 ad
1055 5038 1730 5112 urbiseacpugnationem
1754 5053 1938 5112 cense-

272 5120 489 5173 bantur
519 5114 746 5175 idonea,
777 5109 1117 5167 intentatum
1145 5110 1492 5181 reliquerunt
1521 5111 1566 5164 ii
1612 5109 1807 5179 quibus
1850 5110 1942 5181 Vob-

272 5189 526 5246 sidendz
584 5186 745 5240 urbis
800 5200 934 5239 cura
962 5180 1328 5241 incumbebat.
1354 5197 1589 5253 quorum
1608 5180 1946 5252 jampridem

279 5259 577 5334 potiunda
631 5256 795 5334 urbis
856 5255 1131 5334 cupiditas
1192 5255 1407 5334 animos
1473 5254 1941 5334 inﬂammaverat,

281 5325 509 5388 summa
538 5330 859 5384 animorum
888 5326 1235 5382 contentione
1259 5325 1632 5397 decertabant,
1663 5340 1765 5397 quo
1793 5326 1944 5396 quis-

274 5422 387 5476 que
418 5410 576 5473 pacto
603 5401 822 5476 caeteris
851 5401 1158 5476 praestaret,
1201 5412 1371 5476 novas
1428 5398 1485 5451 in
1530 5395 1946 5476 dies‘singulos

276 5467 573 5531 machinas
605 5467 992 5543 excogitando,
1021 5470 1224 5543 quibus
1253 5469 1385 5543 urbs
1412 5471 1540 5543 capi
1567 5467 1945 5543 diruiquefa-

277 5550 457 5603 cilius
513 5539 1111 5616 possethuanquam
1155 5541 1223 5595 ab
1276 5539 1423 5616 hisce
1468 5541 1628 5616 Deus_
1666 5540 1947 5616 altissima

276 5610 524 5675 consilii
536 5617 757 5672 ratione
782 5610 1111 5669 admirabili
1136 5626 1234 5666 nos
1264 5610 1660 5683 quodammodo
1680 5612 1944 5682 protexit.

282 5692 426 5761 Quid
454 5704 588 5745 vero
614 5700 835 5743 necesse
861 5689 941 5741 est
963 5700 1113 5761 more
1160 5685 1372 5761 tragico
1420 5683 1717 5761 eju_lantem
1774 5683 1946 5738 latius

278 5755 381 5836 per
405 5761 840 5836 equi,quantam
861 5764 914 5813 et
941 5756 1164 5836 qualem
1187 5755 1251 5810 in
1278 5755 1724 5836 nos_malor_uum
1753 5769 1945 5836 conge:

284 5824 465 5894 reiem'
482 5824 740 5893 invehere
767 5824 982 5889 summo
1008 5829 1189 5887 stuato
1217 5826 1402 5886 conati
1426 5829 1555 5886 sunt
1581 5825 1754 5886 hostes
1772 5828 1798 5883 γ
1815 5824 1948 5900 quid

2033 813 2318 886 indictum,
2336 815 2705 885 infectumque
2736 815 3095 886 reliquerunt,
3128 813 3269 884 quod
3315 813 3385 869 ad
3429 812 3689 869 timorem

2034 884 2414 941 incutiendum
2461 887 2535 941 iis
2566 884 2664 957 qui
2691 884 3086 942 detinebantur
3112 886 3337 957 obsessi,
3370 886 3688 957 animosque

2032 958 2450 1012 consternendos
2476 961 2657 1024 facere
2684 961 2862 1013 visum
2918 960 3095 1014 esset?
3150 956 3363 1029 tempus
3403 956 3685 1028 admonet,

2032 1031 2092 1082 ut
2148 1029 2231 1101 ad
2275 1045 2339 1084 ea
2369 1045 2487 1100 qum
2515 1031 2668 1084 intus
2698 1031 3037 1101 gerebantur
3064 1033 3371 1085 orationem
3397 1033 3679 1085 converta-

2029 1116 2173 1172 mus,
2203 1100 2373 1171 deque
2401 1104 2475 1165 iis
2501 1100 2782 1157 excursim
2812 1104 3003 1172 aliqua
3032 1103 3303 1157 dicamus.
3326 1102 3483 1156 Foris
3510 1109 3690 1156 vasta-

2033 1173 2123 1245 bat
2151 1173 2398 1240 gladius,
2429 1177 2479 1228 et
2510 1175 2666 1229 intus
2688 1189 2883 1244 pavor,
2904 1177 2965 1228 ut
2990 1178 3303 1245 pervetusto
3335 1175 3434 1229 illo
3463 1173 3686 1228 oraculo

2030 1243 2248 1315 Moysen
2280 1260 2365 1299 res
2397 1251 2609 1301 nostras
2638 1243 3001 1300 vuticinatum
3031 1259 3146 1300 esse
3187 1246 3355 1315 plane
3402 1259 3683 1300 assevera-

2029 1319 2220 1370 verim.
2278 1315 2411 1369 Cum
2465 1317 2613 1370 enim
2669 1331 2825 1388 aeque
2856 1333 2923 1372 ac
2945 1317 3149 1388 populo
3179 1315 3403 1372 Israelis
3423 1319 3482 1371 in
3512 1317 3685 1371 Deum

2030 1392 2159 1460 ante
2186 1405 2220 1442 a
2245 1388 2401 1442 nobis
2428 1396 2707 1460 peccatum
2733 1400 2893 1455 esset,
2922 1389 3172 1443 eumdem
3200 1404 3359 1460 quem
3388 1389 3522 1443 olim
3553 1389 3676 1455 ille,

2029 1458 2232 1515 divinae
2263 1459 2565 1514 iracundia
2621 1461 2848 1515 calicem
2893 1458 3223 1530 potavimus,
3272 1460 3421 1531 capti
3471 1475 3681 1530 sumus,

2029 1534 2379 1603 posteaquam
2426 1547 2574 1599 agre
2626 1532 2951 1587 diuturnam
3005 1534 3211 1602 famem
3266 1530 3682 1603 herbarumque

2034 1603 2174 1656 victu
2236 1602 2598 1657 tolerabimus
2664 1620 2682 1657 :
2745 1612 3107 1673 posteaquam
3171 1602 3395 1657 sordida
3455 1619 3684 1674 quaeque

2030 1689 2218 1746 rerum
2247 1678 2479 1743 egestate
2507 1675 2795 1744 compulsi,
2829 1676 2889 1728 in
2920 1690 2978 1728 os
3006 1677 3407 1746 congessimus.
3459 1675 3605 1743 Quin
3633 1681 3685 1729 et

2030 1744 2100 1819 ad
2161 1745 2456 1819 liberorum
2482 1754 2652 1819 etiam
2681 1749 3031 1819 comestiones
3056 1744 3195 1819 (rem
3224 1747 3501 1814 nefariam
3530 1749 3585 1800 et.
3613 1761 3686 1800 8t-

2033 1817 2202 1888 lentio
2230 1816 2698 1887 pratereundam)
2743 1816 3125 1888 processimus,
3186 1833 3311 1872 cum
3365 1821 3529 1872 antea
3582 1833 3684 1873 nec

2032 1888 2102 1942 ab
2136 1887 2408 1944 humana:
2434 1890 2619 1942 carnis
2647 1904 2739 1943 esu
2767 1890 2899 1960 (heu
2927 1905 3093 1959 quam
3116 1888 3452 1943 horrendum
3476 1896 3685 1960 specta-

2033 1960 2239 2029 culum)
2270 1960 2688 2015 abhorruimus.
2748 1959 2858 2016 Sed
2908 1963 3033 2030 quis
3090 1966 3209 2016 haec
3258 1975 3355 2030 pro
3409 1959 3677 2030 dignitate

2032 2032 2239 2101 tragice
2264 2031 2670 2104 deploraverit?
2697 2047 2805 2087 non
2838 2048 2872 2086 a
2900 2033 3067 2086 coriis
3097 2031 3420 2104 bubulisque
3444 2032 3680 2103 pellibus

2033 2104 2420 2167 abstinuimus,
2452 2119 2563 2157 non
2593 2103 2660 2157 ab
2688 2106 2804 2158 alia
2847 2104 3274 2175 Aquibuscunque
3323 2103 3502 2171 rebus,
3557 2120 3678 2175 quae

2029 2176 2177 2245 fame
2204 2177 2404 2230 enectis
2434 2175 2744 2246 quidquam
2771 2173 2967 2230 solatii
2989 2173 3192 2246 afferre
3211 2192 3364 2246 posse
3389 2173 3678 2230 crederen-

2033 2256 2147 2318 tur,
2181 2261 2248 2300 ne
2276 2247 2483 2301 ossibus
2508 2245 2727 2318 quidem
2756 2246 2938 2303 aridis
2963 2245 3265 2318 parcentes,
3317 2247 3682 2318 iniucundam

2031 2317 2188 2373 nobis
2244 2332 2458 2374 canam
2520 2317 2974 2388 apparabamus.’
2998 2319 3208 2390 Novum
3230 2320 3495 2390 profecto,
3527 2322 3576 2375 et
3608 2317 3676 2372 ab

2033 2391 2186 2444 omni
2215 2390 2531 2444 mortalium
2561 2404 2666 2442 usu
2695 2389 2992 2444 abhorrens
3049 2388 3305 2444 alimenti
3332 2388 3544 2459 genus.
3609 2390 3683 2443 Et

2032 2462 2183 2516 enim
2210 2461 2690 2532 Syracusanorum
2716 2463 3040 2532 complures,
3089 2460 3243 2531 (quid
3278 2462 3520 2516 homines
3569 2476 3683 2515 non

2032 2534 2171 2602 cogit
2226 2534 2398 2602 fames
2452 2533 2766 2601 importuna
2779 2534 2823 2603 ν)
2880 2532 3293 2603 quadrupedum
3330 2548 3450 2588 ossa
3480 2532 3685 2587 molere

2032 2605 2294 2675 primum,
2326 2612 2436 2659 tum
2469 2618 2629 2674 aquae
2654 2603 3016 2675 perpauxillo
3049 2619 3420 2674 conspergere,
3437 2605 3685 2674 quamvis

2033 2675 2251 2748 abunde
2277 2676 2432 2731 nobis
2461 2690 2641 2748 aquas
2671 2675 2740 2730 ad
2771 2676 2869 2729 hos
2898 2691 3026 2730 usus
3050 2675 3337 2748 Arethusae
3378 2677 3504 2748 fons
3549 2691 3684 2746 sup-

2034 2747 2319 2817 peditaret,
2351 2756 2513 2818 atque
2541 2747 2639 2802 hoc
2669 2748 2889 2802 invento
2913 2749 3117 2815 famem
3153 2747 3355 2802 sedare
3382 2747 3688 2802 miserrimi

2035 2820 2282 2873 homines
2311 2818 2657 2887 cogebantur.
2689 2822 2820 2876 Jam
2843 2821 2993 2874 enim
3022 2818 3203 2873 tritici
3227 2818 3445 2874 modius
3468 2822 3687 2874 centum

2033 2899 2086 2946 et
2114 2890 2512 2961 quinquaginta
2538 2893 2786 2945 nummis
2813 2892 2997 2945 aureis
3020 2891 3253 2947 vaenalis
3277 2894 3421 2956 erat,
3450 2894 3687 2958 pistores

2034 2978 2161 3017 vero
2191 2963 2368 3033 pluris
2397 2961 2725 3027 vendebant,
2757 2963 2955 3033 qui,.pe
2985 2961 3246 3033 ducentis,
3273 2963 3481 3028 aureis,
3540 2962 3685 3016 unde

2034 3032 2201 3104 ﬁebat
2258 3036 2318 3088 ut
2373 3032 2624 3105 duarum,
2672 3032 2971 3105 unciarum,
3017 3036 3181 3105 panis
3229 3032 3366 3105 (rem
3414 3034 3684 3100 miram!)

2038 3103 2263 3159 nummo
2292 3120 2463 3161 aureo
2488 3103 2826 3179 venderetur.
2860 3103 3163 3179 Adde‘quod
3198 3103 3452 3179 trecentis
3499 3105 3685 3179 aureis

2036 3185 2090 3232 et
2139 3191 2201 3231 eo
2257 3179 2515 3247 amplius,
2572 3175 3068 3248 quomodocunque
3099 3175 3256 3232 edule
3296 3191 3517 3233 caenum
3544 3178 3681 3242 ibat,

2032 3252 2086 3303 et
2116 3246 2356 3319 quinque
2411 3246 2593 3318 supra
2635 3249 2837 3311 decem,
2890 3246 3210 3319 quandoque
3252 3250 3424 3304 etiam
3478 3249 3687 3317 viginti

2032 3319 2315 3392 constabat
2370 3320 2633 3391 equinum
2688 3323 2898 3392 caput:
2930 3320 3164 3375 asinina
3209 3335 3399 3376 carnes
3425 3321 3592 3392 etiam
3622 3319 3685 3374 in

2031 3390 2244 3447 deliciis
2276 3390 2656 3463 habileeslam
2682 3390 2808 3448 viro
2836 3390 3259 3447 domesticarum
3296 3393 3491 3449 arium
3537 3391 3685 3463 defe-

2032 3464 2182 3518 cerat
2227 3479 2392 3533 genus
2419 3462 2651 3536 {oleum
2710 3467 2901 3536 autem
2924 3471 2977 3519 et
3003 3463 3462 3536 salsamentorum
3490 3467 3683 3536 cujus-

2033 3550 2137 3604 que
2163 3536 2380 3604 generis
2409 3534 2654 3605 obsonia,
2685 3534 2778 3591 vel
2823 3550 2886 3591 ea
2944 3548 3087 3606 qua.
3146 3538 3208 3589 ut
3254 3538 3335 3591 ait
3388 3534 3685 3604 Gregorius

2035 3606 2347 3676 Theologus,
2400 3622 2710 3677 pauperum
2766 3621 2878 3662 esse
2925 3608 3081 3661 cibus
3134 3608 3338 3672 solent,
3380 3609 3494 3675 jam
3524 3612 3688 3662 erant

2033 3677 2340 3747 absumpta.
2378 3676 2552 3744 Casei,
2587 3678 2933 3748 leguminum
2959 3684 3011 3733 et
3041 3679 3280 3747 piscium
3306 3694 3429 3734 esus
3458 3680 3684 3734 omnino

2031 3749 2224 3804 nullus
2258 3764 2272 3805 :
2295 3749 2419 3821 jam
2444 3751 2591 3805 enim
2621 3751 2789 3806 unius
2817 3752 2983 3819 atque
3008 3748 3244 3821 alterius
3273 3750 3687 3821 portus,quibus

2035 3821 2364 3892 interjacent
2395 3820 2702 3891 Syracusae,
2732 3838 2832 3893 per
2861 3822 2980 3893 vim,
3001 3820 3193 3893 hostes
3219 3821 3382 3891 potiti
3436 3820 3682 3893 fuerant,

2034 3891 2183 3947 cum’
2209 3902 2375 3948 antea
2426 3908 2597 3959 arces,
2658 3891 2781 3964 quae
2812 3891 3132 3947 Brachiolia
3160 3891 3503 3961 dicebantur,
3535 3898 3589 3950 et
3615 3892 3684 3948 ab

2033 3968 2288 4033 ingressu
2313 3973 2577 4036 portuum
2603 3965 2777 4020 hostes
2806 3964 3082 4028 arcebant,
3115 3964 3227 4020 solo
3276 3964 3533 4035 funditus
3585 3965 3686 4020 ad-

2033 4046 2338 4107 aequassent
2415 4037 2555 4092 Illud
2598 4053 2722 4092 vero
2756 4036 2918 4107 longe
2946 4036 3396 4107 molestissimum
3423 4038 3631 4092 accidit
3659 4054 3682 4091 .-

2034 4125 2162 4163 nam
2196 4110 2500 4164 saevissima
2550 4111 2713 4179 pestis
2762 4107 2923 4180 (proh
2986 4106 3199 4177 dolor!)
3255 4110 3464 4179 famem
3507 4109 3690 4164 subse-

2033 4187 2161 4235 cuta
2215 4188 2308 4235 est.
2373 4181 2595 4236 Morbus
2650 4180 2824 4235 etiam
2879 4186 3120 4247 tetanus,
3167 4196 3201 4233 a
3230 4195 3522 4236 nervorum
3549 4196 3688 4237 con-

2035 4253 2303 4307 tractione
2356 4253 2436 4306 sic
2465 4251 2663 4309 dictus.
2696 4251 2960 4324 quosdam
2989 4249 3283 4306 divexabat
3316 4270 3329 4308 :
3363 4251 3691 4323 quibusdam

2036 4333 2219 4378 autem
2247 4323 2539 4395 apoplrxia
2574 4322 2878 4378 dimidiam
2930 4330 3144 4391 partem
3204 4322 3447 4395 corporis
3504 4325 3686 4393 arefa-

2036 4395 2239 4461 ciebat,
2299 4396 2438 4450 alios
2493 4395 2778 4465 repentino
2833 4394 2986 4447 mori
3038 4394 3303 4465 cogebat,
3338 4411 3439 4451 nec
3465 4395 3690 4465 defuere

2041 4467 2137 4538 qui
2164 4465 2357 4521 eodem
2384 4481 2579 4537 genere
2608 4465 2785 4521 morbi
2807 4466 3066 4536 correpti,
3094 4470 3190 4521 aut
3219 4468 3459 4538 corporis
3513 4466 3658 4522 dimi
3667 4495 3692 4538 έ

2040 4537 2194 4595 dium
2249 4553 2462 4593 movere
2518 4542 2735 4593 tantum
2790 4541 3061 4608 poterant,
3119 4544 3215 4591 aut
3268 4537 3491 4594 omnino
3539 4537 3694 4592 omni

2032 4609 2295 4682 movendi
2322 4611 2564 4678 corporis
2592 4607 2870 4682 facultate
2898 4607 3351 4682 destituebantur.
3378 4609 3490 4665 Alii
3517 4611 3695 4682 instar

2035 4680 2248 4737 utrium
2275 4681 2471 4751 inﬂato
2501 4680 2730 4751 corpore
2788 4680 3123 4735 horrendum
3174 4681 3263 4733 sui
3311 4681 3694 4751 spectaculum

2040 4753 2379 4809 intuentium
2435 4754 2607 4808 oculis
2659 4752 3007 4816 exhibebant,
3067 4765 3342 4822 quousque
3396 4768 3543 4807 mors
3573 4753 3691 4808 illis

2040 4825 2501 4896 superimminens
2531 4825 2683 4896 (nam
2713 4824 2830 4881 ha’c
2859 4837 3068 4895 quoque
3095 4822 3285 4896 divino
3317 4824 3549 4896 imperio
3594 4841 3694 4896 pa-

2044 4894 2220 4963 rebat,
2253 4898 2418 4967 atque
2444 4911 2513 4967 ea:
2540 4894 2708 4965 huius
2732 4896 3051 4967 praescripto
3079 4894 3346 4967 nonnihil
3374 4894 3696 4952 retardaba-

2046 4968 2160 5039 tur)
2189 4966 2339 5037 aegre
2367 4966 2584 5022 tandem
2612 4966 2841 5024 miseros
2894 4966 3232 5037 gravissimis
3286 4966 3563 5025 doloribus
3623 4969 3696 5025 li-

2049 5041 2290 5096 berabat.
2354 5043 2641 5095 Enimvero
2695 5040 2772 5094 iis
2831 5053 2956 5108 qute
3002 5039 3114 5107 jam
3144 5055 3179 5094 a
3206 5041 3368 5097 nobis
3397 5045 3720 5105 memorata,

2049 5118 2198 5183 sunt,
2228 5112 2512 5181 permulta
2543 5111 2664 5166 alia
2710 5111 2941 5179 adjungi
2989 5119 3222 5181 possent.
3281 5128 3402 5183 quae
3456 5113 3700 5183 longiore

2053 5182 2371 5251 indigerent
2423 5186 2687 5246 oratione,
2720 5199 2885 5253 quam
2915 5197 2979 5236 ea
3010 5196 3135 5250 quae
3163 5184 3232 5238 ab
3264 5182 3482 5240 homine
3509 5186 3572 5238 in
3601 5200 3703 5239 cu-

2050 5255 2297 5311 stodiam
2325 5254 2449 5311 dato
2475 5256 2749 5325 proﬁcisci
2775 5256 2968 5326 potest.
3002 5254 3144 5322 Quid
3190 5258 3339 5310 enim
3391 5255 3549 5309 aliud
3601 5270 3700 5326 po-

2050 5330 2173 5382 tero
2229 5343 2392 5397 quam
2448 5322 2533 5381 res
2578 5322 2705 5380 tam
2763 5322 2996 5393 grandes
3018 5328 3210 5396 paucis
3237 5322 3614 5397 perstringere
3643 5343 3708 5382 ac

2052 5402 2305 5463 tenuare,
2347 5398 2442 5467 qui
2467 5413 2686 5453 carcere
2714 5397 2965 5452 inclusus
2991 5412 3062 5452 ne
3090 5397 3285 5453 horum
3330 5397 3553 5469 quidem
3598 5399 3708 5455 ha-

2055 5470 2174 5542 beo,
2198 5471 2384 5541 pacati
2437 5468 2580 5523 otii?
2631 5469 2957 5542 densissima
2986 5469 3221 5526 carceris
3250 5468 3454 5539 caligo,
3488 5485 3614 5542 quae
3641 5470 3706 5528 ob

2055 5541 2234 5597 oculos
2264 5544 2533 5606 versatur,
2579 5544 2859 5611 aspectum
2917 5540 3131 5613 hebetat
3188 5544 3350 5613 atque
3404 5540 3706 5599 obtundit:

2056 5613 2324 5684 tumultus
2379 5627 2569 5667 eorum
2626 5614 2722 5684 qui
2772 5612 2941 5668 simul
3000 5614 3057 5667 in
3106 5612 3297 5668 eadem
3344 5619 3711 5671 asservantur

2055 5683 2322 5755 custodia,
2355 5686 2599 5738 mentem
2628 5683 2842 5755 agitant
2868 5687 3032 5755 atque
3073 5685 3403 5750 perturbant
3458 5703 3478 5742 :
3534 5689 3710 5743 turris

2056 5769 2183 5829 quae
2235 5753 2305 5810 ad
2358 5754 2621 5825 majorem
2664 5753 2896 5829 portum
2938 5753 3025 5829 in,
3061 5754 3255 5813 dextro
3315 5758 3474 5829 urbis
3503 5759 3708 5828 angulo

2058 5826 2181 5887 erat
2206 5829 2501 5899 exstructa,
2531 5826 2941 5902 catapultarum
2967 5826 3044 5895 vi,
3089 5828 3287 5901 quibus
3343 5828 3519 5888 hostes
3570 5826 3709 5889 saxa
