4156 6214
423 384 503 446 55

1774 386 1912 448 JOA
1928 384 2106 447 NNIS
2151 385 2494 448 ΖΟΝΑΙὶᾸῖ.

3773 381 3857 443 56

427 515 697 572 amanter
725 514 968 588 excepit.
1005 515 1086 571 Eo
1119 514 1331 573 mulier
1370 515 1635 589 quaedam
1691 515 1870 573 vidua
1923 514 2085 572 illius

2224 515 2386 592 ιάχου
2420 515 2784 591 iunia-opqu,
2833 510 3000 589 ἄνδρα
3044 510 3424 590 γενναιότκτόν
3465 531 3525 567 τε
3571 509 3717 585 ὁμοῦ
3759 522 3857 577 καὶ

426 600 541 659 1οοὶ
597 601 898 675 primaria,
958 607 1015 661 et
1044 603 1275 677 magnis
1305 605 1517 678 opibus
1545 604 1794 662 afﬂuens
1820 605 2075 678 cognito,

430 690 732 749 hominem
762 709 865 765 pro
895 692 1296 751 familiaritate
1327 694 1678 751 accersitum
1728 694 2076 768 interrogat,

2188 602 2810 681 στρατηγικώτατον,,ὃς
2838 602 2930 657 καὶ
2961 600 3147 658 πολλὰ
3168 602 3306 657 κατὰ
3333 604 3444 656 τῶν
3473 606 3576 672 τῆς
3607 601 3750 675 Ἅγα
3771 599 3863 655 ἐκ·

2186 691 2362 769 γόνων
2389 692 2650 765 ἐστήσατο
2663 690 2921 768 τρόπαια.
2939 692 3069 749 ’Ότε
3091 688 3150 746 δὲ
3173 695 3250 763 τῷ
3272 688 3597 769 Θεοφιλίτζῃ
3623 690 3699 751 ὡς
3719 709 3868 765 προ-

1720 794 1925 856 Varias
1955 792 2257 855 lectiones
2286 800 2349 855 et
2378 800 2567 856 nota.

436 888 807 964 praegrandia
830 889 1254 964 juculabantur,
1291 892 1547 957 fconcusa
1574 893 1834 964 primum,
1865 907 1997 948 mox
2024 906 2093 946 ea:

434 967 598 1036 parte
628 961 849 1029 cecidit,
880 963 947 1017 ab
977 964 1142 1034 hujus
1189 966 1367 1019 turris
1413 961 1627 1020 excidio
1683 965 1927 1036 quinque
1976 969 2093 1036 post

439 1034 627 1108 diebus
680 1049 872 1090 murus
924 1037 1357 1108 propugnaculi,
1416 1037 1513 1107 qui
1537 1034 1727 1108 fuerat
1754 1040 1917 1108 antea
1948 1035 2096 1089 turri

441 1105 790 1174 conjunctus,
838 1105 1043 1162 eodem’
1078 1105 1494 1176 catapultarum
1538 1105 1760 1178 impetu
1813 1107 2095 1176 disruptus

442 1181 524 1233 est
556 1192 569 1230 :
602 1192 710 1247 quo
739 1181 893 1248 facta
926 1194 1161 1247 magnus
1191 1180 1362 1234 timor
1392 1181 1450 1234 in
1495 1180 1830 1235 obsessorum
1875 1179 2094 1233 animos

442 1248 681 1321 injectus
728 1257 831 1321 est.
862 1248 1137 1321 JHOslt'um
1194 1258 1381 1305 tamen
1430 1252 1836 1321 Oppressionem
1865 1251 2098 1305 sustine-

447 1317 818 1393 bantegregii
836 1319 937 1393 illi
966 1322 1077 1375 viri
1102 1321 1361 1393 valdeque
1410 1317 1626 1377 strenui
1678 1322 1779 1376 sub
1835 1320 2099 1391 auspiciis

451 1390 756 1465 beatissimi
811 1390 965 1465 ducis
1017 1390 1281 1465 patricii,
1324 1409 1657 1465 summaque
1685 1394 1850 1464 hujus
1877 1390 2099 1449 conten-

452 1463 596 1536 tioni
624 1462 993 1519 obsecundare
1017 1462 1393 1531 conabantur,
1425 1462 1595 1536 supra
1639 1462 1807 1536 quam
1852 1465 2104 1536 oratione

453 1533 726 1603 explicari
779 1536 967 1606 possit.
1029 1536 1150 1590 Dies
1176 1536 1392 1605 viginti,
1422 1533 1755 1609 totidemque
1781 1540 1981 1609 noctes,
2010 1534 2105 1590 ubi

454 1621 649 1680 murus
676 1610 1178 1680 corrueratrconlra
1206 1623 1292 1662 eos
1321 1608 1417 1680 qui
1445 1608 1671 1663 aditum
1691 1625 1761 1663 ea:
1791 1608 1891 1663 illa
1942 1615 2106 1680 parte

457 1677 741 1751 tentabant
798 1679 1012 1751 egregie
1061 1677 1394 1750 strenueque
1419 1749 1427 1751 4
1456 1680 1862 1751 depugnabant,
1927 1677 2109 1733 animi

458 1748 763 1822 ingenitam
791 1750 1141 1822 nobilitatem
1165 1748 1371 1822 pree'se
1395 1748 1761 1807 declarabant
1787 1769 1807 1805 :
1835 1752 2110 1822 insignem

462 1835 672 1891 quoque
702 1821 927 1875 laudem
954 1836 1068 1877 esse
1095 1821 1363 1878 ducebant
1391 1839 1489 1894 pro
1542 1823 1744 1880 tuenda
1799 1821 1961 1877 urbe
1986 1821 2105 1894 vul-_

2199 892 2335 947 toris
2362 891 2497 948 aedis
2528 890 2852 947 vestibulum
2883 896 3077 946 contra
3122 904 3211 945 eos
3267 887 3448 944 aciem
3506 887 3864 944 instruebant

2199 964 2273 1019 ad
2303 980 2474 1018 unum
2500 963 2806 1026 trucidatis,
2836 977 3037 1028 magno
3065 961 3305 1032 impulsu
3337 963 3531 1015 valvas
3573 960 3863 1031 aperiunt,

2203 1037 2571 1106 templumque
2597 1035 2830 1090 subeunt
2858 1036 3064 1089 strictis
3091 1033 3309 1088 ensibus
3358 1032 3546 1087 crebro
3600 1032 3865 1087 anhelitu

2204 1108 2389 1178 ignem
2446 1105 2677 1178 naribus
2732 1111 3006 1177 oculisque
3036 1106 3333 1178 spirantes.
3366 1105 3495 1178 Tum
3518 1118 3653 1178 vero
3678 1106 3863 1159 omnis

2204 1175 2335 1233 mtas
2358 1177 2544 1234 eodem
2577 1180 2833 1248 temporis
2862 1175 3133 1231 momento
3157 1179 3218 1231 in
3247 1177 3367 1248 acie
3393 1175 3578 1248 gladii
3628 1178 3864 1248 corruit,

2206 1251 2505 1321 principes,
2538 1253 2589 1304 et
2638 1247 2819 1321 omnes
2859 1249 3083 1321 judices
3139 1255 3305 1305 terrae
3333 1247 3500 1319 (quod
3529 1247 3586 1301 in
3619 1247 3867 1321 Psalmis

2206 1319 2404 1377 canere
2430 1320 2691 1390 solemus)
2717 1319 2941 1391 juvenes
2970 1327 3021 1374 et
3049 1321 3307 1389 virgines,
3339 1334 3495 1373 senes
3524 1333 3649 1374 cum
3676 1319 3872 1389 junio-

2209 1392 2384 1459 ribus,
2418 1394 2784 1449 monasticam
2811 1392 3063 1464 professi,
3093 1396 3215 1446 tum
3272 1391 3633 1464 matrimonio
3686 1405 3867 1464 capu-

2214 1465 2334 1531 lati,
2390 1465 2691 1536 sacerdotes
2741 1462 2823 1519 et‘
2845 1465 3102 1536 populus,
3159 1469 3347 1536 servus
3384 1470 3438 1519 et
3469 1462 3628 1536 liber,
3659 1463 3874 1533 quique

2213 1538 2272 1591 in
2306 1536 2465 1591 lectis
2493 1534 2674 1591 multo
2694 1539 2823 1607 jam
2845 1533 3092 1606 tempore
3121 1534 3527 1607 valetudinarii
3560 1533 3869 1607 decumbe-

2216 1608 2372 1680 bant.
2432 1612 2576 1680 Nam
2626 1605 2706 1680 ne
2740 1607 2824 1663 his
2847 1605 3067 1680 quidem
3092 1621 3345 1680 parcere,
3373 1605 3516 1661 Deus
3539 1606 3705 1680 bone,
3730 1621 3869 1680 car-

2214 1679 2403 1749 niﬁces
2428 1679 2517 1735 illi
2544 1676 3107 1733 didiceruntl'animus
3131 1680 3282 1734 enim
3314 1676 3548 1733 humani
3572 1676 3874 1745 sanguinis

2216 1750 2412 1806 sitiens
2439 1766 2628 1805 eorum
2657 1751 2921 1820 moribus,
2965 1752 3062 1821 qui
3112 1750 3298 1822 primo
3355 1749 3495 1804 irati
3549 1752 3869 1822 occurrunt,

2219 1824 2452 1876 minime
2472 1823 2767 1877 satiantur.
2802 1819 2937 1876 Erat
2957 1819 3133 1889 igitur
3187 1827 3305 1876 tum
3355 1822 3567 1883 videre,
3624 1820 3708 1889 (ut
3764 1819 3867 1874 So-

461 1865 601 1947 nert‘t
648 1897 754 1948 toto
784 1865 1005 1964 corpore
1028 1865 1302 1964 excipere.
1332 1865 1934 1966 ia'ane'r'bws'E'Euiiia
1965 1865 2111 1948 illud
2140 1865 2187 1931 Β
2214 1894 2433 1966 phonise
2487 1865 2678 1966 verbis.
2709 1896 2853 1961 utar)
2885 1865 3248 1959 die7n'illum,
3272 1892 3428 1966 diem
3455 1865 3794 1966 calamitatis
3818 1902 3874 1945 et

466 1965 624 2038 urbis
652 1966 1109 2038 popugnaculum
1135 1982 1193 2021 se
1239 1967 1573 2036 contulisset,
1632 1965 1772 2038 quod
1820 1968 2111 2038 adversum

466 2036 622 2103 vulgi
673 2036 921 2109 sermone
973 2037 1105 2109 dici,
1135 2047 1502 2109 consueverat,
1532 2036 1827 2109 permultos
1855 2037 1936 2092 ibi
1964 2039 2114 2092 virus

468 2114 682 2180 poterat
713 2108 924 2180 intueri
972 2107 1542 2180 mirisdiversisque—
1580 2109 1754 2165 modis
1810 2109 2111 2165 mutilatos.

467 2179 645 2233 Erant
675 2178 1016 2252 quieﬂossos
1039 2178 1221 2234 oculos
1250 2178 1624 2249 haberent,his
1669 2181 1902 2252 quidam
1948 2196 2116 2252 nares

472 2248 705 2324 truncae.
759 2248 853 2324 his:
893 2266 1017 2306 vero
1045 2267 1208 2324 aures
1234 2254 1601 2309 cernebantur
1626 2248 1943 2324 amputatae,
1974 2251 2118 2307 aliis

463 2322 765 2394 palpebrae,
796 2322 929 2377 aliis
958 2321 1207 2377 maxilla
1262 2340 1337 2378 ea:
1387 2326 1619 2379 telorum
1675 2321 1731 2379 et
1784 2326 2119 2394 sagittarum

469 2392 665 2448 ictibus
687 2394 1383 2466 sanguinerubesrebunt.
1414 2395 1739 2466 quibusdam
1765 2392 1921 2465 frons
1949 2398 1998 2450 et
2026 2410 2120 2449 cor

468 2466 639 2519 etiam
673 2464 854 2534 ipsum
881 2464 1055 2521 modis
1087 2468 1253 2520 variis
1282 2464 1707 2529 vulnerabatur;
1738 2464 1921 2522 venter
1958 2466 2117 2535 aliis,

465 2537 597 2591 aliis
645 2537 1129 2610 pectushacceptis
1180 2537 1501 2594 vulneribus
1555 2540 1800 2610 patebat,
1849 2545 2012 2610 atque
2058 2541 2120 2592 ut

468 2605 790 2682 compendio
820 2605 1159 2682 dicam,'non
1192 2610 1386 2682 aliqua
1410 2605 1645 2672 tantum,
1705 2609 1795 2664 sed
1848 2605 1999 2665 omni
2050 2624 2120 2662 ea:

462 2685 626 2751 parte
670 2678 1025 2751 laborabant.
1083 2678 1470 2736 Hostes'enim
1526 2684 1653 2735 totis
1703 2681 1874 2751 capiis
1928 2682 2118 2735 urbem

470 2749 791 2804 obsidebant
818 2764 1166 2823 ,__erantque
1208 2769 1451 2823 numero
1514 2749 1822 2823 superiores
1877 2752 2008 2808 adeo
2060 2759 2120 2805 ut

468 2829 692 2876 centum
722 2836 794 2895 ex
824 2821 936 2876 illis
962 2822 1129 2894 (quod
1161 2822 1254 2878 vix
1282 2821 1592 2895 assequitur
1618 2823 1802 2894 ﬁdem)
1831 2838 1955 2877 eum
1988 2838 2120 2895 uno

471 2907 502 2947 e
555 2892 758 2967 nostris
812 2892 1011 2948 manus
1058 2892 1738 2967 consererenl,gtoriuque
1766 2892 1876 2949 non
1903 2894 2121 2965 vulgari

471 2965 1150 3036 antagonistasiaugerent
1196 2965 1467 3035 egregia"
1492 2967 1711 3022 virtutis
1766 2968 1911 3036 facto
1970 2967 2117 3032 peri-

471 3034 627 3090 culo.
694 3035 959 3106 Equidem
1022 3034 1362 3093 athletarum
1425 3038 1671 3094 studium
1738 3034 2121 3107 appellabam,

477 3107 687 3177 quoties
707 3122 766 3161 eo
797 3108 905 3162 loci
933 3110 1275 3175 ventitarem,
1330 3110 1389 3165 in
1445 3126 1554 3181 quo
1610 3110 1834 3181 fortiter
1883 3110 2121 3181 praecla-

473 3193 639 3252 reque
688 3187 923 3252 agentes
967 3196 1228 3252 magnam
1274 3181 1384 3236 sibi
1410 3198 1480 3236 ex
1508 3182 1779 3249 praetura
1805 3182 1970 3252 gestis
1997 3182 2118 3252 glo-

470 3250 619 3304 riam
646 3250 1057 3324 comparabant.
1092 3251 1217 3306 Tum
1253 3268 1381 3307 vero
1424 3253 1758 3324 ﬂagitiorum
1806 3250 2122 3307 nostrorum

472 3337 735 3376 numerus
764 3337 932 3392 usque
958 3321 1094 3377 adeo
1124 3326 1388 3385 excrevit,
1421 3321 1517 3377 ut'
1537 3324 1848 3379 districtum
1906 3325 1963 3378 in
2020 3339 2118 3378 nos

469 3392 681 3467 divina:
733 3392 991 3467 ultionis,
1019 3394 1272 3467 gladium
1320 3396 1625 3450 inebriaret
1669 3396 1759 3450 die
1787 3396 1966 3467 prima
1996 3400 2119 3466 post

469 3466 786 3519 vicesimam
815 3465 1016 3520 mensis
1046 3465 1193 3522 Maii.
1228 3467 1443 3535 Quanta
1468 3483 1592 3523 vero
1621 3468 1687 3523 ab
1719 3465 1794 3524 ea;
1846 3467 1954 3532 die,
1997 3465 2119 3537 quo

466 3551 662 3606 murus
687 3537 914 3596 corruit.
949 3537 1145 3592 civitas
1174 3540 1234 3593 in
1263 3540 1503 3594 hostium
1532 3542 1851 3606 potestatem
1892 3538 2122 3594 redacta

469 3604 584 3682 est?
612 3607 821 3682 Modum
848 3610 1038 3682 autem
1068 3624 1171 3679 quo
1209 3610 1322 3678 fuit
1376 3604 1692 3682 expugnata
1739 3623 1918 3681 operae
1971 3625 2118 3682 prte-

468 3680 612 3753 tium
652 3681 779 3753 ‘erit
834 3678 1014 3753 dicere
1074 3678 1089 3735 Ξ
1133 3683 1243 3753 fuit
1268 3682 1415 3737 enim
1444 3678 1703 3738 horroris
1733 3678 1948 3753 plenus.
1971 3678 2120 3738 'Cum

469 3752 617 3806 enim
636 3750 741 3824 Dei
767 3766 956 3824 severa
984 3751 1043 3806 in
1068 3750 1167 3807 nos
1196 3753 1603 3808 animadversio
1635 3750 1827 3809 eorum
1858 3753 1955 3824 qui
2005 3757 2120 3823 for-

469 3825 599 3877 titer
628 3822 875 3897 hostibus
900 3826 1220 3879 resistebant
1248 3827 1693 3880 strenuissimum
1722 3822 1985 3897 quenique
2006 3822 2125 3879 huc

471 3904 635 3967 atque
664 3894 1247 3967 illucdissipasselLet
1294 3897 1571 3964 inclytum
1626 3894 1929 3967 patricium
1999 3912 2125 3951 cum

474 3966 595 4034 ejus
618 3965 1092 4037 commilitonibus
1119 3966 1189 4021 ad
1217 3981 1443 4037 corpora
1473 3965 1820 4037 procuranda
1852 3983 1891 4023 a
1924 3982 2121 4024 maeni-

475 4037 576 4091 bus
602 4036 665 4090 in
692 4035 881 4092 domos
908 4039 1165 4107 proprias
1192 4035 1484 4102 avocasset,
1508 4040 1881 4094 Barbarorum
1912 4040 2126 4094 animos

474 4107 888 4181 impulitiutad
916 4108 1141 4176 fatalem
1193 4108 1358 4164 illam
1406 4111 1629 4176 turrim,
1688 4111 1917 4181 dequa
1970 4126 2125 4173 supe-

477 4182 621 4247 rius,
651 4180 988 4234 obsidionem
1017 4182 1377 4247 integrarent,
1410 4181 1685 4236 machinis
1714 4180 1835 4236 illis
1860 4181 2125 4237 adhibitis

475 4265 599 4377 qua;
628 4249 699 4305 ad
728 4250 973 4334 lapidum
1014 4252 1315 4335 proiectum
1371 4254 1501 4336 usui
1554 4263 1737 4309 erant.
1799 4255 1926 4309 Tali
1975 4256 2126 4310 enim

496 4322 686 4377 udicro
718 4322 1033 4377 parricidae
1063 4323 1150 4377 tllt
1179 4323 1369 4377 urbem
1400 4324 1712 4377 invadentes
1740 4341 1857 4377 sese
1884 4325 2121 4377 οὺῑμσιαο

496 4322 686 4378 udicro
716 4322 1033 4390 parricida:
1063 4323 1153 4377 illi
1179 4323 1369 4379 urbem
1400 4324 1712 4381 invadentes
1740 4341 1857 4380 sese
1884 4325 2121 4381 oblecta-

474 4393 605 4468 bant
636 4408 776 4468 :_nec
801 4410 935 4468 sane
955 4393 1184 4468 difﬁcili
1208 4398 1433 4468 negotio
1461 4397 1891 4465 grassabantur,
1934 4399 2125 4468 paucis

472 4464 774 4521 admodum
814 4464 1062 4539 millibus
1086 4464 1512 4521 custodientibus
1540 4477 1751 4537 partem
1799 4464 1975 4533 illam,
1999 4485 2124 4539 pro-

469 4543 663 4609 pterea
689 4537 831 4608 quod
845 4546 1225 4611 _opportunum
1255 4539 1396 4593 illud
1424 4542 1717 4611 pugnandi
1743 4544 1952 4598 tempus
1981 4537 2123 4595 cives

470 4626 582 4664 non
614 4609 988 4681 aestimabant.
1014 4611 1299 4680 securique
1326 4609 1762 4681 prapttgnalores
1790 4612 1905 4665 alia
1935 4628 2127 4666 omnia

475 4697 640 4750 quam
678 4680 754 4735 ad
804 4681 1226 4751 propugnacula
1280 4697 1338 4736 se
1385 4680 1635 4751 conferre
1690 4683 2121 4739 meditabantur.

473 4753 617 4807 Dum
671 4752 852 4823 igitur
907 4752 1085 4808 hostes
1132 4754 1187 4807 in
1223 4753 1411 4808 urbem
1443 4753 1668 4821 lapides
1701 4755 2037 4811 horrendum
2066 4756 2124 4810 in

473 4824 706 4878 modum
736 4826 1125 4889 coniectarent,
1161 4832 1433 4896 totumque
1463 4826 1619 4881 illius
1663 4827 1931 4881 ambitum
1974 4843 2125 4883 com-

472 4898 706 4968 plerent,
737 4896 889 4949 scala
918 4897 1165 4966 quaedam
1194 4896 1379 4965 lignea
1407 4913 1505 4967 per
1532 4915 1706 4968 quam,
1752 4908 2127 4967 propugnato-

474 4967 632 5043 ribus
660 4972 781 5021 erat
806 4969 1015 5043 pervia,
1049 4968 1397 5034 semidiruta,
1420 4972 1595 5024 turris
1623 4967 1947 5043 effringitur
1976 4987 1990 5025 :
2023 4987 2127 5041 quo

476 5041 623 5110 facta
651 5054 847 5093 rumor
871 5041 1069 5106 ingens
1099 5047 1318 5095 exortus
1343 5049 1616 5111 est,quem
1644 5041 1769 5096 cum
1825 5042 2126 5098 audivisset

469 5111 782 5186 patricius,
808 5112 1068 5186 continuo
1114 5113 1705 5186 surrexi/impransus
1734 5129 1764 5169 e
1786 5130 1995 5186 mensa,
2027 5129 2125 5186 pro

470 5182 623 5237 scala
652 5182 815 5236 vulde
836 5183 1102 5236 sollicitus
1125 5184 1327 5237 animi.
1357 5182 1479 5237 lam
1512 5200 1638 5239 vero
1669 5185 1918 5241 Barbari
1958 5182 2127 5241 simul

468 5254 635 5328 illum
664 5252 979 5328 disruptum,
998 5268 1308 5324 persensere
1335 5257 1556 5328 (quippe
1582 5272 1708 5310 eum
1740 5272 1907 5327 prope
1948 5260 2126 5328 ipsam

468 5325 719 5394 lapidum
750 5326 1010 5395 proiectio
1037 5325 1373 5397 contigisset)
1402 5325 1562 5382 muro
1591 5345 1795 5397 magna
1822 5325 1948 5383 cum
1972 5325 1980 5328 ”
2004 5330 2125 5384 ala-

465 5398 663 5453 critate
688 5398 1067 5467 propinquant
1102 5412 1115 5450 :
1149 5413 1381 5469 cumque
1406 5400 1635 5455 nonnisi
1660 5415 1863 5469 paucos
1896 5402 1956 5455 in
2001 5405 2123 5455 tur-

467 5470 549 5524 ris
576 5469 842 5538 praesidio
870 5471 1070 5539 positos
1099 5471 1409 5543 conspirati
1436 5479 1631 5534 essent,
1662 5473 1756 5527 hos
1783 5474 2004 5543 fortiter
2046 5472 2129 5527 ibi

467 5544 841 5612 repugnantes
868 5540 1345 5612 contrucidarunt,
1391 5543 1536 5598 inter
1588 5558 1723 5612 quos
1775 5540 1950 5599 etiam
2005 5550 2127 5598 erat

469 5611 659 5666 beatus
711 5616 955 5697 .ionnnes
1009 5614 1298 5697 patricius,
1334 5611 1480 5697 quo
1497 5611 1647 5697 facta
1677 5614 1936 5697 liber-ein
1966 5615 2126 5670 illam

470 5684 858 5748 conscendunt,
900 5699 1077 5756 eaque
1120 5683 1552 5756 demum'potiti
1598 5691 1746 5742 sunt.
1803 5688 1940 5742 Hinc
1996 5702 2125 5742 vero

471 5756 729 5828 deinceps
754 5757 815 5811 in
844 5754 1068 5811 modum
1091 5754 1355 5828 ﬂuminis
1382 5754 1483 5827 per
1511 5761 1677 5813 totam
1707 5757 1897 5814 urbem
1936 5756 2128 5828 diﬂusi

469 5826 795 5900 initlorum
822 5826 1106 5900 conspectu
1137 5826 1436 5884 volitabant
1465 5829 1564 5899 qui
1590 5831 1670 5886 ad
1707 5826 2126 5900 repugnandum

472 5898 652 5958 adhuc
679 5899 1177 5972 congregabantur.
1208 5900 1282 5957 Ac
1306 5898 1554 5973 primum
1584 5902 1656 5957 iis
1683 5898 1781 5976 qui
1807 5898 1877 5959 ad
1923 5901 2125 5961 Serva-

2218 1964 2635 2031 miseriae,diem
2659 1966 2932 2035 angustia?
2959 1969 3008 2020 et
3028 1964 3396 2031 ruinae,diem
3425 1964 3784 2035 tenebrarum
3811 1966 3876 2017 et

2221 2037 2503 2108 caliginis.
2537 2037 2667 2092 Post
2699 2034 2813 2092 haec
2843 2039 3033 2091 autem
3064 2036 3217 2108 (quid
3247 2037 3393 2091 enim
3415 2034 3670 2108 pluribus
3696 2049 3873 2108 opor-

2223 2110 2319 2169 tet.
2343 2105 2572 2179 singula
2601 2123 2794 2163 eorum
2822 2105 3138 2178 percensere
3184 2122 3306 2178 quae
3348 2107 3657 2179 primariis
3713 2105 3874 2179 urbis

2222 2182 2359 2235 virts
2416 2176 2665 2246 evenere,
2713 2176 3027 2250 praisertim
3053 2176 3435 2233 cumlauribus
3464 2180 3618 2249 ipsis,
3643 2192 3712 2231 ne
3738 2176 3876 2250 dum

2224 2252 2433 2306 animis
2464 2249 2749 2306 horrorem
2781 2251 3105 2306 incutiant?
3132 2250 3373 2320 lnclytus
3425 2250 3716 2320 palricius,
3775 2249 3877 2318 qui

2225 2339 2284 2378 se
2341 2324 2403 2376 in
2456 2339 2639 2378 arcem
2667 2323 2957 2393 quamdam
2989 2325 3281 2392 receperat.
3313 2320 3579 2392 postridie
3607 2336 3719 2393 una
3747 2336 3879 2393 cum

2225 2396 2583 2464 septuaginta
2612 2391 2746 2449 viris
2776 2395 2932 2449 vivus
2959 2391 3196 2465 capitur,
3226 2396 3391 2517 atque
3417 2401 3604 2448 octava
3635 2391 3698 2447 ob
3741 2392 3880 2446 urbe

2226 2470 2536 2517 exvuanata
2567 2465 2674 2517 die-
2705 2464 2937 2517 capitali
2956 2466 3226 2517 supplicio
3257 2480 3292 2517 υ
3319 2466 3539 2517 cctitur.
3573 2462 3724 2517 Ouod
3756 2464 3880 2517 aui-

2226 2462 2536 2536 eepugnata
2567 2464 2937 2537 die,_capitali
2956 2462 3226 2537 supplicio
3256 2462 3539 2535 plectitur.
3573 2462 3724 2532 Quod
3756 2464 3881 2537 qui:

2224 2534 2350 2592 dem
2373 2534 2506 2592 adeo
2534 2535 2750 2592 excelso
2772 2534 3032 2608 fortique
3062 2534 3265 2608 animo
3306 2536 3557 2608 pertulit,
3614 2542 3676 2589 ut
3724 2534 3880 2608 nihil

2226 2609 2453 2678 humile,
2502 2609 2649 2663 nihil
2676 2606 2789 2663 suu'
2806 2606 3115 2663 constantia
3151 2606 3446 2675 indignum
3468 2606 3771 2670 admiserit,
3805 2622 3880 2660 ne

2229 2679 2340 2734 leve
2359 2678 2576 2751 quidem
2608 2680 2893 2735 tiniidatis
2925 2680 3162 2751 alicujus
3183 2683 3569 2746 argumentum
3595 2683 3884 2751 monstra:

2226 2747 2387 2825 verit',
2434 2767 2534 2806 nec
2573 2754 2803 2825 mirum,
2842 2747 3078 2825 quando
3101 2754 3265 2825 antea
3297 2751 3454 2806 nullo
3480 2754 3641 2825 pacto
3670 2747 3881 2804 adduci

2225 2822 2403 2893 potuit
2434 2832 2493 2878 ut
2521 2823 2677 2877 urbis
2733 2822 3102 2892 proditionem
3156 2823 3358 2895 salutis
3411 2822 3663 2895 propria:
3706 2836 3884 2895 causa

2226 2890 2459 2965 faceret,
2506 2890 2821 2964 praesertim
2867 2910 2990 2949 cum
3053 2894 3358 2963 permultos
3411 2890 3648 2949 'haberet
3690 2890 3882 2965 hujus

2227 2962 2447 3021 consilii
2496 2962 2608 3020 non
2649 2968 2969 3037 probatore:
3010 2962 3246 3034 tantum,
3294 2981 3483 3021 verum
3527 2965 3577 3019 si
3606 2962 3883 3037 voluisset

2227 3038 2395 3093 etiam
2422 3035 2794 3093 administros.
2828 3037 2936 3092 llle
2979 3052 3105 3093 vero
3156 3039 3356 3093 maluit
3410 3052 3541 3092 cum
3597 3035 3884 3091 honestate

2228 3111 2460 3164 mortem
2508 3118 2773 3179 oppetere,
2808 3114 2870 3164 ut
2891 3124 3081 3164 eorum
3111 3110 3207 3180 qui
3234 3125 3359 3164 cum
3387 3109 3510 3180 ipso
3529 3111 3691 3163 erant
3711 3108 3887 3163 saluti

2231 3182 2578 3254 prospiceret,
2611 3185 2774 3254 atque
2798 3196 2970 3235 unum
3001 3196 3102 3254 pro
3121 3179 3322 3254 multis
3344 3180 3415 3235 ad
3446 3179 3652 3254 Christi
3696 3179 3888 3254 imita-

2152 3228 2194 3295 C
2231 3228 3536 3335 79:55”;vitttt'o'biicge"réﬁbité'(ﬁliiﬁlii
3558 3228 3684 3335 ibi

2226 3323 2477 3378 cidarum
2533 3325 2750 3379 animos
2808 3323 2888 3379 ad
2919 3323 3486 3380 Vcommiserationem
3550 3324 3889 3394 neutiquam

2225 3396 2410 3468 flexit)
2452 3411 2615 3468 quam
2656 3394 2867 3468 aliquid
2913 3395 3205 3468 nobilitate
3249 3410 3351 3452 sua
3380 3395 3668 3468 indignum
3698 3403 3885 3468 mente

2229 3465 2533 3536 complecti.
2570 3465 2942 3536 Cujus’animi
2971 3468 3320 3537 magnitudo,
3352 3465 3514 3537 atque
3541 3467 3613 3520 ad
3639 3465 3885 3521 subeun-

2228 3539 2358 3611 dum
2385 3538 2720 3611 supplicium
2749 3539 3012 3593 alacritas
3050 3540 3160 3608 ipsi
3202 3553 3416 3611 quoque
3467 3542 3630 3593 Busae
3675 3539 3889 3611 Amirg

2234 3609 2496 3683 Chagebis
2537 3609 2675 3679 ﬁlio,
2700 3625 2810 3683 qui
2857 3612 3051 3664 mortis
3079 3608 3276 3683 auctor
3294 3608 3421 3683 fuit,
3453 3621 3674 3680 magna?
3701 3608 3886 3683 admi-

2229 3683 2439 3738 rationi
2462 3682 2637 3752 fuere.
2675 3682 2869 3752 Verum
2900 3682 3017 3751 ipse
3044 3681 3119 3737 ad
3167 3681 3304 3739 bene
3343 3682 3600 3752 beateque
3641 3681 3890 3736 morien-

2230 3754 2369 3826 dum
2395 3751 2524 3806 hinc
2551 3753 2658 3826 sibi
2686 3751 2830 3826 talia
2857 3753 3121 3824 prxsidia
3140 3751 3565 3826 compvraverat,
3595 3759 3885 3826 propterea

2231 3824 2370 3896 quod
2412 3839 2579 3878 omne
2634 3824 2765 3878 belli
2820 3829 3029 3895 tempus
3093 3827 3155 3881 in
3180 3824 3375 3881 mortis
3428 3824 3886 3894 contemplatione

2231 3904 2590 3963 transegerat,
2618 3897 2822 3966 eisque,
2854 3897 2955 3966 qui
2980 3912 3167 3952 secum
3206 3897 3413 3953 obsessi
3473 3899 3659 3964 erant,
3707 3896 3884 3963 viam,

2232 3981 2357 4037 qua
2386 3966 2536 4021 ducit
2567 3970 2637 4021 ad
2664 3968 3133 4041 immortalitatem
3161 3970 3388 4041 optimis
3416 3966 3887 4041 cohortationibus

2232 4038 2950 4113 commonstraverat..AUnde_
2973 4054 3067 4113 per
3101 4038 3221 4113 haec
3238 4042 3468 4113 pietatis
3495 4039 3681 4113 ofﬁcia
3710 4053 3893 4113 exces-

2231 4126 2354 4183 sum
2375 4111 2506 4166 vita:
2532 4108 2762 4183 minime
2784 4108 2984 4165 habuit
2999 4108 3443 4183 formidandum.
3477 4108 3684 4180 Quibus
3733 4111 3893 4166 enim

2232 4182 2432 4253 asidua
2461 4181 2814 4253 meditatione
2831 4181 3052 4237 cautum
3079 4186 3179 4253 est,
3211 4200 3281 4239 ne
3316 4185 3655 4253 imparatum
3699 4184 3892 4253 pectus

2234 4252 2476 4308 habeant
2503 4251 2575 4307 ad
2604 4254 2715 4308 haec
2741 4261 2997 4309 extrema
3036 4251 3346 4319 subeunda,
3390 4251 3539 4309 hisee
3572 4251 3709 4309 non
3730 4253 3891 4323 inju-

2231 4323 2413 4398 cunda
2455 4326 2561 4398 erit
2587 4325 2668 4398 ad
2686 4326 2904 4398 caelum,
2935 4341 3059 4398 cum
3087 4327 3405 4398 contigerit,
3437 4326 3887 4398 transmigratio.

2235 4396 2496 4451 Ceterum
2524 4396 2761 4468 Barbari
2801 4397 2860 4451 in
2909 4396 3034 4453 illos
3076 4396 3250 4454 etiam
3291 4413 3426 4468 quos
3471 4413 3597 4453 cum
3642 4396 3890 4468 patricio

2229 4470 2492 4553 ceperant
2538 4466 2719 4553 (erant
2756 4476 2938 4523 autem
2977 4485 3167 4553 cmnes
3214 4470 3275 4525 hi
3299 4466 3591 4553 Suramisis
3620 4466 3890 4553 honestis-

2233 4541 2371 4595 simo
2400 4540 2513 4612 loco
2541 4541 2703 4605 nati),
2734 4555 2857 4594 cum
2892 4540 3220 4611 quibusdam
3268 4540 3400 4597 aliis
3437 4541 3668 4612 captivis
3720 4547 3893 4595 extra

2236 4611 2425 4684 urbem
2444 4611 2650 4678 ductos,
2682 4619 2733 4667 et
2760 4614 2820 4668 in
2849 4612 3033 4667 orbem
3062 4612 3360 4684 dispositos
3383 4611 3737 4684 unoimpetu
3790 4612 3888 4684 in-

2230 4682 2437 4755 vadunt
2482 4684 2791 4755 agrestium
2836 4699 3039 4739 canum
3082 4682 3164 4739 in’
3191 4700 3428 4751 morem,
3457 4688 3509 4740 et
3539 4683 3635 4740 hos
3665 4683 3891 4755 quidem

2237 4754 2534 4827 lapidibus,
2564 4754 2673 4827 hos
2698 4769 2826 4810 vero
2863 4756 3094 4827 baculis,
3131 4755 3274 4812 alios
3324 4757 3516 4821 hastis,
3565 4754 3707 4827 quas
3764 4768 3894 4822 pra?

2232 4825 2491 4901 manibus
2517 4825 2804 4901 habebant,
2836 4826 3096 4901 quosdam
3122 4828 3295 4883 etiam
3324 4825 3734 4901 quibuscunque
3761 4839 3895 4901 quae

2232 4914 2290 4954 se
2315 4899 2541 4967 fortuito
2588 4898 2916 4952 obtulissent
2942 4898 3345 4955 instrumentis
3372 4898 3756 4955 crudelissime
3807 4900 3895 4952 in.

2232 4975 2520 5033 sectantes,
2567 4971 2733 5024 morti
2778 4970 3012 5037 dabant,
3060 4979 3113 5025 et
3152 4972 3331 5027 adhuc
3354 4972 3564 5027 animis
3592 4971 3890 5025 immanis-

2233 5043 2376 5113 sime
2406 5043 2708 5113 saevientes,
2740 5040 2941 5113 horum
2964 5056 3202 5113 corpora
3232 5044 3606 5099 combustione
3632 5042 3892 5113 absume-

2237 5112 2556 5186 bant._‘Nec_
2604 5127 2732 5169 vero
2779 5112 3001 5186 silentio
3045 5112 3337 5186 praeteribo
3382 5115 3580 5186 qualia
3613 5112 3887 5186 ibarbgra

2232 5183 2583 5239 crudelitatis
2627 5185 2884 5255 exempla
2932 5184 2989 5239 in
3039 5183 3293 5242 Nicetam
3339 5183 3705 5242 exercuerim.
3757 5184 3892 5239 Erat

2235 5255 2323 5310 hic
2353 5255 2628 5331 Tarsensis
2656 5270 2874 5324 genere,
2914 5261 3078 5331 atque
3122 5260 3181 5313 in
3230 5273 3291 5313 re
3340 5259 3586 5314 militari
3641 5257 3891 5328 opprime

2233 5326 2505 5401 eruditus,
2553 5334 2651 5401 _et_
2677 5331 2958 5394 strenuus,
2984 5326 2995 5331 ⁷
3026 5331 3125 5400 qui
3187 5331 3614 5401 oppugnationis
3642 5326 3892 5392 tempore

2235 5399 2492 5472 impium,
2545 5396 2899 5454 Maliomelem
2945 5396 3091 5472 apud
3136 5396 3266 5456 eam
3287 5396 3571 5457 nationem
3595 5402 3889 5472 prapheta-

2232 5487 2359 5525 rum
2380 5471 2878 5544 eminentissimum
2908 5471 3161 5527 habitum
3182 5473 3488 5529 maledictis
3506 5471 3893 5544 compluribus

2234 5540 2477 5612 quotidie
2498 5542 2900 5616 proscindebat.
2935 5543 3089 5599 Hunc
3117 5544 3185 5598 ab
3215 5540 3723 5616 interﬁciendorum
3779 5558 3889 5597 nu-

2233 5628 2383 5688 mero
2438 5621 2742 5688 sevocatum
2797 5613 3333 5688 humireclinantes
3363 5613 3652 5688 supinum
3681 5616 3887 5688 (tuam,

2235 5686 2406 5752 Deus,
2441 5687 2744 5759 ementium
2795 5686 3047 5754 imploro)
3074 5687 3297 5743 thorace
3325 5686 3562 5759 pectoris
3589 5689 3660 5744 ad
3688 5687 3891 5750 pubem

2233 5772 2392 5833 osque
2424 5759 2604 5812 virum
2631 5757 3060 5833 decorticarunt,
3086 5760 3259 5833 effusa
3283 5757 3411 5817 vero
3436 5776 3540 5833 per
3590 5762 3891 5833 sectionem

2231 5831 2446 5886 viscera
2497 5831 2671 5885 contis
2716 5828 3091 5886 dilaniabant.
3115 5828 3205 5887 ’Ᾰά
3232 5831 3345 5887 haec
3370 5828 3469 5889 cor
3496 5834 3679 5889 ipsum
3705 5832 3890 5887 mani-

2237 5901 2335 5959 bus
2359 5899 2613 5957 avulsum
2641 5900 2711 5959 ab
2743 5899 2965 5959 homine
2993 5901 3175 5961 adhuc
3194 5905 3443 5979 spirante
3466 5899 3763 5979 plusquam
3783 5904 3889 5960 im-
