4156 6214
318 362 396 422 87
1610 359 1953 423 ANNALIU

2065 358 2211 420 LIB.
2257 359 2419 422 XVI.
3635 365 3714 428 58

315 488 541 567 εἴρηται,
588 487 922 565 ἕξυπηρὲτει,
972 487 1129 554 οὗτος
1181 492 1210 546 ὁ
1264 490 1520 570 βασιλεὺς
1578 489 1946 571 συγκατῆλθιν

2066 494 2179 549 Cur
2207 491 2645 565 Theophilitzen
2680 491 3000 566 principem
3030 492 3343 567 illustrem,
3373 498 3430 552 et
3458 496 3717 569 impera'

312 578 493 651 ὶκςξνῳ
523 577 588 640 sle
612 575 1022 654 Πελοπόνησον,
1054 580 1144 636 καὶ
1176 580 1251 645 εἷς
1280 583 1372 638 τὸν
1404 588 1501 640 τοῦ
1532 583 1687 660 ἁγίου
1719 581 1946 638 ἀποστό-

310 669 405 725 λου
434 665 685 743 Ἀνδρέου
714 670 840 724 ναὸν
874 669 1096 741 εἰσῆλθε
1125 671 1218 728 σὺν
1244 677 1325 747 τῷ
1354 673 1527 749 κυρίῳ
1558 673 1741 730 αὐτοῦ.
1775 674 1874 730 Ἤν
1903 668 1949 726 δ’

2058 581 2285 637 toribus
2318 584 2632 654 cognatum
2664 598 2855 654 neque
2885 581 3143 654 alloquio
3166 598 3351 654 neque
3374 582 3492 640 ullo
3516 584 3713 671 ‘oflicio

2062 670 2341 743 dignatus
2372 670 2891 738 esset,ministrum
2926 688 3063 728 vero
3095 672 3223 742 ejus
3245 672 3456 728 aﬂ‘atus
3482 679 3639 731 esset
3660 680 3719 732 et

1556 774 1760 836 Variae
1812 772 2109 834 lectiones
2157 774 2219 830 et
2263 776 2453 830 notae.

302 866 1178 945 monile-ridentibus‘mandebant
1224 888 1488 945 primum,
1525 877 1716 945 postea
1742 870 1813 926 ad
1843 879 1949 926 ter-

302 954 416 994 ram
446 936 692 1014 allisum,
720 941 1058 1013 petitumque
1105 936 1403 1014 lapidibus,
1438 936 1555 999 tum
1604 944 1827 1000 demum
1853 957 1949 997 ea:-

301 1011 539 1086 saturati
567 1008 938 1086 reliquerunt.
963 1008 1191 1070 'Verum
1233 1016 1298 1072 de
1344 1008 1431 1071 his
1478 1017 1640 1071 alias.
1690 1016 1794 1086 Ego
1822 1029 1952 1069 vero

301 1084 396 1153 qui
412 1082 545 1157 jam
573 1084 781 1138 iterum
808 1101 935 1139 cum
970 1088 1221 1156 episcopo
1265 1090 1327 1143 in
1371 1090 1615 1157 gratiam
1656 1082 1948 1155 redieram,

302 1162 462 1231 atque
488 1155 544 1231 in
588 1158 854 1226 episcopii
901 1155 1107 1228 templo
1152 1174 1266 1231 una
1302 1155 1425 1213 cum
1473 1162 1588 1231 ipso
1616 1162 1774 1214 statis
1810 1174 1952 1231 pre-

294 1226 448 1280 cibus
481 1223 806 1282 hora‘sexta
846 1223 1089 1300 cperam
1131 1230 1343 1297 debam,
1377 1223 1582 1286 turrim
1612 1248 1646 1285 a
1688 1223 1953 1285 Barbaris

294 1304 679 1372 “pugnatam
705 1298 937 1356 auribus
963 1300 1100 1372 cepi,
1120 1316 1244 1357 cum
1265 1300 1334 1356 ad
1361 1301 1524 1371 ﬁnem
1554 1304 1793 1357 cantiici
1825 1317 1951 1356 vcn-

296 1378 406 1422 tum
428 1377 587 1442 esset.
622 1369 738 1437 Quo
767 1374 966 1426 nuntw
1007 1369 1118 1428 non
1146 1369 1437 1429 mediocris
1462 1374 1578 1442 fuit
1602 1374 1952 1429 audientium

300 1441 507 1516 animis
533 1456 706 1516 pavor
725 1442 983 1516 injectus.
1005 1444 1217 1499 Etenim
1244 1445 1445 1516 quidni
1464 1441 1784 1501 timendum
1814 1452 1953 1499 esset

293 1512 347 1565 in
373 1517 642 1567 cruentas
669 1514 911 1569 hostium
933 1530 1128 1570 manus
1148 1512 1275 1571 mod:
1296 1520 1594 1573 certissime
1612 1517 1952 1572 incursuris‘t

294 1583 548 1659 animum
575 1587 763 1659 tamen
793 1587 1160 1657 quoquomodo
1206 1588 1552 1659 recipientes,
1601 1588 1731 1643 dum
1775 1588 1955 1643 adhuc

293 1654 622 1733 hostesante
670 1654 1015 1733 prospectum
1044 1659 1242 1733 templi
1278 1654 1335 1733 in
1367 1654 1740 1733 depraédando
1774 1667 1956 1714 essent

297 1727 568 1802 occupati,
591 1727 743 1802 nudi
766 1727 832 1783 ac
860 1727 1166 1785 verecundi
1194 1727 1445 1802 (quippe'
1464 1731 1725 1787 detractis
1772 1733 1954 1786 omni-

291 1797 383 1850 bus
411 1796 557 1873 aliis
580 1799 921 1873 indumentis
938 1812 1145 1871 praeter
1166 1796 1212 1856 il
1217 1796 1273 1857 la
1291 1796 1417 1873 qua
1437 1818 1508 1858 ea:
1524 1806 1679 1860 corio
1700 1808 1947 1870 confecta

288 1870 687 1949 gestabamus),
729 1870 1030 1949 adsultare
1072 1875 1205 1949 aedis
1250 1870 1519 1931 maximae
1558 1890 1682 1949 cum
1735 1874 1944 1930 duobus

285 1938 430 2020 ᾳιίιί
448 1938 676 2020 clericis
687 1944 1064 2020 _perfug_imus.
1089 1943 1579 2020 ‘Consueveratuad
1606 1951 1751 2001 hanc
1778 1962 1944 2001 aram

287 2011 642 2089 beatissimus
669 2011 1035 2089 Deum
1077 2017 1284 2089 iratum
1330 2018 1648 2083 conciliare,
1682 2032 1943 2089 Opemque

284 2084 431 2165 ipsis_
451 2099 558 2149 pro
587 2086 703 2165 suis
750 2084 901 2155 ﬁliis
950 2088 1352 2165 implorar_e,_a_c
1372 2090 1485 2144 voti
1530 2084 1743 2165 compos
1774 2084 1903 2160 ﬁeri
1929 2104 1949 2150 ;

285 2157 471 2231 quain
494 2171 566 2231 re
584 2157 753 2211 illum
769 2157 1129 2229 experientsz
1155 2161 1455 2230 mirificum
1479 2157 1783 2231 saepissime
1800 2176 1948 2216 com-

284 2227 541 2300 probavit
575 2246 597 2282 :
627 2227 944 2300 quanquam
974 2232 1031 2285 id
1060 2227 1317 2300 temporis
1365 2227 1598 2287 arcarno
1626 2232 1949 2288 divinorum

275 2313 301 2367 j
320 2296 651 2374 adicias-uni
686 2296 915 2356 consilio
943 2318 1123 2372 preces
1150 2296 1268 2374 ejus
1294 2304 1511 2374 rejects:
1538 2305 1781 2373 fuerant.
1816 2304 1952 2359 Cum

281 2383 405 2444 ergo
452 2371 530 2444 in
579 2372 696 2444 his
730 2371 968 2428 essemus
1017 2371 1281 2444 periculis
1326 2371 1629 2441 constituti,
1685 2376 1827 2432 alter
1879 2377 1949 2430 ab

277 2440 532 2517 alterosi
561 2441 698 2517 quid
733 2440 1032 2517 peccatum
1069 2454 1231 2512 esset,
1264 2447 1493 2502 veniam
1526 2440 1861 2517 petebamus,
1892 2462 1958 2501 ac

283 2513 935 2589 vicissimdonabamus,
985 2517 1097 2589 Deo
1163 2532 1293 2572 vero
1342 2513 1545 2588 gratiae
1608 2513 1947 2589 agebantur.

288 2583 427 2654 quod
479 2586 604 2639 ista
654 2602 775 2657 nos
798 2590 1007 2657 perpeti
1066 2583 1410 2644 decrevisset.
1465 2591 1590 2646 lam
1640 2583 1766 2646 vero
1820 2589 1954 2644 dum

285 2656 580 2728 episcOpus
606 2655 812 2727 angelo
842 2655 1072 2715 tutelari
1113 2676 1275 2715 suam
1331 2661 1631 2718 Ecclesium
1671 2678 1947 2717 commen-

284 2726 553 2805 Δαναίσι
599 2726 829 2805 adsunt
861 2731 1124 2805 cntempla
1172 2733 1345 2787 hostes
1394 2730 1684 2805 districitis
1719 2732 1947 2805 gladiis,

286 2800 684 2874 sanguineque
698 2802 956 2874 perfusis,
990 2800 1087 2874 qui
1126 2819 1220 2872 per
1269 2806 1439 2858 totam
1468 2803 1642 2859 sedem
1692 2800 1953 2874 uagantes

292 2872 449 2946 alius,
484 2871 606 2946 alio
650 2871 1024 2946 deﬂectebunt‘.
1067 2871 1299 2946 quorum
1347 2891 1489 2931 unus
1535 2892 1569 2930 a
1613 2871 1954 2946 circumfusa

286 2943 653 3018 multitudine
679 2943 955 3015 digressus
987 2943 1219 3018 sacrum
1256 2946 1437 3002 altare
1463 2947 1611 3012 adit,
1644 2943 1830 3018 ibique
1853 2963 1953 3003 nos

291 3014 431 3090 inter
457 3013 754 3090 sedemet
777 3032 940 3071 aram
979 3017 1268 3073 latitantes
1316 3018 1565 3090 oﬂendit,
1597 3013 1951 3090 comprehen-

290 3084 501 3155 diique,
550 3086 702 3141 nihil
745 3094 933 3143 tamen
979 3090 1278 3145 barbarum
1329 3084 1389 3145 in
1437 3084 1657 3146 nos'est
1700 3084 1945 3153 molitus,

284 3172 476 3232 nempe
510 3156 613 3232 _Deo
642 3173 737 3213 cor
764 3161 937 3222 ipsius
976 3161 1337 3230 aliquatenus
1381 3162 1771 3232 permulcente,
1804 3162 1951 3218 nihil

290 3228 623 3283 iracundum
650 3232 837 3285 sonuit
863 3235 971 3285 aut
997 3228 1213 3295 minax,
1240 3228 1390 3287 vultu
1412 3234 1481 3288 ad
1509 3228 1777 3289 terrorem
1804 3250 1951 3289 com-

293 3301 495 3376 posito,
527 3304 784 3376 quamvis
828 3311 964 3376 esset
1010 3320 1139 3360 ense
1182 3303 1387 3359 nudato
1435 3309 1708 3373 armatus,
1740 3307 1838 3376 qui
1864 3307 1953 3374 fu-

288 3372 482 3448 mabat
529 3371 714 3448 adhuc
752 3374 1002 3448 calidum
1037 3376 1370 3448 sanguinem
1426 3384 1590 3448 atque
1625 3371 1955 3441 distillabat,

296 3442 428 3520 Isin
462 3445 778 3520 episcopum
808 3445 1062 3513 intuitus,
1093 3442 1162 3503 ab
1207 3447 1314 3502 illo
1359 3442 1521 3518 qnam
1554 3456 1695 3504 recte
1717 3463 1955 3520 percon-

296 3518 446 3589 tatus
482 3523 582 3580 est,
614 3517 874 3586 quisnam
924 3527 1080 3584 esset,
1131 3517 1458 3589 remqueut
1518 3528 1639 3575 erat
1684 3517 1904 3575 edoctus
1933 3537 1953 3575 :

298 3587 560 3655 Ubinam,
621 3589 823 3658 inquit,
877 3594 1007 3645 sunt
1072 3587 1319 3647 ecclesia
1371 3606 1530 3647 sacra
1583 3607 1713 3646 vasa
1740 3594 1765 3645 .9
1820 3592 1957 3647 Cum

294 3668 494 3714 autem
548 3662 887 3727 coynovisset
940 3660 1007 3716 de
1065 3661 1197 3724 loco.
1258 3661 1437 3717 educit
1489 3678 1519 3719 e
1571 3665 1727 3718 sacro
1754 3663 1954 3733 templo

294 3745 614 3800 episcopum
641 3733 870 3805 seorsim
899 3732 966 3787 ab
985 3734 1140 3788 omni
1168 3734 1479 3789 turbatione
1504 3737 1663 3805 atque
1691 3732 1952 3802 tumultu,

232 3801 246 3815 ‘
295 3816 523 3877 nosque
568 3817 701 3877 cum
753 3804 870 3874 ipso
928 3808 1194 3877 tanquam
1218 3876 1223 3877 ί
1251 3821 1439 3877 agnos,
1469 3801 1639 3877 suum
1683 3809 1954 3876 pastorem

293 3876 599 3943 sequentes.
663 3874 904 3947 Cumque
949 3878 1011 3931 in
1036 3874 1324 3948 'sacellum
1380 3875 1477 3932 ubi
1530 3874 1769 3948 reposita
1796 3894 1955 3934 sacra

296 3959 435 3999 vasa
483 3948 929 4018 asservabantur
966 3950 1151 4005 nostro
1193 3947 1359 4003 ductu
1403 3947 1749 4018 pervenisset,
1788 3951 1850 4004 in
1894 3965 1954 4005 eo

295 4032 391 4071 nos
444 4016 689 4091 inclusos
734 4017 957 4082 detinet,
1006 4019 1268 4091 idemque
1313 4016 1516 4091 satagit
1568 4021 1667 4076 ubi
1720 4022 1956 4091 majores

292 4091 469 4163 natu
508 4088 767 4163 barbarae
815 4091 1065 4163 nationis
1114 4088 1524 4163 quamprimum
1597 4088 1950 4149 conveniant.

341 4174 413 4214 uo
442 4160 612 4229 facto,
640 4158 706 4233 de
734 4160 890 4216 nobis
920 4161 1066 4233 apud
1093 4158 1238 4228 ipsos
1266 4158 1645 4219 narrationem
1688 4165 1951 4220 instituit.

364 4244 615 4296 mnoem,
666 4231 728 4286 id
769 4234 921 4288 enim
953 4231 1343 4291 Vnoministum
1378 4233 1476 4290 illi
1516 4236 1778 4300 inditum,
1837 4244 1954 4292 tum

291 4302 473 4378 claris
519 4311 704 4378 ortum
755 4319 867 4359 esse
914 4307 1236 4378 parentibus
1288 4310 1479 4377 postea
1540 4309 1950 4378 comperimus:

292 4375 459 4444 cujus
487 4376 745 4430 cratim
770 4379 1023 4447 permoti,
1053 4377 1237 4433 dicam
1261 4375 1482 4447 melius,
1515 4379 1623 4434 Deo
1652 4375 1724 4436 ad
1753 4379 1953 4435 bonum

294 4447 512 4501 exitum
564 4448 764 4503 omnia
813 4447 1174 4519 perducente,
1229 4450 1365 4505 bene
1419 4450 1659 4506 animati
1684 4452 1861 4507 hostes
1891 4453 1949 4507 in

292 4533 398 4594 nos
445 4532 561 4594 esse
597 4526 902 4594 caperunt,
967 4521 1253 4591 eodemque
1300 4521 1390 4577 die
1434 4538 1596 4578 sacra
1650 4522 1954 4594 depraedati

296 4590 485 4665 (erant
510 4574 693 4645 autem
725 4574 1081 4665 haece-mnia'
1090 4574 1328 4664 perfecti
1342 4574 1537 4661 operis
1563 4574 1963 4665 quinqruemil;
1992 4574 2039 4639 D

296 4661 381 4737 lia
417 4660 691 4737 librarum
711 4661 998 4737 ponderis)
1045 4660 1284 4734 captivos
1330 4660 1433 4719 nas
1474 4681 1545 4721 ea:
1568 4660 1725 4737 jurbe'
1773 4666 1961 4737 egredi

292 4735 553 4803 fecerunt
583 4749 603 4785 :
630 4732 833 4801 dolore,
866 4737 927 4788 ut
954 4732 1202 4792 amittam
1238 4744 1457 4804 caetera,
1489 4732 1957 4793 vehementi'con-

293 4807 474 4873 fectos
502 4805 667 4881 atque
692 4803 1061 4881 additurum,
1089 4809 1294 4881 quiin
1332 4803 1507 4865 veteri
1552 4809 1763 4880 majore
1789 4809 1958 4866 eccle-

292 4891 384 4931 sia
411 4874 732 4949 consederat
758 4874 1144 4935 traduxerunt.
1171 4880 1271 4935 llic
1298 4888 1483 4935 autem
1512 4881 1571 4935 in
1602 4874 1715 4937 una
1744 4896 1956 4949 earum,

299 4962 430 5025 qus:
484 4947 568 5002 ibi
598 4950 1065 5025 reperiebantur,
1108 4952 1671 5025 cameraconclusos
1707 4947 1955 5025 reliquit.

294 5019 422 5075 Illic
451 5020 784 5076 omnimodis
810 5022 1175 5096 incommodis
1216 5023 1372 5096 afﬁci
1414 5026 1796 5094 corpusculum
1827 5019 1961 5096 'fuit

294 5106 514 5147 necesse
562 5108 577 5147 :
620 5108 753 5147 nam
790 5099 846 5148 et
873 5096 1038 5161 gravi
1075 5095 1243 5151 odore
1288 5095 1437 5151 locus
1483 5098 1727 5165 repletus
1770 5104 1865 5161 est,
1896 5113 1959 5154 eo

296 5164 501 5235 scilicet
554 5164 654 5235 qui
705 5180 775 5219 ex
829 5166 1182 5221 naturalibus
1246 5164 1611 5224 excrementis
1686 5170 1957 5235 exoritur,

294 5232 578 5290 vermibus
625 5235 791 5291 etiam
850 5238 949 5309 qui
990 5239 1164 5294 solent
1222 5237 1283 5292 in
1356 5238 1883 5311 diemiingenerari
1909 5232 1962 5297 et

298 5314 529 5365 scatere.
558 5322 684 5382 _nec_
726 5324 838 5362 non
890 5311 1149 5365 muribus
1191 5318 1438 5366 consueto
1494 5310 1572 5366 ibi
1619 5310 1956 5382 degentibus,

298 5382 415 5432 tum
466 5376 847 5456 pediculorum
889 5382 1170 5456 examine,
1217 5384 1272 5436 et
1315 5384 1595 5456 cimicum,
1626 5376 1958 5456 et'pulicum

302 5449 691 5528 propemodum
714 5453 1053 5528 enercitibus
1087 5454 1383 5528 inhorruit.
1421 5456 1484 5511 Ut
1513 5470 1638 5511 vero
1665 5449 1784 5511 nos:
1801 5459 1960 5528 facta

305 5530 401 5598 est,
448 5522 694 5598 tenebris
721 5524 911 5598 obruti
934 5540 1124 5580 sumus
1164 5524 1264 5581 sub
1312 5527 1512 5582 tectum
1544 5528 1721 5598 ferme
1768 5522 1961 5584 caden-

301 5592 461 5671 tibus.
492 5594 667 5671 Punic
711 5597 887 5651 etiam
922 5598 1031 5671 qui
1068 5598 1212 5667 forte
1250 5604 1475 5655 externo
1526 5592 1691 5669 ﬁebat
1744 5601 1960 5671 oppleta

296 5663 503 5731 domus,
535 5668 640 5737 qui
682 5671 738 5721 et
780 5663 1209 5737 respirationem
1253 5671 1473 5727 miseris
1525 5663 1859 5741 interclusit,
1909 5675 1960 5728 et

294 5742 509 5811 mutuos
552 5748 803 5809 aspectus
839 5755 1092 5796 mamma
1148 5756 1219 5797 ea:
1262 5745 1419 5811 parte
1458 5745 1618 5800 nobis
1643 5743 1861 5800 ademit.
1895 5745 1959 5799 In

301 5807 402 5885 hac
426 5807 798 5885 ipsecamera
842 5825 1152 5885 cumsacro
1196 5807 1475 5885 antistite,
1505 5819 1557 5872 et
1585 5815 1763 5872 altero
1794 5832 1829 5872 a
1854 5815 1959 5872 cle-

301 5880 423 5939 ricis
444 5880 727 5955 fratribus
750 5882 982 5956 conjecti
1006 5885 1226 5957 fuimus
1254 5902 1276 5944 :
1302 5899 1436 5945 nam
1454 5880 1563 5962 'qui
1603 5886 1809 5963 reliqui
1838 5887 1957 5961 fue-

2060 871 2214 936 runt,
2247 867 2399 923 urbis
2445 867 2667 923 excidio
2731 882 2845 922 una
2900 884 3085 924 omnes
3136 867 3503 925 contrucidati
3557 871 3711 925 sunt.

2060 944 2195 996 Dies
2242 939 2325 995 ibi
2364 941 2591 1009 triginta
2644 940 3099 1010 complevimus°z
3153 948 3449 1012 proptereu
3495 957 3598 1011 quo
3644 941 3716 997 ad

2059 1012 2436 1082 Syracusanos
2485 1012 2831 1067 munitiones
2876 1012 3211 1067 emoliendas
3238 1011 3295 1065 id
3338 1014 3593 1084 temporis
3620 1029 3718 1069 vo-

2061 1084 2284 1138 luerunt
2350 1088 2755 1150 consumptum.
2825 1084 2930 1138 Per
2979 1083 3119 1138 idem
3168 1084 3417 1156 spatium
3445 1083 3530 1139 ea
3586 1100 3712 1156 qua

2061 1157 2213 1210 intra
2268 1170 2554 1209 murorum
2619 1156 2891 1210 ambitum
2934 1155 3380 1219 continebantur,
3437 1155 3715 1212 incendiis

2060 1227 2352 1291 absumpta
2386 1231 2535 1281 sunt.
2568 1224 2758 1297 Capta:
2805 1226 3173 1298 veropraedae
3218 1228 3392 1298 spolia
3426 1234 3499 1281 tot
3525 1231 3711 1298 fuere,

2059 1300 2311 1369 tantique
2349 1299 2534 1368 pretii,
2566 1306 2626 1352 ut
2655 1301 2776 1369 ejus
2813 1297 3075 1353 subducta
3124 1299 3264 1353 ratio
3295 1297 3498 1353 millies
3526 1297 3713 1355 mille

2058 1385 2348 1424 nummum
2388 1377 2604 1441 reperta
2649 1373 2740 1424 sit.
2790 1370 2910 1425 Non
2960 1370 3133 1424 multo
3180 1373 3298 1439 post
3346 1374 3451 1425 iter
3500 1375 3715 1426 Panor-

2059 1458 2211 1496 mum
2267 1456 2453 1496 versus
2506 1443 2770 1509 aggressi,
2812 1442 2955 1510 quod
3008 1456 3109 1495 sea:
3161 1442 3380 1496 dierum
3414 1442 3713 1498 intervallo

2059 1515 2410 1585 perfecimus,
2462 1516 2602 1567 vecti
2639 1515 2912 1584 jumentis
2960 1512 3203 1585 ferendis
3242 1514 3498 1567 oneribus
3540 1516 3713 1569 natis.

2058 1582 2416 1640 Abduxerunt
2458 1599 2581 1639 vero
2630 1582 2867 1640 immites
2911 1582 3181 1656 elfcrique
3226 1585 3521 1654 Eliciopes.
3574 1586 3717 1640 Tan-

2059 1656 2182 1711 dem
2236 1656 2454 1711 diurnis
2511 1656 2749 1719 iestibus,
2808 1655 3191 1726 nocturnisque
3260 1655 3563 1726 frigoribus
3632 1657 3716 1711 di-

2064 1730 2275 1790 vexati.
2314 1727 2402 1781 die
2429 1729 2680 1797 septimo,
2698 1743 2819 1782 cum
2840 1728 3089 1782 interdiu
3119 1731 3385 1797 noctuque
3414 1729 3522 1782 iter
3539 1732 3722 1797 facere

2064 1815 2180 1853 non
2222 1802 2425 1871 fuisset
2447 1799 2704 1861 desitum.
2754 1798 3177 1854 celeberrimam
3240 1800 3556 1871 civibusque
3599 1804 3721 1869 fre-

2061 1875 2313 1942 quentem
2337 1870 2523 1925 urbem
2568 1871 2941 1925 Panhormum
2988 1870 3213 1941 iegressi
3254 1870 3469 1936 sumus,
3495 1872 3718 1926 obviam

2059 1945 2223 2013 factis
2251 1942 2627 2013 nobisqurbem
2656 1942 3107 2011 ingredientibus,
3138 1943 3497 2012 popularibus
3528 1945 3626 2013 qui
3653 1944 3716 1998 ob

2059 2015 2318 2086 laetitiam
2349 2014 2535 2086 effusi,
2586 2014 2833 2084 epinicia
2883 2015 3275 2086 concinebant;
3315 2014 3553 2086 dumque
3573 2028 3715 2086 prae.

2058 2085 2158 2140 das
2204 2087 2263 2140 in
2312 2084 2502 2140 urbem
2546 2087 2776 2141 victores
2836 2086 3131 2156 importare
3177 2084 3471 2141 viderent!
3500 2084 3716 2141 Pisanis

2062 2158 2377 2227 faustisque
2406 2157 2893 2212 acclamationibus
2934 2158 3301 2228 excipiebant.
3340 2161 3473 2215 lam
3501 2173 3628 2212 vero
3659 2160 3721 2212 in

2057 2230 2249 2284 urbem
2281 2229 2610 2294 secedentes,
2643 2237 2764 2283 tum
2808 2228 3028 2283 demum
3054 2230 3418 2300 comperimus
3447 2245 3715 2285 convena-

2058 2317 2183 2356 rum
2228 2316 2293 2355 ac
2336 2302 2544 2355 civium
2604 2300 3015 2371 multitudinem
3053 2301 3222 2371 juxta
3277 2303 3490 2371 famam
3538 2301 3715 2370 illius,

2058 2372 2309 2442 nihilque
2338 2371 2606 2444 imparem
2638 2370 2891 2442 ορίηίοηί
2917 2378 3121 2428 nostrae
3156 2373 3344 2444 fuisse.
3390 2370 3537 2427 Illuc
3566 2375 3716 2428 enim

2059 2444 2380 2498 universum
2414 2442 2832 2498 Saracenorum
2874 2458 3048 2513 genus
3088 2442 3381 2512 conﬂuisse
3428 2446 3651 2513 putares
3681 2460 3715 2499 a

2059 2516 2190 2570 solis
2218 2519 2346 2570 ortu
2388 2522 2438 2568 et
2466 2529 2684 2583 occasu,
2714 2514 2783 2568 ab
2813 2516 3081 2585 aquilone
3108 2522 3161 2571 et
3191 2516 3359 2581 mari,
3390 2514 3563 2585 juxta
3594 2515 3719 2570 bea-

2058 2587 2266 2642 tissimi
2310 2584 2533 2641 Davidis
2588 2584 2912 2641 consuetum
2968 2585 3225 2657 loquendi
3278 2584 3501 2641 morem.
3560 2586 3714 2643 Unde

2059 2660 2119 2713 in
2175 2662 2332 2713 tanta
2372 2657 2732 2713 incolentium
2772 2658 3003 2713 colluvie
3018 2659 3384 2728 coangustati,
3411 2659 3467 2713 in
3484 2659 3721 2713 circuitu

2058 2729 2197 2785 (edes
2222 2732 2436 2801 struere
2466 2733 2632 2799 atque
2678 2728 2932 2801 habitare
2961 2730 3297 2801 incteperunt
3329 2729 3467 2784 adeo
3502 2737 3558 2783 ut
3586 2745 3710 2800 per-

2058 2801 2264 2856 multas
2292 2800 2597 2872 adjacentes
2653 2800 2814 2855 urbes
2858 2800 3158 2872 posuerint,
3202 2802 3564 2871 primarize,si
3594 2802 3717 2872 quis

2059 2874 2240 2942 vellet,
2297 2872 2366 2927 ad
2410 2872 2838 2944 oppugnandum
2888 2875 2938 2927 et
2993 2873 3412 2944 repugnandum
3454 2888 3564 2927 non
3614 2873 3719 2926 im-

2055 2961 2236 3017 pares.
2268 2947 2406 3001 Cum
2432 2946 2630 3017 igitur,
2661 2953 2723 2997 ut
2746 2944 2932 3017 dicere
2960 2946 3548 3014 institui,nequissima
3577 2946 3714 3017 urbs

2058 3015 2308 3072 omnium
2334 3016 2626 3084 potiretur,
2648 3016 3027 3080 contarchum,
3053 3018 3280 3085 imperii
3296 3031 3493 3071 nomen
3525 3015 3589 3069 id
3610 3019 3711 3084 est,

2060 3090 2151 3160 sui
2188 3089 2429 3143 nominis
2471 3087 2790 3160 celebritate
2840 3090 3155 3160 neutiquam
3202 3089 3434 3156 dignum
3482 3087 3721 3158 putavit,

2062 3159 2228 3215 donec
2270 3175 2367 3214 nos
2408 3159 2507 3213 sub
2543 3158 2741 3228 jugum
2790 3158 3050 3215 mitteret.
3084 3161 3233 3229 Quin
3262 3168 3315 3214 et
3347 3175 3401 3214 se
3440 3160 3721 3229 facturum

2064 3233 2344 3303 promittit
2394 3238 2471 3303 et,
2499 3231 2886 3296 comminatur,
2920 3235 2983 3285 ut
3027 3232 3123 3285 abs
3177 3246 3234 3285 se
3294 3231 3451 3301 longe
3496 3230 3718 3301 positos,

2066 3301 2230 3374 atque
2276 3301 2407 3357 adeo
2450 3301 2626 3371 ipsius
2670 3303 3040 3374 imperalricis
3079 3302 3235 3374 urbis
3278 3303 3528 3374 virosrin
3565 3318 3721 3356 suam

2065 3373 2285 3457 redigat
2326 3376 2743 3457 potestatem...
2779 3373 2898 3456 .His
2951 3375 3030 3457 ita
3092 3390 3151 3457 se
3205 3373 3562 3457 habentibus,‘
3608 3376 3727 3444 post

2064 3447 2215 3501 diem
2245 3443 2503 3516 quintum
2552 3443 2621 3499 ad
2673 3445 2941 3513 maiorem
2987 3445 3234 3501 Amiram
3285 3443 3715 3516 introducimur.

2065 3522 2121 3574 Is
2167 3514 2349 3571 autem
2392 3516 2476 3571 ad
2526 3516 2795 3571 solarium
2850 3517 3083 3587 superbe
3124 3519 3184 3572 in
3248 3516 3387 3572 solio
3433 3514 3718 3571 considens

2067 3589 2223 3645 valde
2254 3588 2375 3659 sibi
2420 3603 2491 3642 ex
2538 3590 2832 3659 tyrannica
2861 3590 3118 3656 potestate
3163 3588 3431 3657 placebat,
3462 3590 3514 3641 et
3555 3603 3716 3656 quasi

2062 3658 2294 3715 mantile
2320 3659 2495 3715 nobis.
2528 3658 2742 3730 ipsique
2788 3659 3030 3714 medium
3075 3675 3402 3729 suspensum
3439 3660 3728 3728 utrimque

2063 3730 2368 3802 aspectibus
2394 3730 2807 3785 obversabatur.
2839 3730 3052 3786 Sistunt
3082 3731 3401 3800 episcopum
3428 3731 3719 3784 ministri:

2066 3812 2181 3860 tum
2212 3802 2307 3857 ille
2355 3817 2453 3873 per
2481 3802 2829 3866 interpretem
2870 3820 2888 3855 :
2924 3804 3102 3864 Tenes,
3155 3804 3367 3873 inquit,
3414 3805 3718 3855 nostratem

2062 3873 2262 3932 orandi
2288 3871 2554 3945 modum}
2582 3873 2822 3939 Minime,
2852 3874 3033 3945 inquit
3074 3871 3519 3945 sapientissimus
3565 3887 3723 3944 pree-

2061 3948 2170 4003 sul.
2205 3948 2255 4003 Is
2283 3961 2411 4000 vero
2445 3961 2459 4002 :
2493 3943 2657 4013 Cujus
2676 3947 2762 4000 rei
2788 3943 2977 4014 gratia
2997 3945 3026 4000 ?
3050 3943 3349 4013 Respondet
3380 3943 3663 4017 episcopus
3700 3960 3713 3998 :

2064 4017 2215 4088 Quod
2260 4033 2512 4072 summus
2556 4034 2652 4088 ego
2690 4017 2939 4073 sacerdos
2987 4016 3191 4072 Christi
3217 4034 3361 4084 sum,
3394 4016 3726 4088 Christique

2060 4087 2346 4147 servorum
2377 4087 2751 4161 mystagogus,
2784 4087 2846 4143 de
2874 4105 2976 4161 quo
3013 4087 3292 4161 propheta
3329 4097 3381 4145 et
3402 4089 3547 4161 justi
3583 4087 3714 4161 olim

2061 4162 2359 4219 vaticinati
2384 4159 2526 4216 sunt.
2561 4159 2702 4217 'Non
2737 4159 2897 4227 sunt,
2953 4159 3133 4232 inquit
3178 4159 3414 4229 Amiras,
3446 4159 3598 4232 apud
3626 4174 3726 4232 vos

2060 4250 2255 4291 revera
2282 4236 2560 4303 prophetae
2590 4240 2716 4288 sunt
2744 4248 2866 4288 vero
2894 4228 3117 4288 nomine
3145 4251 3163 4285 :
3192 4249 3304 4289 non
3333 4228 3574 4288 enim'ab
3605 4228 3727 4303 illis

2060 4300 2337 4361 alienatus
2365 4300 2474 4360 esse
2503 4303 2567 4359 ob
2616 4309 2739 4360 tuas
2784 4304 3081 4369 doctrinas,
3131 4320 3304 4375 neque
3348 4321 3381 4360 a
3429 4307 3577 4359 recta
3606 4300 3718 4375 ﬁde

2059 4377 2371 4447 deﬂexisse:
2400 4393 2418 4429 :
2450 4378 2509 4429 in
2540 4376 2774 4431 circuitu
2812 4376 2962 4431 enim
3008 4375 3171 4431 imhii
3209 4373 3525 4432 ambulant.
3574 4373 3723 4443 Quid

2060 4451 2211 4505 enim
2241 4448 2556 4520 prophetam
2600 4458 2850 4520 nostrum
2893 4447 3247 4520 blasphemiis
3282 4449 3550 4520 impetitis
3576 4460 3677 4520 vos
3703 4448 3727 4499 .9

2073 4518 2306 4577 Minime
2333 4518 2431 4576 nos
2458 4519 2747 4590 prophetas
2778 4518 3219 4589 blasphemanus.
3262 4518 3479 4590 Excipit
3509 4519 3723 4590 episco-

2068 4609 2172 4662 pus
2206 4610 2218 4648 :
2253 4594 2552 4659 Propterea
2571 4592 2842 4661 quodnon
2865 4591 2922 4645 in
2954 4591 3239 4661 praphetas
3268 4589 3477 4659 invehi,
3513 4589 3602 4662 sed
3621 4604 3724 4656 pro

2068 4660 2203 4736 ipsis
2233 4664 2387 4735 loqui
2407 4660 2812 4736 magni/iceque
2839 4660 3048 4718 sentire
3090 4662 3489 4717 condidicimus
3519 4677 3533 4717 :
3584 4660 3729 4736 hunc

2067 4733 2191 4793 vero
2221 4733 2318 4808 qui
2346 4735 2490 4807 apud
2542 4751 2633 4790 vos
2681 4733 2885 4791 cblitur
2927 4737 3267 4805 ignoramus.
3314 4736 3417 4789 His
3446 4733 3725 4808 responsis

2068 4804 2351 4873 attonitus,
2378 4804 2671 4878 'eattemplo
2715 4822 2813 4861 nos
2860 4808 2922 4860 in
2953 4820 3239 4878 carcerem
3285 4805 3520 4878 retrudi
3529 4804 3707 4875 jubet.

2065 4880 2224 4936 Ducti
2249 4876 2634 4933 incedebamus
2662 4878 2843 4933 media
2871 4877 3021 4932 urbis
3056 4877 3236 4947 platea
3266 4879 3326 4932 in
3354 4876 3722 4948 popularium

2065 4954 2353 5021 conspectu
2386 4966 2399 5003 :
2435 4948 3179 5021 Christianorumpermulti
3228 4950 3726 5021 subsequebantur,

2068 5023 2135 5079 de
2172 5020 2363 5078 nostra
2408 5022 2645 5092 miseria,
2685 5037 2798 5077 non
2853 5020 3074 5076 obscure
3124 5020 3421 5092 ejulantcs,
3466 5038 3565 5078 nec
3615 5035 3729 5074 non

2067 5095 2365 5152 contrariae
2413 5101 2575 5150 sectae
2630 5091 2876 5149 homines
2946 5091 3229 5152 spectanti
3302 5092 3479 5149 studio
3548 5092 3728 5148 exciti

2068 5183 2166 5223 nos
2223 5164 2709 5237 constipaverant,
2744 5164 3213 5237 inquirebantque
3274 5168 3528 5237 quisnam
3590 5170 3732 5237 esset

2067 5235 2455 5295 celeberrimus
2521 5235 2624 5293 ille
2684 5236 2998 5292 Siciliensis
3063 5235 3514 5306 archiepiscopus.
3574 5235 3726 5289 Hunc

2068 5310 2370 5381 admodum
2388 5311 2654 5381 populum
2672 5309 2947 5364 evasimus
2957 5327 2981 5375 ,-
2991 5309 3209 5381 tandem
3236 5310 3294 5363 in
3329 5308 3712 5365 demosterium

2070 5378 2462 5455 [δεσμωτήρὶν]
2539 5381 2921 5455 ςσηίίσὶτηανᾘί
2997 5380 3060 5455 id
3129 5389 3313 5435 autem
3395 5381 3553 5455 locus
3637 5382 3719 5433 est

2071 5450 2308 5526 quatuor
2332 5450 2501 5526 supra
2530 5452 2726 5526 decem,
2737 5452 3001 5526 gradibus
3026 5451 3344 5526 depressum
3389 5450 3593 5507 habens
3619 5467 3723 5521 pu-

2071 5469 2308 5526 quatuor
2332 5470 2501 5526 supra
2530 5469 2710 5508 aecem
2731 5469 2998 5580 lqraatvus
3026 5469 3344 5524 depressum
3389 5469 3593 5507 habens
3619 5469 3721 5521 pa-

2067 5527 2393 5608 uimentum,
2421 5524 2562 5608 adeo
2614 5533 2675 5580 ut
2707 5525 2797 5608 ili
2847 5525 3101 5608 ostiolum
3146 5538 3243 5608 pro
3284 5524 3534 5608 fenestra
3562 5526 3721 5608 esset.

2069 5598 2323 5656 Tenebrae
2374 5596 2462 5653 hic
2492 5612 2664 5654 mera
2691 5602 2740 5652 et
2781 5596 3105 5667 palpabiles,
3152 5595 3363 5650 lumine
3392 5600 3607 5652 tantum
3639 5596 3722 5650 lu-

2042 5686 2246 5727 cernae
2284 5669 2373 5726 vel
2420 5668 2671 5725 interdiu
2717 5668 3069 5739 aliquatenus
3126 5667 3480 5723 collustratz.
3529 5668 3722 5722 Neuti-

2067 5759 2232 5814 quam
2261 5741 2317 5797 in
2351 5742 2453 5797 isto
2483 5755 2700 5814 carcere
2743 5740 3035 5814 luciferum
3079 5754 3242 5814 mane
3270 5742 3609 5814 exorientem
3636 5739 3723 5809 fas

2067 5810 2146 5871 est
2171 5815 2561 5885 aspicere,non
2592 5812 2783 5885 lunam
2811 5810 3001 5868 radios
3028 5811 3387 5868 emittentem.
3417 5811 3723 5885 Corpuscuf

2066 5885 2186 5947 lum
2214 5879 2305 5945 hic
2331 5885 2543 5946 aestivis
2560 5882 2840 5943 caloribus
2853 5896 3179 5956 percussum
3192 5885 3380 5957 (cestus
3402 5879 3554 5943 enim
3580 5879 3722 5954 erat)
