4156 6214
393 296 473 354 59

1748 272 2073 357 JOANNIS
2116 291 2458 354 ZONAR/E

3300 14 3609 101 ./

3732 284 3813 345 60

395 426 940 500 honorasset,longe
960 444 1141 501 supra
1163 426 1886 500 conditionemejus?Nam
1910 441 2044 482 cum

2161 422 2331 478 ἐκεῖσε
2359 422 2684 500 προσμένων
2740 422 2984 498 μοναχός
3025 442 3133 494 τις,
3177 418 3626 494 ἀντιποιούμενος
3681 418 3813 493 ἀρε-

393 517 749 573 monachum
781 522 1002 584 nosset,
1026 517 1082 573 id
1106 535 1237 573 eum
1266 535 1377 573 non
1407 521 1622 573 temere
1655 517 1857 573 fecisse
1889 515 2043 572 arbi-

391 609 678 662 trabatur.
714 613 785 662 At
821 607 921 664 ille
968 623 982 662 :
1016 608 1458 678 Tthphilitxem,
1490 607 1706 679 inquit,
1763 608 2046 678 privatum

392 696 510 751 vidi
535 698 808 752 Basiliam
842 713 967 753 vero
997 698 1402 766 imperatorem,
1434 713 1614 767 eaque
1660 696 1726 751 de
1749 712 1913 751 causa
1945 694 2045 748 ho-

393 802 585 841 norem
614 786 665 842 ei
694 791 750 842 ut
782 786 1102 858 imperatori
1142 785 1331 841 habui.
1375 787 1520 841 Scito
1544 787 1696 841 enim
1727 800 1851 840 eum
1879 801 1910 838 a
1945 784 2047 838 Deo

395 877 779 946 imperatorem
800 876 1159 948 designatum
1178 892 1307 931 csse.
1333 875 1557 941 Quibus
1580 874 1788 930 mulier
1807 871 2047 942 auditis,

396 963 676 1019 Basilium
705 969 836 1036 post
863 965 1189 1020 discessum
1221 964 1311 1019 sui
1342 964 1584 1032 domini,
1614 969 1895 1036 aegrotum
1932 961 2050 1017 illic

396 1052 686 1121 relictum,
708 1053 767 1107 in
801 1070 939 1109 suas
962 1054 1114 1109 aedes
1136 1052 1369 1124 recepit,
1403 1060 1717 1126 curatoque
1745 1057 1804 1108 et
1833 1052 2041 1108 conﬁr-

396 1146 555 1197 mata
570 1140 1404 1213 valetudine,persuasitutsui
1426 1140 1531 1196 ﬁlii
1553 1140 2049 1212 frateradoptivus

393 1247 521 1286 esse
553 1229 742 1300 vellet,
778 1247 843 1286 ac
874 1231 1009 1286 data
1032 1230 1302 1303 pecunia,
1334 1230 1646 1303 imperium
1679 1230 1729 1286 ei
1762 1229 2047 1302 praedixit,

393 1335 569 1374 orans
629 1324 694 1373 ut
768 1317 1169 1390 principatum
1220 1319 1491 1391 adeptus,
1554 1318 1656 1374 ﬁlii
1710 1317 1920 1389 suique
1977 1316 2051 1389 (si

402 1406 594 1462 adhuc
623 1406 683 1462 in
716 1406 857 1463 vivis
889 1408 1067 1478 esset)
1100 1424 1215 1463 non
1257 1407 1716 1463 oblivisceretur.
1751 1406 1851 1462 His
1882 1406 2048 1461 actis.

396 1493 648 1550 Basilius
680 1495 972 1566 discessit,
1036 1494 1138 1550 illa
1176 1512 1330 1565 vero,
1369 1495 1421 1551 ei
1444 1512 1646 1551 recens
1677 1495 1921 1567 imperio
1947 1512 2049 1566 po-

396 1584 524 1651 tito,
569 1600 703 1639 cum
754 1584 873 1640 ﬁlio
922 1584 1490 1656 Constantinopolim
1540 1584 1818 1657 profecta,
1867 1585 2055 1639 multa

396 1671 653 1743 pretiosa
687 1690 932 1729 numera
975 1672 1208 1739 obtulit,
1240 1690 1420 1745 quam
1471 1673 1568 1729 ille
1611 1670 1928 1729 honoriﬁce
1956 1690 2052 1729 ex-

2151 519 2272 582 τῆς,
2345 513 2402 575 ’ὸς
2471 517 2568 568 τοῦ
2626 513 2719 586 μὲν
2791 510 3144 590 Θεοφιλίτζου
3220 507 3478 585 οὐδεμίαν
3552 503 3813 586 φροντίδα

2153 601 2442 676 πεποίητο,
2502 603 2592 657 τὸν
2658 599 2716 657 δὲ
2772 601 3051 656 Βασίλειον
3114 599 3470 672 θεασάμενος,
3504 596 3593 653 καὶ
3652 597 3810 669 ὑπεξ-

2154 691 2342 761 ανέστη
2376 692 2463 746 καὶ
2497 690 2888 764 προσεκύνησε,
2929 691 3019 745 καὶ
3063 689 3410 767 φιλοφρόνως
3463 685 3806 757 ἐδεξιώσατο.

2155 781 2296 849 Γυνὴ
2352 778 2409 835 δὲ.
2461 803 2543 844 τις
2602 783 2753 857 χήρα
2808 779 2860 835 ἐν
2914 784 2983 854 τῇ
3038 779 3198 856 χώρᾳ
3237 777 3414 852 ἐκείνῃ
3443 776 3805 854 τυγχάνουσα,

2154 869 2244 924 καὶ
2290 875 2398 925 τῶν
2431 870 2687 947 ἒγχωρίω
2711 892 2737 925 ν
2776 869 3149 947 πρωτεύουσα,
3178 866 3404 940 πλούτῳ
3431 887 3489 921 τε
3520 863 3806 942 περιρῥεο-

2160 960 2294 1032 μὲνη
2354 959 2570 1034 πολλῷ,
2626 961 2865 1031 συνήθης
2897 960 3029 1014 οῦσα
3054 963 3133 1031 τῷ
3167 961 3415 1033 μοναχῷ,
3446 954 3810 1029 καῖμαθοῦσα

2154 1049 2217 1103 τὸ
2247 1049 2493 1124 γεγονὸς,
2530 1048 2908 1123 μετεπέμψατο
2964 1052 3155 1104 τοῦτον
3213 1048 3303 1102 καὶ
3334 1044 3499 1121 ἤρετο
3545 1048 3664 1106 πῶς
3712 1041 3806 1097 τὸν

2162 1138 2256 1211 μὶν
2288 1136 2643 1217 Θεοφιλίτζην
2703 1135 2943 1214 ἄρχοντα
3001 1143 3295 1212 περιφανῆ,
3354 1135 3443 1190 καὶ
3492 1139 3607 1196 τοῖς
3662 1133 3810 1208 βασι-

2159 1225 2310 1282 λεῦσι
2390 1228 2525 1282 κατᾶ
2597 1226 2751 1303 γένος
2820 1228 3169 1303 προσήκοντα
3243 1221 3366 1280 οὔτε
3452 1223 3809 1300 προσρήσεως

2159 1312 2283 1371 οὔτε
2314 1313 2610 1387 ὃεξιώσεώς
2638 1338 2781 1378 τινος
2810 1315 3130 1389 κατηξίωσε,
3195 1319 3276 1386 τῷ
3328 1310 3371 1368 δ’
3433 1310 3623 1385 ἐκείνῳ
3665 1312 3809 1380 ὑπη-

2160 1409 2401 1477 ρετοῦντι
2476 1404 2565 1461 καί
2644 1406 3035 1482 προσεφώνησε
3107 1403 3197 1459 καὶ
3252 1408 3425 1478 τιμῆς
3486 1398 3811 1476 μετέδωκεν,

2162 1495 2262 1549 οὐκ
2316 1494 2692 1570 ἀναλογούσης
2744 1499 2814 1569 τῇ
2874 1493 3190 1550 καταστάσει
3252 1492 3456 1560 αὐτοῦ,
3519 1489 3664 1547 ἀλλὰ
3716 1490 3808 1545 καὶ

2162 1582 2284 1639 λίαν
2348 1579 2802 1659 ὑπερϐαλλούσης
2862 1582 3051 1653 αὐτήν⁹
3112 1578 3290 1651 εἷειαζε
3340 1580 3466 1655 γὰρ,
3515 1576 3691 1633 εἰδυῖα
3717 1577 3810 1633 τὸν

2166 1673 2429 1749 μοναχὸν,
2489 1674 2565 1746 μὴ
2597 1671 2810 1748 ἀλόγως
2836 1674 3061 1742 ποιῆσαι
3117 1672 3179 1726 τὸ
3209 1690 3461 1746 γεγονος·
3512 1669 3568 1723 Ὀ
3599 1665 3677 1737 δὲ,
3709 1667 3810 1721 Τὸν

393 1762 546 1833 cepit
593 1763 842 1834 ejusque
890 1760 1101 1831 ﬁlium,
1163 1779 1340 1834 quem
1391 1763 1630 1818 fratrem
1686 1762 2049 1835 spiritualem

2168 1762 2261 1835 μὲν
2318 1760 2674 1840 Θεοφιλίτζην
2724 1758 2990 1833 ἰδιώτην,
3051 1760 3194 1815 εἶπεν
3229 1804 3242 1829 ,
3298 1759 3520 1835 δώρων,
3584 1753 3815 1833 βασιλέα

397 1854 608 1906 nactus
675 1851 866 1906 fuerat
924 1851 1402 1924 protospatbarii,
1454 1851 1740 1924 dignitate
1795 1851 2044 1909 ornavit.

394 1940 558 1996 dides
580 1956 776 1996 sacras
819 1939 1063 1996 diversis
1112 1946 1277 1996 terra
1328 1941 1584 1996 motibus
1634 1940 1923 2015 collapsas
1966 1941 2055 1996 in-

395 2030 701 2099 stauravit,
753 2034 927 2101 atque
973 2029 1151 2084 etiam
1204 2046 1483 2102 magnum
1526 2030 1806 2087 fornicem
1847 2028 2053 2101 templi

394 2122 617 2174 Sanctae
673 2118 902 2190 Sephia:
953 2124 1192 2190 ruptum
1248 2117 1597 2190 ruinamque
1654 2120 2049 2190 minitantem,

394 2206 687 2263 machinis
728 2206 1021 2263 artiﬁcum
1055 2208 1427 2274 constrinxit,
1460 2212 1517 2264 et
1548 2208 1821 2265 ﬁrmavit.
1855 2208 2053 2265 Multis

391 2294 613 2350 Judaeis
645 2295 884 2366 prabita
913 2295 1322 2368 promissaque
1355 2297 1605 2368 pecunia
1636 2297 1953 2369 persuasit,
1982 2300 2044 2353 ut

395 2382 715 2439 Christiani
747 2384 973 2440 ﬁerent.
1000 2369 1173 2441 ﬁ’ace
1215 2402 1349 2440 cum
1394 2391 1567 2457 gente
1596 2386 1843 2442 Bussica
1875 2387 2050 2457 facta,

392 2471 600 2538 effecit,
637 2476 702 2528 ut
740 2471 841 2528 illa
882 2471 943 2528 in
993 2474 1387 2546 cognitionem
1428 2491 1779 2532 arcanorum
1823 2481 2050 2532 nostro-

394 2578 525 2616 rum
558 2562 885 2633 perveniret
918 2580 931 2619 :
963 2566 1021 2619 et
1053 2580 1185 2618 cum
1220 2581 1281 2620 se
1323 2564 1606 2635 baptizari
1648 2564 1792 2621 velle
1838 2565 2051 2637 promi-

394 2652 632 2719 sissent,
666 2650 997 2721 pontiﬁcem
1028 2652 1113 2709 eis
1145 2652 1323 2709 misit.
1378 2657 1659 2709 Caeterum
1711 2672 1744 2711 a
1774 2672 1882 2710 sua
1912 2654 2052 2711 reli-

393 2740 564 2810 gione
602 2740 673 2795 ad
726 2745 990 2796 nostram
1045 2741 1378 2808 transituri,
1429 2743 1967 2815 tergiversabantur
1994 2748 2051 2801 et

393 2826 743 2883 dubitabant
773 2842 787 2882 :
821 2828 894 2883 Ac
918 2831 1034 2884 nisi
1064 2830 1401 2885 miraculum
1431 2831 1753 2901 viderimus,
1774 2831 2052 2903 inquiunt

392 2915 680 2986 pontiﬁci,
708 2917 899 2988 qualia
925 2920 988 2972 tu
1018 2920 1199 2974 multa
1224 2936 1262 2981 pa
1290 2919 1512 2976 Christo
1534 2922 1683 2992 facta
1712 2937 1826 2976 esse
1853 2920 2008 2978 doces
2029 2940 2048 2976 :

394 3021 682 3075 nunquam
724 3006 1037 3062 doctrinam
1085 3012 1239 3063 tuam
1287 3009 1694 3081 amplectemur.
1752 3010 1901 3067 Tum
1948 3010 2046 3066 is:

398 3097 595 3159 Petite,
634 3094 846 3167 inquit,
879 3096 1019 3167 quod
1064 3098 1253 3153 vultis.
1284 3099 1358 3153 At
1404 3098 1487 3153 illi
1534 3099 1805 3156 dixerunt
1837 3116 1850 3155 :
1883 3101 2050 3156 Liber

2163 1848 2221 1906 δὲ
2274 1851 2363 1907 τὸν
2438 1849 2742 1920 Βασίλειον,
2819 1851 2906 1905 καὶ
2988 1847 3076 1904 διὰ
3147 1854 3307 1903 τοῦτο
3381 1847 3470 1902 καὶ
3528 1846 3602 1908 ὡς
3663 1846 3817 1921 βασι-

2162 1937 2257 1994 λέα
2315 1940 2405 1995 τὸν
2466 1940 2601 2016 ἅνρα
2686 1938 2974 2011 τετίμηκα.
3034 1940 3172 2003 "Io-et
3229 1937 3332 2011 γὰρ
3388 1935 3462 1997 ὡς
3520 1934 3657 2011 πρὸς
3713 1938 3813 1988 τοῦ

2160 2033 2294 2084 Θεοῦ
2376 2026 2631 2104 βασιλεὺς
2698 2026 2905 2091 ἐκεῖνος
2978 2026 3299 2104 ἀφώρισται.
3383 2027 3560 2079 Ταῦτα
3641 2022 3810 2077 ἀκού-

2161 2121 2357 2189 σασαὴ
2410 2118 2570 2193 γυνή,
2632 2117 2747 2172 ἐπεὶ
2803 2118 3004 2188 νοήσας
3037 2114 3150 2171 ἐκεῖ
3202 2111 3532 2192 κατελείφθη
3566 2112 3594 2167 ὁ
3642 2110 3807 2168 Βασί-

2159 2206 2329 2277 λειος,
2361 2208 2662 2283 ἀπάραντος
2720 2205 2914 2262 ἐκεῖθεν
2966 2210 3064 2261 τοῦ
3120 2204 3309 2280 κυρίου
3367 2202 3553 2270 αὐτοῦ,
3612 2200 3808 2278 ’προσέ⁶

2159 2292 2294 2352 λαϐέ
2339 2318 2397 2352 τε
2443 2296 2604 2351 αὐτὸν
2650 2296 2727 2358 sic
2774 2296 2865 2351 τὸν
2917 2296 3063 2350 οἶκον
3119 2294 3309 2364 αὐτῆς,
3366 2292 3456 2347 καὶ
3518 2288 3805 2366 θεραπείας

2158 2384 2357 2456 ἠξίωσε
2393 2428 2407 2453 ,
2462 2385 2553 2441 καὶ
2607 2383 3017 2462 ἀναῤῥωσθὲντα
3075 2382 3386 2453 εἰσποιητὸν
3440 2377 3675 2459 ἀδελφὸν
3722 2383 3810 2452 ,τῷ

2158 2474 2261 2546 υίῴ
2291 2474 2461 2544 αὐτῆς
2489 2472 2729 2550 γενέσθαι
2785 2474 3029 2543 πὲπεικε,
3079 2471 3169 2527 καὶ
3220 2473 3485 2548 χρήματα
3513 2467 3808 2543 παρέσχεν,

2160 2562 2272 2618 εἶτα
2326 2563 2413 2618 καὶ
2442 2564 2542 2632 τήν
2590 2559 2868 2639 βασιλείαν
2927 2563 3076 2634 αὐτῷ
3132 2560 3526 2637 προηγόρευσε,
3577 2556 3667 2613 καὶ
3722 2555 3813 2612 ὅτε

2155 2650 2392 2725 τεύξεται
2449 2658 2552 2722 τῆς
2615 2652 2814 2728 ἀρχῆς,
2876 2652 2952 2725 μὴ
3031 2648 3379 2714 ἐπιλαθέσθαι
3441 2652 3540 2703 τοῦ
3615 2643 3814 2708 παιδὸς

2158 2742 2324 2811 αύτῆς
2353 2741 2514 2813 ἀξιοῖ,
2573 2742 2699 2814 μήτ’
2747 2739 2937 2811 αὐτῆς,
2995 2739 3046 2795 εἴ
3086 2745 3203 2802 τοῖς
3239 2744 3398 2809 ζῶσιν
3433 2734 3509 2792 ἔτι
3543 2756 3812 2811 συγκατα-

2158 2827 2399 2905 λέγοιτο.
2433 2830 2489 2883 Ὀ
2515 2829 2611 2902 μὲν
2668 2826 2759 2883 οῦν
2792 2827 3079 2890 Βασίλειος
3126 2827 3214 2883 ἐπὶ
3266 2825 3481 2888 τούτοις
3539 2821 3808 2894 ἀπῆλθεν.

2159 2920 2370 2991 Ἐκείνη
2453 2916 2531 2991 δὲ,
2622 2918 3038 2995 βασιλεύσαντος
3121 2919 3240 2994 ἄρτι
3322 2921 3416 2972 τοῦ
3494 2913 3806 2983 Βασιλείου,

2156 3009 2293 3085 πρὸς
2344 3009 2442 3077 τήν
2480 3005 2736 3082 βασιλίδα
2763 3013 2871 3063 τῶν
2902 3006 3115 3063 πόλεων
3173 3005 3306 3081 μετὰ
3355 3009 3452 3062 τοῦ
3489 3006 3611 3060 υἱοῦ
3640 3023 3810 3077 παρε-

2157 3099 2363 3173 γένετο,
2435 3095 2585 3174 δῶρα
2640 3100 3060 3175 προσαγαγοῦσα
3107 3093 3387 3166 πολυτελῆ
3446 3094 3537 3150 καὶ
3580 3090 3804 3149 πολλά’

396 3184 495 3255 qui
521 3183 590 3239 de
622 3182 833 3241 Christo
857 3186 1036 3253 docet,
1063 3190 1141 3242 est
1180 3188 1239 3242 in
1285 3187 1473 3257 ignem
1500 3188 1877 3258 conficiendas
1907 3207 1920 3245 :
1952 3190 2049 3262 qui

2160 3169 2221 3258 ἦν
2274 3169 2586 3261 ἑντίμωςνὸ
2648 3169 2917 3263 βασιλεὺς-
2961 3184 3340 3264 προσεδέξατο,
3398 3185 3489 3240 καὶ
3544 3183 3637 3239 τὸν
3695 3179 3812 3236 υἱὸν

1658 3400 1863 3461 Variae
1906 3400 2207 3463 lectiones
2248 3406 2312 3463 et
2352 3406 2545 3463 notas.

393 3579 445 3629 ct
473 3574 911 3630 cohabitantium
942 3575 1139 3631 habitu
1168 3578 1464 3643 torridam,
1510 3587 1781 3648 praterea
1826 3580 2045 3635 cimices

397 3656 448 3701 et
474 3647 717 3721 pediculi
744 3652 795 3721 et
818 3648 1115 3721 publicum
1131 3650 1420 3721 examina.
1437 3647 1751 3721 ceteraque
1776 3651 1924 3708 hisce
1952 3651 2046 3707 be-

394 3720 573 3774 stiolis
600 3720 813 3774 similia
842 3720 1371 3791 perrtenebricosum
1401 3719 1500 3775 hoc
1524 3719 1905 3791 pavimentum
1932 3739 2044 3778 ser-

391 3792 586 3861 pentia
613 3793 893 3846 misellum
946 3790 1218 3846 hominem
1245 3790 1591 3862 stigmatium
1619 3794 1876 3849 reddunt.
1909 3793 2048 3849 Sunt

397 3872 454 3915 et
485 3862 669 3917 eodem
699 3865 759 3916 in
787 3878 1007 3917 carcere
1033 3863 1295 3929 conclusi,
1327 3866 1744 3935 promiscueque
1772 3865 2047 3920 vobiscum

397 3934 596 3987 harum
624 3936 983 3988 miseriarum
1014 3938 1385 3988 mercaturam
1411 3934 1695 4002 facientes,
1738 3936 2044 4005 AEthiopes,

404 4006 744 4070 Tharsenses,
813 4006 1048 4072 Hebraei,
1120 4006 1486 4074 Langobardi,
1550 4010 1667 4060 tum
1736 4008 2049 4063 Christiani

396 4081 659 4131 nostrates
685 4094 715 4130 e
744 4075 983 4149 diversis
1009 4075 1141 4131 locis
1183 4078 1422 4147 profecti
1466 4078 1527 4132 in
1575 4079 1728 4149 queis
1765 4084 1885 4134 erat
1913 4096 2048 4149 quo-

399 4163 501 4223 que
545 4148 925 4223 sanctissimus
945 4145 1209 4223 ⁵[Μειηιιειζ
1241 4145 1343 4223 seu
1374 4145 1732 4223 Menas'Vide
1759 4145 2049 4223 Pyrrbum

401 4225 443 4273 t.
482 4220 551 4289 Il,
588 4236 644 4293 p.
674 4218 825 4289 592.]
857 4218 1151 4293 Melitensis
1196 4220 1472 4290 episcOpus
1519 4220 1731 4293 duabus
1772 4218 2047 4293 compedi-

399 4294 498 4345 bus
526 4291 684 4359 pedes
724 4292 1003 4344 astrictus.
1057 4292 1188 4346 Tum
1229 4306 1359 4346 vero
1396 4292 1679 4362 pontiﬁces
1716 4291 2051 4350 alterutrum

395 4362 708 4436 complexi,
739 4377 1007 4436 sacroque
1053 4364 1236 4418 osculo
1279 4364 1600 4436 exosculati,
1644 4367 1935 4436 paululum
1981 4367 2050 4420 ab

398 4451 463 4489 ea
484 4448 604 4506 qua:
632 4433 746 4506 sibi
767 4438 1055 4490 evenerant
1068 4443 1200 4489 sunt
1217 4434 1598 4506 collacrymati
1615 4433 1781 4496 {mox
1811 4439 2053 4493 Domino

399 4505 589 4580 eadem
616 4505 782 4580 dere
818 4507 1030 4580 gratias
1070 4513 1313 4580 agentes,
1360 4505 1434 4561 ex
1474 4510 1661 4562 nostra
1708 4509 2054 4580 philosophia.

398 4578 739 4651 depromptis
782 4577 1345 4651 rationibus'doloris
1400 4579 1588 4651 sensui
1633 4577 2050 4651 repugnabant.

2152 3581 2366 3636 habens
2390 3586 2612 3651 patente
2634 3580 2913 3651 secpulcro
2941 3578 3165 3648 adaque
3194 3578 3414 3649 spirans
3439 3578 3687 3651 Atquum
3706 3580 3809 3644 est,

2155 3656 2337 3723 inquit
2367 3647 2436 3707 ad
2458 3647 2876 3707 circumstantes
2929 3647 3238 3716 conversus,
3297 3665 3327 3723 o
3356 3647 3533 3716 cives,
3576 3650 3637 3703 in
3666 3647 3813 3705 hunc

2156 3722 2600 3779 Christianorum
2636 3725 2942 3779 antistitem
2993 3739 3193 3777 manus
3222 3722 3447 3792 injicere
3490 3736 3596 3792 pro
3625 3727 3812 3792 nostra

2153 3796 2554 3863 incolumitate,
2612 3802 2726 3849 tum
2771 3810 2876 3867 quo
2919 3795 3173 3867 festivius
3201 3791 3286 3848 ac
3314 3794 3365 3847 si
3399 3791 3645 3867 unquam
3675 3791 3815 3867 alios

2154 3868 2363 3921 celebre
2417 3867 2571 3921 nobis
2622 3863 2928 3922 Paschatis'
2963 3869 3164 3938 festum
3216 3863 3501 3938 agamus;
3547 3866 3628 3919 sic
3656 3863 3808 3918 enim

2152 3954 2417 4009 prospere
2445 3939 2602 3992 nobis
2643 3953 2728 3993 res
2776 3936 2990 3993 nostras
3036 3936 3316 4009 cessuros,
3356 3946 3417 4009 et
3474 3936 3812 4009 incrementa

2158 4006 2389 4064 meliora
2417 4012 2664 4079 facturas
2710 4024 2825 4064 esse
2869 4008 3093 4078 conﬁdo.
3150 4011 3271 4064 llmc
3300 4008 3417 4063 ille.
3475 4008 3666 4063 Verum
3701 4006 3816 4060 huc

2158 4080 2440 4136 audientes
2488 4097 2641 4135 senes
2685 4081 2909 4151 quidam
2950 4081 3160 4137 canitie
3179 4082 3350 4152 juxta
3385 4093 3451 4135 ac
3473 4081 3817 4152 priores,_lo-

2158 4168 2330 4224 goque
2385 4148 2783 4224 honestissimi,
2844 4153 2930 4208 ad
2982 4148 3259 4224 populum,
3312 4148 3500 4206 habito
3556 4148 3816 4224 consilio,

2158 4220 2370 4298 factum
2413 4223 2819 4298 improbarunt.
2872 4220 2997 4298 Non:
3038 4220 3189 4298 enim
3232 4223 3355 4298 haec
3398 4236 3541 4298 esse_
3566 4220 3820 4298 dicebant

2158 4291 2338 4358 satis;
2361 4291 2638 4366 putabant
2680 4297 2839 4351 illius
2882 4296 2994 4350 diei
3031 4295 3411 4349 celebritatem
3457 4291 3818 4366 eohonestan-

2160 4368 2288 4423 dam
2313 4362 2530 4436 insigne
2559 4368 2920 4438 pervigilium
2934 4369 3111 4438 egisse
3139 4366 3423 4438 excidium
3451 4362 3821 4438 Syracusanae

2160 4439 2334 4495 urbis.
2379 4435 2571 4506 Itaque
2609 4440 2748 4494 mali
2800 4437 3114 4494 consiliarii
3158 4439 3219 4491 in
3264 4435 3738 4506 archiepiscapum
3766 4442 3822 4489 ct

2162 4456 2334 4495 urnis.
2379 4456 2456 4494 ua
2498 4456 2566 4494 ue
2609 4456 2748 4494 man
2800 4456 3112 4494 consutam
3158 4456 3219 4491 in
3264 4456 3738 4506 archiepiscopum
3766 4456 3821 4489 et

2162 4526 2261 4583 nos
2299 4456 2597 4566 consilqium
2641 4510 2968 4583 dissipatum
3016 4512 3118 4583 est,
3156 4508 3271 4583 ‘Deo
3321 4505 3570 4583 volente._
3599 4507 3822 4583 Jam_e._v

2164 4582 2275 4639 illo
2306 4583 2366 4636 in
2408 4583 2553 4637 hunc
2577 4598 2748 4654 usque
2776 4576 2927 4637 diem
2969 4579 3297 4652 persisiinus
3321 4579 3597 4654 erumnis
3624 4576 3822 4654 multis

396 4651 539 4704 Dum
566 4652 625 4705 in
657 4650 1456 4727 hisnve-rsamur,exsecrabilis
1485 4651 1584 4705 ille
1609 4649 1724 4706 dies
1751 4655 1882 4709 stati
1910 4652 2057 4721 apud
2087 4662 2133 4727 υ
2165 4655 2392 4720 detenti,
2426 4649 2760 4727 mortemque
2788 4649 2989 4727 ipsum,
3021 4667 3140 4723 qua
3167 4666 3380 4727 semper
3406 4650 3563 4705 nobis
3581 4651 3821 4727 cupiivis

399 4728 555 4797 hosce
571 4719 840 4791 sacriﬁcii
851 4722 1137 4797 recurrit;
1172 4737 1281 4797 quo
1304 4721 1749 4797 diememortum
1782 4719 1970 4797 facere
1997 4740 2056 4780 se

393 4793 859 4867 jactituntsacri
906 4794 1086 4859 illius,
1131 4793 1281 4864 quod
1329 4792 1463 4848 olim
1510 4792 1791 4851 Abraham
1824 4801 2056 4867 fecerat,

402 4864 621 4936 quando
659 4863 850 4939 datum
895 4863 1270 4939 arietem’pro
1307 4866 1549 4920 rationis
1590 4863 1859 4939 participe
1898 4870 2057 4923 victi-

401 4953 554 4990 mam
613 4939 720 4990 Deo
778 4938 1101 4991 immolavit.
1161 4937 1317 4991 Hunc
1365 4951 1467 5007 per
1525 4937 1805 4994 inscitiam
1846 4940 2061 4996 Pascha

399 5008 696 5061 nominant
725 5022 737 5061 :
760 5023 860 5061 nec
887 5009 990 5063 abs
1020 5025 1080 5063 re
1106 5007 1261 5063 diem
1288 5008 1369 5061 sic
1394 5007 1695 5076 indignant
1726 5029 1744 5065 :
1776 5027 1888 5066 non
1910 5014 2060 5067 enim

402 5080 469 5134 ab
493 5080 762 5150 rEgyplio
784 5081 843 5133 in
866 5089 1073 5135 terram
1101 5081 1485 5147 promissionis
1511 5085 1589 5135 est
1619 5082 1735 5137 illis
1763 5086 2057 5149 transitus,

392 5154 565 5222 juxta
594 5162 830 5226 veterem
876 5151 1166 5226 Paschalis
1214 5152 1698 5207 nomenctuturam
1727 5171 1746 5207 :
1792 5171 1962 5226 neque
1992 5173 2062 5210 ex

401 5226 507 5279 hac
559 5230 708 5277 terra
754 5223 813 5277 in
844 5222 1110 5278 ctelestem
1150 5238 1308 5278 oram
1335 5226 1431 5277 aut
1460 5238 1531 5278 ea:
1560 5235 1738 5281 morte
1767 5227 1837 5281 ad
1865 5222 2059 5293 vitam,

401 5300 459 5349 ut
490 5294 811 5349 Christiana
840 5293 970 5363 ﬁdes
1010 5294 1111 5349 hoc
1166 5294 1430 5349 vocabulo
1475 5297 1560 5349 uti
1599 5312 1699 5351 nos
1754 5297 1906 5354 docet
1921 5316 1941 5359 ,ο
1970 5297 2063 5353 sed

405 5384 476 5422 c1:
506 5370 619 5422 vita
654 5366 724 5420 ad
771 5370 1023 5432 mortem,
1064 5370 1116 5422 et
1160 5381 1234 5420 ea:
1286 5365 1387 5420 hoc
1437 5381 1690 5437 corporeo
1736 5369 1984 5437 interitu,
2011 5378 2064 5426 et

400 5439 503 5494 sub
534 5454 757 5494 sensum
784 5438 1022 5507 cadente,
1061 5439 1129 5493 ad
1156 5439 1554 5507 sempiternum
1584 5440 1770 5505 illum,
1824 5445 1875 5496 et
1905 5442 1975 5496 ad
2010 5441 2066 5497 id

407 5513 550 5581 quod
580 5527 864 5580 nunquam
892 5512 1001 5580 fine
1030 5512 1100 5581 sit
1139 5510 1454 5563 cariturum
1502 5510 1840 5567 incendium.
1872 5515 1934 5568 In
1965 5513 2065 5569 hac

402 5580 513 5637 (lict
561 5582 872 5637 celebritate
912 5591 966 5651 (ο
1014 5580 1355 5637 dementiam
1387 5582 1743 5652 singularem
1789 5589 1830 5652 Ι)
1876 5594 2086 5648 archi-,

404 5655 719 5727 episcopum
735 5653 1103 5727 comburendi
1124 5653 1192 5727 ﬁt
1220 5651 1538 5727 consilium,
1562 5651 1836 5727 malisque
1863 5658 2068 5714 decmo-
2162 5682 2165 5685 ·

402 5727 567 5801 nibus
597 5725 839 5801 hostium
867 5724 1132 5801 oﬂ'erendi
1166 5724 1588 5801 sanctissimum
1609 5724 1841 5801 ⁸ιἸινιϊδιί
1882 5728 2066 5801 ponti-

403 5797 583 5871 ﬁcem.
614 5794 862 5870 Quidam
898 5794 1059 5858 enim
1106 5812 1176 5857 ea:
1204 5796 1278 5855 iis
1315 5795 1415 5871 qui
1452 5796 1656 5872 papula
1676 5794 1982 5873 praeerant,
2010 5815 2069 5861 os

2166 4728 2440 4795 imminet,
2471 4721 2718 4797 quotidie
2741 4721 3148 4797 priestolantes.
3187 4724 3275 4797 _Tu
3323 4737 3472 4797 vero,
3501 4737 3530 4776 ο
3560 4721 3823 4776 dilectum

2166 4808 2216 4855 et
2248 4794 2569 4853 venerabile
2596 4794 2777 4871 caput,
2817 4796 2900 4852 tui
2942 4794 3221 4871 Theodosii
3246 4796 3337 4866 fac
3381 4795 3461 4850 sis
3503 4808 3673 4871 usque
3701 4808 3821 4871 me-_

2166 4885 2311 4939 mor,
2349 4873 2630 4940 Deumque
2651 4864 2958 4941 :placatum
3013 4864 3422 4941 propitiamque
3477 4864 3711 4933 reddito,
3759 4868 3825 4918 ut

2167 4949 2384 4997 nostros
2414 4946 2578 4996 hasce
2622 4940 2830 5014 ﬂuctus
2882 4946 3188 5014 componat,
3235 4940 3402 4993 sistat
3433 4944 3615 5014 atque
3667 4950 3822 5014 com-

2166 5016 2372 5086 pescat,
2405 5009 2756 5084 nostramque
2802 5009 3185 5084 captivitatem
3225 5009 3692 5086 convertat‘sicut
3721 5016 3827 5063 tor-

2171 5081 2296 5139 rens
2328 5081 2388 5139 in
2416 5093 2622 5148 austro,
2646 5081 2816 5155 juxta
2863 5081 3190 5154 PrOphetam
3236 5083 3437 5150 Regem
3486 5081 3694 5150 Deique
3720 5095 3826 5150 pa-

2170 5160 2400 5233 rentem.
2427 5158 2595 5211 Amen
2604 5156 2627 5233 ._‘
2926 5226 2938 5233 _
3148 5224 3181 5233 Α
3364 5222 3387 5233 ,
3451 5221 3486 5233 ,.
3686 5220 3699 5233 .

2243 5229 2584 5300 Sequuntur
2612 5226 2734 5283 haec
2758 5226 3023 5283 carmina
3052 5242 3122 5282 ex
3141 5224 3338 5282 Greco
3364 5222 3567 5278 Latine
3588 5222 3826 5292 scripta.

2313 5368 2544 5424 Fructus
2579 5368 2833 5426 laborum
2861 5386 3014 5425 sume
3051 5384 3326 5432 meorum,
3360 5367 3546 5433 Pater,

2313 5442 2459 5514 Sunt
2473 5444 2674 5514 quippe
2688 5443 2846 5513 pleni
2872 5448 3183 5514 quaestuum
3210 5442 3268 5514 ct_
3289 5440 3549 5514 lacrymis
3578 5436 3826 5492 madent

2317 5510 2500 5579 Sume,
2534 5510 2718 5582 Pater,
2748 5510 3035 5580 mandata,
3066 5527 3220 5567 sume
3249 5511 3333 5565 his
3354 5510 3558 5564 litteris

2314 5586 2567 5651 excidia,
2595 5601 2720 5657 quae
2748 5587 2809 5642 in
2840 5601 2939 5640 nos
2968 5585 3138 5644 hostis
3166 5583 3378 5657 invexit
3404 5588 3582 5652 ferox.

2318 5659 2500 5729 peum
2531 5656 2745 5729 rogato,
2776 5657 2966 5713 tendat
2993 5663 3054 5711 ut
3082 5656 3290 5729 amicas
3318 5669 3544 5729 manus.

2315 5727 2556 5801 Jamjam
2579 5725 2891 5803 propinquo
2918 5730 3108 5801 funeri
3135 5725 3301 5786 chara
3329 5725 3457 5782 huic
3480 5733 3595 5782 tuo.
