4156 6214
458 320 536 379 63
1813 322 2130 384 JOANNIS

2243 323 2524 384 DNARxE
3789 317 3870 374 64

460 467 613 507 scen:
644 452 962 523 imperator,
995 460 1198 508 etcum
1253 457 1411 521 patre
1467 469 1676 510 teneris
1731 459 1892 525 atque
1942 453 2098 526 equi-

2243 452 2306 508 ιαὶ
2344 455 2631 508 ἀπατῶντα
2684 453 2774 507 τὸν
2833 449 3220 524 αὐτοκράτορα.
3251 447 3483 509 Τούτοις
3539 445 3739 510 ἐκεῖνος
3800 445 3878 509 ὥς

463 544 541 596 tes
596 557 608 595 :
666 542 833 612 pugio
889 543 1063 596 etiam
1118 543 1223 596 tibi
1271 542 1524 613 ferendus
1586 545 2111 614 est,quoetcontra

463 631 642 701 feram
677 631 877 695 utaris,
909 633 958 685 et
982 632 1136 702 patri
1162 633 1438 700 porrigas,
1470 648 1594 686 cum
1619 649 1705 686 res
1749 632 1960 699 tulerit,
2016 633 2110 686 aut

466 721 633 774 etiam
697 719 1054 775 insidiatores
1119 720 1236 792 ejus
1300 721 1604 776 ulciscaris.
1678 723 1729 777 Is
1795 721 1926 776 dolo
1995 737 2109 775 non

465 809 889 876 animadverso,
949 809 1283 880 pugionem,
1347 813 1408 864 ut
1465 810 1559 865 ille
1591 814 1874 877 suaserat,
1908 809 1964 864 in
1999 807 2112 864 cal-

470 913 569 952 ceo
602 897 731 952 fert.
765 898 842 952 Eo
903 898 1151 968 pugione
1210 898 1646 954 Santabarcnus
1698 900 1767 954 ad
1827 897 2109 954 ultionem

472 988 677 1043 Leonis
745 1006 886 1043 usus
952 1004 965 1042 :
1035 993 1386 1059 Imperator,
1451 990 1689 1062 inquit,
1755 991 1910 1060 ﬁlius
1989 997 2113 1044 tuus

470 1077 572 1133 tibi
619 1077 939 1147 insidiatur,
990 1078 1195 1133 indicio
1226 1080 1374 1134 illud
1402 1083 1496 1149 est,
1529 1079 1669 1150 quod
1701 1081 1759 1136 in
1786 1083 1984 1135 venatu
2010 1094 2112 1149 pu-

471 1169 692 1236 gionem
723 1169 992 1222 occultum
1024 1168 1186 1239 gerit.
1222 1168 1322 1224 His
1369 1169 1608 1238 auditis,
1667 1173 1938 1224 venatum
1998 1167 2116 1222 exit

475 1254 772 1324 Basillius,
806 1257 914 1311 Leo
946 1262 1168 1328 patrem
1204 1257 1536 1325 comitatur,
1569 1257 1837 1312 inventus
1868 1263 1958 1312 est
2008 1273 2115 1327 pu-

468 1343 558 1414 gio
616 1343 674 1398 in
735 1343 888 1399 calco
948 1345 1154 1400 Leonis
1209 1345 1554 1401 occultatus.
1620 1346 1786 1400 Visus
1846 1349 1934 1401 est
1978 1361 2117 1400 vera

469 1432 686 1488 dixisse
718 1433 1077 1489 delator.Rei
1105 1435 1364 1490 defensio
1398 1452 1509 1490 non
1545 1435 1900 1502 admittitur,
1951 1434 2117 1489 ardet

470 1521 775 1576 iracundia
836 1528 997 1594 pater
1045 1527 1245 1578 contra
1280 1523 1465 1578 ﬁlium
1501 1541 1513 1579 :
1546 1523 1605 1579 in
1638 1525 1892 1596 quodam
1928 1523 2118 1594 impe-

376 1680 388 1692 .
474 1611 690 1665 ratorio
724 1613 870 1667 I75
919 1611 1188 1666 cubiculo
1248 1611 1563 1679 concludit,
1619 1616 1696 1676 et,
1756 1617 1820 1666 ut
1877 1611 2118 1682 quidam

471 1699 735 1768 tradunt,
796 1700 845 1755 ei
895 1700 1092 1755 oculos
1125 1717 1324 1755 eruere
1357 1700 1412 1755 in
1446 1701 1639 1755 animo
1670 1699 1940 1767 habebat,
1974 1700 2121 1753 San-

2219 565 2328 598 τισι
2391 544 2636 618 κέντροις
2693 539 3094 613 πληττόμενος,
3127 538 3201 600 είς
3252 535 3458 610 ἄμυναν
3519 533 3878 604 διανίσταται,

2217 632 2307 686 καὶ
2349 629 2697 705 πλασάμενος
2751 626 2960 685 εὔνοιαν
3018 629 3155 704 πρὸς
3208 627 3298 682 τὸν
3361 627 3584 694 Λέοντα,
3643 623 3874 680 Νεανίαν

2219 717 2345 775 ὄντα
2402 742 2480 789 σε,
2535 720 2700 795 λέγει,
2761 717 2806 774 ὦ
2869 720 3112 793 βασιλεῦ,
3158 716 3246 771 καὶ
3315 720 3397 788 τῷ
3454 715 3618 790 πατρὶ
3679 735 3879 768 συνιπ-

2219 810 2450 865 πεύοντα
2506 809 2598 864 καῖ
2657 812 3024 882 συνθηρῶντα,
3083 803 3165 860 δεῖ
3245 827 3303 861 σε
3385 805 3474 860 καὶ
3531 803 3872 880 ἐγχειρίδιον

2220 897 2581 976 ἐπιφέρεσθχι,
2634 895 2727 952 ’ίνα
2805 897 2982 968 τούτῳ
3061 894 3150 950 καὶ
3232 895 3368 949 κατὰ
3439 892 3630 969 θηρίου
3688 893 3881 968 χρήσῃ

2221 989 2384 1042 ὁπότε
2441 985 2575 1059 δέοι,
2630 987 2717 1042 καὶ
2771 989 2848 1059 τῷ
2909 984 3068 1055 πατρί
3119 1005 3213 1039 σου
3271 982 3404 1045 ἴσως
3477 980 3660 1059 ὀρέξῃς
3739 979 3882 1036 κατᾶ

2219 1077 2427 1153 καιρὸν,
2484 1076 2519 1146 ἢ
2578 1077 2742 1152 τυχὸν
2829 1074 2920 1130 καὶ
3007 1068 3458 1135 ἐπιϐουλεύοντας
3531 1070 3677 1142 αὖτῷ
3735 1068 3880 1143 ἆμυ-

2219 1170 2309 1241 νῇ.
2342 1168 2403 1224 Ὀ
2463 1163 2539 1236 δὲ,
2597 1167 2670 1238 μὴ
2732 1163 2982 1243 φωράσας
3039 1165 3132 1219 τὸν
3191 1160 3382 1230 δόλον,
3439 1158 3674 1239 ξεερίδιον
3726 1153 3884 1214 ἔνδον

2223 1255 2398 1332 φέρειν
2453 1258 2549 1307 τοῦ
2599 1249 2950 1324 ὑποδήματος
3005 1253 3117 1324 (89)
3168 1249 3386 1320 ἐπείσθη
3418 1249 3553 1303 κατᾶ
3602 1247 3701 1332 την
3731 1267 3884 1318 συμ-

2223 1330 2453 1412 ϐουλήν.
2487 1341 2677 1413 Τούτῳ
2734 1341 2909 1394 τοίνυν
2967 1343 3048 1411 τῷ
3099 1335 3312 1413 ξιφιδίῳ
3371 1339 3399 1392 6
3457 1330 3883 1411 Σανταϐαρηνὸς

2223 1432 2361 1487 κατὰ
2405 1434 2500 1484 τοῦ
2533 1431 2756 1491 Λέοντος
2785 1434 2984 1504 χρᾶται
3049 1426 3124 1490 εἷς
3184 1425 3411 1500 ἄμυναν,
3443 1425 3533 1481 καὶ
3593 1429 3672 1497 τῷ
3717 1425 3880 1501 βασι-

2226 1519 2333 1589 λεῖ,
2383 1515 2760 1574 Ἐπιῦουλεύει
2837 1539 2942 1589 σοι,
3011 1516 3196 1595 φησὶν,
3267 1517 3294 1570 6
3370 1516 3486 1577 υἱός
3561 1533 3704 1569 σου⁸
3783 1512 3880 1568 καὶ

3176 1604 3265 1660 ὅτε
3339 1626 3424 1658 σοι
3503 1607 3760 1679 συνθηρᾷ,
3793 1623 3889 1657 κε-

2227 1699 2538 1774 κρυμμένον
2595 1693 2847 1766 ξιφίδιον.
2900 1694 3152 1765 Ἐξῆλθεν
3231 1691 3322 1748 οὗν
3402 1692 3478 1755 εἷς
3561 1690 3892 1767 κυνηγέσιον

2225 1611 2419 1665 τούτου
2496 1606 2691 1683 δεῖγμα
2763 1608 2824 1661 τὸ
2901 1607 3097 1684 φέρειν,

473 1788 752 1843 tabareno
786 1789 855 1844 ad
888 1789 946 1842 id
980 1788 1299 1860 instigante
1333 1805 1345 1843 :
1382 1790 1556 1860 idque
1588 1789 1826 1844 omnino
1860 1789 2118 1844 futurum

2243 1788 2259 1841 5
2318 1783 2618 1852 Βασίλειος,
2677 1785 2765 1838 καὶ
2822 1785 2850 1838 ὁ
2937 1785 3084 1838 Αέων
3167 1781 3460 1857 παρείπετο
3536 1785 3618 1853 τῷ
3691 1779 3888 1854 πατρὶ,

2264 1877 2277 1891 ο
2332 1876 2378 1891 In
2553 1874 2564 1888 ι
2604 1873 2616 1891 9
2797 1869 2841 1891 ιδ
3229 1872 3238 1891 ο
3377 1871 3390 1891 ε
3451 1871 3464 1887 \
3561 1869 3576 1890 κ
3635 1889 3650 1891 _
3701 1869 3725 1890 ν-
3788 1869 3846 1891 ιι

474 1877 677 1946 fuisse,
704 1877 816 1933 nisi
849 1877 1178 1948 patriarcha
1209 1883 1264 1933 et
1293 1878 1582 1949 principes
1614 1883 1872 1945 senatus,
1915 1877 2123 1932 multis

476 1966 748 2040 precibus
774 1965 1182 2037 imperatorem
1215 1983 1248 2021 a
1277 1967 1564 2022 sententia
1593 1967 1988 2022 deduxissent.
2047 1967 2126 2022 Ea

476 2052 563 2107 ira
621 2053 814 2119 durat,
875 2053 987 2108 Leo
1029 2052 1090 2108 in
1123 2053 1388 2108 custodia
1419 2058 1668 2124 tenetur,
1702 2054 1941 2126 longum
1972 2059 2121 2110 tem-

479 2159 588 2214 pus
618 2141 942 2208 intercedit,
979 2142 1163 2198 donec
1196 2142 1511 2214 imperator
1540 2143 1896 2214 quibusdam
1955 2161 2122 2199 sena-

477 2230 706 2286 toribus
736 2231 795 2285 in
829 2231 1088 2287 convivio
1121 2232 1309 2286 adfuit
1342 2250 1353 2286 :
1385 2233 1440 2286 id
1475 2233 1628 2302 quod
1662 2233 1837 2288 veteri
1868 2233 2122 2305 quadam

478 2319 903 2375 consuetudine
936 2321 1109 2375 certis
1143 2320 1503 2392 temporibus
1537 2321 1731 2377 ﬁebat.
1767 2323 1899 2376 Erat
1931 2325 2124 2376 autem

479 2407 538 2463 in
570 2409 642 2463 iis
669 2407 914 2476 sedibus,
949 2408 1046 2463 ubi
1079 2409 1403 2465 convivium
1437 2409 1790 2482 agitabatur,
1840 2411 2126 2482 psittacus

481 2496 541 2550 in
599 2511 772 2552 cavea
829 2513 1177 2568 suspensus,
1239 2498 1360 2568 qui,
1421 2505 1479 2554 ut
1522 2499 1577 2554 id
1611 2515 1797 2571 genus
1827 2499 2021 2554 avium
2053 2498 2126 2553 ad

479 2582 865 2640 imitationem
898 2585 1149 2657 proclive
1207 2591 1314 2656 est,
1373 2603 1507 2642 cum
1565 2589 1879 2658 quemdam
1939 2587 2130 2643 conti.

482 2677 685 2728 neuter
744 2673 991 2729 Leonem
1041 2675 1442 2746 deplorantem
1502 2682 1558 2730 et
1605 2677 1994 2747 appellantem
2025 2694 2126 2733 au-

483 2761 688 2831 disset,
720 2777 918 2818 vocem
973 2762 1258 2834 imitatus,
1294 2763 1544 2820 subinde
1573 2767 1884 2834 clamabat,
1920 2765 1958 2821 0
2001 2767 2128 2834 Leo,

485 2851 605 2905 Leo.
639 2850 718 2904 Ex
749 2867 818 2906 ea
862 2850 1116 2907 volucris
1176 2869 1312 2908 voce
1372 2854 1624 2909 convivas
1679 2855 1982 2910 occasione
2037 2872 2129 2911 ar-

485 2943 649 3010 repta
707 2956 810 3010 pro
870 2943 1052 2994 Leone
1108 2941 1479 3013 deprecandi,
1527 2943 1844 2998 econvivio
1875 2961 2133 3000 surrexe-

485 3031 640 3095 runt,
672 3033 728 3082 et
757 3028 974 3100 oppleti
1006 3028 1278 3102 lacrymis
1311 3031 1581 3087 dixerunt
1612 3049 1624 3087 :
1658 3032 1737 3086 An
1764 3048 1874 3086 non
1903 3034 2012 3088 ista
2042 3049 2132 3089 ro-

486 3114 658 3168 lucris
707 3129 806 3170 nos
861 3118 1157 3183 accusabit,
1189 3119 1516 3189 imperator,
1539 3135 1663 3174 cum
1691 3122 1808 3192 ipsa
1838 3121 2133 3176 dominum

2231 1876 2419 1948 εὑρέθη
2479 1874 2568 1929 καὶ
2598 1869 2927 1949 ἐγχειρίδιον
2966 1872 3338 1945 κεκρυμμένον
3371 1871 3474 1925 ὑπὸ
3521 1869 3584 1924 τὸ
3632 1869 3727 1923 τοῦ
3775 1869 3890 1926 Λέ-

2232 1986 2380 2026 οντος
2429 1961 2675 2020 πέδιλον.
2703 1959 2917 2032 ’Έδοξεν
2945 1959 3255 2032 ἁληθεεύειν
3313 1961 3341 2014 6
3397 1958 3685 2016 κατειπών.
3719 1958 3890 2012 Ἀπο-

2233 2052 2564 2130 λογούμενος
2623 2052 2651 2106 6
2712 2049 3189 2126 κατηγορούμενος
3257 2047 3319 2103 ού
3379 2047 3652 2123 προσίετο,
3712 2043 3886 2121 ἐξώρ-

2232 2165 2386 2220 γιστο
2433 2142 2568 2198 κατὰ
2613 2141 2709 2196 τοῦ
2759 2141 2878 2194 υἱοῦ
2933 2141 2959 2194 ὁ
2999 2139 3202 2212 πατὴρ,
3237 2135 3471 2213 ἐγκλείει
3527 2141 3716 2191 τοῦτον
3775 2139 3890 2189 τῶν

2238 2231 2536 2310 βασιλικῶν
2595 2227 2854 2302 θαλάμων
2913 2228 2990 2284 ἑνὶ
3047 2230 3183 2298 (90),
3232 2226 3321 2282 καὶ
3386 2225 3452 2280 τὰ
3505 2229 3602 2280 τοῦ
3658 2223 3899 2300 κράτους

2233 2323 2540 2396 ἀφαιρεῖται
2574 2320 2894 2391 παράσημα,
2923 2317 2999 2379 ὡς
3055 2315 3110 2371 δέ
3154 2337 3292 2378 τινες
3349 2316 3644 2391 ἱστοροῦσι,
3676 2311 3766 2368 καὶ
3824 2313 3897 2367 τὰ

2236 2409 2458 2484 ὄμματα
2485 2415 2562 2482 τῷ
2591 2410 2695 2480 υἱῷ
2752 2411 3006 2482 πηρῶσαι
3059 2403 3542 2480 διεμελέτα,παρᾶ
3594 2406 3692 2458 τοῦ
3751 2408 3898 2455 Σαν-

2233 2495 2544 2575 ταϐαρηναῦ
2599 2497 2733 2572 πρὸς
2783 2499 2942 2550 τοῦτο
3000 2493 3406 2570 ἐρεθιζόμενοςο
3468 2491 3556 2546 καὶ
3607 2486 3765 2566 ἔργον
3829 2489 3896 2544 ἂν

2235 2590 2445 2664 ἐγένετο
2501 2587 2563 2642 τὸ
2624 2584 2932 2660 μελέτημα,
2962 2583 3012 2638 εἴ
3071 2585 3146 2657 μὴ
3207 2585 3234 2638 6
3283 2580 3630 2658 πατριάρχης
3658 2579 3745 2634 καὶ
3778 2585 3885 2648 τῆς

2238 2677 2548 2753 συγκλήτου
2578 2675 2630 2730 οἱ
2660 2674 3015 2749 προῦχοντες,
3042 2670 3228 2728 πολλὰ
3278 2669 3576 2741 δεηθέντες,
3605 2673 3700 2724 τοῦ
3757 2668 3892 2744 βου-

2239 2767 2510 2840 λεύματος
2541 2766 2632 2819 τὸν
2669 2761 2892 2839 βασιλέα
2947 2762 3290 2836 μετέστησαν.
3321 2763 3466 2824 Τέως
3524 2757 3570 2814 δ’
3613 2757 3704 2813 οὖν
3764 2755 3893 2811 έπέ-

2243 2875 2395 2928 μενεν
2424 2856 2458 2924 ἠ
2493 2853 2655 2928 ὀργὴ,
2687 2853 2775 2907 καὶ
2806 2853 2834 2906 6
2866 2850 3012 2906 Λέων
3045 2845 3353 2927 ἔμφρουρος
3410 2849 3501 2923 ἦν,
3557 2846 3646 2903 καὶ
3688 2841 3893 2923 χρόνος

2238 2938 2425 3021 ἐτρίϐη
2487 2943 2706 3018 συχνὸς,
2739 2945 3100 3017 συνευωχεῖτο
3133 2938 3202 2994 δι’
3241 2941 3269 2995 6
3321 2937 3577 3011 βασιλεὺς
3631 2941 3738 2992 τῶν
3788 2941 3893 3005 τῆς

2240 3032 2545 3110 συγκλήτου
2601 3030 2746 3086 τισί·
2805 3033 2965 3084 τοῦτο
3024 3027 3082 3083 δὲ
3136 3029 3273 3084 κατᾶ
3326 3026 3548 3102 καιροὺς
3603 3027 3714 3099 (9|)
3757 3025 3894 3100 ὡρι-

2241 3123 2471 3196 σμένους
2528 3120 2588 3175 ἐκ
2643 3119 2919 3190 συνηθείας
2971 3118 3183 3192 ἐγίνετο
3227 3114 3482 3178 παλαιᾶς.
3515 3117 3616 3172 Ἦν
3649 3112 3696 3169 δ’
3725 3112 3778 3168 έν
3811 3117 3894 3185 τῷ

481 3219 646 3258 suum
709 3204 964 3276 appellet,
1029 3221 1128 3261 nos
1184 3214 1372 3261 autem
1427 3209 1701 3278 majestati
1770 3218 1881 3266 tua?
1955 3211 2130 3281 epulis

2243 3209 2407 3273 o'ich
2458 3210 2576 3265 καθ’
2606 3209 2663 3264 ὃν
2717 3207 2917 3284 έγίνετο
2972 3208 3035 3262 τὸ
3089 3205 3412 3280 συμπόσιον,
3447 3202 3583 3274 ζῶον
3640 3203 3690 3258 έν
3738 3200 3894 3258 κλω-

479 3295 749 3364 fruentes,
813 3294 965 3349 illius
985 3295 1108 3366 jam
1140 3296 1301 3364 longo
1332 3305 1570 3368 tempore
1598 3298 1800 3354 inclusi
1827 3298 2126 3354 oblivisca-

483 3385 652 3435 mur?
695 3382 893 3438 Omitte
944 3385 1110 3452 iram,
1165 3385 1412 3455 Domine,
1475 3390 1667 3442 contra
1723 3388 1886 3443 illum
1941 3405 2128 3444 conce-

481 3475 658 3542 ptam.
691 3472 855 3527 Deme
887 3473 975 3527 illi
1003 3473 1560 3546 custodiam,placido
1589 3493 1709 3531 eum
1736 3493 1800 3532 ac
1827 3479 2008 3548 potius
2027 3494 2130 3549 pa-

487 3563 641 3615 terno
672 3559 836 3615 vultu
865 3563 1119 3632 aspicito.
1158 3563 1255 3618 llis
1287 3564 1478 3620 verbis
1509 3564 1596 3620 ira
1627 3564 1892 3639 mitigata
1949 3566 2126 3639 impe-

485 3653 662 3716 rator,
722 3665 856 3705 cum
917 3650 1033 3708 ﬁlio
1102 3651 1158 3708 in
1193 3651 1442 3725 gratiam
1479 3654 1666 3722 rediit,
1699 3655 1983 3727 dignitate
2015 3655 2132 3727 pri-

487 3738 643 3794 stina
697 3740 984 3796 restituta.
1045 3741 1201 3812 Post,
1259 3760 1393 3798 cum
1446 3749 1718 3800 venatum
1778 3745 2014 3814 exisset,
2073 3745 2132 3800 in

490 3843 722 3882 cervum
756 3828 965 3885 incidit
997 3829 1281 3886 inusitata
1312 3833 1739 3904 magnitudine.
1770 3833 1923 3889 elata
1951 3834 2010 3890 in
2043 3833 2131 3888 a1-

492 3920 620 3971 tum
652 3932 871 3972 cornua
899 3924 1432 3992 gestantem,quem
1465 3924 1867 3994 persequendo
1897 3939 2134 3979 assecu-

495 4009 614 4074 tus,
650 4022 782 4061 cum
817 4009 1018 4064 stricto
1050 4008 1244 4081 gladio
1276 4027 1664 4082 percussurus
1715 4016 1889 4080 esset,
1946 4012 2140 4069 bellua

495 4111 558 4150 se
618 4095 903 4168 defendit,
933 4102 990 4153 et
1019 4115 1182 4154 ramo
1235 4116 1350 4155 uno
1383 4117 1667 4156 cornuum
1698 4119 1854 4157 zona:
1883 4102 2140 4174 impera-

495 4184 638 4240 toris
667 4184 868 4251 intixo,
895 4185 1060 4242 illum
1093 4187 1386 4244 sublimen
1420 4190 1528 4245 fert
1559 4191 1837 4247 cornibus
1891 4209 2142 4264 suspen-

495 4289 652 4342 sum,
686 4290 752 4330 ao
780 4273 1020 4331 forsitan
1050 4276 1134 4332 ita
1163 4276 1451 4349 periisset,
1486 4279 1598 4334 nisi
1631 4297 1665 4335 a
1693 4281 1969 4352 quodam,
2004 4297 2142 4338 ense

498 4361 751 4419 dissecta
775 4381 940 4435 zona,
973 4365 1180 4422 fuisset
1209 4374 1463 4439 ereptus.
1495 4369 1597 4424 Cui
1629 4371 1954 4425 mercedem
1986 4371 2144 4426 salu-

498 4451 576 4507 tis
607 4469 724 4507 suas
757 4452 1092 4525 prmolaram
1122 4456 1376 4512 reddidit
1403 4456 1518 4525 ille,
1571 4458 1782 4530 capitis
1830 4459 2148 4514 truncatio-

2236 3296 2317 3373 ϐᾦ
2342 3301 2452 3373 (92)
2481 3298 2804 3375 ᾐωρημένον
2835 3302 2942 3352 τῶν
2979 3295 3265 3370 μιμηλῶν,
3300 3293 3639 3367 καλούμενον
3693 3295 3892 3366 ψιττα-

2235 3391 2351 3452 κός·
2384 3388 2544 3443 τοῦτό
2572 3409 2717 3449 τινος
2767 3385 3098 3462 ὀδυρομένου
3153 3385 3243 3439 καὶ
3298 3380 3743 3455 ἀνακαλουμένου
3795 3380 3892 3434 τὸν

2238 3480 2442 3535 Λέοντα
2491 3481 2734 3552 συνεχῶς
2779 3476 2972 3531 ἀκοῦον
3023 3473 3332 3548 ἐμιμήσατο
3387 3472 3487 3539 τὴν
3545 3471 3750 3548 φωνὴν,
3778 3468 3895 3538 καὶ,

2240 3567 2410 3634 Λέων,
2468 3567 2639 3636 Λέων,
2701 3559 2829 3618 ἐϐόα
2883 3565 3078 3619 πυκνά.
3131 3562 3239 3624 Τὰς
3313 3559 3401 3615 οὖν
3460 3559 3642 3638 φωνὰς
3693 3556 3899 3619 ταύτας

2239 3661 2335 3712 τοῦ
2367 3651 2580 3732 ὄρνιθος
2605 3655 2657 3709 οἱ
2693 3657 2774 3726 τῷ
2830 3652 3044 3729 βασιλεῖ
3091 3651 3507 3724 συνεστιώμενοι
3567 3642 3746 3717 λαϐὴν
3809 3645 3900 3700 εὑ-

2244 3745 2427 3821 ρόντες
2454 3751 2552 3813 τῆς
2599 3743 2732 3818 ὑπὲρ
2779 3746 2876 3796 τοῦ
2921 3743 3152 3806 Λέοντος
3207 3737 3624 3817 παρακλήσεως,
3675 3736 3899 3805 ἀνέστη-

2247 3832 2340 3887 σάν
2425 3853 2484 3887 τε
2556 3835 2654 3886 τοῦ
2711 3829 3038 3904 συμποσίου,
3091 3829 3181 3884 καὶ
3241 3827 3486 3904 δακρύων
3541 3823 3898 3896 πλησθέντες,

2248 3921 2362 3978 εἶτά
2409 3938 2599 3999 φασιν·
2647 3920 2764 3977 Οὐκ
2819 3919 2893 3981 είς
2950 3918 3284 3994 κατηγορίαν
3342 3915 3489 3972 ἔσται
3546 3918 3682 3989 ἡμῖν
3738 3917 3900 3967 τοῦτο

2247 4011 2307 4065 τὸ
2367 4014 2528 4079 ζῶον,
2581 4009 2625 4062 ὧ
2701 4005 2948 4084 βασιλεῖ’),
2993 4007 3076 4062 ὅτι
3150 4005 3280 4062 αὐτὸ
3359 4005 3454 4078 μὲν
3530 4004 3622 4058 τὸν
3699 4000 3900 4057 οῗκεῖον

2250 4098 2598 4154 ἀνακαλεῖται
2685 4094 2974 4166 δεσπότην,
3054 4098 3220 4170 ἡμεῖς
3296 4091 3373 4166 δὲ,
3444 4100 3544 4163 τῆς
3633 4091 3729 4165 μὶν
3808 4092 3910 4143 τοῦ

2247 4189 2480 4265 κράτους
2581 4207 2675 4242 σου
2772 4183 3091 4249 πανδαισίας
3166 4182 3602 4243 έπαπολαύοντες
3637 4227 3650 4250 ,
3727 4179 3910 4253 ἀμνη-

2257 4281 2528 4351 μονοῦμεν
2606 4274 2835 4346 ἐκείνου,
2899 4274 2985 4330 ἐπὶ
3047 4273 3248 4351 χρόνον
3335 4270 3442 4342 ἤδη
3513 4269 3910 4344 καθειργμένου

2251 4365 2465 4437 πολύν;
2541 4368 2721 4441 Ἅγες,
2830 4362 3097 4436 δέσποτα,
3171 4365 3270 4432 τήν
3345 4361 3461 4416 κατ’
3535 4356 3738 4412 ἐκείνου
3815 4357 3912 4431 ὀρ-

2253 4457 2383 4530 γὴν,
2455 4455 2544 4511 καὶ
2622 4453 2784 4510 λῦσον
2857 4453 3002 4525 αὐτῷ
3073 4454 3171 4521 τήν
3249 4448 3510 4528 φρουρὰν,
3567 4446 3659 4502 καὶ
3733 4445 3912 4520 πρόσ-

499 4556 656 4610 nem,
706 4541 970 4614 speciosa
1021 4559 1198 4599 causa
1227 4546 1491 4616 quaesita,
1527 4547 1682 4618 quod
1713 4563 1908 4602 ensem
1943 4551 2130 4603 contra

2253 4540 2456 4618 ϐλεψον
2534 4542 2770 4616 εὐμενὲς,
2847 4543 2881 4612 ἢ
2964 4538 3175 4615 μᾶλλον
3252 4533 3475 4613 πρόσιδε
3549 4535 3624 4598 ὡς
3701 4536 3906 4634 πατήρζ

499 4629 913 4704 imperatorem
970 4633 1306 4690 strinxisset
1363 4650 1375 4688 :
1437 4651 1626 4706 neque
1677 4635 1989 4708 reputavit,
2043 4652 2145 4708 pro

2254 4633 2482 4698 Τούτοις
2554 4633 2582 4686 6
2661 4628 2910 4710 βασιλεὺς
2965 4632 3077 4705 (93)
3135 4627 3372 4704 ἐχάλασε
3441 4627 3541 4695 τὴν
3612 4623 3750 4680 κατᾶ
3807 4626 3908 4677 τοῦ

1763 4762 1965 4823 Variae
2022 4762 2316 4825 lectiones
2352 4768 2413 4824 et
2441 4768 2630 4823 notae.

575 4865 684 4937 (89)
743 4863 1011 4943 Et_cpiatov_
1125 4866 1273 4923 ἔνδον
1328 4873 1465 4943 Δξιτοῦ
1559 4867 1960 4942 ὑποδήματος.
2039 4871 2148 4928 Leo

502 4935 1046 5015 Grammaticus,_’sv
1094 4945 1175 5014 τῷ
1219 4935 1448 5013 τουϐίῳ,
1481 4944 1542 4996 in
1583 4935 1785 4998 tibiali.
1825 4943 2149 5015 Porphyro-

503 5009 738 5080 genitus
769 5013 825 5065 in
859 5015 947 5068 avi
969 5011 1121 5080 Vita,
1142 5009 1211 5082 in.
1242 5016 1314 5067 99
1338 5009 1476 5069 edit.
1509 5015 1866 5082 Combeﬁsii,
1893 5009 2147 5069 κέλευσον

503 5083 914 5158 περιαιρεθῆναι
953 5083 1023 5158 τά
1065 5081 1260 5158 πέδιλα
1301 5089 1407 5138 τῶν
1453 5081 1635 5138 ποδῶν
1679 5081 1864 5158 αὐτοῦ,
1895 5089 1977 5143 ita
2001 5089 2150 5144 San-

502 5154 818 5231 ta_barenus
841 5156 917 5231 ad
953 5154 1255 5231 Basiliam.
1289 5159 1534 5231 Symeon
1569 5154 1886 5231 Logotbeta
1929 5161 1986 5214 in
2040 5160 2150 5215 Ba-

503 5225 632 5302 silio
683 5243 741 5280 n.
791 5227 885 5302 21,
934 5232 990 5281 et
1031 5228 1090 5302 in
1119 5225 1418 5302 Chronico
1459 5245 1570 5284 ms.
1605 5225 1682 5284 in"
1719 5246 1834 5301 quo
1892 5233 2151 5302 corporis

503 5297 627 5375 loco
659 5298 1312 5375 napapﬁpiqrhabuerit
1340 5302 1451 5356 Leo
1500 5317 1612 5356 non
1645 5297 1846 5375 tradit.
1879 5297 2152 5375 Scylitzes

503 5366 650 5445 ἐντὸς
699 5365 820 5445 τού⁷
850 5365 1220 5445 ὑποδήματος,
1255 5378 1320 5428 ut
1373 5378 1624 5428 Zonaras
1673 5379 1730 5429 et
1785 5365 2013 5445 Glyca's,
2054 5375 2152 5431 ubi

505 5440 889 5498 Ieunclavius
917 5443 1014 5514 sub
1038 5440 1184 5500 ‘veste
1209 5440 1401 5514 vertit,
1435 5449 1490 5500 et
1520 5449 1692 5511 recte,
1730 5445 1787 5500 ni
1832 5440 2048 5503 fallor:
2081 5464 2153 5503 ne

505 5529 619 5590 que
648 5515 798 5590 enim
824 5514 882 5568 in
911 5513 1122 5590 calceis
1152 5516 1330 5590 vel‘in
1362 5517 1546 5590 tibiali
1578 5516 1891 5590 pugionem
1925 5523 2155 5590 gestare

506 5585 696 5660 potuit
725 5587 856 5660 Leo,
885 5585 997 5660 nisi
1030 5605 1131 5660 per
1160 5587 1267 5643 tibi
1302 5588 1418 5644 alia
1447 5585 2112 5660 brachiis—intelligantur.

575 5655 686 5728 (90)
755 5654 1046 5730 Ἐγκλείει’
1081 5662 1270 5714 τοῦτον
1336 5662 1442 5713 τῶν
1514 5658 1812 5734 βασιλικῶν
1883 5654 2148 5735 θαλάμων

2259 4868 2358 4925 ἑνί.
2410 4871 2575 4927 Errat
2638 4869 2819 4941 igitur
2874 4869 3272 4941 Damascenus
3331 4863 3563 4941 Studit_a
3616 4863 3776 4919 bom.
3840 4862 3914 4917 34

2258 4945 2398 4999 dum
2433 4939 3130 4998 scrib‘it’i‘hessalonicam
3161 4940 3486 5012 relegatum
3513 4939 3759 4992 Leonem
3793 4951 3914 4990 una

2259 5014 3154 5089 cumuxore_Tbeoph.ano_n_e.__
3329 5081 3362 5089 Α
3485 5079 3497 5089 _
3600 5084 3647 5089 __
3694 5079 3728 5089 η
3775 5077 3786 5089 .

2334 5085 2630 5159 (9|)7Korca‘z
2684 5079 2926 5159 καιρούς.
2983 5083 3167 5159 Verbi
3216 5081 3424 5159 gratia,
3484 5079 3914 5159 in_Nativitate

2261 5151 2496 5233 Christi,
2530 5159 2586 5213 in
2621 5151 3326 5233 tribu'nali‘novemdeéim
3381 5151 3805 5233 accubitorum,
3840 5151 3914 5233 de

2261 5231 2477 5302 quibus
2509 5229 2678 5286 statis
2703 5231 2980 5286 conviviis
3009 5229 3240 5302 egimus
3269 5229 3330 5282 in
3363 5231 3563 5282 nostra
3603 5225 3917 5281 Constanti-

2260 5302 2544 5380 πορριίνὶο
2578 5319 2640 5371 ην
2658 5307 2816 5380 seet;
2849 5304 3006 5380 61.9..
3025 5305 3105 5380 ὲκ
3339 5368 3351 5380 .

2334 5369 2447 5447 (92)
2479 5374 2565 5430 Ἐν
2879 5371 3185 5454 Wolfisius
3212 5369 3554 5454 “scripserat
3602 5369 3665 5454 εἴη
3715 5369 3868 5454 certe
3892 5383 3913 5421 :

2262 5440 2534 5572 ’ᾅὲἔὲα
2580 5440 2975 5504 restituimus.
3015 5445 3156 5503 Vide
3205 5440 3374 5498 Gloss;
3417 5441 3564 5497 med.
3607 5440 3820 5497 Graecit.
3853 5440 3916 5494 in

2263 5523 2512 5579 Κλωὸός.

2334 5590 2444 5660 (93)
2476 5585 2748 5664 Τούτοις-
2778 5589 2807 5644 ὃ
2883 5582 3156 5664 βασιλεύς.
3231 5583 3371 5664 Vide
3443 5587 3704 5642 nostram
3781 5579 3917 5639 Con-

2260 5657 2692 5735 stantinopolim,
2726 5662 2768 5718 Ι.
2805 5657 2894 5734 1v,
2915 5662 3056 5716 sect.
3084 5659 3139 5731 4,
3165 5673 3226 5713 n.
3261 5657 3312 5712 1.
