4156 6214
440 312 519 372 75

1793 304 2127 367 JOANNIS
2172 303 2512 365 ZONARE

3786 306 3866 364 76

438 443 672 517 cognita
724 442 1054 499 litterarum
1111 443 1441 508 sententia,
1507 439 1894 496 Andronicum
1954 456 2087 494 cum

2207 433 2392 491 δοῦναι
2451 435 2640 506 αὐτήν.
2695 439 2900 493 Τοῦτον
2931 434 2997 507 δὴ
3044 438 3136 494 τὸν
3191 438 3495 514 Ἀγαρηνὸν
3529 441 3556 494 6
3594 445 3858 513 Ξαμωνᾶς

440 534 715 590 omnibus
745 530 871 588 suis
900 531 960 586 in
992 531 1229 587 vincula
1281 531 1624 602 conjiciunt,
1657 531 1716 584 in
1750 530 1967 601 quibus
1995 529 2094 584 ille

441 623 586 680 obiit
615 639 628 678 :
663 621 904 693 quidam
936 637 1073 677 vero
1104 637 1172 676 ex
1201 620 1343 688 illis,
1371 621 1622 676 carceris
1651 635 1947 675 aerumnas
1980 635 2090 673 non

438 715 714 779 ferentes,
774 711 948 765 ﬁdem
999 710 1371 780 abjurarunt.
1425 712 1498 764 At
1545 707 1989 775 Constantinus,
2041 712 2098 762 et

442 801 685 874 quidam
743 814 878 854 cum
935 799 1086 870 ipso,
1137 814 1367 853 carcere
1426 797 1632 869 elapsi,
1682 797 1741 852 in
1804 797 2097 852 Romanos

442 890 686 954 limites,
752 887 1244 959 persequentibus
1296 887 1578 958 Agarenis
1631 886 1859 942 fortiter
1903 886 2098 957 proﬂi-

451 979 626 1052 gatis,
662 982 992 1033 evaserunt.
1028 977 1169 1032 Eum
1210 977 1530 1048 imperator
1559 980 1616 1030 et
1645 975 1909 1030 hilariter
1937 991 2101 1028 exce-

453 1069 561 1140 pit,
594 1072 652 1122 et
689 1065 1000 1137 magniﬁce
1033 1064 1291 1129 donavit,
1323 1069 1380 1120 et
1421 1064 1731 1136 exquisitis
1784 1063 2104 1118 honoribus

450 1155 660 1211 affecit.
689 1155 908 1210 Deinde
938 1154 1113 1209 etiam
1146 1153 1195 1208 ei
1228 1154 1411 1208 dixit:
1435 1155 1511 1209 Ne
1539 1162 1591 1208 te
1617 1155 1854 1222 decipiat
1883 1168 2102 1218 nomen,

444 1245 814 1310 Constantine,
844 1246 1020 1308 tuum,
1045 1259 1142 1297 nec
1168 1243 1413 1314 putaris,
1438 1258 1498 1297 eo
1529 1243 1679 1312 quod
1710 1241 2104 1296 Constantinus

437 1335 702 1388 Romanis
758 1335 1139 1404 imperaturus
1195 1333 1285 1399 sit,
1346 1340 1398 1386 te
1454 1333 1696 1402 imperio
1754 1333 2103 1401 potiturum;

441 1432 593 1478 certo
646 1423 795 1476 enim
849 1422 1002 1483 scito,
1051 1421 1236 1490 ﬁlium
1293 1421 1438 1474 hunc
1492 1436 1696 1488 meum,
1752 1420 1911 1474 illum
1969 1434 2101 1474 esse.

443 1510 594 1579 Quod
622 1513 673 1565 si
701 1518 759 1565 tu
786 1513 1049 1580 Spartam
1079 1519 1232 1564 tuam
1262 1511 1506 1575 ornaris,
1543 1509 1674 1564 bene
1704 1508 1812 1563 tibi
1841 1509 1986 1570 erit;
2017 1510 2107 1562 sin

437 1602 600 1656 rebus
630 1601 790 1654 novis
817 1599 1115 1664 studueris,
1149 1602 1198 1653 et
1229 1598 1586 1669 tyrannidem
1628 1598 1909 1669 aﬂectaris
1937 1616 1954 1650 :
1987 1598 2108 1667 nol;

441 1690 720 1758 dubitare,
753 1691 884 1758 quin
918 1704 1021 1756 per
1063 1688 1204 1742 hanc
1247 1696 1459 1759 portam
1493 1687 1925 1758 (demonstrata
1954 1686 2106 1741 occi-

2207 523 2740 598 μετακαλεσάμενος,
2800 525 2850 579 ἐν
2908 526 3242 603 ἀπορρήτοις
3297 527 3429 606 φησί
3489 529 3626 604 πρὸς
3675 529 3855 584 αὐτόν·

2206 611 2368 675 Οἶδας
2427 614 2509 667 δτι
2587 615 2679 668 τὸν
2759 610 2985 691 ὄλεθρον
3059 624 3160 686 τῆς
3222 617 3417 691 Συρίας
3487 616 3623 688 ὅλης
3681 619 3862 696 φέρεις

2207 700 2261 756 ἂν
2317 707 2436 764 ταῖς
2493 700 2681 776 χερσίν
2721 706 2880 772 ;"Ivu
2935 709 3064 780 γοῦν
3127 706 3217 760 xui
3274 707 3372 774 τὴν
3429 704 3665 783 πατρίδα
3706 728 3858 782 περι-

2209 791 2392 865 σώσῃς
2473 792 2560 845 καὶ
2641 790 2768 854 τοὺς
2847 793 3124 869 ὁμογενεῖς
3179 839 3192 864 ,
3250 795 3343 850 τὸν
3420 797 3590 870 κηρὸν
3668 801 3861 852 τοῦτον

2209 878 2521 961 ἐγχείρισον
2570 885 2651 952 τῷ
2709 881 2921 955 Οὐζῄρ.
2981 882 3140 937 Οὕτω
3195 884 3300 959 γὰρ
3359 885 3388 938 6
3445 885 3572 958 παρ’
3630 886 3675 957 ᾧ
3725 885 3790 954 ἦν
3833 888 3862 940 6

2213 965 2563 1042 Ἀνδρόνικος
2639 968 2994 1042 ὠνομάζετο.
3045 973 3101 1024 Ὁ
3158 969 3215 1026 δὲ
3271 973 3566 1043 πεποίηκεν
3627 973 3702 1037 ὡς
3757 995 3862 1028 παι

2213 1058 2504 1132 ρηγγελτο,
2555 1059 2642 1111 καὶ
2692 1059 2912 1132 γνόντες
2953 1061 3005 1114 οἱ
3032 1065 3131 1126 τῆς
3169 1063 3344 1137 Ἀγαρ
3375 1063 3476 1129 τὴν
3506 1059 3732 1135 δύναμιν
3765 1071 3868 1133 τῆς

2210 1152 2446 1222 γραφῆς,
2494 1147 2581 1201 καὶ
2634 1148 2728 1202 τὸν
2791 1145 3134 1219 Ἀνδρόνικον
3202 1147 3465 1224 δεσμοῦσι
3519 1151 3610 1206 καὶ
3669 1152 3870 1216 πάντας

2211 1233 2340 1295 τοὺς
2405 1233 2497 1288 σὺν
2545 1235 2695 1307 αὐτῷ
2742 1279 2755 1292 .
2809 1238 2870 1293 Ὀ
2933 1238 3026 1309 μὶν
3087 1237 3176 1293 οὖν
3239 1236 3586 1314 Ἀνδρόνικος
3646 1240 3698 1296 ἐν
3749 1249 3866 1304 τοῖς

2215 1319 2438 1396 δεσμοῖς
2485 1325 2577 1378 τὸν
2639 1324 2754 1398 βίον
2812 1326 3093 1382 κατέλυσε.
3151 1329 3300 1390 Τινὲς
3363 1326 3420 1384 δὲ
3447 1335 3554 1384 τῶν
3602 1329 3693 1384 σὺν
3722 1330 3870 1403 αύτῷ

2212 1412 2310 1480 τὴν
2371 1410 2431 1466 ἐκ
2480 1416 2586 1466 τῶν
2648 1411 2862 1487 δεσμῶν
2927 1417 3002 1489 μὴ
3063 1417 3377 1493 στέργοντες
3435 1419 3707 1488 κάκωσιν,
3765 1421 3868 1489 τήν

2213 1501 2396 1554 πίστιν
2445 1501 2644 1556 ἑαυτῶν
2698 1502 3061 1576 ἐξωμόσαντο.
3112 1507 3172 1562 Ὀ
3225 1503 3281 1560 δὲ
3331 1512 3734 1569 Κωνσταντῖνος
3779 1508 3875 1562 καί

2211 1609 2354 1650 τινες
2407 1594 2515 1644 τῶν
2577 1590 2668 1644 σὺν
2723 1591 2873 1665 αύτῷ
2927 1600 3029 1661 τῆς
3085 1593 3303 1670 εἲρκτῆς
3359 1594 3675 1672 ἐκφυγόντες
3731 1599 3871 1673 πρὸς

2210 1679 2277 1732 τὰ
2348 1678 2632 1752 Ῥωμαίων
2709 1681 2949 1754 ἀπῄεσαν
2995 1725 3008 1750 ,
3089 1681 3358 1746 καὶτοὺς
3437 1682 3870 1748 καταδιώκοντας

443 1776 662 1834 dentali
693 1775 865 1832 Aurei
897 1775 1140 1830 triclinii
1176 1776 1363 1847 porta)
1393 1780 1557 1846 caput
1584 1779 1746 1830 tuum
1775 1775 1978 1846 absque
2007 1791 2093 1830 re-

2213 1765 2405 1828 αὐτοὺς
2478 1768 2814 1844 ’Δγαρηνοὺς
2867 1771 3122 1846 γενναίως
3189 1772 3541 1847 τρεψάμενοι,
3602 1772 3873 1846 διεσώθη-

2219 1864 2302 1881 -·.η,
2403 1859 2495 1881 an,
2564 1859 2579 1881 1
2644 1857 2850 1881 ονΑἿγῗ
2961 1858 3068 1881 ’διι-
3155 1860 3168 1881 Ι
3614 1869 3638 1879 εν
3853 1864 3867 1881 \

445 1867 593 1937 liquo
622 1880 845 1936 corpore
874 1866 946 1918 sit
987 1866 1378 1929 transiturum,
1409 1863 1465 1918 id
1495 1863 1636 1935 quod
1661 1867 1847 1934 postea
1894 1866 2104 1935 factum

443 1964 541 2010 est.
571 1955 715 2009 Cum
743 1956 1008 2009 Samonas
1039 1957 1203 2023 pater
1231 1969 1364 2007 cum
1397 1952 1753 2024 quibusdam
1783 1951 1914 2007 aliis
1945 1951 2104 2010 Meli-

442 2047 640 2100 tenam
672 2044 946 2112 venisset,
980 2043 1103 2097 viso
1150 2042 1370 2097 honore
1399 2047 1456 2096 et
1484 2041 1783 2113 opulentia
1814 2041 1938 2109 ﬁlii,
1964 2059 2098 2097 cum

444 2151 510 2192 eo
558 2134 748 2188 vivere
795 2131 999 2187 voluit.
1045 2131 1194 2185 Nam
1253 2129 1573 2201 imperator
1628 2147 1727 2186 eos
1785 2131 2098 2187 honoriﬁce

441 2225 763 2294 exceperat,
796 2224 854 2275 et
889 2224 1092 2274 contra
1123 2235 1302 2290 quam
1335 2219 1599 2286 decebat,
1643 2219 1911 2274 homines
1962 2235 2094 2290 pro-

441 2313 610 2368 fanos
658 2308 718 2364 in
768 2309 1040 2380 Magnam
1094 2305 1410 2362 Ecclesiam
1455 2308 1876 2362 introduxerat.
1918 2309 2029 2364 Sed
2063 2327 2096 2364 a

442 2400 562 2456 ﬁlio
593 2398 926 2472 prohibitus
972 2401 1083 2461 est,
1116 2397 1422 2460 suadente,
1456 2399 1522 2450 ut
1551 2412 1721 2450 suam
1753 2395 2093 2469 religionem

438 2491 832 2554 conservaret,
865 2491 1040 2557 atque
1085 2485 1144 2539 in
1192 2485 1444 2556 patriam
1497 2490 1902 2554 reverteretur,
1936 2488 2089 2557 quod

438 2583 500 2634 et
548 2578 674 2648 ipse
724 2591 828 2648 per
883 2574 1249 2630 occasionem
1310 2573 1569 2628 facturus
1621 2578 1796 2629 esset.
1831 2574 1892 2630 In
1945 2576 2093 2630 festo

442 2667 815 2723 Pentecostes
845 2668 954 2719 Leo
985 2662 1173 2718 ﬁlium
1201 2679 1376 2718 suum
1409 2662 1727 2731 coronavit,
1760 2668 1817 2718 et
1845 2664 2093 2734 impera-

441 2762 628 2811 torem
669 2751 1000 2825 appellavit.
1021 2751 1302 2806 Caeterum
1351 2751 1590 2806 odiosus
1622 2752 1766 2806 181
1807 2752 2093 2808 Samonas

443 2843 783 2900 eunuchum
817 2840 1158 2895 ministrum
1191 2856 1366 2894 suum
1397 2839 1872 2908 Constantinum,
1895 2857 1962 2897 ex
1996 2843 2093 2897 Pa-

440 2932 757 3005 phlagonia
785 2930 1126 2998 oriundum,
1159 2928 1411 2984 dominas
1443 2929 1510 2983 ad
1547 2929 1937 2984 ministerium
1972 2935 2089 2986 tra-

437 3021 607 3088 didit,
640 3019 901 3090 quicum
955 3022 1013 3072 et
1055 3016 1411 3088 imperatrici
1467 3021 1525 3072 et
1585 3017 1696 3089 ipsi
1754 3017 2088 3090 imperatori

434 3110 757 3184 percbarus
787 3110 962 3176 esset,
995 3107 1276 3178 profanus
1308 3107 1595 3162 Samonas
1626 3106 1848 3162 invidia
1879 3113 2087 3163 stimu-

431 3182 592 3256 latus
632 3197 798 3252 illum
851 3197 1005 3268 apud
1065 3195 1478 3267 imperatorem
1529 3195 1761 3263 detulit,
1794 3198 1964 3268 quasi
2016 3199 2088 3253 ab

2203 3190 2317 3245 σίαν
2376 3193 2450 3264 μὴ
2511 3189 2738 3255 δεόντως
2788 3193 3044 3256 ἀπίστους
3101 3192 3257 3258 ὄντας
3312 3196 3595 3272 εἰσήγαγεν
3628 3243 3640 3255 .

435 3287 810 3359 imperatrice
851 3287 1166 3350 amaretur,
1201 3301 1374 3356 quem
1431 3285 1534 3340 Leo
1581 3301 1649 3340 ex
1697 3285 2092 3358 aemulatione,

437 3393 544 3450 pro
572 3374 856 3431 monacho
886 3373 1139 3435 tonderi,
1171 3388 1276 3428 nec
1308 3372 1494 3427 multo
1544 3379 1675 3445 post
1724 3376 2004 3441 revocari,
2039 3381 2098 3432 et

442 3463 770 3521 monastico
802 3463 1004 3518 habitu
1047 3466 1238 3530 exuto,
1273 3461 1500 3516 civilem
1534 3468 1750 3518 vestem
1801 3481 2098 3521 resumere

437 3553 647 3626 jussit,
677 3568 865 3624 eoque
916 3549 1268 3605 familiarius
1306 3549 1480 3604 etiam
1515 3566 1689 3622 quam
1743 3551 1906 3622 prius
1953 3570 2096 3608 usus

445 3648 556 3699 est.
587 3643 648 3697 Id
691 3643 955 3696 Samonm
1002 3637 1431 3693 intolerabilius
1461 3637 1677 3692 visum.
1711 3637 1887 3695 Curat
1915 3640 2099 3712 igitur

449 3748 554 3804 per
597 3747 837 3786 suorum
872 3728 1210 3800 quemdam,
1237 3725 1500 3782 libellum
1532 3728 1811 3783 conviciis
1858 3729 2095 3800 plenum

449 3820 650 3890 scribi,
681 3835 936 3890 eumque
964 3816 1184 3888 abjicit,
1215 3833 1331 3888 qua
1373 3817 1694 3888 imperator
1737 3819 2098 3875 transiturus

447 3916 572 3967 erat
605 3926 617 3962 :
652 3925 767 3979 quo
807 3908 858 3961 is
889 3907 1124 3961 invento
1154 3910 1209 3960 et
1239 3904 1408 3968 lecto,
1441 3904 1648 3971 doluit,
1682 3912 2097 3979 auctoremque

444 3997 772 4069 requisivit.
807 3995 969 4051 Unus
1012 3993 1190 4064 igitur
1217 4010 1286 4048 ex
1315 3993 1444 4064 ejus
1486 3992 1564 4048 rei
1598 3994 1869 4062 consciis,
1899 4001 2097 4052 Samo-

440 4103 578 4142 nam
629 4084 832 4158 scripti
885 4087 1179 4138 aucterem
1231 4097 1360 4137 esse
1419 4081 1657 4137 indicat.
1692 4083 1837 4138 Cum
1897 4089 2093 4141 autem

437 4175 674 4248 eclipsis
707 4174 855 4228 luna:
889 4177 1014 4226 tum
1049 4171 1278 4234 fuisset,
1314 4171 1630 4241 imperator
1660 4173 2092 4245 metropolitam

436 4263 807 4336 Synadorum
839 4261 910 4316 de
942 4277 1010 4316 ea
1051 4259 1408 4332 quaesiturus
1441 4261 1707 4325 accersit,
1741 4277 1913 4332 quem
1957 4279 2089 4318 cum

433 4354 722 4410 Samonas
756 4350 1026 4422 privatim
1059 4351 1128 4404 de
1161 4347 1262 4403 illa
1293 4349 1713 4419 sciscitaretur,
1738 4353 2087 4421 respondet:

432 4445 606 4498 Tuum
631 4441 1006 4512 infortunium
1045 4438 1322 4510 portendit
1370 4445 1488 4494 ista
1541 4439 1689 4493 [unm
1719 4438 1956 4512 affectio.
1990 4441 2090 4498 Sin

427 4532 640 4588 decima
670 4533 833 4586 tertia
861 4529 1000 4586 Julii
1029 4528 1152 4583 dies
1181 4531 1312 4582 ante
1358 4536 1510 4582 tuam
1540 4529 1912 4584 calamitatem
1939 4547 2087 4601 praz-
2117 4550 2164 4615 D

426 4622 682 4683 terierit;
712 4624 764 4675 et
795 4627 856 4674 tu
904 4618 1280 4688 infortunium
1328 4617 1582 4670 evitabis.
1617 4616 1836 4673 Deinde
1869 4619 1942 4673 ab
1973 4619 2085 4675 im-

422 4715 691 4782 peratore
735 4722 964 4779 quoque
1017 4706 1413 4776 interrogatus
1443 4704 1805 4776 Synadorum
1855 4707 2084 4778 episco—

421 4815 555 4870 pus,
591 4798 923 4869 respondet,
958 4794 1180 4850 malum
1227 4793 1382 4848 istud
1420 4793 1477 4847 in
1511 4810 1644 4848 eum
1677 4795 1778 4866 qui
1829 4802 1980 4852 esset
2011 4799 2082 4853 ab

415 4886 518 4942 illo
551 4886 875 4957 proximus,
905 4889 1333 4956 grassaturum.
1378 4882 1700 4954 Imperator
1743 4901 1915 4956 porro
1949 4903 2081 4956 per-

419 4991 626 5031 sonam
663 4975 988 5046 proximam
1037 4971 1433 5027 Alexandrum
1468 4971 1706 5026 fratrem
1754 4973 2079 5042 judicabat,

413 5064 515 5118 sed
551 5064 697 5118 falso
728 5079 740 5117 :
777 5077 909 5116 nam
947 5060 1169 5115 homini
1207 5059 1462 5130 pessimo
1497 5060 1735 5114 tandem
1769 5063 1921 5117 male
1951 5079 2080 5118 esse

412 5152 737 5224 oportebat.
783 5154 889 5204 Leo
939 5148 1139 5220 igitur,
1175 5149 1271 5202 ubi
1323 5149 1594 5220 cognovit
1625 5165 1757 5204 eum
1815 5167 1944 5206 esse
1993 5153 2075 5206 fa-

411 5241 562 5299 mosi
619 5238 803 5297 libelli
861 5241 1181 5307 auctorem,
1223 5242 1277 5292 et
1329 5237 1488 5307 regis.
1538 5237 1738 5309 exigit,
1770 5244 1827 5294 et
1872 5256 2073 5296 rasum

2213 1864 2346 1915 σαν.
2403 1859 2496 1914 ‘Ov
2557 1859 2585 1912 6
2643 1857 2899 1934 βασιλεὺς
2959 1858 3170 1931 ἐδέξατό
3235 1882 3294 1916 τε
3366 1869 3719 1937 περιχαρῶς,
3777 1864 3870 1919 καὶ

2211 1944 2530 2017 ἐδεξιώσατο
2591 1945 3042 2023 μεγαλοπρεπῶς,
3102 1949 3192 2004 καὶ
3249 1947 3614 2028 διαφερόντως
3671 1952 3865 2026 ἐτίμη-

2211 2056 2297 2090 σεν
2326 2054 2338 2067 ·
2396 2036 2510 2090 εἶτα
2565 2036 2654 2091 καὶ
2708 2038 2844 2112 πρὸς
2905 2039 3064 2093 αὐτὸν
3127 2036 3254 2117 ἔφη·
3314 2042 3407 2111 Μὴ
3463 2041 3721 2096 ἀπατάσω
3780 2063 3861 2111 σε,

2206 2130 2598 2195 Κωνσταντῖνε,
2657 2127 2719 2180 τὸ
2777 2122 2994 2200 ὄνομα,
3059 2125 3189 2200 μηδ’
3247 2126 3365 2183 οἷόυ
3417 2137 3516 2200 τῆς
3573 2128 3855 2206 βασιλείας

2202 2219 2440 2288 τυχεῖν,
2523 2215 2597 2278 ὡς
2683 2217 3092 2271 Κωνσταντίνου
3179 2218 3458 2292 Ῥωμαίων
3545 2217 3852 2292 μέλλοντος

2205 2303 2402 2378 ἄρξαι’
2457 2301 2568 2357 ’ίσΘι
2630 2305 2732 2380 γὰρ
2805 2300 3044 2379 ἀκριϐῶς
3113 2311 3303 2362 τοῦτον
3381 2309 3513 2362 εἶναι
3584 2309 3674 2364 τὸν
3735 2311 3853 2364 υἱὸν

2200 2391 2293 2445 τὸν
2339 2389 2513 2465 ἐμόν.
2578 2391 2651 2446 Σὺ
2705 2390 2762 2448 δὲ
2815 2393 2864 2448 si
2924 2395 3016 2466 μὶν
3075 2396 3136 2464 ἦν
3194 2392 3394 2472 ἔλαχες
3451 2399 3700 2475 Σπάρταν
3755 2420 3850 2454 κο-

2205 2485 2384 2552 σμεῖς,
2444 2479 2590 2536 ἔσται
2652 2503 2736 2536 σοι
2797 2481 2874 2536 εὗο
2939 2483 2983 2536 εἶ
3036 2481 3093 2538 δὲ
3150 2485 3505 2562 νεωτερίσεις,
3537 2487 3626 2541 καὶ
3656 2507 3852 2562 τυραν-

2201 2566 2309 2623 νίδι
2368 2569 2758 2646 ἐπιχειρήσεις,
2819 2568 2924 2626 ἔσω
2983 2567 3216 2647 βεϐαίως
3278 2573 3436 2636 εἰδὼς
3495 2576 3570 2638 ὡς
3620 2573 3709 2631 διὰ
3750 2583 3852 2647 τῆς

2203 2655 2261 2711 δὲ
2314 2659 2414 2726 τῆς
2473 2657 2657 2729 πύλης
2705 2661 2824 2732 (τήν
2883 2660 3020 2736 πρὸς
3071 2658 3218 2714 δύσιν
3277 2661 3436 2717 οὖσαν
3489 2667 3586 2718 τοῦ
3637 2667 3850 2741 Χρυσο-

2199 2745 2479 2822 τρικλίνου
2539 2745 2712 2818 δείξας
2771 2747 2937 2820 αὐτῷ)
2997 2751 3032 2818 ἡ
3091 2749 3300 2828 κεφαλή
3349 2773 3444 2806 σου
3491 2757 3588 2807 τοῦ
3647 2752 3850 2808 λοιποῦ

2202 2836 2456 2908 σώματος
2544 2856 2722 2913 χωρις
2827 2836 3207 2913 εἰσαχθήσεται
3241 2858 3253 2870 ·
3341 2840 3369 2893 ὃ
3450 2841 3542 2895 καὶ
3627 2843 3848 2918 γέγονεν

2200 2923 2438 2997 ὕστερον.
2502 2927 2594 2982 Ἐκ
2651 2923 2707 2980 δὲ
2765 2926 3074 2997 Μελιτηνῆς
3129 2926 3393 2992 ἐλθόντων
3448 2935 3632 3000 τινῶν,
3683 2930 3736 2986 ἐν
3769 2933 3852 2994 οἷς

2199 3014 2264 3083 ἦν
2325 3013 2414 3068 καὶ
2474 3016 2502 3069 6
2555 3020 2654 3069 τοῦ
2714 3022 2954 3088 Σαμωνᾶ
3009 3017 3228 3091 πατὴρ,
3291 3016 3576 3089 ὑπεδέξατο
3620 3021 3849 3082 τούτους

2200 3101 2434 3176 ἐντίμως
2489 3105 2516 3158 6
2579 3102 2851 3179 βασιλεὺς,
2901 3104 2991 3159 καὶ
3051 3105 3125 3168 εἷς
3181 3107 3280 3175 την
3328 3105 3589 3180 Μεγάλην
3622 3107 3851 3180 Ἐκκλη-

3691 3196 3846 3256 Ἰδὼν

2206 3279 2264 3336 δὲ
2321 3281 2348 3334 6
2398 3285 2496 3335 τοῦ
2554 3287 2792 3354 Σαμωνᾶ
2846 3284 3048 3358 πατὴρ,
3105 3285 3165 3354 ἣν
3222 3284 3368 3360 εἶχεν
3425 3286 3453 3340 6
3512 3287 3628 3349 υἱὸς
3681 3288 3848 3342 αὐτοῦ

2203 3371 2370 3443 τιμὴν
2406 3370 2456 3424 ἐν
2500 3376 2616 3432 τοῖς
2668 3371 2984 3445 βασιλείοις,
3033 3373 3122 3427 καὶ
3169 3375 3260 3428 τὸν
3302 3371 3538 3430 πλοῦτον
3590 3376 3647 3430 ὃν
3695 3397 3850 3450 περι-

2207 3457 2396 3527 έκειτο,
2445 3456 2610 3528 ἤθελε
2668 3458 2964 3536 συνδιάγειν
3016 3461 3200 3534 αὐτῷ.
3263 3462 3548 3534 Έκωλύθη
3609 3461 3666 3519 δὲ
3721 3467 3850 3540 παρ’

2205 3547 2433 3619 ἐκείνου,
2481 3550 2582 3618 τήν
2632 3549 2837 3604 οἰκείαν
2867 3551 3153 3625 θρησκείαν
3193 3558 3380 3624 τηρεῖν
3441 3548 3852 3626 συμϐουλεύον-

2204 3658 2317 3707 τος,
2366 3637 2456 3692 καὶ
2506 3637 2582 3700 εἷς
2627 3639 2726 3706 τήν
2775 3636 3012 3712 πατρίδα
3058 3638 3394 3704 ἐπανελθεῖν.
3447 3642 3508 3699 Εἰ
3541 3640 3597 3697 δὲ
3632 3643 3719 3717 καὶ
3754 3643 3851 3698 αὐ-

2204 3725 2321 3795 τὸς,
2375 3725 2498 3804 ἔφη,
2547 3727 2704 3802 τύχω
2751 3732 2964 3803 καιροῦ,
3018 3729 3372 3800 ὑπονοστήσω
3421 3731 3557 3806 πρός
3607 3753 3682 3789 σε.
3734 3735 3851 3802 Τῆς

2208 3811 2254 3868 δ’
2311 3811 2504 3890 ἑορτῆς
2560 3818 2638 3888 (9)
2692 3822 2792 3885 τῆς
2850 3821 3229 3887 Πεντηκοστῆς
3301 3817 3558 3889 ἐνστάσης
3593 3867 3607 3892 ,
3663 3816 3850 3895 ἔστεφε

2203 3904 2295 3958 τὸν
2346 3904 2460 3958 υἱὸν
2511 3901 2677 3958 αύτοῦ
2723 3905 2752 3958 6
2804 3904 3078 3978 βασιλεὺς,
3128 3907 3216 3960 xui
3267 3907 3622 3982 ἀνηγόρευσεν
3687 3910 3846 3964 αὐτὸν

2209 3991 2452 4068 βασιλέα.
2513 3991 2799 4065 Ἐκτομίαν
2861 3993 2907 4048 δ’
2964 3991 3106 4071 ἔχων
3167 3997 3465 4072 Θεράποντα
3515 3998 3542 4051 6
3602 4000 3847 4074 μυσαρὸς

2206 4087 2498 4154 Σαμωνᾶς,
2556 4088 2955 4138 Κωνσταντῖνον
3007 4083 3450 4158 ὀνομαζόμενον,
3511 4084 3570 4141 ἐκ
3622 4084 3680 4142 δὲ
3736 4092 3848 4141 Ilu-

2203 4169 2502 4247 φλαγονίας
2553 4173 2884 4246 γενόμενον,
2935 4176 3004 4246 τῇ
3060 4171 3312 4248 δεσποίνῃ
3366 4179 3558 4231 τοῦτον
3616 4173 3852 4231 δέδωκεν

2204 4259 2280 4320 είς
2311 4259 2626 4336 ὑπηρεσίαν.
2670 4260 2820 4317 Ἐπεὶ
2870 4259 2927 4315 δὶ
2973 4262 3061 4316 καὶ
3111 4266 3178 4336 τῇ
3229 4261 3516 4339 βασιλίσσῃ
3561 4265 3650 4318 καὶ
3700 4265 3849 4336 αύτῷ

2198 4352 2278 4420 τῷ
2343 4346 2624 4423 κρατοῦντι
2685 4347 2804 4405 λίαν
2875 4353 2903 4404 6
2962 4352 3367 4414 Κωνσταντῖνος
3420 4351 3704 4424 ᾠκείωτο,
3767 4353 3845 4416 είς

2203 4437 2488 4512 βασκανίαν
2547 4439 2574 4492 6
2627 4435 2864 4514 βεϐηλὸς
2916 4440 3170 4515 ἠρέθιστο
3228 4446 3517 4513 Σαμωνᾶς,
3571 4442 3660 4496 καὶ
3707 4443 3846 4516 πρὸς

2195 4525 2288 4580 τὸν
2326 4525 2551 4600 βασιλέα
2593 4533 2840 4582 κατεῖπεν
2898 4528 3082 4598 αὐτοῦ,
3131 4530 3204 4590 ὡς
3243 4529 3526 4604 ἐρωμένου
3571 4534 3639 4605 τῇ
3690 4533 3845 4606 βασι-

2197 4613 2381 4689 λίσσῃ.
2414 4615 2808 4687 Ζηλοτυπήσας
2852 4616 2941 4671 οὖν
2997 4619 3024 4672 6
3066 4617 3208 4674 Λέων
3255 4620 3599 4694 ἀποκαρῆναι
3647 4625 3842 4675 τοῦτον

2191 4706 2481 4780 προσέταξε
2538 4707 2803 4782 μοναχὸν,
2862 4707 2950 4762 καὶ
3013 4708 3126 4778 μετ’
3177 4708 3241 4762 ού
3299 4707 3443 4764 πολύ
3489 4707 3841 4764 ἀνακαλεῖται

2188 4798 2403 4865 τοῦτον,
2447 4794 2536 4848 καὶ
2592 4793 2930 4864 ἀποδυθῆναι
2979 4795 3238 4860 κελεύσας
3285 4797 3351 4851 τὰ
3411 4799 3686 4874 μοναχικὰ
3734 4796 3840 4872 ἅμ-

2189 4905 2304 4960 φια,
2364 4883 2453 4937 καὶ
2503 4885 2772 4956 κοσμικὴν
2833 4880 3218 4954 περιϐαλέσθαι
3269 4885 3494 4959 στολὴν,
3549 4885 3765 4959 μᾶλλον
3800 4889 3836 4957 ἢ

2187 4973 2452 5047 πρότερον
2508 4974 2670 5028 αὐτὸν
2744 4973 3056 5046 ᾠκειώσατο
3095 5019 3107 5032 .
3179 4976 3297 5032 Ούκ
3348 4975 3542 5031 ἀνεκτὰ
3598 4973 3643 5030 δ’
3700 4980 3836 5046 ἦσαν

2185 5065 2351 5115 ταῦτα
2399 5066 2474 5132 τῷ
2516 5067 2776 5134 Σαμωνᾷ.
2811 5064 3006 5139 Γράφει
3034 5063 3214 5118 τοίνυν
3249 5061 3500 5139 λοίδορόν
3550 5087 3604 5120 τι
3651 5087 3838 5142 γραμ-

2189 5151 2380 5222 μάτιον
2424 5148 2512 5204 διά
2556 5172 2702 5213 τινος
2759 5156 2866 5206 τῶν
2917 5151 3102 5223 αὐτοῦ,
3153 5154 3241 5208 καὶ
3280 5159 3440 5209 τοῦτο
3493 5154 3668 5231 ῥίπτει
3716 5153 3836 5211 ἔνθα

2185 5240 2213 5294 6
2260 5237 2514 5313 βασιλεὺς
2561 5237 2921 5296 διελεύσεσθαι
2981 5238 3244 5316 ἔμελλεν,
3296 5241 3428 5319 ὅπερ
3478 5245 3648 5316 εὑρὼν
3701 5245 3837 5301 {xti-

1683 5419 1887 5480 Varim
1932 5419 2235 5481 lectiones
2281 5425 2342 5482 et
2384 5427 2571 5483 nolse.

472 5556 548 5638 (9)
579 5558 689 5622 Τῆς
798 5553 1029 5638 tce-tie.
1053 5551 1255 5635 Lupus
1286 5551 1690 5638 Prom-spatha;
1706 5573 1719 5610 :
1758 5555 1906 5612 Anno
1934 5557 2059 5625 913,

2203 5597 2210 5610 .
2247 5556 2302 5626 1,
2338 5566 2634 5614 coronatus
2681 5568 2760 5616 est
2810 5562 3165 5617 Constantius
3195 5561 3660 5638 (Constantinus)
3690 5567 3826 5638 imp.

400 5626 552 5701 ﬁlius
579 5627 834 5698 praedicti
867 5626 1075 5696 Leonis,
1111 5626 1208 5695 qui
1237 5627 1488 5692 regnavit
1517 5642 1589 5680 an
1627 5627 1709 5680 47.
