4156 6214
348 375 410 436 81
1616 374 2026 438 ANNALIUM

2073 379 2218 440 LlB.
2266 383 2424 447 XVI.
3659 379 3738 439 82

346 510 742 573 Κωνσταντῖνος,
800 501 1123 578 δομέστικος
1178 500 1252 559 ὥν
1298 507 1407 559 τῶν
1469 504 1717 580 σχολῶν,
1749 505 1837 561 καὶ
1866 508 1957 576 τήιΙ

2079 518 2205 570 tum
2239 517 2439 574 aberat
2468 519 2542 574 ab
2569 517 2755 590 urbe).
2784 515 2998 589 partim
3029 513 3209 571 veluti
3250 512 3534 569 scintillas
3575 513 3735 584 cupi-

343 597 424 648 τοῦ
478 589 830 668 Ἀλεξάνδρου
884 591 1280 666 ἐνωτισάμενος
1335 591 1620 665 τελευτὴν,
1657 593 1969 668 (ἀπεδήμει

342 685 429 757 γὰρ
458 687 553 750 τῆς
589 679 874 756 βασιλιδος
926 687 1034 737 τῶν
1089 680 1326 754 πόλέων)
1385 684 1448 738 τὸ
1500 683 1592 756 μέν
1649 705 1700 737 τι
1733 683 1790 737 ’ὸν
1819 682 1970 758 ἔκρυ-

339 792 450 827 πτεν
486 771 588 826 ὑπὸ
621 768 820 842 σποδιᾷ
857 779 1128 849 σπινθῆρα
1175 776 1271 827 τού
1325 771 1524 847 ἔρωτος
1558 779 1657 841 τῆς
1690 772 1966 847 βασιλείου

338 862 497 935 ἀρχῆς
554 859 907 915 ἐκκαλύπτων
966 883 1024 915 τε
1073 860 1159 915 καὶ
1213 860 1603 936 ἀναρριπίζων,
1659 861 1722 914 τὸ
1767 858 1823 915 δὲ
1873 861 1964 915 καὶ

338 951 415 1004 ὑπ’
469 946 656 1003 ἄλλων
708 949 846 1025 πρὸς
894 954 1056 1005 τοῦτο
1114 949 1514 1026 ἐρεθιζόμενος,
1573 951 1646 1004 ὧν
1701 951 1773 1011 εἷς
1831 951 1961 1004 εἶναι

333 1037 529 1112 λέγεται
564 1040 672 1109 (16)
705 1039 795 1092 καὶ
846 1039 874 1092 6
921 1037 1270 1114 πατριάρχης
1310 1034 1604 1108 Νικόλαος,
1637 1040 1832 1112 (μήπω
1859 1039 1960 1115 γὰρ

324 1134 410 1195 τῆς
462 1131 556 1180 τοῦ
615 1123 976 1203 Ἀλεξάνδρου
1037 1125 1302 1198 διαθήκης
1358 1127 1812 1204 ἀναγνωσθείσης,
1864 1127 1962 1182 οὐκ

322 1211 428 1288 ᾔδει
475 1215 564 1269 καὶ
621 1215 787 1277 αὐτὸς
847 1215 1344 1290 καταλελειμμένος
1402 1216 1716 1294 ἰπίτροπος)
1771 1237 1960 1289 τυραν-

320 1301 414 1358 νίδι
467 1306 577 1377 (17)
668 1303 1071 1381 ἐπικεχείρηκε,
1144 1305 1234 1360 καὶ
1307 1305 1435 1369 τοὺς
1515 1307 1793 1383 ἐκκρίτους
1847 1311 1954 1360 τῶν

321 1392 722 1470 στρατευμάτων
801 1390 1134 1470 παραλαϐὼν
1215 1399 1294 1468 τῷ
1378 1397 1652 1469 Βυζαντίῳ
1711 1393 1956 1466 ἐπιδεδή-

320 1503 466 1554 μηκε,
526 1483 619 1536 καὶ
682 1480 774 1537 διὰ
829 1503 978 1547 τινος
1034 1481 1262 1546 πυλίδος
1309 1486 1499 1547 νυκτὸς
1559 1484 1813 1549 εἰσελθὼν
1855 1485 1955 1552 τὴν

314 1575 398 1624 τοῦ
446 1569 830 1645 Ἰπποδρόμου
891 1570 1073 1642 πύλην
1136 1573 1271 1645 μετά
1321 1571 1623 1647 λαμπάδων
1680 1571 1957 1646 καταλαμ-

314 1654 468 1728 ϐάνει,
514 1659 607 1714 καί
664 1681 818 1722 τινας
869 1665 977 1715 τῶν
1030 1660 1408 1736 συγκλητικῶν
1467 1665 1954 1738 προσεταιρισάμε-

311 1769 408 1815 νος,
438 1745 666 1803 πολλοῦ
725 1750 813 1803 καὶ
876 1747 1170 1822 δημώδους
1218 1748 1392 1827 ὅχλαν
1456 1752 1949 1827 συναθροισθέντος,

310 1838 355 1890 οἳ
384 1837 466 1890 καὶ
498 1837 573 1899 ὡς
608 1837 844 1912 βασιλέα
901 1839 1061 1894 αὐτὸν
1122 1839 1400 1918 εὐφήμουν
1455 1841 1544 1896 καὶ
1594 1842 1944 1916 ἀνηγόρευον.
1976 1879 2025 1944 Β

310 1929 372 1944 In-
444 1923 486 1944 θ’
523 1925 537 1944 ἱ
617 1928 632 1944 \
754 1927 767 1944 \
915 1926 956 1944 IK
1149 1929 1162 1944 ι
1240 1931 1253 1944 1
1429 1930 1441 1944 1
1675 1932 1687 1944 ε

308 1929 409 1980 Τῶν
441 1923 486 1980 δ’
519 1925 676 1989 ἐντὸς
707 1927 806 1989 τὰς
858 1926 1036 1992 πύλας
1094 1929 1170 2004 μὴ
1229 1930 1608 2006 ἀνοιγνύντων,
1668 1932 1696 1985 6
1724 1950 1941 2006 πρωτο-

311 2017 541 2092 πράτωρ
573 2020 676 2070 τυῦ
737 2017 1145 2073 Κωνσταντίνου
1191 2025 1310 2081 ταῖς
1356 2019 1512 2096 χερσί
1543 2019 1818 2082 πεποιθὼς
1852 2017 1940 2072 καὶ

307 2103 614 2179 θρασύτερον
679 2104 1016 2181 προσαραξαι
1088 2106 1185 2169 τὰς
1247 2107 1422 2170 πύλας
1472 2109 1562 2163 καὶ
1616 2104 1939 2164 καταϐαλεῖν

309 2187 640 2266 ϐιαζόμενος,
700 2192 945 2249 νύττεται
1004 2195 1182 2271 λόγχῃ
1230 2197 1376 2272 παρά
1420 2203 1517 2253 τοῦ
1543 2203 1648 2252 τῶν
1679 2195 1826 2253 ἔνδον
1857 2195 1945 2252 διά

309 2282 442 2344 τινὸς
471 2282 729 2360 ἀμυχῆς,
787 2283 876 2338 καὶ
929 2285 956 2339 6
1011 2284 1106 2358 μὲν
1147 2286 1214 2355 ἦν
1256 2285 1445 2342 αὐτίκα
1473 2287 1678 2363 νεκρός.
1712 2288 1769 2342 Ὀ
1801 2285 1858 2342 δέ
1887 2308 1947 2362 γε

314 2377 678 2435 Κωσταντῖνος
767 2372 960 2428 ἐκεῖθεν
1031 2373 1107 2438 εἷς
1183 2373 1246 2430 τὸ
1311 2381 1417 2430 τῶν
1495 2375 1675 2432 ἵππων
1735 2375 1944 2432 ἄπεισιν

315 2457 724 2536 ἁμιλλητήριον
771 2461 1014 2537 θέατρον,
1069 2462 1182 2517 εἶτα
1233 2463 1309 2526 εἷς
1350 2467 1448 2534 τήν
1481 2465 1782 2541 λεγομένην
1810 2465 1949 2534 ἦλθε

315 2548 542 2623 Χαλκῇν,
593 2551 694 2605 καὶ
755 2549 886 2627 ἄχρι
943 2556 1050 2606 τῶν
1111 2548 1430 2625 ἐξκουϐίτων
1475 2554 1769 2631 προῆλθεν.
1801 2556 1860 2613 Ὁ
1892 2552 1950 2610 δὲ

319 2643 413 2692 τῶν
473 2640 793 2716 ἐπιτρόπων
856 2640 929 2702 εἷς
987 2641 1014 2695 6
1075 2655 1371 2718 μαγιστρος
1430 2644 1676 2716 Ἰωάννης
1731 2646 1760 2699 6'
1790 2643 1949 2701 Ἐλα-

316 2723 420 2796 Sic,
474 2728 531 2783 ἐκ
586 2734 705 2784 τῶν
768 2730 1016 2806 ἑταιριῶν
1048 2732 1137 2785 καὶ
1195 2736 1301 2786 τῶν
1357 2731 1628 2808 πλωΐμων
1688 2733 1949 2806 συλλέξας

315 2817 469 2890 τινὰς,
503 2818 964 2888 ἀντικαταστῆναι
1017 2824 1096 2892 τῷ
1151 2826 1498 2896 τυραννοῦντι
1557 2823 1752 2887 αὐτοὺς
1777 2824 1954 2895 ἑξαπέ-

323 2905 502 2963 στειλε.
553 2907 667 2965 Καὶ
717 2907 1045 2982 συμπλοκῆς
1099 2911 1420 2985 γενομένης,
1473 2911 1680 2968 πολλοὶ
1737 2915 1954 2970 πεπτώ-

321 3016 457 3050 κασιν
513 2995 874 3071 ικατέρωθεν,
934 2996 1163 3073 ἔσφακτο
1223 2996 1280 3054 δὲ
1335 3000 1423 3055 καὶ
1474 3002 1755 3078 Γρὴγορᾶς
1804 3001 1956 3059 ὁτοῦ

329 3083 486 3139 Δούκα
516 3085 662 3154 υἱὸς,
693 3084 783 3139 καὶ
843 3086 871 3138 6
921 3085 1138 3160 ἀνεψιός
1169 3086 1335 3142 αὐτοῦ
1383 3089 1638 3164 Μιχαήλ,
1665 3091 1753 3144 καὶ
1785 3097 1957 3166 Κουρ-

2082 605 2282 662 ditatis
2315 607 2545 679 imperii
2568 625 2715 679 quas
2740 607 2850 662 sub
2881 605 3176 661 cineribus
3198 603 3735 674 tegebat,detegens

2081 700 2137 749 et
2178 696 2469 753 ventilans
2530 713 2542 752 :
2587 698 2803 768 partim
2855 696 2926 750 ab
2959 695 3091 750 aliis
3145 707 3379 764 quoque
3430 689 3733 756 incitatus,

2079 800 2326 854 quorum
2358 803 2509 841 unus
2533 786 2714 841 fuisse
2738 785 3078 857 perhibetur
3099 779 3432 854 patriarcha
3456 778 3730 834 Nicolaus

2075 873 2235 943 (nam
2266 874 2577 930 Alexandri
2610 878 2959 930 testamento
2992 872 3253 928 nondum
3285 869 3456 936 lecto,
3492 869 3728 940 ignora-

2073 962 2172 1018 bat
2203 979 2265 1019 se
2297 981 2530 1036 quoque
2578 963 2844 1019 relictum
2876 979 3004 1018 esse
3033 961 3330 1027 tutorem),
3355 957 3725 1030 tyrannidem

2073 1052 2306 1122 invasit,
2322 1052 2682 1124 delectisque
2705 1051 2993 1106 militibus
3016 1047 3357 1120 assumptis,
3380 1045 3723 1118 Byzantium

2070 1145 2243 1196 noctu
2305 1159 2405 1214 per
2459 1143 2782 1213 quamdam
2834 1140 3128 1212 portulam
3179 1137 3506 1209 ingressus,
3567 1133 3719 1190 Circi

2068 1231 2356 1298 equestris
2387 1237 2612 1303 portam
2646 1248 2779 1286 cum
2812 1230 3036 1286 facibus
3085 1231 3350 1298 occupat,
3397 1223 3722 1279 conciliatis

2066 1317 2178 1374 sibi
2210 1319 2580 1375 senatoribus
2609 1318 2982 1388 quibusdam,
3016 1320 3073 1371 et
3095 1329 3309 1385 magna
3339 1310 3525 1384 plebis
3545 1310 3721 1365 turba

2066 1413 2438 1481 congregata,
2490 1407 2591 1480 qui
2639 1424 2774 1462 eum
2817 1406 3030 1461 faustis
3072 1405 3344 1459 omnibus
3401 1415 3714 1472 proseque-

2066 1495 2301 1565 bantur,
2365 1501 2421 1552 et
2477 1498 2891 1568 imperatorem
2939 1493 3294 1549 salutabant.
3354 1488 3709 1544 Custodibus

2066 1593 2260 1642 autem
2292 1592 2517 1660 portam
2548 1604 2664 1642 non
2711 1584 3126 1657 aperientibus,
3160 1578 3526 1637 Constantini
3575 1577 3712 1632 Pro-

2065 1678 2366 1741 tostrator,
2398 1676 2676 1732 manibus
2717 1677 2920 1740 fretus,
2954 1674 3094 1728 dum
3138 1687 3267 1726 eam
3301 1667 3580 1725 audacius
3611 1682 3713 1721 cae-

2064 1763 2198 1819 dere
2228 1769 2286 1819 et
2315 1765 2586 1820 revellere
2619 1763 2844 1834 nititur,
2892 1779 2996 1834 per
3044 1761 3306 1815 foramen
3333 1759 3536 1812 lancea
3565 1771 3673 1809 con
3693 1783 3711 1793 -

2063 1852 2280 1919 fossus,
2314 1853 2515 1908 statim
2545 1852 2801 1909 concidit
2846 1850 3153 1907 exanimis.
3184 1849 3258 1903 At
3286 1844 3706 1902 Constantinus

2055 1940 2191 1995 inde
2221 1941 2279 1995 in
2311 1942 2677 2012 equestrium
2701 1940 3084 1997 certaminum
3108 1939 3398 1994 theatrum
3431 1932 3700 1990 discedit.

2059 2025 2276 2082 Deinde
2326 2029 2384 2082 in
2416 2028 2686 2093 Chalcen,
2729 2032 2787 2083 et
2818 2043 3002 2099 usque
3031 2027 3102 2083 ad
3136 2025 3540 2081 excubitorum
3589 2025 3706 2077 sta-

2054 2119 2272 2175 tionem
2308 2117 2921 2191 progreditur.Verum
2948 2133 3104 2172 unus
3129 2120 3414 2182 tutorum,
3446 2116 3702 2168 Joannes

2056 2205 2265 2261 Eladas
2313 2205 2596 2277 magister
2634 2206 2887 2277 quodam
2923 2221 2991 2260 ex
3021 2201 3434 2258 soladitatibus
3463 2206 3519 2255 et
3549 2198 3705 2254 clas-

2057 2294 2252 2350 siariis
2273 2293 2545 2349 collectos
2571 2293 2754 2360 misit,
2777 2297 2843 2348 ut
2865 2296 3110 2364 tyranno
3133 2289 3706 2359 resisterent.Pugna

2057 2383 2397 2452 commissa,
2442 2382 2613 2438 multi
2656 2383 2889 2453 utrique
2930 2381 3312 2437 ceciderunt:
3345 2394 3531 2434 caecus
3560 2381 3710 2432 Grie-

2057 2488 2229 2543 goras
2277 2472 2447 2528 Ducaa
2497 2471 2676 2538 illius,
2727 2475 2786 2526 et
2842 2468 3125 2542 patruelis
3171 2469 3300 2540 ejus
3355 2466 3598 2522 Michael
3655 2475 3715 2527 et,

2055 2561 2351 2618 Curticius
2383 2560 2717 2616 Armenius.
2748 2559 2831 2616 0b
2863 2558 2971 2614 hos
3005 2557 3257 2614 amissos
3287 2555 3712 2613 Constantinus

2059 2651 2284 2720 dolens,
2319 2651 2459 2706 dum
2500 2650 2816 2706 exercitum
2863 2665 3038 2704 suum
3071 2648 3546 2711 confirmaturus,
3575 2661 3713 2700 con-

2060 2738 2238 2793 citato
2269 2753 2417 2809 equo
2458 2736 2516 2792 in
2565 2737 2816 2809 primam
2865 2736 3046 2792 aciem
3078 2733 3436 2807 provehitur,
3472 2749 3622 2804 equo
3652 2731 3712 2787 in

2063 2826 2185 2882 solo
2216 2827 2435 2882 tabulis
2465 2826 2714 2899 lapideis
2745 2830 2928 2882 strato
2955 2824 3250 2898 prolapso,
3275 2823 3711 2896 praecipitatur:

2061 2917 2157 2974 cui
2187 2916 2426 2988 quidam
2482 2916 2682 2972 statim
2731 2919 2906 2988 caput
2934 2917 3225 2988 amputat,
3252 2913 3428 2984 idque
3458 2912 3715 2984 impera-

2063 3006 2174 3061 tori
2235 3005 2618 3062 Constantino
2671 3005 2856 3076 offert,
2916 3021 3018 3076 per
3073 3000 3494 3058 occidentalem
3553 2998 3715 3056 aurei

2065 3094 2303 3150 triclinii
2325 3099 2550 3166 portam
2583 3093 2906 3165 ingressus,
2930 3091 3428 3164 quemadmodum
3462 3094 3570 3145 Leo
3603 3089 3714 3143 im-

323 3173 478 3238 τίκιος
547 3176 577 3229 6
645 3175 960 3250 Ἀρμένιος.
1035 3174 1264 3239 Τούτοις
1336 3175 1428 3232 οὗν
1500 3178 1871 3254 περιαλγήσας
1928 3181 1957 3234 6

2069 3188 2301 3256 perator
2363 3182 2718 3239 vaticinatus
2767 3182 2982 3238 fuerat.
3023 3180 3466 3237 Constantinum
3515 3182 3714 3234 autem

325 3266 745 3330 Κωνσταντῖνος,
791 3261 880 3317 καί
926 3263 987 3318 τὸ
1041 3263 1243 3319 οἰκεῖον
1292 3264 1588 3342 ἐπιρρῶσαι
1637 3268 1956 3342 προθυμού-

2068 3272 2287 3328 Ducam
2319 3273 2564 3345 imperio
2599 3288 2713 3328 non
2737 3272 3080 3344 potiturum,
3113 3268 3452 3341 imperatori
3481 3271 3536 3323 et
3564 3266 3716 3323 auli-

327 3371 466 3422 μενος
491 3351 793 3428 σύνταγμα,
845 3352 937 3408 τὸν
988 3350 1152 3409 ἵππον
1187 3352 1409 3426 ἤλαυνε,
1466 3357 1724 3430 συμμίξαι
1785 3357 1956 3423 θέλων

318 3444 424 3502 τοῖς
454 3438 764 3518 ἔμπροσθεν
801 3458 815 3473 ⁸
875 3441 1215 3517 ἑστρωμένου
1263 3441 1320 3498 δὲ
1347 3448 1444 3499 τοῦ
1474 3443 1704 3524 ὲδάφους
1735 3447 1956 3522 πλαξιν,

324 3527 692 3600 ὑπολισθῆσας
753 3531 781 3585 6
840 3528 1008 3594 ἵππος
1055 3529 1208 3586 ἔπεσε
1257 3532 1346 3587 καὶ
1393 3534 1485 3588 τὸν
1544 3531 1815 3608 ἀναϐάτην
1856 3559 1954 3592 κα-

319 3619 550 3694 τήνεγκε,
581 3618 676 3674 καί
730 3640 815 3681 τις
872 3619 1019 3692 αύτῷ
1071 3619 1224 3682 εὐθύς
1289 3620 1532 3678 ἐπελθὼν
1590 3623 1800 3699 ἐξέτεμε
1855 3629 1954 3697 τὴν

322 3704 466 3760 αὐτοῦ
519 3707 772 3786 κεφαλὴν
827 3709 942 3782 (18)
989 3708 1079 3763 καὶ
1143 3714 1222 3782 τῷ
1291 3710 1506 3785 βασιλεῖ
1559 3716 1952 3791 Κωνσταντίνῳ

321 3798 668 3872 προσήνεγκε,
748 3794 837 3851 διὰ
889 3804 988 3866 τῆς
1058 3795 1278 3869 δυτικῆς
1341 3800 1437 3854 τοὺ
1493 3803 1951 3878 Χρυσοτρικλίνου

325 3882 484 3955 πύλης
545 3885 835 3958 εἷ’σνλθὼν,
893 3886 1029 3941 κατὰ
1105 3889 1205 3956 τὴν
1287 3888 1587 3967 πρύρῥητιν
1642 3899 1738 3948 τοῦ
1800 3896 1950 3971 βασι-

325 3969 600 4037 λεύσαντος
651 3972 900 4037 Λέοντος.
957 3976 1079 4033 Ὃτι
1138 3973 1195 4030 δὲ
1253 3976 1313 4032 οὐ
1371 3978 1606 4049 τεύξεται
1665 3983 1693 4036 ὁ
1751 3969 1953 4050 Δούκας

325 4061 680 4150 Κωσταντῖνος
737 4065 834 4132 τῆς
895 4063 1192 4138 βασιλείας,
1241 4067 1332 4120 καὶ
1391 4067 1608 4144 ἑτέρωθι
1657 4077 1774 4136 τοῖς
1827 4074 1951 4150 περῖ

323 4149 401 4203 τὸν
483 4151 714 4227 βασιλέα
798 4151 1124 4228 έπέγνωστο.
1186 4155 1286 4211 Ἦν
1360 4159 1460 4233 γάρ
1538 4181 1621 4222 τις
1707 4149 1951 4234 τελώνης

324 4238 598 4324 ῌικόλαος,
679 4241 739 4305 ὃς
813 4243 1098 4316 χρεώστης
1186 4243 1412 4300 πολλῶν
1495 4252 1798 4323 χρημάτων
1873 4257 1954 4324 τῷ

325 4322 561 4402 δημοσίῳ
611 4329 924 4404 γενόμενος,
998 4331 1135 4407 πρὸς
1186 4331 1317 4394 τοὺς
1392 4322 1745 4408 Ἰσμαηλίτας
1799 4322 1950 4394 κατέέ

324 4435 460 4490 φυγε,
520 4418 614 4472 καὶ
677 4420 776 4488 τὴν
861 4418 1040 4474 πίστιν
1119 4420 1535 4496 ἐξομοσάμενος,
1595 4425 1949 4504 ἀστρολογίαν

328 4505 515 4578 μετῄει.
569 4504 742 4569 Οὗτος
793 4511 874 4580 κῷ
922 4507 1185 4584 λογοθέτῃ
1238 4516 1333 4565 τοῦ
1391 4509 1602 4589 δρόμου
1632 4515 1951 4573 ἀπιστάλκει

2067 3361 2149 3418 cis
2179 3362 2356 3418 etiam
2406 3361 2642 3417 aliunde
2673 3360 3028 3416 innotuerat.
3073 3363 3210 3414 Erat
3255 3358 3495 3430 quidam
3529 3355 3718 3429 publi-

2065 3469 2247 3507 canus
2302 3451 2598 3516 Nicolaus,
2646 3451 2745 3522 qui
2777 3449 2985 3522 grandi
3016 3462 3126 3504 aere
3162 3447 3350 3503 alieno
3382 3445 3716 3518 reipublicae

2065 3540 2404 3607 obstrictus,
2465 3539 2736 3609 abjurata
2791 3535 3089 3608 religione,
3142 3536 3212 3591 ad
3275 3535 3598 3591 Ismaelitas
3655 3549 3718 3588 se

2065 3629 2413 3693 contulerat,
2445 3633 2501 3683 et
2553 3626 2928 3696 astrologiam
2973 3624 3282 3680 tractabat.
3315 3623 3470 3679 184
3501 3623 3555 3678 Is
3588 3637 3716 3678 cur-

2064 3737 2166 3777 sus
2197 3717 2414 3790 publici
2444 3715 2747 3787 logothetae
2768 3713 2993 3769 litteras
3025 3712 3286 3782 miserat,
3324 3728 3570 3784 quarum
3596 3711 3716 3765 haec

2063 3824 2298 3866 summa
2340 3810 2464 3862 erat
2515 3822 2527 3860 :
2581 3803 2761 3861 Nolite
2804 3805 2998 3858 timere
3037 3820 3072 3858 a
3113 3804 3261 3858 Duca
3290 3819 3308 3856 :
3338 3818 3471 3856 nam
3516 3809 3716 3856 temere

2062 3899 2218 3954 nobis
2250 3897 2412 3953 rebus
2440 3895 2698 3961 studebit,
2742 3897 2795 3949 et
2822 3893 3009 3948 statim
3037 3891 3290 3964 funditus
3318 3890 3547 3962 peribit.
3599 3888 3713 3944 De-

2062 3988 2313 4043 fectione
2341 4000 2695 4057 compressa,
2738 3980 3002 4038 seditiosi
3053 3997 3217 4037 socer
3268 3979 3549 4051 magister
3575 3981 3714 4032 Gre-

2063 4079 2320 4149 goras,et
2348 4075 2456 4130 Leo
2480 4071 3073 4144 Chraarosphactes,1n
3097 4070 3364 4140 Magnam
3394 4067 3714 4124 Ecclesiam

2065 4182 2125 4221 se
2155 4164 2528 4220 contulerunt
2557 4179 2572 4217 :
2605 4179 2753 4234 quos
2785 4165 3008 4216 tutores
3039 4159 3173 4214 inde
3199 4159 3415 4229 ejectos
3448 4157 3716 4214 totonde-

2064 4262 2218 4321 runt,
2254 4261 2315 4310 ut
2337 4253 2394 4308 in
2428 4250 2778 4307 monasterio
2810 4249 2997 4305 Studii
3031 4247 3302 4303 monachi
3333 4245 3715 4303 essent.Alios

2065 4343 2261 4413 ﬂagris
2301 4358 2483 4398 caesos
2527 4341 2582 4395 in
2635 4338 2935 4409 triumpho
2985 4337 3523 4404 circumduxerunt,
3566 4351 3713 4390 non-

2065 4431 2246 4488 nullis
2294 4431 2494 4486 oculos
2542 4428 2888 4493 effoderunt,
2938 4426 3227 4497 quosdam
3263 4425 3710 4494 obtruncarunt,

2064 4522 2212 4576 alios
2259 4538 2294 4575 a
2350 4516 2693 4590 Chrysopoli
2738 4531 2928 4586 usque
2979 4516 3050 4570 ad
3102 4520 3407 4572 Leucatem
3441 4514 3710 4570 trabibus

321 4596 649 4684 γραμμάτιον
679 4617 691 4630 ·
752 4597 786 4666 ἠ
848 4593 907 4652 δὶ
949 4596 1147 4653 τούτου
1199 4598 1496 4674 περίληψις
1547 4602 1613 4672 ἢν
1669 4605 1891 4677 τοιαύτη
1932 4625 1944 4638 ·

2066 4610 2388 4665 afﬁxerunt.
2439 4599 2526 4662 Aci
2569 4605 2768 4678 plures
2830 4619 3034 4660 eorum
3079 4603 3313 4659 licentia
3376 4602 3709 4674 periissent,

438 4771 442 4772 γ
478 4678 758 4762 φοϐηθῆτε
833 4687 938 4740 ἀπὸ
1016 4691 1112 4742 τοῦ
1187 4688 1365 4743 Δούκα
1396 4711 1409 4724 ·
1484 4692 1784 4770 νεωτερίσει
1842 4696 1946 4772 γὰρ

327 4768 572 4848 ἀφρόνως,
629 4775 720 4829 καὶ
791 4775 987 4840 εὐθέως
1060 4774 1532 4853 όλοθρευθήσεται.
1601 4768 1698 4838 Καὶ
1755 4786 1790 4854 ἡ
1855 4768 1949 4860 μὶν

2063 4699 2176 4754 nisi
2209 4698 2449 4770 quidam
2490 4712 2560 4752 ex
2580 4693 2886 4766 judicibus
2922 4710 3021 4749 eas
3051 4709 3083 4747 a
3112 4691 3440 4748 temeritate
3467 4691 3571 4746 illa
3600 4707 3708 4763 pu-

2057 4787 2257 4844 niendi
2307 4784 2705 4855 retraxissent,
2751 4781 3093 4854 hujusmodi
3141 4780 3337 4840 verbis
3383 4799 3396 4837 :
3456 4782 3574 4838 Cur
3619 4795 3710 4837 vos

1586 4980 1788 5044 Variae
1816 4981 2118 5048 lectiones
2146 4989 2210 5047 et
2239 4987 2428 5045 notae.

324 5132 452 5212 914,
479 5154 512 5212 a
545 5155 662 5212 quo
693 5143 1030 5208 excusatur,
1069 5136 1396 5212 multisque
1421 5141 1699 5201 laudlbus
1727 5147 1965 5204 extolli-

327 5209 430 5276 tur,
459 5211 529 5265 ob
559 5209 690 5267 vita
721 5212 1098 5278 probitatem,
1134 5216 1191 5266 et
1220 5209 1494 5270 bellicam
1525 5216 1823 5273 virtutem.

393 5281 494 5363 (16)
701 5280 777 5363 εἷς
823 5283 974 5363 εἶναι.
1007 5280 1257 5363 λέγεταιζ
1298 5287 1460 5363 Quod
1519 5294 1576 5344 et
1621 5294 1871 5346 testatur
1900 5289 1960 5345 in

332 5355 708 5429 pri‘mjsgidem
738 5355 1158 5429 Cregoriu_s,i_c.
1197 5356 1262 5409 10
1292 5363 1352 5429 et
1380 5358 1468 5412 11.

366 5421 956 5506 ’(1ἷ)Τυραννίδι.-νΙΠ
1012 5421 1357 5506 hujusmodi
1396 5430 1728 5506 reipublicae
1771 5435 1960 5488 muta-

343 5494 970 5575 tionibus,'sceptrique
1019 5494 1110 5554 ab'
1141 5515 1258 5575 una
1297 5494 1519 5556 familia
1549 5505 1619 5558 ad
1654 5504 1829 5558 aliam
1863 5521 1963 5575 per

341 5570 760 5641 usurpationem
813 5570 915 5628 aut
971 5570 1341 5644 tyrannidem
1400 5575 1804 5644 translatione,
1847 5570 1962 5632 fere

345 5644 894 5731 fmper‘accidebat,
930 5641 1016 5699 ut'
1037 5641 1269 5727 imperii
1302 5645 1615 5717 provinciis
1664 5641 1838 5731 paulo
1869 5664 1960 5702 re-

346 5714 689 5790 motioribus,
721 5715 1038 5775 seditiones
1061 5714 1320 5788 novique
1345 5722 1542 5774 motus
1572 5714 1964 5776 excitarentur

2074 5148 2489 5220 Liutprandus,
2523 5145 2564 5201 l.
2626 5162 2688 5217 ιι,
2731 5161 2779 5200 c.
2843 5142 2955 5220 12;
3018 5146 3085 5220 Et
3129 5145 3270 5220 sicut
3316 5143 3466 5216 ﬁerit
3495 5143 3716 5220 assolet.

2067 5216 2246 5292 primb
2278 5236 2379 5292 quo
2425 5216 2693 5276 Romanus
2736 5216 2975 5292 suscepit
3016 5219 3338 5292 imperium,
3382 5216 3624 5292 populi;
3661 5216 3718 5292 ei

2069 5285 2299 5362 'gentesf
2329 5293 2638 5362 praesertim
2683 5285 3055 5354 Ἀνατολικαὶ,
3099 5285 3208 5344 ’ἡοσ
3242 5285 3334 5345 est
3368 5287 3716 5360 Orientales.)

2070 5365 2200 5420 view
2228 5367 2356 5418 sunt
2385 5364 2672 5419 rebellare.

2142 5435 2255 5507 (18)
2309 5433 2556 5505 Ἐξέτεμε
2607 5433 2704 5501 τὴν
2766 5425 3033 5507 κεφαλήν,
3083 5429 3171 5507 Ita
3234 5432 3342 5507 ξιεο
3405 5430 3715 5507 (ἴωσι-τρα-

2069 5500 2248 5578 tiens,
2280 5500 2572 5578 Scylitzés,
2610 5500 2946 5578 Legotheta,
2973 5505 3041 5578 _et_
3062 5500 3184 5578 alii.
3222 5503 3292 5578 ᾼι
3323 5507 3533 5578 auctor
3576 5501 3713 5556 Vitae

2069 5577 2127 5632 S.
2169 5571 2651 5634 BasiliiluniOris
2690 5571 2926 5645 sagittis
2969 5573 3090 5627 ictu
3121 5571 3181 5645 in
3213 5573 3415 5628 dextra
3442 5573 3712 5645 vulnera-

2071 5654 2196 5704 tum
2229 5649 2415 5721 primo
2447 5648 2670 5718 scribit,
2702 5641 3096 5716 continuoque
3128 5641 3185 5698 in
3219 5647 3436 5702 terram
3468 5644 3716 5702 decidis-

2071 5736 2154 5792 se,
2182 5725 2500 5794 posteaque
2527 5721 2972 5790 interemptum.
