  <div class='ocr_page' id='page_1' title='image "/cluster/home/n/w/nwhite01/storage/ocr_20150623/135/hvd.32044073502528/047.png"; bbox 0 0 4156 6214; ppageno 0'>
   <div class='ocr_carea' id='block_1_1' title="bbox 366 393 3781 468">
    <p class='ocr_par' dir='ltr' id='par_1_1' title="bbox 366 393 3781 468">
     <span class='ocr_line' id='line_1_1' title="bbox 366 393 3781 468; baseline 0.001 -10"><span class='ocrx_word' id='word_1_1' title='bbox 366 406 443 468; x_wconf 87' lang='lat'>83</span> <span class='ocrx_word' id='word_1_2' title='bbox 1705 393 2036 458; x_wconf 80' lang='lat' dir='ltr'>JOANNIS</span> <span class='ocrx_word' id='word_1_3' title='bbox 2079 394 2420 458; x_wconf 67' lang='lat' dir='ltr'>ZONARE</span> <span class='ocrx_word' id='word_1_4' title='bbox 3700 401 3781 461; x_wconf 77' lang='grc'>84</span> 
     </span>
    </p>
   </div>
   <div class='ocr_carea' id='block_1_2' title="bbox 371 525 2040 610">
    <p class='ocr_par' dir='ltr' id='par_1_2' title="bbox 371 528 2022 610">
     <span class='ocr_line' id='line_1_2' title="bbox 371 528 2022 610; baseline -0.007 -17"><span class='ocrx_word' id='word_1_5' title='bbox 371 541 474 595; x_wconf 76' lang='lat' dir='ltr'>ista</span> <span class='ocrx_word' id='word_1_6' title='bbox 515 536 698 610; x_wconf 69' lang='lat' dir='ltr'>facitis</span> <span class='ocrx_word' id='word_1_7' title='bbox 751 537 972 609; x_wconf 78' lang='lat' dir='ltr'>injussu</span> <span class='ocrx_word' id='word_1_8' title='bbox 1017 531 1532 607; x_wconf 76' lang='lat' dir='ltr'>imperatoris?qui</span> <span class='ocrx_word' id='word_1_9' title='bbox 1583 547 1710 586; x_wconf 82' lang='lat' dir='ltr'>cum</span> <span class='ocrx_word' id='word_1_10' title='bbox 1761 545 1902 601; x_wconf 80' lang='lat' dir='ltr'>puer</span> <span class='ocrx_word' id='word_1_11' title='bbox 1950 528 2022 583; x_wconf 72' lang='lat' dir='ltr'>sit</span> 
     </span>
    </p>
   </div>
   <div class='ocr_carea' id='block_1_3' title="bbox 2149 525 3781 610">
    <p class='ocr_par' dir='ltr' id='par_1_3' title="bbox 2149 525 3781 589">
     <span class='ocr_line' id='line_1_3' title="bbox 2149 525 3781 589; baseline 0.002 -8"><span class='ocrx_word' id='word_1_12' title='bbox 2149 525 2432 584; x_wconf 72' lang='grc' dir='ltr'>ἱποστασία</span> <span class='ocrx_word' id='word_1_13' title='bbox 2534 530 2800 588; x_wconf 73' lang='grc' dir='ltr'>ἐπέπαυτο</span> <span class='ocrx_word' id='word_1_14' title='bbox 2835 575 2847 588; x_wconf 94' lang='grc'><strong>.</strong></span> <span class='ocrx_word' id='word_1_15' title='bbox 2925 535 2982 589; x_wconf 72' lang='grc' dir='ltr'>Ὀ</span> <span class='ocrx_word' id='word_1_16' title='bbox 3078 533 3137 589; x_wconf 76' lang='grc' dir='ltr'>δὲ</span> <span class='ocrx_word' id='word_1_17' title='bbox 3198 537 3295 589; x_wconf 79' lang='grc' dir='ltr'>τοῦ</span> <span class='ocrx_word' id='word_1_18' title='bbox 3375 529 3781 589; x_wconf 86' lang='grc' dir='ltr'>Κωνσταντίνου</span> 
     </span>
    </p>
   </div>
   <div class='ocr_carea' id='block_1_4' title="bbox 373 618 2032 698">
    <p class='ocr_par' dir='ltr' id='par_1_4' title="bbox 373 618 2032 698">
     <span class='ocr_line' id='line_1_4' title="bbox 373 618 2032 698; baseline -0.006 -16"><span class='ocrx_word' id='word_1_19' title='bbox 373 629 436 683; x_wconf 82' lang='lat' dir='ltr'>in</span> <span class='ocrx_word' id='word_1_20' title='bbox 457 643 526 684; x_wconf 82' lang='lat' dir='ltr'>ea</span> <span class='ocrx_word' id='word_1_21' title='bbox 557 641 683 698; x_wconf 68' lang='lat' dir='ltr'>quae</span> <span class='ocrx_word' id='word_1_22' title='bbox 709 629 996 697; x_wconf 80' lang='lat' dir='ltr'>geruntur,</span> <span class='ocrx_word' id='word_1_23' title='bbox 1027 625 1331 680; x_wconf 78' lang='lat' dir='ltr'>consentire</span> <span class='ocrx_word' id='word_1_24' title='bbox 1357 638 1470 678; x_wconf 79' lang='lat' dir='ltr'>non</span> <span class='ocrx_word' id='word_1_25' title='bbox 1509 620 1803 676; x_wconf 82' lang='lat' dir='ltr'>creditur?</span> <span class='ocrx_word' id='word_1_26' title='bbox 1831 618 1941 673; x_wconf 85' lang='lat' dir='ltr'>Sed</span> <span class='ocrx_word' id='word_1_27' title='bbox 1974 621 2032 672; x_wconf 88' lang='lat' dir='ltr'>et</span> 
     </span>
    </p>
   </div>
   <div class='ocr_carea' id='block_1_5' title="bbox 370 705 2029 778">
    <p class='ocr_par' dir='ltr' id='par_1_5' title="bbox 370 705 2029 778">
     <span class='ocr_line' id='line_1_5' title="bbox 370 705 2029 778; baseline -0.007 -7"><span class='ocrx_word' id='word_1_28' title='bbox 370 714 738 772; x_wconf 76' lang='lat' dir='ltr'>Constantini</span> <span class='ocrx_word' id='word_1_29' title='bbox 773 730 1006 770; x_wconf 87' lang='lat' dir='ltr'>uxorem</span> <span class='ocrx_word' id='word_1_30' title='bbox 1043 718 1296 777; x_wconf 88' lang='lat' dir='ltr'>tonsam,</span> <span class='ocrx_word' id='word_1_31' title='bbox 1329 715 1385 766; x_wconf 88' lang='lat' dir='ltr'>et</span> <span class='ocrx_word' id='word_1_32' title='bbox 1416 709 1599 764; x_wconf 97' lang='lat' dir='ltr'>ﬁlium</span> <span class='ocrx_word' id='word_1_33' title='bbox 1633 708 1758 778; x_wconf 82' lang='lat' dir='ltr'>ejus</span> <span class='ocrx_word' id='word_1_34' title='bbox 1787 705 2029 778; x_wconf 85' lang='lat' dir='ltr'>Stepha-</span> 
     </span>
    </p>
   </div>
   <div class='ocr_carea' id='block_1_6' title="bbox 374 797 2029 872">
    <p class='ocr_par' dir='ltr' id='par_1_6' title="bbox 374 797 2029 872">
     <span class='ocr_line' id='line_1_6' title="bbox 374 797 2029 872; baseline -0.008 -12"><span class='ocrx_word' id='word_1_35' title='bbox 374 822 518 860; x_wconf 89' lang='lat' dir='ltr'>num</span> <span class='ocrx_word' id='word_1_36' title='bbox 547 803 818 860; x_wconf 80' lang='lat' dir='ltr'>virilibus</span> <span class='ocrx_word' id='word_1_37' title='bbox 863 802 1130 869; x_wconf 72' lang='lat' dir='ltr'>exsectis,</span> <span class='ocrx_word' id='word_1_38' title='bbox 1173 801 1232 856; x_wconf 92' lang='lat' dir='ltr'>in</span> <span class='ocrx_word' id='word_1_39' title='bbox 1278 797 1736 872; x_wconf 81' lang='lat' dir='ltr'>Paphlagoniam</span> <span class='ocrx_word' id='word_1_40' title='bbox 1787 797 2029 852; x_wconf 87' lang='lat' dir='ltr'>domum</span> 
     </span>
    </p>
   </div>
   <div class='ocr_carea' id='block_1_7' title="bbox 383 887 2031 964">
    <p class='ocr_par' dir='ltr' id='par_1_7' title="bbox 383 887 2031 964">
     <span class='ocr_line' id='line_1_7' title="bbox 383 887 2031 964; baseline -0.006 -15"><span class='ocrx_word' id='word_1_41' title='bbox 383 909 552 949; x_wconf 90' lang='lat' dir='ltr'>suam</span> <span class='ocrx_word' id='word_1_42' title='bbox 585 893 667 948; x_wconf 89' lang='lat' dir='ltr'>ire</span> <span class='ocrx_word' id='word_1_43' title='bbox 715 892 1128 964; x_wconf 76' lang='lat' dir='ltr'>permiserunt.</span> <span class='ocrx_word' id='word_1_44' title='bbox 1172 889 1549 962; x_wconf 89' lang='lat' dir='ltr'>Imperatoris</span> <span class='ocrx_word' id='word_1_45' title='bbox 1579 887 1760 960; x_wconf 81' lang='lat' dir='ltr'>igitur</span> <span class='ocrx_word' id='word_1_46' title='bbox 1806 890 2031 941; x_wconf 82' lang='lat' dir='ltr'>tutores</span> 
     </span>
    </p>
   </div>
   <div class='ocr_carea' id='block_1_8' title="bbox 371 975 2032 1054">
    <p class='ocr_par' dir='ltr' id='par_1_8' title="bbox 371 975 2032 1054">
     <span class='ocr_line' id='line_1_8' title="bbox 371 975 2032 1054; baseline -0.007 -16"><span class='ocrx_word' id='word_1_47' title='bbox 371 987 494 1037; x_wconf 88' lang='lat' dir='ltr'>tam</span> <span class='ocrx_word' id='word_1_48' title='bbox 546 981 878 1054; x_wconf 87' lang='lat' dir='ltr'>patriarcha</span> <span class='ocrx_word' id='word_1_49' title='bbox 935 996 1114 1051; x_wconf 90' lang='lat' dir='ltr'>quam</span> <span class='ocrx_word' id='word_1_50' title='bbox 1174 978 1385 1048; x_wconf 63' lang='lat' dir='ltr'>caeteri,</span> <span class='ocrx_word' id='word_1_51' title='bbox 1438 993 1544 1033; x_wconf 89' lang='lat' dir='ltr'>suo</span> <span class='ocrx_word' id='word_1_52' title='bbox 1597 975 1878 1032; x_wconf 88' lang='lat' dir='ltr'>arbitratu</span> <span class='ocrx_word' id='word_1_53' title='bbox 1941 988 2032 1028; x_wconf 89' lang='lat' dir='ltr'>res</span> 
     </span>
    </p>
   </div>
   <div class='ocr_carea' id='block_1_9' title="bbox 374 1064 2030 1143">
    <p class='ocr_par' dir='ltr' id='par_1_9' title="bbox 374 1064 2030 1143">
     <span class='ocr_line' id='line_1_9' title="bbox 374 1064 2030 1143; baseline -0.007 -16"><span class='ocrx_word' id='word_1_54' title='bbox 374 1075 671 1143; x_wconf 84' lang='lat' dir='ltr'>gerentes,</span> <span class='ocrx_word' id='word_1_55' title='bbox 729 1069 915 1125; x_wconf 90' lang='lat' dir='ltr'>multa</span> <span class='ocrx_word' id='word_1_56' title='bbox 971 1073 1175 1124; x_wconf 90' lang='lat' dir='ltr'>contra</span> <span class='ocrx_word' id='word_1_57' title='bbox 1231 1083 1409 1139; x_wconf 85' lang='lat' dir='ltr'>quam</span> <span class='ocrx_word' id='word_1_58' title='bbox 1443 1065 1722 1138; x_wconf 81' lang='lat' dir='ltr'>oportuit,</span> <span class='ocrx_word' id='word_1_59' title='bbox 1767 1064 2030 1136; x_wconf 80' lang='lat' dir='ltr'>egerunt,</span> 
     </span>
    </p>
   </div>
   <div class='ocr_carea' id='block_1_10' title="bbox 375 1151 2034 1232">
    <p class='ocr_par' dir='ltr' id='par_1_10' title="bbox 375 1151 2034 1232">
     <span class='ocr_line' id='line_1_10' title="bbox 375 1151 2034 1232; baseline -0.005 -16"><span class='ocrx_word' id='word_1_60' title='bbox 375 1177 566 1232; x_wconf 88' lang='lat' dir='ltr'>neque</span> <span class='ocrx_word' id='word_1_61' title='bbox 596 1162 1023 1215; x_wconf 87' lang='lat' dir='ltr'>consenserunt</span> <span class='ocrx_word' id='word_1_62' title='bbox 1051 1158 1205 1214; x_wconf 88' lang='lat' dir='ltr'>inter</span> <span class='ocrx_word' id='word_1_63' title='bbox 1235 1173 1362 1213; x_wconf 81' lang='lat' dir='ltr'>sese</span> <span class='ocrx_word' id='word_1_64' title='bbox 1398 1173 1411 1212; x_wconf 90' lang='lat'><strong>:</strong></span> <span class='ocrx_word' id='word_1_65' title='bbox 1447 1154 1579 1212; x_wconf 88' lang='lat' dir='ltr'>aliis</span> <span class='ocrx_word' id='word_1_66' title='bbox 1627 1155 1685 1210; x_wconf 91' lang='lat' dir='ltr'>id</span> <span class='ocrx_word' id='word_1_67' title='bbox 1735 1154 1888 1224; x_wconf 90' lang='lat' dir='ltr'>quod</span> <span class='ocrx_word' id='word_1_68' title='bbox 1933 1151 2034 1208; x_wconf 89' lang='lat' dir='ltr'>alii</span> 
     </span>
    </p>
   </div>
   <div class='ocr_carea' id='block_1_11' title="bbox 374 1241 2033 1330">
    <p class='ocr_par' dir='ltr' id='par_1_11' title="bbox 374 1241 2033 1330">
     <span class='ocr_line' id='line_1_11' title="bbox 374 1241 2033 1330; baseline -0.004 -26"><span class='ocrx_word' id='word_1_69' title='bbox 374 1251 720 1318; x_wconf 81' lang='lat' dir='ltr'>statuerant,</span> <span class='ocrx_word' id='word_1_70' title='bbox 754 1246 1196 1319; x_wconf 86' lang='lat' dir='ltr'>abrogantibus,</span> <span class='ocrx_word' id='word_1_71' title='bbox 1232 1249 1298 1300; x_wconf 90' lang='lat' dir='ltr'>ut</span> <span class='ocrx_word' id='word_1_72' title='bbox 1327 1243 1642 1317; x_wconf 89' lang='lat' dir='ltr'>imperium</span> <span class='ocrx_word' id='word_1_73' title='bbox 1687 1258 1800 1298; x_wconf 88' lang='lat' dir='ltr'>non</span> <span class='ocrx_word' id='word_1_74' title='bbox 1833 1241 2033 1330; x_wconf 62' lang='lat' dir='ltr'>unius,</span> 
     </span>
    </p>
   </div>
   <div class='ocr_carea' id='block_1_12' title="bbox 375 1329 2038 1408">
    <p class='ocr_par' dir='ltr' id='par_1_12' title="bbox 375 1329 2038 1408">
     <span class='ocr_line' id='line_1_12' title="bbox 375 1329 2038 1408; baseline -0.005 -15"><span class='ocrx_word' id='word_1_75' title='bbox 375 1338 478 1393; x_wconf 88' lang='lat' dir='ltr'>sed</span> <span class='ocrx_word' id='word_1_76' title='bbox 506 1337 828 1392; x_wconf 87' lang='lat' dir='ltr'>multorum</span> <span class='ocrx_word' id='word_1_77' title='bbox 860 1340 1034 1392; x_wconf 84' lang='lat' dir='ltr'>esset.</span> <span class='ocrx_word' id='word_1_78' title='bbox 1077 1339 1148 1391; x_wconf 89' lang='lat' dir='ltr'>At</span> <span class='ocrx_word' id='word_1_79' title='bbox 1195 1335 1444 1408; x_wconf 79' lang='lat' dir='ltr'>Symeon</span> <span class='ocrx_word' id='word_1_80' title='bbox 1494 1331 1808 1404; x_wconf 86' lang='lat' dir='ltr'>Bulgarus,</span> <span class='ocrx_word' id='word_1_81' title='bbox 1838 1329 2038 1402; x_wconf 82' lang='lat' dir='ltr'>opina-</span> 
     </span>
    </p>
   </div>
   <div class='ocr_carea' id='block_1_13' title="bbox 387 1419 2036 1497">
    <p class='ocr_par' dir='ltr' id='par_1_13' title="bbox 387 1419 2036 1497">
     <span class='ocr_line' id='line_1_13' title="bbox 387 1419 2036 1497; baseline -0.005 -15"><span class='ocrx_word' id='word_1_82' title='bbox 387 1432 485 1482; x_wconf 87' lang='lat' dir='ltr'>tus</span> <span class='ocrx_word' id='word_1_83' title='bbox 516 1443 600 1496; x_wconf 91' lang='lat' dir='ltr'>se,</span> <span class='ocrx_word' id='word_1_84' title='bbox 633 1426 790 1497; x_wconf 88' lang='lat' dir='ltr'>quod</span> <span class='ocrx_word' id='word_1_85' title='bbox 842 1423 1042 1480; x_wconf 88' lang='lat' dir='ltr'>nullus</span> <span class='ocrx_word' id='word_1_86' title='bbox 1078 1428 1233 1480; x_wconf 86' lang='lat' dir='ltr'>esset</span> <span class='ocrx_word' id='word_1_87' title='bbox 1279 1422 1617 1494; x_wconf 84' lang='lat' dir='ltr'>imperator,</span> <span class='ocrx_word' id='word_1_88' title='bbox 1641 1419 1802 1476; x_wconf 88' lang='lat' dir='ltr'>urbis</span> <span class='ocrx_word' id='word_1_89' title='bbox 1851 1419 2036 1492; x_wconf 72' lang='lat' dir='ltr'>Regius</span> 
     </span>
    </p>
   </div>
   <div class='ocr_carea' id='block_1_14' title="bbox 383 1509 2036 1587">
    <p class='ocr_par' dir='ltr' id='par_1_14' title="bbox 383 1509 2036 1587">
     <span class='ocr_line' id='line_1_14' title="bbox 383 1509 2036 1587; baseline -0.002 -18"><span class='ocrx_word' id='word_1_90' title='bbox 383 1514 554 1571; x_wconf 84' lang='lat' dir='ltr'>facile</span> <span class='ocrx_word' id='word_1_91' title='bbox 597 1515 953 1587; x_wconf 85' lang='lat' dir='ltr'>potiturum;</span> <span class='ocrx_word' id='word_1_92' title='bbox 1000 1513 1335 1585; x_wconf 83' lang='lat' dir='ltr'>Byzantium</span> <span class='ocrx_word' id='word_1_93' title='bbox 1386 1527 1518 1567; x_wconf 90' lang='lat' dir='ltr'>cum</span> <span class='ocrx_word' id='word_1_94' title='bbox 1538 1509 1808 1566; x_wconf 81' lang='lat' dir='ltr'>maximis</span> <span class='ocrx_word' id='word_1_95' title='bbox 1855 1509 2036 1580; x_wconf 87' lang='lat' dir='ltr'>copiis</span> 
     </span>
    </p>
   </div>
   <div class='ocr_carea' id='block_1_15' title="bbox 385 1600 2037 1677">
    <p class='ocr_par' dir='ltr' id='par_1_15' title="bbox 385 1600 2037 1677">
     <span class='ocr_line' id='line_1_15' title="bbox 385 1600 2037 1677; baseline -0.004 -18"><span class='ocrx_word' id='word_1_96' title='bbox 385 1605 746 1677; x_wconf 83' lang='lat' dir='ltr'>aggreditur,</span> <span class='ocrx_word' id='word_1_97' title='bbox 771 1607 828 1658; x_wconf 90' lang='lat' dir='ltr'>et</span> <span class='ocrx_word' id='word_1_98' title='bbox 857 1607 1015 1659; x_wconf 83' lang='lat' dir='ltr'>extra</span> <span class='ocrx_word' id='word_1_99' title='bbox 1038 1619 1239 1658; x_wconf 87' lang='lat' dir='ltr'>muros</span> <span class='ocrx_word' id='word_1_100' title='bbox 1271 1602 1478 1658; x_wconf 86' lang='lat' dir='ltr'>castris</span> <span class='ocrx_word' id='word_1_101' title='bbox 1508 1600 2037 1671; x_wconf 87' lang='lat' dir='ltr'>locatis,expugna-</span> 
     </span>
    </p>
   </div>
   <div class='ocr_carea' id='block_1_16' title="bbox 386 1689 2035 1748">
    <p class='ocr_par' dir='ltr' id='par_1_16' title="bbox 386 1689 2035 1748">
     <span class='ocr_line' id='line_1_16' title="bbox 386 1689 2035 1748; baseline -0.004 0"><span class='ocrx_word' id='word_1_102' title='bbox 386 1693 621 1748; x_wconf 87' lang='lat' dir='ltr'>tionem</span> <span class='ocrx_word' id='word_1_103' title='bbox 674 1692 1013 1748; x_wconf 86' lang='lat' dir='ltr'>meditatur.</span> <span class='ocrx_word' id='word_1_104' title='bbox 1059 1692 1168 1747; x_wconf 87' lang='lat' dir='ltr'>Sed</span> <span class='ocrx_word' id='word_1_105' title='bbox 1187 1707 1322 1747; x_wconf 91' lang='lat' dir='ltr'>cum</span> <span class='ocrx_word' id='word_1_106' title='bbox 1369 1690 1704 1746; x_wconf 90' lang='lat' dir='ltr'>ﬁrmitatem</span> <span class='ocrx_word' id='word_1_107' title='bbox 1753 1689 2035 1744; x_wconf 71' lang='lat' dir='ltr'>mmnium</span> 
     </span>
    </p>
   </div>
   <div class='ocr_carea' id='block_1_17' title="bbox 383 1777 2037 1852">
    <p class='ocr_par' dir='ltr' id='par_1_17' title="bbox 383 1777 2037 1852">
     <span class='ocr_line' id='line_1_17' title="bbox 383 1777 2037 1852; baseline -0.002 -16"><span class='ocrx_word' id='word_1_108' title='bbox 383 1781 650 1852; x_wconf 86' lang='lat' dir='ltr'>vidisset,</span> <span class='ocrx_word' id='word_1_109' title='bbox 709 1785 766 1838; x_wconf 88' lang='lat' dir='ltr'>et</span> <span class='ocrx_word' id='word_1_110' title='bbox 823 1781 1264 1836; x_wconf 88' lang='lat' dir='ltr'>multitudinem</span> <span class='ocrx_word' id='word_1_111' title='bbox 1336 1797 1404 1836; x_wconf 91' lang='lat' dir='ltr'>ea</span> <span class='ocrx_word' id='word_1_112' title='bbox 1461 1777 1917 1848; x_wconf 75' lang='lat' dir='ltr'>defendentium,</span> <span class='ocrx_word' id='word_1_113' title='bbox 1978 1781 2037 1833; x_wconf 90' lang='lat' dir='ltr'>et</span> 
     </span>
    </p>
   </div>
   <div class='ocr_carea' id='block_1_18' title="bbox 386 1867 2113 1962">
    <p class='ocr_par' dir='ltr' id='par_1_18' title="bbox 386 1867 2113 1962">
     <span class='ocr_line' id='line_1_18' title="bbox 386 1867 2113 1962; baseline -0.004 -36"><span class='ocrx_word' id='word_1_114' title='bbox 386 1872 714 1942; x_wconf 85' lang='lat' dir='ltr'>frequentes</span> <span class='ocrx_word' id='word_1_115' title='bbox 739 1870 796 1925; x_wconf 92' lang='lat' dir='ltr'>in</span> <span class='ocrx_word' id='word_1_116' title='bbox 833 1870 904 1925; x_wconf 91' lang='lat' dir='ltr'>iis</span> <span class='ocrx_word' id='word_1_117' title='bbox 930 1869 1234 1925; x_wconf 88' lang='lat' dir='ltr'>machinas</span> <span class='ocrx_word' id='word_1_118' title='bbox 1262 1869 1473 1924; x_wconf 90' lang='lat' dir='ltr'>:veluti</span> <span class='ocrx_word' id='word_1_119' title='bbox 1491 1867 1779 1962; x_wconf 74' lang='lat' dir='ltr'>vertigine</span> <span class='ocrx_word' id='word_1_120' title='bbox 1809 1867 2034 1962; x_wconf 78' lang='lat' dir='ltr'>oborta,</span> <span class='ocrx_word' id='word_1_121' title='bbox 2066 1897 2113 1962; x_wconf 72' lang='grc' dir='ltr'><strong>Β</strong></span> 
     </span>
    </p>
   </div>
   <div class='ocr_carea' id='block_1_19' title="bbox 387 1956 2036 2031">
    <p class='ocr_par' dir='ltr' id='par_1_19' title="bbox 387 1956 2036 2031">
     <span class='ocr_line' id='line_1_19' title="bbox 387 1956 2036 2031; baseline -0.002 -16"><span class='ocrx_word' id='word_1_122' title='bbox 387 1961 455 2015; x_wconf 92' lang='lat' dir='ltr'>ad</span> <span class='ocrx_word' id='word_1_123' title='bbox 501 1961 865 2015; x_wconf 83' lang='lat' dir='ltr'>Hebdomum</span> <span class='ocrx_word' id='word_1_124' title='bbox 930 1974 1254 2031; x_wconf 87' lang='lat' dir='ltr'>regressus,</span> <span class='ocrx_word' id='word_1_125' title='bbox 1307 1973 1506 2030; x_wconf 92' lang='lat' dir='ltr'>pacem</span> <span class='ocrx_word' id='word_1_126' title='bbox 1563 1957 1744 2012; x_wconf 83' lang='lat' dir='ltr'>facere</span> <span class='ocrx_word' id='word_1_127' title='bbox 1783 1956 2036 2012; x_wconf 88' lang='lat' dir='ltr'>studuit.</span> 
     </span>
    </p>
   </div>
   <div class='ocr_carea' id='block_1_20' title="bbox 386 2045 2037 2119">
    <p class='ocr_par' dir='ltr' id='par_1_20' title="bbox 386 2045 2037 2119">
     <span class='ocr_line' id='line_1_20' title="bbox 386 2045 2037 2119; baseline -0.002 -16"><span class='ocrx_word' id='word_1_128' title='bbox 386 2048 726 2104; x_wconf 85' lang='lat' dir='ltr'>Patriarcha</span> <span class='ocrx_word' id='word_1_129' title='bbox 781 2047 964 2119; x_wconf 87' lang='lat' dir='ltr'>igitur</span> <span class='ocrx_word' id='word_1_130' title='bbox 1019 2055 1078 2103; x_wconf 90' lang='lat' dir='ltr'>et</span> <span class='ocrx_word' id='word_1_131' title='bbox 1127 2047 1312 2102; x_wconf 75' lang='lat' dir='ltr'>caeteri</span> <span class='ocrx_word' id='word_1_132' title='bbox 1343 2051 1565 2102; x_wconf 86' lang='lat' dir='ltr'>tutores</span> <span class='ocrx_word' id='word_1_133' title='bbox 1623 2045 2037 2117; x_wconf 87' lang='lat' dir='ltr'>imperatorem</span> 
     </span>
    </p>
   </div>
   <div class='ocr_carea' id='block_1_21' title="bbox 385 2135 2040 2208">
    <p class='ocr_par' dir='ltr' id='par_1_21' title="bbox 385 2135 2040 2208">
     <span class='ocr_line' id='line_1_21' title="bbox 385 2135 2040 2208; baseline -0.002 -16"><span class='ocrx_word' id='word_1_134' title='bbox 385 2153 584 2193; x_wconf 90' lang='lat' dir='ltr'>secum</span> <span class='ocrx_word' id='word_1_135' title='bbox 615 2137 675 2192; x_wconf 90' lang='lat' dir='ltr'>in</span> <span class='ocrx_word' id='word_1_136' title='bbox 708 2135 1110 2192; x_wconf 87' lang='lat' dir='ltr'>Blacherniam</span> <span class='ocrx_word' id='word_1_137' title='bbox 1143 2136 1364 2208; x_wconf 87' lang='lat' dir='ltr'>regiam</span> <span class='ocrx_word' id='word_1_138' title='bbox 1417 2135 1803 2201; x_wconf 88' lang='lat' dir='ltr'>adduxerunt,</span> <span class='ocrx_word' id='word_1_139' title='bbox 1837 2150 1952 2208; x_wconf 91' lang='lat' dir='ltr'>quo</span> <span class='ocrx_word' id='word_1_140' title='bbox 1983 2137 2040 2190; x_wconf 91' lang='lat' dir='ltr'>et</span> 
     </span>
    </p>
   </div>
   <div class='ocr_carea' id='block_1_22' title="bbox 384 2223 2041 2298">
    <p class='ocr_par' dir='ltr' id='par_1_22' title="bbox 384 2223 2041 2298">
     <span class='ocr_line' id='line_1_22' title="bbox 384 2223 2041 2298; baseline -0.002 -17"><span class='ocrx_word' id='word_1_141' title='bbox 384 2227 633 2298; x_wconf 84' lang='lat' dir='ltr'>Symeon</span> <span class='ocrx_word' id='word_1_142' title='bbox 679 2227 858 2296; x_wconf 86' lang='lat' dir='ltr'>venit,</span> <span class='ocrx_word' id='word_1_143' title='bbox 911 2225 1231 2282; x_wconf 86' lang='lat' dir='ltr'>obsidibus</span> <span class='ocrx_word' id='word_1_144' title='bbox 1283 2225 1436 2281; x_wconf 90' lang='lat' dir='ltr'>datis</span> <span class='ocrx_word' id='word_1_145' title='bbox 1461 2229 1516 2280; x_wconf 91' lang='lat' dir='ltr'>ct</span> <span class='ocrx_word' id='word_1_146' title='bbox 1563 2223 1836 2296; x_wconf 81' lang='lat' dir='ltr'>acceptis,</span> <span class='ocrx_word' id='word_1_147' title='bbox 1895 2229 1951 2279; x_wconf 91' lang='lat' dir='ltr'>et</span> <span class='ocrx_word' id='word_1_148' title='bbox 2006 2240 2041 2279; x_wconf 90' lang='lat' dir='ltr'>a</span> 
     </span>
    </p>
   </div>
   <div class='ocr_carea' id='block_1_23' title="bbox 383 2313 2040 2387">
    <p class='ocr_par' dir='ltr' id='par_1_23' title="bbox 383 2313 2040 2387">
     <span class='ocr_line' id='line_1_23' title="bbox 383 2313 2040 2387; baseline -0.001 -17"><span class='ocrx_word' id='word_1_149' title='bbox 383 2315 716 2387; x_wconf 87' lang='lat' dir='ltr'>patriarcha</span> <span class='ocrx_word' id='word_1_150' title='bbox 748 2314 1049 2370; x_wconf 88' lang='lat' dir='ltr'>submisso</span> <span class='ocrx_word' id='word_1_151' title='bbox 1099 2313 1308 2386; x_wconf 86' lang='lat' dir='ltr'>capite,</span> <span class='ocrx_word' id='word_1_152' title='bbox 1345 2314 1539 2370; x_wconf 86' lang='lat' dir='ltr'>fausta</span> <span class='ocrx_word' id='word_1_153' title='bbox 1574 2313 2040 2385; x_wconf 89' lang='lat' dir='ltr'>comprecatione</span> 
     </span>
    </p>
   </div>
   <div class='ocr_carea' id='block_1_24' title="bbox 379 2400 2040 2475">
    <p class='ocr_par' dir='ltr' id='par_1_24' title="bbox 379 2400 2040 2475">
     <span class='ocr_line' id='line_1_24' title="bbox 379 2400 2040 2475; baseline -0.002 -16"><span class='ocrx_word' id='word_1_154' title='bbox 379 2407 644 2475; x_wconf 89' lang='lat' dir='ltr'>accepta,</span> <span class='ocrx_word' id='word_1_155' title='bbox 680 2420 812 2458; x_wconf 90' lang='lat' dir='ltr'>cum</span> <span class='ocrx_word' id='word_1_156' title='bbox 850 2405 1212 2475; x_wconf 88' lang='lat' dir='ltr'>imperatore</span> <span class='ocrx_word' id='word_1_157' title='bbox 1240 2402 1436 2458; x_wconf 90' lang='lat' dir='ltr'>cibum</span> <span class='ocrx_word' id='word_1_158' title='bbox 1469 2402 1639 2475; x_wconf 81' lang='lat' dir='ltr'>cepit.</span> <span class='ocrx_word' id='word_1_159' title='bbox 1672 2402 1780 2458; x_wconf 82' lang='lat' dir='ltr'>Sed</span> <span class='ocrx_word' id='word_1_160' title='bbox 1824 2418 1952 2457; x_wconf 89' lang='lat' dir='ltr'>cum</span> <span class='ocrx_word' id='word_1_161' title='bbox 1982 2400 2040 2458; x_wconf 85' lang='lat' dir='ltr'>ei</span> 
     </span>
    </p>
   </div>
   <div class='ocr_carea' id='block_1_25' title="bbox 380 2489 2038 2565">
    <p class='ocr_par' dir='ltr' id='par_1_25' title="bbox 380 2489 2038 2565">
     <span class='ocr_line' id='line_1_25' title="bbox 380 2489 2038 2565; baseline -0.001 -17"><span class='ocrx_word' id='word_1_162' title='bbox 380 2492 539 2565; x_wconf 82' lang='lat' dir='ltr'>pacis</span> <span class='ocrx_word' id='word_1_163' title='bbox 571 2491 932 2548; x_wconf 90' lang='lat' dir='ltr'>conditiones</span> <span class='ocrx_word' id='word_1_164' title='bbox 955 2489 1630 2564; x_wconf 81' lang='lat' dir='ltr'>displicerent,discessit</span> <span class='ocrx_word' id='word_1_165' title='bbox 1660 2491 1787 2547; x_wconf 87' lang='lat' dir='ltr'>sine</span> <span class='ocrx_word' id='word_1_166' title='bbox 1817 2491 2038 2563; x_wconf 87' lang='lat' dir='ltr'>pactio-</span> 
     </span>
    </p>
   </div>
   <div class='ocr_carea' id='block_1_26' title="bbox 385 2579 2037 2652">
    <p class='ocr_par' dir='ltr' id='par_1_26' title="bbox 385 2579 2037 2652">
     <span class='ocr_line' id='line_1_26' title="bbox 385 2579 2037 2652; baseline -0.001 -15"><span class='ocrx_word' id='word_1_167' title='bbox 385 2582 560 2638; x_wconf 90' lang='lat' dir='ltr'>nibus</span> <span class='ocrx_word' id='word_1_168' title='bbox 597 2599 609 2637; x_wconf 92' lang='lat'>:</span> <span class='ocrx_word' id='word_1_169' title='bbox 678 2582 1024 2637; x_wconf 90' lang='lat' dir='ltr'>muneribus</span> <span class='ocrx_word' id='word_1_170' title='bbox 1063 2585 1121 2637; x_wconf 90' lang='lat' dir='ltr'>et</span> <span class='ocrx_word' id='word_1_171' title='bbox 1166 2581 1292 2652; x_wconf 87' lang='lat' dir='ltr'>ipse</span> <span class='ocrx_word' id='word_1_172' title='bbox 1327 2586 1383 2636; x_wconf 91' lang='lat' dir='ltr'>et</span> <span class='ocrx_word' id='word_1_173' title='bbox 1429 2580 1597 2636; x_wconf 89' lang='lat' dir='ltr'>liberi</span> <span class='ocrx_word' id='word_1_174' title='bbox 1645 2581 1773 2652; x_wconf 90' lang='lat' dir='ltr'>ejus</span> <span class='ocrx_word' id='word_1_175' title='bbox 1819 2579 2037 2636; x_wconf 83' lang='lat' dir='ltr'>donati.</span> 
     </span>
    </p>
   </div>
   <div class='ocr_carea' id='block_1_27' title="bbox 384 2669 2037 2742">
    <p class='ocr_par' dir='ltr' id='par_1_27' title="bbox 384 2669 2037 2742">
     <span class='ocr_line' id='line_1_27' title="bbox 384 2669 2037 2742; baseline -0.001 -16"><span class='ocrx_word' id='word_1_176' title='bbox 384 2671 517 2727; x_wconf 86' lang='lat' dir='ltr'>Jam</span> <span class='ocrx_word' id='word_1_177' title='bbox 549 2669 686 2741; x_wconf 88' lang='lat' dir='ltr'>quia</span> <span class='ocrx_word' id='word_1_178' title='bbox 733 2669 1052 2742; x_wconf 87' lang='lat' dir='ltr'>imperator</span> <span class='ocrx_word' id='word_1_179' title='bbox 1097 2676 1343 2725; x_wconf 85' lang='lat' dir='ltr'>matrem</span> <span class='ocrx_word' id='word_1_180' title='bbox 1388 2673 1663 2742; x_wconf 88' lang='lat' dir='ltr'>perpetuo</span> <span class='ocrx_word' id='word_1_181' title='bbox 1711 2670 2037 2737; x_wconf 85' lang='lat' dir='ltr'>revocabat,</span> 
     </span>
    </p>
   </div>
   <div class='ocr_carea' id='block_1_28' title="bbox 391 2757 2042 2830">
    <p class='ocr_par' dir='ltr' id='par_1_28' title="bbox 391 2757 2042 2830">
     <span class='ocr_line' id='line_1_28' title="bbox 391 2757 2042 2830; baseline -0.001 -16"><span class='ocrx_word' id='word_1_182' title='bbox 391 2764 448 2814; x_wconf 89' lang='lat' dir='ltr'>et</span> <span class='ocrx_word' id='word_1_183' title='bbox 505 2760 634 2828; x_wconf 89' lang='lat' dir='ltr'>ejus</span> <span class='ocrx_word' id='word_1_184' title='bbox 692 2757 1019 2814; x_wconf 87' lang='lat' dir='ltr'>absentiam</span> <span class='ocrx_word' id='word_1_185' title='bbox 1069 2757 1411 2830; x_wconf 88' lang='lat' dir='ltr'>deplorabat</span> <span class='ocrx_word' id='word_1_186' title='bbox 1443 2775 1455 2814; x_wconf 91' lang='lat'>:</span> <span class='ocrx_word' id='word_1_187' title='bbox 1488 2775 1666 2830; x_wconf 88' lang='lat' dir='ltr'>quam</span> <span class='ocrx_word' id='word_1_188' title='bbox 1716 2757 2042 2814; x_wconf 80' lang='lat' dir='ltr'>Alexander</span> 
     </span>
    </p>
   </div>
   <div class='ocr_carea' id='block_1_29' title="bbox 387 2846 2042 2919">
    <p class='ocr_par' dir='ltr' id='par_1_29' title="bbox 387 2846 2042 2919">
     <span class='ocr_line' id='line_1_29' title="bbox 387 2846 2042 2919; baseline 0 -17"><span class='ocrx_word' id='word_1_189' title='bbox 387 2847 616 2918; x_wconf 88' lang='lat' dir='ltr'>pridem</span> <span class='ocrx_word' id='word_1_190' title='bbox 689 2846 848 2919; x_wconf 89' lang='lat' dir='ltr'>regia</span> <span class='ocrx_word' id='word_1_191' title='bbox 917 2847 1215 2914; x_wconf 86' lang='lat' dir='ltr'>eduxerat,</span> <span class='ocrx_word' id='word_1_192' title='bbox 1275 2851 1500 2903; x_wconf 89' lang='lat' dir='ltr'>tutores</span> <span class='ocrx_word' id='word_1_193' title='bbox 1563 2848 1838 2903; x_wconf 88' lang='lat' dir='ltr'>reducere</span> <span class='ocrx_word' id='word_1_194' title='bbox 1902 2850 2042 2902; x_wconf 87' lang='lat' dir='ltr'>sunt</span> 
     </span>
    </p>
   </div>
   <div class='ocr_carea' id='block_1_30' title="bbox 390 2937 2039 3009">
    <p class='ocr_par' dir='ltr' id='par_1_30' title="bbox 390 2937 2039 3009">
     <span class='ocr_line' id='line_1_30' title="bbox 390 2937 2039 3009; baseline -0.002 -15"><span class='ocrx_word' id='word_1_195' title='bbox 390 2937 592 2994; x_wconf 88' lang='lat' dir='ltr'>coacti.</span> <span class='ocrx_word' id='word_1_196' title='bbox 624 2939 876 2992; x_wconf 85' lang='lat' dir='ltr'>Reversa</span> <span class='ocrx_word' id='word_1_197' title='bbox 905 2953 1107 2991; x_wconf 89' lang='lat' dir='ltr'>curam</span> <span class='ocrx_word' id='word_1_198' title='bbox 1157 2953 1352 2992; x_wconf 90' lang='lat' dir='ltr'>rerum</span> <span class='ocrx_word' id='word_1_199' title='bbox 1401 2937 1680 3009; x_wconf 87' lang='lat' dir='ltr'>suscepit,</span> <span class='ocrx_word' id='word_1_200' title='bbox 1714 2942 1770 2992; x_wconf 91' lang='lat' dir='ltr'>et</span> <span class='ocrx_word' id='word_1_201' title='bbox 1798 2937 2039 2993; x_wconf 88' lang='lat' dir='ltr'>cubicu-</span> 
     </span>
    </p>
   </div>
   <div class='ocr_carea' id='block_1_31' title="bbox 391 3024 2041 3098">
    <p class='ocr_par' dir='ltr' id='par_1_31' title="bbox 391 3024 2041 3098">
     <span class='ocr_line' id='line_1_31' title="bbox 391 3024 2041 3098; baseline -0.001 -18"><span class='ocrx_word' id='word_1_202' title='bbox 391 3025 536 3082; x_wconf 87' lang='lat' dir='ltr'>lario</span> <span class='ocrx_word' id='word_1_203' title='bbox 567 3025 973 3090; x_wconf 88' lang='lat' dir='ltr'>Constantino,</span> <span class='ocrx_word' id='word_1_204' title='bbox 1022 3025 1370 3096; x_wconf 88' lang='lat' dir='ltr'>duobusque</span> <span class='ocrx_word' id='word_1_205' title='bbox 1417 3026 1694 3081; x_wconf 84' lang='lat' dir='ltr'>fratribus</span> <span class='ocrx_word' id='word_1_206' title='bbox 1742 3024 2041 3098; x_wconf 84' lang='lat' dir='ltr'>Gongyliis</span> 
     </span>
    </p>
   </div>
   <div class='ocr_carea' id='block_1_32' title="bbox 389 3113 2042 3186">
    <p class='ocr_par' dir='ltr' id='par_1_32' title="bbox 389 3113 2042 3186">
     <span class='ocr_line' id='line_1_32' title="bbox 389 3113 2042 3186; baseline -0.001 -15"><span class='ocrx_word' id='word_1_207' title='bbox 389 3114 608 3182; x_wconf 88' lang='lat' dir='ltr'>ascitis,</span> <span class='ocrx_word' id='word_1_208' title='bbox 641 3115 901 3186; x_wconf 90' lang='lat' dir='ltr'>primum</span> <span class='ocrx_word' id='word_1_209' title='bbox 923 3113 1317 3185; x_wconf 90' lang='lat' dir='ltr'>patriarcham</span> <span class='ocrx_word' id='word_1_210' title='bbox 1370 3116 1530 3186; x_wconf 89' lang='lat' dir='ltr'>regia</span> <span class='ocrx_word' id='word_1_211' title='bbox 1577 3119 1786 3170; x_wconf 87' lang='lat' dir='ltr'>movet.</span> <span class='ocrx_word' id='word_1_212' title='bbox 1822 3115 2042 3170; x_wconf 84' lang='lat' dir='ltr'>Deinde</span> 
     </span>
    </p>
   </div>
   <div class='ocr_carea' id='block_1_33' title="bbox 392 3202 2031 3272">
    <p class='ocr_par' dir='ltr' id='par_1_33' title="bbox 392 3202 2031 3272">
     <span class='ocr_line' id='line_1_33' title="bbox 392 3202 2031 3272; baseline 0.002 -15"><span class='ocrx_word' id='word_1_213' title='bbox 392 3203 703 3260; x_wconf 82' lang='lat' dir='ltr'>Alexandri</span> <span class='ocrx_word' id='word_1_214' title='bbox 757 3203 1085 3272; x_wconf 88' lang='lat' dir='ltr'>ministros,</span> <span class='ocrx_word' id='word_1_215' title='bbox 1146 3207 1428 3259; x_wconf 88' lang='lat' dir='ltr'>rectorem</span> <span class='ocrx_word' id='word_1_216' title='bbox 1485 3202 1830 3272; x_wconf 88' lang='lat' dir='ltr'>Basilitzem,</span> <span class='ocrx_word' id='word_1_217' title='bbox 1882 3202 2031 3261; x_wconf 78' lang='lat'>185</span> 
     </span>
    </p>
   </div>
   <div class='ocr_carea' id='block_1_34' title="bbox 2139 619 3783 699">
    <p class='ocr_par' dir='ltr' id='par_1_34' title="bbox 2139 619 3783 699">
     <span class='ocr_line' id='line_1_34' title="bbox 2139 619 3783 699; baseline 0.002 -29"><span class='ocrx_word' id='word_1_218' title='bbox 2139 619 2394 692; x_wconf 85' lang='grc' dir='ltr'>πενθερὸς</span> <span class='ocrx_word' id='word_1_219' title='bbox 2443 621 2471 675; x_wconf 83' lang='grc' dir='ltr'>ὁ</span> <span class='ocrx_word' id='word_1_220' title='bbox 2532 623 2828 698; x_wconf 78' lang='grc' dir='ltr'>μάγιστρος</span> <span class='ocrx_word' id='word_1_221' title='bbox 2878 629 3181 699; x_wconf 83' lang='grc' dir='ltr'>Γρηγορᾶς,</span> <span class='ocrx_word' id='word_1_222' title='bbox 3222 623 3311 677; x_wconf 81' lang='grc' dir='ltr'>καὶ</span> <span class='ocrx_word' id='word_1_223' title='bbox 3369 621 3516 677; x_wconf 74' lang='grc' dir='ltr'>Λέων</span> <span class='ocrx_word' id='word_1_224' title='bbox 3565 621 3594 675; x_wconf 76' lang='grc' dir='ltr'><strong>ὁ</strong></span> <span class='ocrx_word' id='word_1_225' title='bbox 3644 622 3783 695; x_wconf 80' lang='grc' dir='ltr'>Χρι-</span> 
     </span>
    </p>
   </div>
   <div class='ocr_carea' id='block_1_35' title="bbox 2141 708 3782 788">
    <p class='ocr_par' dir='ltr' id='par_1_35' title="bbox 2141 708 3782 788">
     <span class='ocr_line' id='line_1_35' title="bbox 2141 708 3782 788; baseline -0.004 -19"><span class='ocrx_word' id='word_1_226' title='bbox 2141 708 2446 783; x_wconf 75' lang='grc' dir='ltr'>ροσφάκτης</span> <span class='ocrx_word' id='word_1_227' title='bbox 2496 711 2598 779; x_wconf 81' lang='grc' dir='ltr'>τῆς</span> <span class='ocrx_word' id='word_1_228' title='bbox 2649 715 2717 784; x_wconf 77' lang='grc' dir='ltr'>τῇ</span> <span class='ocrx_word' id='word_1_229' title='bbox 2794 711 3018 788; x_wconf 78' lang='grc' dir='ltr'>Μεγάλῃ</span> <span class='ocrx_word' id='word_1_230' title='bbox 3092 711 3393 782; x_wconf 70' lang='grc' dir='ltr'>Ἐκκλησία</span> <span class='ocrx_word' id='word_1_231' title='bbox 3446 730 3782 786; x_wconf 74' lang='grc' dir='ltr'>προσπεφοι-</span> 
     </span>
    </p>
   </div>
   <div class='ocr_carea' id='block_1_36' title="bbox 2137 795 3783 874">
    <p class='ocr_par' dir='ltr' id='par_1_36' title="bbox 2137 795 3783 874">
     <span class='ocr_line' id='line_1_36' title="bbox 2137 795 3783 874; baseline 0.003 -26"><span class='ocrx_word' id='word_1_232' title='bbox 2137 797 2385 869; x_wconf 88' lang='grc' dir='ltr'>τήκασιν,</span> <span class='ocrx_word' id='word_1_233' title='bbox 2436 797 2528 861; x_wconf 70' lang='grc' dir='ltr'>οὓς</span> <span class='ocrx_word' id='word_1_234' title='bbox 2578 795 2898 864; x_wconf 70' lang='grc' dir='ltr'>ἐκϐαλόντες</span> <span class='ocrx_word' id='word_1_235' title='bbox 2959 807 3056 857; x_wconf 81' lang='grc' dir='ltr'>τοῦ</span> <span class='ocrx_word' id='word_1_236' title='bbox 3103 803 3251 857; x_wconf 77' lang='grc' dir='ltr'>θείου</span> <span class='ocrx_word' id='word_1_237' title='bbox 3297 799 3576 874; x_wconf 71' lang='grc' dir='ltr'>τεμένους,</span> <span class='ocrx_word' id='word_1_238' title='bbox 3613 819 3783 872; x_wconf 82' lang='grc' dir='ltr'>μονα-</span> 
     </span>
    </p>
   </div>
   <div class='ocr_carea' id='block_1_37' title="bbox 2139 884 3782 966">
    <p class='ocr_par' dir='ltr' id='par_1_37' title="bbox 2139 884 3782 966">
     <span class='ocr_line' id='line_1_37' title="bbox 2139 884 3782 966; baseline 0.002 -28"><span class='ocrx_word' id='word_1_239' title='bbox 2139 884 2276 960; x_wconf 83' lang='grc' dir='ltr'>χοὺς</span> <span class='ocrx_word' id='word_1_240' title='bbox 2332 887 2618 953; x_wconf 82' lang='grc' dir='ltr'>απέκε;ραν</span> <span class='ocrx_word' id='word_1_241' title='bbox 2672 891 2720 943; x_wconf 77' lang='grc' dir='ltr'>οἱ</span> <span class='ocrx_word' id='word_1_242' title='bbox 2762 889 3069 966; x_wconf 81' lang='grc' dir='ltr'>ἐπίτροποι,</span> <span class='ocrx_word' id='word_1_243' title='bbox 3123 889 3173 944; x_wconf 81' lang='grc' dir='ltr'><strong>ἐν</strong></span> <span class='ocrx_word' id='word_1_244' title='bbox 3237 894 3306 964; x_wconf 83' lang='grc' dir='ltr'>τῇ</span> <span class='ocrx_word' id='word_1_245' title='bbox 3363 893 3459 944; x_wconf 83' lang='grc' dir='ltr'>τοῦ</span> <span class='ocrx_word' id='word_1_246' title='bbox 3520 884 3782 943; x_wconf 87' lang='grc' dir='ltr'>Στουδίου</span> 
     </span>
    </p>
   </div>
   <div class='ocr_carea' id='block_1_38' title="bbox 2145 972 3785 1054">
    <p class='ocr_par' dir='ltr' id='par_1_38' title="bbox 2145 972 3785 1054">
     <span class='ocr_line' id='line_1_38' title="bbox 2145 972 3785 1054; baseline 0.001 -26"><span class='ocrx_word' id='word_1_247' title='bbox 2145 977 2304 1047; x_wconf 83' lang='grc' dir='ltr'>μονῇ,</span> <span class='ocrx_word' id='word_1_248' title='bbox 2337 974 2582 1039; x_wconf 85' lang='grc' dir='ltr'>Ἀλλους</span> <span class='ocrx_word' id='word_1_249' title='bbox 2614 974 2661 1032; x_wconf 87' lang='grc' dir='ltr'>δ’</span> <span class='ocrx_word' id='word_1_250' title='bbox 2721 978 3075 1052; x_wconf 80' lang='grc' dir='ltr'>αἶκησάμενοι</span> <span class='ocrx_word' id='word_1_251' title='bbox 3128 972 3540 1054; x_wconf 76' lang='grc' dir='ltr'>ἐθριάμϐευσαν,</span> <span class='ocrx_word' id='word_1_252' title='bbox 3580 975 3785 1052; x_wconf 70' lang='grc' dir='ltr'>ἑτέροις</span> 
     </span>
    </p>
   </div>
   <div class='ocr_carea' id='block_1_39' title="bbox 2139 1059 3786 1145">
    <p class='ocr_par' dir='ltr' id='par_1_39' title="bbox 2139 1059 3786 1145">
     <span class='ocr_line' id='line_1_39' title="bbox 2139 1059 3786 1145; baseline 0.001 -28"><span class='ocrx_word' id='word_1_253' title='bbox 2139 1064 2206 1118; x_wconf 73' lang='grc' dir='ltr'>τὰ</span> <span class='ocrx_word' id='word_1_254' title='bbox 2258 1059 2478 1139; x_wconf 73' lang='grc' dir='ltr'>ὄμματο</span> <span class='ocrx_word' id='word_1_255' title='bbox 2535 1065 2875 1140; x_wconf 79' lang='grc' dir='ltr'>ἐξεπήρωσαν</span> <span class='ocrx_word' id='word_1_256' title='bbox 2917 1067 3071 1122; x_wconf 65' lang='grc' dir='ltr'>ἐνίων</span> <span class='ocrx_word' id='word_1_257' title='bbox 3128 1065 3185 1124; x_wconf 71' lang='grc' dir='ltr'>δὲ</span> <span class='ocrx_word' id='word_1_258' title='bbox 3230 1069 3326 1130; x_wconf 74' lang='grc' dir='ltr'>τὰς</span> <span class='ocrx_word' id='word_1_259' title='bbox 3368 1065 3610 1145; x_wconf 74' lang='grc' dir='ltr'>κεφαλὰς</span> <span class='ocrx_word' id='word_1_260' title='bbox 3655 1065 3786 1120; x_wconf 77' lang='grc' dir='ltr'>ἀπέ-</span> 
     </span>
    </p>
   </div>
   <div class='ocr_carea' id='block_1_40' title="bbox 2140 1153 3787 1233">
    <p class='ocr_par' dir='ltr' id='par_1_40' title="bbox 2140 1153 3787 1233">
     <span class='ocr_line' id='line_1_40' title="bbox 2140 1153 3787 1233; baseline 0.001 -26"><span class='ocrx_word' id='word_1_261' title='bbox 2140 1173 2330 1226; x_wconf 84' lang='grc' dir='ltr'>τεμον,</span> <span class='ocrx_word' id='word_1_262' title='bbox 2378 1155 2469 1209; x_wconf 83' lang='grc' dir='ltr'>καὶ</span> <span class='ocrx_word' id='word_1_263' title='bbox 2526 1153 2732 1218; x_wconf 78' lang='grc' dir='ltr'>ἄλλους</span> <span class='ocrx_word' id='word_1_264' title='bbox 2779 1156 2838 1212; x_wconf 83' lang='grc' dir='ltr'>ἐκ</span> <span class='ocrx_word' id='word_1_265' title='bbox 2885 1156 3283 1233; x_wconf 88' lang='grc' dir='ltr'>Χρυσοπόλεως</span> <span class='ocrx_word' id='word_1_266' title='bbox 3314 1159 3423 1230; x_wconf 71' lang='grc'>(19)</span> <span class='ocrx_word' id='word_1_267' title='bbox 3476 1157 3640 1231; x_wconf 68' lang='grc' dir='ltr'>μέχρι</span> <span class='ocrx_word' id='word_1_268' title='bbox 3688 1157 3787 1210; x_wconf 81' lang='grc' dir='ltr'>τοῦ</span> 
     </span>
    </p>
   </div>
   <div class='ocr_carea' id='block_1_41' title="bbox 2145 1242 3790 1312">
    <p class='ocr_par' dir='ltr' id='par_1_41' title="bbox 2145 1242 3790 1312">
     <span class='ocr_line' id='line_1_41' title="bbox 2145 1242 3790 1312; baseline 0.001 -16"><span class='ocrx_word' id='word_1_269' title='bbox 2145 1242 2416 1299; x_wconf 76' lang='grc' dir='ltr'>Λευκάτου</span> <span class='ocrx_word' id='word_1_270' title='bbox 2465 1244 2912 1304; x_wconf 86' lang='grc' dir='ltr'>ἀνεσκολόπισαν.</span> <span class='ocrx_word' id='word_1_271' title='bbox 2965 1247 3064 1301; x_wconf 75' lang='grc' dir='ltr'>Καὶ</span> <span class='ocrx_word' id='word_1_272' title='bbox 3106 1243 3270 1304; x_wconf 79' lang='grc' dir='ltr'>ἄλλοι</span> <span class='ocrx_word' id='word_1_273' title='bbox 3324 1245 3382 1301; x_wconf 75' lang='grc' dir='ltr'>όὶ</span> <span class='ocrx_word' id='word_1_274' title='bbox 3423 1244 3645 1307; x_wconf 84' lang='grc' dir='ltr'>πλείους</span> <span class='ocrx_word' id='word_1_275' title='bbox 3689 1246 3790 1312; x_wconf 73' lang='grc' dir='ltr'>τῆς</span> 
     </span>
    </p>
   </div>
   <div class='ocr_carea' id='block_1_42' title="bbox 2142 1331 3786 1411">
    <p class='ocr_par' dir='ltr' id='par_1_42' title="bbox 2142 1331 3786 1411">
     <span class='ocr_line' id='line_1_42' title="bbox 2142 1331 3786 1411; baseline 0.001 -25"><span class='ocrx_word' id='word_1_276' title='bbox 2142 1335 2249 1387; x_wconf 81' lang='grc' dir='ltr'>τῶν</span> <span class='ocrx_word' id='word_1_277' title='bbox 2303 1331 2608 1407; x_wconf 66' lang='grc' dir='ltr'>ἐπιτρόπων</span> <span class='ocrx_word' id='word_1_278' title='bbox 2659 1334 2898 1406; x_wconf 73' lang='grc' dir='ltr'>ἐξουσίας</span> <span class='ocrx_word' id='word_1_279' title='bbox 2955 1336 3234 1411; x_wconf 83' lang='grc' dir='ltr'>γεγόνασιν</span> <span class='ocrx_word' id='word_1_280' title='bbox 3285 1333 3345 1389; x_wconf 79' lang='grc' dir='ltr'>ἂν</span> <span class='ocrx_word' id='word_1_281' title='bbox 3390 1332 3786 1410; x_wconf 82' lang='grc' dir='ltr'>παρανάλωμα,</span> 
     </span>
    </p>
   </div>
   <div class='ocr_carea' id='block_1_43' title="bbox 2146 1420 3790 1500">
    <p class='ocr_par' dir='ltr' id='par_1_43' title="bbox 2146 1420 3790 1500">
     <span class='ocr_line' id='line_1_43' title="bbox 2146 1420 3790 1500; baseline 0.006 -26"><span class='ocrx_word' id='word_1_282' title='bbox 2146 1420 2195 1475; x_wconf 73' lang='grc' dir='ltr'>εἴ</span> <span class='ocrx_word' id='word_1_283' title='bbox 2238 1423 2312 1495; x_wconf 89' lang='grc' dir='ltr'>μή</span> <span class='ocrx_word' id='word_1_284' title='bbox 2362 1441 2502 1485; x_wconf 86' lang='grc' dir='ltr'>τινες</span> <span class='ocrx_word' id='word_1_285' title='bbox 2554 1428 2660 1478; x_wconf 79' lang='grc' dir='ltr'>τῶν</span> <span class='ocrx_word' id='word_1_286' title='bbox 2715 1421 2978 1479; x_wconf 80' lang='grc' dir='ltr'>δικαστῶν</span> <span class='ocrx_word' id='word_1_287' title='bbox 3027 1431 3127 1494; x_wconf 77' lang='grc' dir='ltr'>τῆς</span> <span class='ocrx_word' id='word_1_288' title='bbox 3180 1426 3317 1500; x_wconf 88' lang='grc' dir='ltr'>πρὸς</span> <span class='ocrx_word' id='word_1_289' title='bbox 3369 1424 3464 1487; x_wconf 80' lang='grc' dir='ltr'>τὰς</span> <span class='ocrx_word' id='word_1_290' title='bbox 3521 1424 3790 1496; x_wconf 79' lang='grc' dir='ltr'>τιμωρίας</span> 
     </span>
    </p>
   </div>
   <div class='ocr_carea' id='block_1_44' title="bbox 2145 1508 3787 1590">
    <p class='ocr_par' dir='ltr' id='par_1_44' title="bbox 2145 1508 3787 1590">
     <span class='ocr_line' id='line_1_44' title="bbox 2145 1508 3787 1590; baseline 0.001 -27"><span class='ocrx_word' id='word_1_291' title='bbox 2145 1508 2320 1584; x_wconf 76' lang='grc' dir='ltr'>ῥοπῆς</span> <span class='ocrx_word' id='word_1_292' title='bbox 2373 1511 2565 1574; x_wconf 79' lang='grc' dir='ltr'>αὐτοὺς</span> <span class='ocrx_word' id='word_1_293' title='bbox 2639 1512 3006 1590; x_wconf 70' lang='grc' dir='ltr'>ἀνεχαίτισαν,</span> <span class='ocrx_word' id='word_1_294' title='bbox 3086 1511 3326 1575; x_wconf 70' lang='grc' dir='ltr'>εἰπόντες</span> <span class='ocrx_word' id='word_1_295' title='bbox 3361 1533 3373 1545; x_wconf 89' lang='grc'><strong>·</strong></span> <span class='ocrx_word' id='word_1_296' title='bbox 3437 1514 3562 1576; x_wconf 85' lang='grc' dir='ltr'>ῙΙῶς</span> <span class='ocrx_word' id='word_1_297' title='bbox 3615 1515 3787 1565; x_wconf 77' lang='grc' dir='ltr'>ταῦτα</span> 
     </span>
    </p>
   </div>
   <div class='ocr_carea' id='block_1_45' title="bbox 2144 1598 3788 1678">
    <p class='ocr_par' dir='ltr' id='par_1_45' title="bbox 2144 1598 3788 1678">
     <span class='ocr_line' id='line_1_45' title="bbox 2144 1598 3788 1678; baseline 0 -25"><span class='ocrx_word' id='word_1_298' title='bbox 2144 1605 2350 1654; x_wconf 80' lang='grc' dir='ltr'>ποιεῖτε</span> <span class='ocrx_word' id='word_1_299' title='bbox 2425 1601 2580 1674; x_wconf 81' lang='grc' dir='ltr'>ὑμεῖς</span> <span class='ocrx_word' id='word_1_300' title='bbox 2673 1601 2971 1664; x_wconf 84' lang='grc' dir='ltr'>κελεύσεως</span> <span class='ocrx_word' id='word_1_301' title='bbox 3053 1598 3179 1678; x_wconf 73' lang='grc' dir='ltr'>ἄτερ</span> <span class='ocrx_word' id='word_1_302' title='bbox 3274 1599 3582 1676; x_wconf 75' lang='grc' dir='ltr'>βασιλικῆς,</span> <span class='ocrx_word' id='word_1_303' title='bbox 3671 1599 3788 1654; x_wconf 66' lang='grc' dir='ltr'>ἐπεὶ</span> 
     </span>
    </p>
   </div>
   <div class='ocr_carea' id='block_1_46' title="bbox 2143 1686 3788 1767">
    <p class='ocr_par' dir='ltr' id='par_1_46' title="bbox 2143 1686 3788 1767">
     <span class='ocr_line' id='line_1_46' title="bbox 2143 1686 3788 1767; baseline 0.001 -25"><span class='ocrx_word' id='word_1_304' title='bbox 2143 1693 2270 1751; x_wconf 87' lang='grc' dir='ltr'>παῖς</span> <span class='ocrx_word' id='word_1_305' title='bbox 2354 1686 2427 1742; x_wconf 77' lang='grc' dir='ltr'>ὢν</span> <span class='ocrx_word' id='word_1_306' title='bbox 2509 1691 2537 1744; x_wconf 84' lang='grc' dir='ltr'>ὁ</span> <span class='ocrx_word' id='word_1_307' title='bbox 2652 1690 2925 1767; x_wconf 73' lang='grc' dir='ltr'>βασιλεὺς,</span> <span class='ocrx_word' id='word_1_308' title='bbox 3031 1697 3147 1754; x_wconf 89' lang='grc' dir='ltr'>τοῖς</span> <span class='ocrx_word' id='word_1_309' title='bbox 3249 1689 3646 1767; x_wconf 76' lang='grc' dir='ltr'>πραττομένοις</span> <span class='ocrx_word' id='word_1_310' title='bbox 3724 1688 3788 1744; x_wconf 80' lang='grc' dir='ltr'>οὗ</span> 
     </span>
    </p>
   </div>
   <div class='ocr_carea' id='block_1_47' title="bbox 2145 1775 3786 1856">
    <p class='ocr_par' dir='ltr' id='par_1_47' title="bbox 2145 1775 3786 1856">
     <span class='ocr_line' id='line_1_47' title="bbox 2145 1775 3786 1856; baseline 0 -25"><span class='ocrx_word' id='word_1_311' title='bbox 2145 1784 2398 1834; x_wconf 82' lang='grc' dir='ltr'>συναινεῖ.</span> <span class='ocrx_word' id='word_1_312' title='bbox 2459 1779 2873 1854; x_wconf 76' lang='grc' dir='ltr'>Ἀποκείραντες</span> <span class='ocrx_word' id='word_1_313' title='bbox 2924 1775 2982 1834; x_wconf 71' lang='grc' dir='ltr'>δὲ</span> <span class='ocrx_word' id='word_1_314' title='bbox 3046 1781 3099 1834; x_wconf 72' lang='grc' dir='ltr'>οἱ</span> <span class='ocrx_word' id='word_1_315' title='bbox 3186 1778 3491 1856; x_wconf 76' lang='grc' dir='ltr'>ἐπίτροποι,</span> <span class='ocrx_word' id='word_1_316' title='bbox 3545 1778 3634 1833; x_wconf 81' lang='grc' dir='ltr'>καὶ</span> <span class='ocrx_word' id='word_1_317' title='bbox 3685 1779 3786 1847; x_wconf 71' lang='grc' dir='ltr'>τὴν</span> 
     </span>
    </p>
   </div>
   <div class='ocr_carea' id='block_1_48' title="bbox 2142 1866 3787 1944">
    <p class='ocr_par' dir='ltr' id='par_1_48' title="bbox 2142 1866 3787 1944">
     <span class='ocr_line' id='line_1_48' title="bbox 2142 1866 3787 1944; baseline -0.001 -24"><span class='ocrx_word' id='word_1_318' title='bbox 2142 1870 2238 1920; x_wconf 76' lang='grc' dir='ltr'>τοῦ</span> <span class='ocrx_word' id='word_1_319' title='bbox 2297 1866 2670 1922; x_wconf 85' lang='grc' dir='ltr'>Κωσταντίνου</span> <span class='ocrx_word' id='word_1_320' title='bbox 2733 1873 2981 1942; x_wconf 79' lang='grc' dir='ltr'>γυναῖκα,</span> <span class='ocrx_word' id='word_1_321' title='bbox 3041 1867 3131 1922; x_wconf 88' lang='grc' dir='ltr'>καὶ</span> <span class='ocrx_word' id='word_1_322' title='bbox 3186 1869 3276 1922; x_wconf 89' lang='grc' dir='ltr'>τὸν</span> <span class='ocrx_word' id='word_1_323' title='bbox 3342 1867 3456 1921; x_wconf 81' lang='grc' dir='ltr'>υἱὸν</span> <span class='ocrx_word' id='word_1_324' title='bbox 3517 1867 3787 1944; x_wconf 71' lang='grc' dir='ltr'>Στέφανον</span> 
     </span>
    </p>
   </div>
   <div class='ocr_carea' id='block_1_49' title="bbox 2146 1953 3788 2034">
    <p class='ocr_par' dir='ltr' id='par_1_49' title="bbox 2146 1953 3788 2034">
     <span class='ocr_line' id='line_1_49' title="bbox 2146 1953 3788 2034; baseline 0 -26"><span class='ocrx_word' id='word_1_325' title='bbox 2146 1953 2404 2027; x_wconf 78' lang='grc' dir='ltr'>ἐκτομίαν</span> <span class='ocrx_word' id='word_1_326' title='bbox 2457 1957 2806 2026; x_wconf 76' lang='grc' dir='ltr'>ποιήσαντες,</span> <span class='ocrx_word' id='word_1_327' title='bbox 2868 1956 2946 2021; x_wconf 69' lang='grc' dir='ltr'>εἷς</span> <span class='ocrx_word' id='word_1_328' title='bbox 2996 1958 3097 2011; x_wconf 90' lang='grc' dir='ltr'>¹τὸν</span> <span class='ocrx_word' id='word_1_329' title='bbox 3149 1955 3200 2011; x_wconf 71' lang='grc' dir='ltr'>ἐν</span> <span class='ocrx_word' id='word_1_330' title='bbox 3252 1953 3602 2034; x_wconf 73' lang='grc' dir='ltr'>Παφλαγονίᾳ</span> <span class='ocrx_word' id='word_1_331' title='bbox 3636 1957 3788 2009; x_wconf 78' lang='grc' dir='ltr'>οἷκον</span> 
     </span>
    </p>
   </div>
   <div class='ocr_carea' id='block_1_50' title="bbox 2145 2041 3791 2119">
    <p class='ocr_par' dir='ltr' id='par_1_50' title="bbox 2145 2041 3791 2119">
     <span class='ocr_line' id='line_1_50' title="bbox 2145 2041 3791 2119; baseline -0.001 -22"><span class='ocrx_word' id='word_1_332' title='bbox 2145 2042 2318 2098; x_wconf 79' lang='grc' dir='ltr'>αὐτῶν</span> <span class='ocrx_word' id='word_1_333' title='bbox 2374 2042 2660 2099; x_wconf 76' lang='grc' dir='ltr'>ἐστάλκασι</span> <span class='ocrx_word' id='word_1_334' title='bbox 2715 2045 2961 2107; x_wconf 87' lang='grc' dir='ltr'>τούτους.</span> <span class='ocrx_word' id='word_1_335' title='bbox 2987 2045 3054 2102; x_wconf 81' lang='lat' dir='ltr'>O&#39;t</span> <span class='ocrx_word' id='word_1_336' title='bbox 3105 2042 3162 2100; x_wconf 82' lang='grc' dir='ltr'>δὶ</span> <span class='ocrx_word' id='word_1_337' title='bbox 3213 2047 3310 2100; x_wconf 79' lang='grc' dir='ltr'>τοῦ</span> <span class='ocrx_word' id='word_1_338' title='bbox 3373 2043 3640 2119; x_wconf 69' lang='grc' dir='ltr'>βασιλεως</span> <span class='ocrx_word' id='word_1_339' title='bbox 3672 2041 3791 2097; x_wconf 82' lang='grc' dir='ltr'>ἐπί-</span> 
     </span>
    </p>
   </div>
   <div class='ocr_carea' id='block_1_51' title="bbox 2144 2131 3796 2211">
    <p class='ocr_par' dir='ltr' id='par_1_51' title="bbox 2144 2131 3796 2211">
     <span class='ocr_line' id='line_1_51' title="bbox 2144 2131 3796 2211; baseline 0 -25"><span class='ocrx_word' id='word_1_340' title='bbox 2144 2152 2338 2206; x_wconf 91' lang='grc' dir='ltr'>τροποι</span> <span class='ocrx_word' id='word_1_341' title='bbox 2373 2134 2402 2187; x_wconf 80' lang='grc' dir='ltr'>δ</span> <span class='ocrx_word' id='word_1_342' title='bbox 2428 2153 2487 2188; x_wconf 86' lang='grc' dir='ltr'>τε</span> <span class='ocrx_word' id='word_1_343' title='bbox 2516 2133 2882 2211; x_wconf 78' lang='grc' dir='ltr'>πατριάρχης,</span> <span class='ocrx_word' id='word_1_344' title='bbox 2915 2134 3003 2189; x_wconf 85' lang='grc' dir='ltr'>καὶ</span> <span class='ocrx_word' id='word_1_345' title='bbox 3052 2134 3103 2189; x_wconf 71' lang='grc' dir='ltr'>οἱ</span> <span class='ocrx_word' id='word_1_346' title='bbox 3163 2131 3372 2205; x_wconf 80' lang='grc' dir='ltr'>λοιποὶ,</span> <span class='ocrx_word' id='word_1_347' title='bbox 3414 2132 3796 2197; x_wconf 79' lang='grc' dir='ltr'>ἔναυθεντοῦν-</span> 
     </span>
    </p>
   </div>
   <div class='ocr_carea' id='block_1_52' title="bbox 2144 2219 3794 2298">
    <p class='ocr_par' dir='ltr' id='par_1_52' title="bbox 2144 2219 3794 2298">
     <span class='ocr_line' id='line_1_52' title="bbox 2144 2219 3794 2298; baseline -0.001 -22"><span class='ocrx_word' id='word_1_348' title='bbox 2144 2241 2231 2282; x_wconf 86' lang='grc' dir='ltr'><strong>τες</strong></span> <span class='ocrx_word' id='word_1_349' title='bbox 2260 2227 2376 2284; x_wconf 86' lang='grc' dir='ltr'>τοῖς</span> <span class='ocrx_word' id='word_1_350' title='bbox 2424 2223 2724 2298; x_wconf 81' lang='grc' dir='ltr'>πράγμασι,</span> <span class='ocrx_word' id='word_1_351' title='bbox 2772 2220 2957 2278; x_wconf 76' lang='grc' dir='ltr'>πολλὰ</span> <span class='ocrx_word' id='word_1_352' title='bbox 3002 2227 3111 2278; x_wconf 81' lang='grc' dir='ltr'><strong>τῶν</strong></span> <span class='ocrx_word' id='word_1_353' title='bbox 3165 2223 3225 2277; x_wconf 75' lang='grc' dir='ltr'>οὒ</span> <span class='ocrx_word' id='word_1_354' title='bbox 3280 2219 3505 2276; x_wconf 84' lang='grc' dir='ltr'>δεόντων</span> <span class='ocrx_word' id='word_1_355' title='bbox 3543 2219 3794 2290; x_wconf 68' lang='grc' dir='ltr'>ἐποίουν,</span> 
     </span>
    </p>
   </div>
   <div class='ocr_carea' id='block_1_53' title="bbox 2146 2307 3793 2390">
    <p class='ocr_par' dir='ltr' id='par_1_53' title="bbox 2146 2307 3793 2390">
     <span class='ocr_line' id='line_1_53' title="bbox 2146 2307 3793 2390; baseline -0.001 -26"><span class='ocrx_word' id='word_1_356' title='bbox 2146 2310 2236 2365; x_wconf 86' lang='grc' dir='ltr'>καὶ</span> <span class='ocrx_word' id='word_1_357' title='bbox 2294 2312 2431 2383; x_wconf 83' lang='grc' dir='ltr'>πρὸς</span> <span class='ocrx_word' id='word_1_358' title='bbox 2486 2309 2771 2382; x_wconf 79' lang='grc' dir='ltr'>ἀλλήλους</span> <span class='ocrx_word' id='word_1_359' title='bbox 2841 2309 2898 2366; x_wconf 72' lang='grc' dir='ltr'>δὲ</span> <span class='ocrx_word' id='word_1_360' title='bbox 2969 2309 3297 2390; x_wconf 76' lang='grc' dir='ltr'>διεφέροντο,</span> <span class='ocrx_word' id='word_1_361' title='bbox 3347 2315 3452 2365; x_wconf 84' lang='grc' dir='ltr'>τῶν</span> <span class='ocrx_word' id='word_1_362' title='bbox 3513 2311 3606 2383; x_wconf 71' lang='grc' dir='ltr'>μὲν</span> <span class='ocrx_word' id='word_1_363' title='bbox 3661 2307 3793 2364; x_wconf 80' lang='grc' dir='ltr'>τάδε</span> 
     </span>
    </p>
   </div>
   <div class='ocr_carea' id='block_1_54' title="bbox 2149 2397 3789 2474">
    <p class='ocr_par' dir='ltr' id='par_1_54' title="bbox 2149 2397 3789 2474">
     <span class='ocr_line' id='line_1_54' title="bbox 2149 2397 3789 2474; baseline -0.001 -20"><span class='ocrx_word' id='word_1_364' title='bbox 2149 2399 2491 2474; x_wconf 75' lang='grc' dir='ltr'>εἰσαγόντων,</span> <span class='ocrx_word' id='word_1_365' title='bbox 2548 2401 2654 2455; x_wconf 82' lang='grc' dir='ltr'><strong>τῶν</strong></span> <span class='ocrx_word' id='word_1_366' title='bbox 2714 2399 2772 2455; x_wconf 74' lang='grc' dir='ltr'>δὲ</span> <span class='ocrx_word' id='word_1_367' title='bbox 2828 2401 2894 2455; x_wconf 83' lang='grc' dir='ltr'>τὰ</span> <span class='ocrx_word' id='word_1_368' title='bbox 2951 2400 3214 2473; x_wconf 77' lang='grc' dir='ltr'>ἀντίθετα,</span> <span class='ocrx_word' id='word_1_369' title='bbox 3245 2399 3334 2455; x_wconf 84' lang='grc' dir='ltr'>καὶ</span> <span class='ocrx_word' id='word_1_370' title='bbox 3381 2400 3447 2469; x_wconf 77' lang='grc' dir='ltr'>ἦν</span> <span class='ocrx_word' id='word_1_371' title='bbox 3497 2402 3531 2469; x_wconf 80' lang='grc' dir='ltr'>ἠ</span> <span class='ocrx_word' id='word_1_372' title='bbox 3581 2397 3789 2454; x_wconf 88' lang='grc' dir='ltr'>τούτων</span> 
     </span>
    </p>
   </div>
   <div class='ocr_carea' id='block_1_55' title="bbox 2148 2485 3792 2565">
    <p class='ocr_par' dir='ltr' id='par_1_55' title="bbox 2148 2485 3792 2565">
     <span class='ocr_line' id='line_1_55' title="bbox 2148 2485 3792 2565; baseline 0 -23"><span class='ocrx_word' id='word_1_373' title='bbox 2148 2485 2416 2559; x_wconf 79' lang='grc' dir='ltr'>διοίκησις</span> <span class='ocrx_word' id='word_1_374' title='bbox 2471 2488 2787 2565; x_wconf 79' lang='grc' dir='ltr'>πολυαρχία</span> <span class='ocrx_word' id='word_1_375' title='bbox 2840 2511 2942 2560; x_wconf 88' lang='grc' dir='ltr'>τις,</span> <span class='ocrx_word' id='word_1_376' title='bbox 3005 2488 3131 2545; x_wconf 85' lang='grc' dir='ltr'>ἀλλ’</span> <span class='ocrx_word' id='word_1_377' title='bbox 3180 2488 3240 2544; x_wconf 82' lang='grc' dir='ltr'>οὗ</span> <span class='ocrx_word' id='word_1_378' title='bbox 3300 2488 3594 2564; x_wconf 88' lang='grc' dir='ltr'>μοναρχία.</span> <span class='ocrx_word' id='word_1_379' title='bbox 3637 2490 3700 2545; x_wconf 75' lang='grc' dir='ltr'><strong>Ὀ</strong></span> <span class='ocrx_word' id='word_1_380' title='bbox 3733 2485 3792 2543; x_wconf 70' lang='grc' dir='ltr'>δὲ</span> 
     </span>
    </p>
   </div>
   <div class='ocr_carea' id='block_1_56' title="bbox 2147 2574 3791 2655">
    <p class='ocr_par' dir='ltr' id='par_1_56' title="bbox 2147 2574 3791 2655">
     <span class='ocr_line' id='line_1_56' title="bbox 2147 2574 3791 2655; baseline -0.001 -22"><span class='ocrx_word' id='word_1_381' title='bbox 2147 2574 2465 2653; x_wconf 88' lang='grc' dir='ltr'>Βούλγαρος</span> <span class='ocrx_word' id='word_1_382' title='bbox 2526 2579 2753 2651; x_wconf 86' lang='grc' dir='ltr'>Συμεὼν</span> <span class='ocrx_word' id='word_1_383' title='bbox 2810 2582 2944 2653; x_wconf 84' lang='grc'>(20),</span> <span class='ocrx_word' id='word_1_384' title='bbox 3006 2580 3080 2641; x_wconf 83' lang='grc' dir='ltr'>ὡς</span> <span class='ocrx_word' id='word_1_385' title='bbox 3134 2580 3210 2652; x_wconf 79' lang='grc' dir='ltr'>μή</span> <span class='ocrx_word' id='word_1_386' title='bbox 3267 2579 3533 2655; x_wconf 73' lang='grc' dir='ltr'>βασιλέως</span> <span class='ocrx_word' id='word_1_387' title='bbox 3573 2577 3791 2633; x_wconf 73' lang='grc' dir='ltr'>ἐπιστα-</span> 
     </span>
    </p>
   </div>
   <div class='ocr_carea' id='block_1_57' title="bbox 2146 2665 3790 2745">
    <p class='ocr_par' dir='ltr' id='par_1_57' title="bbox 2146 2665 3790 2745">
     <span class='ocr_line' id='line_1_57' title="bbox 2146 2665 3790 2745; baseline -0.001 -25"><span class='ocrx_word' id='word_1_388' title='bbox 2146 2670 2367 2728; x_wconf 80' lang='grc' dir='ltr'>τοῦντος</span> <span class='ocrx_word' id='word_1_389' title='bbox 2436 2673 2552 2730; x_wconf 86' lang='grc' dir='ltr'>τοῖς</span> <span class='ocrx_word' id='word_1_390' title='bbox 2623 2668 2924 2744; x_wconf 81' lang='grc' dir='ltr'>πράγμασι,</span> <span class='ocrx_word' id='word_1_391' title='bbox 2985 2665 3187 2745; x_wconf 78' lang='grc' dir='ltr'>ῥᾳδίως</span> <span class='ocrx_word' id='word_1_392' title='bbox 3243 2666 3468 2729; x_wconf 77' lang='grc' dir='ltr'>ἐλπίσας</span> <span class='ocrx_word' id='word_1_393' title='bbox 3523 2673 3790 2742; x_wconf 80' lang='grc' dir='ltr'>κρατῆσαι</span> 
     </span>
    </p>
   </div>
   <div class='ocr_carea' id='block_1_58' title="bbox 2145 2751 3794 2831">
    <p class='ocr_par' dir='ltr' id='par_1_58' title="bbox 2145 2751 3794 2831">
     <span class='ocr_line' id='line_1_58' title="bbox 2145 2751 3794 2831; baseline 0 -22"><span class='ocrx_word' id='word_1_394' title='bbox 2145 2761 2244 2824; x_wconf 85' lang='grc' dir='ltr'>τῆς</span> <span class='ocrx_word' id='word_1_395' title='bbox 2279 2753 2560 2831; x_wconf 87' lang='grc' dir='ltr'>βασιλίδος</span> <span class='ocrx_word' id='word_1_396' title='bbox 2603 2760 2710 2811; x_wconf 82' lang='grc' dir='ltr'>τῶν</span> <span class='ocrx_word' id='word_1_397' title='bbox 2766 2754 2982 2810; x_wconf 88' lang='grc' dir='ltr'>πόλεων</span> <span class='ocrx_word' id='word_1_398' title='bbox 3031 2751 3201 2810; x_wconf 77' lang='grc' dir='ltr'>ἔπεισι</span> <span class='ocrx_word' id='word_1_399' title='bbox 3259 2757 3396 2810; x_wconf 86' lang='grc' dir='ltr'>κατά</span> <span class='ocrx_word' id='word_1_400' title='bbox 3422 2754 3624 2825; x_wconf 80' lang='grc' dir='ltr'>ταύτης</span> <span class='ocrx_word' id='word_1_401' title='bbox 3659 2755 3794 2828; x_wconf 72' lang='grc' dir='ltr'>μετὰ</span> 
     </span>
    </p>
   </div>
   <div class='ocr_carea' id='block_1_59' title="bbox 2147 2842 3790 2920">
    <p class='ocr_par' dir='ltr' id='par_1_59' title="bbox 2147 2842 3790 2920">
     <span class='ocr_line' id='line_1_59' title="bbox 2147 2842 3790 2920; baseline -0.002 -20"><span class='ocrx_word' id='word_1_402' title='bbox 2147 2843 2408 2916; x_wconf 82' lang='grc' dir='ltr'>πλείστης</span> <span class='ocrx_word' id='word_1_403' title='bbox 2462 2842 2760 2919; x_wconf 86' lang='grc' dir='ltr'>δύνάμεως,</span> <span class='ocrx_word' id='word_1_404' title='bbox 2818 2846 2907 2900; x_wconf 79' lang='grc' dir='ltr'>καὶ</span> <span class='ocrx_word' id='word_1_405' title='bbox 2965 2844 3066 2916; x_wconf 80' lang='grc' dir='ltr'>ἔξω</span> <span class='ocrx_word' id='word_1_406' title='bbox 3131 2842 3606 2920; x_wconf 74' lang='grc' dir='ltr'>στρατοπεδεύεται</span> <span class='ocrx_word' id='word_1_407' title='bbox 3679 2848 3790 2898; x_wconf 82' lang='grc' dir='ltr'>τῶν</span> 
     </span>
    </p>
   </div>
   <div class='ocr_carea' id='block_1_60' title="bbox 2145 2931 3790 3011">
    <p class='ocr_par' dir='ltr' id='par_1_60' title="bbox 2145 2931 3790 3011">
     <span class='ocr_line' id='line_1_60' title="bbox 2145 2931 3790 3011; baseline 0.001 -24"><span class='ocrx_word' id='word_1_408' title='bbox 2145 2933 2350 3004; x_wconf 87' lang='grc' dir='ltr'>ταύτης</span> <span class='ocrx_word' id='word_1_409' title='bbox 2386 2939 2610 3009; x_wconf 81' lang='grc' dir='ltr'>τειχῶν,</span> <span class='ocrx_word' id='word_1_410' title='bbox 2671 2935 2760 2989; x_wconf 85' lang='grc' dir='ltr'>καὶ</span> <span class='ocrx_word' id='word_1_411' title='bbox 2807 2932 3174 3011; x_wconf 82' lang='grc' dir='ltr'>πολιορκῆσαι</span> <span class='ocrx_word' id='word_1_412' title='bbox 3224 2934 3426 3006; x_wconf 88' lang='grc' dir='ltr'>ταύτην</span> <span class='ocrx_word' id='word_1_413' title='bbox 3457 2931 3790 3004; x_wconf 81' lang='grc' dir='ltr'>διενενόητο.</span> 
     </span>
    </p>
   </div>
   <div class='ocr_carea' id='block_1_61' title="bbox 2146 3020 3796 3100">
    <p class='ocr_par' dir='ltr' id='par_1_61' title="bbox 2146 3020 3796 3100">
     <span class='ocr_line' id='line_1_61' title="bbox 2146 3020 3796 3100; baseline -0.001 -21"><span class='ocrx_word' id='word_1_414' title='bbox 2146 3020 2302 3079; x_wconf 87' lang='grc' dir='ltr'>Ἰδὼν</span> <span class='ocrx_word' id='word_1_415' title='bbox 2337 3020 2394 3077; x_wconf 77' lang='grc' dir='ltr'>δε</span> <span class='ocrx_word' id='word_1_416' title='bbox 2422 3024 2483 3077; x_wconf 89' lang='grc' dir='ltr'>τὸ</span> <span class='ocrx_word' id='word_1_417' title='bbox 2511 3029 2618 3077; x_wconf 82' lang='grc' dir='ltr'>τῶν</span> <span class='ocrx_word' id='word_1_418' title='bbox 2671 3025 2875 3099; x_wconf 77' lang='grc' dir='ltr'>τειχῶν</span> <span class='ocrx_word' id='word_1_419' title='bbox 2927 3025 3210 3100; x_wconf 84' lang='grc' dir='ltr'>κρατερὸν,</span> <span class='ocrx_word' id='word_1_420' title='bbox 3242 3024 3331 3078; x_wconf 89' lang='grc' dir='ltr'>καὶ</span> <span class='ocrx_word' id='word_1_421' title='bbox 3374 3025 3436 3079; x_wconf 89' lang='grc' dir='ltr'>τὸ</span> <span class='ocrx_word' id='word_1_422' title='bbox 3483 3021 3697 3092; x_wconf 85' lang='grc' dir='ltr'>πλῆθος</span> <span class='ocrx_word' id='word_1_423' title='bbox 3731 3023 3796 3078; x_wconf 79' lang='grc' dir='ltr'>τὸ</span> 
     </span>
    </p>
   </div>
   <div class='ocr_carea' id='block_1_62' title="bbox 2149 3111 3793 3189">
    <p class='ocr_par' dir='ltr' id='par_1_62' title="bbox 2149 3111 3793 3189">
     <span class='ocr_line' id='line_1_62' title="bbox 2149 3111 3793 3189; baseline 0 -23"><span class='ocrx_word' id='word_1_424' title='bbox 2149 3111 2230 3167; x_wconf 78' lang='grc' dir='ltr'>ἐπ’</span> <span class='ocrx_word' id='word_1_425' title='bbox 2282 3112 2478 3184; x_wconf 80' lang='grc' dir='ltr'>αὐτῶν,</span> <span class='ocrx_word' id='word_1_426' title='bbox 2511 3113 2601 3167; x_wconf 83' lang='grc' dir='ltr'>καὶ</span> <span class='ocrx_word' id='word_1_427' title='bbox 2652 3117 2759 3168; x_wconf 80' lang='grc' dir='ltr'>τῶν</span> <span class='ocrx_word' id='word_1_428' title='bbox 2818 3113 2870 3168; x_wconf 77' lang='grc' dir='ltr'>ἒν</span> <span class='ocrx_word' id='word_1_429' title='bbox 2927 3119 3046 3176; x_wconf 87' lang='grc' dir='ltr'>τοῖς</span> <span class='ocrx_word' id='word_1_430' title='bbox 3104 3113 3312 3189; x_wconf 81' lang='grc' dir='ltr'>τείχεσι</span> <span class='ocrx_word' id='word_1_431' title='bbox 3373 3111 3793 3188; x_wconf 81' lang='grc' dir='ltr'>μηχανημάτων</span> 
     </span>
    </p>
   </div>
   <div class='ocr_carea' id='block_1_63' title="bbox 2147 3196 3794 3276">
    <p class='ocr_par' dir='ltr' id='par_1_63' title="bbox 2147 3196 3794 3276">
     <span class='ocr_line' id='line_1_63' title="bbox 2147 3196 3794 3276; baseline 0 -20"><span class='ocrx_word' id='word_1_432' title='bbox 2147 3202 2210 3256; x_wconf 87' lang='grc' dir='ltr'>τὸ</span> <span class='ocrx_word' id='word_1_433' title='bbox 2245 3199 2488 3275; x_wconf 71' lang='grc' dir='ltr'>δαψιλὲς,</span> <span class='ocrx_word' id='word_1_434' title='bbox 2546 3200 2846 3276; x_wconf 78' lang='grc' dir='ltr'>είλιγιάσας</span> <span class='ocrx_word' id='word_1_435' title='bbox 2897 3203 3179 3275; x_wconf 68' lang='grc' dir='ltr'>μετέπεσεν</span> <span class='ocrx_word' id='word_1_436' title='bbox 3240 3201 3316 3264; x_wconf 72' lang='grc' dir='ltr'>εἷς</span> <span class='ocrx_word' id='word_1_437' title='bbox 3370 3202 3432 3257; x_wconf 85' lang='grc' dir='ltr'>τὸ</span> <span class='ocrx_word' id='word_1_438' title='bbox 3490 3196 3794 3275; x_wconf 76' lang='grc' dir='ltr'>Ἕϐδομον,</span> 
     </span>
    </p>
   </div>
   <div class='ocr_carea' id='block_1_64' title="bbox 386 3266 2040 3366">
    <p class='ocr_par' dir='ltr' id='par_1_64' title="bbox 386 3266 2034 3364">
     <span class='ocr_line' id='line_1_64' title="bbox 386 3266 2034 3364; baseline -0.001 -15"><span class='ocrx_word' id='word_1_439' title='bbox 386 3291 883 3364; x_wconf 86' lang='lat' dir='ltr'>Gabrielopolum,</span> <span class='ocrx_word' id='word_1_440' title='bbox 939 3296 997 3347; x_wconf 91' lang='lat' dir='ltr'>et</span> <span class='ocrx_word' id='word_1_441' title='bbox 1072 3266 1311 3348; x_wconf 66' lang='lat' dir='ltr'>caeteros</span> <span class='ocrx_word' id='word_1_442' title='bbox 1369 3291 1566 3348; x_wconf 88' lang='lat' dir='ltr'>etiam.</span> <span class='ocrx_word' id='word_1_443' title='bbox 1617 3266 2034 3348; x_wconf 83' lang='lat' dir='ltr'>Constantinus</span> 
     </span>
    </p>
   </div>
   <div class='ocr_carea' id='block_1_65' title="bbox 2149 3266 3796 3366">
    <p class='ocr_par' dir='ltr' id='par_1_65' title="bbox 2151 3266 3796 3366">
     <span class='ocr_line' id='line_1_65' title="bbox 2151 3266 3796 3366; baseline 0 -22"><span class='ocrx_word' id='word_1_444' title='bbox 2151 3266 2335 3361; x_wconf 46' lang='grc' dir='ltr'>ζητῶν·</span> <span class='ocrx_word' id='word_1_445' title='bbox 2372 3266 2708 3348; x_wconf 65' lang='grc' dir='ltr'>σπείσασθαι.</span> <span class='ocrx_word' id='word_1_446' title='bbox 2765 3294 2826 3348; x_wconf 90' lang='grc' dir='ltr'>Ὁ</span> <span class='ocrx_word' id='word_1_447' title='bbox 2878 3266 3008 3366; x_wconf 72' lang='grc' dir='ltr'>γούν</span> <span class='ocrx_word' id='word_1_448' title='bbox 3055 3290 3404 3366; x_wconf 82' lang='grc' dir='ltr'>πατριάρχης</span> <span class='ocrx_word' id='word_1_449' title='bbox 3444 3292 3531 3345; x_wconf 85' lang='grc' dir='ltr'>καὶ</span> <span class='ocrx_word' id='word_1_450' title='bbox 3583 3291 3636 3344; x_wconf 72' lang='grc' dir='ltr'>οἱ</span> <span class='ocrx_word' id='word_1_451' title='bbox 3668 3266 3796 3345; x_wconf 53' lang='grc' dir='ltr'>λοι-ί</span> 
     </span>
    </p>
   </div>
   <div class='ocr_carea' id='block_1_66' title="bbox 390 3379 2038 3454">
    <p class='ocr_par' dir='ltr' id='par_1_66' title="bbox 390 3379 2038 3454">
     <span class='ocr_line' id='line_1_66' title="bbox 390 3379 2038 3454; baseline -0.001 -17"><span class='ocrx_word' id='word_1_452' title='bbox 390 3387 584 3437; x_wconf 88' lang='lat' dir='ltr'>autem</span> <span class='ocrx_word' id='word_1_453' title='bbox 626 3381 776 3437; x_wconf 88' lang='lat' dir='ltr'>sacri</span> <span class='ocrx_word' id='word_1_454' title='bbox 828 3379 1083 3437; x_wconf 88' lang='lat' dir='ltr'>cubiculi</span> <span class='ocrx_word' id='word_1_455' title='bbox 1131 3381 1481 3454; x_wconf 71' lang='lat' dir='ltr'>prazpositus</span> <span class='ocrx_word' id='word_1_456' title='bbox 1535 3386 1763 3453; x_wconf 83' lang='lat' dir='ltr'>poterat</span> <span class='ocrx_word' id='word_1_457' title='bbox 1817 3382 2038 3437; x_wconf 89' lang='lat' dir='ltr'>omnia.</span> 
     </span>
    </p>
   </div>
   <div class='ocr_carea' id='block_1_67' title="bbox 387 3467 2040 3540">
    <p class='ocr_par' dir='ltr' id='par_1_67' title="bbox 387 3467 2040 3540">
     <span class='ocr_line' id='line_1_67' title="bbox 387 3467 2040 3540; baseline 0 -16"><span class='ocrx_word' id='word_1_458' title='bbox 387 3468 672 3524; x_wconf 65' lang='lat' dir='ltr'>Gestorum</span> <span class='ocrx_word' id='word_1_459' title='bbox 704 3467 992 3540; x_wconf 87' lang='lat' dir='ltr'>Bulgarus</span> <span class='ocrx_word' id='word_1_460' title='bbox 1045 3467 1295 3540; x_wconf 82' lang='lat' dir='ltr'>Symeon</span> <span class='ocrx_word' id='word_1_461' title='bbox 1337 3469 1645 3525; x_wconf 90' lang='lat' dir='ltr'>Thraciam</span> <span class='ocrx_word' id='word_1_462' title='bbox 1688 3469 2040 3525; x_wconf 89' lang='lat' dir='ltr'>incursioni-</span> 
     </span>
    </p>
   </div>
   <div class='ocr_carea' id='block_1_68' title="bbox 391 3555 2040 3630">
    <p class='ocr_par' dir='ltr' id='par_1_68' title="bbox 391 3555 2040 3630">
     <span class='ocr_line' id='line_1_68' title="bbox 391 3555 2040 3630; baseline 0.001 -17"><span class='ocrx_word' id='word_1_463' title='bbox 391 3559 502 3613; x_wconf 88' lang='lat' dir='ltr'>bus</span> <span class='ocrx_word' id='word_1_464' title='bbox 560 3556 900 3630; x_wconf 85' lang='lat' dir='ltr'>populatu,</span> <span class='ocrx_word' id='word_1_465' title='bbox 947 3555 1098 3612; x_wconf 89' lang='lat' dir='ltr'>vallo</span> <span class='ocrx_word' id='word_1_466' title='bbox 1155 3556 1402 3613; x_wconf 90' lang='lat' dir='ltr'>excitato</span> <span class='ocrx_word' id='word_1_467' title='bbox 1477 3575 1540 3614; x_wconf 89' lang='lat' dir='ltr'>se</span> <span class='ocrx_word' id='word_1_468' title='bbox 1606 3558 2040 3630; x_wconf 81' lang='lat' dir='ltr'>Adrianopolim</span> 
     </span>
    </p>
   </div>
   <div class='ocr_carea' id='block_1_69' title="bbox 389 3645 2044 3718">
    <p class='ocr_par' dir='ltr' id='par_1_69' title="bbox 389 3645 2044 3718">
     <span class='ocr_line' id='line_1_69' title="bbox 389 3645 2044 3718; baseline 0 -15"><span class='ocrx_word' id='word_1_469' title='bbox 389 3649 858 3718; x_wconf 87' lang='lat' dir='ltr'>expugnaturum</span> <span class='ocrx_word' id='word_1_470' title='bbox 922 3645 1273 3702; x_wconf 89' lang='lat' dir='ltr'>conﬁdebat.</span> <span class='ocrx_word' id='word_1_471' title='bbox 1334 3647 1456 3712; x_wconf 89' lang='lat' dir='ltr'>Quo</span> <span class='ocrx_word' id='word_1_472' title='bbox 1525 3651 1736 3702; x_wconf 91' lang='lat' dir='ltr'>conatu</span> <span class='ocrx_word' id='word_1_473' title='bbox 1794 3663 1927 3703; x_wconf 91' lang='lat' dir='ltr'>cum</span> <span class='ocrx_word' id='word_1_474' title='bbox 1981 3663 2044 3703; x_wconf 87' lang='lat' dir='ltr'>se</span> 
     </span>
    </p>
   </div>
   <div class='ocr_carea' id='block_1_70' title="bbox 394 3733 2042 3808">
    <p class='ocr_par' dir='ltr' id='par_1_70' title="bbox 394 3733 2042 3808">
     <span class='ocr_line' id='line_1_70' title="bbox 394 3733 2042 3808; baseline 0 -18"><span class='ocrx_word' id='word_1_475' title='bbox 394 3733 666 3790; x_wconf 89' lang='lat' dir='ltr'>frustrari</span> <span class='ocrx_word' id='word_1_476' title='bbox 696 3735 936 3802; x_wconf 88' lang='lat' dir='ltr'>videret,</span> <span class='ocrx_word' id='word_1_477' title='bbox 967 3734 1080 3790; x_wconf 88' lang='lat' dir='ltr'>alia</span> <span class='ocrx_word' id='word_1_478' title='bbox 1129 3736 1222 3790; x_wconf 80' lang='lat' dir='ltr'>via</span> <span class='ocrx_word' id='word_1_479' title='bbox 1271 3749 1393 3789; x_wconf 89' lang='lat' dir='ltr'>rem</span> <span class='ocrx_word' id='word_1_480' title='bbox 1436 3736 1794 3808; x_wconf 87' lang='lat' dir='ltr'>aggreditur,</span> <span class='ocrx_word' id='word_1_481' title='bbox 1826 3741 1882 3792; x_wconf 89' lang='lat' dir='ltr'>et</span> <span class='ocrx_word' id='word_1_482' title='bbox 1913 3737 2042 3808; x_wconf 89' lang='lat' dir='ltr'>qui-</span> 
     </span>
    </p>
   </div>
   <div class='ocr_carea' id='block_1_71' title="bbox 393 3822 2044 3895">
    <p class='ocr_par' dir='ltr' id='par_1_71' title="bbox 393 3822 2044 3895">
     <span class='ocr_line' id='line_1_71' title="bbox 393 3822 2044 3895; baseline 0.002 -18"><span class='ocrx_word' id='word_1_483' title='bbox 393 3823 643 3878; x_wconf 89' lang='lat' dir='ltr'>busdam</span> <span class='ocrx_word' id='word_1_484' title='bbox 712 3822 1091 3894; x_wconf 65' lang='lat' dir='ltr'>praesidiariis</span> <span class='ocrx_word' id='word_1_485' title='bbox 1158 3823 1408 3894; x_wconf 90' lang='lat' dir='ltr'>pecunia</span> <span class='ocrx_word' id='word_1_486' title='bbox 1464 3825 1778 3895; x_wconf 88' lang='lat' dir='ltr'>corruptis,</span> <span class='ocrx_word' id='word_1_487' title='bbox 1837 3825 2044 3880; x_wconf 88' lang='lat' dir='ltr'>urbem</span> 
     </span>
    </p>
   </div>
   <div class='ocr_carea' id='block_1_72' title="bbox 394 3911 2046 3984">
    <p class='ocr_par' dir='ltr' id='par_1_72' title="bbox 394 3911 2046 3984">
     <span class='ocr_line' id='line_1_72' title="bbox 394 3911 2046 3984; baseline 0.001 -18"><span class='ocrx_word' id='word_1_488' title='bbox 394 3911 692 3982; x_wconf 90' lang='lat' dir='ltr'>proditam</span> <span class='ocrx_word' id='word_1_489' title='bbox 750 3911 1036 3979; x_wconf 88' lang='lat' dir='ltr'>vastabat,</span> <span class='ocrx_word' id='word_1_490' title='bbox 1092 3928 1267 3983; x_wconf 87' lang='lat' dir='ltr'>quam</span> <span class='ocrx_word' id='word_1_491' title='bbox 1338 3913 1728 3984; x_wconf 89' lang='lat' dir='ltr'>imperatricis</span> <span class='ocrx_word' id='word_1_492' title='bbox 1785 3914 2046 3968; x_wconf 83' lang='lat' dir='ltr'>studium</span> 
     </span>
    </p>
   </div>
   <div class='ocr_carea' id='block_1_73' title="bbox 397 4000 2048 4072">
    <p class='ocr_par' dir='ltr' id='par_1_73' title="bbox 397 4000 2048 4072">
     <span class='ocr_line' id='line_1_73' title="bbox 397 4000 2048 4072; baseline 0.002 -17"><span class='ocrx_word' id='word_1_493' title='bbox 397 4000 660 4055; x_wconf 88' lang='lat' dir='ltr'>Romano</span> <span class='ocrx_word' id='word_1_494' title='bbox 710 4000 955 4072; x_wconf 89' lang='lat' dir='ltr'>imperio</span> <span class='ocrx_word' id='word_1_495' title='bbox 1013 4001 1396 4072; x_wconf 90' lang='lat' dir='ltr'>recuperavit.</span> <span class='ocrx_word' id='word_1_496' title='bbox 1455 4001 1589 4064; x_wconf 58' lang='lat' dir='ltr'>Quas</span> <span class='ocrx_word' id='word_1_497' title='bbox 1647 4017 1778 4057; x_wconf 89' lang='lat' dir='ltr'>cum</span> <span class='ocrx_word' id='word_1_498' title='bbox 1814 4003 2048 4058; x_wconf 88' lang='lat' dir='ltr'>crebras</span> 
     </span>
    </p>
   </div>
   <div class='ocr_carea' id='block_1_74' title="bbox 393 4087 2049 4162">
    <p class='ocr_par' dir='ltr' id='par_1_74' title="bbox 393 4087 2049 4162">
     <span class='ocr_line' id='line_1_74' title="bbox 393 4087 2049 4162; baseline 0.002 -20"><span class='ocrx_word' id='word_1_499' title='bbox 393 4089 696 4162; x_wconf 84' lang='lat' dir='ltr'>Symeonis</span> <span class='ocrx_word' id='word_1_500' title='bbox 727 4087 786 4143; x_wconf 93' lang='lat' dir='ltr'>in</span> <span class='ocrx_word' id='word_1_501' title='bbox 808 4088 1115 4143; x_wconf 89' lang='lat' dir='ltr'>Thraciam</span> <span class='ocrx_word' id='word_1_502' title='bbox 1140 4087 1516 4145; x_wconf 88' lang='lat' dir='ltr'>excursiones</span> <span class='ocrx_word' id='word_1_503' title='bbox 1537 4106 1650 4145; x_wconf 93' lang='lat' dir='ltr'>non</span> <span class='ocrx_word' id='word_1_504' title='bbox 1673 4090 1844 4145; x_wconf 85' lang='lat' dir='ltr'>ferret</span> <span class='ocrx_word' id='word_1_505' title='bbox 1869 4107 1882 4146; x_wconf 88' lang='lat'><strong>:</strong></span> <span class='ocrx_word' id='word_1_506' title='bbox 1909 4106 2049 4162; x_wconf 88' lang='lat' dir='ltr'>pace</span> 
     </span>
    </p>
   </div>
   <div class='ocr_carea' id='block_1_75' title="bbox 395 4176 2048 4250">
    <p class='ocr_par' dir='ltr' id='par_1_75' title="bbox 395 4176 2048 4250">
     <span class='ocr_line' id='line_1_75' title="bbox 395 4176 2048 4250; baseline 0.002 -18"><span class='ocrx_word' id='word_1_507' title='bbox 395 4194 528 4232; x_wconf 91' lang='lat' dir='ltr'>cum</span> <span class='ocrx_word' id='word_1_508' title='bbox 562 4176 877 4232; x_wconf 85' lang='lat' dir='ltr'>Ismaelitis</span> <span class='ocrx_word' id='word_1_509' title='bbox 900 4177 1071 4247; x_wconf 79' lang='lat' dir='ltr'>facta,</span> <span class='ocrx_word' id='word_1_510' title='bbox 1095 4181 1150 4232; x_wconf 89' lang='lat' dir='ltr'>st</span> <span class='ocrx_word' id='word_1_511' title='bbox 1169 4177 1498 4250; x_wconf 90' lang='lat' dir='ltr'>legionibus</span> <span class='ocrx_word' id='word_1_512' title='bbox 1522 4182 1643 4234; x_wconf 89' lang='lat' dir='ltr'>tam</span> <span class='ocrx_word' id='word_1_513' title='bbox 1668 4179 2048 4235; x_wconf 88' lang='lat' dir='ltr'>orientalibus</span> 
     </span>
    </p>
   </div>
   <div class='ocr_carea' id='block_1_76' title="bbox 394 4264 2047 4340">
    <p class='ocr_par' dir='ltr' id='par_1_76' title="bbox 394 4264 2047 4340">
     <span class='ocr_line' id='line_1_76' title="bbox 394 4264 2047 4340; baseline 0.002 -19"><span class='ocrx_word' id='word_1_514' title='bbox 394 4281 573 4338; x_wconf 90' lang='lat' dir='ltr'>quam</span> <span class='ocrx_word' id='word_1_515' title='bbox 622 4264 1089 4322; x_wconf 88' lang='lat' dir='ltr'>occidentalibus</span> <span class='ocrx_word' id='word_1_516' title='bbox 1137 4267 1490 4336; x_wconf 86' lang='lat' dir='ltr'>convocatis,</span> <span class='ocrx_word' id='word_1_517' title='bbox 1543 4267 1824 4340; x_wconf 82' lang='lat' dir='ltr'>magistro</span> <span class='ocrx_word' id='word_1_518' title='bbox 1875 4267 2047 4324; x_wconf 88' lang='lat' dir='ltr'>Leoni</span> 
     </span>
    </p>
   </div>
   <div class='ocr_carea' id='block_1_77' title="bbox 393 4353 2046 4429">
    <p class='ocr_par' dir='ltr' id='par_1_77' title="bbox 393 4353 2046 4429">
     <span class='ocr_line' id='line_1_77' title="bbox 393 4353 2046 4429; baseline 0.001 -18"><span class='ocrx_word' id='word_1_519' title='bbox 393 4355 596 4411; x_wconf 62' lang='lat' dir='ltr'>Phocis</span> <span class='ocrx_word' id='word_1_520' title='bbox 637 4353 934 4426; x_wconf 88' lang='lat' dir='ltr'>legionum</span> <span class='ocrx_word' id='word_1_521' title='bbox 968 4355 1313 4422; x_wconf 88' lang='lat' dir='ltr'>domestico,</span> <span class='ocrx_word' id='word_1_522' title='bbox 1347 4355 1566 4412; x_wconf 83' lang='lat' dir='ltr'>bellum</span> <span class='ocrx_word' id='word_1_523' title='bbox 1607 4357 1664 4411; x_wconf 90' lang='lat' dir='ltr'>in</span> <span class='ocrx_word' id='word_1_524' title='bbox 1699 4357 2046 4429; x_wconf 86' lang='lat' dir='ltr'>Symeonem</span> 
     </span>
    </p>
   </div>
   <div class='ocr_carea' id='block_1_78' title="bbox 395 4443 2048 4518">
    <p class='ocr_par' dir='ltr' id='par_1_78' title="bbox 395 4443 2048 4518">
     <span class='ocr_line' id='line_1_78' title="bbox 395 4443 2048 4518; baseline 0.001 -19"><span class='ocrx_word' id='word_1_525' title='bbox 395 4445 657 4515; x_wconf 91' lang='lat' dir='ltr'>mandat,</span> <span class='ocrx_word' id='word_1_526' title='bbox 721 4443 821 4516; x_wconf 90' lang='lat' dir='ltr'>qui</span> <span class='ocrx_word' id='word_1_527' title='bbox 873 4460 1069 4516; x_wconf 86' lang='lat' dir='ltr'>pugna</span> <span class='ocrx_word' id='word_1_528' title='bbox 1125 4444 1462 4515; x_wconf 85' lang='lat' dir='ltr'>commissa,</span> <span class='ocrx_word' id='word_1_529' title='bbox 1513 4444 1792 4518; x_wconf 86' lang='lat' dir='ltr'>Bulgaros</span> <span class='ocrx_word' id='word_1_530' title='bbox 1828 4446 2048 4518; x_wconf 88' lang='lat' dir='ltr'>insigni</span> 
     </span>
    </p>
   </div>
   <div class='ocr_carea' id='block_1_79' title="bbox 393 4533 2045 4608">
    <p class='ocr_par' dir='ltr' id='par_1_79' title="bbox 393 4533 2045 4608">
     <span class='ocr_line' id='line_1_79' title="bbox 393 4533 2045 4608; baseline 0.002 -19"><span class='ocrx_word' id='word_1_531' title='bbox 393 4535 635 4590; x_wconf 89' lang='lat' dir='ltr'>victoria</span> <span class='ocrx_word' id='word_1_532' title='bbox 687 4539 945 4605; x_wconf 88' lang='lat' dir='ltr'>superat,</span> <span class='ocrx_word' id='word_1_533' title='bbox 1003 4533 1205 4589; x_wconf 89' lang='lat' dir='ltr'>multis</span> <span class='ocrx_word' id='word_1_534' title='bbox 1264 4551 1465 4589; x_wconf 89' lang='lat' dir='ltr'>eorum</span> <span class='ocrx_word' id='word_1_535' title='bbox 1525 4535 1704 4591; x_wconf 75' lang='lat' dir='ltr'>caesis.</span> <span class='ocrx_word' id='word_1_536' title='bbox 1770 4537 1879 4592; x_wconf 90' lang='lat' dir='ltr'>Sed</span> <span class='ocrx_word' id='word_1_537' title='bbox 1929 4553 2045 4608; x_wconf 77' lang='lat' dir='ltr'>pres</span> 
     </span>
    </p>
   </div>
   <div class='ocr_carea' id='block_1_80' title="bbox 2148 3373 3795 3456">
    <p class='ocr_par' dir='ltr' id='par_1_80' title="bbox 2148 3373 3795 3456">
     <span class='ocr_line' id='line_1_80' title="bbox 2148 3373 3795 3456; baseline 0.001 -24"><span class='ocrx_word' id='word_1_538' title='bbox 2148 3379 2242 3433; x_wconf 90' lang='grc' dir='ltr'><strong>ποὶ</strong></span> <span class='ocrx_word' id='word_1_539' title='bbox 2289 3383 2395 3432; x_wconf 81' lang='grc' dir='ltr'>τῶν</span> <span class='ocrx_word' id='word_1_540' title='bbox 2452 3377 2759 3455; x_wconf 69' lang='grc' dir='ltr'>ἐπιτρόπων</span> <span class='ocrx_word' id='word_1_541' title='bbox 2811 3373 3072 3444; x_wconf 74' lang='grc' dir='ltr'>λαϐόντες</span> <span class='ocrx_word' id='word_1_542' title='bbox 3121 3379 3214 3435; x_wconf 84' lang='grc' dir='ltr'>τὸν</span> <span class='ocrx_word' id='word_1_543' title='bbox 3270 3380 3516 3456; x_wconf 71' lang='grc' dir='ltr'>βασιλέα,</span> <span class='ocrx_word' id='word_1_544' title='bbox 3543 3378 3619 3442; x_wconf 79' lang='grc' dir='ltr'>εἰς</span> <span class='ocrx_word' id='word_1_545' title='bbox 3649 3379 3717 3435; x_wconf 77' lang='grc' dir='ltr'><strong>τὰ</strong></span> <span class='ocrx_word' id='word_1_546' title='bbox 3744 3378 3795 3435; x_wconf 81' lang='grc' dir='ltr'><strong>ἐν</strong></span> 
     </span>
    </p>
   </div>
   <div class='ocr_carea' id='block_1_81' title="bbox 2149 3465 3792 3544">
    <p class='ocr_par' dir='ltr' id='par_1_81' title="bbox 2149 3465 3792 3544">
     <span class='ocr_line' id='line_1_81' title="bbox 2149 3465 3792 3544; baseline 0.001 -22"><span class='ocrx_word' id='word_1_547' title='bbox 2149 3465 2487 3543; x_wconf 80' lang='grc' dir='ltr'>Βλαχὲρναις</span> <span class='ocrx_word' id='word_1_548' title='bbox 2539 3466 2714 3536; x_wconf 77' lang='grc' dir='ltr'>ἦλθον</span> <span class='ocrx_word' id='word_1_549' title='bbox 2776 3467 3043 3544; x_wconf 87' lang='grc' dir='ltr'>βασίλεια,</span> <span class='ocrx_word' id='word_1_550' title='bbox 3103 3467 3239 3522; x_wconf 74' lang='grc' dir='ltr'>ὅπου</span> <span class='ocrx_word' id='word_1_551' title='bbox 3316 3469 3407 3523; x_wconf 85' lang='grc' dir='ltr'>καὶ</span> <span class='ocrx_word' id='word_1_552' title='bbox 3476 3469 3503 3523; x_wconf 90' lang='grc' dir='ltr'>ὁ</span> <span class='ocrx_word' id='word_1_553' title='bbox 3565 3469 3792 3542; x_wconf 82' lang='grc' dir='ltr'>Συμεὼν</span> 
     </span>
    </p>
   </div>
   <div class='ocr_carea' id='block_1_82' title="bbox 2149 3552 3790 3633">
    <p class='ocr_par' dir='ltr' id='par_1_82' title="bbox 2149 3552 3790 3633">
     <span class='ocr_line' id='line_1_82' title="bbox 2149 3552 3790 3633; baseline 0.001 -22"><span class='ocrx_word' id='word_1_554' title='bbox 2149 3557 2494 3631; x_wconf 66' lang='grc' dir='ltr'>παρεγίνετο,</span> <span class='ocrx_word' id='word_1_555' title='bbox 2551 3558 2797 3633; x_wconf 80' lang='grc' dir='ltr'>ὁμήρους</span> <span class='ocrx_word' id='word_1_556' title='bbox 2857 3554 2984 3619; x_wconf 80' lang='grc' dir='ltr'>δοὺς</span> <span class='ocrx_word' id='word_1_557' title='bbox 3036 3558 3126 3612; x_wconf 84' lang='grc' dir='ltr'>καὶ</span> <span class='ocrx_word' id='word_1_558' title='bbox 3181 3552 3390 3630; x_wconf 78' lang='grc' dir='ltr'>λαϐὼν,</span> <span class='ocrx_word' id='word_1_559' title='bbox 3434 3558 3524 3612; x_wconf 84' lang='grc' dir='ltr'>καὶ</span> <span class='ocrx_word' id='word_1_560' title='bbox 3575 3558 3656 3630; x_wconf 83' lang='grc' dir='ltr'>τῷ</span> <span class='ocrx_word' id='word_1_561' title='bbox 3686 3579 3790 3612; x_wconf 91' lang='grc' dir='ltr'>πα-</span> 
     </span>
    </p>
   </div>
   <div class='ocr_carea' id='block_1_83' title="bbox 2150 3642 3792 3722">
    <p class='ocr_par' dir='ltr' id='par_1_83' title="bbox 2150 3642 3792 3722">
     <span class='ocr_line' id='line_1_83' title="bbox 2150 3642 3792 3722; baseline 0.001 -23"><span class='ocrx_word' id='word_1_562' title='bbox 2150 3646 2391 3722; x_wconf 76' lang='grc' dir='ltr'>τριάρχῃ</span> <span class='ocrx_word' id='word_1_563' title='bbox 2417 3644 2603 3708; x_wconf 85' lang='grc' dir='ltr'>κλίνας</span> <span class='ocrx_word' id='word_1_564' title='bbox 2642 3645 2741 3714; x_wconf 81' lang='grc' dir='ltr'>τήν</span> <span class='ocrx_word' id='word_1_565' title='bbox 2785 3643 3052 3721; x_wconf 78' lang='grc' dir='ltr'>κεφαλὴν,</span> <span class='ocrx_word' id='word_1_566' title='bbox 3083 3642 3375 3720; x_wconf 84' lang='grc' dir='ltr'>ηὖλογήθη</span> <span class='ocrx_word' id='word_1_567' title='bbox 3406 3647 3534 3719; x_wconf 83' lang='grc' dir='ltr'>παρ’</span> <span class='ocrx_word' id='word_1_568' title='bbox 3561 3643 3792 3714; x_wconf 77' lang='grc' dir='ltr'>ἐκείνου,</span> 
     </span>
    </p>
   </div>
   <div class='ocr_carea' id='block_1_84' title="bbox 2151 3731 3798 3812">
    <p class='ocr_par' dir='ltr' id='par_1_84' title="bbox 2151 3731 3798 3812">
     <span class='ocr_line' id='line_1_84' title="bbox 2151 3731 3798 3812; baseline 0 -22"><span class='ocrx_word' id='word_1_569' title='bbox 2151 3734 2242 3790; x_wconf 79' lang='grc' dir='ltr'>καὶ</span> <span class='ocrx_word' id='word_1_570' title='bbox 2298 3734 2636 3805; x_wconf 85' lang='grc' dir='ltr'>συνειστιάθη</span> <span class='ocrx_word' id='word_1_571' title='bbox 2694 3739 2774 3807; x_wconf 80' lang='grc' dir='ltr'>τῷ</span> <span class='ocrx_word' id='word_1_572' title='bbox 2829 3731 3060 3810; x_wconf 81' lang='grc' dir='ltr'>βασιλεῖ.</span> <span class='ocrx_word' id='word_1_573' title='bbox 3099 3733 3229 3793; x_wconf 79' lang='grc' dir='ltr'>Εἶτα</span> <span class='ocrx_word' id='word_1_574' title='bbox 3275 3735 3351 3808; x_wconf 82' lang='grc' dir='ltr'>μὴ</span> <span class='ocrx_word' id='word_1_575' title='bbox 3402 3734 3640 3812; x_wconf 75' lang='grc' dir='ltr'>ἀρεσθεὶς</span> <span class='ocrx_word' id='word_1_576' title='bbox 3677 3740 3798 3797; x_wconf 83' lang='grc' dir='ltr'>ταῖς</span> 
     </span>
    </p>
   </div>
   <div class='ocr_carea' id='block_1_85' title="bbox 2154 3817 3800 3900">
    <p class='ocr_par' dir='ltr' id='par_1_85' title="bbox 2154 3817 3800 3900">
     <span class='ocr_line' id='line_1_85' title="bbox 2154 3817 3800 3900; baseline 0 -22"><span class='ocrx_word' id='word_1_577' title='bbox 2154 3825 2468 3896; x_wconf 80' lang='grc' dir='ltr'>συνθήκαις,</span> <span class='ocrx_word' id='word_1_578' title='bbox 2528 3821 2827 3893; x_wconf 77' lang='grc' dir='ltr'>ἐπατῆλθεν</span> <span class='ocrx_word' id='word_1_579' title='bbox 2876 3817 3210 3897; x_wconf 77' lang='grc' dir='ltr'>ἁσύμϐατος,</span> <span class='ocrx_word' id='word_1_580' title='bbox 3270 3819 3471 3900; x_wconf 86' lang='grc' dir='ltr'>δώροις</span> <span class='ocrx_word' id='word_1_581' title='bbox 3527 3820 3800 3894; x_wconf 80' lang='grc' dir='ltr'>δεξιωθεὶς</span> 
     </span>
    </p>
   </div>
   <div class='ocr_carea' id='block_1_86' title="bbox 2153 3909 3809 3986">
    <p class='ocr_par' dir='ltr' id='par_1_86' title="bbox 2153 3909 3809 3986">
     <span class='ocr_line' id='line_1_86' title="bbox 2153 3909 3809 3986; baseline 0.001 -21"><span class='ocrx_word' id='word_1_582' title='bbox 2153 3911 2244 3966; x_wconf 82' lang='grc' dir='ltr'>καὶ</span> <span class='ocrx_word' id='word_1_583' title='bbox 2293 3910 2455 3974; x_wconf 80' lang='grc' dir='ltr'>αὐτὸς</span> <span class='ocrx_word' id='word_1_584' title='bbox 2511 3911 2600 3966; x_wconf 87' lang='grc' dir='ltr'>καὶ</span> <span class='ocrx_word' id='word_1_585' title='bbox 2651 3912 2703 3966; x_wconf 80' lang='grc' dir='ltr'>οὶ</span> <span class='ocrx_word' id='word_1_586' title='bbox 2755 3909 2942 3974; x_wconf 81' lang='grc' dir='ltr'>παῖδες</span> <span class='ocrx_word' id='word_1_587' title='bbox 2991 3911 3177 3970; x_wconf 77' lang='grc' dir='ltr'>αὐτοῦ.</span> <span class='ocrx_word' id='word_1_588' title='bbox 3230 3911 3698 3986; x_wconf 78' lang='grc' dir='ltr'>Ἀνακαλουμένου</span> <span class='ocrx_word' id='word_1_589' title='bbox 3749 3909 3809 3967; x_wconf 79' lang='grc' dir='ltr'>δὶ</span> 
     </span>
    </p>
   </div>
   <div class='ocr_carea' id='block_1_87' title="bbox 2157 3997 3806 4078">
    <p class='ocr_par' dir='ltr' id='par_1_87' title="bbox 2157 3997 3806 4078">
     <span class='ocr_line' id='line_1_87' title="bbox 2157 3997 3806 4078; baseline 0.001 -24"><span class='ocrx_word' id='word_1_590' title='bbox 2157 3997 2346 4055; x_wconf 87' lang='grc' dir='ltr'>διόλου</span> <span class='ocrx_word' id='word_1_591' title='bbox 2402 4001 2501 4068; x_wconf 81' lang='grc' dir='ltr'>τὴν</span> <span class='ocrx_word' id='word_1_592' title='bbox 2563 4001 2754 4056; x_wconf 74' lang='grc' dir='ltr'>ἑαυτοῦ</span> <span class='ocrx_word' id='word_1_593' title='bbox 2813 4000 3017 4078; x_wconf 78' lang='grc' dir='ltr'>μητέρα</span> <span class='ocrx_word' id='word_1_594' title='bbox 3071 4005 3167 4056; x_wconf 80' lang='grc' dir='ltr'>τοῦ</span> <span class='ocrx_word' id='word_1_595' title='bbox 3224 4000 3525 4072; x_wconf 75' lang='grc' dir='ltr'>Βασιλέως,</span> <span class='ocrx_word' id='word_1_596' title='bbox 3577 4003 3666 4056; x_wconf 82' lang='grc' dir='ltr'>καὶ</span> <span class='ocrx_word' id='word_1_597' title='bbox 3717 4000 3806 4056; x_wconf 73' lang='grc' dir='ltr'>ἰπὶ</span> 
     </span>
    </p>
   </div>
   <div class='ocr_carea' id='block_1_88' title="bbox 2153 4086 3801 4169">
    <p class='ocr_par' dir='ltr' id='par_1_88' title="bbox 2153 4086 3801 4169">
     <span class='ocr_line' id='line_1_88' title="bbox 2153 4086 3801 4169; baseline 0.001 -25"><span class='ocrx_word' id='word_1_598' title='bbox 2153 4089 2323 4164; x_wconf 84' lang='grc' dir='ltr'>ταύτῃ</span> <span class='ocrx_word' id='word_1_599' title='bbox 2358 4087 2706 4165; x_wconf 77' lang='grc' dir='ltr'>δακρύοντος,</span> <span class='ocrx_word' id='word_1_600' title='bbox 2740 4086 2896 4169; x_wconf 72' lang='grc' dir='ltr'>(ἔφθη</span> <span class='ocrx_word' id='word_1_601' title='bbox 2947 4091 3049 4166; x_wconf 82' lang='grc' dir='ltr'>γὰρ</span> <span class='ocrx_word' id='word_1_602' title='bbox 3095 4091 3300 4161; x_wconf 86' lang='grc' dir='ltr'>ταύτην</span> <span class='ocrx_word' id='word_1_603' title='bbox 3342 4095 3448 4146; x_wconf 81' lang='grc' dir='ltr'>τῶν</span> <span class='ocrx_word' id='word_1_604' title='bbox 3491 4091 3801 4165; x_wconf 79' lang='grc' dir='ltr'>ἀνακτόρων</span> 
     </span>
    </p>
   </div>
   <div class='ocr_carea' id='block_1_89' title="bbox 2155 4177 3801 4256">
    <p class='ocr_par' dir='ltr' id='par_1_89' title="bbox 2155 4177 3801 4256">
     <span class='ocr_line' id='line_1_89' title="bbox 2155 4177 3801 4256; baseline 0 -22"><span class='ocrx_word' id='word_1_605' title='bbox 2155 4184 2475 4255; x_wconf 82' lang='grc' dir='ltr'>καταγαγεῖν</span> <span class='ocrx_word' id='word_1_606' title='bbox 2527 4180 2554 4233; x_wconf 86' lang='grc' dir='ltr'>ὁ</span> <span class='ocrx_word' id='word_1_607' title='bbox 2585 4177 2966 4253; x_wconf 66' lang='grc' dir='ltr'>Ἀλέξανδρος)</span> <span class='ocrx_word' id='word_1_608' title='bbox 3029 4179 3444 4256; x_wconf 81' lang='grc' dir='ltr'>ἠναγκάσθησαν</span> <span class='ocrx_word' id='word_1_609' title='bbox 3477 4177 3644 4250; x_wconf 76' lang='grc' dir='ltr'>αὒτήν</span> <span class='ocrx_word' id='word_1_610' title='bbox 3675 4179 3801 4234; x_wconf 86' lang='grc' dir='ltr'>ἀνα-</span> 
     </span>
    </p>
   </div>
   <div class='ocr_carea' id='block_1_90' title="bbox 2155 4265 3803 4344">
    <p class='ocr_par' dir='ltr' id='par_1_90' title="bbox 2155 4265 3803 4344">
     <span class='ocr_line' id='line_1_90' title="bbox 2155 4265 3803 4344; baseline 0.001 -21"><span class='ocrx_word' id='word_1_611' title='bbox 2155 4273 2343 4343; x_wconf 84' lang='grc' dir='ltr'>γαγεῖν</span> <span class='ocrx_word' id='word_1_612' title='bbox 2375 4269 2426 4323; x_wconf 75' lang='grc' dir='ltr'>οἱ</span> <span class='ocrx_word' id='word_1_613' title='bbox 2475 4266 2782 4344; x_wconf 81' lang='grc' dir='ltr'>ἐπίτροποι.</span> <span class='ocrx_word' id='word_1_614' title='bbox 2817 4269 2880 4326; x_wconf 88' lang='grc' dir='ltr'><em>Ἡ</em></span> <span class='ocrx_word' id='word_1_615' title='bbox 2913 4265 2971 4323; x_wconf 79' lang='grc' dir='ltr'>δὶ</span> <span class='ocrx_word' id='word_1_616' title='bbox 3001 4268 3316 4327; x_wconf 75' lang='grc' dir='ltr'>ἀνελθοῦσα.</span> <span class='ocrx_word' id='word_1_617' title='bbox 3347 4275 3446 4339; x_wconf 84' lang='grc' dir='ltr'>τῆς</span> <span class='ocrx_word' id='word_1_618' title='bbox 3477 4266 3803 4340; x_wconf 85' lang='grc' dir='ltr'>διοικήσεως</span> 
     </span>
    </p>
   </div>
   <div class='ocr_carea' id='block_1_91' title="bbox 2157 4352 3806 4434">
    <p class='ocr_par' dir='ltr' id='par_1_91' title="bbox 2157 4352 3806 4434">
     <span class='ocr_line' id='line_1_91' title="bbox 2157 4352 3806 4434; baseline 0.001 -22"><span class='ocrx_word' id='word_1_619' title='bbox 2157 4354 2362 4432; x_wconf 80' lang='grc' dir='ltr'>εἷ’χετο,</span> <span class='ocrx_word' id='word_1_620' title='bbox 2418 4352 2806 4432; x_wconf 74' lang='grc' dir='ltr'>προσλαϐοῦσα</span> <span class='ocrx_word' id='word_1_621' title='bbox 2847 4357 2934 4413; x_wconf 82' lang='grc' dir='ltr'>καὶ</span> <span class='ocrx_word' id='word_1_622' title='bbox 2991 4357 3081 4412; x_wconf 84' lang='grc' dir='ltr'>τὸν</span> <span class='ocrx_word' id='word_1_623' title='bbox 3136 4357 3640 4434; x_wconf 84' lang='grc' dir='ltr'>Παρακοιμώμενον</span> <span class='ocrx_word' id='word_1_624' title='bbox 3691 4360 3806 4431; x_wconf 80' lang='grc'>(21)</span> 
     </span>
    </p>
   </div>
   <div class='ocr_carea' id='block_1_92' title="bbox 2157 4444 3807 4525">
    <p class='ocr_par' dir='ltr' id='par_1_92' title="bbox 2157 4444 3807 4525">
     <span class='ocr_line' id='line_1_92' title="bbox 2157 4444 3807 4525; baseline -0.001 -23"><span class='ocrx_word' id='word_1_625' title='bbox 2157 4452 2580 4517; x_wconf 85' lang='grc' dir='ltr'>Κωνσταντῖνον,</span> <span class='ocrx_word' id='word_1_626' title='bbox 2648 4447 2738 4501; x_wconf 85' lang='grc' dir='ltr'>καὶ</span> <span class='ocrx_word' id='word_1_627' title='bbox 2811 4445 2940 4509; x_wconf 82' lang='grc' dir='ltr'>τοὺς</span> <span class='ocrx_word' id='word_1_628' title='bbox 3017 4444 3388 4522; x_wconf 72' lang='grc' dir='ltr'>αὗταδέλφους</span> <span class='ocrx_word' id='word_1_629' title='bbox 3457 4448 3622 4525; x_wconf 77' lang='grc' dir='ltr'>ἄμφω</span> <span class='ocrx_word' id='word_1_630' title='bbox 3679 4447 3807 4509; x_wconf 78' lang='grc' dir='ltr'>τοὺς</span> 
     </span>
    </p>
   </div>
   <div class='ocr_carea' id='block_1_93' title="bbox 2156 4535 3805 4612">
    <p class='ocr_par' dir='ltr' id='par_1_93' title="bbox 2156 4535 3805 4612">
     <span class='ocr_line' id='line_1_93' title="bbox 2156 4535 3805 4612; baseline -0.001 -20"><span class='ocrx_word' id='word_1_631' title='bbox 2156 4535 2514 4612; x_wconf 83' lang='grc' dir='ltr'>Γογγυλίους,</span> <span class='ocrx_word' id='word_1_632' title='bbox 2547 4536 2636 4590; x_wconf 85' lang='grc' dir='ltr'>καὶ</span> <span class='ocrx_word' id='word_1_633' title='bbox 2688 4541 2904 4612; x_wconf 80' lang='grc' dir='ltr'>πρῶτον</span> <span class='ocrx_word' id='word_1_634' title='bbox 2957 4537 3053 4610; x_wconf 77' lang='grc' dir='ltr'>μὶν</span> <span class='ocrx_word' id='word_1_635' title='bbox 3106 4536 3197 4592; x_wconf 87' lang='grc' dir='ltr'>τὸν</span> <span class='ocrx_word' id='word_1_636' title='bbox 3229 4535 3576 4612; x_wconf 80' lang='grc' dir='ltr'>πατριάρχην</span> <span class='ocrx_word' id='word_1_637' title='bbox 3605 4535 3805 4612; x_wconf 83' lang='grc' dir='ltr'>ἀπάγει</span> 
     </span>
    </p>
   </div>
   <div class='ocr_carea' id='block_1_94' title="bbox 397 4622 2040 4700">
    <p class='ocr_par' dir='ltr' id='par_1_94' title="bbox 397 4623 2040 4696">
     <span class='ocr_line' id='line_1_94' title="bbox 397 4623 2040 4696; baseline 0.002 -18"><span class='ocrx_word' id='word_1_638' title='bbox 397 4623 811 4696; x_wconf 83' lang='lat' dir='ltr'>defatigatione</span> <span class='ocrx_word' id='word_1_639' title='bbox 876 4627 935 4679; x_wconf 87' lang='lat' dir='ltr'>et</span> <span class='ocrx_word' id='word_1_640' title='bbox 1007 4623 1221 4678; x_wconf 90' lang='lat' dir='ltr'>sudore</span> <span class='ocrx_word' id='word_1_641' title='bbox 1280 4623 1371 4678; x_wconf 87' lang='lat' dir='ltr'>vix</span> <span class='ocrx_word' id='word_1_642' title='bbox 1429 4624 1520 4679; x_wconf 90' lang='lat' dir='ltr'>sui</span> <span class='ocrx_word' id='word_1_643' title='bbox 1580 4640 1840 4696; x_wconf 88' lang='lat' dir='ltr'>compos,</span> <span class='ocrx_word' id='word_1_644' title='bbox 1898 4641 2040 4696; x_wconf 83' lang='lat' dir='ltr'>equo</span> 
     </span>
    </p>
   </div>
   <div class='ocr_carea' id='block_1_95' title="bbox 2149 4622 3802 4700">
    <p class='ocr_par' dir='ltr' id='par_1_95' title="bbox 2155 4622 3802 4700">
     <span class='ocr_line' id='line_1_95' title="bbox 2155 4622 3802 4700; baseline 0 -20"><span class='ocrx_word' id='word_1_645' title='bbox 2155 4629 2265 4680; x_wconf 82' lang='grc' dir='ltr'><strong>τῶν</strong></span> <span class='ocrx_word' id='word_1_646' title='bbox 2321 4623 2632 4700; x_wconf 84' lang='grc' dir='ltr'>βασιλείων,</span> <span class='ocrx_word' id='word_1_647' title='bbox 2665 4625 2778 4681; x_wconf 76' lang='grc' dir='ltr'>εἶτα</span> <span class='ocrx_word' id='word_1_648' title='bbox 2832 4626 2921 4680; x_wconf 82' lang='grc' dir='ltr'>καὶ</span> <span class='ocrx_word' id='word_1_649' title='bbox 2977 4625 3110 4688; x_wconf 80' lang='grc' dir='ltr'>τοὺς</span> <span class='ocrx_word' id='word_1_650' title='bbox 3165 4629 3261 4680; x_wconf 75' lang='grc' dir='ltr'>τοῦ</span> <span class='ocrx_word' id='word_1_651' title='bbox 3309 4622 3667 4700; x_wconf 79' lang='grc' dir='ltr'>Ἀλεξάνδρου</span> <span class='ocrx_word' id='word_1_652' title='bbox 3715 4627 3802 4680; x_wconf 85' lang='grc' dir='ltr'>Θε-</span> 
     </span>
    </p>
   </div>
   <div class='ocr_carea' id='block_1_96' title="bbox 397 4711 2043 4784">
    <p class='ocr_par' dir='ltr' id='par_1_96' title="bbox 397 4711 2043 4784">
     <span class='ocr_line' id='line_1_96' title="bbox 397 4711 2043 4784; baseline 0.002 -18"><span class='ocrx_word' id='word_1_653' title='bbox 397 4712 719 4782; x_wconf 90' lang='lat' dir='ltr'>descendit,</span> <span class='ocrx_word' id='word_1_654' title='bbox 759 4728 936 4784; x_wconf 88' lang='lat' dir='ltr'>seque</span> <span class='ocrx_word' id='word_1_655' title='bbox 985 4711 1056 4767; x_wconf 90' lang='lat' dir='ltr'>ad</span> <span class='ocrx_word' id='word_1_656' title='bbox 1109 4711 1328 4767; x_wconf 84' lang='lat' dir='ltr'>fontem</span> <span class='ocrx_word' id='word_1_657' title='bbox 1379 4713 1691 4784; x_wconf 85' lang='lat' dir='ltr'>quemdam</span> <span class='ocrx_word' id='word_1_658' title='bbox 1743 4715 2043 4771; x_wconf 89' lang='lat' dir='ltr'>recreavit.</span> 
     </span>
    </p>
   </div>
   <div class='ocr_carea' id='block_1_97' title="bbox 399 4801 2046 4877">
    <p class='ocr_par' dir='ltr' id='par_1_97' title="bbox 399 4801 2046 4877">
     <span class='ocr_line' id='line_1_97' title="bbox 399 4801 2046 4877; baseline 0.004 -22"><span class='ocrx_word' id='word_1_659' title='bbox 399 4802 624 4856; x_wconf 88' lang='lat' dir='ltr'>Interea</span> <span class='ocrx_word' id='word_1_660' title='bbox 652 4817 840 4872; x_wconf 89' lang='lat' dir='ltr'>equus</span> <span class='ocrx_word' id='word_1_661' title='bbox 873 4801 1126 4856; x_wconf 88' lang='lat' dir='ltr'>ministri</span> <span class='ocrx_word' id='word_1_662' title='bbox 1153 4801 1425 4857; x_wconf 88' lang='lat' dir='ltr'>manibus</span> <span class='ocrx_word' id='word_1_663' title='bbox 1447 4801 1768 4875; x_wconf 89' lang='lat' dir='ltr'>elapsus,in</span> <span class='ocrx_word' id='word_1_664' title='bbox 1794 4803 2046 4877; x_wconf 84' lang='lat' dir='ltr'>planicie</span> 
     </span>
    </p>
   </div>
   <div class='ocr_carea' id='block_1_98' title="bbox 397 4888 2045 4959">
    <p class='ocr_par' dir='ltr' id='par_1_98' title="bbox 397 4888 2045 4959">
     <span class='ocr_line' id='line_1_98' title="bbox 397 4888 2045 4959; baseline 0.004 -15"><span class='ocrx_word' id='word_1_665' title='bbox 397 4892 724 4945; x_wconf 88' lang='lat' dir='ltr'>castrorum</span> <span class='ocrx_word' id='word_1_666' title='bbox 753 4890 880 4945; x_wconf 89' lang='lat' dir='ltr'>sine</span> <span class='ocrx_word' id='word_1_667' title='bbox 923 4906 1150 4946; x_wconf 90' lang='lat' dir='ltr'>sessore</span> <span class='ocrx_word' id='word_1_668' title='bbox 1206 4888 1552 4947; x_wconf 80' lang='lat' dir='ltr'>exsultabat.</span> <span class='ocrx_word' id='word_1_669' title='bbox 1591 4891 1696 4959; x_wconf 87' lang='lat' dir='ltr'>Qui</span> <span class='ocrx_word' id='word_1_670' title='bbox 1729 4909 1863 4948; x_wconf 90' lang='lat' dir='ltr'>cum</span> <span class='ocrx_word' id='word_1_671' title='bbox 1896 4894 2045 4950; x_wconf 81' lang='lat' dir='ltr'>insi-</span> 
     </span>
    </p>
   </div>
   <div class='ocr_carea' id='block_1_99' title="bbox 397 4977 2042 5055">
    <p class='ocr_par' dir='ltr' id='par_1_99' title="bbox 397 4977 2042 5055">
     <span class='ocr_line' id='line_1_99' title="bbox 397 4977 2042 5055; baseline 0.004 -22"><span class='ocrx_word' id='word_1_672' title='bbox 397 4977 528 5050; x_wconf 87' lang='lat' dir='ltr'>gnis</span> <span class='ocrx_word' id='word_1_673' title='bbox 555 4983 710 5034; x_wconf 88' lang='lat' dir='ltr'>esset</span> <span class='ocrx_word' id='word_1_674' title='bbox 747 4983 979 5034; x_wconf 86' lang='lat' dir='ltr'>tantum</span> <span class='ocrx_word' id='word_1_675' title='bbox 1029 4984 1310 5035; x_wconf 88' lang='lat' dir='ltr'>terrorem</span> <span class='ocrx_word' id='word_1_676' title='bbox 1367 4979 1616 5036; x_wconf 90' lang='lat' dir='ltr'>incussit</span> <span class='ocrx_word' id='word_1_677' title='bbox 1670 4982 2042 5055; x_wconf 84' lang='lat' dir='ltr'>exercitibus,</span> 
     </span>
    </p>
   </div>
   <div class='ocr_carea' id='block_1_100' title="bbox 395 5067 2044 5144">
    <p class='ocr_par' dir='ltr' id='par_1_100' title="bbox 395 5067 2044 5144">
     <span class='ocr_line' id='line_1_100' title="bbox 395 5067 2044 5144; baseline 0.004 -22"><span class='ocrx_word' id='word_1_678' title='bbox 395 5067 787 5124; x_wconf 86' lang='lat' dir='ltr'>domesticum</span> <span class='ocrx_word' id='word_1_679' title='bbox 819 5068 1099 5126; x_wconf 83' lang='lat' dir='ltr'>cecidisse</span> <span class='ocrx_word' id='word_1_680' title='bbox 1129 5069 1293 5138; x_wconf 88' lang='lat' dir='ltr'>ratis,</span> <span class='ocrx_word' id='word_1_681' title='bbox 1336 5074 1402 5125; x_wconf 90' lang='lat' dir='ltr'>ut</span> <span class='ocrx_word' id='word_1_682' title='bbox 1449 5074 1505 5126; x_wconf 91' lang='lat' dir='ltr'>et</span> <span class='ocrx_word' id='word_1_683' title='bbox 1534 5086 1734 5144; x_wconf 89' lang='lat' dir='ltr'>pugna</span> <span class='ocrx_word' id='word_1_684' title='bbox 1761 5076 1817 5127; x_wconf 90' lang='lat' dir='ltr'>et</span> <span class='ocrx_word' id='word_1_685' title='bbox 1848 5089 2044 5144; x_wconf 89' lang='lat' dir='ltr'>perse-</span> 
     </span>
    </p>
   </div>
   <div class='ocr_carea' id='block_1_101' title="bbox 2156 4712 3804 4792">
    <p class='ocr_par' dir='ltr' id='par_1_101' title="bbox 2156 4712 3804 4792">
     <span class='ocr_line' id='line_1_101' title="bbox 2156 4712 3804 4792; baseline 0 -23"><span class='ocrx_word' id='word_1_686' title='bbox 2156 4716 2423 4792; x_wconf 86' lang='grc' dir='ltr'>ράποντας</span> <span class='ocrx_word' id='word_1_687' title='bbox 2484 4713 2691 4785; x_wconf 70' lang='grc' dir='ltr'>ἐξωθεῖ,</span> <span class='ocrx_word' id='word_1_688' title='bbox 2773 4715 2864 4769; x_wconf 85' lang='grc' dir='ltr'>τὸν</span> <span class='ocrx_word' id='word_1_689' title='bbox 2938 4714 3196 4792; x_wconf 80' lang='grc' dir='ltr'>ῥαίκτορα</span> <span class='ocrx_word' id='word_1_690' title='bbox 3278 4715 3370 4771; x_wconf 89' lang='grc' dir='ltr'>τὸν</span> <span class='ocrx_word' id='word_1_691' title='bbox 3447 4712 3804 4784; x_wconf 83' lang='grc' dir='ltr'>Βασιλείτζην</span> 
     </span>
    </p>
   </div>
   <div class='ocr_carea' id='block_1_102' title="bbox 2153 4799 3807 4879">
    <p class='ocr_par' dir='ltr' id='par_1_102' title="bbox 2153 4799 3807 4879">
     <span class='ocr_line' id='line_1_102' title="bbox 2153 4799 3807 4879; baseline 0 -20"><span class='ocrx_word' id='word_1_692' title='bbox 2153 4803 2244 4860; x_wconf 87' lang='grc' dir='ltr'>καὶ</span> <span class='ocrx_word' id='word_1_693' title='bbox 2282 4803 2374 4859; x_wconf 87' lang='grc' dir='ltr'>τὸν</span> <span class='ocrx_word' id='word_1_694' title='bbox 2428 4799 2924 4879; x_wconf 79' lang='grc' dir='ltr'>Γαϐριηλόπωλον,</span> <span class='ocrx_word' id='word_1_695' title='bbox 2960 4803 3101 4859; x_wconf 77' lang='grc' dir='ltr'>ἀλκὰ</span> <span class='ocrx_word' id='word_1_696' title='bbox 3155 4803 3338 4877; x_wconf 71' lang='grc' dir='ltr'>μέντοι</span> <span class='ocrx_word' id='word_1_697' title='bbox 3387 4804 3478 4858; x_wconf 83' lang='grc' dir='ltr'>καὶ</span> <span class='ocrx_word' id='word_1_698' title='bbox 3521 4802 3650 4865; x_wconf 75' lang='grc' dir='ltr'>τοὺς</span> <span class='ocrx_word' id='word_1_699' title='bbox 3681 4801 3807 4859; x_wconf 86' lang='grc' dir='ltr'>λοι-</span> 
     </span>
    </p>
   </div>
   <div class='ocr_carea' id='block_1_103' title="bbox 2153 4890 3810 4967">
    <p class='ocr_par' dir='ltr' id='par_1_103' title="bbox 2153 4890 3810 4967">
     <span class='ocr_line' id='line_1_103' title="bbox 2153 4890 3810 4967; baseline -0.001 -19"><span class='ocrx_word' id='word_1_700' title='bbox 2153 4893 2312 4955; x_wconf 87' lang='grc' dir='ltr'>πούς.</span> <span class='ocrx_word' id='word_1_701' title='bbox 2344 4897 2749 4954; x_wconf 84' lang='grc' dir='ltr'>Κωνσταντῖνος</span> <span class='ocrx_word' id='word_1_702' title='bbox 2796 4890 2853 4947; x_wconf 72' lang='grc' dir='ltr'>δὲ</span> <span class='ocrx_word' id='word_1_703' title='bbox 2897 4893 2925 4946; x_wconf 87' lang='grc' dir='ltr'>ὁ</span> <span class='ocrx_word' id='word_1_704' title='bbox 2973 4893 3468 4967; x_wconf 85' lang='grc' dir='ltr'>παρακοιμώμενος</span> <span class='ocrx_word' id='word_1_705' title='bbox 3517 4891 3583 4946; x_wconf 78' lang='grc' dir='ltr'>τὰ</span> <span class='ocrx_word' id='word_1_706' title='bbox 3630 4893 3810 4946; x_wconf 86' lang='grc' dir='ltr'>πάντα</span> 
     </span>
    </p>
   </div>
   <div class='ocr_carea' id='block_1_104' title="bbox 2152 4978 3803 5057">
    <p class='ocr_par' dir='ltr' id='par_1_104' title="bbox 2152 4978 3803 5057">
     <span class='ocr_line' id='line_1_104' title="bbox 2152 4978 3803 5057; baseline -0.003 -19"><span class='ocrx_word' id='word_1_707' title='bbox 2152 4979 2410 5053; x_wconf 78' lang='grc' dir='ltr'>ἠδύνατο.</span> <span class='ocrx_word' id='word_1_708' title='bbox 2440 4983 2502 5038; x_wconf 83' lang='grc' dir='ltr'><strong>Ἦ</strong></span> <span class='ocrx_word' id='word_1_709' title='bbox 2550 4981 2732 5054; x_wconf 71' lang='grc' dir='ltr'>μέντοι</span> <span class='ocrx_word' id='word_1_710' title='bbox 2791 4978 3110 5056; x_wconf 83' lang='grc' dir='ltr'>Βούλγαρος</span> <span class='ocrx_word' id='word_1_711' title='bbox 3169 4982 3397 5054; x_wconf 86' lang='grc' dir='ltr'>Συμεὼν</span> <span class='ocrx_word' id='word_1_712' title='bbox 3450 4980 3549 5048; x_wconf 71' lang='grc' dir='ltr'>τὴν</span> <span class='ocrx_word' id='word_1_713' title='bbox 3586 4979 3803 5057; x_wconf 75' lang='grc' dir='ltr'>Θρᾴκην</span> 
     </span>
    </p>
   </div>
   <div class='ocr_carea' id='block_1_105' title="bbox 2153 5065 3808 5147">
    <p class='ocr_par' dir='ltr' id='par_1_105' title="bbox 2153 5065 3808 5147">
     <span class='ocr_line' id='line_1_105' title="bbox 2153 5065 3808 5147; baseline -0.002 -21"><span class='ocrx_word' id='word_1_714' title='bbox 2153 5070 2447 5147; x_wconf 73' lang='grc' dir='ltr'>κατέτρεχέ</span> <span class='ocrx_word' id='word_1_715' title='bbox 2503 5091 2562 5125; x_wconf 90' lang='grc' dir='ltr'>τε</span> <span class='ocrx_word' id='word_1_716' title='bbox 2610 5070 2699 5125; x_wconf 84' lang='grc' dir='ltr'>καὶ</span> <span class='ocrx_word' id='word_1_717' title='bbox 2762 5068 3035 5141; x_wconf 57' lang='grc' dir='ltr'>ἐληίζετο,</span> <span class='ocrx_word' id='word_1_718' title='bbox 3091 5071 3181 5126; x_wconf 79' lang='grc' dir='ltr'>καὶ</span> <span class='ocrx_word' id='word_1_719' title='bbox 3235 5068 3286 5126; x_wconf 72' lang='grc' dir='ltr'><strong>ἐν</strong></span> <span class='ocrx_word' id='word_1_720' title='bbox 3337 5073 3407 5144; x_wconf 78' lang='grc' dir='ltr'>τῇ</span> <span class='ocrx_word' id='word_1_721' title='bbox 3459 5065 3808 5144; x_wconf 83' lang='grc' dir='ltr'>Ἀνδριανου-</span> 
     </span>
    </p>
   </div>
   <div class='ocr_carea' id='block_1_106' title="bbox 1668 5197 2516 5262">
    <p class='ocr_par' dir='ltr' id='par_1_106' title="bbox 1668 5197 2516 5262">
     <span class='ocr_line' id='line_1_106' title="bbox 1668 5197 2516 5262; baseline 0.001 -5"><span class='ocrx_word' id='word_1_722' title='bbox 1668 5197 1872 5258; x_wconf 79' lang='lat' dir='ltr'>Variae</span> <span class='ocrx_word' id='word_1_723' title='bbox 1905 5198 2206 5262; x_wconf 89' lang='lat' dir='ltr'>lectiones</span> <span class='ocrx_word' id='word_1_724' title='bbox 2237 5205 2299 5260; x_wconf 91' lang='lat' dir='ltr'>et</span> <span class='ocrx_word' id='word_1_725' title='bbox 2327 5203 2516 5260; x_wconf 68' lang='lat' dir='ltr'>notae.</span> 
     </span>
    </p>
   </div>
   <div class='ocr_carea' id='block_1_107' title="bbox 468 5294 2047 5377">
    <p class='ocr_par' dir='ltr' id='par_1_107' title="bbox 468 5294 2047 5377">
     <span class='ocr_line' id='line_1_107' title="bbox 468 5294 2047 5377; baseline 0.004 -25"><span class='ocrx_word' id='word_1_726' title='bbox 468 5299 582 5370; x_wconf 84' lang='grc'>(19)</span> <span class='ocrx_word' id='word_1_727' title='bbox 612 5299 710 5377; x_wconf 69' lang='grc' dir='ltr'>Ἐκ</span> <span class='ocrx_word' id='word_1_728' title='bbox 766 5294 1185 5377; x_wconf 71' lang='grc' dir='ltr'>Χρυσοπόλεως.</span> <span class='ocrx_word' id='word_1_729' title='bbox 1247 5304 1492 5377; x_wconf 67' lang='lat' dir='ltr'>Symeon</span> <span class='ocrx_word' id='word_1_730' title='bbox 1545 5300 1767 5377; x_wconf 79' lang='lat' dir='ltr'>logoth.</span> <span class='ocrx_word' id='word_1_731' title='bbox 1819 5306 1876 5358; x_wconf 89' lang='lat' dir='ltr'>et</span> <span class='ocrx_word' id='word_1_732' title='bbox 1911 5307 2047 5377; x_wconf 80' lang='lat' dir='ltr'>Scy-</span> 
     </span>
    </p>
   </div>
   <div class='ocr_carea' id='block_1_108' title="bbox 393 5367 1845 5446">
    <p class='ocr_par' dir='ltr' id='par_1_108' title="bbox 393 5367 1845 5446">
     <span class='ocr_line' id='line_1_108' title="bbox 393 5367 1845 5446; baseline 0.003 -21"><span class='ocrx_word' id='word_1_733' title='bbox 393 5367 582 5446; x_wconf 56' lang='lat' dir='ltr'>litxes,</span> <span class='ocrx_word' id='word_1_734' title='bbox 615 5367 851 5446; x_wconf 40' lang='lat' dir='ltr'>arroso}</span> <span class='ocrx_word' id='word_1_735' title='bbox 884 5367 1166 5446; x_wconf 64' lang='grc' dir='ltr'>ᾼαμαλίου</span> <span class='ocrx_word' id='word_1_736' title='bbox 1202 5367 1367 5446; x_wconf 67' lang='grc' dir='ltr'>μέχρι</span> <span class='ocrx_word' id='word_1_737' title='bbox 1396 5367 1845 5446; x_wconf 59' lang='grc' dir='ltr'>τούᾼειῖκατίου.</span> 
     </span>
    </p>
   </div>
   <div class='ocr_carea' id='block_1_109' title="bbox 443 5440 2043 5523">
    <p class='ocr_par' dir='ltr' id='par_1_109' title="bbox 443 5440 2043 5523">
     <span class='ocr_line' id='line_1_109' title="bbox 443 5440 2043 5523; baseline 0.001 0"><span class='ocrx_word' id='word_1_738' title='bbox 443 5444 580 5523; x_wconf 72' lang='grc'>,(29)</span> <span class='ocrx_word' id='word_1_739' title='bbox 611 5444 668 5499; x_wconf 90' lang='lat'>&#39;0</span> <span class='ocrx_word' id='word_1_740' title='bbox 701 5440 1125 5523; x_wconf 59' lang='lat' dir='ltr'>5E_P°5}Ya99&lt;</span> <span class='ocrx_word' id='word_1_741' title='bbox 1177 5440 1426 5523; x_wconf 51' lang='grc' dir='ltr'>Σῼιὶὲφν·</span> <span class='ocrx_word' id='word_1_742' title='bbox 1471 5445 1612 5523; x_wconf 60' lang='grc' dir='ltr'>Υῑὶα</span> <span class='ocrx_word' id='word_1_743' title='bbox 1639 5450 1693 5523; x_wconf 68' lang='lat'>8;</span> <span class='ocrx_word' id='word_1_744' title='bbox 1730 5450 1910 5523; x_wconf 60' lang='grc' dir='ltr'>ιιξοεὲ-</span> <span class='ocrx_word' id='word_1_745' title='bbox 1939 5445 2043 5502; x_wconf 71' lang='lat' dir='ltr'>Ju-</span> 
     </span>
    </p>
   </div>
   <div class='ocr_carea' id='block_1_110' title="bbox 397 5510 2045 5588">
    <p class='ocr_par' dir='ltr' id='par_1_110' title="bbox 397 5510 2045 5588">
     <span class='ocr_line' id='line_1_110' title="bbox 397 5510 2045 5588; baseline 0.002 -22"><span class='ocrx_word' id='word_1_746' title='bbox 397 5510 600 5588; x_wconf 68' lang='lat' dir='ltr'>nim‘is,</span> <span class='ocrx_word' id='word_1_747' title='bbox 635 5515 827 5588; x_wconf 62' lang='lat' dir='ltr'>p._97?</span> <span class='ocrx_word' id='word_1_748' title='bbox 859 5531 872 5571; x_wconf 90' lang='lat'>:</span> <span class='ocrx_word' id='word_1_749' title='bbox 901 5510 1143 5588; x_wconf 64' lang='grc' dir='ltr'>Συμεὼν⁸</span> <span class='ocrx_word' id='word_1_750' title='bbox 1184 5510 1285 5588; x_wconf 72' lang='grc' dir='ltr'>γαρ</span> <span class='ocrx_word' id='word_1_751' title='bbox 1336 5515 1502 5588; x_wconf 36' lang='grc' dir='ltr'>ὁώτοῦ</span> <span class='ocrx_word' id='word_1_752' title='bbox 1547 5517 1816 5570; x_wconf 76' lang='grc' dir='ltr'>Σκυθικοῦ</span> <span class='ocrx_word' id='word_1_753' title='bbox 1860 5514 2045 5588; x_wconf 71' lang='grc' dir='ltr'>ἔθνους</span> 
     </span>
    </p>
   </div>
   <div class='ocr_carea' id='block_1_111' title="bbox 398 5581 2042 5673">
    <p class='ocr_par' dir='ltr' id='par_1_111' title="bbox 398 5581 2042 5673">
     <span class='ocr_line' id='line_1_111' title="bbox 398 5581 2042 5673; baseline -0.001 -29"><span class='ocrx_word' id='word_1_754' title='bbox 398 5581 652 5673; x_wconf 44' lang='grc' dir='ltr'>ἅρχων,</span> <span class='ocrx_word' id='word_1_755' title='bbox 690 5581 1045 5673; x_wconf 54' lang='grc' dir='ltr'>Βουλγάρους</span> <span class='ocrx_word' id='word_1_756' title='bbox 1085 5581 1280 5647; x_wconf 68' lang='grc' dir='ltr'>αὐτοὺς</span> <span class='ocrx_word' id='word_1_757' title='bbox 1326 5582 1549 5673; x_wconf 46' lang='grc' dir='ltr'>οἴδαμεν</span> <span class='ocrx_word' id='word_1_758' title='bbox 1580 5589 1827 5673; x_wconf 71' lang='grc' dir='ltr'>συνήθως</span> <span class='ocrx_word' id='word_1_759' title='bbox 1855 5585 2042 5642; x_wconf 76' lang='grc' dir='ltr'>καλεῖν</span> 
     </span>
    </p>
   </div>
   <div class='ocr_carea' id='block_1_112' title="bbox 398 5657 2046 5806">
    <p class='ocr_par' dir='ltr' id='par_1_112' title="bbox 398 5657 2046 5806">
     <span class='ocr_line' id='line_1_112' title="bbox 399 5657 2046 5730; baseline 0.002 -18"><span class='ocrx_word' id='word_1_760' title='bbox 399 5657 510 5712; x_wconf 78' lang='lat' dir='ltr'>etc.</span> <span class='ocrx_word' id='word_1_761' title='bbox 539 5657 682 5713; x_wconf 86' lang='lat' dir='ltr'>Vide</span> <span class='ocrx_word' id='word_1_762' title='bbox 721 5657 949 5730; x_wconf 61' lang='lat' dir='ltr'>quzs&#39;de</span> <span class='ocrx_word' id='word_1_763' title='bbox 979 5659 1264 5730; x_wconf 79' lang='lat' dir='ltr'>Symeone</span> <span class='ocrx_word' id='word_1_764' title='bbox 1297 5657 1650 5718; x_wconf 85' lang='lat' dir='ltr'>adnotamus</span> <span class='ocrx_word' id='word_1_765' title='bbox 1677 5657 1734 5715; x_wconf 89' lang='lat' dir='ltr'>iu</span> <span class='ocrx_word' id='word_1_766' title='bbox 1786 5663 2046 5717; x_wconf 78' lang='lat' dir='ltr'>Familiis</span> 
     </span>
     <span class='ocr_line' id='line_1_113' title="bbox 398 5728 2041 5806; baseline 0.003 -20"><span class='ocrx_word' id='word_1_767' title='bbox 398 5728 719 5786; x_wconf 77' lang='lat' dir='ltr'>Dalmaticis</span> <span class='ocrx_word' id='word_1_768' title='bbox 767 5729 866 5784; x_wconf 89' lang='lat' dir='ltr'>ubi</span> <span class='ocrx_word' id='word_1_769' title='bbox 918 5746 1122 5804; x_wconf 82' lang='lat' dir='ltr'>regum</span> <span class='ocrx_word' id='word_1_770' title='bbox 1173 5730 1460 5804; x_wconf 78' lang='lat' dir='ltr'>Bulgaria:</span> <span class='ocrx_word' id='word_1_771' title='bbox 1511 5732 1722 5789; x_wconf 89' lang='lat' dir='ltr'>seriem</span> <span class='ocrx_word' id='word_1_772' title='bbox 1771 5737 1829 5789; x_wconf 90' lang='lat' dir='ltr'>et</span> <span class='ocrx_word' id='word_1_773' title='bbox 1875 5738 2041 5806; x_wconf 86' lang='lat' dir='ltr'>gesta</span> 
     </span>
    </p>
   </div>
   <div class='ocr_carea' id='block_1_113' title="bbox 2158 5302 2634 5377">
    <p class='ocr_par' dir='ltr' id='par_1_113' title="bbox 2158 5302 2634 5377">
     <span class='ocr_line' id='line_1_114' title="bbox 2158 5302 2634 5377; baseline -0.004 -17"><span class='ocrx_word' id='word_1_774' title='bbox 2158 5302 2634 5377; x_wconf 80' lang='lat' dir='ltr'>perstrinximus.</span> 
     </span>
    </p>
   </div>
   <div class='ocr_carea' id='block_1_114' title="bbox 2226 5372 3805 5448">
    <p class='ocr_par' dir='ltr' id='par_1_114' title="bbox 2226 5372 3805 5448">
     <span class='ocr_line' id='line_1_115' title="bbox 2226 5372 3805 5448; baseline -0.003 -17"><span class='ocrx_word' id='word_1_775' title='bbox 2226 5378 2335 5448; x_wconf 83' lang='grc'>(21)</span> <span class='ocrx_word' id='word_1_776' title='bbox 2394 5374 2491 5428; x_wconf 85' lang='grc' dir='ltr'>Καὶ</span> <span class='ocrx_word' id='word_1_777' title='bbox 2549 5373 2677 5448; x_wconf 61' lang='grc' dir='ltr'>τὸνΔ</span> <span class='ocrx_word' id='word_1_778' title='bbox 2725 5372 3255 5448; x_wconf 71' lang='grc' dir='ltr'>ῌαρακοιμῴμενον.</span> <span class='ocrx_word' id='word_1_779' title='bbox 3329 5374 3680 5448; x_wconf 88' lang='lat' dir='ltr'>Quem__Leo</span> <span class='ocrx_word' id='word_1_780' title='bbox 3745 5373 3805 5428; x_wconf 84' lang='lat' dir='ltr'>et</span> 
     </span>
    </p>
   </div>
   <div class='ocr_carea' id='block_1_115' title="bbox 2152 5443 3804 5514">
    <p class='ocr_par' dir='ltr' id='par_1_115' title="bbox 2152 5443 3804 5514">
     <span class='ocr_line' id='line_1_116' title="bbox 2152 5443 3804 5514; baseline -0.004 -10"><span class='ocrx_word' id='word_1_781' title='bbox 2152 5443 2482 5505; x_wconf 85' lang='lat' dir='ltr'>Alexandro</span> <span class='ocrx_word' id='word_1_782' title='bbox 2513 5451 2569 5502; x_wconf 93' lang='lat' dir='ltr'>ct</span> <span class='ocrx_word' id='word_1_783' title='bbox 2598 5444 2717 5500; x_wconf 87' lang='lat' dir='ltr'>ﬁlio</span> <span class='ocrx_word' id='word_1_784' title='bbox 2739 5443 3122 5501; x_wconf 84' lang='lat' dir='ltr'>Constantino</span> <span class='ocrx_word' id='word_1_785' title='bbox 3165 5451 3422 5501; x_wconf 87' lang='lat' dir='ltr'>tutorem</span> <span class='ocrx_word' id='word_1_786' title='bbox 3471 5443 3804 5514; x_wconf 87' lang='lat' dir='ltr'>reliquerat.</span> 
     </span>
    </p>
   </div>
   <div class='ocr_carea' id='block_1_116' title="bbox 2155 5515 3807 5592">
    <p class='ocr_par' dir='ltr' id='par_1_116' title="bbox 2155 5515 3807 5592">
     <span class='ocr_line' id='line_1_117' title="bbox 2155 5515 3807 5592; baseline -0.004 -16"><span class='ocrx_word' id='word_1_787' title='bbox 2155 5521 2572 5592; x_wconf 84' lang='lat' dir='ltr'>Liutprandus,</span> <span class='ocrx_word' id='word_1_788' title='bbox 2623 5517 2727 5592; x_wconf 89' lang='lat' dir='ltr'>lib.</span> <span class='ocrx_word' id='word_1_789' title='bbox 2781 5534 2863 5584; x_wconf 83' lang='grc' dir='ltr'>ιιι,</span> <span class='ocrx_word' id='word_1_790' title='bbox 2899 5533 3024 5588; x_wconf 87' lang='lat' dir='ltr'>cap.</span> <span class='ocrx_word' id='word_1_791' title='bbox 3059 5519 3134 5572; x_wconf 88' lang='lat'>7:</span> <span class='ocrx_word' id='word_1_792' title='bbox 3189 5517 3394 5586; x_wconf 77' lang='lat' dir='ltr'>Quibus</span> <span class='ocrx_word' id='word_1_793' title='bbox 3437 5516 3508 5592; x_wconf 72' lang='lat' dir='ltr'>ad</span> <span class='ocrx_word' id='word_1_794' title='bbox 3537 5515 3807 5592; x_wconf 2' lang='lat' dir='ltr'>pigendum</span> 
     </span>
    </p>
   </div>
   <div class='ocr_carea' id='block_1_117' title="bbox 2149 5588 3801 5666">
    <p class='ocr_par' dir='ltr' id='par_1_117' title="bbox 2149 5588 3801 5666">
     <span class='ocr_line' id='line_1_118' title="bbox 2149 5588 3801 5666; baseline -0.004 -18"><span class='ocrx_word' id='word_1_795' title='bbox 2149 5588 2883 5666; x_wconf 63' lang='lat' dir='ltr'>palaitum,_tu¢ang{amque</span> <span class='ocrx_word' id='word_1_796' title='bbox 2912 5605 3027 5644; x_wconf 77' lang='lat' dir='ltr'>rem</span> <span class='ocrx_word' id='word_1_797' title='bbox 3055 5592 3352 5659; x_wconf 78' lang='lat' dir='ltr'>privatam,</span> <span class='ocrx_word' id='word_1_798' title='bbox 3371 5594 3452 5666; x_wconf 81' lang='lat' dir='ltr'>_ut_</span> <span class='ocrx_word' id='word_1_799' title='bbox 3469 5589 3601 5666; x_wconf 73' lang='lat' dir='ltr'>istic</span> <span class='ocrx_word' id='word_1_800' title='bbox 3627 5588 3801 5643; x_wconf 75' lang='lat' dir='ltr'>mori:</span> 
     </span>
    </p>
   </div>
   <div class='ocr_carea' id='block_1_118' title="bbox 2153 5661 3521 5738">
    <p class='ocr_par' dir='ltr' id='par_1_118' title="bbox 2153 5661 3521 5738">
     <span class='ocr_line' id='line_1_119' title="bbox 2153 5661 3521 5738; baseline -0.007 -15"><span class='ocrx_word' id='word_1_801' title='bbox 2153 5661 2252 5738; x_wconf 69' lang='lat' dir='ltr'>est,</span> <span class='ocrx_word' id='word_1_802' title='bbox 2273 5662 2582 5721; x_wconf 78' lang='lat' dir='ltr'>eunuchum</span> <span class='ocrx_word' id='word_1_803' title='bbox 2605 5661 2787 5733; x_wconf 80' lang='lat' dir='ltr'>ofﬁcio</span> <span class='ocrx_word' id='word_1_804' title='bbox 2812 5675 3323 5733; x_wconf 59' lang='lat' dir='ltr'>paracxmomenon</span> <span class='ocrx_word' id='word_1_805' title='bbox 3347 5662 3521 5717; x_wconf 74' lang='lat' dir='ltr'>dedit.</span> 
     </span>
    </p>
   </div>
  </div>
