4156 6214
293 416 361 476 85
1581 419 1995 483 ANNALIUM
2046 422 2191 482 LIB.
2237 424 2389 486 XVI.
3613 424 3691 489 86

288 542 428 600 πόλει
481 543 741 620 βάλλεται
793 547 1030 622 χάρακα,
1080 546 1376 622 πολιορκίᾳ
1424 548 1622 621 ταύτην
1674 549 1907 621 ἐλπίζων

2025 555 2258 612 cutione
2288 555 2548 614 hostium
2608 555 2990 612 abstinerent.
3026 555 3215 624 "Quod
3255 573 3388 612 eum
3434 559 3688 629 Symeon

286 633 430 690 ἑλεῖν.
465 635 554 696 Ὠς
589 632 637 688 δ’
669 633 814 710 ἐώρα
869 636 1040 707 ἑαυτῷ
1099 635 1459 692 κενόσπουδον
1490 640 1552 693 τὸ
1582 639 1907 716 ἐγχείρημα,

2023 645 2262 716 Specula
2291 647 2538 716 quadam
2569 647 2814 702 vidisset
2849 663 2861 700 :
2899 663 3038 701 suos
3090 646 3452 712 cohortatus,
3484 650 3689 703 contra

283 722 467 797 ἑτέρως
523 730 630 791 τῆν
693 722 896 778 ἅλωσιν
951 732 1049 794 τῆς
1104 724 1322 789 πόλεως
1372 728 1599 799 μέτεισι.
1663 731 1904 804 Χρήμασ

2037 737 2330 789 Romanos
2361 735 2540 800 ducit,
2573 735 2886 805 subitoque
2919 735 2976 789 in
3029 735 3401 807 perturbatos
3436 736 3687 806 impres-

278 813 365 886 γάρ
411 833 563 873 τινας
621 817 730 866 τῶν
785 812 1042 890 φυλάκων
1094 813 1260 883 αὐτῆς
1298 815 1642 893 ὑποφθείρας,
1690 816 1750 871 έκ
1791 838 1924 893 προ-

283 897 451 961 δοσίας
512 899 688 970 αὐτὴν
733 900 1108 978 ἐξεπόρθησεν.
1159 902 1333 960 Ἀλλά
1390 910 1590 975 ταῦτην
1641 908 1926 978 μετέπειτα

279 986 428 1043 πάλιν
488 988 595 1044 ὑπὸ
671 991 980 1063 Ῥωμαίους
1050 994 1085 1061 ἡ
1162 999 1261 1062 τῆς
1334 993 1654 1068 βασιλίσσης
1709 991 1918 1066 σπουδῆ

2036 822 2196 878 sione
2228 824 2397 889 facta,
2433 825 2735 878 universos
2780 823 2837 878 in
2889 827 3086 894 fugam
3132 824 3432 893 convertit,
3479 824 3538 879 in
3570 841 3686 897 qua

2033 909 2178 965 alios
2209 910 2439 982 Bulgari
2466 912 2714 966 assecuti
2750 911 3110 983 occiderunt,
3145 913 3245 967 alii
3267 913 3514 968 invicem
3546 928 3684 970 con-

2031 999 2239 1054 culcati
2284 999 2606 1070 perierunt.
2659 1000 3103 1072 Legionumque
3144 1001 3503 1058 domesticus
3535 1018 3686 1074 aegre

273 1077 579 1146 ἐποιήσατο.
638 1079 734 1147 Mi)
796 1080 1032 1154 φέρουσα
1084 1078 1142 1135 δὲ
1198 1083 1292 1146 τὰς
1337 1084 1472 1137 κατὰ
1519 1091 1618 1155 τῆς
1661 1085 1907 1159 Θρᾳκῲας

2030 1087 2440 1143 Mesembriam
2473 1090 2714 1144 evadere
2744 1090 2956 1160 potuit,
2988 1090 3196 1146 multis
3227 1091 3476 1147 ducibus
3506 1091 3685 1148 etiam

269 1166 444 1243 χώρας
501 1187 715 1230 πυκνας
791 1167 1098 1234 έπελεύσεις
1149 1175 1252 1226 τοῦ
1329 1174 1578 1246 Συμεὼν,
1634 1173 1907 1230 σπένδεται

2027 1179 2086 1232 et
2115 1177 2368 1232 tribunis
2394 1177 2740 1234 interfectis.

266 1262 370 1318 τοῖς
416 1254 467 1326 ἐξ
520 1257 793 1329 Ἰσμαήλ,
853 1259 942 1314 καὶ
999 1259 1064 1314 τὰ
1116 1281 1174 1314 τε
1233 1260 1343 1333 ἱῲα
1411 1263 1662 1336 τάγματα
1736 1264 1826 1318 καὶ
1894 1264 1961 1318 τά
2040 1264 2261 1339 ἑσπέρια
2335 1265 2748 1340 συναθροίσασα,
2830 1270 2909 1337 τῷ
2988 1267 3269 1343 μαγίστρῳ
3352 1269 3541 1323 Λέοντι
3599 1273 3678 1340 τῷ

267 1349 420 1414 Φωκᾷ
452 1347 567 1418 (22)
600 1351 712 1400 τῶν
739 1347 960 1423 σχολῶν
993 1346 1298 1422 δομεστίκῳ
1331 1352 1684 1424 τυγχάνοντι,
1723 1353 1815 1408 τὸν
1847 1351 1983 1406 κατά
2003 1356 2099 1405 τοῦ
2132 1351 2358 1424 Συμεὼν
2402 1352 2614 1407 ἀνέθετο
2640 1350 2907 1426 πόλεμον,
2956 1356 3050 1416 “()ς
3084 1356 3174 1408 καὶ
3212 1355 3395 1430 μάχην
3429 1358 3681 1430 συνάψας,

267 1437 390 1504 ἠττᾷ
438 1435 569 1496 τοὺς
618 1434 972 1512 Βουλγάρους
1017 1443 1348 1514 περιφανῶς,
1405 1441 1497 1494 καὶ
1557 1437 1719 1519 φόνον
1782 1442 1954 1496 αὐτῶν
2015 1447 2250 1496 ποιεῖται
2300 1441 2496 1498 πολύν.
2557 1442 2880 1504 Κατάκοπος
2937 1440 2994 1498 δὲ
3047 1445 3278 1520 γεγονὼς
3335 1444 3424 1499 καὶ
3497 1443 3685 1519 ἱδρῶτι

270 1519 588 1599 διάϐροχος,
647 1527 935 1581 κάντεῦθεν
991 1525 1369 1602 λειποθυμῶν,
1430 1527 1518 1584 έπί
1569 1552 1672 1585 τινι
1752 1535 1906 1606 πηγῇ
1964 1534 2064 1585 τοῦ
2138 1527 2306 1584 ἵππου
2377 1525 2609 1598 ἀποϐὰς,
2693 1531 2954 1607 ἀνέψυχεν
3015 1532 3225 1590 ἑαυτόν.
3283 1534 3368 1587 Ἐν
3418 1533 3598 1606 τούτῳ
3628 1531 3686 1588 δὶ

272 1611 507 1675 ὁῖππος
566 1614 742 1669 αὐτοῦ
786 1615 882 1678 τὰς
929 1621 1027 1671 τοῦ
1084 1616 1415 1693 κατέχοντος
1484 1618 1644 1674 αὐτὸν
1731 1625 1921 1696 χεῖρας
2005 1617 2302 1695 διαφυγὼν,
2363 1618 2413 1673 ἐν
2479 1624 2559 1692 τῷ
2614 1624 2709 1674 τοῦ
2780 1618 3145 1696 στρατοπέδου
3204 1619 3378 1695 πεδίῳ
3433 1622 3680 1698 έκρόανεν

270 1697 532 1757 ἀναϐάτου
612 1704 818 1780 χωρίς.
898 1706 1210 1779 Ἐπίσημος
1286 1703 1343 1760 δὲ
1414 1710 1721 1783 τυγχάνων,
1803 1709 1878 1770 εἰς
1961 1705 2164 1763 δειλίαν
2251 1703 2470 1763 ἐνέϐαλε
2525 1709 2592 1762 τὰ
2647 1709 3037 1782 στρατεύματα,
3091 1709 3339 1779 οἰηθέντα
3390 1717 3566 1765 πεσεῖν
3592 1713 3684 1766 τὸν

269 1787 614 1861 δομέστικον,
671 1793 762 1847 καὶ
821 1798 918 1848 τοῦ
979 1796 1072 1867 μὲν
1129 1793 1380 1868 πολέμου
1454 1797 1781 1872 ἀπέσχοντο,
1856 1795 1944 1851 καὶ
2017 1800 2116 1861 τῆς
2170 1793 2374 1866 διώξεω
2429 1795 2676 1868 ἔστησαν,
2733 1792 2962 1871 θόρυϐος
3033 1795 3079 1852 δ’
3137 1795 3294 1874 ἔσχεν
3350 1799 3561 1862 αὐτούς.
3623 1802 3681 1858 Ὀ

272 1877 320 1934 δέ
369 1901 431 1954 γε
486 1883 728 1954 Συμεὼν
789 1881 848 1937 ἐκ
898 1891 1182 1959 περιωπῆς
1233 1884 1377 1946 τινὸς
1428 1882 1557 1940 ἰδὼν
1631 1885 1695 1940 τὸ
1774 1879 2122 1958 συμϐεϐηκὸς
2191 1885 2315 1960 περὶ
2379 1885 2446 1940 τὰ
2518 1886 2914 1961 στρατεύματα,
2979 1893 3098 1952 τοῖς
3150 1889 3273 1964 περὶ
3323 1887 3479 1943 αὐτὸν
3534 1887 3682 1964 ἐγκε-

275 1967 498 2039 λεύεται,
587 1972 686 2025 καὶ
774 1972 907 2028 κατὰ
988 1971 1276 2046 Ῥωμαίων
1360 1972 1664 2047 ἐξώρμησε,
1749 1975 1838 2029 καὶ
1923 1969 2384 2050 τεθορυϐημένοις
2461 1975 2644 2038 αὐτοῖς
2730 1970 3008 2048 ἐμϐαλὼν,
3087 1976 3163 2038 εἰς
3218 1978 3390 2052 φυγὴν
3445 1975 3682 2040 ἅπαντας

270 2056 444 2132 ἀθρόον
473 2057 776 2135 ἐτρέψατο,
827 2061 916 2116 καὶ
965 2063 1093 2124 τοὺς
1148 2063 1244 2135 μὲν
1312 2063 1363 2117 οἱ
1419 2061 1725 2138 Βούλγαροι
1795 2060 2086 2127 διώκοντες
2141 2060 2393 2135 ἔκτεινον,
2453 2065 2504 2119 οἱ
2563 2061 2610 2118 δ’
2667 2064 2754 2118 ὑπ’
2795 2064 3058 2136 ἀλλήλων
3110 2065 3439 2121 ἀπώλλυντο
3469 2087 3683 2140 συμπα-

269 2147 536 2219 τούμενοι.
605 2151 674 2207 Ὀ
721 2147 780 2204 δὲ
824 2155 931 2205 τῶν
987 2151 1208 2226 σχολῶν
1281 2153 1629 2224 Δομέστικος,

273 2241 368 2290 τῶν
395 2243 730 2314 στρατηγῶν
763 2239 850 2294 καὶ
876 2242 1262 2316 ταγματάρχαι
1292 2241 1414 2295 τότε
1458 2241 1786 2318 ἐφθάρησαν.

1716 2151 1880 2225 μόλις
1949 2151 2026 2216 εἰς
2074 2147 2437 2229 Μεσημϐρίαν
2496 2149 2793 2224 ἀποδράναι
2852 2151 3110 2225 δεδόνητο
3147 2173 3160 2187 °

3221 2153 3426 2210 πολλοὶ
3485 2153 3543 2210 δὲ
3593 2156 3683 2211 καὶ

329 2327 416 2384 ΙΖ’.
467 2327 746 2398 Ἰωάννης
793 2326 851 2383 δὶ
904 2330 932 2384 ὁ
991 2335 1160 2406 Βογᾶς
1218 2328 1418 2400 ἐστάλη
1471 2332 1807 2400 ΙΙατζινάκας
1841 2329 1907 2392 εἷς

2098 2331 2268 2387 XVII.
2301 2332 2560 2388 Joannes
2589 2337 2785 2389 autem
2818 2337 3006 2405 Bogas
3038 2333 3259 2390 missus
3281 2338 3462 2403 est,ut
3493 2335 3683 2390 Patzi-

275 2415 584 2491 συμμαχίαν
673 2417 891 2494 ἀγαγεῖν
969 2419 1105 2472 κατά
1166 2423 1276 2473 τῶν
1335 2417 1686 2494 Βουλγάρων,
1741 2421 1828 2474 καὶ
1891 2419 1921 2473 ὁ

204 2515 212 2526 ’
270 2505 558 2575 ὶΙατρίκιος
602 2506 891 2578 Ῥωμανὸς
937 2507 964 2561 ὁ
1014 2507 1358 2578 Λακαπηνὸς,
1420 2509 1784 2584 Δρουγγάριος
1843 2505 1915 2563 ὢν

269 2597 362 2646 τῶν
392 2593 679 2667 πλωῖμων
713 2598 852 2668 (23),
911 2595 1116 2670 ὡρίσθη
1171 2596 1304 2666 μετὰ
1349 2601 1449 2650 τοῦ
1499 2595 1698 2652 στόλου
1745 2618 1917 2671 παρα-

269 2681 431 2751 πλεῖν,
455 2681 570 2755 ἅμα
608 2684 712 2756 μὲν
746 2683 824 2747 εἷς
853 2685 1132 2760 στνεργίαν
1164 2689 1262 2740 τοῦ
1290 2690 1396 2740 τῶν
1419 2684 1640 2762 σχολῶν
1661 2683 1917 2759 δομεστί-

272 2793 378 2838 κου,
409 2773 522 2843 ἁμα
554 2769 620 2826 δὶ
656 2773 746 2826 καὶ
783 2771 828 2828 εἷ
860 2772 1074 2848 ἀχθεῖεν
1126 2773 1414 2849 σύμμαχοι
1447 2775 1593 2848 παρὰ
1621 2779 1718 2830 τοῦ
1750 2779 1914 2851 Βογᾶ,

275 2857 766 2935 διαπεραιώσασθαι
802 2867 958 2936 σφᾶς.
1000 2863 1162 2918 Ἥκεν
1195 2861 1290 2916 οὗν
1345 2864 1374 2918 ὁ
1417 2865 1594 2938 Βογάς
1645 2865 1779 2937 μετὰ
1807 2869 1912 2919 τῶν

279 2949 596 3026 συμμάχων,
669 2949 918 3013 Στάσεως
973 2947 1018 3005 δ’
1090 2949 1430 3024 ἐμπεσούσης
1499 2951 1647 3024 αὐτῷ
1712 2973 1770 3008 τε
1825 2952 1915 3008 καὶ

267 3043 338 3110 τῷ
381 3043 734 3112 Λακαπηνῷ,
763 3038 996 3113 ὁρῶντες
1052 3041 1103 3094 οἱ
1157 3041 1480 3110 ΙΙατζινάκοι
1540 3039 1733 3104 αὐτοὺς
1781 3041 1918 3116 πρὸς

271 3125 535 3197 ἀλλήλους
587 3125 1184 3201 διαπληκτιζομένους,
1235 3129 1324 3183 καὶ
1382 3128 1604 3202 ἀμελῶς
1650 3129 1773 3205 περὶ
1815 3131 1914 3199 τὴν

270 3214 427 3269 αὖτῶν
481 3213 877 3290 διακειμένους
933 3211 1202 3290 διάϐασιν,
1251 3217 1328 3282 εἷς
1381 3218 1448 3272 τὰ
1500 3218 1702 3272 ἑαυτῶν
1749 3216 1912 3273 ἐπαν-

269 3302 510 3372 ήλθοσαν.
566 3307 646 3363 Οἱ
697 3305 793 3377 μὲν
851 3303 940 3360 οὖν
988 3305 1132 3360 οὕτω
1184 3308 1354 3361 ταῦτά
1387 3327 1513 3384 φασι
1547 3309 1660 3379 (24)
1693 3308 1781 3362 καὶ
1811 3309 1910 3378 τήν

272 3393 418 3459 ἧτταν
469 3399 582 3448 τῶν
643 3393 928 3467 Ῥωμαίων
1004 3394 1248 3459 έντοῦθεν
1318 3390 1615 3468 συμϐῆναι,
1683 3399 1758 3469 μὴ
1818 3417 1914 3450 τυ-

271 3480 467 3557 χόντων
498 3482 852 3558 συμμαχίας.
909 3484 974 3540 Οἱ
1026 3480 1100 3538 δὲ·
1131 3483 1375 3547 ἀλλοίως
1418 3485 1481 3539 τὸ
1511 3490 1740 3558 πρᾶγμα
1768 3485 1914 3540 ἱστό-

267 3589 424 3641 ρησαν
639 3592 652 3605 '
713 3575 1050 3644 ἡττήσαντος
1097 3573 1219 3647 γὰρ,
1268 3574 1417 3650 φασὶ,
1467 3578 1564 3628 τοῦ
1596 3579 1764 3629 Φωκᾶ
1786 3573 1914 3638 τοὺς

270 3655 589 3736 Βαρϐάρους,
649 3663 740 3716 καὶ
796 3659 1111 3727 διώκοντος,
1173 3664 1364 3736 φήμην
1424 3661 1692 3736 γενέσθαι,
1750 3663 1825 3725 ὡς
1873 3664 1902 3717 ὁ

270 3745 609 3826 δρουγγάριος
642 3754 748 3805 τῶν
781 3747 1056 3822 πλωΐμων
1106 3748 1284 3804 ἄπεισι
1329 3749 1424 3804 σὺν
1455 3755 1534 3822 τῷ
1566 3748 1768 3823 στόλῳ,
1799 3753 1898 3820 τήν

273 3835 527 3909 βασιλείαν
579 3837 1050 3914 παραληψόμενος
1091 3856 1102 3870 '
1157 3842 1319 3894 τοῦτο
1378 3835 1436 3894 δέ
1474 3843 1554 3912 τῷ
1595 3836 1901 3912 δομεστίκῳ

269 3928 409 3982 πεσὸν
461 3928 538 3992 εἰς
603 3929 738 4000 ὦτα,
810 3926 1092 4003 έκταράξαι
1169 3926 1352 4001 αὐτὸν,
1425 3927 1500 3990 ὡς
1564 3928 1901 4004 ἀποσχέσθαι

1933 3709 1980 3773 Β

2027 2437 2202 2477 nscas
2233 2423 2303 2476 ad
2336 2421 2472 2476 belli
2510 2421 2799 2493 Bulgarici
2830 2422 3164 2478 societatem
3197 2424 3531 2494 adduceret,
3564 2425 3683 2480 Ro-

2027 2527 2239 2566 manus
2284 2527 2420 2566 vero
2452 2510 2789 2582 Lacapenus
2817 2511 3122 2582 patricius,
3173 2511 3382 2568 classis
3413 2514 3675 2585 drunga-

2026 2601 2172 2667 rius,
2208 2601 2373 2655 littus
2420 2599 2607 2655 classe
2663 2599 2854 2672 legere
2895 2602 3124 2671 jussus,
3158 2601 3334 2658 simul
3391 2604 3463 2658 ad
3504 2620 3675 2675 opem

2028 2689 2325 2746 ferendam
2359 2688 2651 2760 legionum
2685 2690 3025 2758 domestico,
3067 2690 3270 2761 simul,
3301 2697 3363 2746 ut
3392 2692 3676 2749 adductos

2028 2797 2058 2835 e
2088 2783 2244 2851 Boga
2275 2778 2465 2834 socios
2518 2779 2934 2835 transveheret.
2983 2781 3064 2835 Ac
3103 2780 3261 2835 venit
3308 2779 3497 2852 ltogas
3539 2798 3674 2838 cum

2027 2868 2219 2924 sociis.
2251 2867 2390 2922 Orta
2419 2871 2614 2922 autem
2645 2866 2798 2923 inter
2827 2867 3024 2938 ipsum
3049 2871 3107 2923 et
3137 2868 3498 2940 Lacopenum
3530 2870 3674 2940 rixa,

2026 2955 2347 3012 Patzinacaa
2405 2955 2669 3011 videntes
2725 2971 2823 3010 eos
2875 2957 3026 3012 inter
3095 2973 3223 3012 sese
3274 2958 3675 3028 convitiantes,

2023 3045 2287 3117 ipsorum
2319 3043 2807 3099 transvectionem
2841 3061 3047 3116 parum
3087 3062 3290 3103 curare
3319 3063 3332 3102 :
3369 3047 3438 3102 ad
3457 3063 3564 3102 sua
3585 3063 3680 3103 re-

2025 3134 2282 3189 dierunt.
2320 3133 2563 3199 Quidam
2593 3131 2772 3204 igitur
2801 3132 2922 3189 hteo
2953 3134 3033 3189 ita
3065 3139 3329 3202 narrant,
3374 3141 3432 3192 et
3471 3140 3680 3209 negata

2025 3221 2317 3277 sociorum
2365 3220 2582 3276 auxilia
2639 3225 2910 3277 Romanis
2959 3222 3145 3278 cladis
3203 3223 3385 3281 fuisse
3433 3240 3675 3280 causam

2024 3311 2285 3380 tradunt,
2338 3309 2438 3366 alii
2488 3309 2674 3364 aliter.
2742 3311 2886 3366 Nam
2943 3327 3074 3367 cum
3125 3312 3346 3369 Phocas
3389 3313 3677 3369 Barbaros

2026 3398 2361 3471 proﬂigatos
2427 3404 2832 3470 persequetur,
2900 3417 3196 3456 rumorem
3255 3418 3382 3458 esse
3453 3406 3670 3470 ortum,

2025 3487 2409 3557 drungarium
2443 3502 2572 3540 cum
2606 3486 2794 3542 classe
2815 3486 2996 3555 abire,
3036 3492 3101 3543 ut
3147 3489 3458 3562 imperium
3499 3507 3671 3546 occu-

2024 3580 2140 3647 pet.
2174 3576 2296 3639 Quo
2327 3575 2686 3630 domesticus
2716 3575 2869 3630 186
2901 3576 3122 3641 audito,
3163 3576 3246 3632 ita
3293 3578 3672 3650 perturbatus

2025 3665 2218 3732 fuerit,
2249 3667 2314 3718 ut
2343 3669 2400 3718 et
2430 3681 2463 3719 a
2492 3667 2896 3736 persequendo
2917 3665 3244 3733 desisteret,
3270 3671 3327 3722 et
3357 3667 3414 3722 in
3444 3667 3664 3723 vallum

2019 3751 2254 3816 rediret,
2286 3767 2581 3806 rumorem
2613 3751 2830 3805 certius
2861 3751 3222 3823 cogniturus,
3256 3756 3313 3807 et
3342 3753 3426 3808 sic
3459 3750 3663 3810 Martis

2011 3839 2138 3897 alea
2165 3843 2412 3906 mutata,
2433 3839 2654 3910 fugisse
2676 3839 2990 3907 Romanos,
3021 3840 3326 3896 domestici
3383 3842 3443 3897 in
3475 3853 3667 3899 castra

2011 3929 2423 3996 reversionem,
2475 3928 2674 4000 fugam
2723 3927 3156 4000 interpretatos.
3210 3929 3492 4003 Bulgaros
3529 3947 3664 3988 vero

1533 4055 1738 4116 Variae
1768 4055 2067 4117 lectiones
2098 4059 2160 4115 et
2188 4059 2378 4114 notae.

326 4178 429 4250 (22)
462 4179 655 4234 Λέοντι
685 4181 766 4249 τῷ
797 4181 984 4248 Φωκᾷ.
1017 4177 1198 4242 Quem
1243 4178 1354 4234 Leo
1385 4177 1529 4250 imp.
1567 4176 1742 4250 paulo
1774 4181 1911 4234 ante

271 4258 496 4323 mortem
539 4267 827 4323 magnum
867 4251 1256 4306 domesticum
1306 4251 1549 4323 dixerat.
1596 4250 1908 4321 Liutpran-

270 4321 387 4387 dus.
410 4323 512 4380 lib.
571 4321 671 4390 ιιιξ
709 4340 838 4394 cap,
875 4323 930 4375 7.
962 4325 1154 4377 Focum
1187 4338 1309 4377 vero
1340 4321 1697 4394 domesticum
1730 4323 1907 4392 majo-

269 4409 390 4461 rem,
422 4397 516 4451 hoc
544 4404 631 4450 est
660 4393 937 4450 terrestris
961 4394 1150 4450 ducem
1179 4396 1451 4449 exercitus
1477 4395 1630 4465 fecit,
1665 4393 1901 4460 Deinde,

273 4465 354 4518 ubi
409 4468 477 4521 de
525 4467 641 4522 bac
687 4466 1057 4538 expeditione
1123 4481 1136 4518 :
1205 4466 1446 4538 Denique
1498 4469 1762 4538 tempore,
1797 4481 1906 4536 quo

267 4551 485 4606 magnus
513 4537 822 4609 imperator
850 4539 954 4593 Deo
980 4539 1244 4607 migravit
1264 4537 1340 4592 ad
1370 4537 1667 4603 Christum,
1701 4537 1907 4592 Phocas

273 4611 554 4676 prodictus
581 4611 902 4665 domesticus
929 4611 1206 4664 terrestris
1231 4609 1354 4663 dua:
1383 4611 1678 4672 exercitus,
1710 4614 1899 4664 contra

270 4678 573 4767 §ymeonem
601 4682 966 4767 Bulgarorum
1009 4697 1191 4764 regem
1221 4679 1714 4767 .copiascdufcerat,
1746 4682 1900 4752 eique

270 4753 780 4877 ConztantinOpotim
806 4755 989 4809 venire
1013 4753 1258 4824 cupienti
1284 4769 1394 4808 non
1421 4753 1706 4808 inutiliter
1734 4769 1896 4824 repu-

274 4839 365 4877 ana
400 4834 474 4877 at.

303 4834 474 4880 nabat.

273 4839 852 4968 gnéga)‘.dpouwu'ptoc
921 4891 996 4947 ὣν
1029 4896 1162 4968 ,τῶν
1221 4890 1513 4968 πλωίμων.
1553 4965 1563 4968 _
1591 4893 1750 4950 Hanc
1808 4894 1896 4949 di-

276 4965 541 5033 gnitatem
570 4965 778 5022 nactus
810 4969 998 5021 fuerat
1027 4966 1207 5020 Leone
1247 4967 1519 5036 Sapiente
1549 4965 1896 5036 imperante,

277 5038 338 5111 ob
365 5038 716 5111 singularem
751 5038 929 5094 animi
980 5036 1387 5111 fortitudinem
1428 5054 1602 5108 quam
1633 5039 1711 5111 Ain
1745 5038 1898 5111 crede

277 5105 871 5184 Leonis-potissimum
919 5109 1294 5184 ostenderat.
1329 5105 1747 5182 Liutprandus,
1790 5109 1894 5165 lib.

279 5193 349 5247 ιιι,
379 5182 596 5254 capiti.
640 5182 786 5239 Unde
827 5184 1039 5254 factum
1085 5189 1183 5247 est,
1236 5183 1302 5254 ut
1343 5185 1458 5235 tam
1503 5197 1602 5252 pro
1659 5184 1895 5249 ueteris,

280 5265 422 5318 quam
449 5253 541 5324 pro
570 5255 833 5325 pra’claro
866 5255 962 5310 hoc
989 5255 1247 5324 praesenti
1274 5253 1537 5325 facinore,
1581 5269 1693 5325 non
1720 5254 1898 5308 multo

280 5329 376 5390 post
402 5342 438 5379 a
465 5324 635 5382 Leone
676 5329 1012 5397 imperatore
1059 5327 1208 5380 tanto
1254 5324 1554 5380 donaretur
1583 5324 1804 5390 honore,
1838 5329 1900 5380 ut

283 5407 444 5469 omnes
470 5414 632 5454 naves
682 5399 859 5466 ipsius
905 5405 1079 5452 essent
1131 5399 1188 5450 in
1216 5399 1493 5469 manibus,
1525 5398 1750 5468 ejusque
1770 5399 1900 5469 jus-

281 5466 500 5540 sionibus
525 5469 820 5525 obedirent.
853 5470 920 5524 Et
949 5484 1075 5540 cap.
1114 5470 1170 5520 7.
1203 5467 1516 5523 Romanum
1559 5466 1743 5524 autem
1772 5466 1901 5524 'non

280 5535 408 5611 claro
441 5541 716 5598 natalium
743 5545 889 5608 ortu,
917 5535 1289 5610 sed'corporis
1315 5541 1772 5611 magnanimitate
1801 5556 1900 5596 no-

287 5605 447 5683 bilem,
476 5615 690 5669 navalis
716 5605 987 5683 egentius
1015 5605 1320 5683 principem
1349 5605 1650 5667 ordinavit.

343 5680 534 5759 (2410i.
589 5683 682 5759 μέν
731 5679 818 5738 οὖν
870 5679 1028 5737 οὕτω⁷
1049 5679 1216 5736 ταῦτά
1257 5701 1405 5759 φασι.
1455 5683 1601 5738 Vide
1629 5686 1900 5756 Symeon.

288 5750 499 5824 Logotb.
529 5750 600 5812 n.'
618 5755 706 5814 10.

2089 4175 2357 4252 (25)‘O_l
2421 4171 2487 4252 δὲ-
2554 4172 2796 4252 ἀλλοίως
2873 4175 2935 4252 to
3020 4181 3245 4252 πρᾶγμα
3327 4179 3658 4252 ἱστόρησαν·

2016 4250 2204 4320 Atque
2233 4247 2396 4324 in_iis
2418 4248 2823 4324 _Liutprandus
2871 4247 3074 4319 ejusce'
3107 4247 3209 4306 aevi
3257 4247 3525 4324 scriptor,
3557 4252 3658 4307 lib.

2017 4337 2100 4393 ιιι,
2133 4336 2257 4390 cap.
2291 4322 2344 4375 8.
2399 4322 2536 4375 Cum
2583 4321 2843 4389 Bulgaris
2887 4325 3154 4391 praterea
3198 4321 3475 4393 pugnanti
3508 4329 3661 4380 Foco:

2014 4391 2446 4475 domesticotqui
2485 4396 2538 4446 et
2582 4393 2695 4516 ipse
2743 4393 2909 4474 Bater
2954 4391 3211 4477 Basileos‘
3239 4395 3496 4478 ardenter
3527 4397 3665 4520 feri

2014 4465 2285 4520 cupiebat.
2331 4479 2390 4516 ιη
2430 4465 2548 4520 ipso
2628 4465 2732 4518 etlo
2787 4480 2906 4520 1am
2952 4464 3016 4519 de
3044 4466 3287 4520 hostibus
3317 4475 3659 4520 triumomm

2013 4465 2285 4538 cupiebat,
2331 4464 2390 4538 in
2419 4465 2548 4538 ipso
2596 4464 2732 4518 bello
2779 4464 2906 4533 jam
2952 4464 3016 4519 de
3044 4466 3287 4520 hostibus
3317 4464 3659 4538 triumphum

2014 4536 2244 4601 tenenti,
2285 4535 2428 4604 quid
2475 4551 2510 4589 a
2555 4538 2795 4590 Romano
2844 4543 3033 4590 actum
3078 4539 3150 4591 sit
3190 4535 3503 4592 nuntiatur.
3552 4540 3662 4606 Qui

2009 4623 2138 4662 mox
2178 4608 2366 4661 animo
2409 4609 2804 4679 consternatus,
2855 4609 3031 4662 nimio
3086 4607 3272 4663 dolore
3327 4610 3657 4679 compulsus,

2010 4680 2259 4734 victoria
2304 4679 2530 4752 signum
2577 4694 2680 4748 quo
2735 4678 2908 4752 hostes
2953 4680 3362 4752 insequebatur,
3409 4678 3654 4752 projecit,

2008 4753 2162 4817 terga
2204 4751 2390 4815 vertit,
2423 4755 2477 4802 et
2519 4765 2652 4824 quos
2687 4751 2845 4824 prius
2897 4750 3118 4806 adverso
3167 4751 3339 4805 Marte
3367 4750 3657 4824 fugarant,

2003 4836 2266 4892 prospera.
2311 4821 2653 4891 postmodum
2687 4823 3080 4894 “insequuntur
3135 4838 3152 4874 :
3211 4821 3475 4894 tantaque
3523 4821 3656 4881 tunc

2004 4893 2332 4968 Argivorum
2381 4892 2893 4968 strages_efﬁci_tur,
2938 4901 3000 4946 ut
3051 4892 3391 4968 longopost
3420 4904 3658 4968 tempore

2003 4979 2226 5034 campus
2252 4962 2446 5037 plenus
2484 4963 2688 5018 ossibus
2734 4964 3032 5019 videretur.
3081 4962 3244 5037 Omni
3261 4962 3505 5037 denique
3528 4962 3658 5022 cum

2005 5037 2360 5107 festinatione
2415 5035 2533 5107 jam
2563 5037 2902 5107 nominatus
2952 5037 3125 5092 Focas
3170 5035 3492 5094 domesticus
3519 5040 3658 5095 Con-

2005 5105 2429 5180 stantinopolim
2478 5106 2637 5180 redit,
2667 5107 3217 5180 palatiumtingredi
3262 5113 3431 5180 cupit,
3463 5118 3512 5165 et
3539 5119 3656 5165 arte

2005 5181 2128 5250 ﬁeri
2184 5176 2349 5232 Pater
2404 5176 2915 5248 Basileos’satagit.
2968 5176 3076 5233 Sed
3128 5181 3260 5251 quia
3305 5176 3527 5238 consilii
3577 5185 3657 5236 vis

2005 5265 2197 5321 expers
2226 5251 2365 5305 mole
2395 5251 2509 5305 ruit
2555 5265 2677 5312 sua,
2709 5253 2783 5316 et,
2837 5259 2896 5305 ut
2943 5251 3163 5306 Flaccus
3213 5252 3364 5319 dicit,
3411 5253 3493 5308 Dii
3527 5269 3650 5307 rem

2007 5327 2389 5392 temperatam
2436 5322 2765 5393 provehunt
2811 5322 2868 5375 in
2929 5324 3144 5392 majus,
3195 5341 3227 5376 a
3278 5325 3519 5378 Romano
3556 5329 3652 5380 do-

2007 5397 2258 5449 mesticus
2291 5396 2390 5448 iste
2417 5393 2660 5466 capitur,
2691 5402 2850 5465 atque
2878 5402 3106 5464 utroque
3143 5395 3355 5449 lumine
3377 5397 3651 5466 privatur.

2012 5467 2271 5536 Butgaris
2310 5480 2421 5519 non
2483 5465 2728 5536 minima,
2771 5467 2868 5536 vis
2912 5474 3161 5536 augetur,
3210 5465 3387 5535 iisque
3438 5473 3658 5525 ercos

2009 5535 2379 5611 depOpulandi
2447 5535 2762 5611 vicissitudo
2837 5535 3006 5607 dupla
3037 5537 3406 5611 ‘rependilur.
3456 5544 3658 5611 Neque

2008 5605 2382 5682 tamenbasc
2429 5622 2564 5660 cum
2613 5607 2850 5682 Zonaras
2901 5605 2959 5663 et
3001 5605 3252 5682 aliorum
3298 5605 3652 5682 scriptorum

2011 5678 2464 5752 Byzantinorum
2495 5677 2931 5735 narrationibus
2960 5678 3200 5736 omnino
3230 5677 3627 5741 consentiunt.
