4156 6214
434 439 510 498 87
1773 425 2097 491 JOANNlS
2153 420 2491 484 ZONARE
3764 412 3847 473 88

436 567 494 622 in
523 567 661 638 fuga
689 580 1018 635 conversos,
1052 562 1287 619 illorum
1336 566 1497 634 terga
1527 558 1841 615 caecidisse.
1879 557 1950 613 Ut
1974 573 2080 612 au-

2199 567 2292 640 μὲν
2345 567 2447 635 τῆς
2507 562 2765 635 διώξεως,
2827 549 3167 624 ἐπανελθεῖν¹
3200 556 3245 614 δ’
3331 558 3407 620 είς
3456 558 3549 612 τὸν
3607 555 3852 633 χάρακα,

436 661 554 710 tem
586 655 948 710 domesticus
1002 653 1073 708 ad
1117 650 1333 707 vallum
1377 649 1610 716 rediret,
1661 649 1719 703 in
1752 664 1932 704 causa
1976 643 2087 700 fuit

2198 656 2259 709 τὰ
2302 657 2400 724 τῆς
2460 656 2650 726 φήμης
2711 647 3178 726 ἀκριϐωσόμενος,
3232 645 3514 710 κάντεῦθεν
3558 645 3854 721 παλίντρο-

436 744 666 816 imperii
700 743 996 815 cupiditas
1031 759 1044 796 :
1079 758 1195 812 qua
1225 757 1358 794 cum
1391 743 1686 806 aestuaret,
1705 738 1752 793 si
1785 753 1986 792 rumor
2015 735 2086 788 de

2198 765 2295 799 πον
2356 744 2601 818 γενέσθαι
2658 741 2751 795 τὸν
2804 737 3054 812 πόλεμον
3089 758 3102 771 ’
3159 742 3343 815 φυγεῖν
3407 737 3498 808 μὶν
3558 736 3661 812 γὰρ
3719 734 3856 797 τοὺς

439 833 756 905 drungario
805 848 975 887 verus
1040 835 1214 896 esset,
1264 834 1643 894 antevertere,
1667 832 1724 882 et
1753 826 1866 882 sibi
1896 825 2084 879 vindi-

2213 832 2495 905 Ρωμαίους
2543 827 2840 904 ἀπόδρασιν
2895 835 2994 897 τῆς
3052 826 3239 902 μάχης
3297 824 3580 895 οἰηθέντας
3631 825 3730 893 τὴν
3774 824 3855 886 είς

435 938 567 977 care
622 919 1018 993 principatum
1072 918 1362 990 cUpiebat.
1412 921 1710 988 Lacapeno
1760 920 1817 971 et
1874 919 2088 983 Bogaa

2198 922 2284 976 τὸν
2373 919 2588 995 χάρακα
2649 923 2747 972 τοῦ
2825 914 3152 989 δομεστίκου
3226 911 3537 980 ἀπέλευσιν,
3604 912 3733 974 τοὺς
3793 909 3854 967 δὲ

435 1010 600 1066 clade
651 1008 920 1078 reversis,
947 1007 1288 1079 judicioque
1339 1008 1411 1061 de
1453 1023 1651 1062 eorum
1679 1001 2088 1060 controversia

2198 1007 2539 1084 Βουλγάρους
2607 1007 2667 1062 ὲκ
2725 1013 2824 1075 τῆς
2883 1011 3057 1081 φυγῆς
3133 1002 3634 1078 ἐπαναστραφέντας
3711 999 3852 1055 διώ-

437 1099 611 1167 facto,
641 1103 937 1153 Romanus
987 1098 1304 1152 damnatus
1347 1098 1455 1164 est,
1508 1099 1572 1150 ut
1607 1094 1658 1149 ei
1693 1092 1844 1148 oculi
1875 1092 2087 1147 effode-

2198 1119 2304 1153 κειν
2335 1096 2548 1160 αὐτούς.
2580 1097 2693 1164 Τὴν
2749 1092 2807 1148 δὲ
2853 1095 2992 1169 πρὸς
3036 1093 3128 1148 τὸν
3180 1093 3398 1168 χάρακα
3446 1094 3545 1146 τοῦ
3598 1087 3857 1162 δομεστί-

437 1191 660 1255 rentur,
694 1192 759 1242 ut
789 1188 890 1259 qui
945 1190 1193 1257 acceptae
1247 1183 1432 1240 cladis
1480 1187 1702 1250 auctor,
1737 1181 1856 1237 sive
1888 1183 1956 1236 de
1997 1180 2086 1234 in-

2198 1207 2294 1240 κου
2327 1187 2694 1262 ὑποστροφὴν,
2725 1186 2823 1252 τῆς
2886 1180 3166 1258 βασιλείας
3216 1180 3482 1252 ἐπίθυμία
3529 1177 3853 1249 πεποίηκεν.

437 1276 686 1342 dustria,
730 1275 849 1330 sive
904 1292 1006 1346 per
1036 1273 1444 1345 negligentiam
1494 1271 1802 1328 extitisset.
1852 1270 1963 1325 Sed
2016 1269 2086 1323 ab

434 1365 537 1420 illo
569 1365 848 1435 suli‘ragio
879 1380 981 1436 per
1009 1363 1292 1435 quosdam
1328 1361 1482 1433 apud
1506 1359 1933 1432 imperatricem
1957 1374 2089 1430 gra-

438 1454 741 1510 tiossimos
773 1458 860 1507 est
894 1457 1150 1523 ereptus.
1183 1453 1253 1505 At
1296 1449 1586 1521 Bulgarus
1634 1448 1884 1520 Symeon
1911 1447 2088 1503 victo-

441 1542 527 1597 ria
555 1540 742 1596 elatus
782 1540 1219 1611 imperatoriam
1254 1539 1458 1593 urbem
1492 1537 1847 1610 aggreditur,
1882 1535 1975 1591 cui
2007 1535 2088 1590 le-

443 1632 686 1704 gionum
735 1629 1094 1684 domesticus
1147 1627 1368 1682 Phocas
1417 1630 1506 1682 est
1553 1626 1882 1698 oppositus,
1927 1641 2090 1680 com-

445 1719 742 1790 missaque
774 1719 832 1772 in
864 1717 1181 1790 Calasyrtis
1213 1732 1432 1788 pugna,
1481 1716 1720 1770 Barbari
1764 1713 2088 1769 succubue-

443 1812 600 1864 runt.
634 1808 777 1864 Cum
809 1811 1003 1862 autem
1037 1804 1226 1873 multi,
1275 1805 1435 1876 iique
1476 1804 1584 1861 viri
1613 1802 1896 1871 illustres,
1929 1802 2090 1874 regni

2198 1276 2367 1348 Ἐρῶν
2415 1274 2515 1348 γὰρ
2573 1273 2765 1341 αὐτῆς,
2826 1267 3097 1338 ἔσπευδεν,
3155 1268 3200 1324 εί
3255 1267 3458 1338 ἀληθὶς
3516 1268 3582 1336 ἦν
3642 1268 3705 1322 τὸ
3757 1268 3854 1322 τὸν

2198 1360 2556 1438 δρουγγάριον
2654 1360 2913 1428 ἀπιέναι,
2992 1352 3429 1433 προκαταλαϐεῖν
3514 1355 3674 1418 αὐτὸς
3759 1356 3855 1411 καὶ

2198 1451 2573 1514 οἰκειώσασθαι
2621 1451 2720 1518 τὴν
2768 1449 2966 1525 ἀρχήν.
3011 1447 3160 1503 Μιτὰ
3212 1444 3270 1501 δὲ
3316 1449 3415 1515 τήν
3457 1445 3622 1515 ἧτταν
3682 1444 3854 1500 ἐπαν-

2197 1539 2464 1595 ελθόντων
2523 1543 2620 1593 τοῦ
2669 1559 2729 1593 τι
2777 1540 3104 1607 Αακαπηνοῦ
3144 1535 3234 1590 καὶ
3278 1539 3374 1590 τοῦ
3419 1532 3851 1610 Βογᾶ,ἒζητήθη

2195 1649 2264 1683 τα
2323 1627 2480 1701 μέσον
2541 1626 2739 1696 αὐτῶν,
2768 1626 2858 1680 καὶ
2905 1624 3196 1700 κατεκρίθη
3248 1624 3276 1678 6
3333 1624 3608 1698 Ῥωμανὸς
3655 1643 3856 1699 πηρω-

2200 1724 2354 1786 θῆναι
2382 1719 2450 1771 τὰ
2497 1712 2741 1789 ὄμματα,
2776 1715 2851 1779 ὡς
2905 1712 3080 1778 αἷίτιος
3130 1716 3228 1781 τῆς
3288 1709 3481 1782 ἥττης,
3536 1710 3572 1781 ἤ
3616 1711 3859 1786 κακούρ-

2197 1826 2307 1881 γως
2360 1803 2396 1874 ἤ
2455 1803 2713 1880 ῥᾳθύμως
2785 1802 3101 1879 γενόμενος,
3155 1799 3284 1856 ἀλλ’
3341 1799 3544 1855 ἐκεῖνον
3607 1800 3701 1870 μὶν
3751 1807 3858 1869 τῆς

441 1912 699 1952 amorem
747 1894 1013 1951 alerent:
1055 1911 1225 1950 nemo
1273 1897 1470 1949 tamen
1517 1909 1583 1948 eo
1642 1892 1832 1965 magis
1878 1891 2088 1964 ﬂagra-

2200 1895 2386 1968 ψήφου
2413 1892 2616 1962 ταύτης
2669 1891 2968 1968 ἐξήρπασαν
3017 1910 3159 1952 τινες
3187 1911 3200 1924 σ
3253 1891 3393 1964 μέγα
3420 1890 3567 1964 παρά
3593 1892 3661 1963 τῇ
3697 1889 3856 1964 βασι-

447 1986 568 2055 bat,
600 2001 779 2056 quam
809 1989 920 2039 Leo
952 1983 1193 2052 Phocas,
1224 1982 1519 2054 legionum
1553 1981 1937 2048 domesticus,
1957 1997 2092 2036 cum

447 2091 510 2130 se
539 2074 667 2145 ipso
715 2074 921 2141 fretus,
953 2072 1025 2128 ob
1075 2088 1259 2142 genus
1310 2076 1367 2126 et
1413 2069 1752 2142 potentiam,
1785 2076 1911 2124 tum
1961 2085 2095 2125 vero

445 2161 826 2218 Constantino
883 2160 1152 2216 eunucho
1210 2159 1586 2225 cubiculario,
1650 2158 1751 2230 qui
1821 2158 1880 2213 in
1939 2158 2099 2229 regia

442 2256 670 2324 poterat
697 2250 918 2316 omnia,
943 2250 1114 2320 cujus
1135 2264 1394 2304 sororem
1423 2247 1481 2302 in
1514 2247 1887 2304 matrimonio
1919 2247 2096 2302 habe-

441 2341 560 2396 bat.
593 2342 894 2406 Quaecum
929 2337 1301 2410 imperatoris
1331 2336 1698 2391 Constantini
1747 2337 2097 2408 paedagogus

438 2435 724 2496 cerneret,
744 2426 948 2500 illique
978 2425 1226 2496 timeret,
1253 2425 1568 2497 persuadet
1596 2429 1662 2480 ut
1691 2423 1898 2480 classis
1923 2426 2099 2480 drun-

440 2517 671 2590 garium
740 2521 1071 2571 Romanum
1133 2514 1246 2569 sibi
1315 2513 1627 2582 devinciat,
1679 2519 1737 2568 et
1790 2514 2094 2569 custodem

441 2607 746 2677 adjungat.
782 2605 1108 2676 Imperator
1138 2603 1318 2675 igitur
1347 2601 1572 2657 litteras
1603 2618 1712 2657 sua
1740 2618 1920 2656 manu
1951 2601 2095 2657 scri-

439 2701 569 2766 ptas
601 2694 920 2764 drungario
951 2692 1153 2759 mittit,
1185 2692 1399 2763 quibus
1430 2691 1526 2747 ille
1555 2691 1832 2762 acceptis,
1864 2691 2097 2763 pollice-

437 2788 555 2849 tur,
588 2798 650 2838 se
693 2780 950 2838 cubiculi
982 2782 1233 2853 prefecti
1283 2785 1631 2851 potestatem
1665 2781 1859 2850 (modo
1892 2780 2093 2853 possit)

440 2887 801 2928 eversurum.
825 2870 934 2934 Qui
951 2886 1084 2925 cum
1108 2869 1423 2940 aliquando
1444 2870 1513 2924 ad
1547 2868 1755 2924 classis
1780 2869 2094 2924 stationem

442 2960 824 3032 pervenisset,
858 2976 924 3014 ac
956 2974 1201 3031 propere
1241 2956 1386 3013 solvi
1426 2958 1664 3028 juberet
1697 2975 1708 3013 :
1743 2958 2094 3028 drungarius

439 3049 709 3105 servilem
742 3049 800 3103 in
831 3048 1072 3103 modum
1124 3047 1177 3102 ei
1225 3045 1456 3102 obviam
1503 3045 1807 3117 processit,
1841 3062 1906 3101 ac
1937 3061 2094 3101 reve-

439 3142 635 3194 renter
663 3136 1002 3208 colloquens
1052 3133 1332 3207 paulatim
1375 3134 1447 3189 ad
1481 3133 1751 3189 triremes
1796 3133 2092 3189 hominem

437 3225 694 3282 deduxit.
757 3225 831 3280 Ut
876 3241 1010 3280 vero
1070 3223 1200 3278 navi
1252 3221 1531 3292 praetoriae
1582 3220 2091 3294 appropinquavit,

2206 1980 2364 2055 λίσσῃ
2418 1979 2724 2054 δυνάμενοι.
2774 1983 2835 2038 Ὁ
2889 1977 2946 2035 δὲ
2979 1977 3298 2055 Βούλγαρος
3353 1977 3580 2052 Συμεὼν
3627 1981 3697 2051 τῇ
3730 1976 3857 2052 νίκῃ

2204 2070 2520 2145 ἐξογκωθεὶς
2553 2069 2706 2144 ἐπῄει
2737 2070 2874 2124 κατά
2918 2075 3017 2137 τῆς
3075 2066 3437 2144 βασιλεούσης
3475 2071 3584 2122 τῶν
3612 2064 3858 2124 πόλεων.

2208 2159 2586 2229 ’Δντικατέστη
2647 2156 2703 2212 δὲ
2751 2157 2897 2230 αύτῷ
2948 2155 3112 2212 πάλιν
3163 2159 3192 2211 6
3249 2161 3357 2211 τῶν
3415 2155 3635 2231 σχολῶν
3687 2153 3861 2228 δομέ-

2207 2268 2388 2310 στικος
2415 2249 2444 2302 ὁ
2502 2252 2720 2314 Φωκᾶς,
2754 2253 2844 2300 καὶ
2899 2245 3084 2321 μάχης
3133 2245 3630 2320 συγκροττηθείσης
3655 2243 3705 2298 ἐν
3741 2250 3857 2300 Κα-

2203 2336 2513 2412 τασύρταις,
2574 2337 2627 2389 οἱ
2679 2329 2956 2410 Βάρϐαροι
3032 2333 3288 2404 ἥττηντο.
3349 2331 3583 2390 Πολλῶν
3653 2330 3711 2388 δὲ
3769 2332 3862 2387 καὶ

2203 2424 2408 2479 τούτων
2459 2429 2770 2499 περιφανῶν
2823 2421 2997 2500 ἔρωτα
3044 2422 3356 2500 τρυφύντων
3399 2429 3502 2491 τῆς
3562 2421 3862 2497 βασιλείας,

2211 2511 2424 2587 μᾶλλον
2480 2517 2589 2568 τῶν
2645 2510 2831 2568 ἄλλων
2893 2513 3016 2587 περὶ
3071 2512 3164 2566 τὸν
3229 2511 3431 2582 ταύτης
3491 2509 3856 2587 ἐφλέγμαινεν

2206 2599 2381 2678 ἔρωτα
2432 2601 2582 2656 Λέων
2641 2602 2668 2655 6
2725 2605 2832 2656 τῶν
2889 2600 3110 2675 σχολῶν
3161 2597 3501 2672 δομέστικος,
3549 2600 3577 2654 6
3635 2605 3858 2668 Φωκᾶς,

2205 2691 2483 2754 πεποιθὼς
2543 2691 2637 2762 μὲν
2689 2689 2884 2761 ἐαυτῷ,
2942 2686 3030 2744 διὰ
3083 2691 3145 2744 τὸ
3220 2689 3376 2763 γένος
3448 2687 3537 2743 καὶ
3617 2683 3709 2742 διὰ
3755 2689 3857 2756 τήν

2205 2778 2390 2854 ἰσχὺν,
2438 2780 2548 2854 οὐχ
2589 2777 2784 2847 ἥκιστα
2833 2775 2890 2832 δὲ
2943 2782 3022 2850 τῷ
3073 2775 3559 2852 παρακοιμωμὲνῳ
3606 2783 3858 2831 Κωσταν-

2203 2867 2332 2940 τίνῳ
2385 2872 2465 2939 τῷ
2518 2866 2764 2940 ἐκτομίᾷ,
2815 2867 2882 2921 τὰ
2910 2866 3082 2921 πάντα
3129 2867 3253 2921 τότε
3296 2866 3445 2939 παρὰ
3480 2871 3596 2927 τοῖς
3623 2867 3855 2921 ἀνακτό-

2204 2976 2320 3033 ροις
2353 2956 2599 3032 ἰσχύοντι
2631 2957 2693 3010 οὗ
2724 2956 2806 3010 ἐπ’
2855 2953 3064 3032 ἅδελφῃ
3110 2951 3379 3026 κηδεστὴς
3427 2953 3722 3030 ἆτύγχανεν
3755 2950 3856 3012 ὥν.

2201 3049 2385 3103 Ταῦτα
2443 3045 2619 3100 τοίνυν
2679 3046 2820 3117 ὁρῶν
2881 3046 2909 3099 6
2983 3049 3080 3099 τοῦ
3154 3043 3423 3120 βασιλέως
3483 3044 3857 3100 Κωσταντίνου

2202 3132 2554 3209 παιδαγωγὸς
2633 3136 2768 3207 (26),
2839 3133 2928 3188 καὶ
2991 3131 3173 3196 δεέσας
3247 3133 3368 3208 περὶ
3442 3133 3630 3203 αὐτοῦ,
3683 3132 3857 3188 πείθει

2203 3227 2419 3295 τοῦτον,
2468 3223 2558 3277 τὸν
2610 3226 2706 3277 τοῦ
2762 3218 2959 3277 στόλου
3013 3219 3367 3298 δρουγγάριον
3420 3223 3514 3276 τὸν
3563 3220 3858 3296 εἰρημένον

437 3314 641 3370 multis
670 3314 813 3369 viris
843 3311 1121 3379 strenuis,
1149 3287 1298 3384 quos
1329 3327 1527 3366 secum
1554 3287 1788 3381 paratos
1819 3287 2088 3377 habebat,

2205 3287 2504 3384 Ῥωμανὸν,
2563 3309 2962 3378 οἰκειώσασθαι,
3015 3287 3105 3365 διαὶ
3158 3287 3378 3388 ξύλακα
3423 3287 3856 3386 προσλαϐέσθαι.

438 3405 638 3460 Tollite
668 3405 859 3469 istum,
893 3401 1086 3473 inquit
1112 3419 1125 3457 :
1156 3417 1189 3455 a
1229 3399 1446 3471 quibus
1496 3397 1955 3470 comprehensus
1984 3403 2094 3469 est,

435 3497 493 3548 et
527 3492 753 3548 triremi
805 3489 1141 3562 impositus,
1183 3488 1498 3544 comitibus
1547 3487 1705 3543 illius
1753 3488 1951 3543 statim
2009 3487 2095 3542 di-

438 3580 678 3650 spersis.
718 3582 858 3651 Ejus
881 3577 1017 3634 facti
1050 3577 1298 3632 nuntius
1329 3583 1386 3631 et
1418 3575 1850 3648 imperatricem
1882 3580 1941 3631 et
1961 3593 2094 3646 pro-

433 3687 595 3727 ceres
626 3668 900 3739 turbavit,
941 3683 1196 3738 cumque
1246 3666 1318 3721 ad
1367 3665 1754 3738 drungarium
1806 3663 2095 3750 misisset,

436 3763 838 3831 percontatum
889 3757 1029 3828 quid
1081 3755 1137 3810 id
1190 3755 1300 3810 sibi
1341 3753 1556 3810 vellet?
1601 3753 1640 3808 ii
1689 3771 1724 3809 a
1772 3752 2095 3810 classiariis

434 3847 732 3918 lapidibus
777 3845 994 3917 repulsi
1044 3847 1201 3900 sunt.
1254 3841 1541 3899 Postridie
1598 3841 1939 3914 imperator,
1991 3860 2094 3914 pa-

433 3935 687 3992 triarcha
746 3939 802 3991 et
855 3933 1136 4006 magistro
1187 3931 1482 4003 Stephano
1545 3930 1864 3997 accersitis,
1931 3932 2097 3988 misit

434 4024 583 4081 187
621 4024 719 4096 qui
781 4027 1028 4078 matrem
1086 4038 1116 4077 e
1176 4021 1336 4092 regia
1365 4020 1743 4076 abducerent.
1802 4018 1911 4075 Sed
1965 4036 2093 4076 eam

433 4115 558 4169 suis
589 4111 959 4184 amplexibus
993 4127 1126 4166 cum
1158 4109 1437 4181 lacrymis
1475 4108 1885 4176 inhaerentem,
1919 4110 2094 4165 mise-

433 4201 688 4258 ricordia
719 4200 934 4271 victus,
961 4198 1200 4270 reliquit
1237 4215 1250 4254 ε
1287 4215 1351 4254 ac
1381 4201 1669 4270 potestate
1719 4197 1778 4252 in
1827 4213 1891 4252 se
1931 4202 2094 4254 tran-

435 4291 605 4357 slata,
639 4289 1026 4345 domesticum
1080 4287 1378 4360 legionum
1429 4285 1764 4358 designavit
1807 4286 2094 4342 Joannem

431 4379 708 4434 Garidam
755 4377 1130 4450 magistrum.
1154 4375 1520 4447 Drungarius
1560 4392 1693 4430 vero
1733 4375 2092 4446 Lacapenus,

434 4471 624 4524 classe
656 4467 814 4524 haud
846 4482 1016 4523 secus
1048 4470 1225 4536 atque
1251 4464 1321 4520 ad
1374 4480 1632 4536 pugnam
1660 4463 1966 4531 instructa,
2001 4465 2092 4520 die

2206 3398 2562 3476 Ἐγχαράττει
2643 3398 2822 3454 τοίνυν
2908 3393 3121 3474 βιϐλίον
3203 3399 3230 3453 6
3318 3396 3573 3473 βασιλεὺς
3664 3397 3864 3453 οἶκειὸ-

2203 3509 2427 3568 γραφον,
2490 3489 2580 3543 καὶ
2652 3486 2866 3543 στέλλει
2945 3492 3025 3560 τῷ
3082 3485 3452 3563 δρουγγαρίῳ.
3510 3488 3571 3545 Ὁ
3633 3484 3692 3542 δὲ
3736 3493 3863 3543 τοῦ-

2203 3599 2264 3633 το
2345 3575 2654 3650 δεξάμενος,
2736 3577 3003 3652 ὑπέσχετο
3069 3578 3167 3646 τήν
3249 3580 3347 3630 τοῦ
3419 3576 3860 3650 παρακοιμωμέ-

2204 3686 2296 3721 νου
2372 3668 2484 3739 (27)
2551 3663 2860 3720 δυναστείαν
2944 3666 3014 3738 (εἱ
3102 3665 3218 3720 οἷόν
3281 3666 3363 3738 τε)
3421 3661 3696 3728 καθελεῖν.
3755 3664 3858 3719 Καί

2205 3776 2336 3810 ποτε
2389 3759 2487 3809 τοῦ
2557 3755 3081 3829 παρακοιμωμένου,
3135 3749 3259 3808 ἔνθα
3335 3755 3363 3808 6
3420 3751 3616 3816 στόλος
3669 3751 3851 3826 ὥρμι-

2204 3865 2320 3914 στο,
2405 3844 2863 3920 παραγενόμένου,
2960 3842 3050 3898 καὶ
3147 3841 3542 3919 δπισπέρχονος
3628 3840 3852 3897 ἐκδιλεῦ-

2203 3953 2292 3987 σαι
2367 3930 2566 4004 αὐτὸν,
2652 3932 2680 3987 6
2778 3929 3136 4008 δρουγγάριος
3225 3929 3624 4008 δουλικώτερον
3700 3932 3854 4004 αὐτῷ

2203 4023 2641 4097 προσυπήντησε,
2673 4021 2764 4076 καὶ
2809 4023 2925 4094 μεθ’
2979 4019 3296 4090 ὑποστολῆς
3355 4019 3576 4094 ὡμίλει,
3607 4020 3698 4074 καὶ
3727 4019 3853 4096 περὶ

2202 4110 2297 4173 τὰς
2355 4112 2601 4186 τριήρεις
2659 4109 2840 4185 ἠρέμά
2915 4114 3034 4174 πῶς
3103 4103 3485 4186 πρυεϐίὸαζεν.
3527 4109 3616 4170 Ὦς
3671 4105 3730 4162 δὲ
3780 4111 3852 4182 τῇ

2202 4198 2492 4275 ναυαρχίδι
2577 4201 2967 4275 προσήγγισεν,
3073 4197 3329 4272 ἑτοίμους
3433 4194 3579 4273 ἔχων
3656 4193 3857 4273 ἄνδρας

2202 4289 2614 4365 παρεπομένους
2701 4286 2871 4359 αὐτῷ,
2953 4287 3234 4363 γενναίους
3319 4308 3378 4342 τε
3439 4285 3530 4341 καὶ
3579 4284 3851 4355 πολλοὺς,

2204 4379 2403 4454 Ἀρατε
2455 4382 2667 4446 τοῦτον,
2721 4379 2891 4433 εἶπεν.
2950 4377 3013 4431 Οἱ
3065 4374 3123 4432 δὲ
3178 4377 3474 4452 συσχόντες
3524 4375 3712 4444 αὐτὸν,
3775 4375 3856 4440 είς

2201 4467 2304 4534 τὴν
2360 4469 2560 4543 τριήρη
2609 4465 2866 4539 ἐνέθεντο,
2922 4469 3030 4520 τῶν
3084 4465 3210 4542 περὶ
3266 4465 3424 4520 αὐτὸν
3481 4463 3673 4520 αὐτίκα
3730 4461 3852 4519 δια-

1713 4563 1918 4625 Variae
1951 4562 2251 4629 lectiones
2281 4573 2345 4629 et
2373 4575 2562 4629 notae.

507 4665 620 4738 (26)
651 4658 1730 4738 HaLBavmydc:_7'lfheedor‘us,‘Symeoni
1761 4658 2085 4738 logothetse,
2118 4667 2162 4731 Ι)
2196 4666 2279 4738 tas
2307 4679 2416 4719 non
2444 4665 2668 4738 solverit
2716 4665 3088 4720 sciscitantur.
3141 4664 3234 4719 His
3280 4680 3313 4738 ᾳ
3362 4664 3600 4738 Romano
3620 4678 3851 4738 respon-

432 4731 708 4808 Sc'ylit'zaa,
741 4743 797 4793 et
827 4731 977 4792 aliis.
1008 4735 1152 4790 Vide
1183 4732 1557 4788 Lambecium
1590 4731 1692 4787 lib.
1721 4748 1806 4798 ιιι,
1831 4732 1902 4786 de
1935 4731 2083 4790 Bibl.

438 4811 647 4864 Caesar.
680 4826 738 4864 ι).
774 4809 858 4863 13.

673 4826 939 4932 ἓαίιίίᾶτε
983 4879 1080 4930 τοῦ
1146 4872 1676 4950 ΙΙαρακοι-μ-ωμένου,
1728 4874 2078 4950 ἣρω-ραυ-

431 4948 486 5003 lo
515 4947 681 5005 secus
713 4956 911 5005 narrat
941 4949 1363 5020 Liutprandus,
1386 4947 1483 5000 lib.
1520 4962 1606 5020 ιιι,
1637 4947 1795 5020 cap7
1829 4961 1842 4999 :
1877 4947 2073 5001 Roma-

430 5037 540 5075 nus
587 5038 731 5086 vero,
782 5031 843 5076 ut
884 5037 994 5076 non
1050 5017 1370 5085 incallidus,
1413 5017 1606 5072 audito
1653 5019 2070 5088 imperatorum,

427 5093 526 5147 hoc
566 5097 645 5147 est
685 5094 877 5148 Leonis
904 5098 1062 5163 atque
1090 5091 1394 5146 Alexandri
1438 5089 1703 5163 interitu,
1736 5088 1882 5144 haud
1911 5089 2074 5163 longe

426 5164 494 5218 ab
523 5167 658 5219 urbe
706 5163 928 5220 collecto
967 5160 1230 5218 classium
1285 5163 1535 5217 exercitu
1580 5162 1745 5231 fugit,
1801 5164 1966 5230 atque
2013 5160 2073 5214 in

425 5236 670 5291 insulam
701 5251 930 5306 parvam
952 5234 1117 5304 juxta
1149 5234 1696 5306 Constantinopolim.
1724 5234 1806 5306 ita
1828 5236 1889 5285 ut
1915 5247 1952 5306 e
1975 5247 2074 5306 ρᾳτ

425 5309 559 5363 latio
588 5302 766 5363 videri
791 5322 930 5377 pene
953 5302 1147 5376 posset,
1180 5309 1392 5362 ratibus
1444 5302 1680 5377 collectis
1726 5303 1964 5377 advenit.
1998 5302 2076 5356 Ad

423 5382 696 5449 palatium
762 5375 961 5434 autem
1011 5380 1237 5434 minime
1305 5375 1708 5449 trans/retavit,
1745 5448 1748 5449 ν
1785 5375 2076 5449 laudesque

415 5447 584 5522 juxta
611 5451 1062 5507 consuetudinem
1092 5447 1561 5521 Parphyrogenito
1608 5448 1836 5502 minime
1876 5447 2073 5522 decan-

425 5525 583 5577 tavit.
635 5525 764 5592 Quae
806 5539 890 5578 res
936 5521 1179 5577 eunucho
1234 5523 1719 5587 Poraccemomeno,
1764 5521 2078 5588 cunctisque

430 5593 974 5666 Constantinopoleas
1016 5594 1357 5665 principibus
1400 5597 1671 5666 stuporem
1721 5595 2078 5666 timoremque

428 5683 538 5720 non
593 5662 796 5736 parum
836 5662 1044 5721 attulit.
1098 5662 1725 5736 Internuntiisiitaque,
1785 5662 1917 5734 quid
1950 5663 2078 5736 hoc

429 5734 673 5796 monstri
698 5739 767 5794 sit
796 5737 939 5809 quod
967 5754 1151 5810 regem
1179 5753 1286 5794 non
1335 5735 1553 5805 adierit,
1586 5734 1892 5793 laudesane
1919 5734 2077 5791 debi-

2153 5130 2164 5138 .
2185 5093 2514 5162 fortitudine
2569 5093 2882 5148 debellaret.

2197 4735 2376 4800 detur,
2402 4736 2542 4806 quod
2560 4738 2801 4807 propria:
2829 4739 2961 4793 vita
2990 4738 3186 4791 timens
3211 4737 3486 4806 palatium
3517 4736 3851 4791 declinavit:

2194 4815 2246 4862 et
2303 4807 2529 4877 adjecit,
2589 4807 2737 4874 Quod
2791 4810 2843 4863 si
2903 4809 3404 4864 Paracaemomenos
3461 4811 3668 4864 caeteris
3722 4823 3854 4862 cum

2189 4879 2534 4949 principibus
2587 4895 2646 4932 se
2705 4894 2817 4933 non
2884 4879 3080 4952 adiret,
3139 4881 3420 4952 vitamque
3475 4879 3849 4952 jurejurando

2185 4953 2552 5021 promitteret,
2579 4965 2711 5005 mox
2756 4965 2814 5004 se
2855 4952 2925 5005 ad
2954 4951 3290 5006 Cretensium
3317 4951 3721 5008 Saracenorum
3751 4968 3848 5005 re-

2182 5037 2306 5091 gem
2373 5021 2667 5092 con/‘erret,
2723 5037 3059 5093 regnumque
3094 5023 3435 5093 Argivorum
3490 5025 3584 5078 sui
3646 5024 3859 5078 auxilii

3005 5092 3107 5149 uod
3164 5092 3330 5164 quam
3385 5095 3585 5150 callide
3639 5094 3858 5149 dixerit

2177 5164 2366 5238 exitus
2393 5162 2707 5238 declarabit.
2742 5165 2920 5233 Igitur
2965 5162 3074 5237 quo
3097 5162 3329 5237 praefati
3357 5182 3545 5221 sumus
3571 5167 3860 5238 principes

2181 5237 2397 5316 terrore.
2411 5235 2700 5306 compulsi,
2714 5307 2727 5316 _
2746 5235 3172 5316 ignorantesque
3218 5235 3378 5316 quod
3432 5235 3624 5316 lateret
3651 5235 3854 5316 anguis

2183 5306 2244 5381 in
2274 5306 2463 5377 herba,
2494 5322 2677 5363 omnes
2707 5306 2856 5364 hunc
2892 5306 3247 5379 ﬁducialiter'
3261 5309 3488 5380 adeunt,
3520 5310 3662 5381 quod
3690 5325 3859 5363 man-

2183 5376 2422 5434 daverat
2450 5376 2749 5452 ;gratuiter
2807 5376 3091 5450 cupientes
3166 5382 3413 5452 implere.
3469 5376 3618 5450 Duos
3669 5397 3856 5436 omnes

2181 5465 2294 5524 non
2351 5451 2492 5507 malo
2551 5452 2782 5507 consilio
2848 5461 3085 5524 accepto,
3143 5451 3416 5524 projectos
3464 5457 3524 5508 in
3571 5454 3855 5508 sentinam

2185 5521 2342 5596 ligat,
2377 5525 2559 5596 sicque
2591 5539 2819 5578 securus
2847 5524 2918 5579 ad
2970 5521 3158 5580 urbem
3189 5521 3390 5594 magno
3433 5542 3560 5580 cum
3587 5526 3852 5580 comitatu

2183 5594 2434 5664 festinat,
2464 5594 2687 5669 hisque
2744 5611 2875 5669 quos
2915 5601 3200 5669 suspectos
3247 5595 3513 5654 habuerat
3567 5596 3848 5669 palatium

2177 5671 2406 5739 purgat,
2436 5665 2529 5722 sui
2548 5665 2814 5740 parentes
2843 5667 2926 5723 ibi
2954 5665 3210 5738 collocat,
3243 5670 3340 5725 etc.
