4156 6214
298 376 369 438 89
1590 374 2004 440 ANNALIUM
2047 377 2196 440 LIB.
2241 377 2398 440 XVI.
3615 379 3696 440 90

296 505 613 579 σπαρέντων.
648 506 831 562 Τοῦτο
886 508 957 581 τῇ
1010 503 1253 582 βασιλίδι
1309 504 1589 562 ἐνωτισθὲν
1650 506 1725 570 εἷς
1785 505 1940 583 θόρυ-

2057 511 2538 568 Annuntiationis
2562 511 2633 567 ad
2682 510 2903 583 regiam
2944 510 3003 566 in
3052 509 3398 568 Bucoleonte
3444 509 3694 582 appulit.

294 589 379 650 ϐον
406 592 573 663 αὐτὴν
606 592 862 656 καὶτοὺς
917 593 969 649 ἐν
1017 593 1164 650 τέλει
1223 590 1462 653 ἐνέϐαλε.
1496 594 1705 669 ῐῐέμπει
1762 595 1943 652 τοίνυν

286 684 406 759 πρὸς
455 683 547 738 τὸν
585 684 882 757 Ῥωμανὸν
945 683 1212 761 ἐρωτῶσα
1238 684 1291 739 τί
1348 682 1408 739 ἂν
1465 682 1547 756 εἶ¹η
1592 685 1656 740 τὸ
1704 685 1942 760 γεγονὸς,

288 770 419 827 ἀλλὰ
463 772 526 827 τὸ
574 775 837 828 ναυτικὸν
895 771 1072 838 λίθοις
1119 772 1246 836 τοὺς
1295 776 1634 850 πεμφθέντας
1684 772 1941 845 ἐξεδίωξε.

285 865 360 935 Τῇ
385 858 436 916 δ’
463 861 593 932 ἐξῆς
641 863 742 918 τὸν
788 861 1136 940 πατριάρχὴν
1183 865 1211 919 6
1268 862 1522 938 βασιλεὺς
1579 862 1944 939 μετακαλεσά-

283 971 434 1025 μενος
465 993 481 1019 ,
558 952 658 1006 καὶ
753 951 847 1007 τὸν
946 954 1237 1030 μάγιστρον
1339 951 1611 1032 Στέφανον
1648 1000 1663 1024 ,
1737 951 1947 1027 ἔπεμψε

277 1039 395 1103 τοὺς
449 1038 511 1094 ἐκ
566 1044 685 1096 τῶν
750 1041 1065 1118 βασιλείων,
1123 1043 1222 1112 τὴν
1279 1043 1447 1098 αὐτοῦ
1518 1041 1725 1119 μητέρα
1780 1039 1944 1098 κατά-

280 1128 475 1199 ξοντας.
509 1134 630 1198 Τῆς
691 1126 750 1186 δέ
794 1135 875 1204 τῷ
916 1131 1022 1204 υἱῷ
1070 1131 1438 1210 προσφυείσης
1492 1131 1626 1206 μετὰ
1673 1128 1942 1209 δακρύων,

278 1216 347 1279 εἷς
401 1215 589 1273 οἶκτον
652 1218 863 1282 ἐκεῖνος
918 1218 1133 1292 ἐκλίθη,
1194 1219 1285 1275 καὶ
1359 1220 1562 1299 ἀφῆκεν
1616 1220 1807 1290 αὐτὴν,
1867 1219 1944 1283 εἷς

277 1305 452 1361 ἑαυτὸν
510 1303 574 1362 δὲ
634 1309 742 1377 τὴν
799 1306 1043 1380 ἐξουσίαν
1105 1311 1421 1385 μετήνεγκε,
1478 1310 1567 1364 καί
1634 1308 1944 1386 προεχειρί-

278 1416 397 1451 σατο
450 1393 796 1469 δομὲστικον
850 1401 960 1454 τῶν
1023 1396 1246 1474 σχολῶν
1279 1399 1370 1454 τὸν
1397 1395 1628 1475 Γαριδᾶν
1687 1395 1943 1469 Ἰωάννην

276 1487 361 1541 τὸν
422 1487 760 1563 μάγιστρον.
812 1487 874 1545 Ὁ
955 1484 1013 1542 δὲ
1085 1485 1448 1564 δρουγγάριος
1507 1487 1535 1542 ὁ
1594 1487 1944 1557 Λακαπηνὸς,

277 1575 562 1650 ἐξαρτύσας
640 1578 737 1632 τὸν
822 1574 1017 1632 στόλον
1086 1575 1266 1652 ὥσπερ
1332 1575 1411 1639 εἷς
1458 1577 1758 1653 ναυαρχίαν
1811 1575 1949 1630 κατᾶ

274 1665 364 1734 τὴν
449 1664 680 1740 ἡμέραν
765 1670 862 1720 τοῦ
943 1662 1382 1741 Εύαγγελισμοῦ,
1440 1670 1559 1728 τοῖς
1649 1663 1948 1740 βασιλείοις

277 1752 687 1829 προσέπλευσεν
745 1754 823 1817 εἲς
880 1754 970 1809 τὸν
1019 1752 1415 1812 Βουκολέοντα.
1449 1751 1547 1808 Καὶ
1608 1754 1637 1808 6
1698 1753 1793 1827 μὲν
1844 1773 1946 1807 πα-

278 1840 544 1947 Διξριάρχης
762 1844 791 1897 6
853 1845 1153 1947 paying)th
1196 1842 1465 1947 Σὲτὲφανος
1512 1840 1666 1947 εὐθὺς
1721 1841 1781 1896 ἐκ
1835 1844 1943 1947 τᾶἴν
1978 1882 2026 1947 Β

282 1931 585 2007 ἀνακτόρων
653 1930 967 2003 ἐξέστησαν.
996 1933 1053 1986 Ὁ
1106 1929 1164 1987 δὲ
1216 1931 1518 2005 Ῥωμανὸς,
1559 1930 1754 2006 ὅρκους
1812 1929 1947 2007 πρό-

282 2039 427 2095 τερον
490 2019 733 2083 τελέσας
806 2018 1276 2099 φρικωδεστάτους
1340 2023 1414 2094 μή
1474 2040 1607 2076 ποτε
1662 2019 1799 2075 κατὰ
1850 2023 1948 2074 τοῦ

288 2107 551 2183 βασιλέως
584 2116 864 2189 φρονῆσαι
899 2107 1029 2184 μηδ’
1057 2107 1334 2174 ἐπιθάσθαι
1361 2113 1430 2184 τῇ
1467 2105 1736 2184 βασιλείᾳ,
1781 2106 1948 2179 ἀνῆλ-

280 2198 356 2252 θεν
413 2197 492 2260 είς
539 2198 615 2253 τὰ
672 2195 946 2275 βασίλεια,
984 2198 1075 2253 καὶ
1125 2197 1200 2261 είς
1243 2197 1336 2254 τὸν
1380 2195 1433 2252 ἐν
1480 2202 1560 2271 τῷ
1605 2196 1772 2272 Φάρω
1820 2197 1942 2253 ναὸν

280 2290 352 2359 τῷ
393 2287 808 2362 Κωνσταντίνῳ
868 2284 1247 2358 συνεισελθὼν,
1308 2286 1399 2342 καὶ
1455 2286 1662 2351 πίστεις
1716 2283 1842 2350 δούς
1886 2308 1946 2343 τε

278 2376 360 2430 καὶ
436 2376 728 2455 εἴληφὼς,
808 2375 973 2454 μέγας
1062 2375 1443 2452 ἐταιρειάρχης
1546 2370 1941 2452 προϐάλλεται.

279 2466 587 2523 Ἔπέστειλε
656 2463 714 2522 δὲ
773 2467 854 2539 τῷ
912 2471 1081 2537 Φωκᾷ
1138 2467 1167 2521 6
1215 2464 1469 2542 βασιλεὺς
1529 2466 1606 2539 μὴ
1666 2466 1942 2539 ἀθυμῆσαι

283 2552 401 2627 μηδ’
446 2556 800 2633 ἀπογνῶναι,
832 2559 1160 2630 προσμεῖναι
1211 2552 1269 2610 δὲ
1328 2555 1543 2631 μικρὸν,
1575 2554 1651 2617 ὡς
1702 2552 1941 2629 μελλού-

281 2664 370 2713 σης
419 2644 591 2700 αύτοῦ
662 2645 908 2722 γενέσθαι
981 2644 1239 2721 προνοίας
1308 2643 1443 2717 μετὰ
1519 2643 1718 2720 βραχύ.
1763 2644 1824 2701 Ὁ
1885 2640 1942 2698 δὶ

281 2734 547 2808 Ῥωμανὸς
603 2735 712 2803 τήν
777 2734 970 2789 ἑαυτοῦ
1041 2734 1307 2810 θυγατέρα
1359 2731 1581 2803 Ἑλένην
1654 2732 1942 2806 μνηστεύε·

285 2841 362 2876 ται
400 2824 475 2895 τῷ
512 2820 744 2899 βασιλεῖ
793 2822 1207 2895 Κωνσταντίνῳ,
1238 2819 1327 2877 καί
1366 2825 1437 2896 τῇ
1480 2821 1636 2896 τρίτῃ
1684 2826 1781 2877 τοῦ
1830 2821 1941 2877 Πά-

289 2932 385 2987 σχα
434 2911 735 2968 τετέλεστο
780 2913 848 2967 τὰ
896 2908 1169 2989 γαμήλια,
1226 2915 1324 2966 τοῦ
1380 2909 1723 2987 πατριάρχου
1774 2916 1940 2968 Νικο-

289 2999 412 3055 λάου
461 3003 568 3072 τήν
646 3000 953 3076 ἱερολογίαν
1008 3003 1358 3072 ποιήσαντος,
1413 2999 1502 3055 καὶ
1559 2999 1748 3055 αὐτίκα
1803 3000 1941 3056 τετί-

287 3110 419 3163 μητο
470 3089 901 3166 βασιλεοπάτωρ
953 3090 982 3144 6
1019 3089 1320 3162 Ῥωμανὸς,
1354 3086 1523 3163 μέγας
1557 3084 1603 3143 δ’
1646 3088 1941 3164 ἐταιρειάρ-

2052 600 2130 653 Ac
2181 599 2515 672 patriarcha
2567 604 2624 656 et
2676 600 3010 672 Stephanus
3070 599 3353 672 magister
3399 598 3597 655 statim
3630 615 3700 653 ex

2055 688 2213 761 regia
2244 688 2737 746 discesserunt.At
2764 693 3064 745 Romanus
3096 706 3230 745 cum
3262 688 3426 761 prius
3455 686 3701 743 sanctis-

2053 776 2611 850 simojurejurando
2642 779 2884 835 adactus
2911 779 3363 851 promisisset,se
3393 792 3700 849 nunquam

2051 866 2390 939 imperatori
2424 868 2862 939 insidiaturum,
2896 885 3085 941 neque
3112 867 3428 939 imperium
3460 866 3700 921 affecta-

2054 961 2255 1011 turum
2291 974 2303 1011 :
2337 956 2395 1011 in
2427 957 2645 1029 regiam
2677 958 2961 1024 ascendit,
3011 962 3067 1013 et
3122 973 3256 1013 cum
3316 954 3698 1011 Constantino

2053 1045 2228 1101 Phari
2286 1046 2468 1101 aedem
2501 1046 2826 1118 ingressus,
2851 1046 2964 1102 ﬁde
2996 1046 3133 1101 data
3162 1048 3540 1116 acceptaque,
3574 1059 3700 1098 ma-

2053 1152 2207 1208 gnus
2231 1126 2611 1192 betaeriarcha
2640 1134 3000 1208 designatur.
3031 1134 3217 1192 Iussit
3264 1138 3458 1190 autem
3511 1131 3697 1204 impe-

2055 1228 2215 1279 rator
2259 1224 2511 1281 Phocam
2544 1225 2694 1281 bono
2726 1242 2855 1281 esse
2884 1225 3103 1293 animo,
3135 1239 3325 1295 neque
3354 1238 3518 1294 spem
3550 1221 3696 1292 abji-

2054 1328 2206 1383 cere,
2237 1314 2339 1369 sed
2387 1313 2686 1386 paulisper
2730 1319 3107 1385 exspectare:
3141 1328 3277 1368 nam
3333 1310 3508 1384 paulo
3565 1314 3699 1382 post

2053 1402 2179 1474 ejus
2234 1402 2516 1459 rationem
2574 1402 2840 1458 habitum
2898 1401 2995 1459 iri.
3063 1401 3308 1458 Romani
3364 1416 3534 1472 porro
3576 1399 3699 1455 ﬁlia

2054 1492 2272 1547 Helena
2327 1492 2662 1564 imperatori
2721 1493 3101 1548 Constantino
3159 1491 3469 1562 desponsa,
3527 1490 3700 1545 tertia

2054 1581 2198 1638 feria
2251 1581 2553 1637 Paschatis
2612 1582 2829 1654 nuptias
2882 1573 3182 1638 celebratae
3249 1583 3427 1646 sunt,
3496 1594 3695 1634 sacras

2056 1685 2257 1742 preces
2289 1669 2519 1726 Nicolao
2551 1669 2885 1744 patriarcha
2910 1674 3242 1742 peragente.
3277 1668 3485 1724 Statim
3521 1666 3699 1738 igitur

2055 1759 2378 1827 Romanus,
2410 1758 2780 1830 imperatoris
2810 1762 2990 1829 pater,
3040 1757 3197 1814 ﬁlius
3253 1757 3383 1828 ejus
3438 1755 3698 1811 Christo-

2056 1848 2298 1919 phorus,
2334 1864 2593 1921 magnus
2626 1846 3032 1904 hetaeriarches
3071 1851 3161 1903 est
3187 1844 3536 1918 appellatus.
3558 1843 3701 1911 ,Qui-

2056 1936 2167 1992 bus
2197 1936 2420 1992 Phocas
2448 1937 2719 2009 cognitis,
2751 1936 3117 2010 tyrannidem
3150 1935 3386 2004 invasit,
3415 1935 3700 1991 Constan-

2054 2025 2178 2081 tino
2210 2025 2569 2082 cubiculario
2599 2030 2656 2081 et
2684 2024 2817 2081 aliis
2849 2024 3188 2098 proceribus
3218 2023 3444 2090 ascitis,
3477 2039 3541 2079 se
3571 2039 3699 2095 quas

2056 2118 2272 2187 ageret,
2306 2131 2409 2186 pro
2440 2115 2791 2187 imperatore
2849 2113 3231 2170 Constantino
3291 2127 3482 2183 agere,
3541 2111 3700 2166 afﬁr-

2055 2220 2246 2259 mans.
2296 2204 2594 2259 Romanus
2644 2208 2840 2259 autem
2888 2201 3114 2259 litteras
3157 2219 3284 2274 qua
3316 2201 3516 2257 Phocaa
3548 2218 3699 2273 pra:-

2052 2297 2274 2348 textum
2325 2296 2671 2361 everterent,
2730 2292 3159 2363 subscriptione
3217 2289 3589 2363 imperatoris
3645 2292 3702 2344 et

2053 2398 2229 2438 aureo
2275 2379 2468 2454 sigillo
2513 2381 2793 2453 munitas,
2824 2379 3146 2453 pervulgati
3176 2379 3435 2452 corporis
3466 2375 3702 2433 mulier-

2051 2469 2244 2525 culam
2276 2469 2335 2524 in
2363 2469 2562 2527 Phocis
2592 2473 2786 2526 castra
2817 2469 3019 2539 mittit,
3052 2486 3199 2541 quas
3228 2485 3363 2524 cum
3393 2483 3460 2523 ea
3490 2464 3698 2522 multis

2051 2557 2199 2615 clam
2232 2559 2582 2628 ostenderet,
2615 2558 2803 2614 eﬂ'ecit
2847 2563 2913 2614 ut
2966 2557 3138 2614 multi
3195 2556 3387 2612 Phoca
3444 2555 3694 2620 deserto,

2051 2664 2114 2704 se
2169 2648 2243 2704 ad
2276 2647 2692 2720 imperatorem
2722 2648 3069 2718 conferrent,
3103 2649 3170 2702 At
3196 2646 3416 2701 Phocas
3447 2643 3696 2716 Chryso-

2049 2735 2230 2809 polim
2262 2737 2579 2809 profectus,
2611 2746 2667 2794 et
2710 2754 2744 2792 a
2795 2736 2921 2792 suis
2977 2735 3321 2805 destitutus,
3380 2733 3441 2788 in
3495 2733 3695 2803 fugam

2049 2826 2427 2895 convertitur,
2480 2830 2538 2882 et
2587 2826 2644 2881 in
2676 2825 2915 2882 castello
2945 2826 3224 2898 quodam,
3251 2822 3406 2896 quod
3440 2821 3513 2877 ab
3544 2820 3698 2876 anti-

2048 2914 2183 2986 quis
2239 2914 2602 2987 temporibus
2658 2914 2909 2972 Goeleon
2967 2915 3041 2971 ab
3096 2913 3390 2986 indigenis
3432 2915 3693 2977 vocatur,

2048 3003 2584 3075 comprehenditur,
2621 3008 2988 3076 cacatusque
3033 3002 3374 3076 Byzantium
3425 2999 3693 3073 perduci-

2044 3094 2161 3146 tur.
2195 3092 2265 3147 Et
2295 3091 2390 3147 hic
2420 3093 2749 3165 tyrannidis
2780 3092 2940 3149 illius
2969 3092 3078 3148 fuit
3124 3092 3335 3147 exitus.
3384 3088 3692 3145 Enimvero

285 3196 385 3252 χης
423 3178 811 3256 Χριστοφόρος
860 3179 888 3234 ὁ
932 3177 1130 3234 τούτου
1178 3178 1317 3240 υἱός.
1344 3181 1523 3233 Ταῦτα
1576 3173 1633 3232 δὶ
1689 3178 1876 3252 μαθὼν
1907 3178 1936 3233 ὁ

2049 3180 2172 3237 alia
2203 3198 2438 3254 quoque
2465 3182 2693 3239 insidias
2725 3181 3063 3255 imperatori
3094 3184 3236 3238 sunt
3266 3184 3501 3253 paratae.
3545 3177 3693 3233 Nam

284 3251 484 3332 φωκᾶς-
520 3251 810 3343 τυραννίδι
871 3266 1110 3332 ἐπέθετο.
1154 3271 1555 3321 Κωνσταντῖνον
1610 3265 1705 3321 τὸν
1761 3286 1933 3343 παρα-

2049 3251 2449 3328 adolescentes
2479 3288 2583 3343 per
2610 3251 2893 3343 quosdam
2925 3269 3197 3328 conducti
3225 3251 3386 3338 sunt,
3418 3267 3519 3340 qui
3558 3283 3693 3322 eum

279 3357 627 3431 κοιμώμενον
667 3350 1141 3434 προσλαϐόμενος,
1170 3355 1261 3411 καὶ
1309 3356 1525 3432 ἐτέρους
1574 3359 1683 3410 τῶν
1731 3354 1931 3431 ἀρχόν-

280 3464 397 3514 των,
424 3446 515 3501 καὶ
579 3440 1070 3519 διαϐεϐαιούμενος
1129 3445 1261 3522 ὑπὲρ
1312 3449 1410 3500 τοῦ
1466 3442 1734 3520 βασιλέως
1782 3451 1934 3499 Κων-

282 3536 553 3591 σταντίνου
610 3538 863 3611 πράττειν
914 3535 943 3590 ὃ
988 3535 1232 3609 πράττει.
1264 3535 1328 3591 Ὀ
1356 3533 1634 3607 Ῥωμανὸς
1685 3530 1762 3602 δὲ,
1795 3553 1935 3609 γρα-

284 3622 377 3699 φὴν
424 3623 717 3702 γεγραφὼς
757 3623 1068 3698 ἀνατροπὴν
1126 3622 1482 3700 πιριὲχουσαν
1512 3629 1612 3692 τῆς
1639 3625 1735 3677 τοῦ
1765 3628 1934 3678 Φωκᾶ

283 3711 622 3790 προφάσεως,
670 3711 761 3766 καὶ
804 3711 1005 3784 ταύτην
1039 3715 1109 3787 τῇ
1138 3716 1235 3767 τοῦ
1270 3708 1539 3789 βασιλέως
1587 3710 1935 3786 ὑποσημασίᾳ

285 3799 363 3853 καὶ
416 3804 605 3878 χρυσῇ
649 3799 905 3880 σφραγῖδι
962 3795 1423 3877 βεϐαιωσάμενος,
1468 3801 1673 3874 πέμπει
1726 3800 1928 3873 ταύτην

286 3890 407 3963 πρὸς
431 3892 492 3946 τὸ
526 3890 669 3966 μετᾶ
719 3895 816 3947 τοῦ
875 3896 1046 3948 Φωκᾶ
1103 3892 1409 3966 στράτευμα
1467 3889 1600 3965 μετά
1630 3911 1776 3953 τινος
1833 3912 1930 3967 γυ-

283 3978 419 4033 ναίου
469 3981 771 4056 ἱταιρικου.
821 3980 1045 4038 Κάκεῖνο
1094 3978 1332 4043 πολλοῖς
1379 3979 1478 4049 τήν
1536 3981 1929 4056 χρυσοσήμαν-

283 4085 363 4121 τον
417 4066 775 4124 ὗποδεικνύον
835 4066 1010 4147 λάθρα
1081 4069 1318 4148 γραφήν,
1377 4065 1626 4133 πολλοὺς
1700 4067 1928 4125 καταλι-

280 4161 391 4211 πεῖν
444 4155 719 4229 πεποίηκε
801 4157 893 4214 τὸν

2041 3364 2348 3416 venantem
2390 3360 2864 3434 aggrederentur,
2897 3361 2997 3417 sed
3028 3360 3128 3416 illo
3159 3357 3406 3416 consilio
3439 3356 3693 3430 cognito,

2043 3450 2116 3505 de
2146 3450 2486 3506 auctoribus
2517 3450 2795 3506 facinoris
2821 3448 3179 3522 supplicium
3211 3452 3540 3520 sumptum.
3593 3446 3694 3499 Est

2043 3542 2101 3594 et
2159 3538 2723 3611 imperatorismater
2748 3539 2883 3608 ,Zoe
2913 3539 3072 3611 regia
3101 3540 3305 3610 ejecta,
3338 3535 3509 3608 quasi
3540 3534 3690 3606 patri

2042 3627 2413 3700 imperatoris
2441 3627 2822 3685 insidiaretur
2851 3628 3094 3695 scilicet,
3142 3632 3430 3698 tensoque
3477 3622 3690 3695 capillo

2040 3715 2264 3773 Sancta:
2298 3716 2633 3789 Euphemim
2656 3717 3078 3774 monasterium
3100 3716 3691 3789 ingressa.Romanus

2038 3820 2178 3861 vera
2217 3805 2497 3862 vicesima
2554 3806 2706 3863 188
2765 3811 2976 3878 quarta
3032 3807 3124 3862 die
3176 3802 3558 3877 Septembris,
3618 3800 3690 3855 ad

2039 3893 2287 3952 Caesaris
2345 3895 2694 3969 dignitatem
2755 3899 2846 3953 est
2897 3900 3153 3968 evectus,
3185 3893 3329 3950 etin
3360 3890 3687 3955 Decembri,

2038 3983 2270 4057 imperii
2299 3984 2629 4041 diademate
2658 3990 2902 4042 ornatus
2957 4003 2992 4042 a
3046 3981 3375 4058 patriarcha
3425 3979 3688 4050 Nicolao,

2037 4072 2331 4144 permissu
2363 4072 2735 4130 Constantini
2765 4074 3008 4131 scilicet.

980 4163 1201 4229 Φωκᾶν,
1257 4155 1348 4212 καὶ
1423 4159 1823 4233 προσχωρῆσαι
1896 4160 1979 4230 τῷ
2055 4156 2293 4235 βασιλεῖ.
2349 4161 2408 4217 Ὁ
2467 4156 2525 4214 δὲ
2582 4164 2795 4234 Φωκᾶς,
2854 4158 2906 4215 ἐν
2973 4154 3312 4235 Χρυσοπόλει
3368 4155 3687 4233 γενόμενος,

281 4247 359 4300 καὶ
430 4244 813 4325 καταλειφθεὶς
888 4246 991 4303 ὑπὸ
1044 4251 1143 4304 τοῦ
1205 4247 1320 4322 μετ’
1369 4245 1535 4302 αύτοὖ
1589 4244 1838 4319 πλήθους
1898 4250 1980 4320 τῷ
2040 4246 2256 4323 βασιλεῖ
2310 4251 2838 4327 προσφοιτήσαντος,
2893 4248 3153 4326 ἐτράπετο
3213 4248 3288 4311 εἷς
3347 4247 3539 4326 φυγὴν,
3594 4244 3682 4300 καὶ

278 4328 323 4387 ἕν
373 4355 474 4391 τινι
535 4335 734 4412 χωρίῳ
784 4336 1100 4412 γενόμενος,
1158 4334 1293 4413 ὅπερ
1368 4336 1626 4401 ἀνέκαθεν
1692 4337 1841 4413 παρά
1895 4339 2002 4394 τῶν
2062 4336 2351 4414 ἐγχωρίων
2412 4337 2668 4410 Γοηλὲων
2720 4339 3158 4413 κατωνομάζετο,
3220 4331 3684 4410 συλλαμϐάνεται,

282 4424 359 4477 καὶ
411 4423 723 4505 τυφλωθεὶς
784 4423 1051 4501 εἰσάγεται
1109 4424 1189 4488 εἷς
1245 4427 1346 4496 τήν
1404 4424 1819 4502 βασιλεύουσαν·
1847 4427 1938 4483 καὶ
1990 4431 2152 4482 τοῦτο
2201 4425 2360 4491 τέλος
2416 4431 2485 4503 τῇ
2533 4428 2699 4483 αὐτοῦ
2750 4425 3022 4505 τυραννίδι
3087 4427 3319 4504 ἐγένετο.
3354 4423 3530 4484 Ἀλλᾶ
3572 4426 3679 4499 μὴν

286 4511 365 4566 καὶ
435 4514 593 4591 ἒτὲρα
667 4508 947 4584 ἐπιϐουλῆ
1011 4513 1148 4570 κατᾶ
1216 4512 1314 4569 τοῦ
1392 4513 1660 4591 βασιλέως
1743 4515 1969 4588 συνέστη
2000 4535 2014 4549 °
2072 4517 2276 4571 νεανίαι
2332 4518 2437 4593 γάρ
2500 4536 2638 4579 τινες
2693 4518 2932 4587 καθῆκαν
2989 4517 3105 4572 κατ’
3156 4517 3323 4571 αὐτοῦ
3375 4516 3678 4590 θηρῶντος,

289 4620 362 4655 ινα
412 4602 561 4676 αύτῷ
621 4601 673 4658 ἐν
728 4607 808 4676 τῷ
866 4605 1007 4679 θήρᾳ
1064 4601 1375 4660 ἐπίθωνται.
1437 4599 1600 4658 Ἀλλ’
1655 4601 1891 4676 ἐγνώσθη
1948 4603 2013 4658 τὸ
2075 4600 2378 4679 βούλευμα,
2436 4602 2526 4659 καὶ
2582 4604 2635 4659 oi.
2700 4604 3045 4683 πρωτουργοὶ
3090 4602 3492 4673 ἐκολάσθησαν.
3536 4602 3678 4673 Ἐξε-

290 4683 454 4762 ϐλήθη
489 4688 551 4747 δὲ
606 4696 715 4747 τῶν
778 4689 1070 4769 βασιλείων
1130 4689 1222 4747 καί
1279 4693 1316 4762 ἡ
1371 4694 1469 4746 τοῦ
1529 4689 1798 4767 βασιλέως
1855 4692 2039 4769 μήτηρ
2097 4692 2246 4763 Ζωή,
2305 4692 2381 4755 ὡς
2436 4687 2868 4749 ἐπιϐουλεύουσα
2923 4690 3190 4765 δῆθεντῷ
3233 4687 3678 4767 βασιλεοπάτορι,

284 4777 365 4833 καὶ
423 4780 674 4853 ἀπεκάρη
732 4780 787 4835 ἐν
844 4783 915 4856 τῇ
971 4788 1071 4851 τῆς
1127 4780 1315 4859 ’Δγίας
1372 4779 1660 4860 Εύφημίας
1718 4784 1883 4856 μονῇ.
1913 4785 1990 4856 Τῇ
2049 4778 2107 4837 δὲ
2160 4779 2380 4856 εἶκοοτῇ
2436 4783 2663 4859 τετάρτῃ
2712 4788 2810 4838 τοῦ
2868 4776 3240 4855 Σεπτεμϐρίου
3268 4777 3440 4854 μηνός
3473 4778 3551 4842 εἷς
3579 4779 3680 4848 τήν

284 4871 371 4921 τού
419 4870 689 4946 Καίσαρος
750 4868 902 4943 ἀξίαν
957 4869 1176 4946 ἀνήχθη
1235 4870 1264 4925 6
1320 4869 1624 4945 Ῥωμανὸς,
1672 4872 1760 4925 καί
1817 4868 1954 4925 κατὰ
2007 4870 2100 4926 τὸν
2152 4865 2480 4947 Δεκέμϐριον
2534 4874 2614 4944 τῷ
2668 4873 2767 4942 τῆς
2829 4868 3107 4948 βασιλείας
3155 4866 3451 4944 διαδήματι
3503 4888 3681 4925 τεται-

282 4954 432 5013 νίωτο
460 4958 608 5034 παρᾶ
634 4963 733 5015 τοῦ
762 4961 1110 5038 πατριάρχου
1141 4956 1444 5034 Νικολάου,
1474 4963 1572 5015 τοῦ
1630 4957 2034 5015 Κωνσταντίνου
2065 4955 2224 5029 δῆθεν
2258 4956 2549 5035 ἐπιτροπῇ.

346 5050 439 5109 ῙΗ’.
485 5049 585 5106 Καὶ
636 5051 666 5106 6
723 5052 822 5126 μὶν
888 5050 1217 5124 Αακαπηνὸς
1441 5050 1723 5126 Ῥωμανὸς
1781 5048 1925 5107 οὕτω

2104 5052 2298 5109 XVIII.
2334 5053 2629 5110 Romanus
2658 5056 2999 5127 Lacapenus
3054 5050 3131 5110 iis
3182 5050 3506 5110 honoribus
3561 5066 3678 5108 non

1538 5176 1744 5238 Variae
1770 5175 2074 5239 lectiones
2102 5181 2167 5239 et
2193 5182 2389 5239 nota.

347 5282 446 5356 (28)
474 5284 825 5353 Δακαπηνός.
857 5283 1278 5359 Constantinus
1308 5284 1609 5342 Manasses
1641 5302 1655 5341 :
1945 5289 1995 5355 D
2022 5284 2269 5342 Michael
2301 5285 2525 5343 Psellus
2552 5284 2611 5342 in
2642 5285 2888 5359 Synepsi
2913 5284 3110 5359 legum
3142 5302 3157 5343 :

406 5386 502 5441 Τὸν
552 5385 786 5465 γέροντα
839 5388 933 5445 τὸν
990 5388 1269 5462 Ῥωμανὸν
1322 5389 1415 5444 τὸν
1473 5386 1580 5444 ἀπὸ
1625 5389 1749 5465 *τῆς
1807 5395 1918 5443 Λα·
2169 5392 2324 5465 Maiae
2354 5391 2443 5445 καὶ
2476 5391 2567 5465 τρν
2597 5389 2927 5465 ζητούμενον
2961 5393 3200 5465 σήμερον
3232 5386 3397 5445 πλὲον
3422 5408 3618 5465 νυμον,

1650 5409 1749 5457 της
1807 5409 1918 5443 Λα-

1623 5460 1845 5533 [κάπης.

2169 5409 2324 5455 Μαθε
2354 5409 2443 5445 και
2476 5409 2567 5445 τον
2597 5409 2927 5465 ςητουμενον
2961 5409 3027 5462 σή
3081 5412 3105 5446 ε
3143 5410 3200 5445 ον
3232 5409 3397 5445 πΑεον
3429 5409 3538 5462 νομ

2170 5463 2268 5520 Ὃν
2301 5463 2329 5517 6
2359 5456 2668 5538 πρεσϐύτης
2697 5463 2974 5538 Ῥωμανὸς
3004 5409 3278 5539 et??ch
3304 5464 3383 5533 τῷ
3417 5460 3541 5536 βίῳ.

292 5566 365 5651 ῥυ
420 5566 632 5651 Lacape
686 5569 1034 5651 nomenAsit
1082 5567 1248 5625 urbis
1295 5571 1397 5624 aut
1451 5567 1732 5651 regionis,
1773 5567 1920 5651 mihi
2028 5568 2309 5651 ξίοῑῐξξιιὶῒ.Δ
2331 5570 2769 5651 Constantinus
2794 5571 3145 5651 Porphyrog.
3197 5571 3257 5627 in
3282 5568 3553 5651 LNovella
3603 5569 3673 5626 de

326 5648 503 5719 rorsus
560 5639 873 5719 incertum.
905 5641 1208 5719 caeterum
1238 5655 1448 5719 δεηθε-
1460 5639 1577 5719 seu
1606 5642 1794 5696 senior
1820 5640 1917 5719 hic

2049 5641 2229 5719 'undis
2260 5642 2648 5719 _§rm_en_ia_cis
2702 5648 2805 5719 τῇς
2878 5639 3180 5719 βξισιξλιπιιῖῖις⁸
3241 5644 3341 5714 τῆς
3409 5642 3671 5711 Λακάπης

368 5723 568 5769 manus
613 5709 852 5785 dicitur,
903 5713 977 5771 ad
1033 5709 1352 5770 discrimen
1408 5709 1913 5786 Porphyrogeniti.
2031 5716 2229 5787 μονῆς,
2258 5712 2509 5789 Myrelai
2538 5715 2685 5775 forte
2712 5709 2787 5777 ab
2816 5709 2889 5775 eo
2915 5709 3205 5775 adiﬁcati.
