4156 6214
385 377 456 439 91
1737 371 1770 431 J
1782 369 2040 432 OANNIE

2149 369 2459 431 {ONAHxE
3719 363 3803 424 92

383 511 713 577 contentus,
747 507 921 578 paulo
954 510 1087 578 post
1119 522 1356 562 uxorem
1389 521 1623 578 quoque
1654 521 1824 560 suam
1855 504 2040 560 Theo-

2149 511 2245 573 τῆς
2296 502 2641 580 ἀναρρήσεως
2691 496 2900 576 ἕτυγενο
2955 499 3052 555 οὐκ
3101 497 3289 574 ἠγάπα
3337 494 3395 552 δὲ
3443 494 3648 564 ταύτης
3696 515 3800 549 τυ-

386 598 594 652 doram
627 596 954 651 diademate
985 599 1171 650 ornat.
1206 595 1426 651 Deinde
1457 600 1512 649 et
1541 594 1728 649 lilium
1778 593 2036 649 Christo-

385 687 658 757 phorum,
690 685 1008 751 voluntate,
1044 689 1108 739 ut
1136 684 1315 739 videri
1349 684 1598 740 volebat.
1649 681 2036 749 Constantini,

387 775 488 830 sed
522 791 721 829 revera
754 773 931 828 invito
982 772 1081 828 illo
1139 781 1193 828 et
1251 779 1644 844 conquerente
1702 774 1856 844 apud
1915 787 2035 836 eos,

386 863 598 932 quibus
657 862 895 928 ﬁdebat,
954 868 1009 916 et
1039 867 1168 916 acta
1200 862 1300 916 illa
1332 861 1732 928 abominante,
1771 859 2040 933 quamvis

385 951 657 1021 refragari
690 967 802 1005 non
836 951 1098 1006 auderet.
1128 950 1364 1006 Insidiis
1395 968 1544 1022 quas
1574 955 1836 1006 Romano
1880 955 2040 1005 Ana-

383 1039 604 1095 stasius
635 1038 977 1094 sacellarius
1011 1039 1288 1111 princeps
1318 1040 1768 1111 conjurationis,
1802 1055 1906 1110 pro
1937 1038 2039 1092 de-

381 1128 644 1184 fensione
673 1128 871 1199 utique
900 1128 1268 1183 Constantini
1322 1137 1574 1200 pararat,
1638 1125 2040 1200 deprehensis,

383 1218 624 1283 conscii,
659 1217 946 1272 arbitratu
981 1217 1250 1283 Romani,
1285 1218 1475 1288 puniti
1507 1223 1669 1284 sunt,
1701 1215 2042 1272 sacellarius

388 1313 636 1374 tonsus,
697 1323 880 1376 eaque
929 1307 1186 1361 Romano
1244 1306 1472 1361 occasio
1531 1306 1644 1361 fuit
1673 1303 2042 1361 Constantini

387 1394 540 1449 infra
571 1410 632 1449 se
664 1393 1008 1462 collocandi,
1041 1410 1174 1449 cum
1210 1395 1256 1448 is
1286 1394 1572 1450 hactenus
1603 1396 1661 1449 in
1716 1393 2038 1466 proclama-

386 1482 645 1538 tionibus
676 1489 732 1538 et
763 1483 1215 1538 salutationibus
1243 1483 1497 1554 priorem
1518 1483 1709 1538 locum
1730 1483 2038 1538 tenuisset.

386 1574 647 1642 Cumque
675 1573 928 1644 Symeon
960 1573 1280 1627 exercitum
1311 1577 1514 1628 contra
1533 1573 1737 1628 urbem
1759 1573 2038 1627 misisset:

391 1662 686 1716 Romanus
716 1678 948 1733 quoque
983 1661 1197 1717 milites
1230 1660 1314 1715 illi
1348 1663 1641 1733 opposuit,
1702 1677 1774 1716 ne
1831 1661 2041 1716 subur-

390 1751 553 1804 banae
585 1751 952 1805 ammnitates
986 1750 1056 1804 ab
1088 1751 1255 1805 lioste
1285 1755 1671 1806 vastarentur.
1706 1753 1861 1816 Quos
1906 1765 2038 1804 cum

391 1838 630 1909 Bulgari
661 1839 924 1910 aggressi
953 1837 1350 1906 essent,multi
1383 1841 1556 1894 etiam
1587 1856 1657 1895 ex
1677 1839 2040 1912 principibus

391 1929 746 1995 ceciderunt,
780 1927 1000 1983 milites
1035 1927 1246 1998 partim
1279 1929 1347 1982 ad
1397 1933 1811 2000 praetereuntes
1870 1928 2038 1983 trire-

393 2032 519 2071 mes
551 2016 916 2083 festinantes,
949 2016 1007 2070 in
1044 2033 1204 2071 mare
1234 2016 1492 2088 prolapsi
1525 2034 1558 2072 a
1589 2017 1864 2074 ﬂuetibus
1893 2018 2036 2072 fere-

390 2104 622 2172 bantur,
657 2105 872 2177 partim
905 2105 976 2160 ab
1008 2105 1277 2160 hostibus
1309 2105 1647 2172 interibant,
1682 2107 1893 2179 partim
1926 2105 2039 2160 vivi

387 2193 786 2265 capiebantur.
822 2193 1083 2249 Romano
1115 2195 1367 2250 exercitu
1399 2196 1472 2250 ad
1505 2195 1685 2267 Pegas
1741 2197 1825 2252 sic
1881 2211 2040 2252 acce-

388 2287 508 2355 pto,
568 2280 802 2354 Bulgari
863 2285 1083 2353 regiam
1128 2282 1290 2338 illius
1319 2282 1430 2338 loci
1461 2290 1820 2351 cremarunt,
1853 2290 1910 2340 et
1939 2301 2040 2340 cm-

389 2378 512 2427 tera
539 2388 667 2442 quae
699 2371 754 2426 in
783 2388 849 2426 eo
880 2371 1072 2426 littore
1103 2376 1292 2427 sunte
1323 2374 1556 2446 regione
1584 2375 1798 2441 turbis,
1859 2374 2039 2429 inter-

381 2460 620 2530 jacente
662 2461 827 2516 freto.
897 2461 1122 2516 Mortua
1189 2463 1432 2516 Romani
1503 2480 1678 2518 uxore
1742 2462 2042 2518 Theodora

389 2553 658 2621 Augusta
706 2549 1097 2620 {imperatoris
1159 2549 1557 2621 Christophori
1617 2569 1761 2607 uxor
1824 2552 2040 2624 Sophia

390 2641 667 2709 Augustae
697 2654 910 2692 nomen
943 2639 1186 2710 accepit.
1219 2641 1289 2694 At
1337 2640 1715 2711 Bulgarorum
1770 2643 2039 2712 princeps

389 2727 664 2797 Symeon,
697 2727 888 2782 denuo
913 2726 1350 2798 AdrianOpolim
1375 2729 1603 2784 obsedit
1634 2743 1647 2784 :
1681 2745 1870 2800 neque
1901 2746 2040 2784 sane

392 2814 719 2886 quidquam
753 2812 1066 2879 effecisset,
1097 2814 1209 2869 nisi
1239 2815 1392 2870 cives
1423 2822 1750 2872 commeatu
1785 2817 2041 2872 destitu-

394 2909 504 2972 tos,
539 2909 595 2958 et
623 2902 971 2975 semetipsos
1003 2909 1059 2958 et
1087 2903 1293 2958 urbem
1350 2903 1503 2959 hosti
1560 2905 1791 2975 dedere,
1856 2907 2040 2961 fames

391 2992 698 3064 coegisset.
757 2993 922 3047 Tunc
978 2992 1152 3047 etiam
1203 2993 1312 3047 Leo
1343 2991 1738 3065 Tripolitanus
1769 3012 1901 3050 cum
1933 3012 2040 3050 na-

387 3080 616 3137 valibus
677 3079 858 3152 copiis
917 3085 1209 3136 Romanos
1269 3081 1480 3137 invasit
1540 3099 1552 3138 :
1613 3085 1713 3139 sed
1770 3085 2040 3140 triremes

391 3171 663 3226 Romana
695 3170 850 3225 circa
880 3170 1164 3225 Lemnum
1193 3170 1448 3226 insulam
1493 3172 1578 3228 eis
1624 3173 1852 3228 obviam
1904 3189 2039 3245 pro-

2147 595 2264 668 χὼν
2299 591 2481 662 αὐτὸς,
2513 590 2654 646 ἀλλὰ
2703 591 2833 663 μετά
2884 588 3061 665 βραχὺ
3109 589 3194 642 καὶ
3246 589 3345 656 τὴν
3397 583 3598 640 οίκείαν
3626 590 3796 657 ὁμευ-

2145 681 2286 735 νέτιν
2335 682 2433 748 τὴν
2482 677 2762 754 Θεοδώραν
2811 683 3029 732 ταινιοῖσ
3079 677 3188 731 εἶτα
3231 675 3320 730 καὶ
3364 676 3454 729 τὸν
3507 675 3621 728 υἱὸν
3662 676 3801 748 Χρι-

2149 765 2434 848 στοφὸρον,
2479 767 2788 844 προαιρέσει
2850 767 2943 840 μὶν
2995 771 3075 839 τῷ
3124 763 3307 820 δοκεῖν
3362 768 3459 820 τοῦ
3511 770 3801 818 Κωνσταν-

2146 859 2318 932 τίνου,
2366 862 2434 932 τῇ
2490 855 2537 912 δ’
2591 855 2821 928 ἀληθείᾳ
2881 854 3244 933 βιαζομένου,
3307 851 3688 929 ἀσχάλλοντός
3741 871 3806 905 τε

2149 949 2284 1024 πρὸς
2344 947 2436 1010 οὓς
2495 945 2728 1024 ἐθαρῥει,
2786 946 2873 1000 καὶ
2952 943 3002 998 ἐν
3061 947 3314 1020 συμφορᾷ
3385 941 3697 1024 τιθεμένου,
3731 941 3805 994 τὰ

2149 1023 2515 1113 πραττόμενα,
2706 1033 3030 1110 θαρροῦντος
3087 1030 3144 1088 δὲ
3199 1033 3436 1107 ἀντερεῖν
3467 1074 3480 1087 .
3541 1023 3804 1088 Ἐπιϐου-

2151 1123 2254 1195 λῆς
2303 1123 2361 1180 δὲ
2405 1126 2540 1180 κατά
2584 1128 2682 1178 τοῦ
2722 1125 3002 1196 Ῥωμανοῦ
3056 1119 3378 1197 γενομένης,
3412 1119 3480 1189 ἧς
3531 1120 3559 1175 6
3602 1116 3804 1174 σακελ-

2151 1215 2338 1289 λάριος
2399 1213 2753 1291 πρωτουργὸς
2807 1212 2873 1280 ἦν
2935 1212 3304 1278 Ἀναστάσιος,
3366 1209 3439 1270 ὡς
3489 1211 3571 1280 τῷ
3629 1214 3804 1262 Κων-

2151 1305 2409 1376 σταντίνῳ
2463 1300 2620 1372 δῆθεν
2679 1301 2923 1375 ἀμύνων,
2985 1299 3228 1374 ἐγνώσθη
3286 1297 3354 1354 τὰ
3411 1298 3526 1352 κατ’
3585 1294 3801 1366 αὐτὴν,

2149 1393 2238 1448 καὶ
2270 1394 2321 1446 οἱ
2370 1393 2462 1466 μὶν
2512 1392 2838 1465 συνίστορες,
2871 1390 2944 1451 ὡς
3003 1386 3150 1459 ἔδοξε
3205 1392 3285 1460 τῷ
3341 1388 3626 1459 Ῥωμανῷ,
3679 1385 3803 1440 ἐκο-

2151 1479 2446 1551 λάσθησαν,
2497 1483 2524 1536 6
2562 1479 2619 1536 δὲ
2667 1479 3026 1555 σακελλάριος
3076 1478 3351 1551 ἀπεκάρη.
3403 1479 3498 1532 Ἦν
3550 1473 3617 1544 δὴ
3664 1474 3805 1550 πρό-

2152 1591 2306 1646 φασιν
2339 1566 2494 1645 ἔσχεν
2555 1571 2582 1624 6
2637 1569 2912 1642 Ῥωμανὸς
2962 1573 3058 1622 τοῦ
3119 1561 3446 1621 ὑποϐιϐἀσαι
3493 1566 3584 1620 τὸν
3644 1571 3806 1619 Κων-

2152 1666 2426 1714 σταντῖνον
2480 1661 2691 1730 ἑαυτοῦ,
2726 1657 2890 1733 μέχρι
2937 1652 3060 1711 τότε
3105 1660 3321 1731 πρῶτον
3379 1653 3798 1732 εὐφημούμενον

2151 1748 2202 1804 ἐν
2256 1754 2376 1811 ταῖς
2431 1747 2808 1824 ἀναρῥήσεσιν.
2868 1747 2928 1804 Ὀ
2986 1747 3210 1819 Συμεὼν
3277 1742 3334 1799 δὲ
3381 1744 3515 1798 κατά
3564 1751 3664 1813 τῆς
3696 1743 3801 1798 πό-

2151 1837 2291 1900 λεως
2349 1837 2614 1911 ἐκπέμπει
2671 1835 2933 1911 στρατόν’
2990 1833 3082 1889 ’ίνα
3141 1831 3199 1889 δὲ
3258 1835 3334 1907 μή
3392 1831 3641 1894 ἐλθόντες
3699 1833 3800 1894 τὰς

2146 1927 2252 2001 πρὸ
2283 1930 2381 1996 τῆς
2413 1925 2627 1988 πόλεως
2669 1923 3044 2002 διαφθείρωσιν
3088 1922 3341 1997 ἀγλαῖας,
3396 1917 3604 1996 ἔπεμψε
3647 1922 3735 1976 καὶ
3769 1922 3799 1975 6

2144 2017 2418 2089 Ῥωμανὸς
2445 2015 2571 2079 τοὺς
2620 2012 3067 2086 ἀντιταξομένους
3117 2011 3284 2084 αὐτῷ,
3333 2011 3422 2066 καὶ
3470 2015 3578 2065 τῶν
3613 2008 3794 2067 Βουλ-

2145 2105 2324 2182 γάρων
2379 2103 2716 2169 ἐπελθόντων
2777 2104 2964 2166 αὐτοῖς
2997 2147 3010 2173 ,
3064 2100 3322 2156 πίπτουσι
3385 2103 3478 2174 μὲν
3537 2099 3629 2155 καὶ
3679 2104 3790 2155 τῶν

2147 2195 2427 2271 ἀρχόντων
2479 2192 2705 2261 πολλοὶ,
2761 2197 2869 2247 τῶν
2930 2189 2988 2246 δὲ
3044 2212 3107 2266 γε
3167 2193 3507 2264 παρτιωτῶν
3563 2190 3616 2243 οἱ
3669 2189 3793 2261 μὲν,

2148 2285 2224 2347 εἷς
2279 2283 2371 2345 τὰς
2427 2284 2669 2358 τριήρεις
2745 2278 3065 2341 σπεύδοντες
3123 2274 3357 2353 ἐμϐῆναι
3415 2275 3738 2352 παραπλεού
3773 2309 3797 2322 ο

2148 2395 2260 2441 σας,
2321 2370 2702 2443 ἐξωλίσθαινον
2757 2370 2832 2431 είς
2888 2371 2988 2438 τήν
3043 2367 3330 2436 θάλασσαν,
3384 2366 3474 2422 καὶ
3538 2367 3641 2421 ὑπὸ
3696 2387 3796 2420 κυ-

2151 2461 2333 2537 μάτων
2393 2460 2668 2537 ἐφέροντο,
2729 2461 2780 2515 οἱ
2835 2456 2893 2513 δὲ
2965 2458 3066 2512 ὑπὸ
3124 2462 3230 2512 τῶν
3286 2455 3570 2529 πολεμίων
3625 2452 3797 2510 διώλ-

2149 2552 2333 2620 λυντο,
2370 2552 2420 2605 οἱ
2476 2548 2532 2604 δὲ
2587 2549 2674 2605 καὶ
2737 2553 2930 2619 ζῶντες
2989 2540 3482 2620 συνελαμϐάνοντο.
3538 2544 3695 2602 Οὕτω
3738 2542 3798 2597 δὲ

2150 2638 2480 2710 διατεθείσης
2522 2647 2622 2708 τῆς
2675 2640 2988 2711 Ῥωμαϊκης
3038 2642 3287 2711 στρατιᾶς
3349 2635 3485 2690 κατὰ
3530 2634 3626 2695 τὰς
3679 2639 3798 2704 Πη-

2147 2731 2266 2805 γὰς,
2295 2730 2360 2783 τά
2400 2749 2458 2782 τε
2514 2726 2624 2782 ἐκεῖ
2675 2722 2801 2781 ὄντα
2852 2726 3122 2797 ἀνάκτορα
3169 2725 3221 2779 οἱ
3270 2723 3581 2798 Βούλγαροι
3627 2720 3796 2795 ἐπυρ-

2147 2818 2415 2888 πόλησαν,
2469 2816 2558 2870 καὶ
2605 2813 2786 2870 τᾶλλα
2833 2813 2934 2869 ὅσα
2982 2812 3031 2868 ἐν
3081 2817 3161 2885 τῷ
3208 2811 3442 2889 αἰγιαλῷ
3471 2816 3568 2866 τοῦ
3597 2831 3795 2864 κατανο

2145 2905 2300 2980 npr
2352 2912 2451 2975 τῆς
2505 2902 2720 2966 πόλεως
2771 2907 2905 2973 ἦσαν
2967 2900 3308 2975 διακειμένου
3366 2901 3640 2976 πορθμοῦ.
3688 2906 3796 2954 Θα-

2148 2995 2347 3064 νοῦσης
2377 2992 2433 3049 δὲ
2457 3001 2560 3064 τῆς
2587 2994 2682 3049 τοῦ
2729 2994 3014 3065 Ῥωμανοῦ
3062 2985 3294 3064 συμϐίου
3333 2997 3432 3059 τῆς
3475 2986 3794 3064 Αὐγούστης

2149 3081 2428 3157 Θεοδώρας
2484 3086 2612 3158 (29),
2672 3084 2706 3152 ἡ
2762 3085 2858 3136 τοῦ
2919 3079 3189 3156 βασιλέως
3239 3077 3621 3156 Χριστοφόρου
3654 3078 3793 3152 γυνὴ

2152 3172 2325 3248 Σοφία
2354 3176 2449 3227 τοῦ
2491 3179 2588 3240 τῆς
2632 3169 2948 3246 Δῦγούστης
2999 3168 3208 3239 ἠξιώθη
3261 3167 3548 3240 ὀνόματος.
3581 3168 3637 3218 Ὁ
3683 3169 3793 3220 τῶν

392 3260 577 3327 fectaz,
607 3261 904 3332 Agarenos
934 3275 1081 3330 pene
1111 3275 1315 3315 omnes
1346 3261 1702 3332 occiderunt,
1745 3279 2038 3334 navesque

2149 3247 2476 3338 Βουλγάρων
2527 3257 2574 3314 δ’
2631 3258 2990 3334 ἐξηγούμενος
3041 3259 3267 3331 Συμεὼν
3319 3261 3389 3330 τῇ
3449 3253 3738 3330 Ἀδριανου
3772 3286 3797 3296 -

392 3349 818 3418 demerserunt,
849 3347 1129 3420 Tripolita
1158 3366 1306 3422 aegre
1338 3351 1476 3423 fuga
1524 3351 1742 3424 elapso.
1791 3357 2038 3424 Symeon

391 3453 524 3493 vero
555 3436 954 3493 Macedoniam
987 3442 1045 3491 et
1075 3437 1381 3492 Thraciam
1415 3454 1548 3493 cum
1603 3439 1826 3512 ingenti
1879 3457 2038 3495 exer-

391 3526 510 3581 citu
543 3527 904 3594 devastatus,
939 3527 1008 3581 ad
1041 3526 1246 3583 urbem
1299 3528 1619 3599 profectus,
1678 3545 1858 3602 prope
1910 3529 2040 3585 Bla-

391 3615 640 3671 chernas
671 3615 876 3671 castris
903 3615 1132 3688 positis,
1162 3616 1517 3688 colloquium
1551 3619 1794 3674 Romani
1853 3618 2039 3691 impe-

392 3704 602 3760 ratoris
633 3703 820 3776 petiit,
854 3704 954 3775 qui
986 3721 1118 3760 cum
1154 3705 1227 3760 ab
1258 3723 1323 3762 eo
1354 3723 1467 3762 non
1500 3707 1856 3776 abhorreret,
1904 3725 2039 3763 cum

395 3793 583 3850 classe
614 3793 685 3849 ad
717 3793 997 3849 Cosmidii
1030 3794 1197 3850 littus
1223 3795 1384 3862 abiit,
1421 3797 1744 3868 eodemque
1791 3796 2040 3870 Symeon

393 3899 530 3938 cum
588 3883 713 3938 suis
774 3883 959 3954 copiis
995 3884 1151 3939 venit
1185 3901 1197 3939 :
1231 3885 1382 3940 189
1415 3889 1471 3940 et
1499 3885 1648 3940 inter
1678 3902 1740 3942 se
1768 3885 2040 3941 collocuti

395 3975 558 4025 sunt.
591 3970 703 4026 Sed
736 3971 1004 4042 quamvis
1051 3975 1350 4028 Romanus
1405 3973 1672 4044 Symeoni
1732 3973 2044 4046 magniﬁca

398 4059 678 4126 dedisset,
711 4059 888 4114 rebus
917 4058 1148 4116 infectis
1180 4061 1597 4130 discesserunt,
1630 4063 1687 4117 id
1733 4064 1888 4134 quod
1939 4080 2044 4135 par

370 4147 728 4220 "aquilarum
790 4147 1122 4220 significare
1179 4151 1505 4217 videbatur,
1557 4167 1706 4222 quas
1737 4168 1915 4224 supra
1943 4169 2042 4208 eos

397 4237 670 4293 volitasse
700 4235 913 4304 ferunt,
945 4241 1000 4292 et
1032 4255 1164 4293 cum
1197 4239 1467 4311 clangore
1514 4240 1666 4296 inter
1717 4257 1845 4308 sese
1901 4258 2042 4296 con-

397 4342 652 4400 gressas,
712 4327 1029 4398 statimque
1089 4333 1424 4400 segregatas
1449 4346 1597 4397 esse,
1631 4329 1811 4386 altera
1838 4347 2043 4386 versus

397 4416 604 4472 urbem
634 4414 885 4483 volante,
919 4415 1098 4471 altera
1129 4417 1186 4471 in
1218 4418 1521 4473 Thraciam
1575 4419 1874 4476 tendente.
1933 4421 2042 4476 Ro-

399 4521 611 4560 manus
682 4509 965 4576 potestate
1031 4505 1260 4578 imperii
1327 4507 1701 4576 insatiabilis,
1769 4526 1835 4566 ac
1864 4510 2036 4565 veluti

400 4592 618 4649 oblitus
650 4594 1020 4661 sacramenti,
1051 4611 1166 4666 quo
1215 4611 1342 4650 sese
1399 4596 1771 4664 astrinxerat,
1830 4615 1937 4654 suo
1990 4604 2047 4654 et

398 4683 500 4736 lilii
534 4688 676 4738 natu
709 4683 945 4738 maximi
977 4683 1306 4738 diademate
1338 4700 1452 4739 non
1481 4690 1820 4754 contentus;
1864 4689 2044 4744 etiam

398 4771 654 4843 reliquos
707 4773 856 4829 duos
911 4773 1084 4841 filios,
1129 4778 1184 4828 et
1234 4778 1501 4844 nepotem
1534 4790 1600 4830 ex
1629 4775 2042 4849 Christophoro

398 4860 715 4915 coronavit.
748 4864 1008 4917 Romano
1036 4861 1279 4933 imperio
1311 4863 1464 4933 quod
1527 4862 1810 4921 hactenus
1866 4883 2044 4938 penes

374 4965 580 5004 unum
613 4966 740 5004 esse
769 4952 1250 5018 consueverat,in
1286 4951 1471 5007 multa
1496 4954 1686 5023 capita
1714 4956 2042 5013 distributo.

399 5036 612 5106 Filium
649 5042 788 5093 natu
821 5040 1133 5094 minimum
1163 5039 1683 5113 Theophylactum,
1718 5045 1812 5100 cui
1856 5047 2045 5117 ponti-

397 5126 630 5181 ﬁcatum
668 5127 832 5182 urbis
863 5127 1252 5199 imperatoriae
1283 5130 1850 5196 ambiebat,detonsa
1879 5151 2048 5192 coma

392 5215 671 5273 clericum
721 5216 876 5286 lecit,
949 5234 980 5273 a
1035 5218 1367 5288 patriarcha
1421 5219 1750 5292 Syncellum
1813 5241 2048 5297 quoque

2149 3350 2308 3406 πόλει
2380 3344 2724 3426 προσέϐαλε,
2781 3348 2870 3403 καὶ
2925 3347 3128 3418 ταύτην
3184 3345 3544 3422 ἐπολιόρκει.
3604 3347 3799 3399 ’Ίίνυσε

2150 3438 2195 3496 δ’
2227 3441 2286 3495 ἂν
2319 3437 2495 3508 οόδὲν,
2549 3440 2594 3494 εἰ
2629 3450 2706 3510 μη
2751 3443 2868 3501 τοῖς
2915 3434 3064 3493 ἔνδον
3118 3435 3455 3491 ἐπιλελοίπει
3503 3435 3571 3488 τὰ
3613 3431 3800 3503 ἐπιτή-

2150 3529 2311 3585 δεια.
2373 3529 2692 3600 Βιαζόμενοι
2771 3524 2828 3581 δὲ
2900 3531 2979 3598 τῷ
3049 3523 3202 3598 λιμῷ
3274 3524 3364 3578 καὶ
3423 3521 3648 3584 ἑαυτοὺς
3704 3523 3796 3575 καί

2147 3621 2245 3689 τήν
2286 3617 2448 3674 πόλιν
2497 3623 2613 3680 τοῖς
2665 3615 2958 3689 πολεμίοις
3012 3612 3335 3689 παρέδοσαν.
3385 3611 3517 3667 Τότε
3570 3612 3662 3685 μὲν
3703 3611 3796 3664 καὶ

2151 3710 2179 3763 6
2238 3707 2295 3763 ἐκ
2363 3705 2678 3781 Τριπόλεως
2752 3704 2900 3760 Λέων
2980 3703 3113 3777 μετὰ
3187 3700 3468 3776 δυνάμεως
3539 3706 3796 3768 ναυτικῆς

2148 3797 2284 3852 κατὰ
2340 3795 2624 3870 Ῥωμαίων
2685 3794 2964 3871 ἐχώρησεν
2999 3813 3011 3824 ·
3073 3790 3220 3848 ἀλλὰ
3282 3789 3461 3864 τούτῳ
3513 3789 3635 3866 περὶ
3691 3790 3791 3857 τήν

2149 3894 2313 3957 νῆσον
2361 3890 2583 3959 Λῆμνον
2627 3886 2871 3960 τριήρεις
2926 3881 3246 3938 ἐπελθοῦσαι
3299 3877 3629 3954 Ῥωμαϊκαὶ,
3667 3877 3797 3940 τοὺς

2154 3977 2247 4050 μὲν
2307 3973 2638 4050 Ἀγαρηνοὺς
2693 3971 2886 4047 σγεδόν
2939 3993 2992 4027 τι
3059 3970 3363 4045 ξύμπαντας
3420 3967 3795 4048 διεφθάρκασι,

2147 4065 2244 4128 τὰς
2301 4062 2359 4120 δὲ
2413 4066 2545 4133 νῆας
2609 4062 2786 4118 αὐτῶν
2849 4057 3222 4138 ὑποϐρυχίους
3281 4057 3569 4130 ἐποίησαν,
3634 4055 3800 4129 μόλις

2147 4159 2243 4210 τοῦ
2292 4151 2626 4230 Τριπολίτου
2683 4157 2870 4226 φυγεῖν
2927 4149 3328 4226 ἐξισχύσαντος.
3388 4146 3488 4204 Καὶ
3539 4146 3567 4200 6
3617 4144 3796 4202 Βούλ-

2148 4263 2311 4320 γαρος
2365 4240 2421 4297 δὲ
2470 4243 2695 4314 Συμεὼν
2739 4242 2806 4296 τά
2852 4262 2910 4295 τε
2959 4239 3094 4294 κατὰ.
3143 4235 3480 4296 Μακεδονίαν
3525 4235 3614 4290 καὶ
3665 4233 3798 4288 τάπὶ

2151 4332 2366 4408 Θρᾴκης
2419 4331 2509 4386 σὺν
2567 4333 2723 4406 βαρεῖ
2778 4328 3138 4404 στρατεύματι
3188 4323 3601 4408 ἐλη“ίζετο,,λ-ιαὶ
3651 4322 3801 4397 παρὰ

2149 4424 2250 4492 τὴν
2298 4420 2461 4477 πόλιν
2511 4419 2708 4489 ἐλθὼν,
2759 4419 2939 4494 ἀγχοῦ
2987 4421 3094 4472 τῶν
3149 4413 3473 4491 Βλαχερνῶν
3529 4411 3798 4481 πεποίητο

2149 4513 2247 4580 τὴν
2293 4505 2696 4586 παρεμϐολὴν,
2742 4508 2832 4563 καὶ
2879 4511 2959 4579 τῷ
3021 4504 3239 4580 βασιλεῖ
3288 4505 3551 4576 Ῥωμανῷ
3607 4499 3801 4570 ἐζήτη-

2154 4621 2239 4654 σεν
2297 4599 2539 4674 ἐντυχεῖν
2576 4617 2589 4630 ⁶
2647 4597 2736 4652 καὶ
2816 4597 2915 4665 τὴν
2992 4588 3219 4663 ἔντευξιν
3300 4591 3390 4646 καὶ
3447 4591 3475 4644 6
3539 4586 3799 4664 βασιλεὺς

2153 4689 2461 4764 ᾑρετίσατο,
2513 4687 2603 4743 καὶ
2655 4685 2791 4742 κατὰ
2845 4685 2934 4739 τὸν
2986 4687 3082 4738 τοῦ
3140 4677 3440 4754 Κοσμιδίου
3497 4676 3743 4764 αίγιαλὸν
3781 4718 3795 4745 ,

2153 4763 2203 4832 6V
2237 4779 2330 4851 μὲν
2390 4777 2642 4854 βασιλεὺς
2703 4774 2793 4829 σὺν
2852 4777 2932 4845 τῷ
2990 4769 3173 4846 στόλῳ
3232 4769 3476 4849 ἀφίκετο,
3536 4769 3563 4822 6
3625 4763 3682 4820 δέ
3737 4785 3800 4842 γε

2156 4868 2380 4940 Συμεὼν
2435 4868 2568 4940 μετᾶ
2617 4869 2716 4930 τῆς
2767 4862 2966 4924 οἰκείας
3014 4861 3332 4937 παρεγένετο
3386 4862 3655 4933 στρατιᾶς,
3705 4854 3798 4908 καὶ

2155 4953 2428 5027 ἀλλήλοις
2476 4953 2790 5027 ὡμίλησαν,
2836 4951 2924 5006 καὶ
2976 4952 3004 5004 6
3057 4947 3309 5025 βασιλεὺς
3365 4943 3798 5023 μεγαλοπρεπῶς

2153 5051 2232 5118 τῷ
2266 5046 2490 5118 Συμεὼν
2539 5041 2870 5118 ἐδωρήσατο.
2922 5033 3258 5112 Ἀσύμϐατοι
3308 5035 3366 5091 δὲ
3408 5036 3497 5090 ἀπ’
3530 5030 3797 5104 ἀλλήλων

2157 5133 2457 5206 διέστησαν,
2507 5134 2538 5188 '6
2581 5132 2671 5188 καὶ
2722 5128 2851 5194 δυὰς
2899 5126 3045 5199 ἔδοξε
3092 5125 3338 5196 δηλῶσαι
3390 5125 3556 5179 ἀετῶν
3593 5167 3606 5179 .
3660 5120 3804 5177 Φασὶ

2154 5226 2255 5302 γὰρ
2288 5222 2484 5288 ἄνωθεν
2519 5221 2692 5278 αὐτῶν
2745 5218 3035 5289 διαπτῆναι
3081 5215 3331 5284 τούτους,
3387 5215 3477 5269 καὶ
3528 5209 3804 5284 ἀλλήλοις

1675 5377 1879 5440 Variae
1908 5379 2208 5442 lectiones
2239 5388 2301 5442 et
2329 5385 2518 5443 notae.

470 5477 582 5548 (29)
611 5478 726 5546 Τῆς
752 5476 1069 5556 Αὖγούστης
1117 5473 1418 5556 Θεοδώρῇας.
1466 5481 1642 5556 Istius
1692 5487 1748 5539 et
1796 5485 2045 5556 Sophia,

401 5550 472 5640 de
505 5565 620 5621 qua
650 5567 783 5640 mro}:
813 5550 1081 5640 meminit
1107 5550 1420 5640 gregorius
1469 5555 1704 5640 ig‘vita
1753 5557 1826 5640 Β..
1847 5550 2048 5640 Basilii

398 5620 535 5704 lup.
571 5639 630 5676 n.
658 5624 734 5704 g3
767 5622 963 5704 2‘45)?!"
998 5620 1055 5704 δὲ
1097 5625 1133 5692 ἡ
1162 5620 1462 5704 ,Αὔγουστα
1488 5620 1682 5704 Ἑλένη
1715 5628 1906 5704 πρώτη
1939 5629 2048 5684 τῶν

400 5689 590 5748 ἄλλων
655 5689 963 5767 βασιλίδων
1013 5689 1187 5766 ἦν’-ἠ
1236 5689 1338 5770 γᾶρ
1399 5690 1620 5770 δευτέρα
1670 5689 1906 5774 σύμϐιοξ
1952 5705 2051 5757 τοῦ

2157 5486 2356 5562 πατρὸς
2413 5485 2582 5562 αὐτῆς
2632 5484 2912 5562 Ῥωμανοῦ
2979 5474 3234 5562 Θεοδώρα
3279 5473 3666 5562 ,τελευτήσασαι
3709 5474 3803 5544 ἦν,

2156 5559 2190 5626 ἢ
2217 5549 2276 5612 τέ
2319 5557 2492 5632 Σοφία
2621 5560 2716 5612 τοῦ
2744 5549 3133 5632 ’Χριστοφόρου
3166 5549 3387 5605 ’ἐκείνου
3441 5549 3804 5617 τελευτήσαν-

2156 5623 2248 5692 τος
2279 5623 2587 5704 κατηνέχθη
2619 5634 2718 5698 τῆς
2751 5623 3049 5704 βασιλείάςζ
