4156 6214
240 360 305 421 9'!
1487 347 1700 410 ANNA
1711 345 1905 411 LIUM
1949 346 2095 409 LIB.
2144 346 2302 409 XVI.

3515 352 3597 413 98

236 485 405 552 κακῶς,
464 479 638 535 ούκέτι
666 480 775 533 τῶν
804 474 1018 533 πλοίων
1051 475 1337 551 ἰεώρμων,
1366 478 1456 542 Ὠς
1488 475 1545 534 δὲ
1573 476 1641 534 τὰ
1667 478 1805 554 πρὸς
1826 477 2035 557 τροφὴν
2066 476 2249 540 αὐτοῖς
2279 474 2615 532 παντάπασιν
2648 475 3016 549 ἐπιλέλοιπεν,
3064 478 3372 536 ἐπανελθεῖν
3421 482 3500 544 εἷς
3529 482 3596 538 τὰ

239 574 382 631 οἰκεῖα
407 566 763 637 διανενόηντο,
790 565 879 620 καὶ
907 561 1016 635 ἤδη
1051 568 1150 620 τοῦ
1175 561 1381 621 ἔκπλου
1410 566 1771 644 κατήρξαντο.
1830 564 1990 622 Ἀλλ’
2018 563 2169 629 αὗθις
2202 564 2387 629 αὐτοῖς
2428 565 2480 619 αἱ
2532 566 2835 638 Ῥωμαῖκαί
2890 568 3135 643 τριήρεις
3182 567 3452 638 ἐπέθεντο,
3505 571 3594 625 καὶ

240 661 305 722 δίς
327 660 372 713 οἱ
402 649 664 731 Βάρϐαροι
695 655 1283 728 κατεναυμαχήθησοιν,
1315 655 1393 719 ὡς
1425 654 1612 732 ὀλίγας
1636 655 1775 709 πάνυ
1805 658 1915 708 τῶν
1962 652 2231 730 σφετὲρων
2279 656 2426 724 νηῶν
2477 652 2747 733 ἐκφυγεῖν,
2799 654 2889 710 καὶ
2938 656 3403 727 ἀνθυπονοστῆσαι
3458 659 3597 733 πρὸς

233 750 336 811 τοὺς
360 743 608 814 οἰκείους,
641 742 908 818 ἀγγέλους
935 743 1265 819 γενομὲνους
1296 742 1519 808 ἐκείνοις
1547 750 1644 815 τῆς
1668 737 1976 822 συμφορᾶς.
2008 742 2114 799 Καὶ
2145 743 2196 797 οἱ
2233 744 2326 815 μὲν
2358 743 2514 814 Ῥὼς,
2562 742 2819 808 παθόντες
2851 743 3017 800 πλέον
3048 750 3229 812 κακῶς
3258 746 3292 817 ἢ
3326 748 3401 810 ὡς
3432 745 3606 819 ἤλπι-

238 846 305 909 ζον
331 832 655 909 δεδρακότες,
684 839 785 903 τῆς
813 831 948 886 κατὰ
978 833 1268 906 Ῥωμαίων
1295 833 1601 908 ἀπέσχοντο
1631 830 1941 895 ἐπιθέσεως.

289 926 350 980 K'.
405 921 503 978 Καὶ
563 921 615 974 οἱ
676 920 940 996 ἀγαρηνοὶ
993 917 1061 989 δὴ
1123 917 1212 974 διὰ
1235 924 1332 975 τοῦ
1382 919 1708 995 ὃομεστίκου
1739 924 1846 976 τῶν

2028 921 2137 977 ΧΧ.
2170 922 2277 977 Sed
2310 926 2366 978 et
2396 922 2642 993 Agareui
2665 940 2699 979 a
2736 922 3035 996 legionum
3095 926 3415 982 domestico
3456 928 3600 984 Cur-

235 1010 441 1088 σχολῶν,
526 1008 785 1066 Ἰωάννου
866 1013 963 1064 τοῦ
1044 1008 1329 1085 Κουρκούα
1404 1012 1511 1083 (34)
1586 1010 1677 1065 καὶ
1748 1010 1844 1064 τοῦ

231 1100 433 1178 ἀδελφοῦ
486 1097 657 1152 αὐτοῦ
734 1095 1008 1174 Θεοφίλου
1075 1098 1325 1170 (πάππος
1378 1095 1436 1152 δὲ
1488 1100 1517 1153 ὁ
1566 1096 1846 1169 Ἰωάννου)

230 1189 432 1262 ἥττηντό
476 1208 535 1243 τε
585 1184 887 1255 πολλάκις,
932 1186 1023 1241 καὶ
1062 1186 1474 1257 τεταπείνωντο,
1522 1187 1611 1243 καὶ
1656 1186 1847 1249 πόλεις

232 1282 310 1336 οὑκ
349 1276 637 1351 ἐλαχίστας
690 1277 767 1330 ὦν
820 1281 1076 1351 κατεῖχον
1121 1275 1426 1355 ἀφῄρηντο.
1475 1278 1537 1335 Ὁ
1584 1273 1643 1331 δὲ
1695 1277 1848 1351 βασι-

233 1369 333 1431 λεὺς
566 1366 856 1437 Ῥωμανὸς
926 1363 1004 1428 εἷς
1086 1364 1432 1436 συναίσθησιν
1487 1364 1634 1441 τάχα
1697 1361 1852 1437 δόξας

230 1458 374 1522 ἐλθεῖν
422 1461 521 1524 τῆς
568 1453 873 1529 ὲπιορκίας,
917 1454 1007 1509 καὶ
1053 1460 1155 1523 τῆς
1200 1458 1310 1509 τῶν
1350 1458 1630 1526 συνθηκῶν
1682 1474 1851 1530 παρα-

230 1542 423 1613 ϐάσεως,
454 1543 524 1597 ἆσ
574 1543 723 1617 πρὸς
769 1543 859 1598 τὸν
913 1542 1141 1618 βασιλέα
1188 1544 1590 1599 Κωνσταντῖνον
1617 1543 1851 1613 πεποίη-

230 1656 296 1704 το,
322 1631 387 1688 δι’
414 1632 677 1686 εὐποιιῶν
719 1626 970 1686 ἔσπευδεν
1015 1628 1401 1702 ἰξιλεώσασθαι
1451 1631 1543 1687 τὸν
1575 1631 1722 1689 Θεόν.
1756 1630 1853 1686 Καὶ

232 1718 464 1782 διαδόσεις
649 1720 752 1792 μὲν
800 1719 889 1774 καὶ
936 1716 1169 1783 ἀλλοίας
1196 1717 1425 1783 ἐτίθετο.
1473 1720 1595 1801 Ἐπὶ
1636 1716 1694 1775 δὶ
1720 1718 1856 1774 ταύ-

232 1832 326 1873 ταις
375 1808 460 1864 καὶ
506 1809 576 1863 τὰ
622 1807 753 1884 περὶ
801 1812 907 1862 τῶν
954 1806 1006 1862 ἰν
1060 1810 1131 1882 τῇ
1206 1807 1367 1862 πόλει
1432 1808 1857 1884 χρεωστούμενα

232 1903 327 1961 τοῖς
376 1896 682 1960 δανεισταῖς
736 1893 1054 1966 ἀποδιδοὺς,
1108 1894 1237 1959 τοὺς
1285 1895 1567 1975 ὀφειλέτας
1624 1895 1858 1952 ἀπέλυσε

238 1993 311 2044 τοῦ
363 1987 557 2063 βάρους
617 1992 724 2058 τῆς
786 1984 1033 2065 ὀφειλῆς,
1090 1986 1180 2040 καὶ
1236 1984 1303 2040 τὰ
1359 1990 1708 2061 γραμματεῖα
1760 1984 1859 2041 λα-

238 2074 345 2149 ϐὼν,
397 2075 448 2131 ἒν
502 2074 741 2150 μέσῃτῇ
775 2073 945 2150 ἀγορᾷ
994 2073 1124 2149 πυρὶ
1180 2073 1584 2145 κατηνάλωσεν·
1645 2074 1720 2137 εἰς
1775 2074 1856 2129 ἰν-

237 2163 514 2222 νεακαίδεκα
573 2161 635 2219 δὲ
692 2162 1016 2238 κεντηνάρια
1067 2162 1135 2218 τὰ
1160 2166 1269 2218 τῶν
1330 2162 1567 2241 ὁφειλῶν
1615 2166 1862 2239 ἠριθμή-

1953 1025 2065 1065 cua
2094 1014 2150 1065 et
2179 1011 2355 1066 fratre
2384 1011 2512 1082 ejus
2542 1011 2880 1085 TheOphilo,
2911 1015 3155 1069 Joannis
3195 1015 3295 1086 qui
3327 1020 3458 1088 post
3486 1016 3599 1071 im-

1955 1098 2116 1170 perio
2148 1099 2370 1171 potitus
2400 1105 2509 1169 est,
2543 1117 2668 1169 avo,
2702 1117 2855 1173 saepe
2885 1102 3018 1157 victi
3046 1108 3189 1158 sunt
3218 1108 3276 1160 et
3304 1104 3592 1177 oppressi,

1957 1190 2135 1258 atque
2167 1188 2344 1244 urbes
2375 1188 2707 1260 complures
2759 1207 2905 1262 quas
2950 1197 3327 1264 occuparant,
3380 1195 3465 1249 eis
3497 1195 3603 1249 ad-

1957 1280 2187 1347 empta.
2220 1282 2295 1332 At
2325 1278 2644 1350 imperator
2670 1282 2992 1347 Romanus,
3015 1281 3475 1351 considerato,ut
3500 1300 3602 1356 ap-

1958 1366 2406 1437 paret,perjurio
2428 1367 2903 1440 suo,violataque
2932 1385 3110 1441 quam
3142 1387 3276 1426 cum
3307 1372 3599 1428 Constan-

1961 1454 2085 1509 tino
2117 1455 2331 1511 fecerat
2359 1456 2648 1528 pactione,
2700 1458 3086 1514 beneficentia
3135 1459 3365 1532 placare
3414 1461 3597 1516 Deum

1961 1543 2187 1599 statuit.
2220 1543 2434 1601 Praeter
2456 1545 2639 1618 igitur
2668 1546 2813 1603 alias
2834 1548 3489 1615 distributiones,etiam
3516 1568 3599 1608 (ss

1963 1630 2223 1688 alienum
2255 1650 2357 1705 pro
2390 1634 2754 1691 debitoribus
2774 1636 3242 1710 dissolvit,cujus
3272 1655 3507 1695 summa
3528 1640 3599 1696 ad

1962 1738 2058 1776 xxx
2082 1722 2448 1779 centenarios
2478 1728 2830 1793 excreverat,
2881 1725 3099 1783 tabulis
3146 1727 3206 1783 in
3257 1728 3448 1786 medio
3482 1729 3603 1786 foro

1966 1811 2239 1867 crematis
2272 1829 2285 1880 ;
2317 1812 2455 1868 item
2486 1813 2739 1885 pretium
2768 1831 2869 1886 pro
2891 1815 2960 1871 iis
2977 1815 3076 1887 qui
3107 1818 3607 1891 Constantinopoli

1967 1898 2026 1954 in
2073 1900 2453 1955 conductitiis
2507 1901 2780 1958 domibus
2824 1902 3191 1975 habitabant,
3245 1908 3598 1967 numeravit.

1966 1989 2044 2043 Ac
2075 1987 2437 2045 debitoribus
2459 1988 2559 2046 illa
2588 2007 2729 2047 sane
2750 1992 3384 2063 profuerunt,Romano
3415 2000 3610 2053 autem

1970 2077 2508 2149 parum,0pinor,ac
2537 2079 2683 2135 nihil
2716 2080 2911 2153 potius
2944 2082 3213 2140 utilitatis
3243 2084 3609 2155 attulerunt;

1971 2181 2105 2221 cum
2138 2183 2264 2237 quas
2295 2167 2365 2222 de
2386 2168 2575 2224 alieno
2606 2168 2985 2242 largiebatur,
3010 2173 3227 2244 quippe
3256 2190 3324 2230 ex
3355 2171 3610 2247 publicd,

239 2257 393 2324 θησαν.
449 2251 711 2328 Παρὲσχε
766 2248 824 2306 δὲ
878 2252 969 2306 καὶ
1024 2252 1094 2307 τὰ
1144 2250 1349 2307 ἰνοίκια
1403 2256 1512 2306 τῶν
1570 2253 1706 2307 κατὰ
1759 2254 1859 2322 τήν

1984 2270 2097 2309 ;um
2117 2256 2269 2325 quod
2299 2255 2545 2328 imperio
2562 2258 2718 2328 quod
2740 2275 2809 2314 ex
2829 2265 2994 2330 rapto
3016 2262 3270 2329 tenebat,
3290 2262 3611 2332 fruebatur,

243 2343 453 2419 μεγάλην
506 2339 683 2397 πόλιν
746 2339 1047 2396 οἰκούντων
1128 2345 1494 2416 μισθωτικῶς.
1553 2340 1689 2406 Τοὺς
1766 2342 1863 2414 μὲν

242 2435 312 2488 οὗν
351 2430 629 2510 ὀφειλέτας
691 2428 940 2507 ὠφέλουν
993 2433 1181 2502 ταῦτα,
1237 2434 1316 2502 τῷ
1372 2426 1430 2485 δὲ
1485 2450 1549 2504 γε
1598 2431 1865 2504 Ῥωμανῷ

247 2521 405 2597 μικρὸν
458 2519 494 2589 ἢ
554 2516 739 2587 οὐδὲν,
799 2519 976 2591 οἶμαι,
1030 2515 1357 2586 λυσιτελεῖν,
1397 2517 1480 2573 ὅτι
1509 2539 1568 2573 τε
1596 2516 1865 2596 ἀλλότρια

244 2610 501 2685 ἰτᾶγχανον
557 2608 632 2662 τὰ
685 2604 946 2680 διδόμενα
999 2603 1261 2681 (δημόοια
1313 2607 1438 2683 γὰρ)
1478 2605 1569 2661 καὶ
1626 2605 1709 2662 ὅτι
1764 2608 1863 2677 τήν

248 2698 462 2776 βασιλεία
516 2696 771 2775 ἀρπάσας
824 2694 915 2751 καὶ
973 2694 1172 2766 ταύτην
1231 2695 1479 2771 κατέχων
1506 2738 1520 2764 ,
1579 2696 1668 2751 καὶ
1728 2697 1867 2751 ἀπο-

247 2787 396 2843 λαύων
449 2787 653 2857 αὐτῆς,
707 2784 941 2853 καὶτὸν,
999 2783 1046 2857 ᾧ
1102 2791 1366 2860 προσῆκε,
1410 2783 1613 2857 ταύτης
1640 2784 1868 2841 ἀποστε-

249 2881 354 2951 ρῶν,
380 2877 547 2949 ἑαυτῷ
603 2877 707 2949 μὲν
756 2873 1074 2951 ἀπεκλήρου
1103 2879 1205 2943 αῆς
1254 2872 1544 2948 βασιλικῆς
1572 2873 1869 2950 εύκληρίας

251 2966 300 3020 τὰ
324 2965 611 3039 ξύμπαντα’
677 2968 800 3027 ταῖς
829 2960 876 3019 δ’
927 2961 1196 3025 εύποιίαις
1251 2960 1436 3040 ῥανίδα
1496 2964 1689 3039 μικρὰν
1740 2964 1870 3019 ἀπε-

254 3054 424 3128 μέριζε,
470 3052 730 3109 τοιοῦτόν
771 3073 826 3107 τι
876 3052 1147 3128 πράττων,
1203 3053 1318 3107 οἷον
1368 3052 1429 3107 ἅν
1476 3074 1562 3115 τις
1618 3051 1870 3125 ἐποίησεν

251 3142 285 3196 εί
322 3145 436 3218 βοῦν
479 3141 762 3204 ἀπελάσας
809 3144 907 3196 τοῦ
958 3141 1222 3217 γείτονος,
1279 3140 1370 3196 καὶ
1417 3140 1718 3206 καταθύσας
1775 3142 1873 3197 αὐ-

249 3232 342 3300 τὸν,
406 3231 527 3294 τοὺς
604 3230 705 3305 μὲν
760 3227 928 3292 πόδας
982 3227 1185 3307 ἄκρους
1244 3226 1479 3304 διένειμε
1533 3231 1750 3303 πένησι,
1812 3231 1875 3287 τὸ

252 3324 387 3392 κῶμα
440 3317 487 3375 δ’
541 3318 685 3376 ὅλον
741 3318 902 3382 αὐτὸς
958 3318 1299 3390 ἔθοινήσατο·
1343 3318 1379 3388 ἢ
1428 3318 1474 3374 εἰ
1513 3320 1741 3395 γυναῖκά
1792 3340 1875 3382 τις

254 3408 460 3484 ἀρπάσας
524 3413 634 3464 τοῦ
697 3408 942 3482 γείτονος
1015 3412 1237 3484 κατεῖχε
1292 3407 1492 3479 ταύτην
1522 3450 1536 3477 ,
1593 3408 1683 3464 καὶ
1740 3408 1876 3483 αὐτῇ

256 3498 629 3574 συνεφθείρετο,
683 3500 782 3551 τοῦ
837 3496 1079 3570 νομίμου
1146 3495 1387 3571 γαμέτου
1460 3497 1828 3573 ἀφροντιστῶν
1862 3516 1877 3530 ·

259 3583 306 3639 lx
343 3583 395 3640 δὲ
439 3590 547 3641 τῶν
606 3585 817 3640 ἐκείνου
873 3589 1176 3662 χρημάτων
1232 3584 1463 3659 ’διένειμε
1512 3587 1756 3658 πένησιν,
1808 3585 1883 3642 ’ἶν’

1973 2359 2157 2415 eoque
2206 2344 2472 2400 fraudato
2504 2346 2674 2416 cujus
2730 2350 2874 2414 erat,
2899 2364 3029 2403 cum
3082 2349 3457 2422 imperatoria
3488 2353 3613 2407 feli-

1929 2449 1943 2460 ’
1973 2432 2145 2488 citate
2175 2449 2244 2488 ex
2274 2450 2400 2490 asse
2430 2434 2738 2506 potiretur,
2791 2437 3169 2509 perexiguam
3213 2439 3610 2497 beneficentia:

1974 2520 2300 2593 portionem
2333 2521 2630 2578 tribuebat
2662 2541 2675 2579 :
2709 2524 2862 2595 quod
2895 2525 3135 2596 perinde
3185 2533 3274 2583 est
3304 2544 3371 2583 ac
3396 2528 3447 2583 si
3478 2528 3613 2599 quis

1973 2608 2149 2665 vicini
2195 2610 2339 2666 bove
2386 2611 2710 2681 immolato,
2761 2616 3051 2672 extremos
3107 2616 3283 2687 pedes
3333 2617 3618 2690 largiatur

1977 2699 2356 2771 pauperibus,
2403 2704 2711 2773 totumque
2759 2717 2971 2774 corpus
3020 2703 3148 2776 ipse
3191 2704 3470 2761 devoret:
3516 2709 3619 2763 aut

1976 2792 2171 2860 spreto
2201 2786 2462 2861 legitimo
2495 2791 2787 2863 conjugio.
2823 2791 2879 2845 in
2938 2791 3139 2849 aliena
3173 2794 3368 2851 uxoris
3396 2796 3620 2868 stupris

1976 2875 2269 2932 volutetur
2298 2894 2311 2932 :
2345 2878 2535 2949 deque
2565 2878 2757 2934 mariti
2790 2878 2952 2936 illius
2983 2881 3231 2952 pecunia
3259 2884 3617 2956 pauperibus

1975 2966 2279 3040 largiatur,
2314 2970 2379 3022 ut
2400 2966 2511 3022 sibi
2565 2967 3040 3042 adulteriigratia
3068 2972 3170 3027 ﬁat
3190 2972 3615 3045 scilicet,atque

1981 3055 2102 3111 haec
2133 3056 2457 3111 secundum
2490 3055 2814 3113 humanum
2844 3059 3159 3129 judicium.
3192 3061 3345 3118 192
3393 3062 3450 3117 Si
3486 3062 3618 3134 quis

1983 3148 2176 3200 autem
2225 3144 2482 3200 divinam
2526 3145 2848 3202 bonitatem
2903 3147 3220 3216 intueatur,
3273 3150 3518 3207 fortasse
3549 3166 3621 3207 ne

1987 3232 2103 3288 haec
2132 3232 2367 3307 quidem
2401 3233 2635 3289 inutilia
2682 3235 2912 3291 dixerit.
2963 3236 3223 3294 Romano
3273 3254 3469 3296 rerum
3519 3257 3623 3311 po-

1983 3320 2183 3390 tiente,
2216 3321 2430 3378 Christi
2458 3322 2681 3396 effigies
2713 3323 2890 3380 nullis
2921 3325 3072 3381 facta
3103 3327 3376 3383 manibus
3405 3331 3462 3384 et
3480 3326 3625 3384 divi-

1988 3410 2148 3466 nitus
2179 3410 2237 3465 in
2267 3409 2444 3466 linteo
2474 3426 2769 3483 expressa,
2833 3413 2888 3467 in
2919 3413 3357 3484 imperatoriam
3421 3417 3626 3473 urbem

1990 3504 2080 3554 est
2110 3498 2409 3555 translata.
2444 3500 2583 3555 Eam
2611 3506 2739 3555 tum
2771 3502 2991 3558 Edessa
3016 3500 3321 3569 habuerat,
3342 3521 3471 3575 qua;
3494 3520 3630 3561 cum

1992 3588 2052 3643 in
2079 3588 2339 3661 periculo
2371 3589 2577 3644 excidii
2628 3595 2802 3659 esset,
2854 3591 3102 3662 Agareni
3137 3592 3233 3661 qui
3268 3596 3393 3647 tum
3423 3593 3632 3648 urbem

261 3673 385 3747 αὐτῷ
433 3674 578 3750 τάχα
641 3671 713 3729 δι’
770 3661 925 3729 ἐλέου
971 3674 1189 3753 ἀφεθείη
1231 3681 1333 3743 τῆς
1387 3674 1641 3750 μοιχείας
1688 3675 1752 3730 τὸ
1801 3671 1875 3752 ἓγ-

1993 3678 2289 3744 teuebant,
2323 3673 2787 3733 incolumitatem
2818 3661 2927 3734 hac
2956 3679 3148 3752 effigie
3168 3697 3199 3735 a
3234 3682 3509 3737 Romanis
3541 3698 3633 3737 re-

262 3761 447 3835 κλημα.
502 3761 684 3820 Ἀλλὰ
736 3767 902 3818 ταῦτα
951 3763 1088 3818 κατὰ
1146 3761 1487 3840 ἀνθρωπίνην
1543 3763 1717 3839 κρίσιν
1754 3808 1766 3822 .
1820 3765 1884 3822 Ei

265 3846 311 3902 δὲ
376 3871 454 3913 τις
521 3852 669 3928 πρὸς
734 3853 834 3921 τήν
917 3851 1062 3906 θείαν
1134 3846 1487 3925 ἀποϐλέψειεν
1558 3852 1885 3927 ἀγαθότητα,

263 3935 370 3992 οὐδὲ
417 3942 565 3995 ταῦτ’
626 3942 685 3995 ἃν
762 3938 891 4003 ἴσως
969 3938 1113 3995 εἴποι
1180 3938 1466 4011 ἀσυντελῆ.
1524 3941 1729 3997 Τούτου
1781 3946 1890 3998 τῶν

259 4029 520 4104 σκήπτρων
569 4032 903 4105 κρατοῦντος
935 4072 949 4097 ,
1007 4029 1097 4084 καὶ
1153 4028 1214 4084 τὸ
1271 4029 1685 4104 ἀχειρότευκτον
1743 4030 1893 4086 ἐκτύ-

259 4134 403 4189 πωμα
428 4122 525 4173 τοῦ
590 4122 852 4190 Σωτῆρος
900 4119 1137 4194 Χριστοῦ
1182 4118 1246 4172 τὸ
1292 4119 1436 4173 θεῖον
1484 4118 1888 4195 χειρόμακτρον

261 4202 499 4278 ἐκομίσθη
554 4207 697 4280 πρὸς
724 4207 822 4275 τήν
856 4206 1281 4283 προκαθημένην
1319 4210 1427 4261 τῶν
1483 4204 1722 4265 πόλεων.
1755 4209 1892 4285 Εἶχε

264 4294 341 4365 μὲν
390 4296 485 4372 γὰρ
542 4296 687 4357 τὲως
742 4297 904 4351 τοῦτο
956 4298 993 4366 ἡ
1041 4293 1257 4353 Ἔδεσα·
1310 4297 1345 4365 ἡ
1396 4292 1454 4351 δὲ
1492 4294 1697 4351 ἁλῶναι
1746 4297 1893 4372 παρὰ

261 4386 349 4436 τῶν
417 4384 708 4458 Ῥωμαίων
781 4382 1227 4460 πολιορκούντων
1303 4383 1470 4453 αὐτὴν
1536 4382 1889 4454 ἐκινδύνευεν,

262 4474 587 4547 κατεχομένη
638 4472 785 4545 παρὰ
836 4473 1149 4550 ’Δγαρηνῶν
1188 4493 1201 4508 ’
1268 4469 1344 4527 ’ίν’
1400 4470 1491 4527 οὖν
1569 4473 1791 4551 φύγοιεν
1839 4475 1892 4529 οἳ

263 4556 514 4629 Ἐδεσηνοὶ
564 4560 667 4630 τὴν
716 4560 1061 4638 ἰκπόρθησιν,
1123 4560 1320 4636 λύτρον
1377 4561 1579 4633 ταύτης
1625 4562 1689 4616 τὸ
1749 4566 1889 4627 θεῖον

262 4647 505 4725 παρέσχον
562 4647 881 4731 ἰκτύπωμα.
932 4649 1179 4728 ’Ᾱφίκετο
1228 4646 1287 4704 δὲ
1328 4648 1453 4705 τότε
1494 4648 1545 4722 ἐξ
1600 4650 1890 4724 Ἀρμενίας

1995 3767 2324 3822 demerunt.
2394 3767 2543 3822 Tum
2593 3766 2768 3823 etiam
2834 3784 2905 3822 ex
2944 3769 3221 3824 Armenia
3267 3786 3474 3825 venere
3518 3771 3634 3827 duo

1997 3854 2393 3912 adolescentes
2424 3856 2698 3921 concreti,
2731 3873 2985 3926 quorum
3016 3856 3199 3913 altero
3231 3863 3636 3928 mortuo,cum

1999 3944 2208 4000 medici
2231 3961 2444 4000 nexum
2479 3945 2891 4014 resecuissent,
2925 3946 3073 4002 alter
3102 3961 3331 4018 quoque
3380 3946 3527 4002 nihil
3577 3962 3647 4003 ea

1998 4049 2059 4089 re
2088 4033 2347 4104 adjutus,
2371 4049 2478 4089 nec
2508 4033 2608 4089 diu
2640 4033 2806 4090 fratri
2837 4039 3157 4107 superstes,
3190 4036 3646 4103 obiit.Quemad-

2000 4123 2241 4179 modum
2272 4127 2571 4179 Romanus
2603 4124 2729 4180 sine
2764 4121 2881 4180 ullo
2904 4125 3070 4195 justo
3110 4125 3279 4182 titulo
3328 4125 3643 4197 imperium

1999 4211 2111 4268 sibi
2155 4211 2495 4276 vendicarit,
2542 4228 2801 4284 suosque
2848 4212 3062 4269 liberos
3111 4212 3488 4286 imperatorio
3535 4213 3641 4269 ho-

1999 4317 2140 4356 nore
2174 4305 2230 4356 et
2258 4300 2494 4356 nomine
2523 4301 2765 4367 ornarit,
2811 4306 2868 4356 et
2898 4302 3158 4374 principe
3206 4304 3328 4359 loco
3356 4319 3489 4359 cum
3522 4302 3647 4360 suis

2001 4393 2302 4460 occupato,
2334 4388 2595 4443 nativum
2640 4388 2870 4462 imperii
2916 4406 3311 4447 successorem
3363 4392 3648 4446 Constan-

2002 4478 2215 4546 tinum,
2250 4475 2411 4533 nullo
2443 4494 2589 4549 pene
2620 4494 2863 4534 numero
2898 4478 3193 4546 habitum,
3227 4479 3379 4535 infra
3409 4485 3650 4537 caeteros

2003 4583 2210 4623 omnes
2235 4565 2553 4637 collocarit,
2583 4567 2709 4638 jam
2742 4571 2832 4623 est
2880 4583 2913 4623 a
2960 4584 3051 4623 me
3100 4568 3452 4640 expositum.
3483 4571 3652 4624 Nunc

2003 4660 2209 4712 cetera
2255 4658 2632 4727 exsequenda
2679 4660 2840 4726 sunt,
2895 4660 2960 4712 ut
3006 4658 3374 4722 ostendatur,
3420 4654 3653 4712 etiamsi

1529 4824 1734 4887 Variae
1764 4827 2062 4890 lectiones
2091 4835 2153 4889 et
2185 4834 2374 4890 notas.

265 4965 341 5005 vos
362 4969 540 5033 secum
559 4955 756 5012 mullos
778 4955 1618 5033 ducentesﬁonslantirzopglim
1649 4963 1897 5030 regressi
1922 4965 1970 5030 D
2003 4966 2426 5020 commemorat
2464 4978 2794 5033 anonymus
2844 4963 3332 5032 Combeﬁsianus,
3384 4981 3443 5019 n.
3480 4963 3569 5030 44,
3601 4963 3659 5017 et

269 5026 583 5103 tumulati:
610 5044 749 5103 quos
787 5045 973 5103 omnes
1016 5032 1078 5086 in
1113 5026 1608 5103 praesentia’regis
1640 5026 1894 5103 Hdgonis

270 5098 453 5172 πυγμῇ,
480 5098 671 5172 altrici
697 5101 908 5157 scilicet
939 5104 1070 5168 mei,
1102 5098 1383 5158 decollari
1408 5098 1693 5172 praecepit.

332 5166 428 5237 (34)
486 5168 740 5247 Ἰωάννου
787 5175 884 5247 τοῦ
954 5166 1897 5247 ΚουρκούαχῌιῖοξὶηηὶείΟυτουω

274 5238 499 5314 Etenima
526 5244 980 5314 perstrinximus
1010 5238 1079 5302 in'
1099 5244 1355 5301 Familiis
1386 5244 1896 5312 Byzantinis,sect.

273 5305 347 5388 22,Ϊ
378 5305 681 5388 Historiam
724 5332 857 5388 vero
902 5324 960 5373 et
991 5334 1082 5372 res
1129 5319 1200 5372 ab
1252 5332 1338 5388 eu_
1364 5305 1643 5384 pr'eeclare
1699 5305 1897 5388 gestas

279 5384 387 5457 octo
422 5380 552 5457 libis
595 5387 933 5457 complexus
980 5397 1069 5445 est
1111 5380 1896 5457 Manueluprotospatharius

284 5452 543 5532 etjuiex,
577 5465 640 5512 ut
686 5452 894 5515 scribit
944 5476 1273 5532 anonymus
1322 5452 1785 5532 09-mbc_ﬁsianus
1840 5464 1899 5518 in

282 5521 511 5605 Romano
533 5521 859 5605 Lacapeno,
894 5549 951 5587 n.
987 5534 1073 5589 41.
1100 5521 1164 5588 Ἱε
1195 5528 1441 5605 Κροκόας
1486 5529 1704 5586 dieitur
1732 5537 1904 5589 Geor-

294 5598 378 5662 gio
403 5598 685 5657 Monacho.

356 5664 454 5738 (55)
482 5670 539 5726 ‘0
584 5666 643 5725 δὲ
687 5670 976 5735 Βασιλεύς.
1023 5675 1140 5732 Has
1190 5672 1591 5744 eleemosynas
1634 5671 1903 5744 pluribus

2009 5038 2163 5093 idem
2195 5034 2503 5107 Georgius,
2529 5052 2596 5107 An.
2628 5034 2841 5107 38,_39.

2075 5109 2189 5180 (36)
2239 5101 2873 5180 Kalvsia86mc.__llinc
2941 5107 3014 5161 ob
3063 5105 3479 5163 liberalitatem
3531 5104 3657 5159 lau-

2006 5176 2181 5235 datur
2211 5198 2244 5235 a
2276 5180 2654 5250 Liutprando,
2687 5176 2790 5232 lib.
2818 5194 2901 5245 m,
2931 5195 3057 5249 cap.
3089 5181 3144 5234 5.
3175 5180 3487 5248 lmperabat
3507 5191 3655 5250 puero

2005 5252 2091 5306 his
2119 5247 2561 5321 (Achivisﬂunc
2610 5249 2867 5318 lemporis
2916 5247 3182 5306 memoria
3229 5247 3370 5305 satis
3417 5252 3465 5303 el
3500 5247 3660 5302 laude

2007 5323 2206 5392 dignus
2234 5325 2517 5379 Romanus
2549 5324 2873 5391 imperator,
2906 5323 3175 5391 liberalis,
3205 5322 3653 5392 humanus,pru-

2008 5390 2160 5463 deus,
2193 5412 2256 5450 ac
2284 5397 2426 5466 pius.
2463 5400 2537 5466 At
2580 5390 2893 5466 Gregorius
2936 5394 2995 5448 in
3046 5390 3177 5466 Vita
3207 5395 3265 5449 S.
3314 5390 3513 5446 Basilii
3552 5390 3658 5466 Ju-_-

2011 5459 2216 5533 nioris,
2254 5459 2309 5521 η’.
2341 5467 2431 5529 24,
2466 5465 2623 5519 hunc
2655 5459 3030 5535 parstringit,_
3065 5464 3138 5526 ὡς
3184 5467 3509 5535 χρυσομανῆ
3569 5459 3659 5535 καὶ

2013 5483 2216 5533 moris,
2254 5484 2309 5521 η.
2341 5482 2431 5529 ‘44,
2466 5482 2623 5519 nunc
2655 5482 3011 5534 persnrlnglt,
3065 5482 3138 5526 ως
3230 5482 3509 5535 ρυσομανη
3569 5482 3658 5515 και

2013 5535 2328 5609 θηλυμανῆ,
2359 5535 2450 5590 καὶ
2494 5534 2589 5595 τὰς
2637 5537 2744 5588 τῶν
2799 5533 2983 5609 λιτῶνΔ
3012 5482 3389 5609 διαφθῇροντα
3433 5532 3658 5608 θυγατὲ-

2014 5559 2155 5608 υηΛυ
2205 5559 2328 5605 ανη,
2359 5559 2450 5590 και
2494 5559 2589 5595 τας
2637 5559 2744 5588 των
2800 5559 2964 5590 Λιτων
3012 5559 3389 5609 οιιφῠειροντα
3433 5559 3657 5608 υυγατε-

2014 5629 2132 5685 ρας,
2160 5559 2294 5665 licet
2324 5612 2531 5685 elateri}
2572 5612 2730 5685 esset
2777 5605 3179 5685 φιλομόναχος,
3231 5608 3385 5685 qugd
3428 5610 3657 5678 postre-

2015 5678 2177 5737 mum
2213 5685 2465 5737 testatur
2493 5678 3151 5753 Georgius'monachus,
3182 5678 3362 5737 n.'58.
