4156 6214
435 334 514 395 99
1782 313 2109 377 JOANNIS
2154 315 2502 380 ΖΟΝΑΒΛΕ

3729 323 3851 387 100

434 460 804 522 Providentia
832 455 1059 513 tardius
1091 452 1328 510 invadat
1357 449 1627 522 injurios,
1657 463 1936 505 concesso
1962 464 2079 519 poe-

2198 449 2557 522 μειρακίσκων
2613 448 2740 514 δυὰς
2800 455 3101 527 συμφυῶν,
3155 456 3254 508 τοῦ
3312 453 3430 518 ἑνὸς
3483 451 3541 509 δὲ
3598 454 3852 521 θανόντος

436 551 696 610 nitentia:
729 547 940 620 spatio,
973 549 1168 600 tamen
1202 539 1313 596 nisi
1346 557 1380 595 a
1425 538 1649 594 malitia
1676 535 2080 606 discesserint,

435 642 595 697 lento
658 638 840 710 gradu
892 651 989 689 eos
1037 629 1272 700 assequi
1321 633 1376 683 et
1428 643 1630 698 pcsnas
1678 625 1926 697 exigere.
1964 625 2080 678 Ro-

437 746 650 786 manus
699 727 882 797 igitur
929 737 1149 777 annum
1187 720 1313 790 jam
1356 721 1584 772 sextum
1627 719 1684 770 et
1732 714 2077 769 vicesimum

434 816 830 889 imperitabat.
866 808 1282 868 Constantinus
1315 811 1508 862 autem
1559 820 1675 876 qua
1707 804 1935 858 ratione
1968 802 2077 857 im-

436 907 664 981 perium
717 915 1079 972 recuperare,
1123 896 1388 951 animum
1445 893 1502 948 in
1548 909 1754 947 omnes
1811 891 2080 946 versabat

432 979 649 1068 partes,
683 997 856 1061 utque
887 987 1035 1043 votis
1067 1001 1306 1056 compos
1355 983 1536 1048 ﬁeret,
1564 997 1666 1053 per
1711 981 1877 1046 alios,
1929 979 2080 1035 ﬁlios

432 1090 635 1140 contra
666 1085 887 1152 patrem
940 1074 1212 1138 concitat,
1264 1070 1351 1127 vel
1395 1087 1576 1126 unum
1612 1069 1803 1143 potius
1831 1068 2078 1140 Stepha-

431 1190 596 1229 num.
621 1171 766 1224 Nam
798 1164 1223 1222 Cnnstantinus
1259 1162 1478 1232 majore
1508 1159 1686 1214 animi
1737 1158 2078 1214 constantia

427 1260 765 1332 prmdictus,
795 1251 1242 1325 instigatoribus
1276 1267 1388 1305 non
1423 1249 1882 1320 obtemperabat.
1919 1245 2078 1301 Alter

427 1366 561 1405 vero
593 1346 768 1402 sociis
799 1343 1022 1408 ascitis,
1076 1356 1351 1412 agressus
1397 1342 1485 1394 est
1529 1342 1772 1408 patrem,
1826 1351 2078 1407 eumque

429 1435 942 1508 comprehensum,
976 1435 1031 1484 et
1073 1429 1131 1482 in
1182 1426 1433 1482 insulam
1473 1427 1681 1480 Proteu
1727 1425 2074 1495 relegatum,

431 1522 884 1594 tonderijussit:
913 1521 1032 1592 ipse
1061 1534 1193 1572 cum
1229 1517 1403 1572 afﬁne
1421 1520 1478 1571 et
1510 1515 1681 1570 fratre
1704 1513 2078 1585 imperatoria

429 1615 632 1671 munia
660 1611 821 1667 obiit.
853 1609 962 1664 Sed
994 1607 1117 1662 ﬁeri
1153 1623 1264 1660 non
1301 1608 1544 1676 poterat,
1578 1608 1641 1657 ut
1671 1607 1789 1657 tres
1829 1618 2073 1658 consen-

428 1705 607 1758 tirent
638 1720 650 1768 ;
679 1714 933 1769 cumque
965 1693 1267 1750 nonnullis
1295 1693 1354 1747 in
1408 1692 1583 1748 rebus
1631 1691 1987 1746 dissiderent
2018 1694 2076 1745 et

430 1790 677 1848 invicem
723 1789 1192 1850 adversarentur,
1246 1781 1684 1853 suspicionibus
1734 1780 1900 1846 ortis,
1950 1780 2074 1835 Ste-
2109 1818 2154 1882 Β

434 1881 662 1937 obanus
717 1877 949 1932 afﬁnem
996 1871 1447 1928 Constantinum
1497 1869 1708 1940 pellere
1741 1869 1989 1934 studuit,
2022 1875 2078 1924 et

429 1967 848 2027 Constantinus
877 1963 1136 2018 vicissim
1161 1961 1546 2032 Stephanum,
1581 1960 1679 2030 qui
1733 1959 1969 2030 quidem
2001 1958 2074 2013 ad

429 2075 552 2114 rem
587 2055 929 2129 patrandam
965 2051 1150 2106 multo
1181 2048 1622 2117 celerior,etiam
1651 2047 1866 2103 Helena
1899 2064 2077 2102 uxore

429 2149 730 2214 incitante,
765 2142 962 2199 ascitis
997 2139 1355 2213 quibusdam
1384 2137 1736 2192 militaribus
1767 2138 2074 2208 prmfectis,

429 2239 634 2293 ambos
684 2235 892 2288 fratres
941 2245 1142 2285 secum
1198 2227 1553 2300 prandentes
1614 2225 2074 2297 comprehendit,

433 2332 608 2397 atque
639 2323 890 2377 alterum
923 2319 1116 2374 strtim
1168 2317 1225 2370 in
1279 2315 1531 2370 insulam
1587 2314 1939 2370 Panormum
1973 2330 2074 2369 seu

432 2412 828 2486 Antigoniam,
881 2408 1129 2464 alterum
1179 2407 1237 2460 in
1293 2403 1712 2460 Terebintbum
1765 2404 1967 2469 mittit,
2019 2409 2077 2458 et

433 2509 752 2574 utrumque
783 2497 1010 2554 tonderi
1034 2494 1694 2565 clericumjubet.Unde
1724 2509 1856 2548 cum
1889 2499 2076 2548 trans-

432 2591 656 2648 ferendi
705 2592 926 2654 essent,
969 2586 1030 2641 in
1080 2585 1264 2657 patris
1306 2584 1504 2638 venire
1549 2586 1928 2654 conspectum
1977 2583 2074 2637 de-

433 2683 789 2744 siderarunt,
845 2677 999 2731 I98
1050 2691 1197 2745 quos
1251 2690 1384 2728 cum
1435 2671 1532 2726 ille
1578 2671 1821 2726 vidisset
1863 2672 2078 2726 :Filios

432 2769 650 2840 inquit,
700 2767 885 2837 genui,
939 2769 989 2819 et
1032 2764 1224 2824 eversi;
1256 2763 1372 2832 ipse
1420 2777 1546 2815 vero
1593 2777 1680 2813 me
1725 2759 1794 2813 ad
1832 2761 2078 2814 nihilum

433 2853 1115 2925 redegerunt.Stephanus
1146 2851 1328 2922 igitur
1351 2849 1486 2904 inde
1516 2848 1573 2902 in
1609 2848 2076 2915 Praeconnesum,

432 2965 501 3002 ex
533 2963 597 3001 ea
629 2945 687 2998 in
721 2943 1022 3011 Rhodum,
1081 2957 1149 2994 ex
1202 2939 1361 2994 Rodo
1415 2937 1670 3010 Mitylem
1715 2943 1804 2992 est
1833 2937 2078 2992 transla-

432 3041 551 3104 tus,
610 3031 992 3088 Constantino
1061 3027 1468 3084 Samothracia
1527 3027 1848 3099 assignata,
1899 3043 2074 3099 quam

435 3124 632 3197 egredi
661 3139 778 3178 non
827 3121 1044 3176 liceret.
1095 3118 1201 3184 Qui
1235 3133 1367 3172 cum
1402 3133 1553 3189 saepe
1603 3117 1802 3188 fugam
1837 3116 2078 3172 molitus

2191 545 2499 621 ἐτμήθη-ἦ
2555 538 2798 620 συμφυία
2853 542 3000 614 παρὰ
3052 547 3159 596 τῶν
3223 542 3441 617 ίατρῶνο
3503 541 3630 598 ἀλλ’
3690 542 3847 601 οὐδὲν

2187 639 2251 693 τὸ
2281 631 2602 710 περίλοιπον
2656 631 2854 704 ὤνησε,
2920 632 3109 705 μικρὸν
3163 629 3209 686 δ’
3243 627 3540 696 ἐπιϐιώσας
3570 637 3650 705 τῷ
3680 632 3852 690 ἀδελ·-

2190 732 2276 806 φῷ
2305 725 2549 783 κάκεῖνος
2605 720 2930 793 ἐξέπνευσεν.
2978 722 3161 782 Ὅπως
3215 722 3307 794 μὲν
3359 719 3449 776 οὗν
3498 725 3610 796 (37)
3670 721 3844 796 μηδὲν

2189 816 2336 887 αὐτῷ
2383 812 2761 888 προσήγουσαν
2815 810 2913 879 τήν
2963 808 3239 884 βασιλείαν
3287 811 3316 864 6
3362 812 3635 884 Ῥωμανὸς
3690 812 3850 891 ἐσφε-

2187 904 2455 980 τερίσατο,
2534 898 2622 954 καὶ
2699 897 2826 959 τοὺς
2901 897 3066 952 αὐτοῦ
3133 896 3328 962 παῖδας
3383 902 3484 969 τῆς
3547 898 3845 975 βασιλικῆς

2189 995 2388 1064 ἠξίωσε
2435 991 2604 1063 τιμῆς
2651 1009 2709 1042 τε
2748 987 2836 1041 καὶ
2887 986 3159 1058 κλήσεως,
3210 989 3301 1043 καὶ
3351 988 3502 1053 ὅπως
3531 990 3621 1043 καὶ
3655 990 3848 1045 ἑαυτὸν

2189 1081 2277 1137 καὶ
2339 1079 2464 1141 τοὺς
2536 1074 2731 1138 παῖδας
2817 1081 2923 1130 τῶν
3001 1075 3280 1151 πρωτείων
3352 1079 3573 1148 ἠξίωσε,
3643 1078 3734 1133 τὸν
3795 1076 3846 1132 δ’

2189 1171 2376 1246 ἐγγενῆ
2436 1174 2536 1237 τῆς
2621 1164 2899 1240 βασιλείας
2978 1162 3236 1241 διάδοχον
3286 1167 3376 1221 τὸν
3439 1169 3843 1223 Κωνσταντῖνον

2187 1257 2496 1314 πολλοστὸν
2569 1251 2716 1319 ἔθετο
2787 1253 3001 1308 πάντων
3077 1249 3453 1325 ὑποϐιϐἀσας,
3545 1254 3652 1326 ἤδη
3745 1278 3846 1329 μοι

2185 1347 2599 1423 προίστόρηται.
2633 1347 2790 1398 ’Ήκει
2823 1340 2881 1397 δὶ
2928 1347 3018 1396 νῦν
3059 1345 3086 1397 6
3145 1343 3316 1418 λόγος
3367 1347 3694 1419 προσθήσων
3747 1345 3844 1400 καὶ

2183 1437 2252 1491 τὰ
2303 1437 2444 1508 ἑξῆς,
2505 1432 2596 1488 καὶ
2658 1429 2866 1503 δείξων,
2926 1433 3000 1493 ὡς
3061 1430 3156 1486 κᾶν
3220 1429 3547 1508 βραδύτερον
3571 1431 3708 1497 ’ίσως
3745 1435 3844 1508 μὲ-

2182 1546 2321 1580 τεισι
2376 1522 2506 1584 τοὺς
2567 1519 2882 1582 ἀδικοῦντας
2925 1523 2960 1590 ἡ
3003 1519 3254 1592 πρόνοια,
3315 1521 3598 1594 μετανοίας
3649 1523 3844 1585 αὐτοῖς

2185 1613 2555 1686 ἐπιμετροῦσα
2601 1611 2811 1684 καιρὸν,
2864 1607 3010 1664 ἀλλά
3057 1629 3119 1684 γε
3167 1614 3264 1664 τοῦ
3308 1615 3477 1664 κακοῦ
3519 1612 3596 1682 μὴ
3630 1611 3843 1686 ἀπεχο-

2190 1704 2381 1776 μένους
2439 1699 2640 1773 μέτεισι
2689 1695 2945 1773 σχολαίῳ
2999 1695 3168 1766 ποδὶ,
3227 1698 3317 1753 καὶ
3377 1696 3527 1760 δίκας
3580 1699 3842 1776 εἶ’σπράτ-

2183 1812 2351 1846 τεται.
2386 1791 2550 1846 Ἤνυε
2609 1788 2700 1860 μὲν
2732 1787 2823 1840 οὗν
2857 1788 2883 1842 6
2915 1787 3192 1860 Ῥωμανὸε
3253 1787 3542 1863 αὐταρχῶν
3593 1789 3841 1844 εἰκοστὸν

2185 1878 2422 1934 ἐνιαυτὸν
2495 1877 2584 1931 καὶ
2655 1873 2834 1930 ἕκτον.
2910 1876 2971 1932 Ὁ
3046 1873 3105 1930 δὲ
3183 1881 3605 1945 Κωνσταντῖνος,
3683 1876 3839 1940 ὅπως

2185 1969 2359 2039 ἑωυτῷ
2440 1967 2540 2035 τήν
2632 1963 2907 2040 βασιλείαν
2989 1962 3402 2034 ἐπανασώσηται
3436 2010 3450 2034 ,
3545 1963 3840 2028 διαπαντὸς

2184 2054 2403 2134 ἔστρεφε
2459 2055 2594 2110 κατὰ
2649 2053 2796 2125 νοῦν,
2854 2053 2943 2107 καὶ
2999 2050 3092 2106 ’ίνα
3146 2053 3210 2108 τὸ
3263 2052 3445 2132 ἐφετὸν
3507 2053 3653 2126 αὐτῷ
3712 2052 3843 2110 δια-

2183 2147 2451 2220 πράξηται
2489 2187 2503 2211 ,
2573 2141 2642 2198 δι’
2721 2141 2914 2216 ἑτέρων
2986 2140 3254 2216 ἰπεγείρει
3333 2148 3412 2214 τῷ
3485 2144 3649 2220 πατρῖ
3703 2143 3840 2207 τοὺς

2184 2234 2335 2297 υἱοὺς
2365 2235 2498 2307 (38),
2548 2232 2582 2301 ἢ
2651 2230 2861 2304 μᾶλλον
2884 2231 2974 2285 τὸν
3019 2227 3112 2286 ἕνα
3138 2231 3230 2285 τὸν
3265 2230 3558 2310 Στέφανον.
3616 2234 3677 2290 Ὁ
3732 2233 3841 2308 γὰρ

2184 2327 2593 2382 Κωνσταντῖνος
2647 2321 3043 2394 σταθηροτὲρας
3100 2319 3379 2395 τυγχάνων
3449 2321 3678 2398 φρενὸς,
3733 2323 3840 2392 τὴν

2184 2406 2500 2487 προσϐολὴν
2535 2409 2596 2464 οὐ
2643 2411 2978 2485 προσήκατο.
3021 2409 3080 2465 Ὀ
3111 2409 3690 2484 προσεταιριεσάμενος
3745 2410 3842 2466 καὶ

2185 2499 2415 2569 ἄλλους⁹
2458 2498 2676 2554 ἆπὲθετο
2725 2502 2802 2569 τῷ
2857 2498 3044 2574 πατρὶ,
3101 2497 3192 2552 καὶ
3248 2499 3534 2574 κατασχὼν
3589 2499 3751 2554 αὐτὸν
3785 2499 3845 2555 ἰν

2181 2591 2252 2660 τῇ
2326 2590 2479 2660 νήσῳ
2560 2585 2628 2661 τῇ
2700 2586 2897 2662 Πρώτῃ
2969 2585 3280 2662 περιώρισε,
3367 2588 3456 2642 καὶ
3535 2587 3839 2665 ἀπέκειρεν,

2185 2677 2344 2738 αὐτὸς
2422 2673 2479 2731 δὲ
2541 2682 2642 2744 τῆς
2719 2674 3007 2751 βασιλικῆς
3063 2674 3452 2746 ἀντεποιήσατο
3511 2673 3839 2748 διοικήσεως

2186 2765 2278 2820 σὺν
2335 2770 2416 2838 τῷ
2472 2759 2704 2841 γαμϐρῷ
2778 2763 2868 2818 καὶ
2939 2768 3018 2835 τῷ
3091 2761 3332 2842 ἀδελφῷ.
3399 2763 3558 2821 Ἀλλ’
3610 2767 3708 2822 οὐκ
3764 2767 3837 2836 ἧν

2187 2857 2545 2933 ὁμοφωνῆσαι
2601 2853 2728 2915 τοὺς
2781 2858 2946 2929 τρεῖς.
2998 2854 3092 2908 Ἐν
3149 2873 3287 2907 τισιν
3343 2851 3434 2908 οὖν
3497 2851 3837 2931 διεφέροντο,

2184 2944 2273 2999 καὶ
2325 2941 2600 3015 ἀλλήλοις
2654 2941 2962 3017 ἀντέλεγον⁶
3021 2943 3300 2996 κάντεῦθεν
3351 2940 3638 3014 ἀλλήλους
3682 2945 3839 3000 ὑπώ-

2185 3054 2404 3099 πτευον,
2443 3032 2532 3087 καὶ
2575 3037 2909 3086 κατασπᾶσαι
2960 3037 3062 3100 τῆς
3116 3029 3395 3106 βασιλείας
3448 3032 3539 3086 τὸν
3588 3029 3839 3107 γαμϐρὸν

2185 3123 2277 3177 τὸν
2312 3125 2714 3178 Κωνσταντῖνον
2749 3121 2777 3175 6
2838 3120 3106 3196 Στέφανος
3159 3117 3249 3173 διὰ
3297 3117 3578 3196 φροντίδος
3610 3120 3838 3192 ἐτίθετο,

433 3194 608 3278 esset,
660 3226 845 3281 eaque
893 3209 964 3263 de
1015 3224 1194 3263 causa
1242 3207 1553 3262 custodum
1605 3205 1926 3278 principem
1976 3223 2073 3263 ve-

2190 3213 2277 3266 καὶ
2311 3212 2338 3264 6
2397 3214 2804 3270 Κωνσταντῖνος
2855 3194 3010 3270 πῦθ-ις
3067 3209 3158 3263 τὸν
3209 3194 3497 3276 Στέφανον.
3561 3209 3711 3267 Ἀλλ’
3767 3215 3840 3281 ἦν

432 3319 584 3358 neno
616 3297 980 3368 sustulisset,
1005 3315 1038 3351 a
1070 3295 1292 3352 caeteris
1323 3300 1410 3350 est
1442 3295 1802 3350 interfectus.
1824 3295 2075 3367 Stepha-

431 3408 543 3447 nus
592 3405 724 3445 vero
774 3389 832 3442 in
884 3387 1064 3441 Lesbo
1110 3385 1380 3454 decessit,
1431 3400 1564 3438 cum
1608 3400 1702 3438 x1x
1751 3401 1938 3439 annos
1995 3385 2074 3439 ibi

426 3479 685 3534 vixisset.
719 3481 891 3532 Pater
921 3491 1120 3530 eorum
1147 3474 1206 3528 in
1240 3472 1435 3527 insula
1466 3477 1634 3527 Prote
1655 3472 1829 3528 vitam
1864 3474 2072 3546 exegit.

427 3569 518 3623 Sic
549 3583 751 3623 eorum
785 3564 1036 3636 quisque
1066 3562 1354 3619 scelerum
1391 3579 1592 3634 pmnas
1624 3562 1803 3616 dedit.

2186 3300 2213 3354 6
2264 3303 2669 3359 Κωνσταντῖνος
2720 3297 2855 3372 πρὸς
2901 3297 2964 3350 τὸ
3007 3292 3161 3372 ἔργον
3209 3296 3457 3369 ὀξύτερος
3508 3297 3646 3352 πάνυ
3694 3301 3838 3374 πρὸς

2182 3392 2365 3460 τοῦτο,
2424 3387 2643 3455 καὶτῆς
2676 3384 2905 3459 συζύγου
2954 3386 3066 3456 (39)
3114 3383 3340 3454 Ἑλίνης
3393 3384 3838 3462 ἑπισπερχούσης

2185 3475 2366 3532 αὐτόν.
2429 3468 2886 3549 Προσλαϐόμενος
2940 3472 3122 3526 τοίνυν
3169 3472 3259 3528 καί
3317 3494 3465 3536 τινας
3516 3478 3622 3529 τῶν
3671 3497 3838 3552 στρα-

2180 3568 2449 3619 τιωτικῶν
2504 3561 2788 3638 ἀρχόντων
2843 3563 2956 3634 (40)
3029 3560 3260 3637 κατεσχε
3331 3561 3423 3616 καὶ
3480 3559 3644 3638 ἄμφω
3698 3563 3836 3627 τοὺς

428 3653 694 3734 ἀδελφοὺς
765 3655 1190 3727 συναριστῶντας
1264 3649 1433 3730 αὐτῷ,
1509 3648 1597 3704 καὶ
1684 3647 1872 3704 αὐτίκα
1942 3650 2034 3705 τὸν
2107 3652 2200 3726 μὶν
2257 3654 2332 3715 εἷς
2383 3653 2482 3720 τὴν
2538 3658 2698 3720 νῆσον
2755 3651 2848 3704 τὸν
2906 3650 3216 3725 Πάνορμον,
3274 3649 3309 3719 ἢ
3368 3651 3458 3704 καὶ
3520 3653 3835 3727 Ἀντιγονία

426 3741 663 3819 λέγεται,
737 3739 1097 3815 ἐξαπέστειλε,
1177 3740 1265 3794 τὸν
1345 3736 1402 3793 δὶ
1472 3737 1549 3800 εἷς
1618 3738 1716 3806 τήν
1790 3738 2135 3813 καλουμένην
2208 3737 2554 3818 Τερέϐινθον,
2619 3739 2708 3794 καὶ
2774 3738 3098 3814 κληρικοὺς,
3160 3738 3249 3793 καὶ
3301 3739 3467 3818 ἄμφω
3525 3740 3830 3817 ἀπέκειρεν.

422 3837 538 3892 Εἶτ’
594 3833 791 3896 ἐκεῖθεν
845 3837 1182 3906 μεταχθῆναι
1246 3826 1534 3902 μὲλλεντες
1610 3827 1874 3899 ἐζήτησαν
1951 3829 2026 3890 εἷς
2105 3827 2228 3906 ὄψιν
2288 3831 2462 3886 ἐλθεῖν
2517 3827 2598 3902 τῷ
2647 3831 2812 3903 πατρὶ
2871 3830 3006 3900 (41),
3067 3827 3157 3890 οὕς
3212 3825 3340 3883 ἰδὼν
3399 3829 3601 3892 ἐκεῖνος
3660 3830 3829 3886 εἶπενο

422 3921 581 3983 1⁴ἱοῦς
653 3920 909 3994 ἐγέννησα
980 3919 1071 3972 καὶ
1153 3917 1360 3990 ὕψωσα,
1439 3917 1594 3970 αὖτοῖ
1674 3917 1730 3970 δέ
1811 3938 1877 3989 με
1948 3919 2236 3990 ἠθέτησαν.
2310 3925 2542 3982 Ἐκεῖθεν
2616 3919 2706 3972 οὗν
2791 3919 2818 3972 6
2877 3918 2970 3989 μὲν
3034 3918 3304 3996 Στέφανος
3355 3917 3407 3972 ἐν
3468 3920 3836 3994 Προικονήσῳ

422 4009 782 4086 περιωρίσῦη,
814 4009 1053 4062 κάκεῖθεν
1087 4005 1162 4069 εἷς
1189 4003 1394 4073 Ῥόδον,
1445 4004 1547 4058 κάκ
1575 4005 1774 4076 ταῦτης
1806 4005 1882 4068 εἷς
1914 4007 2229 4080 Μιτυλήνην
2262 4007 2537 4082 μετετέθη⁴
2563 4013 2644 4080 τῷ
2703 4004 2760 4062 δὲ
2794 4007 3178 4079 Κωνσταντίνῳ
3203 4009 3240 4076 ἡ
3296 4007 3626 4080 Σαμοθρᾴκῃ
3677 4029 3834 4086 περι-

422 4102 656 4178 γραπτὸν
691 4098 897 4175 ἐγένετο
925 4098 1094 4173 δριον.
1127 4099 1223 4158 ¢'0:
1258 4094 1550 4170 ἀποδράναι
1585 4093 1881 4170 δοκιμάσας
1934 4097 2227 4169 πολλάκις,
2259 4101 2346 4154 καὶ
2381 4097 2469 4154 διὰ
2496 4103 2658 4154 τοῦτο
2687 4097 2956 4176 φαρμάκῳ
2979 4099 3068 4152 τὸν
3101 4097 3448 4174 πρωτεύοντα
3487 4102 3596 4153 τῶν
3651 4100 3840 4176 φυλά-

422 4211 531 4244 κων
563 4188 726 4243 αὐτοῦ
783 4186 1014 4257 ἀνελὼν,
1045 4186 1274 4260 ἀνῃρέοη
1309 4185 1454 4258 παρά
1505 4189 1612 4238 τῶν
1647 4183 1852 4244 ἀλλων.
1885 4193 1940 4241 Ὁ
1974 4185 2030 4242 δὲ
2081 4189 2349 4267 Στέφανος
2380 4189 2430 4242 ἐν
2466 4183 2657 4261 Λέσϐῳ
2687 4181 2915 4253 ἂπεϐίω,
2951 4183 3322 4242 ἐννεακαίδεκα
3353 4185 3624 4263 διαγαγὼν
3656 4187 3838 4243 ἐνιαυ-

422 4279 548 4340 τοὺς
583 4277 707 4353 παρ’
739 4276 895 4350 αὐτῇ.
927 4278 984 4334 Ὀ
1017 4273 1074 4330 δὲ
1102 4275 1308 4329 τούτων
1342 4275 1521 4351 πατὴρ
1552 4272 1602 4329 ἐν
1635 4279 1702 4349 τῇ
1738 4277 1933 4352 ΙΙρώτῃ
1965 4288 2062 4346 τήν
2100 4279 2242 4348 ζωὴν
2277 4277 2597 4354 ἐξεμέτρησε
2627 4279 2761 4351 (42),
2795 4277 2881 4331 καὶ
2915 4275 3056 4331 οὕτω
3096 4275 3302 4331 τούτων
3351 4273 3572 4332 ἕκαστον
3623 4280 3658 4347 ἡ
3708 4275 3834 4350 δίκη

427 4365 714 4440 μετῆλθεν.

1439 3916 1594 3970 αὐτοὶ
1674 3914 1730 3970 δὲ

1703 4493 1904 4554 Variae
1933 4493 2232 4556 lectiones
2263 4500 2325 4556 et
2353 4500 2539 4556 notis.

2255 4638 2368 4709 (39)
2400 4634 2498 4690 Καὶ
2547 4638 2645 4704 τῆς
2695 4633 2939 4708 συζύγον.
2979 4635 3087 4690 Sed
3141 4636 3468 4706 praesertim
3519 4637 3835 4709 cujusdam

2191 4709 2499 4773 Diabolini,
2534 4726 2566 4764 a
2597 4725 2710 4780 quo
2740 4709 2896 4763 initas
2929 4709 2986 4761 in
3022 4724 3084 4763 se
3113 4709 3540 4778 conjurationis
3564 4711 3842 4766 admoni-

2186 4787 2424 4933 fjjflsgit:
2457 4849 2614 4933 Καί--
2645 4869 2795 4933 τινας
2860 4851 2968 4902 τῶν
3055 4853 3461 4933 στρατιωτικῶν
3493 4849 3840 4933 βρχόχτων.

2187 4924 2304 4979 Hos
2346 4923 2526 4978 fuisse
2564 4923 2907 4978 Macedones
2956 4921 3164 4978 scribit
3198 4921 3744 4994 Liutprandus,lib.
3780 4941 3840 4994 ν,

494 4639 608 4711 (37)
639 4639 818 4698 Ὀπως
855 4635 948 4710 μὲν
972 4639 1132 4711 -νοῦν.Δ
1169 4636 1240 4692 Ut
1290 4637 1592 4711 Romanus
1641 4653 1674 4690 a
1720 4636 1876 4706 ﬁliis,
1910 4637 2074 4711 dein-
2107 4642 2153 4707 D

423 4709 678 4782 cepsque
734 4711 837 4765 ﬁlii
887 4727 919 4764 a
971 4709 1474 4782 Porphyrogenito‘
1524 4712 1750 4782 sceptro
1817 4709 1974 4763 exuti
2015 4709 2072 4763 in

425 4779 850 4838 monasterium
874 4781 1029 4838 tonsi
1064 4779 1301 4852 relegati
1335 4779 1844 4850 fuerint,pluribus
1877 4787 2078 4836 narrat

429 4856 837 4920 Liutprandus.
872 4871 924 4917 v,
959 4869 1063 4923 cap
1117 4853 1171 4906 9.

652 4997 656 4998 γ
705 4925 781 4998 Δι’
867 4919 1080 4998 ἒτὲρους
1172 4919 1432 4998 ἐπεγείρει
1523 4923 1601 4992 τῷ
1694 4921 1889 4998 πατρὶ-
1945 4920 2073 4983 τοὺς

426 4993 600 5056 otes;
638 4997 703 5050 At
735 4997 886 5050 hanc
918 4993 973 5050 in
1009 5000 1232 5065 patrem
1279 4993 1554 5065 ﬁliorum
1603 4993 2071 5063 conjurationem

423 5066 609 5121 inscio
640 5064 1022 5122 Constantino
1056 5068 1267 5120 factam
1302 5067 1506 5120 scribit
1537 5064 2072 5136 Liutprandus,lib.

423 5155 480 5199 ν,
532 5155 659 5208 cap.
712 5141 746 5191 9
781 5155 792 5191 :
828 5140 919 5192 His
969 5141 1155 5207 itaque
1207 5143 1441 5208 quatuor
1489 5139 1909 5206 imperantibus,
1959 5141 2075 5191 Ste-

422 5210 646 5281 phanus
676 5219 840 5279 atque
893 5211 1286 5264 Constantinus
1325 5213 1556 5281 fratres,
1611 5211 1895 5279 ignorante
1940 5211 2078 5263 Cun-

425 5279 668 5336 slanlino
698 5282 894 5337 Leonis
921 5282 1270 5351 imperatoris
1299 5280 1434 5351 ﬁlio,
1481 5279 1740 5334 adversus
1772 5283 2079 5336 Romanum

424 5355 636 5420 patrem
670 5369 826 5408 suum
853 5351 1104 5423 quantum
1134 5353 1317 5406 dolosa
1359 5351 1850 5407 machinabantur.
1910 5351 2078 5405 Taede-

427 5427 518 5480 bat
548 5429 695 5479 enim
725 5441 833 5492 eos,
865 5425 1039 5494 patris
1086 5425 1377 5478 sevcrifatc
1424 5425 1690 5493 opposita,
1741 5438 2081 5494 qua’runque

426 5496 632 5552 vellent
656 5499 838 5566 facere
867 5512 974 5551 non
1011 5496 1192 5549 livere.
1228 5495 1313 5548 Ita
1344 5495 1425 5549 illi
1480 5495 1662 5566 patris
1709 5495 2078 5550 severitatem

429 5570 770 5634 causabant,
793 5569 949 5640 quod
981 5582 1219 5621 rursum
1253 5582 1385 5623 mox
1418 5567 1626 5639 repetit
1659 5584 1671 5623 :
1700 5567 1819 5623 Non
1847 5569 2080 5638 ferentes

421 5641 602 5712 patris
620 5639 835 5713 justam
861 5639 1223 5698 severitatem.

2187 4996 2435 5052 can.10.

2258 5013 2712 5140 ἃδὶζῖξζήτησαν
2768 5061 2846 5140 εἷς
2901 5056 3024 5140 ὄψιν
3087 5059 3270 5132 ἰληεῖν
3328 5065 3424 5116 τοῦ
3477 5083 3729 5140 πατροςη
3768 5065 3845 5123 Ut

2185 5155 2319 5193 vero
2352 5154 2528 5208 quam
2565 5138 2748 5209 faceto
2780 5137 3094 5209 admodum
3129 5151 3397 5190 sermone
3443 5137 3668 5209 excepti
3710 5138 3843 5193 lue—

2189 5211 2305 5264 rint
2335 5206 2581 5281 a‘patre,
2615 5206 3070 5281 belle‘describit
3126 5208 3544 5281 Liutprandus,
3586 5206 3713 5281 cap.
3750 5211 3840 5266 11.

2261 5275 2525 5352 (42)’Τὴν
2581 5277 2724 5345 ζωήν
2779 5275 3117 5352 διεμέτρησε.
3171 5275 3335 5352 Illi—ns
3385 5295 3598 5352 corpus
3641 5275 3699 5336 in
3751 5299 3846 5336 ur-

2189 5350 2319 5406 bem
2373 5351 2664 5424 relatum,_
2698 5357 2754 5405 et
2786 5352 2842 5406 in
2871 5350 3247 5424 'mOnasterio
3293 5350 3537 5422 Myrelséi
3589 5353 3660 5408 ab
3711 5353 3844 5424 ipso

2189 5425 2472 5478 aadiﬁcato
2504 5421 2798 5486 sepultum
2833 5424 3100 5478 scribunt
3129 5421 3251 5485 alii,
3285 5421 3417 5476 uta
3446 5424 3617 5480 nobis
3647 5421 3845 5480 obser-

2186 5502 2388 5550 vatum
2441 5495 2500 5549 in
2552 5496 3035 5566 Constantinopoli
3080 5495 3312 5566 Christ,
3365 5496 3466 5550 ubi
3507 5511 3579 5552 ex
3619 5497 3844 5553 Codino

2189 5569 2305 5623 duo
2337 5568 2694 5622 monasteria
2723 5567 2778 5622 in
2809 5564 2950 5622 urbe
2971 5564 3262 5622 exstitisse
3294 5567 3560 5636 ejusdem
3593 5585 3842 5624 nomen-

2191 5639 2428 5696 claturte
2479 5654 2546 5695 ex
2593 5638 2810 5696 Codino
2859 5637 3191 5709 docuimus,
3266 5654 3519 5710 quorum
3586 5637 3840 5696 alterum
