4156 6214
402 325 522 389 {03
1743 315 2069 380 JOANNIS
2112 316 2455 379 ZONARE
3697 322 3814 383 104

399 457 656 530 segnior,
686 455 1028 526 iracundus,
1058 459 1115 512 et
1143 471 1328 511 saavus
1378 454 1436 509 in
1494 451 1926 522 delinquentes,
1982 448 2040 502 in

2189 452 2469 521 πιστημῶν
2531 445 2888 512 διδασκάλους
2965 447 3278 520 ἐπιστήσας,
3359 449 3448 505 καὶ
3525 449 3809 521 ἀναζωπυ-

400 546 589 619 poenis
621 544 926 600 sumendis
956 543 1354 607 inexorabilis,
1389 541 1506 595 vini
1539 538 1780 596 avidior.
1816 538 1879 592 In
1912 553 2048 592 con-

2191 538 2326 607 ήσας
2402 537 2758 601 ἐκλειπούσας
2831 537 3040 603 αὐτάς.
3125 539 3223 593 Καὶ
3296 543 3464 594 ταῦτα
3541 540 3634 613 μὶν
3701 549 3809 612 τῆς

399 634 655 690 ferendis
688 633 1152 704 magistratibus,
1187 648 1301 686 non
1331 630 1537 701 dignos
1579 627 1845 700 praeturis
1895 625 2048 681 aliis-

2189 626 2458 700 ρείττονος
2495 629 2688 701 μοίρας
2746 627 2933 700 ἐκείνῳ
2993 634 3220 703 προσῆν.
3283 628 3418 703 Πτρὶ
3474 625 3530 684 δὲ
3560 630 3658 700 τήν
3705 638 3808 700 τῆς

399 742 512 796 que
544 723 888 778 muneribus
936 721 1312 793 przsﬁciebat,
1357 720 1457 775 sed
1508 719 1705 773 minus
1757 717 1939 771 bonos
1981 732 2046 770 ac

2196 713 2436 777 ασιλείας
2495 714 2762 787 διοίκησιν
2832 716 3058 772 διέκειτο
3131 715 3539 792 μαλακώτερον,
3613 716 3810 796 δύσορ-

396 814 592 886 potius
623 812 942 883 improbos,
976 815 1032 865 et
1061 826 1205 881 quos
1256 807 1341 864 vel
1387 807 1727 880 imperatrix
1779 804 1863 860 vel
1895 803 2045 860 sacri

2190 804 2244 865 ός
2287 807 2398 877 (44)
2440 826 2499 860 τι
2551 806 2640 860 καὶ
2703 804 3004 881 βαρύμηνις
3060 812 3174 868 τοῖς
3234 807 3515 861 πταίουσιν
3567 809 3657 880 ἧν,
3716 809 3808 864 καὶ

397 899 648 957 cubiculi
697 897 1044 970 praepositus
1093 896 1341 952 Basiiius
1389 894 1901 959 commendabant,
1945 891 2044 964 qui

2190 892 2424 964 ὀλαστής
2474 895 2861 971 ἀπαραίτητος,
2915 893 3044 968 οἷ’νῳ
3083 917 3141 950 τε
3186 900 3282 951 τοῦ
3341 895 3640 973 αὐτάρκους
3690 897 3809 954 ἰκέ-

398 990 778 1061 magistratus
809 985 1040 1041 venales
1083 985 1397 1041 habebant.
1433 986 1518 1040 Ita
1549 984 1743 1048 ﬁebat,
1779 981 2042 1052 utimpe~

2189 1002 2332 1057 pato
2376 982 2611 1041 πλείονι,
2681 986 2778 1038 Καὶ
2849 983 3282 1060 ἀρχαιρεσιάζων
3338 984 3398 1039 οὐ
3447 985 3576 1048 τοὺς
3625 987 3809 1060 ἀξίους

395 1081 546 1134 rium
578 1093 690 1131 non
721 1075 780 1130 in
812 1074 1088 1130 omnibus
1120 1075 1264 1129 bene
1292 1073 1820 1128 administraretur.
1856 1072 2044 1142 Impe-

2189 1071 2337 1150 ρίστα
2378 1077 2497 1134 ταῖς
2547 1073 2914 1146 στρατηγίαις,
2972 1073 3006 1142 ἢ
3056 1079 3176 1135 ταῖς
3222 1081 3322 1142 τῆς
3363 1073 3644 1138 πολιτείας
3709 1077 3802 1152 ἀρ-

394 1165 572 1222 ratori
604 1168 799 1220 autem
833 1164 985 1218 I94
1015 1168 1247 1218 structae
1280 1167 1419 1217 sunt
1447 1161 1693 1230 insidiae,
1727 1160 1982 1232 primum
2014 1175 2047 1212 a

2189 1165 2305 1235 αῖς,
2346 1159 2490 1215 ἀλλὰ
2531 1159 2656 1222 τοὺς
2707 1163 3159 1238 μοχθηροτέρους
3207 1161 3297 1216 καὶ
3344 1160 3665 1236 ἀδοκίμους,
3714 1165 3810 1220 καί

397 1254 649 1311 cubiculi
682 1253 950 1325 praefecte
997 1251 1368 1324 Theophane,
1402 1251 1502 1322 qui
1545 1250 1763 1304 multos
1795 1248 2046 1303 habebat

2189 1247 2246 1312 ξςς
2277 1252 2310 1318 ἡ
2367 1247 2583 1325 βασιλὶς
2632 1250 2722 1304 καὶ
2775 1252 2802 1305 6
2847 1253 3342 1326 παρακοιμώμενος
3395 1253 3609 1328 εἰσῆγον
3639 1257 3810 1310 Βασίο

398 1343 684 1410 conscios,
720 1346 776 1397 et
805 1347 1133 1396 Romanum
1167 1358 1196 1395 e
1229 1341 1394 1395 Prote
1425 1340 1618 1395 insula
1669 1357 1680 1394 :
1728 1337 1939 1392 deinde
1973 1337 2043 1390 ab

2194 1360 2301 1400 ειος
2359 1341 2492 1413 (45),
2539 1339 2737 1402 ὠνίους
2787 1339 3092 1415 χρημάτων
3140 1340 3416 1414 τιθέμενοι
3463 1343 3558 1405 τάς
3604 1344 3803 1420 ἀρχάς·

399 1431 553 1496 aliis,
586 1430 687 1502 qui
718 1430 1082 1502 Stephanum
1116 1447 1184 1484 ex
1215 1429 1395 1484 Lesbo
1427 1429 1486 1482 in
1519 1426 1736 1500 regiam
1771 1426 2045 1481 reducere

2189 1427 2313 1483 Ἀλλ’
2345 1427 2488 1482 οὕτω
2549 1429 2642 1500 μὶν
2673 1429 2741 1483 τὰ
2794 1437 2894 1498 τῆς
2930 1428 3226 1502 βασιλείας,
3260 1430 3306 1485 εί
3337 1430 3425 1485 καὶ
3461 1433 3534 1504 μὴ
3572 1433 3622 1488 ἐν
3672 1439 3808 1488 πᾶσι

397 1520 781 1575 conabantur.
833 1518 940 1573 Sed
984 1519 1302 1590 imperator
1333 1523 1610 1589 utrasque
1641 1514 2043 1587 deprehendit,

2189 1515 2359 1585 αλὼς,
2427 1517 2776 1590 ᾠκονόμητο.
2839 1513 3161 1575 Ἐπιϐουλαῖ
3235 1522 3348 1592 (46)
3409 1518 3466 1575 δὲ
3517 1522 3654 1577 κατά
3704 1527 3809 1578 τοῦ

395 1626 461 1664 ac
491 1607 933 1664 insidiatoribus
963 1607 1252 1678 supplicio
1270 1606 1510 1675 aﬂ‘ectis,
1535 1603 2044 1685 imperiicupidis,

2189 1611 2475 1681 ρατοῦντος
2521 1605 2971 1679 έμελετήθησαν,
3027 1609 3061 1676 ἡ
3125 1609 3218 1680 μὲν
3278 1610 3426 1685 παρὰ
3478 1615 3574 1665 τοῦ
3626 1632 3810 1684 παρα-

392 1695 820 1769 diligentiorem
853 1677 1183 1751 custodiam
1229 1695 1499 1750 adhibuit
1548 1677 2046 1765 Turci’iUngaros

2189 1695 2504 1768 οιμωμένου
2533 1694 2858 1773 Θεοφάνους,
2889 1694 3137 1758 πολλοὺς
3185 1697 3273 1751 καὶ
3323 1695 3527 1762 ἄλλους
3560 1700 3810 1756 συνίστο-

393 1790 586 1840 autem
629 1785 715 1840 sic
754 1784 946 1839 vocari
1001 1802 1179 1856 supra
1227 1784 1504 1854 diximus)
1549 1783 1695 1838 alias
1753 1783 2046 1838 Romanas

2189 1807 2248 1847 ας
2307 1781 2554 1861 ἔχοντος,
2606 1785 2694 1840 καὶ
2758 1784 3100 1861 βουλομένου
3153 1787 3244 1841 τὸν
3274 1788 3550 1860 Ῥωμανὸν
3605 1787 3810 1846 ἐπανα-

391 1873 718 1947 provincias
767 1874 1066 1929 incursare
1116 1873 1292 1943 soliti,
1333 1875 1402 1928 ad
1447 1878 1678 1944 tempus
1710 1870 1889 1944 quieti
1923 1872 2044 1926 fue-

2191 1879 2333 1950 αγεῖν
2391 1873 2450 1927 ἐκ
2494 1880 2594 1943 τῆς
2656 1875 2885 1950 Πρώτης
2943 1876 3112 1944 νήσου
3182 1877 3258 1938 εἷς
3307 1876 3374 1930 τά
3424 1877 3710 1952 βασίλεια·
3767 1882 3807 1948 ἡ

391 1967 549 2020 runt.
583 1963 725 2018 Nam
759 1963 876 2017 dux
915 1979 1115 2018 eorum
1166 1961 1514 2034 Bologudes,
1545 1967 1602 2016 et
1635 1960 1815 2033 partis
1846 1961 2046 2030 cujus-

2189 1984 2212 2037 ξ
2268 1963 2394 2037 παρ’
2469 1963 2686 2038 ἑτέρων,
2747 1963 2837 2017 τὸν
2909 1963 3174 2040 Στέφανον
3235 1961 3296 2018 ἐκ
3350 1959 3559 2020 Λέσϐου
3617 1962 3812 2022 λαϐεῖν

392 2054 527 2108 dam
573 2053 844 2125 princeps
908 2051 1104 2124 Gylas,
1162 2053 1572 2124 imperatorem
1627 2052 2042 2119 convenerunt,

2189 2050 2592 2121 .ελετησάντων,
2671 2049 2760 2105 καί
2844 2052 3284 2121 ἀποκαταστῆσαι
3368 2058 3435 2128 τῇ
3526 2053 3808 2129 βασιλείᾳ.

392 2140 680 2212 amboque
725 2145 1098 2196 sacrosancto
1149 2140 1605 2212 regenerationis
1658 2139 1884 2194 lavacro
1932 2137 2043 2192 ini-

2189 2139 2328 2197 ἅλλα
2399 2139 2486 2194 καὶ
2563 2141 2728 2216 ἄμφω
2794 2140 2893 2200 τὰς
2959 2133 3256 2201 ἐπιϐουλὰς
3317 2140 3344 2194 6
3407 2147 3812 2205 Κωνσταντῖνος

390 2230 545 2295 tiati,
573 2235 629 2284 et
658 2229 889 2284 arcanis
915 2233 1124 2284 nostra:
1154 2227 1455 2300 religionis
1487 2227 1718 2291 imbuti,
1765 2244 1831 2282 ac
1863 2225 2042 2299 patri-

2189 2229 2432 2307 ρώρασε,
2491 2227 2580 2282 καὶ
2638 2226 2765 2291 τοὺς
2827 2228 2920 2300 μὲν
2982 2227 3300 2300 συνωμότας
3357 2227 3615 2297 ἐκόλασε,
3673 2230 3811 2293 τοὺς

393 2320 481 2376 cia
540 2317 824 2390 dignitate
871 2318 1080 2385 ornati,
1123 2318 1436 2388 onustique
1486 2317 1748 2389 pecuniis
1800 2316 1856 2370 in
1905 2333 2043 2371 suas

2189 2319 2212 2372 ὲ
2272 2314 2650 2394 βασιλειῶνες
2711 2316 2798 2370 ὑπ’
2859 2315 3254 2394 ἀσφαλεστέραν
3333 2313 3479 2372 ἔθετο
3547 2320 3809 2394 τήρησιν.

393 2409 562 2464 sedes
594 2378 911 2482 redierunt,
937 2378 1188 2461 adducto
1221 2378 1514 2478 pontiﬁce,
1539 2423 1639 2478 per
1666 2421 1838 2476 quem
1873 2404 2043 2458 multi

2189 2412 2266 2462 ὧν
2297 2378 2726 2481 Τούρκωνῧοὺς
2757 2402 3034 2482 Οὕγγρους
3086 2404 3130 2459 δ’
3185 2405 3329 2460 οὕτω
3386 2404 3668 2472 καλεῖσθαι
3713 2411 3813 2464 καὶ

393 2498 464 2552 ad
497 2497 595 2552 Dei
630 2495 1023 2567 cognitionem
1058 2498 1578 2575 perveneruntJAc
1598 2494 1770 2566 Gylas
1803 2494 2040 2566 quidem

2189 2496 2342 2570 τρώην
2421 2495 2738 2570 εἰρήκαμεν)
2808 2494 2876 2548 τὰ
2947 2493 3235 2567 Ῥωμαίων
3309 2493 3654 2568 ληϊζομένων
3712 2497 3807 2553 ἐπί

393 2587 453 2641 in
487 2585 597 2640 fide
629 2585 972 2655 permansit,
997 2600 1320 2656 pacemque
1351 2584 1619 2640 servavit.
1646 2583 1801 2639 Alter
1832 2584 2044 2638 findere

2189 2606 2272 2639 ινα
2317 2585 2502 2656 καιρὸν
2547 2585 2820 2658 ἠρεμῆσαι
2876 2583 2938 2636 τὸ
2987 2580 3138 2646 ἔθνος
3195 2577 3559 2655 συμϐέϐηκεν.
3609 2586 3670 2642 Ὁ
3699 2586 3808 2663 γὰρ

397 2675 551 2746 quod
585 2689 716 2728 cum
750 2673 864 2727 Deo
894 2672 1093 2744 icerat,
1128 2678 1299 2744 rupto
1349 2690 1515 2728 arma
1562 2673 1839 2728 Romanis
1882 2672 2035 2726 intu-

2189 2674 2357 2728 ούτων
2405 2672 2728 2748 ἀρχηγετῶν
2769 2669 3118 2746 Βολογουδῆς
3147 2670 3510 2744 κεκλημένος,
3558 2675 3646 2728 καὶ
3693 2671 3811 2730 ἕτε-

395 2762 484 2833 lit,
541 2762 816 2832 idemque
872 2766 1075 2815 contra
1155 2763 1403 2816 Francos
1442 2761 1649 2840 1,ﬁicere
1706 2777 2042 2832 aggressus,

2191 2786 2216 2817 ο
2248 2760 2294 2817 δ’
2349 2763 2499 2825 αὖθις
2553 2759 2750 2829 Γυλᾶς,
2803 2760 2892 2814 καὶ
2945 2759 3104 2824 αὐτὸς
3150 2760 3350 2836 μέρους
3380 2758 3591 2837 ἅρχων,
3624 2783 3801 2840 προσο

395 2855 603 2920 captus
634 2853 742 2914 est,
775 2854 832 2905 et
862 2849 920 2904 in
979 2866 1208 2904 crucem
1242 2845 1604 2922 actulelga
1636 2866 1868 2921 quoque
1903 2865 2046 2904 uxor

2195 2849 2390 2921 λθέτην
2443 2855 2522 2922 τῷ
2582 2847 2816 2926 βασιλεῖ’
2875 2849 2964 2903 καὶ
3020 2845 3246 2910 ἕκαστος
3295 2849 3470 2905 αὐτῶν
3502 2856 3598 2906 τοῦ
3654 2852 3807 2908 Θείου

398 2938 566 2995 ducis
612 2941 958 3008 Russorum,
993 2939 1090 3010 qui
1143 2941 1434 2993 Romanos
1483 2938 1668 2994 classe
1717 2938 2042 3006 infestaret,

2189 2948 2250 3010 ἧς
2324 2937 2735 3014 παλιγγενεσίας
2797 2936 3007 3012 ἤξιώθη
3086 2937 3343 3014 λουτροῦ,
3409 2939 3500 2994 καὶ
3568 2941 3631 2996 τὸ
3685 2943 3813 2996 καθ’

397 3028 672 3084 defuncto
722 3027 953 3092 marito,
1002 3044 1064 3082 se
1113 3029 1184 3082 ad
1234 3027 1641 3100 imperatorem
1679 3027 1945 3096 contulit,
1978 3043 2044 3082 ac

2198 3035 2300 3102 μᾶς
2368 3026 2578 3101 ἐμυήθη
2650 3029 2980 3102 μυστήριον,
3044 3026 3132 3081 καὶ
3207 3026 3490 3103 πατρίκιος
3564 3028 3807 3103 ἐτιμήθη

394 3117 689 3189 baptizata
720 3119 776 3170 et
817 3133 920 3187 pro
960 3117 1244 3187 dignitate
1277 3123 1542 3187 tractata,
1577 3118 1814 3173 domum
1847 3117 2052 3192 rediit”

2189 3118 2439 3192 κάτερος,
2484 3118 2570 3172 καὶ
2626 3115 3078 3186 κατηντλήθησαν
3152 3117 3426 3192 χρήμασι,
3479 3119 3568 3172 καὶ
3629 3118 3810 3182 οὕτως

393 3206 718 3278 Imperator
746 3209 964 3272 autem,
1001 3206 1280 3261 defuncta
1312 3224 1463 3262 nuru
1515 3224 1644 3275 sua,
1669 3207 1822 3279 regis
1863 3207 2040 3262 Fran-

2189 3205 2456 3276 πανῆλθον
2491 3205 2565 3266 εἷς
2594 3203 2660 3259 τὰ
2697 3202 2805 3274 ἤθη
2855 3203 2922 3258 τὰ
2967 3179 3206 3276 ἒαυτῶνξ
3246 3200 3506 3270 λαϐόντες
3558 3206 3648 3262 καὶ
3705 3209 3806 3280 ἀρ-

393 3312 593 3352 corum
637 3296 896 3368 Hugonis
937 3294 1076 3363 lilia,
1107 3297 1178 3352 de
1209 3296 1323 3352 alia
1354 3298 1471 3354 ﬁlio
1503 3302 1762 3354 Romane
1792 3299 2043 3369 despon-

2189 3297 2361 3373 Liepéa,
2409 3291 2478 3348 δι’
2527 3294 2588 3347 οὗ
2646 3290 2850 3348 πολλοί
2909 3293 3047 3367 πρὸς
3104 3292 3392 3369 ἐπίγνωσιν
3443 3300 3574 3350 Θεοῦ
3635 3317 3809 3369 μετη-

393 3385 584 3441 denda
613 3385 898 3457 cogitans,
956 3403 1192 3441 uxorem
1245 3387 1294 3442 ei
1347 3388 1447 3442 dat
1489 3388 1764 3459 puellam,
1799 3387 2044 3443 humilis

2189 3381 2623 3460 ἐχθησανύίΑλΥ
2674 3383 2701 3436 6
2749 3381 2843 3453 μὲν
2878 3381 3051 3445 Γυλᾶς
3092 3382 3179 3436 καὶ
3229 3386 3298 3456 τῇ
3357 3383 3533 3438 πίστει
3566 3383 3814 3458 ἐνέμεινε

392 3474 552 3530 illam
586 3474 821 3544 quidem
852 3474 1082 3545 generis
1131 3493 1196 3531 ae
1237 3476 1430 3548 potius
1461 3477 1680 3532 sordidi
1712 3478 1870 3548 (nam
1903 3494 2044 3532 cau-

2189 3475 2242 3528 αὶ
2291 3474 2388 3541 τὴν
2449 3471 2672 3546 εἰρήνην
2731 3469 3010 3545 ὶτήρησεν.
3073 3471 3134 3528 Ὁ
3181 3467 3238 3525 δὲ
3287 3471 3484 3535 λοιπὸς
3517 3473 3610 3536 τὰς
3668 3475 3812 3550 πρὸς

393 3563 644 3635 penibus
674 3568 802 3618 orta
833 3563 1158 3634 dicebatur)
1216 3566 1314 3620 sed
1368 3565 1555 3621 forma
1593 3567 1892 3638 praeditam
1928 3566 2043 3622 ele-

2189 3564 2281 3618 ἐὸν
2358 3562 2623 3630 συνθήκας
2699 3559 3004 3628 ἡθετηκὼς,
3083 3557 3237 3622 αὖθις
3316 3561 3450 3615 κατά
3517 3563 3810 3634 Ῥωμαίων

391 3651 760 3723 gantissima,
794 3655 850 3706 et
895 3657 1115 3707 naturae
1167 3653 1514 3710 miraculum
1562 3656 1883 3727 quoddam,
1917 3672 2043 3728 quis

2189 3650 2447 3721 ›πλίζετο,
2494 3654 2654 3704 τοῦτο
2705 3645 2761 3703 δὲ
2813 3647 2899 3702 καὶ
2947 3649 3081 3702 κατά
3111 3649 3380 3728 Φράγγων
3413 3654 3638 3716 ποιῆσαι
3686 3650 3815 3706 ἐπι-

389 3755 523 3795 cum
556 3741 863 3796 Anastasis
893 3742 1202 3812 diceretur,
1234 3744 1290 3798 id
1327 3762 1539 3800 nomen
1569 3744 1628 3800 in
1657 3744 2044 3817 Theophane-

2189 3744 2440 3819 _ezp1’,aac,
2485 3737 2632 3794 ἑάλω
2677 3737 2766 3793 καὶ
2815 3737 3188 3813 ἀνεσταύρωτο
3215 3737 3385 3795 ,ΙίΚαὶ
3443 3740 3472 3794 6
3517 3745 3612 3794 τοῦ
3667 3741 3810 3796 κατὰ

393 3845 524 3884 nem
556 3835 646 3884 est
673 3834 987 3885 mutatum.

2189 3829 2439 3903 Ρωμαίων
2499 3825 2892 3887 ἐκπλεύσαοτος
2949 3824 3083 3888 Ῥὼς
3151 3828 3264 3899 (47)
3339 3828 3551 3903 γαμετὴ
3603 3828 3805 3905 ’Ὲλγοι⁹

391 3921 486 3971 τοῦ
518 3916 826 3988 ξυνευνέτου
884 3916 1051 3986 αὐτῆς
1105 3917 1548 3993 τελευτήσαντος,
1606 3918 1886 3994 προσῆλθε
1937 3926 2014 3995 τῷ
2075 3920 2327 3999 βασιλεῖ,
2405 3916 2495 3972 καὶ
2563 3918 2939 3990 βαπτισθεὶσα,
2993 3914 3287 3989 τιμηθεῖσά
3350 3936 3410 3971 τε
3468 3918 3544 3980 ὡς
3605 3917 3812 3995 ἐχρῆν,

395 4007 803 4086 ὑπενό-σνησεκω
853 4008 1164 4084 Ἐφρὸντιζε
1237 4007 1294 4065 δὲ
1367 4012 1395 4065 6
1464 4010 1834 4088 αὐτοκράτωρ,
1913 4011 2022 4084 ἤδη
2099 4011 2363 4081 θανούσης
2429 4015 2528 4078 τῆς
2599 4011 2679 4078 τῷ
2747 4007 2852 4078 υἱῷ
2916 4005 3081 4061 αὐτοῦ
3158 4007 3425 4080 Ῥωμανῷ
3485 4009 3812 4085 συζυγείσης

396 4095 659 4171 θυγατρὸς
731 4101 827 4150 τοῦ
893 4102 1004 4152 τῶν
1077 4099 1343 4174 Φράγγων
1414 4101 1584 4176 ῥηγὸς
1660 4099 1908 4178 Οῧγωνος
1984 4102 2164 4179 ἑτέραν
2241 4099 2532 4175 ἀγαγέσθαι
2601 4097 2750 4167 αὐτῷ
2819 4095 3087 4170 γαμετὴν,
3161 4097 3249 4150 καὶ
3315 4097 3603 4166 συνοικίζιι
3657 4098 3815 4171 αὐτῷ

397 4183 590 4257 κόρην,
669 4183 845 4259 τύχης
929 4187 1024 4258 μὲν
1084 4194 1404 4264 χαμερποῦς
1455 4191 1488 4259 ἢ
1549 4189 1638 4245 καὶ
1697 4188 1925 4266 χυδαίας
1985 4191 2186 4247 εἶ’ποιεν
2234 4188 2294 4244 ἂν
2347 4208 2487 4248 τινες
2543 4186 2830 4259 (καπήλων
2859 4183 2961 4258 γὰρ
2994 4181 3215 4261 ἐκφῦναι
3245 4183 3446 4257 ταύτην
3476 4187 3718 4264 φασὶ)τὸ
3751 4185 3815 4244 δὲ

403 4270 542 4333 εἶδος
569 4273 1026 4348 εὐπρεπεστάτην,
1053 4277 1141 4332 καὶ
1176 4275 1425 4353 ἄντικρυς
1459 4276 1678 4355 ἄγαλμα
1709 4277 2034 4334 πλασθεῖσαν
2069 4279 2172 4334 ὑπὸ
2199 4282 2298 4344 τῆς
2347 4275 2575 4352 φύσεως,
2623 4271 2746 4344 ἤτις
2802 4272 3118 4329 Ἀναστασία
3164 4271 3504 4346 καλουμένη,
3555 4278 3817 4353 Θεοφανὼ

401 4381 811 4436 μετωνομαστο.

469 4451 638 4508 ΧΧΙΙ.
692 4457 858 4509 Anno
904 4454 1128 4527 imperii
1181 4457 1545 4513 Constantini
1587 4475 1685 4529 xu,
1723 4458 2052 4531 patriarcha

396 4541 867 4615 Theophylactus
901 4545 1172 4613 decessit,
1207 4547 1546 4618 pontiﬁcatu
1589 4547 1760 4602 annis
1795 4565 1857 4602 ιιι
1892 4554 1949 4603 et
1979 4566 2052 4603 xx

398 4630 654 4686 functus.
689 4632 832 4687 Nam
867 4634 1194 4690 sacerdotio
1234 4640 1435 4691 contra
1483 4653 1703 4692 morem
1756 4637 2045 4708 majorum

398 4719 596 4790 potius
625 4738 914 4778 annorum
949 4723 1060 4778 fuit
1090 4741 1183 4779 xVI
1218 4731 1613 4797 regnanteque
1643 4731 1827 4798 patre,
1860 4727 2048 4798 paeda-

2234 4458 2350 4512 KB'.
2383 4457 2526 4510 Ἔτει
2575 4449 2632 4506 δὲ
2675 4447 2963 4522 δωδεκάτῳ
3010 4456 3110 4520 τῆς
3160 4451 3560 4507 Κωνσταντίνου
3617 4452 3823 4529 αὐταρ-

2160 4544 2304 4620 χίας,
2362 4545 2390 4598 6
2446 4540 2792 4616 πατριάρχης
2850 4536 3232 4617 Θεοφῦλακτος
3290 4535 3521 4615 ἀπεϐίω,
3581 4541 3668 4597 ἐπὶ
3725 4537 3825 4609 ἔτη

2156 4633 2279 4707 τρία
2344 4633 2434 4688 καὶ
2500 4630 2671 4687 εἷ’κοσι
2748 4627 3207 4705 ἀρχιερατεύσας·
3285 4626 3565 4684 ἑκκαίδεκα
3629 4628 3686 4686 δὶ
3743 4631 3821 4700 ἦν

2159 4722 2435 4791 ἐνιαυτῶν,
2518 4719 2607 4776 ὅτε
2683 4721 2782 4788 τῆς
2861 4717 3276 4794 ἀρχιερωσύνης
3365 4717 3614 4794 ἀθέσμως
3693 4721 3824 4796 (48)

1679 4842 1881 4902 Variae
1921 4842 2222 4904 lectiones
2251 4847 2314 4902 et
2343 4847 2535 4901 notae.

402 4941 673 5020 corporis,
821 4945 1065 5002 Joannis
1097 4947 1584 5020 Chrysostomi'in
1617 4951 1843 5004 urbem.
1876 4950 2056 5004 Multa
2083 4951 2131 5016 Ι)
2162 4948 2279 5004 silii
2332 4946 2598 5020 meminit

403 5011 829 5091 etiam_stricta
865 5020 1136 5076 oratione
1185 5011 1585 5091 composuisse
1643 5029 1890 5076 testatur
1944 5021 2053 5076 hoc

404 5082 532 5164 loco
581 5083 856 5142 Zonaras.
891 5094 998 5164 _Ex_
1035 5093 1247 5159 quibus
1286 5082 1446 5164 patet
1475 5092 1735 5164 omnino,
1770 5094 2054 5164 Constan-

402 5158 591 5235 tinum
627 5173 741 5211 non
776 5162 946 5235 modo
979 5158 1158 5235 fuisse
1197 5158 1471 5218 omnibus
1506 5163 1832 5235 disciplinis
1862 5163 2056 5219 excul-

400 5230 720 5306 tissimum‘,
754 5231 854 5284 sed
903 5238 960 5287 et
1007 5232 1332 5289 litterarum
1367 5230 1828 5306 exstincta-pene
1859 5237 2057 5290 studia

402 5315 639 5379 rursum
691 5301 1077 5379 instaurasse,
1125 5307 1394 5377 virosque
1423 5301 1704 5379 eruditos,
1740 5308 2056 5379 propositis

401 5371 684 5449 praemiis,
713 5375 783 5428 ad
816 5392 882 5428 ea
913 5371 1314 5447 promovenda
1339 5378 1664 5449 impulisse.

473 5442 589 5522 (44)
619 5442 929 5522 Δνξσοφροςξ
948 5451 1156 5503 Contra
1186 5450 1360 5505 Grzeci
1396 5442 1529 5522 ipsi,
1563 5451 1715 5522 apud
1752 5449 2056 5521 Liutpran-

402 5512 540 5594 dum
571 5512 838 5594 inlegat.
875 5520 1266 5574 Constantinus
1315 5512 1632 5593 imp'erdlof,
1686 5521 1842 5577 homo
1884 5512 2049 5586 lenis,

401 5585 698 5663 ὑιῃιιίαιξο
726 5585 958 5646 manan
986 5601 1270 5663 perpetuo,
1301 5585 1410 5648 ete'.

475 5653 590 5728 (45)
648 5657 708 5715 Ὁ
764 5653 1265 5737 παρακοίμῶμενος
1335 5662 1639 5726 Βασίλειος.
1709 5665 1888 5724 Istius
1943 5663 2056 5721 Ba-

2655 4948 2934 5016 praeterea
2991 4941 3432 5016 Qonstantinus,
3483 4943 3556 4998 De
3601 4942 3826 5001 admin.

2165 5023 2296 5090 imp.
2331 5036 2459 5090 cap.
2491 5019 2558 5072 43
2589 5013 2764 5090 δι’ῦο,
2807 5019 2863 5070 et
2891 5013 3148 5070 Codinus
3181 5015 3241 5090 in
3293 5013 3454 5086 Orig.
3503 5032 3559 5090 n.
3611 5016 3700 5090 (50,
3752 5032 3832 5073 ex

2167 5084 2692 5168 quibus'decemur
2722 5089 2985 5168 domum,
3011 5102 3138 5168 qua;
3169 5084 3305 5168 eli_m
3334 5084 3574 5168 Asparis
3607 5088 3826 5168 fuerat,

2168 5157 2520 5235 possedisse.
2572 5160 2720 5214 Vide
2774 5157 3141 5213 Lambecium
3193 5158 3263 5212 ad
3313 5157 3586 5215 eumdem
3645 5159 3829 5215 Cedi-

2168 5251 2332 5290 num.

2236 5307 2350 5374 (46)
2408 5296 2750 5358 Ἐπιϐουλαί.
2813 5299 2986 5355 Istius
3055 5295 3828 5374 conjurationishmeminit

2165 5370 2528 5450 Anonymus,
2556 5377 2618 5450 in
2650 5374 2782 5450 Vita
2809 5376 3066 5450 S._l.u‘cae.
3091 5370 3462 5450 JUIllOFjg..p.

2235 5438 2358 5519 (47)
2381 5438 2524 5502 Κατᾶ
2554 5443 2843 5519 Ῥωμαίων
2873 5438 3266 5519 έσπλεύσαντος
3297 5438 3451 5506 Ῥώς.
3501 5448 3668 5517 Inger
3717 5459 3830 5514 ap-

2165 5513 2417 5592 pellatur
2446 5537 2475 5573 a
2508 5513 2890 5592 Liutprando,
2920 5513 2956 5567 l.
2989 5530 3046 5592 ιζ,
3078 5515 3214 5592 c._6.

2235 5594 2344 5661 (48)
2380 5585 2678 5660 Ἀθέσμωξ.
2717 5587 3104 5661 Liutprandus
3145 5586 3204 5661 in
3239 5585 3450 5661 _Legat.
3490 5603 3502 5642 :
3550 5589 3834 5661 Romanus

2164 5657 2464 5736 imperator
2517 5657 2709 5737 ﬁlium
2762 5674 2926 5718 suum
2980 5657 3436 5731 Thoaphylactum
3505 5657 3827 5716 eunuchum
