4156 6214
518 374 633 436 107

1851 368 2182 432 JOANNIS
2226 370 2566 432 ZONAIUE

3822 367 3947 433 108

517 503 839 575 imperator
864 502 1192 560 hausturns
1228 506 1376 573 erat,
1434 502 1624 560 toxico
1681 500 1833 558 clam
1891 501 2161 559 admisto.

2282 497 2443 561 αὐτὸς
2500 496 2549 554 δ’
2605 499 2666 554 ἂν
2719 497 2866 554 ἑάλω
2897 499 2924 553 ὁ
2953 496 3251 574 ταύαρχος,
3283 496 3336 553 εἷ’
3389 499 3465 572 μὴ
3494 500 3617 568 περὶ
3651 498 3813 557 αὐτὸν
3838 524 3946 559 συ-

519 593 631 648 Sed
687 607 776 659 eo,
827 608 962 647 cum
995 591 1080 646 illi
1111 592 1476 647 offerendum
1507 594 1685 661 esset,
1718 590 1839 646 sive
1869 589 2172 661 divinitus,

523 681 643 738 sive
675 680 934 747 fortuito,
969 679 1224 735 maxima
1252 697 1320 735 ex
1349 684 1511 752 parte
1567 680 1773 749 ell‘uso,
1828 683 1886 734 et
1943 679 2172 751 exiguo,

529 771 682 842 quod
740 771 1128 840 superfuerat,
1193 769 1404 824 hausto
1440 786 1452 823 :
1489 767 1792 824 doloribus
1829 769 2091 838 quidem,
2119 773 2177 823 et

526 859 852 916 terroribus
882 857 1273 930 periculorum
1308 874 1422 912 non
1455 857 1649 929 parvis
1678 862 1767 912 est
1782 857 2172 928 conﬂictatus,

526 948 653 1004 vitae
709 951 907 1002 tamen
975 945 1314 1011 discrimen,
1373 963 1734 1018 quamquam
1786 946 1940 1000 I96
2001 961 2173 1017 aegre,

527 1037 906 1093 evasit.Anno
937 1039 1129 1090 autem
1155 1035 1385 1106 imperii
1405 1035 1839 1106 decimoquinto
1864 1035 1919 1088 in
1944 1034 2174 1106 Olympi

529 1129 787 1180 montem
819 1140 1096 1195 egressus
1127 1127 1238 1189 est,
1273 1141 1374 1195 per
1403 1123 1655 1196 speciem
1715 1138 1841 1178 sese
1899 1123 2172 1194 precibus

523 1213 948 1270 monachorum
1004 1218 1208 1267 contra
1261 1219 1562 1283 Agarenos
1593 1213 1880 1281 armandi,
1915 1228 2049 1267 cum
2083 1227 2170 1267 re-

523 1319 660 1358 vera
690 1303 746 1357 id
779 1308 978 1373 ageret
1008 1301 1096 1372 (ut
1142 1301 1356 1369 ferunt)
1407 1306 1469 1356 ut
1527 1301 1892 1358 Theodorum
1951 1300 2172 1372 Cyzice-

516 1407 660 1448 num
711 1389 1063 1455 conveniret,
1097 1406 1231 1444 cum
1259 1405 1444 1461 eoque
1476 1390 1843 1460 deliberaret,
1877 1390 2170 1460 quomodo

518 1479 892 1552 Polyeuctum
929 1478 1184 1534 Ecclesia
1215 1478 1475 1550 pelleret.
1533 1479 1672 1533 Inde
1727 1479 1877 1533 male
1927 1478 2169 1533 affectus

516 1569 577 1624 in
610 1567 831 1640 regiam
867 1568 1036 1633 redit,
1065 1584 1168 1623 nec
1200 1567 1382 1623 multo
1415 1571 1546 1640 post
1575 1571 1663 1622 est
1695 1568 2024 1632 defunctus,
2051 1568 2172 1623 sive

517 1673 586 1713 ex
616 1656 962 1728 intemperie
993 1657 1277 1728 corporis,
1310 1657 1429 1710 sive
1461 1655 1697 1711 insidiis
1730 1655 1830 1709 filii
1882 1656 2166 1726 repetitis.

517 1746 674 1801 Vixit
703 1762 890 1802 annos
921 1745 1354 1817 quinquaginta
1385 1749 1658 1816 quatuor,
1707 1760 1940 1800 menses
1998 1745 2165 1799 duos.

518 1836 802 1908 Regnavit
859 1851 991 1889 cum
1043 1835 1212 1890 Patre
1269 1835 1474 1901 Leone,
1517 1834 1842 1889 Alexandro
1876 1839 2082 1905 patruo
2111 1838 2168 1889 et

515 1931 703 1981 matre
761 1941 945 1980 annos
1002 1923 1305 1990 tredecim,
1364 1940 1498 1978 cum
1560 1924 1860 1994 Lacapeno
1913 1928 2162 1994 tyranno

513 2014 720 2086 viginti
779 2029 899 2081 sex,
947 2017 1240 2084 postremo
1284 2010 1446 2068 solus
1477 2011 1810 2082 quindecim
1845 2028 1858 2065 :
1892 2017 1949 2066 et
1981 2028 2168 2082 usque

515 2105 585 2159 ad
623 2106 868 2158 mortem
903 2103 1070 2156 anxie
1103 2101 1380 2172 cogitavit
1401 2102 1472 2154 de
1490 2101 1832 2170 pontificatu
1857 2100 2166 2172 Polyeucto

513 2190 872 2262 abrogando.
905 2190 1108 2244 Fertur
1137 2196 1353 2255 autem,
1397 2187 1614 2257 aliquot
1645 2188 1850 2242 diebus
1878 2194 2009 2244 ante
2041 2189 2170 2258 ejus

515 2279 765 2344 obitum,
802 2283 975 2332 noctu
1010 2277 1228 2332 multos
1260 2276 1485 2348 lapides
1515 2292 1648 2331 cum
1685 2293 1896 2348 magno
1919 2278 2170 2332 stridore

517 2373 718 2424 contra
752 2366 1158 2438 imperatorios
1191 2365 1482 2421 thalamos
1522 2381 1649 2420 esse
1706 2365 1950 2420 delatos.
2005 2366 2168 2428 Quod

517 2473 650 2511 cum
684 2455 952 2526 pluribus
985 2455 1255 2510 noctibus
1285 2454 1466 2520 ﬁeret,
1501 2453 1910 2524 imperatorem
1953 2459 2166 2524 ratum,

517 2562 617 2600 eos
649 2545 720 2600 ab
754 2543 1094 2599 hominibus
1120 2543 1259 2614 jaci,
1294 2541 1510 2597 multos
1543 2542 1762 2596 circum
1791 2542 2008 2613 regiam
2073 2543 2172 2597 ob-

517 2638 844 2688 servatores
906 2633 1036 2702 ejus
1069 2631 1151 2686 rei
1182 2630 1499 2685 collocasse
1533 2647 1548 2686 :
1580 2630 1680 2684 sed
1716 2630 2006 2685 neminem
2040 2647 2170 2686 esse

516 2722 708 2777 visum
739 2737 772 2776 a
803 2736 916 2792 quo
963 2720 1334 2774 mitterentur
1364 2735 1377 2773 :
1411 2718 1567 2772 unde
1618 2718 2012 2774 existimatum
2071 2720 2170 2787 sit,

519 2826 633 2864 non
669 2809 789 2864 fieri
826 2807 910 2861 illi
944 2807 1306 2862 humanitus.

2283 589 2496 644 στάντες
2535 590 2588 643 οἱ
2643 588 2806 643 αὐτοῦ
2861 587 3202 662 θεράποντες,
3261 587 3351 642 καὶ
3402 595 3756 662 συνασπισμῷ
3810 591 3949 654 τοὺς

2281 677 2623 754 Ἀγαρηνοὺς
2670 678 3041 750 ἀπωσάμενοι,
3075 673 3253 731 ἄδειαν
3288 673 3562 753 παρέσχον
3599 682 3680 749 τῷ
3737 701 3939 755 στρατ-

2282 771 2400 841 ηγῷ
2429 763 2661 839 ἐμϐῆναι
2721 767 2795 827 εἰς
2824 767 2923 834 τῆν
2975 763 3307 840 στρατηγίδιο
3363 773 3590 840 τριήρη,
3638 767 3728 822 xui
3785 770 3938 825 οὕτω

2282 860 2493 932 φυγεῖν.
2554 855 2712 912 Ἀλλ’
2771 855 2879 929 οὐχ
2931 853 3072 908 οὕτω
3127 854 3215 909 καὶ
3272 859 3354 926 τῷ
3413 852 3590 930 Βάρδᾳ
3633 862 3800 928 Φωκᾷ
3851 864 3940 930 τῷ

2278 948 2385 997 τῶν
2445 943 2667 1019 σχολῶν
2723 941 3031 1016 δομεστίκῳ
3089 946 3430 1015 συνηντήκει,
3490 945 3556 998 τὰ
3612 945 3747 1017 πρὸς
3801 947 3941 1009 τοὺς

2280 1030 2448 1104 ἐῲους
2480 1033 2836 1108 Ἀγαρηνοὺς,
2899 1037 3236 1107 στρακηγικῇ
3289 1030 3347 1086 δὲ
3393 1031 3559 1108 τέχνῃ
3611 1034 3699 1088 καὶ
3741 1035 3941 1108 ἐμπει-

2283 1121 2371 1196 ρίᾳ
2447 1122 2572 1184 τοὺς
2645 1124 2780 1197 πρὸς
2861 1120 3098 1184 ἐκείνους
3173 1121 3454 1194 πολέμους
3539 1119 3938 1197 διατιθέμενος,

2280 1208 2440 1265 ἄστεά
2496 1232 2553 1264 τε
2609 1209 2796 1265 πολλὰ
2859 1209 3072 1265 ἐκείνων
3133 1209 3386 1287 ἀφείλετο
3418 1253 3432 1278 ,
3491 1211 3581 1264 καὶ
3637 1212 3705 1266 τὰ
3759 1234 3940 1289 προσ-

2276 1299 2511 1374 τυχόντα
2543 1298 2689 1354 λείαν
2719 1299 2940 1354 ἐτίθετο.
2969 1301 3037 1356 ’Ὁ
3093 1320 3153 1374 γε
3214 1301 3319 1371 μὴν
3373 1303 3470 1353 τοῦ
3506 1297 3775 1375 βασιλέως
3816 1303 3943 1366 υἱὸς

2277 1388 2557 1461 Ῥωμανὸς
2587 1387 2664 1450 εἷς
2723 1385 2914 1462 ἄνδρας
2966 1385 3073 1457 ἤδη
3131 1386 3306 1442 τελεῖν
3365 1385 3644 1462 ἤργμὲνος
3698 1388 3749 1460 ἐξ
3808 1391 3941 1467 ἆγεο

2277 1477 2470 1544 νείων,
2546 1476 2637 1531 καὶ
2717 1477 2793 1540 εἰς
2867 1477 3051 1530 ἑαυτὸν
3124 1476 3222 1543 τῆν
3281 1474 3521 1546 ἐξουσίαν
3577 1485 3930 1555 περιαγαγεῖν

2276 1566 2643 1638 ἱμειρόμενος,
2706 1559 3046 1620 ἐπιϐουλεύει
3105 1567 3172 1637 τῇ
3234 1566 3348 1635 ζωῇ
3375 1569 3472 1619 τοῦ
3530 1568 3757 1643 πατρὸς,
3791 1589 3942 1640 συμ-

2275 1654 2618 1729 πραττούσης
2675 1653 2823 1726 αύτῷ
2880 1653 2968 1708 καὶ
3021 1659 3123 1722 τῆς
3178 1661 3444 1728 γαμετῆς,
3504 1657 3594 1709 καὶ
3653 1657 3941 1730 φαρμάκῳ

2277 1739 2601 1816 δηλητηρίῳ
2640 1743 2738 1811 τήν
2791 1737 3090 1809 ἐπιϐουλὴν
3132 1741 3538 1810 συνεσκεύασαν,
3592 1743 3620 1798 ’ὀ
3675 1742 3939 1808 λαθόντες

2273 1831 2622 1906 καθαρτηρίῳ
2692 1831 2901 1903 πόματι
2972 1831 3348 1903 συνὲκὲρασαν,
3410 1830 3542 1903 ὅπερ
3601 1829 3836 1904 ἔμελλεν
3905 1836 3938 1889 ὁ

2275 1919 2626 1993 αὐτοκράτωρ
2656 1925 2819 1976 πιεῖν.
2879 1920 3040 1993 Ἀρτι
3067 1916 3123 1972 δὲ
3167 1917 3394 1986 δοθῆναι
3431 1917 3636 1991 μὲλλον
3664 1921 3738 1983 εἷς
3767 1923 3936 1976 πόσιν

2273 2013 2353 2080 τῷ
2388 2008 2623 2083 βασιλεῖ,
2673 2003 2770 2062 εἴτ’
2802 2006 2860 2061 ἐκ
2916 2005 3196 2082 προνοίας,
3232 2003 3340 2060 εἴτε
3368 2008 3611 2082 τυχαίως
3641 2011 3702 2064 τὸ
3755 2008 3939 2065 πλέον

2278 2097 2560 2171 ἐκκεχυτο,
2610 2097 2674 2150 τὸ
2721 2093 2777 2150 δὲ
2842 2093 3187 2172 περιλειφθὲν
3249 2093 3442 2170 ὀλίγον
3495 2098 3575 2166 δν,
3633 2099 3718 2152 καὶ
3779 2101 3943 2174 παρά

2275 2190 2372 2240 τοῦ
2423 2184 2692 2260 βασιλέως
2743 2185 2926 2251 ποθὲν,
2988 2182 3204 2246 ὀδύναις
3268 2185 3361 2256 μὲν
3411 2185 3572 2239 αὐτὸν
3625 2187 3714 2241 καὶ
3746 2185 3940 2243 κινδύ-

2277 2297 2372 2331 νου
2421 2271 2612 2353 φόϐοις
2662 2277 2726 2330 οὐ
2789 2280 3005 2350 μικροῖς
3051 2270 3368 2349 περιέϐαλεν
3399 2318 3414 2342 ,
3470 2275 3532 2329 οὐ
3595 2278 3776 2348 μέντοι
3840 2279 3940 2334 καὶ

2277 2363 2522 2420 κίνδυνον
2554 2363 2802 2435 ἐποίησεν
2835 2363 2980 2436 αύτῷ
3031 2365 3154 2439 περὶ
3183 2365 3282 2432 τὴν
3317 2367 3485 2434 ζωήν.
3541 2365 3680 2426 Τέως
3739 2365 3784 2421 δ’
3838 2369 3939 2422 οὖν

2278 2453 2438 2508 αὐτὸν
2496 2451 2775 2529 δυσχερῶς
2833 2451 3174 2530 διαπέφευγε.
3231 2458 3319 2525 Τῳ
3367 2453 3830 2528 πεντεκαιδεκάτῳ
3884 2455 3943 2511 δ’

2279 2541 2507 2614 ἐνιαυτῷ
2558 2549 2657 2612 τῆς
2717 2542 2880 2597 αὐτοῦ
2936 2539 3214 2618 βασιλείας
3267 2541 3320 2596 ἐν
3379 2547 3459 2614 τῷ
3503 2541 3599 2597 τοῦ
3633 2543 3938 2618 Ὀλύμπου

2280 2627 2392 2705 ὄρει
2451 2630 2608 2694 οὗτος
2638 2629 2855 2703 ἐξῆλθεν
2890 2631 2918 2684 ὁ
2969 2627 3242 2706 βασιλεὺς,
3303 2628 3455 2705 λόγῳ
3518 2631 3610 2703 μὶν
3667 2633 3756 2686 ἳνα
3806 2640 3939 2696 ταῖς

2276 2724 2385 2774 τῶν
2436 2719 2546 2774 ἐκεῖ
2575 2720 2921 2792 ἀσκουμένων
2957 2718 3148 2794 εὐχαῖς
3177 2717 3570 2789 καθοπλισθείη
3624 2722 3759 2775 κατά
3817 2728 3937 2778 τῶν

2279 2807 2614 2884 Ἀγαρηνῶν,
2669 2813 2747 2879 τῷ
2806 2805 2852 2862 δ’
2901 2803 3038 2873 ὄντι,
3097 2805 3171 2868 ὡς
3199 2805 3436 2882 λέγεται,
3463 2805 3552 2862 ’ίνα
3580 2813 3659 2881 τῷ
3690 2810 3940 2879 Κυζίκου

517 2893 784 2970 Θεοδώρῳ
857 2892 1217 2969 συγγένηται,
1301 2893 1390 2947 καὶ
1476 2891 1625 2954 ὅπως
1692 2893 1783 2947 τὸν
1858 2892 2204 2949 Πολύευκτον
2283 2894 2528 2970 ἐξωθήσῃ
2587 2901 2688 2965 τῆς
2764 2893 3127 2965 Ἐκκλησίας,
3199 2895 3460 2969 σκέψηται
3538 2898 3652 2969 μετ’
3725 2897 3924 2957 αὐτοῦ.

516 2984 682 3046 Ἔνθα
739 2979 807 3061 δὲ
869 2983 1126 3056 γεγονὼς,
1175 2983 1354 3042 κακῶς
1427 2977 1570 3055 ἔχων
1649 2978 1944 3050 ἐπανῆλθεν
2021 2980 2095 3043 sic
2164 2983 2230 3037 τὰ
2290 2981 2554 3057 βασίλεια,
2615 2983 2704 3037 καὶ
2765 2985 2881 3054 μετ’
2937 2981 3138 3057 ὀλίγων
3195 2983 3293 3050 τὴν
3354 2984 3500 3052 ζωὴν
3551 2983 3938 3061 ἐξεμὲτρησεν,

515 3071 589 3133 ὡς
653 3071 746 3144 μὲν
792 3091 899 3125 τισι
971 3068 1140 3140 δοκεῖ,
1192 3075 1252 3124 ἐκ
1309 3066 1628 3143 δυσκρασίας
1669 3072 2008 3142 σωματικῆς,
2068 3071 2143 3132 ὡς
2199 3069 2246 3126 δ’
2303 3072 2506 3147 ἑτέροις
2553 3069 2850 3144 δοξάζεται,
2909 3071 2999 3125 καὶ
3059 3072 3210 3132 αὖθις
3273 3071 3376 3126 ὑπὸ
3407 3076 3504 3126 τοῦ
3535 3074 3655 3127 υἱοῦ
3711 3070 3948 3131 ἐπιϐου-

515 3159 748 3228 λευθείς,
783 3164 878 3214 Ἦν
926 3156 983 3213 δὲ
1043 3158 1337 3232 ὁρσύμπας
1389 3165 1489 3228 τῆς
1548 3160 1738 3234 βιοτῆς
1797 3159 1961 3230 αύτοῦ
2019 3159 2222 3235 χρόνος
2275 3161 2508 3216 ἐνιαυτοὶ
2562 3161 3172 3233 πεντηκοπατέσσαρες,
3232 3161 3318 3214 καὶ
3380 3157 3476 3214 δύο
3539 3169 3724 3234 μῆνες,
3783 3185 3945 3237 συμ-

519 3245 939 3310 ϐασιλεύσαντος
1169 3253 1250 3320 τῷ
1305 3248 1465 3324 πατρὶ
1513 3247 1695 3302 Λέοντι
1751 3246 1839 3302 καὶ
1900 3246 2244 3324 Ἀλεξάνδρῳ
2301 3254 2377 3321 τῷ
2427 3249 2554 3322 θείῳ
2601 3249 2690 3304 καὶ
2741 3253 2812 3322 τῇ
2875 3249 3040 3324 μητρὶ
3100 3243 3190 3318 ἔτη
3243 3246 3597 3323 πρισκαίδεκα
3629 3295 3643 3321 ,
3703 3253 3794 3306 καὶ
3855 3259 3948 3326 τῷ

521 3342 834 3409 Λακαπηνῷ
891 3339 1157 3410 Ῥωμανῷ
1213 3338 1309 3406 τῆν
1369 3334 1647 3411 βασιλείαν
1702 3335 1999 3409 ἁρπάσαντι
2055 3335 2146 3407 ἔτη
2197 3337 2249 3408 ἕξ
2309 3337 2394 3392 ἐπὶ
2471 3337 2662 3392 εἰκοσι⁶
2732 3339 3178 3411 μοναρχήσαντος
3247 3333 3305 3390 δὶ
3365 3336 3674 3394 τελευταῖον
3748 3341 3944 3396 ἐνιαυ-

521 3427 646 3488 τοὺς
697 3423 1094 3481 πεντεκαίδεκα.
1153 3428 1249 3479 Ἢν
1311 3423 1367 3479 δὲ
1413 3425 1500 3479 καὶ
1554 3427 1747 3501 μέχρις
1804 3420 2156 3487 ἀποϐιώσεως
2213 3425 2264 3480 ἐν
2318 3425 2506 3500 πολλῇ
2560 3425 2805 3503 φροντίδι
2859 3426 2958 3494 τὴν
3014 3429 3112 3480 τοῦ
3169 3424 3568 3501 ἀρχιποίμενος
3617 3428 3943 3502 καθαίρεσιν

522 3520 618 3570 τοῦ
676 3512 1022 3570 Πολυεύκτου
1076 3515 1373 3587 τιθέμενος.
1435 3513 1652 3590 Λέγεται
1727 3511 1784 3568 δὲ
1847 3513 1954 3589 πρό
2009 3535 2166 3568 τινων
2222 3517 2443 3590 ἡμερῶν
2501 3521 2599 3584 τῆς
2657 3517 2818 3568 αὐτοῦ
2873 3513 3130 3581 τελευτῆς
3185 3511 3371 3576 λίθους
3424 3516 3614 3577 νυκτὸς
3671 3518 3944 3592 φέρεσθαι

528 3606 662 3677 μετὰ
716 3602 900 3680 ῥοίζου
957 3601 1174 3658 πολλοῦ
1230 3603 1368 3658 κατὰ
1417 3606 1524 3657 τῶν
1586 3601 1749 3659 αὐτοῦ
1802 3601 2087 3676 Θαλάμων,
2144 3603 2234 3658 xui
2289 3608 2450 3658 τοῦτο
2509 3598 2818 3677 συμϐαίνειν
2879 3601 2967 3657 ἐπὶ
3024 3601 3249 3662 πλείους
3301 3600 3518 3675 νύκτας,
3577 3605 3666 3658 καὶ
3697 3608 3946 3677 νομίσαι

522 3695 616 3770 μὲν
685 3695 776 3748 τὸν
841 3691 1066 3767 βασιλέα
1144 3692 1288 3769 παρά
1362 3714 1522 3747 τινων
1590 3691 1889 3768 ἀνθρώπων
1968 3690 2456 3763 λιθολευστεῖσθαι,
2531 3691 2623 3748 καί
2681 3690 2932 3754 πολλοὺς
2998 3698 3316 3766 περιστῆσαι
3395 3697 3514 3754 τοῖς
3603 3693 3939 3769 βασιλείοις,

515 3786 600 3845 οἷς
632 3781 991 3857 ἐπιτετήρητο
1021 3782 1084 3836 τὸ
1111 3782 1418 3856 γινόμενον’
1455 3779 1582 3836 ἀλλ’
1613 3779 1784 3844 οὐδεὶς
1816 3780 1969 3860 ὤφθη
1996 3786 2104 3837 τῶν
2140 3783 2438 3856 ἀνθρώπων
2469 3781 2634 3847 λίθων
2667 3779 2936 3856 πομπεύς⁶
2971 3782 3088 3845 ὅθεν
3118 3778 3234 3835 οὐδ’
3262 3779 3313 3850 ἐξ
3343 3779 3640 3855 ἀνθρώπων
3669 3784 3730 3837 τὸ
3757 3779 3935 3860 ἴργον

511 3872 797 3946 νενόμιστο
823 3874 1168 3947 πράττεσθαι.

585 3963 776 4019 XXIII.
810 3963 1192 4018 Constantino
1215 3963 1284 4018 ad
1346 3963 1504 4017 hunc
1563 3962 1802 4017 modum
1861 3963 2230 4031 defuncto,C

512 4052 815 4107 Romanus
868 4050 1024 4106 ﬁlius
1071 4052 1198 4122 ejus
1229 4050 1543 4123 imperium
1576 4051 1846 4122 capessit,
1880 4051 1980 4122 qui
2015 4052 2160 4107 Puer

509 4140 837 4207 dicebatur,
870 4156 982 4194 non
1017 4141 1168 4211 quod
1205 4140 1413 4211 puerili
1464 4145 1631 4196 aetate
1700 4157 1876 4210 regno
1934 4141 2157 4211 potitus

507 4234 662 4286 esset
717 4231 855 4302 (jam
911 4229 1065 4284 enim
1121 4230 1211 4283 vir
1253 4231 1423 4300 erat),
1456 4230 1555 4285 sed
1591 4230 1659 4284 ad
1695 4229 2005 4285 discrimen
2044 4230 2153 4284 Ro-

506 4318 666 4373 mani
700 4318 788 4373 avi
820 4319 1090 4385 materni,
1124 4319 1283 4374 senis
1317 4322 1601 4390 provecta}
1641 4319 1847 4374 aetatis.
1905 4318 1958 4372 Si
2019 4318 2153 4390 quis

505 4412 702 4464 autem
761 4424 898 4464 eum
947 4423 1195 4480 puerum
1241 4407 1462 4462 dictum
1497 4412 1663 4478 putet
1692 4407 1764 4462 ob
1797 4406 1972 4462 vitam
2005 4424 2152 4478 pue-

501 4497 687 4552 riliter
716 4503 930 4562 actam,
959 4497 1016 4551 id
1051 4513 1284 4568 quoque
1318 4497 1580 4552 moribus
1613 4497 1740 4567 ejus
1798 4500 1888 4550 est
1945 4513 2150 4552 conve-

501 4587 961 4643 nientissimum.
1021 4590 1324 4657 Sceptrum
1384 4601 1585 4641 recens
1644 4585 1906 4657 adeptus,
1961 4585 2146 4639 filium

497 4693 672 4732 suum
708 4676 988 4732 Basilium
1021 4676 1350 4730 diademate
1382 4679 1438 4730 et
1480 4674 1855 4746 imperatorio
1914 4673 2147 4729 nomine

2342 3962 2456 4019 Kl".
2509 3960 2670 4017 Καὶὸ
2733 3961 2829 4034 μὶν
2888 3961 3291 4020 Κωνσταντῖνος
3344 3963 3440 4013 τοῦ
3492 3957 3937 4028 ἐπικλωσθέντος

2266 4051 2412 4120 αύτῷ
2475 4050 2632 4123 μίτου
2692 4050 2941 4126 ῥαγέντος
2998 4053 3093 4104 τοῦ
3151 4049 3447 4124 ὁρισθένιος
3498 4050 3648 4122 αύτῷ
3706 4052 3928 4126 χρόνου

2264 4143 2363 4202 τῆς
2400 4141 2611 4214 βιοτῆς,
2666 4141 2740 4204 ὡς
2797 4135 3028 4215 εἷ’ρηται,
3085 4134 3318 4194 ἀπεϐίω.
3375 4139 3436 4196 Ὀ
3496 4140 3613 4200 υἱὸς
3661 4136 3718 4194 δὲ
3748 4140 3935 4198 αὐτοῦ

2263 4229 2561 4300 Ῥωμανὸς,
2613 4230 2670 4290 ὅς
2729 4229 2816 4283 καὶ
2875 4225 3097 4282 Παιδίον
3156 4225 3392 4301 ἐλέγετο,
3451 4234 3552 4297 τῆς
3610 4229 3932 4306 αὗταρχίας

2262 4315 2581 4388 ἐπείληπτο.
2612 4315 2829 4372 Παιδίον
2865 4314 2908 4372 δ’
2937 4315 3176 4392 ἐλέγετο,
3235 4315 3342 4391 οὐχ
3397 4315 3480 4371 ὅτι
3517 4314 3780 4382 παιδικῆς
3839 4317 3931 4376 ὢν

2259 4404 2482 4476 ἡλικίας
2533 4413 2632 4476 τῆς
2693 4405 2966 4482 βασιλείας
2995 4404 3281 4481 ἐκράτησεν
3343 4403 3470 4478 (ἤδη
3533 4407 3635 4480 γὰρ
3685 4404 3930 4483 ἀνδράσι

2259 4497 2620 4566 συντέτακτο),
2654 4494 2778 4550 ἀλλ’
2810 4492 3384 4565 ἀντιδιαστελλόμενος
3445 4494 3582 4567 πρὸς
3636 4497 3729 4549 τὸν
3797 4518 3929 4568 μη-

2257 4584 2567 4660 τροπάτορα
2617 4584 2894 4656 Ῥωμανὸν
2931 4628 2943 4652 ,
3003 4579 3131 4636 ὅντα
3187 4577 3496 4654 πρεσϐύτην
3552 4584 3642 4637 καὶ
3708 4585 3931 4660 ὑπερή-

2258 4673 2402 4728 λικα.
2440 4673 2500 4728 Εἰ
2561 4671 2617 4740 δὲ
2672 4694 2754 4735 τις
2788 4671 2930 4727 εἷ’ττοι
2988 4668 3206 4726 Παιδίον
3261 4671 3419 4726 αὐτὸν
3478 4671 3763 4736 καλεῖσθαι
3824 4673 3926 4730 ὅτι

2254 4760 2344 4816 xui
2373 4759 2748 4836 παιδαριώδης
2780 4763 2845 4829 ῆν
2869 4761 3016 4832 αὐτῷ
3046 4762 3080 4828 ἡ
3117 4761 3253 4828 ζωὴ,
3285 4759 3373 4814 xui
3397 4759 3556 4814 τοῦτο
3587 4765 3666 4832 τῷ
3696 4759 3925 4819 ἐκείνου

2253 4850 2371 4920 ἤθει
2426 4849 2870 4927 ἁρμοδιώτατον.
2933 4851 3088 4924 ’Δρτι
3148 4847 3204 4903 δὲ
3249 4853 3356 4902 τῶν
3407 4851 3696 4923 σκήπτρων
3747 4855 3926 4924 γενό-

2255 4961 2414 5012 μενος
2446 4939 2727 5014 ἐγκρατὴς,
2757 4940 2847 4994 τὸν
2881 4939 2993 4992 υἱὸν
3027 4937 3190 4992 αὐτοῦ
3215 4938 3303 4992 τὸν
3355 4937 3632 4993 Βασίλειον
3676 4949 3918 5014 ταινιοῖ,

2248 5030 2338 5084 καὶ
2396 5027 2647 5099 κλήσεως
2711 5025 2998 5103 βασιλικῆς
3063 5027 3240 5097 ἀξιοῖ·
3303 5028 3433 5081 Εἶτα
3491 5029 3580 5082 καὶ
3648 5025 3918 5104 δεύτερος

2247 5118 2393 5190 αύτῷ
2445 5116 2640 5193 ἐτέχθη
2693 5118 2808 5178 υἱὸς
2861 5115 2947 5170 ἐπὶ
2977 5119 3056 5188 τῷ
3110 5116 3318 5187 πάππῳ
3352 5118 3738 5188 Κωνσταντίνῳ
3801 5122 3916 5189 τήν

2245 5207 2444 5276 κλῆσιν
2503 5205 2714 5280 λαχών.
2765 5205 2937 5268 Αὐτὸς
2990 5205 3084 5277 μὲν
3141 5204 3233 5258 οὖν
3275 5205 3302 5258 ὁ
3334 5206 3613 5278 Ῥωμανὸς
3667 5215 3917 5284 τρυφαῖς

2243 5297 2329 5349 καὶ
2377 5293 2730 5364 ἡδυπαθείαις
2771 5291 3022 5366 ἐξέδωκεν
3073 5293 3282 5363 ἑαυτὸν,
3331 5292 3420 5346 καὶ
3473 5291 3914 5371 ἐκδεδιῃτημένῃ

2244 5387 2378 5459 ζωῇ,
2419 5384 2508 5439 καὶ
2556 5381 2782 5457 ἀνδράσε
2825 5384 2986 5450 συνῆν
3037 5378 3453 5457 διεφθαρμένοις
3509 5403 3566 5436 τι
3623 5381 3713 5437 καὶ
3777 5383 3913 5439 λοι·

495 4770 685 4820 ornat.
718 4767 825 4821 Sed
859 4771 915 4820 et
944 4765 1113 4820 aliter
1138 4765 1186 4820 ei
1217 4764 1374 4820 ﬁlius
1407 4768 1580 4819 natus
1611 4768 1720 4828 est,
1755 4763 1843 4818 cui
1878 4763 1966 4818 avi
1997 4766 2144 4819 Con-

494 4854 737 4908 stantini
773 4872 983 4910 nomen
1016 4853 1247 4910 indidit.
1285 4854 1412 4925 Ipse
1445 4853 1668 4909 deliciis
1716 4852 2143 4926 voluptatibus-

491 4957 605 5012 que
636 4943 891 5009 deditus,
950 4949 1006 4998 et
1063 4942 1198 4996 luxu
1257 4943 1550 5012 difﬂuens,
1609 4959 1744 5017 cum
1802 4942 2142 4999 hominibus

490 5031 781 5102 corruptis
839 5036 896 5085 et
949 5031 1360 5103 pestilentibus
1415 5031 1594 5086 vitam
1655 5031 1880 5102 agebat,
1942 5046 2134 5086 rerum

487 5119 998 5174 administratione
1028 5121 1335 5192 praeposito
1403 5124 1460 5174 et
1537 5119 1790 5174 cubiculi
1868 5120 2137 5190 przefecto

487 5209 711 5281 Bringaa
742 5209 996 5279 Josepbo
1025 5210 1321 5264 mandata.
1359 5208 1719 5279 Nicephorus
1753 5208 1973 5262 Pbocas
2020 5225 2140 5262 ma-

483 5299 687 5369 gister,
722 5298 1080 5354 domesticus
1141 5297 1461 5368 legionum,
1523 5313 1653 5352 cum
1708 5297 1893 5367 justis
1950 5297 2134 5368 copiis

481 5391 682 5443 contra
736 5389 1038 5442 Cretenses
1096 5387 1416 5443 Saracenos
1473 5385 1734 5456 missus,
1793 5390 1850 5441 et
1907 5390 2129 5457 septem

1754 5555 1957 5617 Varite
1987 5555 2286 5618 lectiones
2315 5562 2377 5618 et
2407 5561 2595 5618 notae.

550 5689 661 5760 (50)
692 5682 1253 5759 Συμϐασιλεύσαντος.
1287 5691 1680 5746 Conferendus
1712 5689 2023 5764 Catalogus
2053 5690 2161 5763 im;

2270 5694 2471 5746 .torum
2502 5689 2743 5756 Codino,
2773 5688 2838 5745 de
2866 5688 3011 5744 orbis
3039 5687 3208 5757 orig.,
3243 5685 3567 5758 subjectus.
