4156 6214
233 391 335 453 H3
1497 388 1907 453 ANNALIUM
1951 389 2100 452 LIB.
2147 389 2309 452 XVI.
3491 392 3611 453 ηε

229 520 542 597 ὕφορώμενον
600 518 784 590 αὐτὸν,
842 520 921 582 ὡς
1004 519 1363 596 βασιλειῶντα
1391 565 1407 593 ,
1460 520 1847 601 κατεσοφίσατο

1968 523 2360 596 principatum
2390 521 2646 579 ﬁrmare.
2681 525 2823 577 Nam
2854 519 3086 577 comitis
3116 520 3444 593 cujusdam.
3476 521 3609 578 Bul-

229 609 366 667 οὕτω.
422 606 525 663 Σὺν
585 608 667 663 ἑνὶ
721 612 832 663 τῶν
891 609 1233 686 θεραπόντων
1302 608 1527 686 ἐσπέρας
1580 603 1847 667 κατέλαϐε

1965 611 2170 684 garicis
2202 615 2455 683 quatuor
2483 608 2610 665 filii.
2645 608 2846 676 David,
2878 609 3093 676 Moses,
3148 610 3338 665 Aaron
3395 614 3455 665 et
3505 610 3606 667 Sa-

225 701 305 767 τὴν
350 696 620 751 κατοικίαν
684 696 885 769 αὐτοῦ,
944 699 1034 753 καὶ
1111 697 1378 755 ἰδιαίτατα
1450 701 1542 755 τὸν
1611 699 1842 774 Βρίγγαν

1962 701 2135 766 muel,
2181 699 2463 772 Bulgares
2492 700 2563 754 ad
2598 698 2980 755 defectionem
3013 698 3429 755 sollicitabant.
3461 702 3603 756 Cum

225 780 542 861 παραλαϐὼν,
582 783 658 839 δι’
705 781 911 862 ἔρωτος
962 789 1094 843 εἶναι
1146 789 1294 862 αὐτῷ
1346 790 1452 862 πρὸ
1503 793 1713 865 μακροῦ
1742 790 1841 858 τὴν

1962 794 2155 846 autem
2185 789 2542 861 Nicephorus
2572 789 2797 844 Pbocas
2841 788 3085 843 domum
3144 804 3207 844 se
3263 787 3325 843 in
3382 789 3603 861 Cappa-

225 874 488 949 μοναδικήν
536 876 756 950 βιοτήν,
810 877 996 952 ὅρκοις
1055 872 1305 933 ἐϐεϐαίου
1356 880 1446 934 καί
1497 876 1842 951 παλαμναιο-

1961 879 2181 934 dociam
2228 876 2591 947 contulisset,
2642 876 2897 932 cubiculi
2929 877 3267 945 praefectum
3298 875 3356 931 id
3387 876 3438 933 ei
3466 893 3602 934 con-

218 964 371 1026 τᾶταις
422 964 601 1040 ἀραῖς,
664 964 754 1019 καὶ
812 963 987 1020 Πάλαι
1047 964 1109 1021 ἂν
1143 1009 1157 1030 ,
1215 960 1397 1042 ἔλεγε,
1450 967 1587 1043 πρὸς
1639 966 1838 1036 ταύτην

1959 968 2200 1023 cessisse
2231 965 2605 1038 pmnituit.De
2634 982 2700 1021 eo
2731 965 2916 1038 igitur
2944 967 3265 1022 amovendo
3287 964 3600 1037 sollicitus,

217 1056 481 1132 ὡρμήκειν,
544 1052 598 1107 εἴ
633 1055 711 1125 μή
776 1074 845 1126 με
869 1058 976 1109 τῶν
1039 1054 1309 1131 βασιλέων
1363 1058 1398 1126 ἡ
1458 1055 1674 1132 χρηστὴ
1702 1054 1838 1130 πρός

1959 1056 2157 1112 scribit
2185 1057 2256 1111 ad
2288 1055 2576 1111 Joannem
2606 1055 2949 1111 Tzimiscem
2990 1056 3359 1127 magistrum,
3414 1059 3474 1111 et
3528 1056 3600 1111 ad

216 1163 269 1217 με
331 1140 523 1217 ἐπέσχε
596 1139 838 1198 διάθεσις
872 1188 885 1202 .
946 1144 1034 1213 Μή
1116 1148 1247 1220 γοῦν
1327 1145 1497 1218 μάτην
1576 1144 1840 1200 ὑπόπτευε

1958 1146 2277 1202 Romanum
2296 1144 2580 1200 Curcuam
2600 1143 3297 1216 magistrum,utrumque
3311 1143 3599 1201 illustrem

209 1233 301 1287 κατ’
351 1231 481 1306 ἐμοῦ
517 1274 533 1301 ,
596 1230 677 1293 ὡς
749 1234 846 1302 τῆς
906 1232 1186 1309 βασιλείας
1257 1230 1437 1308 ἔρωτα
1496 1234 1833 1311 στρέφοντος

1955 1235 2008 1290 in
2061 1250 2124 1291 re
2183 1233 2424 1289 militari
2453 1232 2666 1303 virum,
2700 1236 2757 1290 et
2785 1232 3039 1289 Orientis
3069 1233 3280 1289 ducem
3313 1249 3327 1288 :
3361 1233 3413 1289 si
3444 1232 3596 1290 Pho-

207 1319 291 1395 ἐγὼ
356 1321 457 1395 γὰρ
534 1317 669 1375 ὅσον
725 1318 835 1392 ἤδη
912 1322 1004 1377 καὶ
1062 1326 1172 1377 τῶν
1246 1324 1581 1398 πραγμάτων
1639 1322 1835 1392 κέστή-

1951 1339 2075 1379 eam
2108 1322 2619 1395 comprehensum,
2652 1320 2738 1377 vel
2802 1320 3156 1377 monachum
3214 1322 3592 1391 totonderint,

209 1429 363 1481 σομαι.
418 1408 512 1464 Καὶ
557 1414 684 1473 τοῖς
737 1408 926 1487 λόγοις
975 1410 1157 1465 πίστιν
1207 1408 1409 1482 ἐδίδου,
1462 1407 1636 1481 δείξας
1685 1409 1833 1482 αύτῷ

1951 1412 2034 1470 vel
2092 1412 2238 1468 alias
2288 1429 2319 1467 e
2376 1410 2565 1467 medio
2621 1410 2993 1478 sustulerint,
3032 1409 3317 1467 Joannem
3347 1409 3592 1482 imperio

208 1496 342 1569 ῥάκος
384 1518 437 1552 τι
478 1496 763 1573 τρίχινον,
795 1499 824 1553 ’ὀ
853 1497 905 1554 ἐν
956 1503 1082 1575 ’χρῷ
1111 1498 1431 1576 περιέκειτο,
1461 1502 1531 1573 τῇ
1563 1496 1610 1553 δ’
1639 1495 1829 1571 ἔξωθεν

1950 1502 2243 1574 legionum
2308 1499 2562 1555 Orientis
2635 1503 2869 1571 accepto
2904 1540 2918 1566 ,
3002 1498 3393 1555 domesticum
3467 1498 3591 1556 fore

206 1584 340 1641 αὐτοῦ
387 1580 671 1661 περιϐολῇ
713 1588 1249 1664 κατακρυπτόμενον.
1300 1587 1530 1650 Τούτοις
1582 1593 1698 1650 τοῖς
1731 1586 1831 1644 λό-

1951 1587 2327 1646 Drientalium
2385 1587 2687 1660 copiarum
2722 1605 2735 1645 :
2769 1588 3094 1644 Romanum
3152 1603 3286 1644 vero
3310 1587 3592 1645 domesti-

203 1694 319 1749 γοις,
348 1673 434 1729 καὶ
462 1679 547 1747 τῷ
586 1676 834 1752 τριχίνῳ
882 1675 1150 1751 ἐσθήματι
1192 1678 1287 1733 τὸν
1334 1676 1830 1753 παρακοιμώμενον

1949 1695 2075 1735 cum
2108 1677 2443 1735 Occidentis
2471 1675 2843 1749 designatum
2876 1676 2968 1733 iri.
3000 1677 3113 1733 Eas
3141 1676 3366 1733 litteras
3397 1677 3467 1732 ad
3527 1693 3590 1734 se

205 1763 530 1837 συναρπάσας,
566 1762 707 1841 ἴσχε
733 1770 843 1821 τῶν
873 1763 1057 1821 ποδῶν
1089 1766 1253 1822 αὐτοῦ
1295 1763 1827 1843 προκυλινδούμενον

1947 1766 2199 1840 perlatas
2229 1769 2478 1839 uterque
2507 1765 2707 1822 Phocea
2739 1766 3080 1834 ostendit,et
3108 1766 3181 1821 ad
3212 1765 3588 1822 defectionem

204 1854 437 1921 ὸΦωκᾶς,
483 1852 579 1909 καὶ
645 1855 971 1931 συγγνώμην
1021 1854 1290 1913 αἰτοῦντα.
1338 1857 1439 1913 Καὶ
1490 1856 1519 1910 ὁ
1575 1853 1832 1931 βασιλεὺς

1945 1856 2126 1912 virum
2159 1856 2557 1912 exstimulant.
2577 1855 3098 1928 Tergiversanti,et
3121 1854 3243 1911 sive
3272 1871 3343 1911 ex
3370 1855 3586 1926 animo,

204 1938 523 2015 δὶΣτίφανος
580 1942 612 1998 6
677 1948 776 1997 τοῦ
829 1949 1160 2014 Λακαπηνοῦ
1210 1951 1339 2006 παῖς
1391 1943 1443 1999 ἐν
1498 1938 1689 2017 Λέσϐῳ
1734 1965 1829 2014 τη·

1947 1946 2060 2002 sive
2090 1944 2364 2003 simulate
2413 1944 2786 2017 detractanti,
2847 1944 3067 2001 strictis
3121 1943 3333 2017 gladiis
3387 1959 3588 2001 necem

206 2030 431 2104 ρούμενος
475 2032 619 2086 κατὰ
672 2031 978 2106 Μηθύμναν
1028 2032 1270 2095 ὕποπτος
1316 2033 1408 2102 ἦν,
1459 2030 1725 2110 αἰφνίδιον
1771 2030 1827 2088 δὲ

1947 2034 2309 2105 minitentur,
2360 2033 2473 2090 nisi
2504 2034 2884 2106 obtemperet.
2918 2034 2998 2088 Ea
3027 2033 3211 2105 igitur
3240 2033 3588 2091 necessitate

203 2118 271 2172 καὶ
314 2117 362 2190 ἐξ
410 2116 687 2194 οὐδεμιᾶς
737 2128 967 2199 φανερᾶς
1014 2121 1187 2187 αἰτίας
1231 2121 1404 2187 θανὼν
1465 2121 1694 2197 ὑποψίαν
1748 2119 1829 2178 δέ·

1943 2122 2143 2195 victus,
2205 2140 2321 2179 non
2380 2122 2748 2195 repugnavit,
2800 2122 3122 2195 quominus
3178 2122 3252 2178 ab
3309 2122 3584 2179 omnibus

212 2203 338 2275 Ξωιιε,
386 2208 534 2278 παρὰ
587 2215 700 2279 τῆς
761 2208 1083 2285 βασιλίσσης
1137 2217 1567 2287 κατεργασθῆναι
1622 2217 1825 2289 Θεοφα-

1939 2212 2338 2270 Orientalibus
2394 2210 2577 2285 copiis
2635 2211 2955 2283 imperator
3000 2210 3397 2268 Romanorum
3427 2212 3580 2267 199

205 2299 318 2356 νοῦς.
361 2297 421 2353 Ὁ
454 2296 655 2370 μέντοι
696 2302 807 2353 τῶν
862 2297 1189 2374 Βουλγάρων
1244 2299 1562 2375 ἀρχηγετῶν
1624 2300 1825 2376 Πέτρος

1937 2301 2345 2375 appellaretur.
2379 2301 2585 2357 Fertur
2613 2306 2810 2357 autem
2842 2317 2956 2356 non
2990 2298 3221 2373 imperii
3275 2301 3578 2372 duntaxat,

208 2390 284 2451 τῆς
320 2386 569 2458 γυναικὸς
618 2385 792 2441 αὐτοῦ
842 2386 1134 2458 θανούσης,
1180 2386 1276 2450 τὰς
1328 2388 1465 2462 πρὸς
1522 2388 1827 2462 Ῥωμαίους

1942 2392 2039 2448 sed
2097 2394 2153 2447 et
2207 2388 2580 2462 Theopbonis
2624 2405 2821 2445 amore
2860 2388 2921 2444 in
2953 2387 3162 2461 primis
3191 2388 3493 2462 ﬂagrasse,
3524 2392 3583 2445 et

210 2471 517 2542 ἀνακαινίζων
574 2472 843 2544 σπονδὰς,
893 2474 1138 2553 ὁμήρους
1188 2475 1426 2553 παρίσχε
1468 2473 1564 2532 δύο
1596 2477 1825 2541 οἰκείους

1939 2481 2079 2536 dum
2111 2479 2170 2535 in
2219 2494 2433 2551 magna
2488 2478 2629 2535 urbe
2686 2478 2940 2552 degeret,
2998 2493 3134 2534 cum
3198 2493 3267 2534 ea
3330 2491 3580 2535 consue-

210 2559 327 2622 υἱοὺς
352 2562 583 2639 Βορίσην
635 2565 726 2618 καὶ
777 2565 1081 2637 Ῥωμανὸν,
1132 2566 1219 2620 καὶ
1273 2566 1302 2620 6
1355 2566 1450 2638 μὲν
1499 2561 1727 2636 ἀπεϐίω,
1775 2567 1825 2622 οἱ
1936 2569 2109 2626 visse.

211 2643 249 2701 δ’
284 2648 471 2707 ἐκείνου
522 2650 729 2716 παῖδες
792 2652 1045 2709 ἀπελθεῖν
1106 2653 1357 2725 εἰάθησαν
1405 2653 1481 2716 εἷς
1536 2654 1601 2709 τὰ
1652 2654 1847 2726 οἰκεῖα,
1905 2656 1997 2712 καὶ
2053 2656 2151 2725 τὴν
2210 2655 2463 2730 πατρῴαν
2523 2655 2701 2730 ἀρχὴν
2773 2655 3230 2725 κατακτήσασθαι.
3275 2653 3429 2715 Ἐνὸς
3482 2654 3584 2729 γὰρ

209 2739 291 2790 τῶν
354 2739 617 2811 κομήτων
708 2743 814 2794 τῶν
900 2738 954 2795 ἐν
1035 2737 1369 2817 Βουλγάροις
1451 2742 1699 2818 τέσσαρες
1777 2738 1988 2812 παῖδες,
2071 2737 2257 2811 Δσϐἰδ,
2334 2741 2423 2796 καὶ
2506 2746 2731 2811 Μωσῆς,
2807 2740 2898 2796 καὶ
2987 2739 3219 2816 Ἀαρὼν,
3301 2740 3388 2796 καὶ
3477 2745 3586 2794 Σα-

212 2826 358 2895 μουήλ
390 2828 887 2899 ἀποστατήσαντες,
942 2827 1070 2891 τοὺς
1120 2828 1470 2907 Βουλγάρους
1530 2829 1786 2890 ἀνέσειον.
1814 2833 1925 2888 Τοῦ
1983 2837 2152 2887 Φωκᾶ
2209 2828 2267 2886 δὲ
2312 2828 2633 2907 Νικηφόρου
2681 2828 2756 2892 εἰς
2788 2829 2879 2885 τὸν
2938 2831 3084 2884 οἶκον
3136 2830 3326 2885 ἑαυτοῦ
3381 2827 3475 2883 τὸν
3529 2824 3583 2883 ἐν

209 2912 519 2989 Καππαδοκίᾳ
576 2914 1071 2991 ἀποδημήσαντος,
1132 2920 1160 2973 6
1238 2921 1735 2996 παρακοιμώμενος
1818 2920 2143 2996 μετεμέλετο
2222 2921 2306 2975 ὅτι
2388 2918 2778 2997 παρεχώρησεν
2864 2918 3013 2991 αύτῷ
3103 2925 3205 2989 τῆς
3287 2917 3371 2974 ἐπ’
3428 2914 3583 2972 οἴκου

212 2999 475 3077 ἀποδημίας
510 3024 525 3037 ⁸
584 3005 688 3061 καὶ
744 3008 811 3075 ἦν
884 3006 1031 3079 αύτῷ
1105 3004 1196 3062 διὰ
1251 3005 1541 3086 φροντίδος
1600 3007 1684 3063 ὅτι
1739 3008 1960 3081 πολλῆς
2012 3009 2105 3065 τὸν
2164 3006 2332 3085 ἄνδρα
2407 3006 2892 3071 ἀποσκευάσασθαι.
2950 3004 3147 3085 Γράφει
3206 3004 3387 3062 τοίνυν
3441 3002 3580 3080 πρὸς

212 3091 417 3164 Ἰωάννην
465 3093 775 3171 μάγιστρον
840 3096 932 3151 τὸν
984 3098 1313 3170 Τζιμισκῆν,
1368 3094 1535 3172 ἄνδρα
1590 3103 1828 3173 γενναῖον
1897 3097 1987 3155 καὶ
2045 3098 2098 3154 ἐν
2182 3097 2535 3172 ἀριστεύμασι
2620 3091 2937 3171 διαϐόητον,
2996 3099 3401 3173 στρατηγοῦντα
3456 3093 3582 3150 τότε

209 3186 278 3235 τοῦ
323 3188 543 3257 θέματος
615 3190 724 3241 τῶν
780 3184 1163 3255 Ἀνατολικῶν,
1218 3187 1309 3243 καὶ
1368 3188 1505 3263 πρὸς
1556 3189 1649 3245 τὸν
1702 3191 1992 3267 μάγιστρον
2051 3184 2328 3264 Ῥωμανὸν
2392 3189 2483 3245 τὸν
2541 3187 2878 3266 Κουρκούαν,
2938 3188 3207 3262 ἐπίσημον
3284 3181 3435 3249 ὄντα
3486 3185 3586 3243 κά-

210 3275 341 3327 κεῖνον
393 3273 443 3330 ἐν
501 3277 950 3353 στρατηγήμοσι,
1008 3276 1098 3331 καὶ
1149 3279 1250 3342 τῆς
1307 3275 1611 3347 Ἀνατολῆς
1668 3277 1791 3334 τότε
1847 3278 2345 3357 στρατηλατοῦντα,
2401 3279 2475 3342 ὡς
2545 3278 2591 3334 εί
2662 3279 2752 3333 τὸν
2830 3282 3025 3334 Φωκᾶν
3101 3277 3487 3352 κατασχόντες,
3544 3274 3583 3345 ἢ

214 3362 409 3437 μοναχὸν
463 3363 880 3437 ἀποκείρουσιν,
912 3364 948 3434 ἢ
1007 3363 1195 3428 ἄλλως
1252 3364 1311 3421 ἐκ
1371 3365 1536 3439 μέσου
1573 3369 1888 3439 ποιήσουσι,
1935 3370 2035 3438 τὴν
2093 3371 2187 3443 μὶν
2237 3373 2346 3424 τῶν
2377 3366 2600 3445 σχολῶν
2625 3374 2726 3439 τῆς
2756 3366 3055 3437 Ἀνατολῆς
3107 3367 3287 3443 ἀρχὴν
3351 3364 3585 3439 λήψεται

211 3449 525 3525 ὁἸωάννης,
588 3453 687 3509 καὶ
747 3450 1069 3527 δομέστικος
1124 3451 1283 3510 ἔσται
1344 3459 1453 3511 τῶν
1532 3456 1682 3529 ὲῲων
1759 3454 2058 3532 δυνάμεων,
2120 3460 2148 3514 6
2203 3458 2483 3533 Ῥωμανὸς
2560 3455 2618 3512 δὶ
2674 3464 2774 3528 τῆς
2832 3456 3042 3519 Δύσεως
3097 3454 3433 3526 κληθήσεται
3493 3451 3586 3510 δο-

215 3537 438 3606 μέστικος.
499 3542 661 3598 Ἐπεὶ
722 3539 778 3597 δὶ
828 3543 895 3598 τὰ
948 3541 1249 3619 γράμματα
1302 3545 1390 3599 καὶ
1470 3545 1672 3624 ἀμφοῖν
1747 3545 2135 3621 ἐκομίσθησαν,
2188 3549 2275 3603 καὶ
2334 3544 2483 3626 ἅμφο
2535 3543 2705 3602 ταῦτα
2760 3544 3058 3601 δεικνύουσι
3113 3548 3192 3616 τῷ
3244 3546 3434 3613 Φωκᾷ,
3493 3542 3583 3596 καὶ

210 3628 311 3700 πρὸς
332 3630 667 3687 ἀποστασίαν
697 3632 788 3686 τὸν
843 3628 1006 3707 ἄνδρα
1061 3632 1338 3709 ἠρέθιζον.
1390 3637 1495 3689 Τοῦ
1545 3631 1603 3689 δὲ
1655 3632 2038 3710 ἀναδυομέπου
2094 3636 2231 3709 πρὸς
2287 3637 2390 3706 τὴο
2449 3634 2790 3712 ἐγχείρησιν,
2824 3631 2931 3690 εἷ’τε
2978 3632 3361 3706 πλαττομένου
3418 3634 3579 3686 τοῦτο

210 3713 287 3770 ﬁt:
332 3719 415 3773 καὶ
471 3720 865 3790 ἀληθεύοντος,
924 3720 1115 3777 ἐκεῖνοι
1171 3722 1239 3777 τὰ
1296 3720 1419 3800 ξίφη
1478 3723 1861 3799 γυμνώσαντες
1907 3722 2112 3781 ἀνελεῖν
2165 3725 2428 3796 ἠπείλουν
2488 3725 2648 3781 αύτὸν
2710 3724 2755 3780 εἰ
2817 3724 2894 3797 μὴ
2947 3721 3212 3787 πείθοιτο.
3247 3719 3346 3776 Καὶ
3399 3718 3458 3783 ὅς
3510 3721 3580 3792 τῇ

320 3808 455 3882 τάχα
491 3809 806 3882 νικώμενος
858 3806 1071 3881 ἐδέξατο
1125 3810 1225 3880 τήν
1285 3810 1602 3887 ἀνάρῤησιν,
1625 3812 1713 3867 καὶ
1772 3814 1877 3869 ὐπὸ
1929 3815 2143 3870 πάντων
2198 3818 2306 3869 τῶν
2362 3813 2513 3887 ἐῲων
2572 3813 2862 3889 ταγμάτων
2890 3811 3240 3887 αὐτοκράτωρ
3271 3808 3573 3884 εύφημήθη

208 3890 467 3966 Ῥωμαίων.
501 3896 732 3972 Λέγεται
792 3894 849 3953 δὲ
906 3898 987 3954 ὅτι
1042 3897 1103 3954 ού
1172 3898 1337 3973 μόνον
1396 3897 1506 3976 ἤρα
1558 3904 1659 3967 τῆς
1721 3900 2023 3979 βασιλείας,
2055 3901 2177 3959 ἀλλ’
2232 3902 2341 3980 οὐχ
2390 3902 2587 3974 ἥκιστα
2613 3908 2715 3973 τῆς
2745 3904 3074 3980 Θεοφανοῦς,
3103 3897 3195 3955 καὶ
3225 3898 3300 3961 ὡς
3359 3897 3581 3971 ἐνέτυχε

209 3981 340 4056 ταύτῃ
360 3982 552 4061 διάγων
588 3987 729 4043 κατά
755 3988 854 4057 τὴν
890 3986 1139 4063 μεγάλην
1171 3986 1358 4047 πόλιν.

260 4073 355 4130 KA'.
383 4074 534 4151 Ἀρτι
584 4073 646 4130 δὲ
689 4082 790 4145 τῆς
837 4078 1033 4155 φήμης
1075 4076 1153 4141 εἷς
1192 4077 1256 4133 τὸ
1305 4079 1599 4148 Βυζάντιον
1645 4099 1811 4157 κηρυ-
1841 4084 1885 4152 C

1992 4082 2186 4140 XXIV.
2218 4082 2423 4141 Phocea
2454 4083 2630 4140 rebus
2687 4081 2748 4139 in
2808 4081 2954 4138 urbe
3011 4096 3218 4138 recens
3268 4077 3579 4136 nuntiatis.

209 4155 335 4229 ξάσης
373 4162 435 4217 τὰ
478 4163 620 4219 κατὰ
667 4164 761 4219 τὸν
809 4169 1029 4235 Φωκᾶν,
1077 4166 1105 4220 6
1153 4166 1652 4241 παρακοιμώμενος
1699 4155 1814 4226 Ἰω-

1939 4172 2217 4245 Iosephus
2276 4172 2532 4230 cubiculi
2589 4171 2940 4245 prapositus
2997 4170 3358 4241 angebatur.
3416 4167 3580 4224 Nice-

209 4246 292 4324 σήφ
332 4249 570 4325 ἠγωνία.
622 4253 683 4306 '0
740 4253 921 4327 μέντοι
969 4257 1067 4309 τοῦ
1114 4258 1502 4329 τυραννοῦντος
1550 4256 1729 4331 πατὴρ
1784 4256 1812 4311 6

1936 4259 2091 4332 pbori
2154 4265 2321 4333 pater
2380 4260 2605 4317 Phocas
2661 4259 2905 4327 Bardas,
2964 4256 3025 4314 in
3058 4257 3330 4329 Magnam
3356 4255 3456 4311 Dei
3488 4269 3577 4310 ec-

209 4337 366 4399 Φωιιᾶς
550 4341 580 4396 6
632 4338 841 4418 Βάρδας
887 4345 955 4417 τῇ
999 4340 1232 4418 Μεγάλῃ
1276 4346 1372 4397 τοῦ
1414 4347 1547 4399 Θεοῦ
1595 4341 1762 4416 ἐκκλη
1790 4377 1813 4388 -

1942 4348 2163 4406 :lesiam
2195 4349 2478 4422 confugit,
2510 4350 2680 4421 cujus
2710 4346 2857 4404 alter
2891 4346 3051 4403 ﬁlius
3101 4346 3214 4403 Leo
3269 4345 3408 4417 fuga
3463 4342 3583 4399 ela-

206 4422 274 4494 τίᾳ
321 4428 759 4508 προσπέφευγεν.
809 4432 870 4489 Ὁ
914 4434 1013 4486 τοῦ
1065 4432 1382 4510 Νικηφόρου
1441 4429 1499 4488 δὲ
1554 4432 1815 4510 σύγγονος

1938 4453 2087 4509 psus,
2142 4454 2276 4495 cum
2327 4439 2506 4494 fratre
2535 4454 2597 4494 se
2628 4436 2953 4508 conjunxit.
2985 4434 3118 4492 Hac
3148 4432 3404 4490 cubiculi
3435 4448 3579 4505 pre-

207 4510 324 4598 ἲΚέων
376 4519 484 4589 (56)
543 4517 769 4595 ἴσχυσεν
839 4516 1184 4595 ἀποδρᾶναι,
1242 4520 1333 4576 καὶ
1406 4521 1669 4592 ὲνωθῆναι
1737 4526 1815 4595 τῷ

1937 4526 2183 4598 positum
2215 4526 2399 4583 animi
2430 4525 2598 4583 valde
2627 4524 2876 4581 dubium
2908 4522 3316 4588 reddiderunt,
3348 4519 3450 4593 qui
3506 4520 3578 4575 ob

207 4596 405 4679 ἀδελφῷ.
456 4609 633 4665 Τοῦτο
681 4608 774 4663 τὸν
820 4609 1323 4685 παραγοιμώμενον
1379 4608 1456 4674 εἷς
1496 4609 1811 4687 ἀμηχανίαν

1937 4596 2325 4673 morositatem
2384 4615 2663 4672 omnibus
2711 4615 2853 4671 adeo
2886 4611 3113 4669 invisus
3142 4614 3289 4677 erat,
3321 4612 3387 4665 ut
3415 4610 3578 4680 opta-

209 4686 388 4762 πολλὴν
437 4697 778 4771 περιέστησε·
837 4696 1215 4761 δυσέντευκτος
1266 4694 1325 4753 δὲ
1382 4695 1480 4771 ὢν,
1536 4686 1696 4756 πᾶσιν
1744 4700 1811 4767 ἦν

1935 4709 2055 4761 rent
2085 4721 2242 4776 eum,
2271 4705 2386 4761 alio
2417 4721 2613 4761 rerum
2645 4703 2848 4777 potito,
2883 4719 2914 4758 e
2945 4700 3140 4759 medio
3184 4697 3334 4768 tolli,
3390 4711 3576 4769 eaque

214 4783 420 4866 μισητὸς,
465 4787 585 4843 ὅθεν
639 4786 866 4850 ἅπαντες
906 4782 1158 4863 ἔχαιρον,
1205 4786 1250 4843 εἷ
1280 4787 1565 4865 περισταίη
1613 4789 1681 4846 τὰ
1713 4792 1813 4856 τῆς

1932 4793 1995 4849 de
2027 4809 2205 4849 causa
2232 4810 2438 4849 omnes
2470 4793 2531 4849 in
2563 4808 2844 4866 magnum
2879 4790 2975 4846 Dei
3006 4786 3293 4861 templum
3324 4801 3573 4842 concur-

214 4865 448 4941 βασιλείας
478 4874 557 4939 εἰς
585 4872 793 4951 ἕτερον,
840 4875 933 4932 καὶ
982 4874 1348 4953 περιαιρεθείη
1398 4875 1559 4941 οὗτος
1608 4877 1667 4933 ἐκ
1713 4879 1813 4952 μέ-

1932 4886 2145 4938 rerunt.
2178 4884 2301 4948 Quo
2335 4881 2574 4955 Bringas
2604 4865 2862 4953 cognito,
2911 4893 3047 4935 cum
3096 4875 3331 4933 blandis
3382 4873 3573 4931 verbis

212 4974 302 5031 σου,
330 4957 407 5017 διὸ
444 4965 532 5020 καὶ
580 4964 905 5042 συνέτρεχον
956 4964 1186 5029 ἅπαντες
1238 4966 1317 5030 εἰς
1362 4967 1427 5023 τὸ
1476 4965 1614 5043 μέγα
1652 4966 1812 5042 τέμε-

1933 4970 2273 5027 mulcendus
2328 4987 2460 5028 esse
2517 4968 2919 5027 multitudinis
2969 4967 3246 5039 impetus,
3305 4980 3434 5021 eam
3465 4962 3574 5020 mi-

212 5064 283 5109 νος
305 5055 390 5105 τοῦ
436 5058 589 5113 Θεοῦ.
630 5057 802 5131 ’Ὀπερ
852 5054 1036 5130 μαθὼν
1087 5056 1116 5110 6
1163 5055 1412 5133 Βρίγγας,
1470 5053 1589 5112 δέον
1638 5055 1813 5113 ἐπιει-

1935 5059 2016 5116 nis
2047 5062 2105 5115 et
2132 5060 2362 5117 saavitiaa
2394 5059 2582 5132 magis
2614 5056 2999 5130 exasperavit,
3031 5071 3166 5111 cum
3216 5053 3456 5120 diceret,
3516 5064 3576 5108 se

213 5134 305 5190 κίοι
339 5137 520 5218 λόγοις
543 5145 609 5202 τὸ
659 5143 874 5215 πλῆθος
924 5142 1256 5217 μετελθόντα
1291 5147 1391 5216 τήν
1421 5146 1618 5203 τούτου
1655 5168 1814 5203 κατα-

1940 5152 2150 5205 notum
2180 5148 2349 5206 illum
2382 5164 2827 5223 appressurum,
2858 5146 2955 5217 qui
2987 5143 3339 5212 ordinasset,
3371 5145 3437 5200 ut
3463 5141 3581 5198 sin-

1441 5247 1646 5311 νοτίδι
1674 5248 1973 5309 lectiones
2002 5252 2065 5308 et
2094 5252 2283 5310 notae.

219 5322 417 5421 εθυτέρῳ
448 5338 527 5396 ἰπ⁹
572 5340 832 5421 ἀληθείας
878 5341 943 5421 τὸ
990 5333 1195 5421 ἔνδυμα
1238 5343 1336 5421 τοῦ
1376 5339 1730 5421 Προδρόμου,
1761 5343 1819 5399 ἐκ

1931 5349 2018 5421 tus
2046 5347 2699 5421 centumgquinquaginl‘a
2746 5343 2909 5421 armis
2940 5358 2953 5397 :
2986 5342 3079 5421 cui
3123 5340 3317 5421 {tidem
3345 5342 3408 5393 ut
3435 5337 3572 5421 ﬁlio,

220 5410 1011 5504 ﬁttinssrzllwsmew
1067 5410 1157 5503 κοὲῖ
1210 5413 1335 5504 περὲ
1385 5410 1477 5504 ἐδν
1524 5410 1813 5504 ὲρὲὲχηλογ

1935 5415 2106 5504 Βνᾶῖεξ
2134 5410 2456 5504 laudi-(2145,:
2480 5410 2590 5474 ἰγνῖο
2634 5415 2883 5504 juvantis
2928 5416 3065 5483 suis,
3110 5415 3249 5471 Deus
3298 5425 3472 5467 annos
3514 5410 3576 5464 ut

224 5472 673 5564 ᾑξιᾶῖτιμένονδβπερ
706 5472 886 5564 λαβῶη
914 5485 943 5539 ὁ
1001 5472 1538 5561 μακάριοςἹκεῖνος,
1560 5472 1725 5544 ’ἅτῗαν
1753 5488 1816 5542 τὸ

1026 5485 1178 5560 ιακάρ
1191 5504 1267 5546 to:
1283 5472 1293 5491 ³
1311 5484 1538 5561 ἐκεῖνος,
1560 5472 1725 5544 ’ἅτῗαν
1753 5488 1816 5542 τὸ

226 5540 1012 5634 ῖρῗέἐρνέμοῖἀέέεὲεχώρησινδ
1150 5540 1160 5560 ’
1768 5540 1810 5542 ”

1926 5540 2805 5634 ῘᾜΒέιῌόὲιυω,
2854 5555 3217 5634 europalates
3258 5557 3328 5634 et
3378 5552 3511 5634 logo
3543 5579 3566 5591 -

282 5566 454 5608 υσιονε
500 5566 987 5634 οἱπαρεχώρησεν.

282 5618 374 5716 SE5)
544 5628 645 5716 ξοδ
702 5631 1092 5716 saeui???"
1174 5630 1355 5716 πατὴρ
1440 5632 1472 5716 9
1556 5636 1821 5716 ίιξωκᾶει

1996 5566 2115 5633 (56)
2170 5566 2361 5619 Λέων.
2422 5566 2798 5618 Postmodum
2854 5574 2993 5613 euro
3038 5566 3217 5612 aletes
3270 5566 3328 5610 et
3381 5566 3434 5607 ιο
3478 5567 3511 5607 o
3543 5579 3559 5591 -

1925 5630 2106 5716 t'lleta,
2136 5634 2563 5716 quem_pariter
2578 5633 2663 5687 ita
2677 5630 2943 5716 depingit
2962 5573 3116 5684 izfem
3141 5566 3559 5716 ξδὶμιριέοοδῗυέε

230 5683 375 5779 ρξεώ
418 5683 497 5779 sic
531 5683 827 5779 describit.
872 5683 1387 5779 L_iutprandus__'in
1438 5683 1821 5779 ίοεειῖέῄἀιιί
1926 5683 2106 5779 item};
2124 5683 2662 5779 iﬁiﬁdﬂr'iéhdﬁ
2683 5683 3086 5779 ξάῖᾖῆέενιιεε
3133 5701 3190 5770 [α
3201 5683 3304 5779 ίδοῖ
3320 5694 3567 5779 “ﬂius,

233 5723 375 5751 κυσω
418 5723 497 5757 Iw
531 5723 827 5762 uescrimt.
872 5723 1273 5773 hllnprnnuus
1326 5723 1387 5759 1n
1438 5723 1626 5774 negat.
1670 5723 1685 5761 :
1720 5723 1819 5761 cur
1926 5723 2095 5760 nomo
2124 5723 2242 5775 zpse
2269 5723 2340 5762 aa
2403 5723 2656 5762 ersnnam
2684 5723 2766 5758 δίη
2804 5723 3085 5774 procerus,
3133 5723 3281 5770 ιαιδυ
3320 5723 3496 5751 uumu

231 5754 443 5841 (ωειιεω)
470 5782 614 5845 pater
642 5773 865 5847 assedit,
904 5772 1063 5831 homo
1089 5779 1151 5829 ut
1198 5774 1339 5832 mihi
1376 5777 1688 5847 videbatur,
1713 5793 1817 5833 πα·
1926 5777 2022 5831 cui
2046 5776 2100 5832 si
2125 5779 2337 5835 invisus
2362 5723 2524 5837 {amo
2551 5776 2746 5849 fuerit,
2774 5788 3004 5829 manum
3033 5771 3152 5844 ejus
3171 5767 3496 5844 perforabit.
