  <div class='ocr_page' id='page_1' title='image "/cluster/home/n/w/nwhite01/storage/ocr_20150623/135/hvd.32044073502528/064.png"; bbox 0 0 4156 6214; ppageno 0'>
   <div class='ocr_carea' id='block_1_1' title="bbox 270 328 370 389">
    <p class='ocr_par' dir='ltr' id='par_1_1' title="bbox 270 328 370 389">
     <span class='ocr_line' id='line_1_1' title="bbox 270 328 370 389; baseline -0.04 1"><span class='ocrx_word' id='word_1_1' title='bbox 270 328 370 389; x_wconf 75' lang='grc'>117</span> 
     </span>
    </p>
   </div>
   <div class='ocr_carea' id='block_1_2' title="bbox 1551 321 2378 389">
    <p class='ocr_par' dir='ltr' id='par_1_2' title="bbox 1551 321 2378 389">
     <span class='ocr_line' id='line_1_2' title="bbox 1551 321 2378 389; baseline 0.005 -6"><span class='ocrx_word' id='word_1_2' title='bbox 1551 321 1965 386; x_wconf 81' lang='lat' dir='ltr'><strong>ANNALIUM</strong></span> <span class='ocrx_word' id='word_1_3' title='bbox 2021 324 2168 386; x_wconf 89' lang='lat' dir='ltr'>LlB.</span> <span class='ocrx_word' id='word_1_4' title='bbox 2211 326 2378 389; x_wconf 83' lang='lat' dir='ltr'>XVI.</span> 
     </span>
    </p>
   </div>
   <div class='ocr_carea' id='block_1_3' title="bbox 3547 328 3664 389">
    <p class='ocr_par' dir='ltr' id='par_1_3' title="bbox 3547 328 3664 389">
     <span class='ocr_line' id='line_1_3' title="bbox 3547 328 3664 389; baseline 0.017 -2"><span class='ocrx_word' id='word_1_5' title='bbox 3547 328 3664 389; x_wconf 77' lang='lat' dir='ltr'>H8</span> 
     </span>
    </p>
   </div>
   <div class='ocr_carea' id='block_1_4' title="bbox 262 451 1880 531">
    <p class='ocr_par' dir='ltr' id='par_1_4' title="bbox 262 451 1880 531">
     <span class='ocr_line' id='line_1_4' title="bbox 262 451 1880 531; baseline -0.002 -21"><span class='ocrx_word' id='word_1_6' title='bbox 262 461 286 513; x_wconf 79' lang='grc' dir='ltr'>ὁ</span> <span class='ocrx_word' id='word_1_7' title='bbox 310 454 619 531; x_wconf 81' lang='grc' dir='ltr'>Νικηφόρος</span> <span class='ocrx_word' id='word_1_8' title='bbox 650 458 765 509; x_wconf 86' lang='grc' dir='ltr'>τῶν</span> <span class='ocrx_word' id='word_1_9' title='bbox 791 458 888 523; x_wconf 82' lang='grc' dir='ltr'>τῆς</span> <span class='ocrx_word' id='word_1_10' title='bbox 914 457 1218 524; x_wconf 79' lang='grc' dir='ltr'>Θεοφανοῦς</span> <span class='ocrx_word' id='word_1_11' title='bbox 1246 451 1451 509; x_wconf 81' lang='grc' dir='ltr'>παίδων</span> <span class='ocrx_word' id='word_1_12' title='bbox 1509 452 1570 509; x_wconf 84' lang='grc' dir='ltr'>ἐκ</span> <span class='ocrx_word' id='word_1_13' title='bbox 1620 457 1718 509; x_wconf 80' lang='grc' dir='ltr'>τοῦ</span> <span class='ocrx_word' id='word_1_14' title='bbox 1749 453 1880 530; x_wconf 71' lang='grc' dir='ltr'>ἁγίοι</span> 
     </span>
    </p>
   </div>
   <div class='ocr_carea' id='block_1_5' title="bbox 1992 451 3663 531">
    <p class='ocr_par' dir='ltr' id='par_1_5' title="bbox 2016 457 3663 531">
     <span class='ocr_line' id='line_1_5' title="bbox 2016 457 3663 531; baseline 0.003 -20"><span class='ocrx_word' id='word_1_15' title='bbox 2016 457 2198 513; x_wconf 90' lang='lat' dir='ltr'>donec</span> <span class='ocrx_word' id='word_1_16' title='bbox 2227 458 2599 531; x_wconf 90' lang='lat' dir='ltr'>imperatoris</span> <span class='ocrx_word' id='word_1_17' title='bbox 2628 462 2794 531; x_wconf 90' lang='lat' dir='ltr'>pater</span> <span class='ocrx_word' id='word_1_18' title='bbox 2822 460 3040 516; x_wconf 87' lang='lat' dir='ltr'>Bardas</span> <span class='ocrx_word' id='word_1_19' title='bbox 3063 459 3254 516; x_wconf 61' lang='lat' dir='ltr'>Cassar</span> <span class='ocrx_word' id='word_1_20' title='bbox 3273 460 3663 530; x_wconf 77' lang='lat' dir='ltr'>jurejurando</span> 
     </span>
    </p>
   </div>
   <div class='ocr_carea' id='block_1_6' title="bbox 261 541 1901 623">
    <p class='ocr_par' dir='ltr' id='par_1_6' title="bbox 261 541 1901 623">
     <span class='ocr_line' id='line_1_6' title="bbox 261 541 1901 623; baseline -0.002 -22"><span class='ocrx_word' id='word_1_21' title='bbox 261 545 646 623; x_wconf 66' lang='grc' dir='ltr'>βαπτίσματος,</span> <span class='ocrx_word' id='word_1_22' title='bbox 712 542 800 598; x_wconf 77' lang='grc' dir='ltr'>καὶ</span> <span class='ocrx_word' id='word_1_23' title='bbox 860 542 1055 616; x_wconf 77' lang='grc' dir='ltr'>ἀπῄτει</span> <span class='ocrx_word' id='word_1_24' title='bbox 1115 544 1143 597; x_wconf 89' lang='grc' dir='ltr'><strong>ὁ</strong></span> <span class='ocrx_word' id='word_1_25' title='bbox 1201 545 1569 620; x_wconf 78' lang='grc' dir='ltr'>πατριάρχης,</span> <span class='ocrx_word' id='word_1_26' title='bbox 1630 542 1666 612; x_wconf 75' lang='grc' dir='ltr'><strong>ἢ</strong></span> <span class='ocrx_word' id='word_1_27' title='bbox 1718 541 1901 612; x_wconf 86' lang='grc' dir='ltr'>διαζυ-</span> 
     </span>
    </p>
   </div>
   <div class='ocr_carea' id='block_1_7' title="bbox 254 631 1896 709">
    <p class='ocr_par' dir='ltr' id='par_1_7' title="bbox 254 631 1896 709">
     <span class='ocr_line' id='line_1_7' title="bbox 254 631 1896 709; baseline 0.001 -22"><span class='ocrx_word' id='word_1_28' title='bbox 254 642 393 709; x_wconf 76' lang='grc' dir='ltr'>γῆναι</span> <span class='ocrx_word' id='word_1_29' title='bbox 446 640 551 701; x_wconf 79' lang='grc' dir='ltr'>τῆς</span> <span class='ocrx_word' id='word_1_30' title='bbox 617 631 969 707; x_wconf 73' lang='grc' dir='ltr'>βασιλίσσης,</span> <span class='ocrx_word' id='word_1_31' title='bbox 1018 632 1053 701; x_wconf 68' lang='grc' dir='ltr'><strong>ἢ</strong></span> <span class='ocrx_word' id='word_1_32' title='bbox 1112 631 1303 709; x_wconf 79' lang='grc' dir='ltr'>πόρρω</span> <span class='ocrx_word' id='word_1_33' title='bbox 1356 633 1490 688; x_wconf 79' lang='grc' dir='ltr'>εἶναι</span> <span class='ocrx_word' id='word_1_34' title='bbox 1546 637 1653 688; x_wconf 89' lang='grc' dir='ltr'>τῶν</span> <span class='ocrx_word' id='word_1_35' title='bbox 1712 633 1896 707; x_wconf 77' lang='grc' dir='ltr'>ἱερῶν.</span> 
     </span>
    </p>
   </div>
   <div class='ocr_carea' id='block_1_8' title="bbox 253 718 1897 799">
    <p class='ocr_par' dir='ltr' id='par_1_8' title="bbox 253 718 1897 799">
     <span class='ocr_line' id='line_1_8' title="bbox 253 718 1897 799; baseline -0.002 -20"><span class='ocrx_word' id='word_1_36' title='bbox 253 722 384 782; x_wconf 77' lang='grc' dir='ltr'>Ἀλλ’</span> <span class='ocrx_word' id='word_1_37' title='bbox 411 720 624 783; x_wconf 83' lang='grc' dir='ltr'>ἐκεῖνος</span> <span class='ocrx_word' id='word_1_38' title='bbox 679 728 783 791; x_wconf 82' lang='grc' dir='ltr'>τῆς</span> <span class='ocrx_word' id='word_1_39' title='bbox 840 728 1140 799; x_wconf 80' lang='grc' dir='ltr'>Θεοφανους</span> <span class='ocrx_word' id='word_1_40' title='bbox 1188 722 1287 776; x_wconf 76' lang='grc' dir='ltr'>οὐκ</span> <span class='ocrx_word' id='word_1_41' title='bbox 1345 723 1625 799; x_wconf 70' lang='grc' dir='ltr'>ἀπείχετο*</span> <span class='ocrx_word' id='word_1_42' title='bbox 1659 718 1737 777; x_wconf 77' lang='grc' dir='ltr'>ἔτι</span> <span class='ocrx_word' id='word_1_43' title='bbox 1794 722 1897 796; x_wconf 79' lang='grc' dir='ltr'>γὰρ</span> 
     </span>
    </p>
   </div>
   <div class='ocr_carea' id='block_1_9' title="bbox 251 805 1896 887">
    <p class='ocr_par' dir='ltr' id='par_1_9' title="bbox 251 805 1896 887">
     <span class='ocr_line' id='line_1_9' title="bbox 251 805 1896 887; baseline -0.002 -20"><span class='ocrx_word' id='word_1_44' title='bbox 251 813 484 881; x_wconf 76' lang='grc' dir='ltr'>ὁταύτης</span> <span class='ocrx_word' id='word_1_45' title='bbox 512 805 661 885; x_wconf 82' lang='grc' dir='ltr'>ἔρως</span> <span class='ocrx_word' id='word_1_46' title='bbox 703 810 1052 887; x_wconf 72' lang='grc' dir='ltr'>ἐφλέγμαινε,</span> <span class='ocrx_word' id='word_1_47' title='bbox 1082 816 1357 866; x_wconf 80' lang='grc' dir='ltr'>κοινοῦται</span> <span class='ocrx_word' id='word_1_48' title='bbox 1390 809 1448 866; x_wconf 78' lang='grc' dir='ltr'>δὲ</span> <span class='ocrx_word' id='word_1_49' title='bbox 1492 817 1608 873; x_wconf 84' lang='grc' dir='ltr'>τοῖς</span> <span class='ocrx_word' id='word_1_50' title='bbox 1665 815 1896 886; x_wconf 77' lang='grc' dir='ltr'>παροῦσι</span> 
     </span>
    </p>
   </div>
   <div class='ocr_carea' id='block_1_10' title="bbox 247 898 1895 977">
    <p class='ocr_par' dir='ltr' id='par_1_10' title="bbox 247 898 1895 977">
     <span class='ocr_line' id='line_1_10' title="bbox 247 898 1895 977; baseline -0.002 -21"><span class='ocrx_word' id='word_1_51' title='bbox 247 906 338 957; x_wconf 80' lang='grc' dir='ltr'>τῶν</span> <span class='ocrx_word' id='word_1_52' title='bbox 369 901 685 977; x_wconf 76' lang='grc' dir='ltr'>ἀρχιερέων</span> <span class='ocrx_word' id='word_1_53' title='bbox 745 901 834 954; x_wconf 80' lang='grc' dir='ltr'>καὶ</span> <span class='ocrx_word' id='word_1_54' title='bbox 891 905 1009 962; x_wconf 88' lang='grc' dir='ltr'>τοῖς</span> <span class='ocrx_word' id='word_1_55' title='bbox 1063 907 1163 970; x_wconf 80' lang='grc' dir='ltr'>τῆς</span> <span class='ocrx_word' id='word_1_56' title='bbox 1200 900 1485 977; x_wconf 80' lang='grc' dir='ltr'>γερουσίας</span> <span class='ocrx_word' id='word_1_57' title='bbox 1544 898 1895 976; x_wconf 88' lang='grc' dir='ltr'>λογιωτέροις</span> 
     </span>
    </p>
   </div>
   <div class='ocr_carea' id='block_1_11' title="bbox 245 986 1895 1065">
    <p class='ocr_par' dir='ltr' id='par_1_11' title="bbox 245 986 1895 1065">
     <span class='ocr_line' id='line_1_11' title="bbox 245 986 1895 1065; baseline -0.001 -20"><span class='ocrx_word' id='word_1_58' title='bbox 245 993 295 1045; x_wconf 76' lang='grc' dir='ltr'>τὸ</span> <span class='ocrx_word' id='word_1_59' title='bbox 342 993 586 1062; x_wconf 80' lang='grc' dir='ltr'>ζήτημα.</span> <span class='ocrx_word' id='word_1_60' title='bbox 624 990 703 1046; x_wconf 77' lang='grc' dir='ltr'>Οἱ</span> <span class='ocrx_word' id='word_1_61' title='bbox 755 986 814 1044; x_wconf 75' lang='grc' dir='ltr'>δὲ</span> <span class='ocrx_word' id='word_1_62' title='bbox 865 990 960 1044; x_wconf 88' lang='grc' dir='ltr'>τὸν</span> <span class='ocrx_word' id='word_1_63' title='bbox 1017 991 1143 1065; x_wconf 87' lang='grc' dir='ltr'>περί</span> <span class='ocrx_word' id='word_1_64' title='bbox 1183 988 1380 1045; x_wconf 77' lang='grc' dir='ltr'>τούτου</span> <span class='ocrx_word' id='word_1_65' title='bbox 1405 989 1605 1045; x_wconf 84' lang='grc' dir='ltr'>κανόνα</span> <span class='ocrx_word' id='word_1_66' title='bbox 1655 994 1736 1062; x_wconf 75' lang='grc' dir='ltr'>τῷ</span> <span class='ocrx_word' id='word_1_67' title='bbox 1792 995 1895 1043; x_wconf 86' lang='grc' dir='ltr'>Κο-</span> 
     </span>
    </p>
   </div>
   <div class='ocr_carea' id='block_1_12' title="bbox 242 1075 1897 1156">
    <p class='ocr_par' dir='ltr' id='par_1_12' title="bbox 242 1075 1897 1156">
     <span class='ocr_line' id='line_1_12' title="bbox 242 1075 1897 1156; baseline -0.001 -23"><span class='ocrx_word' id='word_1_68' title='bbox 242 1077 505 1154; x_wconf 70' lang='grc' dir='ltr'>πρωνῦμφ</span> <span class='ocrx_word' id='word_1_69' title='bbox 536 1076 1004 1156; x_wconf 66' lang='grc' dir='ltr'>ἐπιγραφόμενοι,</span> <span class='ocrx_word' id='word_1_70' title='bbox 1039 1078 1116 1151; x_wconf 81' lang='grc' dir='ltr'>μὴ</span> <span class='ocrx_word' id='word_1_71' title='bbox 1150 1075 1260 1133; x_wconf 88' lang='grc' dir='ltr'>δεῖν</span> <span class='ocrx_word' id='word_1_72' title='bbox 1297 1077 1481 1155; x_wconf 81' lang='grc' dir='ltr'>ἔλεγον</span> <span class='ocrx_word' id='word_1_73' title='bbox 1532 1077 1746 1155; x_wconf 85' lang='grc' dir='ltr'>ἐνεργὸν</span> <span class='ocrx_word' id='word_1_74' title='bbox 1796 1076 1897 1134; x_wconf 93' lang='grc' dir='ltr'>λο-</span> 
     </span>
    </p>
   </div>
   <div class='ocr_carea' id='block_1_13' title="bbox 238 1164 1896 1245">
    <p class='ocr_par' dir='ltr' id='par_1_13' title="bbox 238 1164 1896 1245">
     <span class='ocr_line' id='line_1_13' title="bbox 238 1164 1896 1245; baseline -0.001 -22"><span class='ocrx_word' id='word_1_75' title='bbox 238 1171 456 1245; x_wconf 79' lang='grc' dir='ltr'>γίζεσθαι</span> <span class='ocrx_word' id='word_1_76' title='bbox 513 1164 751 1222; x_wconf 75' lang='grc' dir='ltr'>τοιοῦδε</span> <span class='ocrx_word' id='word_1_77' title='bbox 825 1164 1020 1241; x_wconf 87' lang='grc' dir='ltr'>ἀνδρὸς</span> <span class='ocrx_word' id='word_1_78' title='bbox 1098 1169 1475 1241; x_wconf 69' lang='grc' dir='ltr'>νομοθέτημα,</span> <span class='ocrx_word' id='word_1_79' title='bbox 1533 1167 1621 1223; x_wconf 86' lang='grc' dir='ltr'>καὶ</span> <span class='ocrx_word' id='word_1_80' title='bbox 1701 1168 1896 1229; x_wconf 89' lang='grc' dir='ltr'>πάντες</span> 
     </span>
    </p>
   </div>
   <div class='ocr_carea' id='block_1_14' title="bbox 2011 546 3665 621">
    <p class='ocr_par' dir='ltr' id='par_1_14' title="bbox 2011 546 3665 621">
     <span class='ocr_line' id='line_1_14' title="bbox 2011 546 3665 621; baseline 0.002 -21"><span class='ocrx_word' id='word_1_81' title='bbox 2011 546 2261 618; x_wconf 83' lang='lat' dir='ltr'>negavit,</span> <span class='ocrx_word' id='word_1_82' title='bbox 2322 548 2771 621; x_wconf 89' lang='lat' dir='ltr'>Theophanonis</span> <span class='ocrx_word' id='word_1_83' title='bbox 2818 548 3035 605; x_wconf 91' lang='lat' dir='ltr'>liberos</span> <span class='ocrx_word' id='word_1_84' title='bbox 3083 550 3154 605; x_wconf 93' lang='lat' dir='ltr'>ab</span> <span class='ocrx_word' id='word_1_85' title='bbox 3203 548 3302 603; x_wconf 91' lang='lat' dir='ltr'>illo</span> <span class='ocrx_word' id='word_1_86' title='bbox 3353 564 3421 603; x_wconf 86' lang='lat' dir='ltr'><strong>ex</strong></span> <span class='ocrx_word' id='word_1_87' title='bbox 3478 548 3665 620; x_wconf 87' lang='lat' dir='ltr'>bapti-</span> 
     </span>
    </p>
   </div>
   <div class='ocr_carea' id='block_1_15' title="bbox 2010 635 3662 711">
    <p class='ocr_par' dir='ltr' id='par_1_15' title="bbox 2010 635 3662 711">
     <span class='ocr_line' id='line_1_15' title="bbox 2010 635 3662 711; baseline 0.002 -22"><span class='ocrx_word' id='word_1_88' title='bbox 2010 641 2198 691; x_wconf 90' lang='lat' dir='ltr'>smate</span> <span class='ocrx_word' id='word_1_89' title='bbox 2226 642 2529 709; x_wconf 87' lang='lat' dir='ltr'>susceptos</span> <span class='ocrx_word' id='word_1_90' title='bbox 2559 654 2689 694; x_wconf 88' lang='lat' dir='ltr'>esse</span> <span class='ocrx_word' id='word_1_91' title='bbox 2739 655 2753 693; x_wconf 92' lang='lat'><strong>:</strong></span> <span class='ocrx_word' id='word_1_92' title='bbox 2801 642 2861 694; x_wconf 91' lang='lat' dir='ltr'>et</span> <span class='ocrx_word' id='word_1_93' title='bbox 2889 637 3185 711; x_wconf 84' lang='lat' dir='ltr'>Styliauus</span> <span class='ocrx_word' id='word_1_94' title='bbox 3227 635 3428 710; x_wconf 78' lang='lat' dir='ltr'>palatii</span> <span class='ocrx_word' id='word_1_95' title='bbox 3460 637 3662 692; x_wconf 90' lang='lat' dir='ltr'>Proto-</span> 
     </span>
    </p>
   </div>
   <div class='ocr_carea' id='block_1_16' title="bbox 2007 725 3662 799">
    <p class='ocr_par' dir='ltr' id='par_1_16' title="bbox 2007 725 3662 799">
     <span class='ocr_line' id='line_1_16' title="bbox 2007 725 3662 799; baseline 0.001 -20"><span class='ocrx_word' id='word_1_96' title='bbox 2007 740 2181 796; x_wconf 86' lang='lat' dir='ltr'>papa,</span> <span class='ocrx_word' id='word_1_97' title='bbox 2212 725 2312 797; x_wconf 91' lang='lat' dir='ltr'>qui</span> <span class='ocrx_word' id='word_1_98' title='bbox 2362 742 2495 781; x_wconf 90' lang='lat' dir='ltr'>cum</span> <span class='ocrx_word' id='word_1_99' title='bbox 2543 743 2838 782; x_wconf 88' lang='lat' dir='ltr'>rumorem</span> <span class='ocrx_word' id='word_1_100' title='bbox 2892 726 3079 798; x_wconf 89' lang='lat' dir='ltr'>primo</span> <span class='ocrx_word' id='word_1_101' title='bbox 3119 726 3393 799; x_wconf 79' lang='lat' dir='ltr'>vulgasse</span> <span class='ocrx_word' id='word_1_102' title='bbox 3431 725 3662 781; x_wconf 82' lang='lat' dir='ltr'>fereba-</span> 
     </span>
    </p>
   </div>
   <div class='ocr_carea' id='block_1_17' title="bbox 2006 816 3660 887">
    <p class='ocr_par' dir='ltr' id='par_1_17' title="bbox 2006 816 3660 887">
     <span class='ocr_line' id='line_1_17' title="bbox 2006 816 3660 887; baseline 0.001 -19"><span class='ocrx_word' id='word_1_103' title='bbox 2006 817 2120 880; x_wconf 92' lang='lat' dir='ltr'>tur,</span> <span class='ocrx_word' id='word_1_104' title='bbox 2185 831 2248 870; x_wconf 90' lang='lat' dir='ltr'>se</span> <span class='ocrx_word' id='word_1_105' title='bbox 2303 831 2371 872; x_wconf 88' lang='lat' dir='ltr'>ea</span> <span class='ocrx_word' id='word_1_106' title='bbox 2426 817 2498 872; x_wconf 91' lang='lat' dir='ltr'>de</span> <span class='ocrx_word' id='word_1_107' title='bbox 2563 832 2625 870; x_wconf 90' lang='lat' dir='ltr'>re</span> <span class='ocrx_word' id='word_1_108' title='bbox 2691 832 2879 887; x_wconf 84' lang='lat' dir='ltr'>neque</span> <span class='ocrx_word' id='word_1_109' title='bbox 2958 816 3107 872; x_wconf 87' lang='lat' dir='ltr'>scire</span> <span class='ocrx_word' id='word_1_110' title='bbox 3185 816 3490 887; x_wconf 79' lang='lat' dir='ltr'>quidnam,</span> <span class='ocrx_word' id='word_1_111' title='bbox 3554 830 3660 871; x_wconf 89' lang='lat' dir='ltr'>nec</span> 
     </span>
    </p>
   </div>
   <div class='ocr_carea' id='block_1_18' title="bbox 2006 902 3656 977">
    <p class='ocr_par' dir='ltr' id='par_1_18' title="bbox 2006 902 3656 977">
     <span class='ocr_line' id='line_1_18' title="bbox 2006 902 3656 977; baseline 0.002 -20"><span class='ocrx_word' id='word_1_112' title='bbox 2006 902 2224 959; x_wconf 74' lang='lat' dir='ltr'>dixisse</span> <span class='ocrx_word' id='word_1_113' title='bbox 2255 905 2326 959; x_wconf 85' lang='lat' dir='ltr'>ad</span> <span class='ocrx_word' id='word_1_114' title='bbox 2358 921 2740 977; x_wconf 87' lang='lat' dir='ltr'>quemquam,</span> <span class='ocrx_word' id='word_1_115' title='bbox 2774 906 2835 960; x_wconf 91' lang='lat' dir='ltr'>in</span> <span class='ocrx_word' id='word_1_116' title='bbox 2880 905 3123 961; x_wconf 89' lang='lat' dir='ltr'>concilio</span> <span class='ocrx_word' id='word_1_117' title='bbox 3146 904 3390 976; x_wconf 90' lang='lat' dir='ltr'>juravit.</span> <span class='ocrx_word' id='word_1_118' title='bbox 3422 904 3524 960; x_wconf 89' lang='lat' dir='ltr'>His</span> <span class='ocrx_word' id='word_1_119' title='bbox 3556 905 3656 960; x_wconf 85' lang='lat' dir='ltr'>de-</span> 
     </span>
    </p>
   </div>
   <div class='ocr_carea' id='block_1_19' title="bbox 2005 993 3657 1066">
    <p class='ocr_par' dir='ltr' id='par_1_19' title="bbox 2005 993 3657 1066">
     <span class='ocr_line' id='line_1_19' title="bbox 2005 993 3657 1066; baseline 0.001 -19"><span class='ocrx_word' id='word_1_120' title='bbox 2005 1009 2168 1047; x_wconf 90' lang='lat' dir='ltr'>mum</span> <span class='ocrx_word' id='word_1_121' title='bbox 2229 993 2397 1049; x_wconf 83' lang='lat' dir='ltr'>factis</span> <span class='ocrx_word' id='word_1_122' title='bbox 2445 994 2776 1065; x_wconf 80' lang='lat' dir='ltr'>patriarcha</span> <span class='ocrx_word' id='word_1_123' title='bbox 2816 995 3209 1066; x_wconf 87' lang='lat' dir='ltr'>Nicephorum</span> <span class='ocrx_word' id='word_1_124' title='bbox 3242 993 3478 1065; x_wconf 85' lang='lat' dir='ltr'><strong>recepit.</strong></span> <span class='ocrx_word' id='word_1_125' title='bbox 3510 995 3657 1049; x_wconf 87' lang='lat' dir='ltr'>Cum</span> 
     </span>
    </p>
   </div>
   <div class='ocr_carea' id='block_1_20' title="bbox 2005 1080 3652 1154">
    <p class='ocr_par' dir='ltr' id='par_1_20' title="bbox 2005 1080 3652 1154">
     <span class='ocr_line' id='line_1_20' title="bbox 2005 1080 3652 1154; baseline 0.001 -19"><span class='ocrx_word' id='word_1_126' title='bbox 2005 1086 2199 1136; x_wconf 88' lang='lat' dir='ltr'>autem</span> <span class='ocrx_word' id='word_1_127' title='bbox 2233 1081 2570 1138; x_wconf 91' lang='lat' dir='ltr'>Silicienses</span> <span class='ocrx_word' id='word_1_128' title='bbox 2614 1082 2874 1138; x_wconf 84' lang='lat' dir='ltr'>saraceni</span> <span class='ocrx_word' id='word_1_129' title='bbox 2921 1099 2990 1139; x_wconf 82' lang='lat' dir='ltr'><strong>ex</strong></span> <span class='ocrx_word' id='word_1_130' title='bbox 3036 1082 3297 1153; x_wconf 84' lang='lat' dir='ltr'>antiquis</span> <span class='ocrx_word' id='word_1_131' title='bbox 3328 1080 3516 1154; x_wconf 86' lang='lat' dir='ltr'>pactis</span> <span class='ocrx_word' id='word_1_132' title='bbox 3545 1082 3652 1137; x_wconf 87' lang='lat' dir='ltr'>tri-</span> 
     </span>
    </p>
   </div>
   <div class='ocr_carea' id='block_1_21' title="bbox 2001 1169 3652 1242">
    <p class='ocr_par' dir='ltr' id='par_1_21' title="bbox 2001 1169 3652 1242">
     <span class='ocr_line' id='line_1_21' title="bbox 2001 1169 3652 1242; baseline 0 -17"><span class='ocrx_word' id='word_1_133' title='bbox 2001 1169 2214 1225; x_wconf 89' lang='lat' dir='ltr'>butum</span> <span class='ocrx_word' id='word_1_134' title='bbox 2247 1187 2281 1226; x_wconf 91' lang='lat' dir='ltr'>a</span> <span class='ocrx_word' id='word_1_135' title='bbox 2309 1169 2587 1226; x_wconf 83' lang='lat' dir='ltr'>Romanis</span> <span class='ocrx_word' id='word_1_136' title='bbox 2617 1170 3001 1242; x_wconf 81' lang='lat' dir='ltr'>postularent.</span> <span class='ocrx_word' id='word_1_137' title='bbox 3025 1170 3384 1242; x_wconf 87' lang='lat' dir='ltr'>Nicephorus</span> <span class='ocrx_word' id='word_1_138' title='bbox 3419 1186 3536 1225; x_wconf 90' lang='lat' dir='ltr'>non</span> <span class='ocrx_word' id='word_1_139' title='bbox 3569 1171 3652 1225; x_wconf 86' lang='lat' dir='ltr'>fe-</span> 
     </span>
    </p>
   </div>
   <div class='ocr_carea' id='block_1_22' title="bbox 239 1253 1880 1334">
    <p class='ocr_par' dir='ltr' id='par_1_22' title="bbox 239 1253 1880 1334">
     <span class='ocr_line' id='line_1_22' title="bbox 239 1253 1880 1334; baseline -0.001 -24"><span class='ocrx_word' id='word_1_140' title='bbox 239 1258 364 1328; x_wconf 71' lang='grc' dir='ltr'>αὗτῷ</span> <span class='ocrx_word' id='word_1_141' title='bbox 391 1253 678 1334; x_wconf 73' lang='grc' dir='ltr'>ἔγγραφον</span> <span class='ocrx_word' id='word_1_142' title='bbox 710 1257 986 1332; x_wconf 84' lang='grc' dir='ltr'>παρέσχον</span> <span class='ocrx_word' id='word_1_143' title='bbox 1030 1258 1132 1326; x_wconf 83' lang='grc' dir='ltr'>τήν</span> <span class='ocrx_word' id='word_1_144' title='bbox 1172 1256 1297 1331; x_wconf 88' lang='grc' dir='ltr'>περὶ</span> <span class='ocrx_word' id='word_1_145' title='bbox 1341 1257 1538 1312; x_wconf 78' lang='grc' dir='ltr'>τούτου</span> <span class='ocrx_word' id='word_1_146' title='bbox 1597 1255 1880 1332; x_wconf 88' lang='grc' dir='ltr'>ουγχώρη-</span> 
     </span>
    </p>
   </div>
   <div class='ocr_carea' id='block_1_23' title="bbox 1992 1253 3651 1334">
    <p class='ocr_par' dir='ltr' id='par_1_23' title="bbox 2001 1257 3651 1331">
     <span class='ocr_line' id='line_1_23' title="bbox 2001 1257 3651 1331; baseline 0.001 -18"><span class='ocrx_word' id='word_1_147' title='bbox 2001 1259 2250 1314; x_wconf 89' lang='lat' dir='ltr'>rendum</span> <span class='ocrx_word' id='word_1_148' title='bbox 2299 1275 2427 1314; x_wconf 88' lang='lat' dir='ltr'>esse</span> <span class='ocrx_word' id='word_1_149' title='bbox 2470 1263 2653 1316; x_wconf 91' lang='lat' dir='ltr'>ratus.</span> <span class='ocrx_word' id='word_1_150' title='bbox 2702 1259 2754 1315; x_wconf 89' lang='lat' dir='ltr'>si</span> <span class='ocrx_word' id='word_1_151' title='bbox 2799 1276 2861 1315; x_wconf 92' lang='lat' dir='ltr'>se</span> <span class='ocrx_word' id='word_1_152' title='bbox 2903 1259 3230 1331; x_wconf 85' lang='lat' dir='ltr'>imperante</span> <span class='ocrx_word' id='word_1_153' title='bbox 3260 1258 3502 1314; x_wconf 77' lang='lat' dir='ltr'>Romani</span> <span class='ocrx_word' id='word_1_154' title='bbox 3531 1257 3651 1314; x_wconf 88' lang='lat' dir='ltr'>illis</span> 
     </span>
    </p>
   </div>
   <div class='ocr_carea' id='block_1_24' title="bbox 238 1340 1880 1422">
    <p class='ocr_par' dir='ltr' id='par_1_24' title="bbox 238 1340 1880 1422">
     <span class='ocr_line' id='line_1_24' title="bbox 238 1340 1880 1422; baseline -0.001 -22"><span class='ocrx_word' id='word_1_155' title='bbox 238 1367 326 1401; x_wconf 82' lang='grc' dir='ltr'>σιν.</span> <span class='ocrx_word' id='word_1_156' title='bbox 355 1345 411 1402; x_wconf 77' lang='grc' dir='ltr'>Ὀ</span> <span class='ocrx_word' id='word_1_157' title='bbox 442 1341 504 1399; x_wconf 86' lang='grc' dir='ltr'>δέ</span> <span class='ocrx_word' id='word_1_158' title='bbox 534 1365 605 1419; x_wconf 90' lang='grc' dir='ltr'>γε</span> <span class='ocrx_word' id='word_1_159' title='bbox 652 1345 1006 1422; x_wconf 77' lang='grc' dir='ltr'>πατριάρχης</span> <span class='ocrx_word' id='word_1_160' title='bbox 1055 1340 1133 1399; x_wconf 84' lang='grc' dir='ltr'>ἔτι</span> <span class='ocrx_word' id='word_1_161' title='bbox 1191 1351 1290 1410; x_wconf 86' lang='grc' dir='ltr'>τῆς</span> <span class='ocrx_word' id='word_1_162' title='bbox 1341 1344 1547 1408; x_wconf 76' lang='grc' dir='ltr'>οἰκείας</span> <span class='ocrx_word' id='word_1_163' title='bbox 1600 1344 1880 1407; x_wconf 74' lang='grc' dir='ltr'>ἐνστάσεως</span> 
     </span>
    </p>
   </div>
   <div class='ocr_carea' id='block_1_25' title="bbox 1992 1340 3651 1422">
    <p class='ocr_par' dir='ltr' id='par_1_25' title="bbox 2000 1346 3651 1418">
     <span class='ocr_line' id='line_1_25' title="bbox 2000 1346 3651 1418; baseline -0.001 -16"><span class='ocrx_word' id='word_1_164' title='bbox 2000 1351 2195 1403; x_wconf 90' lang='lat' dir='ltr'>essent</span> <span class='ocrx_word' id='word_1_165' title='bbox 2226 1347 2544 1416; x_wconf 87' lang='lat' dir='ltr'>tributarii,</span> <span class='ocrx_word' id='word_1_166' title='bbox 2566 1347 2933 1403; x_wconf 82' lang='lat' dir='ltr'>Mannuelem</span> <span class='ocrx_word' id='word_1_167' title='bbox 2968 1347 3304 1418; x_wconf 88' lang='lat' dir='ltr'>patricium,</span> <span class='ocrx_word' id='word_1_168' title='bbox 3339 1346 3525 1418; x_wconf 87' lang='lat' dir='ltr'>patris</span> <span class='ocrx_word' id='word_1_169' title='bbox 3556 1346 3651 1402; x_wconf 89' lang='lat' dir='ltr'>sui</span> 
     </span>
    </p>
   </div>
   <div class='ocr_carea' id='block_1_26' title="bbox 233 1430 1880 1509">
    <p class='ocr_par' dir='ltr' id='par_1_26' title="bbox 233 1430 1880 1509">
     <span class='ocr_line' id='line_1_26' title="bbox 233 1430 1880 1509; baseline -0.001 -21"><span class='ocrx_word' id='word_1_170' title='bbox 233 1430 416 1509; x_wconf 69' lang='grc' dir='ltr'>εἴχετο,</span> <span class='ocrx_word' id='word_1_171' title='bbox 454 1433 677 1508; x_wconf 85' lang='grc' dir='ltr'>μέχρις</span> <span class='ocrx_word' id='word_1_172' title='bbox 726 1434 790 1490; x_wconf 76' lang='grc' dir='ltr'>οὗ</span> <span class='ocrx_word' id='word_1_173' title='bbox 839 1436 868 1489; x_wconf 86' lang='lat'>6</span> <span class='ocrx_word' id='word_1_174' title='bbox 918 1435 1003 1489; x_wconf 82' lang='grc' dir='ltr'>τοὶ</span> <span class='ocrx_word' id='word_1_175' title='bbox 1038 1433 1316 1497; x_wconf 89' lang='grc' dir='ltr'>Βασιλέως</span> <span class='ocrx_word' id='word_1_176' title='bbox 1372 1435 1553 1509; x_wconf 69' lang='grc' dir='ltr'>πατὴρ</span> <span class='ocrx_word' id='word_1_177' title='bbox 1601 1435 1630 1488; x_wconf 96' lang='lat'>6</span> <span class='ocrx_word' id='word_1_178' title='bbox 1686 1438 1880 1509; x_wconf 68' lang='grc' dir='ltr'>Καῖσαρ</span> 
     </span>
    </p>
   </div>
   <div class='ocr_carea' id='block_1_27' title="bbox 1992 1430 3651 1509">
    <p class='ocr_par' dir='ltr' id='par_1_27' title="bbox 2000 1434 3651 1508">
     <span class='ocr_line' id='line_1_27' title="bbox 2000 1434 3651 1508; baseline 0.001 -18"><span class='ocrx_word' id='word_1_179' title='bbox 2000 1435 2206 1491; x_wconf 91' lang='lat' dir='ltr'>Leonis</span> <span class='ocrx_word' id='word_1_180' title='bbox 2255 1436 2502 1492; x_wconf 84' lang='lat' dir='ltr'>nothum</span> <span class='ocrx_word' id='word_1_181' title='bbox 2552 1436 2765 1505; x_wconf 81' lang='lat' dir='ltr'>ﬁlium,</span> <span class='ocrx_word' id='word_1_182' title='bbox 2815 1436 2916 1508; x_wconf 91' lang='lat' dir='ltr'>qui</span> <span class='ocrx_word' id='word_1_183' title='bbox 2960 1443 3064 1493; x_wconf 85' lang='lat' dir='ltr'>Leo</span> <span class='ocrx_word' id='word_1_184' title='bbox 3111 1451 3245 1491; x_wconf 90' lang='lat' dir='ltr'>cum</span> <span class='ocrx_word' id='word_1_185' title='bbox 3293 1435 3404 1491; x_wconf 91' lang='lat' dir='ltr'>sub</span> <span class='ocrx_word' id='word_1_186' title='bbox 3459 1434 3651 1507; x_wconf 86' lang='lat' dir='ltr'>priore</span> 
     </span>
    </p>
   </div>
   <div class='ocr_carea' id='block_1_28' title="bbox 234 1519 1880 1599">
    <p class='ocr_par' dir='ltr' id='par_1_28' title="bbox 234 1519 1880 1599">
     <span class='ocr_line' id='line_1_28' title="bbox 234 1519 1880 1599; baseline -0.001 -22"><span class='ocrx_word' id='word_1_187' title='bbox 234 1519 423 1598; x_wconf 78' lang='grc' dir='ltr'>Βάρδας</span> <span class='ocrx_word' id='word_1_188' title='bbox 477 1520 754 1598; x_wconf 76' lang='grc' dir='ltr'>ἐνόρκους</span> <span class='ocrx_word' id='word_1_189' title='bbox 814 1522 962 1596; x_wconf 84' lang='grc' dir='ltr'>αὐτῷ</span> <span class='ocrx_word' id='word_1_190' title='bbox 1044 1523 1252 1585; x_wconf 77' lang='grc' dir='ltr'>πίστεις</span> <span class='ocrx_word' id='word_1_191' title='bbox 1308 1523 1636 1599; x_wconf 84' lang='grc' dir='ltr'>παρέσχετο,</span> <span class='ocrx_word' id='word_1_192' title='bbox 1695 1523 1768 1585; x_wconf 88' lang='grc' dir='ltr'>ὡς</span> <span class='ocrx_word' id='word_1_193' title='bbox 1827 1522 1880 1577; x_wconf 79' lang='grc' dir='ltr'>οὐ</span> 
     </span>
    </p>
   </div>
   <div class='ocr_carea' id='block_1_29' title="bbox 1992 1519 3651 1599">
    <p class='ocr_par' dir='ltr' id='par_1_29' title="bbox 1999 1524 3651 1596">
     <span class='ocr_line' id='line_1_29' title="bbox 1999 1524 3651 1596; baseline -0.001 -17"><span class='ocrx_word' id='word_1_194' title='bbox 1999 1524 2261 1581; x_wconf 86' lang='lat' dir='ltr'>Romano</span> <span class='ocrx_word' id='word_1_195' title='bbox 2317 1524 2611 1596; x_wconf 82' lang='lat' dir='ltr'>legionum</span> <span class='ocrx_word' id='word_1_196' title='bbox 2666 1525 3027 1581; x_wconf 87' lang='lat' dir='ltr'>domesticus</span> <span class='ocrx_word' id='word_1_197' title='bbox 3069 1528 3245 1592; x_wconf 86' lang='lat' dir='ltr'>esset,</span> <span class='ocrx_word' id='word_1_198' title='bbox 3297 1524 3370 1580; x_wconf 90' lang='lat' dir='ltr'>ob</span> <span class='ocrx_word' id='word_1_199' title='bbox 3400 1539 3651 1596; x_wconf 84' lang='lat' dir='ltr'>regnum</span> 
     </span>
    </p>
   </div>
   <div class='ocr_carea' id='block_1_30' title="bbox 228 1608 1880 1689">
    <p class='ocr_par' dir='ltr' id='par_1_30' title="bbox 228 1608 1880 1689">
     <span class='ocr_line' id='line_1_30' title="bbox 228 1608 1880 1689; baseline 0 -24"><span class='ocrx_word' id='word_1_200' title='bbox 228 1611 428 1687; x_wconf 72' lang='grc' dir='ltr'>γέγονεν</span> <span class='ocrx_word' id='word_1_201' title='bbox 460 1612 492 1665; x_wconf 89' lang='lat'>6</span> <span class='ocrx_word' id='word_1_202' title='bbox 523 1610 800 1686; x_wconf 80' lang='grc' dir='ltr'>βασιλεὺς</span> <span class='ocrx_word' id='word_1_203' title='bbox 844 1616 951 1667; x_wconf 87' lang='grc' dir='ltr'>τῶν</span> <span class='ocrx_word' id='word_1_204' title='bbox 998 1618 1098 1680; x_wconf 78' lang='grc' dir='ltr'>τῆς</span> <span class='ocrx_word' id='word_1_205' title='bbox 1150 1616 1453 1689; x_wconf 80' lang='grc' dir='ltr'>Θεοφανοῦς</span> <span class='ocrx_word' id='word_1_206' title='bbox 1504 1608 1712 1667; x_wconf 79' lang='grc' dir='ltr'>παίδων</span> <span class='ocrx_word' id='word_1_207' title='bbox 1758 1610 1880 1666; x_wconf 82' lang='grc' dir='ltr'>ἀνά-</span> 
     </span>
    </p>
   </div>
   <div class='ocr_carea' id='block_1_31' title="bbox 1992 1608 3648 1689">
    <p class='ocr_par' dir='ltr' id='par_1_31' title="bbox 1998 1612 3648 1682">
     <span class='ocr_line' id='line_1_31' title="bbox 1998 1612 3648 1682; baseline 0.001 -15"><span class='ocrx_word' id='word_1_208' title='bbox 1998 1613 2329 1669; x_wconf 71' lang='lat' dir='ltr'>affectatum</span> <span class='ocrx_word' id='word_1_209' title='bbox 2374 1619 2612 1670; x_wconf 82' lang='lat' dir='ltr'>excatus</span> <span class='ocrx_word' id='word_1_210' title='bbox 2672 1614 2801 1682; x_wconf 90' lang='lat' dir='ltr'>fuit,</span> <span class='ocrx_word' id='word_1_211' title='bbox 2843 1618 3045 1670; x_wconf 87' lang='lat' dir='ltr'>contra</span> <span class='ocrx_word' id='word_1_212' title='bbox 3074 1630 3174 1669; x_wconf 88' lang='lat' dir='ltr'>eos</span> <span class='ocrx_word' id='word_1_213' title='bbox 3206 1612 3389 1669; x_wconf 88' lang='lat' dir='ltr'>misit.</span> <span class='ocrx_word' id='word_1_214' title='bbox 3426 1614 3480 1667; x_wconf 89' lang='lat' dir='ltr'>Is</span> <span class='ocrx_word' id='word_1_215' title='bbox 3512 1629 3648 1668; x_wconf 89' lang='lat' dir='ltr'>cum</span> 
     </span>
    </p>
   </div>
   <div class='ocr_carea' id='block_1_32' title="bbox 231 1698 1880 1777">
    <p class='ocr_par' dir='ltr' id='par_1_32' title="bbox 231 1698 1880 1777">
     <span class='ocr_line' id='line_1_32' title="bbox 231 1698 1880 1777; baseline -0.001 -21"><span class='ocrx_word' id='word_1_216' title='bbox 231 1698 404 1776; x_wconf 74' lang='grc' dir='ltr'>δοχος.</span> <span class='ocrx_word' id='word_1_217' title='bbox 435 1701 527 1755; x_wconf 80' lang='grc' dir='ltr'>καὶ</span> <span class='ocrx_word' id='word_1_218' title='bbox 567 1701 599 1755; x_wconf 87' lang='lat'>6</span> <span class='ocrx_word' id='word_1_219' title='bbox 634 1706 1017 1777; x_wconf 63' lang='grc' dir='ltr'>πρωοπαπᾶς</span> <span class='ocrx_word' id='word_1_220' title='bbox 1047 1698 1103 1755; x_wconf 74' lang='grc' dir='ltr'>δὲ</span> <span class='ocrx_word' id='word_1_221' title='bbox 1131 1705 1238 1755; x_wconf 76' lang='grc' dir='ltr'>τῶν</span> <span class='ocrx_word' id='word_1_222' title='bbox 1274 1699 1567 1777; x_wconf 86' lang='grc' dir='ltr'>βασιλείων</span> <span class='ocrx_word' id='word_1_223' title='bbox 1626 1699 1880 1755; x_wconf 86' lang='grc' dir='ltr'>Στυλεια-</span> 
     </span>
    </p>
   </div>
   <div class='ocr_carea' id='block_1_33' title="bbox 1992 1698 3645 1777">
    <p class='ocr_par' dir='ltr' id='par_1_33' title="bbox 1996 1700 3645 1773">
     <span class='ocr_line' id='line_1_33' title="bbox 1996 1700 3645 1773; baseline 0 -17"><span class='ocrx_word' id='word_1_224' title='bbox 1996 1701 2056 1756; x_wconf 90' lang='lat' dir='ltr'>in</span> <span class='ocrx_word' id='word_1_225' title='bbox 2085 1702 2344 1758; x_wconf 88' lang='lat' dir='ltr'>Siciliam</span> <span class='ocrx_word' id='word_1_226' title='bbox 2402 1719 2534 1758; x_wconf 90' lang='lat' dir='ltr'>cum</span> <span class='ocrx_word' id='word_1_227' title='bbox 2592 1702 2808 1758; x_wconf 92' lang='lat' dir='ltr'>illustri</span> <span class='ocrx_word' id='word_1_228' title='bbox 2862 1701 3048 1758; x_wconf 89' lang='lat' dir='ltr'>classe</span> <span class='ocrx_word' id='word_1_229' title='bbox 3095 1700 3477 1773; x_wconf 87' lang='lat' dir='ltr'>appulisset:</span> <span class='ocrx_word' id='word_1_230' title='bbox 3529 1717 3645 1756; x_wconf 90' lang='lat' dir='ltr'>non</span> 
     </span>
    </p>
   </div>
   <div class='ocr_carea' id='block_1_34' title="bbox 228 1786 1880 1866">
    <p class='ocr_par' dir='ltr' id='par_1_34' title="bbox 228 1786 1880 1866">
     <span class='ocr_line' id='line_1_34' title="bbox 228 1786 1880 1866; baseline 0 -23"><span class='ocrx_word' id='word_1_231' title='bbox 228 1790 327 1857; x_wconf 74' lang='grc' dir='ltr'>νὸς,</span> <span class='ocrx_word' id='word_1_232' title='bbox 373 1789 430 1851; x_wconf 87' lang='grc' dir='ltr'>’ὀς</span> <span class='ocrx_word' id='word_1_233' title='bbox 490 1786 727 1865; x_wconf 75' lang='grc' dir='ltr'>ἐλέγετο</span> <span class='ocrx_word' id='word_1_234' title='bbox 774 1794 991 1861; x_wconf 85' lang='grc' dir='ltr'>πρῶτος</span> <span class='ocrx_word' id='word_1_235' title='bbox 1057 1790 1226 1863; x_wconf 80' lang='grc' dir='ltr'>κήρυξ</span> <span class='ocrx_word' id='word_1_236' title='bbox 1281 1796 1382 1859; x_wconf 79' lang='grc' dir='ltr'>τῆς</span> <span class='ocrx_word' id='word_1_237' title='bbox 1433 1791 1627 1866; x_wconf 87' lang='grc' dir='ltr'>φήμης</span> <span class='ocrx_word' id='word_1_238' title='bbox 1682 1787 1880 1859; x_wconf 78' lang='grc' dir='ltr'>ταύτης</span> 
     </span>
    </p>
   </div>
   <div class='ocr_carea' id='block_1_35' title="bbox 1992 1786 3646 1866">
    <p class='ocr_par' dir='ltr' id='par_1_35' title="bbox 1997 1788 3646 1862">
     <span class='ocr_line' id='line_1_35' title="bbox 1997 1788 3646 1862; baseline -0.002 -17"><span class='ocrx_word' id='word_1_239' title='bbox 1997 1792 2167 1846; x_wconf 91' lang='lat' dir='ltr'>modo</span> <span class='ocrx_word' id='word_1_240' title='bbox 2200 1790 2343 1846; x_wconf 87' lang='lat' dir='ltr'>nihil</span> <span class='ocrx_word' id='word_1_241' title='bbox 2378 1790 2757 1847; x_wconf 84' lang='lat' dir='ltr'>memorabile</span> <span class='ocrx_word' id='word_1_242' title='bbox 2782 1790 2987 1862; x_wconf 82' lang='lat' dir='ltr'>gessit,</span> <span class='ocrx_word' id='word_1_243' title='bbox 3021 1791 3145 1855; x_wconf 91' lang='lat' dir='ltr'>sed,</span> <span class='ocrx_word' id='word_1_244' title='bbox 3177 1789 3352 1845; x_wconf 88' lang='lat' dir='ltr'>etiam</span> <span class='ocrx_word' id='word_1_245' title='bbox 3383 1805 3451 1844; x_wconf 81' lang='lat' dir='ltr'>ex</span> <span class='ocrx_word' id='word_1_246' title='bbox 3482 1788 3646 1859; x_wconf 91' lang='lat' dir='ltr'>inpe-</span> 
     </span>
    </p>
   </div>
   <div class='ocr_carea' id='block_1_36' title="bbox 228 1875 1880 1953">
    <p class='ocr_par' dir='ltr' id='par_1_36' title="bbox 228 1875 1880 1953">
     <span class='ocr_line' id='line_1_36' title="bbox 228 1875 1880 1953; baseline -0.001 -22"><span class='ocrx_word' id='word_1_247' title='bbox 228 1878 471 1953; x_wconf 75' lang='grc' dir='ltr'>γενέσθαι,</span> <span class='ocrx_word' id='word_1_248' title='bbox 520 1875 618 1932; x_wconf 81' lang='grc' dir='ltr'>ἐπὶ</span> <span class='ocrx_word' id='word_1_249' title='bbox 689 1875 912 1933; x_wconf 76' lang='grc' dir='ltr'>συνόδου</span> <span class='ocrx_word' id='word_1_250' title='bbox 970 1879 1096 1951; x_wconf 85' lang='grc' dir='ltr'>μήτ’</span> <span class='ocrx_word' id='word_1_251' title='bbox 1154 1875 1283 1932; x_wconf 76' lang='grc' dir='ltr'>ἰδεῖν</span> <span class='ocrx_word' id='word_1_252' title='bbox 1347 1879 1473 1950; x_wconf 88' lang='grc' dir='ltr'>μήτ’</span> <span class='ocrx_word' id='word_1_253' title='bbox 1530 1877 1699 1933; x_wconf 82' lang='grc' dir='ltr'>εἰπεῖν</span> <span class='ocrx_word' id='word_1_254' title='bbox 1759 1877 1880 1952; x_wconf 83' lang='grc' dir='ltr'>περὶ</span> 
     </span>
    </p>
   </div>
   <div class='ocr_carea' id='block_1_37' title="bbox 1992 1875 3644 1953">
    <p class='ocr_par' dir='ltr' id='par_1_37' title="bbox 1992 1877 3644 1950">
     <span class='ocr_line' id='line_1_37' title="bbox 1992 1877 3644 1950; baseline -0.001 -17"><span class='ocrx_word' id='word_1_255' title='bbox 1992 1879 2148 1944; x_wconf 82' lang='lat' dir='ltr'>ritia,</span> <span class='ocrx_word' id='word_1_256' title='bbox 2196 1884 2254 1935; x_wconf 89' lang='lat' dir='ltr'>et</span> <span class='ocrx_word' id='word_1_257' title='bbox 2311 1880 2538 1950; x_wconf 91' lang='lat' dir='ltr'>juvenii</span> <span class='ocrx_word' id='word_1_258' title='bbox 2583 1880 2813 1950; x_wconf 84' lang='lat' dir='ltr'>ferocia,</span> <span class='ocrx_word' id='word_1_259' title='bbox 2872 1878 2958 1935; x_wconf 87' lang='lat' dir='ltr'>vel</span> <span class='ocrx_word' id='word_1_260' title='bbox 3031 1878 3225 1950; x_wconf 89' lang='lat' dir='ltr'>potius</span> <span class='ocrx_word' id='word_1_261' title='bbox 3291 1877 3644 1945; x_wconf 81' lang='lat' dir='ltr'>temeritate,</span> 
     </span>
    </p>
   </div>
   <div class='ocr_carea' id='block_1_38' title="bbox 234 1963 1880 2042">
    <p class='ocr_par' dir='ltr' id='par_1_38' title="bbox 234 1963 1878 2042">
     <span class='ocr_line' id='line_1_38' title="bbox 234 1963 1878 2042; baseline 0 -23"><span class='ocrx_word' id='word_1_262' title='bbox 234 1966 405 2020; x_wconf 73' lang='grc' dir='ltr'>τούτου</span> <span class='ocrx_word' id='word_1_263' title='bbox 452 1966 600 2042; x_wconf 90' lang='grc' dir='ltr'>πρός</span> <span class='ocrx_word' id='word_1_264' title='bbox 654 1988 830 2039; x_wconf 87' lang='grc' dir='ltr'>τινας,</span> <span class='ocrx_word' id='word_1_265' title='bbox 893 1966 1224 2039; x_wconf 79' lang='grc' dir='ltr'>ἐξωμόσατο.</span> <span class='ocrx_word' id='word_1_266' title='bbox 1268 1965 1485 2022; x_wconf 72' lang='grc' dir='ltr'>Τούτων</span> <span class='ocrx_word' id='word_1_267' title='bbox 1539 1963 1597 2021; x_wconf 70' lang='grc' dir='ltr'>δὲ</span> <span class='ocrx_word' id='word_1_268' title='bbox 1653 1966 1878 2041; x_wconf 84' lang='grc' dir='ltr'>γενομέ-</span> 
     </span>
    </p>
   </div>
   <div class='ocr_carea' id='block_1_39' title="bbox 1992 1963 3637 2042">
    <p class='ocr_par' dir='ltr' id='par_1_39' title="bbox 1992 1966 3637 2040">
     <span class='ocr_line' id='line_1_39' title="bbox 1992 1966 3637 2040; baseline -0.002 -17"><span class='ocrx_word' id='word_1_269' title='bbox 1992 1967 2241 2039; x_wconf 80' lang='lat' dir='ltr'>graviter</span> <span class='ocrx_word' id='word_1_270' title='bbox 2277 1967 2546 2040; x_wconf 84' lang='lat' dir='ltr'>impegit,</span> <span class='ocrx_word' id='word_1_271' title='bbox 2568 1968 2695 2040; x_wconf 89' lang='lat' dir='ltr'>ipse</span> <span class='ocrx_word' id='word_1_272' title='bbox 2739 1985 2873 2024; x_wconf 90' lang='lat' dir='ltr'>cum</span> <span class='ocrx_word' id='word_1_273' title='bbox 2930 1968 3091 2023; x_wconf 89' lang='lat' dir='ltr'>omni</span> <span class='ocrx_word' id='word_1_274' title='bbox 3121 1966 3381 2022; x_wconf 84' lang='lat' dir='ltr'>exercitu</span> <span class='ocrx_word' id='word_1_275' title='bbox 3429 1982 3637 2023; x_wconf 70' lang='lat' dir='ltr'>caesus.</span> 
     </span>
    </p>
   </div>
   <div class='ocr_carea' id='block_1_40' title="bbox 234 2052 1880 2132">
    <p class='ocr_par' dir='ltr' id='par_1_40' title="bbox 234 2052 1877 2132">
     <span class='ocr_line' id='line_1_40' title="bbox 234 2052 1877 2132; baseline -0.001 -24"><span class='ocrx_word' id='word_1_276' title='bbox 234 2052 570 2127; x_wconf 79' lang='grc' dir='ltr'>νων’έδὲξατο</span> <span class='ocrx_word' id='word_1_277' title='bbox 601 2056 706 2109; x_wconf 85' lang='grc' dir='ltr'>τὸν</span> <span class='ocrx_word' id='word_1_278' title='bbox 756 2054 1071 2132; x_wconf 80' lang='grc' dir='ltr'>Νικηφόρον</span> <span class='ocrx_word' id='word_1_279' title='bbox 1120 2055 1148 2108; x_wconf 91' lang='lat'>6</span> <span class='ocrx_word' id='word_1_280' title='bbox 1196 2053 1566 2130; x_wconf 84' lang='grc' dir='ltr'>πατριάρχης.</span> <span class='ocrx_word' id='word_1_281' title='bbox 1593 2056 1717 2111; x_wconf 94' lang='grc' dir='ltr'>Τῶν</span> <span class='ocrx_word' id='word_1_282' title='bbox 1751 2052 1796 2109; x_wconf 86' lang='grc' dir='ltr'>δ’</span> <span class='ocrx_word' id='word_1_283' title='bbox 1826 2052 1877 2108; x_wconf 84' lang='grc' dir='ltr'>ἐν</span> 
     </span>
    </p>
   </div>
   <div class='ocr_carea' id='block_1_41' title="bbox 1992 2052 3641 2132">
    <p class='ocr_par' dir='ltr' id='par_1_41' title="bbox 1992 2054 3641 2113">
     <span class='ocr_line' id='line_1_41' title="bbox 1992 2054 3641 2113; baseline -0.001 -3"><span class='ocrx_word' id='word_1_284' title='bbox 1992 2063 2071 2111; x_wconf 85' lang='lat' dir='ltr'>Ac</span> <span class='ocrx_word' id='word_1_285' title='bbox 2111 2056 2172 2111; x_wconf 91' lang='lat' dir='ltr'>in</span> <span class='ocrx_word' id='word_1_286' title='bbox 2220 2056 2420 2112; x_wconf 89' lang='lat' dir='ltr'>Sicilia</span> <span class='ocrx_word' id='word_1_287' title='bbox 2464 2073 2557 2113; x_wconf 85' lang='lat' dir='ltr'>res</span> <span class='ocrx_word' id='word_1_288' title='bbox 2606 2058 2685 2112; x_wconf 87' lang='lat' dir='ltr'>ita</span> <span class='ocrx_word' id='word_1_289' title='bbox 2730 2060 2871 2112; x_wconf 62' lang='lat' dir='ltr'>actm</span> <span class='ocrx_word' id='word_1_290' title='bbox 2922 2061 3083 2111; x_wconf 83' lang='lat' dir='ltr'>sunt.</span> <span class='ocrx_word' id='word_1_291' title='bbox 3129 2059 3341 2110; x_wconf 89' lang='lat' dir='ltr'>Contra</span> <span class='ocrx_word' id='word_1_292' title='bbox 3378 2054 3641 2110; x_wconf 86' lang='lat' dir='ltr'>Ciliciam</span> 
     </span>
    </p>
   </div>
   <div class='ocr_carea' id='block_1_42' title="bbox 238 2140 1880 2219">
    <p class='ocr_par' dir='ltr' id='par_1_42' title="bbox 238 2140 1879 2219">
     <span class='ocr_line' id='line_1_42' title="bbox 238 2140 1879 2219; baseline 0.001 -22"><span class='ocrx_word' id='word_1_293' title='bbox 238 2141 435 2213; x_wconf 77' lang='grc' dir='ltr'>Σικελίᾳ</span> <span class='ocrx_word' id='word_1_294' title='bbox 512 2147 865 2219; x_wconf 87' lang='grc' dir='ltr'>Σαρακηνῶν</span> <span class='ocrx_word' id='word_1_295' title='bbox 937 2140 1142 2216; x_wconf 85' lang='grc' dir='ltr'>δασμὸν</span> <span class='ocrx_word' id='word_1_296' title='bbox 1218 2142 1566 2219; x_wconf 86' lang='grc' dir='ltr'>πραττόντων</span> <span class='ocrx_word' id='word_1_297' title='bbox 1632 2141 1691 2197; x_wconf 86' lang='grc' dir='ltr'>ἐκ</span> <span class='ocrx_word' id='word_1_298' title='bbox 1769 2147 1879 2198; x_wconf 88' lang='grc' dir='ltr'>τῶν</span> 
     </span>
    </p>
   </div>
   <div class='ocr_carea' id='block_1_43' title="bbox 1992 2140 3646 2219">
    <p class='ocr_par' dir='ltr' id='par_1_43' title="bbox 1992 2144 3646 2218">
     <span class='ocr_line' id='line_1_43' title="bbox 1992 2144 3646 2218; baseline -0.001 -18"><span class='ocrx_word' id='word_1_299' title='bbox 1992 2147 2208 2212; x_wconf 89' lang='lat' dir='ltr'>autem,</span> <span class='ocrx_word' id='word_1_300' title='bbox 2258 2161 2434 2216; x_wconf 89' lang='lat' dir='ltr'>quam</span> <span class='ocrx_word' id='word_1_301' title='bbox 2490 2150 2547 2201; x_wconf 89' lang='lat' dir='ltr'>et</span> <span class='ocrx_word' id='word_1_302' title='bbox 2590 2146 2781 2218; x_wconf 85' lang='lat' dir='ltr'>ipsam</span> <span class='ocrx_word' id='word_1_303' title='bbox 2839 2146 3083 2217; x_wconf 84' lang='lat' dir='ltr'>Agareni</span> <span class='ocrx_word' id='word_1_304' title='bbox 3131 2145 3429 2211; x_wconf 89' lang='lat' dir='ltr'>tenebant,</span> <span class='ocrx_word' id='word_1_305' title='bbox 3462 2144 3646 2216; x_wconf 89' lang='lat' dir='ltr'>magi-</span> 
     </span>
    </p>
   </div>
   <div class='ocr_carea' id='block_1_44' title="bbox 233 2229 1880 2307">
    <p class='ocr_par' dir='ltr' id='par_1_44' title="bbox 233 2229 1880 2307">
     <span class='ocr_line' id='line_1_44' title="bbox 233 2229 1880 2307; baseline -0.002 -19"><span class='ocrx_word' id='word_1_306' title='bbox 233 2232 496 2304; x_wconf 86' lang='grc' dir='ltr'>Ῥωμαίων</span> <span class='ocrx_word' id='word_1_307' title='bbox 551 2231 619 2287; x_wconf 83' lang='grc' dir='ltr'>ἐκ</span> <span class='ocrx_word' id='word_1_308' title='bbox 684 2230 933 2287; x_wconf 86' lang='grc' dir='ltr'>παλαιῶν</span> <span class='ocrx_word' id='word_1_309' title='bbox 987 2235 1288 2302; x_wconf 83' lang='grc' dir='ltr'>συνθηκῶν,</span> <span class='ocrx_word' id='word_1_310' title='bbox 1322 2232 1350 2288; x_wconf 90' lang='lat'>6</span> <span class='ocrx_word' id='word_1_311' title='bbox 1412 2229 1664 2307; x_wconf 74' lang='grc' dir='ltr'>βασιλεὺς</span> <span class='ocrx_word' id='word_1_312' title='bbox 1723 2231 1880 2294; x_wconf 79' lang='grc' dir='ltr'>οὗτος</span> 
     </span>
    </p>
   </div>
   <div class='ocr_carea' id='block_1_45' title="bbox 1992 2229 3641 2307">
    <p class='ocr_par' dir='ltr' id='par_1_45' title="bbox 1992 2233 3641 2291">
     <span class='ocr_line' id='line_1_45' title="bbox 1992 2233 3641 2291; baseline -0.001 -2"><span class='ocrx_word' id='word_1_313' title='bbox 1992 2238 2181 2289; x_wconf 88' lang='lat' dir='ltr'>strum</span> <span class='ocrx_word' id='word_1_314' title='bbox 2231 2233 2519 2290; x_wconf 85' lang='lat' dir='ltr'>Joannem</span> <span class='ocrx_word' id='word_1_315' title='bbox 2553 2234 2900 2291; x_wconf 88' lang='lat' dir='ltr'>Tzimiscem</span> <span class='ocrx_word' id='word_1_316' title='bbox 2952 2234 3205 2289; x_wconf 90' lang='lat' dir='ltr'>Grientis</span> <span class='ocrx_word' id='word_1_317' title='bbox 3256 2233 3641 2289; x_wconf 90' lang='lat' dir='ltr'>domesticum</span> 
     </span>
    </p>
   </div>
   <div class='ocr_carea' id='block_1_46' title="bbox 237 2317 1880 2397">
    <p class='ocr_par' dir='ltr' id='par_1_46' title="bbox 237 2317 1880 2397">
     <span class='ocr_line' id='line_1_46' title="bbox 237 2317 1880 2397; baseline 0.001 -23"><span class='ocrx_word' id='word_1_318' title='bbox 237 2320 320 2374; x_wconf 67' lang='grc' dir='ltr'>οὐκ</span> <span class='ocrx_word' id='word_1_319' title='bbox 345 2321 655 2396; x_wconf 73' lang='grc' dir='ltr'>ἀνασχετὸν</span> <span class='ocrx_word' id='word_1_320' title='bbox 708 2318 848 2394; x_wconf 78' lang='grc' dir='ltr'>ᾤετο</span> <span class='ocrx_word' id='word_1_321' title='bbox 907 2320 1071 2376; x_wconf 75' lang='grc' dir='ltr'>αὐτοῦ</span> <span class='ocrx_word' id='word_1_322' title='bbox 1123 2317 1508 2396; x_wconf 78' lang='grc' dir='ltr'>βασιλεύοντος</span> <span class='ocrx_word' id='word_1_323' title='bbox 1562 2326 1678 2384; x_wconf 88' lang='grc' dir='ltr'>τοῖς</span> <span class='ocrx_word' id='word_1_324' title='bbox 1724 2321 1880 2397; x_wconf 86' lang='grc' dir='ltr'>Ἀγα-</span> 
     </span>
    </p>
   </div>
   <div class='ocr_carea' id='block_1_47' title="bbox 1992 2317 3640 2397">
    <p class='ocr_par' dir='ltr' id='par_1_47' title="bbox 1992 2322 3640 2396">
     <span class='ocr_line' id='line_1_47' title="bbox 1992 2322 3640 2396; baseline -0.001 -18"><span class='ocrx_word' id='word_1_325' title='bbox 1992 2322 2389 2394; x_wconf 88' lang='lat' dir='ltr'>designatum,</span> <span class='ocrx_word' id='word_1_326' title='bbox 2420 2323 2728 2396; x_wconf 84' lang='lat' dir='ltr'>ablegavit.</span> <span class='ocrx_word' id='word_1_327' title='bbox 2750 2323 2858 2388; x_wconf 88' lang='lat' dir='ltr'>Qui</span> <span class='ocrx_word' id='word_1_328' title='bbox 2889 2340 3024 2379; x_wconf 88' lang='lat' dir='ltr'>cum</span> <span class='ocrx_word' id='word_1_329' title='bbox 3053 2322 3640 2390; x_wconf 86' lang='lat' dir='ltr'>Adanam,venisset,</span> 
     </span>
    </p>
   </div>
   <div class='ocr_carea' id='block_1_48' title="bbox 236 2408 1880 2486">
    <p class='ocr_par' dir='ltr' id='par_1_48' title="bbox 236 2408 1880 2486">
     <span class='ocr_line' id='line_1_48' title="bbox 236 2408 1880 2486; baseline 0.001 -23"><span class='ocrx_word' id='word_1_330' title='bbox 236 2414 395 2484; x_wconf 76' lang='grc' dir='ltr'>ρηνοῖς</span> <span class='ocrx_word' id='word_1_331' title='bbox 453 2409 785 2483; x_wconf 80' lang='grc' dir='ltr'>Ῥωμαίους</span> <span class='ocrx_word' id='word_1_332' title='bbox 861 2409 1300 2486; x_wconf 81' lang='grc' dir='ltr'>φορολογεῖσθαι.</span> <span class='ocrx_word' id='word_1_333' title='bbox 1379 2411 1474 2465; x_wconf 85' lang='grc' dir='ltr'>Διὸ</span> <span class='ocrx_word' id='word_1_334' title='bbox 1535 2411 1651 2464; x_wconf 85' lang='grc' dir='ltr'>κατ’</span> <span class='ocrx_word' id='word_1_335' title='bbox 1704 2408 1880 2464; x_wconf 74' lang='grc' dir='ltr'>αὐτῶν</span> 
     </span>
    </p>
   </div>
   <div class='ocr_carea' id='block_1_49' title="bbox 1992 2408 3645 2486">
    <p class='ocr_par' dir='ltr' id='par_1_49' title="bbox 1992 2409 3645 2485">
     <span class='ocr_line' id='line_1_49' title="bbox 1992 2409 3645 2485; baseline -0.001 -19"><span class='ocrx_word' id='word_1_336' title='bbox 1992 2411 2061 2466; x_wconf 91' lang='lat' dir='ltr'>de</span> <span class='ocrx_word' id='word_1_337' title='bbox 2088 2413 2217 2483; x_wconf 85' lang='lat' dir='ltr'>ejus</span> <span class='ocrx_word' id='word_1_338' title='bbox 2269 2411 2380 2467; x_wconf 93' lang='lat' dir='ltr'>loci</span> <span class='ocrx_word' id='word_1_339' title='bbox 2435 2413 2718 2485; x_wconf 88' lang='lat' dir='ltr'>Agarenis</span> <span class='ocrx_word' id='word_1_340' title='bbox 2761 2411 3168 2484; x_wconf 88' lang='lat' dir='ltr'>triumphavit.</span> <span class='ocrx_word' id='word_1_341' title='bbox 3220 2412 3345 2477; x_wconf 89' lang='lat' dir='ltr'>Qua</span> <span class='ocrx_word' id='word_1_342' title='bbox 3399 2409 3645 2466; x_wconf 78' lang='lat' dir='ltr'>victoria</span> 
     </span>
    </p>
   </div>
   <div class='ocr_carea' id='block_1_50' title="bbox 239 2495 1880 2573">
    <p class='ocr_par' dir='ltr' id='par_1_50' title="bbox 239 2495 1880 2573">
     <span class='ocr_line' id='line_1_50' title="bbox 239 2495 1880 2573; baseline 0.001 -21"><span class='ocrx_word' id='word_1_343' title='bbox 239 2497 475 2571; x_wconf 75' lang='grc' dir='ltr'>ἐκπέμπει</span> <span class='ocrx_word' id='word_1_344' title='bbox 502 2498 786 2568; x_wconf 76' lang='grc' dir='ltr'>Μανουήλ</span> <span class='ocrx_word' id='word_1_345' title='bbox 835 2498 1119 2573; x_wconf 88' lang='grc' dir='ltr'>πατρίκιον</span> <span class='ocrx_word' id='word_1_346' title='bbox 1152 2500 1289 2572; x_wconf 86' lang='grc'>(59),</span> <span class='ocrx_word' id='word_1_347' title='bbox 1320 2497 1479 2563; x_wconf 87' lang='grc' dir='ltr'>νόθον</span> <span class='ocrx_word' id='word_1_348' title='bbox 1533 2500 1660 2554; x_wconf 81' lang='grc' dir='ltr'>ὅντα</span> <span class='ocrx_word' id='word_1_349' title='bbox 1714 2495 1880 2553; x_wconf 88' lang='grc' dir='ltr'>παῖδα</span> 
     </span>
    </p>
   </div>
   <div class='ocr_carea' id='block_1_51' title="bbox 1992 2495 3649 2573">
    <p class='ocr_par' dir='ltr' id='par_1_51' title="bbox 1992 2497 3649 2573">
     <span class='ocr_line' id='line_1_51' title="bbox 1992 2497 3649 2573; baseline -0.001 -17"><span class='ocrx_word' id='word_1_350' title='bbox 1992 2498 2296 2558; x_wconf 87' lang='lat' dir='ltr'>celebritas</span> <span class='ocrx_word' id='word_1_351' title='bbox 2347 2501 2606 2558; x_wconf 90' lang='lat' dir='ltr'>nominis</span> <span class='ocrx_word' id='word_1_352' title='bbox 2655 2501 2807 2573; x_wconf 84' lang='lat' dir='ltr'>ejus,</span> <span class='ocrx_word' id='word_1_353' title='bbox 2853 2505 2918 2556; x_wconf 92' lang='lat' dir='ltr'>ut</span> <span class='ocrx_word' id='word_1_354' title='bbox 2962 2499 3188 2556; x_wconf 90' lang='lat' dir='ltr'>strenui</span> <span class='ocrx_word' id='word_1_355' title='bbox 3237 2499 3426 2570; x_wconf 88' lang='lat' dir='ltr'>ducis,</span> <span class='ocrx_word' id='word_1_356' title='bbox 3489 2497 3649 2555; x_wconf 87' lang='lat' dir='ltr'>mul-</span> 
     </span>
    </p>
   </div>
   <div class='ocr_carea' id='block_1_52' title="bbox 235 2584 1880 2665">
    <p class='ocr_par' dir='ltr' id='par_1_52' title="bbox 235 2584 1880 2665">
     <span class='ocr_line' id='line_1_52' title="bbox 235 2584 1880 2665; baseline 0.001 -26"><span class='ocrx_word' id='word_1_357' title='bbox 235 2590 312 2640; x_wconf 76' lang='grc' dir='ltr'>τοῖι</span> <span class='ocrx_word' id='word_1_358' title='bbox 339 2584 743 2665; x_wconf 78' lang='grc' dir='ltr'>πατραδέλφου</span> <span class='ocrx_word' id='word_1_359' title='bbox 794 2588 961 2643; x_wconf 78' lang='grc' dir='ltr'>αὐτοῦ</span> <span class='ocrx_word' id='word_1_360' title='bbox 1009 2588 1261 2658; x_wconf 83' lang='grc' dir='ltr'>Λέοντος,</span> <span class='ocrx_word' id='word_1_361' title='bbox 1307 2587 1365 2651; x_wconf 81' lang='grc' dir='ltr'>ὃς</span> <span class='ocrx_word' id='word_1_362' title='bbox 1422 2584 1742 2661; x_wconf 77' lang='grc' dir='ltr'>δομέστικος</span> <span class='ocrx_word' id='word_1_363' title='bbox 1789 2607 1880 2663; x_wconf 89' lang='grc' dir='ltr'>γε-</span> 
     </span>
    </p>
   </div>
   <div class='ocr_carea' id='block_1_53' title="bbox 1992 2584 2463 2665">
    <p class='ocr_par' dir='ltr' id='par_1_53' title="bbox 1993 2593 2463 2646">
     <span class='ocr_line' id='line_1_53' title="bbox 1993 2593 2463 2646; baseline 0.006 -3"><span class='ocrx_word' id='word_1_364' title='bbox 1993 2593 2121 2644; x_wconf 85' lang='lat' dir='ltr'>tum</span> <span class='ocrx_word' id='word_1_365' title='bbox 2154 2594 2325 2646; x_wconf 88' lang='lat' dir='ltr'>aucta</span> <span class='ocrx_word' id='word_1_366' title='bbox 2354 2596 2463 2646; x_wconf 89' lang='lat' dir='ltr'>est.</span> 
     </span>
    </p>
   </div>
   <div class='ocr_carea' id='block_1_54' title="bbox 240 2673 3647 2753">
    <p class='ocr_par' dir='ltr' id='par_1_54' title="bbox 240 2673 3647 2753">
     <span class='ocr_line' id='line_1_54' title="bbox 240 2673 3647 2753; baseline 0 -24"><span class='ocrx_word' id='word_1_367' title='bbox 240 2675 392 2749; x_wconf 75' lang='grc' dir='ltr'>γονὼς</span> <span class='ocrx_word' id='word_1_368' title='bbox 437 2680 549 2731; x_wconf 88' lang='grc' dir='ltr'>τῶν</span> <span class='ocrx_word' id='word_1_369' title='bbox 613 2675 872 2752; x_wconf 77' lang='grc' dir='ltr'>σχολῶν,</span> <span class='ocrx_word' id='word_1_370' title='bbox 905 2674 993 2730; x_wconf 76' lang='grc' dir='ltr'>ἐπὶ</span> <span class='ocrx_word' id='word_1_371' title='bbox 1052 2678 1334 2749; x_wconf 89' lang='grc' dir='ltr'>Ῥωμανοῦ</span> <span class='ocrx_word' id='word_1_372' title='bbox 1391 2680 1488 2731; x_wconf 80' lang='grc' dir='ltr'>τοῦ</span> <span class='ocrx_word' id='word_1_373' title='bbox 1538 2674 1790 2753; x_wconf 85' lang='grc' dir='ltr'>γέροντος</span> <span class='ocrx_word' id='word_1_374' title='bbox 1844 2673 2120 2752; x_wconf 76' lang='grc' dir='ltr'>τυραννίδι</span> <span class='ocrx_word' id='word_1_375' title='bbox 2178 2675 2530 2753; x_wconf 78' lang='grc' dir='ltr'>ἐπιχειρήσας</span> <span class='ocrx_word' id='word_1_376' title='bbox 2590 2676 2852 2753; x_wconf 80' lang='grc' dir='ltr'>ἐπηρώθη</span> <span class='ocrx_word' id='word_1_377' title='bbox 2910 2676 3043 2743; x_wconf 83' lang='grc' dir='ltr'>τοὺς</span> <span class='ocrx_word' id='word_1_378' title='bbox 3092 2674 3438 2753; x_wconf 76' lang='grc' dir='ltr'>ὀφθαλμοὺς.</span> <span class='ocrx_word' id='word_1_379' title='bbox 3471 2675 3647 2737; x_wconf 81' lang='grc' dir='ltr'>Οὗτος</span> 
     </span>
    </p>
   </div>
   <div class='ocr_carea' id='block_1_55' title="bbox 237 2762 3646 2844">
    <p class='ocr_par' dir='ltr' id='par_1_55' title="bbox 237 2762 3646 2844">
     <span class='ocr_line' id='line_1_55' title="bbox 237 2762 3646 2844; baseline 0 -27"><span class='ocrx_word' id='word_1_380' title='bbox 237 2766 393 2819; x_wconf 81' lang='grc' dir='ltr'>τοίνυν</span> <span class='ocrx_word' id='word_1_381' title='bbox 423 2766 453 2820; x_wconf 78' lang='grc' dir='ltr'>’ὀ</span> <span class='ocrx_word' id='word_1_382' title='bbox 483 2764 767 2835; x_wconf 76' lang='grc' dir='ltr'>Μανουήλ</span> <span class='ocrx_word' id='word_1_383' title='bbox 821 2765 913 2820; x_wconf 79' lang='grc' dir='ltr'>σὺν</span> <span class='ocrx_word' id='word_1_384' title='bbox 963 2770 1201 2837; x_wconf 83' lang='grc' dir='ltr'>ναυτικῷ</span> <span class='ocrx_word' id='word_1_385' title='bbox 1255 2770 1539 2844; x_wconf 78' lang='grc' dir='ltr'>περιφανεῖ</span> <span class='ocrx_word' id='word_1_386' title='bbox 1592 2769 1660 2840; x_wconf 79' lang='grc' dir='ltr'>τῇ</span> <span class='ocrx_word' id='word_1_387' title='bbox 1722 2762 1949 2838; x_wconf 82' lang='grc' dir='ltr'>Σικελίᾳ</span> <span class='ocrx_word' id='word_1_388' title='bbox 2002 2764 2540 2843; x_wconf 85' lang='grc' dir='ltr'>προσορμισάμενος,</span> <span class='ocrx_word' id='word_1_389' title='bbox 2591 2767 2655 2821; x_wconf 82' lang='grc' dir='ltr'>οὐ</span> <span class='ocrx_word' id='word_1_390' title='bbox 2718 2765 2881 2839; x_wconf 87' lang='grc' dir='ltr'>μόνον</span> <span class='ocrx_word' id='word_1_391' title='bbox 2942 2763 3094 2821; x_wconf 77' lang='grc' dir='ltr'>οὐδέν</span> <span class='ocrx_word' id='word_1_392' title='bbox 3151 2787 3204 2821; x_wconf 91' lang='grc' dir='ltr'>τι</span> <span class='ocrx_word' id='word_1_393' title='bbox 3261 2765 3646 2840; x_wconf 86' lang='grc' dir='ltr'>κατώρθωσεν,</span> 
     </span>
    </p>
   </div>
   <div class='ocr_carea' id='block_1_56' title="bbox 241 2849 3647 2931">
    <p class='ocr_par' dir='ltr' id='par_1_56' title="bbox 241 2849 3647 2931">
     <span class='ocr_line' id='line_1_56' title="bbox 241 2849 3647 2931; baseline 0.001 -27"><span class='ocrx_word' id='word_1_394' title='bbox 241 2849 361 2907; x_wconf 76' lang='grc' dir='ltr'>ἆλλᾶ</span> <span class='ocrx_word' id='word_1_395' title='bbox 410 2852 503 2908; x_wconf 84' lang='grc' dir='ltr'>καὶ</span> <span class='ocrx_word' id='word_1_396' title='bbox 556 2852 696 2909; x_wconf 82' lang='grc' dir='ltr'>λίαν</span> <span class='ocrx_word' id='word_1_397' title='bbox 745 2852 952 2931; x_wconf 77' lang='grc' dir='ltr'>ἐσφάλη</span> <span class='ocrx_word' id='word_1_398' title='bbox 1015 2853 1066 2923; x_wconf 79' lang='grc' dir='ltr'>ἐξ</span> <span class='ocrx_word' id='word_1_399' title='bbox 1123 2851 1371 2927; x_wconf 83' lang='grc' dir='ltr'>ἀπειρίας</span> <span class='ocrx_word' id='word_1_400' title='bbox 1445 2853 1532 2907; x_wconf 87' lang='grc' dir='ltr'>καὶ</span> <span class='ocrx_word' id='word_1_401' title='bbox 1592 2855 1919 2929; x_wconf 76' lang='grc' dir='ltr'>νεωτερικῆς</span> <span class='ocrx_word' id='word_1_402' title='bbox 1999 2854 2329 2930; x_wconf 82' lang='grc' dir='ltr'>ἀγερωχίας,</span> <span class='ocrx_word' id='word_1_403' title='bbox 2387 2852 2423 2923; x_wconf 73' lang='grc' dir='ltr'><strong>ἢ</strong></span> <span class='ocrx_word' id='word_1_404' title='bbox 2485 2852 2698 2926; x_wconf 85' lang='grc' dir='ltr'>μᾶλλον</span> <span class='ocrx_word' id='word_1_405' title='bbox 2770 2851 3117 2916; x_wconf 82' lang='grc' dir='ltr'>ἀτασθαλίας.</span> <span class='ocrx_word' id='word_1_406' title='bbox 3171 2851 3343 2915; x_wconf 81' lang='grc' dir='ltr'>Δῦτός</span> <span class='ocrx_word' id='word_1_407' title='bbox 3416 2873 3475 2907; x_wconf 89' lang='grc' dir='ltr'>τε</span> <span class='ocrx_word' id='word_1_408' title='bbox 3543 2851 3647 2927; x_wconf 76' lang='grc' dir='ltr'>γὰρ</span> 
     </span>
    </p>
   </div>
   <div class='ocr_carea' id='block_1_57' title="bbox 246 2937 3649 3018">
    <p class='ocr_par' dir='ltr' id='par_1_57' title="bbox 246 2937 3649 3018">
     <span class='ocr_line' id='line_1_57' title="bbox 246 2937 3649 3018; baseline 0.001 -25"><span class='ocrx_word' id='word_1_409' title='bbox 246 2937 449 2997; x_wconf 81' lang='grc' dir='ltr'>διώλετο</span> <span class='ocrx_word' id='word_1_410' title='bbox 478 2943 574 2998; x_wconf 80' lang='grc' dir='ltr'>καὶ</span> <span class='ocrx_word' id='word_1_411' title='bbox 617 2944 760 2997; x_wconf 80' lang='grc' dir='ltr'>ἅπαν</span> <span class='ocrx_word' id='word_1_412' title='bbox 787 2943 851 2997; x_wconf 84' lang='grc' dir='ltr'>τὸ</span> <span class='ocrx_word' id='word_1_413' title='bbox 883 2941 974 2996; x_wconf 76' lang='grc' dir='ltr'>σὺν</span> <span class='ocrx_word' id='word_1_414' title='bbox 1002 2942 1153 2997; x_wconf 83' lang='grc' dir='ltr'>αὐτῶ</span> <span class='ocrx_word' id='word_1_415' title='bbox 1180 2942 1589 3017; x_wconf 85' lang='grc' dir='ltr'>στρατιωτικὸν,</span> <span class='ocrx_word' id='word_1_416' title='bbox 1622 2943 1711 2997; x_wconf 86' lang='grc' dir='ltr'>καὶ</span> <span class='ocrx_word' id='word_1_417' title='bbox 1769 2942 1836 2997; x_wconf 80' lang='grc' dir='ltr'>τὰ</span> <span class='ocrx_word' id='word_1_418' title='bbox 1885 2943 1980 3015; x_wconf 76' lang='grc' dir='ltr'>μὶν</span> <span class='ocrx_word' id='word_1_419' title='bbox 2030 2943 2166 2997; x_wconf 74' lang='grc' dir='ltr'>κατὰ</span> <span class='ocrx_word' id='word_1_420' title='bbox 2214 2941 2464 2999; x_wconf 86' lang='grc' dir='ltr'>Σικελίαν</span> <span class='ocrx_word' id='word_1_421' title='bbox 2512 2944 2824 3018; x_wconf 84' lang='grc' dir='ltr'>συνέκυρσεν</span> <span class='ocrx_word' id='word_1_422' title='bbox 2883 2942 3044 3000; x_wconf 77' lang='grc' dir='ltr'>οὕτω.</span> <span class='ocrx_word' id='word_1_423' title='bbox 3081 2943 3226 2997; x_wconf 83' lang='grc' dir='ltr'>Κατᾶ</span> <span class='ocrx_word' id='word_1_424' title='bbox 3281 2939 3530 3004; x_wconf 83' lang='grc' dir='ltr'>Κιλικίας</span> <span class='ocrx_word' id='word_1_425' title='bbox 3590 2939 3649 2996; x_wconf 76' lang='grc' dir='ltr'>δὲ</span> 
     </span>
    </p>
   </div>
   <div class='ocr_carea' id='block_1_58' title="bbox 244 3027 3647 3108">
    <p class='ocr_par' dir='ltr' id='par_1_58' title="bbox 244 3027 3647 3108">
     <span class='ocr_line' id='line_1_58' title="bbox 244 3027 3647 3108; baseline 0 -25"><span class='ocrx_word' id='word_1_426' title='bbox 244 3028 333 3102; x_wconf 74' lang='grc' dir='ltr'>(καὶ</span> <span class='ocrx_word' id='word_1_427' title='bbox 378 3031 588 3102; x_wconf 71' lang='grc' dir='ltr'>ταύτης</span> <span class='ocrx_word' id='word_1_428' title='bbox 661 3028 720 3086; x_wconf 79' lang='grc' dir='ltr'>δὲ</span> <span class='ocrx_word' id='word_1_429' title='bbox 767 3029 1142 3107; x_wconf 70' lang='grc' dir='ltr'>οἷ”Αγαρηνοί</span> <span class='ocrx_word' id='word_1_430' title='bbox 1185 3029 1462 3106; x_wconf 81' lang='grc' dir='ltr'>ἐκράτουν)</span> <span class='ocrx_word' id='word_1_431' title='bbox 1493 3030 1755 3104; x_wconf 74' lang='grc' dir='ltr'>ἐκπέμπει</span> <span class='ocrx_word' id='word_1_432' title='bbox 1790 3031 1818 3085; x_wconf 87' lang='lat'>6</span> <span class='ocrx_word' id='word_1_433' title='bbox 1853 3027 2107 3105; x_wconf 81' lang='grc' dir='ltr'>βασιλεὺς</span> <span class='ocrx_word' id='word_1_434' title='bbox 2138 3032 2395 3103; x_wconf 85' lang='grc' dir='ltr'>Ἰωάννην</span> <span class='ocrx_word' id='word_1_435' title='bbox 2443 3030 2735 3108; x_wconf 86' lang='grc' dir='ltr'>μάγιστρον</span> <span class='ocrx_word' id='word_1_436' title='bbox 2791 3031 2883 3087; x_wconf 86' lang='grc' dir='ltr'>τὸν</span> <span class='ocrx_word' id='word_1_437' title='bbox 2940 3033 3275 3105; x_wconf 80' lang='grc' dir='ltr'>Τζιμισκῆν,</span> <span class='ocrx_word' id='word_1_438' title='bbox 3325 3036 3427 3101; x_wconf 83' lang='grc' dir='ltr'>τῆς</span> <span class='ocrx_word' id='word_1_439' title='bbox 3484 3030 3647 3085; x_wconf 81' lang='grc' dir='ltr'>Ἀνα-</span> 
     </span>
    </p>
   </div>
   <div class='ocr_carea' id='block_1_59' title="bbox 242 3116 3645 3198">
    <p class='ocr_par' dir='ltr' id='par_1_59' title="bbox 242 3116 3645 3198">
     <span class='ocr_line' id='line_1_59' title="bbox 242 3116 3645 3198; baseline 0 -27"><span class='ocrx_word' id='word_1_440' title='bbox 242 3116 389 3188; x_wconf 77' lang='grc' dir='ltr'>τολῆς</span> <span class='ocrx_word' id='word_1_441' title='bbox 418 3120 958 3197; x_wconf 83' lang='grc' dir='ltr'>προκεχειρισμένον</span> <span class='ocrx_word' id='word_1_442' title='bbox 990 3117 1425 3194; x_wconf 83' lang='grc' dir='ltr'>δομέστικον.’Ὁ</span> <span class='ocrx_word' id='word_1_443' title='bbox 1455 3117 1513 3175; x_wconf 77' lang='grc' dir='ltr'>δὲ</span> <span class='ocrx_word' id='word_1_444' title='bbox 1540 3120 1677 3195; x_wconf 88' lang='grc' dir='ltr'>πρὸς</span> <span class='ocrx_word' id='word_1_445' title='bbox 1706 3116 1941 3174; x_wconf 81' lang='grc' dir='ltr'>Ἀδαναν</span> <span class='ocrx_word' id='word_1_446' title='bbox 1975 3118 2324 3198; x_wconf 83' lang='grc' dir='ltr'>ἀφικόμενος,</span> <span class='ocrx_word' id='word_1_447' title='bbox 2351 3125 2469 3183; x_wconf 86' lang='grc' dir='ltr'>τοῖς</span> <span class='ocrx_word' id='word_1_448' title='bbox 2519 3117 2570 3175; x_wconf 88' lang='grc' dir='ltr'>ἐν</span> <span class='ocrx_word' id='word_1_449' title='bbox 2619 3118 2787 3195; x_wconf 78' lang='grc' dir='ltr'>ταύτῃ</span> <span class='ocrx_word' id='word_1_450' title='bbox 2845 3140 2904 3174; x_wconf 84' lang='grc' dir='ltr'>τε</span> <span class='ocrx_word' id='word_1_451' title='bbox 2959 3116 3268 3189; x_wconf 78' lang='grc' dir='ltr'>συνεπλάκη</span> <span class='ocrx_word' id='word_1_452' title='bbox 3299 3119 3645 3195; x_wconf 83' lang='grc' dir='ltr'>⁹Λγαρηνοῖς,</span> 
     </span>
    </p>
   </div>
   <div class='ocr_carea' id='block_1_60' title="bbox 241 3205 3410 3288">
    <p class='ocr_par' dir='ltr' id='par_1_60' title="bbox 241 3205 3410 3288">
     <span class='ocr_line' id='line_1_60' title="bbox 241 3205 3410 3288; baseline 0.001 -26"><span class='ocrx_word' id='word_1_453' title='bbox 241 3207 313 3261; x_wconf 72' lang='grc' dir='ltr'>καὶ</span> <span class='ocrx_word' id='word_1_454' title='bbox 337 3210 449 3263; x_wconf 80' lang='grc' dir='ltr'>κατ’</span> <span class='ocrx_word' id='word_1_455' title='bbox 480 3210 673 3265; x_wconf 74' lang='grc' dir='ltr'>αὑτῶν</span> <span class='ocrx_word' id='word_1_456' title='bbox 707 3208 967 3281; x_wconf 75' lang='grc' dir='ltr'>ἐστήσατο</span> <span class='ocrx_word' id='word_1_457' title='bbox 995 3205 1281 3286; x_wconf 84' lang='grc' dir='ltr'>τρὸπαιον.</span> <span class='ocrx_word' id='word_1_458' title='bbox 1316 3210 1608 3267; x_wconf 81' lang='grc' dir='ltr'>Κάντεῦθεν</span> <span class='ocrx_word' id='word_1_459' title='bbox 1637 3207 1798 3284; x_wconf 82' lang='grc' dir='ltr'>μέγαν</span> <span class='ocrx_word' id='word_1_460' title='bbox 1821 3208 1983 3264; x_wconf 80' lang='grc' dir='ltr'>αὐτὸν</span> <span class='ocrx_word' id='word_1_461' title='bbox 2014 3208 2050 3278; x_wconf 74' lang='grc' dir='ltr'>ἢ</span> <span class='ocrx_word' id='word_1_462' title='bbox 2081 3209 2342 3287; x_wconf 88' lang='grc' dir='ltr'>πρότερον</span> <span class='ocrx_word' id='word_1_463' title='bbox 2376 3210 2427 3265; x_wconf 81' lang='grc' dir='ltr'>ἐν</span> <span class='ocrx_word' id='word_1_464' title='bbox 2460 3210 2809 3288; x_wconf 82' lang='grc' dir='ltr'>στρατηγίαις</span> <span class='ocrx_word' id='word_1_465' title='bbox 2838 3211 2873 3264; x_wconf 63' lang='lat' dir='ltr'>ix</span> <span class='ocrx_word' id='word_1_466' title='bbox 2906 3211 2979 3287; x_wconf 77' lang='grc' dir='ltr'>φή</span> <span class='ocrx_word' id='word_1_467' title='bbox 2991 3232 3064 3283; x_wconf 84' lang='grc' dir='ltr'>μη</span> <span class='ocrx_word' id='word_1_468' title='bbox 3096 3208 3410 3285; x_wconf 75' lang='grc' dir='ltr'>ἐκήρυττεν.</span> 
     </span>
    </p>
   </div>
   <div class='ocr_carea' id='block_1_61' title="bbox 295 3369 1880 3450">
    <p class='ocr_par' dir='ltr' id='par_1_61' title="bbox 295 3369 1875 3450">
     <span class='ocr_line' id='line_1_61' title="bbox 295 3369 1875 3450; baseline 0 -24"><span class='ocrx_word' id='word_1_469' title='bbox 295 3369 574 3443; x_wconf 82' lang='grc' dir='ltr'>ΚΕ.Ἥδη</span> <span class='ocrx_word' id='word_1_470' title='bbox 638 3370 697 3427; x_wconf 75' lang='grc' dir='ltr'>δὲ</span> <span class='ocrx_word' id='word_1_471' title='bbox 740 3369 987 3448; x_wconf 77' lang='grc' dir='ltr'>δεύτερον</span> <span class='ocrx_word' id='word_1_472' title='bbox 1033 3371 1274 3428; x_wconf 85' lang='grc' dir='ltr'>ἐνιαυτὸν</span> <span class='ocrx_word' id='word_1_473' title='bbox 1327 3370 1503 3427; x_wconf 81' lang='grc' dir='ltr'>ἀνύων</span> <span class='ocrx_word' id='word_1_474' title='bbox 1554 3373 1582 3427; x_wconf 89' lang='grc' dir='ltr'>ὁ</span> <span class='ocrx_word' id='word_1_475' title='bbox 1629 3369 1875 3450; x_wconf 80' lang='grc' dir='ltr'>Νικηφό-</span> 
     </span>
    </p>
   </div>
   <div class='ocr_carea' id='block_1_62' title="bbox 1992 3369 3649 3450">
    <p class='ocr_par' dir='ltr' id='par_1_62' title="bbox 2051 3374 3649 3448">
     <span class='ocr_line' id='line_1_62' title="bbox 2051 3374 3649 3448; baseline 0 -19"><span class='ocrx_word' id='word_1_476' title='bbox 2051 3374 2222 3430; x_wconf 88' lang='lat' dir='ltr'>XXV.</span> <span class='ocrx_word' id='word_1_477' title='bbox 2280 3374 2642 3447; x_wconf 90' lang='lat' dir='ltr'>Nicephorus</span> <span class='ocrx_word' id='word_1_478' title='bbox 2716 3392 2886 3448; x_wconf 92' lang='lat' dir='ltr'>porro</span> <span class='ocrx_word' id='word_1_479' title='bbox 2944 3376 3201 3432; x_wconf 88' lang='lat' dir='ltr'>secundo</span> <span class='ocrx_word' id='word_1_480' title='bbox 3265 3374 3499 3447; x_wconf 91' lang='lat' dir='ltr'>imperii</span> <span class='ocrx_word' id='word_1_481' title='bbox 3555 3374 3649 3430; x_wconf 84' lang='lat' dir='ltr'>sui</span> 
     </span>
    </p>
   </div>
   <div class='ocr_carea' id='block_1_63' title="bbox 244 3458 1880 3537">
    <p class='ocr_par' dir='ltr' id='par_1_63' title="bbox 244 3458 1880 3537">
     <span class='ocr_line' id='line_1_63' title="bbox 244 3458 1880 3537; baseline 0.001 -24"><span class='ocrx_word' id='word_1_482' title='bbox 244 3477 316 3532; x_wconf 83' lang='grc' dir='ltr'>ρος</span> <span class='ocrx_word' id='word_1_483' title='bbox 364 3458 414 3515; x_wconf 87' lang='grc' dir='ltr'>ἐν</span> <span class='ocrx_word' id='word_1_484' title='bbox 468 3464 539 3534; x_wconf 78' lang='grc' dir='ltr'>τῇ</span> <span class='ocrx_word' id='word_1_485' title='bbox 609 3461 777 3537; x_wconf 78' lang='grc' dir='ltr'>ἀρχῇ,</span> <span class='ocrx_word' id='word_1_486' title='bbox 819 3461 982 3523; x_wconf 83' lang='grc' dir='ltr'>αὐτὸς</span> <span class='ocrx_word' id='word_1_487' title='bbox 1038 3459 1197 3531; x_wconf 78' lang='grc' dir='ltr'>ἔξεισι</span> <span class='ocrx_word' id='word_1_488' title='bbox 1255 3461 1394 3516; x_wconf 72' lang='grc' dir='ltr'>κατὰ</span> <span class='ocrx_word' id='word_1_489' title='bbox 1445 3459 1690 3522; x_wconf 86' lang='grc' dir='ltr'>Κιλικίας</span> <span class='ocrx_word' id='word_1_490' title='bbox 1751 3460 1880 3533; x_wconf 81' lang='grc' dir='ltr'>μετὰ</span> 
     </span>
    </p>
   </div>
   <div class='ocr_carea' id='block_1_64' title="bbox 1992 3458 3647 3537">
    <p class='ocr_par' dir='ltr' id='par_1_64' title="bbox 1992 3462 3647 3536">
     <span class='ocr_line' id='line_1_64' title="bbox 1992 3462 3647 3536; baseline 0 -19"><span class='ocrx_word' id='word_1_491' title='bbox 1992 3480 2163 3534; x_wconf 89' lang='lat' dir='ltr'>anno,</span> <span class='ocrx_word' id='word_1_492' title='bbox 2218 3463 2343 3535; x_wconf 89' lang='lat' dir='ltr'>ipse</span> <span class='ocrx_word' id='word_1_493' title='bbox 2394 3481 2527 3519; x_wconf 89' lang='lat' dir='ltr'>cum</span> <span class='ocrx_word' id='word_1_494' title='bbox 2580 3480 2793 3536; x_wconf 88' lang='lat' dir='ltr'>magna</span> <span class='ocrx_word' id='word_1_495' title='bbox 2851 3481 3028 3519; x_wconf 88' lang='lat' dir='ltr'>manu</span> <span class='ocrx_word' id='word_1_496' title='bbox 3077 3463 3338 3519; x_wconf 84' lang='lat' dir='ltr'>Ciliciam</span> <span class='ocrx_word' id='word_1_497' title='bbox 3394 3462 3647 3529; x_wconf 89' lang='lat' dir='ltr'>invadit,</span> 
     </span>
    </p>
   </div>
   <div class='ocr_carea' id='block_1_65' title="bbox 244 3547 1880 3625">
    <p class='ocr_par' dir='ltr' id='par_1_65' title="bbox 244 3547 1877 3625">
     <span class='ocr_line' id='line_1_65' title="bbox 244 3547 1877 3625; baseline 0.002 -25"><span class='ocrx_word' id='word_1_498' title='bbox 244 3547 432 3620; x_wconf 70' lang='grc' dir='ltr'>βαρείας</span> <span class='ocrx_word' id='word_1_499' title='bbox 478 3550 705 3625; x_wconf 85' lang='grc' dir='ltr'>χειρὸς,</span> <span class='ocrx_word' id='word_1_500' title='bbox 736 3549 828 3605; x_wconf 80' lang='grc' dir='ltr'>καὶ</span> <span class='ocrx_word' id='word_1_501' title='bbox 873 3552 973 3621; x_wconf 82' lang='grc' dir='ltr'>τήν</span> <span class='ocrx_word' id='word_1_502' title='bbox 1017 3551 1274 3625; x_wconf 80' lang='grc' dir='ltr'>Θεοφανὼ</span> <span class='ocrx_word' id='word_1_503' title='bbox 1327 3549 1461 3623; x_wconf 72' lang='grc' dir='ltr'>μετὰ</span> <span class='ocrx_word' id='word_1_504' title='bbox 1507 3554 1612 3604; x_wconf 90' lang='grc' dir='ltr'>τῶν</span> <span class='ocrx_word' id='word_1_505' title='bbox 1671 3547 1877 3604; x_wconf 90' lang='grc' dir='ltr'>παίδων</span> 
     </span>
    </p>
   </div>
   <div class='ocr_carea' id='block_1_66' title="bbox 1992 3547 3647 3625">
    <p class='ocr_par' dir='ltr' id='par_1_66' title="bbox 1992 3551 3647 3624">
     <span class='ocr_line' id='line_1_66' title="bbox 1992 3551 3647 3624; baseline -0.001 -16"><span class='ocrx_word' id='word_1_506' title='bbox 1992 3553 2422 3624; x_wconf 88' lang='lat' dir='ltr'>Theophanone</span> <span class='ocrx_word' id='word_1_507' title='bbox 2455 3554 2602 3609; x_wconf 74' lang='lat'>20‘!</span> <span class='ocrx_word' id='word_1_508' title='bbox 2641 3569 2873 3624; x_wconf 91' lang='lat' dir='ltr'>quoque</span> <span class='ocrx_word' id='word_1_509' title='bbox 2900 3569 3033 3609; x_wconf 88' lang='lat' dir='ltr'>cum</span> <span class='ocrx_word' id='word_1_510' title='bbox 3064 3552 3265 3608; x_wconf 85' lang='lat' dir='ltr'>liberis</span> <span class='ocrx_word' id='word_1_511' title='bbox 3296 3552 3426 3622; x_wconf 90' lang='lat' dir='ltr'>ejus</span> <span class='ocrx_word' id='word_1_512' title='bbox 3456 3551 3647 3607; x_wconf 90' lang='lat' dir='ltr'>addu-</span> 
     </span>
    </p>
   </div>
   <div class='ocr_carea' id='block_1_67' title="bbox 245 3635 1880 3714">
    <p class='ocr_par' dir='ltr' id='par_1_67' title="bbox 245 3635 1878 3714">
     <span class='ocr_line' id='line_1_67' title="bbox 245 3635 1878 3714; baseline 0.007 -25"><span class='ocrx_word' id='word_1_513' title='bbox 245 3635 383 3707; x_wconf 65' lang='grc' dir='ltr'>αὐτῆς</span> <span class='ocrx_word' id='word_1_514' title='bbox 425 3637 789 3714; x_wconf 83' lang='grc' dir='ltr'>ἐπαγόμενος,</span> <span class='ocrx_word' id='word_1_515' title='bbox 839 3640 926 3694; x_wconf 84' lang='grc' dir='ltr'>καὶ</span> <span class='ocrx_word' id='word_1_516' title='bbox 986 3641 1086 3710; x_wconf 78' lang='grc' dir='ltr'>τήν</span> <span class='ocrx_word' id='word_1_517' title='bbox 1151 3639 1247 3712; x_wconf 74' lang='grc' dir='ltr'>μὲν</span> <span class='ocrx_word' id='word_1_518' title='bbox 1305 3639 1412 3714; x_wconf 80' lang='grc' dir='ltr'>πρὸ</span> <span class='ocrx_word' id='word_1_519' title='bbox 1472 3645 1573 3709; x_wconf 81' lang='grc' dir='ltr'>τῆς</span> <span class='ocrx_word' id='word_1_520' title='bbox 1629 3637 1878 3701; x_wconf 82' lang='grc' dir='ltr'>Κιλικίας</span> 
     </span>
    </p>
   </div>
   <div class='ocr_carea' id='block_1_68' title="bbox 1992 3635 3646 3714">
    <p class='ocr_par' dir='ltr' id='par_1_68' title="bbox 1992 3640 3646 3713">
     <span class='ocr_line' id='line_1_68' title="bbox 1992 3640 3646 3713; baseline -0.001 -16"><span class='ocrx_word' id='word_1_521' title='bbox 1992 3646 2101 3708; x_wconf 86' lang='lat' dir='ltr'>cta,</span> <span class='ocrx_word' id='word_1_522' title='bbox 2134 3658 2317 3713; x_wconf 89' lang='lat' dir='ltr'>eaque</span> <span class='ocrx_word' id='word_1_523' title='bbox 2346 3640 2606 3709; x_wconf 88' lang='lat' dir='ltr'>Drizibii,</span> <span class='ocrx_word' id='word_1_524' title='bbox 2641 3642 2796 3712; x_wconf 89' lang='lat' dir='ltr'>quod</span> <span class='ocrx_word' id='word_1_525' title='bbox 2829 3645 2918 3698; x_wconf 90' lang='lat' dir='ltr'>est</span> <span class='ocrx_word' id='word_1_526' title='bbox 2959 3640 3265 3697; x_wconf 89' lang='lat' dir='ltr'>castellum</span> <span class='ocrx_word' id='word_1_527' title='bbox 3315 3640 3377 3695; x_wconf 92' lang='lat' dir='ltr'>in</span> <span class='ocrx_word' id='word_1_528' title='bbox 3434 3640 3646 3695; x_wconf 66' lang='lat' dir='ltr'>Cilicia</span> 
     </span>
    </p>
   </div>
   <div class='ocr_carea' id='block_1_69' title="bbox 242 3723 1880 3805">
    <p class='ocr_par' dir='ltr' id='par_1_69' title="bbox 242 3723 1877 3805">
     <span class='ocr_line' id='line_1_69' title="bbox 242 3723 1877 3805; baseline 0.001 -26"><span class='ocrx_word' id='word_1_529' title='bbox 242 3726 355 3780; x_wconf 80' lang='grc' dir='ltr'>κατά</span> <span class='ocrx_word' id='word_1_530' title='bbox 397 3729 458 3782; x_wconf 89' lang='grc' dir='ltr'>τὸ</span> <span class='ocrx_word' id='word_1_531' title='bbox 515 3723 806 3801; x_wconf 69' lang='grc' dir='ltr'>Δριζίϐιον</span> <span class='ocrx_word' id='word_1_532' title='bbox 857 3727 1143 3805; x_wconf 83' lang='grc' dir='ltr'>(φρούριον</span> <span class='ocrx_word' id='word_1_533' title='bbox 1223 3725 1280 3783; x_wconf 73' lang='grc' dir='ltr'>δὲ</span> <span class='ocrx_word' id='word_1_534' title='bbox 1337 3731 1516 3799; x_wconf 73' lang='grc' dir='ltr'>τοῦτο)</span> <span class='ocrx_word' id='word_1_535' title='bbox 1570 3723 1877 3799; x_wconf 82' lang='grc' dir='ltr'>κατέλιπεν,</span> 
     </span>
    </p>
   </div>
   <div class='ocr_carea' id='block_1_70' title="bbox 1992 3723 3643 3805">
    <p class='ocr_par' dir='ltr' id='par_1_70' title="bbox 1992 3729 3643 3799">
     <span class='ocr_line' id='line_1_70' title="bbox 1992 3729 3643 3799; baseline -0.001 -14"><span class='ocrx_word' id='word_1_536' title='bbox 1992 3731 2148 3786; x_wconf 88' lang='lat' dir='ltr'>aditu</span> <span class='ocrx_word' id='word_1_537' title='bbox 2209 3729 2509 3799; x_wconf 89' lang='lat' dir='ltr'>collocata,</span> <span class='ocrx_word' id='word_1_538' title='bbox 2558 3730 2942 3797; x_wconf 86' lang='lat' dir='ltr'>Anabarzam,</span> <span class='ocrx_word' id='word_1_539' title='bbox 2998 3730 3218 3787; x_wconf 75' lang='lat' dir='ltr'>Rosum’</span> <span class='ocrx_word' id='word_1_540' title='bbox 3274 3734 3332 3784; x_wconf 90' lang='lat' dir='ltr'>et</span> <span class='ocrx_word' id='word_1_541' title='bbox 3377 3729 3643 3785; x_wconf 84' lang='lat' dir='ltr'>Adanam</span> 
     </span>
    </p>
   </div>
   <div class='ocr_carea' id='block_1_71' title="bbox 244 3810 1880 3892">
    <p class='ocr_par' dir='ltr' id='par_1_71' title="bbox 244 3810 1879 3892">
     <span class='ocr_line' id='line_1_71' title="bbox 244 3810 1879 3892; baseline 0.002 -24"><span class='ocrx_word' id='word_1_542' title='bbox 244 3810 418 3878; x_wconf 71' lang='grc' dir='ltr'>ἐκεῖνος</span> <span class='ocrx_word' id='word_1_543' title='bbox 470 3813 530 3871; x_wconf 79' lang='grc' dir='ltr'>δὲ</span> <span class='ocrx_word' id='word_1_544' title='bbox 588 3820 656 3889; x_wconf 78' lang='grc' dir='ltr'>τῇ</span> <span class='ocrx_word' id='word_1_545' title='bbox 717 3813 939 3888; x_wconf 84' lang='grc' dir='ltr'>Κιλικίᾳ</span> <span class='ocrx_word' id='word_1_546' title='bbox 993 3812 1347 3892; x_wconf 80' lang='grc' dir='ltr'>προσϐαλὼν,</span> <span class='ocrx_word' id='word_1_547' title='bbox 1380 3818 1524 3891; x_wconf 74' lang='grc' dir='ltr'>αἱρεῖ</span> <span class='ocrx_word' id='word_1_548' title='bbox 1574 3819 1674 3886; x_wconf 71' lang='grc' dir='ltr'>τὴν</span> <span class='ocrx_word' id='word_1_549' title='bbox 1724 3815 1879 3873; x_wconf 86' lang='grc' dir='ltr'>Ἀνά-</span> 
     </span>
    </p>
   </div>
   <div class='ocr_carea' id='block_1_72' title="bbox 1992 3810 3637 3892">
    <p class='ocr_par' dir='ltr' id='par_1_72' title="bbox 1992 3816 3637 3891">
     <span class='ocr_line' id='line_1_72' title="bbox 1992 3816 3637 3891; baseline 0 -17"><span class='ocrx_word' id='word_1_550' title='bbox 1992 3821 2118 3890; x_wconf 85' lang='lat' dir='ltr'>ejus</span> <span class='ocrx_word' id='word_1_551' title='bbox 2150 3819 2458 3891; x_wconf 66' lang='lat' dir='ltr'>provincia</span> <span class='ocrx_word' id='word_1_552' title='bbox 2490 3819 2664 3875; x_wconf 91' lang='lat' dir='ltr'>urbes</span> <span class='ocrx_word' id='word_1_553' title='bbox 2694 3821 2873 3890; x_wconf 89' lang='lat' dir='ltr'>capit,</span> <span class='ocrx_word' id='word_1_554' title='bbox 2914 3818 3144 3891; x_wconf 89' lang='lat' dir='ltr'>aliaque</span> <span class='ocrx_word' id='word_1_555' title='bbox 3174 3818 3347 3890; x_wconf 89' lang='lat' dir='ltr'>plura</span> <span class='ocrx_word' id='word_1_556' title='bbox 3378 3816 3637 3874; x_wconf 89' lang='lat' dir='ltr'>castella.</span> 
     </span>
    </p>
   </div>
   <div class='ocr_carea' id='block_1_73' title="bbox 245 3895 1880 3980">
    <p class='ocr_par' dir='ltr' id='par_1_73' title="bbox 245 3895 1879 3978">
     <span class='ocr_line' id='line_1_73' title="bbox 245 3895 1879 3978; baseline 0.004 -25"><span class='ocrx_word' id='word_1_557' title='bbox 245 3895 440 3977; x_wconf 73' lang='grc' dir='ltr'>ϐαρζαν,</span> <span class='ocrx_word' id='word_1_558' title='bbox 495 3904 707 3960; x_wconf 80' lang='grc' dir='ltr'>Ῥωσόν</span> <span class='ocrx_word' id='word_1_559' title='bbox 764 3925 825 3960; x_wconf 87' lang='grc' dir='ltr'>τε</span> <span class='ocrx_word' id='word_1_560' title='bbox 900 3905 992 3959; x_wconf 84' lang='grc' dir='ltr'>καὶ</span> <span class='ocrx_word' id='word_1_561' title='bbox 1049 3902 1285 3961; x_wconf 74' lang='grc' dir='ltr'>’Άδαναν</span> <span class='ocrx_word' id='word_1_562' title='bbox 1347 3903 1559 3978; x_wconf 87' lang='grc' dir='ltr'>(πόλεις</span> <span class='ocrx_word' id='word_1_563' title='bbox 1619 3902 1667 3959; x_wconf 88' lang='grc' dir='ltr'>δ’</span> <span class='ocrx_word' id='word_1_564' title='bbox 1723 3906 1879 3960; x_wconf 80' lang='grc' dir='ltr'>αὗται</span> 
     </span>
    </p>
   </div>
   <div class='ocr_carea' id='block_1_74' title="bbox 1992 3895 3638 3980">
    <p class='ocr_par' dir='ltr' id='par_1_74' title="bbox 1992 3906 3638 3980">
     <span class='ocr_line' id='line_1_74' title="bbox 1992 3906 3638 3980; baseline -0.002 -16"><span class='ocrx_word' id='word_1_565' title='bbox 1992 3910 2238 3965; x_wconf 89' lang='lat' dir='ltr'>Tarsum</span> <span class='ocrx_word' id='word_1_566' title='bbox 2267 3925 2400 3964; x_wconf 91' lang='lat' dir='ltr'>vero</span> <span class='ocrx_word' id='word_1_567' title='bbox 2447 3913 2505 3964; x_wconf 85' lang='lat' dir='ltr'>et</span> <span class='ocrx_word' id='word_1_568' title='bbox 2552 3906 2960 3979; x_wconf 83' lang='lat' dir='ltr'>Mopsvestiam</span> <span class='ocrx_word' id='word_1_569' title='bbox 3003 3923 3340 3980; x_wconf 88' lang='lat' dir='ltr'>oppugnare</span> <span class='ocrx_word' id='word_1_570' title='bbox 3369 3923 3486 3963; x_wconf 91' lang='lat' dir='ltr'>non</span> <span class='ocrx_word' id='word_1_571' title='bbox 3518 3909 3638 3962; x_wconf 88' lang='lat' dir='ltr'>sta-</span> 
     </span>
    </p>
   </div>
   <div class='ocr_carea' id='block_1_75' title="bbox 245 3990 1880 4071">
    <p class='ocr_par' dir='ltr' id='par_1_75' title="bbox 245 3990 1880 4071">
     <span class='ocr_line' id='line_1_75' title="bbox 245 3990 1880 4071; baseline 0.003 -28"><span class='ocrx_word' id='word_1_572' title='bbox 245 3990 477 4066; x_wconf 76' lang='grc' dir='ltr'>Κιλίκων)</span> <span class='ocrx_word' id='word_1_573' title='bbox 537 3992 691 4049; x_wconf 65' lang='grc' dir='ltr'>ἀλλὰ</span> <span class='ocrx_word' id='word_1_574' title='bbox 754 3992 937 4066; x_wconf 82' lang='grc' dir='ltr'>μέντοι</span> <span class='ocrx_word' id='word_1_575' title='bbox 981 3993 1070 4048; x_wconf 80' lang='grc' dir='ltr'>καὶ</span> <span class='ocrx_word' id='word_1_576' title='bbox 1123 3993 1358 4071; x_wconf 82' lang='grc' dir='ltr'>φρούρια</span> <span class='ocrx_word' id='word_1_577' title='bbox 1411 3992 1657 4051; x_wconf 90' lang='grc' dir='ltr'>πλείονα.</span> <span class='ocrx_word' id='word_1_578' title='bbox 1689 3997 1771 4069; x_wconf 82' lang='grc' dir='ltr'>Τῇ</span> <span class='ocrx_word' id='word_1_579' title='bbox 1823 3991 1880 4048; x_wconf 76' lang='grc' dir='ltr'>δέ</span> 
     </span>
    </p>
   </div>
   <div class='ocr_carea' id='block_1_76' title="bbox 1992 3990 3640 4071">
    <p class='ocr_par' dir='ltr' id='par_1_76' title="bbox 1992 3995 3640 4068">
     <span class='ocr_line' id='line_1_76' title="bbox 1992 3995 3640 4068; baseline 0 -16"><span class='ocrx_word' id='word_1_580' title='bbox 1992 3997 2123 4063; x_wconf 91' lang='lat' dir='ltr'>tuit,</span> <span class='ocrx_word' id='word_1_581' title='bbox 2182 3996 2300 4053; x_wconf 89' lang='lat' dir='ltr'>sive</span> <span class='ocrx_word' id='word_1_582' title='bbox 2338 3998 2411 4053; x_wconf 92' lang='lat' dir='ltr'>ob</span> <span class='ocrx_word' id='word_1_583' title='bbox 2470 3996 2741 4063; x_wconf 89' lang='lat' dir='ltr'>hiemem,</span> <span class='ocrx_word' id='word_1_584' title='bbox 2784 3996 2906 4053; x_wconf 90' lang='lat' dir='ltr'>sive</span> <span class='ocrx_word' id='word_1_585' title='bbox 2944 4013 3144 4052; x_wconf 90' lang='lat' dir='ltr'>amore</span> <span class='ocrx_word' id='word_1_586' title='bbox 3174 3995 3640 4068; x_wconf 29' lang='lat' dir='ltr'>.Theophanonis</span> 
     </span>
    </p>
   </div>
   <div class='ocr_carea' id='block_1_77' title="bbox 245 4077 1880 4159">
    <p class='ocr_par' dir='ltr' id='par_1_77' title="bbox 245 4077 1880 4159">
     <span class='ocr_line' id='line_1_77' title="bbox 245 4077 1880 4159; baseline 0.001 -24"><span class='ocrx_word' id='word_1_587' title='bbox 245 4100 291 4152; x_wconf 76' lang='grc' dir='ltr'>γε</span> <span class='ocrx_word' id='word_1_588' title='bbox 328 4087 512 4157; x_wconf 83' lang='grc' dir='ltr'>Ταρσῷ</span> <span class='ocrx_word' id='word_1_589' title='bbox 553 4082 648 4138; x_wconf 77' lang='grc' dir='ltr'>καὶ</span> <span class='ocrx_word' id='word_1_590' title='bbox 697 4085 765 4157; x_wconf 77' lang='grc' dir='ltr'>τῇ</span> <span class='ocrx_word' id='word_1_591' title='bbox 808 4082 1152 4157; x_wconf 80' lang='grc' dir='ltr'>Μοψουεστίᾳ</span> <span class='ocrx_word' id='word_1_592' title='bbox 1334 4082 1435 4138; x_wconf 82' lang='grc' dir='ltr'>οὐκ</span> <span class='ocrx_word' id='word_1_593' title='bbox 1481 4077 1651 4159; x_wconf 81' lang='grc' dir='ltr'>ἔκρινε</span> <span class='ocrx_word' id='word_1_594' title='bbox 1709 4102 1880 4158; x_wconf 84' lang='grc' dir='ltr'>προσ-</span> 
     </span>
    </p>
   </div>
   <div class='ocr_carea' id='block_1_78' title="bbox 1992 4077 3645 4159">
    <p class='ocr_par' dir='ltr' id='par_1_78' title="bbox 1992 4084 3645 4159">
     <span class='ocr_line' id='line_1_78' title="bbox 1992 4084 3645 4159; baseline 0 -18"><span class='ocrx_word' id='word_1_595' title='bbox 1992 4091 2281 4155; x_wconf 86' lang='lat' dir='ltr'>avocatus,</span> <span class='ocrx_word' id='word_1_596' title='bbox 2315 4102 2449 4142; x_wconf 88' lang='lat' dir='ltr'>cum</span> <span class='ocrx_word' id='word_1_597' title='bbox 2494 4103 2613 4159; x_wconf 91' lang='lat' dir='ltr'>qua</span> <span class='ocrx_word' id='word_1_598' title='bbox 2659 4085 3085 4158; x_wconf 89' lang='lat' dir='ltr'>Cappadociam</span> <span class='ocrx_word' id='word_1_599' title='bbox 3136 4084 3324 4158; x_wconf 90' lang='lat' dir='ltr'>petiit.</span> <span class='ocrx_word' id='word_1_600' title='bbox 3358 4084 3522 4140; x_wconf 87' lang='lat' dir='ltr'>Unde</span> <span class='ocrx_word' id='word_1_601' title='bbox 3549 4100 3645 4141; x_wconf 87' lang='lat' dir='ltr'>ve-</span> 
     </span>
    </p>
   </div>
   <div class='ocr_carea' id='block_1_79' title="bbox 245 4160 1878 4246">
    <p class='ocr_par' dir='ltr' id='par_1_79' title="bbox 245 4160 1878 4246">
     <span class='ocr_line' id='line_1_79' title="bbox 245 4160 1878 4246; baseline 0.004 -27"><span class='ocrx_word' id='word_1_602' title='bbox 245 4160 406 4224; x_wconf 72' lang='grc' dir='ltr'>ϐαλεῖν</span> <span class='ocrx_word' id='word_1_603' title='bbox 460 4169 552 4227; x_wconf 76' lang='grc' dir='ltr'>διὰ</span> <span class='ocrx_word' id='word_1_604' title='bbox 608 4171 703 4226; x_wconf 83' lang='grc' dir='ltr'>τὸν</span> <span class='ocrx_word' id='word_1_605' title='bbox 756 4175 1029 4246; x_wconf 85' lang='grc' dir='ltr'>χειμῶνα,</span> <span class='ocrx_word' id='word_1_606' title='bbox 1061 4170 1098 4240; x_wconf 72' lang='grc' dir='ltr'><strong>ἢ</strong></span> <span class='ocrx_word' id='word_1_607' title='bbox 1139 4176 1236 4227; x_wconf 74' lang='grc' dir='ltr'>τοῦ</span> <span class='ocrx_word' id='word_1_608' title='bbox 1294 4168 1495 4246; x_wconf 70' lang='grc' dir='ltr'>ἔρωτος</span> <span class='ocrx_word' id='word_1_609' title='bbox 1557 4171 1718 4226; x_wconf 78' lang='grc' dir='ltr'>αὐτὸν</span> <span class='ocrx_word' id='word_1_610' title='bbox 1778 4178 1878 4240; x_wconf 72' lang='grc' dir='ltr'>τῆς</span> 
     </span>
    </p>
   </div>
   <div class='ocr_carea' id='block_1_80' title="bbox 248 4258 1877 4335">
    <p class='ocr_par' dir='ltr' id='par_1_80' title="bbox 248 4258 1877 4335">
     <span class='ocr_line' id='line_1_80' title="bbox 248 4258 1877 4335; baseline 0.001 -23"><span class='ocrx_word' id='word_1_611' title='bbox 248 4260 521 4333; x_wconf 64' lang='grc' dir='ltr'>Θωφανοῦς</span> <span class='ocrx_word' id='word_1_612' title='bbox 602 4261 740 4334; x_wconf 82' lang='grc' dir='ltr'>πρὸς</span> <span class='ocrx_word' id='word_1_613' title='bbox 809 4259 1020 4331; x_wconf 89' lang='grc' dir='ltr'>ἐκείνην</span> <span class='ocrx_word' id='word_1_614' title='bbox 1085 4258 1441 4325; x_wconf 84' lang='grc' dir='ltr'>ἀνθέλκοντος</span> <span class='ocrx_word' id='word_1_615' title='bbox 1475 4280 1488 4295; x_wconf 76' lang='grc' dir='ltr'>ο</span> <span class='ocrx_word' id='word_1_616' title='bbox 1554 4261 1716 4333; x_wconf 73' lang='grc' dir='ltr'>ἀπῄει</span> <span class='ocrx_word' id='word_1_617' title='bbox 1772 4261 1877 4335; x_wconf 81' lang='grc' dir='ltr'>γὰρ</span> 
     </span>
    </p>
   </div>
   <div class='ocr_carea' id='block_1_81' title="bbox 246 4342 1874 4425">
    <p class='ocr_par' dir='ltr' id='par_1_81' title="bbox 246 4342 1874 4425">
     <span class='ocr_line' id='line_1_81' title="bbox 246 4342 1874 4425; baseline 0.004 -28"><span class='ocrx_word' id='word_1_618' title='bbox 246 4342 322 4399; x_wconf 78' lang='grc' dir='ltr'>σὺν</span> <span class='ocrx_word' id='word_1_619' title='bbox 371 4347 502 4423; x_wconf 75' lang='grc' dir='ltr'>αὐτῇ</span> <span class='ocrx_word' id='word_1_620' title='bbox 550 4349 693 4425; x_wconf 84' lang='grc' dir='ltr'>πρὸς</span> <span class='ocrx_word' id='word_1_621' title='bbox 749 4346 1164 4408; x_wconf 88' lang='grc' dir='ltr'>Καππαδοκίαν.</span> <span class='ocrx_word' id='word_1_622' title='bbox 1224 4348 1473 4406; x_wconf 82' lang='grc' dir='ltr'>Κάκεῖθεν</span> <span class='ocrx_word' id='word_1_623' title='bbox 1543 4353 1640 4404; x_wconf 81' lang='grc' dir='ltr'>τοῦ</span> <span class='ocrx_word' id='word_1_624' title='bbox 1718 4343 1874 4423; x_wconf 76' lang='grc' dir='ltr'>ἔαρος</span> 
     </span>
    </p>
   </div>
   <div class='ocr_carea' id='block_1_82' title="bbox 247 4432 1873 4510">
    <p class='ocr_par' dir='ltr' id='par_1_82' title="bbox 247 4432 1873 4510">
     <span class='ocr_line' id='line_1_82' title="bbox 247 4432 1873 4510; baseline 0.002 -21"><span class='ocrx_word' id='word_1_625' title='bbox 247 4432 516 4509; x_wconf 61' lang='grc' dir='ltr'>ἠργμένου,</span> <span class='ocrx_word' id='word_1_626' title='bbox 574 4436 655 4501; x_wconf 82' lang='grc' dir='ltr'>εἷς</span> <span class='ocrx_word' id='word_1_627' title='bbox 730 4434 989 4493; x_wconf 86' lang='grc' dir='ltr'>Κιλικίαν</span> <span class='ocrx_word' id='word_1_628' title='bbox 1066 4436 1515 4510; x_wconf 84' lang='grc' dir='ltr'>ἀνθυπενόστησε,</span> <span class='ocrx_word' id='word_1_629' title='bbox 1569 4438 1658 4493; x_wconf 83' lang='grc' dir='ltr'>καὶ</span> <span class='ocrx_word' id='word_1_630' title='bbox 1714 4436 1873 4500; x_wconf 80' lang='grc' dir='ltr'>αὐτὸς</span> 
     </span>
    </p>
   </div>
   <div class='ocr_carea' id='block_1_83' title="bbox 249 4522 1872 4603">
    <p class='ocr_par' dir='ltr' id='par_1_83' title="bbox 249 4522 1872 4603">
     <span class='ocr_line' id='line_1_83' title="bbox 249 4522 1872 4603; baseline 0.004 -27"><span class='ocrx_word' id='word_1_631' title='bbox 249 4522 329 4591; x_wconf 71' lang='grc' dir='ltr'>μὲν</span> <span class='ocrx_word' id='word_1_632' title='bbox 353 4527 446 4594; x_wconf 74' lang='grc' dir='ltr'>τὴν</span> <span class='ocrx_word' id='word_1_633' title='bbox 506 4525 890 4600; x_wconf 81' lang='grc' dir='ltr'>Μοψουεστίαν</span> <span class='ocrx_word' id='word_1_634' title='bbox 937 4522 1272 4601; x_wconf 76' lang='grc' dir='ltr'>ἐπολιόρκει,</span> <span class='ocrx_word' id='word_1_635' title='bbox 1301 4530 1371 4601; x_wconf 74' lang='grc' dir='ltr'>τῇ</span> <span class='ocrx_word' id='word_1_636' title='bbox 1422 4530 1622 4603; x_wconf 88' lang='grc' dir='ltr'>Ταρσῷ</span> <span class='ocrx_word' id='word_1_637' title='bbox 1671 4523 1728 4581; x_wconf 74' lang='grc' dir='ltr'>δὲ</span> <span class='ocrx_word' id='word_1_638' title='bbox 1779 4528 1872 4582; x_wconf 87' lang='grc' dir='ltr'>τὸν</span> 
     </span>
    </p>
   </div>
   <div class='ocr_carea' id='block_1_84' title="bbox 247 4607 1877 4690">
    <p class='ocr_par' dir='ltr' id='par_1_84' title="bbox 247 4607 1877 4690">
     <span class='ocr_line' id='line_1_84' title="bbox 247 4607 1877 4690; baseline 0.01 -26"><span class='ocrx_word' id='word_1_639' title='bbox 247 4607 453 4690; x_wconf 76' lang='grc' dir='ltr'>ἀδελφὸν</span> <span class='ocrx_word' id='word_1_640' title='bbox 496 4614 763 4685; x_wconf 76' lang='grc' dir='ltr'>ἐπέστησε</span> <span class='ocrx_word' id='word_1_641' title='bbox 808 4616 1036 4672; x_wconf 77' lang='grc' dir='ltr'>Λέοντα.</span> <span class='ocrx_word' id='word_1_642' title='bbox 1079 4619 1191 4686; x_wconf 75' lang='grc' dir='ltr'>Τῆς</span> <span class='ocrx_word' id='word_1_643' title='bbox 1246 4614 1303 4671; x_wconf 75' lang='grc' dir='ltr'>δὲ</span> <span class='ocrx_word' id='word_1_644' title='bbox 1348 4614 1727 4690; x_wconf 79' lang='grc' dir='ltr'>Μοψουεστίας</span> <span class='ocrx_word' id='word_1_645' title='bbox 1783 4615 1877 4690; x_wconf 77' lang='grc' dir='ltr'>μὲ-</span> 
     </span>
    </p>
   </div>
   <div class='ocr_carea' id='block_1_85' title="bbox 248 4702 1869 4782">
    <p class='ocr_par' dir='ltr' id='par_1_85' title="bbox 248 4702 1869 4782">
     <span class='ocr_line' id='line_1_85' title="bbox 248 4702 1869 4782; baseline 0.005 -30"><span class='ocrx_word' id='word_1_646' title='bbox 248 4717 324 4755; x_wconf 86' lang='grc' dir='ltr'>σον</span> <span class='ocrx_word' id='word_1_647' title='bbox 352 4708 579 4778; x_wconf 79' lang='grc' dir='ltr'>ποταμῷ</span> <span class='ocrx_word' id='word_1_648' title='bbox 607 4708 688 4777; x_wconf 78' lang='grc' dir='ltr'>τῷ</span> <span class='ocrx_word' id='word_1_649' title='bbox 740 4703 912 4779; x_wconf 85' lang='grc' dir='ltr'>Σάμῳ</span> <span class='ocrx_word' id='word_1_650' title='bbox 961 4702 1373 4782; x_wconf 82' lang='grc' dir='ltr'>διαιρουμένης,</span> <span class='ocrx_word' id='word_1_651' title='bbox 1403 4706 1466 4760; x_wconf 87' lang='grc' dir='ltr'>τὸ</span> <span class='ocrx_word' id='word_1_652' title='bbox 1518 4704 1613 4778; x_wconf 75' lang='grc' dir='ltr'>μὲν</span> <span class='ocrx_word' id='word_1_653' title='bbox 1669 4703 1724 4760; x_wconf 78' lang='grc' dir='ltr'>’ὲν</span> <span class='ocrx_word' id='word_1_654' title='bbox 1775 4703 1869 4778; x_wconf 86' lang='grc' dir='ltr'>μὲ-</span> 
     </span>
    </p>
   </div>
   <div class='ocr_carea' id='block_1_86' title="bbox 1989 4174 3640 4241">
    <p class='ocr_par' dir='ltr' id='par_1_86' title="bbox 1989 4174 3640 4241">
     <span class='ocr_line' id='line_1_86' title="bbox 1989 4174 3640 4241; baseline 0 -12"><span class='ocrx_word' id='word_1_655' title='bbox 1989 4175 2071 4231; x_wconf 91' lang='lat' dir='ltr'>ris</span> <span class='ocrx_word' id='word_1_656' title='bbox 2099 4174 2268 4231; x_wconf 90' lang='lat' dir='ltr'>initio</span> <span class='ocrx_word' id='word_1_657' title='bbox 2312 4176 2372 4230; x_wconf 93' lang='lat' dir='ltr'>in</span> <span class='ocrx_word' id='word_1_658' title='bbox 2421 4174 2680 4231; x_wconf 89' lang='lat' dir='ltr'>Ciliciam</span> <span class='ocrx_word' id='word_1_659' title='bbox 2727 4191 3014 4241; x_wconf 88' lang='lat' dir='ltr'>reversus,</span> <span class='ocrx_word' id='word_1_660' title='bbox 3066 4175 3243 4231; x_wconf 86' lang='lat' dir='ltr'>fratrs</span> <span class='ocrx_word' id='word_1_661' title='bbox 3275 4179 3463 4231; x_wconf 90' lang='lat' dir='ltr'>Leone</span> <span class='ocrx_word' id='word_1_662' title='bbox 3507 4190 3640 4229; x_wconf 86' lang='lat' dir='ltr'>con-</span> 
     </span>
    </p>
   </div>
   <div class='ocr_carea' id='block_1_87' title="bbox 1989 4262 3638 4336">
    <p class='ocr_par' dir='ltr' id='par_1_87' title="bbox 1989 4262 3638 4336">
     <span class='ocr_line' id='line_1_87' title="bbox 1989 4262 3638 4336; baseline -0.001 -17"><span class='ocrx_word' id='word_1_663' title='bbox 1989 4268 2080 4319; x_wconf 91' lang='lat' dir='ltr'>tra</span> <span class='ocrx_word' id='word_1_664' title='bbox 2134 4264 2383 4319; x_wconf 90' lang='lat' dir='ltr'>Tarsum</span> <span class='ocrx_word' id='word_1_665' title='bbox 2442 4263 2647 4333; x_wconf 88' lang='lat' dir='ltr'>misso,</span> <span class='ocrx_word' id='word_1_666' title='bbox 2706 4263 2835 4336; x_wconf 91' lang='lat' dir='ltr'>ipse</span> <span class='ocrx_word' id='word_1_667' title='bbox 2901 4264 3313 4335; x_wconf 86' lang='lat' dir='ltr'>Mopsvestiam</span> <span class='ocrx_word' id='word_1_668' title='bbox 3391 4262 3638 4333; x_wconf 91' lang='lat' dir='ltr'>obsedit,</span> 
     </span>
    </p>
   </div>
   <div class='ocr_carea' id='block_1_88' title="bbox 1988 4351 3643 4424">
    <p class='ocr_par' dir='ltr' id='par_1_88' title="bbox 1988 4351 3643 4424">
     <span class='ocr_line' id='line_1_88' title="bbox 1988 4351 3643 4424; baseline 0 -16"><span class='ocrx_word' id='word_1_669' title='bbox 1988 4367 2167 4424; x_wconf 89' lang='lat' dir='ltr'>quam</span> <span class='ocrx_word' id='word_1_670' title='bbox 2221 4368 2354 4408; x_wconf 90' lang='lat' dir='ltr'>cum</span> <span class='ocrx_word' id='word_1_671' title='bbox 2401 4352 2661 4408; x_wconf 91' lang='lat' dir='ltr'>medium</span> <span class='ocrx_word' id='word_1_672' title='bbox 2710 4352 2930 4409; x_wconf 84' lang='lat' dir='ltr'>ﬂumen</span> <span class='ocrx_word' id='word_1_673' title='bbox 2979 4352 3159 4408; x_wconf 87' lang='lat' dir='ltr'>Sarus</span> <span class='ocrx_word' id='word_1_674' title='bbox 3190 4352 3436 4422; x_wconf 87' lang='lat' dir='ltr'>dividat,</span> <span class='ocrx_word' id='word_1_675' title='bbox 3462 4351 3643 4408; x_wconf 83' lang='lat' dir='ltr'>altera</span> 
     </span>
    </p>
   </div>
   <div class='ocr_carea' id='block_1_89' title="bbox 1988 4439 3641 4514">
    <p class='ocr_par' dir='ltr' id='par_1_89' title="bbox 1988 4439 3641 4514">
     <span class='ocr_line' id='line_1_89' title="bbox 1988 4439 3641 4514; baseline -0.001 -17"><span class='ocrx_word' id='word_1_676' title='bbox 1988 4443 2118 4512; x_wconf 90' lang='lat' dir='ltr'>ejus</span> <span class='ocrx_word' id='word_1_677' title='bbox 2169 4445 2334 4513; x_wconf 82' lang='lat' dir='ltr'>parte</span> <span class='ocrx_word' id='word_1_678' title='bbox 2379 4445 2730 4514; x_wconf 85' lang='lat' dir='ltr'>expugnata,</span> <span class='ocrx_word' id='word_1_679' title='bbox 2786 4442 3038 4514; x_wconf 87' lang='lat' dir='ltr'>Agareni</span> <span class='ocrx_word' id='word_1_680' title='bbox 3090 4441 3222 4513; x_wconf 86' lang='lat' dir='ltr'>igne</span> <span class='ocrx_word' id='word_1_681' title='bbox 3278 4439 3516 4512; x_wconf 86' lang='lat' dir='ltr'>injecto,</span> <span class='ocrx_word' id='word_1_682' title='bbox 3578 4439 3641 4495; x_wconf 91' lang='lat' dir='ltr'>in</span> 
     </span>
    </p>
   </div>
   <div class='ocr_carea' id='block_1_90' title="bbox 1991 4529 3639 4601">
    <p class='ocr_par' dir='ltr' id='par_1_90' title="bbox 1991 4529 3639 4601">
     <span class='ocr_line' id='line_1_90' title="bbox 1991 4529 3639 4601; baseline -0.001 -17"><span class='ocrx_word' id='word_1_683' title='bbox 1991 4530 2235 4585; x_wconf 82' lang='lat' dir='ltr'>alteram</span> <span class='ocrx_word' id='word_1_684' title='bbox 2284 4546 2346 4586; x_wconf 90' lang='lat' dir='ltr'>se</span> <span class='ocrx_word' id='word_1_685' title='bbox 2394 4533 2735 4601; x_wconf 89' lang='lat' dir='ltr'>receperunt</span> <span class='ocrx_word' id='word_1_686' title='bbox 2784 4546 2798 4584; x_wconf 90' lang='lat'>:</span> <span class='ocrx_word' id='word_1_687' title='bbox 2844 4546 2962 4598; x_wconf 83' lang='lat' dir='ltr'>qua</span> <span class='ocrx_word' id='word_1_688' title='bbox 3001 4534 3058 4585; x_wconf 83' lang='lat' dir='ltr'>et</span> <span class='ocrx_word' id='word_1_689' title='bbox 3098 4529 3229 4601; x_wconf 90' lang='lat' dir='ltr'>ipsa</span> <span class='ocrx_word' id='word_1_690' title='bbox 3265 4531 3437 4600; x_wconf 87' lang='lat' dir='ltr'>capta</span> <span class='ocrx_word' id='word_1_691' title='bbox 3466 4542 3639 4582; x_wconf 90' lang='lat' dir='ltr'>nemo</span> 
     </span>
    </p>
   </div>
   <div class='ocr_carea' id='block_1_91' title="bbox 1987 4617 3637 4691">
    <p class='ocr_par' dir='ltr' id='par_1_91' title="bbox 1987 4617 3637 4691">
     <span class='ocr_line' id='line_1_91' title="bbox 1987 4617 3637 4691; baseline -0.002 -17"><span class='ocrx_word' id='word_1_692' title='bbox 1987 4618 2213 4691; x_wconf 78' lang='lat' dir='ltr'>effugit.</span> <span class='ocrx_word' id='word_1_693' title='bbox 2263 4622 2547 4675; x_wconf 91' lang='lat' dir='ltr'>Tarsenes</span> <span class='ocrx_word' id='word_1_694' title='bbox 2586 4634 2818 4691; x_wconf 92' lang='lat' dir='ltr'>quoque</span> <span class='ocrx_word' id='word_1_695' title='bbox 2864 4617 3065 4675; x_wconf 89' lang='lat' dir='ltr'>audita</span> <span class='ocrx_word' id='word_1_696' title='bbox 3099 4617 3425 4691; x_wconf 74' lang='lat' dir='ltr'>Mopsestiaa</span> <span class='ocrx_word' id='word_1_697' title='bbox 3456 4632 3637 4687; x_wconf 89' lang='lat' dir='ltr'>expu-</span> 
     </span>
    </p>
   </div>
   <div class='ocr_carea' id='block_1_92' title="bbox 1984 4704 3631 4781">
    <p class='ocr_par' dir='ltr' id='par_1_92' title="bbox 1984 4704 3631 4781">
     <span class='ocr_line' id='line_1_92' title="bbox 1984 4704 3631 4781; baseline -0.001 -19"><span class='ocrx_word' id='word_1_698' title='bbox 1984 4708 2279 4781; x_wconf 86' lang='lat' dir='ltr'>gnatione,</span> <span class='ocrx_word' id='word_1_699' title='bbox 2311 4707 2654 4781; x_wconf 89' lang='lat' dir='ltr'>imperatosi</span> <span class='ocrx_word' id='word_1_700' title='bbox 2685 4707 2963 4764; x_wconf 83' lang='lat' dir='ltr'>accersito</span> <span class='ocrx_word' id='word_1_701' title='bbox 2997 4706 3203 4763; x_wconf 86' lang='lat' dir='ltr'>urbem</span> <span class='ocrx_word' id='word_1_702' title='bbox 3243 4704 3631 4761; x_wconf 87' lang='lat' dir='ltr'>tradiderunt.</span> 
     </span>
    </p>
   </div>
   <div class='ocr_carea' id='block_1_93' title="bbox 1903 4665 1953 4731">
    <p class='ocr_par' dir='ltr' id='par_1_93' title="bbox 1903 4665 1953 4731">
     <span class='ocr_line' id='line_1_93' title="bbox 1903 4665 1953 4731; baseline 0 0"><span class='ocrx_word' id='word_1_703' title='bbox 1903 4665 1953 4731; x_wconf 93' lang='lat' dir='ltr'>D</span> 
     </span>
    </p>
   </div>
   <div class='ocr_carea' id='block_1_94' title="bbox 1499 4903 2344 4969">
    <p class='ocr_par' dir='ltr' id='par_1_94' title="bbox 1499 4903 2344 4969">
     <span class='ocr_line' id='line_1_94' title="bbox 1499 4903 2344 4969; baseline -0.006 0"><span class='ocrx_word' id='word_1_704' title='bbox 1499 4903 1706 4969; x_wconf 77' lang='lat' dir='ltr'>Variae</span> <span class='ocrx_word' id='word_1_705' title='bbox 1735 4904 2036 4967; x_wconf 88' lang='lat' dir='ltr'>lectiones</span> <span class='ocrx_word' id='word_1_706' title='bbox 2065 4908 2127 4967; x_wconf 89' lang='lat' dir='ltr'>et</span> <span class='ocrx_word' id='word_1_707' title='bbox 2154 4909 2344 4967; x_wconf 63' lang='lat' dir='ltr'>notas.</span> 
     </span>
    </p>
   </div>
   <div class='ocr_carea' id='block_1_95' title="bbox 251 5062 1864 5139">
    <p class='ocr_par' dir='ltr' id='par_1_95' title="bbox 251 5062 1864 5139">
     <span class='ocr_line' id='line_1_95' title="bbox 251 5062 1864 5139; baseline 0.002 -22"><span class='ocrx_word' id='word_1_708' title='bbox 251 5062 392 5139; x_wconf 67' lang='lat' dir='ltr'>tiam,</span> <span class='ocrx_word' id='word_1_709' title='bbox 418 5064 789 5139; x_wconf 63' lang='lat' dir='ltr'>incestumque</span> <span class='ocrx_word' id='word_1_710' title='bbox 815 5063 1058 5139; x_wconf 53' lang='lat' dir='ltr'>domina</span> <span class='ocrx_word' id='word_1_711' title='bbox 1076 5075 1131 5123; x_wconf 85' lang='lat' dir='ltr'>et</span> <span class='ocrx_word' id='word_1_712' title='bbox 1158 5067 1476 5124; x_wconf 75' lang='lat' dir='ltr'>commatri:</span> <span class='ocrx_word' id='word_1_713' title='bbox 1503 5081 1623 5124; x_wconf 72' lang='lat' dir='ltr'>suae</span> <span class='ocrx_word' id='word_1_714' title='bbox 1656 5068 1864 5139; x_wconf 23' lang='lat' dir='ltr'>Aconju-</span> 
     </span>
    </p>
   </div>
   <div class='ocr_carea' id='block_1_96' title="bbox 253 5132 1868 5213">
    <p class='ocr_par' dir='ltr' id='par_1_96' title="bbox 253 5132 1868 5213">
     <span class='ocr_line' id='line_1_96' title="bbox 253 5132 1868 5213; baseline 0.003 -24"><span class='ocrx_word' id='word_1_715' title='bbox 253 5132 399 5213; x_wconf 59' lang='lat' dir='ltr'>ginta.</span> <span class='ocrx_word' id='word_1_716' title='bbox 436 5136 593 5213; x_wconf 81' lang='lat' dir='ltr'>Infra</span> <span class='ocrx_word' id='word_1_717' title='bbox 635 5153 650 5193; x_wconf 89' lang='lat'><strong>:</strong></span> <span class='ocrx_word' id='word_1_718' title='bbox 695 5132 1034 5213; x_wconf 69' lang='lat' dir='ltr'>Nicephorus</span> <span class='ocrx_word' id='word_1_719' title='bbox 1082 5140 1335 5211; x_wconf 82' lang='lat' dir='ltr'>perjurio</span> <span class='ocrx_word' id='word_1_720' title='bbox 1381 5144 1542 5213; x_wconf 83' lang='lat' dir='ltr'>atque</span> <span class='ocrx_word' id='word_1_721' title='bbox 1596 5132 1868 5195; x_wconf 68' lang='lat' dir='ltr'>adulterio</span> 
     </span>
    </p>
   </div>
   <div class='ocr_carea' id='block_1_97' title="bbox 254 5207 1002 5280">
    <p class='ocr_par' dir='ltr' id='par_1_97' title="bbox 254 5207 1002 5280">
     <span class='ocr_line' id='line_1_97' title="bbox 254 5207 1002 5280; baseline 0.012 -8"><span class='ocrx_word' id='word_1_722' title='bbox 254 5208 728 5280; x_wconf 62' lang='grc' dir='ltr'>νεσζιέαρίεενηρεε</span> <span class='ocrx_word' id='word_1_723' title='bbox 754 5207 1002 5280; x_wconf 67' lang='grc' dir='ltr'>τιάὲριω-</span> 
     </span>
    </p>
   </div>
   <div class='ocr_carea' id='block_1_98' title="bbox 312 5276 1868 5356">
    <p class='ocr_par' dir='ltr' id='par_1_98' title="bbox 312 5276 1868 5356">
     <span class='ocr_line' id='line_1_98' title="bbox 312 5276 1868 5356; baseline 0.002 -22"><span class='ocrx_word' id='word_1_724' title='bbox 312 5276 693 5356; x_wconf 49' lang='grc' dir='ltr'>(59)-Μανουὴλ</span> <span class='ocrx_word' id='word_1_725' title='bbox 757 5276 1061 5356; x_wconf 71' lang='grc' dir='ltr'>πατρίκιον.</span> <span class='ocrx_word' id='word_1_726' title='bbox 1117 5280 1627 5356; x_wconf 20' lang='lat' dir='ltr'>Annumhistius</span> <span class='ocrx_word' id='word_1_727' title='bbox 1679 5280 1868 5356; x_wconf 68' lang='lat' dir='ltr'>cladis</span> 
     </span>
    </p>
   </div>
   <div class='ocr_carea' id='block_1_99' title="bbox 258 5349 1871 5426">
    <p class='ocr_par' dir='ltr' id='par_1_99' title="bbox 258 5349 1871 5426">
     <span class='ocr_line' id='line_1_99' title="bbox 258 5349 1871 5426; baseline 0.004 -25"><span class='ocrx_word' id='word_1_728' title='bbox 258 5349 391 5403; x_wconf 78' lang='lat' dir='ltr'>notat</span> <span class='ocrx_word' id='word_1_729' title='bbox 416 5350 609 5425; x_wconf 87' lang='lat' dir='ltr'>Lupus</span> <span class='ocrx_word' id='word_1_730' title='bbox 648 5349 1069 5426; x_wconf 76' lang='lat' dir='ltr'>protospatha:</span> <span class='ocrx_word' id='word_1_731' title='bbox 1103 5357 1262 5426; x_wconf 78' lang='lat' dir='ltr'>Anno</span> <span class='ocrx_word' id='word_1_732' title='bbox 1302 5353 1409 5408; x_wconf 87' lang='lat'>965</span> <span class='ocrx_word' id='word_1_733' title='bbox 1455 5354 1706 5409; x_wconf 75' lang='lat' dir='ltr'>introivit</span> <span class='ocrx_word' id='word_1_734' title='bbox 1759 5352 1871 5426; x_wconf 82' lang='lat' dir='ltr'>_Ma-</span> 
     </span>
    </p>
   </div>
   <div class='ocr_carea' id='block_1_100' title="bbox 257 5423 1868 5491">
    <p class='ocr_par' dir='ltr' id='par_1_100' title="bbox 257 5423 1868 5491">
     <span class='ocr_line' id='line_1_100' title="bbox 257 5423 1868 5491; baseline 0.005 -20"><span class='ocrx_word' id='word_1_735' title='bbox 257 5423 733 5489; x_wconf 33' lang='lat' dir='ltr'>nuetpatricius’in</span> <span class='ocrx_word' id='word_1_736' title='bbox 759 5423 1035 5491; x_wconf 79' lang='lat' dir='ltr'>Siciliam,</span> <span class='ocrx_word' id='word_1_737' title='bbox 1059 5429 1111 5480; x_wconf 83' lang='lat' dir='ltr'>et</span> <span class='ocrx_word' id='word_1_738' title='bbox 1156 5425 1237 5481; x_wconf 85' lang='lat' dir='ltr'>ibi</span> <span class='ocrx_word' id='word_1_739' title='bbox 1282 5434 1532 5481; x_wconf 76' lang='lat' dir='ltr'>mortuus</span> <span class='ocrx_word' id='word_1_740' title='bbox 1582 5433 1678 5481; x_wconf 71' lang='lat' dir='ltr'>est.</span> <span class='ocrx_word' id='word_1_741' title='bbox 1714 5423 1868 5479; x_wconf 84' lang='lat' dir='ltr'>Liut-</span> 
     </span>
    </p>
   </div>
   <div class='ocr_carea' id='block_1_101' title="bbox 260 5494 1871 5571">
    <p class='ocr_par' dir='ltr' id='par_1_101' title="bbox 260 5494 1871 5571">
     <span class='ocr_line' id='line_1_101' title="bbox 260 5494 1871 5571; baseline 0.002 -24"><span class='ocrx_word' id='word_1_742' title='bbox 260 5494 483 5571; x_wconf 52' lang='lat' dir='ltr'>Ptsndus</span> <span class='ocrx_word' id='word_1_743' title='bbox 509 5495 568 5571; x_wconf 83' lang='lat' dir='ltr'>in</span> <span class='ocrx_word' id='word_1_744' title='bbox 600 5495 930 5571; x_wconf 66' lang='lat' dir='ltr'>Legatione,</span> <span class='ocrx_word' id='word_1_745' title='bbox 961 5496 1215 5571; x_wconf 75' lang='lat' dir='ltr'>triennio</span> <span class='ocrx_word' id='word_1_746' title='bbox 1262 5501 1397 5569; x_wconf 85' lang='lat' dir='ltr'>post</span> <span class='ocrx_word' id='word_1_747' title='bbox 1440 5496 1635 5571; x_wconf 85' lang='lat' dir='ltr'>obita:</span> <span class='ocrx_word' id='word_1_748' title='bbox 1670 5495 1871 5571; x_wconf 70' lang='lat' dir='ltr'>Sgribit</span> 
     </span>
    </p>
   </div>
   <div class='ocr_carea' id='block_1_102' title="bbox 262 5563 1869 5641">
    <p class='ocr_par' dir='ltr' id='par_1_102' title="bbox 262 5563 1869 5641">
     <span class='ocr_line' id='line_1_102' title="bbox 262 5563 1869 5641; baseline 0.001 -23"><span class='ocrx_word' id='word_1_749' title='bbox 262 5563 397 5618; x_wconf 71' lang='lat' dir='ltr'>etiam</span> <span class='ocrx_word' id='word_1_750' title='bbox 412 5563 1032 5641; x_wconf 58' lang='lat' dir='ltr'>praefatus&#39;liippolytus</span> <span class='ocrx_word' id='word_1_751' title='bbox 1064 5563 1412 5641; x_wconf 12' lang='lat' dir='ltr'>Grzcoirnon</span> <span class='ocrx_word' id='word_1_752' title='bbox 1448 5568 1654 5641; x_wconf 27' lang='lat' dir='ltr'>Adebere</span> <span class='ocrx_word' id='word_1_753' title='bbox 1690 5567 1869 5641; x_wconf 76' lang='lat' dir='ltr'>Sara-</span> 
     </span>
    </p>
   </div>
   <div class='ocr_carea' id='block_1_103' title="bbox 263 5639 1869 5714">
    <p class='ocr_par' dir='ltr' id='par_1_103' title="bbox 263 5639 1869 5714">
     <span class='ocr_line' id='line_1_103' title="bbox 263 5639 1869 5714; baseline -0.001 -18"><span class='ocrx_word' id='word_1_754' title='bbox 263 5643 405 5702; x_wconf 69' lang='lat' dir='ltr'>m,</span> <span class='ocrx_word' id='word_1_755' title='bbox 432 5639 521 5696; x_wconf 67' lang='lat' dir='ltr'>sed</span> <span class='ocrx_word' id='word_1_756' title='bbox 543 5639 785 5698; x_wconf 66' lang='lat' dir='ltr'>Franci</span> <span class='ocrx_word' id='word_1_757' title='bbox 806 5639 1106 5714; x_wconf 66' lang='lat' dir='ltr'>conterere,</span> <span class='ocrx_word' id='word_1_758' title='bbox 1136 5655 1249 5714; x_wconf 82' lang='lat' dir='ltr'>qua</span> <span class='ocrx_word' id='word_1_759' title='bbox 1278 5640 1399 5712; x_wconf 77' lang='lat' dir='ltr'>tege</span> <span class='ocrx_word' id='word_1_760' title='bbox 1433 5639 1699 5696; x_wconf 84' lang='lat' dir='ltr'>Saraceni</span> <span class='ocrx_word' id='word_1_761' title='bbox 1741 5640 1869 5696; x_wconf 83' lang='lat' dir='ltr'>ani-</span> 
     </span>
    </p>
   </div>
   <div class='ocr_carea' id='block_1_104' title="bbox 1976 5066 3636 5196">
    <p class='ocr_par' dir='ltr' id='par_1_104' title="bbox 1976 5066 3636 5196">
     <span class='ocr_line' id='line_1_104' title="bbox 1976 5066 3636 5196; baseline 0.001 -74"><span class='ocrx_word' id='word_1_762' title='bbox 1976 5067 2124 5122; x_wconf 84' lang='lat' dir='ltr'>mati</span> <span class='ocrx_word' id='word_1_763' title='bbox 2150 5074 2276 5152; x_wconf 69' lang='lat' dir='ltr'>ante</span> <span class='ocrx_word' id='word_1_764' title='bbox 2304 5067 2612 5123; x_wconf 80' lang='lat' dir='ltr'>triennium</span> <span class='ocrx_word' id='word_1_765' title='bbox 2630 5082 2757 5122; x_wconf 86' lang='lat' dir='ltr'>cum</span> <span class='ocrx_word' id='word_1_766' title='bbox 2784 5066 3310 5150; x_wconf 61' lang='lat' dir='ltr'>Manuetepatricio,</span> <span class='ocrx_word' id='word_1_767' title='bbox 3340 5066 3636 5196; x_wconf 58' lang='grc' dir='ltr'>Νςεέρὴοτί</span> 
     </span>
     <span class='ocr_line' id='line_1_105' title="bbox 1977 5138 3631 5196; baseline 0.001 -3"><span class='ocrx_word' id='word_1_768' title='bbox 1977 5144 2188 5196; x_wconf 77' lang='lat' dir='ltr'>nepote.</span> <span class='ocrx_word' id='word_1_769' title='bbox 2219 5148 2376 5196; x_wconf 68' lang='lat' dir='ltr'>iuxta</span> <span class='ocrx_word' id='word_1_770' title='bbox 2417 5139 2667 5196; x_wconf 79' lang='lat' dir='ltr'>Scuttam</span> <span class='ocrx_word' id='word_1_771' title='bbox 2691 5146 2742 5193; x_wconf 87' lang='lat' dir='ltr'>et</span> <span class='ocrx_word' id='word_1_772' title='bbox 2781 5138 3114 5196; x_wconf 81' lang='lat' dir='ltr'>Charubdzm</span> <span class='ocrx_word' id='word_1_773' title='bbox 3145 5156 3205 5195; x_wconf 79' lang='lat' dir='ltr'>in</span> <span class='ocrx_word' id='word_1_774' title='bbox 3256 5156 3400 5195; x_wconf 77' lang='lat' dir='ltr'>mari</span> <span class='ocrx_word' id='word_1_775' title='bbox 3488 5140 3631 5195; x_wconf 74' lang='lat' dir='ltr'>mulo</span> 
     </span>
    </p>
   </div>
   <div class='ocr_carea' id='block_1_105' title="bbox 1977 5138 3633 5281">
    <p class='ocr_par' dir='ltr' id='par_1_105' title="bbox 1977 5138 3633 5281">
     <span class='ocr_line' id='line_1_106' title="bbox 1977 5138 3631 5223; baseline 0.001 -30"><span class='ocrx_word' id='word_1_776' title='bbox 1977 5144 2188 5211; x_wconf 82' lang='lat' dir='ltr'>nepote,</span> <span class='ocrx_word' id='word_1_777' title='bbox 2210 5141 2376 5212; x_wconf 71' lang='lat' dir='ltr'>juxta</span> <span class='ocrx_word' id='word_1_778' title='bbox 2417 5139 2675 5223; x_wconf 65' lang='lat' dir='ltr'>Scyttani</span> <span class='ocrx_word' id='word_1_779' title='bbox 2691 5146 2742 5193; x_wconf 88' lang='lat' dir='ltr'>et</span> <span class='ocrx_word' id='word_1_780' title='bbox 2781 5138 3114 5222; x_wconf 57' lang='lat' dir='ltr'>Charybdin}</span> <span class='ocrx_word' id='word_1_781' title='bbox 3145 5143 3205 5195; x_wconf 83' lang='lat' dir='ltr'>in</span> <span class='ocrx_word' id='word_1_782' title='bbox 3256 5140 3402 5195; x_wconf 86' lang='lat' dir='ltr'>mari</span> <span class='ocrx_word' id='word_1_783' title='bbox 3447 5138 3631 5196; x_wconf 82' lang='lat' dir='ltr'>Siculo</span> 
     </span>
     <span class='ocr_line' id='line_1_107' title="bbox 1981 5211 3633 5281; baseline -0.001 -14"><span class='ocrx_word' id='word_1_784' title='bbox 1981 5211 2183 5267; x_wconf 82' lang='lat' dir='ltr'>bellum</span> <span class='ocrx_word' id='word_1_785' title='bbox 2209 5214 2432 5281; x_wconf 85' lang='lat' dir='ltr'>parant,</span> <span class='ocrx_word' id='word_1_786' title='bbox 2462 5225 2622 5281; x_wconf 72' lang='lat' dir='ltr'>cujus</span> <span class='ocrx_word' id='word_1_787' title='bbox 2651 5226 2949 5265; x_wconf 73' lang='lat' dir='ltr'>immensa:</span> <span class='ocrx_word' id='word_1_788' title='bbox 2976 5227 3159 5281; x_wconf 77' lang='lat' dir='ltr'>copias</span> <span class='ocrx_word' id='word_1_789' title='bbox 3213 5226 3341 5268; x_wconf 86' lang='lat' dir='ltr'>cum</span> <span class='ocrx_word' id='word_1_790' title='bbox 3387 5215 3633 5281; x_wconf 78' lang='lat' dir='ltr'>prostra-</span> 
     </span>
    </p>
   </div>
   <div class='ocr_carea' id='block_1_106' title="bbox 1978 5227 3632 5357">
    <p class='ocr_par' dir='ltr' id='par_1_106' title="bbox 1978 5227 3632 5357">
     <span class='ocr_line' id='line_1_108' title="bbox 1981 5227 3632 5283; baseline -0.001 -16"><span class='ocrx_word' id='word_1_791' title='bbox 1981 5227 2183 5267; x_wconf 83' lang='lat' dir='ltr'>oeuum</span> <span class='ocrx_word' id='word_1_792' title='bbox 2209 5227 2432 5283; x_wconf 77' lang='lat' dir='ltr'>parant,</span> <span class='ocrx_word' id='word_1_793' title='bbox 2462 5227 2622 5281; x_wconf 73' lang='lat' dir='ltr'>cujus</span> <span class='ocrx_word' id='word_1_794' title='bbox 2651 5227 2949 5265; x_wconf 75' lang='lat' dir='ltr'>immensa:</span> <span class='ocrx_word' id='word_1_795' title='bbox 2976 5227 3159 5283; x_wconf 75' lang='lat' dir='ltr'>copias</span> <span class='ocrx_word' id='word_1_796' title='bbox 3213 5227 3341 5268; x_wconf 87' lang='lat' dir='ltr'>cum</span> <span class='ocrx_word' id='word_1_797' title='bbox 3387 5227 3632 5281; x_wconf 75' lang='lat' dir='ltr'>prostra-</span> 
     </span>
     <span class='ocr_line' id='line_1_109' title="bbox 1978 5281 3632 5357; baseline -0.002 -19"><span class='ocrx_word' id='word_1_798' title='bbox 1978 5285 2203 5357; x_wconf 73' lang='lat' dir='ltr'>vissent,</span> <span class='ocrx_word' id='word_1_799' title='bbox 2220 5285 2404 5355; x_wconf 79' lang='lat' dir='ltr'>ipsum</span> <span class='ocrx_word' id='word_1_800' title='bbox 2450 5281 3003 5355; x_wconf 62' lang='lat' dir='ltr'>comzirehenderunt,</span> <span class='ocrx_word' id='word_1_801' title='bbox 3046 5285 3328 5357; x_wconf 80' lang='lat' dir='ltr'>capiteque</span> <span class='ocrx_word' id='word_1_802' title='bbox 3373 5286 3632 5337; x_wconf 83' lang='lat' dir='ltr'>truncum</span> 
     </span>
    </p>
   </div>
   <div class='ocr_carea' id='block_1_107' title="bbox 1978 5355 3628 5499">
    <p class='ocr_par' dir='ltr' id='par_1_107' title="bbox 1978 5355 3628 5499">
     <span class='ocr_line' id='line_1_110' title="bbox 1978 5355 3249 5411; baseline 0.001 -1"><span class='ocrx_word' id='word_1_803' title='bbox 1978 5371 2062 5410; x_wconf 77' lang='lat' dir='ltr'>svs</span> <span class='ocrx_word' id='word_1_804' title='bbox 2101 5355 2383 5411; x_wconf 81' lang='lat' dir='ltr'>endemnt.</span> <span class='ocrx_word' id='word_1_805' title='bbox 3109 5355 3112 5356; x_wconf 58' lang='grc'><strong><em>⁷</em></strong></span> <span class='ocrx_word' id='word_1_806' title='bbox 3234 5355 3249 5357; x_wconf 64' lang='grc'>⁷</span> 
     </span>
     <span class='ocr_line' id='line_1_111' title="bbox 1979 5372 3628 5499; baseline -0.002 -17"><span class='ocrx_word' id='word_1_807' title='bbox 1979 5372 2162 5499; x_wconf 48' lang='grc' dir='ltr'>-ὥω</span> <span class='ocrx_word' id='word_1_808' title='bbox 2237 5427 2322 5499; x_wconf 78' lang='grc' dir='ltr'>Τῇ</span> <span class='ocrx_word' id='word_1_809' title='bbox 2399 5421 2456 5479; x_wconf 76' lang='grc' dir='ltr'>δέ</span> <span class='ocrx_word' id='word_1_810' title='bbox 2529 5443 2593 5498; x_wconf 84' lang='grc' dir='ltr'>γε</span> <span class='ocrx_word' id='word_1_811' title='bbox 2664 5422 2855 5499; x_wconf 77' lang='grc' dir='ltr'>Τάρσῳ</span> <span class='ocrx_word' id='word_1_812' title='bbox 2946 5425 3034 5479; x_wconf 83' lang='grc' dir='ltr'>καὶ</span> <span class='ocrx_word' id='word_1_813' title='bbox 3112 5428 3188 5499; x_wconf 76' lang='grc' dir='ltr'>τῇ</span> <span class='ocrx_word' id='word_1_814' title='bbox 3236 5420 3628 5499; x_wconf 37' lang='grc' dir='ltr'>,Μοψουεστίφ</span> 
     </span>
    </p>
   </div>
   <div class='ocr_carea' id='block_1_108' title="bbox 1979 5495 3628 5570">
    <p class='ocr_par' dir='ltr' id='par_1_108' title="bbox 1979 5495 3628 5570">
     <span class='ocr_line' id='line_1_112' title="bbox 1979 5495 3628 5570; baseline 0.001 -18"><span class='ocrx_word' id='word_1_815' title='bbox 1979 5495 2347 5570; x_wconf 76' lang='lat' dir='ltr'>Mepsuestiae</span> <span class='ocrx_word' id='word_1_816' title='bbox 2423 5495 2916 5570; x_wconf 67' lang='lat' dir='ltr'>expugnationem</span> <span class='ocrx_word' id='word_1_817' title='bbox 2977 5514 3013 5552; x_wconf 88' lang='lat' dir='ltr'>a</span> <span class='ocrx_word' id='word_1_818' title='bbox 3055 5495 3378 5569; x_wconf 84' lang='lat' dir='ltr'>Nicephoro</span> <span class='ocrx_word' id='word_1_819' title='bbox 3435 5495 3628 5553; x_wconf 84' lang='lat' dir='ltr'>Phoca</span> 
     </span>
    </p>
   </div>
   <div class='ocr_carea' id='block_1_109' title="bbox 1977 5567 3068 5635">
    <p class='ocr_par' dir='ltr' id='par_1_109' title="bbox 1977 5567 3068 5635">
     <span class='ocr_line' id='line_1_113' title="bbox 1977 5567 3068 5635; baseline -0.002 -10"><span class='ocrx_word' id='word_1_820' title='bbox 1977 5567 2108 5626; x_wconf 77' lang='lat' dir='ltr'>fuse</span> <span class='ocrx_word' id='word_1_821' title='bbox 2137 5573 2340 5627; x_wconf 82' lang='lat' dir='ltr'>narrat</span> <span class='ocrx_word' id='word_1_822' title='bbox 2371 5572 2480 5625; x_wconf 86' lang='lat' dir='ltr'>Leo</span> <span class='ocrx_word' id='word_1_823' title='bbox 2509 5567 2824 5635; x_wconf 82' lang='lat' dir='ltr'>Diaconus,</span> <span class='ocrx_word' id='word_1_824' title='bbox 2857 5567 2960 5623; x_wconf 90' lang='lat' dir='ltr'>lib.</span> <span class='ocrx_word' id='word_1_825' title='bbox 2992 5584 3068 5623; x_wconf 83' lang='lat' dir='ltr'>1v.</span> 
     </span>
    </p>
   </div>
  </div>
