4156 6214
405 316 520 378 119

1736 317 1873 380 10A
1887 317 2066 380 NNIS
2110 318 2454 383 ZONARIE

3698 319 3820 380 120

398 448 619 505 Triduo
651 448 848 522 elapso
880 449 1088 506 classis
1121 449 1382 522 (Egyptia
1411 450 1800 506 Tarsensibus
1832 449 2049 506 auxilio

2180 470 2256 513 >ος
2317 452 2519 523 ταύτης
2571 450 2716 508 ἑάλω
2772 449 3266 526 πολιορκούμενον,
3317 451 3368 505 οἱ
3427 447 3474 504 δ’
3519 449 3574 505 ἐν
3629 448 3820 522 τούτῳ

401 537 608 608 missa,
641 539 712 593 ad
758 543 974 594 terram
1020 539 1348 610 appellendi
1406 539 1738 594 facultatem
1791 557 1903 594 non
1949 539 2054 594 ha-

403 625 534 681 buit
589 625 910 698 eademque
953 627 1011 682 in
1068 628 1256 682 reditu
1316 631 1372 682 et
1417 633 1723 683 ventorum
1764 627 2054 700 procellis,

405 718 465 771 et
495 715 890 772 Romanorum
924 715 1251 771 triremium
1284 716 1720 772 incursionibus
1755 717 1958 788 majori
1990 735 2057 773 ex

407 807 572 876 parte
602 803 793 876 periit.
819 805 1141 876 Imperator
1169 806 1735 878 Constantinopolim
1767 823 2055 874 reversus,

410 921 588 960 aereas
644 903 810 959 Tarsi
855 908 912 957 et
959 903 1285 976 Mepvestize
1344 910 1540 976 portas
1589 905 1868 977 exquisiti
1914 905 2058 960 arti-

409 993 548 1060 ﬁcii,
572 992 731 1048 novis
760 993 1123 1048 ornamentis
1154 992 1392 1060 additis,
1426 995 1640 1065 partim
1675 1011 1841 1050 muro
1891 995 2060 1065 juxta

407 1081 734 1154 Acropolim
767 1081 1056 1150 orientali,
1091 1082 1302 1154 partim
1349 1082 1689 1138 occidentali
1729 1099 2057 1139 accommo-

409 1171 589 1239 davit,
623 1176 800 1241 atque
829 1171 1005 1224 etiam
1041 1171 1154 1225 Deo
1187 1171 1352 1241 quasi
1399 1171 1687 1243 primitias
1735 1172 2058 1243 expeditio-

407 1259 502 1317 nis
535 1275 653 1315 suae
685 1259 900 1314 obtulit
931 1277 944 1315 :
981 1259 1324 1314 venerandis
1350 1261 1646 1330 crucibus,
1678 1261 1892 1332 quibus
1922 1261 2058 1316 Bar-

407 1348 536 1406 bari
577 1347 744 1420 potiti
803 1349 1060 1415 fuerant,
1107 1364 1240 1402 cum
1288 1350 1550 1421 Stypotia
1606 1350 1896 1422 legionum
1955 1351 2058 1406 do-

408 1436 713 1503 mesticus,
764 1436 823 1490 in
872 1436 1177 1492 obsidione
1228 1437 1416 1508 Tarsi,
1463 1455 1524 1493 re
1571 1455 1672 1510 per
1717 1439 2062 1511 impruden-

408 1527 553 1583 tiam
587 1525 738 1580 male
772 1531 953 1596 gesta,
977 1525 1200 1581 cladem
1225 1527 1566 1598 accepisset,
1599 1528 2062 1600 SanctaeSOphiaa

411 1614 630 1685 templo
662 1615 968 1683 dedicatis,
1001 1617 1249 1686 Cyprum
1282 1633 1515 1687 quoquo
1548 1617 1618 1672 ab
1654 1617 1932 1689 Agarenis
1963 1634 2062 1672 cc-

413 1706 710 1774 cupatam,
736 1702 998 1758 Romano
1024 1703 1269 1775 imperio
1295 1705 1569 1760 restituit.
1595 1705 1813 1761 Deinde
1836 1707 2062 1778 Syriam

2163 541 2460 615 Ἀγαρηνοὶ
2503 542 2638 617 πρὸς
2694 541 2757 596 τὸ
2816 540 3008 596 λοιπὸν
3075 541 3598 614 μετεχώρησαν,τῷ
3653 559 3822 593 κατα-

2166 625 2518 702 λελειμμένῳ
2589 634 2695 704 πῦρ
2758 624 3092 702 ἐμϐαλόντες
3130 648 3141 660 ⁸
3200 629 3313 683 εἶτα
3369 628 3458 681 καὶ
3517 627 3579 682 τὸ
3634 623 3819 700 ἕτερον

2166 716 2422 790 ἑαλώκει,
2448 719 2538 773 καὶ
2566 716 2744 780 οὐδεὶς
2775 718 2972 773 ἐκεῖθεν
3022 715 3224 794 διέδρα.
3260 718 3372 786 Τὴν
3433 714 3490 771 δὲ
3543 723 3645 786 τῆς
3695 718 3827 772 Μο-

2166 808 2450 879 ψουεστίας
2506 807 2832 884 έκπόρθησιν
2891 808 2943 863 οἱ
3002 808 3054 862 ἐν
3111 811 3181 872 τῆ
3253 809 3451 881 Ταρσῷ
3536 805 3826 880 μαθόντες,

2165 907 2254 960 τὸν
2320 904 2546 982 βασιλέα
2603 904 3014 974 ἐπεκαλέσαντο,
3062 905 3150 960 καὶ
3205 906 3305 973 τήν
3362 901 3525 959 πόλιν
3585 899 3830 979 παραδε-

2168 991 2702 1072 δώκασιν.Ἥμερῶν
2765 993 2822 1050 δὲ
2873 999 3041 1070 τριῶν
3105 991 3459 1061 διελθουσῶν,
3518 991 3713 1053 στόλος
3773 989 3828 1060 ἐξ

2167 1083 2445 1158 Αἰγύπτου
2497 1088 2564 1156 τῇ
2622 1089 2813 1159 Ταρσῷ
2876 1084 3167 1160 βοηθήσων
3241 1081 3595 1150 κατέπλευσε,
3649 1101 3830 1156 προσ-

2169 1172 2377 1228 οκεῖλαι
2420 1170 2476 1228 δὲ
2522 1177 2590 1247 τῇ
2621 1172 2803 1248 χέρσῳ
2835 1171 2894 1227 ού
2951 1172 3363 1248 συγκεχώρητο⁶
3399 1171 3483 1225 διὸ
3521 1171 3610 1225 καὶ
3672 1170 3833 1233 αὖθις

2168 1259 2545 1317 ἀπέπλευσεν·
2606 1263 2820 1335 ἀνέμων
2887 1260 2944 1316 δὲ
3025 1261 3225 1337 βιαίαις
3309 1265 3524 1321 πνοιαῖς
3601 1279 3832 1332 περιπεο

2169 1351 2402 1413 πτωκὼς
2446 1353 2536 1406 καὶ
2583 1352 2828 1426 τριήρεσι
2862 1352 3192 1424 Ῥωμαϊκαῖς
3222 1351 3249 1404 ὁ
3281 1348 3484 1405 πλείων
3548 1347 3831 1403 ἀπώλετο.

2169 1441 2232 1496 Ὁ
2274 1437 2331 1494 δὲ
2392 1439 2644 1515 βασιλεὺς
2699 1440 3035 1510 ἐπανέζευξεν
3099 1439 3178 1501 είς
3237 1440 3338 1508 τήν
3389 1437 3831 1504 Κωνσταντίνου,

2169 1529 2262 1590 τὰς
2316 1529 2417 1597 τῆς
2473 1531 2686 1604 Ταρσοῦ
2767 1528 2945 1591 πύλας
3002 1529 3091 1583 καὶ
3143 1528 3238 1589 τὰς
3293 1534 3394 1597 τῆς
3451 1525 3836 1600 Μοψουεστίας

2171 1615 2528 1694 ἐπαγόμενος,
2591 1619 2650 1673 ἐκ
2723 1616 2938 1693 χαλκοῦ
3013 1615 3409 1689 πεποιημένας,
3469 1615 3559 1670 καὶ
3623 1614 3838 1689 τέχνης

2174 1703 2520 1770 δεικνυούσας
2594 1702 2902 1780 ἀκρίϐειαν,
2965 1705 3027 1770 ἃς
3098 1707 3346 1769 κάκεῖνος
3429 1703 3832 1776 ἐπικοσμήσας,

414 1799 649 1868 invasit,
701 1807 757 1857 et
801 1801 1042 1856 urbibus
1095 1803 1164 1857 ad
1222 1801 1523 1874 Libanum,
1576 1807 1632 1858 et
1688 1804 1849 1875 juxta
1905 1820 2064 1858 mare

2180 1806 2264 1866 τὰς
2297 1806 2392 1877 μὲν
2421 1810 2500 1878 τῷ
2539 1805 2674 1860 κατὰ
2730 1807 2828 1875 τὴν
2863 1803 3188 1879 Ἀκρόπολιν
3248 1805 3369 1876 ἑῴῳ
3426 1801 3597 1877 τείχει
3656 1821 3834 1876 προσ-

415 1890 546 1946 sitis
593 1890 805 1962 partim
855 1891 1226 1962 expugnatis,
1273 1891 1485 1961 partim
1535 1891 1797 1960 vasiatis,
1846 1893 1916 1947 ad
1947 1893 2062 1947 An-

415 1979 703 2036 tiochiam
734 1978 910 2035 venit.
943 1979 1053 2034 Sed
1115 1979 1492 2034 Anticchenis
1521 1980 1715 2035 acrius
1746 1979 2065 2036 resistenti-

413 2069 546 2135 bus,
585 2068 891 2125 accedente
947 2067 1124 2124 etiam
1158 2073 1520 2125 commeatus
1558 2069 1821 2140 penuria,
1856 2075 1911 2124 et
1941 2069 2063 2125 solo

411 2157 705 2214 imbribus
764 2158 1074 2225 inundate,
1108 2157 1302 2213 soluta
1357 2157 1657 2214 obsidione
1729 2159 1788 2214 in
1857 2160 2064 2214 urbem

409 2247 737 2320 principem
789 2252 877 2302 est
912 2262 1198 2314 reversus,
1235 2246 1412 2302 allata
1464 2247 1786 2303 Servatoris
1853 2247 2063 2302 Christi

410 2352 580 2391 sacra
637 2334 948 2406 divinaque
997 2334 1210 2407 efﬁgie,
1260 2335 1550 2407 Hierapoli
1603 2337 1778 2408 Syrim
1833 2336 1891 2391 in
1951 2336 2066 2392 olla

408 2429 660 2498 reperta,
719 2428 776 2480 et
834 2429 999 2495 parte
1073 2423 1420 2495 capillorum
1483 2425 1729 2480 Joannis
1791 2426 2064 2497 Baptistae

411 2514 703 2586 sanguine
731 2518 1020 2569 concreta.
1055 2514 1128 2568 Ac
1158 2513 1217 2568 in
1273 2515 1448 2571 rebus
1504 2514 1729 2570 bellicis
1784 2515 1913 2570 talis
1960 2515 2070 2569 fuit

409 2603 507 2659 hic
537 2602 873 2674 imperator,
925 2602 1290 2673 Romanique
1328 2603 1558 2675 imperii
1603 2603 1747 2659 ﬁnes
1780 2602 1952 2675 longe
1983 2602 2065 2658 la-

411 2697 586 2763 teque
616 2692 981 2764 propanavit.
1035 2693 1144 2746 Sed
1194 2691 1368 2747 certis
1423 2694 1492 2747 de
1552 2693 1767 2762 causis,
1802 2692 2100 2748 omnium’

416 2780 551 2837 odia
591 2780 870 2852 suscepit.
912 2779 1001 2835 Eas.
1059 2779 1314 2846 fuerunt,
1347 2782 1500 2851 quod
1535 2797 1666 2836 cum
1729 2781 1769 2835 ii
1828 2781 2064 2848 milites,

419 2895 566 2950 quos
618 2877 959 2934 defectionis
999 2877 1188 2934 socios
1247 2878 1554 2944 habuerat,
1604 2879 1771 2934 obvia
1827 2895 2070 2949 quaeque

419 2971 736 3038 vastarent,
767 2983 866 3023 eos
917 2967 1018 3040 qui
1067 2967 1282 3022 damna
1331 2966 1607 3035 fecerant,
1643 2985 1755 3023 non
1801 2969 2066 3037 curabat,

416 3062 472 3114 et
531 3056 735 3112 multis
783 3054 1006 3111 aedibus
1063 3061 1190 3110 tum
1244 3056 1396 3112 202
1442 3055 1763 3111 illustrium
1790 3059 1916 3110 tum
1950 3055 2069 3125 ple-

414 3143 678 3201 belorum
711 3143 1019 3199 hominum
1054 3143 1318 3215 direptis,
1353 3143 1435 3199 sic
1466 3145 1704 3199 atl‘ectus
1727 3149 1868 3210 erat,
1904 3143 2066 3214 quasi

416 3233 563 3289 nihil
597 3231 735 3288 mali
786 3233 1097 3288 accidisset
1128 3250 1140 3287 :
1174 3194 1273 3288 sed
1307 3194 1724 3288 ,delectabatur
1755 3194 1946 3304 potius
1979 3234 2066 3287 in-
2095 3194 2141 3260 Ο

409 3322 610 3395 juriis,
645 3323 860 3394 quibus
892 3322 1047 3378 cives
1096 3323 1513 3389 onerabantur,
1565 3324 1835 3393 quamvis
1867 3339 2068 3378 eorum

417 3429 526 3484 ope
554 3412 625 3468 ad
647 3411 971 3483 imperium
1006 3411 1388 3483 pervenisset.
1432 3416 1736 3481 Praeterea,
1770 3417 2068 3467 continen-

415 3500 564 3557 tium
598 3500 884 3556 bellorum
927 3505 1203 3571 praetextu
1256 3500 1419 3554 novis
1462 3500 1699 3555 tributis
1756 3500 2071 3555 instituen-

417 3590 532 3660 dis,
565 3595 621 3645 et
651 3590 942 3645 ceteribus
976 3588 1282 3660 augendis,
1317 3588 1509 3644 omnis
1555 3589 1786 3660 generis
1817 3590 2070 3644 exactio-

417 3679 595 3734 nibus
625 3679 893 3734 subditos
941 3679 1261 3750 premebat,
1295 3694 1444 3749 quos
1477 3678 1692 3733 milites
1725 3695 2073 3752 quocunque

415 3773 695 3823 venerant
743 3767 926 3822 nihilo
976 3767 1326 3822 clementius
1378 3768 1706 3824 tractabant
1761 3785 1934 3838 quam
1968 3768 2072 3824 h0-

418 3860 559 3914 stes.
594 3857 675 3911 Ad
708 3856 829 3911 haec
883 3857 954 3911 ob
995 3857 1330 3927 frequentes
1361 3855 1779 3928 expeditiones,
1813 3856 2072 3928 pecunias

419 3945 678 4017 inopiam
709 3944 1006 4000 causando
1038 3944 1445 4016 imperatorias
1473 3945 1815 4018 largitiones
1845 3946 2074 4002 senatui

422 4034 547 4089 dari
579 4033 803 4097 solitas,
837 4050 902 4088 ex
934 4038 1098 4104 parte
1129 4033 1539 4104 imminuebat,
1593 4040 1650 4089 et
1698 4051 1894 4088 annua
1925 4036 2076 4090 dona

423 4123 495 4178 ab
527 4121 784 4190 antiquis
815 4122 1178 4192 temporibus
1209 4121 1446 4193 templis
1495 4126 1551 4177 et
1583 4122 1714 4178 aliis
1746 4123 1856 4195 piis
1889 4123 2075 4179 domi-

423 4213 536 4267 bus
585 4210 870 4266 attributa
928 4210 1163 4280 penitus
1215 4210 1476 4266 sustulit.
1545 4211 1786 4268 Decreto
1845 4229 2077 4283 quoque

424 4299 641 4366 sanxit,
677 4315 749 4354 ne
782 4298 946 4354 fundi
981 4298 1360 4354 ecclesiarum
1396 4305 1771 4372 augerentur,
1804 4302 1957 4374 quod
1992 4301 2078 4373 (ut

422 4388 552 4461 ipse
564 4387 1341 4459 asserebat)asacerdotibus
1357 4407 1468 4444 non
1487 4389 1543 4442 in
1566 4389 1946 4445 ecclesiarum
1966 4390 2078 4444 uti-

425 4477 656 4533 litatem
683 4493 820 4549 opes
853 4475 966 4531 illa).
997 4476 1419 4532 conferrentur.
1445 4478 1577 4532 Orta
1612 4495 1779 4549 porro
1810 4478 1961 4533 inter
1977 4495 2078 4549 pa-

2172 1895 2534 1969 ήρμρσε,τὰς
2593 1891 2650 1948 δὲ
2704 1898 2782 1965 τῷ
2835 1892 3009 1968 τείχει
3065 1897 3144 1964 τῷ
3203 1889 3427 1963 δυσικῷ.
3478 1890 3679 1962 Καὶτῴ
3711 1893 3839 1960 Θεῷ

2174 1980 2231 2038 δὲ
2288 1983 2536 2057 ἀπαρχὰς
2595 1985 2709 2037 οἷον
2762 1989 2862 2052 τῆς
2936 1980 3099 2035 αὐτοῦ
3158 1978 3440 2056 στρατείας
3506 1975 3834 2045 ἀποδιδοὺς,

2170 2070 2297 2134 τοὺς
2354 2072 2570 2144 τιμίους
2647 2072 2926 2147 σταυροὺς,
2986 2069 3079 2132 οὓς
3139 2071 3190 2124 οἱ
3250 2064 3528 2144 Βάρϐαροι
3605 2061 3836 2134 ἔλαϐον,

2174 2159 2466 2231 ὁπηνίκαὸ
2510 2161 2862 2230 Στυπειώτης
2907 2164 3017 2213 τῶν
3075 2158 3294 2234 σχολῶν
3352 2155 3671 2230 δομέστικος
3729 2153 3838 2223 ὣν,

2173 2251 2263 2304 καὶ
2321 2247 2634 2323 πολιορκῶν
2694 2249 2791 2317 τὴν
2849 2249 3076 2323 Ταρσὸν,
3108 2247 3167 2301 ἐκ
3207 2241 3580 2307 κακοϐουλίας
3639 2242 3840 2299 δυστυ-

2175 2340 2388 2412 χήματι
2444 2338 2747 2410 περιέπεσε,
2797 2342 2876 2409 τῷ
2932 2336 3062 2409 θείῳ
3118 2335 3328 2410 τεμένει
3383 2337 3483 2404 τῆς
3538 2337 3633 2389 τοῦ
3694 2336 3838 2388 Θεοῦ

2175 2425 2352 2501 Λόγου
2412 2427 2614 2504 Σοφίας
2675 2425 2906 2489 ἀνέθετο.
2957 2425 3059 2481 Καὶ
3129 2426 3229 2494 τὴν
3298 2424 3511 2498 Κύπρον
3577 2420 3633 2476 δὲ
3689 2421 3849 2494 παρὰ

2177 2516 2493 2592 Ἀγαρηνῶν
2581 2516 2975 2590 κατεχομένην,
3025 2511 3094 2568 δι’
3176 2513 3341 2568 αὐτοῦ
3422 2514 3457 2582 ἡ
3544 2509 3843 2583 Ῥωμαίων

2177 2604 2323 2680 ἀρχὴ
2381 2605 2808 2678 προσεκτήσατο.
2871 2603 3002 2661 Εἶτα
3079 2606 3146 2676 τῇ
3222 2599 3393 2676 Συρίᾳ
3451 2599 3678 2670 ἐπῆλθε,
3736 2599 3845 2653 γαὶ

2176 2691 2364 2754 πόλεις
2421 2691 2780 2767 ἐκπορθήσας,
2830 2692 2919 2746 καὶ
2977 2692 3166 2767 χώρας
3223 2690 3363 2746 ἐλὼν
3418 2694 3553 2762 πρὸς
3606 2693 3686 2760 τῷ
3735 2693 3846 2742 Λι-

2178 2776 2326 2854 ϐάνῳ
2372 2781 2462 2835 καὶ
2507 2785 2576 2854 τῇ
2625 2778 2866 2854 παραλίᾳ
2923 2779 3198 2854 κειμένας,
3259 2778 3426 2848 ἦλθεν
3488 2777 3566 2840 εἷς
3617 2776 3843 2832 Ἀντιό-

2176 2897 2354 2953 χειαν.
2430 2882 2544 2932 Τῶν
2631 2874 2676 2932 δ’
2733 2877 3260 2950 ἀντικαθισταμένων
3345 2873 3845 2951 ἐρρωμενέστερον,

2177 2963 2284 3036 ἤδη
2322 2962 2377 3020 δὲ
2407 2965 2493 3020 καὶ
2525 2969 2630 3020 τῶν
2664 2963 2985 3037 ἐπιδηδείων
3047 2963 3442 3020 ἐπιλειπόντων
3493 2968 3612 3024 τοῖς
3671 2977 3843 3034 στρα-

2178 3056 2421 3126 τιώταις,
2471 3055 2560 3109 καὶ
2611 3053 2882 3128 τέλματος
2943 3052 2993 3124 ἐξ
3059 3055 3213 3108 ὑετοῦ
3263 3051 3550 3129 γεγονότος
3593 3048 3844 3118 πολλοῦ,

2180 3144 2382 3214 ἀπᾶστη
2432 3150 2532 3214 τῆς
2581 3141 2922 3218 πολιορκίας,
2954 3143 3044 3196 καὶ
3098 3143 3235 3218 πρὸς
3291 3142 3391 3210 τήν
3451 3145 3557 3194 τῶν
3617 3135 3844 3193 πόλεων

2185 3234 2575 3306 ὑπερκειμένην
2637 3231 3060 3302 ἐπανελήλυθεν,
3106 3229 3412 3306 ἐπηγμένος
3471 3227 3561 3283 καὶ
3617 3228 3677 3282 τὸ
3736 3230 3848 3281 τοῦ

2182 3325 2440 3396 Σωτῆρος
2498 3324 2735 3394 Χριστοῦ
2784 3321 2928 3396 ἱερὸν
2984 3321 3071 3374 καὶ
3133 3322 3272 3374 θεῖον
3335 3318 3652 3391 ἐκτύπωμα,
3695 3317 3724 3371 ὃ
3787 3315 3846 3370 ἐν

2179 3412 2403 3484 κεράμῳ
2449 3411 2568 3485 εὗρε
2608 3410 2744 3465 κατᾶ
2795 3410 2892 3478 τὴν
2944 3409 3248 3484 Ἰεράπολιν
3297 3409 3395 3476 τὴν
3456 3411 3565 3461 τῶν
3626 3404 3846 3479 Σύρων,

2179 3500 2269 3555 καὶ
2318 3499 2620 3575 βόστρυχον
2675 3504 2772 3554 τοῦ
2830 3501 3132 3553 Βαπτιστοῦ
3190 3495 3442 3553 Ἰωάννου
3495 3493 3681 3567 α’ίματι
3741 3514 3850 3548 πε-

2181 3591 2474 3667 φυρμένον.
2537 3589 2618 3643 Ἐν
2685 3589 2777 3661 μὲν
2839 3585 2928 3642 οῦν
2991 3585 3346 3662 στρατηγίαις
3415 3589 3663 3645 τοιοῦτος
3727 3581 3848 3658 ἐγε-

2179 3678 2325 3753 γόνει
2379 3678 2406 3732 ὁ
2463 3676 2837 3751 αὐτοκράτωρ,
2878 3677 2967 3731 καὶ
3027 3675 3114 3730 ἐπὶ
3173 3675 3377 3749 μακρὸν
3435 3673 3661 3744 ηὐξήκει
3708 3677 3848 3725 Ῥω-

2185 3767 2364 3841 μαίοις
2421 3767 2488 3821 τὰ
2543 3765 2685 3842 ὅρια,
2733 3767 2821 3821 καὶ
2876 3772 2976 3835 τῆς
3042 3763 3218 3820 αὐτῶν
3272 3761 3565 3840 ἡγεμονίας
3619 3761 3849 3832 ἐξέτεινε

2180 3856 2248 3910 τὰ
2304 3854 2685 3930 σχοινίσματα.
2748 3853 2926 3911 Ἀλλά
2983 3850 3052 3908 δι’
3109 3851 3281 3914 αἶτίας
3339 3851 3491 3915 τινὰς
3550 3854 3710 3904 πᾶσιν
3769 3847 3842 3916 ἦν

2184 3965 2469 4019 στυγητος.
2502 3945 2573 3998 Αἱ
2606 3941 2652 3998 δ’
2705 3943 2892 4012 αἰτίαι,
2927 3941 3010 3997 ὅτι
3067 3947 3175 3996 τῶν
3237 3941 3328 3996 σὺν
3371 3942 3521 4013 αὐτῷ
3571 3943 3641 4013 τῇ
3698 3938 3849 3992 ἀπο-

2185 4034 2374 4104 στασίᾳ
2429 4031 2894 4109 ἐπιχειρησάντων
2952 4035 3293 4108 στρατιωτῶν
3356 4034 3536 4091 κακῶς
3611 4026 3850 4091 διατιθε-

2189 4124 2358 4197 μένων
2410 4121 2534 4183 τοὺς
2583 4125 2664 4185 οἷς
2721 4120 2780 4176 ἂν
2842 4120 3144 4197 ἐντύχοιεν,
3176 4124 3284 4176 τῶν
3331 4119 3684 4191 κακουμένωθ
3743 4115 3852 4171 οῦκ

2186 4209 2559 4290 ἐπεστρέφετο,
2609 4211 2700 4266 καὶ
2759 4209 2950 4266 οἷ’κιῶν
3009 4208 3236 4265 πολλῶν
3295 4212 3605 4287 περιφανῶν
3653 4227 3710 4261 τε
3759 4204 3855 4260 ἆν-

2188 4298 2330 4376 δρῶν
2381 4301 2469 4355 καὶ
2529 4297 2844 4373 δημοτικῶν
2897 4295 3318 4375 διαρπαγεισῶν,
3351 4298 3424 4359 ὡς
3481 4292 3696 4358 οὐδενὸς
3755 4315 3855 4348 κα-

2186 4395 2286 4446 κοῦ
2343 4389 2653 4465 γεγονότος,
2713 4386 2964 4459 διέκειτο,
3011 4386 3223 4462 μᾶλλον
3287 4386 3381 4460 μὶν
3439 4381 3530 4442 οῦν
3590 4384 3680 4440 καὶ
3740 4382 3855 4438 ἐνε-

2185 4478 2362 4556 τρύφα
2415 4483 2535 4541 ταῖς
2603 4475 2680 4540 εἲς
2737 4475 2862 4540 τοὺς
2919 4476 3112 4538 ἀστοὺς
3167 4474 3495 4551 παροινίαις,
3535 4473 3626 4528 καὶ
3680 4475 3856 4527 ταῦτα

426 4566 746 4623 triarcham
792 4568 849 4621 et
876 4565 1180 4638 episcopos
1231 4565 1302 4620 de
1334 4566 1630 4638 sull'ragiis
1685 4567 2070 4636 contentione,

2191 4567 2590 4644 συναραμένους
2646 4566 2792 4639 αύτῷ
2843 4566 2977 4640 πρὸς
3029 4572 3131 4636 τῆς
3194 4561 3470 4641 βασιλείας
3506 4565 3714 4638 τυχεῖν.
3747 4559 3852 4614 Καὶ

430 4662 641 4723 cumhi
671 4663 1020 4720 decernendi
1042 4661 1337 4718 licentiam
1370 4663 1799 4736 etapprcbandi
1831 4668 2083 4736 potesta-

430 4758 548 4810 tem
581 4753 693 4809 sibi
723 4751 1173 4817 vidicarent,ille
1212 4752 1488 4823 suffragia
1522 4753 1985 4825 reprehenderet,
2018 4757 2084 4809 ut

434 4860 562 4916 quas
595 4859 698 4897 nec
728 4841 854 4897 sine
901 4841 1231 4908 ati‘ectibus,
1292 4858 1394 4896 nec
1453 4847 1606 4896 recto
1646 4842 1815 4913 judio
1865 4843 2082 4897 ferren-

435 4935 555 4997 tur,
587 4945 938 5001 operamque
960 4930 1139 4997 darei,
1167 4932 1231 4984 ut
1253 4929 1323 4985 ab
1355 4928 1427 4984 iis
1451 4930 1744 5000 judicium
1771 4931 2010 4987 facturis
2027 4935 2084 4987 et

436 5019 651 5094 ipsein
683 5017 994 5075 consilium
1043 5019 1418 5075 adhiberetur
1464 5036 1476 5075 :
1528 5021 1844 5093 imperator
1879 5038 1948 5078 ex
1977 5021 2084 5076 hoc

436 5111 679 5180 sumpta
716 5106 1041 5174 occasione,
1072 5115 1124 5164 el
1161 5107 1321 5164 omni
1361 5109 1705 5166 auctoritate
1736 5109 2082 5181 designandi

435 5198 742 5272 episcopos
795 5196 906 5252 sibi
955 5195 1266 5264 vindicata,
1315 5198 1497 5254 edixit
1543 5215 1614 5254 ne
1653 5199 1964 5270 quisquam
1996 5199 2084 5254 in-

430 5290 604 5361 jussu
638 5302 744 5343 suo
775 5285 835 5340 in
882 5283 1062 5340 ullam
1116 5285 1431 5342 Ecclesiam
1484 5286 1831 5343 mitteretur.
1863 5290 2086 5343 Mortuo

439 5378 618 5449 igitur
649 5376 944 5449 episcopo,
979 5389 1048 5429 ex
1078 5375 1364 5432 ministris
1393 5377 1517 5433 suis
1547 5377 1605 5432 in
1637 5376 1953 5433 Ecclesiam
2000 5393 2090 5433 va-

441 5471 670 5523 cantem
722 5465 990 5522 mittebat
1037 5463 1316 5535 aliquem,
1351 5482 1465 5537 quo
1515 5471 1788 5538 sumptus
1821 5481 2088 5522 necessa-

444 5554 564 5611 rios
611 5569 780 5625 parce
825 5552 1090 5620 faciente,
1123 5552 1249 5624 ipse
1299 5553 1526 5626 reliqua
1572 5555 1684 5611 sibi
1734 5554 2088 5612 vindicabat.

445 5643 648 5714 Neque
691 5658 827 5699 vero
876 5658 941 5713 eo
994 5641 1322 5715 imperante
1349 5643 1407 5700 in
1443 5644 1576 5701 ullis
1623 5644 1935 5718 provinciis
1979 5662 2093 5703 un-

2193 4668 2275 4722 δτι
2327 4667 2593 4744 προφάσει
2649 4670 2757 4720 τῶν
2815 4668 3055 4741 συνεχῶν
3115 4662 3398 4737 πολέμων,
3457 4665 3669 4721 καιναῖς
3742 4656 3856 4713 εἷσ-

2193 4761 2386 4834 φοραῖς
2443 4755 2534 4809 καὶ
2589 4758 2694 4809 τῶν
2755 4751 3000 4830 ἀρχαίων
3062 4751 3335 4825 αύξήσεσι,
3377 4750 3468 4806 καὶ
3527 4746 3684 4804 εἰδῶν
3747 4748 3859 4802 εἶ’σ-

2197 4845 2384 4920 πράξει
2433 4840 2789 4898 παντοδαπῶν
2839 4841 3091 4918 ἐξέτρυχε
3131 4841 3194 4896 τὸ
3246 4841 3510 4911 ὑπήκοον,
3541 4837 3632 4892 καὶ
3690 4833 3853 4891 οὐδὶν

2198 4933 2417 5006 ἄμεινον
2477 4931 2761 5006 πολεμίων
2815 4931 2878 4986 τὸ
2953 4929 3340 5005 στρατιωτικὸν
3399 4925 3658 4991 διετίθετο
3711 4925 3853 5001 πρὸς

2195 5021 2291 5084 οῦς
2323 5020 2381 5076 ἂν
2412 5025 2519 5076 τῶν
2570 5021 2826 5091 ὑπηκόων
2884 5018 3276 5095 ἐπεχωρίασεν.
3311 5017 3435 5076 Ἐπὶ
3488 5014 3705 5079 τούτοις
3763 5011 3859 5070 διὰ

2192 5113 2286 5174 τὰς
2343 5111 2548 5172 πυκνὰς
2625 5107 2964 5181 ἐκστρατείας
3047 5105 3251 5163 ἔνδειαν
3321 5105 3467 5183 ἔχειν
3549 5105 3860 5181 χρημάτων

2195 5198 2686 5278 προφασιζόμενος,
2743 5197 2837 5260 τὰς
2917 5199 3011 5272 μὲν
3086 5194 3480 5270 διανεμομένας
3538 5197 3609 5268 τῇ
3662 5211 3860 5278 γερου-

2198 5289 2286 5361 σίᾳ
2322 5277 2628 5364 βασιλικὰς
2687 5283 2894 5364 δωρεὰς
2942 5285 3080 5340 κατὰ
3139 5285 3302 5362 μέρος
3329 5283 3638 5355 ἠλάττωσε,
3664 5281 3761 5343 τὰς
3804 5277 3857 5335 δ’

2201 5378 2614 5451 ἀπονεμημένας
2665 5374 2912 5439 ἀνέκαθεν
2973 5373 3247 5448 τεμένεσιν
3307 5374 3478 5450 ἱεροῖς
3531 5371 3620 5426 καὶ
3672 5367 3861 5445 εὐαγε-

2201 5489 2284 5522 σιν
2341 5464 2516 5530 οἷ’κοις
2564 5463 2836 5526 ἐπετείους
2895 5459 3071 5526 δόσεις
3130 5461 3402 5540 ἐσχόλασε
3456 5459 3663 5517 τέλεον.
3726 5457 3862 5513 Εἶτα

2199 5558 2289 5612 καὶ
2345 5559 2598 5636 ψήφιςμα
2654 5551 2929 5632 βασίλειον
2986 5548 3157 5623 ἔθετο,
3192 5553 3244 5609 έν
3276 5552 3556 5624 ἀκινήτοις
3610 5548 3707 5610 τὰς
3739 5547 3861 5636 Ἐκ-

2201 5634 2449 5718 κλησίαςν
2514 5647 2588 5720 μή
2671 5641 3125 5718 ἐμπλατύνεσθαι,
3181 5641 3272 5698 καὶ
3330 5644 3366 5712 ἡ
3423 5638 3706 5718 τρόφασις,
3769 5634 3858 5690 ὅτι
