4156 6214
409 356 524 416 123

1756 366 2083 432 JOANNIS
2124 367 2464 428 ZONARIE

3706 361 3829 432 1.24

409 487 623 542 festum
653 489 782 553 fuit,
814 492 969 561 quod
1004 494 1221 566 regiam
1255 513 1422 552 muro
1465 499 1870 556 circumdedit.
1905 500 2052 557 Nam

2176 497 2508 572 ἀνθρώπους,
2565 497 2654 551 καὶ
2685 498 2718 565 ἡ
2776 499 2882 550 τῶν
2934 493 3223 570 βασιλείων
3255 497 3333 565 τῷ
3388 490 3565 566 τείχει
3593 485 3833 563 περιϐο-

408 593 540 631 cum
575 579 877 634 oraculum
912 586 1251 654 accepisset,
1287 603 1349 640 se
1373 588 1428 640 in
1461 605 1528 642 ea
1557 588 1924 644 interfectum
1960 589 2051 653 iri,

408 666 653 736 putabat
685 683 747 720 se
780 670 1286 727 mmnibustutum
1313 674 1454 729 fore.
1519 678 1826 732 Enimvero
1871 677 1955 732 sic
2003 675 2054 730 ei

409 754 877 811 ratiocinandum
932 760 1040 813 fuit
1085 777 1098 814 :
1151 761 1207 815 Si
1260 779 1458 818 verum
1518 773 1673 822 esset
1728 765 2054 831 oraculum,

409 843 584 897 etiam
618 844 796 897 fatum
831 849 920 912 (ut
955 847 1038 900 ita
1073 850 1292 921 loquar)
1353 853 1636 910 divinitus
1696 857 2052 920 ordinatum,

409 948 538 986 esse
571 932 877 987 inevitable
891 940 947 988 et
977 936 1381 1008 immutabile;
1417 943 1508 998 sin
1536 945 1590 1000 id
1609 944 1802 1016 aliqua
1824 943 2059 1000 solertia

411 1019 702 1090 prohiberi
734 1027 952 1091 posset,
990 1042 1101 1079 non
1128 1027 1329 1098 utique
1359 1048 1486 1085 esse
1532 1050 1757 1098 verum,
1789 1049 2055 1088 omnem-

410 1125 523 1179 que
553 1107 843 1164 solertiam
863 1121 1496 1182 supervacaneam.Sed
1528 1121 1624 1177 ille
1655 1121 1817 1178 nulla
1846 1121 2056 1177 harum

412 1213 605 1251 rerum
640 1198 1050 1258 considerata:
1087 1206 1314 1274 magnis
1363 1211 1697 1281 sumptibus
1739 1211 1957 1283 regiam
1991 1227 2057 1264 eo

411 1302 600 1352 muro,
677 1292 774 1357 qui
835 1288 1009 1344 etiam
1063 1310 1216 1348 nunc
1303 1300 1586 1365 cernitur,
1647 1299 2055 1367 circumdedit,

411 1389 582 1445 quem
625 1375 776 1430 cives
837 1379 1167 1450 Acropolim
1219 1389 1273 1438 et
1329 1387 1634 1442 castellum
1687 1388 2058 1461 tyrannicum

410 1470 612 1517 contra
642 1479 703 1517 se
735 1471 1698 1540 exstructumjudicabant.Verum
1735 1476 2059 1531 munitione

412 1551 687 1622 perfecta,
719 1568 852 1607 cum
885 1572 948 1610 se
971 1557 1097 1627 jam
1131 1577 1220 1615 res
1255 1579 1393 1619 suas
1455 1564 1512 1619 in
1571 1570 1695 1622 tuto
1744 1566 2060 1621 collocasse

415 1643 670 1710 putaret,
726 1646 850 1696 tum
913 1645 1151 1702 demum
1219 1667 1353 1706 cum
1434 1653 1588 1708 intra
1655 1671 1782 1709 eam
1868 1654 2058 1725 ipsam

414 1728 751 1798 caederetur,
811 1731 1114 1803 intellexit,
1168 1738 1472 1796 inventum
1531 1743 1678 1798 illud
1745 1744 1892 1798 nihil
1950 1742 2060 1797 sibi

414 1816 726 1887 profuisse.
761 1819 868 1874 Sed
905 1822 1013 1879 hoc
1055 1825 1108 1878 in
1142 1831 1450 1897 praesentia
1514 1833 1756 1898 omisso,
1812 1849 1902 1887 res
1932 1833 2060 1901 ejus

413 1911 612 1977 gestas
648 1922 1057 1980 exsequamur.
1090 1916 1415 1982 Antiochia,
1449 1921 1603 1976 204
1632 1938 1806 1992 quam
1842 1922 2060 1976 ﬂumen

413 1998 660 2049 Orontes
685 1996 873 2066 alluit,
898 2008 1522 2073 revertens,castellum
1556 2010 1615 2063 in
1637 2015 1824 2065 Tauro
1841 2013 2060 2076 monte,

417 2099 594 2152 quem
628 2085 798 2140 hodie
857 2088 1031 2162 vulgo
1089 2093 1358 2150 Maurum
1419 2104 1646 2164 vocant,
1697 2099 2060 2155 construxit:

424 2171 706 2228 Michaele
739 2174 938 2248 Burze,
973 2196 1148 2250 quem
1200 2187 1510 2254 patricium
1567 2187 1721 2252 fecit,
1789 2193 1846 2243 et
1891 2186 2066 2243 Tauri

425 2262 643 2316 montis
673 2263 882 2320 ducem
934 2270 1274 2340 nominavit,
1328 2276 1399 2329 ad
1459 2277 1818 2332 infestandos
1877 2277 2067 2332 Antio-

426 2349 642 2405 chenos
667 2351 744 2406 ibi
776 2355 994 2412 relicto.
1029 2359 1260 2416 Petrum
1322 2381 1454 2421 vero
1505 2367 1819 2436 quemdam
1860 2383 1927 2421 ex
1957 2366 2068 2420 mi-

424 2439 629 2494 nistris
661 2442 806 2509 suis,
839 2451 1158 2503 castratum
1219 2451 1384 2507 illum
1433 2455 1692 2523 quidem,
1751 2455 1852 2509 sed
1911 2459 2065 2509 stre-

423 2545 610 2628 nuum
644 2530 962 2628 hominem,
986 2545 1374 2602 constantem.
1407 2547 1464 2598 et
1493 2544 1746 2599 militum
1782 2545 2064 2614 regendo-

425 2621 578 2705 rum'
615 2621 890 2690 peritum,
951 2631 1488 2697 stratopedarchain
1544 2632 1868 2705 designavit
1937 2648 1950 2688 :
2004 2636 2069 2688 ut

421 2703 614 2760 locum
647 2709 922 2764 exercitui
967 2713 1130 2769 daret
1167 2717 1239 2771 ad
1273 2703 1706 2775 hibernandum
1738 2720 1796 2774 in
1845 2718 2064 2776 Cilicia.

421 2797 778 2863 Imperatore
803 2800 1137 2870 Byzantium
1166 2821 1414 2874 reverso,
1474 2808 1687 2863 Burzes
1718 2810 1937 2864 crebris
1969 2825 2064 2862 ex-

425 2881 800 2978 cursionibus
832 2890 1218 2948 Antiochenos
1257 2900 1550 2966 Agarenos
1602 2897 1935 2965 infestabat,
1969 2915 2066 2953 as-

425 2972 594 3026 sidue
624 2973 694 3028 de
720 2975 1010 3046 capiendae
1036 2983 1196 3037 urbis
1226 2985 1516 3054 facultate,
1552 2988 1923 3058 parandaque
1953 2984 2068 3042 sibi

425 3059 611 3128 gloria
641 3065 922 3135 cogitans.
957 3069 1215 3133 Quodam
1260 3075 1434 3144 igitur
1463 3081 1722 3147 tempore
1755 3076 1934 3131 turris
1965 3094 2068 3131 cu-

416 3149 660 3219 jusdam
693 3152 1067 3214 altitudinem
1102 3160 1249 3217 clam
1271 3166 1762 3236 mensus,paratis
1794 3164 2067 3221 scalisilli

423 3239 684 3307 paribus,
739 3249 904 3300 nocte
962 3246 1207 3320 liberna,
1259 3252 1426 3307 illuni
1495 3234 1560 3308 et
1609 3254 1832 3319 nivosa,
1893 3253 2064 3309 tacite
2097 3234 2138 3300 C

425 3328 716 3385 moenibus
747 3332 907 3389 urbis
940 3339 1218 3407 succedit,
1253 3342 1563 3413 at‘ﬁxisque
1603 3342 1772 3398 scalis
1796 3359 1926 3397 cum
1952 3346 2068 3396 tre-

423 3417 608 3472 centis
662 3424 764 3489 (tot
801 3424 957 3479 enim
1008 3428 1341 3485 advertente
1406 3432 1638 3487 nemine
1685 3431 2068 3500 adduxerant)

427 3508 708 3579 ascendit,
742 3515 1016 3570 custodes
1042 3520 1222 3574 turris
1251 3524 1308 3574 et
1339 3520 1535 3575 obvios
1583 3537 1848 3591 quosque
1880 3521 2068 3585 caedit,

427 3597 741 3668 statimque
771 3605 1260 3674 stratopedarchaa
1293 3609 1524 3664 nuntiat
1552 3609 1691 3680 quid
1720 3610 1839 3676 fiat,
1887 3614 1944 3663 et
1998 3608 2070 3662 ad

429 3701 598 3756 Opem
633 3688 926 3746 ferendam
963 3695 1225 3750 accersit.
1261 3698 1319 3750 Id
1345 3696 1442 3752 ille
1473 3698 1848 3752 detrectabat.
1902 3697 2072 3752 Fere-

428 3774 602 3828 batur
628 3778 1118 3850 enimimperator
1148 3784 1231 3838 illi
1263 3787 1674 3856 mandasse,ue
1703 3785 2072 3841 Antiochiam

430 3860 748 3935 invaderet,
782 3870 936 3938 quod
973 3872 1134 3927 urbis
1164 3875 1288 3945 ejus
1348 3875 2072 3947 captivitateminteritum

429 3949 800 4021 imperatoris
832 3965 1284 4018 consecuturum
1317 3963 1549 4036 vulgata
1595 3964 1751 4018 fama
1780 3967 1923 4019 erat.
1955 3970 2072 4018 An-

429 4039 684 4096 tiocheni
714 4061 847 4099 cum
874 4051 1064 4104 turres
1105 4057 1415 4122 occupatas
1473 4069 1598 4108 esse
1645 4053 2072 4124 cognovissent,

433 4143 500 4183 eo
524 4128 792 4187 alacriter
835 4151 1173 4204 convenere,
1229 4142 1300 4195 a'd
1332 4146 1623 4198 Romanos
1678 4141 2073 4213 expellendos,

433 4222 932 4292 stratopedarcha,
990 4229 1259 4297 quamvis
1311 4230 1594 4301 anticipiti
1644 4247 1785 4285 cura
1829 4229 2077 4285 distine-

437 4311 620 4374 retur,
643 4315 700 4365 et
723 4314 981 4376 mandati
1011 4317 1404 4389 imperatoris,
1428 4325 1484 4375 et
1512 4320 1671 4375 exitii
1701 4320 1916 4387 Burzae,
1941 4334 2074 4374 cum

431 4394 666 4453 cohorte
695 4416 824 4472 sua,
857 4406 1055 4460 tamen
1093 4422 1203 4462 non
1236 4407 1726 4464 committendum
1742 4425 1870 4464 esse
1889 4412 2072 4474 ratus,

429 4488 494 4540 ut
523 4491 607 4542 tot
635 4487 742 4544 viri
776 4493 1084 4562 perierent,
1129 4513 1262 4552 cum
1310 4499 1586 4554 omnibus
1635 4497 1817 4569 copiis
1871 4496 2075 4552 Antio-

2167 584 2261 654 λή.
2295 582 2897 660 Κεχρησμοδοτημένον
2930 583 3031 658 γὰρ
3091 578 3257 657 ἔχων,
3315 582 3380 636 τὸ
3404 580 3456 635 ἐν
3506 585 3627 641 τοῖς
3676 579 3832 653 βασι-

2165 672 2334 736 λείοις
2393 671 2614 745 μέλλειν
2676 674 3152 747 ἀναιρεθήσεσθαι,
3205 668 3371 740 ἔδοξε
3433 670 3610 740 ἑαυτῷ
3667 687 3832 742 περι-

2163 769 2431 826 ποιεῖσθαι
2491 760 2579 816 διά
2632 767 2729 817 τοῦ
2775 763 2996 836 τείχους
3056 758 3373 837 ἀσφάλειαν,
3436 755 3554 812 δέον
3596 756 3832 832 λογίσα-

2166 862 2306 922 σθαι,
2361 852 2433 912 ὡς
2495 850 2540 905 εἰ
2603 853 2696 924 μὲν
2758 850 2960 920 ἀληθὲς
2991 845 3076 917 εἰή
3125 849 3188 903 τὸ
3223 843 3701 922 χρησμοδότημα,
3737 843 3824 915 εἴη

2165 936 2224 992 ἂν
2283 938 2371 993 καὶ
2429 940 2810 1015 πεπρωμένον,
2843 937 2910 991 ἶν’
2965 936 3137 998 οὕτως
3169 936 3410 1007 εἶ’ποιμι,
3467 934 3530 988 νὸ
3563 932 3623 987 ἐκ
3682 936 3824 987 Θεοῦ

2165 1026 2488 1102 ὡρισμένον,
2551 1027 2783 1102 ἄφυκτόν
2832 1047 2892 1080 τε
2959 1027 3050 1080 καὶ
3107 1024 3426 1097 ἀμετάθετο.
3487 1023 3551 1078 Ei
3612 1020 3671 1076 δὲ
3731 1019 3826 1076 δύο

2163 1138 2314 1171 ναιτο
2370 1116 2682 1186 κωλυθῆναι
2715 1114 2788 1171 δι’
2810 1115 3042 1178 ἐπινοίας
3096 1115 3267 1182 τινὸς,
3309 1113 3372 1168 οὗ
3403 1113 3622 1174 πάντως
3691 1109 3834 1181 ἀλη-

2166 1207 2271 1273 θὶς,
2329 1205 2418 1260 καὶ
2478 1207 2543 1260 τὰ
2573 1205 2928 1277 ἐπινοούμενα
2957 1202 3202 1279 περιττά.
3234 1205 3302 1260 ⁸0
3335 1199 3393 1256 δὲ
3419 1202 3635 1256 τούτων
3669 1197 3829 1255 οὐδὲν

2167 1293 2564 1370 λογισάμενος,
2626 1293 2886 1370 μεγάλαις
2949 1291 3208 1355 δαπάναις
3263 1297 3342 1363 τῷ
3401 1295 3490 1344 νῦν
3554 1291 3828 1366 ὁρωμένῳ

2164 1385 2336 1459 τείχει
2390 1386 2456 1438 τὰ
2509 1381 2755 1458 βασίλεια
2808 1382 3191 1459 ἐστεφάνωσεν,
3270 1377 3603 1453 ’Δκρόπολιν
3637 1376 3712 1433 δ’
3775 1379 3833 1433 οἱ

2165 1471 2390 1527 πολῖται
2446 1476 2607 1526 τοῦτο
2663 1471 2753 1525 καὶ
2809 1477 3123 1546 τυραννεῖον
3181 1470 3301 1524 καθ’
3353 1469 3556 1523 ἑαυτῶν
3591 1466 3825 1542 γινόμε-

2631 1563 2759 1616 ’Ότε
2811 1559 2991 1614 τοίνυν
3048 1559 3315 1633 ἀπήρτισε
3373 1557 3434 1612 τὸ
3494 1555 3774 1631 ὀχύρωμα
3807 1597 3822 1624 ,

2169 1650 2258 1702 καὶ
2317 1646 2490 1718 ἔδοξεν
2549 1649 2722 1720 ἑαυτῷ
2777 1648 3235 1721 περιποιήσασθαι
3283 1647 3382 1714 τὴν
3450 1644 3700 1719 φύλακήν
3735 1643 3835 1697 ἀσ-

2171 1735 2344 1815 φαλῆ,
2394 1733 2502 1790 τότ’
2558 1732 2695 1809 ἔγνω
2731 1732 2896 1808 μηδὲν
2941 1733 3089 1806 αὐτῷ
3114 1733 3476 1798 λυσιτελῆσαν
3509 1734 3572 1787 τὸ
3603 1729 3835 1801 ἐπινόη-

2174 1846 2267 1897 μα,
2303 1825 2537 1886 ὑποστὰς
2595 1823 2744 1886 ἐντὸς
2775 1823 2978 1877 ἐκείνου
3023 1823 3116 1877 τὸν
3148 1818 3397 1896 ὄλεθρον.
3441 1817 3618 1875 Ἀλλά
3652 1820 3834 1891 μήπω

2166 1582 2255 1614 νον
2316 1557 2522 1634 ἔκρινον
2559 1602 2572 1614 .

2169 1912 2291 1988 περὶ
2343 1912 2559 1981 τούτου,
2617 1910 2693 1966 ἔτι
2727 1910 2771 1965 δ’
2802 1913 2829 1965 6
2881 1910 3047 1985 λόγος
3097 1910 3316 1985 πράξεις
3348 1908 3558 1979 διεξίτω
3591 1907 3830 1964 ἐκείνου.

2169 2003 2500 2056 Τπονοστῶν
2534 1999 2584 2072 ἐξ
2645 1999 2984 2074 Ἀντιοχείας
3015 2001 3148 2072 (63).
3207 2005 3308 2066 τῆς
3367 1999 3502 2072 πρὸς
3559 1996 3826 2071 Ὀρόντην

2173 2091 2326 2151 οὗτος
2357 2090 2384 2143 6
2433 2089 2707 2165 βασιλεὺς,
2754 2088 3012 2164 φρούριον
3059 2088 3109 2142 ἰν
3153 2093 3235 2160 τῷ
3274 2082 3387 2162 ὄρει
3443 2090 3541 2140 τοῦ
3599 2085 3830 2158 Ταύρου

2173 2177 2444 2251 ἐδείματο,
2506 2181 2726 2254 Μαῦρον
2783 2175 2840 2232 δὲ
2888 2174 3014 2252 ὄρος
3063 2175 3232 2231 ἐκεῖνο
3280 2175 3426 2251 λέγει
3460 2179 3552 2229 νῦν
3586 2174 3613 2227 6
3643 2173 3830 2235 πολὺς

2174 2265 2476 2340 ἄνθρωπος,
2540 2266 2592 2320 ἐν
2664 2267 2709 2338 ᾧ
2766 2264 2997 2340 Μιχαὴλ
3053 2265 3144 2319 τὸν
3214 2264 3488 2339 Βούρτζην
3539 2259 3832 2335 κατέλιπε,

2174 2353 2456 2430 πατρίκιον
2515 2357 2769 2428 τιμήσας,
2827 2354 2917 2410 καὶ
2972 2358 3068 2408 τοῦ
3126 2353 3352 2426 Μαύρου
3404 2347 3568 2427 ὅρους
3628 2371 3837 2424 στρατ-

2176 2445 2308 2522 ηγὸν
2368 2444 2638 2518 ὀνομάσας
2695 2443 2875 2513 αὐτὸν,
2931 2443 3058 2506 τοὺς
3089 2445 3396 2516 Ἀντιοχεῖς
3427 2446 3622 2497 κακοῦν
3655 2440 3837 2496 ἐντει-

2177 2535 2432 2608 λάμενος.
2480 2533 2576 2588 Καὶ
2655 2535 2855 2608 Πέτρον
2913 2531 2958 2588 δ’
3009 2529 3102 2587 ἕνα
3156 2536 3265 2586 τῶν
3323 2532 3513 2586 ἑαυτοῦ
3563 2528 3835 2605 θεραπόν-

2172 2646 2302 2692 των,
2364 2623 2615 2696 ἐκτομίαν
2680 2623 2796 2695 μὲν,
2853 2619 3179 2696 δραστήριον
3243 2617 3300 2674 δέ
3327 2641 3388 2696 γε
3416 2619 3506 2674 καὶ
3561 2613 3831 2694 ἐμϐριθῆ,

2173 2713 2262 2767 καὶ
2321 2710 2506 2788 ἄρχειν
2559 2707 2737 2765 εἰδότα
2770 2714 3134 2786 στρατιωτῶν,
3170 2705 3664 2784 Στρατοπεδάρχην
3697 2707 3833 2761 ὀνο-

2180 2803 2351 2876 μάσας
2408 2799 2713 2866 κατέλιπεν,
2761 2798 2836 2853 'iv’
2891 2797 2944 2853 ἐν
3027 2798 3247 2869 Κιλικίᾳ
3316 2796 3440 2868 δοίη
3512 2797 3701 2872 χώραν
3754 2799 3833 2870 τῇ

2174 2895 2395 2967 στρατιᾷ
2423 2890 2514 2944 τὸν
2555 2894 2805 2964 χειμῶνα
2853 2886 3150 2964 διαγαγεῖν.
3186 2887 3285 2942 Καὶ
3345 2888 3372 2941 6
3433 2886 3528 2960 μὲν
3569 2883 3832 2960 βασιλεὺς

2173 2982 2300 3048 ἧκεν
2334 2979 2410 3041 εἷς
2450 2980 2510 3032 τὸ
2543 2977 2854 3047 Βυζάντιον,
2906 2979 2933 3032 6
2983 2974 3038 3031 δὲ
3087 2976 3362 3049 Βοόρτζης
3419 2979 3662 3050 συνεχῶς
3720 2973 3835 3044 ἐξε-

2178 3067 2388 3124 λαύνων
2447 3066 2642 3122 ἐκάκου
2700 3065 2829 3130 τοὺς
2872 3065 2924 3121 ἐν
2982 3065 3267 3140 Ἀτιοχείᾳ
3318 3062 3679 3140 Ἀγαρηνοὺς,
3739 3065 3836 3117 καὶ

2179 3155 2446 3212 διεσκόπει
2495 3155 2642 3219 ὅπως
2665 3152 2784 3210 ’ἑλοι
2842 3156 2940 3224 τήν
2981 3152 3136 3209 πόλιν
3166 3152 3217 3208 εἴ
3245 3150 3510 3220 δόναιτοι,
3542 3153 3632 3205 καὶ
3663 3149 3834 3212 κλέος

2178 3240 2300 3316 ἔξει.
2357 3243 2586 3308 Ἒλαθεν
2620 3245 2708 3298 οὖν
2763 3264 2895 3298 ποτε
2950 3242 3144 3316 μέτρον
3201 3245 3299 3296 τοῦ
3358 3241 3527 3315 ὕψους
3576 3241 3694 3303 ἑνὸς
3719 3243 3834 3295 τῶν

2177 3335 2395 3410 πύργων
2455 3327 2662 3405 λαϐὼν,
2719 3333 2974 3407 καὶπρὸς
3033 3335 3288 3386 τοσοῦτον
3351 3328 3485 3404 ὕψος
3525 3328 3836 3405 ἀναλογους

2177 3425 2516 3496 ἡτοιμάσατο
2547 3420 2841 3494 κλίμακας.
2902 3420 3152 3491 Φυλάξας
3211 3418 3302 3473 οὖν
3355 3418 3522 3474 νύκτα
3555 3418 3678 3492 μίαν
3709 3438 3802 3493 χει

2184 3515 2392 3588 μέριον,
2451 3510 2714 3581 ἀσέληνόν
2744 3531 2802 3564 τε
2831 3510 2918 3564 καὶ
2977 3507 3273 3589 νιφετώδη,
3307 3509 3584 3583 πρόσεισιν
3647 3507 3837 3581 ἡρέμα

2178 3607 2257 3675 τῷ
2304 3601 2474 3676 τείχει
2531 3607 2631 3669 τῆς
2690 3598 2948 3668 πόλεως,
3004 3599 3095 3654 καὶ
3151 3599 3248 3661 τὰς
3294 3596 3569 3671 κλίμακας
3623 3593 3834 3672 ἐρείσας

2180 3684 2544 3763 αὐτῷ,ἀνέ6η
2611 3690 2743 3762 μετά
2789 3687 3112 3763 τριακοσίων
3171 3689 3480 3759 (τοσουτους
3539 3686 3640 3762 γὰρ
3696 3683 3836 3754 ἐπή-

2180 3801 2324 3856 γετο,
2389 3775 2620 3850 μηδενὸς
2678 3777 3057 3849 αἷσθομένους)
3084 3775 3173 3831 καὶ
3199 3775 3325 3837 τοὺς
3362 3775 3455 3848 μὲν
3486 3779 3584 3829 τοῦ
3617 3773 3835 3848 πύργου

2183 3869 2385 3923 ἐκείνου
2435 3867 2678 3945 φύλακας
2730 3866 2932 3935 ἀνεῖλε,
2990 3866 3079 3920 καὶ
3137 3864 3332 3940 ἑτέρων
3391 3861 3834 3934 πλησιαζόντων,

2184 3955 2397 4012 στέλλει
2429 3953 2487 4010 δὲ
2541 3955 2733 4010 αὐτίκα
2784 3956 2921 4030 πρὸς
2953 3955 3039 4010 τὸν
3103 3950 3607 4030 στρατοπεδάρχην,
3643 3949 3834 4021 δηλῶν

2184 4046 2329 4118 αὐτῷ
2357 4046 2418 4100 τὸ
2474 4045 2789 4119 γενόμενον,
2821 4043 2912 4098 καὶ
2943 4045 3078 4117 πρὸς
3115 4041 3370 4118 βοήθειαν
3405 4040 3836 4113 ἐκκαλύομενος,

2182 4136 2239 4189 Ὀ
2293 4132 2350 4188 δὲ
2407 4131 2689 4188 ἀνεδύετο·
2767 4131 2981 4208 λέγεται
3047 4133 3148 4208 γὰρ
3224 4128 3555 4194 ἐντείλασθαί
3636 4130 3688 4182 οἱ
3744 4129 3842 4183 τὸν

2189 4223 2443 4300 βασιΛέα,
2507 4224 2583 4296 μὴ
2642 4217 2973 4299 προσϐαλεῖν
3035 4224 3100 4294 τῇ
3161 4219 3492 4295 Ἀντιοχείᾳ,
3549 4220 3632 4273 δτι
3685 4219 3843 4292 παρᾶ

2184 4319 2315 4368 πᾶσι
2369 4314 2716 4390 πεφήμιστο,
2774 4315 2843 4385 τῇ
2903 4317 3004 4379 τῆς
3064 4309 3399 4385 Ἀντιοχείας
3456 4307 3659 4363 ἀλώσει
3713 4305 3844 4380 ἕψε·

2185 4415 2305 4467 σθαι
2363 4401 2452 4456 καὶ
2506 4405 2602 4456 τοῦ
2653 4405 2981 4475 κρατοῦντος
3007 4400 3100 4454 τὸν
3133 4396 3389 4474 ὄλεθρον.
3449 4397 3516 4454 Οἱ
3549 4394 3843 4452 δὲ’Λντιο-

2185 4496 2328 4567 χεῖς,
2386 4491 2602 4567 γνόντες
2631 4495 2741 4545 τῶν
2771 4488 2992 4565 πύργων
3023 4489 3122 4557 τὴν
3151 4485 3378 4559 ἅλωσιν,
3406 4485 3516 4540 ἐκεῖ
3545 4484 3840 4557 συνηθροί-

426 4573 617 4631 cbiam
650 4577 890 4635 invadit.
924 4582 1047 4647 Quo
1080 4583 1228 4640 facto
1256 4585 1418 4641 statii
1448 4590 1506 4641 et
1538 4601 1750 4641 manus
1805 4589 1863 4639 et
1894 4583 2067 4639 animi

2183 4592 2406 4651 σθησαν,
2471 4578 2714 4649 ἐξελάσαι
2755 4578 2882 4640 τοὺς
2931 4576 3234 4651 Ῥωμαίους
3287 4575 3462 4630 αὐτῶν
3511 4573 3843 4649 προθυμού-

424 4666 811 4724 Barbarorum
843 4672 1466 4731 conciderunt.Burzes
1497 4690 1628 4730 vero
1651 4690 1784 4730 cum
1808 4673 2071 4742 suisjam

430 4751 734 4823 desperata
765 4758 976 4828 salute,
997 4761 1224 4830 revixit,
1249 4768 1304 4818 et
1359 4767 1528 4834 porta
1556 4761 1796 4835 bipenni
1829 4764 2071 4826 resecta,

431 4838 682 4899 liberum
713 4845 1046 4919 ingressum
1074 4852 1565 4924 stratopedarchaa
1599 4851 1868 4924 praebuit.
1892 4852 2077 4907 Tanta

432 4929 987 5003 facilitate,illustris
1003 4942 1312 4998 Antiochia
1329 4941 1388 4998 in
1412 4943 1808 4998 Romanorum
1829 4944 2078 5014 potesta-

430 5023 550 5074 tem
582 5023 760 5079 venit.
794 5027 852 5080 Id
895 5027 1231 5101 imperatori
1281 5032 1622 5088 nuntiatum
1679 5031 1810 5104 plus
1861 5029 2078 5087 doloris

431 5108 631 5166 attulit
689 5129 864 5184 quam
914 5118 1251 5190 voluptatis,
1309 5126 1364 5177 et
1424 5121 1767 5194 praeclarum
1828 5120 2075 5185 facinus,

429 5198 616 5256 iratus
673 5208 1164 5277 stratopedarchze
1217 5216 1274 5267 et
1328 5215 1545 5281 Burzae,
1598 5209 1971 5266 contumeliis
2025 5212 2081 5262 et

2187 4689 2359 4742 μενοι.
2418 4667 2561 4742 Πρὸς
2613 4665 2709 4722 δύο
2756 4667 2937 4722 τοίνυν
2989 4665 3202 4721 ἐναντία
3255 4663 3570 4740 μαχόμενον
3604 4657 3750 4738 ἔχων
3808 4665 3839 4718 6

2181 4754 2665 4833 στρατοπεδάρχης
2692 4757 2782 4812 τὸν
2842 4754 3133 4830 λογισμὸν,
3189 4756 3288 4826 τήν
3338 4775 3397 4809 τε
3431 4752 3718 4828 βασιλικήν
3752 4751 3841 4808 ἐν-

2182 4845 2378 4917 τολήν,
2407 4845 2618 4901 καὶτὸν
2669 4843 2895 4921 ὄλεθρον
2957 4849 3049 4900 τοῦ
3113 4843 3382 4918 Βούρτζη,
3431 4843 3521 4897 καὶ
3576 4847 3683 4896 τῶν
3742 4842 3837 4898 σὺν

2186 4937 2334 5008 αὐτῷ
2387 4935 2714 5010 τριακοσίων
2773 4931 3006 5009 ἀνδρῶν,
3038 4928 3186 4989 ἔθετο
3235 4934 3310 5006 μή
3364 4933 3514 4987 ἐᾶσαι
3542 4931 3841 4996 τοσούτους

2185 5023 2380 5099 ἄνδρας
2410 5023 2732 5090 ἀπολέσθαι,
2789 5023 2880 5078 καὶ
2924 5020 3056 5097 ἄρας
3113 5020 3204 5076 σὺν
3248 5020 3408 5076 παντὶ
3445 5025 3525 5093 τῷ
3582 5020 3845 5097 στρατιῦ-

2193 5135 2340 5186 ματι,
2402 5107 2740 5184 προσϐάλλει
2790 5115 2859 5186 τῇ
2918 5111 3224 5187 Ἀντιόχου⁶
3287 5107 3377 5164 καί
3434 5108 3626 5165 αὐτίκα
3656 5111 3709 5164 οἱ
3745 5110 3844 5183 μὶν

2187 5201 2450 5275 πολέμιοι
2481 5200 2809 5279 παρείθησαν
2841 5200 2930 5256 καὶ
2985 5199 3082 5263 τὰς
3143 5204 3339 5276 χεῖρας
3367 5197 3457 5254 καὶ
3489 5199 3584 5262 τὰς
3636 5200 3844 5275 ψυχάς.

1707 5390 1907 5453 Variae
1935 5388 2234 5451 lectiones
2261 5394 2321 5451 et
2351 5392 2542 5450 notae.

505 5554 627 5630 (63)?
684 5555 1018 5611 Ὑπονοστῶν
1086 5553 1137 5626 ἐξ
1218 5551 2077 5630 Ἀντιοχείας.-ΑΕιρθᾶῇἰῒίίοῑιθω

431 5624 673 5713 hancjn
706 5624 1164 5713 ᾼεειι-οειοεκᾳυοέθ
1195 5629 1306 5713 sub
1335 5624 1662 5713 anno‘96’8,
1683 5700 1693 5711 .
1717 5624 2078 5713 accidit,"at-

432 5700 565 5772 tigit
597 5697 1076 5772 Liutp’randusid
1108 5702 1306 5774 Legat.
1339 5702 1557 5770 Quarta
1581 5700 1728 5772 feria
1757 5698 1926 5771 ipsius
1943 5697 2080 5754 Heb-

2187 5549 2432 5606 domades
2452 5548 2791 5620 Nicephorus
2837 5545 3367 5618 Constantinopolim
3422 5543 3726 5616 egreditur,
3782 5545 3846 5598 in

2187 5623 2438 5694 Assyrios
2462 5621 2833 5694 profecturus.
