4156 6214
361 360 480 420 125
1666 362 2083 428 ANNALIUM
2126 365 2277 428 LIB.
2319 365 2474 427 XVI.
3658 358 3776 420 126

358 490 427 547 Ol.
486 485 546 543 δὲ
599 489 728 564 περὶ
784 491 877 545 τὸν
934 493 1226 569 Βούρτζην,
1284 494 1372 549 καὶ
1432 495 1594 558 αὐτὸς
1642 493 1866 565 ἐκεῖνος,
1907 493 1998 566 ἤδι

2135 499 2314 556 minis
2331 504 2421 555 est
2452 500 2880 568 remuneratus,
2912 495 3303 566 ademptoquo
3333 489 3775 564 imperio,illum

351 578 721 654 ἀπειρηκότες
800 578 1195 652 ἆνεζωώθησαν
1245 626 1259 651 ,
1319 583 1409 637 καὶ
1483 583 1552 639 τὰ
1618 584 1842 660 κλεῖθρα
1916 589 1998 639 τῶι

2137 587 2309 643 domo
2339 589 2493 644 exire
2511 587 2712 643 vetuit.

354 664 549 773 πυλων
607 667 637 721 6
688 668 968 773 Βούρτζης
1024 669 1242 726 πελέκει
1301 668 1589 747 διακόψας,
1620 671 1802 729 ἄνετον
1851 674 2096 750 παρέσχε
2151 678 2231 729 τῶ
2290 672 2737 750 στρατοπεδάρχῃ
2792 675 2890 741 τὴν
2946 668 3182 739 εἴσοδον,
3239 668 3329 723 καὶ
3385 670 3419 737 ἡ
3478 666 3778 743 περιφανὴς

954 758 981 773 η
1161 761 1176 773 ο
1236 761 1250 773 ι
1316 761 1369 773 ι-
1516 761 1527 773 .
1685 761 1698 773 ι
1749 763 1759 773 .
1947 764 1999 773 ,Α
2099 767 2126 773 ..
2204 764 2227 773 ..
2329 762 2346 773 ς
2395 769 2416 773 _
2464 763 2477 773 .
2593 762 2674 773 ς-.
2780 760 2831 773 ..ς
3040 758 3157 773 ςες.
3256 757 3269 773 ,
3565 756 3579 773 ς
3679 736 3695 773 ἱ

353 754 688 863 Ἀντιόχεια.
734 756 858 833 ῥᾷον
919 758 1093 822 οὕτως
1155 761 1260 815 ὑπὸ
1316 761 1623 834 Ῥωμαίους
1680 761 1907 837 ἐγένετο.
1938 764 2004 819 ’Ὁ
2059 767 2139 835 τῷ
2201 762 2416 837 βασιλεῖ
2454 736 2715 839 ἀγγελθέν
2777 760 2967 837 ἄλγος,
3030 758 3157 815 ἀλλ’
3215 757 3276 812 οὐ
3329 736 3628 833 χαρμονίὴν
3676 736 3780 809 ἐνε-

694 850 731 863 n
861 847 872 863 ν
1115 853 1144 863 α.
1489 847 1544 863 δι
1824 850 1838 863 ι
1936 855 1965 863 ,ι
2028 853 2067 863 σε
2122 851 2133 863 ο
2212 857 2239 863 --
2341 859 2366 863 Α.
2576 850 2641 863 κ-
2789 852 2802 863 ι
2922 848 2951 860 ο
3024 850 3037 863 ε
3084 846 3108 863 ἢ
3264 859 3279 863 _
3312 848 3324 863 ι
3547 845 3560 863 τ
3675 840 3735 863 με

352 844 611 915 ποίησεν.
675 845 911 917 Ἐμηνία
963 869 1023 903 τε
1077 853 1157 921 τῷ
1215 847 1690 927 στρατοπεδάρχῃ,
1749 850 1841 905 καὶ
1898 855 1976 923 τῷ
2028 851 2274 928 Βούρτζῃ
2300 859 2400 922 τῆς
2431 850 2669 921 σπουδῆς
2715 852 2806 907 καὶ
2858 848 2954 905 τοῦ
3013 846 3505 923 ἀνδραγαθήματος
3537 840 3777 917 ἀμοιϐὴν

356 935 639 1009 παρέσχεν
715 929 897 1009 ὕϐρεις
956 936 1047 991 καὶ
1124 937 1399 1012 ἀπειλὰς,
1461 938 1717 1015 ἀφείλετό
1794 961 1854 995 τε
1926 939 2089 996 αὐτοῦ
2141 942 2239 1010 τήν
2300 943 2477 1017 ἀρχὴν
2511 985 2530 1012 ,
2586 942 2674 998 καὶ
2744 940 2888 1016 παρᾶ
2940 944 3021 1011 τῷ
3078 934 3215 1009 οτόιῳ
3277 936 3454 1009 μένειν
3513 932 3773 1008 ἀπρόϊτον

355 1018 677 1097 διωρίσατο.

424 1113 544 1167 KZ'.
580 1107 793 1184 Συνέϐη
828 1110 885 1169 δέ
928 1136 980 1170 τι
1031 1115 1120 1170 καὶ
1167 1113 1349 1190 ἓτερον
1382 1117 1410 1172 ’ὀ
1440 1117 1531 1172 τὸν
1579 1114 1756 1191 δῆμον
1798 1118 2020 1191 ἐξέμηνε

353 1201 495 1253 κατᾶ
522 1205 624 1255 τοῦ
657 1201 948 1277 βασιλέως,
996 1205 1084 1259 καὶ
1137 1206 1274 1261 κατὰ
1320 1203 1501 1280 δήμου
1548 1208 1639 1262 τὸν
1686 1205 2016 1283 αὐτοκράτο-

356 1309 443 1362 Pa.
478 1293 640 1345 Κατά
689 1310 740 1344 τι
784 1289 1021 1349 παλαιὸν
1070 1287 1243 1369 ἔθος(
1318 1295 1418 1369 )ἐν
1474 1300 1571 1369 μιᾷ
1620 1300 1729 1351 τῶν
1762 1303 2016 1350 Δεσποτι·

358 1383 471 1433 κῶν
501 1379 711 1455 ἑορτῶν
758 1380 835 1444 εἷς
883 1383 975 1437 τὸν
1025 1381 1076 1437 ἐν
1126 1386 1196 1458 τῇ
1246 1388 1404 1460 Πηγῇ
1434 1386 1576 1440 θεῖον
1621 1385 1745 1440 ναὸν
1777 1380 2011 1460 πρόοδον

359 1465 607 1522 έποιεῖτο
663 1470 693 1523 6
755 1469 1039 1546 βασιλεὺς,
1093 1472 1183 1527 καὶ
1236 1468 1431 1545 συνέϐη
1494 1474 1658 1549 μέσον
1706 1473 2011 1550 Ἀρμενίων

358 1556 449 1610 καὶ
482 1554 762 1631 πλωΐμων
795 1558 1129 1637 φιλονεικίαν
1178 1557 1472 1639 προϐῆναι,
1521 1564 1623 1618 κάκ
1651 1562 1853 1635 ταύτης
1881 1584 2016 1635 συμ-

357 1640 539 1714 ϐολήν
576 1645 845 1718 ἀλλήλων
894 1650 982 1704 καὶ
1042 1655 1202 1725 θροῦν
1253 1653 1341 1706 καὶ
1390 1653 1584 1728 κρότον
1634 1650 1875 1722 πολλὴν,
1922 1651 2012 1706 καὶ

2201 1119 2421 1176 XXVII.
2449 1120 2674 1177 Accidit
2702 1124 2760 1176 et
2788 1118 2946 1175 aliud
2978 1117 3282 1189 quiddam,
3313 1113 3468 1185 quod
3500 1116 3556 1167 et
3585 1128 3771 1183 popu-

2126 1207 2249 1263 lum
2282 1215 2483 1265 contra
2528 1211 2960 1282 imperatorem,
3013 1210 3070 1262 et
3123 1204 3534 1275 imperatorem
3567 1204 3770 1256 contra

2125 1298 2406 1370 populum
2439 1298 2817 1354 exacerbavit.
2852 1296 3114 1363 Quodam
3149 1294 3292 1349 festo
3338 1290 3633 1346 Dominico
3656 1290 3764 1344 im-

2123 1391 2482 1458 peratore,ex
2511 1388 2687 1444 veteri
2720 1384 3164 1447 consuetudine,
3196 1383 3257 1437 in
3289 1385 3585 1452 Pegauum
3616 1382 3766 1435 tem-

2124 1476 2290 1543 plum
2314 1478 2463 1534 205
2499 1476 2894 1548 supplicatum
2962 1488 3219 1545 egresso,
3280 1468 3512 1530 accidit,
3569 1471 3633 1522 ut
3659 1468 3765 1521 Ar-

2122 1565 2300 1622 menii
2332 1570 2388 1622 et
2416 1570 2608 1622 nauta:
2637 1568 2763 1621 orta
2790 1562 3159 1619 contentione
3189 1575 3321 1614 cum
3375 1573 3579 1626 magno
3610 1572 3766 1610 mur-

2122 1672 2288 1712 mure
2344 1661 2401 1711 et
2469 1654 2725 1711 tumultu
2793 1654 2946 1708 inter
3000 1668 3060 1707 se
3144 1647 3657 1720 congrederentur,
3709 1648 3767 1701 et

357 1736 527 1831 φόνον
553 1734 1151 1831 ἀνδρῶνᾌὲκατέρωθεν.
1172 1743 1317 1831 Δ,Τῆς
1368 1738 1426 1796 δὲ
1477 1743 1669 1819 φήμης
1697 1742 1760 1797 τὸ
1788 1742 1998 1817 γεγονὸς

2122 1745 2396 1817 utrinque
2424 1744 2534 1799 viri
2584 1742 2807 1814 aliquot
2835 1742 3126 1797 caderent.
3170 1739 3293 1802 Quo
3349 1742 3483 1792 ante
3512 1735 3764 1791 reditum

354 1825 477 1885 τοὶς
507 1822 561 1879 ἐν
593 1828 664 1899 τῇ
698 1824 856 1882 πόλει
887 1828 992 1905 πρὸ
1022 1831 1119 1899 τῆς
1167 1827 1426 1886 ἐπανόδου
1456 1835 1552 1885 τοῦ
1599 1828 1866 1907 βασιλέως
1891 1851 2012 1885 κοιτ⁸

361 1910 738 1988 αγγειλάσης,
797 1916 849 1971 οἱ
921 1922 1018 1972 τοῦ
1095 1915 1276 1991 δήμου
1332 1916 1627 1983 ἀτάσθαλοι
1684 1920 1820 1974 κατᾶ
1875 1940 2013 1993 συμ-

370 2000 567 2077 μορίας
625 2002 910 2077 γενόμενοι
969 2004 1309 2083 πολλαχοῦ,
1369 2009 1458 2063 καὶ
1531 2013 1646 2070 τοῖς
1707 2007 2013 2084 Ἀρμενίοις

364 2088 679 2146 ἐπανιοῦσιν
739 2093 1150 2164 ὑπαντιάζοντες
1182 2139 1197 2164 ,
1257 2095 1440 2167 ξύλοις
1500 2096 1734 2159 ἐκείνους
1798 2096 2012 2151 συνέκο-

361 2198 518 2236 πτον.
554 2180 643 2242 Ὠς
683 2178 740 2236 δὲ
768 2184 855 2237 καὶ
892 2184 919 2238 6
955 2181 1210 2260 βασιλεὺς
1257 2174 1471 2265 ἐφθάκει
1518 2186 1656 2242 κατᾶ
1681 2188 1782 2256 τὴν
1812 2185 2012 2262 ἀγορὰν

355 2269 463 2319 τῶν
519 2268 946 2347 Ἀρτοπρατίων,
1006 2270 1188 2349 ὕϐρεις
1248 2274 1497 2331 κάκείνου
1553 2276 1812 2350 κατέχεον
1848 2320 1861 2344 ,
1920 2274 2010 2329 καὶ

360 2350 593 2429 θόρυϐος
621 2360 780 2433 ἦρτο,
811 2361 900 2415 καί
935 2362 1058 2438 βοαί
1087 2385 1145 2418 τε
1182 2364 1271 2419 καὶ
1322 2361 1641 2441 συνδρομαὶ,
1674 2364 1763 2419 καὶ
1808 2364 1861 2419 οἱ
1913 2364 2007 2437 μὲν

357 2442 547 2508 λίθους
578 2447 778 2524 ἡφίουν
823 2452 959 2506 κατά
996 2456 1092 2507 τοῦ
1138 2451 1424 2527 βασιλέως,
1466 2455 1519 2509 οἱ
1567 2451 1624 2508 δὲ
1670 2452 1818 2508 κόνιν
1853 2447 2012 2508 ἓπατ-

354 2554 446 2637 τον
504 2537 623 2591 κατ’
679 2536 867 2611 αύτοῦ,
924 2542 1012 2595 καὶ
1064 2539 1410 2621 ἐδυσφήμουν
1465 2542 1626 2598 αὐτὸν
1688 2543 1854 2619 μέχρι
1905 2548 2006 2612 τῆς

354 2623 584 2696 ἀγορᾶς,
618 2627 652 2695 ἢ
684 2649 769 2689 τις
825 2623 1087 2706 ἕστρωται
1140 2638 1263 2694 ταῖς
1317 2632 1504 2704 πλαξὶ,
1562 2632 1652 2688 καὶ
1708 2633 1800 2687 τὸν
1852 2631 2008 2687 κίονα

355 2713 505 2789 φέρει
563 2715 657 2769 τὸν
712 2714 1017 2791 κυκλοτερῆ
1074 2741 1131 2775 τε
1177 2720 1267 2777 καὶ
1316 2725 1649 2799 πορφυροῦν.
1700 2721 1799 2776 Καὶ
1847 2721 1893 2776 εἰ
1928 2723 2004 2794 μή

351 2821 500 2863 τινες
556 2808 669 2858 τῶν
722 2803 1080 2884 ἐντιμοτέρων
1131 2809 1375 2866 πολιτῶν
1431 2810 1601 2866 ἐκεῖσε
1642 2811 1733 2865 τὸν
1783 2808 2008 2886 βασιλέα

355 2886 662 2964 δεξάμενοι,
718 2892 846 2958 τοῦς
894 2897 987 2970 μὲν
1033 2896 1395 2977 έφεπομένους
1447 2899 1593 2972 αὐτῷ
1639 2900 1729 2954 καὶ
1782 2896 2006 2977 δυσφη-

356 2983 621 3054 μοῦντας,
679 2980 866 3048 ἄλλως
910 3007 969 3041 τε
1023 2987 1402 3058 ἀτακτοῦντας,
1461 2988 1819 3065 ἀνεχαίτισαν,
1869 2988 2005 3043 ἐκεῖ·

350 3088 443 3121 νον
505 3066 563 3126 δὲ
620 3071 811 3145 κύκλῳ
862 3072 1273 3152 περιλαϐόντες,
1328 3078 1630 3156 εὐφήμουν,
1683 3076 1771 3133 καὶ
1830 3076 2003 3139 οὕτως

351 3156 515 3244 αὐτὸν
561 3159 640 3223 εἷς
684 3163 752 3217 τὰ
801 3160 1443 3239 βασίλειαἜιεσώσαντο,
1491 3167 1637 3244 τάχα
1681 3164 1741 3222 ἄν
1781 3188 1832 3222 τι
1869 3168 2006 3243 μέγα

349 3242 549 3317 συνέϐη
604 3252 788 3310 κακόν.
846 3254 1116 3311 Ἐντεῦθεν
1167 3253 1439 3312 διεδέδοτο
1494 3242 1676 3332 λόχος,
1710 3256 1784 3319 ὡς
1814 3254 1865 3310 ἐν
1915 3242 2006 3311 ἱπ-

352 3332 635 3411 ποδρομίᾳ
664 3340 693 3394 ὁ
729 3339 981 3415 βασιλεὺς
1029 3343 1268 3419 ἐγκοτῶν
1314 3350 1392 3418 τῷ
1440 3343 1624 3419 δήμῳ,
1659 3344 1853 3420 μέλλει
1908 3345 2006 3400 αύ-

350 3424 442 3478 τὸν
499 3425 806 3499 ἀμύνασθαι
838 3474 855 3491 .
917 3430 1199 3505 Ἀμίλλης
1269 3433 1360 3490 οὖν
1426 3434 1764 3508 τελουμένης
1823 3431 2005 3489 ἵππων

357 3513 488 3584 μετᾶ
510 3517 725 3592 καιρὸν,
756 3522 1087 3591 στρατιώτας
1131 3524 1159 3578 6
1214 3522 1466 3599 βασιλεὺς
1512 3523 1778 3588 ἐνόπλους
1820 3525 2000 3599 προή-

351 3622 526 3698 γαγεν-
569 3604 648 3670 είς
707 3607 868 3698 μέσον
925 3611 988 3665 τὸ
1045 3613 1309 3687 θέατρον,
1368 3610 1804 3687 ἐπιδειξομένους
1858 3633 2002 3688 ταχα

353 3689 650 3778 τῷδήμῳ,
707 3696 781 3759 ὡς
831 3695 882 3752 ἐν
930 3699 1086 3773 τύπῳ
1127 3699 1410 3775 πολεμίων
1462 3700 1548 3757 θ’ία
1593 3709 1694 3773 τῆς
1746 3703 1932 3778 μάχης
1963 3704 1998 3772 ἦ

357 3776 632 3869 συμϐολὴ,
686 3785 763 3848 ὡς
814 3784 975 3858 δῆθεν
1027 3787 1172 3863 αὐτῷ
1219 3791 1497 3847 κάντεῦθεν
1546 3776 1999 3869 περιποιούμενος

355 3867 575 3944 ἡδονὴν,
634 3873 671 3943 ἢ
723 3875 814 3930 καὶ
867 3872 1035 3955 φόϐον
1090 3879 1276 3942 αὐτοῖς
1336 3867 1850 3946 ἐπισεῖσαινθέλων.
1909 3881 1998 3943 Ὠς

357 3958 442 4015 οὖν
498 3963 551 4016 οἱ
610 3970 935 4040 στρατιῶται
989 3967 1054 4024 τὰ
1107 3969 1232 4045 ξίφη
1289 3968 1603 4048 ἐγύμνωσαν
1639 4015 1652 4041 ,
1712 3972 1740 4025 6
1809 3968 1860 4025 ἐν
1917 3974 1998 4043 τῷ

352 4050 555 4125 θεάτρῳ
615 4053 748 4117 λαὸς
818 4057 966 4111 τοῦτ’
1035 4055 1203 4113 ἐκεῖνο
1276 4059 1339 4114 τὸ
1408 4059 1781 4137 φημιζόμενον
1862 4059 1997 4114 εἶναι

350 4140 685 4213 νομίσαντες,
736 4141 1149 4221 ἀποδιδράσκειν
1207 4151 1304 4203 τοῦ
1364 4149 1589 4225 θεάτρου
1646 4149 1993 4224 ὡρμήκεσαν,

347 4229 431 4281 καὶ
462 4231 587 4306 περὶ
636 4230 732 4295 τὰς
776 4230 992 4303 ἐξόδους
1037 4236 1564 4313 στενοχωρούμενοι,
1599 4237 1685 4293 ὑπ’
1730 4234 1996 4309 ἀλλήλων

343 4336 399 4371 τε
452 4320 921 4394 συμπατούμενοι,
975 4323 1265 4380 ἀπώλοντο
1324 4325 1386 4381 οὐ
1449 4326 1696 4403 βραχεῖς.
1748 4326 1907 4403 Τάχα
1948 4324 1995 4381 δ’

344 4404 399 4460 ἃν
426 4407 516 4464 καὶ
565 4408 767 4482 πολλῷ
812 4409 1034 4476 πλείους
1081 4410 1474 4487 ἐκινδύνευσαν,
1524 4414 1570 4471 εί
1623 4416 1698 4490 μή
1752 4415 1803 4470 οἱ
1838 4415 1991 4491 βασις-

2129 1834 2520 1906 imperatoris,
2553 1833 2776 1889 civibus
2808 1829 3097 1896 nuntiato,
3133 1824 3439 1882 temeraria
3490 1824 3656 1896 plebs
3703 1826 3763 1879 in

2125 1923 2394 1980 cohortes
2443 1922 2648 1989 divisa,
2722 1919 3028 1977 Armenios
3111 1917 3442 1980 redeuntes,
3530 1912 3764 1968 obviam

2123 2029 2378 2085 egressa,
2403 2012 2656 2068 fustibus
2679 2010 2956 2080 caedebat,
3006 2011 3059 2063 et
3098 2006 3297 2078 ipsum
3355 2004 3763 2074 imperatorem

2115 2103 2239 2174 jam
2273 2103 2333 2157 in
2375 2104 2564 2157 forum
2622 2102 2934 2157 Panarium
2998 2110 3369 2169 progressum
3437 2090 3764 2147 maledictis

2120 2192 2558 2248 insectabatur:
2593 2193 2833 2260 ortoque
2862 2185 3123 2242 tumultu
3157 2188 3215 2238 et
3269 2196 3557 2237 concursu
3590 2180 3758 2247 laeto,

2119 2285 2178 2335 et
2200 2281 2421 2336 clamor
2448 2279 2702 2344 sublato,
2760 2276 2857 2332 alii
2888 2274 3183 2347 lapidibus
3222 2273 3632 2341 imperatorem
3655 2284 3759 2339 pe-

2119 2374 2273 2439 tunt,
2308 2368 2404 2425 alii
2436 2367 2731 2440 pulverem
2755 2366 2815 2420 in
2845 2381 2979 2420 eum
3011 2364 3314 2434 spargunt,
3346 2363 3404 2414 et
3432 2355 3757 2413 maledictis

2119 2475 2305 2530 usque
2335 2458 2392 2513 in
2428 2459 2616 2513 forum
2674 2453 2894 2512 tabulis
2949 2449 3195 2524 lapideis
3251 2452 3501 2504 stratum
3559 2462 3758 2518 prose-

2118 2553 2400 2619 quuntur,
2433 2546 2494 2601 in
2552 2561 2668 2618 quo
2726 2543 2999 2600 columna
3046 2539 3296 2596 rotunda
3350 2534 3759 2608 porphyretica

2117 2635 2230 2692 sita
2257 2641 2363 2692 est.
2400 2641 2481 2690 Ac
2511 2635 2625 2690 nisi
2674 2633 2911 2704 quidam
2966 2647 3053 2697 ex,
3088 2623 3564 2683 honoratioribus
3595 2622 3757 2679 illius

2116 2724 2227 2781 loci
2257 2725 2484 2782 civibus
2514 2725 2863 2795 imperatore
2895 2722 3187 2789 suscepto,
3236 2716 3592 2771 insectantes
3622 2728 3756 2767 eum

2116 2820 2172 2870 et
2203 2814 2511 2870 maledicta
2561 2814 2915 2885 ingerentes,
2950 2807 3228 2879 nulloque
3281 2803 3485 2859 ordine
3533 2799 3760 2856 tumul-

2118 2909 2374 2969 tuantes,
2408 2902 2826 2975 repressissent
2841 2916 2907 2955 ac
2931 2895 3319 2969 depulissent,
3342 2891 3630 2962 illumque
3659 2905 3757 2944 co-

2117 3009 2259 3048 rona
2317 2993 2570 3048 cinctum
2627 3006 2759 3045 cum
2839 2985 3045 3043 faustis
3124 2979 3647 3038 acclamationibus
3694 2977 3756 3033 in

2116 3082 2334 3155 regiam
2368 3097 2556 3153 usque
2586 3078 3014 3153 perduxissent,
3054 3074 3299 3130 fortasse
3354 3085 3632 3140 magnum
3690 3083 3759 3123 ex

2117 3189 2186 3229 ea
2216 3171 2502 3227 seditione
2534 3169 2753 3225 malum
2787 3164 3128 3223 exstitisset.
3174 3162 3314 3216 Inde
3361 3174 3565 3214 rumor
3593 3173 3755 3213 ema-

2113 3260 2294 3326 navit,
2326 3258 2698 3331 imperatoris
2728 3253 3160 3311 dissimulatam
3195 3251 3340 3305 iram
3394 3246 3551 3303 ludis
3582 3261 3758 3317 eque-

2112 3350 2336 3405 stribus
2368 3349 2427 3404 in
2452 3346 2649 3420 populi
2695 3344 2978 3401 ultionem
3031 3344 3395 3412 erupturam.
3449 3336 3755 3407 Aliquanto

2114 3441 2244 3508 post
2273 3454 2407 3494 cum
2438 3440 2733 3493 certamen
2771 3437 3042 3505 equestre
3088 3429 3380 3496 ederetur,
3438 3426 3759 3496 imperator

2113 3526 2330 3582 milites
2360 3525 2693 3581 armatosin
2717 3521 2978 3577 medium
3008 3518 3305 3574 theatrum
3335 3511 3754 3587 produxit,sive

2112 3618 2176 3670 ut
2190 3614 2401 3687 populo
2415 3613 2607 3670 bellici
2622 3626 2973 3684 congressus
2987 3606 3302 3675 imaginem
3317 3602 3751 3666 adumbrarent,

2102 3686 2427 3776 jucundam
2462 3707 2518 3759 et
2547 3703 2738 3773 ipsam
2770 3700 3029 3754 futuram
3064 3694 3302 3760 scilicet,
3337 3692 3454 3746 sive
3509 3686 3751 3745 terroris

2109 3793 2430 3848 incutiendi
2463 3808 2660 3847 causa.
2688 3789 2761 3845 Ut
2790 3795 2983 3845 autem
3019 3783 3238 3843 milites
3286 3778 3512 3854 gladios
3569 3778 3751 3833 strin-

2106 3886 2339 3948 xerunt,
2373 3880 2624 3954 populus
2655 3879 2756 3952 qui
2804 3879 2863 3933 in
2924 3876 3151 3931 theatro
3203 3878 3350 3936 erat,
3418 3869 3563 3924 illud
3623 3883 3752 3922 esse

2107 3976 2291 4038 ratus,
2325 3971 2482 4043 quod
2526 3970 2627 4025 diu
2685 3968 2993 4023 hominum
3044 3960 3414 4020 sermonibus
3464 3958 3752 4030 jactatum

2106 4064 2296 4117 esset:
2331 4076 2466 4115 cum
2496 4059 2719 4132 impetu
2758 4056 3039 4129 fugiebat,
3095 4053 3249 4108 inter
3290 4048 3620 4106 exeundum
3645 4063 3751 4101 au-

2106 4158 2219 4205 tem
2254 4149 2312 4204 in
2337 4146 2625 4222 angustiis
2646 4147 2811 4202 multi
2831 4144 3076 4200 invicem
3093 4137 3752 4210 conculcatiperierunt,

2104 4254 2171 4293 ac
2196 4237 2523 4310 periculum
2556 4236 2731 4291 latius
2761 4239 3034 4305 vagatum
3066 4234 3243 4300 esset,
3299 4228 3414 4284 nisi
3462 4226 3581 4281 viso
3639 4224 3750 4279 im-

2102 4331 2369 4399 peratore
2394 4325 2453 4380 in
2485 4342 2588 4381 sua
2619 4325 2756 4380 sede
2806 4323 3067 4389 immoto,
3120 4322 3318 4390 fugere
3360 4314 3745 4371 destitissent.

2100 4419 2460 4471 Mortuorum
2481 4431 2613 4470 vero
2644 4410 2957 4486 propinqui
2992 4426 3130 4466 suos
3180 4407 3466 4478 lugentes,
3513 4402 3750 4476 publice

343 4494 485 4559 λεὺς·
538 4497 941 4571 ἆμετακίνητος
993 4500 1082 4557 ἐπὶ
1131 4510 1232 4573 τῆς
1286 4502 1431 4569 ΐδίας
1484 4506 1635 4560 ὦπτο
1707 4500 1989 4579 καθέδρας.

2124 4508 2508 4577 mperatorem
2540 4501 2799 4559 dicteriis
2827 4500 3232 4565 incesserunt;
3260 4495 3332 4550 ob
3363 4509 3493 4565 quae
3519 4508 3653 4547 cum
3684 4506 3748 4547 se

344 4581 489 4642 Ἰδὼν
520 4588 623 4663 γὰρ
656 4588 684 4642 6
717 4584 895 4662 δῆμος
924 4587 1122 4646 ἐκεῖνον
1169 4589 1433 4666 μηδόλως
1475 4600 1578 4664 τῆς
1620 4587 1779 4667 ἕδρας
1828 4612 1990 4668 μετα-

341 4677 693 4750 χωρήσαντα,
741 4672 968 4749 ἔστησαν
1016 4686 1118 4750 τῆς
1165 4684 1358 4759 φυγῆς.
1389 4682 1456 4740 Οἱ
1501 4679 1558 4738 δὲ
1607 4686 1722 4744 τοῖς
1774 4685 1988 4746 θανοῦσι

337 4764 457 4819 τότε
485 4767 853 4840 προσήκοντες
898 4766 1026 4830 τοὺς
1080 4767 1313 4832 οἲκιίους
1363 4771 1709 4847 θρηνοῦντες,
1749 4768 1991 4845 δημοσίᾳ

337 4854 471 4928 πρὸς
533 4854 629 4909 τὸν
691 4854 917 4931 βασιλέα
968 4855 1321 4915 ἀπέσκωπτον
1356 4902 1369 4917 .
1424 4860 1523 4916 Διὰ
1583 4864 1753 4916 ταῦτα
1805 4860 1984 4916 τοίνυν

2099 4594 2322 4650 civibus
2352 4592 2606 4649 invisum
2634 4607 2763 4647 esse
2795 4589 2991 4657 sciret,
3026 4586 3240 4658 regiam
3297 4596 3466 4636 muro
3513 4578 3694 4633 cinxit
3727 4593 3743 4635 :

2099 4698 2211 4755 quo
2242 4682 2533 4751 absoluto,
2560 4679 2758 4737 relatis
2788 4679 2859 4734 ad
2891 4693 2954 4734 se
2981 4675 3262 4739 clavibus,
3317 4675 3446 4725 tum
3502 4668 3744 4724 demum

2097 4772 2155 4827 id
2189 4772 2236 4828 ei
2271 4773 2426 4843 quod
2450 4769 2717 4838 timebat,
2758 4770 2969 4836 evenit,
3019 4778 3208 4835 neque
3260 4759 3379 4815 ulla
3407 4757 3740 4830 excogitatas

2097 4859 2445 4916 munitionis
2500 4859 2612 4914 fuit
2641 4857 2886 4914 utilitas.
2943 4853 3152 4910 Turcis
3207 4854 3427 4917 autem,
3486 4845 3738 4919 Ungaris

1613 5043 1816 5107 Variae
1844 5041 2140 5105 lectiones
2167 5046 2228 5102 et
2257 5044 2449 5102 notae.

569 5169 716 5225 Κατὰ
768 5171 844 5257 τὸ.
879 5170 1113 5257 παλαιρν
1158 5252 1166 5257 _
1199 5173 1339 5257 ἔθος,
1393 5180 1629 5257 ξοεωω
1665 5197 1824 5257 quo__
1853 5182 1977 5238 haec

330 5242 501 5326 ﬂebat
588 5245 906 5326 processio,
955 5247 1176 5326 indicat
1232 5242 1343 5326 Leo
1396 5242 1709 5320 Diaconus:
1766 5253 1868 5326 lib,
1920 5271 1975 5326 iv

325 5313 468 5400 liis}.
505 5313 623 5371 mi.
660 5315 1008 5400 :‘llp‘dxsvcov
1041 5316 1100 5400 et
1127 5320 1389 5400 urg-anxi
1416 5327 1519 5400 toii
1552 5313 1813 5400 Σωτῆρος
1845 5324 1974 5378 ἀνά-

326 5382 516 5477 ληψιν,
567 5385 704 5477 κατὲ
744 5382 809 5477 ἐξ
857 5388 1193 5477 εἰθισμένον,
1231 5382 1584 5477 ἕξωΙτειχᾶἐν,
1630 5382 1845 5477 ἐπῗτην
1876 5416 1971 5450 κα-

325 5453 602 5549 λρυμένην
656 5459 871 5549 Πηγὴνζ
888 5453 1294 5549 Ἇποιησηαμένοῖ)
1325 5453 1813 5549 ’τοῦῖβασιλέωςδ
1839 5468 1972 5531 νεὼς

324 5524 601 5616 tinacia
652 5524 993 5616 περικαλλὴς
1172 5531 1422 5616 θεοτόκῳ
1453 5524 1798 5616 ’δἰδόμηταξ,
1855 5524 1968 5599 etc;

322 5603 502 5690 Is‘tius
561 5603 1689 5690 presterea‘imperatoriaa_npes2tc6ee'wé
1727 5603 1805 5690 si};
1850 5616 1969 5685 Πη-

322 5671 416 5745 γὰς
441 5671 718 5732 meminit
747 5671 1141 5750 Luitprandus
1168 5680 1230 5738 in
1278 5671 1608 5758 Legatione,
1648 5671 1819 5759 cujus
1862 5671 1967 5760 ap-

2128 5199 2357 5251 aratum
2389 5198 2447 5251 et
2476 5209 2751 5266 pompam
2780 5191 2864 5266 ita
2903 5189 3183 5266 describit
3217 5208 3230 5259 ;
3262 5189 3514 5266 His_ergo
3553 5186 3732 5266 tribu:

2155 5210 2357 5251 .ratum
2389 5210 2447 5251 et
2476 5210 2610 5266 pom
2657 5210 2751 5249 am
2780 5210 2864 5247 ιω.
2903 5210 3183 5247 deserto".
3217 5210 3230 5259 ;
3262 5210 3357 5245 ms
3386 5210 3514 5258 ergo
3553 5210 3724 5241 Lrwua

2155 5266 2511 5323 bdomadz'bus
2546 5210 2738 5321 haguit
2777 5264 3110 5335 Nicephorus
3148 5270 3305 5335 extre
3337 5258 3724 5335 Constantino-

2074 5340 2253 5411 polim
2281 5340 2617 5411 metastadm
2644 5336 2702 5392 id
2728 5347 2807 5411 est
2834 5329 3231 5411 stdtionem._in
3266 5334 3377 5388 loco
3399 5330 3495 5403 qui
3522 5329 3728 5411 dicitur

2083 5407 2158 5472 ὲῖς
2186 5409 2416 5484 Πηγὰς,
2434 5410 2493 5484 id
2542 5418 2621 5465 est
2673 5408 3007 5484 mirantes,
3037 5407 3498 5484 eademquem};
3534 5407 3725 5455 venire

2117 5473 2357 5554 recepit.
2382 5473 2498 5554 Sed
2527 5497 2603 5536 an
2634 5496 2702 5536 ea
2732 5480 2809 5538 sit
2838 5473 3005 5551 cujus
3036 5479 3131 5534 hic
3153 5473 3422 5554 meminit
3441 5473 3719 5554 zonaras,

2123 5545 2501 5610 aud-omnino
2528 5557 2773 5609 constat.
2824 5545 2970 5609 Vide
3019 5556 3279 5608 nostram
3341 5545 3724 5603 Constantino-

2073 5627 2236 5698 plz'm,
2268 5624 2371 5683 lib.
2404 5641 2482 5695 1v,
2515 5623 2617 5681 ubi
2646 5625 2717 5681 de
2740 5623 2849 5682 hoc
2879 5622 3099 5696 templo
3129 5621 3381 5694 agimus.
