4156 6214
327 369 444 431 129

1637 361 2054 427 ANNALIUM
2093 363 2244 426 LIB.
2290 364 2459 427 XVI.

3618 368 3739 432 I30
3774 359 3793 375 ’

319 505 485 576 γῆναι
516 495 790 569 ἐκέλευσε,
821 494 910 552 καὶ
941 492 1153 551 δώδεκα
1193 492 1492 569 μεδίμνους
1523 493 1672 551 σίτου
1697 495 1978 569 νομίσμα-

2098 513 2214 553 non
2243 499 2415 554 modo
2441 497 2587 554 nihil
2607 497 2736 572 opis
2766 498 2922 569 tulit,
2955 500 3057 556 sed
3091 505 3149 558 et
3176 500 3612 559 calamitatibus
3657 504 3749 560 in-

320 608 417 650 τυς
447 586 569 649 ἐνὸς
600 583 981 643 ἀποδίδοσθαι.
1012 582 1173 642 Ἀλλ’
1204 582 1392 657 ἐκείνῳ
1425 585 1522 658 μὲν
1551 586 1588 654 ἡ
1627 584 1818 659 πρᾶξις
1849 584 1984 655 αὕτη

328 675 621 754 βασιλικὴ,
652 679 733 747 τῷ
762 673 810 729 δ’
838 670 1221 749 ἱστορουμὲνῳ
1250 675 1342 727 νῦν
1374 670 1591 747 βασιλεῖ
1617 670 1706 727 καὶ
1741 671 1863 727 λίαν
1886 693 1987 727 κα-

325 763 569 835 πηλινή,
627 765 687 827 ’ὃς
735 767 817 836 τῷ
869 762 1022 836 λιμῷ
1067 762 1129 817 τὸ
1182 762 1426 833 ὑπήκοον
1473 762 1618 835 ὁρῶν
1649 762 1986 833 πιεζόμενον,

324 856 426 910 ούκ
472 853 768 926 ἐπήμυνεν,
812 848 960 906 ἀλλὰ
1016 849 1200 923 μέντοι
1251 851 1342 905 καὶ
1381 849 1642 925 ἐνετρύφα
1676 854 1797 913 ταῖς
1824 849 1988 904 αὐτοῦ

325 948 660 1021 συμφοραῖς,
692 941 928 1002 καὶτοῖς
956 937 1054 995 τοῖ’)
1106 943 1279 1012 Λιμοῦ
1324 938 1686 1015 τραυματίαις
1730 937 1987 993 ἐπικαίων

329 1036 553 1108 ὑπῆρχε
584 1032 652 1087 τὰ
680 1029 983 1107 τραύματα.
1034 1028 1141 1085 Καὶ
1191 1030 1220 1083 6
1265 1032 1361 1083 τοῦ
1417 1026 1687 1103 βασιλέως
1737 1024 1795 1083 δὲ
1833 1024 1989 1082 ἀδελ-

326 1123 426 1201 φὸς
461 1123 490 1176 6
522 1120 676 1176 Λὲων
705 1119 814 1195 οὐχ
840 1119 1004 1189 ἦττον
1038 1112 1224 1174 ἕθλιϐι
1250 1116 1343 1172 τόν
1369 1138 1428 1172 τε
1449 1114 1625 1190 δῆμον
1650 1122 1751 1186 τῆς
1773 1115 1989 1178 πόλεως

326 1212 417 1267 καὶ
450 1209 583 1271 τοὺς
613 1208 912 1284 οῗκήτορας
958 1211 1066 1262 τῶν
1116 1210 1344 1282 χωρῶν,
1374 1203 1681 1276 καπηλείας
1708 1205 1798 1260 καὶ
1828 1204 1987 1268 αὐτὸς

332 1300 564 1373 μετιών,
596 1298 697 1353 Καὶ
724 1299 777 1351 οἱ
831 1297 925 1369 μὶν
956 1294 1099 1351 οὕτω
1132 1294 1394 1350 διέκειντο
1423 1294 1561 1370 πρὸς
1590 1293 1714 1350 τοὺς
1745 1294 1988 1369 πάσχον-

324 1410 447 1456 τας,
480 1390 537 1442 οἱ
569 1385 628 1443 δὲ
660 1387 800 1461 πρὸς
827 1386 921 1441 τὸν
975 1388 1275 1457 κρατοῦντα
1314 1381 1403 1438 διὰ
1426 1387 1593 1438 ταῦτα
1613 1382 1988 1439 ἀπέσκωπτον.

332 1477 474 1535 “ore
520 1477 626 1552 γὰρ
681 1473 998 1536 νεολέκτους
1057 1472 1391 1545 στρατιώτας
1442 1473 1679 1549 ὁρῶντος
1709 1473 1804 1527 τοῦ
1837 1472 1989 1548 βασι-

329 1566 499 1637 λέως,
531 1564 653 1620 ἐπεὶ
684 1563 776 1619 καὶ
804 1585 889 1626 τις
946 1564 1163 1624 τούτοις
1219 1560 1595 1638 συνηρίθμητο
1634 1559 1854 1632 πολιὸς,
1884 1558 1986 1635 ἔφη

330 1656 471 1732 πρὸς
526 1654 734 1709 ἐκεῖνον
795 1654 823 1707 ὁ
882 1649 1252 1729 αὐτοκράτωρ,
1285 1655 1409 1715 Πῶς
1450 1656 1568 1712 τοῖς
1606 1650 1986 1724 στρατιώταις,

333 1742 615 1819 ἄνθρωπε,
675 1743 847 1817 γὲρων
909 1736 983 1795 ὥν
1040 1739 1452 1815 συγκαταλέγεις
1520 1739 1712 1794 σαυτόν
1757 1757 1771 1809 ;
1831 1739 1893 1794 Ὁ
1941 1735 1988 1792 δ’

333 1832 533 1887 αὐτίκα
612 1830 824 1908 εὐφυῶς
919 1828 1308 1933 ἀντεφθίγξαῖο
1410 1828 1484 1889 ὡς
1556 1825 1736 1933 ﬁlioli)
1829 1824 1988 1933 δυνά-
2019 1867 2068 1933 Β

332 1921 573 1994 τώτερος
630 1923 723 1973 νῦν
784 1917 920 1991 εἰμι,
978 1915 1016 1987 ἤ
1103 1916 1192 1972 ὅτε
1248 1913 1518 1990 ἤκμαζον,
1553 1913 1787 1971 δέσποτα
1821 1936 1835 1950 ο
1866 1914 1991 1971 τότε

334 2011 441 2087 γὰρ
496 2005 617 2065 οὐδ’
667 2007 914 2080 ἡμίσεως
973 2003 1032 2061 ἃν
1088 2004 1453 2078 ἐπωμισάμην
1509 2009 1656 2060 σῖτον
1715 2002 1990 2077 νομίσμα-

332 2120 448 2169 τος,
506 2102 602 2151 νῦν
663 2093 723 2150 δὶ
778 2095 906 2170 ῥᾷον
966 2093 1057 2149 καὶ
1118 2091 1214 2148 δύο
1272 2094 1625 2166 νομισμάτων
1696 2097 1843 2147 σῖτον
1902 2091 1991 2147 ἐπὶ

337 2193 445 2241 τῶν
478 2184 652 2259 ὤμων
678 2184 814 2260 ἀρῶ.
864 2189 1074 2253 Συνῆκε
1116 2183 1212 2256 μὶν
1254 2183 1344 2236 οὖν
1394 2182 1491 2250 τὴν
1524 2180 1798 2258 εἶρωνείαν
1832 2181 1860 2235 6
1896 2182 1993 2257 βα-

339 2276 547 2345 σιλεὺς,
603 2274 896 2350 ἀταράχως
944 2270 1001 2327 δὲ
1048 2269 1249 2340 ταύτην
1302 2270 1528 2347 ἐνεγκὼν
1581 2270 1806 2343 μετέστη
1859 2271 1994 2345 πρὸς

332 2361 545 2438 ἓτερον,
575 2364 887 2438 Ἐρωτικῶς
946 2356 1004 2415 δὲ
1047 2356 1254 2438 σφόδρα
1300 2359 1424 2433 πρὶν
1472 2356 1805 2433 διακείμενος
1837 2360 1865 2414 6
1897 2366 1994 2414 Νι-

338 2452 588 2527 κηφόρος
630 2451 769 2527 πρὸς
819 2452 918 2519 τήν
967 2451 1244 2528 Θεοφανὼ,
1279 2449 1566 2522 μετέπειτα
1600 2454 1702 2517 τῆς
1733 2449 1867 2525 πρὸς
1896 2447 1992 2503 αύ-

341 2542 441 2610 τῆν
500 2539 786 2602 συνουσίας
844 2538 1129 2614 ἀπείχετο,
1160 2534 1197 2607 ἤ
1249 2538 1524 2614 κορεσθεὶς
1580 2535 1805 2608 ταύτης,
1838 2534 1874 2607 ἤ
1904 2538 1990 2592 καὶ

342 2627 409 2685 δι’
438 2629 773 2707 ἐγκράτειαν,
824 2628 1017 2702 μίξεως
1067 2627 1412 2702 ἀπεχόμενος
1447 2647 1460 2661 ·
1490 2623 1614 2681 ούδὶ
1642 2626 1745 2700 γὰρ
1772 2627 1911 2680 πάνυ
1940 2646 1992 2680 τι

339 2720 430 2773 καὶ
486 2720 609 2780 νέος
665 2712 763 2789 ὤν,
810 2716 947 2793 πρὸς
999 2710 1205 2793 ἔρωτας
1263 2714 1551 2792 ἐτύγχανεν
1602 2713 1991 2792 εὐκατάφορος.

337 2811 407 2865 Ἡ
436 2804 496 2862 δὲ
532 2809 810 2880 μισήσασα
835 2805 926 2860 τὸν
972 2801 1139 2880 ἄνδρα
1196 2803 1285 2860 διὰ
1332 2804 1395 2859 τὸ
1443 2801 1803 2876 ἀνομίλητον,
1834 2802 1871 2873 ἤ
1902 2803 1992 2859 καὶ

337 2898 462 2973 περὶ
496 2900 618 2957 τοῖς
651 2894 789 2949 υἱέσι
838 2891 1052 2957 δείσαςα
1086 2892 1168 2966 (ἦν
1222 2891 1322 2969 γάρ
1374 2913 1510 2947 τισιν
1561 2892 1991 2968 ὑποτονθορυζό-

339 3006 528 3058 μενον,
566 2982 861 3059 βούλεσθαι
889 2982 981 3037 τὸν
1035 2981 1352 3060 Νικηφόρον
1398 2980 1465 3035 τὰ
1511 2977 1814 3055 βασιλείδια
1839 2979 1990 3035 ἐκτε-

337 3080 482 3148 μεῖν,
514 3074 607 3127 καὶ
637 3076 745 3127 τῶν
800 3068 1142 3147 παιδογόνων
1191 3076 1444 3146 στερῆσαι
1499 3068 1725 3144 μορίων,
1773 3069 1985 3125 καὶτὸν

332 3160 572 3239 ἀδελφὸν
610 3159 926 3216 κασιλεῦσαι
969 3160 1063 3216 τὸν
1116 3158 1338 3234 Λέοντα)
1393 3159 1471 3221 εἱς
1507 3157 1705 3234 λόγους
1731 3156 1867 3228 ἦλθε
1896 3156 1991 3213 λά-

2098 585 2341 642 sultavit
2367 603 2381 642 :
2414 588 2754 644 vulneribus
2787 606 3012 658 eorum,
3043 606 3193 662 quos
3222 592 3406 645 fames
3436 592 3749 661 sauciarat,

2095 673 2501 732 inhumaniter
2521 676 2884 733 divellendis.
2915 679 3025 734 Sed
3055 685 3114 735 et
3141 680 3321 735 frater
3366 680 3493 750 ejus
3526 680 3659 749 Leo,
3693 687 3751 737 et

2095 763 2224 835 ipse
2251 767 2656 835 cauponando,
2687 764 3079 822 nihilominus
3134 773 3192 823 et
3236 768 3527 824 urbanum
3562 786 3748 842 popu-

2096 851 2221 907 lum
2253 858 2311 908 et
2340 854 2724 925 provinciales
2758 857 3077 927 premebat.
3134 858 3239 923 Qui
3290 875 3424 913 cum
3481 876 3543 914 se
3600 859 3748 915 tales

2098 958 2236 1013 erga
2267 942 2516 999 afﬂictos
2549 945 2892 1017 prmherent,
2925 946 3505 1003 vicissimdicteriisa
3537 948 3750 1020 populo

2098 1031 2558 1089 incessebantur.
2614 1034 2759 1089 Nam
2798 1051 2932 1089 cum
2965 1035 3276 1106 aliquando
3308 1036 3626 1108 imperator
3649 1055 3749 1094 no-

2095 1120 2271 1176 vitios
2306 1120 2519 1177 milites
2549 1121 2832 1191 lustrans,
2863 1139 3076 1179 canum
3109 1125 3426 1195 quemdam
3458 1126 3610 1182 inter
3638 1145 3747 1184 οω-

2096 1213 2253 1265 teros
2282 1210 2547 1279 vidisset,
2592 1212 2862 1283 rogavit:
2923 1216 3037 1269 Cur
3094 1212 3251 1269 homo
3305 1230 3475 1270 senex
3528 1217 3746 1272 militis:

2097 1315 2295 1354 nomen
2319 1299 2607 1356 didisset?
2652 1299 2735 1356 Ibi
2786 1300 2883 1356 ille
2942 1301 3241 1374 ingeniose
3299 1305 3644 1375 respondit:
3680 1306 3748 1362 Se

2096 1404 2246 1443 nunc
2273 1389 2446 1445 multo
2477 1390 2833 1446 robustiorem
2868 1391 3016 1447 207
3079 1406 3192 1447 esse
3248 1408 3411 1463 quam
3458 1396 3520 1449 in
3544 1395 3748 1466 juven-

2098 1479 2229 1531 lule.
2262 1477 2391 1531 Tum
2420 1479 2567 1533 enim
2598 1494 2668 1533 ne
2692 1478 2923 1535 dimidii
2950 1480 3171 1551 quidem
3210 1497 3371 1537 aurei
3399 1483 3743 1553 frumentum

2095 1566 2289 1621 tollere
2343 1568 2615 1637 potuisse:
2673 1584 2823 1623 nunc
2866 1584 2990 1624 vero
3038 1568 3272 1624 duorum
3319 1586 3616 1626 aureorum
3668 1574 3752 1641 fa-

2096 1654 2259 1710 cilius
2300 1655 2363 1710 in
2417 1655 2671 1712 humeros
2725 1658 3078 1712 sublaturum
3133 1656 3420 1714 Intellexit
3478 1660 3750 1716 cavillum

2097 1740 2440 1814 imperator,
2467 1759 2652 1815 eoque
2685 1744 3082 1811 dissimulato,
3140 1745 3211 1799 ad
3259 1744 3439 1800 alium
3489 1746 3746 1803 transiit.

2098 1829 2374 1896 Quamvis
2418 1835 2612 1886 autem
2645 1831 3137 1904 Theophanonem
3183 1832 3347 1905 prius
3379 1833 3756 1892 vehementer

2100 1919 2447 1991 deperisset,
2486 1924 2639 1992 post,
2702 1920 2829 1991 ejus
2888 1937 3209 1993 congressu
3260 1922 3573 1989 abstinuit,
3632 1924 3754 1980 sive

2100 2023 2172 2063 ex
2227 2007 2515 2075 satietate,
2567 2008 2688 2064 sive
2740 2025 2809 2064 ex
2891 2010 3271 2067 continentia.
3339 2011 3486 2066 Nam
3545 2011 3633 2067 vel
3691 2013 3752 2068 in

2101 2096 2491 2154 adolescentia
2519 2114 2724 2169 parum
2749 2098 3023 2171 proclivis
3067 2100 3140 2155 ad
3186 2099 3491 2156 libidinem
3536 2101 3751 2157 fuerat.

2102 2188 2169 2242 At
2196 2185 2298 2242 illa
2329 2185 2605 2242 maritum
2645 2187 2731 2242 vel
2783 2187 2854 2243 ob
2898 2203 3028 2245 eam
3076 2188 3488 2245 alienationem
3556 2208 3752 2259 exosa,

2100 2273 2189 2330 vel
2221 2274 2289 2329 de
2323 2274 2457 2330 filiis
2489 2273 2739 2331 sollicita
2773 2276 3031 2347 (quidem
3064 2276 3219 2331 enim
3277 2278 3754 2349 murmurabant,

2101 2363 2246 2419 velle
2271 2362 2682 2435 Nicephorum,
2718 2365 3104 2436 regiispueris
3133 2366 3750 2439 castratis,imperium

2103 2451 2162 2507 in
2196 2453 2429 2509 fratrem
2465 2453 2714 2509 Leonem
2761 2454 3100 2525 transferre)
3152 2454 3301 2510 clam
3363 2472 3493 2511 cum
3525 2460 3751 2513 Joanne

2104 2540 2393 2596 Tzimisce
2419 2540 2793 2612 colloquitur,
2817 2541 2937 2597 sive
2994 2558 3192 2597 amore
3225 2543 3355 2613 ejus
3385 2549 3555 2616 capta
3585 2545 3746 2616 (nam

2104 2633 2302 2686 forma;
2333 2630 2675 2688 excellentia
2695 2636 2752 2687 et
2806 2636 3137 2698 venustate,
3189 2632 3495 2689 hominum
3549 2634 3750 2692 oculos

2103 2719 2162 2774 in
2214 2736 2275 2775 se
2325 2720 2718 2792 convertebat)
2796 2720 2915 2776 sive
2973 2737 3109 2776 eum
3169 2739 3365 2792 parem
3425 2722 3748 2795 Nicephoro

2102 2808 2497 2863 adversarium
2532 2812 2677 2864 rata.
2711 2810 2957 2875 Quidam
2991 2816 3165 2865 etiam
3186 2813 3429 2867 tradunt
3460 2828 3586 2867 eam
3611 2828 3749 2867 con-

2101 2897 2364 2953 suevisse
2394 2896 2755 2961 cumillo,et
2802 2896 3037 2953 homme
3094 2904 3296 2956 contra
3352 2899 3748 2973 Nicephorum

2098 2985 2399 3057 instigato,
2434 2985 2759 3057 plaustrum
2793 3002 2895 3057 per
2951 3004 3013 3042 se
3066 2993 3304 3057 nutans,
3347 2995 3408 3043 ut
3442 2989 3747 3060 proverbio

2100 3073 2339 3143 dicitur,
2361 3078 2690 3145 opportune
2736 3073 3004 3145 perculit.
3037 3080 3184 3131 Nam
3242 3077 3498 3133 Joannes
3529 3076 3747 3149 alioqui

2098 3163 2482 3218 succensebat
2512 3161 2875 3234 imperatori,
2937 3165 3038 3235 qui
3078 3180 3147 3219 ex
3201 3163 3400 3220 fratris
3444 3165 3663 3221 invidia
3693 3169 3751 3220 et

332 3264 435 3323 θρα
599 3254 900 3323 Τζιμισκῇ,
947 3248 982 3318 ἦ
1033 3243 1192 3325 ἔρωτι
1248 3252 1346 3304 τοῦ
1391 3244 1584 3322 ἀνδρὸς
1631 3246 1837 3302 ἁλοῦσα
1895 3248 1984 3322 (ἦν

2100 3251 2415 3308 calumniis
2444 3256 2818 3322 suspectus,a
2850 3234 3088 3307 militari
3112 3259 3395 3325 potestate
3427 3255 3497 3310 ad
3518 3253 3748 3311 civilem

330 3341 434 3417 γὰρ
478 3339 561 3413 τῷ
619 3338 817 3395 κάλλει
877 3336 1204 3413 διαπρεπὴς,
1257 3337 1347 3392 καί
1402 3340 1498 3392 τοῦ
1548 3333 1726 3401 εἴδους
1762 3336 1990 3413 χάριτας

334 3429 534 3508 ἀφιεὶς)
566 3427 605 3499 ἤ
639 3428 729 3483 καὶ
777 3428 1073 3504 ἀξιόχρεων
1118 3431 1308 3483 τοῦτον
1354 3431 1435 3499 τῷ
1486 3425 1791 3504 Νικηφόρῳ
1831 3423 1988 3502 λογι-

338 3520 547 3591 σαμὲνη
582 3516 936 3594 ἀντίρροπον,
986 3516 1060 3579 ὡς
1110 3513 1168 3571 δὲ
1221 3516 1361 3578 τινὲς
1416 3536 1565 3592 φασι,
1624 3514 1714 3569 καὶ
1747 3513 1824 3577 εἷς
1867 3536 1989 3570 συν-

343 3604 529 3661 ουσίαν
561 3603 803 3675 ἐλήλυθε
851 3608 931 3676 τῷ
979 3601 1153 3680 ἀνδρὶ,
1216 3604 1303 3657 καὶ
1351 3602 1486 3657 κατά
1536 3606 1632 3657 τοῦ
1672 3602 1988 3680 Νικηφόρου

343 3696 585 3771 ἠρέθισε,
616 3692 709 3749 καὶ
760 3692 823 3748 τὸ
872 3699 971 3761 τῆς
1022 3691 1344 3770 παροιμίας,
1394 3696 1620 3771 σφαῖραν
1653 3691 1828 3771 ἀφῆκε
1855 3692 1991 3748 κατὰ

344 3787 581 3859 πρανοῦς
614 3784 750 3857 (69).
781 3783 881 3839 Ἦν
914 3781 1018 3859 γὰρ
1048 3782 1139 3837 καὶ
1183 3780 1371 3846 ἄλλως
1421 3782 1449 3837 6
1497 3782 1750 3852 Ἰωάννης
1777 3785 1857 3854 τῷ
1890 3782 1986 3857 βα-

348 3872 487 3928 σιλεῖ
519 3868 758 3945 μηνιῶν,
791 3872 874 3926 ὅτι
906 3875 985 3943 τῷ
1042 3868 1266 3946 ἀδελχῷ
1302 3868 1624 3943 πειθόμενος
1655 3868 1855 3933 ἑκείνος
1892 3871 1986 3945 βα-

346 3962 612 4017 σκαίνοντι
642 3960 846 4034 τούτῳ,
888 3959 1129 4015 ὕποπτόν
1176 3980 1234 4015 τε
1287 3960 1380 4014 τὸν
1431 3956 1597 4036 ἄνδρα
1627 3959 1865 4033 ἐνόμισε,
1895 3959 1988 4015 καὶ

342 4056 435 4119 τῆς
483 4055 879 4126 στρατιωτικῆς
940 4049 1116 4126 ἀρχῆς
1171 4047 1379 4112 παύσας
1435 4048 1617 4118 αὐτὸν,
1661 4049 1737 4111 εἷς
1766 4046 1985 4105 πολιτι-

342 4141 437 4210 κὴν
493 4138 832 4213 μετατίθησι,
884 4135 1181 4213 λογοθὲτην
1231 4141 1326 4192 τοῦ
1377 4135 1587 4215 δρόμου
1627 4139 1985 4214 προχειρισά-

346 4249 520 4301 μενος,
556 4223 586 4281 ὅ
617 4226 717 4283 οὐκ
766 4227 841 4289 εἰς
899 4223 1232 4296 δυναστείαν,
1278 4227 1408 4282 ἀλΛ¹
1467 4226 1544 4290 εἷς
1590 4226 1862 4303 τιμὼρίαν
1896 4227 1986 4283 καὶ

340 4318 532 4387 ταύνην
597 4317 817 4393 βαρεῖαν
868 4315 1056 4389 ἐκείνῳ
1098 4314 1409 4392 λελόγιστο·
1451 4318 1584 4372 Ειτα
1626 4320 1696 4390 τῇ
1752 4316 1987 4371 κακώσει

342 4411 436 4463 τοῦ
492 4403 687 4482 ἀνδρὸς
746 4404 1083 4481 προστιθεὶς,
1141 4406 1231 4461 καὶ
1283 4403 1424 4460 οἷ’κοι
1483 4406 1659 4479 μένειν
1695 4403 1851 4460 αὐτὸν
1881 4404 1990 4460 ἐκέ-

343 4494 497 4551 λευσε
524 4515 537 4528 ·
575 4492 707 4567 ᾤκει
763 4492 822 4549 δὶ
858 4494 995 4549 κατὰ
1044 4494 1107 4548 τὸ
1159 4493 1308 4567 Θέμα
1337 4497 1472 4568 (70).
1524 4494 1622 4548 Διὰ
1649 4497 1816 4549 ταῦτα
1846 4493 1987 4568 ἐμη-

2098 3340 2423 3397 translatus
2454 3341 2665 3407 fuerat,
2699 3345 2756 3396 et
2785 3339 3082 3412 logothela
3102 3358 3312 3398 cursus
3342 3342 3561 3415 publici
3594 3343 3748 3399 desi-

2098 3432 2333 3500 gnatus,
2369 3447 2546 3501 quam
2578 3430 2701 3501 ipse
2732 3446 2847 3485 non
2882 3436 3250 3501 potestatem,
3284 3433 3385 3488 sed
3409 3450 3581 3505 grave
3607 3449 3748 3504 sup-

2098 3518 2686 3592 pliciumjudicahat.
2745 3520 3087 3575 Accesserat
3152 3520 3345 3587 malis,
3403 3521 3559 3592 quod
3609 3538 3744 3576 cum

2097 3624 2300 3663 versus
2329 3607 2610 3663 Themate
2667 3607 2978 3672 habitaret,
3033 3608 3193 3663 domi
3254 3625 3489 3665 manere
3537 3610 3748 3680 jussus

2098 3703 2240 3753 erat.
2274 3696 2359 3752 Ob
2381 3696 2503 3751 haec
2531 3696 2786 3751 Joannes
2815 3696 3169 3765 iratus,cum
3188 3697 3363 3752 etiam
3396 3697 3752 3754 ameretrice

2097 3785 2201 3842 illa
2225 3784 2575 3851 irritaretur,
2617 3801 2744 3856 qua:
2776 3785 3025 3841 reditum
3066 3786 3119 3841 ei
3168 3786 3342 3857 jussu
3378 3786 3750 3857 imperatoris

2098 3875 2446 3939 confecerat,
2505 3889 2751 3946 regnum
2836 3874 3147 3941 affectavit,
3231 3874 3334 3931 illa
3389 3875 3684 3945 adjutrice
3732 3892 3747 3931 :

2097 3965 2419 4035 eodemque
2450 3966 2709 4035 tempore
2739 3962 2864 4018 suis
2921 3963 3265 4020 necessariis
3298 3981 3575 4020 arcanum
3610 3981 3747 4035 ape-

2097 4053 2235 4121 ruit,
2269 4057 2325 4109 et
2354 4052 2583 4109 facinus
2626 4067 2964 4124 aggressus,
3025 4052 3376 4125 intempesta
3415 4057 3583 4109 nocte
3613 4068 3748 4109 cum

2097 4142 2169 4198 iis
2228 4141 2421 4197 lembo
2479 4156 2826 4211 conceusus,
2886 4141 2958 4197 ad
3018 4142 3239 4213 regiam
3300 4143 3586 4215 pervenit,
3633 4159 3752 4215 qua

2099 4231 2245 4287 mari
2281 4229 2556 4286 Austrino
2588 4228 2846 4285 alluitur.
2881 4230 3167 4286 Bucoleon
3230 4232 3281 4288 is
3311 4232 3476 4287 locus
3508 4231 3745 4297 dicitur,

2099 4321 2251 4392 quod
2286 4320 2361 4375 ibi
2396 4318 2662 4390 lapideus
2717 4316 2806 4374 leo
2840 4319 3071 4375 excisus
3102 4324 3209 4391 est,
3270 4320 3372 4392 qui
3429 4337 3565 4376 cum
3617 4319 3750 4376 bovi

2098 4409 2361 4480 ejusdem
2419 4406 2673 4463 materiae
2730 4407 3002 4475 insideat,
3062 4425 3207 4480 pene
3276 4409 3517 4465 sinistro
3567 4425 3748 4465 cornu

2097 4496 2261 4553 illius
2292 4501 2471 4566 tenet,
2489 4501 2545 4551 et
2576 4494 2793 4551 collum
2825 4496 3318 4568 distorquet.Quo
3351 4514 3483 4552 cum
3508 4502 3747 4552 ventum

341 4584 421 4638 νία
452 4586 481 4639 ὁ
514 4582 797 4653 Ἰωάννης.
832 4583 921 4646 Ὡς
970 4580 1028 4638 δὶ
1073 4581 1165 4638 καὶ
1220 4583 1319 4652 τὴν
1374 4579 1637 4657 μαχλάδα
1665 4580 1873 4653 ἐκείνην
1907 4583 1987 4638 εὕ-

2098 4590 2267 4654 esset,
2299 4588 2559 4658 sportam
2590 4584 2910 4641 demissam
2941 4586 3119 4657 videt,
3153 4586 3211 4641 in
3243 4602 3425 4656 eaque
3458 4602 3592 4640 cum
3619 4584 3745 4642 suis

340 4693 499 4749 ρηκεν
555 4672 720 4727 αὐτὸν
801 4674 1243 4748 παραθήγουσαν,
1320 4668 1757 4746 διαπραξαμὲνην
1823 4669 1881 4727 δὲ
1929 4674 1981 4727 οἱ

335 4761 421 4816 καὶ
477 4758 713 4816 κάθοδον
768 4759 1011 4816 κελεύσει
1075 4760 1356 4836 βασιλικῇ,
1404 4762 1475 4833 τῇ
1530 4758 1803 4836 τυραννίδι
1858 4759 1979 4816 ἐπέ-

333 4862 450 4915 θετο
496 4850 950 4927 συμπράττουςαν
1011 4847 1178 4923 ἔχων,
1230 4849 1320 4905 καὶ
1351 4851 1449 4921 τήν
1515 4847 1858 4925 βασίλισσαν,
1889 4850 1978 4905 καὶ

2093 4674 2597 4747 aTheophanonis
2626 4673 2859 4730 ancillis
2889 4674 3225 4730 attrahitur.
3256 4674 3520 4729 Habebat
3549 4678 3745 4729 autem

2091 4780 2292 4819 secum
2326 4762 2669 4821 Michaelem
2712 4763 2977 4833 Burzem;
3012 4762 3347 4835 imperatori
3380 4764 3451 4818 ob
3485 4762 3745 4818 inconsi-

2090 4854 2354 4909 deratam
2384 4850 2544 4907 illam
2577 4850 2725 4907 iram
2757 4852 3076 4924 infensum,
3111 4857 3168 4909 et
3198 4857 3446 4909 Leonem
3480 4850 3742 4909 Abalan-

1612 4987 1815 5049 Variae
1843 4986 2144 5050 lectiones
2171 4993 2232 5049 et
2269 4992 2459 5049 notae.

328 5114 804 5189 quibusiegimus
834 5112 1422 5189 igCoastantipOpoli,
1466 5113 1567 5189 lib.
1603 5130 1665 5179 ιι,
1700 5123 1843 5189 sect.
1890 5113 1976 5189 l(_).

324 5184 401 5243 Ea
420 5184 815 5255 conﬂaigrasse
845 5184 1171 5240 Theodosio
1202 5184 1443 5241 Jnniore
1484 5185 1812 5256 imperante
1829 5184 1976 5240 scri-

326 5259 407 5313 bit
435 5261 714 5315 Socrates
745 5257 844 5311 lib.
879 5274 975 5322 vn,
1009 5274 1113 5328 cap
1169 5258 1258 5327 39,
1316 5258 1417 5313 ubi
1468 5257 1538 5311 τὰ
1577 5255 1823 5328 μέγιστα
1867 5258 1977 5311 τῶν

326 5329 507 5383 ὡοὲων
540 5334 846 5385 vocantur.

371 5391 510 5477 :(69)
572 5407 831 5477 Σφαιραν-
865 5395 1069 5477 ,ἀφῆκε
1123 5469 1136 5477 .
1175 5399 1312 5452 κατά
1393 5401 1654 5477 πρανοῦς.
1731 5397 1984 5477 Ἰξτονειε-

325 5468 499 5528 δίίιηί
521 5468 766 5541 quodni
808 5468 997 5537 fallor,
1020 5469 1270 5527 omisere
1303 5468 1791 5543 parmmiographi
1819 5486 1831 5523 :
1867 5485 1983 5543 quo

325 5545 528 5617 referri
567 5550 810 5617 possunt
870 5543 984 5617 ista
1024 5558 1098 5617 ex
1129 5542 1336 5617 ~Gellio
1394 5544 1495 5617 lib.
1552 5559 1628 5617 vi,
1662 5558 1788 5614 cap.
1825 5544 1878 5617 2,
1913 5542 1984 5596 de

326 5613 591 5689 cylindro
623 5635 637 5673 :
672 5616 843 5679 Sicut,
872 5613 1086 5685 inquit,
1120 5615 1359 5689 lapidem
1390 5615 1743 5689 cylindrum,
1789 5614 1843 5668 si
1886 5628 1987 5689 per

327 5686 511 5762 spatia
541 5701 706 5747 terrae
730 5703 917 5762 prona
944 5690 1105 5758 atque
1147 5686 1346 5744 derata
1367 5688 1570 5760 jacias,
1603 5701 1829 5744 causam
1858 5687 1982 5758 qui-

2086 5114 2206 5170 dem
2239 5131 2292 5169 ez
2321 5119 2370 5169 el
2401 5112 3629 5184 iniliumprwcipitantiw[ecerzs,moxtamen
3643 5111 3746 5170 ille

2087 5203 2326 5258 praeceps
2357 5187 2733 5259 voluiturmon
2760 5186 2892 5253 quia
2911 5195 2967 5241 tu
2982 5186 3037 5241 id
3053 5189 3172 5257 jam
3202 5188 3458 5259 facis,sed
3476 5188 3743 5259 quoniam

2089 5256 2168 5313 ila
2196 5274 2310 5313 sese
2339 5256 2531 5325 modus
2559 5257 2695 5325 ejus.
2724 5261 2775 5310 el
2801 5258 2996 5325 formae
3026 5256 3352 5317 volubilitas
3380 5256 3558 5314 habet.

2162 5330 2273 5401 (70)
2304 5333 2453 5404 ᾬκει
2480 5324 2537 5380 δὲ
2569 5323 2720 5404 farra
2764 5323 2836 5404 ,τὰ
2864 5326 3061 5404 ,Θέμι
3123 5331 3265 5404 Haec
3298 5333 3472 5404 verba
3527 5329 3744 5404 absunt

2093 5398 2311 5455 ab'uno
2343 5398 2372 5455 ὸ
2403 5416 2546 5455 mss.
2568 5399 2703 5471 Reg.
2738 5415 2751 5466 ;
2785 5398 3224 5471 haben‘turvero
3253 5403 3312 5457 in
3344 5402 3575 5457 duobus
3606 5398 3740 5455 aliis

2092 5488 2224 5527 cum
2258 5472 2708 5544 defectusnota,
2744 5478 2796 5544 et
2831 5470 2888 5525 in
2939 5481 3164 5544 quarto.
3202 5475 3298 5530 ubi
3332 5472 3480 5544 Θὲμα
3510 5472 3742 5544 videtur

2093 5560 2222 5600 esse
2250 5544 2436 5599 forum
2482 5542 2969 5611 Theodosiacum,
2995 5546 3082 5601 vel
3132 5552 3356 5602 tractus
3388 5542 3469 5601 ita
3498 5545 3566 5600 ad
3595 5542 3735 5598 illud

2093 5616 2280 5671 forum
2315 5612 2663 5686 appellatus,
2689 5613 2775 5668 uti
2806 5614 3198 5674 indicavimus
3255 5617 3313 5673 in
3348 5623 3547 5674 nostra
3570 5618 3735 5674 Cons-

2097 5684 2456 5760 tantinopoli,
2489 5684 2590 5741 lib.
2613 5702 2654 5754 ι,
2687 5686 2848 5758 p.80.
