4156 6214
417 333 538 395 135

1775 327 2100 392 JOANNIS
2141 327 2486 393 ΖΟΝΑΒΒ

3726 350 3846 412 136

414 467 865 524 Μαηίοὶιωοῐυαω
899 463 1350 536 Philippopolim
1380 463 1786 519 transtulit.At
1815 461 2015 534 patriai

2123 465 2310 554 [ουσα
2353 465 2443 532 ἦν,
2485 465 2902 554 προχειρίζεταί
2943 489 3068 524 τινα
3119 473 3366 549 μοναχὸν
3409 475 3720 554 Θεόδωρον,
3773 483 3838 547 ’ὀς

414 557 525 612 cha
559 555 920 628 Polyeuctus,
950 570 1082 608 cum
1140 557 1270 624 post
1315 551 1615 607 Tzimiscae
1647 550 2066 623 proclamatio-

413 662 544 700 nem
576 645 817 714 triginta
846 643 1106 714 quinque
1127 642 1251 695 dies
1279 639 1781 709 vixisset,obiit,in
1815 641 2060 712 ejusque

412 735 601 789 locum
635 732 923 787 successit
944 729 1192 784 Basilius
1217 729 1540 784 monachus
1563 729 2054 784 Scamandrenus.

410 821 659 894 Agarcni
692 837 823 874 vero
856 836 970 873 non
1004 818 1306 872 ferendum
1357 833 1487 872 esse
1520 817 1652 886 rati,
1685 818 1733 872 si
1766 817 2056 889 ademptis

412 913 580 966 modo
615 910 858 964 urbibus
891 907 1207 962 carendum
1254 910 1449 961 esset:
1503 907 1893 978 undecunque
1924 924 2054 961 (zon-

405 1005 707 1064 venerunt,
742 1003 1026 1068 pactaque
1047 994 1181 1050 belli
1203 994 2052 1066 societate,Carthaginensium

409 1091 587 1144 ductu
611 1092 667 1142 et
687 1084 966 1156 auspiciis
991 1083 1360 1139 Antiochiam
1377 1085 1546 1154 juxta
1571 1085 1866 1156 Daphnen)
1884 1087 2052 1142 obse-

405 1179 635 1233 derunt.
669 1175 776 1230 Sed
806 1176 947 1229 dum
981 1174 1134 1229 cives
1183 1172 1552 1228 constantius
1600 1171 1715 1228 illis
1746 1173 2048 1245 resistunt,

399 1266 663 1337 gentium
695 1263 794 1318 illa
824 1262 1264 1334 conspiratione
1296 1261 1530 1333 cognita
1559 1261 1896 1332 imperator,
1934 1263 2046 1318 Me-

399 1353 734 1426 SOpotamia:
757 1353 965 1407 ducem
993 1351 1250 1406 obsessis
1280 1367 1447 1420 opem
1482 1351 1628 1405 ferre
1651 1351 2048 1420 jubet,Praalio

398 1443 735 1510 commisso,
770 1441 1007 1495 Barbari
1056 1440 1163 1496 etsi
1218 1455 1459 1493 numero
1492 1438 1661 1511 longe
1691 1442 2042 1510 superiores,

397 1549 430 1586 a
462 1530 735 1586 Romanis
788 1528 1076 1600 proﬂigati
1127 1527 1514 1598 dissipantur.
1561 1529 1843 1583 Cmterum
1874 1528 2046 1584 Russi

394 1619 782 1690 Bulgarorum
842 1619 1078 1672 natione
1129 1621 1186 1670 et
1245 1614 1542 1685 provincia
1599 1617 1862 1681 subacta,
1925 1635 2042 1673 una

394 1724 528 1762 curn
587 1706 837 1761 ducibus
891 1705 1090 1759 Borise
1147 1707 1204 1758 et
1255 1703 1537 1768 Romano,
1595 1702 1760 1758 obliti
1815 1704 2035 1774 patriae,

2173 549 2318 638 αύτῷ
2367 551 2578 628 προὲφη
2637 558 2736 620 τῆς
2789 553 3068 630 βασιλείας
3099 567 3306 636 τυγεῖν,
3339 564 3428 618 καὶ
3481 567 3557 638 μή
3600 549 3830 626 σπεῦσαι

2174 636 2297 710 μηδ’
2347 642 2578 716 ἁρπάσαι
2637 643 2824 713 αὐτὴν,
2902 644 3029 702 ἀλλ’
3105 649 3389 722 ἀναμεῖναι
3459 636 3556 723 τήν
3622 657 3682 712 ἐκ
3728 665 3826 715 τοῦ

2169 727 2314 782 Θείου
2354 731 2735 806 προχείρησιν.
2783 736 2984 809 Ὅσπερ
3034 739 3132 806 τὴν
3183 739 3594 817 ἀρχιερωσύνην
3658 768 3824 803 κατα-

2169 813 2476 890 δεξάμενος,
2561 819 2780 891 ἀξίωσιν
2851 821 3000 878 ἔθετο
3085 827 3220 898 πρὸς
3293 830 3386 884 τὸν
3445 832 3823 914 αὐτοκράτορα

2167 906 2441 979 Ἰωάννην,
2469 908 2594 971 τοὺς
2652 913 2992 987 Μανιχαίους
3043 913 3102 968 ἐκ
3147 923 3248 986 τῆς
3294 919 3466 992 Έῴας
3517 906 3824 995 μετοικίάαι

2163 996 2295 1068 πρὸς
2325 997 2392 1052 τὰ
2431 997 2708 1074 Ἑσπέρη,
2765 999 3013 1064 πολλοὺς
3057 1007 3124 1078 τῇ
3182 1005 3355 1061 αὐτῶν
3409 1017 3624 1085 μυσαρᾷ
3671 1014 3821 1089 αἶρέ-

2162 1105 2241 1137 σει
2301 1081 2724 1164 δίαφθείροντας.
2788 1087 2864 1146 Οὗ
2941 1092 3040 1159 τήν
3124 1093 3341 1166 ἀξίωσιν
3411 1081 3686 1174 πληρων,
3733 1081 3824 1166 ἐἷς

2163 1171 2612 1267 ςξιλιππούπολιν
2673 1180 2947 1267 μετήγαγε
2993 1182 3056 1236 τὸ
3108 1184 3264 1256 γένος
3310 1190 3418 1240 τῶν
3469 1171 3819 1267 Μανιχαίων.

2157 1261 2218 1353 i0
2266 1260 2346 1353 ᾉδὶ
2411 1265 2758 1341 πατριάρχης
2835 1266 3173 1334 Πολύευκτος
3248 1275 3319 1346 τῇ
3379 1281 3477 1330 τοῦ
3534 1260 3815 1353 Τζιμισκῆ

2155 1349 2440 1427 ἆναρίήσει
2498 1354 2785 1426 τριάκοντα
2850 1358 2937 1412 καὶ
3022 1360 3179 1415 πέντε
3259 1364 3471 1439 ἡμέρας
3540 1349 3812 1440 ἐπιϐιοὺς,

2153 1438 2243 1492 τὸν
2305 1441 2419 1533 βίον
2483 1441 2810 1533 μετήλλαξε,
2866 1451 2960 1500 καῖ
3015 1447 3346 1525 ἀντεισήχθη
3378 1438 3459 1514 είς
3494 1455 3585 1509 τὸν
3617 1438 3812 1533 ἀρχιεέ

2155 1530 2368 1604 ρατικὸν
2405 1530 2592 1605 θρόνον
2638 1537 2736 1597 τῆς
2791 1534 3188 1608 βασίλευούσης
3230 1545 3336 1592 τῶν
3386 1541 3602 1598 πόλεων
3637 1548 3665 1600 6
3693 1530 3804 1619 μο-

2150 1619 2316 1692 ναχὸς
2366 1618 2648 1683 Βασίλειος
2688 1622 2715 1675 ὁ
2749 1622 3191 1698 Σκαμανδρηνός.
3244 1629 3312 1684 Οἱ
3369 1627 3416 1683 δ’
3475 1630 3533 1686 ἐκ
3575 1637 3674 1699 τῆς
3706 1618 3806 1691 νει-

2145 1727 2244 1782 γαρ
2297 1709 2371 1778 μὴ
2425 1709 2642 1763 ἀνεκτὸν
2694 1711 3020 1785 ἡγούμενοι,
3074 1717 3370 1791 στερεῖσθαι
3415 1725 3525 1775 τῶν
3582 1719 3804 1780 πόλεων

391 1796 511 1850 illic
538 1795 763 1866 imperii
799 1795 996 1849 sedem
1030 1792 1386 1848 constituere
1415 1790 1744 1861 voluerunt,
1775 1793 2011 1865 Calocyr

2147 1795 2205 1856 ἃς
2278 1793 2385 1866 ἤδη
2461 1795 2765 1874 ἀφῄρηντο,
2839 1790 3194 1877 σάνελὲγησαν
3267 1808 3632 1884 πανταχόθεν,
3711 1815 3803 1868 καὶ

390 1885 764 1956 potissimum
800 1883 1097 1954 impulsu:
1133 1880 1253 1952 qui,
1288 1879 1336 1933 si
1390 1880 1460 1934 ab
1520 1880 1603 1935 eis
1635 1885 2029 1936 Romanorum

385 1973 703 2044 imperator
734 1971 1146 2044 appellaretur,
1180 1989 1242 2026 se
1289 1976 1345 2026 et
1395 1970 1668 2041 Bulgaria
1697 1987 2024 2038 cessurum,

383 2068 439 2118 et
469 2078 668 2134 pacem
697 2065 1036 2133 perpetuam
1063 2060 1438 2128 facturum,et
1462 2060 1632 2131 longe
1655 2058 1822 2130 plura
1845 2076 2023 2130 quam

380 2151 673 2223 promissa
705 2154 902 2205 essent
935 2149 1330 2221 praestiturum
1383 2154 1468 2204 est
1500 2147 1813 2220 pollicitus.
1849 2148 1936 2202 Illi
1966 2153 2023 2203 et

379 2240 812 2312 provinciarum
871 2238 1129 2292 bonitate
1187 2237 1383 2307 illecti,
1417 2243 1473 2292 et
1528 2237 1786 2308 Calocyri
1829 2238 2019 2292 verbis

376 2328 585 2390 inflati,
616 2344 797 2397 neque
831 2327 1036 2382 litteris
1084 2326 1474 2397 imperatoris,
1520 2325 1716 2381 omnia
1761 2342 1887 2396 quae
1919 2326 2015 2380 Ni-

374 2417 660 2488 cephorus
694 2415 1058 2488 promisisset
1105 2432 1166 2470 se
1205 2415 1604 2470 confecturum
1639 2415 2010 2483 afﬁrmantis,

371 2506 798 2570 auscultarunt,
819 2510 872 2559 et
905 2504 1126 2576 lcgatrs
1158 2503 1505 2559 insolentius
1537 2506 2012 2568 tractarunt.0ua

371 2596 442 2650 de
491 2612 669 2650 causa
703 2593 852 2648 bello
883 2610 980 2648 eos
1014 2599 1205 2662 petere
1244 2598 1498 2661 coactus,
1533 2593 1686 2648 210
1717 2597 2008 2649 Romanas

368 2683 628 2756 legiones
660 2683 844 2737 Barda
891 2681 1082 2736 Sclero
1133 2682 1411 2751 magistro
1457 2682 1624 2746 duce,
1659 2684 1832 2738 fratre
1865 2701 2006 2738 uxo-

369 2773 449 2827 ris
479 2789 662 2842 nupcr
693 2772 999 2834 defunctae,
1033 2775 1232 2824 contra
1254 2774 1473 2824 Russos
1503 2771 1684 2824 misit.
1720 2773 1841 2836 Quo
1874 2777 2006 2828 Bar-

367 2861 642 2916 barorum
675 2861 791 2914 dux
835 2858 1371 2929 Sphendosthlavus
1399 2857 1709 2926 intellecto,
1746 2860 2005 2931 Bulgaris

367 2949 610 3005 armatis
641 2955 698 3003 et
731 2947 1052 3002 Patzinacis
1089 2946 1340 3018 Scythis,
1374 2963 1478 3002 nec
1527 2964 1638 3002 non
1673 2949 1872 3003 Turcis
1905 2951 2005 3020 qui

369 3039 727 3093 Pannoniam
760 3040 958 3091 tenent
999 3036 1070 3090 ad
1119 3035 1254 3090 belli
1289 3035 1623 3091 societatem
1654 3037 1876 3106 ascitis,
1909 3055 1999 3094 ex-

362 3129 544 3184 ercitu
587 3127 815 3182 circiter
842 3127 946 3179 300
995 3125 1242 3179 millium
1287 3130 1506 3194 coacto,
1535 3126 1842 3182 Thraciam
1877 3145 2002 3182 om-

2698 1885 3006 1963 ὁμαιχμίας
3091 1895 3474 1966 πεποιηκότες,
3533 1899 3623 1953 καὶ
3681 1909 3804 1965 τοῖς

2137 1970 2549 2061 Καρχηδονίοις
2595 1975 2694 2043 τὴν
2763 1981 2909 2054 σφῶν
2985 1979 3283 2053 ἠγεμονίαν
3341 1986 3801 2061 προσνείμαντες,

2135 2059 2538 2152 ἐξεστράτευσαν
2614 2063 2748 2152 κατὰ
2806 2069 2903 2130 τῆς
2959 2065 3012 2120 ἐν
3058 2072 3126 2142 τῇ
3186 2069 3363 2146 Δάφνῃ
3423 2059 3790 2152 Ἀττι-οχείας,

2131 2149 2216 2204 καὶ
2258 2150 2458 2220 ταύτην
2515 2149 2896 2226 ἐπολιόρκουν.
2948 2157 3070 2211 Τῶν
3133 2155 3180 2211 δ’
3234 2143 3286 2212 ἐν
3339 2143 3415 2236 τῇ
3459 2143 3796 2223 πόλείΊάνθέ

2132 2241 2429 2329 ισταμένων
2482 2241 2667 2302 αὐτοῖς
2730 2245 3135 2320 κραταιότερον,
3189 2248 3430 2324 ἠγγέλθη
3487 2253 3566 2324 τῷ
3629 2255 3788 2329 βασι..

2129 2325 2214 2382 λὲῖ
2242 2333 2349 2382 τῶν
2382 2326 2542 2381 ἐθνῶν
2596 2330 2650 2419 ἠν
2683 2331 3007 2419 συνέλευσις.
3054 2335 3115 2392 Ὁ
3160 2333 3215 2390 δὲ
3243 2335 3452 2393 κελεύει
3477 2346 3558 2414 τῷ
3590 2325 3781 2419 σὲρατ-

2124 2421 2247 2490 ηγῴ
2301 2418 2719 2490 Μεσοποταμίας
2793 2418 3148 2495 ἐπικουρῆσαι
3194 2430 3311 2487 τοῖς
3359 2418 3769 2505 πολιορκουμέ-

2119 2527 2230 2568 νοις
2267 2527 2278 2539 ·
2309 2505 2397 2560 καὶ
2447 2504 2698 2596 πολέμου
2747 2509 2883 2580 πρὸς
2927 2509 3054 2572 τοὺς
3098 2513 3429 2588 Ἀγαρηνοὺς
3477 2504 3768 2596 συρραγέν-

2116 2615 2231 2663 τος,
2283 2595 2333 2648 oi
2397 2590 2685 2669 Βάρϐαροι,
2730 2597 2818 2650 καί
2863 2619 2948 2651 τοι
2997 2598 3407 2658 πολλαπλάσιοι
3468 2590 3603 2682 πρὸς
3633 2590 3765 2674 τοὺς

2116 2684 2419 2756 Ῥωμαίους
2471 2680 2643 2752 ὅντες,
2703 2687 2991 2758 τρέπονταί
3048 2709 3105 2744 τε
3159 2691 3248 2744 καὶ
3303 2680 3625 2754 σκίδνανται.
3698 2702 3763 2754 Οἱ

2119 2769 2175 2825 δέ
2203 2793 2262 2846 γε
2292 2773 2426 2832 Ῥὼς
2465 2772 2525 2826 τὸ
2574 2777 2680 2826 τῶν
2733 2773 3063 2851 Βουλγάρων
3107 2775 3260 2842 ἔθνος
3307 2782 3395 2835 καὶ
3435 2785 3536 2853 την
3571 2787 3765 2861 χώραν

2115 2860 2290 2914 αὐτῶν
2328 2861 2414 2936 ὑφ’
2467 2860 2693 2923 ἑαυτοὺς
2745 2866 3132 2937 ποιησάμενοι,
3174 2868 3263 2922 καὶ
3311 2871 3438 2935 τοὺς
3485 2875 3767 2948 ἡγεμόνας

2113 2953 2209 3003 τοῦ
2266 2947 2445 3010 ἔθνους
2509 2951 2600 3004 τὸν
2658 2952 2892 3027 Βορίσην
2948 2955 3037 3008 καὶ
3087 2955 3178 3009 τὸν
3236 2947 3545 3032 Ῥωμανὸν,
3580 2964 3763 3021 οὐκέτι

2111 3042 2218 3092 τῶν
2253 3035 2393 3092 οῗκοι
2426 3037 2754 3112 ἐμέμνηντο,
2805 3039 2930 3096 ἀλλ’
2979 3039 3176 3112 ἤθελον
3230 3045 3391 3102 αύτδῦ
3439 3070 3544 3104 που
3578 3055 3760 3125 μένειν

2112 3128 2211 3194 τὴν
2241 3127 2426 3202 χώραν
2477 3128 2815 3203 κατέχοντες,
2865 3131 3001 3205 πρὸς
3047 3137 3206 3188 τοῦτο
3258 3132 3305 3188 δ’
3356 3139 3523 3194 αὐτοῦ
3558 3159 3572 3209 ;
3605 3143 3695 3198 καὶ
3730 3146 3759 3199 6

2142 1885 2408 1954 συνθήκας
2485 1887 2613 1963 πεφῖ

363 3233 492 3271 nem
529 3215 858 3286 populatur.
885 3214 1113 3269 Sclerus
1137 3214 1235 3284 qui
1268 3231 1400 3269 cum
1435 3189 1596 3270 tanta
1627 3215 2002 3272 multitudine

2123 3189 2427 3286 Κάλόζιυρὸς
2475 3189 2813 3292 ἀνηρέθιζενί
2988 3189 3096 3295 γὰρ
3157 3189 3416 3297 βασιλευς

361 3305 483 3359 acie
513 3303 784 3374 congredi
847 3320 958 3356 non
1019 3303 1278 3368 auderet,
1329 3302 1545 3373 quippe
1601 3303 1784 3373 copiis
1832 3303 2002 3376 longe

359 3393 618 3460 inferior,
655 3391 892 3446 militari
951 3391 1186 3446 solertia
1241 3391 1526 3446 Barbaros
1583 3392 1810 3448 devicit.
1855 3392 1996 3449 Nam

354 3482 610 3554 primum
629 3481 966 3534 Patzinacas
990 3479 1143 3534 solos
1161 3478 1366 3534 callide
1391 3479 1447 3532 in
1465 3479 1706 3534 insidias
1724 3481 1997 3552 pellectos

353 3571 565 3642 partim
617 3569 846 3633 cecidit,
900 3569 1108 3638 partim
1158 3569 1317 3623 vivos
1373 3568 1546 3638 cepit.
1599 3569 1812 3624 Deinde
1859 3587 1991 3626 cum

352 3660 574 3714 caeteris
632 3657 975 3729 aliquandiu
1063 3673 1225 3729 aequo
1284 3661 1463 3712 Marte
1521 3659 1819 3729 pugnavit.
1880 3660 1990 3714 Sed

347 3765 480 3804 cum
541 3749 780 3820 quidam
840 3763 906 3802 ex
961 3746 1190 3817 Scythis
1230 3752 1286 3800 et
1341 3746 1676 3816 proceritate
1733 3748 1993 3819 corporis

346 3845 402 3894 et
432 3838 610 3893 animi
663 3837 856 3906 vigore
905 3835 1179 3889 omnibus
1229 3835 1353 3889 suis
1403 3835 1782 3906 popularibus
1813 3853 1989 3907 supe-

345 3927 483 3991 rior,
517 3926 777 3982 Sclerum
837 3941 978 3979 suas
1027 3924 1284 3994 legiones
1315 3940 1464 3993 equo
1523 3925 1900 3994 circumvehi,
1933 3930 1990 3981 et

343 4016 413 4070 ad
448 4032 568 4070 rem
602 4019 834 4068 strenue
860 4005 1176 4083 gerendam
1222 4012 1511 4066 cohortari
1540 4011 1815 4067 vidisset:
1851 4029 1985 4068 con-

340 4105 519 4158 citato
546 4119 696 4174 equo
727 4118 926 4156 ensem
978 4101 1152 4172 capiti
1201 4100 1308 4154 viri
1361 4100 1623 4171 impegit,
1657 4100 1757 4172 qui
1788 4106 1844 4156 et
1873 4104 1985 4156 du-

339 4192 470 4246 ritie
501 4196 557 4246 et
589 4191 773 4246 levore
805 4189 978 4262 galea:
1001 4189 1271 4260 repulsus
1305 4205 1417 4243 non
1454 4191 1793 4260 penetravit.
1826 4190 1983 4245 Scle-

337 4298 440 4335 rus
470 4279 724 4335 vicissim
775 4284 939 4333 tanta
986 4278 1350 4333 vehementia
1399 4278 1659 4350 gladium
1719 4279 1774 4333 in
1809 4286 1984 4350 caput

337 4369 526 4424 hostis
560 4368 749 4433 illisit,
785 4374 845 4422 ut
896 4368 1184 4421 Barbarus
1235 4366 1291 4420 in
1323 4367 1470 4420 duas
1502 4372 1694 4437 partes
1725 4367 1978 4423 disseca-

336 4463 516 4524 retur,
567 4457 886 4528 mediaeque
937 4460 1128 4526 partes
1184 4455 1312 4525 ejus
1366 4455 1643 4525 utrinque
1700 4456 1772 4510 de
1828 4473 1978 4528 equo

334 4547 685 4602 laberentur.
717 4546 838 4609 Quo
889 4545 1146 4599 facinore
1196 4543 1431 4598 Barbari
1484 4545 1794 4614 perterriti,
1830 4545 1977 4616 fuga:
2011 4568 2057 4630 ι)

331 4652 393 4692 se
428 4637 805 4702 mandarunt,
839 4651 988 4703 quos
1022 4632 1264 4688 Romani
1297 4649 1328 4685 a
1358 4636 1520 4702 tergo
1552 4632 1978 4698 insecuti,mul-

329 4733 421 4780 tos
451 4725 790 4779 occiderunt
823 4723 1039 4776 multos
1083 4725 1381 4792 ceperunt.
1419 4721 1810 4791 Persequendi
1844 4722 1976 4777 reli-

331 4814 502 4884 quias
534 4813 945 4879 Barbarorum,
972 4826 1102 4881 quae
1128 4809 1361 4880 quidem
1389 4808 1730 4865 vulneribus
1761 4810 1976 4866 aﬂ‘ectaa

331 4905 518 4963 erant,
552 4902 724 4955 linem
757 4901 940 4954 noctis
973 4899 1335 4952 interventus
1365 4896 1580 4951 attulit.

2111 3304 2554 3380 άναρῥηθήςομαι
2584 3307 2710 3381 παρ’
2762 3307 2936 3380 ὑμῶν,
2988 3307 3160 3385 ἔλεγε,
3205 3319 3304 3382 τῆς
3348 3337 3406 3370 τι
3441 3318 3547 3370 τῶν
3576 3320 3755 3376 Bon)-

2108 3394 2288 3468 γάρων
2349 3395 2535 3469 χώρας
2593 3395 2984 3482 παραχωρήσω
3047 3399 3198 3472 ὑμῖν,
3258 3401 3346 3456 καί
3418 3402 3751 3482 διαθήσομαι

2105 3483 2240 3557 πρὸς
2293 3483 2431 3555 ὑμᾶς
2483 3482 2705 3558 εἰρήνην
2758 3481 3193 3559 διαιώνίζουσαν,
3242 3490 3332 3544 καὶ
3379 3493 3446 3547 τὰ
3505 3481 3749 3573 ὑπεσχη-

2109 3572 2241 3642 μὲνα
2288 3570 2502 3645 παρέξω
2557 3573 2691 3626 κατᾶ
2745 3573 2809 3626 τὸ
2861 3571 3298 3634 πολλαπλάσιον.
3350 3581 3415 3636 Οἱ
3463 3579 3520 3636 δὲ
3564 3589 3632 3659 τῇ
3665 3570 3750 3642 *τα

2099 3663 2207 3714 τῶν
2243 3665 2443 3736 χωρῶν
2497 3661 2658 3735 ἀρετῇ
2711 3660 3048 3736 θελχθέντες,
3104 3667 3190 3720 καὶ
3250 3673 3366 3729 τοῖς
3417 3669 3603 3746 λόγοις
3647 3681 3748 3730 τοῦ

2103 3747 2423 3824 Καλοκυροῦ
2484 3750 2868 3823 χαυνωθὲντες,
2949 3751 3071 3806 οὕτε
3145 3759 3224 3827 τῷ
3301 3757 3520 3831 βασιλεῖ
3572 3764 3750 3820 πάντα

2100 3838 2347 3906 ποιήσειν
2428 3835 2652 3906 ἐπιτελῆ
2739 3838 2806 3892 τά
2862 3840 3008 3911 παρά
3055 3846 3151 3896 τοῦ
3200 3847 3515 3922 Νικηφόρου
3563 3853 3745 3929 σφίσιν

2101 3925 2451 4014 ὑπεθχημενα
2501 3924 2772 3981 ἐπείθοντο
2847 3929 3131 4002 γράφοντι,
3207 3934 3298 3986 καὶ
3353 3941 3471 3999 τοῖς
3525 3924 3750 4014 πρέσϐε.

2099 4035 2180 4068 σιν
2239 4012 2528 4087 ὡμίλησαν
2610 4014 3097 4090 ἁλαζωνικότερον.
3166 4021 3435 4079 Ἐντεῦθεν
3517 4012 3745 4102 ἅρασθαι

2094 4109 2209 4157 κατ’
2266 4101 2440 4157 αὐτῶν
2497 4101 2642 4158 ὅπλα
2708 4105 3038 4180 ἠνάγκαστο,
3097 4108 3186 4162 καὶ
3237 4115 3358 4175 ταῖς
3413 4101 3744 4188 Ῥωμαϊκαίς

2097 4188 2380 4264 δυνάμεσιν
2453 4190 2745 4278 ἐπιστήσας
2805 4195 3176 4271 στρατάρχην,
3243 4198 3302 4253 ὃν
3361 4204 3740 4278 στρατηλάτην

2093 4279 2344 4352 ὠνόμασε
2400 4276 2610 4352 Βάρδαν
2676 4279 2964 4358 μάγιστρον
3020 4284 3108 4338 τὸν
3172 4285 3446 4361 Σκληρὸν,
3496 4295 3595 4362 τῆς
3626 4276 3737 4368 ἤδη

2093 4368 2358 4438 θανούσης
2392 4367 2554 4422 αὐτοῦ
2608 4377 2854 4443 γαμετῆς
2899 4369 3234 4452 αὐτάδελφον
3292 4371 3442 4450 ὄντα,
3493 4381 3738 4455 ὁρμῆσαί

2091 4457 2143 4510 οἱ
2169 4457 2304 4544 κατά
2351 4462 2458 4510 τῶν
2509 4457 2641 4518 Ῥὼς
2687 4456 2990 4514 ἐνετείλατο
3027 4480 3039 4492 ·
3087 4463 3177 4516 καὶ
3231 4465 3259 4518 6
3321 4467 3414 4538 μὶν
3457 4468 3734 4544 ἀπῄει,οἱ

2093 4540 2655 4638 βάρϐαροᾳιΑδὶᾳτο-ὖτο
2711 4547 2991 4638 μαθόντες,
3044 4551 3131 4638 ml
3177 4554 3205 4607 δ
3247 4554 3454 4610 τούτων
3506 4540 3736 4638 ἔξαρχος

2090 4635 2117 4688 6
2161 4629 2644 4726 ‘292v86601a50c,
2696 4635 2822 4698 τούς
2876 4658 2934 4691 τε
2988 4637 3334 4716 Βουλγάρους
3390 4629 3730 4726 ὁπλισαντῖς,

2088 4723 2175 4778 καὶ
2227 4725 2556 4798 συμμάχους
2601 4728 3034 4803 προσειληφότες
3084 4731 3313 4800 Σκύθας,
3355 4731 3416 4788 οἷ’
3460 4723 3730 4808 Πατζινάέ

2087 4833 2176 4866 και
2207 4809 2619 4882 κικλήσκονται,
2667 4814 2756 4868 καὶ
2803 4815 2932 4880 τοὺς
2976 4817 3076 4885 τήν
3119 4820 3414 4876 Παννονίαν
3448 4826 3730 4894 οἱκοῦντας

2088 4900 2388 4976 Τούρκους,
2466 4902 2554 4955 καὶ
2631 4910 2880 4977 στρατιάν
2954 4905 3028 4967 είς
3105 4909 3392 4983 τριάκοντα
3469 4915 3736 4990 μυριάδας

329 4996 738 5092 ἀριθμούμενην
799 4995 1217 5092 συστησάμενοι,
1438 4993 1650 5092 Θρᾴκην
1705 4993 1929 5092 ﬁxae-etv
2008 4996 2310 5092 ἐληίζοντο.
2385 4999 2607 5062 Τούτοις
2667 4999 2757 5055 οὖν
2819 5003 2894 5074 μή
2950 5002 3162 5080 θαρρῶν
3218 5007 3246 5061 6
3292 5006 3544 5085 Σκληρὸς
3601 5037 3735 5092 συμ-

330 5086 501 5158 μίξαι,
553 5084 642 5138 καὶ
707 5083 840 5136 κατᾶ
899 5079 1161 5150 συστάδην
1219 5079 1551 5156 μαχέσασοοι
1605 5081 1938 5153 (πολλοστὸν
1993 5085 2096 5159 γάρ
2153 5086 2218 5152 ἦν
2276 5087 2411 5161 πρὸς
2468 5089 2530 5141 τὸ
2577 5086 2794 5156 πλῆθος
2839 5079 3055 5145 ἇκείνων
3106 5093 3168 5146 τὸ
3216 5102 3329 5166 μετ’
3371 5079 3533 5154 αὐτοῦ
3567 5079 3732 5162 στοα-

322 5175 597 5247 τιωτικὸν)
657 5175 1038 5245 στρατηγικαῖς
1102 5167 1353 5241 μεθόδοις
1413 5169 1543 5232 τοὺς
1601 5167 1918 5248 Βαρϐάρους
1968 5159 2401 5250 κατηγωνίσατο.
2476 5175 2582 5230 Καὶ
2640 5181 2856 5250 πρῶτον
2920 5179 3014 5250 μὶν
3071 5159 3281 5256 λόχούς
3331 5187 3577 5260 καθίσας,
3632 5159 3728 5251 διιῶ

326 5268 511 5344 μόνοις
573 5277 689 5331 τοῖς
751 5268 1103 5336 Ιῐατζινάκαις
1161 5265 1425 5334 ἐπελθὼν,
1488 5269 1576 5321 καὶ
1657 5269 1867 5345 εὐφυῶς
1946 5271 2138 5334 αὐτοὺς
2215 5293 2374 5346 περια
2443 5274 2624 5348 γαγὼν
2699 5274 2776 5336 εἷς
2832 5275 2958 5338 τοὺς
3015 5275 3244 5353 λόχους,
3293 5303 3420 5346 τους
3485 5287 3581 5358 μὶν
3637 5291 3728 5346 ὲν-

705 5356 728 5375 ᾗ

322 5361 455 5429 εἷλε,
513 5360 641 5422 τοὺς
701 5356 746 5413 δ’
804 5356 919 5412 εἷλε
970 5361 1170 5424 ζῶντας
1207 5376 1217 5387 ·
1265 5357 1374 5410 εἶτα
1421 5355 1510 5410 καί
1559 5363 1675 5419 τοῖς
1722 5357 1916 5421 ἄλλοις
1959 5360 2280 5434 συμμίξαντι
2340 5362 2504 5436 μέλρι
2558 5364 2651 5436 μέν
2703 5386 2844 5425 τινος
2875 5364 3167 5441 ἰσόρροπος
3197 5369 3262 5437 ἦν
3299 5373 3331 5440 ἡ
3369 5355 3523 5450 μάχῇ
3556 5379 3722 5453 αὐτῷ.

316 5455 408 5511 Ὠς
445 5449 500 5503 δὲ
557 5471 638 5509 τις

699 5453 805 5502 τῶν
871 5447 1086 5500 Σκυθῶν
1145 5445 1235 5497 καὶ
1297 5441 1447 5517 ὄγκῳ
1508 5447 1784 5520 σώματος,
1841 5449 1928 5502 καὶ
2001 5453 2184 5524 ψυχῆς
2243 5454 2626 5525 παραστήματι
2703 5460 2949 5528 γενναῖος
3009 5457 3144 5510 εἶναι
3204 5454 3400 5534 δοκῶν,
3449 5441 3557 5520 ’καὶ
3614 5441 3723 5526 τᾶλν

321 5548 600 5620 ὁμογενῶν
645 5546 894 5601 άπάναων
956 5544 1282 5618 ὑπερτερεῖν,
1338 5544 1476 5616 ὁρῶν
1538 5545 1630 5598 τὸν
1694 5545 1944 5622 Σκληρὸν
2004 5545 2239 5625 ἔφιππον
2299 5546 2506 5604 διιόντα
2562 5552 2658 5613 τὰς
2722 5553 2808 5629 ὑφ’
2860 5552 3048 5606 ἑαυτὸν
3098 5554 3298 5624 τάξεις,
3366 5561 3455 5614 καὶ
3524 5567 3724 5632 ταύτας

319 5643 393 5706 εἵς
445 5642 619 5714 ἀλκὴν
679 5642 1028 5720 διεγείροντα,
1090 5640 1313 5717 ὥρμησε
1364 5644 1481 5697 κατ·
1540 5643 1765 5714 ἐκείνου,
1814 5644 1903 5700 καὶ
1953 5648 2250 5722 κατήνεγκε
2299 5647 2360 5701 τὸ
2417 5647 2566 5726 ξίφος
2608 5650 2743 5704 κατὰ
2786 5656 2886 5720 τῆς
2931 5648 3176 5730 κεφαλῆς
3216 5652 3313 5709 τοῦ
3362 5656 3554 5736 ἀνδρός
3587 5683 3600 5696 .
3656 5670 3718 5724 τὸ
