4156 6214
261 356 353 420 13⁸1
1477 339 1891 403 ANNALIUM
1940 337 2085 400 LIB.
2130 339 2313 401 XVII.
3482 343 3598 405 138

254 487 299 545 δι
333 489 389 561 τῇ
431 486 518 538 106
564 481 789 556 κράνους
839 476 995 554 ἴσχύοί
1040 475 1133 532 καὶ
1187 479 1256 551 τῇ
1315 473 1558 546 λειότητι
1615 474 1727 548 οὐχ
1778 470 1957 561 ἥψατο
2019 469 2203 527 αὐτοῦ.
2239 472 2299 530 '0
2338 467 2396 527 δὲ
2428 468 2683 561 Σκλᾼηρὸς
2740 469 2891 537 αὖθις
2921 471 3056 561 κατὰ
3083 478 3183 544 τῆς
3222 472 3466 551 κεφαλῆς
3512 476 3604 531 τὸν

254 558 429 645 Σκύθην
479 568 786 641 ἆπέπληξε,
842 568 932 623 καὶ
988 569 1024 637 ἡ
1077 569 1176 622 106
1230 564 1416 643 ξίφους
1476 561 1756 642 καταφορᾶ
1806 560 1883 624 εἲς
1940 565 2201 617 τοσοῦτον
2258 561 2475 638 γέγονεν
2533 558 2775 637 ἐνεργὸς,
2830 562 2906 626 ὡς
2963 559 3098 638 διχῆ
3153 563 3431 637 τμηθῆναι
3493 567 3607 641 (78)

251 668 322 723 τὸν
369 644 644 739 Βάρϐαρον,
689 658 781 713 καὶ
851 656 1115 732 ἡμίτομα
1181 654 1250 710 τὰ
1318 655 1457 729 μέρη
1533 653 1702 709 αὐτοῦ
1755 654 1856 707 τοῦ
1911 651 2082 706 ἱππου
2140 648 2404 709 ἐκπεσεῖν.
2462 651 2531 708 Οἱ
2589 644 2864 725 Βάρϐαροι
2909 651 2971 707 τὸ
3025 647 3178 729 ἔργον
3249 650 3610 730 ἐκπλαγέντες

251 755 310 817 εἰς
366 750 553 807 δειλίαν
630 747 899 820 {Eg-mam,
958 745 1048 801 καὶ
1107 744 1186 808 εἷς
1243 744 1417 822 φυγὴν
1474 741 1667 798 αὐτίκα
1717 740 2049 817 ἐτράπησαν,
2108 742 2192 802 οἷς
2249 741 2305 794 οἱ
2357 740 2623 814 Ῥωμαῖοι
2684 740 2909 795 κατόπιν
2968 738 3303 815 ἐλαύνοντες,
3363 740 3611 809 πολλοὺς

239 846 309 919 μὶ)
369 838 605 914 ἀνῄρουν,
660 834 907 898 πολλοὺς
965 832 1012 888 δ’
1069 832 1364 910 ἐζώγρουν.
1422 832 1660 886 ’Ἐπαυσε
1736 826 1794 884 δὲ
1858 830 1957 897 τῆς
2026 824 2262 901 διώξεως
2329 828 2454 890 τοὸς
2529 828 2652 903 περὶ
2710 829 2799 884 τὸν
2876 827 3131 905 Σκληρὸν
3204 829 3507 887 ἐπελθοῦσα
3564 836 3600 906 ἡ

235 932 330 1004 νύξ·
356 928 476 990 τέως
506 924 562 982 δὲ
588 924 679 981 καὶ
712 926 777 980 ὅσ
797 946 850 980 οι
879 922 1335 1001 περιελείφθησαν
1361 919 1687 995 τραυματίαι
1718 920 1877 988 ἦσαν.

285 1022 346 1078 B'.
383 1018 473 1074 Καὶ
525 1017 592 1071 τὰ
645 1016 740 1090 μὲν
800 1014 937 1069 κατά
990 1013 1119 1075 τοὺς
1152 1012 1289 1074 Ῥὼς
1345 1010 1396 1066 ἐν
1439 1008 1656 1073 τούτοις
1683 1009 1841 1077 ἦσαν.

2033 1009 2102 1065 ΙΙ.
2139 1010 2282 1065 Cum
2341 1009 2462 1066 haec
2518 1016 2718 1066 contra
2775 1011 2996 1068 Russos
3053 1017 3358 1085 geruntur,
3389 1012 3609 1073 Bardas

232 1106 404 1186 Βάρδας
450 1103 507 1161 δὶ
550 1107 580 1160 6
632 1107 832 1167 Φωκᾶς
879 1102 908 1157 6
955 1105 1055 1159 106
1102 1100 1335 1163 Λέοντος
1384 1104 1535 1168 παῖς,
1566 1098 1619 1169 ἐξ
1667 1100 1843 1186 ἶΔμα-

230 1183 341 1260 σείας
366 1194 536 1274 φυγὼν
587 1192 643 1248 ἐν
673 1194 714 1266 ᾗ
742 1192 1079 1267 περιώριοτο
1134 1190 1235 1259 τὴν
1295 1192 1402 1243 τῶν
1456 1183 1842 1242 Καππαδοκῶν

228 1285 495 1362 κατειλήφει
552 1283 909 1356 Καισάρειαν,
957 1277 1207 1341 πολλοὺς
1263 1276 1841 1353 προσεταιρισάμενος,

226 1378 290 1432 καὶ
337 1369 594 1451 τυραννίδι
655 1370 1100 1445 ἐπικεχείρηκεν,
1147 1367 1323 1439 ἑαυτῷ
1378 1366 1729 1439 περιθέμενος
1776 1366 1843 1419 τὰ

223 1472 299 1535 τῆς
337 1459 603 1539 βασιλῖείας
659 1460 985 1534 παράσημα.
1028 1455 1133 1512 Καὶ
1179 1455 1208 1509 6
1255 1456 1435 1530 πατὴρ
1481 1451 1542 1508 δὲ
1585 1452 1781 1508 τούτου
1813 1453 1841 1507 6

225 1553 341 1611 Δίων
392 1550 480 1605 σὺν
530 1554 608 1622 τῷ
661 1546 972 1625 Νικηφόρῳ
1028 1545 1089 1600 ἐκ
1146 1539 1359 1600 Λέσϐου
1412 1543 1550 1617 πρὸς
1628 1541 1842 1617 Θρᾴκην

222 1638 535 1697 ἐϐουλεύσατο
618 1634 900 1706 διαϐῆναι,
954 1631 1099 1711 ἔχων
1167 1633 1585 1708 συμπράττοντά
1640 1633 1693 1687 οἱ
1749 1631 1839 1687 καὶ

222 1732 292 1787 τὸν
335 1723 555 1785 ’Δϐύδου
622 1726 1085 1802 άρχιεπίσκοπον.
1144 1721 1407 1784 Γνωσθείς
1463 1719 1541 1790 δὲ,
1595 1720 1723 1783 τοὺς
1784 1722 1842 1776 6-

223 1819 462 1899 φθαλμοὺς
537 1822 878 1892 πηρωθῆναι
951 1809 1359 1882 καταδικάζεται
1439 1809 1532 1865 σὺν
1738 1811 1842 1883 υἱῷ

223 1896 496 1984 ἐξικηφόρῳ.
526 1904 763 1981 Λέγεται
821 1901 879 1959 δὲ
931 1904 1024 1958 τὸν
1088 1901 1315 1979 βασιλέα
1342 1899 1479 1955 κατὰ
1506 1899 1570 1954 τὸ
1602 1896 1842 1970 λεληθὸς

229 1997 517 2062 ἐντείλασθαι
589 2000 716 2057 τοῖς
798 1993 1137 2067 ἐπιτραπεῖσι
1218 1991 1318 2059 τήν
1402 1990 1652 2064 πήρωσιν
1729 1991 1837 2043 τῶν

228 2084 428 2164 ἄνδρων,
502 2085 581 2158 μὴ
633 2082 865 2160 ἐγκόψαι
945 2079 1160 2141 τούτοις
1243 2084 1312 2134 τὰ
1383 2074 1636 2153 ὄμματα,
1694 2074 1843 2132 ἀλλὰ

227 2172 402 2245 δόκησιν
462 2174 557 2247 μὶν
606 2175 920 2248 παρασχεῖν
988 2167 1402 2246 ἐκτυφλώσεως,
1458 2165 1838 2244 παραφυλάξαι

228 2263 268 2321 δὲ
307 2270 409 2327 τοῖς
463 2262 782 2339 ἀνθρώποις
841 2253 1135 2330 ἀλώϐητον
1186 2258 1250 2313 τὸ
1282 2258 1432 2332 ὁρᾷν.
1464 2256 1685 2313 Τούτων
1745 2252 1839 2310 οὖν

229 2353 338 2409 οὕτω
411 2350 844 2426 συνενεχθέντων
872 2393 889 2419 ,
939 2347 1119 2426 γραφὴ
1198 2339 1604 2418 καταλαμϐάνει
1685 2343 1839 2418 βασί-

231 2441 343 2504 λειος
390 2441 478 2497 τὸν
529 2438 818 2514 Σκληρὸν,
860 2434 979 2515 ἄρτι
1035 2436 1162 2499 τοὺς
1219 2433 1428 2499 Σκύθας
1484 2433 1843 2510 τρεψάμενον,

233 2530 652 2605 διαπεραιωθῆναι
700 2527 837 2600 πρὸς
889 2528 988 2596 τὴν
1045 2525 1238 2597 Ἑῴαν,
1270 2522 1361 2579 καὶ
1406 2526 1485 2595 τῷ
1540 2518 1722 2598 Βάρδᾳ
1765 2525 1845 2593 τῷ

234 2626 364 2692 Φωκᾷ
413 2622 885 2687 άντικαταστῆναι.
946 2615 1046 2670 Καὶ
1103 2612 1293 2669 αὐτίκα
1366 2611 1552 2685 ἀπῄει,
1609 2610 1699 2665 καὶ
1766 2609 1842 2673 εἷς

233 2710 500 2785 Καισάρειαν
557 2706 774 2784 γέγονε,
806 2705 893 2761 καὶ
955 2703 1007 2758 οἱ
1061 2703 1186 2778 περὶ
1241 2703 1332 2758 τὸν
1384 2705 1603 2769 Φωκᾶν,
1639 2699 1842 2755 ἐκεῖνον

233 2797 461 2871 λιπόντες,
488 2802 569 2871 τῷ
628 2794 873 2870 Σκληρῷ
920 2790 1348 2870 προσεῤῥύησαν,
1382 2789 1547 2864 μόνος
1598 2788 1655 2844 δὶ
1710 2787 1845 2861 μετὰ

230 2870 313 2942 τῶν
378 2887 724 2964 θεραπόντων
790 2879 1179 2959 περιλειφθεὶς,
1237 2879 1374 2953 πρὸς
1438 2878 1502 2934 τὸ
1560 2876 1838 2964 Δφρούριον

229 2961 443 3053 κατέφυγε
491 2976 554 3031 τὸ
596 2970 931 3047 Τυροποιόν.
992 2967 1157 3053 Ἤδη
1210 2966 1257 3023 δ’
1304 2966 1466 3043 ἐγγὺς
1539 2961 1668 3022 ὄντα
1743 2969 1839 3020 τοῦ

232 3052 474 3140 εἰρημίνου
529 3060 825 3139 φρουρίου,
873 3052 1381 3131 καταλαμϐάνουσιν
1442 3054 1602 3111 αὐτὸν
1658 3055 1843 3117 ἱππεῖς

232 3155 512 3233 πεμφθέντες
560 3152 709 3227 πρὸς
752 3152 851 3204 τοῦ
902 3144 1182 3233 Σκληροῦ,
1210 3145 1306 3233 ,ὧν
1362 3145 1440 3207 εἷς
1493 3146 1836 3233 ξίωνσταντῖ-

228 3227 570 3319 νοςόΧάρωο,
605 3237 936 3314 θρασύτερος
987 3239 1093 3289 τῶν
1136 3231 1346 3301 ἄλλων,
1379 3235 1456 3295 ὡς
1502 3229 1697 3299 ἔοικεν,
1739 3227 1837 3302 ὢν,

226 3333 491 3410 προφθάσας
543 3327 683 3391 τοὺς
732 3325 1153 3401 συστρατιώτας,
1191 3323 1308 3397 μεθ’
1337 3322 1515 3400 ὁρμῆς
1571 3340 1839 3410 συντονω-

1954 1095 2178 1152 Phocas
2210 1098 2420 1155 Leonis
2452 1098 2609 1155 ﬁlius
2641 1098 2843 1156 relicta
2874 1103 3113 1157 Amasis.
3146 1101 3245 1158 ubi
3277 1102 3604 1177 exsulabat,

1953 1187 2274 1245 Caesaream
2324 1190 2703 1262 Cappadociae
2762 1190 3089 1263 occupavit,
3120 1196 3177 1248 et
3226 1192 3603 1252 factiosorum

1952 1275 2262 1332 hominum
2319 1278 2532 1349 opibus
2590 1279 2796 1348 fretus,
2849 1278 3219 1351 tyrannidem
3289 1282 3600 1353 affectavit,

1953 1356 2208 1438 sumptis
2239 1366 2471 1439 imperii
2503 1367 2861 1441 insignibus.
2894 1369 3002 1424 Sed
3035 1373 3094 1425 et
3136 1373 3302 1442 pater
3330 1372 3458 1443 ejus
3489 1373 3601 1428 Leo

1953 1472 2087 1511 cum
2119 1455 2300 1512 altero
2332 1457 2451 1512 ﬁlio
2481 1458 2804 1530 Nicephoro
2836 1458 2895 1513 in
2942 1459 3139 1514 animo
3179 1458 3387 1517 habuit
3417 1461 3602 1518 Lesbo

1950 1545 2204 1601 transire
2235 1544 2295 1600 in
2326 1544 2654 1618 Thraciam,
2691 1547 2957 1619 adiutore
3006 1548 3283 1621 Abydeno
3313 1549 3602 1623 archiepi-

1951 1650 2147 1706 scopo.
2179 1634 2395 1691 Verum
2429 1652 2495 1692 eo
2549 1636 2796 1692 consilio
2838 1637 3093 1710 cognito,
3138 1639 3456 1696 damnatur
3487 1659 3605 1699 una

1952 1738 2087 1779 cum
2120 1723 2239 1780 filio
2268 1723 2597 1797 Nicephoro
2629 1731 2694 1781 ut
2722 1726 2774 1781 ei
2803 1725 2959 1781 oculi
2993 1726 3383 1798 effodiantur;
3415 1729 3602 1804 impe-

1903 1854 1906 1858 .
1951 1816 2110 1869 rator
2138 1817 2336 1868 tamen
2393 1812 2546 1869 clam
2597 1813 2887 1870 ministris
2945 1816 3260 1872 mandasse
3301 1817 3505 1886 fertur,
3538 1825 3604 1877 ut

1950 1899 2296 1957 simularent
2324 1901 2607 1958 duntaxat
2654 1903 3119 1971 excecationem,
3162 1921 3485 1979 eorumque
3514 1908 3603 1963 vi-

1950 2005 2085 2046 sum
2115 1989 2366 2046 illaesum
2420 1995 2850 2048 conservarent.
2883 1991 2989 2048 His
3019 1992 3102 2049 ita
3130 1995 3334 2066 gestis,
3368 1995 3601 2069 Scythis

1951 2094 2154 2136 recens
2208 2078 2380 2150 fusis,
2410 2080 2600 2136 Sclero
2657 2081 2863 2137 littera
2923 2082 2994 2137 ab
3052 2081 3407 2155 imperatore
3461 2085 3600 2141 afre-

1950 2171 2183 2236 runtur,
2243 2174 2311 2224 ut
2366 2169 2608 2240 traiecto
2668 2169 2727 2224 in
2785 2168 3079 2226 Orientem
3138 2172 3394 2229 exercitu
3460 2173 3599 2230 Bar-

1950 2256 2087 2312 dam
2120 2256 2370 2313 Phocam
2403 2257 2717 2329 opprimat.
2750 2257 2855 2321 Qui
2915 2274 3050 2315 cum
3108 2259 3430 2318 Caesaream
3462 2279 3599 2334 per-

1953 2345 2224 2409 venisset,
2277 2345 2498 2401 Phocas
2555 2363 2590 2401 a
2645 2363 2755 2403 sua
2809 2346 3061 2404 factione
3116 2349 3384 2406 desertus
3434 2351 3598 2424 (nam

1954 2436 2026 2492 ad
2084 2434 2343 2491 Sclerum
2394 2434 2772 2491 conﬂuebant
2824 2440 3053 2507 omnes)
3094 2438 3256 2494 solus
3304 2455 3440 2495 cum
3475 2441 3602 2498 suis

1954 2524 2242 2580 ministris
2300 2524 2372 2579 ad
2447 2523 2752 2581 castellum
2808 2529 3145 2598 Tyropaaum
3200 2533 3513 2600 properat:
3567 2547 3602 2586 a

1953 2614 2098 2670 2|]
2137 2630 2254 2684 quo
2284 2629 2418 2669 cum
2450 2629 2566 2668 non
2616 2614 2869 2670 multum
2919 2616 3170 2683 abesset,
3203 2617 3431 2688 equites
3463 2635 3598 2675 eum

1950 2720 1985 2759 a
2014 2701 2208 2758 Sclero
2257 2701 2426 2758 missi
2474 2706 2936 2774 consequuntur.
2971 2705 3227 2769 Quorum
3263 2722 3417 2763 unus
3452 2707 3599 2766 Con-

1951 2791 2249 2848 stantinus
2281 2790 2530 2863 Charon,
2562 2792 2788 2848 caeteris
2846 2792 3123 2849 audacior
3160 2793 3405 2866 scilicet,
3435 2813 3596 2855 com-

1950 2880 2246 2937 militones
2275 2896 2416 2937 suos
2447 2881 2773 2951 antevertit,
2805 2888 2860 2937 et
2905 2881 3127 2955 impetu
3165 2884 3596 2944 vehementiore

1948 2987 2015 3027 ac
2033 2970 2391 3041 pertinacius
2411 2968 2470 3024 in
2496 2970 3107 3037 Phocam,extremum
3128 2990 3369 3031 suorum
3384 2992 3595 3050 agmen

1948 3062 2274 3127 curantem,
2306 3057 2529 3128 illatus,
2583 3058 2883 3116 hominem
2932 3061 3261 3120 maledictis
3286 3068 3343 3121 et
3370 3064 3598 3136 probris

1945 3148 2288 3204 insectatur.
2328 3146 2433 3204 Cui
2464 3147 2608 3204 ille:
2658 3147 2775 3204 Non
2820 3154 2876 3204 te
2927 3149 3090 3219 decet,
3126 3152 3334 3223 inquit,
3385 3153 3599 3210 homini

1947 3238 2060 3294 tali
2087 3237 2408 3294 calamitate
2464 3238 2807 3308 conﬂictanti
2863 3239 3156 3296 insultare.
3198 3244 3342 3298 Cum
3400 3247 3597 3301 autem

1947 3327 2173 3384 Charon
2206 3326 2438 3381 interim
2471 3325 2707 3399 propior
2736 3327 2948 3394 factus,
2978 3328 3162 3385 telum
3205 3330 3265 3386 in
3291 3348 3427 3389 eum
3459 3349 3598 3390 con-

225 3409 356 3494 τέρως
382 3420 660 3497 ἐπήρχετο
686 3420 766 3489 τῷ
796 3420 986 3487 Φωκᾷ,
1016 3415 1044 3469 6
1076 3410 1134 3468 δὲ
1173 3413 1398 3490 ούραγεῖ
1439 3410 1530 3467 καὶ
1578 3409 1706 3497 τοὺς
1748 3409 1839 3465 σὺν

1948 3417 2210 3488 jecturus
2240 3419 2419 3482 esset,
2452 3415 2674 3471 clavam
2705 3416 2790 3472 sic
2821 3416 2880 3471 in
2911 3416 3140 3490 galeam
3172 3420 3300 3490 ejus
3331 3421 3597 3495 impegit,

229 3509 342 3583 αὗτῷ
382 3494 651 3585 περιεῖπε,
682 3506 770 3561 καὶ
819 3506 848 3559 6
903 3505 1095 3579 Χάρων
1150 3496 1334 3580 ίῖϐρεσι
1389 3504 1579 3557 τοῦτον
1638 3494 1840 3555 ἔϐαλλε

1948 3514 2010 3562 ut
2038 3522 2159 3560 una
2186 3520 2319 3560 cum
2351 3503 2453 3559 illa
2482 3509 2659 3577 caput
2686 3506 2860 3562 etiam
2893 3507 3306 3581 confringeret,
3337 3526 3453 3583 quo
3477 3494 3595 3567 uno

230 3596 550 3656 ιιαὶόνεέδεσι.
585 3595 690 3652 Καὶ
721 3596 750 3650 6
791 3590 1156 3662 d>wx5<,06x
1211 3589 1318 3648 ἔδει
1376 3611 1455 3662 σε,
1514 3590 1680 3659 εἶπεν,
1740 3590 1837 3644 ἅν-

1948 3594 2067 3651 ictu
2097 3596 2451 3666 prostratus,
2481 3609 2814 3666 purpuream
2840 3597 3010 3652 vomit
3037 3597 3137 3652 ille
3162 3600 3595 3657 animam.Eum

227 3689 403 3763 θρωπον
476 3686 527 3743 ἐν
614 3687 925 3761 συμφοραῖς
995 3681 1272 3743 τοιαύταις
1349 3678 1665 3755 γενόμενον,
1719 3676 1836 3732 ἐπι-

1948 3684 2234 3756 jacentem
2266 3682 2585 3754 conspicati
2616 3684 2715 3756 qui
2746 3700 2898 3757 pone
2946 3687 3364 3763 sequebantur,
3397 3706 3432 3745 a
3463 3706 3593 3763 per-

225 3753 467 3847 πλήσσειν.
511 3770 632 3833 T06
687 3753 764 3826 6E
803 3753 1095 3845 ’Χάρωνος
1153 3767 1206 3824 ἐν
1254 3753 1492 3831 τούτοις
1536 3765 1838 3844 ἐγγίσαντος

1948 3753 2245 3845 sequendo
2276 3753 2651 3838 destiterunt,
2677 3753 2881 3829 Phocea
2911 3753 3083 3846 porro
3129 3753 3438 3833 castellum
3461 3753 3591 3851 jam

221 3869 283 3937 τῷ
324 3863 512 3942 Βάρδᾳ,
538 3863 636 3920 καὶ
688 3860 874 3938 βαλεῖν
933 3858 1344 3935 ἐπιχειροῦντος
1398 3858 1578 3931 αὐτὸν,
1635 3856 1834 3919 ἐκεῖνος

1948 3862 2207 3935 ingresso
2238 3860 2532 3933 persuasit
2559 3860 2791 3917 Sclerus
2822 3866 2887 3919 ut
2943 3862 3315 3937 imperatoris
3364 3866 3496 3925 fidei
3528 3884 3592 3924 se

222 3956 296 4022 τήν
321 3955 539 4031 κορύνην
571 3950 873 4021 ἀνατείνας,
904 3950 1052 4004 παίει
1097 3948 1192 4003 τὸν
1242 3952 1641 4002 Κωνσταντῖνον
1699 3946 1834 4001 κατὰ

220 4050 297 4113 τῆς
344 4044 587 4121 κόρυθος,
615 4040 705 4096 καὶ
762 4038 962 4109 ταύτην
1019 4037 1296 4111 συνέτριψε
1345 4035 1481 4111 μετὰ
1516 4042 1615 4106 τῆς
1671 4056 1833 4114 κεφα-

223 4128 303 4202 λῆς
344 4138 434 4189 τιιῦ
486 4129 707 4206 ἀνδρὸς,
762 4129 852 4184 καὶ
911 4125 1067 4191 εὐθὺς
1126 4125 1240 4181 εἷλε
1303 4126 1394 4180 τὸν
1447 4124 1833 4200 πεπληγμένον

223 4222 495 4300 πορφύρεος
551 4220 800 4286 θάνατος,
846 4220 945 4291 μιᾷ
993 4216 1363 4271 θανατωθέντα
1411 4212 1628 4290 πληγῇ.
1664 4214 1732 4272 Οἱ
1778 4210 1836 4268 δὶ

222 4311 411 4367 κατόπιν
453 4309 796 4378 ἐλαύνοντες,
845 4308 1079 4383 ὁρῶντες
1125 4303 1219 4360 τὸν
1266 4302 1517 4377 πεσόντα,
1549 4303 1835 4382 ἀφίσταντο

220 4406 300 4469 τῆς
343 4398 592 4473 διώξεως,
622 4398 712 4453 καὶ
745 4397 775 4452 6
818 4399 1013 4457 Φωκᾶς
1061 4390 1237 4449 εῒσὲδυ
1281 4391 1345 4449 τό
1394 4392 1675 4472 φρούριον.
1707 4393 1839 4449 Εἶτα

220 4489 291 4543 καὶ
333 4492 359 4545 ὁ
407 4486 659 4565 Σκληρὸς
743 4485 1062 4562 παρεγένετο
1097 4527 1111 4553 ,
1165 4481 1255 4538 καὶ
1339 4483 1588 4538 πέπεικεν
1675 4481 1835 4537 αὐτὸν

221 4586 587 4654 προσχωρῆσαι
636 4579 717 4648 τῷ
772 4571 1017 4651 βασιλεῖ’
1050 4571 1139 4627 καὶ
1197 4570 1588 4648 προσελθόντα,
1635 4567 1837 4648 κληρι-

222 4667 298 4719 κόν
347 4688 402 4722 τε
447 4659 769 4744 ῃνὸμενον,
796 4662 872 4725 είς
926 4662 1025 4731 τὴν
1081 4659 1219 4719 Χίον
1252 4659 1551 4736 περιορίζει
1580 4661 1608 4716 6
1640 4662 1839 4744 Τζιμι-

226 4760 354 4825 σκῆς.
392 4743 486 4810 Καὶ
544 4754 573 4809 6
633 4751 887 4829 Σκληρὸς
946 4750 1095 4813 αὗθις
1156 4750 1542 4827 προστάττεται
1602 4743 1839 4824 μεταϐῆ-

225 4864 293 4897 ναι
342 4844 413 4906 εῗς
466 4845 536 4900 τά
588 4842 861 4917 Ἐσπέρια.
894 4836 1234 4915 Νυμφεύεται
1295 4836 1342 4893 δ’
1390 4839 1562 4911 ἑαυτῷ
1618 4849 1843 4915 γυναῖκα

227 4932 249 4985 ὁ
292 4932 528 5008 βασιλεὺς
586 4927 797 5004 σπουδῇ
858 4926 1140 4985 Βασιλείου
1194 4931 1290 4983 τοῦ
1345 4929 1843 5004 παρακοιμωμένου

227 5021 475 5100 Θεοδώραν
502 5024 601 5094 τὴν
649 5021 919 5097 θυγατέρα
956 5016 1361 5074 Κωνσταντίνου
1408 5022 1505 5073 106
1559 5024 1844 5095 Πορφυρο-

1942 3950 2371 4018 committeret;
2405 3950 2573 4022 cujus
2621 3951 2799 4022 jussu
2856 3951 3105 4010 clericus
3162 3954 3372 4024 factus,
3420 3961 3479 4013 et
3527 3958 3589 4013 in

1943 4038 2155 4097 Chium
2187 4038 2482 4112 relegatus
2528 4042 2637 4104 est,
2671 4038 2904 4097 Sclerus
2934 4040 2994 4097 in
3023 4043 3399 4101 Occidentem
3431 4063 3594 4104 revo-

1943 4131 2132 4184 catus.
2166 4127 2489 4199 Imperator
2516 4128 2712 4184 studio
2771 4129 2969 4186 Basilii
3015 4131 3272 4188 cubiculi
3302 4134 3600 4207 plepositi

1944 4216 2248 4273 Theodore
2306 4217 2676 4272 Constantini
2716 4219 3196 4294 Porphyrogeniti
3254 4222 3376 4280 ﬁlia
3422 4241 3601 4282 uxore

1946 4307 2143 4373 ducta,
2173 4322 2327 4361 anno
2357 4307 2614 4362 secundo
2664 4307 2919 4381 imperii,
2949 4327 3128 4369 verno
3172 4316 3435 4385 tempore
3465 4331 3601 4372 cum

1948 4394 2155 4452 multis
2179 4394 2530 4451 exercitibus
2562 4399 2619 4452 et
2647 4396 2835 4454 classe
2885 4398 3102 4457 illustri
3142 4401 3364 4458 bellum
3393 4403 3603 4460 Russis

1947 4484 2144 4555 infert,
2177 4485 2269 4541 cui
2330 4484 2483 4540 inter
2540 4486 2879 4544 abeundum
2937 4489 3283 4563 Scytharum
3334 4491 3600 4563 specula-

1948 4578 2130 4644 tores,
2161 4575 2560 4631 Romanorum
2592 4575 2742 4633 vires
2800 4578 3179 4651 exploraturi,
3211 4596 3314 4654 per
3342 4581 3600 4653 speciem

1949 4663 2260 4737 legationis
2289 4670 2707 4723 occurrerunt:
2742 4682 2891 4738 quos
2934 4668 3255 4741 imperator
3297 4684 3403 4724 cur
3431 4670 3599 4727 ades-

1952 4757 2083 4810 sent
2111 4769 2226 4808 non
2282 4752 2549 4825 ignarus,
2582 4770 2684 4825 per
2741 4756 2939 4813 omnia
2994 4763 3189 4814 castra
3236 4758 3601 4817 circumduci

1943 4841 2147 4915 jussit,
2180 4840 2364 4911 iisque
2394 4841 2765 4913 perlustratis
2796 4844 2972 4901 abire.
3011 4846 3299 4919 Digressis
3328 4847 3447 4905 illis
3476 4849 3604 4923 ipse

1952 4947 2087 4989 cum
2113 4930 2515 5004 expeditorum
2543 4931 2804 5005 quinque
2834 4938 2891 4989 et
2916 4934 3181 5008 equitum
3204 4941 3458 5010 quatuor
3478 4941 3607 4996 mil-

1954 5020 2110 5076 libus
2142 5023 2403 5086 secutus,
2436 5036 2504 5076 ex
2533 5019 2851 5094 improviso
2882 5024 2953 5080 ad
2986 5040 3263 5099 magnam
3304 5029 3605 5085 Persthla-

227 5115 471 5185 γεννήτου.
526 5114 673 5171 "Etet
733 5107 792 5166 δὲ
849 5106 1083 5184 δευτέρῳ
1147 5115 1247 5178 τῆς
1312 5106 1477 5163 αὐτοῦ
1543 5105 1841 5182 βασιλείας,

1953 5126 2086 5168 vam
2118 5109 2365 5177 accedit,
2398 5113 2458 5166 et
2506 5109 2723 5166 vallum
2771 5114 3136 5170 communit:
3165 5132 3294 5189 quas
3326 5134 3419 5174 res
3447 5119 3600 5174 Tau-

231 5196 359 5277 ῖαρος
426 5202 865 5278 erumpam“,
924 5197 1260 5275 ἐκοτρατεύει
1334 5197 1472 5254 κατᾶ
1541 5200 1650 5253 τῶν
1708 5197 1841 5260 Ῥὼς

1958 5198 2246 5271 roscythis
2276 5202 2558 5256 terrorem
2612 5199 2828 5257 attulit.
2878 5201 3193 5277 Calocyrus
3243 5210 3441 5264 autem
3498 5205 3602 5278 qui

1459 5377 1665 5443 Variae
1688 5376 1989 5442 lectiones
2030 5384 2093 5440 et
2129 5382 2320 5440 notae.

292 5541 518 5628 Ὦς
549 5540 678 5628 ἔξχῆ
728 5545 1028 5628 τμηθῆναι..
1061 5540 1208 5628 Nota
1261 5542 1404 5624 sunt
1452 5554 1580 5628 qua:
1624 5539 1695 5628 de
1741 5541 1854 5628 G9-

1961 5537 2247 5629 l’P‘FBEP:
2265 5539 2393 5629 732:.
2419 5541 2477 5629 ε*
2502 5538 2663 5629 .Will;
2685 5540 2940 5629 Tyrius,
2968 5543 3068 5626 κβ·
3114 5561 3191 5629 ιγν
3231 5561 3369 5629 ,εαρ-
3419 5546 3606 5629 θηεῖτλέ

238 5609 430 5688 del‘rido
481 5609 777 5673 Bnllibhed
824 5614 1030 5688 dicunt
1078 5611 1368 5688 historici,
1427 5609 1607 5683 atque
1659 5611 1719 5688 i_n
1768 5609 1854 5688 iis
1961 5609 2466 5688 sczl_icet_'ur_mm‘de
2496 5609 3089 5688 hostibqurotérvius
3136 5609 3606 5688 instantemtz'cct

235 5685 475 5747 Albertus
509 5687 825 5762 Aquensis,
856 5685 958 5742 lib.
990 5701 1078 5754 ιιι,
1112 5700 1238 5758 cap.
1271 5685 1343 5741 65
1370 5701 1385 5754 ;
1417 5689 1628 5742 Petrus
1659 5683 1848 5741 Tude-

519 5820 771 5879 ΡΑτιιοι..
823 5817 930 5877 Gn.
981 5814 1265 5877 CXXXV.

1961 5684 2133 5741 lorica
2164 5682 2422 5739 indutum
2449 5699 2546 5756 per
2572 5682 2815 5742 medium
2839 5688 3047 5756 divisa,
3078 5692 3187 5747 etc.

3237 5823 3272 5883 5
