4156 6214
544 355 660 415 139

1881 346 2209 411 JOANNIS
2254 347 2595 410 ZONAR/E

3858 360 3978 421 140

540 494 666 544 tum
696 485 780 542 ibi
808 490 953 559 erat,
985 487 1180 544 omnis
1226 487 1367 543 mali
1417 488 1640 553 auctor,
1672 481 1904 555 cognito
1935 482 2170 554 impera-

2300 478 2395 534 σὺν
2453 479 2815 557 στρατεύμασι
2873 481 3094 538 πλείοσι
3144 483 3235 539 καὶ
3294 481 3479 558 στόλῳ
3534 493 3848 563 περιφανεῖ,
3882 490 3978 547 καὶ

537 575 685 633 toris
719 576 971 633 adventu
1020 575 1081 632 in
1121 575 1448 632 Russorum
1478 578 1672 630 castra
1720 571 2002 644 confugit,
2037 586 2202 643 pra--

541 665 740 722 sentiae
772 664 932 720 illius
964 665 1239 720 nuntium
1263 664 1510 720 all‘erens
1538 682 1552 718 :
1576 678 1691 734 quo
1724 661 1831 717 etsi
1862 658 2190 732 perturbati

542 757 706 822 sunt,
763 759 960 810 tamen
1010 754 1184 824 juxta
1240 753 1534 809 Romanos
1590 755 1785 808 castra
1841 752 2183 822 posuerunt.

539 838 862 923 Imperator
906 867 1039 906 vero
1093 849 1488 905 Persthlavam
1538 850 1852 920 profectus,
1894 852 2056 903 extra
2085 862 2186 901 ur-

538 941 668 995 bem
693 938 923 994 circiter
944 943 1071 994 octo
1096 937 1282 994 millia
1303 937 1609 993 hominum
1635 953 1764 992 sese
1793 934 2185 992 exercentium

539 1027 938 1099 deprehendit,
971 1027 1074 1098 qui
1131 1027 1354 1096 impetu
1415 1028 1543 1097 ejus
1601 1025 1899 1098 paulisper
1946 1023 2186 1079 tolerato

535 1121 701 1188 terga
728 1115 1032 1170 dederunt.
1067 1115 1360 1187 Oppidani
1406 1114 1752 1186 arripientes
1782 1129 1966 1177 arma,
2001 1116 2066 1166 ut
2095 1126 2187 1166 res

536 1204 781 1274 ferebat,
814 1203 886 1258 ad
915 1219 1086 1274 opem
1115 1203 1415 1257 ferendam
1450 1201 1851 1274 popularibus,
1883 1201 2186 1270 incompo-

539 1294 652 1349 sito
685 1291 920 1364 agmine
949 1292 1240 1363 egressi,a
1272 1290 1549 1346 Romanis
1576 1291 1788 1362 partim
1820 1289 2184 1356 occiduntur,

539 1381 762 1454 partim
791 1379 852 1436 in
902 1382 1109 1435 urbem
1143 1397 1206 1436 se
1253 1381 1561 1451 recepturi,
1595 1379 1832 1447 obsepto
1889 1377 2186 1449 equitibus

538 1471 772 1540 itinere,
803 1469 862 1523 in
895 1485 1102 1540 campo
1149 1469 1420 1541 dissipati
1469 1473 1630 1536 sunt,
1665 1467 1796 1522 aliis
1836 1467 2022 1532 caesis,
2056 1464 2186 1520 aliis

542 1559 752 1631 captis.
785 1558 892 1624 Qui
926 1559 1082 1613 intra
1113 1558 1318 1612 urbem
1351 1562 1532 1623 erant,
1568 1556 1785 1612 clausis
1815 1555 2000 1627 portis
2049 1558 2188 1608 sunt

540 1648 790 1704 obsessi.
817 1647 1102 1702 Postridie
1125 1663 1258 1702 cum
1286 1645 1537 1702 Basilius
1559 1644 1810 1700 cubiculi
1841 1643 2185 1714 praepositus

541 1738 696 1794 212
745 1753 879 1792 cum
936 1740 1060 1792 toto
1109 1736 1365 1791 exercitu
1422 1735 1790 1790 advenisset:
1838 1734 2186 1804 imperatore

539 1826 1036 1900 oppugnationem
1054 1825 1461 1882 vehementius
1479 1821 1990 1896 urgente,quidam
2011 1820 2186 1876 scalis

541 1931 862 1973 conscenso
894 1931 1059 1970 muro
1092 1915 1377 1970 Barbaros
1416 1912 1643 1985 aliquot
1684 1911 2076 1983 deprehensos
2106 1908 2186 1964 ibi

540 2005 898 2075 ceciderunt,
931 2003 1266 2075 apertisque
1296 2003 1480 2075 portis
1509 2000 1787 2057 exercitui
1835 1999 2065 2055 facilem
2096 1998 2186 2053 in-

539 2111 811 2167 gressum
861 2093 1278 2164 patefecerunt.
1314 2091 1647 2147 Persthlava
1699 2089 1781 2145 sic
1837 2090 2182 2160 expugnata,

538 2192 771 2248 Borises
803 2206 1034 2264 quoque
1067 2189 1452 2261 Bnlgarorum
1486 2205 1583 2245 rex
1613 2192 1818 2260 captus
1867 2190 1974 2252 est,
2008 2201 2182 2257 quem

533 2297 668 2336 cum
703 2281 979 2337 omnibus
1003 2278 1267 2350 Bulgaria
1285 2279 1603 2351 imperator
1623 2276 1959 2332 humaniter
1976 2279 2184 2330 tracta-

530 2375 661 2427 tum
694 2369 939 2425 dimisit.
973 2368 1236 2442 Negabat
1291 2367 1447 2422 enim
1480 2383 1541 2423 se
1599 2365 1863 2438 Bulgaria
1906 2363 2181 2420 intulisse

530 2459 775 2525 bellum,
808 2459 908 2514 sed
943 2458 1172 2514 Russis.
1209 2457 1354 2512 Cum
1403 2460 1598 2512 autem
1659 2453 1827 2510 multi
1865 2452 2087 2525 Scythae
2118 2453 2177 2507 in

530 2548 922 2605 munitionem
947 2547 1266 2618 quamdam
1290 2544 2175 2615 confugissent,imperatoream

530 2653 765 2710 quoque
784 2635 1044 2691 exscindi
1069 2635 1272 2705 jussit.
1306 2635 1453 2698 Quia
1483 2649 1616 2688 vero
1648 2632 1861 2686 milites
1891 2648 1924 2686 a
1952 2631 2177 2685 dilﬁcili

529 2727 603 2781 ob
641 2724 823 2780 situm
853 2722 964 2779 loci
995 2722 1432 2794 oppugnatione
1457 2721 1772 2776 abhorrere
1791 2719 2176 2789 videbat,ipse

525 2813 757 2886 primus
788 2811 1096 2868 castellum
1128 2811 1305 2882 pedes
1337 2811 1602 2876 adortus,
1631 2809 1820 2864 eti‘ecit
1862 2813 1928 2863 ut
1958 2807 2175 2863 milites

525 2919 594 2959 ex
646 2900 1001 2958 verecundia
1056 2900 1263 2968 secuti,
1296 2903 1464 2971 capto
1518 2897 1775 2964 castello,
1812 2897 1956 2952 alios
1995 2897 2175 2951 caede-

523 2995 672 3060 rent,
707 2990 853 3047 alios
882 2995 1175 3062 caperent.
1209 2988 1346 3044 Urbi
1396 2987 1744 3043 Persthlavas
1791 2985 1985 3041 valido
2024 3002 2173 3058 pras-

520 3081 673 3138 sidio
705 3079 1002 3151 imposito,
1027 3078 1420 3143 Dorostolum,
1442 3094 1570 3149 quas
1600 3082 1658 3132 et
1691 3076 1914 3131 Dristra
1934 3075 2168 3145 dicitur,

2296 567 2511 626 ἀπιόντι
2601 575 2936 626 συναντῶσιν
2992 571 3142 645 αὐτῷ
3201 568 3531 649 πρεσϐευταῖ
3617 573 3779 646 δῆθεν
3859 578 3974 636 τῶν

2298 663 2542 722 Σκυθῶν·
2577 660 2627 714 οἱ
2686 657 2744 715 δὲ
2798 664 3144 737 κατοπτῆρες
3200 662 3337 732 ἦσαν
3386 663 3480 718 καὶ
3525 670 3631 735 τῆς
3687 671 3799 722 τῶν
3831 669 3974 726 Ῥω-

2300 747 2472 820 μαίων
2529 748 2720 825 ἰσχύος
2778 751 3194 821 κατάσκοποι,ὃ
3249 748 3375 807 οὐδὲ
3411 752 3504 808 τὸν
3567 753 3801 830 βασιλέα
3861 756 3976 814 διέ-

2297 833 2446 892 λαθε.
2507 837 2813 912 Προστάξας
2873 837 2964 894 οὖν
2992 848 3363 917 περιαχθῆναι
3422 841 3622 905 αὐτοὺς
3674 848 3814 901 κατά
3861 853 3975 904 πᾶν

2293 935 2357 988 τὸ
2403 933 2794 1009 στρατόπεδον,
2846 936 2937 991 καὶ
3013 941 3175 993 τοῦτο
3260 945 3624 1014 καταμαθεῖν,
3682 943 3972 1002 ἐκέλευσεν

2296 1021 2752 1088 ἀπαλλάττεσθαι.
2806 1025 3060 1081 Ἐκείνων
3148 1025 3207 1082 δὲ
3279 1027 3579 1100 ἀπιόντων,
3635 1033 3731 1086 καὶ
3807 1033 3976 1098 αὐτὸς

2297 1112 2563 1181 εὐζώνους
2610 1109 2946 1187 παραλαϐὼτ
2995 1115 3190 1185 πεζοὺς
3237 1115 3292 1180 ἐς
3337 1116 3603 1194 χιλιάδας
3660 1120 3842 1191 πέντε,
3876 1125 3974 1179 καὶ

2295 1200 2529 1264 ἱππότας
2630 1204 3127 1278 τετρακισχιλίους,
3214 1206 3394 1261 ὀπίσω
3481 1212 3590 1263 τῶν
3683 1207 3971 1283 πρέσϐεων

2296 1291 2483 1364 ἀπῄει,
2542 1291 2630 1346 καὶ
2687 1291 2880 1365 ἀθρόον
2940 1292 3096 1370 ἐγγὺς
3147 1301 3250 1365 τῆς
3301 1295 3553 1372 μεγάλης
3610 1297 3974 1374 Περσθλάϐας

2293 1379 2639 1453 γίνεται,καῖ
2700 1380 2963 1456 βάλλεται
3021 1387 3258 1458 χάρακα,
3308 1385 3338 1439 ὃ
3396 1384 3527 1448 τοὺς
3580 1391 3978 1465 Ταυροσκύθας

2297 1467 2374 1529 εἰς
2421 1467 2731 1543 ἀμηχανίαν
2787 1465 3022 1529 ἐνέϐαλε.
3072 1469 3403 1548 Καλοκύρης
3446 1471 3505 1528 δὶ
3555 1475 3584 1528 6
3616 1481 3725 1531 τῶν
3780 1484 3974 1534 κακῶν

2294 1558 2670 1632 πρωτουργὸς,
2705 1557 2817 1612 ἐκεῖ
2861 1559 2985 1613 τότε
3034 1560 3246 1633 παρὼν,
3291 1561 3383 1616 καὶ
3439 1562 3603 1638 γνοὺς
3662 1566 3756 1620 τὸν
3815 1568 3977 1642 βασι-

2295 1643 2394 1699 λέα
2448 1645 2914 1731 παραγενόμενον,
2965 1648 3104 1719 πρὸς
3177 1650 3278 1718 τὴν
3346 1654 3460 1705 τῶν
3535 1653 3675 1716 Ῥὼς
3751 1655 3972 1731 ἀπέδρα

2293 1728 2680 1808 παρεμϐολὴν,
2734 1737 2823 1812 ἀφ’
2882 1733 2945 1790 οὗ
3000 1737 3100 1805 τήν
3169 1743 3268 1792 τοῦ
3329 1740 3602 1814 βασιλέως
3651 1728 3968 1818 παρουσίαν

2215 1861 2264 1926 Β
2299 1822 2578 1926 μαρόντες,
2644 1819 3056 1926 ἐτεθορύέηντο,
3113 1824 3269 1926 ὅμως
3309 1827 3515 1926 ,μέντοι
3572 1851 3968 1909 παραστρατο-

2293 1910 2604 1966 πεδεύονται
2663 1919 2780 1976 τοῖς
2836 1914 3152 1987 Ῥωμαίοις.
3185 1916 3255 1972 Οἱ
3305 1914 3363 1971 δὲ
3408 1918 3535 1992 περὶ
3582 1921 3677 1975 τὸν
3727 1923 3968 1997 βασιλέα

2296 1999 2674 2087 ἐλθόντεςᾼεῗς
2727 2003 2789 2056 τὸ
2842 2009 2942 2072 τῆς
3002 1999 3353 2079 Περσθλάϐας
3399 2003 3552 2076 ἄστυ,
3587 2012 3664 2072 ὼς
3718 2009 3966 2087 εἴρηται,

2292 2084 2802 2163 καταλαμϐάνουσιν
2857 2091 3011 2155 ἐκτὸς
3055 2092 3505 2167 γυμναζομένους
3563 2098 3640 2160 ὡς
3707 2084 3968 2158 ὀκτακισζ

2293 2178 2538 2254 χιλίους,
2614 2177 2881 2241 κάκείνοις
2969 2179 3273 2253 συνέμιξαν.
3343 2183 3411 2239 Οἱ
3497 2181 3555 2239 δὲ
3636 2188 3779 2264 πρὸς
3858 2191 3960 2264 μὶν

2296 2265 2480 2343 ὀλίγον
2540 2265 2824 2343 ἀντέσχον,
2881 2267 2995 2323 εἶτα
3067 2273 3210 2324 νῶτα
3292 2271 3618 2346 στρέψαντες
3701 2275 3959 2356 ἔφευγον.

2291 2365 2394 2421 Καὶ
2451 2366 2504 2419 oi
2559 2365 2727 2433 ἐντὸς,
2789 2366 2864 2428 ὡς
2937 2363 3164 2429 ἕκαστος
3239 2365 3500 2438 ἠδύνατο,
3557 2373 3960 2449 ὁπλισάμενοι,

2289 2452 2740 2530 ἐπικουρήσοντες
2792 2458 2907 2516 τοῖς
2967 2453 3276 2529 ὁμοφύλοις
3341 2455 3584 2532 ἐξῄεσαν,
3645 2464 3736 2517 καὶ
3793 2466 3962 2521 ἀσυν-

2285 2542 2496 2604 τάκτως
2579 2543 2767 2604 αὐτοῖς
2845 2547 3145 2618 χωροῦσιν,
3205 2545 3624 2616 ὑπαντιάζοντες
3699 2553 3752 2607 οἱ
3813 2557 3958 2611 Ῥω-

2291 2637 2442 2704 μαῖοι
2499 2630 2732 2707 ἀνῄρουν
2787 2630 3057 2700 πολλοὺς,
3091 2633 3149 2686 οἱ
3207 2629 3266 2688 δὲ
3317 2633 3396 2700 εἷς
3435 2637 3536 2707 τήν
3570 2634 3736 2695 πὸλιν
3791 2641 3956 2709 αὖθις

2285 2719 2724 2784 ἀνθυπενόστουν.
2779 2719 2934 2777 Ἀλλ’
2991 2721 3202 2776 ἱππέων
3270 2728 3436 2779 τινῶν
3495 2724 3954 2804 ἐξιππασαμένων

2284 2809 2592 2883 Ῥωμαίων,
2624 2809 2712 2864 καὶ
2751 2810 2850 2879 τήν
2901 2808 2976 2873 εἷς
3025 2809 3349 2897 τήν-πόλιν
3395 2813 3711 2892 ἀπάγουσαν
3774 2821 3956 2897 ἀτρα-

2282 2898 2383 2953 πὸν
2419 2897 2884 2974 ἐπιτειχισάντων,
2918 2899 2971 2954 οἳ
3020 2894 3298 2976 Βάρϐαροι
3349 2903 3450 2958 ἀνὰ
3495 2906 3588 2960 τὸν
3637 2906 3795 2972 ἐκτὸς
3844 2894 3955 2968 ⁷τοῦ

2282 2988 2469 3050 ἄστεος
2522 2993 2708 3064 χῶρον
2767 2985 3098 3056 ἐσκίδναντο,
3133 2987 3259 3054 ἔνθα
3308 2992 3360 3045 οἱ
3422 2994 3518 3066 μὲν
3580 2994 3953 3074 ἐζωγροῦντο,

2281 3078 2332 3131 οἱ
2381 3074 2440 3131 δὲ
2495 3075 2588 3131 καὶ
2635 3074 2954 3145 ἐκτείνοντο,
2985 3077 3036 3132 oi
3084 3077 3133 3132 δ’
3179 3077 3232 3133 ἐν
3280 3083 3350 3154 τῇ
3399 3080 3558 3138 πόλει
3603 3087 3702 3149 τὰς
3761 3088 3951 3156 πύλας

517 3169 687 3243 petit,
721 3168 820 3224 ubi
854 3166 1402 3240 Sphendosthlavus
1436 3167 1757 3222 Russorum
1810 3165 1927 3220 dux
1977 3169 2170 3221 castra

2279 3165 2610 3238 κλείσαντες,
2677 3165 3122 3241 ἐπολιορκοῦντο.
3173 3171 3249 3242 Τῇ
3312 3167 3359 3224 δ’
3418 3170 3542 3242 έξῆς
3595 3178 3694 3228 τοῦ
3761 3197 3952 3243 παρα.

515 3226 789 3320 habebat,
822 3226 996 3325 atque
1025 3253 1215 3310 obiter
1243 3253 1532 3326 quasdam
1564 3253 1741 3308 urbes
1775 3252 1930 3323 capit
1958 3257 2015 3306 et
2045 3268 2167 3307 cas-

2279 3226 2630 3329 κοιμωμένου
2696 3226 2983 3311 Βασιλέίου
3057 3255 3193 3328 μετὰ
3225 3226 3468 3329 ..πάσηςῖ

509 3345 651 3418 tella
681 3343 972 3402 vastat.Ut
998 3343 1054 3398 in
1088 3343 1347 3398 hostium
1379 3346 1756 3414 conspectum
1786 3345 2024 3395 ventum
2049 3346 2159 3407 est,

509 3436 680 3492 ambo
710 3433 1001 3490 exercitus
1032 3433 1234 3489 statim
1258 3433 1860 3505 congressi,magnam
1891 3430 2003 3485 diei
2026 3446 2159 3501 par-

510 3529 631 3582 tem
662 3541 828 3596 εει]υο
879 3527 1066 3579 marte
1122 3525 1546 3594 pugnaverunt,
1605 3520 1789 3576 donec
1819 3519 1930 3576 sub
1960 3534 2160 3591 crepu-

505 3615 736 3673 sculum
797 3613 972 3669 Russi
1030 3611 1332 3684 defatigati
1393 3611 1452 3666 in
1511 3612 1711 3682 fugam
1758 3608 2153 3664 inclinarunt:

500 3712 901 3784 Romanisque
930 3709 1445 3783 persequentibus,
1478 3707 1647 3764 multi
1677 3706 1811 3764 caesi
1857 3711 2015 3776 sunt,
2049 3723 2153 3763 nec

497 3803 804 3877 pauciores
831 3800 1023 3872 capti:
1056 3799 1247 3855 caeteri
1284 3797 1653 3854 Dorostolum
1685 3813 1748 3853 se
1787 3801 2150 3868 receperunt.

493 3895 822 3964 Imperator
849 3905 983 3944 vero
1036 3887 1190 3943 vallo
1240 3892 1374 3943 ante
1425 3887 1632 3942 urbem
1679 3886 1945 3951 excitato,
1977 3884 2150 3940 trire-

496 3998 623 4038 mes
653 3997 780 4052 quae
829 3979 1044 4034 Istrum
1093 3981 1400 4032 tuerentur
1437 3976 1830 4049 exspectabat,
1862 3990 1934 4030 ne
1974 3979 2148 4045 Russi

496 4070 864 4143 aufugerent.
897 4065 1446 4139 Sphendosthlavus
1477 4069 1671 4121 autem
1706 4081 1853 4136 quos
1893 4063 2146 4121 habebat

492 4157 800 4231 Bulgaros,
845 4156 946 4229 qui
995 4156 1068 4211 ad
1117 4155 1326 4228 viginti
1372 4153 1563 4210 millia
1619 4170 1749 4209 esse
1778 4153 2142 4222 dicebantur,

2271 3343 2547 3432 ἐλθόντος,
2598 3341 3061 3432 ἐρρωμενέστερον
3195 3345 3453 3421 βασιλεὺς
3508 3353 3580 3425 τῇ
3639 3352 3950 3432 πολιορκίᾳ

2269 3431 2668 3522 ἐπικεχείρηκε,
2723 3431 2814 3486 καί
2853 3452 2992 3522 τινες
3043 3430 3132 3488 διὰ
3178 3432 3466 3509 κλιμάκων
3518 3438 3596 3502 εἷς
3649 3443 3713 3497 τὸ
3742 3430 3943 3522 τεῖχος

2269 3517 2653 3592 ἀναϐεϐήκασι,
2686 3521 2776 3576 καὶ
2829 3521 2959 3585 τοὺς
3013 3522 3125 3577 ἐκεῖ
3175 3528 3284 3578 τῶν
3337 3522 3640 3604 Βαρϐάρων
3681 3517 3940 3607 καταλνη-

2267 3613 2492 3690 φθέντας
2549 3611 2915 3686 συγκόψαντες
2991 3612 3163 3690 ξίφεσι
3247 3612 3341 3676 τὰς
3415 3615 3596 3680 πύλας
3670 3619 3934 3697 ἀνέῳξαν,

2264 3701 2353 3756 καὶ
2518 3701 2810 3788 ῨῬωμαϊκῇ
2868 3705 3090 3776 στρατιᾷ
3167 3701 3311 3777 πάσῃ
3396 3701 3586 3779 ῥᾳδίαν
3646 3709 3930 3788 παρέσχον

2259 3790 2358 3859 τήν
2394 3787 2624 3846 ε’ίσοδον.
2657 3790 2759 3845 Καὶ
2804 3788 2946 3845 οὕτω
2989 3790 3082 3863 μὲν
3112 3792 3176 3846 τὸ
3218 3798 3318 3862 τῆς
3360 3792 3715 3870 Ιῐερσθλάόας
3763 3787 3929 3857 ἅσ-έυ-

2259 3879 2552 3952 Ῥωμαίοις
2637 3879 2865 3948 κατέστη
2949 3878 3258 3953 ἁλώσιμον,
3342 3879 3467 3946 ἔνθα
3539 3886 3630 3939 καὶ
3709 3889 3738 3943 ὁ
3812 3895 3927 3948 τῶν

2258 3966 2591 4044 Βουλγάρων
2654 3967 2909 4045 βασιλεὺς
2970 3969 2998 4023 6
3057 3967 3299 4044 Βορίσης
3344 3969 3512 4041 ἐάλω,
3548 3973 3594 4046 ᾧ
3632 3977 3724 4030 καὶ
3788 3985 3925 4036 πᾶσι

2254 4062 2370 4119 τοῖς
2415 4055 2752 4133 Βουλγάροις
2802 4056 3056 4120 ἐπιεικῶς
3111 4058 3139 4112 6
3199 4057 3553 4138 αὐτοκράτωρ
3611 4062 3920 4142 ἐχρήσατο,

2253 4144 2473 4210 ἀνέτους
2526 4145 2721 4209 αὐτοὺς
2781 4145 2974 4224 ἀφιεὶς,
3009 4147 3073 4202 ού
3130 4145 3268 4202 κατά
3314 4147 3674 4226 Βουλγάρων,
3712 4153 3919 4231 λέγων,

486 4249 548 4304 in
598 4247 832 4303 vincula
890 4245 1202 4318 compegit,
1243 4244 1464 4301 veritus
1520 4261 1591 4300 ne
1647 4243 1736 4298 vel
1797 4242 2141 4300 seditionem

2279 4256 2476 4319 ιρασθαι
2535 4243 2701 4314 ὅπλα,
2760 4245 2899 4300 κατά
2953 4242 3010 4300 δέ
3073 4266 3137 4320 γε
3185 4245 3296 4300 τῶν
3356 4245 3514 4310 Ῥώς.
3574 4247 3813 4307 Πολλῶν
3859 4253 3920 4311 δί

485 4340 803 4404 moverent,
835 4335 924 4390 vel
953 4335 1024 4390 ad
1055 4339 1348 4390 Romanos
1381 4335 1712 4391 deficerent.
1745 4337 1887 4388 Cum
1933 4332 2138 4389 classis

2279 4338 2472 4399 Σκυθῶν
2533 4333 2610 4397 εἷς
2669 4332 2942 4410 ὀχύρωμά
2990 4355 3042 4388 τι
3096 4335 3642 4412 προσπεφευγόντων,
3702 4338 3913 4412 ἐξελεῖν

482 4429 736 4499 adesset,
797 4425 1003 4481 urbem
1067 4428 1373 4497 oppugnat
1429 4423 1774 4495 imperator,
1833 4423 1905 4477 ad
1961 4439 2134 4494 quem

2284 4421 2334 4477 αἱ
2381 4427 2544 4478 τοῦτο
2591 4423 2620 4478 6
2669 4421 2922 4499 βασιλεὺς
2991 4420 3288 4480 ἐκέλευσεν.
3341 4424 3411 4482 Οἱ
3463 4421 3522 4479 δὲ
3578 4433 3912 4501 στρατιῶται

479 4516 826 4577 Constantia
884 4518 941 4570 et
999 4531 1066 4570 ex
1122 4514 1257 4570 aliis
1314 4512 1567 4570 castellis
1621 4512 1799 4585 legati
1828 4515 2132 4580 venerunt,

2283 4512 2334 4565 Lai
2393 4512 2456 4568 τὸ
2513 4515 2608 4567 τοῦ
2658 4511 2828 4566 τόπου
2886 4507 3197 4566 δυσάλωτον
3256 4512 3391 4582 ἦσαν
3455 4514 3790 4591 ἀπρόθυμοι.
3834 4523 3909 4578 "0

473 4607 706 4666 veniam
765 4607 1051 4680 petentes,
1095 4620 1162 4659 ac
1219 4603 1568 4675 semetipsos
1625 4606 1684 4657 et
1735 4599 1973 4657 castella
2031 4595 2170 4660 de-l

2279 4600 2403 4664 νοὺς
2462 4602 2490 4656 ὁ
2547 4602 2828 4671 Ἰωάννης,
2883 4599 3044 4663 αὐτὸς
3118 4602 3224 4674 πρὸ
3299 4606 3408 4657 τῶν
3486 4600 3675 4659 ἄλλων
3737 4610 3910 4678 πεζὸς

473 4700 695 4755 dentes.
757 4695 985 4761 Quibus
1045 4693 1292 4748 Romani
1366 4691 1644 4764 acceptis,
1712 4691 1772 4764 in
1840 4687 2130 4746 Dorostoli

2279 4689 2401 4764 πῄει
2445 4692 2582 4766 πρὸς
2632 4689 2695 4745 τὸ
2743 4688 3034 4765 ὀχύρωμα,
3066 4690 3156 4744 καὶ
3215 4688 3359 4746 οὕτω
3407 4690 3725 4757 καταιδᾶσας
3775 4697 3909 4762 τοὺς

473 4787 778 4845 obsidione
799 4785 925 4840 dies
948 4781 1283 4855 complures
1316 4787 1456 4838 sunt
1486 4779 2128 4847 commorati,Barbaris

2279 4781 2592 4856 τρατιώτας,
2650 4776 2808 4855 ἔσχεν
2874 4778 3172 4854 ἑπομένους
3247 4781 3414 4854 αὐτῷ,
3473 4783 3561 4837 καὶ
3628 4783 3756 4853 ἥλω
3834 4789 3903 4843 τὸ

473 4877 700 4932 fortiter
758 4891 885 4930 sese
945 4872 1428 4928 defendentibus.
1469 4872 1610 4928 Cum
1668 4875 1863 4926 autem
1907 4869 2125 4926 crebris

471 4962 689 5038 prmliis
722 4961 896 5018 multi
927 4961 1393 5034 vulnerarentur,
1427 4966 1484 5017 et
1523 4962 1650 5032 jam
1683 4975 1916 5016 annona
1943 4957 2123 5014 desti-

469 5056 799 5120 tuerentur,
852 5054 1152 5123 cmperunt
1200 5049 1390 5124 frangi
1443 5050 1692 5106 animis:
1729 5065 1862 5104 cum
1893 5045 2119 5119 Sphen-

467 5141 812 5202 dosthlavus
843 5145 1010 5196 nocte
1039 5140 1205 5196 illum
1238 5144 1295 5196 et
1341 5144 1765 5212 tempestuosa,
1799 5152 1934 5192 cum
1978 5136 2120 5193 viris

465 5233 694 5290 circiter
720 5231 812 5287 bis
843 5229 1001 5285 mille
1035 5229 1090 5283 in
1126 5229 1412 5286 trabarias
1462 5227 1752 5302 impositis
1796 5228 2117 5282 frumenta-

2279 5228 2461 5302 ρίστρα
2505 5224 2777 5296 καλεῖται,
2827 5227 2916 5281 καί
2961 5249 3114 5290 τινας
3156 5226 3346 5292 πόλεις
3409 5230 3548 5287 ἐλὼν
3600 5231 3739 5287 κατὰ
3786 5233 3895 5288 πά-

462 5328 592 5382 tum
624 5322 788 5390 abiit,
821 5323 878 5376 et
919 5319 1089 5374 rebus
1135 5319 1482 5376 necessariis
1531 5316 1864 5390 conquisiti.
1887 5359 1905 5387 ,
1937 5316 2114 5372 Doro-

2279 5313 2413 5388 ›δον,
2469 5316 2558 5372 καὶ
2636 5315 2868 5395 φρούρια
2933 5315 3300 5394 ἐκπορθήσας,
3360 5319 3580 5399 ἐφθάκει
3636 5322 3774 5396 πρὸς
3821 5324 3893 5378 τὸ

460 5413 680 5472 stolum
714 5409 942 5468 reddit:
976 5413 1372 5464 Romanorum
1407 5409 1633 5480 aliquot
1667 5405 1978 5474 ministris,
2011 5415 2113 5478 qui

2279 5406 2590 5481 >ρὸστολον.
2622 5408 2721 5463 Ἠν
2756 5405 2812 5461 δὲ
2843 5405 2982 5482 πρός
3029 5414 3127 5478 τῆς
3174 5407 3395 5473 πόλεως
3438 5409 3642 5480 ταύτης
3701 5411 3894 5487 ἐστρα-

458 5513 520 5569 in
555 5512 682 5584 ripa
707 5509 993 5578 ﬂuminis,
1027 5506 1162 5564 aliis
1211 5512 1384 5579 atque
1433 5507 1565 5564 aliis
1597 5509 1666 5563 de
1708 5504 1904 5561 causis
1932 5520 2108 5575 vaga-

2279 5494 2558 5560 ιπεδευκὼς
2605 5497 2632 5552 ὁ
2681 5501 2789 5552 τῶν
2822 5497 2960 5560 Ῥὼς
3017 5497 3266 5576 ἀρχηγὸς
3325 5501 3353 5554 6
3414 5495 3887 5579 Σφενδόσθλαῦος.

454 5602 692 5671 bantur,
724 5613 1008 5656 exscensu
1063 5597 1214 5652 facto
1271 5595 1612 5654 interfectis.
1676 5595 1757 5652 Ea
1814 5610 1906 5650 res
1963 5593 2105 5649 adeo

2279 5617 2301 5660 ς
2357 5594 2449 5650 οὖν
2507 5593 2647 5651 εἶδον
2724 5592 2976 5666 ἀλλήλας
3033 5597 3088 5651 αἱ
3146 5600 3412 5673 στρατιαὶ,
3474 5597 3883 5675 συνερράγησαν

453 5688 703 5747 molesta
756 5689 908 5744 218
939 5686 1050 5743 fuit
1084 5685 1444 5757 imperatori,
1479 5690 1542 5741 ut
1570 5683 1780 5742 classis
1813 5682 2104 5756 praefectis

2279 5685 2296 5733 τ’
2348 5684 2622 5759 ἀλλήλαις
2681 5684 2856 5757 εὐθὺς,
2915 5684 3004 5741 καὶ
3056 5687 3118 5741 τὸ
3179 5686 3274 5762 μὶν
3330 5687 3474 5745 πολὺ
3546 5694 3647 5759 τῆς
3702 5687 3884 5765 ἡμέρ-

2235 4868 2516 4948 φρούριον,
2575 4869 2666 4924 καὶ
2736 4873 2843 4924 τῶν
2903 4866 2955 4924 ἐν
3012 4868 3156 4942 αύτῷ
3214 4871 3264 4925 οἳ
3328 4871 3421 4945 μὲν
3500 4869 3900 4950 διεφθάρησαν,

2234 4955 2367 5014 ἔνιοι
2422 4957 2478 5014 δὲ
2533 4959 2623 5014 καὶ
2681 4956 2886 5013 ἀλωτοὶ
2916 4957 3208 5031 Ῥωμαίοις
3250 4957 3519 5034 ἐγένοντο.
3553 4961 3748 5035 Τούτῳ
3794 4965 3898 5037 μὲν

2233 5046 2323 5102 οὖν
2371 5052 2450 5121 τῷ
2499 5047 2643 5103 ἄστει
2692 5045 2928 5127 φρουρὰν
2985 5045 3368 5125 ἐγκατέστησεν
3415 5051 3442 5105 6
3493 5049 3754 5126 βασιλεὺς
3798 5053 3899 5126 ἀξ-

2233 5136 2492 5211 ιόμαχον,
2523 5135 2726 5201 ἐκεῖνος
2756 5134 2812 5192 δὲ
2843 5136 3006 5212 ἀπῄει
3040 5139 3178 5214 πρὸς
3226 5139 3287 5194 τὸ
3333 5139 3700 5215 Δορόστολσν,
3731 5141 3761 5198 ὃ
3798 5143 3897 5200 καὶ
