4156 6214
428 378 553 438 143

1789 369 2117 436 JOANNIS
2161 371 2366 431 ZONA
2380 371 2508 432 RE

3743 378 3861 438 144

432 510 600 584 giosa
629 513 686 566 et
717 510 1004 576 modesta,
1039 509 1225 581 pridie
1275 509 1434 566 illius
1494 523 1700 582 pugna:
1745 509 1806 564 in
1856 506 2083 563 somnis

2200 504 2462 576 μήκεσαν,
2521 501 2649 558 ἀλλ’
2698 503 2764 573 ἦν
2826 501 3003 574 έκείνη
3064 502 3250 567 αὐτοῖς
3307 504 3407 560 οὐκ
3437 505 3682 578 εἰσιτητή
3718 506 3857 580 (ἤδη

436 604 700 656 sanctam
747 599 1058 671 Deiparam
1109 599 1264 654 214
1314 599 1624 669 procedere
1674 613 1810 653 eum
1869 609 2083 668 magno

437 689 715 746 comitatu
746 687 940 742 videre
970 687 1096 742 visa
1124 691 1236 750 est.
1267 703 1333 742 ac
1364 687 1558 742 dicere
1585 703 1598 742 :
1632 687 1864 741 Domine
1914 685 2082 740 Theo-

436 778 588 848 dore,
620 793 791 847 meus,
816 780 867 831 et
896 779 1022 832 tuus
1049 777 1284 846 Jognncs
1311 779 1505 846 gravia
1532 777 1765 831 sustinet
1798 791 1810 828 :
1854 789 2086 846 propere

442 869 625 937 igitur
653 866 746 920 illi
763 880 915 936 opem
947 870 1105 933 ferto.
1133 865 1191 919 Id
1229 864 1527 920 somnium
1570 863 1671 919 illa
1727 863 2084 935 quibusdam

445 955 702 1028 aperuit,
754 953 855 1026 qui
907 953 1002 1009 die
1041 957 1242 1008 notato
1301 958 1732 1026 compererunt,
1785 952 1842 1006 id
1900 952 2087 1024 pridie

437 1048 743 1116 postremae
802 1058 1012 1114 pugna
1057 1043 1396 1115 contigisse.
1457 1043 1782 1113 Imperator
1829 1057 1975 1096 νει-ου
2024 1046 2087 1095 υι

437 1131 680 1204 martyri
735 1149 838 1204 pro
891 1136 1098 1186 navata
1157 1147 1335 1202 opera
1391 1131 1641 1203 gratiam
1679 1131 1939 1197 referret,
1971 1128 2085 1184 ele-

437 1221 853 1292 gantissimum
885 1221 935 1276 ei
966 1219 1253 1291 templum
1288 1220 1596 1274 Eucbanie
1627 1219 1746 1274 sive
1795 1219 2086 1274 Euchaitze

435 1309 669 1378 struxit,
699 1313 892 1364 vetere
925 1308 1141 1378 diruto,
1175 1309 1231 1362 in
1265 1311 1397 1379 quo!
1426 1325 1638 1379 corpus
1695 1307 1821 1376 ejus
1881 1306 2088 1362 multis

444 1396 865 1454 certaminibus
894 1397 1235 1452 defunctum
1269 1396 1589 1466 repositum
1625 1402 1831 1464 erat,et
1859 1396 2087 1462 urbem,

439 1491 629 1542 vetere
661 1486 897 1542 nomine
949 1485 1186 1555 abolito,
1241 1485 1720 1557 Theodoropolim
1756 1483 2083 1556 appellavit.

439 1577 513 1631 At
539 1575 825 1631 barbarus
856 1574 1358 1645 Sphendostlavus
1408 1575 1668 1645 undique
1727 1575 2088 1645 desperatus,

441 1681 544 1736 per
571 1664 794 1736 legatos
824 1663 1055 1718 veniam
1089 1664 1159 1717 ab
1209 1663 1565 1735 imperatore
1615 1663 1805 1734 petiit,
1862 1679 1929 1717 ac
1984 1663 2088 1718 do-

439 1770 602 1809 mum
626 1752 908 1809 redeundi
939 1751 1298 1818 facultatem,
1340 1757 1396 1807 et
1442 1751 1637 1807 locum
1689 1751 1841 1806 inter
1888 1752 2092 1806 Roma-

440 1858 652 1899 norum
685 1841 999 1897 fciederatos
1017 1846 1073 1896 et
1093 1839 1342 1896 liberum
1366 1839 1781 1913 Tauroscythis
1803 1840 1861 1894 in
1886 1840 2094 1894 Roma-

447 1947 658 1987 norum
693 1929 1010 2001 provinciis
1025 1929 1443 1985 commercium
1456 1930 1613 1993 .Ouae
1626 1945 1757 1984 cum
1772 1928 2096 1999 imperator

441 2019 645 2076 omnia
674 2018 1079 2085 concessisset,
1111 2017 1590 2089 Splendostlavus
1624 2019 1749 2090 ipse
1767 2034 1900 2073 eum
1930 2017 2096 2086 adiit,

446 2125 622 2164 orans
641 2112 705 2163 ut
735 2123 868 2163 cum
895 2106 1218 2163 Patzinac-is
1249 2113 1462 2177 ageret,
1497 2111 1563 2162 ut
1609 2107 1816 2162 Russis
1853 2106 2098 2161 domum

436 2195 717 2254 redituris
747 2212 851 2268 per
878 2211 1046 2252 suam
1081 2195 1438 2266 provinciam
1492 2195 1809 2251 transitum
1868 2194 2095 2249 darent.

437 2288 764 2358 Imperator
792 2301 926 2340 cum
955 2289 1011 2340 et
1065 2285 1170 2339 hoc
1202 2289 1260 2340 et
1320 2283 1454 2340 belli
1504 2284 1866 2354 societatem,
1918 2287 2096 2352 atque

438 2375 586 2431 illud
618 2374 793 2429 etiam
825 2374 897 2429 ab
941 2372 1026 2430 eis
1056 2373 1342 2445 petiisset,
1375 2389 1447 2429 ne
1479 2375 1626 2429 Istro
1665 2373 1909 2444 trajecta
1966 2369 2100 2424 Bul-

440 2463 666 2536 gariam
695 2466 1032 2518 vastarent:
1054 2463 1373 2518 Patzinacae
1404 2462 1629 2518 caeteris
1674 2461 1901 2517 assensi
1933 2464 2094 2516 tran-

441 2551 593 2606 itum
620 2551 939 2606 Bassorum
987 2551 1228 2605 dutaxat
1253 2556 1562 2621 negarunt.

2123 1893 2171 1956 B

2197 592 2300 668 γάρ
2331 594 2479 668 παρά
2532 596 2630 648 τοῦ
2689 589 2948 669 Σκληροῦ
2974 591 3372 650 ἀποκέκλειστο
3433 597 3468 665 ἠ
3539 596 3616 659 είς
3657 598 3866 670 ταύτην

2194 680 2508 755 εἷσέλευσις)
2583 682 2674 736 καὶ
2751 681 2944 737 λοιπὸν
3022 682 3111 737 ἐπὶ
3167 682 3233 738 τά
3288 684 3497 754 ταύτης
3559 685 3863 763 προάστεια

2195 767 2557 825 διεσκίδναντο
2642 770 2733 825 καὶ
2817 766 3370 845 καταλαμϐανόμενοι
3460 771 3856 852 διεφθείροντο,

2193 859 2283 913 καὶ
2347 860 2434 914 ὑπ’
2486 859 2748 930 ἀλλήλων
2807 858 3135 916 ἀπώλλυντο
3185 863 3589 936 συνωθούμενοί
3649 886 3708 921 τε
3763 867 3859 922 καὶ

2196 948 2657 1022 σττὶπατούμενοι,
2737 950 2812 1012 ὡς
2877 946 3315 1026 δυσαριθμήτους
3389 952 3518 1017 τοὺς
3577 954 3859 1032 ἀνῃρημέ-

2195 1059 2321 1101 νους
2376 1039 2531 1094 εἶναι.
2593 1039 2655 1092 Οἱ
2713 1037 2771 1094 δὶ
2825 1040 3259 1118 περιλειφθέντες
3347 1045 3679 1119 τραυματίαι
3764 1069 3859 1123 γε-

2194 1127 2379 1202 γόνασι
2439 1126 2757 1200 ξύμπαντες.
2818 1130 3119 1203 Ἐγνώσθαι
3152 1128 3209 1186 δὲ
3245 1131 3328 1186 ὅτι
3381 1134 3409 1188 6
3472 1134 3864 1212 στρατηλάτης

2198 1217 2350 1291 ἅγιος
2408 1213 2691 1290 Θεόδωρος
2747 1219 2858 1290 (79)
2913 1218 3021 1287 ἧν,
3096 1218 3155 1281 ὅς
3210 1226 3328 1284 τοῖς
3387 1222 3685 1294 Ῥωμαίοις
3734 1225 3867 1280 τότε

2197 1305 2334 1358 κατὰ
2411 1300 2700 1380 Βαρϐάρων
2783 1305 3114 1381 ἐπεκούρησέ
3180 1329 3238 1364 τε
3305 1309 3395 1366 καὶ
3457 1315 3861 1389 συνεμάχησεν,

2197 1396 2470 1458 Ἐντεῦθεν
2526 1396 2748 1470 γυναιόν
2819 1417 2870 1449 τι
2929 1393 3183 1470 εὐλαϐείᾳ
3254 1402 3548 1471 συνεζηκὸς
3621 1403 3713 1457 καὶ
3769 1425 3868 1458 σε-

2204 1481 2430 1553 μνότητι
2479 1483 2613 1538 κατᾶ
2661 1484 2722 1538 τὸ
2783 1486 3115 1557 Βυζάντιον,
3181 1492 3278 1559 μιᾷ
3337 1490 3444 1565 πρὸ
3501 1497 3604 1559 τῆς
3661 1484 3858 1568 μάχης

2199 1571 2398 1641 ταύτης
2447 1573 2628 1644 ἡμέρᾳ
2672 1569 2819 1645 ἔδοξε
2865 1575 2984 1637 καθ’
3032 1573 3229 1638 ὕπνους
3268 1578 3367 1644 τὴν
3399 1577 3554 1653 ἁγίαν
3589 1581 3861 1637 Θεοτόκον

2201 1659 2328 1733 ὁρᾷν
2383 1664 2703 1735 προϊοῦσαν,
2756 1660 2845 1715 καὶ
2911 1663 3384 1736 προπεμπομένην
3444 1666 3547 1721 ὑπὸ
3599 1665 3862 1742 πολλῶν,

2200 1747 2424 1802 ἀκοῦσαί
2481 1769 2540 1802 τε
2613 1755 2713 1818 τῆς
2790 1751 3143 1827 Θεομήτορος
3215 1751 3485 1828 λεγούσης
3557 1756 3693 1832 πρὸς
3767 1754 3864 1812 ἵνα

2199 1840 2306 1891 τῶν
2381 1837 2684 1910 προϊόντων
2764 1837 2951 1908 αὐτῆς,
3032 1839 3198 1915 Κύριε
3271 1839 3536 1918 Θεόδωρε,
3615 1845 3644 1898 ὁ
3721 1844 3863 1918 ἐμὸς

2205 1925 2294 1979 καὶ
2355 1926 2444 1986 σὸς
2515 1925 2772 1997 Ἰωάννης
2847 1926 3058 2003 ἀγῶνας
3129 1924 3245 2004 ἔχει
3326 1930 3552 2007 βαρεῖς·
3622 1937 3861 1991 σπεῦσον

2207 2015 2318 2082 οὖν,
2395 2014 2541 2086 αύτῷ
2616 2015 2996 2090 ἐπικούρησον.
3079 2017 3356 2095 Ἐξέφηνεν
3435 2020 3526 2074 οὖν
3603 2041 3742 2076 τισιν
3823 2027 3864 2093 ἡ

2204 2103 2338 2178 γ)νή
2369 2105 2431 2158 τὸ
2491 2104 2760 2161 ἐνύπνιον.
2807 2106 2869 2158 Οἱ
2919 2103 2976 2160 δὲ
3028 2107 3129 2176 τὴν
3179 2107 3384 2184 ἡμέραν
3419 2107 3863 2186 ἐσημειώσαντο,

2204 2193 2294 2246 καὶ
2350 2191 2416 2260 ἦν
2475 2194 2510 2261 ἡ
2568 2193 2800 2267 πρὸτῆς
2830 2193 3141 2257 τελευταίας
3197 2197 3406 2272 μάχης.
3456 2198 3570 2268 Τὸν¹
3611 2201 3866 2276 μάρτυρα

2207 2277 2253 2334 δ’
2303 2281 2331 2335 6
2378 2280 2635 2355 βασιλεὺς
2687 2288 2786 2352 τῆς
2849 2283 3095 2357 βοηθείας
3172 2281 3671 2359 ἀνταμειϐόμενος,
3730 2290 3864 2344 ναὸν

2206 2367 2350 2441 αὖτῷ
2421 2370 2557 2424 κατᾶ
2619 2370 2718 2438 τήν
2788 2371 3060 2447 Εὗχανίαν
3116 2371 3152 2441 ἢ
3210 2373 3485 2449 Εὐχαΐταν
3539 2377 3859 2449 περικαλλῆ

2205 2453 2554 2529 ἰδομήσατο,
2613 2457 2704 2512 τὸν
2754 2459 2945 2533 πρώην
3006 2455 3371 2531 καταϐαλὼν,
3429 2461 3482 2517 ἐν
3533 2465 3579 2535 ᾧ
3635 2465 3698 2519 τὸ
3759 2487 3868 2521 πο-

2207 2543 2444 2608 λύαθλον
2517 2544 2724 2600 ἐκείνου
2797 2550 2959 2618 σῶμα
3032 2548 3283 2611 κατέθετο
3355 2548 3445 2603 καὶ
3519 2552 3618 2620 τὴν
3691 2549 3865 2608 πόλιν

445 2639 558 2692 ἀντὶ
610 2643 713 2706 τῆς
768 2636 1034 2712 προτέρας
1091 2637 1261 2700 αὐτῆς
1319 2634 1571 2706 κλήσεως
1647 2633 2062 2711 Θεοδωρόπολιν
2145 2631 2516 2706 ἐπωνόμασεν.
2592 2639 2650 2691 Ὁ
2730 2632 2787 2688 δὲ
2868 2631 3146 2711 Βάρϐαρος
3208 2633 3660 2714 Σφενδὸσθλαϐος
3719 2643 3864 2695 πάν-

439 2738 592 2790 τοθεν
671 2725 964 2800 ἀπογνοὺς,
1027 2720 1476 2799 διεπρεσϐεύσατο
1533 2725 1668 2799 πρὸς
1726 2725 1816 2778 τὸν
1883 2720 2130 2798 βασιλέα,
2191 2723 2525 2795 συγγνώμην
2607 2721 2796 2793 αἰτῶν,
2863 2724 2952 2778 καὶ
3028 2724 3103 2786 εἷς
3179 2725 3244 2780 τὰ
3306 2725 3481 2781 οἰκεῖα
3538 2726 3860 2785 ἐπανελθεῖν

441 2813 844 2886 ἐξαιτούμενος,
931 2813 1020 2867 καὶ
1091 2817 1207 2874 τοῖς
1282 2813 1600 2887 συμμάχοις
1682 2811 1965 2884 Ῥωμαίων
2054 2809 2452 2877 συντάττεσθαι,
2530 2811 2619 2865 καὶ
2697 2813 2788 2866 τὸν
2867 2811 3198 2886 βουλόμενον
3269 2815 3652 2889 Ταυροσκύθην
3712 2817 3860 2874 ἴέναι

437 2903 578 2978 πρὸς
632 2903 701 2957 τὰ
754 2901 1042 2974 Ῥωμαίων
1069 2898 1203 2973 ἤθη,
1259 2901 1347 2956 καὶ
1401 2901 1453 2955 έν
1485 2901 1671 2964 αὐτοῖς
1699 2899 2111 2973 ἐμπορεύεσθαι.
2165 2898 2271 2954 Καὶ
2329 2900 2357 2952 ὁ
2423 2896 2676 2973 βασιλεὺς
2730 2901 2826 2963 τὰς
2887 2901 3128 2972 αἰτήσεις
3185 2905 3523 2978 προσήκατο,
3555 2904 3646 2959 καὶ
3677 2907 3859 2970 πάσας

438 2988 757 3065 ἐπλήρωσεν
794 3005 806 3018 °

895 2989 1006 3043 εἶτα
1082 2990 1172 3043 καὶ
1249 2989 1410 3050 αὐτὸς
1488 2990 1516 3043 6
1583 2982 2028 3064 Σφενδόσθλαϐος
2107 2985 2325 3063 ἀφίκετο
2396 2987 2534 3060 πρὸς
2606 2989 2697 3042 τὸν
2771 2987 3166 3063 αὐτοκράτορα,
3243 2991 3333 3045 καὶ
3405 2991 3551 3064 αὗτῷ
3603 2995 3857 3067 συνωμί-

441 3079 628 3150 λησεν.
664 3077 926 3148 ᾚτήσατό
949 3099 1006 3133 τε
1033 3082 1148 3140 τοῖς
1179 3079 1534 3147 Πατζινάκαις
1569 3076 1838 3149 δηλῶσαι,
1875 3078 1950 3149 μὴ
1982 3079 2227 3130 κωλῦσαι
2258 3081 2374 3137 τοῖς
2407 3076 2542 3136 Ῥὼς
2599 3073 2784 3131 οἷ’καδε
2830 3077 3052 3132 ἀπιοῦσι
3086 3075 3174 3133 διὰ
3213 3086 3316 3148 τῆς
3357 3081 3614 3156 σφετέρας
3662 3083 3861 3159 χώρας

439 3168 538 3236 τήν
573 3163 776 3222 δίοδον.
811 3165 968 3220 Καὶὸ
1033 3164 1286 3240 βασιλεὺς
1314 3167 1456 3220 τοῦτ’
1516 3164 1751 3226 ἐκείνους
1807 3167 2031 3228 ποιῆσαι
2088 3162 2308 3236 ἠξίωσε,
2363 3163 2454 3217 καὶ
2517 3166 2846 3240 συμμάχους
2903 3160 3051 3241 ἔχειν
3095 3165 3310 3238 αὐτοὺς,
3364 3165 3506 3240 μηδὶ
3554 3164 3858 3227 διαϐαίνειν

438 3255 530 3309 τὸν
558 3255 790 3329 Ἵστρον,
821 3254 908 3307 καὶ
939 3254 1036 3321 τὴν
1068 3251 1401 3328 Βουλγαρίαν
1438 3251 1746 3322 ληῗζεσθαι.
1780 3252 1847 3323 οἱ
1901 3249 1959 3306 δὲ
1998 3256 2116 3314 τοῖς
2165 3250 2259 3324 μὲν
2307 3246 2501 3314 ἄλλοις
2554 3252 2856 3320 συνέθεντο,
2903 3254 3042 3326 πρὸς
3100 3251 3156 3309 δὲ
3201 3256 3301 3323 τὴν
3335 3252 3518 3310 δίοδον
3551 3261 3658 3311 τῶν
3721 3259 3864 3323 Ῥὼς

444 3344 845 3418 ἀπηγόρευσαν.

513 3434 609 3490 IV.
649 3432 808 3489 Bello
867 3432 1106 3488 Russico
1146 3433 1219 3488 ad
1279 3432 1436 3488 hunc
1497 3433 1737 3489 modum
1797 3431 2085 3500 confecto,

2270 3430 2341 3486 A'.
2390 3428 2636 3502 Τοιούτῳ
2667 3428 2724 3485 δὶ
2774 3429 2919 3487 τέλει
2948 3435 3046 3487 τοῖ’)
3077 3434 3212 3508 πρὸς
3242 3435 3370 3498 τοὺς
3423 3433 3558 3497 Ῥὼς
3599 3433 3860 3510 πολέμου

445 3523 768 3595 imperator
797 3521 1136 3591 Byzantium
1183 3537 1470 3589 reversus,
1500 3522 1572 3577 ab
1601 3522 1878 3579 omnibus
1931 3520 2087 3576 ordi-

451 3611 625 3668 nibus
658 3609 964 3682 splendide
995 3609 1303 3681 excipitur.
1340 3609 1484 3664 Nam
1507 3617 1564 3665 et
1592 3609 1924 3682 patriarcha
1952 3622 2085 3663 cum

439 3699 714 3756 omnibus
747 3697 1148 3754 sacerdotibus
1177 3697 1230 3754 ei
1279 3697 1508 3754 obviam
1568 3704 1658 3755 est
1717 3714 2084 3771 progressus,

439 3793 498 3846 et
530 3792 792 3858 senatus,
825 3791 882 3842 et
910 3787 1161 3859 populus
1191 3803 1437 3844 coronas
1468 3788 1798 3858 offerentes,
1851 3790 1910 3843 et
1967 3803 2087 3842 cur-

441 3895 573 3934 rum
603 3893 739 3932 cum
770 3880 1023 3948 quatuor
1073 3876 1223 3932 albis
1280 3877 1471 3948 equis,
1532 3883 1860 3949 rogantque
1908 3881 1972 3932 ut
2018 3893 2084 3932 eo

443 3981 762 4022 conscenso
789 3963 1280 4035 triumpharet.At
1318 3965 1414 4020 ille
1463 3982 1708 4022 coronas
1752 3966 1994 4037 accepit,
2031 3969 2088 4021 et

442 4071 591 4127 equo
622 4053 906 4126 siugulari
955 4053 1201 4110 candido
1265 4054 1672 4127 triumphavit,
1725 4060 1781 4111 et
1824 4056 2085 4112 vestibus

443 4143 886 4217 Bulgaricorum
921 4158 1124 4212 regum
1175 4144 1373 4199 currui
1423 4144 1737 4216 impositis,
1789 4160 2086 4216 supraque

442 4249 542 4291 eas
571 4231 829 4303 imagine
855 4231 1108 4303 Deiparee
1148 4231 1447 4303 collocata,
1479 4248 1718 4290 currum
1751 4233 2082 4290 antecessit.

441 4322 588 4379 Cum
647 4318 706 4376 in
764 4320 954 4376 forum
1003 4319 1308 4376 Placotum
1368 4324 1753 4394 pervenisset,
1821 4322 2083 4378 Borisem

436 4409 759 4484 Bulgaricis
788 4408 1123 4481 insignibus
1150 4410 1431 4481 depositis
1479 4411 1766 4483 dignitate
1813 4409 2083 4483 magistri

436 4501 762 4560 ornavit.At
789 4498 1330 4570 Spbendosthlavus
1372 4517 1507 4556 cum
1561 4500 1768 4556 Russis
1814 4501 1963 4566 suis,
2021 4499 2082 4555 in

434 4593 626 4650 reditu
652 4589 1094 4646 Patzinacarum
1139 4590 1374 4647 insidiis
1432 4595 1725 4663 exceptus,
1780 4592 1852 4648 ad
1900 4592 2081 4646 inter-

433 4682 737 4739 necionem
787 4696 971 4735 caesus
1001 4683 1110 4735 est.
1148 4679 1302 4735 Idem
1335 4679 1429 4735 hic
1490 4679 1808 4750 imperator
1863 4678 2081 4736 Christi

431 4768 749 4827 Servatoris
771 4767 1055 4840 templum
1081 4769 1138 4823 in
1170 4768 1378 4823 Chalce
1412 4769 1785 4840 magnificum
1810 4768 2074 4825 astruxit.

434 4857 768 4914 Patriarcha
801 4855 1044 4911 Basilius
1077 4857 1550 4912 Scamandrenus
1571 4874 1706 4911 cum
1760 4862 1890 4928 post
1930 4873 2080 4926 qua-

2110 4815 2158 4879 D

2196 3515 2602 3586 καταλυθέντος,
2635 3521 2663 3572 6
2700 3517 2956 3594 βασιλεὺς
2999 3521 3137 3595 πρὸς
3191 3523 3254 3576 τὸ
3311 3521 3599 3592 Βυζάντιον
3657 3524 3854 3581 ἐπανέ-

2199 3606 2363 3677 ζευξε,
2421 3607 2510 3660 καὶ
2587 3605 2859 3682 ὑπεδέχθη
2934 3608 3201 3684 λαμπρῶς
3257 3611 3344 3685 ὑφ’
3403 3609 3537 3666 ὅλου
3594 3617 3690 3668 τοῦ
3746 3634 3853 3669 πο-

2196 3692 2544 3768 λιτεύματος.
2619 3698 2687 3754 Ὅ
2751 3717 2811 3751 τε
2865 3697 2970 3772 γὰρ
3029 3698 3370 3774 παςριάρχης
3429 3705 3848 3776 προϋπηντήκει

2195 3784 2342 3854 αὐτῷ
2418 3784 2551 3856 μετὰ
2620 3786 2716 3839 τοῦ
2781 3787 2995 3860 κλήρου
3070 3788 3288 3854 παντὸς,
3342 3788 3434 3843 καὶ
3496 3790 3548 3843 οἳ
3608 3797 3708 3860 τῆς
3761 3813 3850 3867 γε·

2197 3872 2437 3948 ρουσίας,
2494 3874 2581 3927 καὶ
2642 3874 2694 3927 οἱ
2748 3878 2846 3928 τοῦ
2878 3874 3081 3946 δήμου,
3141 3877 3432 3952 στεφάνους
3459 3877 3846 3954 προσάγοντες,

2193 3963 2280 4016 καὶ
2339 3962 2633 4037 τέθριππον
2696 3964 2864 4038 ἅρμα,
2941 3964 2992 4018 οἱ
3065 3961 3112 4018 δ’
3177 3962 3341 4019 ’ίπποι
3399 3965 3600 4021 τούτου
3653 3966 3848 4024 λευκοὶ

2194 4049 2406 4106 έδέοντό
2471 4071 2531 4106 τε
2586 4055 2683 4106 τοῦ
2740 4051 2981 4127 ἅρματος
3039 4048 3425 4123 ἐπιϐεϐηκότα,
3483 4054 3699 4110 τελέσαι
3750 4059 3844 4113 τὸν

2195 4135 2486 4214 θρίαμϐον.
2543 4144 2598 4193 Ὀ
2651 4138 2708 4194 δὶ
2735 4139 2864 4202 τοὺς
2915 4142 3010 4213 μὲν
3062 4140 3350 4219 στεφάνους
3405 4140 3642 4214 ἐδέξατο,
3682 4142 3848 4220 ’ίππῳ

2193 4250 2249 4284 τε
2301 4228 2494 4298 κέλητι
2536 4229 2624 4286 καὶ
2681 4232 2860 4301 τούτῳ
2910 4226 3089 4302 λευκῷ
3138 4225 3514 4306 ἐθριάμϐευσε,
3575 4237 3656 4304 τῷ
3698 4231 3759 4289 δέ
3785 4256 3850 4310 γε

2191 4317 2471 4389 τεθρίππῳ
2523 4318 2622 4392 ⁴τὰς
2692 4316 2978 4392 βασιλικὰς
3043 4317 3241 4380 στολὰς
3313 4323 3422 4373 τῶν
3505 4319 3845 4396 Βουλγάρων

2197 4405 2462 4480 βασιλέων
2522 4405 2781 4475 ἐπέθετο,
2837 4408 2925 4461 καὶ
2983 4407 3192 4462 τούτων
3252 4406 3451 4463 ἄνωθεν
3505 4409 3685 4465 εἰκόνα
3742 4418 3846 4482 τῆς

2191 4497 2540 4571 Θεομήτορος
2595 4498 2708 4568 (80)
2757 4496 2846 4550 καὶ
2918 4496 3115 4570 προῄει
3190 4497 3253 4551 τὸ
3322 4495 3488 4571 ἅρμα.
3565 4499 3710 4554 Κατὰ
3785 4497 3849 4556 δὲ

2188 4586 2287 4654 τὴν
2346 4583 2649 4653 Πλαοιωτήν
2709 4583 3011 4660 λεγομένην
3068 4585 3356 4660 γενόμενος
3427 4586 3650 4663 ἀγορὰν,
3702 4589 3846 4644 ἀπο-

2191 4671 2315 4728 δυσε
2385 4673 2476 4727 τὸν
2554 4671 2785 4748 Βορίσην
2847 4674 2915 4728 τά
2967 4679 3066 4743 τῆς
3122 4675 3268 4750 παρά
3317 4681 3433 4737 τοῖς
3503 4675 3844 4752 Βουλγάρόις

2194 4763 2468 4839 βασιλείας
2529 4762 2874 4837 παράσημα,
2935 4764 3024 4818 καὶ
3071 4769 3151 4836 τῷ
3203 4769 3312 4820 τῶν
3374 4765 3685 4842 μαγίστρων
3741 4765 3848 4822 ἐτί-

2191 4874 2359 4923 μησεν
2437 4853 2724 4927 άξιώματι.
2802 4854 2862 4910 Ὁ
2942 4853 3128 4926 μέντοι
3185 4848 3638 4925 Σφενδόσθλαϐος
3705 4855 3848 4926 μετᾶ

433 4944 770 5003 driennium
801 4961 920 5000 suae
941 4945 1385 5017 designationis,
1431 4946 1502 5001 ob
1547 4946 1812 5016 quaedam
1849 4945 2080 5016 objecta

2196 4947 2294 4998 τῶν
2357 4942 2488 5004 Ῥὼς
2553 4942 2635 4997 ἐπ’
2686 4938 2839 4996 οἷ’κου
2885 4941 3207 5018 άναζευγνὺς
3268 4941 3468 5018 λόχοις
3523 4943 3845 5018 περιπίπτει

432 5034 682 5094 crimina
713 5048 812 5104 per
833 5034 1146 5089 concilium
1179 5035 1304 5090 loco
1339 5039 1532 5091 motus
1563 5039 1758 5103 esset;
1793 5033 2079 5090 Antonius

2196 5035 2290 5086 τῶν
2369 5036 2736 5101 Πατζινακῶν,
2810 5030 2912 5086 καὶ
2979 5031 3175 5094 πάντες
3248 5032 3440 5107 ἀθρόοι
3519 5031 3839 5104 ἀπώλοντο,

429 5123 688 5184 Studites
713 5121 1047 5195 patriarcha
1076 5129 1165 5180 est
1189 5124 1553 5196 designatus.
1590 5124 1914 5196 Imperator
1944 5139 2076 5179 vero

2186 5120 2357 5184 Οὗτος
2389 5123 2418 5175 6
2479 5119 2731 5195 βασιλεὺς
2787 5121 2881 5176 τὸν
2941 5118 2992 5176 ἂν
3050 5124 3120 5196 τῇ
3178 5119 3366 5194 Χαλκῇ
3427 5122 3549 5176 ναὸν
3581 5125 3679 5178 τοῦ
3716 5128 3842 5179 2w-

1692 5315 1897 5376 Variee
1938 5313 2229 5376 lectiones
2272 5319 2336 5374 et
2377 5297 2568 5372 notae.

500 5483 612 5561 (79)
789 5471 1170 5569 στρατηλάτης
1255 5472 1456 5569 ἄγιοςω
1491 5475 1796 5564 ρεὸδωρος.
1870 5478 2078 5569 Hausit

2196 5477 2482 5560 Diaconus
2513 5476 2571 5569 iln
2589 5475 2754 5565 Hist.‘
2775 5491 2886 5569 ms“.
2915 5492 2939 5560 ε,
2960 5475 3070 5569 ’ξῆν
3101 5478 3201 5540 τῆς
3234 5477 3626 5569 ἄρεομήτορος
3657 5473 3844 5569 staﬁva

427 5546 673 5634 alienae
703 5546 1108 5634 diacononqui
1140 5546 1382 5634 Joannis
1411 5546 1730 5608 Tziimiscai
1767 5567 1859 5607 res
1873 5557 2069 5623 gestas

2196 5546 2641 5634 ὲναγκαιλισμένην
2665 5619 2676 5630 θ
2701 5546 2806 5634 τὸν¹
2855 5546 3211 5634 θεάνθρωποη
3244 5546 3451 5634 Λόγον,
3506 5546 3571 5633 ἢν
3608 5547 3668 5633 έκ
3728 5555 3841 5607 Μυ-

427 5625 700 5698 pluribus
729 5624 1074 5698 prosecutus
1097 5627 1204 5677 est.

499 5692 837 5768 (80)Εῐ>ξόνα
910 5698 1009 5762 τῆς
1061 5692 1430 5766 Θεομήτορος.
1513 5694 1685 5751 Addit
1733 5694 1888 5751 idem
1958 5694 2069 5751 Leo

2180 5617 2297 5698 σίας
2328 5617 2679 5698 εἴληφενμιὸί
2710 5617 3256 5698 caeterostriumpbi
3287 5617 3622 5680 Ζίὼὶεοίυηὶ
3656 5639 3844 5696 appa-

2183 5696 2345 5749 ratus
2377 5692 2646 5766 plu'ribus
2677 5692 3069 5766 prosequitur.
