4156 6214
224 359 322 416 149
1471 341 1877 404 ANNALIUM
1925 342 2072 402 LIB.
2120 343 2306 403 XVII.

3483 347 3599 406 150

223 484 444 557 διελέχθη
497 476 668 550 αὐτῷ,
705 476 824 533 ἀλλ’
877 477 978 531 οὐκ
1027 472 1224 530 ἔπεισε.
1277 473 1460 544 Δείξας
1510 471 1610 550 γὰρ
1678 473 1829 544 αὗτῷ

1953 473 2013 529 id
2047 489 2179 530 eum
2211 475 2560 532 confluxere.
2599 477 2736 543 Quae
2788 493 2921 534 cum
2982 476 3290 549 praeposito
3348 476 3578 533 cubicul

222 577 243 630 ὁ
292 569 486 645 Σληρὸς
537 567 601 623 τὸ
663 559 999 643 κοκκοόαφὶς
1051 561 1316 634 πέδιλον,
1391 559 1650 618 ἀδύνατον
1722 561 1836 616 εἶπε

221 665 292 719 τὸν
553 661 724 712 τοῦτο
797 652 1210 727 ὑποδησάμενον
1303 651 1429 727 ῥᾷον
1513 646 1833 708 ἀποϐαλεῖν.

223 761 400 827 Ταύτην
421 757 517 824 τὴν
580 749 866 828 ἀπόκρισιν
900 753 973 814 ὡς
1003 749 1170 827 ἔγνων
1209 752 1262 806 ol
1310 749 1433 825 περὶ
1463 749 1529 804 τὰ
1563 748 1832 826 βασίλεια,

221 851 260 920 ἐξ
304 847 520 922 ἀνάγκης
566 845 714 917 πρὸς
787 840 975 918 μάχην
1046 841 1395 917 ὡρμήκεσαν.
1471 841 1572 896 Ἦν
1629 835 1687 893 δὲ
1734 844 1834 908 τῆς

223 934 473 1015 βασιλικῆς
555 931 845 1008 δυνάμεως
921 927 1404 1008 στρατοπεδάρχης
1480 929 1508 983 6
1584 927 1836 1001 ἐκτομίας

218 1030 404 1104 Πέτρος,
456 1025 483 1079 6
539 1027 641 1079 τοῦ
702 1025 892 1092 Φωκᾶ,
951 1019 1013 1078 οὗ
1068 1020 1161 1076 καὶ
1217 1021 1408 1096 πρώην
1470 1017 1835 1093 ἐμνήσθημεν.

213 1126 281 1186 Ὠς
331 1120 414 1177 οὖν
461 1118 745 1191 ἀλλήλοις
823 1113 1478 1193 ἀντεστρατοπεδεύσαντο
1551 1114 1619 1170 τὰ
1677 1134 1837 1189 στρα-

212 1213 434 1285 τεύματα,
509 1208 642 1283 περὶ
717 1207 958 1284 Λίπαραν
993 1250 1008 1276 ,
1090 1206 1128 1276 ἢ
1193 1204 1283 1261 καὶ
1362 1201 1621 1260 Λικανδὸν
1697 1204 1836 1257 (bvo-

216 1303 423 1376 μάζετο,
499 1298 643 1374 πρὸς
739 1294 966 1368 ἄλληλα
1055 1293 1454 1372 συνερράγησαν
1491 1337 1505 1362 ,
1582 1293 1672 1348 καὶ
1748 1290 1836 1347 ἐπὶ

217 1392 290 1464 μέν
338 1408 453 1444 τινα
505 1386 705 1462 καιρὸν
775 1385 1030 1461 ἀντεῖχον
1089 1385 1142 1439 οἱ
1202 1382 1476 1460 βασιλικοὶ
1539 1381 1836 1458 γενναίως,

215 1475 365 1535 ἔπειτα
432 1477 731 1551 τρέπονται
764 1518 779 1544 ,
855 1473 946 1530 καὶ
1013 1473 1351 1549 ἀναιροῦνται
1414 1469 1666 1539 πολλοὶ,
1745 1471 1835 1525 καὶ

217 1571 264 1624 τὸ
325 1563 687 1642 στρατόπεδον
776 1564 879 1620 ὑπὸ
967 1563 1098 1627 τοὺς
1187 1560 1460 1623 ἐναντίους
1552 1561 1840 1637 γενόμενον

218 1656 570 1732 διαρπάζεται.
649 1656 789 1710 Εἶτα
876 1654 968 1709 καὶ
1054 1652 1154 1721 τὴν
1249 1647 1569 1724 Τζαμανδὸν
1664 1646 1840 1704 πολυ-

217 1747 372 1818 πληθῆ
442 1744 610 1802 πόλιν
715 1745 776 1801 ἐκ
863 1741 1269 1818 προσελεύσεως
1361 1746 1470 1796 τῶν
1547 1740 1840 1796 οἰκούντων

215 1838 352 1906 αὐτὴν
381 1835 653 1914 εἰληφὼς,
689 1833 992 1911 χρημάτων
1041 1831 1204 1906 ἐσμὸν
1254 1831 1305 1902 ἐξ
1355 1829 1520 1928 αὐτῆς
1561 1828 1841 1928 συνηθροὲ
1873 1853 1919 1919 Β

215 1948 296 1984 κει.
337 1924 485 1984 Οὕτω
548 1923 611 1980 δὲ
673 1923 1088 2000 περιγενόμενος
1141 1925 1239 1975 τοῦ
1296 1919 1694 1996 στρατεύματος
1743 1919 1840 1973 τοῦ

221 2015 489 2090 βασιλικοῦ,
541 2012 800 2076 πολλοὺς
850 2011 910 2067 ἐκ
953 2011 1149 2067 τούτου
1195 2011 1331 2087 πρὸς
1375 2008 1558 2064 ἑαυτὸν
1608 2007 1839 2063 ἐπεσπά-

219 2125 335 2172 σατο,
378 2103 775 2180 ἀπεγνωκότας
824 2099 936 2173 ἤδη
985 2102 1080 2163 τὰς
1129 2098 1408 2168 σωζούσας
1438 2095 1664 2160 ἐλπίδας
1695 2097 1842 2171 παρὰ

218 2196 306 2255 τοῖς
365 2192 652 2270 βασιλεῦσι
690 2234 705 2261 ,
767 2191 857 2246 καὶ
927 2189 1074 2262 αύτῷ
1131 2187 1539 2265 προσερῥύησαν
1608 2187 1672 2242 οὐ
1730 2190 1838 2241 τῶν

219 2282 472 2356 ἀνωνύμων
524 2283 701 2357 μόνον
753 2283 1122 2356 στρατιωτῶν,
1175 2275 1323 2334 ἀλλά
1368 2276 1456 2332 καὶ
1495 2281 1603 2331 τῶν
1637 2296 1841 2351 περιω-

222 2372 371 2444 νύμων
423 2369 681 2428 πολλοί.
739 2377 824 2434 Ὠς
883 2367 941 2425 δὲ
1006 2372 1174 2424 ταῦτα
1227 2365 1306 2440 τῷ
1357 2365 1841 2440 παρακοιμωμὲνῳ

224 2461 548 2536 ἠγγέλθησαν,
589 2459 884 2516 στέλλεται
939 2459 1093 2522 αὖθις
1145 2454 1293 2512 Λέων
1355 2456 1383 2510 6
1435 2449 1842 2529 πρωτοϐεστιά-

230 2570 346 2624 ριος,
417 2553 656 2628 ἄκρατον
732 2549 968 2622 ἐξουσίαν
1048 2545 1448 2620 ἐμπιστευθεὶς,
1525 2544 1616 2599 καὶ
1673 2542 1844 2598 πάντα

229 2640 435 2712 πράττειν
469 2642 566 2695 ὅσα
614 2640 716 2694 καὶ
770 2635 1078 2716 βασιλεῦσιν
1127 2635 1330 2714 ἀνεῖται
1362 2631 1542 2688 ἄδειαν
1571 2631 1842 2708 εἰληφὼς,

231 2724 339 2783 εἴποι
387 2727 442 2785 ἃν
494 2749 579 2793 τις
645 2733 717 2804 τῇ
773 2727 1010 2783 Λατίνων
1086 2728 1238 2803 φωνῇ
1295 2724 1386 2779 τὸν
1441 2720 1610 2798 ἄνδρα
1662 2718 1844 2776 δικτά-

229 2835 362 2888 τορα,
410 2816 496 2871 καὶ
554 2815 841 2872 σδνελθὼν
910 2819 989 2887 τῷ
1034 2809 1485 2890 στρατοπεδάρχῃ
1545 2811 1574 2865 6
1633 2830 1846 2884 πρωτο-

230 2897 509 2982 ῧεστιάριος,
597 2904 866 2982 ἐπειράθη
942 2905 1034 2979 μὲν
1119 2903 1444 2978 ὑποσχέσεσι
1517 2899 1609 2956 καὶ
1659 2898 1846 2972 τιμαὶς

229 2994 322 3057 τοὺς
366 2997 482 3071 περὶ
508 2997 610 3052 τὸν
668 2994 920 3069 Σκληρὸν
972 2993 1384 3050 ἐπισπάσασθαι.
1430 2996 1517 3053 Ὠς
1568 2987 1614 3044 δ’
1646 2989 1845 3061 ἀνηνύ-

230 3103 313 3146 τοις
352 3079 477 3161 ἔγνω
526 3086 859 3161 έπιχειρεῖν,
894 3080 1203 3160 παρελάσας
1229 3081 1422 3143 νυκτὸς
1465 3079 1558 3136 τὸν
1601 3078 1844 3154 Σληρὸν,

1945 563 2214 621 nuntiata
2252 569 2463 622 essent.
2501 565 2611 623 Leo
2669 565 3158 639 protovestiarius
3206 581 3338 622 cum
3369 581 3601 622 summo

1945 652 2190 726 imperio
2239 659 2298 710 et
2371 655 2736 723 auctoritate,
2789 674 2896 713 suo
2981 655 3270 712 arbitratu
3348 654 3599 728 gerendi

1946 742 2146 797 omnia
2179 760 2306 816 quas
2336 743 2672 818 imperatori
2702 745 2898 816 licent,
2935 745 3209 814 mittitur,
3264 759 3450 817 quam
3498 760 3600 816 po-

1945 833 2218 886 testatem
2280 833 2472 888 Latini
2526 834 2874 889 dictaturam
2929 834 3254 889 nominant.
3334 834 3389 888 Is
3467 848 3602 888 cum

1946 922 2422 991 stratopedarcba
2452 939 2823 996 congressus,
2849 922 3370 995 pollicitationibus
3401 925 3458 978 et
3501 922 3602 977 ho-

1947 1008 2192 1064 noribus
2250 1010 2465 1064 frustra
2511 1011 2750 1067 tentatis
2805 1011 3058 1066 militum
3109 1010 3346 1078 animis,
3412 1018 3589 1066 noctu

1949 1102 2402 1170 praetergressus
2431 1099 2689 1156 Sclerum
2723 1101 2954 1156 invasit.
3015 1101 3204 1165 Quare
3233 1101 3452 1156 factum
3511 1104 3603 1157 est

1949 1191 2015 1242 ut
2045 1187 2258 1243 milites
2291 1187 2416 1244 suis
2447 1188 2816 1244 charissimis
2873 1190 3167 1254 timentes,
3217 1189 3406 1246 Sclero
3463 1189 3601 1245 reli-

1948 1279 2040 1332 cto
2096 1277 2168 1331 ad
2227 1276 2397 1332 illum
2438 1295 2500 1334 se
2529 1279 2907 1334 conferrent:
2939 1283 2998 1335 et
3041 1277 3272 1334 Sclerus
3332 1277 3597 1349 territus,

1949 1365 2286 1421 Michaelem
2342 1367 2585 1423 Burzem
2666 1367 3020 1439 magistrum
3105 1384 3245 1424 suas
3326 1372 3596 1424 secutum

1948 1460 2167 1526 partes,
2198 1461 2255 1510 et
2311 1456 2642 1512 Romanum
2702 1457 3038 1513 Teronitem
3101 1457 3414 1529 patricium
3465 1473 3600 1513 cum

1948 1542 2225 1611 exercitu,
2257 1549 2458 1599 contra
2505 1545 3014 1615 protovestiarium
3038 1545 3336 1602 mitteret:
3385 1545 3602 1617 quibus

1949 1631 2148 1704 praelio
2179 1635 2490 1704 superatis,
2514 1632 2639 1705 ipse
2696 1651 2830 1689 cum
2882 1634 3158 1690 omnibus
3197 1633 3382 1707 copiis
3437 1651 3602 1690 eum-

1949 1721 2082 1777 dem
2115 1738 2429 1794 aggressus
2456 1721 2614 1788 vicit,
2660 1723 2964 1795 virumque
3007 1724 3180 1794 cepit,
3241 1727 3412 1779 Petra
3457 1727 3600 1779 stra-

1947 1809 2299 1882 topedarcha
2329 1810 2653 1867 interfecto.
2683 1816 2762 1867 Ea
2789 1812 3050 1882 victoria,
3093 1816 3160 1868 ut
3216 1811 3398 1869 Scleri
3454 1829 3595 1884 opes

1952 1898 2204 1955 multum
2236 1900 2419 1968 auxit,
2454 1900 2537 1956 sic
2567 1900 2987 1972 imperatorum
3021 1918 3143 1958 rem
3193 1902 3264 1957 ad
3315 1901 3595 1972 despera-

1946 1989 2170 2045 tionem
2201 1990 2510 2061 depressit,
2558 1990 2882 2061 praasertim
2903 2007 3036 2046 cum
3092 1994 3378 2061 tyrannus
3431 2007 3594 2046 mare

1951 2095 2184 2151 quoque
2241 2082 2482 2134 teneret.
2559 2081 2949 2144 Quamobrem
3009 2080 3358 2151 praepositus
3416 2078 3597 2134 cubili

1950 2167 2137 2224 classe
2168 2168 2368 2232 missa,
2401 2168 2718 2224 commisso
2757 2185 2890 2224 cum
2923 2167 3597 2240 Sclerinavibuspraalio,

1951 2257 2198 2313 classem
2231 2259 2360 2327 ejus
2389 2257 2600 2313 devicit
2629 2263 2686 2314 et
2735 2257 3062 2328 dissipavit,
3118 2257 3393 2329 idemque
3451 2257 3600 2312 mari

1952 2349 2157 2416 pacato
2182 2346 2611 2418 provinciarum
2661 2351 2935 2418 suscepta
2963 2364 3124 2413 cura,
3174 2347 3468 2402 Eroticum
3527 2347 3601 2401 ad

1951 2435 2202 2490 Nicaeam
2222 2435 2503 2508 Bithyniae
2527 2435 2896 2507 metropolim
2923 2437 3203 2492 tuendam
3227 2435 3603 2506 misitquam

1952 2524 2188 2581 Sclerus
2218 2525 2272 2580 vi
2304 2540 2636 2598 expugnare
2667 2525 2885 2581 frustra
2914 2529 3180 2595 conatus,
3205 2525 3358 2581 fame
3411 2522 3608 2595 subigi

1951 2631 2054 2687 per
2103 2613 2490 2685 proditionem
2537 2631 2708 2686 posse
2757 2618 2946 2681 ratus,
3000 2613 3365 2670 obsidionem
3404 2611 3602 2668 traxit.

1952 2711 2217 2768 Eroticus
2243 2728 2374 2768 vero
2434 2711 2568 2768 dolo
2617 2712 3037 2768 circumvenire
3080 2712 3308 2768 hostem
3369 2709 3596 2779 statuit,

1951 2801 2227 2874 illataque
2258 2800 2318 2857 in
2349 2801 2623 2874 granaria
2664 2818 2841 2857 arena
2889 2805 2946 2858 et
2997 2801 3291 2856 frumento
3343 2813 3598 2871 superne

1953 2892 2188 2962 injecto,
2239 2895 2304 2946 ut
2349 2895 2509 2948 totus
2568 2908 2807 2948 acervus
2856 2891 3220 2946 frumentum
3276 2889 3594 2954 videretur,

1953 2981 2198 3054 captivis
2229 2981 2501 3054 granaria
2539 2982 2904 3038 demonstrat
2929 2980 3275 3052 semiplena,
3306 2982 3364 3035 et
3409 2978 3601 3034 Sclero

1953 3070 2226 3127 nuntiare
2244 3071 2432 3142 jubet,
2465 3071 2736 3142 quamvis
2759 3088 2793 3126 a
2823 3071 2974 3126 fame
3004 3068 3152 3124 nihil
3206 3067 3318 3125 sibi
3359 3065 3608 3140 periculi

232 3155 408 3248 quam".
439 3176 580 3252 Πρός
618 3155 674 3230 1"
697 3155 932 3231 ιντεῢθεν
961 3155 1080 3236 δέος
1127 3171 1255 3234 τοὺς
1301 3170 1428 3246 περὶ
1476 3171 1568 3272 τὸν
1605 3166 1843 3272 Σληρὸν,

1958 3159 2256 3229 sit,tamen
2288 3160 2335 3214 si
2368 3163 2494 3215 tuto
2516 3176 2651 3216 cum
2682 3160 2855 3216 certis
2871 3158 3211 3215 hominibus
3226 3157 3382 3214 exire
3411 3155 3604 3224 liceat,

1961 3266 2016 3272 _-
2050 3249 2190 3272 ---ΒΑ
2221 3247 2429 3272 ι..-Δει-
2467 3252 2661 3272 ..-.-Δ--
2699 3249 2821 3272 -2---
2856 3252 3190 3272 ---ηιμ---μ
3249 3247 3370 3272 n.--
3403 3244 3604 3272 ..ι-...ὄξει

232 3261 317 3318 εἷλε
353 3264 470 3341 περὶ
519 3271 640 3322 τῶν
689 3263 962 3344 φιλτάτων
991 3263 1189 3332 αὐτῶν,
1249 3260 1339 3316 καὶ
1385 3264 1495 3317 τῶν
1539 3258 1847 3328 ἀποστάτην

232 3353 694 3428 καταλιμπάνοντες
728 3399 742 3425 ,
821 3359 903 3428 τῷ
977 3345 1463 3430 πρωτοϐεστιαρίῳ
1520 3347 1846 3426 προσῄεσαν.

236 3451 321 3505 Eia
341 3452 524 3510 τούτου
554 3451 748 3517 δείσας
775 3455 804 3508 6
838 3451 1111 3528 Σκληρὸς,
1167 3450 1258 3505 τὸν
1293 3449 1586 3526 μάγιστρον
1614 3443 1846 3522 Μιχαὴλ

237 3539 304 3593 τὸν
330 3544 595 3620 Βούρτζην
653 3539 1157 3620 προσκεχωρηκότα
1211 3537 1378 3611 αὐτῷ,
1428 3536 1517 3593 καὶ
1566 3534 1846 3611 Ῥωμανὸν

240 3630 477 3705 πατρίκιον
544 3631 647 3689 τὸν
717 3630 1038 3708 Ταρωνίτην
1120 3628 1255 3703 μετὰ
1333 3632 1584 3703 στρατιᾶς
1641 3622 1850 3698 ἔπεμψε

240 3720 343 3774 κατά
388 3726 480 3777 τοῦ
532 3716 1084 3799 πρωτοϐεστιαρίου,
1145 3717 1198 3774 οἵ
1239 3713 1612 3796 προϐαλόντες
1659 3713 1848 3789 ἐκείνῳ

241 3808 524 3882 ἡττήθησαν.
579 3813 672 3875 Ὠς
704 3809 750 3866 δ’
777 3811 1023 3886 ἐγνώσθη
1070 3813 1149 3882 τῷ
1195 3807 1436 3884 Σκληρῷ
1482 3807 1516 3876 ἡ
1565 3809 1672 3860 τῶν
1705 3825 1852 3878 πεμ-

242 3897 425 3956 σθέντων
478 3903 645 3974 ἧττα,
704 3901 863 3963 αὐτὸς
910 3900 1002 3955 σὺν
1051 3896 1211 3952 παντὶ
1241 3900 1321 3970 τῷ
1374 3895 1462 3951 ὐπ’
1490 3894 1648 3950 αὐτὸν
1682 3913 1850 3971 στρα-

238 3987 421 4061 τεύματι
489 3991 632 4049 κατά
703 3994 800 4047 τοῦ
873 3981 1370 4063 πρωτοϐεστιαρίου
1445 3989 1667 4062 χωρεῖ,
1756 3981 1847 4039 καὶ

241 4076 550 4153 συξὶρἤγνυται
607 4083 678 4155 τῇ
739 4080 859 4155 μετ’
904 4079 1074 4135 αὐτοῦ
1123 4096 1366 4154 στρατια,
1434 4074 1524 4130 καὶ
1567 4077 1709 4146 νικᾷ,
1756 4071 1848 4128 καὶ

241 4163 366 4237 ὃμὲν
412 4168 894 4248 στρατοπεδάρχης
943 4169 1148 4244 Πέτρος
1193 4165 1458 4242 ἀνῄρητο.
1519 4165 1547 4219 δ
1593 4160 1650 4218 δὲ
1695 4183 1847 4240 πΡω’

242 4249 568 4336 τοῦεστιάριος
617 4257 890 4318 ἑαλώκει.
942 4257 1094 4330 Αὕτη
1149 4258 1183 4326 ἡ
1233 4255 1357 4326 νίκη
1415 4253 1503 4309 ἐπὶ
1557 4252 1696 4329 μέγα
1751 4252 1845 4326 μὶν

243 4341 320 4419 ἦρε
342 4349 400 4402 τά
424 4355 515 4405 τοῦ
561 4349 845 4425 Σκληροῦ,
901 4347 969 4405 τά
1015 4345 1073 4403 δὲ
1117 4350 1225 4402 τῶν
1277 4342 1544 4422 βασιλέων
1592 4342 1668 4406 είς
1714 4340 1849 4397 ἀπό-

241 4452 400 4506 γνωσιν
452 4437 668 4517 ἤνεγκε,
713 4439 803 4496 καὶ
857 4436 1070 4513 μᾶλλον
1121 4435 1202 4492 ὅτι
1249 4434 1339 4490 καὶ
1399 4432 1846 4509 ἰθαλασσοκράτει

242 4521 603 4601 ὂᾶποστάτης.
657 4526 864 4585 Στόλον
929 4527 1022 4583 οὖν
1075 4527 1103 4580 6
1155 4524 1653 4600 παρακοιμώμενος
1703 4522 1848 4577 ἐτοι-

401 4580 603 4601 κ-ὴ-νμ-
1234 4580 1242 4600 ,
1399 4580 1409 4596 ,
1494 4580 1504 4596 ,
1639 4580 1652 4586 ,

246 4612 401 4687 μάσας,
453 4616 718 4690 ἰκπέμπει
774 4617 912 4672 κατὰ
961 4619 1059 4670 τοῦ
1117 4612 1314 4669 στόλου
1369 4617 1466 4668 τοῦ
1516 4612 1846 4681 ἀποστάτου,
1881 4580 1926 4646 D

242 4699 310 4753 καὶ
348 4706 638 4783 ναυμαχίας
685 4705 1009 4782 γενομένης,
1061 4705 1090 4759 6
1137 4702 1334 4764 στόλος
1384 4703 1412 4757 6
1459 4705 1557 4756 τοῦ
1589 4700 1847 4777 Σκληροῦ

244 4797 660 4871 κατεναυμαχήθη
728 4793 818 4850 καὶ
887 4790 1250 4849 διεσκέδαστο.
1319 4791 1408 4853 Ὦς
1475 4790 1568 4845 οὗν
1650 4790 1847 4867 ἠρέμει

247 4877 297 4932 τὰ
330 4883 447 4938 κστά
472 4884 764 4956 θάλασσαν,
811 4883 878 4939 τὰ
922 4884 1061 4940 κατὰ
1103 4882 1205 4951 τὴν
1263 4877 1492 4955 ἤπειρον
1522 4880 1551 4934 6
1580 4899 1849 4956 παρακοι-

253 4968 461 5041 μώμενος
509 4973 791 5047 διετίθετο,
860 4973 950 5029 καὶ
1011 4971 1104 5029 τὸν
1155 4969 1446 5048 Ἐρωτικὸν
1501 4968 1578 5032 εἷς
1625 4969 1848 5024 Νίκαιαν

253 5050 418 5135 ἔπεμψε
455 5071 554 5135 τῆς
606 5062 854 5128 Βιθυνίας
916 5059 1284 5138 μητρόπολιν,
1339 5057 1543 5129 ταύτην
1609 5060 1852 5137 φρουρή-

253 5151 446 5227 σοντα,ᾖ
471 5148 798 5230 προσϐαλὼν
829 5154 858 5209 6
889 5150 1164 5229 Σκληρὸς,
1189 5148 1555 5224 ἀπεκρούσθη,
1580 5147 1668 5204 καὶ
1699 5146 1852 5221 λιμῷ

255 5235 348 5301 τοὺς
370 5239 414 5296 ἓν
461 5244 595 5318 αὐτῇ
624 5241 924 5322 προδοῦναι
977 5241 1180 5312 ταύτην
1228 5237 1479 5312 ἠλπίκει,
1525 5239 1611 5292 καὶ
1665 5237 1850 5311 μέντοι

255 5325 320 5379 καὶ
404 5329 833 5412 χρονοτριϐῆσας
919 5332 1052 5404 ἐκεῖ,
1149 5326 1386 5401 σιτοδείᾳ
1473 5326 1600 5391 τοὺς
1703 5322 1853 5381 ἔνδον

257 5415 476 5487 πιὶζεσθαι
553 5423 971 5501 παρεσκεύασεν.
1045 5423 1229 5499 Ἔγνω
1289 5416 1382 5475 οὖν
1459 5417 1487 5472 6
1558 5415 1852 5492 Ἐρωτικὸς

259 5511 392 5592 ἀπάτῃ
436 5530 938 5602 καταστρατηγῆσαι
984 5521 1078 5579 τὸν
1110 5518 1346 5577 ιναντίον
1381 5559 1398 5588 ,
1471 5515 1564 5572 καὶ
1617 5513 1743 5577 τοὺς
1773 5535 1851 5569 σι-

262 5605 395 5689 ῖεῖινας
458 5612 684 5689 ψάμμου
732 5611 1061 5689 ἐπλήρωσε,
1119 5611 1208 5668 καὶ
1261 5608 1362 5677 τήν
1430 5605 1659 5680 ψάμμον
1719 5603 1852 5677 σίτῳ

265 5685 506 5776 ίπάχωσεν,
534 5685 613 5767 ὧς
663 5685 892 5760 δοκεεῖν
923 5700 1016 5759 τὸν
1069 5695 1232 5777 ὄγκον
1279 5698 1488 5753 ἅπαντα
1516 5698 1662 5751 σῖτον
1694 5694 1848 5751 εἶναι.

1959 3266 2020 3305 se
2050 3249 2194 3304 urbe
2221 3247 2435 3304 tradita
2467 3252 2662 3322 partes
2695 3249 2822 3321 ejus
2855 3252 3216 3305 secuturum.
3249 3247 3372 3312 Quo
3403 3244 3609 3302 nuntio

1956 3338 2184 3395 laetatus
2205 3337 2465 3404 Sclerus,
2497 3355 2630 3394 cum
2654 3337 2831 3394 ﬁdem
2863 3337 3142 3403 dedisset,
3177 3335 3274 3392 ille
3317 3351 3453 3391 cum
3485 3349 3611 3389 ma-

1951 3427 2066 3500 jori
2089 3427 2303 3482 civium
2333 3431 2390 3482 et
2440 3426 2695 3482 militum
2746 3443 2988 3482 suorum
3050 3429 3212 3498 parte
3269 3423 3605 3481 Constanti-

1958 3515 2215 3589 nopolim
2249 3515 2410 3572 abiit.
2470 3515 2700 3572 Sclerus
2747 3519 2942 3571 autem
3012 3515 3261 3570 Nicaeam
3315 3512 3467 3569 218
3526 3510 3613 3566 in-

1957 3621 2218 3677 gressus,
2271 3605 2402 3661 dolo
2450 3621 2513 3660 se
2560 3605 3026 3660 circumventum
3099 3619 3229 3658 esse
3297 3599 3604 3657 intellexit.

1956 3703 2220 3761 Cubiculi
2242 3719 2373 3760 vero
2405 3703 2755 3775 praepositus
2779 3701 2974 3759 Sclero
3033 3701 3170 3757 inde
3226 3699 3489 3771 digresso
3547 3701 3605 3753 et

1960 3795 2091 3852 urbi
2113 3793 2643 3867 appropinquante,
2676 3794 2946 3867 quamvis
2977 3792 3159 3848 animi
3216 3789 3431 3846 dubius
3485 3789 3602 3844 ba:-

1957 3887 2128 3955 reret,
2161 3887 2358 3938 tamen
2391 3886 2618 3938 mutata
2674 3883 2989 3951 sententia,
3051 3882 3298 3938 Pbocam
3354 3879 3600 3935 Bardam

1957 3974 2030 4029 ab
2061 3972 2262 4029 exsilio
2293 3977 2646 4039 revocatum,
2681 3976 2738 4028 et
2800 3971 3176 4029 sanctissimo
3216 3968 3606 4043 jurejurando

1957 4061 2348 4130 adactum,‘ut
2377 4079 2636 4134 unquam
2671 4078 2917 4136 regnum
2963 4062 3257 4132 affectare,
3285 4063 3388 4116 aut
3415 4057 3608 4116 consi-

1956 4151 2036 4208 lia
2064 4157 2267 4208 contra
2319 4151 2703 4224 imperatores
2754 4151 2904 4208 inire
2969 4151 3161 4220 vellet,
3255 4148 3609 4222 magistrum

1959 4241 2233 4314 appellat,
2265 4246 2322 4296 et
2353 4240 2620 4314 reliquiis
2641 4242 2943 4314 copiarum
2975 4238 3611 4313 preaﬁcit,pecuniaque

1956 4335 2278 4392 liberaliter
2306 4335 2679 4407 suppeditata
2708 4339 2912 4392 contra
2935 4335 3192 4391 Sclerum
3227 4333 3430 4389 mittit.
3486 4332 3608 4396 Quo

1957 4425 2055 4482 ille
2083 4425 2338 4497 cognito,
2369 4430 2494 4481 tum
2527 4425 2766 4481 demum
2820 4441 2883 4481 se
2943 4440 3144 4496 parem
3204 4421 3606 4478 adversarium

1957 4514 2296 4571 habiturum
2328 4518 2514 4584 ratus,
2565 4514 2701 4569 inde
2739 4513 3082 4585 digreditur,
3133 4515 3190 4568 et
3211 4511 3383 4582 :circa
3430 4512 3602 4563 Amo-

1957 4605 2114 4661 rium
2151 4620 2348 4676 pugna
2378 4602 2979 4674 commissasuperior
3005 4600 3217 4669 evadit,
3275 4595 3603 4670 profligatis

1957 4693 2325 4752 adversariis.
2359 4692 2642 4749 Postridie
2685 4693 2863 4748 duces
2893 4691 3254 4748 exercituum
3286 4688 3592 4742 decrevere

1957 4781 2245 4855 singulari
2283 4781 2602 4837 certamine
2647 4780 2946 4853 congredi,
2996 4781 3183 4850 deque
3219 4791 3455 4833 summa
3499 4790 3594 4830 re-

1959 4889 2091 4928 rum
2123 4871 2453 4926 decernere.
2477 4868 2710 4926 Sclerus
2741 4869 2918 4942 prior,
2975 4873 3038 4924 ut
3066 4867 3308 4940 quidam
3338 4863 3606 4930 tradunt,

1947 4968 2180 5030 ,clavam
2211 4966 2271 5022 in
2302 4965 2506 5021 Phocae
2535 4969 2714 5037 caput
2753 4965 3034 5037 impegit:
3067 4967 3125 5020 at
3166 4961 3289 5033 alii,
3321 4977 3521 5018 ensem
3543 4960 3604 5014 in

1961 5074 2094 5115 eum
2126 5055 2379 5125 libravit,
2411 5056 2510 5126 qui
2541 5072 2675 5112 cum
2708 5055 2893 5112 ictum
2918 5054 3290 5121 declinasset,
3350 5054 3610 5108 extremo

1961 5165 2101 5204 ense
2130 5163 2329 5204 aurem
2371 5146 2506 5218 equi
2546 5147 2674 5217 ejus
2714 5145 2984 5201 resecuit.
3021 5146 3088 5200 At
3143 5143 3366 5198 Phocas
3405 5142 3611 5195 contra

1962 5236 2142 5294 Scleri
2172 5235 2346 5308 capiti
2375 5234 2596 5291 clavam
2629 5237 2713 5290 ita
2738 5233 2928 5302 illisit,
2961 5238 3026 5289 ut
3069 5234 3274 5288 oborta
3327 5227 3611 5298 vertigine

1959 5327 2021 5382 in
2052 5325 2186 5398 equi
2217 5323 2431 5382 collum
2463 5324 2796 5396 prolapsum
2821 5327 2879 5379 et
2908 5325 3281 5379 cruentatum
3327 5314 3609 5373 satellites

1960 5417 2275 5488 eriperent,
2299 5430 2364 5470 ac
2393 5413 2740 5470 destitutum
2775 5412 2999 5470 viribus
3045 5427 3193 5484 equo
3246 5405 3606 5480 depositum,

1962 5513 2251 5588 sanguine
2281 5512 2545 5569 absterso
2576 5511 2649 5568 ad
2692 5510 2912 5567 fontem
2972 5509 3319 5567 reorearent.
3375 5504 3606 5558 Interea

1963 5604 2091 5674 ejus
2119 5617 2328 5673 equus.
2363 5602 2503 5658 dum
2524 5599 2612 5657 illi
2642 5600 2749 5657 hac
2780 5617 2920 5657 cura
2949 5599 3329 5670 occupantur,
3361 5591 3600 5664 elapsus

1962 5693 2091 5766 ejus
2123 5690 2396 5747 manibus
2429 5706 2463 5746 a
2489 5705 2604 5762 quo
2626 5689 2955 5760 tenebatur,
2989 5687 3114 5745 sine
3143 5697 3370 5742 sessore
3394 5680 3456 5738 in
3504 5697 3596 5737 ca-
