4156 6214
289 356 387 416 153
1541 347 1954 411 ANNALIUM
2001 350 2148 410 LIB.
2194 349 2378 411 XVII.

3552 351 3664 410 154

280 482 464 539 παίδων
544 485 642 536 τοῦ
726 482 948 556 Πέτρου,
1010 484 1150 558 φημὶ
1233 479 1370 551 δῆτα
1445 485 1542 536 τοῦ
1599 483 1903 555 Ῥωμανοῧ,

2020 482 2153 554 pide
2187 483 2338 539 ictus
2384 483 2635 539 moritur
2664 483 2886 539 statim.
2921 486 3177 538 Fratrem
3217 483 3502 538 Aaronem
3533 498 3666 537 cum

280 574 406 635 ὅστις
484 569 750 644 ἐκτομίας
823 571 912 640 ἦν,
971 575 1078 626 τῶν
1157 569 1214 626 δὲ
1296 570 1566 648 τεσσάρων
1641 571 1915 646 συγγόνων

276 669 364 717 τῶν
395 659 858 732 Κομητοπώλων,
895 662 922 715 6
977 661 1068 735 μὶν
1122 656 1290 716 Δαῦἶδ
1333 660 1566 736 τάχιστα
1613 663 1710 730 τὴν
1772 662 1915 730 ζωὴν

278 752 630 825 ἑξεμὲτρησεν,
666 751 696 806 6
761 748 814 804 δέ
868 770 929 826 γε
985 753 1228 820 Μωϋσῆς
1277 750 1372 815 τὰς
1422 749 1627 827 Σὲῥρας
1681 748 1917 824 πολιορ-

274 848 383 908 κῶν,
433 839 571 911 λίθῳ
652 839 942 914 βάλλεται,
995 841 1086 894 καὶ
1157 841 1372 910 θνήσκει
1452 839 1624 904 εὐθύς.
1683 840 1778 893 Τὸν
1861 836 1917 892 δὲ

274 930 459 1006 Ἀαρὼν
517 937 767 1004 παγγενῆ
826 934 921 985 τοῦ
983 929 1103 1006 βίου
1154 929 1404 1006 ἐξήγαγεν
1459 927 1748 1007 ὁάδελφὸς
1810 935 1913 983 Σα-

273 1019 457 1094 μουὴλ,
492 1019 528 1088 ἢ
587 1019 694 1088 τήν
756 1019 934 1096 ἀρχὴν
995 1019 1171 1092 ἑαυτῷ
1229 1019 1381 1092 μόνῳ
1434 1018 1914 1094 περιποιούμενον,

269 1109 377 1179 ξτᾶ
398 1109 691 1180 Ῥωμαίων
751 1110 1074 1184 αἱρούμενον
1135 1107 1372 1185 (λέγεται
1430 1110 1529 1185 γὰρ
1589 1109 1677 1164 καὶ
1736 1107 1914 1186 ἀμφό-

268 1205 394 1273 τερα)
433 1197 546 1259 ἑνὸς
607 1197 786 1270 μόνου
833 1201 939 1252 τῶν
990 1195 1200 1252 παίδων
1252 1195 1456 1252 ἐκείνου
1495 1198 1913 1280 περισωθέντος,

265 1289 311 1350 ὃς
338 1282 797 1364 Σφενδόσθλαϐος
841 1287 930 1342 καὶ
981 1286 1237 1359 Ἰωάννης
1286 1285 1574 1361 διωνύμως
1628 1285 1911 1358 ἐκέκλητο,

264 1378 344 1433 Καὶ
372 1379 405 1446 ἡ
433 1380 534 1442 τῆς
590 1375 938 1453 Βουλγαρίας
985 1376 1134 1452 ἀρχὴ
1189 1377 1264 1439 εἲς
1323 1376 1486 1450 μόνον
1520 1377 1776 1452 περιέστη
1821 1377 1910 1432 τὸν

264 1463 534 1538 Σαμουὴλ,
597 1467 687 1534 ὃς,
747 1471 855 1521 τῶν
905 1469 1229 1540 Ῥωμαϊκῶν
1305 1467 1722 1541 στρατευμάτων
1798 1471 1915 1530 τοῖς

263 1554 541 1633 ἐμφυλίοις
611 1555 894 1628 πολέμοις
978 1554 1432 1630 ἀσχολουμένων,
1495 1552 1674 1610 ἄδειαν
1751 1555 1914 1630 εὑρη-

261 1647 374 1712 κὼς,
430 1645 499 1699 τὰ
553 1651 662 1712 τῆς
725 1646 1038 1717 Ῥωμαϊκῆς
1114 1645 1414 1720 ἡγεμονίας
1467 1645 1722 1718 Ἐσπέρια
1779 1644 1912 1716 ξύμ-

262 1754 417 1789 παντα
455 1733 714 1809 περιῄει,
767 1734 830 1788 οὐ
880 1731 1211 1805 ληϊζόμενος
1261 1728 1446 1806 μόνον,
1478 1731 1624 1787 ἀλλὰ
1669 1735 1759 1787 καὶ
1816 1735 1912 1796 τὰς

2029 573 2186 628 omni
2221 571 2462 641 familia,
2499 590 2613 628 uno
2672 572 2831 628 illius
2864 571 2984 627 filio
3018 573 3379 637 conservato,
3431 569 3529 642 qui
3562 571 3670 625 du-

2027 660 2167 734 plici
2200 662 2434 718 nomine
2477 663 2732 718 Joannes
2764 659 3316 733 Sphandosthlavus
3348 659 3666 729 dicebatur,

2026 751 2257 807 Samuel
2291 752 2586 823 interﬁcit,
2619 753 2738 808 sive
2792 752 2943 823 quod
2989 767 3284 807 summam
3331 765 3524 805 rerum
3559 749 3668 805 sibi

2028 841 2135 896 soli
2168 842 2522 912 vendicaret,
2557 842 2675 897 sive
2708 842 2862 912 quod
2903 840 3182 896 Romanis
3242 839 3478 894 studere
3507 838 3667 894 visus

2026 935 2151 985 erat
2185 948 2197 986 :
2243 948 2377 987 nam
2414 935 2728 1002 utrumque
2748 933 2950 986 fertur.
2988 932 3041 985 Is
3072 929 3248 1000 igitur
3279 926 3670 984 SamuelBul-

2025 1037 2300 1094 garorum
2336 1022 2726 1093 principatum
2759 1019 2920 1076 solus
2963 1019 3209 1090 adeptus
3240 1019 3380 1072 dum
3421 1016 3670 1073 Romani

2027 1110 2197 1166 bellis
2247 1109 2517 1167 civilibus
2587 1109 2962 1178 distinentur,
3005 1105 3404 1163 Occidentales
3464 1122 3666 1162 eorum

2026 1200 2358 1272 provincias
2379 1216 2584 1256 omnes
2615 1200 2853 1271 impune
2887 1197 3125 1254 circuit:
3191 1214 3293 1252 nec
3351 1195 3667 1268 populatur

2024 1294 2278 1358 tantum,
2313 1291 2413 1346 sed
2445 1295 2501 1346 et
2519 1290 2783 1362 regiones
2801 1293 2854 1344 et
2880 1290 3050 1344 urbes
3086 1304 3203 1343 suae
3235 1285 3473 1342 ditionis
3504 1285 3660 1340 facit.

2025 1380 2148 1443 Qua
2179 1381 2249 1435 de
2280 1397 2458 1436 causa
2488 1380 2820 1451 imperator,
2853 1377 3099 1449 depulsa
3120 1375 3298 1432 Scleri
3330 1373 3658 1447 tyrannide,

2024 1468 2342 1524 ulciscendi
2358 1469 2587 1524 barbari
2610 1467 2926 1540 cupiditate
2948 1467 3223 1539 ﬂagrans,
3248 1464 3370 1519 suis
3386 1462 3663 1534 auspiciis

2023 1557 2241 1613 bellum
2275 1558 2324 1614 ei
2359 1558 2571 1614 inferre
2602 1557 2811 1613 statuit
2871 1555 3180 1628 Egreditur
3211 1553 3385 1626 igitur
3417 1551 3662 1608 consilio

2021 1664 2147 1718 suo,
2183 1664 2370 1719 neque
2403 1664 2536 1704 cum
2591 1647 2868 1718 magistro
2920 1646 3124 1715 Barda,
3171 1641 3557 1699 Orientalium
3589 1639 3664 1696 le-

2021 1735 2261 1808 gionum
2295 1736 2637 1806 domestico,
2687 1751 2876 1806 neque
2903 1751 3036 1790 cum
3097 1732 3214 1789 ullo
3273 1731 3384 1788 alio
3443 1732 3660 1786 ducum

264 1823 429 1898 χώρας
477 1822 595 1896 ἅμα
657 1823 754 1876 καὶ
811 1822 907 1884 τὰς
957 1820 1149 1884 πόλεις
1201 1821 1660 1897 περιποιούμενος
1713 1823 1908 1894 ἑαυτῷ.

264 1913 390 1934 "ang
428 1907 476 1934 ιιι
553 1911 618 1934 to
673 1909 952 1934 <__!-,,,c
1016 1912 1108 1934 ,1,
1170 1916 1256 1934 ,_~
1318 1909 1568 1934 πηλίκην
1629 1933 1643 1934 γ
1696 1931 1748 1934 -,,
1821 1908 1905 1934 me,

2022 1825 2404 1881 Orientalium
2437 1825 2890 1881 communicato.
2934 1823 3314 1894 Bulgarorum
3367 1821 3513 1876 ﬁnes
3537 1820 3662 1890 jam

2020 1912 2318 1934 !_.__,____,-
2378 1914 2650 1934 4___2_1_,-
2695 1914 2870 1934 l--_-
2916 1912 3224 1934 ‘l’-|:__-_-
3287 1925 3435 1934 ...Α-..ι
3495 1907 3659 1934 -..ι-..ξ

264 1913 394 1967 Ἐπεὶ
425 1907 502 1982 δὲ,
537 1911 618 1973 ὡς
673 1909 981 1988 ἱστόρηται,
1011 1912 1110 1980 τὴν
1163 1916 1261 1966 τοῦ
1316 1909 1573 1968 Σκλποοῦ
1619 1908 1908 1986 τυραννίδα

2020 1912 2343 1985 ingressus,
2377 1914 2658 1986 magistro
2695 1914 2876 1969 Leone
2916 1912 3228 1967 Melisseno
3287 1925 3436 1981 pone
3494 1907 3662 1979 sequi

266 2002 288 2053 ὁ
340 1997 592 2074 βασιλεὺς
691 2000 1028 2068 ἀπεσείσατο,
1097 1997 1246 2075 ὤργα
1310 2001 1444 2076 πρὸς
1531 1996 1734 2075 ἄμυναν
1810 2004 1907 2055 τοῦ

2020 2003 2204 2073 iusso,
2238 2004 2308 2058 ad
2342 2003 2601 2058 locorum
2633 2003 2938 2074 angustias
2971 2001 3281 2056 tutandas:
3314 1998 3440 2070 ipse
3469 1997 3665 2052 Sardi-

267 2083 544 2163 βτρϐἀρου,
591 2088 694 2143 καὶ
744 2086 817 2143 δι’
862 2090 1054 2144 ἑαυτοῦ
1095 2086 1270 2159 ἔδοξεν
1333 2089 1482 2162 αὐτῷ
1526 2089 1625 2158 τήν
1684 2087 1908 2165 ἐκστρα-

263 2177 386 2232 τείαν
433 2178 802 2248 ποιήσάσθαι.
863 2179 1094 2248 Ἔξεισιν
1155 2177 1246 2232 οὖν
1302 2180 1440 2251 μήτε
1493 2183 1574 2250 τῷ
1634 2179 1909 2255 μαγίστρῳ

262 2263 421 2342 Βέρδᾳ
464 2270 547 2337 τῷ
601 2271 802 2337 Φωκᾷ,
855 2265 1032 2322 καίτοι
1093 2264 1401 2340 δομεστίκῳ
1455 2263 1568 2323 ὄντι
1613 2273 1721 2323 τῶν
1771 2287 1904 2344 σχο-

263 2355 354 2409 λῶν
407 2357 505 2425 τῆς
560 2354 893 2420 Ἀνατολῆς,
949 2356 1072 2430 περὶ
1124 2362 1223 2425 τῆς
1269 2355 1512 2432 πράξεως
1565 2355 1909 2429 κοινωσάμε-

261 2466 354 2512 νος,
406 2447 548 2517 μήτε
613 2446 733 2516 μὴν
789 2443 955 2519 ἑτέρῳ
1012 2449 1118 2499 τῶν
1178 2446 1362 2518 Ἑῴων
1422 2445 1904 2521 στραταρχούντων

265 2531 541 2606 δυνάμεων.
577 2530 729 2603 Ἤδη
767 2531 825 2588 δὶ
877 2535 1014 2608 πρὸς
1068 2535 1136 2588 τὰ
1195 2532 1519 2610 Βουλγὰρων
1578 2533 1782 2603 εἰσιὼν,
1811 2535 1902 2589 τὸν

266 2622 534 2698 μάγιστρον
595 2622 817 2678 Λέοντα
865 2622 960 2677 τὸν
1019 2620 1365 2692 Μελισσηνὸν
1409 2623 1635 2678 κατόπιν
1695 2622 1907 2678 ἐκέλευ-

265 2731 333 2765 σεν
403 2711 560 2783 εἶναι,
633 2711 730 2766 καὶ
806 2713 902 2774 τὰς
987 2709 1295 2787 δυσχωρίας
1369 2717 1594 2787 τηρεῖν·
1652 2711 1811 2776 αὐτὸς
1862 2710 1908 2766 δ’

267 2797 500 2863 εἰσελθὼν
556 2799 633 2874 τῇ
693 2798 991 2875 πολιορκίᾳ
1043 2807 1142 2870 τῆς
1191 2797 1462 2876 Σαρδικῆς
1497 2801 1650 2875 (αὕτη
1687 2799 1732 2857 δ’
1765 2803 1904 2858 ἐστὶν

268 2887 600 2963 ἡΤριαδίτζα
666 2891 776 2961 (83)
826 2888 1123 2966 ἱπιχειρεῖν
1180 2892 1531 2964 ἡτοιμάζετο.
1586 2895 1710 2950 Τῶν
1767 2891 1908 2948 δυτι-

273 2982 363 3029 κῶν
417 2975 474 3033 δὲ
529 2980 837 3053 ταγμάτων
889 2975 1210 3050 δομίστικος
1267 2979 1340 3035 ὣν
1391 2981 1418 3034 ὁ
1449 2982 1906 3060 Κοντοστὲιρανος,

271 3067 341 3119 καὶ
369 3063 761 3142 λογισάμενος,
794 3067 870 3128 ὡς
927 3066 972 3121 εἰ
1032 3066 1354 3144 εὐτυχηθείη
1384 3069 1449 3124 τὰ
1484 3072 1581 3139 τῆς
1633 3071 1909 3142 στρατείας

271 3159 338 3226 τῷ
367 3153 600 3230 βασιλεῖ,
643 3156 744 3210 οὐκ
799 3154 859 3210 ἄν
918 3177 1050 3211 ποτε
1106 3156 1368 3213 παύσαιτο
1417 3155 1486 3213 δι’
1544 3160 1733 3215 ἑαυτοῦ
1781 3160 1910 3226 τοὺς

270 3245 526 3319 πολέμους
592 3243 997 3317 διατιθέμενος,
1031 3246 1122 3300 καὶ
1179 3244 1290 3301 οὔτ’
1337 3246 1494 3310 αὐτὸς
1538 3246 1650 3303 οὗθ’
1681 3251 1732 3303 οἱ
1793 3249 1910 3305 λοι·
1942 3230 1984 3297 CI

273 3333 349 3386 ποῖ
393 3335 740 3409 στρατάρχαι
794 3328 871 3388 ἔτι
925 3333 1072 3406 αὐτῷ
1126 3332 1293 3410 λόγου
1367 3335 1582 3392 πολλοῦ
1648 3341 1915 3412 νομισθή-

272 3440 426 3476 cev-rat
482 3421 897 3500 ἅξιοι,σφῆλαί
955 3424 1006 3477 οἱ
1065 3421 1418 3496 διιμελέτησι
1469 3427 1569 3495 τὴν
1626 3427 1911 3504 ἐπιχείρη-

268 3531 354 3581 σιν,
381 3513 466 3566 καὶ
519 3515 632 3582 τὴν
694 3512 873 3587 ὁρμὴν
928 3509 1216 3587 ἀνακόψαι.
1249 3514 1572 3588 Προσελθὼν
1633 3515 1723 3571 οὖν
1780 3518 1912 3595 φησὶ

267 3599 340 3652 τὸν
393 3599 747 3670 Μελισσηνὸν
802 3599 1080 3676 τυραννίδι
1162 3602 1478 3679 ἰπιχειρεῖν,
1538 3607 1625 3660 καὶ
1699 3606 1911 3661 ἀπιέναι

270 3687 346 3742 σὺν
405 3697 682 3767 ταχυτῆτι
764 3690 899 3766 πρὸς
975 3691 1039 3746 τὸ
1113 3694 1422 3764 Βυζάντιον,
1479 3696 1578 3764 τήν
1634 3693 1908 3770 βασιλείαν

268 3778 555 3848 καθέξοντα,
621 3778 714 3832 καὶ
773 3779 925 3848 ἠξίου
989 3780 1062 3853 μὴ
1130 3778 1377 3853 μέλλειν,
1426 3781 1793 3858 ἀναζευγνύειν
1855 3781 1914 3838 δὶ

270 3865 344 3918 καὶ
399 3869 470 3939 μὴ
537 3867 944 3942 ὑπερτίθεσθαι.
1005 3872 1175 3924 Τοῦτο
1237 3870 1328 3924 τὸν
1395 3868 1620 3944 βασιλέα
1673 3870 1910 3948 ἐτάραξε,

269 3954 344 4006 καὶ
396 3954 663 4011 ὶπὰνοδον
723 3957 954 4028 ἰσήμανε
997 3962 1076 4030 τῷ
1127 3956 1263 4030 λαῷ.
1297 3960 1356 4017 Ὁ
1415 3955 1472 4014 δέ
1523 3980 1586 4035 γε
1641 3960 1910 4033 Σαμουὴλ

269 4045 368 4104 ταῖς
425 4049 532 4100 τῶν
624 4044 792 4118 ὀρέων
869 4043 1278 4124 έμφιλοχωρῶν
1350 4053 1613 4124 κορυφαῖς
1668 4051 1755 4121 (οὐ
1805 4051 1908 4126 γὰρ

271 4126 458 4206 έθάῤῥει
597 4131 1002 4205 κατασυστάδην
1129 4137 1464 4210 μαχέσασθαι
1486 4138 1504 4211 )
1605 4137 1694 4193 καὶ
1809 4139 1908 4208 τὴν

277 4217 453 4292 ἀθρόαν
508 4223 784 4296 ἀναζυγὴν
843 4220 998 4292 ῗδὼν,
1062 4220 1268 4279 δειλίαν
1329 4224 1503 4300 ἔκρινε
1558 4227 1620 4282 τὸ
1675 4228 1911 4303 πραττό-

276 4326 438 4377 μενον,
485 4311 580 4366 καὶ
641 4309 814 4365 ἔπεισι
869 4316 986 4373 τοῖς
1041 4312 1362 4385 Ῥωμαίοις,
1416 4313 1505 4370 καὶ
1560 4319 1639 4388 τῷ
1686 4315 1907 4372 ἀνελπί-

271 4414 365 4469 στῳ
416 4399 653 4462 ἅπαντας
711 4399 1058 4476 κατεθρόησε,
1117 4401 1206 4456 καὶ
1292 4402 1367 4465 είς
1447 4405 1620 4480 φυγὴν
1698 4403 1909 4480 ἔτρεψε,

271 4484 345 4538 καὶ
396 4493 491 4558 τῆς
550 4509 611 4544 τε
666 4483 996 4565 παρεμϐολῆ
1059 4489 1342 4566 ἐκράτησε,
1404 4491 1492 4548 καί
1548 4500 1648 4563 τῆς
1707 4497 1906 4565 σκηνῆς

2019 2108 2170 2163 eam,
2212 2109 2338 2164 quae
2370 2098 2426 2148 et
2455 2092 2748 2148 Triaditza
2779 2091 3012 2160 dicitur,
3059 2089 3328 2145 obsidere
3380 2087 3661 2142 instituit.

2018 2182 2725 2254 VerumOccidentalium
2755 2181 3053 2254 legionum
3097 2177 3457 2235 domesticus
3509 2176 3662 2232 Con-

2017 2273 2428 2344 tostepbanus,
2459 2273 2721 2345 cogitans
2753 2288 2813 2326 re
2855 2271 2997 2326 bene
3027 2275 3188 2340 gesta
3243 2267 3660 2339 imperatorem

2018 2377 2322 2432 nunquam
2358 2377 2473 2416 non
2499 2363 2705 2430 suopte
2736 2359 2910 2413 ductu
2960 2362 3134 2427 atque
3177 2353 3458 2425 auspiciis
3507 2351 3662 2407 bella

2019 2449 2592 2518 administraturum,
2611 2465 2671 2504 se
2693 2446 3034 2516 ceterisque
3056 2443 3306 2500 ducibus
3323 2441 3485 2514 parvi
3507 2441 3660 2496 aesti-

2021 2539 2228 2594 matis:
2260 2554 2496 2610 operam
2525 2537 2712 2606 dedit,
2733 2540 2796 2591 ut
2817 2540 3060 2590 conatus
3084 2533 3243 2588 illius
3263 2531 3658 2598 labefactaret,

2018 2635 2191 2699 atque
2225 2629 2514 2700 impetum
2545 2626 2884 2683 retardaret.
2922 2624 3152 2680 Accedit
3194 2622 3393 2695 igitur,
3427 2625 3484 2675 et
3536 2621 3660 2675 Me-

2018 2716 2303 2774 lissenum
2336 2717 2707 2790 tyrannidem
2769 2715 3133 2770 afl'ectantein
3190 2711 3531 2767 festinanter
3577 2708 3660 2764 ire

2018 2807 2355 2877 Byzantium
2383 2808 2454 2861 ad
2489 2821 2733 2878 regnum
2765 2803 3169 2876 occupandum
3205 2801 3305 2871 ait,
3347 2817 3463 2855 non
3511 2815 3659 2854 cun-

2018 2896 2292 2951 ctandum
2317 2911 2446 2952 esse
2477 2911 2744 2964 monens,
2778 2895 2877 2950 sed
2911 2892 3055 2948 citra
3099 2906 3323 2946 moram
3374 2888 3659 2944 reducen-

2019 2985 2162 3040 dum
2185 2986 2523 3042 exercitum.
2559 2985 2616 3040 ld
2652 2985 3066 3055 imperatorem
3088 2981 3168 3035 ita
3185 2977 3568 3051 perturbavit,
3600 2979 3664 3032 ut

2019 3075 2293 3130 exercitui
2336 3074 2590 3130 reditum
2636 3071 3029 3128 denuntiaret.
3091 3069 3245 3125 220
3303 3068 3377 3122 At
3432 3064 3666 3121 Samuel

2019 3163 2328 3220 cacumina
2357 3152 2646 3219 mon-tium
2675 3161 2937 3217 insidens
2969 3162 3182 3231 (neque
3213 3155 3368 3211 enim
3401 3154 3523 3210 acie
3564 3153 3664 3209 de-

2022 3269 2256 3309 cernere
2289 3253 2561 3324 audebat)
2594 3251 2788 3306 subito
2839 3249 3104 3305 discessu
3162 3246 3309 3311 viso,
3371 3243 3668 3298 Romanos

2025 3343 2382 3415 aggreditur,
2413 3358 2561 3413 quos
2587 3345 2746 3396 metu
2778 3339 2922 3393 illud
2957 3339 3145 3393 facere
3177 3331 3592 3400 arbitrabatur,
3615 3334 3672 3386 et

2021 3427 2911 3503 inexspectataimpressionein
2945 3427 3142 3496 fugam
3187 3419 3506 3492 compellit,
3565 3435 3670 3474 nec

2024 3520 2235 3575 castris
2264 3525 2519 3589 tantum,
2553 3519 2651 3574 sed
2686 3523 2743 3573 et
2771 3513 3172 3580 tabernaculo,
3208 3516 3386 3582 atque
3417 3507 3668 3578 insigni-

2022 3609 2134 3664 bus
2166 3609 2534 3680 imperatoris
2566 3607 2807 3678 potitur,
2839 3603 2937 3674 qui
2969 3603 3202 3674 quidem
3227 3599 3319 3653 vix
3357 3597 3663 3667 Philippo-

2023 3696 2242 3768 polium
2277 3696 2496 3752 evasit:
2532 3695 2631 3751 ubi
2689 3711 2823 3749 cum
2881 3691 3278 3763 Melissenum‘
3320 3685 3660 3754 invenisset,

2020 3786 2558 3857 Contostcpbanum
2589 3783 2774 3839 iratus
2805 3777 3248 3837 contumeliosis
3279 3774 3452 3831 dictis
3501 3775 3660 3857 inse;-

2022 3878 2232 3942 ctatur,
2291 3891 2418 3945 quaa
2477 3873 2575 3929 ille
2635 3872 2837 3942 iniquo
2921 3869 3116 3925 animo
3184 3868 3372 3920 ferens
3419 3853 3660 3934 exaspe-

2020 3971 2202 4029 ratur,
2236 3963 2647 4019 effervescente
2681 3960 2797 4016 bile
2828 3959 2976 4015 solio
3007 3956 3306 4021 exsiliens,
3355 3954 3662 4009 Contoste-

2021 4053 2280 4125 phanum
2313 4069 2480 4108 coma
2505 4056 2562 4107 et
2591 4051 2774 4106 barba
2822 4048 3175 4121 prehensum
3236 4048 3402 4100 terra:
3464 4040 3661 4095 illidit.

2021 4143 2101 4198 Ex
2131 4141 2238 4197 boc
2268 4145 2668 4197 Romanarum
2704 4137 3001 4211 legionum
3063 4133 3359 4208 principes
3404 4131 3662 4202 impera-

2016 4231 2130 4286 tori
2160 4230 2315 4298 irati,
2349 4231 2573 4286 Pbocas
2604 4229 2757 4300 quod
2791 4243 2894 4299 spe
2913 4227 3302 4282 frustraretur
3321 4225 3379 4277 et
3407 4236 3500 4276 res
3521 4235 3662 4287 suae,

2019 4324 2086 4375 ut
2124 4319 2430 4391 proverbio
2465 4319 2700 4384 dicitur,
2749 4315 3111 4371 Mandraboli
3166 4327 3327 4369 more
3386 4308 3660 4383 procede-

2017 4415 2148 4465 rent
2179 4425 2192 4464 :
2227 4408 2345 4475 alii,
2381 4407 2537 4480 quod
2570 4423 2630 4463 se
2660 4404 2952 4462 contemni
2988 4403 3294 4476 putabant,
3329 4416 3443 4456 non
3503 4414 3662 4452 com-

2018 4497 2332 4554 municatis
2361 4496 2659 4554 consiliis:
2695 4495 2814 4564 alii,
2847 4494 2977 4550 aliis
3007 4493 3078 4549 de
3127 4490 3323 4548 causis
3364 4489 3424 4543 in
3483 4486 3662 4542 Char-

269 4578 382 4668 :71:-
404 4576 716 4651 βασιλικῆς,
748 4578 840 4633 καὶ
893 4582 1001 4633 τῶν
1051 4581 1392 4656 παρασήμων
1449 4588 1551 4652 τῆς
1607 4581 1905 4658 βασιλείας.

2020 4587 2184 4643 siano
2215 4586 2536 4660 congressi,
2573 4585 2819 4641 Pbocam
2853 4583 3103 4639 Bardam
3137 4580 3470 4636 diademate
3501 4591 3666 4632 orna-

273 4661 326 4718 Ὀ
360 4660 412 4718 δὲ
457 4664 714 4742 βασιλεὺς
759 4662 924 4740 μόλις
967 4665 1044 4730 εῗς
1078 4667 1529 4726 Φιλιππούπολιν
1560 4667 1905 4742 διασέσωστο,

275 4749 410 4807 κᾶκεῖ
460 4757 555 4810 τὸν
613 4753 956 4826 Μελισσηνὸν
1034 4757 1306 4832 εὑρηκὼς,
1363 4759 1500 4814 κατὰ
1555 4763 1649 4816 τοῦ
1704 4767 1908 4818 Κοντο-

278 4841 512 4927 an?de
563 4843 877 4920 ἂξώργιστο,
909 4845 997 4899 καὶ
1047 4842 1229 4921 ὕϐρεις
1266 4849 1492 4924 κατέχες
1548 4854 1643 4905 τοῦ
1691 4849 1906 4927 ἀνδρός.

279 4925 324 4979 ’0
370 4926 422 4983 δὶ
479 4929 894 5008 δυσανασχετῶν
973 4931 1319 5009 ἐτραχύνετο,
1385 4936 1475 4991 καὶ
1551 4925 1806 5007 ἀναζέσας
1881 4940 1908 4994 6

283 5013 507 5086 βασιλεὺς
561 5024 642 5093 τῷ
698 5021 856 5094 θυμῷ
915 5020 1126 5096 ὶνέθορέ
1176 5044 1234 5078 τε
1280 5029 1378 5080 τοῦ
1411 5025 1626 5102 θρόνου,
1663 5028 1750 5082 καὶ
1810 5035 1912 5098 τῆς

277 5102 432 5178 κόμης
482 5113 578 5164 τοῦ
634 5112 1082 5189 Κοντοστεφάνου
1134 5111 1466 5188 δραξάμενος
1497 5115 1585 5170 καὶ
1642 5121 1740 5171 τοῦ
1790 5122 1908 5172 πώ-

278 5211 427 5266 γωνος
481 5198 817 5276 προσέρρηξε
872 5200 962 5255 τὸν
1026 5199 1196 5276 ἄνδρα
1250 5206 1320 5277 τῇ
1528 5205 1800 5261 Ἐντεῦθεν
1857 5208 1910 5262 οἱ

279 5284 366 5335 τῶν
413 5282 689 5360 δυνάμεων
755 5291 861 5342 τῶν
921 5289 1245 5364 Ῥωμαϊκῶν
1304 5291 1736 5369 προεξάρχοντες
1799 5317 1906 5368 μη-

2017 4681 2144 4731 tum
2191 4676 2604 4749 imperatorem
2643 4673 2962 4748 appellant,
3014 4668 3358 4735 defectione,
3428 4669 3493 4720 ut
3549 4663 3663 4734 ipsi

2020 4765 2320 4836 putabant,
2354 4766 2532 4838 probe
2564 4765 2995 4822 administrata.
3037 4758 3272 4816 Sclerus
3317 4759 3512 4812 autem
3561 4751 3666 4825 qui

2026 4854 2320 4926 Babylone
2364 4854 2822 4924 custodiebatur,
2878 4855 3089 4925 praeter
3151 4863 3313 4921 spem
3401 4841 3669 4900 custodia

2019 4943 2308 4999 educitur.
2379 4945 2525 5000 Nam
2591 4949 2906 5001 Persarum
2956 4938 3202 5012 imperio
3253 4954 3286 4993 a
3327 4929 3664 4990 Sarracenis

2020 5048 2241 5102 everso,
2271 5033 2358 5089 vir
2388 5035 2627 5107 quidam
2663 5039 2860 5101 Persa,
2895 5031 3130 5088 nomine
3161 5027 3428 5099 lnargus,
3471 5021 3664 5079 verbis

2020 5123 2276 5179 concitat
2334 5125 2669 5197 populares,
2717 5123 2972 5181 suadens
3023 5124 3086 5176 ut
3131 5122 3299 5191 rupto
3367 5109 3663 5170 servitutis

2015 5212 2158 5284 jugo
2226 5230 2391 5270 arma
2449 5219 2653 5272 contra
2699 5217 3046 5271 Sarracenos
3098 5225 3159 5265 se
3203 5208 3348 5263 duce
3424 5203 3663 5258 sumant

2018 5299 2305 5360 Chosroes
2339 5320 2510 5375 porro
2543 5305 2813 5377 quamvis
2845 5317 2994 5376 saepe
3044 5315 3178 5356 cum
3230 5295 3349 5352 illis
3386 5303 3664 5361 congres-

1539 5477 1736 5539 Varias
1763 5477 2061 5544 lectiones
2088 5487 2150 5545 et
2189 5489 2380 5548 notas.

287 5597 618 5722 1i(83)at§«n;
680 5599 727 5658 δ’
755 5599 898 5658 ἐστὶν
951 5605 986 5674 ἠ
1042 5604 1361 5692 Τριαδίτζα.
1415 5611 1525 5668 Leo
1583 5611 1897 5686 Diaconus,

323 5669 432 5722 b.x
484 5675 628 5722 Hist-
689 5676 952 5722 nandum
1009 5679 1178 5722 adﬁxa
1211 5698 1224 5712 ο
1267 5680 1414 5722 Κηφὸ
1469 5683 1568 5722 ar-Au
1633 5679 1897 5722 ςῒηηκινςλυ

323 5669 433 5730 b.i
483 5669 630 5734 Hist.
689 5669 1224 5738 nondum'editm:
1266 5669 1417 5738 Κατᾶ
1469 5683 1568 5752 τὴν
1629 5669 1901 5760 Σαρδικῆν

2011 5614 2494 5694 ἐπεχωρίασενηῆν
2519 5617 2630 5694 λιαὶ
2666 5615 2974 5694 ,Ἰςραλίτζαν
3105 5608 3342 5678 Σκυθική
3402 5603 3656 5676 συνήθεια

2012 5685 2299 5759 κέκληκεν.
2331 5685 2490 5748 Infra
2519 5685 2843 5763 Τριαδίτζαν
2873 5685 3060 5747 vocat.
