4070 6216
367 331 480 390 155

1705 340 2030 406 JOANNlS
2085 345 2424 408 ZONARIE

3654 354 3775 415 156

363 476 487 530 sus,
519 462 713 514 tamen
750 476 1055 533 nunquam
1079 479 1193 519 non
1225 464 1494 524 discessit
1517 467 1774 543 inferior,
1808 473 2005 546 despe-

2119 476 2338 540 νιῶντες
2398 481 2480 550 τῷ
2558 477 2790 553 βασιλέϊ,
2856 480 2884 534 6
2941 481 3037 553 μὲν
3108 484 3303 544 Φωκᾶς
3371 478 3454 535 ὅτι
3511 478 3661 554 αύτῷ
3714 482 3775 536 αἱ

365 551 610 618 rataque
639 548 878 604 victoria
909 551 978 606 ad
1010 552 1304 610 Romanos
1322 556 1421 628 qui
1439 557 1498 612 in
1521 559 1805 616 custodiis
1845 567 2012 619 erant

363 636 664 708 confugit:
699 639 912 709 quibus
945 657 1170 699 carcere
1214 645 1464 715 eductis,
1514 665 1648 704 cum
1690 649 1884 708 Sclero
1939 653 2009 709 de

366 726 592 781 ratione
628 729 865 800 gerendi
895 729 1028 786 belli
1063 732 1200 804 agit,
1234 735 1415 806 petita
1456 737 1624 794 venia
1666 739 1832 796 malae
1888 746 2008 798 tra-

366 815 663 882 ctationis,
693 818 790 889 qui
823 819 1110 893 principio
1141 822 1290 879 bello
1313 832 1601 896 recusato,
1635 831 1869 886 tandem
1907 830 2007 888 illo

366 911 610 976 urgente
642 908 889 963 annuit:
933 911 1034 966 sed
1066 927 1133 967 ea
1165 915 1517 986 conditione,
1569 922 1632 974 ut
1681 920 1837 977 solos
1896 921 2008 978 Ro-

363 1009 571 1052 manos
596 1000 653 1051 in
683 998 866 1053 aciem
898 1000 1126 1057 educat.
1164 1003 1507 1063 Carcerihus
1543 1007 1726 1080 igitur
1771 1012 2009 1084 perqui-

364 1082 516 1152 sitis,
542 1086 611 1140 ad
649 1086 760 1142 tria
792 1087 979 1145 millia
1007 1093 1406 1151 Romanorum
1451 1101 1592 1153 sunt
1639 1082 1914 1167 inventa,“
1953 1103 2012 1156 et

365 1190 533 1230 arma
563 1175 648 1232 eis
679 1177 840 1245 data,
864 1178 966 1250 qui
998 1195 1129 1238 cum
1174 1182 1355 1240 Scleri
1405 1186 1585 1243 ductu
1615 1191 1673 1245 et
1728 1189 2010 1263 auspiciis

362 1267 571 1321 Persas
603 1265 910 1338 vicissent,
935 1286 1041 1326 nec
1089 1271 1224 1344 ipsi,
1281 1291 1388 1331 nec
1436 1276 1534 1333 ille
1590 1279 1660 1334 ad
1715 1279 2010 1337 Ghosroen

363 1354 730 1411 redeundum
765 1374 893 1414 esse
921 1363 1272 1430 statuerunt,
1304 1365 1468 1420 veriti
1503 1383 1572 1423 ne
1597 1367 1788 1424 denuo
1821 1386 1854 1424 a
1878 1373 2011 1425 Bar-

363 1443 504 1499 baro
535 1445 596 1499 in
629 1461 919 1503 carcerem
942 1451 1478 1524 compingerentur,
1501 1458 1826 1528 praisertim
1848 1461 2010 1516 tanto

361 1532 598 1588 virtutis
631 1551 748 1591 suis
782 1537 1100 1607 specimine
1129 1541 1304 1597 edito.
1339 1548 1413 1599 At
1442 1545 1727 1603 Chosroes
1771 1548 1911 1604 dum
1949 1550 2008 1606 in

360 1623 561 1695 fugam
586 1625 792 1680 intenti
829 1632 989 1697 sunt,
1022 1645 1296 1702 magnam
1321 1633 1554 1691 turbam
1590 1637 1658 1692 ad
1691 1653 1791 1694 eos
1821 1655 2014 1710 perse-

365 1712 630 1784 quendos
663 1714 883 1772 mittit:
917 1717 1016 1789 qui
1041 1719 1149 1774 etsi
1185 1737 1429 1779 numero
1460 1722 1632 1797 longe
1655 1727 2006 1798 superiores,

364 1801 679 1858 commisso
738 1804 957 1877 praelio,
1018 1809 1326 1878 pauciores
1382 1820 1693 1872 evaserunt
1739 1817 1812 1873 iis
1860 1835 2009 1890 quos

359 1891 886 1964 persequebantur,
922 1896 1152 1954 caeteris
1181 1899 1260 1954 ibi
1291 1905 1687 1960 Romanorum
1737 1906 2012 1964 manibus

369 1975 715 2037 interfectis.

2119 559 2336 628 ἐλπίδες
2415 565 2695 644 ὑπέρρεον,
2751 569 2841 625 καὶ
2897 569 2961 624 τὸ
3027 575 3127 639 τῆς
3184 570 3504 644 παροιμίας,
3564 568 3651 624 ἐπὶ
3706 569 3780 624 τὰ

2123 650 2520 728 Μανδραϐόλου
2571 661 2680 732 (84)
2731 657 2996 735 ἐχώρουν⁸
3055 660 3106 714 οἳ
3167 656 3224 714 δὲ
3273 658 3355 714 ὅτι
3417 658 3781 737 ὑπερηφάνως

2119 742 2304 805 αὐτοῖς
2356 748 2737 823 προσεφέρετο,
2793 748 2883 804 καὶ
2941 747 3041 804 οὐκ
3094 748 3368 805 ἐκοινώνει
3445 749 3593 826 σφίσι
3663 753 3778 805 τῶν

2122 830 2534 907 βουλευμάτων,
2567 836 2618 891 οἱ
2678 834 2736 892 δὲ
2789 837 2879 892 καὶ
2939 835 3009 893 δι’
3059 838 3328 914 ἕτεράττα,
3379 837 3429 894 ὲν
3490 839 3569 909 τῷ
3628 844 3782 914 Χαρ-

2119 926 2287 995 σιανῷ
2331 925 2791 1000 συναθροίζονται,
2819 925 2906 982 καὶ
2957 931 3037 1000 τῷ
3081 932 3248 998 Φωκᾷ
3296 925 3480 1003 Βάρδᾳ
3530 924 3783 1000 διάδημα

2119 1010 2444 1088 περιέθεντο,
2490 1016 2575 1070 καὶ
2634 1023 2736 1086 τῆς
2794 1015 3077 1092 βασιλείας
3135 1016 3392 1088 ἠξίωσαν,
3440 1015 3530 1072 καὶ
3590 1018 3620 1072 6
3678 1017 3783 1092 μὶν

2115 1100 2183 1155 τὰ
2236 1109 2336 1172 τῆς
2383 1103 2730 1174 ἀποστασίας,
2765 1106 2838 1168 ὡς
2889 1104 3074 1170 αύτοῖς
3119 1104 3318 1176 ἐδόκει,
3351 1104 3414 1162 ού
3459 1103 3781 1172 διετίθεντο.

2116 1192 2174 1248 Ὀ
2235 1188 2291 1247 δέ
2371 1213 2430 1267 γε
2511 1193 2764 1270 Σκὶηρὸς
2839 1194 2890 1250 ἐν
2976 1189 3264 1250 Βαϐυλῶνι
3347 1195 3784 1272 φρουρούμενος,

2120 1279 2452 1345 ἀνελπίστως
2507 1281 2746 1359 ἐξάγεται
2821 1290 2921 1354 τῆς
2977 1289 3233 1361 φρουρᾶς.
3293 1290 3402 1354 Τῆς
3480 1285 3584 1361 γὰρ
3663 1288 3781 1340 τῶν

2120 1375 2337 1447 Περσῶν
2395 1371 2576 1448 ἀρχῆς
2625 1371 3023 1444 καταλυθείσης
3084 1375 3185 1428 ὑπὸ
3252 1378 3360 1429 τῶν
3440 1377 3780 1451 Σαρακηνῶν

2118 1459 2256 1536 ἀνήρ
2303 1482 2388 1525 τις
2438 1461 2676 1538 Πέρσης,
2729 1463 2981 1537 Ἰναργος
3039 1460 3234 1536 ὄνομα,
3296 1461 3486 1538 λόγοις
3537 1483 3782 1537 παρακι-

2117 1552 2285 1620 νήσας
2334 1551 2398 1605 τὸ
2466 1551 2751 1628 Περσικὸν,
2808 1551 2980 1607 πείθει
3048 1551 3418 1623 ἀποστατῆσαι
3489 1559 3590 1623 τῆς
3663 1556 3782 1607 τῶν

2120 1643 2448 1714 Σαρακηνῶν
2495 1637 2766 1709 δουλείας,
2806 1640 2896 1695 καὶ
2946 1639 3093 1696 ὅπλα
3135 1641 3360 1717 ἄρασθαι
3416 1641 3532 1696 κατ’
3565 1641 3780 1708 αὐτῶν,

2119 1727 2283 1783 αύτοῦ
2334 1733 2430 1784 τοῦ
2471 1728 2712 1805 Ἰνάργου
2761 1734 3191 1805 στρατηγοῦντος
3238 1729 3436 1787 αὐτῶν.
3489 1728 3785 1793 Πολλάκις

2123 1818 2218 1892 μὶν
2278 1809 2369 1872 οὖν
2438 1819 2466 1873 6
2529 1819 2782 1895 Χοσρόης
2845 1824 2963 1880 τοῖς
3035 1819 3266 1895 Πέρσαις
3338 1819 3782 1894 ἀντηγωνίσατο,

2116 1908 2434 1972 τοσαυτάκις
2489 1904 2534 1962 δ’
2587 1909 2824 1978 ἡττήθη,
2859 1907 3043 1971 ὁσάκις
3096 1909 3244 1986 σφίσι
3303 1909 3619 1981 προσέμιξε,
3659 1909 3784 1980 ηκαὶ

2117 1996 2386 2073 ἀπογνοὺς
2460 1997 2594 2072 πρὸς
2657 1997 2783 2059 τοὺς
2849 1995 3192 2074 ἐμφρούρους
3254 1997 3575 2076 καταφεύγει
3641 1999 3783 2056 Ῥω-

368 2065 585 2138 μαίους,
639 2066 728 2122 καὶ
783 2068 965 2141 ἀνίησι
1027 2074 1122 2146 μὶν
1182 2075 1378 2141 αὐτοὺς
1437 2086 1538 2150 τῆς
1598 2080 1836 2156 είρκτῆς,
1897 2080 2204 2160 διαλέγεται
2239 2065 2341 2139 ’δὲ
2413 2065 2513 2157 τῷ.
2566 2084 2805 2159 Σκληρῷ
3066 2065 3168 2140 τοῦ
3226 2065 3515 2160 croup-00,.
3544 2085 3637 2142 καὶ
3702 2088 3786 2160 μὴ

363 2165 770 2227 μνησικακῆσαι
854 2164 955 2226 τῆς
1038 2165 1331 2231 κακώσεως
1407 2168 1553 2242 αύτῷ
1639 2172 1796 2241 ἀξιοῖ.
1856 2174 1912 2226 Ὁ
1964 2170 2022 2229 δὲ
2089 2174 2352 2250 πρότερον
2439 2175 2532 2247 μὲν
2612 2179 2900 2248 παρῃτεῖτο
2979 2175 3070 2230 τὸν
3131 2173 3399 2249 πόλεμον,
3459 2176 3553 2231 εἶτ’
3606 2175 3789 2252 ἐγκει-

365 2241 529 2334 μένου
588 2250 686 2300 τοῦ
742 2243 1123 2321 Βαϐυλωνίου,
1184 2256 1459 2313 κατανεύει
1527 2241 1643 2332 μὶν,
1700 2259 1790 2316 σὺν
1849 2261 2036 2336 μόνοις
2097 2241 2154 2319 δέ
2207 2269 2325 2327 τοῖς
2380 2262 2672 2337 Ῥωμαίοις
2729 2263 2996 2340 ὑπέσχετο
3040 2265 3132 2319 τὸν
3192 2263 3436 2338 πόλεμον
3497 2261 3782 2328 ὑπελθεῖν.

385 2337 699 2405 Πρευνῶντο
755 2337 935 2393 τοίνυν
993 2341 1058 2396 τὰ
1117 2339 1487 2420 δεσμωτήρια,
1541 2348 1632 2404 καὶ
1719 2351 1835 2406 ὅσοι
1913 2351 2139 2426 εὕρηντο
2223 2352 2274 2407 έν
2357 2354 2541 2416 αὐτοῖς
2600 2337 2904 2427 Ῥωμαῖοι,
2937 2352 3192 2430 ἐξήγοντο
3273 2337 3362 2409 καὶ
3441 2353 3780 2424 ὡπλίζοντο,

358 2419 448 2473 καὶ
535 2423 660 2477 ὡσεὶ
746 2425 1053 2501 τρισχίλιοι
1136 2419 1624 2508 συνηθροίσθησαν,
1684 2438 1777 2500 οὗς
1863 2419 2217 2519 παρειληφὼς
2278 2441 2306 2496 6
2367 2439 2618 2516 Σκληρὸς
2703 2419 3171 2518 έχώρησεῃκατᾶ
3224 2448 3334 2499 τῶν
3393 2448 3630 2519 Περσῶν,
3685 2445 3786 2498 καὶ

363 2504 662 2583 συμϐαλὼν
721 2519 858 2586 νικᾷ·
920 2517 1194 2591 ἀναζεῦξαι
1255 2519 1312 2577 δὲ
1369 2525 1506 2600 πρὸς
1561 2527 1652 2582 τὸν
1711 2530 1959 2604 Χοσρόην
2018 2529 2190 2586 οὐκέτ’
2221 2525 2424 2607 ἔκρινεν
2471 2528 2771 2594 οὕτάύτὸς
2800 2529 2993 2596 οὕθόἱ
3029 2553 3128 2606 μετ
3186 2533 3372 2590 αὐτοῦ.
3407 2530 3788 2591 Ἐδεδοίκεσαν

362 2599 466 2672 γὰρ
526 2601 602 2672 μὴ
653 2603 746 2656 καὶ
798 2603 950 2669 αὖθις
1009 2607 1204 2672 αὐτοὺς
1257 2599 1518 2686 καθείρξει
1551 2617 1578 2670 ὁ
1613 2599 2029 2692 βάρϐαρος,ήκαὶ
2089 2599 2303 2693 μᾶλλον
2361 2621 2444 2675 ὅτι
2494 2619 2547 2674 έν
2594 2619 2754 2695 πείρα
2782 2619 2971 2696 γέγονε
3015 2599 3116 2691 τῆς
3161 2621 3338 2678 αὐτῶν
3369 2623 3785 2699 γενναιότητος.

360 2685 602 2762 Εἶχοντο
689 2697 816 2767 γοῦν
895 2702 997 2764 τῆς
1083 2707 1275 2776 φυγῆς,
1325 2685 1415 2757 καὶ
1455 2685 1522 2759 76
1599 2685 1848 2782 Χοσρόης
1894 2685 2140 2778 ’πλῆθος
2217 2709 2293 2772 εἷς
2375 2709 2549 2764 αὐτῶν
2610 2685 2888 2782 ιπὶδὶολξὼ
2947 2685 3187 2780 ἔστειλε,
3245 2713 3332 2767 καὶ
3381 2685 3447 2767 ὀἱ
3495 2685 3788 2775 σταλέντες

360 2776 754 2856 κατειληφότες
808 2783 935 2846 τοὺς
991 2787 1306 2863 φεύγοντας,
1337 2790 1552 2848 ἐκείνων
1606 2776 1940 2872 ὑπάρχοντες
1977 2776 2415 2869 πολλαπλάσιοι,
2454 2798 2639 2872 μείους
2667 2820 2775 2855 των
2803 2798 3101 2879 φευγόντων
3135 2799 3428 2878 ἀποδρᾶναι
3461 2797 3783 2872 δεδύνηντο,

255 2905 264 2913 λ.
366 2869 474 2920 τῶν
508 2864 694 2924 ἄλλων
727 2871 839 2925 ἐκεῖ
867 2873 1158 2946 πεσόντων,
1192 2880 1282 2934 καὶ
1313 2881 1642 2955 Ῥωμαϊκαῖς
1672 2882 1942 2959 δαμέντων
1975 2887 2176 2964 χερσίν.

432 2957 552 3013 VII.
578 2959 815 3018 Sclerus
836 2961 1017 3035 igitur
1047 2983 1181 3024 cum
1215 2971 1340 3028 suis
1398 2957 1798 3033 Romanorum
1858 2979 2005 3035 ﬁnes

2189 2978 2258 3032 Z'.
2289 2981 2344 3032 Ὀ
2404 2977 2499 3051 μὶν
2561 2976 2651 3033 οὖν
2712 2979 2965 3055 Σγληρὸς
3018 2979 3106 3034 καὶ
3169 2980 3222 3034 οἱ
3252 2977 3344 3033 σὺν
3378 2978 3526 3053 αὐτῷ
3577 2979 3654 3044 εἰς
3711 2979 3786 3036 τὰ

366 3045 692 3118 ingressus,
757 3052 830 3106 ad
887 3053 1140 3113 Phocam
1195 3060 1342 3118 221
1409 3080 1471 3119 se
1542 3067 1782 3132 confert,
1833 3084 2008 3139 quem

365 3150 614 3206 regnum
675 3144 940 3210 spectare
994 3161 1062 3200 ac
1112 3149 1481 3216 tyrannidem
1534 3155 1659 3225 jam
1709 3157 2010 3214 affectasse

369 3231 667 3296 cognorat,
699 3232 757 3282 et
786 3229 921 3284 belli
953 3239 1011 3288 et
1047 3234 1311 3308 imperiis
1350 3241 1543 3299 socius
1592 3245 1846 3303 futurus.
1909 3247 2008 3304 Ille

358 3581 994 3659 chiam,leesyriam,
1053 3592 1432 3667 thniciam,
1472 3600 1860 3672 Palaestinam,
1894 3609 2008 3662 Me-

361 3673 748 3766 sopotamiam
783 3682 840 3731 et
897 3679 1204 3752 [Egyptum
1265 3687 1556 3756 attribuit,
1598 3709 1779 3763 eaque
1837 3699 2009 3766 pacta

351 3757 736 3850 jurejurando
791 3768 1003 3824 sancit.
1055 3772 1176 3836 Quo
1234 3774 1466 3832 Sclerus
1520 3779 1724 3850 fretus,
1759 3800 1893 3839 cum
1934 3786 2006 3841 ad

355 3835 526 3905 illum
560 3867 622 3906 se
653 3855 1021 3923 contulisset,
1082 3877 1148 3916 ac
1187 3863 1311 3932 jam
1374 3866 1528 3923 intra
1584 3887 1782 3928 casses
1829 3879 2006 3947 esset,

356 3937 616 4007 primum
652 3940 856 3998 habitu
882 3945 1039 4016 regio
1071 3949 1354 4020 privatur,
1385 3955 1594 4013 deinde
1624 3959 1679 4014 in
1715 3977 2005 4020 carcerem

357 4026 620 4096 conjecto
634 4032 904 4088 custodia
934 4035 1252 4095 adhibetur
1276 4057 1288 4096 :
1323 4047 1380 4099 et
1400 4045 1583 4118 copiis
1603 4047 1764 4105 illius
1782 4052 2004 4125 ascitis,

355 4114 582 4172 Phocas
613 4121 984 4188 tyrannidem
1008 4141 1175 4182 suam
1201 4129 1412 4188 firmat.
1445 4114 1748 4195 Enimvero
1770 4114 2006 4199 Sclerus

354 4203 702 4294 priusquam
756 4209 828 4264 ab
889 4211 986 4268 illo
1046 4219 1658 4294 comprehenderetur,
1717 4234 1781 4284 ut
1830 4231 1879 4286 si
1911 4249 2004 4288 res

2118 3069 2406 3141 Ῥωμαίων
2456 3067 2925 3141 έπανεληλύθεσαν
2985 3071 3128 3145 ὅρια.
3181 3071 3380 3126 Μαθὼν
3436 3067 3494 3125 δὲ
3546 3071 3638 3125 καὶ
3676 3072 3780 3126 τὸν

2121 3162 2313 3212 Φωκᾶν
2370 3155 2478 3229 ἤδη
2543 3157 2903 3233 βασιλειῶντα
2957 3160 3046 3214 καὶ
3078 3156 3394 3236 τυραννίδος
3447 3157 3778 3235 ἀρξάμενον,

2118 3245 2453 3302 ἀπονενεύκει
2510 3247 2646 3324 πρὸς
2703 3249 2796 3303 τὸν
2854 3253 3073 3318 Φωκᾶν,
3106 3249 3371 3311 κοινωνὸς
3415 3249 3574 3321 ἀξιῶν
3635 3248 3778 3303 εἶναι

1992 3377 2006 3404 ,
2117 3335 2206 3390 καὶ
2235 3340 2332 3390 τοῦ
2362 3335 2612 3410 πολέμου
2641 3337 2730 3391 καὶ
2760 3345 2859 3408 τῆς
2898 3336 3175 3406 βασιλείας
3222 3337 3416 3407 αὐτῆς.
3445 3338 3508 3395 Ὀ
3567 3334 3624 3392 δὲ
3668 3339 3776 3406 τὴν

2115 3424 2502 3502 κοινοπραγίαν
2561 3423 2797 3496 ἐδέξατο,
2827 3426 2916 3481 καὶ
2981 3425 3030 3481 εἲ
3075 3432 3184 3482 τῶν
3242 3426 3469 3504 έφέσεων
3520 3424 3778 3501 τύχοιεν,

2119 3513 2290 3587 ἑαυτῷ
2342 3514 2437 3587 μὲν
2495 3515 2595 3583 τήν
2648 3511 2901 3590 βασιλίδα
2937 3518 3044 3570 τῶν
3093 3515 3311 3572 πόλεων
3371 3513 3626 3589 ἀπένειμε
3673 3515 3772 3570 καὶ

2113 3604 2221 3658 τῶν
2278 3601 2546 3659 πλειόνων
2607 3602 2768 3659 ἐθνῶν
2819 3603 2908 3658 καὶ
2957 3609 3160 3680 χωρῶν
3206 3606 3268 3661 τὸ
3317 3605 3549 3681 κράτος·
3581 3607 3664 3676 τῷ
3716 3601 3782 3660 δὲ

2119 3691 2359 3767 Σκληρῷ
2395 3691 2777 3770 προσεκλήρου
2824 3694 2924 3763 τήν
2972 3693 3330 3771 Ἀντιόχειαν,
3377 3697 3476 3765 τήν
3521 3713 3582 3749 τε
3631 3694 3777 3750 Κοί-

2118 3779 2222 3851 λην
2283 3781 2502 3856 Συρίαν,
2561 3782 2650 3837 καὶ
2725 3781 3006 3854 Φοινίκην,
3067 3782 3157 3838 καὶ
3231 3780 3615 3853 Παλαιστίνην,
3677 3782 3778 3838 καὶ

2113 3870 2559 3944 Μεσοποταμίαν,
2625 3871 2715 3926 καὶ
2791 3869 3087 3947 Αἴγυπτον,
3153 3873 3244 3927 καὶ
3311 3873 3407 3934 τὰς
3500 3873 3782 3942 συνθήκας

2116 3958 2303 4036 ὅρκοις
2348 3964 2612 4036 καθιερῶν
2662 3957 3065 4034 ἐμπεπέδωκεν.
3122 3961 3246 4018 Ἐπὶ
3301 3960 3518 4023 τούτοις
3584 3961 3781 4038 τεθαρ-

2117 4047 2299 4124 ῥηκὼς
2358 4050 2386 4104 6
2447 4048 2722 4123 Σκληρὸς,
2753 4051 3001 4124 πρόσεισι
3052 4048 3132 4124 τῷ
3189 4055 3376 4122 Φωκᾷ.
3410 4050 3466 4103 '0
3523 4047 3568 4104 δ’
3614 4049 3780 4114 ἐντὸς

2115 4137 2327 4212 ἀρκύων
2389 4143 2585 4194 τοῦτον
2656 4133 2862 4208 λαϐὼν,
2932 4140 3238 4218 ἀφαιρεῖται
3311 4140 3404 4212 μὶν
3477 4139 3646 4193 αὐτοῦ
3703 4138 3778 4194 τὸ

2115 4234 2307 4303 σχῆμα
2338 4225 2405 4297 δὴ
2437 4228 2498 4282 τὸ
2547 4226 2845 4304 βασίλειον,
2877 4229 3212 4304 καθείργνυσι
3269 4225 3346 4302 δὲ,
3379 4229 3464 4282 καὶ
3527 4227 3781 4306 φρουρὰν

353 4292 507 4348 male
539 4295 833 4369 cessisset,
874 4307 1174 4374 receptum
1206 4307 1460 4381 aliquem
1492 4292 1732 4373 haberet
1761 4334 2003 4392 acspem

356 4381 565 4416 uol-1H.
612 4391 842 4416 mum...“
874 4394 936 4416 ..ε
996 4392 1153 4416 121:---
1189 4413 1273 4416 ,γη
1372 4405 1410 4416 κ
1757 4407 1772 4416 .

2115 4292 2261 4390 αὑτῶ
2290 4292 2649 4394 περιίστησιν.
2681 4319 2792 4396 Ὑφ’
2824 4292 3100 4373 6au16v6't
3127 4317 3217 4372 καὶ
3417 4317 3510 4416 σὺν
3539 4292 3550 4306 ι
3572 4292 3776 4390 έκείνῳ

355 4381 587 4450 salutis,
612 4391 844 4443 curarat
874 4394 938 4446 ut
996 4392 1154 4451 ﬁlius
1186 4413 1331 4455 suus
1371 4405 1693 4476 Romanus,
1724 4381 2000 4466 clam‘ar-

354 4473 713 4568 reptafuga,
749 4477 819 4532 ad
852 4478 1258 4553 imperatorem
1295 4488 1582 4564 deficeret,
1640 4473 1689 4549 at
1719 4513 1834 4568 quo
1864 4515 2000 4556 cum

351 4562 569 4633 gaudio
592 4571 869 4638 exceptus
899 4575 1008 4636 est,
1041 4577 1099 4628 et
1156 4576 1354 4633 statim
1414 4562 1695 4654 magister
1724 4562 1998 4660 designa-

350 4653 474 4722 tus,
508 4653 723 4710 Phocas
756 4663 954 4715 autem
997 4660 1288 4735 Delphina
1343 4653 1586 4740 patricio
1642 4690 1776 4731 cum
1837 4653 2000 4748 parte

353 4741 655 4837 copiarum
685 4744 1111 4837 Chrysopolim,
1155 4770 1282 4825 quas
1330 4761 1422 4815 est
1485 4777 1516 4818 e
1567 4764 1802 4837 regione
1834 4741 1998 4825 urbis

351 4829 547 4900 regite,
577 4831 780 4904 misso,
815 4835 942 4908 ipse
971 4856 1104 4897 cum
1152 4843 1371 4917 reliquo
1429 4829 1681 4910 exercitii
1729 4856 1996 4930 Abydum

332 4918 769 5022 proﬁciscitur.
803 4927 1099 4999 lmperato
1128 4948 1261 4990 vero
1317 4937 1658 5012 Delphinum
1699 4947 1771 5002 ad
1818 4918 2001 5022 δίυγ-

329 5004 607 5077 εβοροιίω
635 5014 1134 5094 castrametatum,
1169 5025 1367 5082 subito
1398 5004 1531 5085 c-um
1563 5032 1805 5091 Russico
1837 5004 1998 5094 exer-

352 5095 470 5150 citu
503 5095 743 5154 adortus
778 5100 934 5184 (nam
962 5123 1093 5164 cum
1130 5111 1461 5173 Uladimorc
1519 5121 1726 5178 ducem
1771 5140 1996 5196 eorum,

353 5201 552 5287 sorore
593 5189 766 5287 'Anna
807 5195 1004 5266 ducta,
1065 5200 1410 5260 afﬁnitatem
1461 5208 1760 5279 junxerat,
1821 5189 1996 5287 atque

348 5273 566 5331 auxilia
588 5275 724 5334 inde
755 5283 1143 5360 accersierat),
1178 5273 1651 5356 hostibus'facile
1680 5273 1994 5377 superatis,

2112 4408 2362 4483 στρατιὰν
2408 4407 2799 4481 ποιησάμενος,
2846 4411 2944 4461 τοῦ
2991 4405 3325 4484 τυραννεύειν
3395 4402 3577 4482 εἶ’χετο
3635 4425 3780 4480 κρα-

2108 4495 2409 4573 ταιότερον.
2439 4498 2501 4555 Ὀ
2534 4497 2713 4570 μέντοι
2746 4494 3021 4572 Σκληρὸς,
3053 4496 3542 4572 προμηθευόμενος
3591 4495 3780 4568 ἑαυτῷ

2108 4585 2244 4658 πρὸς
2298 4585 2361 4640 τὸ
2418 4584 2622 4658 μέλλον
2681 4584 2732 4656 ἐξ
2792 4585 3094 4661 ἀποτυχίας
3151 4583 3426 4658 σωτηρίαν
3483 4584 3621 4652 τινὰ,
3659 4585 3778 4659 πρὸ

2107 4679 2204 4730 τοῦ
2250 4676 2650 4751 κατασχεθῆναι
2700 4673 2836 4749 πρὸς
2881 4675 2979 4729 τοῦ
3023 4679 3212 4748 Φωκᾶ,
3242 4673 3335 4730 τὸν
3385 4674 3500 4728 υἱὸν
3546 4679 3777 4747 Ῥωμα-

2106 4765 2197 4819 νὸν
2257 4763 2429 4841 λάθρα
2492 4770 2679 4844 φυγεῖν
2737 4762 3153 4837 παρεσκεύασεν,
3217 4765 3292 4825 ὡς
3349 4759 3776 4836 αύτομολοῦντο

2105 4859 2184 4927 τῷ
2239 4853 2472 4930 βασιλεῖ,
2505 4855 2566 4917 ὃς
2619 4852 2709 4909 καὶ
2766 4857 3084 4930 περιχαρῶς
3114 4854 3260 4926 παρὰ
3301 4855 3400 4907 τοῦ
3429 4855 3778 4928 κρατοῦντος

2109 4941 2330 5021 ἐδέχθη,
2384 4945 2475 5000 καὶ
2553 4944 2848 5020 μάγιστρος
2923 4942 3158 5016 ἐτιμήθη
3215 4941 3394 5006 εὐθύς.
3453 4943 3514 4999 Ὁ
3570 4945 3780 5005 Φωκᾶς

2109 5030 2185 5103 δὲ,
2219 5032 2524 5110 ἀπόμοιράν
2555 5053 2678 5088 τινα
2730 5038 2833 5103 τῆς
2886 5036 3138 5109 στρατιᾶς
3194 5030 3298 5087 ὑπὸ
3355 5031 3447 5086 τὸν
3479 5027 3777 5104 πατρίκιον

2103 5123 2263 5194 τάξας
2316 5123 2408 5177 τὸν
2467 5119 2751 5196 Δελφινᾶν,
2788 5118 2863 5183 εῗς
2919 5122 3018 5191 τήν
3080 5118 3298 5196 ἀντικρὺ
3347 5125 3447 5189 τῆς
3481 5115 3780 5195 βασιλίδος

2106 5211 2370 5286 ἐκπέμπει
2402 5208 2770 5288 Χρυσόπολιν,
2792 5209 2952 5273 αὑτὸς
2986 5207 3044 5265 δέ
3093 5208 3186 5265 σὺν
3233 5213 3302 5283 τῇ
3335 5206 3508 5283 λοιπῇ
3541 5205 3776 5282 δυνάμει

2104 5301 2326 5382 ἀφίκετο
2410 5301 2549 5376 πρὸς
2629 5300 2730 5370 τὴν
2788 5295 3054 5358 νΔϐυδον.
3115 5302 3210 5372 Τῷ
3294 5297 3481 5372 μέντοι
3532 5296 3776 5376 Δελφινᾷ

1606 5473 1811 5538 Variae
1843 5475 2143 5540 lectiones
2171 5483 2234 5540 et
2280 5483 2471 5541 nota).

421 5582 533 5657 (84)
563 5582 801 5686 Ἐπξᾼτᾶ
854 5589 1277 5673 Μανδραϐολου.
1314 5604 1459 5663 Vide
1513 5610 1906 5683 Apostolium,
1963 5629 2005 5672 οι

2115 5613 2229 5672 iris
2289 5616 2347 5686 8,
2406 5631 2466 5671 n.
2524 5614 2620 5685 95,
2677 5616 2738 5671 et
2792 5611 3172 5673 Msumcum
3228 5609 3303 5667 ad
3357 5608 3772 5682 Harpo‘cratic-

351 5686 509 5747 nem,
534 5688 594 5747 p.
624 5674 748 5736 148.
