4156 6214
518 333 634 393 159

1867 332 2193 394 JOANNIS
2239 333 2579 395 ZONARJE

3807 341 3909 401 £60

513 467 707 539 priore
737 467 1009 524 instituto
1063 484 1175 523 non
1235 468 1558 539 recedebat,
1610 482 1858 540 regnum
1919 483 2153 539 propere

2281 463 2574 540 βασιλικῆς
2631 461 2933 542 ἁϐρότητος
3003 467 3388 546 κατεφρόνησε,
3435 469 3523 522 καὶ
3597 472 3704 523 τῶν
3774 469 3908 546 λαμ-

506 557 916 613 -alI'ectaturus.
951 558 1062 613 Sed
1121 557 1194 613 ab
1239 558 1558 630 imperator
1588 574 1692 629 per
1719 557 1944 613 litteras
1977 555 2167 611 moni-

511 650 633 716 tus,
667 650 732 702 ut
758 648 993 703 tandem
1020 648 1236 703 omissa
1277 647 1702 720 desperatione,
1737 646 2164 703 continentium

513 735 798 793 bellorum
865 741 1067 793 auctor
1119 753 1246 793 esse
1307 737 1616 808 desineret,
1704 753 1890 809 neque
1949 740 2164 792 terram

514 826 804 898 sanguine
834 825 1139 897 pollueret,
1173 842 1358 898 eoque
1401 825 1908 882 Christianorum:
1945 841 2076 881 cum
2109 828 2165 880 et

515 921 812 974 senectute
836 919 963 989 jam
991 917 1374 990 afﬂigeretur,
1398 922 1455 974 et
1512 933 1678 990 spem
1739 935 1850 974 non
1882 917 2161 990 optimam

512 1004 752 1073 foveret,
785 1024 889 1074 per
940 1006 1240 1079 pactiones
1280 1007 1352 1063 ad
1412 1007 1578 1062 illum
1637 1023 1699 1063 se
1753 1008 2019 1063 confert:
2062 1006 2162 1079 qui

513 1111 648 1152 cum
684 1095 741 1150 in
764 1097 924 1168 regio
957 1095 1338 1154 tabernaculo
1372 1098 1582 1153 sedens
1612 1096 1872 1152 Sclerum
1905 1089 2161 1169 peditem

509 1185 784 1241 accedere
807 1185 1052 1254 videret,
1088 1187 1364 1260 utrinque
1407 1187 1737 1259 suﬂ‘ultum,
1795 1202 1928 1242 cum
1961 1186 2032 1242 ob
2064 1201 2160 1242 se-

507 1273 696 1342 nium,
721 1277 848 1330 tum
883 1276 955 1330 ob
996 1276 1209 1332 molem
1255 1277 1513 1349 corporis
1547 1276 1808 1349 (grandis
1838 1275 1990 1332 enim
2015 1275 2159 1348 erat)

507 1362 866 1419 celebratum
899 1364 1041 1420 illud
1077 1364 1297 1423 dixisse
1347 1367 1531 1422 fertur
1561 1382 1574 1421 :
1610 1367 1781 1434 Quem
1839 1367 2158 1433 timueram,

507 1451 556 1507 is
585 1453 655 1507 ad
684 1470 769 1510 me
796 1471 969 1510 manu
999 1455 1236 1510 ducitur.
1271 1454 1378 1510 Alii
1407 1458 1668 1510 Sclerum
1700 1456 1760 1510 in
1790 1454 1890 1510 illo
1920 1470 2160 1511 accessu

507 1541 580 1596 ad
614 1541 1028 1613 imperatorem
1053 1543 1246 1599 visum
1280 1542 1551 1599 amisisse
1600 1544 1814 1612 ferunt,
1874 1559 2057 1616 eaque
2089 1543 2159 1598 de

512 1646 690 1686 causa
722 1633 1067 1688 ductoribus
1095 1633 1276 1689 fuisse
1309 1637 1654 1688 usum.Cum
1689 1650 1868 1706 prope
1892 1633 2162 1689 taberna-

507 1718 708 1774 culum
734 1722 1012 1790 venisset,
1047 1720 1366 1793 imperator
1395 1722 1546 1778 223
1593 1721 2019 1778 animadversis
2049 1739 2156 1794 pu-

506 1808 690 1865 niceis
738 1809 800 1866 in
851 1827 916 1866 eo
968 1810 1178 1866 calceis
1223 1811 1383 1879 (nam
1436 1815 1640 1868 cwtera
1687 1811 1943 1884 insignia
2000 1811 2160 1884 regia
2191 1844 2236 1908 B

507 1897 878 1969 deposuerat,
909 1898 1122 1956 calceis
1151 1899 1293 1956 solis
1324 1900 1443 1955 sive
1491 1918 1594 1972 per
1636 1901 2006 1971 oblivionem,
2035 1900 2154 1957 sive

508 2001 614 2056 per
642 1987 1089 2060 incogitantiam
1122 1989 1384 2062 retentis)
1429 1990 1631 2046 statim
1678 1989 1886 2046 avertit
1931 1989 2153 2058 oculos,

509 2091 698 2146 neque
719 2093 851 2132 cum
885 2094 950 2133 eo
985 2077 1099 2133 nisi
1121 2077 1320 2134 habitu
1339 2077 1547 2150 privati
1565 2078 1817 2150 colloqui
1847 2079 2153 2136 sustinuit.

506 2167 648 2220 Cum
705 2165 886 2238 igitur
936 2171 1070 2223 ante
1129 2168 1575 2224 tabernaculum
1642 2168 1963 2226 invidiosos
2021 2167 2154 2224 illos

506 2253 732 2310 calceos
762 2255 1094 2327 abjecisset,
1127 2257 1393 2329 ingresso
1438 2257 1758 2330 imperator
1809 2258 2152 2330 assurrexit,

505 2349 889 2416 porrectaque
919 2347 1177 2413 dextera,
1202 2346 1545 2418 collocutus,
1571 2351 1628 2403 et
1676 2349 1876 2404 eadem
1913 2352 2156 2420 uterque

506 2449 708 2488 mensa
744 2451 888 2490 usus
914 2439 1024 2502 est,
1059 2440 1236 2507 atque
1267 2453 1334 2492 ex
1382 2438 1588 2492 eodem
1647 2437 1823 2493 calice
1855 2438 2151 2493 biberunt.

507 2520 626 2577 Hoc
658 2523 831 2578 modo
864 2523 1054 2596 scpita
1085 2524 1265 2580 Scleri
1297 2525 1626 2597 tyrannide,
1660 2526 1787 2598 ipse
1817 2526 2156 2598 curopalata

505 2615 596 2665 est
628 2611 992 2683 designatus,
1036 2618 1092 2668 et
1121 2629 1295 2684 quem
1347 2614 1593 2686 quisque
1641 2616 1978 2686 adjutorum
2025 2616 2154 2685 ejus

507 2699 813 2770 dignitatis
832 2705 889 2756 et
913 2701 1220 2773 potestatis
1237 2704 1730 2775 gradum,quasve
1751 2705 2153 2776 possessiones

506 2787 580 2843 ab
613 2787 710 2843 illo
744 2795 1026 2861 regnante
1057 2796 1381 2863 acceperat,
1411 2809 1481 2848 ea
1536 2793 1783 2849 retinere
1821 2793 2004 2850 licuit.
2037 2795 2152 2849 Im-

504 2881 740 2947 perator
767 2881 926 2934 curis
979 2880 1370 2936 defectionum
1429 2880 1675 2951 levatus,
1727 2883 1788 2938 in
1844 2883 2152 2939 Thraciam

504 2967 669 3032 abiit,
702 2971 758 3022 et
787 2968 1267 3026 Thessalonicam
1311 2971 1580 3040 accessit,
1615 2975 1678 3027 ut
1737 2971 1948 3028 celebri
2004 2989 2154 3028 mar-

501 3055 610 3127 tyri
637 3056 854 3127 gratias
886 3063 1104 3129 ageret,
1136 3058 1338 3130 ibique
1357 3059 1479 3115 viro
1509 3059 1723 3116 illustri
1753 3078 1886 3116 cum
1921 3062 2150 3132 magnis

502 3144 688 3214 copiis
719 3146 865 3201 duce
899 3146 1101 3204 relicto
1129 3149 1200 3204 ad
1252 3149 1624 3205 excursiones
1669 3149 1960 3207 Samuelis
1991 3167 2150 3207 coer-

504 3210 742 3300 cendas,
781 3235 1120 3306 Byzantium
1182 3238 1527 3309 regreditur.
1586 3239 1724 3294 Inde
1773 3240 1830 3294 in
1900 3240 2147 3296 lberiam
2180 3210 2224 3279 α

508 3321 922 3394 proficiscitur,
945 3324 1166 3381 Davide
1183 3327 1516 3398 curopalata
1550 3332 1802 3397 mortuo,
1825 3347 1858 3385 a
1889 3346 2002 3400 quo
2020 3331 2149 3400 ejus

502 3409 742 3467 ditionis
773 3411 955 3468 haeres
985 3413 1702 3487 institutusfuerat,quam
1733 3417 1830 3473 ille
1856 3423 2143 3474 tenuerat.

503 3497 589 3553 Ibi
633 3499 836 3556 relicta
893 3502 1006 3558 sibi
1065 3504 1288 3560 ditione
1318 3510 1618 3576 occupata,
1652 3522 1786 3562 cum
1832 3507 2145 3581 Georgium

501 3587 739 3644 Davidis
771 3590 1008 3647 fratrem
1040 3592 1337 3649 interioris
1379 3593 1575 3650 Iberiae
1607 3594 1930 3669 principem
1990 3615 2144 3654 com-

501 3677 849 3750 pescuisset,
885 3684 950 3735 ut
1008 3681 1132 3737 suis
1187 3682 1406 3738 ﬁnibus
1461 3687 1771 3741 contentus
1819 3692 1996 3753 esset,
2031 3687 2146 3744 {ilio

501 3767 629 3835 ejus
660 3768 864 3824 obside
888 3775 1123 3842 accepto
1150 3771 1538 3828 :Phoeniciam
1571 3774 1803 3841 adiit,et
1823 3775 2144 3848 principem

502 3855 958 3927 Tripolitanum,
994 3860 1447 3928 Damascenum,
1468 3863 1707 3931 Tyrium
1743 3867 1798 3919 et
1827 3864 2146 3936 Berytium,

503 3945 604 4014 qui
624 3945 1057 4017 conspiratione
1088 3948 1254 4019 inita,
1277 3951 1566 4022 Daphneae
1595 3951 1912 4006 Antiochiae
1944 3969 2146 4025 agrum

502 4031 944 4091 incursionibus
975 4038 1282 4105 vexabant,
1327 4039 1604 4110 coercuit,
1627 4044 1684 4094 et
1714 4040 1991 4098 Romanis
2023 4059 2148 4098 ser-

501 4121 624 4176 vire
655 4122 859 4191 coegit,
893 4124 1266 4197 acceptisque
1324 4127 1395 4182 ab
1449 4127 1541 4182 his
1595 4128 1771 4184 etiam
1821 4130 2146 4203 obsidibus,

503 4207 746 4266 domum
776 4211 968 4267 rediit.
1004 4213 1073 4268 Et
1095 4212 1204 4270 hoc
1236 4215 1473 4286 quidem
1509 4215 1592 4271 ita
1619 4232 1680 4272 se
1718 4216 2071 4276 habuerunt.

2277 560 2425 630 πρῶν
2524 552 2916 632 ἑπιϐλημάτων
3009 556 3298 634 ἀπέσχετο,
3373 556 3465 612 καὶ
3551 557 3906 634 γλυκυθυμία-θ

2276 646 2480 700 ἅπασαν
2513 647 2852 716 ἀπεσείσατο,
2879 646 2968 702 καί
3018 668 3102 702 τοι
3160 648 3354 725 πρώην
3413 648 3490 721 μή
3550 646 3689 701 οὕτω
3749 649 3903 724 βιοὺς,

2275 733 2419 789 ἀλλὰ
2447 737 2533 791 καὶ
2567 735 2785 812 ἐρώτων
2812 736 3150 811 ἡττώμενος,
3185 737 3274 792 καὶ
3306 738 3527 810 κώμοις
3557 738 3644 791 καὶ
3693 745 3902 814 τρυφαῖς

2274 823 2455 879 ἑαυτὸν
2485 824 2732 890 ἐκδιδοὺς
2773 827 2863 882 καὶ
2916 826 3191 903 βασιλείας
3237 825 3618 901 περιττότησιν
3662 825 3902 902 ἐνηδόμε-

2271 933 2384 976 νος.
2431 916 2638 989 Ἑαυτῷ
2697 914 2755 972 δὲ
2814 918 2966 990 μόνῳ
3020 915 3460 993 προσκληρώσας
3503 917 3606 986 τὴν
3663 915 3903 992 ἐξουσίαν,

2269 1007 2364 1078 τοῦ
2403 1004 2669 1079 ὀνόματος
2705 1005 2866 1079 μόνον
2897 1013 2998 1076 τῆς
3040 1003 3316 1082 βασιλείας
3364 1007 3458 1060 καὶ
3506 1009 3604 1060 τοῦ
3652 1003 3904 1081 ἐπισήμου

2270 1095 2568 1169 χρώματος
2604 1093 2890 1169 μετεδίδου
2917 1100 2997 1169 τῷ
3028 1092 3271 1174 ἀδελφῷ,
3304 1094 3395 1150 καί
3426 1116 3549 1150 τινα
3599 1091 3901 1174 δορυφορίαν

2271 1181 2459 1257 ἐκείνῳ
2519 1185 2763 1257 ἀπέταξε,
2819 1186 3079 1262 βραχεῖαν
3133 1186 3319 1259 μέντοι
3375 1184 3469 1240 καὶ
3531 1185 3643 1260 οὐχ
3699 1185 3901 1263 ὑπέρογ-

2269 1292 2386 1328 κον.
2421 1274 2480 1331 Ὁ
2539 1271 2596 1328 δὲ
2634 1269 2811 1352 ἔφερε,
2850 1274 2940 1329 καὶ
2999 1273 3098 1329 οὐκ
3145 1269 3488 1353 ἠμφισϐήτει
3544 1279 3624 1346 τῷ
3684 1272 3903 1352 ἀδελφῷ,

2268 1359 2436 1429 ἤθους
2475 1361 2758 1436 ἀνειμένου
2804 1363 3013 1439 τυχὼν,
3047 1363 3222 1436 οἶμαι,
3253 1363 3343 1417 καὶ
3395 1362 3608 1439 χαίρων
3664 1364 3905 1440 ὑγροτέρᾳ

2273 1454 2384 1524 ζωῇ
2434 1453 2520 1506 καὶ
2575 1450 2816 1529 διαγωγῇ
2847 1457 3104 1531 τρυφερᾷ,
3137 1451 3224 1507 καὶ
3283 1454 3480 1525 Θήραις
3542 1453 3629 1507 καὶ
3689 1453 3903 1522 ἡλικιω-

2267 1541 2374 1594 τῶν
2407 1540 2662 1611 συνουσίᾳ
2687 1543 2794 1594 τῶν
2829 1541 2910 1603 οἷς
2942 1539 3312 1617 συνετρέφετο.
3345 1541 3440 1598 Τὼ
3505 1540 3598 1614 μὶν
3642 1539 3729 1595 οὖν
3757 1539 3900 1598 ἀδελ-

2269 1628 2354 1703 φὼ
2396 1627 2484 1682 καὶ
2533 1625 2697 1706 ἄμφω
2745 1627 2961 1704 εἰχέτην
3008 1628 3207 1690 οὕτως.
3239 1630 3297 1686 Ὀ
3329 1626 3389 1682 δέ
3425 1650 3490 1703 γε
3520 1628 3786 1702 Σκληρὸς,
3815 1635 3900 1686 τοῦ

2270 1723 2439 1771 Φωκᾶ
2513 1717 2785 1787 θανόντος,
2842 1717 3023 1793 λυθεὶς
3086 1721 3186 1783 τῆς
3239 1717 3506 1798 Δεῖρκτῆς,
3566 1716 3743 1794 εἷ’χετο
3821 1720 3897 1776 καὶ

2267 1803 2419 1870 αὖθις
2444 1811 2540 1861 τοῦ
2570 1806 2697 1882 πρὶν
2738 1806 3159 1882 ἐγχειρήματος,
3190 1794 3280 1861 καὶ
3327 1814 3613 1882 τυραννεῖν
3668 1809 3752 1863 καὶ
3806 1809 3898 1864 πά-

2267 1892 2352 1949 λιν
2383 1895 2482 1950 οὖκ
2509 1891 2946 1954 ἀνεϐάλλετο.ὐ
3003 1894 3061 1951 δὲ
3122 1895 3379 1971 βασιλεὺς
3447 1897 3728 1974 γράμμασι
3781 1899 3900 1973 πρὸς

2265 1984 2422 2039 αὐτὸν
2519 1985 2906 2062 έγχαραχθεῖσι
2998 1986 3224 2062 παρῄνει
3318 1987 3412 2041 τὸν
3527 1984 3693 2064 ἄνδρα
3776 1989 3898 2042 παύ-

2267 2086 2454 2139 σασθαι
2514 2081 2615 2144 τῆς
2671 2075 2926 2137 ἀπονοίας
2984 2076 3137 2148 ποτὲ,
3195 2075 3285 2130 καὶ
3347 2076 3428 2149 μή
3488 2074 3570 2130 ἀεὶ
3632 2075 3896 2152 βούλεσθαι

2264 2163 2436 2220 αἷάιιον
2469 2165 2595 2220 εἶναι
2626 2163 2887 2238 πολέμων
2921 2164 3232 2241 ὁμογενέσι,
3262 2167 3350 2220 καὶ
3415 2164 3519 2249 τὴν
3575 2173 3677 2242 γῆν
3727 2165 3897 2241 αῖμασι

2265 2253 2528 2330 χραίνειν,
2558 2255 2648 2309 καὶ
2676 2253 2889 2318 τούτοις
2917 2259 3278 2330 Χριστιανῶν.
3312 2256 3375 2313 Ὀ
3444 2251 3503 2308 δὲ
3551 2259 3632 2327 τῷ
3681 2276 3737 2310 τε
3778 2258 3904 2330 γήρᾳ

2262 2342 2603 2419 τρυχόμενος
2649 2341 2785 2414 ἤδη,
2841 2345 2928 2398 καὶ
3001 2345 3140 2419 πρὸς
3195 2345 3257 2399 τὸ
3321 2341 3543 2417 μέλλον
3597 2343 3899 2420 ἰλιγγιάσας,

2265 2429 2567 2502 σπένδεται,
2597 2432 2689 2487 καί
2735 2433 2980 2509 πρόσεισι
3022 2437 3102 2504 τῷ
3151 2432 3479 2507 κρατοῦντιο
3531 2433 3766 2498 κάκεῖνος
3811 2434 3896 2488 ὑπὸ

2265 2523 2470 2592 σκηνὴν
2500 2529 2738 2592 καθῆστο
2773 2520 3073 2596 βασίλειον,
3105 2521 3198 2576 καὶ
3232 2523 3259 2576 ὁ
3293 2521 3558 2593 Σκληρὸς
3614 2520 3772 2599 βάδην
3821 2520 3893 2596 ᾔει

2263 2612 2398 2688 πρὸς
2440 2612 2539 2680 τήν
2600 2612 2828 2684 σκηνὴν,
2893 2608 3370 2688 ὑπερερειδόμενος
3459 2611 3791 2688 ἑκατέρωθεν,
3841 2613 3893 2666 τὸ

2268 2700 2450 2775 μέντοι
2484 2698 2573 2754 διὰ
2599 2700 2660 2754 τὸ
2684 2706 2880 2774 γῆρας,
2909 2700 2972 2755 τὸ
3005 2698 3061 2754 δὲ
3093 2698 3182 2755 διὰ
3207 2701 3299 2755 τὸν
3325 2696 3499 2777 ὄγκον
3531 2705 3625 2756 τοῦ
3668 2701 3893 2774 σώματος

2264 2790 2350 2864 (ἦν
2383 2789 2484 2866 γὰρ
2514 2789 2834 2864 εὐμεγέθης)
2861 2788 2950 2844 ὅτε
2977 2789 3067 2844 καὶ
3097 2791 3159 2845 τὸ
3204 2787 3476 2864 ᾀδόμενον
3524 2791 3689 2846 εἰπεῖν
3736 2791 3760 2846 ὁ
3810 2792 3890 2866 βα-

2265 2878 2446 2942 σιλεὺς
2507 2877 2792 2941 Βασίλειος
2875 2876 3108 2956 λέγεται·
3185 2882 3280 2937 Ὃν
3360 2877 3678 2950 ἐδεδοίκειν,
3747 2900 3893 2956 προσ-

2263 2969 2444 3043 άγεταί
2524 2989 2615 3042 μοι
2690 2968 3224 3045 χειραγωγούμενος.
3268 2969 3336 3026 Οἱ
3386 2966 3454 3024 δὲ
3512 2968 3731 3044 ἀορασίᾳ
3765 2966 3892 3040 πλη·

2260 3059 2420 3134 γῆναί
2495 3079 2622 3135 φασι
2676 3057 2768 3112 τὸν
2829 3055 3081 3133 Σκληρὸν
3143 3057 3196 3113 έν
3245 3063 3326 3131 τῷ
3366 3057 3588 3114 ἀπιέναι
3641 3059 3768 3135 πρὸς
3816 3059 3893 3113 τὸν

2261 3146 2649 3223 αὐτοκράτορα,
2699 3145 2788 3201 καὶ
2863 3143 2953 3200 διὰ
3033 3144 3193 3202 τοῦτο
3259 3150 3734 3224 χειραγωγεῖσθαι.
3785 3149 3888 3222 Ἐγ-

2259 3237 2508 3313 γίσαντος
2559 3233 2617 3291 δὲ
2661 3239 2759 3290 τοῦ
2790 3232 2985 3311 ἀνδρὸς
3015 3239 3084 3312 τῇ
3118 3240 3318 3311 σκηνῇ,
3348 3239 3688 3309 κατανοήσας
3736 3238 3762 3292 ὁ
3813 3237 3888 3311 βα-

2257 3325 2439 3389 σιλεὺς
2499 3325 2576 3381 ἔτι
2630 3324 2760 3387 τοὺς
2803 3322 2972 3387 πόδας
3027 3326 3192 3381 αὐτοῦ
3253 3324 3664 3401 ὑποδυομένους
3702 3323 3884 3395 ὑποδή-

2260 3419 2677 3494 μασιφοινικοῖς
2707 3415 2790 3487 (τὰ
2823 3415 2915 3487 μὶν
2947 3415 3046 3491 γὰρ
3093 3412 3244 3473 ἄλλα
3287 3423 3388 3486 τῆς
3442 3416 3718 3493 βασιλείας
3760 3436 3882 3489 γνω-

2257 3505 2491 3582 ρίσματα
2558 3506 2586 3558 ὁ
2646 3502 2898 3580 Σκληρὸς
2953 3502 3277 3578 ἀπεδύσατο,
3331 3505 3397 3560 τὰ
3457 3504 3517 3562 δέ
3589 3527 3650 3582 γε
3708 3502 3882 3561 πέδιλα

2255 3597 2358 3651 οὐκ
2431 3595 2681 3662 ἀπέθετο,
2733 3593 2770 3662 ἢ
2827 3594 2930 3670 γὰρ
3009 3593 3189 3650 λάθετ’
3240 3594 3277 3664 ἢ
3337 3594 3438 3650 οὐκ
3516 3595 3724 3667 ἐνόησεν
3785 3595 3882 3665 (86)

2256 3683 2517 3757 ἆπέστεψε
2561 3684 2658 3744 τὰς
2705 3678 2856 3754 ὄψεις
2907 3682 3086 3753 εὐθὺς,
3123 3685 3198 3758 μὴ
3237 3682 3426 3748 ἄλλως
3459 3687 3609 3758 αὐτῷ
3664 3683 3880 3758 ἐντυχεῖν

2257 3771 2584 3848 ἀνεχόμενος
2626 3771 2672 3826 εἰ
2725 3773 2801 3845 μὴ
2857 3772 2908 3828 έν
2962 3770 3188 3828 ῒδιώτου
3222 3772 3415 3848 στολῇ.
3449 3777 3510 3832 Ὁ
3541 3772 3617 3845 δὲ,
3650 3773 3747 3848 πρὸ
3797 3776 3883 3839 τῆς

2255 3868 2457 3932 σκηνῆς
2498 3859 2800 3936 ἀπορῥίψας
2848 3860 2915 3916 τὰ
2973 3861 3234 3940 ἐπίφθονα
3288 3860 3512 3933 πέδιλα,
3561 3861 3726 3925 οὕτως
3780 3858 3884 3915 ὑπέ-

2259 3947 2320 4005 δυ
2378 3949 2564 4018 αὐτὴν,
2596 3949 2686 4004 καὶ
2745 3950 2772 4004 ὁ
2830 3950 3085 4026 βασιλεὺς
3142 3951 3541 4023 ἐξανέστη,καὶ
3595 3953 3684 4008 τὸν
3741 3947 3883 4021 ἄνδρα

2260 4037 2601 4111 ἐδεξιώσατο,
2631 4039 2722 4094 καὶ
2780 4039 3144 4112 ὡμιλησάτην
3205 4039 3506 4112 ἀλλήλοιν,
3561 4041 3648 4096 καὶ
3692 4037 3886 4096 ἐκοινώ·

2257 4150 2384 4184 σατο
2440 4129 2730 4204 τραπέζης,
2788 4127 2878 4183 καὶ
2935 4128 3151 4200 έπιέτην
3199 4129 3258 4186 ἐκ
3301 4137 3401 4200 τῆς
3432 4130 3603 4202 αὐτῆς
3661 4127 3882 4189 κύλικος.

2255 4223 2458 4275 Τοῦτον
2519 4218 2613 4291 μὶν
2669 4216 2762 4274 οὗν
2814 4218 2905 4273 τὸν
2980 4219 3182 4294 τρόπον
3263 4219 3352 4275 καὶ
3411 4222 3447 4290 ἡ
3509 4225 3606 4276 τοῦ
3654 4217 3884 4291 Σκληροῦ

503 4297 761 4366 τυρπννὶς
846 4297 1231 4373 καταλέλυται,
1291 4301 1454 4357 αὐτοῦ
1537 4304 1629 4376 μὶν
1714 4307 2128 4380 κουροπαλάτου
2209 4308 2556 4383 τιμηθέντος,
2613 4313 2719 4363 τῶν
2781 4306 2840 4363 δὲ
2901 4309 3281 4386 συναραμένων
3357 4311 3509 4384 αὐτῷ
3571 4325 3882 4385 παραχωρη·

504 4387 702 4450 θέντων
762 4386 906 4464 ἔχειν
940 4390 967 4444 ’ὀ
1000 4389 1058 4444 ἂν
1090 4387 1313 4452 ἕκαστος
1373 4390 1423 4462 έξ
1481 4391 1685 4448 ἐκείνου
1740 4400 2128 4470 τυραννοῦντος
2186 4398 2426 4471 εἰλήφει,
2457 4395 2552 4452 εἴτ’
2607 4396 2658 4452 ἐν
2718 4395 2888 4468 ἀξίαις
2943 4397 3032 4467 ἦν,
3062 4395 3159 4454 εἴτ’
3209 4397 3262 4454 έν
3305 4399 3526 4474 ἀρχαῖς,
3560 4396 3664 4453 εἴτε
3720 4394 3884 4470 μέντοι
3965 4431 3969 4434 -

499 4472 881 4566 ένλκτήσεσιν.
928 4479 990 4566 Ὁ
1049 4476 1106 4534 δὶ
1184 4478 1462 4556 βασιλεὺς,
1521 4482 1616 4544 τὰς
1691 4487 1800 4537 τῶν
1869 4485 2208 4546 ἀποστασιῶν
2268 4484 2555 4566 φροντίδας
2611 4486 3138 4564 ἀποφορτισάμενος,
3197 4487 3284 4543 ἐπὶ
3488 4487 3696 4565 Θρᾴκην
3739 4482 3884 4556 ἐξῄει,

499 4563 590 4618 καὶ
649 4564 727 4628 εἷς
786 4564 1182 4640 Θεσσαλονίκην
1240 4568 1512 4647 ἐφοίτησε,
1561 4575 1644 4643 τῷ
1691 4573 2024 4650 περιωνύμῳ
2083 4563 2317 4653 μάρτυρι
2373 4563 2943 4652 ἀνθομολογούμενος.
3002 4574 3344 4652 Καταλείψας
3398 4574 3446 4632 δ’
3495 4563 3606 4632 ἐκεῖ
3657 4569 3887 4650 στρατάρ-

499 4673 609 4730 χην
661 4659 769 4710 τῶν
829 4655 1114 4732 ἐπισήμων
1169 4659 1303 4731 μετὰ
1363 4659 1576 4736 βαρείας
1635 4659 1931 4736 δυνάμεως,
1957 4663 2049 4720 ἵνα
2098 4664 2288 4741 κωλύῃ
2342 4667 2440 4728 τὰς
2495 4669 2591 4719 τοῦ
2651 4665 2919 4740 Σαμουὴλ
2982 4663 3274 4742 ἐκδρομὰς,
3336 4665 3570 4722 ἐπάνεισι
3624 4665 3754 4741 πρὸς
3797 4660 3884 4727 τῆν

500 4742 788 4818 Βύζαντος,
845 4748 930 4801 καὶ
994 4747 1071 4810 εἷς
1120 4743 1357 4824 Ἰϐηρίαν
1419 4749 1606 4824 ἀπῄει,
1663 4750 2016 4827 κληρονόμος
2092 4753 2470 4835 καταλειφθεὶς
2539 4754 2685 4830 παρᾶ
2759 4759 2859 4810 τοῦ
2926 4755 3345 4832 κουροπαλάτου
3422 4753 3588 4812 Δαόὶδ
3657 4749 3884 4809 θανόντος

495 4837 596 4922 τῆς
646 4830 832 4906 ἐκείνῳ
888 4833 1252 4922 διαφερούσης
1312 4837 1512 4913 ἀρχῆς.
1577 4842 1842 4919 Ἔνθαπερ
1900 4845 2164 4919 γεγονὼς,
2216 4830 2460 4915 καὶ-τῆς
2516 4844 2965 4920 καταλειφθείσης
3033 4830 3183 4918 αὖτῷ
3253 4844 3440 4922 χώρας
3497 4837 3882 4914 ἐπιλαϐόμενος,

498 4920 587 5012 καὶ
639 4922 729 4975 τὸν
789 4927 884 4977 τοῦ
938 4920 1103 4980 Δαϐῗδ
1161 4925 1394 5007 ἀδελφὸν
1450 4930 1541 4984 τὸν
1604 4930 1870 5006 Γεώργιον
1937 4941 2036 5005 τῆς
2115 4931 2397 5012 ὲνδοτέρας
2448 4929 2687 5010 Ἰϐηρίας
2743 4934 3148 5011 ἡγεμονεύοντα
3203 4920 3613 5011 παρασκευάσας
3668 4925 3882 5003 ἡσυχίαν

500 5004 666 5081 ἄγειν,
725 5010 814 5065 καὶ
877 5018 996 5075 τοῖς
1071 5013 1230 5079 ἷδίοις
1299 5004 1596 5093 ἀρκεῖσθαι,
1651 5004 1775 5074 καὶὴ
1810 5004 2022 5098 ὅμηρον
2090 5024 2181 5080 τὸν
2251 5004 2455 5078 ἐκείνου
2529 5004 2698 5078 παῖδα
2753 5004 2962 5093 λαϐὼν,
3032 5023 3120 5080 hri
3179 5023 3443 5096 Φοινίκην
3500 5023 3762 5099 ἐχώρησε,
3806 5012 3883 5070 καἱ

496 5096 588 5152 τόν
654 5119 712 5153 τε
773 5107 872 5169 τῆς
926 5105 1242 5177 Τριπόλεως
1311 5107 1553 5182 ἄρχοντα
1611 5108 1699 5162 καὶ
1765 5111 1856 5165 τὸν
1923 5119 2022 5182 τῆς
2089 5110 2517 5187 Δαμασκοῢ.καὶ
2584 5113 2676 5168 τὸν
2741 5119 2841 5183 τῆς
2901 5114 3080 5188 Τύρου
3145 5115 3235 5169 καὶ
3302 5108 3728 5186 Βηρυτοῢ,κατά
3774 5123 3883 5160 συν·

498 5189 668 5258 θήκας
733 5193 801 5263 τῇ
865 5191 1004 5264 πρὸς
1070 5198 1138 5267 τῇ
1208 5197 1386 5274 Δάφνῃ
1423 5198 1726 5274 Ἀντιοχείᾳ
1791 5197 2060 5271 ἐπιόντας,
2095 5201 2184 5257 καὶ
2250 5206 2546 5264 κακοῦντας
2607 5203 2675 5258 τὰ
2742 5202 2828 5258 ὑπ’
2875 5201 3064 5277 αὐτὴν,
3126 5203 3416 5273 ἀνέστειλε,
3484 5200 3573 5258 καὶ
3638 5194 3880 5254 δούλωσιν

493 5278 787 5368 Ῥωμαίοις
853 5287 1038 5358 τηρεῖν
1107 5285 1393 5357 ἀνέπεισε,
1459 5289 1551 5343 καὶ
1614 5289 1861 5366 ὁμήρους
1923 5291 2028 5348 κάκ
2089 5291 2298 5351 τούτων
2369 5287 2597 5368 λαϐὼν,
2675 5291 3052 5368 έπανέζευξεν.
3122 5292 3298 5354 Ἀλλά
3360 5298 3528 5350 ταῦτα
3597 5291 3687 5364 μὶν
3751 5286 3882 5359 εἶχον

497 5367 662 5430 οὕτω.

1760 5529 1964 5594 Variae
2006 5530 2311 5596 lectiones
2352 5537 2415 5595 et
2457 5539 2648 5598 notas.

572 5668 684 5743 (86)
715 5670 783 5726 Ἦ
810 5669 910 5749 γὰρ
939 5669 1121 5729 Αάθετ¹
1148 5672 1183 5746 ἢ
1217 5670 1314 5731 οὔκ
1344 5673 1578 5748 ἐνόησεν.
1609 5679 2064 5742 Hemistichium
2093 5681 2153 5742 Πι

2264 5679 2468 5748 irinum
2497 5699 2566 5742 ex
2593 5685 2754 5745 Iliad.
2789 5702 2830 5758 ι,
2858 5701 3011 5746 vers.
3041 5687 3167 5745 533.
