4156 6214
295 367 387 430 161

1564 354 1974 422 ANNALIUM
2018 354 2163 418 LIB.
2213 358 2401 420 XVII.

3573 365 3689 426 162

344 477 563 555 ΗΖΓΤοῦ
613 492 677 549 δε
725 495 1070 571 πατριάρχου
1119 491 1400 551 Νικολάου
1427 495 1525 548 τοῦ
1570 483 1916 566 Χρυσοϐἐργη

2107 463 2517 549 νιΙΙῙῖῐιιοιιεα
2546 492 2780 551 Nicolao
2811 494 3230 567 Chrysoberge,
3264 511 3396 551 cum
3451 499 3687 569 pontiﬁ-

282 590 352 645 ἐπ’
389 581 520 642 ἔτεσι
567 581 895 640 δυοκαίδεκα
946 585 1032 639 καὶ
1088 583 1252 658 μησὶν
1309 584 1453 638 ὀκτὼ
1499 584 1568 656 τῇ
1619 581 1922 656 Ἀρχιερω-

281 677 393 750 σύνῃ
453 669 946 748 ἐνδιαπρέψαντος,
1003 674 1116 728 εἶτα
1174 673 1264 728 τὸν
1327 671 1444 748 βίον
1513 667 1920 739 ἐκλελοιπότος,

280 770 302 824 ὁ
346 763 635 840 μάγιπρος
693 762 986 831 Σισίννιος,
1044 763 1180 838 ἀνὴρ
1231 762 1422 837 λόγοις
1474 759 1923 835 ἐντεθραμμένος,

277 853 668 931 προχειρίζεται
733 853 1105 929 πατριάρχης.
1158 853 1256 906 Καὶ
1305 852 1504 906 τούτου
1555 847 1613 904 δὲ
1660 848 1747 902 ἐπὶ
1776 851 1922 923 τρεῖς

277 941 528 1006 ἐνιαυτοὺς
585 943 696 1012 τὴν
757 941 1084 1012 Ἐκκλησίαν
1142 940 1422 1006 ἷθόναντος
1498 938 1587 995 καὶ
1645 939 1922 1006 θανόντος,

256 1022 486 1110 Ῑῖἑργιος
558 1027 1022 1107 κεχειροτόνηται
1081 1031 1450 1106 πατριάρχης,
1510 1028 1571 1090 ’ὀς
1627 1031 1923 1102 καθηγεῖτο

276 1125 358 1199 μὲν
412 1129 510 1191 τῆς
588 1125 698 1176 τοῦ
769 1119 1036 1189 Μανουήλ
1098 1126 1295 1193 μονῆς,
1353 1123 1433 1191 τῷ
1491 1118 1808 1193 πατριάρχῃ
1869 1111 1926 1168 δὶ

273 1209 455 1283 Φωτίῳ
511 1210 658 1265 κατὰ
722 1209 878 1285 γένος
934 1211 1239 1296 προσήκων
1287 1206 1630 1296 ἐτύγχανεω
1654 1209 1768 1296 Τομῦ
1819 1210 1924 1259 Σα-

275 1299 434 1377 μουὴλ
467 1297 526 1354 δὲ
562 1302 669 1353 τοῦ
701 1302 811 1354 τῶν
845 1295 1175 1373 Βουλγάρων
1226 1294 1645 1371 ἐξάρχοντοξού
1685 1294 1754 1348 τὰ
1780 1300 1924 1369 Θρα-

268 1395 360 1445 κῶν
393 1386 517 1443 οὐδὲ
568 1388 642 1441 τὰ
691 1384 1027 1444 Μακεδόνων
1084 1385 1224 1459 μόνα
1268 1385 1627 1458 λη’ίζομὲνου,
1661 1381 1806 1437 ἀλλὰ
1834 1382 1923 1436 καὶ

268 1481 349 1548 τὴν
377 1474 628 1534 Ἐλλάδα
661 1475 758 1530 καὶ
810 1473 976 1544 αὐτὴν
1025 1471 1080 1529 δὲ
1121 1495 1182 1551 γε
1210 1475 1309 1544 τήν
1356 1472 1799 1542 Πελοπόννησον,
1830 1471 1921 1526 τὸν

273 1568 548 1642 μάγιστρον
602 1563 936 1642 Νικηφόρον
977 1563 1070 1619 τὸν
1122 1563 1363 1640 Οὐρανὸν
1409 1561 1676 1634 ἐκπέμπει
1708 1561 1736 1614 6
1771 1561 1923 1632 βασι-

270 1657 401 1724 λεὺς,
456 1661 562 1724 τῆς
614 1651 834 1714 δύσεως
886 1650 1148 1730 ἄρχοντα,
1195 1653 1253 1714 ὃς
1301 1650 1447 1727 παρὰ
1502 1655 1582 1723 τῷ
1636 1653 1926 1724 Σπερχειῴ

269 1748 486 1818 ποταμῷ
543 1747 651 1798 τοῦ
733 1741 1002 1815 Σαμουὴλ
1058 1741 1546 1814 κατεσκηνωμὲωου
1581 1784 1594 1808 ,
1654 1739 1800 1812 παρᾶ
1858 1742 1924 1812 τῇ

271 1836 499 1910 ἄντικρυς
558 1831 789 1908 ἠπείρῳ
843 1829 1131 1902 ηὐλίσατο.
1164 1832 1288 1888 ⁸Ὀτι
1337 1827 1383 1884 δ’
1416 1830 1508 1884 ὗσε
1563 1829 1686 1883 τότε
1740 1824 1926 1882 πολλὰ

272 1926 347 1980 καὶ
388 1916 428 1979 ¹ὁ
479 1923 749 1997 ποταμὸς
825 1920 1061 1977 ἐντεῦθεν
1137 1917 1392 1984 ἅπλωτος
1453 1921 1546 1990 ἦν,
1604 1918 1920 1980 ἀνέλπιστος

274 2014 425 2070 ἐδόκει
485 2017 569 2086 τῷ
633 2010 910 2085 Σαμουὴλ
969 2014 1003 2081 ἡ
1064 2012 1180 2066 κατ’
1249 2011 1414 2066 αὐτοῦ
1470 2015 1578 2065 τῶν
1637 2008 1917 2084 Ῥωμαίων

275 2102 553 2163 ἐπὲλευσις.
589 2102 651 2156 Ὁ
719 2101 966 2175 Οὐρανὸς
1023 2097 1100 2170 δὲ,
1160 2101 1349 2162 νυκτὸς
1407 2099 1785 2172 ἀνερευνήσας,
1831 2098 1919 2151 καὶ

275 2192 389 2247 κατά
439 2212 562 2245 τινα
624 2190 803 2245 τόπον
883 2189 1043 2265 βατὸν
1104 2191 1442 2260 κατανοήσας
1500 2189 1592 2243 τὸν
1653 2187 1919 2260 ποταμὸν,

278 2275 518 2337 διαϐαίνει
576 2284 785 2334 τοῦτον
845 2277 1071 2354 ἡσύχως
1134 2277 1267 2352 μετᾶ
1319 2285 1420 2348 τῆς
1475 2283 1724 2352 στρατιᾶς
1762 2322 1775 2344 ,
1830 2277 1921 2331 καὶ

279 2371 718 2444 ἀφροντιστοῢσιν
789 2365 1055 2445 αἰφνίδιον
1137 2362 1404 2440 ἐμϐάλλει
1478 2370 1595 2428 τοῖς
1653 2365 1774 2440 περὶ
1830 2364 1922 2419 τὸν

283 2456 548 2528 Σαμουὴλ,
579 2456 685 2510 καὶ
732 2452 812 2528 τῷ
855 2452 1110 2527 ἀδοκήτῳ
1137 2451 1573 2530 καταπλαγέντες
1623 2453 1673 2507 οἳ
1704 2447 1944 2530 Βάρϐάγ

282 2566 350 2617 ροι
389 2541 645 2613 ἔπιπτον,
708 2540 850 2617 μηδὲ
905 2549 1096 2619 χεῖρας
1143 2542 1482 2616 ἀνταίροντες
1537 2543 1625 2597 καὶ
1680 2547 1758 2614 τῷ
1819 2549 1925 2602 Σατ

284 2633 440 2706 μουήλ
517 2631 577 2688 δὲ
662 2633 756 2686 καὶ
806 2635 886 2704 τῷ
959 2631 1167 2687 ἐκείνου
1225 2632 1326 2704 υἱῷ
1382 2632 1652 2704 Ῥωμανῷ
1707 2628 1921 2705 πληγαὶ

281 2721 670 2798 ἐηνὲχθησαν,
728 2722 818 2776 καί
877 2718 1123 2776 ἑάλωσαν
1175 2718 1259 2790 ἂν,
1319 2719 1365 2774 εί
1409 2720 1485 2793 μή
1544 2724 1660 2781 τοῖς
1707 2723 1918 2794 νεκροῖς

281 2812 744 2887 συνανεμίχθησαν
775 2810 1013 2882 σώμασι,
1045 2809 1135 2864 καὶ
1169 2807 1312 2864 οὕτω
1348 2808 1603 2871 λαθόντες
1641 2804 1918 2885 διέφυγον.

283 2901 391 2957 Εἶτα
433 2899 522 2953 καὶ
574 2901 603 2954 6
671 2897 926 2976 βασιλεὺς
990 2896 1360 2974 ἐξεστράτευσε
1407 2897 1544 2952 κατὰ
1589 2902 1696 2952 τῶν
1749 2895 1921 2951 Βουλ-

284 2990 457 3064 ⁸τάρων,
501 2988 594 3044 καὶ
655 2989 765 3042 τῶν
814 2987 866 3042 ἐν
937 2985 1180 3062 Σαρδικῇ
1231 2985 1502 3064 φρουρίων
1561 2983 1924 3061 καταστρεψά-

292 3097 420 3148 μενος
474 3075 624 3147 ἓνια,
687 3075 992 3146 ἐπανῆλθεν
1051 3075 1126 3136 εἷς
1179 3073 1622 3132 Μοσυνούπολιν.
1684 3072 1815 3128 Εἶλε
1866 3071 1923 3128 δέ

289 3165 361 3219 καὶ
403 3167 495 3234 τὴν
551 3163 810 3240 μεγάλην
857 3158 1232 3239 Περσθλάϐαν,
1284 3163 1372 3218 καὶ
1427 3164 1526 3232 τὴν
1585 3163 1798 3237 μικρὰν,
1831 3161 1922 3216 καὶ

2033 582 2229 636 catum
2261 597 2447 638 annos
2478 600 2560 638 xu
2592 587 2647 639 et
2677 600 2778 639 vux
2809 600 3042 640 menses
3073 588 3359 657 ornasset,
3393 586 3688 658 defuncto,

2033 668 2330 727 Sisinnius
2352 672 2654 744 magister,
2689 673 2778 731 vir
2808 673 2880 728 ab
2917 673 3158 730 ineunte
3189 678 3354 730 aetate
3393 675 3452 730 in
3479 675 3691 733 litteris

2032 763 2317 826 versatus,
2352 762 2684 832 patriarcha
2711 762 3090 835 designatur:
3125 780 3241 834 quo
3272 767 3330 819 et
3376 764 3504 837 ipso
3552 782 3687 821 cum

2032 847 2352 904 triennium
2413 849 2727 906 Ecclesiam
2787 850 3052 918 rexisset,
3105 857 3359 919 mortuo,
3406 848 3688 926 J’Sergius

2033 937 2366 1007 patriarcha
2381 937 2640 1011 eligitur,
2674 939 2774 1010 qui
2797 939 3080 996 Manuclis
3115 942 3465 996 monasterio
3497 959 3683 1013 praec-

2033 1029 2140 1096 rat,
2185 1027 2526 1097 patriarchas
2585 1027 2790 1083 Photio
2832 1042 3042 1100 genere
3117 1029 3685 1117 conjunctusJJCum

2033 1119 2227 1170 autem
2252 1117 2484 1172 Samuel
2505 1116 2893 1189 Bulgarorum
2927 1117 3202 1190 princeps
3233 1134 3348 1174 non
3378 1116 3688 1176 Thraciam

2035 1207 2266 1259 tantum
2299 1207 2355 1260 et
2403 1205 2828 1271 Macedoniam,
2888 1207 2991 1262 sed
3038 1206 3316 1262 Graeciam
3382 1207 3690 1279 ipsamque

2032 1291 2454 1366 Peloponesum
2501 1295 2905 1368 popularetur,
2938 1297 3259 1368 imperator
3293 1295 3687 1369 Nicephorum

2034 1381 2293 1438 Uranum
2319 1384 2670 1457 magistrum
2703 1389 3010 1457 praetorem
3041 1384 3374 1441 Occidentis
3433 1386 3686 1459 ablegat,

2034 1472 2134 1543 qui
2167 1488 2299 1527 cum
2337 1475 2571 1530 Samuel
2603 1475 2674 1529 ad
2733 1475 3078 1546 Sperchium
3140 1474 3382 1530 ﬂuvium
3440 1476 3692 1532 tentoria

2033 1561 2276 1632 ﬁxisset,
2309 1561 2368 1616 in
2401 1563 2675 1635 opposita
2697 1564 3030 1619 continente
3053 1567 3245 1619 castra
3283 1564 3498 1635 posuit.
3546 1564 3692 1630 Quia

2031 1665 2164 1705 vero
2196 1650 2414 1707 ﬂumen
2448 1653 2520 1708 ob
2556 1653 2790 1708 crebras
2812 1652 3039 1724 pluvias
3089 1653 3352 1724 navigari
3409 1670 3524 1709 non
3583 1671 3688 1726 po-

2031 1742 2203 1795 terat.
2234 1740 2468 1796 Samuel
2528 1741 2923 1798 Romanorum
2984 1742 3385 1812 egressionem
3445 1743 3689 1800 minime

1953 1863 2001 1929 Β
2034 1829 2359 1883 verebatur.
2382 1830 2538 1885 244
2564 1834 2705 1884 Cum
2738 1834 2935 1884 autem
2963 1829 3194 1885 Uranus
3226 1835 3400 1885 noctu
3433 1832 3686 1902 quodam

2032 1916 2240 1973 inloco
2260 1919 2476 1974 vadum
2527 1917 3001 1990 pervestigasset,
3063 1935 3129 1974 eo
3195 1918 3370 1974 tacite
3416 1920 3686 1976 traducto

2029 2006 2284 2063 exercitu
2338 2007 2673 2064 Samuelem
2726 2024 3001 2064 securum
3053 2008 3249 2064 subito
3317 2009 3560 2075 invadit,
3621 2027 3688 2066 ac

2031 2095 2266 2150 Barbari
2300 2112 2362 2151 re
2391 2096 2790 2168 inexspectata
2823 2095 3076 2164 attoniti,
3110 2114 3182 2152 ne
3212 2097 3394 2153 armis
3444 2097 3685 2170 quidem

2031 2189 2234 2239 contra
2263 2184 2573 2253 illatis,cad
2585 2189 2709 2242 unt.
2734 2184 3088 2242 Vulneratus
3103 2190 3193 2242 est
3221 2189 3278 2242 et
3303 2186 3535 2242 Samuel
3575 2204 3689 2244 una

2032 2289 2165 2327 cum
2201 2271 2341 2342 filio,
2364 2279 2421 2328 et
2451 2274 2624 2329 ambo
2655 2274 2809 2346 capti
2839 2275 3178 2345 essent,nisi
3220 2274 3374 2331 inter
3403 2276 3687 2332 cadavera

2031 2361 2326 2430 occultati,
2361 2362 2508 2418 ciam
2545 2364 2938 2436 aufugisscnt.
2966 2364 3100 2420 Post
3128 2363 3248 2418 haec
3277 2363 3402 2435 ipse
3433 2363 3685 2436 impera-

2030 2455 2123 2506 tor
2143 2449 2365 2506 bellum
2398 2451 2600 2507 intulit
2628 2452 2922 2524 Bulgaria,
2945 2457 3001 2509 et
3031 2453 3392 2523 quibusdam
3436 2453 3684 2510 Serdicae

2031 2538 2287 2596 castellis
2318 2541 2690 2613 expugnatis,
2724 2541 3150 2614 Mosynopolim
3209 2541 3400 2597 rediit.
3461 2545 3566 2598 Sed
3623 2548 3680 2600 et

2033 2645 2306 2702 magnam
2337 2635 2393 2685 et
2422 2647 2658 2702 parvam
2691 2629 3092 2687 Persthlavam
3118 2635 3174 2686 et
3205 2629 3526 2687 Pliscovam
3582 2649 3684 2704 per

2031 2719 2208 2774 duces
2244 2718 2414 2790 cepit.
2442 2723 2542 2775 Est
2581 2719 2634 2775 ei
2691 2723 2749 2776 et
2797 2725 3031 2775 Berrcea
3090 2737 3192 2792 per
3243 2720 3682 2788 Dobromerum,

2031 2806 2131 2878 qui
2190 2808 2262 2862 ad
2310 2807 2603 2864 Romanos
2648 2825 2710 2865 se
2763 2809 3111 2876 contulerat,
3185 2807 3422 2863 tradita.
3483 2809 3682 2865 Servia

2030 2914 2162 2953 vero
2193 2902 2521 2971 expugnata
2551 2903 2713 2968 sunt,
2736 2902 2793 2954 et
2821 2898 3119 2969 Nicolans,
3156 2916 3327 2970 quem
3369 2916 3469 2971 per
3516 2900 3683 2956 dimi-

2033 2987 2331 3042 nutionem
2368 2988 2442 3042 ob
2474 2991 2712 3044 staturae
2746 2988 3087 3044 brevitatem
3121 2987 3469 3044 Nicolitzam
3512 3005 3682 3045 voca-

2033 3077 2193 3144 bant,
2244 3077 2413 3148 cuius
2473 3093 2541 3132 ea
2579 3077 2860 3132 custodiae
2917 3077 3135 3133 tradita
3193 3081 3382 3146 erant,
3435 3083 3677 3150 captus:

2035 3167 2130 3236 qui
2164 3165 2435 3236 quamvis
2465 3165 2696 3238 patricii
2728 3165 3011 3237 dignitate
3059 3171 3303 3222 ornatus
3359 3171 3532 3234 esset,
3594 3171 3681 3222 ta-

288 3254 368 3321 τῆν
415 3233 732 3309 Πλίσκοϐαν
770 3233 883 3308 ίδιὰ
929 3233 1282 3328 στρατηγῶν.
1342 3252 1445 3308 Καὶ
1504 3254 1539 3321 ἡ
1586 3233 1816 3328 ὗέρνῥοια
1865 3248 1916 3306 Si

2036 3233 2655 3327 menvaufugitiatque
2701 3233 3164 3310 ad—Samuelem
3210 3255 3403 3310 rediit.
3466 3233 3683 3311 Deinde

288 3340 534 3415 παρεδόθη
600 3341 754 3414 αὐτῷ
800 3343 946 3418 παρὰ
989 3345 1086 3396 τοῦ
1134 3335 1519 3417 Δοϐρομηροῦ,
1577 3341 1918 3415 προσχωρή-

290 3449 451 3492 σαντος
493 3437 619 3493 τοῖς
673 3433 985 3503 Ῥωμαίοις.
1035 3430 1111 3484 Τὰ
1160 3432 1342 3504 μέντοι
1393 3425 1595 3506 Σερϐια
1623 3427 1919 3504 πολιορκίᾳ

287 3517 426 3587 ἑάλω,
482 3522 572 3575 καὶ
642 3521 670 3575 6
725 3521 824 3589 τὴν
884 3518 1058 3575 αὐτῶν
1120 3518 1366 3597 φυλακὴν
1420 3518 1914 3592 ἐμπεπιπευμένος

284 3607 553 3679 Νικόλαος,
618 3610 678 3663 ’ὀν
736 3607 1065 3678 Νικολιτζᾶν
1111 3606 1525 3682 ὑποκορίζοντες
1577 3609 1649 3668 ὡς
1703 3608 1910 3683 βραχὺν

278 3697 358 3763 τὴν
384 3699 606 3766 ἡλικίαν
639 3697 946 3771 ὠνόμαζον,
981 3698 1065 3768 ὃς,
1095 3698 1272 3752 καίτοι
1320 3696 1602 3772 πατρίκιος
1630 3697 1907 3770 τιμηθεὶς,

278 3783 453 3860 ἀπέδρα
498 3786 694 3853 πάλιν,
747 3786 835 3841 καὶ
886 3787 1021 3862 πρὸς
1068 3786 1160 3841 τὸν
1220 3786 1491 3858 Σαμουὴλ
1540 3783 1902 3856 ἀπελήλυθεν.

277 3875 370 3927 Εἶτ’
422 3874 570 3939 αὖθις
631 3877 766 3930 κατὰ
818 3873 1041 3946 Βιδίνης
1103 3877 1131 3930 ὁ
1195 3873 1452 3951 βασιλεὺς
1515 3874 1908 3951 ἐξεστράτευσε,

278 3960 463 4033 καὶτήν
513 3963 684 4019 πόλιν
738 3965 898 4039 αἱρεῖ.
939 3966 1030 4022 ’Ev
1083 3964 1196 4037 ὅσῳ
1251 3962 1308 4019 δὲ
1351 3963 1550 4034 ταύτην
1595 3964 1906 4040 ἐπολιόρκει

283 4049 304 4102 δ
354 4051 618 4125 βασιλεὺς,
676 4049 878 4108 ἔπεισιν
939 4055 968 4108 6
1024 4043 1291 4126 Σαμουὴλ
1347 4053 1416 4124 τῇ
1457 4050 1907 4125 Ἀδριανουπόλει

282 4136 469 4211 ἀθρόον,
526 4141 626 4197 καὶ
683 4141 1039 4217 πανηγύρεως
1090 4141 1241 4205 ἐκτὸς
1298 4142 1651 4215 τελουμένης,
1709 4143 1803 4205 τάς
1851 4164 1909 4197 τε

286 4225 513 4304 ἐμπορίας
569 4230 720 4287 λείαν
769 4231 1076 4305 πεποίητο,
1128 4233 1215 4287 καὶ
1266 4231 1643 4308 αἰχμαλώτων
1691 4231 1905 4302 πλῆθος

286 4311 442 4372 λαϐὼν
474 4364 487 4389 ,
537 4320 910 4392 ὑπενόστησε.
964 4323 1078 4390 Τὴν
1128 4319 1345 4392 Βιδίνην
1393 4319 1450 4376 δὲ
1505 4322 1592 4396 ὑφ’
1640 4322 1824 4376 ἑαυτὸν
1877 4323 1906 4377 6

288 4403 506 4477 βασιλεὺς
565 4412 941 4484 ποιησάμενος
999 4411 1090 4466 καὶ
1147 4411 1581 4486 ἐπανερχόμενος
1640 4406 1906 4466 κατέλαϐε

283 4497 402 4568 παρὰ
426 4505 500 4572 τῷ
530 4500 698 4573 ’Δξίῳ
727 4506 961 4575 ποταμῷ
1008 4504 1121 4576 (87)
1172 4503 1261 4556 τὸν
1315 4499 1582 4574 Σαμουὴλ
1615 4499 1907 4574 αὐλιζόμε-

2027 3343 2346 3415 imperator
2361 3342 2621 3398 Bidinam
2657 3347 2970 3415 expugnat,
2995 3360 3174 3416 quam
3224 3344 3363 3399 dum
3390 3344 3669 3412 oobsidet,

2024 3430 2715 3503 SamuelAdrianopolim
2739 3431 3202 3498 subitoinvadit,
3268 3449 3401 3488 cum
3468 3433 3679 3488 nundi-

2025 3536 2232 3575 narum
2264 3520 2572 3576 celebritas
2625 3523 2786 3575 extra
2826 3520 3041 3574 mmnia
3091 3521 3430 3589 agitaretur,
3467 3523 3677 3576 merci-

2023 3610 2253 3680 busque
2283 3609 2549 3680 direptis,
2581 3625 2647 3664 ac
2675 3608 2948 3680 plurimis
2979 3609 3166 3679 captis
3193 3610 3448 3664 recedit:
3492 3625 3668 3680 quem

2021 3697 2339 3769 imperator
2369 3698 2576 3752 Bidina
2607 3703 2775 3769 capta
2810 3696 3046 3753 rediens
3069 3699 3140 3752 ad
3189 3698 3397 3752 Axium
3426 3697 3668 3752 ﬂuvium

2020 3787 2358 3860 (Bardarius
2401 3786 2537 3840 olim
2573 3786 2656 3841 sic
2711 3785 2904 3841 dictus
2934 3790 3047 3855 est)
3091 3787 3298 3842 stativa
3353 3786 3665 3843 habentem

2018 3876 2416 3949 deprehendit.
2452 3876 2507 3931 Is
2533 3892 2658 3930 cam
2691 3876 3032 3944 exundaret,
3063 3877 3305 3932 Barbari
3346 3881 3539 3932 castra
3567 3893 3666 3932 ne-

2017 3967 2304 4039 gligenter
2332 3965 2668 4021 tuebantur.
2694 3964 2896 4035 Neque
2930 3964 3087 4020 enim
3147 3965 3441 4020 Romanas
3490 3965 3668 4038 legio-

2016 4071 2120 4112 nes
2151 4071 2286 4110 eum
2307 4054 2664 4109 transituras
2697 4053 3009 4124 putabant.
3043 4055 3148 4109 Sed
3175 4055 3323 4110 vado
3355 4055 3428 4109 ab
3478 4054 3670 4126 impe-

2017 4148 2210 4200 ratore
2285 4143 2582 4216 indagato,
2661 4142 3053 4214 traductoque
3109 4143 3389 4214 exercitu,
3461 4143 3668 4199 multis

2015 4232 2284 4306 bulgaris
2305 4232 2494 4298 caesis,
2530 4229 2823 4287 Samuelis
2844 4231 3164 4286 tentorium
3213 4237 3267 4286 et
3293 4235 3486 4288 castra
3544 4233 3674 4287 uni-

2013 4341 2182 4381 versa
2213 4323 2436 4394 direpta
2464 4327 2623 4390 sunt,
2665 4323 2902 4378 Samuel
2957 4323 3083 4394 ipse
3144 4325 3392 4396 aufugit.
3454 4325 3566 4380 Sed
3617 4330 3675 4380 et

2014 4414 2361 4485 Scopiorum
2406 4412 2886 4484 urbemaccepit
2941 4412 3281 4485 imperator,
3325 4432 3358 4470 a
3416 4414 3672 4469 Romano

2015 4503 2167 4562 l’ctri
2200 4502 2581 4575 Bulgarorum
2604 4501 2742 4556 olim
2775 4501 3063 4573 principio
3089 4501 3208 4557 {ilio
3239 4503 3540 4567 traditam,
3573 4502 3668 4556 cui

282 4602 373 4636 νον
426 4587 478 4648 ὃς
542 4589 840 4665 Βαρδάριος
899 4592 1016 4665 (88)
1074 4589 1218 4646 οὕτω
1274 4591 1420 4666 παρά
1475 4595 1591 4651 τοῖς
1645 4591 1902 4653 παλαιοῖς

2027 4597 2149 4667 ejus
2183 4591 2454 4649 custodia
2484 4607 2518 4646 a
2548 4589 2815 4646 Samuele
2841 4590 3162 4646 commissa
3186 4592 3390 4646 fuerat.
3409 4589 3672 4645 Posthaec

287 4668 585 4746 ὠνομάζετο.
633 4676 857 4734 Πολλοῦ
907 4676 965 4733 δὲ
1009 4683 1105 4733 τοῦ
1157 4685 1409 4752 ποταμοῦ
1463 4679 1700 4754 ῥὶοντος,
1762 4682 1899 4752 ἀμε-

2027 4679 2578 4750 ]onstantinopolim
2680 4695 2971 4749 reversus,
3046 4678 3299 4734 decrevit
3381 4677 3668 4734 tributum

289 4756 378 4848 ᾏῶς
429 4766 477 4818 οἱ
529 4762 804 4843 Βάρϐαροι
857 4770 1302 4838 κατεσκήνωντοο
1363 4768 1425 4823 οὐ
1491 4769 1594 4844 γὰρ
1652 4767 1711 4824 ἄν
1768 4791 1901 4824 ποτε

2027 4769 2464 4847 pauperum,qui
2497 4767 2829 4840 periissent,
2850 4767 3288 4839 alocupletibus
3318 4768 3667 4840 exigendum

293 4843 554 4922 δυνηθῆναι
623 4850 876 4925 διαϐῆναι
932 4857 1024 4911 τὸν
1084 4857 1331 4929 ποταμὸν
1388 4843 1624 4926 ἤλπιζον
1674 4858 1737 4912 τὸ
1767 4860 1903 4912 Ῥω-

295 4942 452 5005 μαϊκὸν
511 4943 808 5018 σύνταγμα.
857 4943 1036 5019 Πόρου
1088 4942 1145 4999 δὲ
1189 4945 1544 5019 γνωσθωτος,
1580 4943 1648 5000 δι’
1681 4947 1842 5002 αὐτοῦ
1873 4950 1901 5003 6

298 5023 511 5096 βασιλεὺς
563 5027 718 5103 διέϐη
752 5033 842 5088 καὶ
889 5034 951 5087 τὸ
991 5029 1374 5107 στρατόπεδον,
1403 5032 1492 5088 καὶ
1544 5033 1753 5090 πολλοὶ
1806 5037 1902 5108 μὶν

2012 4877 2164 4923 esse,
2247 4858 2400 4927 quod
2452 4855 2842 4928 allelengyum
2899 4856 3236 4911 vocabatur.
3303 4857 3426 4913 Etsi
3473 4863 3668 4914 autem

2014 4947 2184 5006 multi
2213 4949 2390 5016 atque
2421 4943 2544 5015 ipse
2571 4942 2905 5015 patriarcha
2924 4943 3159 5015 Sergius
3183 4945 3668 5017 deprecabantur,

2015 5037 2306 5108 utiniqua
2337 5033 2440 5089 illa
2457 5032 2817 5089 etinusitata
2843 5033 3064 5090 exactio
3099 5034 3418 5104 tolleretur,
3471 5041 3668 5092 tamen

1522 5179 1724 5242 Varias
1757 5180 2058 5246 lectiones
2088 5189 2151 5244 et
2180 5186 2374 5243 notae.

349 5296 648 5375 (8711;ti
700 5307 955 5375 ποταμῷ.
1005 5304 1264 5360 Joannes
1319 5305 1579 5370 Tzetzes,
1636 5305 1774 5360 chil.
1843 5323 1900 5375 x,

296 5371 773 5496 ξὲρᾶᾶὸἰξϐίνΛεειον
806 5371 1094 5447 quosdam
1126 5391 1432 5449 perperam
1489 5376 1741 5434 scribere
1799 5371 1899 5434 ob;

299 5525 482 5612 μείονες
508 5529 565 5586 δὲ
595 5533 648 5612 οιῐ
675 5531 1002 5612 Βοόλγαροι,
1039 5535 1114 5607 μή
1147 5535 1335 5612 πείθου
1362 5540 1480 5598 τοῖς
1510 5531 1828 5612 βουϐάλοις,

319 5604 496 5684 exutos;
522 5604 674 5667 τινὰς
701 5604 1091 5684 τοὺςῚῘαίονας
1118 5607 1385 5684 νομίζειν,
1413 5604 1560 5684 παρὰ
1588 5604 1834 5680 τούτους,

303 5670 349 5718 Οἳ
374 5673 528 5744 Ἄξιον
560 5681 874 5748 νομιζουσιν
898 5673 1078 5751 ἕτερον
1107 5670 1196 5751 τῷ’
1223 5670 1498 5756 Βᾶρδᾶρῃὶ

2014 5307 2116 5364 Καὶ
2149 5305 2389 5374 ”Αξειον,
2421 5301 2518 5356 οὐκ
2548 5300 2732 5370 "AEth
2761 5321 2910 5379 φασι,
2939 5304 3120 5378 γραφῇ
3153 5299 3449 5380 διφθόγγῳ.

2011 5400 2156 5467 Ique
2188 5391 2418 5467 Homeri
2463 5391 2808 5467 auctoritate
2832 5391 3061 5467 probat.
3085 5397 3170 5467 ‘De
3201 5391 3398 5467 Alexio
3426 5396 3503 5467 et_
3523 5391 3667 5445 Bar-

2016 5463 2180 5524 dario
2211 5466 2465 5520 diximus
2495 5463 2554 5517 in
2586 5463 2749 5518 Notis
2778 5465 2846 5518 ad
2881 5463 3194 5520 Historiam
3228 5463 3666 5520 Comnenicam.

2079 5538 2201 5623 £88)
2260 5530 2572 5609 Βαρδάριος,
2636 5535 2781 5590 Vide
2839 5536 2993 5592 idem
3078 5535 3267 5590 Gloss.
3345 5537 3404 5590 in
3452 5531 3662 5610 Βαρδα-

2017 5628 2231 5683 ριωται.
