4156 6214
465 365 583 426 163
1809 354 2088 418 JOANNI

2205 353 2530 418 ZONARE
3764 357 3885 419 164

457 502 778 573 impcrator
799 514 833 554 a
866 495 1162 569 proposito
1195 511 1311 552 non
1334 492 1660 551 recedebat.
1677 491 1823 550 Nam
1852 497 2092 564 tempori

2225 493 2333 545 τῶν
2394 489 2722 567 Βουλγάρων
2781 488 3095 548 ἀπώλοντο.
3125 492 3186 550 '0
3226 488 3284 548 δὶ
3340 491 3608 567 Σαμουὴλ
3669 490 3884 570 διεδρα,

455 607 523 649 ao
554 594 642 647 tot
666 587 924 644 victoriis
953 587 1166 654 elatus,
1199 583 1554 640 insolentem
1596 598 1659 639 se
1717 598 1857 656 erga
1908 598 2092 638 omne:

2221 581 2322 649 τῆς
2349 579 2545 636 τούτου
2576 586 2780 652 σκηνῆς
2808 579 2900 635 καὶ
2929 587 3028 656 τῆς
3057 576 3423 656 παρεμϐολῆς
3460 583 3678 652 ἁπάσης
3727 580 3884 658 διαρ·

456 677 733 753 przebuit:
795 692 861 731 ac
910 673 1164 731 subditis
1219 671 1612 729 formidabilis
1670 688 1848 743 quam
1899 671 2092 727 charu:

2221 669 2506 746 παγείσης.
2539 671 2637 726 Καὶ
2693 671 2793 740 τὴν
2853 669 3015 725 πόλιν
3077 667 3134 725 δὲ
3191 675 3298 726 τῶν
3361 671 3615 728 Σκοπίων
3662 673 3691 727 ὁ
3727 673 3887 748 βασι-

457 785 587 826 esse
619 765 876 823 maluit:
936 779 1124 834 neque
1171 761 1325 818 cives
1386 776 1577 833 neque
1621 761 1838 817 milites
1893 776 1997 834 pro
2029 776 2089 816 re

2223 756 2348 821 λεὺς
2431 757 2780 837 παρειλήφει,
2850 756 3090 814 δοθεῖσαν
3171 759 3316 833 αὐτῷ
3403 761 3549 837 παρὰ
3600 763 3889 835 Ῥωμανῶ

459 862 625 930 cepta
648 854 1092 920 consuetudine,
1127 867 1306 924 quam
1353 855 1410 907 et
1447 850 1865 923 legumlatores
1925 851 2092 907 insta]

2218 853 2320 902 τοῦ
2379 850 2498 903 υἱοῦ
2548 847 2752 924 Πέτρου
2808 852 2906 904 τοῦ
2960 847 3214 925 ἄρξαντος
3264 854 3371 906 τῶν
3431 849 3793 928 Βουλγάρων,
3837 853 3887 925 ᾧ

458 946 603 1017 legis
635 945 847 1000 habere
862 941 1267 1014 pronuntiant,
1301 941 1403 996 sed
1437 957 1544 996 suo
1568 939 1792 1010 judicio
1835 944 1893 996 et
1948 940 2108 996 arbi-

454 1039 610 1090 tratu
642 1036 893 1087 tractare
925 1027 1128 1085 voluit.
1166 1028 1409 1084 Promde
1444 1026 1664 1082 nullam
1697 1028 1847 1084 225
1909 1029 2107 1084 docto-

455 1140 585 1181 rum
617 1123 875 1180 virorum
902 1120 1188 1175 rationem
1204 1117 1743 1189 babuit,ipsamque
1774 1117 2105 1175 doctrinam

454 1210 874 1269 reminutilem
919 1213 976 1264 et
1031 1223 1522 1279 supervacaneam
1575 1207 1894 1277 judicans:
1949 1207 2104 1263 viros

454 1317 644 1375 neque
666 1316 876 1372 genere
898 1313 1006 1353 nec
1031 1295 1360 1352 eruditione
1391 1295 1582 1351 claros
1639 1300 1696 1350 et
1726 1296 1796 1350 ab
1845 1296 2106 1368 epistolis

444 1396 503 1448 et
533 1409 566 1448 a
596 1388 861 1446 consiliis
893 1386 1123 1456 habuit,
1174 1385 1391 1457 quibus
1451 1384 1676 1440 litteras
1735 1383 2102 1457 simpliciter,

445 1479 722 1550 nullaque
753 1492 890 1533 cum
923 1492 1065 1531 cura
1093 1473 1357 1530 dictavit.
1385 1473 1495 1529 Sed
1525 1477 1583 1528 et
1612 1473 1825 1529 ﬁscum
1871 1473 2104 1530 obstru-

442 1568 551 1626 ctis
585 1569 812 1623 foribus
842 1563 1090 1638 pecunia
1122 1561 1374 1618 refersit.
1411 1565 1618 1616 Fertur
1648 1562 1807 1617 enim
1853 1563 2103 1618 ducenta

445 1657 633 1713 millia
663 1655 948 1710 talentum
981 1651 1106 1708 auri
1141 1651 1199 1705 in
1248 1650 1543 1706 thesauris
1591 1651 1890 1707 habuisse.
1950 1652 2097 1708 Nam

441 1746 683 1802 alterius
715 1742 974 1816 pecuniae
1005 1739 1206 1796 nullus
1229 1739 1366 1794 iniri
1395 1755 1680 1796 numerus
1708 1743 1922 1812 potest,
1953 1741 2095 1798 adeo

2219 938 2252 1006 ἡ
2286 937 2486 1008 ταύτης
2519 937 2736 1015 φυλακή
2771 939 2916 1013 παρά
2966 941 3063 992 τοῦ
3122 937 3392 1012 Σαμουὴλ
3453 939 3882 1013 ἐμπεπίστευτο.

2217 1027 2348 1083 Εἶτα
2401 1027 2476 1090 εἰς
2527 1029 2626 1097 τὴν
2702 1027 3108 1082 Κωνσταντίνου
3167 1027 3502 1100 ἐπανελθὼν,
3554 1027 3887 1106 ἐδογμάτισε

2213 1116 2309 1179 τάς
2362 1120 2469 1172 τῶν
2528 1113 2902 1172 ἀπολωλότων
2957 1121 3224 1173 ταπεινῶν
3275 1115 3582 1181 συντελείας
3613 1118 3881 1193 εἰσπράτ-

2213 1207 2393 1260 τεσθαι
2450 1205 2510 1261 ἐκ
2541 1210 2646 1262 τῶν
2683 1202 2942 1261 δυνατῶν·
2973 1211 3134 1262 τοῦτο
3190 1204 3247 1262 δὲ
3287 1205 3498 1278 ἐκλήθη
3563 1206 3882 1284 Ἀλληλὲγ-

2213 1315 2366 1369 γυον.
2395 1293 2626 1352 Πολλῶν
2679 1293 2737 1350 δὲ
2791 1295 2915 1371 περὶ
2971 1295 3166 1352 τούτου
3216 1293 3518 1367 δεηθέντων
3561 1297 3650 1352 καὶ
3701 1296 3878 1353 αὐτοῦ

2211 1388 2309 1437 τοῦ
2391 1383 2738 1460 Πατριάρχου
2823 1383 3074 1460 Σεργίου,
3121 1385 3198 1447 ὡς
3272 1383 3333 1440 ἂν
3388 1388 3422 1455 ἡ
3481 1382 3666 1449 ἄδικος
3728 1386 3872 1457 αὕτη

2213 1471 2460 1548 σχολάσῃ
2516 1473 2604 1528 καὶ
2675 1471 2995 1549 παράλογος
3050 1471 3349 1550 εἶ’σπραξις,
3407 1474 3474 1544 ἦν
3529 1475 3556 1530 ὁ
3617 1475 3885 1551 βασιλεὺς

2209 1560 2618 1634 ἀμετάπειστος.
2651 1563 2738 1634 Τῷ
2794 1562 2982 1637 χρόνῳ
3042 1562 3147 1639 γάρ
3209 1563 3298 1618 καὶ
3329 1569 3449 1625 ταῖς
3476 1563 3650 1626 νίκαις
3703 1564 3886 1620 ἀπάνο

2207 1670 2315 1705 των
2372 1650 2743 1725 κατεπαρθεὶς,
2805 1652 3172 1726 ὑπεροπτικὸς
3253 1653 3391 1728 πρὸς
3457 1651 3658 1716 πάντας
3738 1652 3882 1710 ἐδεί-

2204 1760 2388 1808 κνυτο,
2415 1740 2506 1795 καὶ
2577 1739 2680 1795 οὐκ
2727 1739 2928 1796 εὐνοεῖν
2984 1738 3153 1813 αὐτῷ,
3203 1735 3485 1818 φοϐεῖσθαι
3536 1739 3582 1797 δ’
3613 1739 3882 1800 ἐϐούλετο

447 1838 505 1889 et
535 1831 912 1889 conclavibus
941 1828 1204 1901 repletis,
1249 1844 1376 1884 eam
1436 1831 1603 1883 terrae
1642 1828 1954 1895 mandarit,
1990 1847 2090 1885 an-

2205 1830 2266 1884 τὸ
2295 1830 2557 1900 ὑπήκοον,
2593 1829 2694 1884 καὶ
2745 1829 2808 1884 τό
2838 1851 2895 1884 τε
2925 1831 3311 1907 στρατιωτικὸν
3340 1829 3404 1886 τό
3449 1851 3508 1886 τε
3556 1830 3876 1902 πολιτικὸν,

438 1924 728 1979 fractibus
788 1920 980 1976 instar
1009 1917 1480 1991 fabyrinthorum
1537 1917 1814 1975 effossis:
1874 1918 1980 1974 sed
2036 1922 2092 1975 et

2205 1918 2264 1974 οὐ
2295 1919 2430 1994 πρὸς
2459 1919 2522 1974 τὸ
2573 1926 2847 1993 κρατῆσαν
2905 1913 3042 1988 ἔθος,
3072 1920 3102 1975 ὃ
3133 1919 3224 1974 καὶ
3281 1918 3447 1993 νόμον
3508 1917 3686 1976 δοκεῖν
3745 1927 3873 1986 τοῖς

441 2010 680 2068 cistella
713 2009 896 2082 plenae
927 2011 1093 2064 erant
1115 2006 1364 2077 gemmis
1395 2021 1529 2062 cum
1565 2005 1694 2062 aliis
1725 2010 1852 2062 tum
1893 2007 2091 2063 candi-

441 2101 533 2156 dis
563 2099 838 2171 illis,qua
870 2095 1149 2170 peculiari
1177 2095 1414 2150 nomine
1433 2095 1762 2168 margaritae
1792 2095 2089 2153 dicuntur.

439 2189 785 2262 Nequevero
817 2187 890 2242 iis
932 2185 1227 2255 utebatur,
1262 2184 1466 2256 paucis
1524 2184 1781 2256 exceptis
1828 2187 1900 2241 ad
1949 2185 2091 2242 insi-

442 2278 584 2351 gnia
611 2291 883 2350 purpura
914 2274 1272 2341 exornanda,
1307 2290 1444 2346 qua,
1467 2289 1602 2329 cum
1646 2273 1934 2345 prodibat,
1993 2279 2093 2330 aut

442 2367 652 2440 legatis
685 2365 1101 2438 respondebat,
1135 2368 1237 2420 aut
1266 2363 1413 2419 alias
1443 2363 1712 2435 publicas
1743 2363 2095 2420 festivitates

441 2455 795 2524 celebrabat,
829 2453 1127 2517 utebatur,
1161 2451 1418 2523 Reliquaa
1451 2451 1509 2506 in
1543 2450 1918 2508 conclavibus
1967 2453 2094 2508 inu-

436 2545 538 2601 tile
570 2545 801 2616 pondus
827 2542 1124 2614 jacebant,
1149 2540 1290 2595 Belli
1324 2540 1688 2612 temporibus
1718 2540 1953 2613 ingenio
1985 2541 2096 2596 fuit

437 2633 600 2690 vario
644 2637 703 2688 et
748 2628 1085 2702 multiplici,
1143 2628 1323 2683 rebus
1369 2627 1709 2699 tranquillis
1756 2633 1814 2684 et
1867 2630 2094 2701 pacatis

433 2720 852 2778 vehementior.
887 2721 1039 2774 Iram
1073 2716 1517 2786 dissimulabat,
1584 2717 1738 2788 apud
1797 2734 1926 2774 sese
1982 2735 2092 2791 sup

442 2826 706 2884 pressam
731 2825 835 2882 per
863 2805 1230 2863 occasionem
1261 2805 1583 2878 proferens,
1612 2804 2094 2878 delinquentibus

437 2898 626 2954 vicem
659 2895 976 2953 reddebat:
1011 2909 1264 2965 cumque
1298 2893 1579 2964 pertinaci
1629 2898 1784 2950 esset
1837 2894 2092 2967 ingenio,

2199 2008 2520 2080 νομοθέταις
2599 2011 2968 2079 τεθίσπισται,
3051 2005 3309 2085 διεξάγειν
3393 2006 3626 2081 ἤθελεν,

3714 2008 3872 2066 ἀλλὰ

2200 2097 2336 2173 πρὸς
2393 2099 2492 2166 τὴν
2545 2096 2744 2153 οἰκείαν
2805 2098 2975 2174 κρίσιν
3037 2098 3126 2152 καὶ
3172 2097 3234 2152 τὸ
3266 2097 3484 2171 θελημα
3513 2098 3726 2156 εαυτοῦ.
3761 2101 3864 2155 Διὸ

2203 2183 2328 2240 οὐδὲ
2356 2190 2464 2240 τῶν
2498 2184 2703 2262 λογίων
2737 2183 2944 2263 ἀνδρῶν
2991 2185 3367 2263 ἐπεστρέφετο,
3400 2186 3547 2243 ἀλλὰ
3585 2188 3675 2243 καὶ
3722 2189 3862 2252 τοὺς

2204 2272 2403 2348 λόγους
2459 2274 2639 2350 ἥγητο
2691 2276 2940 2350 περιττόν
2989 2297 3028 2329 ιι
3058 2283 3255 2351 χρῆμα
3283 2275 3374 2330 καὶ
3405 2276 3504 2332 οὐκ
3560 2276 3828 2351 ὀνήσιμον

2202 2364 2320 2418 ὅθεν
2379 2361 2570 2438 ἄνδρας
2627 2364 3030 2439 ἀπολεξάμενος
3112 2365 3306 2437 ἑαυτῷ,
3367 2361 3493 2421 οὕτε
3546 2365 3627 2438 τῷ
3681 2367 3860 2441 γένει,

2204 2450 2328 2508 οὔτε
2387 2452 2570 2526 μέντοι
2618 2451 2668 2508 ἐν
2730 2451 2882 2528 λόγῳ
2939 2455 3002 2507 τὸ
3038 2453 3311 2527 ἐπίσημον
3342 2448 3594 2530 ἔχοντας,
3626 2453 3860 2518 ἐκείνοις

2199 2544 2296 2606 τάς
2347 2563 2407 2599 τε
2465 2541 2774 2618 βασιλείους
2840 2542 3132 2605 ἐπιστολὰς
3191 2543 3508 2619 ἐνεχείρισε,
3559 2545 3652 2599 καὶ
3707 2543 3860 2600 ἐκοι-

2201 2632 2360 2686 νώνει
2417 2630 2522 2686 τῶν
2578 2629 2987 2706 βουλευμάτων,
3018 2631 3109 2686 καὶ
3158 2630 3317 2696 αὐτὸς
3357 2632 3581 2694 ἐκείνοις
3635 2632 3860 2711 ἀφελῶς

2200 2719 2295 2782 τὰς
2333 2721 2542 2798 γραφὰς
2597 2721 2672 2783 ὡς
2726 2717 2916 2797 ἔτυχεν
2977 2721 3335 2797 ὑπηγόρευεν.
3365 2720 3539 2777 Ἀλλὰ
3591 2723 3684 2778 καὶ
3742 2728 3864 2784 τοῖς

2200 2810 2448 2883 ταμείοις
2490 2809 2800 2888 ἀποφράξας
2853 2809 2950 2873 τὰς
3008 2807 3298 2882 διεξόδους,
3329 2812 3632 2887 χρημάτων
3691 2815 3868 2867 ταῦτα

2202 2897 2392 2976 πλήρη
2427 2899 2713 2970 πεποίηκε.
2747 2899 2886 2954 Φασὶ
2941 2899 3068 2976 γοῦν
3115 2899 3170 2962 ἐς
3220 2897 3391 2954 εἷ’κοσι
3453 2899 3716 2976 μυριάδας
3770 2921 3869 2956 τα-

438 2988 671 3044 decreta
701 3003 810 3042 sua
843 3001 958 3040 non
982 2983 1154 3040 facile
1183 2983 1556 3049 immutabat,
1579 2985 1765 3048 Quare
1797 2983 1846 3038 si
1876 2984 2092 3056 quibus

2205 2987 2412 3044 λάντων
2514 2993 2724 3064 χρυσοῦ
2817 2987 3402 3064 ἐναποτεθησαυρίσθαι
3489 2990 3672 3060 αὐτῷ.
3747 2991 3860 3047 Τὸν

444 3078 629 3135 iratus
661 3081 806 3143 erat,
831 3075 904 3130 iis
936 3091 1050 3130 non
1085 3071 1252 3128 facile
1304 3071 1666 3142 placabatur.
1723 3077 1915 3145 Atque
1972 3075 2092 3132 haec

2205 3079 2304 3155 γὰρ
2363 3076 2534 3133 ἄλλον
2611 3078 3006 3154 χρηματισμὸν
3061 3078 3161 3133 οὐκ
3221 3079 3280 3133 ἄν
3334 3097 3418 3141 τις
3475 3079 3565 3133 ὑπ’
3619 3079 3857 3153 ἀριθμὸν

441 3167 513 3222 ad
549 3165 932 3222 declarandos
961 3161 1338 3234 imperatoris
1360 3177 1553 3217 mores
1585 3161 1742 3217 dicta
1765 3163 1900 3219 sint.
1924 3165 2090 3220 Nunc

2205 3166 2417 3224 δύναιτο
2472 3168 2716 3243 ἀγαγεῖν,
2747 3167 2829 3236 ὃς,
2859 3171 2967 3222 τῶν
3021 3166 3262 3241 ταμείων
3323 3168 3472 3239 αὐτῷ
3527 3166 3859 3242 πληρωθὲν-

441 3257 512 3312 ad
560 3271 652 3310 res
713 3254 824 3311 sub
875 3269 942 3308 eo
1001 3257 1200 3326 gestas
1257 3250 1461 3306 ordine
1517 3251 1852 3309 referendas
1903 3255 2087 3311 oratio

2205 3279 2330 3326 των,
2365 3259 2467 3313 ὑπὸ
2677 3224 2745 3311 τδι
2795 3224 2980 3311 ⁷λοιπά
3027 3224 3860 3333 ἐθησαύρισεν,ἱέλικαςηόριξεας

442 3346 666 3402 redeat.
2197 3342 2646 3420 λαϐυρινθώδεις.
2681 3345 2780 3400 Καὶ
2811 3341 3116 3419 ὕπερχειλῆ
3153 3345 3247 3417 μὲν
3276 3345 3412 3414 ἦσαν
3459 3345 3625 3400 λίθων
3683 3345 3862 3401 πολυ-

432 3431 634 3508 τελῶν,
663 3435 770 3487 τῶν
827 3451 886 3487 τε
937 3429 1125 3486 ἄλλων
1179 3431 1269 3484 καὶ
1326 3432 1432 3484 τῶν
1491 3427 1721 3503 λευκῶν,
1756 3432 1837 3494 οἷς
1897 3429 2176 3503 ἰδιάζουσα
2203 3435 2402 3506 κλῆσις
2431 3436 2483 3489 oi
2515 3434 2799 3511 Μάργαροι
2832 3435 2945 3508 (89)
2976 3433 3040 3488 τὰ
3067 3428 3320 3490 κιϐώτια.
3348 3437 3436 3506 Τῷ
3467 3431 3524 3488 Si
3570 3434 3647 3496 ιῖς
3704 3438 3863 3510 χρῆ-

433 3544 514 3578 σιν
585 3524 686 3578 οὐκ
741 3521 896 3590 ἦσαν,
929 3518 1076 3576 ἀλλὰ
1137 3520 1364 3595 βραχεῖς
1412 3540 1551 3581 τινες
1611 3519 1756 3594 αὖτῷ
1815 3523 1914 3592 τήν
1973 3526 2258 3601 πορφύραν
2310 3520 2864 3598 ἀνεκόσμουν,’ί’ἔχῃ
2893 3521 3239 3596 τούπίσημον
3273 3524 3413 3597 ἤπερ
3473 3521 3525 3578 ἐν
3596 3520 3861 3599 προόδοις

439 3613 762 3690 ἐκέχρηντο,
793 3612 881 3668 καὶ
942 3610 1022 3667 ὅτ’
1051 3610 1391 3687 ἐχρημάτιζε
1447 3606 1723 3687 πρέσϐεσι,
1756 3613 1845 3667 καὶ
1903 3613 1992 3670 ὅτε
2042 3618 2165 3672 τινὰ
2223 3614 2400 3688 ἄλλην
2461 3613 2742 3688 δημοτελῆ
2778 3611 2948 3668 ἐτέλει
2977 3615 3302 3688 πανήγυριν.
3337 3613 3407 3670 Οἱ
3443 3611 3490 3668 δ’
3518 3612 3686 3669 ἄλλοι
3735 3621 3860 3677 τοῖς

435 3703 682 3777 ταμείοις
740 3701 1150 3776 ἐναποκείμενοι
1201 3699 1373 3778 ἄχθος
1431 3700 1567 3770 ἦσαν
1625 3701 1849 3758 ἐτώσιον
1901 3706 1997 3759 Ἦν
2053 3703 2100 3760 δ’
2130 3705 2182 3761 ἐν
2223 3708 2316 3781 μὲν
2375 3703 2628 3778 πολέμου
2681 3708 2892 3778 καιροῖς
2947 3701 3201 3765 ποικίλος
3247 3723 3354 3771 τις,
3413 3702 3501 3757 καὶ
3559 3703 3658 3771 τήν
3717 3705 3864 3778 γνώ-⁸

440 3814 546 3865 μην
609 3792 750 3868 πρὸς
812 3791 940 3853 τοὺς
1007 3791 1110 3846 ὑπὸ
1175 3795 1337 3866 χεῖρα
1415 3788 1718 3861 πολυειδής
1753 3811 1766 3826 ο
1825 3790 1877 3846 ἐν
1972 3791 2028 3848 δὲ
2121 3795 2375 3870 ἠρεμίαις
2459 3794 2548 3848 καὶ
2615 3792 2912 3863 εἰρηνικαῖς
2995 3791 3375 3846 καταστάσεσιν
3453 3791 3856 3868 ἀρχικώτερος,

432 3888 524 3936 καί
610 3882 705 3943 τὰς
759 3881 926 3957 ὀργὰς
980 3878 1250 3954 ἐταμίευε,
1308 3878 1397 3934 καὶ
1453 3878 1650 3940 ταύτας
1701 3879 1943 3954 συνὲχων
2024 3884 2150 3958 παρ’
2208 3884 2401 3955 ἑαυτῷ,
2463 3880 2814 3956 ξδημοσίευεν
2897 3880 2948 3935 ἒν
3027 3886 3263 3958 καιροῖς,
3322 3881 3409 3936 καὶ
3499 3878 3860 3936 ἀνταπεδίδου

432 3975 551 4033 τοῖς
610 3971 1006 4043 ἁμαρτήσασιν.
1067 3970 1161 4022 Ὠν
1215 3965 1271 4022 δὲ
1326 3967 1426 4035 τὴν
1476 3967 1702 4039 γνώμην
1763 3966 2003 4044 στερρὸς,
2065 3970 2125 4025 οὗ
2184 3970 2384 4048 ῥᾳδίως
2441 3968 2677 4040 ἠλλοίου
2730 3969 2796 4024 τά
2855 3967 3099 4039 δόξαντα,
3153 3970 3248 4024 Διὸ
3303 3968 3393 4024 καὶ
3453 3969 3588 4043 πρὸς
3642 3967 3736 4031 οὓς
3792 3967 3856 4024 ἃν

435 4057 597 4134 ἔτυχε
659 4059 875 4131 μήνιμά
932 4079 984 4111 τι
1041 4057 1275 4133 τρέφων,
1339 4055 1402 4110 οὐ
1455 4055 1596 4130 ταχὺ
1658 4054 2000 4128 μετήλλαττε
2027 4059 2089 4113 τὸ
2146 4060 2279 4130 ἦθος
2337 4062 2546 4123 αὐτοῖς.
2581 4057 2752 4116 Ἀλλὰ
2781 4063 2947 4113 ταῦτα
3008 4059 3099 4132 μὶν
3149 4056 3522 4132 παραστατικά
3553 4055 3650 4112 τοῦ
3679 4055 3856 4127 ἤθους

433 4146 631 4202 τούτου
659 4149 762 4201 τοῦ
793 4145 1211 4220 αὐτοκράτορος,
1244 4145 1278 4213 ἠ
1313 4141 1358 4197 δ’
1388 4143 1603 4220 ἱστορία
1634 4142 1844 4218 ἐχὲσθω
1872 4149 1977 4200 τῶν
2020 4147 2102 4202 ἐπ’
2131 4148 2295 4204 αὐτοῦ
2323 4147 2744 4227 πεπραγμένων,
2773 4148 2864 4202 καὶ
2892 4144 3188 4223 διηγείσθω
3211 4146 3278 4201 τὰ
3302 4145 3511 4224 ἐφεξῆς.

505 4237 598 4293 ΙΧ.
630 4237 855 4309 )Egypti
888 4237 1184 4308 princeps,
1220 4234 1410 4290 soluto
1456 4234 1719 4290 Romano
1761 4235 1994 4307 fmdere,
2029 4243 2086 4292 et

430 4326 1021 4400 Hierosolymitanum
1054 4324 1362 4398 templum,
1391 4324 1449 4378 in
1476 4340 1590 4395 quo
1621 4324 1839 4381 Christi
1888 4327 2082 4398 sepul-

2266 4241 2338 4296 Θ’.
2393 4242 2450 4294 '0
2505 4242 2606 4302 τῆς
2663 4235 2944 4312 Αἰγύπτου
2995 4237 3308 4310 κατάρχων,
3351 4235 3448 4296 τὰς
3513 4235 3650 4309 πρὸς
3708 4235 3858 4290 Ῥω-

2201 4329 2390 4403 μαίους
2425 4327 2593 4390 λύσας
2627 4323 2884 4394 σπονδὰς,
2916 4324 3008 4380 τόν
3039 4346 3097 4380 τε
3128 4325 3181 4380 ἐν
3220 4322 3643 4399 Ἑεροσολύμοις
3697 4323 3853 4396 ναὸν⁹

428 4432 595 4473 crum
627 4419 734 4482 est,
767 4419 824 4471 et
862 4413 1024 4470 illius
1075 4414 1187 4470 loci
1255 4411 1610 4469 monasteria
1664 4413 1972 4470 destruxit.
2019 4416 2089 4470 At

2205 4418 2249 4473 iv
2301 4419 2346 4490 ᾦ
2401 4418 2464 4472 τὸ
2519 4420 2615 4472 τοῦ
2672 4417 2871 4488 Κυρίου
2927 4421 3136 4487 μνῆμα,
3193 4411 3588 4488 κατηρείπωσε,
3639 4412 3730 4468 καὶ
3787 4414 3860 4469 τὰ

426 4506 753 4578 imperator
783 4503 1117 4576 Bulgariam
1135 4503 1354 4559 crebris
1377 4502 1871 4575 impressionibus
1891 4508 2089 4561 vasta-

436 4597 534 4653 bat
563 4599 621 4652 et
653 4596 876 4664 urebat,
912 4594 1003 4650 cui
1037 4610 1172 4649 cum
1202 4593 1436 4648 Samuel
1471 4591 1596 4647 acie
1641 4592 1916 4649 resistere
1972 4610 2085 4648 non

427 4692 646 4759 posset,
681 4701 924 4758 operam
953 4684 1136 4739 dabat
1166 4686 1233 4738 ut
1263 4682 1458 4737 aditus
1509 4681 1674 4754 regni
1734 4681 2085 4753 occluderet,

423 4782 480 4832 et
510 4775 815 4847 angustias
841 4774 1104 4830 locorum
1129 4770 1388 4828 castellis
1419 4774 1474 4826 et
1505 4770 1794 4843 praesidiis
1836 4787 2087 4844 occupa-

429 4869 536 4921 ret.
562 4865 889 4936 Imperator
918 4867 1113 4920 autem
1147 4877 1441 4930 reversus,
1465 4877 1798 4934 magnaque
1826 4861 1879 4916 vi
1913 4877 2088 4935 pene-

429 4964 586 5016 trare
618 4975 953 5032 aggressus,
980 4961 1089 5016 etsi
1122 4959 1340 5015 virtute
1369 4957 1865 5031 prensidiariorum
1903 4959 2090 5031 repul-

429 5065 578 5106 sus:
607 5053 802 5104 tamen
835 5050 1036 5122 caeptis
1099 5067 1216 5105 non
1279 5047 1526 5116 destitit,
1580 5049 1680 5104 sed
1744 5049 2086 5120 permansit,

430 5139 691 5196 subinde
723 5137 1029 5194 castellum
1065 5142 1322 5208 tentans,
1352 5154 1470 5192 uno
1520 5153 1588 5191 ex
1645 5136 1895 5191 ducibus
1953 5153 2084 5191 cum

427 5246 538 5286 sua
565 5228 794 5302 legione
825 5229 1029 5298 misso,
1063 5244 1136 5283 an
1165 5227 1399 5300 uspiam
1447 5225 1588 5282 alibi
1648 5241 1752 5297 per
1809 5225 2088 5296 ambages

425 5319 757 5386 ingressum
792 5315 1016 5390 aperire
1046 5317 1329 5389 posset.ls
1361 5333 1464 5389 per
1486 5317 1718 5370 montes
1751 5313 2089 5385 multasque

429 5408 809 5465 difﬁcultates
839 5405 1112 5479 Bulgaria
1145 5405 1402 5478 deceptis
1451 5407 1778 5476 ingressus,
1837 5420 1870 5457 a
1930 5410 2090 5474 tergo

432 5498 492 5554 in
527 5498 919 5571 prmsidiarios
950 5497 1144 5569 irruit,
1178 5497 1278 5570 qui
1310 5513 1371 5552 re
1400 5495 1599 5552 subita
1623 5493 1942 5567 perterriti,
1971 5510 2085 5549 non

2197 4507 2310 4562 ἐκεῖ
2342 4508 2696 4581 μοναστήρια.
2736 4506 2797 4561 Ὁ
2846 4501 2902 4558 δὲ
2947 4501 3232 4571 Βασιλεὺς,
3267 4507 3509 4577 συνεχῶς
3561 4504 3631 4576 τῇ
3679 4501 3861 4558 Βουλ-

2197 4597 2360 4673 γαρίᾳ
2437 4589 2828 4671 προσϐάλλων,
2889 4589 3083 4647 ἐκάκου
3161 4591 3363 4661 ταύτην
3441 4591 3528 4645 καὶ
3591 4591 3857 4667 ἐκεράϊζε.

2197 4688 2286 4756 Μὴ
2355 4684 2651 4759 δυνάμενος
2725 4680 2783 4737 δὲ
2857 4703 2920 4757 γε
2983 4682 3013 4736 δ
3087 4678 3355 4754 Σαμουὴλ
3429 4680 3860 4754 ἀντιπαρατάξα-

2198 4787 2317 4839 σθαι
2372 4780 2452 4846 τῷ
2517 4779 2627 4828 τῶν
2683 4771 2970 4844 Ῥωμαίων
3045 4769 3428 4844 στρατεύματι,
3476 4767 3704 4846 τάφροις
3760 4768 3860 4830 τὰς

2199 4862 2440 4925 εἷ’σόδους
2498 4862 2818 4917 ἀποκλεῖσαι
2896 4861 3045 4932 αὐτῷ
3093 4857 3436 4935 ἰπεχείρησε,
3479 4857 3575 4921 τάς
3630 4854 3853 4932 δυσχω-

2198 4955 2316 5029 ρίας
2362 4951 2672 5030 ἀποφράξας
2734 4946 3076 5021 οἷκοδομαῖς,
3116 4948 3205 5002 καὶ
3259 4946 3500 5025 φύλακας
3558 4944 3856 5016 ἐπιστήσας

2196 5043 2402 5103 αὐταῖς.
2448 5047 2604 5095 Ἦκεν
2666 5036 2756 5093 οὖν
2825 5039 2853 5093 ὁ
2916 5035 3169 5113 βασιλεὺς
3220 5034 3394 5104 αὖθις,
3451 5034 3541 5089 καὶ
3597 5029 3853 5090 ἐϐιάσατο

2201 5133 2294 5205 μὲν
2325 5132 2424 5200 τὴν
2455 5126 2716 5205 πάροδον,
2750 5127 3090 5202 ἀπεκρούσθη
3149 5123 3206 5180 δὲ
3261 5129 3368 5179 τῶν
3421 5122 3677 5201 φυλάκων
3712 5124 3856 5188 ἀνθι-

2197 5223 2475 5294 σταμένων
2535 5216 3023 5295 ἐρῥωμενέστερον,
3079 5212 3227 5284 πλὴν
3305 5213 3404 5268 οὐκ
3479 5211 3682 5283 ἀπέστη
3748 5219 3850 5282 τῆς

2198 5310 2588 5387 ἐγχειρήσεως,
2622 5307 2749 5364 ἀλλ’
2782 5306 2943 5368 αὐτὸς
3001 5305 3096 5378 μὲν
3128 5302 3479 5378 προσέμενεν,
3508 5300 3586 5356 ἔτι
3640 5301 3852 5375 πεερώο

2201 5423 2356 5474 μενος
2410 5399 2505 5453 τοῦ
2559 5397 2827 5474 ἐρύματος
2861 5415 2874 5428 ⁸
2935 5393 3251 5469 ἐκπέπομφε
3309 5389 3365 5445 δὲ
3444 5395 3552 5445 τῶν
3621 5411 3852 5464 στρατηο

2194 5495 2304 5567 γῶν
2359 5487 2452 5544 ἕνα
2511 5488 2645 5561 μετὰ
2693 5492 2790 5542 τοῦ
2843 5486 2931 5540 ὑπ’
2961 5482 3122 5539 αὐτὸν
3152 5483 3428 5558 τάγματος
3489 5478 3854 5555 ὲτερωθίπου-

1705 5613 1911 5680 Variae
1938 5612 2240 5676 lectiones
2270 5616 2332 5674 et
2361 5615 2550 5673 notae.

506 5724 620 5798 (87)
651 5724 717 5783 Οἱ
753 5725 1040 5800 μάργαροι.
1074 5724 1219 5783 Vide
1250 5723 1410 5782 idem
1440 5721 1631 5781 Gloss.
1655 5720 1717 5779 in
1749 5719 2070 5797 Μάργαρος.
