4156 6214
339 362 458 423 165

1620 358 1831 420 ANNA
1843 357 2036 422 LIUM
2080 357 2227 420 LIB.
2258 350 2465 420 ‘XVll.

3628 367 3747 428 l66

332 505 449 567 θεν,
500 491 548 548 ai.
606 491 824 549 δόναιτο
875 491 1182 570 περιελθεῖν
1209 536 1224 565 ,
1299 493 1391 548 καὶ
1453 488 1873 567 μηχανήσασθαί
1930 511 1978 546 τι

2088 491 2216 562 jam
2247 491 2318 545 de
2349 489 2676 548 munitione
2715 493 2956 561 tuenda,
2989 495 3090 551 sed
3122 496 3193 552 de
3223 496 3462 553 interitu
3511 498 3746 556 vitando

329 582 470 658 πρὸς
510 583 612 653 τήν
647 580 934 638 διελευσιν.
978 582 1034 634 Ὀ
1065 577 1145 652 δὶ,
1197 577 1267 636 δι’
1316 581 1455 657 δρῶν
1513 578 1602 635 καὶ
1662 576 1985 655 δυσχωριῶν

329 671 566 728 πολλῶν
600 669 854 746 διελθὼν,
906 671 996 726 καὶ
1039 668 1220 735 λαθὼν
1253 669 1378 733 τοὺς
1409 669 1777 745 Βουλγάρους,
1826 667 1988 743 ἐμπί-

328 783 455 817 πτει
484 763 624 816 κατὰ
651 761 829 817 νώτου
879 767 996 822 τοῖς
1037 765 1135 815 τοῦ
1171 759 1440 836 ἐρύματος
1472 759 1718 838 φύλαξιν,
1779 756 1850 828 οἳ,
1908 762 1990 831 τῷ

327 849 522 928 ἀθρόῳ
551 847 793 922 περιδεῖς
824 850 1127 926 γεγονότες,
1160 849 1340 905 οὐκέτι
1387 856 1489 919 τῆς
1518 847 1765 928 φυλακῆς
1797 847 1988 924 ἐφρόν-

322 946 476 1010 τιζον
537 944 637 995 τοῦ
695 943 972 1019 ρφαγμοῦ,
1035 937 1162 996 ἀλλ’
1223 937 1372 1001 ὅπως
1434 939 1587 994 αὐτοὶ
1618 938 1710 993 τὸν
1764 934 1989 1013 ὄλεθρον

327 1027 682 1108 φυλάξωνται
735 1029 860 1104 περὶ
919 1027 1184 1084 πλείστου
1223 1026 1476 1093 ἐτίθεντο.
1530 1027 1660 1083 Τότε
1711 1024 1777 1097 δὴ
1812 1025 1988 1089 ἀδείας

322 1120 389 1175 τὸ
497 1119 809 1192 Ῥωμαῖκὸν
897 1115 1226 1193 δραξάμενον
1319 1118 1668 1193 στράτευμα,
1764 1116 1986 1193 ῥήγνυσι

319 1209 418 1263 τὸν
453 1208 738 1286 φραγμὸν,
769 1207 857 1262 καὶ
889 1205 1046 1262 δίεισι
1095 1207 1187 1262 καὶ
1219 1203 1427 1276 διώκει,
1471 1206 1562 1260 καὶ
1608 1204 1854 1268 πολλοὺς
1891 1208 1985 1280 μὶν

322 1299 546 1371 ἄναιρεῖ
578 1342 594 1367 ,
652 1295 905 1358 πλείονας
963 1292 1021 1352 δέ
1074 1317 1137 1371 γε
1196 1300 1390 1372 ζωγρεῖ
1451 1293 1614 1369 μόλις
1672 1293 1988 1371 διαδράντος

318 1390 420 1442 τοῦ
456 1385 752 1460 Σαμουήλ.
784 1387 852 1443 Ὃ
888 1406 952 1460 γε
981 1386 1087 1458 μὴν
1149 1383 1401 1460 βασιλεὺς
1449 1389 1568 1447 τοῖς
1617 1380 1986 1459 δορυαλώτοις

321 1475 404 1540 εἷς
457 1473 851 1530 πεντεκαίδεκα
929 1471 1192 1550 χιλιάδας
1277 1471 1701 1549 ἀριθμουμένοις
1773 1472 1988 1547 ἐξέκοψε

319 1570 459 1618 πᾶσι
493 1563 564 1618 τὰ
593 1559 838 1637 ὄμματα,
897 1561 980 1638 ἐφ’
1033 1563 1232 1637 ἑκάστῃ
1289 1561 1568 1617 ἑτατοστύῖ
1615 1558 1708 1617 ἕνα
1763 1560 1987 1618 καταλι-

317 1654 448 1710 πὼν
483 1651 1000 1733 ὶτερόφθαλμον,¹ίν
1057 1651 1142 1723 εἷή
1199 1653 1416 1716 τούτοις
1474 1654 1840 1731 χειραγωγὸς,
1897 1655 1988 1710 καὶ

321 1743 511 1806 οὕτως
585 1742 785 1804 αὐτοὺς
852 1741 1063 1797 ἀπιέναι
1127 1739 1335 1798 κελεύει
1389 1743 1526 1819 πρὸς
1581 1744 1673 1798 τὸν
1735 1743 1987 1821 σφέτερον

322 1831 611 1909 ἀρχηγόν.
642 1830 749 1893 Οῧς
798 1829 1002 1895 ἐκεῖνος
1034 1828 1186 1901 ἰδὼν,
1218 1830 1309 1886 καὶ
1364 1830 1428 1886 τὰ
1485 1832 1654 1892 πάθος
1708 1832 1784 1905 μὴ
1839 1831 1986 1909 ἐνεγ-

330 1923 477 1987 κὼν,
530 1920 761 1997 ἰλλγγιᾷ
807 1941 867 1975 τε
919 1919 1008 1975 καὶ
1040 1920 1115 1983 εἷς
1164 1925 1267 1996 γῆν
1313 1918 1661 1994 λειποθυμῶν
1720 1917 1987 1976 καταϐάλ-

325 2009 510 2066 λεταιο
579 2009 775 2083 μικρὸν
829 2005 887 2064 δέ
937 2029 992 2064 τι
1049 2008 1367 2084 ἀνενεγκὼν,
1399 2005 1736 2085 καρδιωγμῷ
1763 2009 1986 2086 περιπί-

327 2119 458 2154 πτει
509 2099 598 2153 καὶ
649 2099 869 2168 θνήσκει
901 2098 1036 2171 (90),
1092 2098 1159 2153 Ἡ
1217 2093 1275 2152 δὲ
1326 2101 1434 2152 τῶν
1484 2095 1817 2173 Βουλγάρων
1849 2100 1984 2174 ἠγε-

335 2187 500 2260 μονία
555 2185 638 2259 τῷ
706 2185 810 2258 υἱῷ
878 2187 1029 2259 αὗτῷ
1103 2181 1350 2262 Γαϐριὴλ
1425 2191 1506 2259 τῷ
1575 2187 1664 2241 καὶ
1719 2188 1984 2260 Ῥωμανῷ

330 2275 640 2350 παριῆλθεν
670 2321 684 2342 ,
741 2277 798 2330 δν
855 2275 1006 2330 οὕπω
1059 2274 1296 2330 ἐνιαυτὸν
1353 2272 1582 2350 ἄρξαντα
1635 2277 1663 2330 6
1717 2276 1835 2340 υἱὸς
1889 2281 1984 2331 τοῦ

328 2363 688 2442 πατραελφου
744 2362 909 2419 αὐτοῦ
958 2365 1166 2440 Ἀαρὼν
1203 2365 1232 2419 6
1266 2359 1672 2426 Βλαδίσθλαϐος
1726 2367 1980 2437 Ἰωάννης

330 2453 637 2529 (διώνυμος
689 2453 791 2530 γὰρ
847 2454 937 2508 καὶ
993 2450 1150 2515 οὗτος
1207 2452 1294 2528 ἥν)
1325 2452 1620 2510 ἀπέκτεινε.
1655 2453 1891 2520 Διελθὼν
1925 2453 1980 2512 δὲ

325 2544 389 2598 τὸ
448 2542 504 2598 ἐν
559 2549 679 2607 ταῖς
737 2540 1070 2618 δυσχωρίαις
1126 2537 1300 2618 ἔρυμα
1348 2544 1377 2597 ὁ
1433 2542 1780 2620 αὐτοκράτωρ
1817 2588 1830 2613 ,
1906 2547 1981 2609 ὡς

327 2631 568 2706 εἴρηται,
627 2630 773 2687 ἄλλα
827 2653 886 2686 τε
940 2630 1176 2708 φρούρια
1236 2632 1568 2707 ἐχειρώσατο
1629 2632 1834 2710 ἐρυμνά
1887 2636 1977 2690 καὶ

322 2720 448 2783 τοὺς
480 2720 534 2775 ἐν
581 2718 768 2782 αὐτοῖς
830 2718 1194 2796 Βουλγάρους,
1244 2719 1334 2774 καὶ
1391 2721 1521 2789 ἧκεν
1577 2720 1656 2783 εἰς
1702 2725 1976 2778 Μοσυνού-

319 2808 506 2880 πολιν,
561 2808 698 2864 ὅπου
728 2810 878 2881 αὐτῷ
907 2811 942 2879 ἡ
971 2813 1069 2864 τοῦ
1115 2807 1352 2883 Σαμοὴλ
1404 2809 1632 2879 τελιυτή
1666 2809 1974 2888 ἀπηγγέλη,

321 2901 492 2972 ’Δρας
555 2897 646 2954 οὖν
716 2896 909 2953 αὐτίκα
975 2893 1314 2972 προσϐάλλει
1361 2902 1430 2973 τῇ
1483 2897 1826 2976 Βουλγαρίᾳ,
1885 2905 1971 2958 καὶ

321 2987 516 3051 πόλεις
571 3010 632 3044 τε
685 2987 855 3058 αὐτῆς
920 2989 1064 3063 αἱρεῖ
1110 2988 1200 3044 καὶ
1257 2988 1510 3068 φρούρια.
1564 2995 1619 3044 Ὁ
1669 2988 1724 3046 δὲ.
1769 3013 1831 3068 γε
1879 2997 1975 3048 τοῦ

327 3077 596 3152 Σαμουὴλ
650 3079 767 3140 υἱὸς
826 3078 854 3131 6
897 3077 1174 3150 Ῥωμανός
1229 3099 1289 3134 τε
1344 3079 1434 3134 καὶ
1493 3075 1737 3156 Γαϐριὴλ
1797 3077 1973 3154 (οὔπω

323 3168 426 3244 γὰρ
464 3167 756 3242 ἀνῄρητο),
815 3167 1032 3241 πεμψας
1085 3167 1221 3243 πρὸς
1276 3167 1370 3222 τὸν
1424 3167 1650 3242 βασιλὲα
1701 3167 1970 3225 δούλωσιν

326 3239 666 3332 ὄπισχνεῗτο·
717 3239 863 3329 μετὰ
893 3239 967 3312 νδέ
1015 3239 1139 3312 τινα
1190 3258 1377 3332 καιρὸν
1424 3239 1532 3313 τοῦ
1585 3259 1676 3313 τὸν
1728 3255 1972 3334 Γαϐριὴλ
2007 3239 2048 3308 C

323 3345 609 3409 ἀνελόντος
669 3347 926 3401 Ἰωάννου
967 3349 1066 3400 τοῖ’»
1096 3341 1514 3403 Βλαδισθλάϐου
1562 3346 1802 3422 ἐεράπων
1858 3347 1977 3428 ἀφί-

323 3455 482 3504 κετο,
546 3431 1034 3510 εὐαγγελιζόμενος
1078 3436 1179 3505 τὴν
1239 3435 1506 3509 ἀναίρεσιν
1561 3441 1658 3492 τοῦ
1710 3439 1830 3492 υἱοῦ
1879 3442 1976 3494 τοῦ

327 3524 596 3597 Σαμουὴλ
653 3526 743 3580 καὶ
789 3526 1084 3601 γράμματα
1113 3523 1380 3598 κομίζων,
1415 3524 1854 3603 ἐπαγγελλόμενα
1898 3533 1977 3600 τῷ

321 3612 544 3688 βασιλεῖ
595 3612 865 3668 δούλωσιν
925 3613 1336 3690 προσερῥύησαν
1388 3612 1445 3669 δὲ
1484 3614 1631 3688 αὐτῷ
1687 3618 1774 3672 καὶ
1835 3616 1972 3673 πολ-

323 3700 408 3757 λοὶ
463 3707 574 3758 τῶν
633 3701 921 3775 ἐπισήμων
969 3704 1119 3777 παρὰ
1170 3706 1530 3778 Βουλγάροις.
1564 3704 1730 3768 Γνοὺς
1792 3708 1973 3780 μέντοι

316 3792 406 3846 τὸν
462 3786 879 3848 Βλαδίσθλαϐον
929 3793 956 3846 6
1017 3790 1276 3868 βασιλεὺς
1346 3792 1407 3846 οὗ
1463 3794 1600 3848 κατὰ
1650 3794 1744 3857 τὰς
1804 3794 1972 3872 ἐπαγ-

319 3879 505 3955 γελίας
561 3877 968 3954 διανοούμενον,
1028 3880 1264 3950 ἐπῆλθεν
1336 3879 1487 3946 αὗθις
1542 3886 1611 3957 τῇ
1667 3881 1976 3961 Βουλγαρίᾳ

320 3971 404 4024 καὶ
438 3967 659 4032 πολλὰς
695 3970 790 4042 μὲν
822 3969 986 4039 αὐτῆς
1045 3969 1304 4040 ἐληΐσατο
1362 3973 1572 4047 χώρας,
1603 3974 1704 4042 τὴν
1763 3970 1820 4028 δὶ
1875 3981 1976 4043 τῆς

323 4055 580 4134 Ἀχρίδος
638 4057 822 4129 πόλιν,
877 4059 915 4134 ᾖ
962 4060 1030 4114 τὰ
1081 4057 1328 4136 βασίλεια
1382 4066 1499 4117 τοῖς
1559 4065 1664 4115 τῶν
1734 4061 1974 4139 Βουλγά-

324 4167 428 4219 ρων
483 4147 763 4224 ἆρχηγοῖς
828 4146 1212 4221 ᾠκοδόμηντο,
1265 4149 1563 4222 πολιορκίᾳ
1619 4146 1826 4222 λαϐὼν,
1884 4155 1974 4207 καὶ

320 4233 473 4307 ἕτερα
530 4235 770 4313 φρούρια
827 4234 915 4292 διὰ
970 4241 1310 4314 στρατηγῶν,
1344 4238 1680 4310 ἐπανέζευξεν
1741 4240 1816 4303 εἰς
1873 4242 1972 4310 τήν

320 4325 742 4383 Κωνσταντίνου.
769 4324 869 4379 Καὶ
911 4324 1058 4388 οὗθις
1115 4324 1173 4382 δὶ
1229 4327 1364 4381 κατὰ
1410 4329 1742 4404 Βουλγάρων
1788 4328 1974 4405 ἐστρά-

316 4435 487 4482 τευσε,
534 4412 627 4469 καὶ
685 4411 835 4476 αὖθις
895 4414 1130 4492 φρούριά
1183 4436 1243 4471 τε
1297 4415 1387 4470 καὶ
1419 4414 1668 4480 πολλοὺς
1695 4419 1804 4472 τών
1837 4423 1972 4492 Βαρ-

317 4496 495 4578 ϐάρων
551 4502 682 4564 τοὺς
742 4503 837 4576 μὶν
889 4500 1176 4580 διέφθειρε,
1230 4503 1357 4566 τοὺς
1417 4501 1475 4559 δὲ
1531 4506 1756 4582 συνέσχε
1807 4507 1968 4576 ζωού-

2097 580 2465 637 laborabant.
2499 580 2584 636 Ibi
2614 585 2917 640 Romanus
2947 585 3239 642 exercitus
3272 586 3505 643 nomine
3549 589 3748 660 prohi-

2097 671 2270 726 bente
2300 678 2471 743 rupta
2518 673 2841 728 munitione
2889 675 3124 745 transit,
3183 676 3501 750 hostesque
3554 695 3748 751 perse-

2099 776 2286 832 quens
2333 762 2486 817 226
2521 762 2738 818 multos
2764 764 2996 831 occidit,
3028 765 3222 837 plures
3265 768 3440 840 capit,
3473 768 3743 825 Samuele

2095 850 2192 905 vix
2221 848 2442 921 elapso,
2473 851 2794 922 imperator
2822 853 3062 926 captivis
3081 857 3358 912 omnibus
3386 857 3488 928 qui
3519 857 3754 914 circiter

2097 938 2433 1010 quindecim
2490 939 2674 996 millia
2730 946 2920 1008 erant,
2988 943 3189 1000 oculos
3226 945 3451 1013 effodit,
3501 946 3753 1017 singulis

2097 1027 2378 1082 centuriis
2409 1044 2525 1084 uno
2558 1029 3026 1087 monoculoduce
3049 1032 3536 1104 redlicto,eosque
3569 1035 3653 1090 sic
3677 1035 3749 1090 ad

2097 1133 2269 1172 suum
2302 1117 2506 1173 ducem
2537 1119 2697 1174 abire
2719 1119 2908 1190 jubet.
2942 1119 3167 1187 Quibus
3199 1121 3292 1178 ille
3336 1124 3499 1194 visis,
3533 1125 3746 1181 atroci-

2095 1209 2277 1262 tatem
2308 1206 2390 1263 rei
2423 1224 2536 1262 non
2573 1208 2786 1277 ferens,
2829 1209 3032 1266 oborta
3065 1210 3348 1282 vertigine
3403 1212 3750 1286 viribusque

2097 1295 2416 1352 destitutus
2449 1296 2614 1352 humi
2643 1298 2914 1369 procidit,
2945 1314 3012 1354 ac
3042 1315 3250 1370 parum
3299 1305 3617 1371 recreatus,
3677 1319 3747 1358 ex

2098 1387 2434 1458 cardiogmo
2465 1388 2686 1458 interit,
2723 1389 3056 1461 principatu
3092 1389 3476 1463 Bulgarorum
3523 1392 3582 1447 in
3637 1395 3743 1449 Ga-

2097 1475 2338 1532 brielem
2371 1476 2580 1546 filium,
2611 1478 2712 1550 qui
2744 1483 2801 1534 et
2829 1480 3127 1535 Romanus
3157 1480 3740 1551 dicebatur,transla-

2096 1569 2156 1620 to
2190 1581 2202 1621 :
2239 1581 2408 1637 quem
2442 1568 2702 1622 nondum
2733 1585 2888 1623 anno
2949 1568 3149 1640 elapso
3201 1570 3382 1625 frater
3437 1571 3742 1642 patruelis,

2097 1655 2345 1710 Aaronis
2402 1655 2555 1710 ﬁlius
2612 1656 3050 1713 Uladisthlavus
3096 1659 3351 1714 Joannes
3400 1658 3741 1731 (binominis

2098 1743 2255 1798 enim
2285 1748 2342 1799 et
2370 1743 2466 1799 hic
2496 1746 2641 1816 erat)
2679 1746 2914 1801 occidit.
2950 1747 3273 1818 Imperator
3299 1763 3434 1803 vere
3499 1747 3742 1805 castello

2097 1833 2603 1904 angustiarum,ut
2619 1834 2898 1903 diximus,
2934 1842 3232 1908 superato,
3263 1853 3396 1891 cum
3429 1837 3544 1892 alia
3573 1838 3745 1893 ﬁrma

2099 1921 2374 1995 praesidia
2421 1939 2538 1978 una
2593 1939 2728 1980 cum
2804 1924 3210 1981 defensoribus
3258 1926 3741 1998 cepisset,Mosy-

2097 2010 2354 2082 n0polim
2381 2012 2598 2084 pergit:
2633 2013 2736 2068 ubi
2788 2014 2995 2070 nuntio
3027 2016 3098 2071 de
3151 2015 3445 2071 Samuelis
3499 2015 3741 2072 interitu

2096 2105 2352 2172 accepto,
2414 2101 2720 2174 Bulgarica
2776 2103 2993 2174 oppida
3035 2107 3092 2158 et
3119 2103 3394 2176 praesidia
3422 2109 3738 2176 eXpugnat.

2092 2191 2165 2245 At
2190 2190 2477 2246 Samuelis
2508 2191 2666 2248 ﬁlius
2696 2192 2995 2248 Romanus
3014 2192 3245 2249 Gabriel
3274 2193 3549 2262 (necdum
3581 2193 3740 2250 enim

2094 2295 2279 2334 caesus
2327 2279 2470 2352 erat)
2527 2297 2628 2351 per
2711 2281 2932 2353 legatos
3013 2281 3351 2353 imperatori
3399 2282 3782 2338 servitutem'

2092 2367 2497 2440 pollicebatur,
2555 2379 2611 2426 et
2667 2373 2925 2441 tempore
2999 2370 3296 2443 aliquanto
3365 2371 3736 2444 interposito,

2094 2457 2340 2514 Joannis
2362 2458 3029 2516 Uladisthlaviminister
3046 2460 3233 2526 adest,
3268 2461 3481 2516 caedem
3507 2460 3740 2517 Gabrie-

2091 2547 2164 2602 lis
2202 2547 2273 2602 ab
2307 2547 2442 2603 hero
2470 2564 2576 2603 suo
2600 2548 2813 2604 factam
2845 2549 3151 2618 nuntians,
3198 2548 3415 2620 aliique
3442 2549 3612 2604 multi
3672 2564 3741 2604 ex

2089 2635 2420 2692 illustribus
2468 2636 2738 2709 Bulgaris
2794 2638 2866 2694 ad
2911 2636 3325 2705 imperatorem
3386 2638 3737 2694 confluunt:

2089 2724 2184 2796 qui
2217 2742 2352 2781 cum
2405 2724 2788 2782 intellexisset
2840 2726 2999 2782 aliud
3057 2725 3280 2798 agitare
3355 2727 3552 2782 animo
3606 2726 3742 2784 Ula-

2088 2815 2629 2889 distblavumquam
2645 2816 3033 2890 promisisset,
3053 2817 3266 2874 iterum
3281 2818 3359 2872 im
3369 2817 3740 2890 pressionein

2086 2905 2420 2977 Bulgariam
2471 2907 2641 2975 facta,
2702 2907 2873 2980 longe
2909 2907 3142 2978 lateque
3187 2907 3414 2978 praedas
3479 2907 3618 2980 egit,
3679 2911 3736 2962 et

2083 2995 2342 3050 Achrida
2371 2995 2513 3050 urbe
2543 2995 2702 3068 regia
2734 2995 3110 3068 Bulgarorum
3161 3001 3514 3068 expugnata,
3576 2995 3739 3052 aliis-

2085 3099 2197 3155 que
2228 3083 2484 3139 castellis
2515 3099 2619 3155 per
2647 3085 2826 3141 duces
2857 3101 2996 3140 suos
3061 3085 3268 3154 captis,
3326 3084 3741 3140 Constantino-

2084 3171 2263 3245 polim
2296 3173 2645 3245 regreditur.
2669 3176 2778 3229 Sed
2811 3191 3020 3230 rursus
3064 3173 3214 3228 bello
3255 3173 3417 3229 illato
3468 3173 3739 3230 Barbaris

2086 3261 2203 3316 illis
2231 3265 2287 3317 et
2333 3261 2590 3318 castellis
2661 3263 2982 3335 occupatis,
3035 3262 3320 3336 llulgaros
3405 3263 3738 3336 complures

2084 3349 2299 3423 partim
2331 3351 2640 3419 interfecit,
2666 3352 2878 3424 partim
2929 3351 3102 3424 cepit.
3136 3354 3394 3418 Quorum
3463 3353 3739 3426 princeps

2082 3440 2335 3495 Joannes
2364 3439 2819 3509 Uladisthlavus,
2880 3442 3017 3496 dum
3078 3441 3428 3513 Dyrrabium
3489 3441 3739 3508 obsidet,

2085 3527 2401 3596 cadit,cum
2434 3527 2591 3599 genti
2635 3526 2938 3583 biennium
2972 3533 3028 3582 et
3055 3528 3317 3600 quinque
3341 3544 3580 3583 menses
3597 3545 3741 3599 prae-

2085 3617 2312 3672 fuisset.
2347 3617 2470 3681 Quo
2502 3617 2822 3688 imperator
2849 3617 3144 3673 intellecto
3176 3617 3376 3673 statim
3411 3617 3731 3689 egreditur,

2084 3705 2178 3760 cui
2210 3705 2281 3760 ad
2306 3704 2745 3777 Adrianopolim
2779 3706 3018 3777 quidam
3069 3705 3332 3760 illustres
3391 3705 3627 3777 Bulgari
3675 3721 3740 3759 se

2085 3795 2326 3863 dedunt,
2358 3795 2574 3850 tradito
2608 3794 2846 3850 Pernico
2876 3799 2932 3851 et
2982 3795 3116 3852 aliis
3167 3795 3414 3868 triginta
3472 3794 3734 3866 quinque

2085 3882 2366 3940 castellis.
2401 3884 2512 3940 Sed
2541 3888 2598 3940 et
2629 3884 2725 3939 alii
2753 3884 2928 3940 multi
2971 3901 3040 3940 ex
3069 3885 3162 3940 his
3189 3885 3459 3940 Barbaris
3488 3885 3559 3939 ad
3601 3900 3736 3940 eum

2085 3972 2510 4028 confluxerunt.
2544 3973 2726 4029 Maria
2775 3989 3008 4046 quoque
3054 3973 3296 4030 Joannis
3345 3971 3737 4030 Uladisthlavi

2085 4078 2249 4131 uxor,
2277 4062 2488 4118 Davide
2516 4062 2804 4135 Bulgariae
2857 4062 3297 4135 archiepiscopo
3357 4079 3492 4118 cum
3526 4061 3737 4118 litteris

2085 4152 2154 4206 ad
2188 4150 2353 4207 illum
2387 4151 2587 4219 misso,
2620 4167 2683 4207 se
2739 4151 2826 4207 illi
2883 4149 3157 4224 Bulgaria
3212 4167 3510 4207 cessuram
3561 4150 3733 4224 polli-

2084 4243 2220 4306 cita,
2244 4240 2292 4295 si
2324 4256 2391 4296 ea
2422 4256 2549 4311 qua:
2580 4239 2749 4296 vellet
2777 4240 3168 4312 impetrasset,
3203 4240 3378 4313 paulo
3421 4244 3553 4313 post
3607 4239 3736 4312 ipsa

2084 4344 2219 4384 cum
2249 4329 2440 4385 tribus
2469 4328 2608 4384 filiis
2635 4334 2690 4384 et
2722 4344 2822 4384 sex
2869 4327 3106 4384 ﬁliabus
3163 4329 3415 4385 advenit.
3476 4330 3626 4386 Sunt
3681 4332 3737 4384 et

2083 4423 2200 4473 tres
2231 4417 2361 4488 ejus
2383 4416 2483 4472 alii
2514 4415 2640 4487 filii,
2673 4417 2996 4473 Prusianus
3026 4433 3161 4473 cum
3193 4417 3424 4473 duobus
3455 4416 3734 4474 fratribus

2084 4507 2184 4580 qui
2217 4507 2276 4562 in
2341 4510 2570 4563 montes
2610 4507 2990 4578 profugerant
3054 4506 3341 4578 praesidiis
3394 4511 3732 4577 occupatos,

313 4591 374 4649 Ὁ
405 4590 461 4647 δὲ
490 4597 601 4647 τῶν
635 4590 966 4668 Βουλγάρων
999 4592 1186 4669 ἄρχων
1220 4594 1248 4647 6
1276 4594 1498 4664 Ἰωάνης
1520 4595 1608 4648 καὶ
1630 4592 1963 4653 Βλαδίσυλαο

2088 4596 2255 4652 :oacti
2288 4597 2360 4651 ad
2393 4595 2762 4668 imperatoris
2796 4595 2966 4651 ﬁdem
2996 4611 3059 4651 se
3091 4595 3389 4650 conferre:
3423 4610 3454 4649 ο
3515 4594 3731 4665 quibus

318 4675 409 4743 6ος
466 4682 607 4736 κατὰ
661 4685 784 4736 τοῦ
813 4681 1123 4758 Δυρραχίου
1171 4681 1474 4758 ἐξώρμησε,
1508 4682 1596 4738 καὶ
1653 4682 1966 4760 πολιορκῶν

317 4769 445 4823 αὐτὸ
501 4769 904 4845 πίπτει,ἄρξας
959 4768 1051 4840 ἔτη
1114 4767 1211 4825 δύο
1260 4771 1350 4825 καὶ
1425 4778 1600 4843 μῆνας
1674 4773 1848 4831 πέντε.
1901 4777 1967 4832 *Ὁ

320 4859 503 4929 μαθὼν
533 4859 562 4912 ὁ
595 4855 850 4931 βασιλεὺς
881 4858 1036 4920 εὐθὺς
1093 4855 1271 4931 ἔξεισι,
1304 4861 1393 4914 καὶ
1452 4860 1574 4934 περὶ
1629 4864 1729 4931 τήν
1785 4860 1968 4937 Ἀδρι-

316 4945 613 5000 ανούπολιν
641 4948 916 5022 γενομένῳ
954 4948 1240 5024 προσίασιν
1289 4948 1436 5018 αὖτῷ
1483 4953 1591 5003 τῶν
1643 4949 1970 5026 Βουλγάρων

314 5033 591 5112 ἐπιφανεῖς
657 5035 824 5102 τινὲς,
901 5033 1289 5110 παραδιδόντες
1340 5036 1486 5110 αὐτῷ
1540 5039 1631 5093 τὸν
1686 5041 1967 5114 Πέρνικον,

314 5123 396 5177 καὶ
451 5122 611 5197 ἔτερα
662 5124 894 5202 φρούρια
951 5125 1241 5201 τριάκοντα
1296 5124 1383 5181 ἐπὶ
1441 5127 1616 5182 πέντεο
1660 5127 1748 5182 καὶ
1805 5125 1969 5184 ἄλλοι

316 5208 371 5266 δὶ
417 5217 528 5268 τῶν
590 5201 880 5289 Βαρϐάρων
932 5212 1141 5269 τούτων
1200 5214 1346 5288 αὖτῷ
1404 5201 1835 5293 προσερρὗσαν.
1869 5218 1968 5272 Καὶ

2082 4685 2430 4742 Prusianum
2488 4684 2864 4756 magistrum,
2941 4685 3088 4740 227
3179 4687 3415 4738 θεῖοι-οε
3456 4682 3731 4753 patricios

2079 4774 2230 4830 fecit.
2256 4773 2540 4830 Universa
2571 4773 2849 4845 Bulgaria
2878 4773 3142 4840 subacta,
3193 4775 3251 4827 et
3285 4769 3543 4827 castellis
3597 4769 3730 4826 aliis

2078 4865 2317 4928 eversis,
2350 4861 3080 4933 aliis,munitis,justisque
3095 4859 3383 4932 praesidiis
3405 4859 3724 4934 impositis,

2078 4953 2338 5007 Athenas
2369 4951 2439 5006 ad
2473 4950 2826 5007 exsolvenda
2856 4951 3114 5023 Deiparee
3145 4954 3278 5007 vota
3298 4959 3383 5006 est.
3413 4951 3729 5024 profectus,

2078 5059 2145 5098 ac
2177 5039 2463 5096 dedicatis
2490 5040 2548 5095 in
2572 5040 2692 5096 mdo
2721 5041 2849 5111 ejus
2883 5037 3086 5095 multis
3118 5040 3389 5111 pretiosis
3447 5039 3728 5108 donariis,

2079 5132 2141 5187 in
2172 5129 2494 5203 principem
2538 5129 2742 5185 urbem
2782 5145 3051 5184 reversus
3108 5128 3479 5202 triumphum
3537 5128 3722 5196 duxit,

2081 5226 2240 5277 recta
2268 5220 2417 5275 tiara
2445 5223 2708 5287 ornatus,
2739 5235 2910 5289 quam
2941 5219 3155 5290 vulgus
3187 5220 3433 5292 tupham
3473 5221 3637 5272 vocat
3695 5234 3729 5272 a

1595 5364 1798 5427 Variae
1828 5364 2131 5429 lectiones
2161 5374 2223 5428 et
2254 5373 2440 5428 notae.

380 5486 492 5560 (7970)
564 5483 666 5541 Καὶ
742 5486 984 5554 θνήσκει.
1063 5490 1256 5559 Lupus
1331 5492 1727 5560 protospata:
1814 5491 1969 5546 Anno

314 5555 466 5612 1015.
493 5561 757 5628 apparuit
802 5562 1012 5631 cometa
1029 5555 1214 5616 mea}:
1271 5555 1562 5631 februarii,

316 5643 410 5704 rea;
437 5632 596 5690 obiit.
629 5634 678 5685 el
732 5631 886 5700 ﬁlius
913 5629 1332 5704 ejuaregnavit.
1385 5633 1513 5689 Mox
1551 5651 1570 5688 :
1615 5635 1773 5691 Anno
1803 5636 1960 5704 1016,

316 5701 486 5757 ocisus
512 5708 594 5759 εει
615 5705 767 5773 ﬁlius
791 5702 1051 5775 praedicti
1093 5703 1374 5761 Samuelis
1403 5706 1470 5762 ab
1498 5711 1624 5778 ejus
1642 5701 1962 5764 consobrino

2076 5493 2196 5562 ﬁlio
2217 5492 2405 5556 Aram",
2438 5494 2489 5545 el
2518 5492 2764 5562 regnavit
2821 5492 2959 5560 ipse.
2993 5491 3104 5546 Ubi
3158 5491 3286 5545 cod.
3322 5489 3395 5544 al.
3437 5505 3471 5543 a
3492 5487 3726 5543 Fierada

1637 5570 1690 5616 et
1743 5561 1964 5619 Sam-uel
2071 5561 2190 5634 ejus
2207 5563 2529 5619 consobrino
2556 5561 2673 5632 ﬁlio
2723 5566 2981 5620 Arronii.
3014 5563 3268 5619 Consule
3297 5562 3560 5617 Familia:
3617 5576 3722 5618 no-

2074 5642 2227 5692 atras
2257 5635 2618 5690 Dalmaticae.
