4156 6214
445 345 560 406 167

1787 337 2110 401 JOANNIS
2157 338 2502 400 ZONARE

3743 338 3862 400 £68

441 476 620 550 typho
653 474 933 530 nimirum
959 476 1015 530 et
1051 472 1349 546 superbia,
1400 487 1576 545 quam
1628 471 1688 526 in
1738 470 1953 526 animis
2002 485 2070 543 ge

2206 471 2241 539 ἡ
2301 469 2435 546 γυνή
2501 465 2559 523 δὲ
2630 472 2728 522 τοῦ
2803 467 3053 525 Ἰωάννου
3118 467 3208 522 καὶ
3265 463 3684 524 Βλαδισθλάϐου
3744 475 3863 525 Μα-

442 565 727 622 stantium
761 564 1008 620 excitat:
1045 567 1103 618 et
1133 562 1217 618 sic
1257 577 1440 634 usque
1482 562 1553 618 ad
1593 564 1815 617 Sanctaa
1861 559 2070 632 Sophia

2203 558 2293 633 ρία
2372 555 2580 632 έπεμψε
2654 558 2790 631 πρὸς
2837 557 2928 611 τὸν
2990 555 3215 631 βασιλέα
3268 558 3362 611 τὸν
3422 557 3857 633 ἆρχιεπίσκοπον

442 657 624 712 adem
655 653 940 726 pervenit,
977 652 1056 708 ibi
1105 669 1340 724 quoque
1387 655 1521 706 vota
1570 650 1818 707 Domino
1858 649 2089 706 exsolu-

439 748 633 800 turus.
660 745 782 809 Quo
810 759 944 798 cum
976 740 1256 809 venisset,
1277 738 1612 812 patriarcha
1650 739 1904 795 multum
1953 755 2088 794 eum

439 834 764 890 obtestatus
793 836 859 888 ut
885 829 1272 903 allelengyum
1305 829 1582 900 aboleret,
1623 828 1768 883 nihil
1817 829 2088 900 impetra-

438 925 544 995 vit,
577 921 844 994 quamvis
867 919 1162 995 pollicitus
1194 919 1402 976 fuisset
1423 935 1484 975 se
1509 918 1567 973 id
1600 917 1868 990 Bulgaria
1910 919 2085 973 suba-

439 988 546 1069 ctis
594 988 1009 1076 l‘acturunifis
1060 1008 1392 1081 patriarcha
1437 1007 1676 1080 Sergius
1718 988 1858 1062 cum
1894 1006 2083 1062 Eccle-

436 1103 584 1156 siam
619 1101 690 1156 ad
745 1116 930 1156 annos
987 1098 1189 1171 viginti
1241 1098 1506 1169 rexisset,
1539 1100 1785 1152 mortem
1825 1096 1993 1171 obiit,
2018 1112 2084 1152 ac

434 1191 494 1246 in
541 1192 672 1260 ejus
749 1191 938 1245 locum
1011 1189 1293 1244 suffectus
1362 1192 1449 1242 est
1490 1186 1855 1256 Eustathius,
1889 1201 2082 1240 sacer-

435 1281 640 1336 dotum
689 1279 830 1334 aedis
865 1277 1136 1350 palatinas
1204 1277 1497 1349 princeps.
1542 1275 1813 1347 Bulgaria
1861 1275 2084 1330 domita

435 1369 611 1425 etiam
671 1372 1049 1423 Cravatarum
1109 1381 1318 1437 genus,
1363 1369 1422 1421 et
1472 1363 1749 1419 Sirmium
1819 1367 2080 1418 Romano

433 1458 682 1531 imperio
740 1471 803 1512 se
875 1455 1298 1512 eubmiserunt.
1351 1454 1571 1510 Deinde
1627 1453 1687 1508 in
1762 1453 2078 1524 Abasgiam

438 1546 869 1618 expeditionem
907 1544 1174 1615 suscipit,
1209 1545 1378 1614 cujus
1409 1543 1679 1614 princeps
1712 1546 1881 1614 pacta
1910 1541 2084 1597 viola-

431 1642 540 1692 rat.
575 1639 696 1700 Quo
729 1650 864 1690 cum
895 1632 1172 1700 venisset,
1208 1649 1242 1688 a
1269 1636 1433 1703 tergo
1465 1630 1802 1687 defecerunt
1837 1629 2079 1702 Xiphias

430 1729 487 1782 et
509 1724 870 1798 Nicephorus
911 1723 1112 1778 Bardaa
1159 1721 1361 1777 Phocis
1416 1720 1600 1789 ﬁlius,
1648 1719 1883 1792 patricii
1926 1720 2072 1775 :sed

427 1819 624 1870 motus
653 1813 754 1868 ille
783 1811 1049 1868 celeriter
1078 1814 1167 1867 est
1196 1826 1592 1882 compressus,
1648 1808 1844 1864 Phoca
1891 1825 1924 1863 a
1976 1808 2075 1863 Xi-

2200 645 2536 722 Βουλγαρίας
2589 643 2753 702 Δαϐἰδ
2814 647 2948 719 μετὰ
3013 646 3351 723 γραμμάτων
3433 648 3852 723 ὑπισχνουμένη

2199 735 2446 806 ἐκστῆναι
2501 742 2598 798 ταῖς
2652 733 3011 812 Βουλγαρίας,
3073 734 3116 788 εί
3176 735 3351 810 ὦνπερ
3411 735 3663 812 βούλεται
3727 737 3855 793 τεύ-

2199 823 2361 894 ξεται.
2433 824 2530 878 Καὶ
2589 821 2723 895 μετά
2777 823 2971 896 μικρὸν
3002 821 3131 891 ἧκεν
3175 824 3208 891 ἡ
3259 828 3398 897 γυνὴ
3440 823 3575 898 πρὸς
3619 823 3712 877 τὸν
3764 824 3862 879 αύ-

2194 912 2500 988 τοκράτορα
2536 957 2550 984 ,
2613 910 2763 972 υἱοὺς
2832 909 3140 985 ἐπαγομένη
3212 915 3357 984 τρεῖς
3423 911 3513 965 καὶ
3587 911 3858 988 θυγάτρας

2329 999 2427 1054 Καὶ
2484 997 2658 1075 ἕτεροι
2718 997 2775 1054 δὲ
2828 1003 2976 1074 τρεῖς
3034 997 3235 1069 ταύτης
3286 999 3396 1053 υἱοὶ
3455 997 3684 1078 φυγάδες
3743 1002 3862 1076 ἐγέ-

2195 1109 2350 1144 νοντο
2383 1087 2434 1143 έν
2475 1093 2591 1150 τοῖς
2648 1083 2846 1162 ὄρεσιν·
2896 1085 3042 1143 ἀλλᾶ
3086 1087 3325 1142 κάκεῖνοι
3384 1093 3492 1144 τῶν
3554 1089 3698 1165 ὁρῶν
3751 1112 3856 1169 φυ-

2194 1176 2542 1253 λαττομξνων
2603 1178 2907 1253 βιασθέντες
2948 1175 3260 1254 προσῆλθον
3311 1181 3391 1249 τῷ
3448 1176 3666 1254 βασιλεῖ
3711 1180 3855 1248 ἦσαν

2194 1263 2241 1320 δ’
2302 1265 2451 1322 οὗτοι
2509 1266 2536 1320 6
2597 1271 2955 1342 Προυσιᾶνος,
3013 1266 3103 1321 καὶ
3167 1264 3332 1344 ἄμφω
3392 1269 3444 1321 οἱ
3491 1264 3720 1345 ἀδελφοὶ
3755 1271 3860 1324 αύ-

2190 1360 2324 1428 τοῦ,
2382 1357 2455 1410 ὧν
2513 1357 2605 1410 τὸν
2670 1356 2767 1430 μὲν
2826 1360 3154 1430 Προυσιᾶνον
3216 1355 3446 1430 ἐτίμησε
3507 1357 3802 1433 μάγιστρον
3840 1401 3856 1427 ,

2190 1444 2508 1522 πατρικίους
2571 1445 2627 1500 δὶ
2680 1444 2813 1509 τοὺς
2861 1443 3122 1506 λοιπούς.
3179 1445 3292 1523 Ὑφ’
3349 1445 3534 1500 ἑαυτὸν
3595 1443 3686 1501 οῦν
3745 1448 3853 1514 τὴν

2190 1535 2396 1590 ἅπασαν
2456 1534 2792 1610 Βουλγαρίαν
2855 1536 2970 1608 (91)
3019 1535 3359 1607 πεποιηκὼς,
3391 1535 3478 1589 καὶ
3509 1534 3576 1590 τὰ
3607 1535 3702 1608 μὲν
3734 1541 3852 1590 τῶν

2189 1644 2462 1700 φρουριων
2519 1623 3020 1700 καταστρεψάμενος
3055 1665 3069 1691 ,
3146 1623 3211 1676 τὰ
3285 1620 3342 1677 δὲ
3423 1625 3849 1700 κατοχυρώσας,

2186 1713 2272 1766 καὶ
2321 1712 2564 1788 φρουρὰς
2614 1713 2798 1773 αὐτοῖς
2849 1710 3113 1787 ἀρκούσας
3162 1709 3501 1785 καταλιπὼν,
3552 1713 3713 1777 αὐτὸς
3764 1712 3850 1776 εἷς

2188 1802 2422 1872 Ἀθήνας
2471 1800 2690 1878 ἀφίκετο
2765 1800 2938 1865 θύσων
2998 1803 3068 1874 τῇ
3144 1799 3393 1873 Θεοτόκῳ
3449 1800 3516 1855 τὰ
3573 1804 3851 1878 χαριστή-

428 1904 571 1978 phia
621 1903 994 1973 interempto,
1054 1903 1112 1955 et
1173 1878 1388 1971 Xiphia
1443 1903 1615 1971 capto
1642 1901 1699 1952 et
1736 1897 2070 1970 Byzantium

2187 1911 2297 1967 ρια,
2345 1890 2433 1945 καὶ
2492 1891 2816 1964 ἀναθέμενος
2865 1894 2945 1962 τῷ
3002 1893 3111 1962 ναῷ
3151 1887 3346 1945 πολλᾶ
3381 1891 3470 1945 καὶ
3534 1889 3850 1964 πολυτελῆ,

429 1993 735 2065 perducto.
798 1991 923 2055 Qua
969 2005 1110 2045 cura
1160 1989 1482 2061 imperator
1540 1987 1883 2054 defunctus,
1938 2003 2073 2042 cum

427 2080 679 2152 Abasgis
711 2077 1105 2150 congreditur,
1137 2076 1448 2147 validaque
1481 2091 1681 2148 pugna
1732 2073 2071 2144 commissa,

429 2176 485 2226 et
531 2168 736 2224 multis
785 2167 1060 2238 utrinque
1094 2165 1278 2233 caesis,
1313 2181 1472 2236 aequo
1517 2168 1706 2220 marte
1745 2164 2068 2220 discessum

427 2264 536 2315 est.
568 2258 678 2314 Sed
710 2257 891 2312 altero
937 2254 1132 2328 praelio
1179 2254 1423 2310 Romani
1467 2253 1753 2322 vicerunt,
1810 2254 2071 2323 Abasgo-

427 2363 675 2417 rumque
720 2345 996 2418 princeps
1040 2343 1324 2416 Georgius
1379 2343 1439 2398 in
1516 2343 1714 2397 Iberia:
1794 2341 2073 2398 interiora

427 2437 708 2510 profugit,
732 2451 838 2491 nec
869 2433 1056 2490 multo
1087 2437 1218 2506 post
1244 2435 1475 2488 tantum
1511 2431 1631 2502 agri
1663 2431 1840 2487 cessit
1884 2431 2070 2503 impe-

425 2526 627 2596 ratori,
659 2527 947 2596 quantum
980 2523 1032 2578 is
1062 2521 1402 2595 postulavit.
1438 2520 1558 2576 lilio
1601 2519 1909 2576 Pancratio
1966 2520 2068 2575 ob-

423 2615 550 2671 side
581 2615 738 2668 dato.
799 2611 900 2666 His
957 2625 1235 2682 prospere
1293 2610 1476 2681 gestis
1534 2612 1725 2664 castra
1783 2608 1978 2679 movit,
2014 2613 2071 2663 et

422 2720 556 2759 cum
580 2703 639 2757 in
673 2701 870 2757 animo
926 2700 1164 2754 haberet
1204 2699 1289 2754 ire
1331 2699 1392 2752 in
1444 2697 1724 2763 Siciliam,
1757 2697 2066 2753 consilium

421 2794 548 2862 ejns
577 2791 778 2846 fatalis
809 2789 1044 2844 morbus
1076 2786 1410 2858 interrupit.
1433 2786 1541 2841 Sed
1576 2786 1750 2857 paulo
1773 2790 1911 2842 ante
1940 2787 2069 2857 ejus

422 2883 645 2939 obitum
676 2877 1024 2934 Eustathius
1055 2876 1387 2949 patriarcha
1417 2876 1687 2944 moritur,
1721 2892 1856 2931 cum
1878 2876 2072 2931 ortho-

423 2973 699 3027 doxorum
754 2966 1020 3023 Ecclesia:
1075 2981 1260 3022 annos
1313 2968 1441 3020 octo
1513 2964 1861 3037 praefuisset.
1928 2968 2070 3020 Cum

427 3062 624 3115 autem
657 3054 1001 3112 monasterii
1031 3052 1220 3109 Studii
1253 3051 1435 3108 abbas
1459 3051 1691 3107 Alexius
1731 3052 2071 3123 imperatori

429 3145 732 3220 aegrotanti
790 3160 1022 3201 sacrum
1084 3146 1259 3215 caput
1314 3140 1696 3197 Praecursoris
1753 3139 2070 3211 attulisset,

2185 1978 2522 2050 ἐπανέζευξεν
2579 1979 2654 2042 εἷς
2696 1980 2793 2048 τὴν
2847 1979 3239 2055 ὑπερκειμένην
3286 1983 3394 2034 τῶν
3454 1979 3693 2050 πόλεων,
3751 1983 3872 2036 καὶ

2183 2072 2458 2147 κατήγαγε
2509 2066 2777 2146 θρίαμϐον
2814 2113 2828 2139 ,
2886 2072 3084 2147 τριάρᾳ
3145 2071 3448 2134 ταινιωθεῖς
3508 2071 3713 2148 ὀρθία,
3774 2074 3844 2142 ἣν

2184 2159 2398 2236 Τούφαν
2432 2158 2590 2215 καλεῖ
2618 2160 2645 2214 6
2678 2157 2944 2232 δημώδης
2972 2161 3059 2214 καὶ
3093 2158 3268 2222 πολὺς
3308 2159 3612 2236 ἅνθρωπος,
3666 2165 3844 2240 τῦφον

2183 2250 2337 2322 οἶμαι
2394 2247 2831 2322 ὠνομασμένην,
2894 2249 2968 2311 ὡς
3017 2254 3354 2326 τετυφῶσθαι
3393 2255 3650 2305 ποιοῦσαν
3708 2251 3846 2314 τοὺς

2180 2337 2346 2410 ταύτῃ
2391 2335 2812 2412 ἀναδουμένους,
2859 2337 2950 2393 καὶ
2995 2339 3166 2400 οὕτως
3216 2340 3346 2415 ἄχρι
3389 2341 3487 2409 τῆς
3541 2343 3638 2394 τοῦ
3695 2346 3843 2397 Θεοῦ

2179 2427 2360 2502 Λόγου
2415 2426 2615 2506 Σοφίας
2675 2427 2916 2502 ἀφίκετο,
2949 2425 3185 2492 ἀποδοὺς
3231 2427 3282 2482 ἐν
3330 2430 3501 2503 ταύτῃ
3532 2433 3613 2500 τῷ
3645 2431 3838 2503 Κυρίῳ

2176 2518 2244 2570 τὰ
2271 2518 2621 2592 χαριστήρια.
2676 2522 2839 2580 Ἔνθα
2866 2517 3157 2592 γενόμενον
3191 2518 3219 2572 6
3261 2517 3607 2594 πατριάρχης
3639 2517 3835 2574 πολλᾶ

2177 2605 2449 2667 ἱκετεύσας
2508 2605 2730 2679 έκκόψαι
2787 2607 2849 2660 τὸ
2907 2605 3287 2683 ἀλληλέγγυον
3321 2653 3335 2680 ,
3395 2607 3456 2662 ού
3514 2605 3832 2662 κατεδυσώ-

2176 2715 2337 2764 πησε,
2396 2694 2483 2750 καὶ
2535 2699 2701 2750 ταῦτα
2735 2694 3112 2768 ὑποσχόμενον
3143 2701 3303 2751 τοῦτο
3333 2697 3604 2768 ποιήσειν,
3637 2695 3686 2752 εἷ
3713 2701 3829 2751 τῶν

2179 2780 2508 2858 Βουλγαρων
2554 2786 2889 2859 κρατήσειεν.
2911 2780 3098 2846 ΙΟὗτος
3141 2785 3169 2838 6
3227 2786 3573 2861 πατριάρχης
3602 2786 3838 2859 Σέργως

2178 2873 2275 2940 τὴν
2329 2871 2652 2942 Ἐκκλησίαν
2704 2872 2792 2927 ἐπὶ
2838 2871 3004 2928 εἷ’κοσι
3065 2876 3337 2947 ποιμάνας
3396 2870 3512 2945 ἔτη,
3578 2875 3835 2949 μετέθετο

2177 2962 2276 3030 τὴν
2313 2962 2492 3050 ζωὴνλ
2510 2960 2600 3016 καὶ
2633 2962 3023 3038 προεχειρίσθη
3069 2970 3170 3033 τῆς
3203 2962 3835 3027 Κωνσταντινουπόλεως

2182 3049 2502 3120 Ἐκκλησία;
2570 3050 2854 3126 ἀρχιερεὺς
2928 3052 3245 3118 Εὐστάθιος,
3324 3055 3383 3116 ὃς
3453 3058 3559 3106 τῶν
3630 3052 3682 3108 ἐν
3747 3059 3838 3125 τῷ

2181 3137 2430 3211 παλατίῳ
2487 3144 2616 3193 ναοῦ
2664 3141 2848 3214 ἱερέων
2899 3139 3169 3214 ἐπρώτευε
3217 3143 3349 3216 (92).
3407 3148 3517 3211 Τῆς
3582 3141 3839 3216 Βουλγα-

426 3236 527 3292 illo
559 3235 760 3291 statim
812 3232 1146 3305 patriarcha
1194 3231 1522 3302 designato,
1571 3231 1774 3286 eodem
1829 3246 2069 3301 vespere

2184 3229 2299 3298 ρίας
2332 3226 2389 3282 δὲ
2444 3225 2835 3298 δουλωθείσης,
2884 3233 2952 3303 τῇ
2983 3234 3088 3284 τῶν
3121 3231 3405 3310 Ῥωμαίων
3438 3231 3710 3306 ἡγεμονία
3735 3231 3834 3286 καὶ

428 3329 697 3381 mortuus
723 3327 832 3379 est.
865 3321 1016 3379 Vixit
1045 3329 1099 3378 et
1129 3319 1394 3392 regnavit
1448 3335 1634 3375 annos
1692 3318 2070 3391 septuaginta

2184 3318 2243 3372 τὰ
2294 3322 2400 3371 τῶν
2456 3312 2754 3390 Κραόάτων
2814 3313 2939 3389 ἔθνη
2999 3320 3111 3392 (93)
3169 3319 3467 3393 ἀπέκυψαν,
3517 3319 3661 3375 ἀλλὰ
3715 3321 3831 3393 μὴν

424 3416 592 3484 duos,
627 3412 789 3469 solus
819 3427 1014 3467 rerum
1042 3410 1261 3482 potitus
1291 3412 1380 3464 est
1411 3408 1582 3463 annis
1641 3407 2068 3479 quinquaginta

423 3508 480 3560 et
511 3503 788 3575 amplius.
822 3500 1065 3572 Reliquo
1123 3503 1384 3569 tempore
1430 3496 1650 3568 collega
1677 3496 1788 3551 fuit
1809 3497 2067 3568 primum

420 3592 624 3664 patris,
660 3590 869 3646 deinde
899 3589 1123 3654 Phocea,
1157 3602 1222 3641 ac
1253 3589 1386 3658 post
1416 3585 1584 3640 illum
1615 3585 1932 3640 Tzimiscaa.

2177 3407 2263 3460 καὶ
2321 3407 2383 3461 τὸ
2430 3404 2701 3481 Σίρμιον.
2761 3405 2892 3461 Εἶτα
2946 3408 3082 3462 κατὰ
3139 3403 3431 3484 Ἀϐασγίας
3487 3407 3832 3483 ἐκστρατεύει

2178 3496 2206 3550 6
2281 3493 2554 3569 βασιλεὺς,
2614 3499 2711 3550 τοῦ
2785 3495 2988 3567 ταύτης
3042 3502 3369 3572 κρατοῦντος
3433 3495 3828 3574 παρασπονδή-

2181 3605 2388 3647 σαντος.
2423 3584 2570 3640 Ἐκεῖ
2613 3582 2670 3639 δὶ
2715 3589 2910 3640 τοῦτου
2958 3585 3268 3662 γεγονότος,
3329 3583 3543 3642 ὄπισθεν
3587 3587 3833 3641 ἀποστα-

415 3685 597 3736 τοῦσιν
663 3679 751 3734 ὅτε
801 3676 1001 3755 Ξιφίας
1057 3677 1168 3750 (94)
1225 3674 1315 3729 καὶ
1375 3672 1685 3751 Νικηφόρος
1747 3675 1775 3727 6
1836 3674 1950 3736 υἱὸς
2008 3670 2184 3748 Βάρδα
2231 3679 2328 3729 τοῦ
2385 3678 2572 3744 Φωκᾶ,
2629 3675 2680 3729 οἱ
2728 3674 3028 3750 πατρίκιου
3090 3673 3236 3731 ἀλλᾶ
3281 3676 3563 3746 ταχέωςὴ
3607 3676 3824 3732 τούτων

417 3764 639 3839 ἐσϐέσθη
699 3765 1020 3837 ἀποστασία,
1075 3767 1172 3818 τοῦ
1233 3763 1325 3836 μὶν
1386 3762 1556 3840 Ξιφία
1609 3763 1702 3816 τὸν
1758 3767 1952 3816 Φωκᾶν
2012 3761 2321 3831 ἀνελόντος,
2379 3761 2542 3817 αὐτοῦ
2601 3760 2658 3817 δὲ
2710 3761 3136 3841 συλληφθέντος,
3213 3765 3303 3818 καὶ
3379 3762 3606 3837 δεσμίου
3681 3765 3828 3819 ἀπα-

415 3857 642 3933 χθέντος
701 3856 778 3918 είς
845 3855 944 3923 τὴν
1019 3857 1126 3908 τῶν
1205 3848 1421 3907 πόλεων
1501 3848 1908 3926 βασιλεύουσαν.
1984 3854 2139 3926 ’Ἄρτι
2213 3848 2271 3906 δὲ
2326 3853 2420 3914 τὰς
2484 3853 2607 3925 περὶ
2663 3859 2763 3922 τῆς
2821 3851 3137 3928 τυραννίδος
3191 3853 3392 3924 ταύτης
3453 3851 3742 3932 φροντίδας
3795 3855 3827 3910 6

419 3945 673 4023 βασιλεὺς
731 3941 1256 4015 ἀποσκευασάμενος,
1318 3939 1674 4016 συρρήγνυται
1745 3944 1862 4001 τοῖς
1934 3935 2247 4015 Ἀϐασγοῖς,
2325 3939 2415 3994 καὶ
2473 3942 2659 4016 μάχης
2713 3942 2942 4018 ἰσχυρᾶς
2996 3941 3309 4018 γενομένύς,
3367 3939 3556 3998 ἔπεσον
3614 3942 3829 3998 πολλοὶ

415 4033 823 4109 ἀμφοτέρωθεν,
879 4031 970 4085 καὶ
1028 4030 1094 4098 ἦν
1152 4027 1432 4104 ἷσίρῥοπος
1489 4028 1518 4081 6
1591 4027 1759 4103 ἀγὼν,
1820 4028 1912 4082 εἶτ’
1967 4028 2117 4091 αὖθις
2174 4029 2530 4103 κροτηθέντος
2581 4027 2830 4103 πολέμου
2881 4035 3074 4085 νικῶσι
3133 4032 3420 4105 Ῥωμαῖοι,
3481 4033 3572 4086 καὶ
3631 4033 3659 4085 6
3710 4038 3825 4086 τῶν

415 4118 700 4196 Ἀϐασγῶν
760 4119 980 4195 ἡγεμὼν
1041 4119 1068 4173 6
1146 4118 1418 4190 Γεώργιος
1487 4117 1601 4188 (95)
1683 4115 1758 4178 εἰς
1833 4116 1901 4171 τὰ
1966 4125 2066 4187 τῆς
2144 4113 2382 4191 Ἰϐηρίας
2453 4115 2658 4193 ἀπέδρα
2739 4120 3025 4196 βαθύτερα,
3079 4119 3168 4174 καὶ
3225 4120 3358 4192 μετὰ
3419 4121 3596 4196 βραχὺ
3656 4141 3829 4175 σπον-

415 4209 508 4272 δὰς
566 4211 811 4279 αἰτήσας,
868 4207 1051 4278 ἐξέστη
1110 4210 1188 4277 τῷ
1248 4204 1464 4281 βασιλεῖ
1518 4207 1708 4281 χώρας
1763 4205 1969 4276 ὁπόσης
2023 4207 2050 4260 6
2105 4205 2457 4283 αὐτοκράτωρ
2517 4203 2798 4278 ἐϐούλετο,
2858 4208 2934 4271 εἰς
2991 4209 3256 4284 ὁμηρείαν
3328 4210 3625 4285 παρασχὼν
3669 4211 3829 4286 Παγ-

414 4301 636 4374 κράτιον
693 4299 784 4353 τὸν
839 4297 954 4352 υἱὸν
1015 4295 1195 4350 αὐτοῦ.
1265 4294 1365 4350 Καὶ
1422 4298 1591 4349 ταῦτα
1647 4292 1896 4357 διανύσας
1966 4297 1994 4350 6
2048 4294 2301 4370 βασιλεὺς
2354 4297 2713 4367 ἐπανέζευξεν.
2774 4300 2875 4354 Ἢν
2931 4295 2988 4352 δὲ
3064 4296 3153 4352 διὰ
3236 4296 3468 4370 μελέτης
3527 4299 3672 4369 αύτῷ
3729 4299 3825 4354 καὶ

413 4389 548 4465 πρὸς
609 4385 864 4443 Σικελίαλ
920 4387 1031 4459 (96)
1092 4385 1315 4458 ἀπᾶραι.
1373 4381 1531 4441 Ἀλλ’
1582 4383 1679 4438 οὐκ
1736 4383 1812 4446 εἰς
1872 4381 2023 4459 ἔργον
2085 4384 2232 4457 αύνῷ
2261 4380 2468 4458 προέϐη
2498 4385 2559 4440 τὸ
2595 4385 2894 4461 βούλεομα·
2927 4385 3033 4458 ἤδη
3061 4387 3161 4463 γὰρ
3188 4388 3337 4459 αὐτῷ
3371 4387 3504 4461 πρὸς
3531 4385 3690 4450 τέλος
3721 4409 3827 4442 κα-

1669 4545 1872 4606 Variae
1915 4545 2214 4607 lectiones
2257 4551 2320 4607 et
2362 4552 2552 4608 notae.

647 4682 760 4750 Τὴν
819 4677 1025 4767 ξπαὶσαν
1080 4674 1440 4752 Βουλγαρίαν.
1502 4677 1753 4734 Joannes
1827 4679 2062 4736 Tzetzce

2184 4678 2663 4767 insilia/fortasse
2693 4681 3086 4767 fil‘ipsﬂfuerit.
3132 4682 3344 4767 [Isupus
3397 4682 3817 4767 protospathae,

411 4755 550 4813 chil.
574 4755 644 4821 κ,
675 4773 800 4824 cap.
834 4755 959 4810 316.

481 4827 592 4896 (92)
614 4820 937 4898 Ἐπρὶὸτευε.
991 4826 1350 4898 Protopapas
1402 4820 1626 4876 Palatii.
1690 4821 1835 4878 Vide
1883 4822 2057 4878 Glass.

413 4895 810 4976 παλ-ϐξφας.
842 4895 1334 4976 ἱρ-Ιῐροωτοπαπᾷς.

489 4969 603 5042 (93)
629 4969 708 5026 Τὰ
736 4972 841 5023 τῶν
877 4960 1173 5042 Κροίϐάτων
1219 4960 1393 5042 ἔθνη.Δ
1421 4963 1491 5019 Ut
1547 4963 1781 5042 Oroatia
1811 4970 1894 5042 ret
1939 4967 2056 5022 Sir-

417 5037 604 5095 mium
660 5041 718 5094 in
778 5037 1104 5096 Graecorum
1149 5039 1496 5112 potestatem
1555 5037 1844 5112 venerint,
1885 5044 1942 5112 et
1975 5042 2062 5112 ,ut

416 5128 564 5168 cmso
589 5128 691 5184 per
723 5112 1010 5181 insignem
1044 5109 1346 5184 perfidiam
1375 5112 1675 5184 Sermone,
1732 5109 1927 5184 Sirmii
1959 5109 2058 5184 do-

413 5179 606 5252 mino;
627 5201 661 5240 a
691 5179 1074 5240 Constantino
1105 5183 1382 5252 Diogene,
1405 5179 1516 5252 qui
1533 5179 1758 5252 missus
1789 5198 1824 5236 a
1849 5181 2058 5237 Basilio

413 5250 606 5312 fuerat
631 5257 704 5314 ad
756 5254 1130 5312 debellandos
1171 5250 1429 5322 Oroatas,
1459 5250 1741 5322 illiusque
1799 5269 1944 5308 uxor
1996 5255 2057 5308 in

412 5329 614 5384 urbem
652 5329 728 5385 sit
784 5327 1053 5394 adducta,
1110 5330 1307 5381 narrat
1357 5321 1627 5394 pluribus
1651 5322 1945 5397 Scylitzes,
1995 5343 2052 5397 p.

410 5401 537 5479 7l7.
570 5403 638 5455 At
665 5397 1080 5479 quongiogeni
1117 5397 1232 5479 ille,
1253 5397 1469 5479 .Iiup‘us
1509 5395 1907 5479 protospatha_
1937 5395 2051 5479 se;

413 5473 606 5544 giano,
659 5467 758 5528 seu
820 5467 1151 5544 Bomeuivvp
1192 5467 1418 5544 tribuit.
1446 5541 1455 5544 _
1483 5467 1591 5521 sub
1624 5484 1718 5521 an.
1779 5468 1934 5544 102/4.
1995 5471 2056 5544 Et

414 5541 798 5614 iramfretavit
829 5545 1094 5614 Bugiam's
1132 5543 1191 5596 in
1221 5541 1592 5614 Curbatiq,“
1636 5541 2057 5614 _cor_nprehendit

412 5610 590 5688 ipsum
614 5610 1012 5688 μνὶηςίρίεεάηι
1039 5628 1271 5688 uxorem
1291 5611 1548 5688 βοξηιξρί.
1583 5610 1938 5688 aLCisigni.

486 5682 847 5760 (94)·Ξιφιαξ.
883 5688 1039 5745 Alius
1071 5704 1104 5743 a
1135 5683 1345 5758 Xiphia
1374 5682 1552 5738 Italia:
1602 5685 1915 5759 Catapano,
1962 5701 2058 5741 cu-

2172 4768 2265 4806 an.
2303 4753 2474 4824 1006:
2521 4753 2805 4808 Descendit
2858 4753 3067 4823 Xiphsa
3125 4753 3434 4824 Campanus
3475 4755 3532 4808 in
3591 4753 3823 4809 civitate

2169 4824 2320 4878 Bari.
2357 4823 2499 4877 Nam
2534 4827 2584 4878 is
2615 4825 2760 4880 obiit
2807 4842 2960 4880 anno
2991 4823 3267 4896 sequenti
3306 4826 3364 4880 in
3417 4825 3602 4880 Italia.
3656 4827 3821 4881 Idem

2169 4912 2259 4948 an.
2300 4897 2433 4969 1007
2457 4897 2802 4969 :pefzmctus
2829 4907 2909 4952 est
2939 4897 3234 4969 praedictus
3250 4896 3567 4968 Campanus
3599 4900 3659 4953 in
3686 4899 3824 4953 civi-

2169 4968 2452 5040 laleBﬁarAi,
2486 4967 2706 5040 Xiphia:
2755 4985 2907 5036 vero,
2940 4967 3114 5040 cujus
3167 4969 3258 5024 hic
3316 4967 3584 5024 meminit
3639 4970 3822 5024 Zona-

2170 5056 2264 5093 ras
2319 5038 2574 5094 defectio'
2627 5041 2782 5095 cadit
2839 5041 2895 5094 in
2959 5038 3179 5096 annum
3241 5041 3399 5107 1022,
3452 5046 3514 5096 ut
3544 5046 3632 5097 est
3661 5043 3820 5113 apud

2169 5108 2500 5165 chlitzem.

2213 5110 2500 5165 cvlitzem.

2553 5184 2662 5258 τῶν
2757 5175 3039 5258 Ἀϐάσγων
3116 5182 3340 5252 ἡγεμὼν
3417 5181 3821 5258 ὁῌΓεώργιος.

2171 5253 2318 5326 Vide
2338 5255 2819 5326 Constantinum,
2853 5253 3088 5326 De'adm.
3118 5259 3256 5326 Imp.
3289 5271 3418 5324 cap.
3460 5255 3548 5311 46.

2240 5325 2350 5396 (96)
2383 5323 2487 5398 Καὶ
2545 5324 2681 5397 πρὸς
2743 5323 3014 5380 Σικελίαν.
3073 5323 3286 5398 scribit
3320 5323 3620 5398 _Sc3~litzes
3655 5326 3818 5382 Basi-

2167 5393 2310 5450 lium
2334 5393 2612 5470 molitum
2645 5399 3068 5470 expeditionem
3125 5397 3184 5451 in
3217 5393 3502 5470 Siciliain,
3550 5399 3814 5453 Orestam

2168 5469 2479 5538 quemdam
2513 5470 2584 5523 de
2615 5469 2920 5526 fidissimis
2956 5469 3080 5525 suis
3114 5469 3402 5524 eunuchi
3464 5470 3820 5541 prmmisisse

2166 5555 2298 5615 cum
2331 5542 2562 5611 magnis
2595 5543 2780 5615 copiis
2814 5541 3057 5615 :deinde
3085 5546 3218 5615 post
3275 5541 3632 5615 exstinctum
3661 5543 3821 5615 Basi-

2165 5610 2314 5683 lium
2339 5610 2684 5670 revocatum"
2719 5632 2750 5671 θ
2779 5615 2976 5670 Sicilia
3003 5610 3099 5668 ob‘
3125 5614 3475 5683 imperitiam
3536 5615 3596 5669 in
3621 5631 3681 5669 re
3710 5613 3817 5668 mi-

2165 5682 2342 5756 litari,
2375 5688 2432 5742 et
2461 5687 2713 5745 missum
2745 5688 2805 5746 in
2839 5686 3066 5745 Italiam
3110 5682 3246 5744 cum
3305 5684 3552 5760 imperio
3582 5703 3594 5742 :
3657 5686 3815 5760 quod
