4156 6214
454 375 563 437 ΠΙ
1799 356 2124 421 JOANNIS

2238 354 2513 417 JNARJE
3754 362 3873 420 I72

451 501 748 577 mancipia
776 514 910 575 qum
934 513 1065 573 Ipse
1100 499 1301 569 empta
1347 496 1656 560 castraret,
1712 487 2101 561 cubiculoque

2240 481 2423 577 κείνης
2473 479 2609 577 ἔσχε
2641 487 2941 577 Δθυγιιὶτριιξι,
2970 484 3063 542 καὶ
3105 488 3218 577 Δτήν
3250 488 3346 577 μὶν
3376 487 3577 552 ταύτας
3607 493 3869 546 τεκοῦσαν

453 594 713 651 curando
742 595 801 648 et
820 605 1027 648 somno
1056 568 1421 645 conciliando
1454 582 1811 656 praefecerat,
1830 594 2098 636 summos

2239 574 2417 647 ανάτῳ
2463 568 2755 645 ἀπέϐαλεν,
2789 575 2843 629 αἱ
2892 571 2951 629 δὲ
2999 572 3189 641 παῖδες
3239 575 3388 650 αὐτῷ
3435 574 3491 631 ἐν
3536 582 3657 640 τοῖς
3709 578 3873 655 βασι-

452 685 706 741 honores
734 684 792 737 et
811 679 1197 752 magistratus
1227 673 1582 738 conferebat,
1606 671 1948 741 eisdemque
1975 670 2100 723 tota

2238 663 2381 752 .είοις
2411 662 2548 752 ἦσαν
2578 663 2907 752 τρεφόμεναι
2963 665 3124 752 Ὧνῆ
3161 665 3256 738 μὶν
3301 660 3641 740 πρεσϐυτέρα
3691 664 3874 723 Εὔδο-

453 773 721 847 plaustra
764 748 1148 842 pecuniarum
1189 763 1589 836 largiebatur:
1647 760 1871 816 caeteris
1928 772 2101 830 parce

2238 750 2298 807 ,ία
2327 751 2645 826 (1),λοιμῷ
2672 754 2735 808 τὸ
2765 751 2976 847 κάλλος
3008 748 3327 825 λωϐηθεῖσα
3370 757 3663 828 νοσήματι,
3699 755 3873 827 θελή-

456 841 777 919 admodum
809 870 1049 913 manum
1084 852 1440 926 porrigebat.
1486 853 1564 907 Ac
1622 848 1683 904 hi
1742 864 1934 904 mores
1973 846 2100 918 ejus

2238 862 2340 896 ιατι
2397 846 2478 914 τῷ
2547 847 2664 916 Θεῷ
2736 843 3086 919 καθιερώθηο
3146 844 3202 898 αἱ
3255 841 3313 899 δέ
3363 864 3428 919 γε
3483 843 3678 900 λοιπαὶ
3728 846 3871 914 ἦσαν

457 952 715 1008 fuerunt.
775 946 944 1001 Nunc
1003 960 1121 1016 qua
1180 943 1415 997 fortuna
1471 938 1647 995 fuerit
1717 951 2097 1009 exponamus.

2238 931 2357 1004 ταρᾶ
2410 934 2490 1003 τῷ
2544 931 2707 1007 πατρὶ
2764 930 3190 1009 αὐταρχήσαντι,
3217 930 3390 1006 μηδὲν
3446 954 3499 987 τι
3529 935 3657 1008 περὶ
3688 934 3873 991 αὐτῶν

456 1039 803 1102 Patzinacae,
833 1049 1010 1105 quam
1068 1031 1397 1104 Scythicam
1444 1044 1573 1085 esse
1630 1031 1863 1100 gentem
1921 1040 2105 1096 supra

2238 1020 2375 1094 πατρὶ
2458 1026 2733 1096 προσῆκον
2811 1019 3179 1098 λογισαμὲνῳ.
3235 1023 3352 1092 Τὴν
3437 1027 3599 1100 χεῖρα
3669 1020 3716 1078 δ’
3789 1023 3876 1080 ὢν

459 1127 739 1195 diximus,
761 1123 1005 1196 trajecta
1038 1123 1204 1190 Istro,
1262 1118 1551 1192 Bulgarias
1606 1133 1723 1172 non
1773 1131 1948 1188 parva
1998 1113 2104 1168 de-

2238 1107 2538 1186 .leuﬁéptoc,
2600 1108 2698 1164 οὐκ
2749 1109 2923 1185 ὀρθῶς
2980 1109 3186 1187 ἐχρῆτο
3227 1114 3297 1185 τῇ
3360 1112 3547 1189 ἀρετῇ,
3606 1114 3726 1177 ὅθεν
3778 1113 3878 1169 καὶ

456 1219 736 1275 trimenta
761 1211 1112 1268 inferebant.
1138 1209 1356 1265 Verum
1375 1224 1474 1263 eos
1521 1204 1938 1263 Constantinus
1971 1202 2105 1258 Dio-

2238 1199 2293 1263 ηἲς
2345 1199 2441 1261 τὰς
2488 1197 2788 1261 ἀντιθέτους
2846 1199 3036 1263 κακίας
3106 1199 3375 1273 ἐξέπιπτε.
3434 1207 3565 1266 Τοῖς
3625 1202 3720 1275 μὲν
3765 1202 3879 1280 γὰρ

459 1322 637 1381 genes
667 1302 860 1359 Sirmii
892 1300 1219 1375 praefectus,
1244 1297 1344 1371 qui
1366 1300 1425 1352 et
1452 1293 1738 1368 Bulgariaa
1761 1294 1877 1349 dux
1907 1290 2104 1364 appel-

2238 1288 2338 1381 περί
2420 1287 2579 1381 αὐτόν
2657 1288 2710 1342 οἳ
2786 1283 3065 1381 Βάρϐ-αροι
3141 1289 3276 1359 ἦσαν
3347 1287 3677 1367 ἀνδράποδα,
3736 1293 3882 1370 ἅπερ

459 1376 617 1452 Istus
640 1397 751 1462 est,
782 1391 938 1447 ultra
963 1390 1179 1446 Istrum
1207 1386 1546 1460 proﬂigatos
1569 1384 1867 1456 quiescere
1896 1379 2103 1452 coegit.

2238 1377 2374 1440 ιύτὸς
2420 1376 2683 1447 ἐκτήσατο
2733 1376 2823 1432 καὶ
2869 1376 3105 1452 ἐξέτεμε,
3144 1381 3233 1434 καὶ
3286 1378 3724 1455 θαλαμηπόλους
3781 1383 3886 1438 καὶ

459 1485 605 1541 Cum
654 1485 851 1538 autem
900 1478 1114 1536 Basilio
1162 1480 1391 1533 mortuo
1451 1474 1524 1548 (is
1573 1472 1726 1529 enim
1782 1468 2108 1527 tributariis

2238 1472 2647 1542 ιατευναστῆρας
2699 1464 2978 1541 ἐκέκτητο,
3030 1465 3123 1531 οὓς
3171 1467 3262 1523 καὶ
3311 1473 3486 1543 τιμῶν
3535 1469 3626 1525 καὶ
3682 1469 3885 1547 ἀρχῶν

461 1574 782 1631 clementer
804 1569 1063 1643 spatium
1112 1567 1308 1638 dabat)
1342 1564 1565 1620 biennii
1603 1560 1910 1635 vectigalia
1940 1559 2110 1616 debe-

2238 1561 2327 1612 τῶν
2385 1555 2620 1629 πρώτων
2686 1555 2945 1643 ἠξίωσεν,
2996 1557 3226 1631 ἁμάξαις
3285 1556 3442 1622 ὅλαις
3494 1557 3756 1637 ἐχορήγει
3811 1559 3888 1615 τὰ

463 1670 667 1721 rentur
698 1679 712 1718 :
745 1664 803 1716 et
832 1642 901 1716 ea
930 1662 988 1715 et
1003 1658 1132 1729 ejus
1164 1654 1425 1721 triennii,
1458 1670 1575 1726 quo
1606 1653 1732 1725 ipse
1779 1648 2108 1723 imperavit,

2238 1647 2330 1722 (ρή
2344 1665 2504 1718 ματα,
2528 1649 2647 1707 τοῖς
2679 1642 2726 1699 δ’
2757 1642 2951 1707 ἄλλοις
2980 1647 3352 1722 πεφεισμένως
3382 1643 3514 1723 ἄγαν
3565 1648 3666 1719 τήν
3711 1654 3888 1725 χεῖρα

461 1752 689 1809 tributa
743 1749 894 1806 229
964 1743 1511 1803 immisericorditer
1571 1740 1783 1813 exegit,
1842 1737 2112 1811 quamvis

2238 1735 2516 1810 τροέτεινε.
2549 1732 2630 1791 Τὰ
2663 1734 2756 1807 μέν
2791 1732 2881 1788 οὖν
2910 1741 3012 1805 τῆς
3045 1734 3275 1810 γνώμης
3305 1735 3478 1799 οὕτως
3532 1735 3651 1813 εἶχε
3691 1738 3884 1812 τούτῳ

463 1845 585 1899 toto
616 1845 879 1913 tempore
908 1835 1139 1909 imperii
1169 1835 1299 1906 ejus
1329 1847 1616 1905 pauperes
1652 1846 1722 1886 ex
1752 1844 1967 1901 magna
1995 1825 2112 1883 sic-

2348 1821 2731 1913 αὐτοκράτορι.
2764 1825 2845 1913 Τὰ
2888 1820 2934 1877 δ’
2983 1823 3134 1886 ἐκτὸς
3161 1824 3528 1913 ’συμπεσόντα
3577 1823 3789 1898 ὃιεξίτω
3852 1829 3884 1882 6

467 1929 864 2001 oitateinopia
918 1928 1345 1999 premerentur.
1406 1921 1665 1977 Classem
1710 1920 2113 1991 Agarenorum

2238 1911 2412 1987 ίόγος.
2434 1912 2511 2001 ρὶ
2544 1910 2870 2001 Πατζινάκαι
2899 1913 3124 1985 (Σκῦθαι
3157 1910 3203 1967 δ’
3234 1913 3407 1983 οὗτοι,
3438 1913 3512 1976 ὡς
3539 1914 3631 1969 καὶ
3664 1911 3885 1991 ἔμπρο-

468 2023 671 2077 contra
702 1995 979 2091 Cycladas
1011 2011 1241 2069 insulas
1272 2010 1515 2067 missam
1535 2008 1693 2065 Sami
1726 2008 1844 2062 dux
1881 2004 2114 2072 devicit,

2238 2011 2346 2091 ι’θεν
2404 1995 2972 2074 εἴρηται),δια6άντες
3015 2001 3114 2091 ,τὸν
3167 2002 3501 2079 Ἰστρον,τῇ
3557 2004 3720 2080 χώρᾳ
3772 2010 3887 2074 τῆς

468 2089 775 2166 duodecim
807 2104 1055 2162 navibus
1087 2118 1204 2157 una
1226 2116 1359 2156 cum
1391 2098 1722 2155 vectoribus
1765 2095 1972 2168 captis,
2024 2110 2111 2149 re-

2238 2089 2565 2165 Βουλγαρίας
2621 2090 2685 2144 οὐ
2742 2094 2953 2165 μικρῶς
3009 2089 3373 2165 ἐλυμήναντο.
3423 2091 3603 2148 Ἀλλὰ
3655 2092 3885 2156 τούτοις

464 2196 645 2270 liquis
686 2193 1012 2266 dissipatis.
1074 2192 1399 2262 Imperator
1444 2203 1615 2259 porro
1655 2186 1780 2257 jam
1835 2186 2115 2256 provectae

2238 2177 2563 2270 ἰντεπελθῶν
2617 2185 3020 2270 Κωνσταντῖνος
3070 2180 3098 2235 6
3147 2182 3405 2255 Διογένης
3445 2182 3475 2237 6
3512 2186 3610 2237 τοῦ
3640 2183 3888 2259 Σιρμίου

466 2264 679 2353 atatis,
712 2264 921 2356 praeter
942 2277 1265 2337 senectutis
1286 2277 1481 2333 tabem
1522 2274 1697 2330 etiam
1748 2271 1862 2329 alio
1913 2270 2116 2326 morbo

2238 2272 2463 2344 ιρατῶν,
2521 2268 2581 2332 ὃς
2651 2268 2742 2323 καὶ
2814 2264 2939 2340 δοὺξ
3003 2268 3298 2344 ὠνομάσθη
3355 2277 3457 2341 τῆς
3513 2269 3888 2347 Βουλγαρίας,

2228 2356 2487 2433 ἐτρέψατό
2570 2377 2630 2412 τε
2703 2356 2918 2430 αὐτοὺς,
2967 2358 3057 2413 καὶ
3129 2360 3358 2433 ἠρεμεῖν
3426 2362 3718 2437 ἠνάγκασε,
3786 2361 3891 2417 τὸν

2228 2452 2439 2521 Ἵστρον
2497 2441 2939 2522 διαπεράσαντας.
2996 2445 3107 2504 Τοῖ’)
3167 2447 3437 2524 βασιλέως
3482 2446 3541 2504 δε
3596 2447 3894 2506 Βασιλείου

2228 2535 2507 2603 θανόντος,
2566 2532 2662 2589 δύο
2728 2533 2987 2590 ἐνιαυτῶν
3064 2536 3201 2607 ἦσαν
3279 2536 3440 2615 φόροι
3496 2537 3894 2614 ἀνείσπρακτοι

2229 2621 2436 2698 (ἐδίδου
2481 2622 2585 2700 γὰρ
2633 2620 2835 2686 ἐκεῖνος
2887 2624 3166 2700 ὑπέρθεσιν
3196 2631 3317 2688 ταῖς
3348 2625 3672 2702 εἰσπράξεσι,
3705 2626 3895 2703 φειδό-

2232 2732 2390 2787 μενος
2418 2716 2525 2767 τῶν
2559 2709 2881 2786 ὑποτελῶν),
2913 2712 3072 2776 οὗτος
3105 2711 3163 2769 δέ
3191 2714 3281 2769 καὶ
3309 2716 3377 2769 τὰ
3421 2719 3529 2770 τῶν
3589 2714 3893 2792 παρελθόν-

2226 2823 2333 2856 των
2389 2801 2643 2856 ἐνιαυτῶν
2702 2800 2791 2856 καὶ
2846 2800 2913 2857 τὰ
2953 2806 3060 2857 τῶν
3111 2800 3190 2875 ἐφ’
3224 2805 3305 2865 οἷς
3334 2802 3495 2868 αὐτὸς
3531 2803 3661 2879 ἦρξε
3710 2811 3887 2882 τριῶν

2228 2886 2399 2944 ὄντων
2456 2889 2790 2962 ἀσυμπαθῶς
2844 2889 3213 2968 εἷσεπράεατο,
3272 2892 3363 2947 καὶ
3425 2897 3592 2948 ταῦτα
3659 2893 3890 2970 αὐχμοῧ

2229 2972 2534 3051 συμϐάντος
2565 2975 2781 3034 πολλοῦ
2834 2976 2915 3058 ἐφ’
2945 2977 3062 3053 ὅλῳ
3091 2985 3170 3053 τῷ
3202 2979 3388 3058 χρόνῳ
3443 2988 3544 3052 σῆς
3601 2981 3889 3058 βασιλείας

2227 3066 2413 3140 αὐτοῦ,
2446 3065 2565 3131 ὅθεν
2625 3067 2677 3122 οἱ
2735 3065 2957 3139 πένητες
2999 3064 3363 3143 ἐξετρίϐησαν.
3400 3068 3607 3126 Στόλον
3659 3067 3717 3126 δέ
3771 3075 3888 3127 τῶν

474 3156 1159 3232 difﬁcultatembaberet,
1182 3167 1488 3237 propterea
1543 3163 1696 3234 quod
1740 3158 1989 3215 illustris
2020 3158 2119 3215 ille

2238 3160 2541 3232 Ἀγαρηνῶν
2596 3156 2734 3211 κατὰ
2786 3161 2893 3212 τῶν
2956 3156 3266 3235 λεγομένων
3328 3156 3628 3216 Κυκλάδων
3704 3162 3892 3232 νήσων

472 3264 564 3320 vir
592 3264 890 3318 Romanus
919 3258 1172 3328 Argyrus
1210 3268 1445 3309 uxorem
1479 3249 1770 3306 habebat:
1804 3247 1942 3319 quid
1992 3265 2120 3303 ma-

2238 3243 2634 3301 ἐκπεπλευκότα
2665 3245 2814 3315 ὁτῆς
2870 3245 3061 3319 Σάμου
3102 3248 3405 3323 στρατηγὸς
3451 3249 3899 3327 κατηγωνίσατο,

477 3346 798 3410 cbinatur?
828 3347 981 3402 Iram
1013 3342 1427 3418 gravissimam
1460 3343 1516 3394 et
1545 3335 1903 3411 praecipitem
1917 3340 2122 3391 contra

2238 3330 2441 3389 δώδεκα
2507 3333 2601 3407 μὶν
2659 3340 2792 3403 νῆας
2851 3332 3185 3412 αὐτάνδρους
3227 3334 3500 3405 ἐλὼν,τὰς
3579 3335 3641 3393 δέ
3696 3336 3905 3404 λοιπὰς

468 2376 733 2444 affectus,
769 2372 841 2427 de
871 2384 1209 2427 successore
1241 2364 1476 2438 imperii
1533 2362 1841 2435 deligendo
1897 2359 2115 2416 delibe—

466 2480 625 2532 rans,
656 2461 715 2517 in
744 2459 941 2516 animo
963 2456 1217 2513 habebat
1246 2451 1695 2510 Constantinum
1731 2448 2115 2506 Dalassenum

469 2551 805 2627 patricium,
837 2549 1132 2621 desponsa
1158 2545 1301 2611 illia,
1335 2546 1393 2598 et
1412 2556 1689 2613 generum
1720 2538 2027 2604 asciscere,
2059 2539 2119 2591 et

467 2642 880 2713 imperatorem
940 2650 1154 2691 creare.
1208 2630 1387 2711 Mittit
1442 2629 1641 2701 igitur,
1699 2626 1800 2699 qui
1875 2640 2009 2681 eum
2050 2639 2119 2677 ex

469 2726 812 2785 Armeniaca
841 2721 1265 2798 provincia,ubi
1285 2720 1464 2773 vitam
1497 2716 2115 2789 agebat,accerserent:

472 2818 575 2875 sed
606 2819 743 2872 ante
772 2815 1089 2870 adventum
1113 2811 1263 2881 ejus,
1293 2810 1520 2862 mutata
1576 2803 1886 2869 sententia,
1908 2817 2117 2874 quem-

472 2907 610 2963 dam
640 2904 832 2959 virum
857 2899 1225 2974 primarium,
1254 2894 1559 2967 nobilique
1589 2908 1799 2967 genere
1820 2896 2035 2959 ortum,
2061 2893 2119 2945 et

472 2996 546 3052 ad
579 2992 833 3068 praefecti
863 2989 1210 3063 dignitatem
1233 2990 1519 3050 evectum,
1552 2988 1675 3039 tam
1717 2995 2118 3038 successorem

473 3082 708 3157 imperii
740 3097 918 3155 quam
952 3078 1081 3134 filia:
1114 3076 1395 3132 maritum
1455 3072 1637 3145 eligit.
1680 3071 1792 3127 Sed
1844 3086 1977 3125 cum
2025 3086 2118 3127 res

477 3440 775 3499 hominem
806 3433 1069 3502 simulat,
1090 3435 1148 3488 et
1177 3428 1461 3487 satellites
1520 3426 1701 3483 mittit
1750 3424 1851 3498 qui
1882 3441 2017 3480 eum
2055 3425 2128 3480 ad

479 3528 837 3604 supplicium
870 3524 1170 3589 ducerent,
1199 3524 1260 3576 et
1292 3533 1528 3574 uxorem
1552 3516 1705 3587 ejus,
1736 3531 1904 3571 coma
1938 3519 2131 3584 tonsa,

483 3603 571 3677 ad,
588 3617 746 3676 aliud
777 3616 908 3671 vitae
939 3627 1128 3686 genus
1158 3608 1565 3665 transferrent.
1603 3604 1705 3661 Illa
1734 3603 2134 3661 simulationis

485 3712 711 3785 ignara,
741 3702 1124 3763 mutationem
1185 3714 1313 3755 eam
1359 3696 1532 3753 alacri
1600 3695 1797 3751 animo
1854 3693 2130 3763 admittit,

488 3780 829 3869 resectoque
850 3791 1063 3865 capillo
1096 3789 1331 3862 nigrum
1362 3788 1638 3843 vestitum
1680 3784 1884 3840 sumit.
1943 3783 2018 3838 At
2047 3780 2133 3836 illi

492 3891 555 3947 in
586 3887 804 3959 regiam
826 3882 1095 3939 traducto
1126 3878 1306 3934 altera
1338 3875 1457 3930 ﬁlia
1512 3872 1883 3946 imperatoris
1914 3871 2084 3927 nubit
2114 3894 2131 3939 ;

479 3995 622 4037 nam
651 3975 846 4041 tertia,
879 3970 1034 4043 quod
1095 3967 1255 4040 prior
1310 3964 1469 4020 illius
1526 3980 1671 4019 uxor
1724 3961 1907 4017 invita
1936 3961 2009 4017 ab
2066 3976 2133 4016 eo

479 4072 784 4139 segregata
813 4062 988 4125 esset,
1031 4054 1373 4127 conjugium
1433 4052 1562 4123 ejus
1621 4065 1927 4107 recusasse
1984 4050 2132 4106 fere-

477 4158 672 4214 batur.
698 4151 796 4207 Sic
826 4147 925 4203 ille
954 4151 1143 4202 Caasar
1172 4142 1504 4199 declaratus
1561 4141 1710 4196 Zoen
1754 4139 1939 4195 duxit.
1989 4142 2132 4195 Cou-

474 4242 773 4302 stantinus
802 4254 936 4293 vero
956 4234 1151 4291 triduo
1184 4236 1314 4305 post
1346 4229 1584 4303 nuptias
1614 4228 1880 4285 debitum
1908 4232 2133 4285 natura:

471 4330 767 4409 persolvit,
801 4321 1254 4399 septuagenario
1287 4320 1496 4391 major,
1530 4335 1665 4375 cum
1723 4317 1975 4391 imperio
2007 4322 2130 4374 tres

471 4408 681 4487 annos,
706 4435 822 4475 uno
840 4430 1043 4472 mense
1074 4413 1334 4484 dempto,
1381 4408 1747 4465 insultasset.

2242 3418 2598 3492 σκεδασθῆναι
2647 3424 2989 3493 πεποιηκώς.
3024 3420 3164 3495 Ἤδη
3218 3421 3266 3481 δ’
3308 3423 3365 3488 ἐς
3410 3432 3585 3502 γῆρας
3644 3425 3846 3491 ἐλάσας
3873 3428 3904 3483 ὁ

2241 3510 2591 3588 αὐτοκράτωρ
2652 3510 2810 3587 βαθὺ,
2848 3516 2939 3567 καὶ
2981 3517 3062 3586 τῷ
3119 3512 3180 3568 ἐκ
3240 3512 3439 3570 τούτου
3490 3521 3762 3592 μαρασμῷ
3809 3515 3907 3572 καὶ

2240 3601 2398 3656 νόσον
2431 3621 2555 3655 τινα
2583 3605 3031 3656 συνεισπεσοῦσαν
3063 3606 3143 3674 τῷ
3196 3602 3411 3676 σώματι
3468 3602 3745 3680 ἐσχηκὼς,
3773 3605 3905 3681 περὶ

2240 3694 2337 3745 τοῦ
2381 3686 2759 3763 διαδεξομένου
2803 3691 2866 3745 τὸ
2913 3691 3111 3766 κράτος
3154 3689 3460 3748 ἐσκέπτετο.
3488 3694 3665 3767 Ἔγνω
3719 3694 3907 3749 τοίνυν

2241 3784 2332 3838 τὸν
2403 3779 2686 3856 πατρίκιον
2757 3786 3154 3836 Κωνσταντῖνον
3225 3781 3318 3837 τὸν
3389 3780 3736 3852 Δαλασσηνὸν
3809 3784 3904 3839 ἐπὶ

2247 3875 2344 3944 μιᾷ
2392 3873 2501 3924 τῶν
2558 3869 2861 3945 θυγατέρων
2918 3866 3185 3941 κηδεστὴν
3243 3873 3598 3942 ποιήσασθαι,
3644 3871 3736 3927 καὶ
3795 3879 3901 3942 τῆς

2246 3957 2522 4036 βασιλείας
2573 3955 2857 4033 διάδοχον,
2888 3959 2978 4013 καὶ
3036 3957 3251 4016 στέλλει
3311 3960 3403 4015 τὸν
3462 3959 3623 4016 αὐτὸν
3681 3961 3901 4035 ἄξοντα,

2240 4049 2292 4104 ἐν
2320 4052 2399 4121 τῷ
2425 4052 2533 4103 τῶν
2564 4048 2933 4123 Ἀρμενιακῶν
2982 4047 3173 4122 θέματι
3222 4051 3322 4119 τήν
3367 4050 3649 4105 κατοικίαν
3699 4050 3902 4106 ποιού-

2244 4159 2421 4212 μενον.
2454 4133 2635 4193 Ἀλλὰ
2676 4137 2845 4210 μήπω
2889 4142 2988 4192 τοῦ
3025 4135 3218 4215 ἀνδρὸς
3275 4137 3478 4195 ἐκείνου
3536 4138 3899 4218 ἀφικομένου,

2240 4228 2422 4304 ἐτέρας
2496 4226 2698 4302 γίνεται
2776 4227 3009 4302 γνώμης
3060 4228 3089 4282 6
3147 4234 3570 4299 Κωνσταντῖνος,
3627 4229 3716 4283 καί
3774 4250 3901 4284 τινα

2236 4322 2345 4373 τῶν
2406 4315 2457 4371 ἐν
2511 4315 2658 4371 τέλει
2717 4312 2883 4391 ἄνδρα
2942 4314 3127 4392 εὐγενῆ
3184 4338 3244 4372 τε
3287 4318 3354 4373 τὰ
3402 4316 3452 4390 ἐξ
3517 4315 3748 4390 αἵματος
3803 4320 3896 4374 καὶ

2240 4401 2544 4483 ἀνηγμένον
2574 4404 2649 4467 εἷς
2676 4405 2775 4474 τὴν
2808 4408 2903 4459 τοῦ
2953 4403 3201 4481 ἐπάρχου
3243 4405 3445 4483 ἀρχὴν,
3471 4407 3700 4482 αἱρεῖται
3755 4408 3898 4484 πρὸς

471 4512 569 4582 τήν
631 4504 898 4582 διαδοχὴν
958 4499 1049 4557 καὶ
1103 4499 1240 4575 πρὸς
1289 4493 1457 4567 κῆδος
1516 4499 1622 4550 τῶν
1686 4495 1991 4582 θυγατέρων
2050 4499 2198 4568 μιᾶς.
2262 4492 2418 4551 Ἀλλ’
2472 4494 2585 4569 εἶχέ
2636 4515 2689 4555 τι
2747 4494 2882 4570 πρὸς
2938 4490 3153 4549 ἔκϐασιν
3213 4497 3248 4565 ἡ
3305 4492 3512 4569 α’ίρεσις
3567 4496 3891 4570 πρόσαντες

469 4579 684 4680 γυναικί
736 4579 840 4673 γάρ
900 4594 927 4649 ὁ
986 4586 1506 4680 λαμπρὸς-ἒξεῖνοις
1550 4579 1817 4680 συνεβίω.
1849 4585 2009 4659 ἀνὴρ,
2040 4584 2105 4655 ἦν
2166 4582 2213 4680 ξ’
2256 4582 2448 4680 οὗτος.
2479 4585 2506 4639 6
2558 4583 2696 4640 κατὰ
2748 4583 2878 4649 τοὺς
2934 4583 3233 4660 Ἀργυροὺς
3286 4583 3588 4659 Ῥωμανός·
3646 4586 3699 4641 τί
3758 4590 3893 4662 γοῦν

472 4670 609 4765 ’ἱερὸς
664 4670 826 4742 τοδτδ
884 4682 1197 4756 μηχανᾶται
1342 4670 1641 4765 βαξπλεύςὶ
1701 4673 2011 4765 Σκήτξτέται
2052 4673 2208 4765 ,κατά
2269 4676 2366 4727 τοῦ
2424 4672 2712 4748 ἀνθρώπου
2767 4671 2966 4749 χόλον,
3014 4671 3104 4727 καὶ
3160 4674 3353 4727 τοῦτον
3414 4672 3629 4748 ἐπαχθῆ
3687 4694 3747 4728 τε
3799 4673 3892 4729 καὶ

477 4758 675 4856 βίαιον,
729 4774 819 4831 καὶ
902 4767 1119 4827 στέλλει
1202 4763 1329 4827 τοὺς
1411 4762 1616 4819 ἐκεῖνον
1688 4762 1781 4835 μὶν
1840 4762 1926 4819 ἐπὶ
1982 4761 2205 4819 κολάσει
2266 4760 2584 4833 ἀπάξοντας,
2642 4764 2713 4836 τῇ
2767 4758 2811 4816 δ’
2874 4760 3020 4835 αὐτῷ
3067 4760 3394 4837 συνοικούσῃ
3449 4765 3739 4837 κεροῦντας
3790 4763 3891 4833 τήν

1723 4881 1927 4945 Variae
1975 4881 2272 4944 lectiones
2321 4885 2385 4942 et
2426 4886 2614 4942 notis.

468 4996 560 5050 tre
616 4991 705 5059 (a)
734 5005 747 5044 :
778 4988 966 5059 Γήμας
1015 4981 1073 5059 δέ
1124 4979 1388 5059 προτέραν
1443 4978 1738 5059 ’θυγατέρα
1813 4978 1962 5059 τινὸς
2012 4983 2120 5059 τῶν

2559 4978 2595 5046 ἡ
2647 4978 2750 5069 μὲν
2807 4970 3178 5069 πρεσϐυτέραρ
3198 4972 3670 5069 Εὐδοκίακέῐξίθω
3730 4979 3893 5069 Ρβθι-

469 5065 525 5137 ἐν
569 5041 737 5129 τέλει,
784 5041 977 5137 κάλλει
1043 5041 1314 5137 διαπρεπῆ
1345 5048 1460 5137 ,καὶ
1518 5041 2009 5137 καλλὶτεκνότητος
2069 5050 2120 5124 ἐξ
2230 5041 2376 5137 Ius;
2407 5047 2532 5137 Ιξαξ
2567 5041 2775 5137 τούτων
2825 5041 2923 5137 τῆν
3009 5041 3391 5124 πρεσϐυτέραν,
3443 5046 3892 5126 ἀρῥινωποτέραν

731 5130 994 5204 εγονυίας,
1049 5127 1112 5204 οὐ
1176 5120 1472 5204 ’Σκιπίωνα
1500 5188 1523 5204 ν
1545 5120 1832 5204 τεκούσης,
1894 5120 2120 5204 φάοιον,

725 5188 900 5278 ερτίαν
959 5188 1117 5278 ,τινα
1187 5197 1423 5261 Πυθικοῦ
1487 5188 2120 5278 ἔμπλεον’.πνεύματος,

787 5294 898 5335 mag
944 5267 1423 5354 ti)(\&?s110ﬁn't‘ltc
1485 5262 1941 5354 θρυλλουμὲναις
1989 5262 2123 5354 ἐκείὲ

470 5134 603 5204 αὐτῆ
613 5156 639 5198 ς

470 5204 595 5262 οὐδὲ

469 5276 617 5335 ἀλλὰ
664 5275 743 5333 Χά

2234 5118 2291 5196 ξε
2323 5119 2359 5189 ἢ
2396 5118 2606 5194 μᾶλλον
2659 5116 2927 5196 θειότερόν
2981 5141 3033 5175 τι

2235 5189 2488 5282 ι-Ξντεξθεν⁸
2530 5189 2999 5282 συχαριθμηθῆναι
3060 5189 3391 5282 ἐθελήσασαν
3439 5189 3737 5282 -τάγὶματὶ,
3783 5195 3887 5262 τήν

3134 5120 3453 5197 ρονήσασαν,
3639 5120 3889 5197 ἀγγέλων

2239 5263 2540 5353 βασιλικὴν,
2588 5263 2795 5353 ὅντως)
2828 5263 3033 5353 στολήγ
3099 5264 3439 5353 ςὶμφιέννυσι,
3494 5263 3588 5318 κάῖ
3633 5263 3724 5336 τῷ
3761 5266 3893 5338 θείῳ

469 5294 635 5369 άΛΑα,
664 5294 898 5402 λαριτας
944 5294 1018 5335 ως
1042 5294 1246 5359 καρηυη
1305 5294 1422 5321 ταις
1485 5294 1923 5354 υρυριιυὲθμεναις
1989 5294 2123 5321 εχει·
2240 5294 2529 5341 Palmitme
2588 5294 2758 5326 υντως
2828 5294 3029 5334 στυΛην
3102 5294 3439 5341 αμφιεννυσι,
3497 5294 3586 5318 xu;
3633 5294 3713 5336 τῳ
3761 5294 3890 5338 of.an

469 5372 589 5413 ναις
624 5360 739 5423 ι’σαρ
769 5349 938 5420 θμους
966 5363 1057 5398 και
1088 5336 1481 5413 ανθαμίλλους,
1511 5357 1601 5390 και
1653 5357 1734 5409 τῳ
1791 5336 1919 5410 θείῳ
1948 5337 2127 5411 τούτῳ
2234 5335 2401 5413 νυμφί
2483 5334 2699 5413 νύμφην
2752 5336 2951 5413 εἰσάγει
3008 5336 3305 5409 ἀκήρατον,
3333 5336 3426 5391 καὶ
3478 5340 3599 5391 ταῖς
3656 5338 3890 5392 παστάσι

475 5425 695 5463 amona.
721 5421 784 5463 στ-ἑι
812 5425 913 5463 τῖε-
938 5421 1101 5463 νον-ῖς
1132 5411 1446 5463 πεοιοοίσας
1477 5408 1798 5463 φιλότιμον.
1838 5416 1944 5463 etc.
2236 5357 2572 5463 ἐγκαθίεούει
2600 5413 2720 5463 ταῖς
2747 5409 3038 5463 κρείττοσι.

2405 5431 2417 5462 ι

475 5408 784 5498 ἆριθμῷξὸ
805 5408 913 5489 ¹τῆς
938 5421 1101 5493 γονῆς
1132 5408 1446 5487 περιορῖσας
1477 5408 1798 5486 φιλότιμον,
1838 5408 1944 5467 etc.

2236 5410 2394 5484 ἐγκαο

2460 5409 2572 5485 ρύει
2600 5409 2720 5471 ταῖς
2747 5409 3038 5485 κρείττοσι.

594 5543 663 5601 (a)
697 5541 791 5589 Hic
823 5539 877 5588 in
907 5534 1148 5594 margine
1178 5528 1494 5606 exemplaris
1515 5527 1685 5577 nostri
1713 5540 1878 5577 manu
1906 5527 2047 5579 docti
2068 5528 2418 5586 Boissonadii,
2453 5528 2608 5593 cujus
2643 5527 2774 5579 olim
2830 5529 2947 5588 fuit,
3000 5530 3261 5578 notantur
3305 5527 3468 5579 variae
3525 5527 3783 5578 lectiones
3824 5542 3892 5577 ex

481 5603 746 5653 :ollatione
776 5603 1005 5652 locorum
1036 5594 1193 5646 Pselli
1215 5593 1301 5643 hic
1329 5590 1683 5641 adductorum
1715 5605 1835 5641 cum
1862 5591 2044 5641 codice
2074 5606 2173 5642 ms.
2204 5592 2368 5641 Paris.
2394 5594 2514 5641 1182
2538 5606 2550 5652 ;
2582 5591 2725 5642 hanc
2744 5591 3085 5642 collationem
3115 5591 3198 5641 vir
3215 5590 3405 5642 doctus
3433 5592 3740 5643 instituerat
3768 5565 3888 5641 c’nm

467 5590 746 5653 collatione
776 5603 1005 5652 locorum
1025 5590 1193 5669 'Pselli
1215 5593 1301 5643 hic
1329 5590 1683 5641 adductorum
1715 5605 1835 5641 cum
1862 5591 2044 5641 codice
2074 5606 2173 5642 ms.
2204 5592 2368 5641 Paris.
2394 5590 2550 5652 1182';
2582 5591 2725 5642 hanc
2744 5591 3085 5642 collationem
3115 5591 3198 5641 vir
3215 5590 3405 5642 doctus
3433 5592 3740 5643 instituerat
3768 5605 3888 5641 cum

467 5661 1303 5728 Psclliepistolarumeditionem
1325 5654 1474 5719 prelo
1506 5657 1735 5719 pararet,
1768 5668 1888 5719 quae
1907 5654 2276 5720 Norimbergaa
2305 5653 2506 5721 prodiit
2532 5668 2655 5706 cum
2710 5656 2828 5707 aliis
2862 5653 3018 5706 Pselii
3072 5654 3321 5719 opusculi
3370 5667 3517 5706 anno
3579 5654 3724 5708 1838.
3755 5654 3891 5707 Vide

467 5724 773 5792 Patrolo'gia:
801 5732 930 5777 tom.
960 5724 1148 5775 CXXII.
