4156 6214
323 346 356 405 1
372 343 450 406 ’13
1624 333 1731 395 ΛΝ
1738 333 1995 396 NALIU]

2105 333 2231 395 LIB.
2279 335 2472 397 XVII.
3638 343 3760 406 174

311 473 512 552 τρίχα,
563 473 658 529 καὶ
708 469 790 550 ἔφ’
819 469 1006 546 ἑτέραν
1040 469 1186 539 ζωὴν
1223 468 1669 544 μεταστήσεντας.
1701 467 1762 524 ἸΙ
1806 462 1885 536 δὲ,
1932 465 1996 521 τὸ
2042 468 2552 544 σκηνουργούμενον
2598 467 2933 545 ἀγνοήσασα,
2985 468 3225 544 ἑτοίμως
3269 471 3464 542 ἑαυτήν
3510 475 3754 552 παρέσχε

314 565 460 641 πρὸς
491 564 590 632 τήν
622 566 721 617 τοῦ
755 560 880 638 βίου
910 557 1258 634 ἀπαλλαγήν.
1318 559 1382 615 Ἡ
1417 557 1511 630 μὲν
1541 556 1633 612 οὗν
1664 556 1763 625 τὴν
1795 555 1977 628 κόμην
2006 575 2065 609 τε
2096 556 2408 628 ἀπετμήθη,
2451 558 2542 613 καὶ
2579 557 2786 630 μέλανα
2820 559 3233 638 μετημφίαστο.
3283 562 3343 618 Ὁ
3396 558 3454 617 δὲ
3498 565 3749 640 μετήχθη

315 656 459 731 πρὸς
485 653 556 708 τὰ
589 650 860 729 βασιλεια,
890 650 982 705 καὶ
1013 652 1048 719 ἡ
1083 646 1304 724 δευτέρα
1330 651 1436 702 τῶν
1468 646 1774 722 θυγατέρων
1801 648 1898 699 τοῦ
1929 645 2333 701 Κωνσταντίνου
2386 648 2737 722 συζεύγνυται
2790 649 2935 721 αὐτῷ
2992 650 3131 726 πρὸς
3191 645 3516 723 συμϐίωσιν·
3569 655 3605 722 ἡ
3652 653 3754 730 γὰρ

317 744 512 820 τρίτη,
551 740 642 796 διὰ
668 743 731 796 τὸ
759 741 862 809 τὴν
894 738 1101 794 ἐκείνου
1151 735 1444 813 εύνὲτειραν
1480 734 1710 791 ἄκουσαν
1743 732 2063 809 διαζυγῆναι
2097 734 2280 803 αὐτοῦ,
2315 741 2764 810 παραιτήσασθαι
2806 739 2904 806 τὴν
2942 741 3056 812 μετ’
3107 741 3274 794 αὐτοῦ
3330 735 3634 814 συμϐίωσιν
3665 742 3757 799 λέ-

319 852 503 908 τεται.
534 830 635 885 Καὶ
669 831 696 886 6
749 829 842 902 μὲν
877 833 1082 900 Καῖσαρ
1112 825 1436 903 ἀναῤῥηθεὶς
1469 827 1815 901 συνήρμοστο
1843 826 1911 896 τῇ
1943 825 2066 896 Ζωῇ
2229 824 2290 880 Ὀ
2321 821 2378 878 δὲ
2413 824 2674 898 βασιλεὺς
2702 828 3130 896 Κωνσταντῖνος,
3161 833 3308 904 τρεῖς
3337 824 3586 891 ἐπιϐιοὺς
3615 832 3756 903 ἠμέ-

313 907 421 996 ρας
449 925 520 995 τῇ
553 920 865 990 συνοικήσει
895 916 1096 986 αὐτῶν,
1128 914 1346 971 ἀπέτισε
1373 915 1435 970 τὸ
1467 916 1671 990 χρεὼν,
1699 907 2212 986 ἑϐδομηκοντούτης
2237 913 2325 969 καὶ
2353 914 2491 990 πρὸς
2523 917 2790 991 γεγονὼς,
2825 916 3104 981 ἐνιαυτοὺς
3139 916 3196 974 δὲ
3225 925 3370 995 τρεῖς
3399 920 3514 982 ἑνὸς
3543 917 3754 977 ἐνδέον-

313 1032 418 1075 τος
450 1010 646 1083 μηνὸς,
677 1013 778 1076 τῆς
816 1004 1095 1082 βασιλείας
1129 1003 1644 1081 κατορχησάμενος.

391 1101 500 1157 ΙΑ’.
553 1096 832 1171 Ῥωμανὸς
883 1093 942 1151 δὲ
999 1093 1214 1163 λοιπὸν,
1266 1094 1326 1158 ’ὸς
1369 1091 1800 1169 Ἀργυρόπωλος
1859 1091 1982 1146 ἐκα-

2170 1094 2263 1150 Χῐ.
2299 1099 2600 1152 Romanus
2632 1097 2929 1170 deinceps,
2982 1097 3082 1170 qui
3126 1099 3523 1171 Argyropolus
3579 1117 3752 1157 voca-

312 1191 496 1256 λεῖτο,
542 1192 650 1243 τῶν
702 1186 994 1261 σκήπτρων
1039 1178 1489 1257 ἐπιλαμϐάνεται,
1539 1183 1626 1237 καὶ
1677 1181 1872 1237 αὐτίκα
1914 1179 1976 1233 τὸ

2105 1186 2288 1251 )atur,
2350 1184 2600 1256 sceptris
2669 1185 2912 1258 potitus,
2995 1186 3281 1242 tributum
3358 1187 3751 1262 allelengyum

309 1274 738 1352 Ἀλληλὲγγυον
777 1271 1142 1350 φορολόγημα
1189 1267 1397 1349 ῥιζόθεν
1449 1270 1687 1344 ἐξέκοψε,
1717 1269 1806 1324 καὶ
1860 1273 1975 1330 τοῖς

2105 1273 2293 1327 statim
2329 1274 2598 1330 funditus
2621 1275 2998 1347 exstirpavit:
3030 1276 3130 1332 Dei
3161 1277 3498 1333 cantoribus
3530 1278 3752 1351 Magnae

309 1371 418 1422 τοῦ
451 1369 587 1421 Θεοῦ
637 1360 936 1438 ὑμνῳδοῖς,
994 1366 1110 1424 τοῖς
1162 1364 1230 1435 τῇ
1290 1359 1520 1436 Μεγάλῃ
1575 1358 1839 1430 ἐκκλησίᾳ
1885 1378 1975 1413 κε-

311 1453 733 1531 κληρωμένοις,
781 1454 880 1522 τήν
928 1449 989 1506 ἐκ
1032 1455 1138 1506 τῶν
1188 1447 1462 1526 βασιλείαν
1519 1449 1756 1524 ταμείων
1807 1467 1979 1524 χορη-

311 1547 600 1623 γουμένην
626 1547 736 1598 τῶν
766 1540 1042 1618 χρυσίνων
1072 1538 1339 1614 διανομὴν
1391 1541 1678 1615 προσθήκῃ
1739 1537 1978 1610 ἐπηύξη-

315 1657 452 1704 σεν,
515 1631 682 1696 εῒδὼς
746 1629 943 1694 ὶνδεῶς
995 1631 1185 1692 αὐτοῖς
1242 1628 1388 1705 ἔχειν
1441 1630 1509 1686 τὰ
1564 1628 1973 1705 χορηγούμενα.

311 1727 525 1801 Γέγονε
578 1724 682 1800 γάρ
739 1742 876 1778 ποτε
930 1726 1030 1790 τῆς
1082 1716 1180 1776 τοῦ
1256 1723 1390 1775 Θεοῦ
1460 1719 1637 1794 Λόγου
1685 1716 1977 1790 ἐπωνύμου

313 1815 532 1894 Σοφίας
608 1811 770 1890 μέγας
844 1809 1162 1886 οἷκονόμος,
1228 1807 1342 1865 ἐπεὶ
1400 1813 1478 1882 aii)
1537 1806 1751 1885 βασιλεῖ
1802 1808 1979 1862 ἀνεῖτο

310 1903 557 1982 πρόσθεν
637 1901 969 1976 οῗκονόμους
1051 1901 1131 1974 (3)
1206 1905 1307 1970 τῆς
1384 1897 1679 1970 ἐκκλησίας
1753 1895 1982 1967 ταυτησὶ

311 1991 792 2070 προχειρίζεσθαι,
855 1989 947 2046 καὶ
999 1987 1127 2052 τοὺς
1159 1986 1248 2044 διὰ
1283 1990 1422 2065 χρέα
1478 1986 1718 2061 δημόσια
1769 1997 1986 2062 καθειρ-

316 2085 564 2159 γμένους
626 2081 660 2151 ἢ
716 2080 808 2136 καὶ
873 2078 1120 2134 ἰδιωτικὰ
1175 2077 1536 2155 ἠλευθέρωσε,
1584 2078 1653 2132 τὰ
1711 2077 1804 2149 μὲν
1859 2077 1994 2130 ἀπο-

319 2171 533 2243 τιννὺς,
567 2171 635 2226 τὰ
665 2167 722 2225 δὲ
751 2165 994 2243 δημόσια
1021 2168 1218 2246 ἀφιεὶς,
1268 2167 1358 2222 καὶ
1408 2168 1712 2244 χρημάτων
1761 2165 1993 2222 πολλῶν

324 2259 578 2317 διάδοσιν
638 2258 933 2328 ἐποιήσατο
998 2257 1133 2334 ὑπὲρ
1179 2261 1277 2312 τοῦ
1329 2255 1596 2332 βασιλέως
1654 2255 1996 2312 Κωνσταντί-

2091 1360 2352 1417 Ecclesia;
2384 1364 2705 1431 attributis,
2765 1364 3203 1438 imperatoriam
3262 1383 3574 1424 aureorum
3625 1368 3747 1424 lar-

2086 1451 2366 1523 gitionem
2399 1469 2429 1508 e
2452 1454 2592 1510 ﬁsco
2623 1453 2802 1509 tribui
2860 1454 3095 1511 solitam
3156 1456 3397 1511 adauxit
3428 1473 3442 1512 :
3478 1473 3612 1513 cum
3672 1475 3744 1514 ex

2085 1556 2152 1597 eo
2183 1541 2359 1598 sciret
2409 1542 2467 1598 id
2516 1544 2878 1616 stipendium
2932 1545 3016 1600 eis
3060 1562 3176 1600 non
3228 1546 3519 1614 sufﬁcere,
3581 1549 3739 1619 quod

2086 1630 2401 1704 aliquando
2433 1633 2572 1689 tedis
2601 1637 2823 1688 Sanctae
2863 1633 3096 1706 Sophiae
3125 1650 3464 1692 moonomus
3521 1634 3738 1704 fuerat,

2087 1721 2228 1776 dum
2264 1721 2321 1775 id
2354 1737 2574 1777 munus
2607 1721 2678 1778 ab
2720 1721 3074 1794 imperatore
3121 1723 3302 1779 tribui
3359 1724 3604 1780 solebat.
3656 1725 3739 1782 0b

2090 1827 2169 1866 aes
2211 1809 2470 1867 olienum
2516 1812 2637 1867 sive
2694 1812 2994 1884 publicum
3053 1813 3174 1869 sive
3209 1813 3502 1885 privatum
3561 1831 3742 1872 nexos

2090 1900 2378 1970 liberavit,
2411 1901 2512 1957 illo
2541 1900 2779 1972 abolito,
2811 1902 2922 1958 hoc
2955 1902 3181 1960 soluto:
3216 1920 3320 1976 pro
3349 1904 3734 1960 Constantino

2097 2006 2296 2046 socero
2358 1991 2678 2047 maximam
2713 1993 3022 2063 pecuniam
3081 1993 3432 2049 distribuit:
3493 1992 3748 2065 plurimo

2099 2080 2357 2152 captivos
2383 2081 2666 2149 redemit;
2701 2082 2855 2138 πο
2886 2082 3192 2154 episcopos
3226 2098 3330 2154 per
3359 2081 3746 2154 allelengyum

2105 2171 2176 2224 ad
2235 2175 2552 2241 egestatem
2620 2171 2909 2239 redactos,
2975 2171 3346 2240 refocillavit;
3394 2189 3428 2227 a
3473 2172 3748 2228 defuncto

2105 2258 2456 2330 imperatore
2479 2259 2600 2314 sive
2660 2259 3028 2316 mutilatione
3057 2260 3335 2332 corporis,
3397 2260 3517 2316 sive
3563 2261 3748 2316 bono-

321 2372 420 2406 νου
475 2353 576 2404 τοῦ
607 2350 871 2423 πενθεροῦ
902 2347 1093 2416 αὐτοῦ,
1140 2347 1230 2402 καὶ
1284 2345 1680 2421 αἰχμαλώτους
1713 2343 1995 2409 πλείστους

2109 2365 2240 2403 rum
2267 2347 2683 2419 publicatione,
2717 2349 2836 2404 sive
2874 2348 3005 2404 aliis
3037 2350 3229 2405 modis
3260 2349 3508 2405 afﬂictos
3539 2365 3751 2406 conso-

331 2440 589 2515 ἰπρίατο,
637 2437 728 2492 καὶ
777 2435 895 2491 ὅσοι
949 2440 1058 2491 τῶν
1091 2435 1398 2491 ἐπισκόπων
1432 2434 1493 2490 ἐκ
1539 2439 1636 2490 τοῦ
1681 2431 1995 2509 Ἀλληλεγ-

2112 2436 2266 2492 latus
2295 2441 2403 2492 est.
2437 2437 2545 2492 Sed
2599 2437 2951 2494 Prusianum
3012 2437 3381 2509 magistrum,
3413 2439 3752 2511 Bulgarum,

334 2529 476 2607 γύου
509 2525 970 2606 φορολογήματος
1031 2524 1106 2587 εἷς
1156 2523 1358 2580 ἔνδειαν
1413 2523 1818 2595 συνηλάθησαν,
1871 2528 1998 2600 παρ’

340 2619 514 2673 αὐτοῦ
564 2616 959 2686 ἀνεκτήθησαν,
1030 2615 1119 2669 καὶ
1165 2612 1293 2676 τοὺς
1342 2613 1678 2676 κακωθέντας
1729 2615 1875 2689 παρὰ
1901 2617 1998 2668 τοῦ

326 2705 772 2776 τελευτήσαντος
833 2701 1108 2780 βασιλάως
1162 2704 1198 2773 ἢ
1251 2702 1302 2758 ἐν
1334 2704 1581 2775 πηρώσει
1642 2703 1844 2776 μελῶε,
1875 2703 1912 2772 ἢ
1943 2701 1995 2758 ἐν

336 2793 672 2870 δημεύσεσιν
701 2793 919 2862 οὐσιῶν,
969 2792 1006 2862 ἢ
1053 2791 1296 2855 ἀλλοίως
1341 2793 1783 2867 παρεμυθήσατο,
1838 2794 1996 2846 Ὑπο-

330 2885 591 2946 πτευθεὶς
653 2881 711 2938 δὶ
769 2884 796 2939 6
855 2883 1157 2958 μάγιστρος
1214 2881 1548 2944 ΙῙαονσιάνος
1597 2883 1624 2936 ὁ
1681 2881 1996 2958 Βούλγαρος

332 2975 514 3050 λάθρα
673 2979 773 3043 τῆς
824 2972 1140 3049 Λύγούστης
1170 2975 1324 3041 Ζωῆς
1364 2969 1573 3045 ἀδελφῇ
1623 2975 1691 3046 τῇ
1743 2967 1998 3046 Θεοδώρᾳ

330 3061 809 3138 κοινολογεῖσθαι,
857 3062 948 3117 καὶ
1002 3066 1073 3136 τῇ
1128 3060 1380 3138 βασιλείᾳ
1434 3057 1832 3139 ἐποφθαλμεῖν,
1867 3059 1996 3116 συλ-

335 3147 682 3227 λαμϐάνεται
713 3151 804 3207 καὶ
835 3156 1172 3228 φρουρεῖται,
1228 3150 1342 3206 εἶτα
1395 3150 1481 3206 καὶ
1539 3155 1813 3226 πηροῦται
1867 3148 1995 3212 τοὺς

337 3241 692 3322 ὀφθαλμοὺς,
723 3241 814 3296 καὶ
845 3243 880 3310 ἡ
924 3238 1179 3316 Θεοδώρα
1227 3239 1304 3301 είς
1351 3239 1413 3294 τὸ
1473 3240 1694 3316 Πέτριον
1749 3237 1996 3315 περιορί-

340 3339 513 3401 ζεται,
561 3329 708 3386 καἰὸ
740 3329 824 3386 ἐπ’
853 3326 1121 3407 ἀδελφιδῇ
1172 3326 1230 3384 δὲ
1273 3333 1372 3384 τοῦ
1429 3328 1698 3404 βασιλέως
1745 3323 1998 3405 γαμϐρὸς

343 3425 754 3484 Κωνσταντῖνος
823 3419 852 3473 6
925 3417 1204 3493 Διογένης,
1268 3418 1344 3482 ὡς
1395 3417 1685 3494 τυραννίδα
1756 3417 1996 3492 μελετῶν

343 3508 756 3585 κατηγορηθεὶς
789 3552 804 3576 ,
865 3505 1175 3580 δεσμευθεὶς
1237 3506 1289 3562 ἐν
1362 3507 1554 3584 πύργῳ
1602 3507 1996 3583 καθείργνυται.

339 3603 448 3654 Τοῦ
503 3600 688 3672 μεντοι
735 3605 836 3668 τῆς
901 3591 1192 3674 Ἀϐασγίας
1239 3597 1666 3672 ἡγεμονεύοντος
1726 3598 1998 3674 Δεωγρίου

347 3688 628 3755 θανόντος,
694 3689 729 3756 ἡ
802 3685 997 3742 τούτου
1068 3685 1292 3763 σύζυγος
1321 3685 1555 3750 σπονδὰς
1610 3686 1861 3758 ἐζήτησε,
1910 3687 2000 3742 καὶ

342 3778 594 3833 σύνοικον
647 3781 728 3848 τῷ
786 3777 911 3849 υἱῷ.
972 3774 1072 3830 Καὶ
1126 3776 1154 3830 6
1208 3773 1460 3852 βασιλεὺς
1505 3775 1600 3839 τάς
1651 3798 1709 3832 τε
1766 3773 1999 3839 σπονδὰς

2109 2529 2448 2597 suspectum
2474 2525 2640 2596 quasi
2683 2525 3048 2582 clandestina
3095 2544 3229 2583 cum
3283 2528 3588 2583 Theodora
3617 2529 3758 2585 Zoes

2109 2617 2380 2688 Augustae
2430 2631 2629 2671 sorore
2677 2615 2922 2671 consilia
2980 2619 3281 2682 tractaret,
3343 2631 3641 2689 regnoque
3670 2617 3760 2673 in-

2109 2704 2317 2770 hiaret,
2351 2704 2842 2776 comprehensum
2870 2704 2929 2759 in
2961 2704 3289 2760 custodiam
3323 2705 3502 2774 dedit,
3527 2722 3594 2762 ac
3625 2723 3761 2778 pos-

2105 2797 2199 2849 tea
2243 2793 2520 2862 caecavit;
2575 2793 2941 2849 Theodoram
3003 2794 3065 2849 in
3125 2793 3380 2850 Petrium
3430 2793 3756 2867 relegavit;

2107 2882 2558 2939 Constantinum
2590 2883 2906 2956 Diogenem
2923 2884 3116 2956 neptis
3135 2900 3204 2939 ex
3227 2899 3425 2939 sorore
3450 2883 3755 2953 maritum,

2107 2973 2180 3029 ob
2212 2972 2487 3028 affectatae
2509 2973 2839 3044 tyrannidis
2868 2973 3109 3040 crimen,
3141 2973 3404 3029 vinctum
3432 2973 3490 3029 in
3511 2977 3757 3046 turrem,

2106 3062 2614 3134 conjecit.Mortuo
2638 3061 2882 3135 Georgio
2910 3063 3198 3135 Albasgiae
3227 3063 3758 3135 principe,viduam

2107 3152 2258 3224 ejus,
2298 3150 2731 3208 renovationem
2781 3151 3034 3221 fmderis,
3094 3157 3150 3208 et
3207 3152 3328 3208 filio
3380 3169 3621 3209 uxorem
3653 3169 3757 3224 pe-

2109 3245 2348 3307 tentem,
2381 3242 2691 3313 utriusque
2719 3241 2837 3297 voti
2867 3245 3200 3313 compotem
3261 3242 3417 3307 fecit,
3479 3246 3756 3298 renovato

2109 3331 2343 3398 foedere,
2366 3335 2424 3386 et
2448 3329 2663 3386 Helena
2692 3347 2759 3386 ex
2789 3331 2964 3387 fratre
2995 3330 3210 3387 Basilio
3243 3335 3436 3404 nepte,
3482 3333 3541 3386 in
3571 3332 3758 3387 Abas-

2109 3420 2264 3494 giam
2286 3420 2490 3486 missa,
2523 3421 2694 3491 cujus
2725 3437 3011 3492 sponsum
3048 3421 3422 3476 Pancratium
3453 3421 3759 3492 curopala-

2107 3515 2229 3565 tam
2262 3509 2605 3582 designavit.
2626 3508 2944 3581 Chalepum
2975 3510 3200 3577 urbem,
3236 3526 3365 3580 qua)
3422 3513 3480 3565 et
3528 3510 3761 3567 Berrma

2108 3599 2344 3666 dicitur,
2378 3615 2716 3670 oppugnare
2748 3598 3024 3667 instituit,
3095 3600 3163 3654 ad
3219 3614 3468 3669 eamque
3516 3614 3639 3654 rem
3697 3615 3761 3655 se

2111 3688 2352 3760 paravit.
2384 3687 2532 3743 Nam
2564 3704 2698 3742 cum
2731 3687 3094 3759 Nicephorus
3125 3692 3181 3743 et
3218 3687 3477 3744 Joannes
3506 3689 3759 3759 impera-

2109 3782 2262 3833 tores
2295 3777 2514 3832 multas
2559 3778 2733 3832 urbes
2787 3776 3090 3832 Phoenicia:
3147 3781 3204 3833 et
3250 3777 3422 3849 Syriae
3467 3777 3761 3833 Romano-

338 3865 660 3937 ἀνεκαίνισε,
701 3866 791 3920 καὶ
838 3865 937 3934 τὴν
970 3863 1138 3920 παῖδα
1169 3843 1454 3920 Βασιλείου
1501 3869 1598 3920 τοῦ
1629 3863 1867 3935 ἀδελφοῦ
1898 3866 1995 3921 αύ-

2112 3884 2241 3923 rum
2275 3867 2520 3938 imperio
2548 3866 2960 3938 subjecissent,
2987 3867 3235 3922 Basilius
3267 3868 3368 3939 qui
3387 3880 3626 3923 secutus
3648 3871 3757 3935 est,

337 3960 434 4011 τοῦ
482 3958 584 4025 τὴν
641 3954 867 4026 Ἐλὲνην
924 3953 1142 4033 νύμφην
1217 3953 1293 4018 εἷς
1343 3949 1629 4030 Ἀϐασγίαν
1686 3954 1991 4024 ἀπέστειλε,

339 4046 428 4100 τὸν
479 4042 717 4122 νυμφίον
775 4044 1078 4120 Παγκράτιν
1136 4042 1560 4118 κουροπαλάτην
1631 4047 1942 4117 τετιμηκώς
1976 4087 1989 4100 .

341 4135 402 4191 Ὁ
461 4131 520 4188 δὲ
584 4131 842 4207 βασιλεὺς
897 4133 1037 4187 κακά
1089 4137 1186 4187 τοῦ
1243 4131 1434 4188 Χάλεπ
1486 4133 1758 4208 ὁρμῆσαι,
1819 4135 1847 4189 ’ὀ
1903 4135 1992 4189 καὶ

343 4222 575 4299 Βὲῤῥοια
628 4221 870 4296 λέγεται,
915 4216 1186 4291 ἠϐούλετό
1215 4242 1272 4276 τε
1295 4221 1385 4276 καὶ
1442 4224 1792 4296 ἡτοιμάζετο.
1848 4223 1996 4280 Ηολ-

345 4309 443 4374 λάς
470 4313 572 4388 γὰρ
601 4315 714 4365 τῶν
744 4309 961 4366 πόλεων
1008 4317 1108 4380 τῆς
1149 4332 1206 4366 τε
1255 4310 1517 4382 Φοινίκης
1549 4311 1638 4366 καὶ
1667 4317 1768 4378 τῆς
1803 4312 1997 4389 Σύρίας

347 4406 440 4456 τοῦ
469 4399 803 4475 Νικηφόρου
825 4398 916 4454 καί
945 4403 1041 4454 τοῦ
1092 4400 1345 4455 Ἰωάννου
1387 4404 1492 4454 τῶν
1548 4400 1813 4476 βασιλέων
1861 4403 1998 4458 ὕπα-

343 4491 617 4566 γαγόντων
647 4492 718 4562 τῇ
767 4492 875 4544 τῶν
936 4489 1224 4561 Ῥωμαίων
1269 4489 1554 4564 ἡγεμονίᾳ,
1613 4491 1641 4545 ὁ
1689 4492 1805 4564 μετ’
1861 4491 2002 4548 ἐκεί-

347 4601 470 4644 νους
500 4577 809 4650 Βασίλειος,
840 4583 959 4641 ταῖς
1009 4578 1143 4651 μετᾶ
1189 4576 1516 4655 Βουλγάρων
1568 4579 1855 4655 σχολάζων
1906 4581 2003 4654 μά-

343 4689 500 4744 χαις,
558 4668 747 4740 καιρὸν
789 4667 892 4722 οὐκ
945 4661 1074 4742 ἔσχε
1121 4665 1216 4728 τὰς
1263 4663 1567 4732 ἑαλωκυίας
1614 4667 2001 4746 ἀσφαλίζεσθαι

347 4758 563 4820 πόλεις’
599 4754 709 4812 αἵδ’
757 4755 936 4830 ὅμως,
999 4756 1168 4831 μέχρι
1228 4757 1321 4828 μὲν
1375 4764 1568 4831 περιῆν
1629 4757 1848 4830 ἐκεῖνος,
1906 4759 2006 4816 οὐκ

358 4846 612 4921 ἐτόλμων
644 4845 721 4908 εἷς
748 4846 1026 4922 προῦπτον
1073 4845 1168 4900 τὸν
1211 4852 1310 4915 τῆς
1353 4843 1603 4909 δουλείας
1659 4850 1813 4924 ζυγὸν
1870 4849 2005 4906 ἀπο..

352 4939 654 4993 σείσασθαι.
691 4940 799 4992 Τοῦ
847 4933 905 4990 δὲ
949 4935 1346 4991 Κωνσταντίνου
1377 4940 1484 4991 τῶν
1517 4939 1806 5014 σκήπτρων
1863 4939 2008 4994 ἐπει-

350 5025 663 5101 λημμένου,
717 5025 808 5080 καὶ
865 5025 1165 5099 ἀνειμένως
1220 5027 1320 5095 τήν
1387 5025 1660 5102 βασιλείαν
1711 5027 2004 5098 ίθύνοντος,

350 5117 398 5170 οἱ
424 5120 524 5183 τῆς
556 5117 736 5190 Ἀγαρ
770 5115 1054 5191 ἀπόγονοι,
1099 5119 1290 5170 τοῦτον
1341 5117 1476 5170 εἴναι
1515 5117 1608 5171 τὸν
1636 5119 1822 5192 καιρὸν
1850 5119 2005 5194 γνόν.

2109 3956 2426 4029 Bulgaricis
2456 3956 2927 4028 expeditionibus
2960 3961 3304 4028 occupatus,
3333 3973 3432 4013 eas
3480 3957 3758 4012 ﬁrmandi

2104 4047 2289 4103 otium
2314 4062 2428 4100 non
2461 4046 2698 4101 habuit:
2733 4060 2921 4116 neque
2965 4050 3181 4116 tamen,
3248 4046 3441 4117 quoad
3486 4047 3536 4102 is
3593 4046 3758 4118 vixit,

2103 4135 2217 4190 illae
2249 4152 2402 4190 ausa
2427 4134 2887 4206 fueruntjugum
2913 4135 3214 4191 servitutis
3236 4140 3435 4208 aperte
3467 4140 3759 4193 excutere.

2103 4226 2387 4281 Caeterum
2426 4223 2812 4280 Constantino
2845 4240 3043 4278 rerum
3095 4225 3304 4294 potito,
3365 4228 3423 4280 et
3472 4225 3764 4281 dissolute

2105 4312 2420 4385 imperium
2453 4312 2928 4382 administrante,
2960 4313 3210 4383 Agareni
3243 4317 3480 4385 tempus
3513 4314 3571 4368 id
3599 4330 3763 4370 exse-

2109 4402 2328 4475 quendi
2358 4417 2425 4457 ea
2453 4417 2577 4472 quae
2607 4401 2818 4456 animis
2859 4401 3171 4472 agitarent,
3223 4402 3600 4457 commodum
3635 4419 3766 4457 esse

2111 4492 2243 4559 rati,
2278 4490 2442 4547 casis
2468 4490 2761 4562 praesidiis
2793 4492 2970 4547 urbes
3022 4495 3330 4563 occupant.
3364 4490 3602 4562 Chalepi
3635 4507 3766 4547 vero

2111 4584 2383 4656 princeps
2414 4580 2853 4636 continentibus
2901 4580 3351 4636 excursionibus
3412 4583 3468 4634 et
3519 4577 3768 4650 popula-

2112 4673 2376 4728 tionibus
2427 4670 2616 4742 ipsam
2692 4669 3092 4740 Antiochiam,
3160 4668 3425 4739 aliasque
3481 4667 3766 4724 ﬁnitimas

2114 4761 2286 4834 Syriae
2327 4763 2530 4831 gentes
2589 4759 2868 4814 Romana
2918 4758 3159 4815 ditionis
3216 4757 3508 4813 vexabat:
3574 4776 3608 4814 a
3654 4773 3772 4829 quo

2116 4853 2233 4907 dux
2271 4848 2691 4917 Antiochenus,
2741 4848 3124 4905 Constantino
3189 4847 3380 4904 adhuc
3431 4847 3771 4921 superstite,

2116 4939 2366 5011 turpiter
2418 4941 2631 5003 victus,
2690 4937 2988 5010 plerisque
3043 4954 3288 4993 suorum
3375 4939 3632 5010 amissis,
3674 4938 3771 4995 vix

2118 5030 2398 5101 etfugerat
2447 5047 2462 5079 :
2525 5027 2617 5082 cui
2677 5027 2978 5083 Romanus
3031 5044 3374 5084 successore
3429 5028 3590 5095 dato,
3639 5027 3768 5100 ipse

2119 5135 2351 5192 quoque
2405 5118 2476 5174 ad
2507 5117 2733 5173 bellum
2812 5118 2932 5174 ivit.
3013 5118 3157 5175 Cum
3203 5122 3397 5175 autem
3454 5118 3514 5173 in
3563 5118 3770 5173 itinere

346 5226 426 5268 τες
457 5206 598 5281 πρὸς
624 5203 689 5259 τό
725 5203 1106 5278 μελετώμενον
1138 5203 1323 5269 αὐτοῖς
1353 5203 1685 5279 ἐπιτήδειον,
1732 5213 1848 5270 τοῖς
1896 5213 1995 5265 τῶι

2115 5207 2428 5280 Chalepitze
2461 5205 2635 5280 legati
2668 5224 2801 5263 cum
2834 5208 3183 5265 muneribus
3214 5208 3418 5265 multis
3449 5206 3500 5263 ei
3560 5222 3769 5262 occur-

347 5294 560 5351 πύλεων
608 5299 872 5372 φρουροῖς
923 5293 1272 5365 ἐπιτίθενται,
1316 5295 1407 5350 καὶ
1451 5294 1676 5360 τούτους
1732 5295 2002 5375 διαχειρι-

2114 5301 2347 5369 rissent,
2376 5298 2605 5355 veniam
2639 5302 2924 5370 petentes,
2955 5316 3020 5355 ac
3081 5300 3380 5356 servitutis
3439 5294 3769 5353 renovatio-

1617 5433 1820 5495 Variae
1859 5435 2160 5499 lectiones
2191 5441 2252 5497 et
2298 5438 2490 5495 notae.

427 5555 501 5627 (2)
550 5555 932 5633 ggvﬁppono
1002 5558 1071 5629 τῇ
1118 5558 1276 5633 ζωῇ.
1334 5557 2012 5633 Lupuaprotospalha:

367 5625 514 5704 ᾼηῃρ
542 5627 683 5704 1029
709 5625 1066 5704 ὶηονιαιιδ-εεὶ
1099 5625 1494 5686 σοηὲιαπιίηἱιδ
1545 5625 1681 5704 ἰῆιρε
1722 5625 2019 5704 ἱηύἰρίἰία

371 5696 420 5753 S.
450 5700 703 5772 Martini,
734 5706 786 5757 et
826 5716 884 5759 σε
914 5701 1127 5759 vivente
1174 5703 1438 5775 imposuit
1474 5703 1535 5760 in
1590 5696 1715 5762 sede
1767 5696 1896 5764 διαί
1911 5709 2017 5764 Ro-

2126 5576 2374 5626 manum,
2405 5562 2456 5614 et
2477 5556 2625 5630 dedit
2644 5560 2701 5614 ei
2729 5575 2961 5617 uxorem
2992 5563 3135 5617 Zoan
3164 5559 3345 5630 ﬁliam
3365 5573 3542 5613 suam.

2201 5624 2663 5758 (ἓωῗκονόμους.
2698 5631 2844 5692 Vide
2901 5634 3068 5693 Gloss.
3131 5624 3269 5690 n'zed.
3308 5631 3532 5691 ercit.
3601 5624 3780 5689 inOi-

2125 5725 2221 5760 κον
2265 5724 2387 5778 μσς.
