4156 6214
416 360 533 421 175
1739 355 2068 421 JOANNIS
2112 353 2462 416 ZONARE
3710 365 3832 427 176

409 504 546 550 nam
576 494 634 547 et
661 489 1002 563 pensionem
1033 506 1150 547 non
1181 491 1511 548 solutorum
1527 490 1907 558 tributorum,
1931 503 2050 561 qum

2187 485 2411 558 τάμενοι,
2467 484 2622 543 αὖτοί
2693 489 2802 542 τῶν
2887 486 3105 544 πόλεων
3153 483 3434 568 γεγόνασιν
3515 490 3828 569 ἐγκρατεῖς.

406 583 468 637 in
499 583 800 654 posterum
830 578 1005 635 etiam
1063 579 1210 635 citra
1263 579 1798 651 tergiversationem
1854 575 2047 633 daturi

2190 575 2220 631 3
2252 572 2309 630 δὲ
2337 580 2433 630 τοῦ
2461 574 2653 632 Χάλεπ
2697 576 2968 653 ἀρχηγὸς,
3018 578 3108 633 καὶ
3159 576 3435 657 ἐκδρομὰς
3493 583 3831 658 ποιούμενος

406 673 623 739 essent,
656 668 1032 741 pollicentes:
1066 667 1334 740 quamvis
1355 667 1906 724 multisillustribus
1938 667 2047 721 du-

2184 671 2428 740 τυνεχεῖς,
2479 664 2645 736 αὐτήν
2672 687 2731 720 τε
2774 668 2874 736 τήν
2922 668 3283 745 Ἀντιόχειαν,
3335 671 3427 725 καὶ
3489 670 3588 728 ὅσα
3649 677 3825 750 πρόσ-

408 761 574 816 cibus
605 758 678 814 ab
709 757 981 813 ulteriore
1017 774 1330 830 progressu
1365 763 1642 830 tanquam
1702 755 1897 812 inutili
1947 757 2048 810 de-

2185 774 2282 807 ιικα
2329 752 2451 825 ἔθνη
2509 758 2577 829 τῇ
2633 754 2820 830 Σύρων
2867 760 2962 832 γῇ,
3024 758 3114 812 καὶ
3165 764 3284 822 τοῖς
3335 761 3633 834 Ῥωμαίοις
3678 765 3826 836 ὑπη-

406 848 782 918 terrentibus,
817 863 1135 919 pacemque
1179 848 1589 911 suadentibus,
1620 851 1818 902 tamen
1847 845 2047 916 coeptis

2185 862 2278 911 :oa,
2309 841 2579 913 ἐληίζετο.
2638 846 2704 922 ᾬ
2753 845 3316 922 ἀντιπαραταξάμενος
3373 851 3402 904 6
3452 857 3555 920 τῆς
3602 853 3826 909 Ἀντιο-

406 954 522 994 non
553 936 795 1005 destitit,
817 940 1115 1008 Agarenos
1165 934 1335 992 facile
1385 953 1448 992 se
1503 937 1797 992 victurum
1845 934 2047 1007 opina-

2181 931 2311 1007 [εἴας
2355 929 2500 1004 δοὺξ,
2573 928 2650 989 ἔτι
2718 935 3001 1011 περιόντος
3055 942 3152 992 τοῦ
3209 939 3614 1018 αὐτοκράτορος
3664 949 3822 1000 Κων-

405 1033 525 1092 tus,
555 1027 700 1082 23]
737 1029 792 1080 et
821 1041 881 1080 re
913 1025 1056 1081 bene
1082 1030 1248 1098 gesta
1307 1042 1590 1098 magnum
1649 1031 1705 1081 et
1754 1040 2046 1080 memora-

2181 1021 2457 1094 παντίνου,
2509 1023 2754 1099 αἰσχρῶς
2800 1026 3036 1098 ἡττήθη,
3097 1027 3188 1081 καὶ
3237 1027 3364 1091 τοὺς
3431 1028 3660 1094 πλείους
3706 1037 3822 1088 τῶν

405 1116 521 1173 bile
551 1131 764 1170 nomen
813 1118 1289 1170 consecuturum.
1350 1119 1704 1188 Progressus
1745 1114 1926 1188 igitur
1987 1112 2046 1166 in

2182 1110 2247 1165 ’ὺν
2281 1112 2432 1185 αὐτῷ
2460 1107 2882 1184 ἀλοϐεϐληκὼς,
2920 1114 3085 1187 μόλις
3130 1113 3374 1188 ἠδυνήθη
3425 1125 3608 1197 φυγεῖν
3670 1121 3823 1177 ἐκεῖ·

403 1205 628 1276 Syriam
667 1203 884 1260 vallum
946 1205 1294 1260 communit.
1338 1206 1446 1260 Sed
1485 1205 1722 1272 Arabes,
1781 1201 2044 1258 homines

2175 1221 2268 1263 νος.
2339 1205 2537 1256 Τοῦτον
2593 1202 2620 1256 ὁ
2679 1203 2955 1276 Ῥωμανὸς
3027 1204 3366 1280 ἀφελόμενος
3448 1209 3548 1276 τήν
3609 1211 3816 1286 ἀρχὴν,

404 1295 655 1350 audaces
677 1301 853 1365 atque
883 1293 1131 1364 expediti
1164 1294 1224 1348 in
1252 1293 1537 1349 celeribus
1579 1293 1768 1365 equis,
1795 1296 1850 1347 et
1881 1291 2044 1357 nudi,

2178 1290 2573 1365 τροεχειρίσατο
2628 1286 2808 1364 ἕτερον
2839 1311 2852 1324 ·
2913 1291 3198 1367 ἐξώρμησε
3257 1293 3316 1350 δὲ
3371 1297 3662 1368 κάκεῖνος,
3722 1302 3819 1356 καὶ

403 1384 476 1437 ab
507 1388 754 1454 utraque
785 1381 917 1437 valli
951 1386 1116 1454 parte
1175 1382 1477 1438 collocatis
1528 1382 1781 1450 insidiis,
1836 1380 1886 1436 si
1945 1379 2044 1450 qui

2169 1377 2368 1434 ἐπιόντι
2417 1379 2672 1452 προσίασι
2729 1375 2981 1454 πρέσϐεις
3039 1402 3170 1454 μετα
3202 1381 3395 1460 δώρων
3455 1386 3810 1459 πολυτελῶν,

401 1471 746 1544 pabulatum
779 1476 882 1526 aut
913 1476 1189 1543 aquatum
1219 1472 1472 1538 exibant,
1507 1488 1606 1526 eos
1640 1471 1861 1542 impetu
1894 1469 2042 1524 iacto

2180 1468 2287 1539 πρὸς
2340 1471 2437 1521 τοῦ
2497 1466 2808 1524 Χαλεπίτου
2883 1468 3227 1543 ἐσταλμένοι,
3303 1474 3618 1548 αἰτούμενοι
3679 1500 3821 1555 συγ-

401 1561 700 1616 cadebant
730 1564 831 1616 aut
851 1561 1179 1632 capiebant,
1215 1578 1330 1632 qua
1363 1577 1420 1615 re
1453 1561 1648 1626 fiebat,
1680 1564 1743 1614 ut
1772 1563 1828 1614 et
1885 1557 2042 1612 mili-

2175 1557 2379 1627 Γνώμης
2432 1561 2639 1630 τυχεῖν,
2690 1557 2779 1612 καὶ
2825 1559 2926 1626 τήν
2974 1556 3222 1615 δουλείαν
3257 1562 3682 1635 ἀνανεώσασθαι,
3717 1581 3816 1634 καὶ

402 1654 492 1706 tes
521 1653 578 1705 et
601 1649 736 1722 equi
776 1666 892 1721 prae
950 1649 1046 1705 siti
1102 1649 1431 1704 deficerent.
1499 1648 1716 1703 Deinde
1757 1646 2043 1702 incursio-

2176 1642 2446 1699 ιποδοῦναι
2495 1646 2591 1707 τὰς
2645 1644 2920 1722 εἰσφορᾶς,
2973 1646 3130 1724 αἵπερ
3184 1646 3380 1726 ἔτυχον
3418 1654 3817 1726 ὑστερήσασαι,

404 1738 580 1794 nibus
603 1737 720 1792 illis
754 1737 942 1808 magis
972 1737 1307 1804 assuefacti,
1355 1741 1412 1792 et
1457 1737 1750 1792 Romanos
1801 1734 2043 1808 ignaviae

2175 1734 2239 1788 ιαὶ
2293 1734 2490 1797 ταότας
2537 1732 2767 1802 ἐτησίως
2841 1734 3107 1812 εἷ’σφέρειν
3185 1740 3303 1811 μετ’
3379 1740 3816 1816 εὐγνωμοσύνης

405 1828 776 1894 damuantes,
809 1825 1000 1882 subito
1033 1842 1102 1882 ex
1132 1825 1432 1882 montibus
1463 1826 1790 1894 decurrere,
1822 1829 1879 1879 et
1925 1822 2043 1878 ela-

2179 1819 2229 1886 ΐς
2255 1821 2318 1876 τὸ
2349 1820 2521 1879 ἐπιόν.
2552 1823 2612 1878 Ὁ
2670 1820 2771 1908 δὲ,
2802 1824 2982 1878 καίτοι
3035 1823 3267 1882 πολλῶν
3311 1829 3399 1884 καὶ
3451 1834 3820 1908 στρατηγίαις

406 1932 568 1972 more
597 1915 898 1971 barbarico
930 1915 1190 1981 sublato,
1221 1913 1478 1986 speciem
1502 1912 1902 1968 multitudinis
1954 1912 2042 1967 in-

2190 1875 2308 1886 1,,
2360 1875 2363 1876 ,
2578 1875 2601 1878 _
3043 1875 3260 1882 ---..--...
3313 1875 3399 1884 η-.
3454 1875 3509 1886 -.
3552 1875 3637 1887 ..η
3703 1875 3812 1897 ...η

2171 1915 2424 1990 ιπιφανῶν
2497 1906 2912 1987 ἀποτρεπόντων
2994 1913 3141 1987 αὐτῷ
3196 1917 3296 1986 τήν
3356 1917 3436 1980 είς
3489 1875 3556 1974 τςά
3610 1875 3812 1996 ⁸τίόόοίπυ

403 2012 687 2077 gerentes,
718 2005 871 2076 quod
905 2021 1020 2060 non
1065 2004 1310 2059 densata
1365 2003 1507 2070 acie,
1560 2003 1662 2058 sed
1712 2001 1905 2057 laxata
1943 2017 2043 2056 ex-

2173 2000 2322 2075 ρορὰν
2369 1999 2445 2063 ὡς
2500 1998 2838 2077 ἀσύμφορον,
2894 1999 2985 2056 καὶ
3030 2001 3349 2069 σπείσασθαι
3392 2002 3814 2080 συμϐουλευόν-

401 2098 723 2160 currerent,
766 2093 1028 2165 citraque
1072 2093 1338 2148 ordinem
1390 2091 1611 2147 vallum
1672 2091 2037 2159 invaderent,

2172 2092 2275 2156 ῶν,
2307 2087 2405 2142 οὐκ
2435 2085 2712 2164 ἀνείργετο
2755 2095 2855 2159 τῆς
2905 2090 3105 2165 ὁρμῆς,
3166 2090 3315 2148 ἀλλὰ
3359 2095 3487 2172 ῥᾷον
3535 2106 3813 2172 κρατῆσαι

399 2197 636 2238 omnem
662 2182 979 2238 exercitum
1028 2181 1297 2237 territum
1365 2180 1423 2234 in
1465 2179 1660 2251 fugam
1717 2182 2035 2246 verterunt,

2167 2173 2250 2231 ῖῶν
2304 2177 2626 2252 ’Δγαρηνῶν
2676 2177 3020 2248 ἐωαντάζετο,
3071 2180 3162 2235 καὶ
3204 2187 3368 2238 τοῦτο
3415 2187 3808 2260 κατωρθωκὼς

395 2275 569 2344 atque
591 2271 718 2343 ipse
753 2272 1069 2343 imperator
1097 2273 1306 2341 captus
1342 2272 1520 2336 esset,
1565 2286 1598 2324 ο,
1645 2267 1882 2324 turbata
1936 2284 2036 2323 eu-

2171 2263 2288 2340 ιέγα
2343 2285 2393 2318 τι
2448 2264 2536 2319 καὶ
2583 2265 2882 2342 ὑπέρογκον
2928 2264 3069 2340 ᾤετο
3128 2270 3302 2343 ἑαυτῷ
3338 2277 3812 2348 περιποιήσασθαι

387 2360 584 2417 stodia
611 2361 1006 2416 incustoditus
1037 2358 1298 2429 relictus,
1352 2358 1468 2414 nisi
1489 2358 1731 2430 quidam
1780 2371 1914 2412 eum
1973 2355 2028 2410 in

2168 2351 2556 2430 τεμνολόγημα.
2590 2355 2857 2438 ,Ἄπεισιν
2902 2354 2993 2410 οὖν
3046 2356 3097 2412 ἐν
3157 2359 3327 2434 Συρίᾳ
3381 2363 3468 2417 καὶ
3537 2363 3809 2438 βάλλεται

387 2466 607 2521 equum
639 2449 936 2504 sublatum
972 2449 1042 2504 ad
1079 2449 1277 2518 fugam
1316 2446 1659 2503 cohortatus
1689 2449 1847 2500 esset
1877 2449 2028 2500 metu

2165 2443 2378 2518 ίάρακα,
2434 2437 2662 2519 ’Ἄραϐες
2720 2441 2777 2499 δὲ
2827 2445 3145 2501 αὖτόσκευοί
3200 2469 3345 2512 τινες
3377 2437 3656 2526 ἅνθρωποι
3710 2459 3806 2511 καὶ

387 2555 535 2613 pene
566 2539 987 2594 exanimatum.
1023 2537 1270 2593 Romani
1302 2536 1485 2608 igitur
1513 2535 1677 2591 nullo
1723 2535 1928 2590 ordine
1949 2538 2028 2589 te-

2175 2529 2438 2604 ολμητίαι
2486 2529 2712 2602 κέλητες
2767 2531 3062 2608 ἐφ’ἳππων
3095 2535 3394 2593 ὠκυπόδων
3429 2540 3631 2615 γυμνοὶ
3669 2543 3809 2598 ἑκα-

383 2641 661 2698 mereque
708 2625 1014 2698 fugiebant
1059 2643 1072 2681 :
1133 2625 1373 2680 Barbari
1449 2641 1583 2680 vero
1635 2623 2024 2694 inexspectata

2163 2620 2369 2708 τέρωθεν
2403 2618 2616 2696 ἐλόχων
2647 2625 2744 2708 τοῦ
2774 2621 3040 2697 χάρακος,
3089 2625 3178 2679 καὶ
3222 2626 3351 2689 τοὺς
3383 2627 3459 2692 εἷς
3509 2628 3804 2708 συλλογὴν

383 2716 522 2787 fuga
543 2714 878 2785 stupefacti,
911 2713 1202 2784 fugientes
1235 2729 1350 2767 non
1383 2717 1523 2768 sunt
1565 2711 1880 2782 persecuti,
1929 2712 2024 2766 sed

2164 2704 2393 2772 ιπιόντας
2443 2708 2610 2784 χιλοῦ
2659 2707 2852 2774 ὕδατός
2893 2732 2954 2767 τε
3025 2710 3239 2786 ἀρδείαν
3286 2713 3598 2794 ἐκθορόντες

385 2802 605 2860 vallum
636 2801 911 2874 ingressi,
953 2801 1157 2873 paucis
1187 2800 1522 2856 illustribus
1562 2800 1774 2871 captis,
1835 2799 2026 2872 direp-

2164 2798 2331 2866 ιουνῆ
2382 2798 2472 2851 καὶ
2523 2799 2885 2874 συνήρπαζον,
2933 2801 3006 2862 ὡς
3051 2801 3179 2864 τούς
3227 2823 3286 2858 τε
3319 2807 3653 2880 στρατιώτας
3707 2809 3805 2865 καὶ

388 2897 564 2964 teque
593 2891 969 2962 imperatorio
1001 2890 1401 2958 tabernaculo,
1435 2889 1728 2946 variarum
1763 2905 1940 2960 opum
1976 2893 2029 2944 et

2164 2884 2434 2955 τὴν’ίππον
2484 2885 2660 2941 αὐτῶν
2711 2887 3064 2962 ἀπειρῑικένηι
3103 2895 3185 2963 τῷ
3231 2888 3396 2966 δίψει.
3448 2897 3583 2950 Εἶτα
3631 2917 3805 2968 συνη-

391 2981 561 3055 regite
609 2979 1057 3052 magnificentiae
1108 2979 1299 3052 plena,
1375 2979 1720 3050 caaterisque
1783 2978 2030 3049 impedi-

2164 2977 2382 3050 ιέστεροι
2470 2977 2746 3053 γεγονότες
2836 2983 2958 3044 ταῖς
3048 2977 3348 3059 ἐκδφομαῖς
3442 2985 3580 3059 πρὸς
3665 2987 3805 3050 τοὺς

392 3069 608 3127 mentis
635 3069 692 3124 in
724 3085 905 3141 equos
936 3086 1074 3124 suos
1105 3067 1399 3140 impositis
1429 3070 1816 3123 recesserunt.

2159 3063 2442 3137 Ρωμαίους
2485 3065 2537 3119 οἱ
2586 3060 2848 3140 νΑραϐες,
2894 3067 2983 3122 καὶ
3037 3069 3150 3123 οἷον
3207 3071 3558 3147 καταγνόντες
3585 3072 3800 3131 δειλίαν

386 3159 588 3225 αὐτῶν,
622 3156 817 3233 ἀθρόον
851 3156 955 3211 ἀπὸ
984 3161 1090 3210 τῶν
1127 3157 1414 3228 μετεώρων
1450 3153 1846 3229 ἐξωρμηκότες,
1879 3153 1967 3208 καὶ
1999 3147 2350 3230 βαρϐαρικὸν,
2385 3152 2771 3226 ἀλαλάξαντες,
2801 3156 2891 3210 καὶ
2921 3155 3174 3228 πλήθους
3226 3161 3512 3235 φαντασίαν
3547 3163 3806 3240 ἀπεργα-

384 3250 611 3321 σάμενοι
638 3250 719 3318 τῷ
750 3246 825 3319 μὴ
858 3245 1224 3318 συνασπισμὸν
1257 3249 1462 3319 τηρεῖν,
1495 3241 1640 3298 ἀλλά
1670 3240 2074 3315 διεσπασμένως
2106 3241 2403 3317 ἐκτρέχειν,
2433 3243 2522 3297 καὶ
2563 3242 2766 3298 ἐπιέναι
2797 3244 3143 3308 ἀσυντάκτως
3169 3253 3250 3320 τῷ
3279 3248 3503 3325 χάρακι,
3537 3250 3808 3327 ἐκδείμα-

377 3337 560 3392 τοῦσιν
594 3337 728 3390 ἅπαν
773 3335 835 3389 τὸ
867 3334 1274 3410 στρατιωτικὸν,
1323 3332 1412 3386 καὶ
1462 3332 1536 3394 εἷς
1566 3333 1744 3410 φυγήν
1773 3332 2051 3408 τρέπουσι,
2081 3332 2168 3386 καὶ
2202 3331 2262 3386 ἂν
2293 3331 2440 3386 ἑάλω
2470 3331 2561 3386 καὶ
2594 3333 2621 3387 6
2668 3331 3015 3410 αὐτοκράτωρ
3064 3334 3251 3404 αὐτὰς,
3300 3345 3404 3408 τῆς
3449 3341 3572 3414 περὶ
3627 3341 3797 3398 αὐτὸν

378 3423 806 3501 ἐκταραχθείσης
839 3429 1094 3500 φρουρᾶς,
1123 3422 1212 3477 καὶ
1244 3419 1563 3483 λελοιπυίας
1595 3419 1938 3498 ἀφρούρητον
1967 3421 2057 3474 τὸν
2091 3418 2520 3496 φρουρούμενον,
2553 3419 2600 3475 si
2633 3422 2708 3494 μή
2742 3442 2823 3484 τις
2857 3421 3015 3477 αὐτὸν
3049 3423 3137 3478 ἐπὶ
3183 3423 3274 3479 τὸν
3311 3426 3482 3482 ἰππον
3537 3427 3798 3502 ἀνέλαϐε,

376 3515 466 3573 καὶ
499 3515 713 3593 φεύγειν
747 3512 1049 3591 ἐπέρρωσεν
1082 3510 1480 3568 ἐκπεπνευκότα
1506 3514 1585 3582 τῷ
1618 3507 1722 3565 δέει
1755 3513 1970 3586 μικροῦ.
2005 3510 2274 3584 ’Δπῂεσαν
2313 3510 2408 3582 μὲν
2437 3507 2526 3564 οῦν
2562 3510 2613 3564 oi
2639 3515 2900 3582 Ῥωμαῖοι
2930 3511 3194 3586 ἀτάκτως,
3223 3514 3297 3576 ὡς
3344 3512 3572 3580 ἕκαστος
3632 3515 3805 3597 ἔτυχε

377 3609 605 3667 θέοντες.
639 3606 701 3659 Οἱ
733 3602 790 3658 δὲ
821 3598 1092 3679 Βάρϐαροι
1121 3603 1183 3658 τὸ
1213 3599 1530 3677 παράλογον
1561 3607 1662 3670 τῆς
1689 3603 1897 3676 τροπῆς
1926 3597 2246 3671 τεθηπότες,
2276 3599 2412 3654 κατά
2438 3604 2545 3654 τῶν
2579 3597 3088 3675 ἀποδιδρασκόντων
3136 3604 3238 3659 οὐκ
3285 3603 3580 3677 ἐπεξέθεον,
3642 3606 3801 3666 ἀλλὰ

376 3695 512 3751 κατὰ
540 3697 638 3748 τοῦ
663 3693 906 3768 χάρακος
934 3688 1105 3762 ἔθεον,
1137 3688 1357 3767 ὀλίγους
1382 3692 1488 3744 τῶν
1522 3688 1948 3767 ἐπιφανεστέρων
1982 3689 2378 3764 ζωγρήσαντες,
2409 3688 2500 3744 καὶ
2546 3690 2645 3760 τήν
2673 3709 2730 3744 τε
2759 3691 2956 3760 σκηνὴν
2989 3688 3318 3768 διηρπάκασι
3350 3695 3451 3764 τὴν
3489 3695 3792 3770 βασίλειον,

384 3783 581 3858 μεστὴν
615 3783 775 3837 οὖσαν
805 3780 1050 3837 πλούτου
1080 3777 1427 3836 παντοδαποῦ
1456 3779 1546 3834 καὶ
1575 3775 1935 3843 πολυτελείας
1965 3775 2278 3855 βασιλικῆς,
2309 3777 2398 3833 καὶ
2427 3779 2528 3849 τήν
2559 3776 2737 3850 ἄλλην
2770 3776 3074 3849 ἀποσκευὴν
3106 3779 3186 3859 ἐφ’
3213 3781 3436 3846 ἑαυτοὺς
3467 3783 3796 3859 ἀναθέμενοι

380 3871 748 3943 ἐπανέζευξαν.

450 3965 572 4019 ΧΙΙ.
604 3965 926 4035 Imperator
944 3976 1078 4018 vero
1109 3961 1304 4018 studio
1336 3959 1592 4016 militum
1617 3973 1860 4014 suorum
1902 3960 2018 4014 An-
2049 3960 2091 4027 C

2200 3958 2300 4013 IB'.
2350 3956 2406 4011 Ὀ
2455 3953 2513 4012 δὶ
2565 3954 2817 4033 βασιλεὺς
2891 3957 2968 4021 είς
3042 3960 3378 4036 Ἀντιόχειαν
3455 3959 3789 4022 διασέσωστο

376 4052 658 4110 tioehiam
681 4051 1020 4118 perductus,
1055 4055 1231 4122 atque
1261 4050 1397 4106 inde
1421 4065 1664 4122 propere
1681 4048 2017 4120 Byzantium

2154 4042 2341 4119 ιπουδῇ
2381 4050 2489 4101 τῶν
2540 4045 2664 4119 περὶ
2715 4045 2897 4116 αὐτὸν,
2946 4048 3190 4112 κάκεῖθεν
3227 4049 3314 4105 ἐπὶ
3342 4051 3442 4120 τήν
3498 4053 3795 4109 Κωνσταν-

375 4157 703 4215 regressus,
735 4156 850 4195 non
873 4139 1144 4194 eumdem
1197 4139 1376 4194 animi
1402 4138 1670 4193 habitum
1712 4153 2016 4192 conserva-

2147 4133 2444 4191 τινούπολιν
2477 4132 2793 4211 ἀνέδραμεν,
2824 4134 3002 4192 οὐκέτι
3034 4139 3134 4207 τὴν
3166 4137 3399 4214 πρόσθεν
3447 4147 3549 4211 τῆς
3597 4145 3788 4218 ψυχῆς

375 4232 476 4301 vit,
511 4231 612 4287 sed
647 4234 912 4285 mutatus
945 4229 1002 4284 in
1037 4228 1315 4295 deterius,
1353 4232 1414 4284 ut
1446 4226 1669 4284 amissa
1727 4231 2016 4298 pensaret,

2156 4228 2391 4279 ῖεικνυων
2453 4220 2705 4292 διάθεσιν,
2762 4221 2890 4279 ἀλλ’
2943 4222 3238 4289 ἀλλιωθεὶς
3292 4229 3390 4296 τὴν
3444 4229 3533 4284 ἐπὶ
3571 4231 3634 4286 τὸ
3669 4237 3797 4308 χεῖ·-

373 4337 479 4394 pro
544 4319 899 4392 imperatore
966 4319 1156 4374 factus
1219 4322 1311 4375 est
1375 4322 1608 4373 exactor
1663 4320 1719 4371 et
1780 4315 2014 4371 acerbus

2155 4335 2224 4368 μον
2255 4310 2574 4368 ἀλλοίωσιν.
2609 4313 2722 4369 Ἳνα
2769 4313 2867 4388 γὰρ
2915 4318 3022 4368 τῶν
3065 4313 3445 4372 ἀπολωλότων
3505 4318 3796 4376 ΐσοστάσια

375 4413 618 4484 quaator,
645 4407 911 4465 obsoleta
933 4413 1170 4475 patrum
1204 4407 1402 4463 debita
1432 4423 1466 4462 a
1513 4404 1714 4461 liberis
1763 4404 2016 4477 exigens,

2150 4404 2418 4473 ιτήσηται,
2451 4399 2706 4476 πράκτωρ
2741 4402 2857 4455 ἀντὶ
2887 4406 3217 4477 κρατοῦντος
3258 4403 3471 4479 ἐγένετο
3504 4409 3633 4481 (3.),
3693 4408 3791 4464 καὶ

373 4500 532 4573 rogis
565 4503 768 4555 contra
803 4498 1077 4553 subditos
1101 4495 1494 4562 redaccensis,
1539 4511 1685 4566 quos
1743 4494 2014 4564 temporis

2156 4493 2325 4567 πικρὸς
2354 4489 2634 4566 λογιστὴς,
2688 4487 2883 4552 παῖδας
2936 4493 3180 4567 πατέρων
3241 4495 3590 4570 γεγηρακότα
3647 4500 3797 4573 χρέα

373 4589 734 4645 diuturnitas
765 4587 853 4643 vel
878 4587 1252 4656 exstinxerat,
1288 4583 1374 4640 vel
1408 4584 1703 4639 cineribus
1747 4581 2014 4638 obruerat

2154 4580 2526 4657 πραττόμενος,
2559 4579 2648 4633 καὶ
2701 4580 2968 4655 πυρκαϊὰς
2999 4579 3247 4636 ἀνάπτων
3297 4584 3435 4638 κατὰ
3487 4589 3588 4639 τῶν
3644 4587 3795 4658 ὑπη-

372 4679 515 4735 Inde
547 4678 719 4734 multi
756 4677 1018 4749 paternis
1050 4676 1272 4731 aedibus
1303 4679 1360 4730 et
1393 4673 1592 4728 fundis
1634 4671 2013 4744 pellebantur,

2149 4669 2294 4738 ιύων,
2327 4670 2493 4742 ἅσπερ
2542 4668 2570 4722 6
2627 4667 2833 4743 χρόνος
2883 4666 2990 4738 ἤδη
3040 4667 3215 4732 πολὺς
3263 4667 3593 4744 πρεσϐεύσας
3626 4676 3790 4730 κατέ-

376 4772 433 4825 et
465 4768 735 4839 pristinis
767 4768 978 4839 opibus
1009 4764 1242 4838 spoliati
1274 4765 1346 4819 ad
1381 4763 1673 4834 insignem
1701 4766 2017 4833 egestatem

2149 4754 2332 4827 τϐεσεν,
2377 4758 2411 4826 ἢ
2470 4757 2604 4819 τέως
2663 4757 2973 4832 κατέχωσιν
3038 4759 3142 4813 ὑπὸ
3201 4757 3434 4831 σποδιᾷ.
3515 4763 3790 4827 Ἐντεῦθεν

375 4857 782 4926 adigebantur.
817 4857 953 4919 Quae
1000 4871 1182 4927 quum
1231 4855 1458 4918 ﬁerent,
1505 4851 1648 4907 nihil
1709 4852 1767 4906 in
1811 4852 2016 4906 ﬁscum

2149 4845 2335 4903 τολλοὶ
2364 4850 2471 4900 τῶν
2499 4847 2764 4919 πατρῴων
2799 4846 2986 4901 οἰκιῶν
3017 4846 3107 4902 καὶ
3152 4847 3332 4921 ἀγρῶν
3383 4848 3790 4922 ἀπηλαύνοντο,

373 4943 680 5012 inferebat,
714 4946 812 5000 sed
841 4944 1195 5001 monasterio
1229 4942 1539 5013 magnifico
1571 4946 1627 4998 et
1657 4942 1777 4997 aede
1799 4941 1857 4996 in
1891 4957 2014 4996 ma-

2150 4936 2219 4992 ιαὶ
2275 4937 2372 5004 τὴν
2419 4935 2544 5011 πρὶν
2598 4933 2889 5009 εὐκληρίαν
2943 4933 3413 5011 ἐκδιδυσκόμενοι,
3475 4938 3551 5001 εἰς
3604 4941 3791 4996 πενίαν

370 5035 478 5091 tris
512 5033 611 5090 Dei
643 5033 924 5090 honorem
949 5038 1269 5102 exstructa,
1300 5049 1416 5089 non
1443 5048 1571 5088 eam
1614 5031 1785 5087 modo
1843 5045 2011 5102 pecu-

2163 5025 2386 5101 apmpdv
2439 5022 2863 5095 συνηλαύνοντο.
2915 5027 3039 5083 Τῶν
3089 5023 3136 5082 δ’
3185 5025 3362 5090 οὕτως
3407 5028 3804 5104 εἰσπραττομέ-

369 5124 551 5192 niam,
582 5138 785 5178 verum
815 5126 872 5178 et
901 5139 931 5178 e
963 5123 1094 5179 ﬁsto
1145 5124 1555 5195 depromptum
1615 5119 2010 5189 consumebat,

2156 5137 2235 5171 κων
2282 5112 2434 5171 οὐδὲν
2495 5113 2570 5176 εἲς
2633 5115 2698 5169 τὸ
2751 5111 3018 5189 δημόσιον
3081 5114 3408 5194 εῗσεφέρετο,
3462 5116 3605 5174 ἀλλὰ
3657 5140 3797 5194 σεμ-

368 5213 532 5283 dum,
566 5215 633 5270 ut
662 5210 762 5269 ille
792 5212 898 5269 ait.

2163 5209 2272 5261 εῖον
2304 5199 2690 5277 οἰκοδομῆσαι,
2722 5203 2811 5259 καὶ
2861 5202 2988 5259 ναὸν
3040 5207 3109 5278 τῇ
3159 5207 3470 5281 Θεομήτορι
3516 5207 3797 5285 προθέμε-

1649 5334 1856 5401 Variae
1890 5335 2188 5398 lectiones
2218 5339 2281 5396 et
2309 5337 2500 5396 notae.

572 5465 838 5540 Πράκτωρ
925 5460 1041 5540 ἀντὶ
1077 5464 1453 5540 ,χρ-ατοῦντος-
1488 5459 1715 5540 ἐγένετο.
1776 5459 2018 5540 ΔΡεθὶίυε
2132 5457 2403 5540 Ἐντεῦθεν
2464 5456 2715 5540 γνώμαις
2772 5455 3005 5535 φαύλαις
3057 5453 3374 5540 σμνομιλῶν
3414 5459 3583 5540 ,Δικαὶ
3663 5455 3791 5540 δια-

439 5475 510 5537 (3)
575 5475 838 5540 Πράκτωρ
925 5475 1041 5516 άντι
1102 5480 1430 5590 κρατουντος
1488 5475 1715 5534 εγενετο.
1800 5475 2006 5516 t’settus

365 5537 426 5592 in
461 5536 696 5594 laudata
730 5535 989 5611 Epistola
1023 5535 1094 5590 ad
1159 5534 1606 5601 elonomacbum,
1645 5537 1702 5589 et
1757 5537 2006 5605 Argyro:

369 5607 766 5659 Ἀπαοαίττ.τόε
810 5629 868 5659 τε
922 5607 985 5659 τὸ
1047 5605 1403 5659 ὀφειλόμενον
1465 5604 1870 5659 εἷσεποάττετο.
1927 5603 2006 5657 καὶ

2148 5475 2403 5516 ωντευυεν
2464 5475 2715 5584 γνώμαις
2772 5475 3005 5535 φαυΛαις
3057 5475 3374 5531 συνομιΛων
3414 5504 3428 5530 ,
3495 5475 3583 5513 και
3663 5475 3783 5515 οια-

2142 5529 2297 5592 δοίαις
2370 5551 2460 5583 συν
2507 5531 2828 5603 ιαιτώμενος
2903 5530 3218 5599 κακοήθεσι,
3295 5525 3610 5659 μετεϐλιζθη
3678 5534 3783 5602 τήν

2142 5603 2337 5659 ὺυγῆν.
2389 5602 2479 5658 καὶ
2536 5602 2672 5659 πρὸς
2730 5603 2948 5659 πράξεις
3001 5601 3092 5656 τὸν
3149 5599 3416 5659 λογισμὸν
3477 5603 3512 5659 ἧ
3559 5601 3783 5659 λοίωσεν

369 5599 868 5685 ίΑπαρα-ίτητόςῖτε
922 5607 985 5662 τὸ
1047 5605 1403 5685 ὀφειλόμενον
1465 5599 2015 5685 εἰσεπράττετοίκαὶ
2128 5603 2358 5685 ψυχὴν,⁹
2389 5602 2479 5658 καὶ
2536 5599 2679 5680 πρὸς
2730 5603 2948 5679 πράξεις
3001 5601 3092 5656 τὸν
3149 5599 3416 5677 λογισμὸν
3477 5599 3788 5674 ἠλλοίωσεν

368 5679 422 5737 ἐν
451 5671 708 5746 δαπάναις
737 5671 800 5736 τὸ
858 5671 1308 5755 χρεωστόύμενον
1363 5671 1752 5734 κατεϐάλλετο.
1811 5671 2014 5736 Infra:
2128 5671 2418 5737 οὐ’καλάς.
