4036 6206
271 349 385 408 181

1566 344 1977 406 ANNALIUM
2025 346 2172 406 LIB.
2220 349 2409 410 XVII.

3572 361 3691 421 £82

268 477 409 553 πρὸς
461 481 562 545 τῆς
625 472 950 550 βασιλίσσης
981 473 1191 546 ἠρώτα·
1227 476 1255 528 6
1309 471 1367 528 δὲ
1416 471 1774 550 ἀπηγόρευσε,
1835 474 1920 528 καὶ

2041 477 2286 536 redibat.
2342 481 2521 554 quue
2580 484 2796 556 saepius
2859 484 2912 541 ei
2970 485 3146 543 etiam
3200 487 3552 560 imperatore
3597 491 3684 544 vi—

265 564 625 636 ἀνηνάμενος,
658 562 865 624 πίστεις
911 566 1007 616 τοῦ
1055 561 1228 638 λόγου
1274 563 1364 616 καὶ
1424 561 1616 636 ὅρκους
1667 563 1922 635 ἀπῄτῄθη

261 656 384 717 καθ’
415 654 603 727 ἱερῶν.
631 653 780 708 Ἐπεὶ
846 650 893 706 δ’
941 650 1144 713 ἐκεῖνος
1195 651 1524 727 έπιορκήσας
1559 650 1686 712 τοὺς
1735 652 1928 724 ὅρκους

260 742 500 814 ἐτέλεσε,
559 736 826 810 διαϐολὴν
876 740 1004 803 τοὺς
1067 745 1173 795 τῶν
1232 741 1415 796 ἅλλῶν
1474 738 1649 816 ἥγητο
1701 739 1924 815 λόγους.

265 834 495 908 ⁸λέγεται
551 830 734 904 μέντοι
781 829 870 885 διὰ
909 833 1008 900 τῆν
1059 830 1335 906 ἐπιορκίαν
1386 825 1595 902 νὸσημέ
1641 850 1692 884 τι
1754 827 1924 883 δεινὸν

261 922 534 994 ἐνσκῆψαι
585 925 663 992 τῷ
696 918 954 996 Μιχαῄλ,
985 920 1066 977 Τὸ
1097 917 1142 974 δ’
1173 923 1237 988 ἦν
1285 921 1420 974 κατά
1462 940 1610 982 τινας
1638 916 1924 991 περιόδους

260 1010 413 1083 αύτῷ
446 1011 742 1084 παρακοπὴ
799 1013 897 1064 τοῦ
953 1011 1102 1079 ναὸς,
1159 1013 1268 1064 τῶν
1330 1010 1630 1087 ὀφθαλμῶν
1690 1029 1748 1062 τε
1805 1005 1926 1063 δια-

256 1101 498 1176 στροφὴ,
547 1099 636 1153 καὶ
700 1097 898 1160 κλόνος
947 1103 1044 1154 τοῦ
1102 1099 1377 1172 σώματος,
1435 1099 1525 1153 καὶ
1581 1099 1924 1160 κατάπτωσις

252 1188 344 1244 ἐπῖ
379 1196 504 1265 γῆς,
559 1187 652 1243 εἶτ’
705 1186 927 1261 ἐπανῄει
979 1188 1057 1250 εἰς
1089 1187 1300 1256 ἑαυτὸν,
1350 1187 1440 1243 καὶ
1497 1185 1921 1252 ἀποκαθίστατο.

251 1280 437 1335 Τοῦτο
485 1275 762 1340 πολλάκις
806 1277 898 1332 καὶ
945 1281 1043 1332 τοῦ
1103 1273 1372 1351 βασιλέως
1421 1275 1650 1332 ἐνώπιον
1711 1273 1920 1332 ἔπαθεν·

256 1369 284 1423 6
317 1365 400 1436 δὶ,
432 1371 531 1422 τοῦ
587 1365 794 1430 πάθους
827 1365 1174 1440 οἶκτειρήσας
1204 1366 1295 1421 τὸν
1347 1365 1605 1442 Μιχαὴλ,
1665 1363 1743 1421 ἔτι
1777 1364 1923 1440 μᾶλ-

256 1455 357 1512 λον
418 1453 593 1530 ψευδῆ
650 1452 788 1528 ᾤετο
847 1455 912 1510 τὰ
973 1454 1268 1531 λεγόμενα,
1327 1453 1414 1509 καί
1479 1456 1593 1528 μετ’
1637 1453 1758 1531 ἐρᾷν
1795 1445 1924 1527 μήτ’

255 1549 482 1623 ἐρᾶσθαι
529 1549 725 1601 τοῦτον
775 1544 951 1609 οὕτως
1007 1539 1205 1620 ἔχοντα
1253 1542 1413 1616 ᾤετο.
1469 1544 1590 1600 Εἰσὶ
1643 1541 1689 1598 δ’
1743 1541 1796 1598 οτί
1826 1541 1920 1597 λέ-

253 1659 415 1712 γουσι
475 1633 605 1710 μηδ’
649 1635 916 1710 ἀγνοησαι
961 1635 1052 1688 τὸν
1111 1632 1338 1710 βασιλέα
1387 1634 1476 1687 τὸν
1507 1629 1702 1710 ἔρωτα,
1739 1630 1920 1687 εἷ’δότα

251 1724 298 1781 δ’
355 1728 440 1780 ὅτι
511 1728 708 1803 σφριγᾷ
759 1727 794 1794 ἡ
860 1722 1166 1800 βασίλισσα,
1217 1723 1307 1778 καὶ
1367 1723 1587 1796 περὶτὰ
1633 1719 1918 1800 ἀφροδίσια

256 1819 495 1889 μέμηνε,
553 1821 653 1884 τῆς
703 1814 840 1888 πρὸς
888 1814 978 1868 τὸν
1040 1812 1275 1888 Μιχαὴλ
1330 1813 1497 1882 αὑτῆς
1545 1811 1718 1888 ῥοπῆς
1769 1809 1916 1881 ἠνεί-
1948 1854 1994 1918 Β

253 1928 410 1983 χετο,
462 1905 892 1981 ὑποκρινόμενος
951 1902 1190 1981 ἄγνοιαν,
1243 1902 1333 1958 ⁹ίνα
1395 1905 1468 1977 μὴ
1515 1902 1760 1958 πλείοσιν
1794 1902 1916 1974 ὁμί-

268 1995 422 2066 λοίη.
457 1993 682 2052 Τούτων
739 1991 785 2049 δ’
815 1992 986 2055 οὓτως
1023 1993 1285 2069 ἐχόντων,
1319 1994 1347 2047 6
1404 1992 1751 2068 αὐτοκράτωρ
1800 1990 1916 2045 ἐνό-

265 2105 418 2154 σησε,
453 2085 542 2138 καὶ
578 2085 630 2138 οἱ
689 2080 948 2156 διῳδήκει
1003 2084 1065 2137 τὸ
1119 2083 1436 2158 πρόσωπον,
1479 2081 1567 2136 καὶ
1624 2081 1688 2136 τὸ
1742 2080 1919 2152 ἆσθμα

266 2173 332 2241 ἦν
363 2173 612 2248 συνεχὲς,
645 2171 736 2226 καὶ
767 2173 802 2242 ἡ
845 2168 970 2246 ὄψις
1016 2171 1163 2244 αύτῷ
1217 2170 1369 2244 ἐῴκει
1427 2174 1624 2244 νεκρῷ,
1675 2168 1764 2224 καὶ
1820 2174 1920 2237 τῆς

267 2259 515 2340 κεφαλῆς
573 2259 736 2315 αύτοῦ
790 2261 852 2315 τὸ
903 2258 1068 2315 πλέον
1128 2257 1403 2334 ἐψίλωτο·
1475 2261 1530 2314 αἱ
1582 2260 1683 2334 γὰρ
1728 2258 1919 2334 τρίχες

262 2352 314 2404 αἱ
351 2357 455 2419 τῆς
487 2347 856 2425 ἀπερῥύησαν.
889 2351 1119 2424 Λέγεται
1169 2353 1300 2424 γοῦν
1351 2349 1658 2422 φαρμάκοις
1705 2367 1922 2422 περιερ-

268 2441 532 2514 γασθῆναι
595 2440 622 2493 6
681 2435 995 2513 ἄνθρωπος.
1051 2439 1209 2496 Οὕτω
1261 2436 1306 2492 δ’
1365 2437 1508 2514 ἔχων
1569 2437 1729 2512 ἀπῄει
1783 2437 1922 2512 πρὸς

273 2528 566 2604 βαλανεῖον
621 2529 727 2581 τῶν
789 2526 840 2582 έν
891 2533 1007 2590 τοῖς
1069 2525 1366 2602 βασιλείοις
1411 2525 1788 2601 λουσόμενος,
1831 2525 1921 2580 καὶ

271 2617 436 2690 ἀπῄει
497 2612 620 2672 οὔτε
667 2617 1207 2693 χειραγωγούμενος,
1268 2614 1382 2672 οὔτ’
1436 2617 1631 2672 αὐτίκα
1675 2617 1924 2686 τεθνήξε-

269 2708 386 2761 σθαι
448 2703 936 2782 προσδοκώμενος.
997 2707 1085 2769 Ὡς
1163 2703 1220 2761 δὶ
1290 2705 1354 2761 τὸ
1421 2711 1580 2778 σῶμα
1639 2704 1921 2780 ἐκάθηρεν,

265 2794 446 2852 είσέδυ
494 2797 596 2864 τὴν
652 2795 763 2851 ἐκεῖ
794 2792 1210 2870 κολυμϐήθραν,
1244 2795 1366 2850 ἔνθα
1396 2793 1463 2865 δὴ
1497 2797 1557 2850 τὸ
1605 2801 1708 2850 πᾶν
1743 2791 1922 2865 ᾅδεται

270 2885 523 2961 γενέσθαι
572 2890 670 2941 τοῦ
729 2883 1022 2960 δράματος·
1078 2886 1370 2959 συμπιέσαι
1419 2886 1524 2960 γάρ
1581 2906 1731 2948 τινας
1777 2883 1924 2955 αύτῷ

270 2978 371 3045 τήν
430 2972 676 3051 κεφαλήν
734 2995 888 3054 φασιν
945 2973 1032 3029 ἐπὶ
1107 2976 1170 3030 τὸ
1227 2972 1372 3050 ὕδωρ
1425 2975 1515 3038 ἀφ’
1563 2975 1785 3044 ἱκανὸν,
1833 2971 1924 3028 καὶ

2037 569 2209 625 dente
2234 570 2553 642 accidebat,
2579 573 2679 644 qui
2711 575 2897 630 vicem
2927 575 3186 632 hominis
3220 576 3444 649 dolens,
3501 579 3692 650 magis

2035 649 2208 705 etiam
2243 652 2636 723 suspicionem
2670 654 2879 711 falsam
2903 657 3215 728 judicabat
3248 676 3260 726 ;
3300 674 3487 730 neque
3536 649 3691 715 enim

2037 739 2213 794 talem
2273 741 2356 796 vel
2415 759 2607 799 amare
2647 744 2734 800 vel
2783 747 2964 801 amari
3022 764 3192 820 posse
3219 749 3482 820 putabat.
3543 749 3695 803 Sunt

2037 829 2211 883 etiam
2245 831 2345 900 qui
2377 831 2574 887 dicant
2605 851 2862 890 amorem
2893 835 3058 890 illum
3084 853 3199 892 non
3233 836 3476 893 latuisse
3507 836 3690 908 impe-

2037 921 2331 974 ratorem:
2386 921 2484 976 sed
2521 938 2656 977 cum
2715 924 2889 980 sciret
2925 925 3229 981 mulierem
3306 925 3574 982 lascivire
3624 942 3690 982 ao

2036 1005 2294 1064 insanire
2326 1007 2589 1076 libidine,
2619 1010 3364 1086 tolerassepropensionem
3387 1015 3517 1086 ejus
3547 1031 3688 1088 ergo.

2036 1095 2402 1165 Michaelem,
2437 1099 2715 1156 simulata
2745 1101 3096 1173 ignorantia,
3131 1120 3202 1159 ne
3234 1102 3338 1159 illa
3367 1120 3502 1159 cum
3549 1103 3690 1176 plu-

2036 1185 2198 1242 ribus
2230 1204 2352 1243 rem
2377 1187 2636 1246 haberet.
2673 1191 2806 1256 Quae
2837 1208 2972 1247 cum
3007 1193 3086 1248 ita
3107 1197 3324 1264 essent,
3360 1193 3679 1267 imperator

2033 1275 2094 1330 in
2153 1278 2425 1334 morbum
2469 1279 2696 1352 incidit,
2754 1281 2960 1350 inﬂata
3013 1282 3180 1349 facie,
3264 1299 3392 1354 qum
3442 1283 3680 1356 quidem

2033 1368 2247 1422 mortui
2272 1367 2484 1424 similis
2505 1374 2650 1435 erat,
2684 1373 2740 1426 et
2769 1371 2972 1428 crebro
3003 1371 3267 1427 anhelitu
3300 1389 3450 1444 aegre
3507 1373 3682 1445 spiri-

2030 1458 2156 1510 tum
2181 1456 2466 1525 trahebat,
2500 1459 2756 1514 maxima
2777 1465 2940 1531 parte
2968 1460 3174 1532 capitis
3198 1461 3417 1530 calvus,
3451 1460 3676 1532 capillis

2031 1543 2310 1616 delapsis.
2338 1547 2499 1613 Quod
2533 1546 2753 1602 malum
2777 1548 2829 1603 ei
2851 1549 3148 1604 veneﬁciis
3174 1549 3554 1605 conciliarum
3574 1567 3680 1622 pu-

2029 1633 2283 1688 tabalur.
2319 1635 2414 1690 Sic
2462 1636 2706 1691 affectus
2762 1637 2821 1692 in
2871 1639 3166 1709 quoddam
3199 1639 3372 1712 regiae
3402 1639 3678 1695 balneum

2027 1721 2282 1778 lavatum
2312 1724 2452 1792 abit,
2487 1742 2520 1779 a
2569 1726 2805 1781 nemine
2862 1732 3251 1795 sustentatus,
3314 1745 3502 1800 neque
3560 1728 3677 1784 ullo

2029 1815 2269 1882 putante
2299 1829 2431 1868 eum
2465 1813 2664 1870 statim
2700 1817 3072 1871 moriturum.
3109 1821 3176 1872 Ut
3205 1821 3400 1872 autem
3427 1822 3673 1890 purgato

2025 1916 2264 1972 corpore
2303 1902 2364 1957 in
2397 1903 2621 1960 alveum
2671 1905 2991 1973 descendit,
3043 1905 3120 1962 ibi
3145 1911 3266 1962 tota
3297 1907 3492 1962 fabula
3547 1924 3676 1979 per-

2027 1995 2157 2046 acta
2187 2008 2314 2047 esse
2346 1992 2529 2048 fertur
2559 2010 2572 2048 :
2610 2011 2744 2050 nam
2779 1996 3068 2066 quosdam
3101 2000 3277 2068 caput
3301 1997 3430 2067 ejus
3477 1996 3578 2051 diu
3611 1997 3669 2052 in

2029 2096 2242 2151 aquam
2290 2081 2672 2156 depressisse,
2737 2088 2794 2140 et
2823 2085 2949 2154 jam
2982 2085 3098 2140 fere
3153 2085 3496 2141 examimem
3537 2086 3674 2141 inde

2028 2173 2375 2240 extractum,
2409 2175 2464 2226 et
2493 2171 2552 2227 in
2585 2171 2732 2228 lecto
2759 2173 3125 2230 reclinatum.
3160 2175 3282 2239 Qua
3345 2175 3416 2230 de
3465 2190 3526 2230 re
3577 2192 3674 2229 ru-

2031 2274 2192 2313 more
2221 2263 2366 2326 orto,
2424 2259 2600 2316 etiam
2649 2260 3009 2332 imperatrix,
3066 2261 3154 2329 ,ob
3216 2277 3420 2317 casum
3506 2261 3674 2316 illum

2030 2363 2271 2419 gemens
2302 2347 2545 2417 scilicet,
2595 2350 2842 2406 accessit
2873 2367 2885 2405 :
2949 2366 3016 2405 ac
3066 2351 3190 2420 jam
3222 2355 3383 2406 certa
3413 2351 3482 2405 de
3513 2349 3675 2406 illius

2032 2453 2170 2493 nece
2197 2437 2394 2493 statim
2427 2438 2686 2494 recessit.
2722 2438 2776 2494 Is
2805 2455 2942 2495 vero
2973 2455 3106 2494 cum
3139 2438 3438 2510 paulisper
3482 2439 3676 2495 adhuc

2032 2525 2158 2582 sine
2209 2543 2345 2582 voce
2382 2527 2692 2598 jaouisset,
2725 2529 2938 2599 rejecta
2988 2545 3088 2601 per
3134 2545 3200 2584 os
3231 2528 3398 2600 nigra
3429 2529 3684 2600 quadam

2031 2615 2294 2684 materia,
2313 2615 2586 2688 spiritum
2617 2617 2834 2672 emisit.
2874 2618 3157 2688 Regnavit
3204 2634 3390 2673 annos
3425 2618 3683 2688 quinque

2033 2720 2166 2759 cum
2200 2703 2464 2774 dimidio,
2497 2705 2570 2760 ab
2610 2706 2846 2762 ineunte
2875 2710 3040 2762 (etate
3065 2705 3124 2762 in
3156 2705 3366 2762 litteris
3398 2706 3681 2774 eraditus,

2033 2798 2090 2848 et
2119 2792 2316 2848 Graeca
2363 2794 2628 2850 doctrina
2685 2794 3015 2863 institutus,
3067 2795 3381 2868 legumque
3423 2795 3680 2850 civilium

2036 2899 2151 2938 non
2183 2883 2447 2955 ignarus.
2478 2883 2652 2940 Plura
2680 2887 2878 2940 tamen
2910 2883 3147 2941 omnino
3200 2901 3262 2942 se
3301 2885 3454 2942 scire
3499 2901 3678 2956 quam

2035 2972 2257 3028 sciebat
2277 2977 2335 3027 et
2359 2974 2602 3044 putabat
2625 2978 2681 3029 et
2705 2973 3078 3045 gloriabatur.

269 3062 445 3126 οὕτως
496 3063 695 3127 ἐκεῖθεν
730 3063 930 3118 ἄπνοῦν
963 3063 1297 3136 ἀνιμηθῆναι
1352 3060 1569 3139 σχεδὸν,
1626 3063 1716 3118 καὶ
1773 3059 2130 3130 ἀνακλιθῆναι
2161 3059 2299 3135 πρὸς
2325 3059 2424 3128 τὴν
2459 3062 2770 3136 στρωμνήν.
2814 3064 2959 3136 Θροῦ
3003 3057 3051 3115 δ’
3098 3059 3184 3116 ἐπὶ
3232 3060 3409 3134 τούτῳ
3440 3055 3681 3134 συμϐάν-

264 3172 382 3222 τος,
433 3149 686 3227 παρῆλθε
736 3151 824 3205 καὶ
857 3154 892 3220 ἡ
929 3150 1168 3227 βασιλὶς,
1226 3153 1300 3214 ὡς
1360 3149 1425 3223 δή
1458 3156 1618 3224 τιτῷ
1646 3150 1801 3206 πάθει
1831 3148 2268 3219 έπιστενάζουσα,
2298 3149 2386 3202 καὶ
2429 3147 2917 3226 πληροφορηθεῖσα
2967 3153 3063 3203 τοῦ
3115 3147 3385 3224 βασιλέως
3444 3150 3544 3218 τὴν
3592 3170 3678 3204 τε·

268 3240 496 3310 λευτήν,
531 3237 773 3310 ἀπῆλθεν
805 3239 981 3304 εύθύς.
1014 3243 1075 3299 Ὀ
1105 3238 1182 3314 δὲ,
1220 3241 1399 3317 βραχύ
1423 3263 1474 3296 τι
1507 3236 1753 3302 ἐπιϐιοὺς
1812 3236 2059 3307 ἄναυδος,
2120 3239 2232 3293 εἶτα
2267 3238 2356 3292 καὶ
2391 3235 2718 3312 μελάντερόν
2748 3259 2798 3292 τι
2827 3239 3112 3314 ἀναγαγὼν
3143 3236 3231 3292 διὰ
3257 3243 3352 3293 τοῦ
3383 3237 3676 3312 στόματος,

267 3331 446 3408 ἀφῆκε
472 3330 538 3385 τὸ
577 3335 812 3403 πνεῦμα,
862 3325 955 3401 ἔτη
1022 3328 1345 3405 βασιλεύσας
1396 3331 1551 3385 πέντε
1607 3329 1745 3406 πρὸς
1796 3334 1876 3402 τῷ
1925 3326 2134 3401 ἡμίσει.
2192 3325 2377 3403 λόγοις
2428 3328 2520 3400 μὲν
2585 3327 2857 3406 ἐντραφεὶς
2907 3330 3006 3400 (9),
3063 3327 3398 3398 Ἑλληνικῆς
3447 3348 3506 3383 τε
3553 3349 3682 3382 παι-

268 3417 411 3482 δείας
471 3420 850 3496 μετεσχηκὼς,
881 3420 1106 3476 καὶτῶν
1163 3428 1264 3491 τῆς
1311 3417 1588 3483 πολιτείας
1613 3420 1801 3493 νόμων
1835 3417 1934 3474 οὐκ
1959 3415 2153 3487 ἀδαὴς,
2184 3416 2357 3472 πλείω
2389 3415 2436 3472 δ’
2467 3415 2678 3487 εἰδέναι,
2711 3419 2783 3473 ὧν
2814 3413 2935 3490 ᾔδει
2967 3417 3042 3480 ὡς
3071 3416 3311 3489 ἀληθῶς,
3345 3415 3596 3490 οίόμενύς
3623 3437 3682 3472 τε

265 3510 353 3564 καὶ
391 3508 813 3583 σεμνυνόμενος.

343 3599 446 3657 ΙΔ’.
475 3601 681 3655 Τοῦτον
715 3599 807 3672 μὲν
850 3595 941 3653 οὗν
984 3603 1229 3655 τοιοῦτον
1278 3595 1595 3670 κανειλήφει
1640 3599 1702 3654 τὸ
1751 3599 1920 3675 τέρμα

2107 3597 2250 3653 XIV.
2285 3600 2406 3664 Quo
2437 3597 2594 3653 hunc
2612 3597 2739 3653 vitae
2771 3598 2992 3654 exitum
3052 3597 3280 3668 sortito,
3335 3595 3682 3669 impcratrix

267 3693 367 3757 τῆς
403 3687 617 3762 βιοτῆς.
647 3687 710 3742 Ἦ
743 3683 800 3740 δὲ
852 3685 1065 3762 βασιλὶς
1112 3687 1216 3758 ὅλη
1249 3692 1345 3742 τοῦ
1374 3689 1464 3743 τὸν
1497 3685 1726 3763 Μιχαὴλ
1758 3687 1922 3762 ἐγκα-

272 3773 523 3849 θιδρῦσαι
569 3779 650 3847 τῷ
704 3773 882 3851 θρόνῳ
918 3782 1019 3846 τῆς
1073 3775 1347 3852 βασιλείας
1395 3777 1627 3853 ἐγένετο,
1676 3776 1765 3831 καὶ
1808 3781 1918 3832 τῶν

270 3865 394 3937 περί
426 3862 620 3933 αὐτὴν,
653 3868 759 3918 τῶν
792 3866 1060 3940 πατρῴων
1093 3862 1308 3936 δηλαδή
1343 3864 1682 3940 θεραπόντων
1733 3865 1918 3936 αὐτῆς,

275 3947 524 4026 ἀναϐολῇ
580 3952 643 4007 τὸ
699 3959 923 4031 πρᾶγμα
981 3951 1165 4010 δοῦναι
1217 3955 1305 4009 καὶ
1339 3955 1520 4029 σκέψει
1580 3949 1920 4027 συμϐουλευο

273 4041 466 4113 όντων,
525 4044 560 4112 ἡ
613 4040 671 4097 δὲ
728 4043 830 4099 οὐκ
867 4042 1143 4120 ἠνείχετο,
1197 4045 1622 4120 κατεπειγομένη
1655 4044 1790 4120 πρὸς
1818 4045 1917 4112 τήν

271 4129 678 4206 τελεσιουργίαν
737 4132 825 4186 καὶ
877 4133 1024 4205 παρά
1069 4138 1167 4189 τοῖ’)
1217 4133 1472 4207 ἐκτομίου
1521 4131 1768 4188 Ἰωάννου
1823 4136 1920 4187 τοῦ

275 4220 539 4297 συγγόνου
568 4225 666 4275 τοῦ
726 4221 982 4298 Μιχαὴλ,
1034 4220 1207 4300 λάθρα
1257 4223 1394 4298 πρὸς
1442 4223 1607 4292 αὐτὴν
1654 4223 1918 4296 ὑποψιθυο

275 4310 545 4384 ρίσαντος,
607 4311 682 4373 ὡς
739 4310 1129 4387 ’Λπολούμεθα
1185 4311 1377 4368 αὒτίκα
1410 4357 1424 4384 ,
1486 4312 1531 4368 εί
1586 4311 1765 4388 βραχύ
1814 4332 1919 4366 τινι

271 4404 444 4474 καιρῷ
498 4400 564 4454 τὸ
640 4399 985 4476 ἀποτέλεσμα
1035 4400 1298 4476 Βραδυνεῖ
1329 4447 1342 4461 .
1417 4397 1670 4457 Λαϐοὖσα
1738 4399 1919 4456 τοίνυν

274 4487 426 4554 εὐθὺς
477 4490 573 4545 τὸν
623 4489 900 4566 Μιχαὴλ,
975 4492 1061 4547 καὶ
1145 4491 1346 4562 στολην
1399 4491 1543 4565 αύτῷ
1595 4492 1916 4564 περιθεμένη

277 4578 576 4655 βασίλειον,
633 4579 726 4634 καὶ
755 4577 1051 4656 διαδήματι
1082 4583 1179 4654 τὴν
1230 4581 1434 4638 ἐκείνου
1487 4580 1730 4661 κεφαλὴν
1782 4581 1916 4652 αύτή

274 4666 603 4741 ἀναδήσασα,
665 4670 757 4725 καὶ
805 4669 893 4726 ἐπὶ
951 4672 1128 4728 θώκου
1189 4673 1476 4750 βασιλικοῦ
1535 4669 1918 4748 καθιδρύσασα,

272 4759 358 4812 καὶ
411 4759 551 4828 αύτή
609 4761 1108 4838 παρακαθισαμένη,
1162 4767 1291 4818 πᾶσι
1349 4768 1466 4826 τοῖς
1511 4762 1633 4817 τότε
1687 4766 1918 4839 παροῦσι

272 4849 358 4905 καὶ
421 4848 690 4928 εὐφημεῖν
746 4849 835 4906 καὶ
887 4857 1208 4928 προσκυνεῖν
1268 4853 1627 4931 προετρέπετο
1662 4895 1674 4908 .
1745 4855 1919 4910 Ἔνιοι

274 4936 327 4993 δὲ
379 4939 472 4994 καὶ
529 4936 654 4994 τότε
711 4939 900 4995 αὐτίκα
945 4941 1138 5004 νυκτός
1210 4943 1313 5012 τὴν
1389 4941 1745 5019 ἱεροτελετίαν
1821 4942 1920 5011 τήν

271 5028 514 5103 γαμικὴν
571 5026 654 5083 ἄπ’
714 5027 898 5094 αὐτοῖς
979 5031 1222 5107 γενέσθαι
1294 5030 1580 5108 ἱστόρησαν
1652 5035 1748 5086 τοῦ
1817 5051 1921 5086 παα

2030 3691 2154 3743 tota
2185 3687 2242 3742 in
2275 3703 2339 3743 eo
2371 3688 2482 3742 fuit
2517 3691 2582 3744 ut
2614 3687 2953 3743 Michaelem
2984 3687 3044 3742 in
3077 3686 3234 3759 regio
3291 3685 3437 3743 solio
3494 3685 3675 3742 collo-

2029 3781 2207 3833 caret.
2235 3776 2510 3842 Quamvis
2540 3782 2737 3832 autem
2768 3775 3086 3833 familiares
3120 3777 3270 3847 ejus,
3312 3774 3540 3848 paterni
3588 3774 3672 3829 vi-

2030 3866 2544 3932 delicet'ministri,
2603 3867 2918 3923 suaderent
2977 3870 3040 3922 ut
3109 3883 3269 3923 mora
3325 3864 3673 3937 interposita

2029 3955 2376 4011 deliberaret
2408 3955 2503 4011 :id
2523 3961 2835 4028 aspernata
2865 3955 3204 4024 consilium,
3238 3971 3360 4011 rem
3391 3955 3462 4009 ad
3491 3954 3670 4009 ﬁnem

2030 4045 2344 4118 perducere
2374 4045 2708 4114 festinabat,
2742 4046 3024 4102 incitante
3050 4044 3372 4117 praesertim
3413 4045 3675 4115 spadone

2028 4134 2252 4191 Joanne
2282 4135 2458 4190 fratre
2489 4134 2809 4206 Michaelis,
2845 4135 2942 4206 qui
2977 4134 3027 4190 ei
3059 4134 3208 4190 clam
3241 4133 3668 4203 insusurrarat;

2030 4223 2155 4278 Sese
2183 4239 2367 4279 omnes
2395 4227 2588 4281 statim
2613 4227 2914 4296 perituros,
2946 4226 2998 4280 si
3047 4225 3238 4294 quain
3267 4224 3486 4293 negotio
3523 4238 3680 4278 mora

2029 4314 2491 4386 interponeretur.
2521 4315 2734 4371 Statim
2766 4315 2946 4387 igitur
2973 4313 3236 4370 Michaeli
3259 4317 3534 4370 ornatum
3587 4328 3679 4366 re-

2029 4403 2192 4475 gium
2215 4405 2632 4475 accommodat,
2691 4404 2862 4476 eique
2892 4403 2951 4458 in
2983 4404 3142 4475 regio
3171 4401 3340 4474 :solio
3397 4400 3678 4458 collocato

2029 4493 2298 4551 assidens
2356 4511 2559 4551 omnes
2609 4494 2710 4565 qui
2770 4494 3016 4549 aderant
3075 4493 3362 4560 hortatur,
3417 4494 3484 4545 ut
3539 4506 3676 4546 eum

2029 4585 2401 4642 consalutent
2455 4590 2512 4642 et
2557 4587 2816 4642 adorent.
2875 4583 3126 4650 Quidam
3175 4589 3445 4639 auctores
3509 4586 3674 4650 sunt,

2030 4675 2179 4731 235
2237 4675 2439 4731 eadem
2492 4679 2659 4732 nocte
2705 4691 2941 4732 sacrum
2997 4673 3260 4746 nuptiale
3334 4674 3666 4743 peractum,

2030 4763 2227 4820 Alexio
2260 4765 2588 4836 patriarcha
2617 4765 2677 4822 in
2709 4764 2928 4838 regiam
2955 4763 3256 4833 accersito,
3315 4759 3418 4834 qui
3461 4763 3517 4816 et
3555 4763 3672 4814 Ro-

2030 4870 2273 4908 manum
2301 4858 2622 4911 mortuum.
2655 4859 2712 4910 et
2740 4854 3083 4912 Michaelcm
3133 4851 3361 4926 imperii
3409 4849 3675 4923 auspicia

2033 4942 2224 4998 adhuc
2250 4948 2624 5016 peragentem
2649 4944 2956 5000 invenerit.
2998 4944 3306 4999 Enimvero
3341 4958 3405 4998 eo
3424 4941 3680 4996 facinore

2032 5032 2208 5089 etiam
2239 5032 2380 5090 foris
2408 5033 2788 5107 vulgato,tota
2808 5034 3016 5091 civitas
3033 5050 3249 5090 novum
3265 5032 3680 5106 imperatorem

1550 5208 1752 5272 Variae
1782 5207 2086 5270 lectiones
2115 5212 2178 5272 et
2206 5214 2394 5271 notae.

338 5336 657 5420 (ρὶιξόγοις
709 5343 802 5414 μὶν
863 5339 920 5396 εὖ
975 5343 1243 5420 τραφείς.-
1286 5344 1514 5402 Peellus
1573 5343 1924 5420 inlaudata

269 5411 559 5492 Epistola'
581 5415 662 5492 ad
695 5411 1161 5492 Mopomacbpm,
1212 5416 1282 5472 de
1314 5423 1594 5492 ,λιι-εδιιιςῃςΔ
1629 5416 1806 5491 Λόγου
1866 5411 1924 5492 ᾅὶ

272 5481 361 5563 κάξ
407 5481 655 5563 παιδείας
709 5485 965 5563 ούδεμιᾷς
1024 5481 1256 5563 ἀμοίρος
1289 5481 1608 5563 ⁸ᾗνξόὶλλρι
1661 5481 1750 5563 τῇ,
1785 5487 1921 5563 πρρς

269 5558 436 5637 ταῦὶεα
491 5553 596 5637 ἔξει
646 5564 765 5637 τοῖς
821 5553 1072 5637 πρώτοιςξ
1118 5553 1446 5637 ἐφάμιλλος.
1485 5562 1642 5637 Infra
1670 5553 1836 5637 :"EM
1865 5557 1923 5614 δὲ

271 5631 494 5707 πρῶτον
537 5628 692 5707 ἔργον
735 5628 941 5707 ἐκείνου
986 5630 1078 5707 καὶ
1109 5628 1452 5707 σπούδασμαθν
1511 5632 1658 5707 λῦεὲν
1716 5632 1784 5707 τᾴ
1823 5639 1922 5701 τῆς

274 5701 492 5777 Γραφῆς
554 5701 751 5779 ἄπορα,
825 5704 912 5760 καὶ
992 5703 1085 5758 τὸν
1165 5701 1539 5782 κεκρυμμένον
1609 5703 1920 5780 ἀνυρύττειν

2031 5345 2180 5417 νοζιν,
2211 5344 2302 5417 καὶ
2328 5345 2420 5400 τὸν
2452 5343 2651 5417 σκοπὸν
2677 5339 3012 5417 ἀνευρίσκειν
3045 5344 3142 5417 τοῦ
3175 5338 3488 5417 αἰνίγματος
3515 5355 3527 5369 ⁸
3561 5337 3682 5417 ’ὅθεν

2035 5414 2356 5493 φιλοσόφοις
2379 5415 2574 5493 ,ὁμίλει
2602 5415 2695 5493 καί
2723 5413 3092 5493 ῥήτορσι,-καὶ
3124 5414 3246 5493 περὶ
3277 5413 3500 5493 τούτων⁸
3542 5414 3684 5482 μᾶλα

2032 5484 2129 5543 λον
2163 5484 2477 5544 ἐσπουοάκει
2508 5487 2543 5557 ἢ
2575 5489 2642 5542 τὰ
2671 5484 2930 5559 δημόσια.
2968 5487 3123 5559 Idem
3156 5484 3258 5542 lib.
3291 5502 3355 5559 Il_I
3377 5484 3678 5559 Hishrps.

2030 5561 2130 5616 Ἦν
2177 5562 2270 5634 μὲν
2303 5559 2393 5635 οὖν
2427 5561 2454 5615 6
2475 5549 2616 5635 ἀνὴρ
2647 5549 2956 5635 καῖ’λόγοις
2986 5555 3446 5635 ᾄπιτεθραμμένος
3475 5549 3683 5635 Ἑλλη-

2029 5622 2224 5706 νικοῖς,
2254 5633 2342 5688 καὶ
2369 5622 2612 5696 παιδείας
2649 5622 3000 5706 μετεσχηκὼς
3043 5627 3142 5700 ὅση
3169 5622 3299 5692 τοῖς
3320 5629 3544 5686 Ἰταλῶν
3579 5622 3676 5679 λό-

2029 5725 2147 5780 γοις
2178 5704 2460 5778 ἐξήρτητο.
