4036 6206
352 285 467 348 183

1683 287 2012 349 JOANNIS
2056 290 2395 351 ZONAIUE

3652 294 3768 353 184

353 416 762 488 consalutavit,
777 417 992 490 partim
1022 417 1158 473 huic
1184 417 1831 491 gratificantes,partim
1856 418 1992 490 lsati,

2111 419 2376 494 τριάρχου
2436 418 2683 490 Ἀλεξίου
2736 420 3070 498 ἀφικομένου
3143 419 3280 495 πρὸς
3337 420 3402 474 τὰ
3467 418 3765 495 βασίλεια,

356 507 455 577 qui
486 506 744 562 defuncti
779 507 912 562 odio
946 506 1176 563 liberati
1208 511 1421 563 essent.
1455 506 1802 576 Imperatrix
1827 524 1998 579 porro

354 611 490 650 cum
522 612 584 651 se
615 611 794 667 quam
826 596 1150 651 rectissime
1181 596 1293 651 sibi
1330 595 1998 668 prospexisse,omnique

353 687 639 755 potestate
670 684 729 738 in
761 701 824 740 se
854 682 1511 752 translata,Michaelem
1572 683 1822 740 ministri
1874 683 1997 740 vice

352 773 696 829 habiturum
728 777 978 846 putaret,
1013 772 1284 846 opinione
1315 790 1422 829 sua
1452 774 1692 846 decepta
1715 778 1822 830 est.
1849 774 1996 830 Nam

356 863 427 917 ad
443 861 785 934 tempusille
804 862 1039 933 quidem
1055 861 1369 933 pristinum
1395 879 1652 919 amorem
1686 862 1996 928 simulans,

355 959 654 1030 obsequiis
697 959 1006 1015 mulierem
1037 960 1390 1026 demulcere,
1432 977 1616 1033 eaque
1647 962 1834 1017 facere
1871 979 1998 1033 quas

353 1049 438 1104 illi
469 1052 636 1121 grata
665 1053 721 1104 et
741 1049 1011 1120 jucunda
1031 1058 1245 1105 essent.
1269 1050 1378 1104 Sed
1403 1067 1535 1105 cum
1569 1049 1998 1106 simulationem

354 1138 588 1210 longius
645 1139 964 1209 producere
1013 1155 1128 1194 non
1162 1142 1382 1210 posset,
1443 1139 1684 1195 mutatis
1738 1139 2000 1195 moribus

356 1243 483 1283 eam
514 1231 848 1299 suspectam
886 1227 1117 1283 habere:
1137 1228 1362 1299 sibique
1394 1232 1661 1284 metuens
1691 1228 2000 1300 primarios

355 1315 516 1372 illius
549 1318 854 1373 ministros
885 1318 1045 1388 regia
1070 1317 1299 1387 ejicere,
1353 1317 1584 1374 ancillis
1632 1317 1772 1374 item
1831 1318 2000 1372 fami-

354 1404 600 1462 liaribus
621 1407 856 1475 amotis,
881 1406 1026 1462 alias
1057 1407 1416 1462 substituere
1450 1423 1462 1460 :
1500 1407 1753 1477 denique
1809 1422 2004 1478 gynae-

240 1561 244 1564 η
357 1494 676 1550 conitidem
699 1494 1383 1566 claudere,custodiaque
1403 1495 1684 1563 adhibita,
1707 1513 1740 1550 a
1772 1494 2004 1550 nemine

356 1583 520 1640 illam
552 1584 699 1639 adiri
732 1583 947 1655 pati,ni
977 1583 1294 1639 satellitum
1317 1583 1584 1655 praefecto
1616 1584 2002 1654 exposuisset,

359 1674 515 1727 unde
544 1677 601 1727 et
629 1671 855 1742 adquid
881 1671 1273 1727 veniret.Nam
1289 1677 1345 1727 et
1373 1677 1580 1744 suopte
1611 1671 1873 1744 exemplo
1889 1676 2003 1728 ter-

2105 507 2192 562 καὶ
2237 508 2328 562 τὸν
2395 509 2487 581 μὶν
2539 509 2815 581 Ῥωμανὸν
2868 513 3136 572 τεθνεῶτα
3185 503 3618 578 καταλαϐόντος,
3667 510 3763 564 τὸν

2108 592 2163 650 δὲ
2220 617 2281 672 γε
2335 595 2570 672 Μιχαὴλ
2628 594 2704 652 ἔτι
2754 597 2820 651 τὰ
2859 596 2946 651 ἐπὶ
2995 601 3063 671 τῇ
3128 595 3377 673 βασιλείᾳ
3405 597 3763 669 τελούμενον.

2106 691 2248 764 ’Ἤδη
2300 691 2357 748 δὲ
2405 695 2494 750 καὶ
2552 700 2670 757 τοῖς
2731 693 2830 765 ἔξω
2891 693 3236 759 διαδοθέντος
3283 699 3380 749 τοῦ
3437 696 3762 770 γεγονότος.

2105 783 2194 838 καὶ
2225 789 2368 838 πᾶσα
2397 786 2431 853 ἡ
2493 781 2655 846 πόλις
2698 785 2792 839 τὸν
2843 789 2961 839 νὲον
3005 785 3330 860 ἀνηγόρευεν
3362 783 3769 860 αὐτοκράτορα,

2104 873 2167 926 τὸ
2229 873 2322 945 μὶν
2383 873 2531 945 αὐτῷ
2587 874 2962 948 χαριζόμενοι,
3023 873 3085 928 τὸ
3137 869 3184 927 δ’
3243 871 3328 928 ὅτι
3379 873 3470 927 τὸν
3535 871 3770 928 ἀπιόντα

2109 960 2533 1038 ἀπεφορτίσαντο
2593 963 2902 1038 χαίροντες.
2938 963 2999 1018 Ἠ
3056 963 3149 1035 μὲν
3211 959 3301 1016 οὖν
3355 960 3573 1038 βασιλὶς
3621 959 3769 1034 ᾤετο

2113 1049 2503 1125 βουλεύσασθαι
2545 1046 2755 1124 ἄριστα,
2815 1050 2904 1106 καὶ
2937 1049 3098 1124 ὶαυτῇ
3128 1051 3228 1120 τὴν
3285 1055 3458 1106 πᾶσαν
3518 1049 3771 1121 ἐξουσίαν

2107 1141 2596 1213 περιποιήσασθαι,
2669 1139 2750 1194 κνὶ
2806 1140 2895 1194 τὸν
2956 1138 3187 1215 Μιχαὴλ
3251 1139 3526 1214 ὑπηρέτην
3587 1135 3770 1213 ἕξειν·

2107 1228 2169 1282 τὸ
2201 1225 2265 1282 δά
2292 1233 2348 1283 τῖ
2405 1228 2639 1304 ἑτεροῖον
2695 1223 3026 1302 συμϐέϐηκε.
3084 1229 3268 1304 Μίχρι
3304 1229 3399 1302 μὶν
3453 1229 3555 1304 γάρ
3614 1250 3774 1293 τινος

2111 1316 2510 1392 ἐσχηματίζετο
2563 1323 2746 1394 τηρεῖν
2803 1318 2902 1387 τὴν
2954 1314 3089 1393 πρδς
3146 1317 3238 1372 τὸν
3290 1315 3547 1391 βασιλίδα
3594 1315 3782 1382 διάθε-

2109 1425 2216 1475 σιν,
2265 1405 2354 1460 καὶ
2409 1404 2577 1480 ταύτῃ
2631 1405 2971 1482 χαρίζεσθαι,
3029 1407 3120 1460 καὶ
3186 1406 3254 1460 τὰ
3294 1405 3471 1481 ἐκείνῃ
3534 1408 3771 1483 θυμήρη

2111 1499 2305 1566 ποιεῖν,
2339 1495 2451 1550 εἶτα
2502 1495 2604 1550 οὐκ
2635 1495 2710 1557 εἷς
2761 1495 2968 1571 μακρὰν
3020 1494 3251 1549 ἐκτεῖται
3303 1495 3402 1564 τὴε
3447 1494 3777 1570 προσποίη-

2113 1604 2192 1638 σιν
2281 1583 2671 1660 ἀνασχόμενος,
2753 1583 3222 1659 μεθαρμόττεται,
3295 1583 3386 1638 καὶ
3473 1583 3779 1640 ὑποπτεύει

2111 1672 2302 1742 αὐτὴν,
2356 1674 2444 1727 καὶ
2503 1670 2680 1735 δείσας
2735 1671 2860 1746 περὶ
2912 1673 3106 1745 ἑαυτῷ,
3172 1671 3452 1746 μεθίστησι
3509 1673 3605 1747 μὲν
3648 1678 3772 1729 τῶν

360 1762 686 1832 rebatur,et
715 1761 912 1816 fratris
947 1760 1190 1816 Joannis
1224 1761 1504 1832 spadonis
1535 1761 1795 1834 impulsu
1817 1762 2001 1833 potis—

2118 1758 2406 1838 βασιλείων
2467 1762 2593 1826 τοὺς
2651 1761 2904 1835 ἐκτομίας
2960 1783 3086 1824 τους
3143 1762 3311 1829 αὐτῆς
3365 1762 3626 1838 παρῴους
3682 1774 3778 1827 θε-

361 1851 580 1907 simum
610 1849 668 1903 id
703 1851 887 1905 facere
919 1849 1254 1920 putabatur.
1289 1851 1394 1915 Qui
1427 1851 1822 1921 spadoghomo
1880 1855 2002 1906 erat

2115 1849 2401 1926 ράποντας,
2434 1850 2522 1906 καὶ
2577 1851 2672 1912 τὰς
2729 1851 2864 1925 αὐτῇ
2908 1853 3157 1922 συνήθεις
3208 1851 3536 1928 θεραπαίνας
3589 1852 3774 1921 αὐτῆς

361 1943 570 1995 acutus
598 1942 656 1993 et
686 1955 834 2005 acer,
881 1939 1247 2010 obscuroque
1304 1939 1559 2010 ingenio,
1618 1940 1814 1996 varius
1867 1956 2005 2011 erga

359 2045 458 2083 eos
481 2027 835 2098 quibuscum
869 2028 1092 2099 agebat,
1132 2033 1461 2100 promptus,
1522 2029 1675 2084 mole
1727 2045 2002 2084 curarum

355 2117 710 2185 indefessus,
771 2132 960 2187 neque
1024 2115 1214 2188 epulis
1290 2132 1480 2188 neque
1535 2117 1668 2174 vino
1746 2117 2000 2173 deditus.

355 2213 608 2268 Proinde
640 2212 786 2268 nihil
847 2214 918 2268 de
963 2212 1297 2285 reipublicae
1344 2215 1610 2286 gerendae
1668 2215 1862 2271 studio
1912 2232 1999 2271 re-

354 2301 642 2359 mittebat.
666 2304 745 2356 A0
777 2301 1168 2373 imperatricis
1199 2302 1294 2357 hic
1353 2307 1541 2358 status
1573 2303 1700 2359 fuit.
1757 2304 2000 2361 Michael

353 2405 486 2446 vero
518 2391 921 2446 communium
955 2407 1150 2446 rerum
1183 2407 1325 2446 cura
1355 2398 1647 2464 suscepta,
1680 2409 1814 2448 cum
1847 2409 1999 2448 mor-

354 2478 465 2534 bus
495 2479 624 2549 ejus
655 2477 1103 2551 ingravesceret,
1137 2495 1308 2550 quem
1362 2479 1458 2535 alii
1516 2481 1830 2537 vindictam
1881 2482 2000 2537 Nu-

360 2567 541 2624 minis
571 2567 776 2623 offensi
809 2568 1067 2640 perjurio
1120 2570 1678 2640 interpretabantur,
1712 2587 1826 2642 quo
1885 2587 2002 2628 non

357 2673 529 2712 secus
559 2661 734 2730 atque
764 2655 904 2712 olim
935 2655 1074 2712 Saul
1102 2659 1447 2730 angebatur,
1465 2657 1562 2713 alii
1595 2660 1914 2715 amentiam
1947 2663 2005 2716 et

360 2745 659 2802 insaniam
699 2763 713 2800 :
746 2745 806 2800 in
837 2746 1122 2802 Joannem
1173 2747 1493 2818 spadonem
1537 2749 1718 2804 totius
1770 2749 2002 2821 imperii

362 2834 712 2906 gubernatio
743 2835 1031 2902 incubuit,
1065 2851 1199 2890 cum
1223 2835 1460 2907 quidem
1493 2836 1760 2892 monachi
1782 2843 2001 2893 vestem

357 2923 484 2993 jam
517 2922 655 2977 olim
688 2922 1063 2995 sumpsisset,
1118 2925 1216 2979 sed
1279 2924 1484 2980 habitu
1522 2925 1804 2982 duntaxat
1858 2927 2004 2982 illud

364 3011 497 3067 vitae
551 3027 738 3084 genus
794 3012 1183 3083 proﬁteretur.
1231 3013 1532 3070 Enimvere
1589 3017 2006 3072 Constantinus

357 3099 721 3156 Dalassenus
755 3101 1058 3173 patricius,
1094 3101 1253 3157 domi
1285 3102 1522 3174 degens,
1557 3120 1690 3158 cum
1749 3104 1820 3159 de
1858 3121 2004 3160 novo

2113 1937 2349 2014 διαιρεῖ,
2413 1937 2592 2016 ἑτέρας
2662 1937 2708 1995 δ’
2759 1939 2894 2014 αὐτῇ
2955 1939 3092 2016 πρὸς
3148 1939 3430 2014 θεραπείαν
3491 1939 3779 1995 ἀντικαθίο

2112 2049 2291 2099 στησι.
2325 2027 2427 2085 Καὶ
2458 2027 2543 2083 ἐπὶ
2589 2027 2806 2090 τούτοις
2854 2030 2952 2096 τήν
3007 2034 3387 2103 γυναικωνῖτιν
3448 2028 3585 2104 αὐτῇ
3635 2030 3784 2084 ἀπο-

2111 2117 2394 2196 φράγνυσι,
2443 2116 2532 2173 καὶ
2572 2116 2808 2193 φρουρὰν
2859 2117 3188 2194 περιίστησι⁹
3231 2119 3321 2173 καὶ
3377 2114 3559 2172 οὐδενὶ
3591 2138 3780 2194 προσ-

2111 2207 2246 2262 ιὲναι
2299 2208 2468 2282 ταύτῃ
2526 2203 2990 2282 παρακδχώρητο,
3021 2207 3066 2261 εί
3118 2209 3195 2280 μή
3240 2207 3330 2262 τὸν
3382 2207 3686 2282 προσιόντα
3749 2209 3777 2261 6

2109 2295 2459 2376 φρούραρχος
2505 2296 2879 2366 κατεξήτασεν,
2939 2295 3060 2360 ἀθεν
3118 2295 3268 2365 ἥκοι,
3317 2297 3408 2351 καὶ
3459 2296 3606 2359 τίνος
3639 2294 3773 2352 δεό-

2113 2405 2271 2460 μενος
2319 2385 2699 2460 παραγένοιτο.
2756 2381 2983 2438 Ἐδεδίει
3042 2383 3142 2459 γὰρ
3202 2381 3411 2449 οἴκοθεν
3473 2381 3618 2460 ἔχων
3669 2389 3778 2440 τοῦ

2111 2472 2264 2536 δίους
2321 2473 2416 2536 τὰς
2471 2473 2740 2551 ἀφορμάς.
2798 2473 2893 2534 Εἰς
2921 2477 3088 2528 ταῦτα
3145 2470 3190 2528 δ’
3222 2473 3498 2549 ἐνάγεσθαι
3528 2472 3704 2529 πλέον
3745 2475 3774 2528 6

2109 2561 2339 2640 Μιχαὴλ
2384 2561 2596 2638 λίγεται
2655 2562 2801 2638 παρὰ
2847 2567 2944 2617 τοῦ
2989 2562 3252 2639 συγγόνου
3293 2562 3457 2617 αὐτοῦ
3507 2563 3776 2618 Ἰωάννου

2105 2657 2204 2708 τοῦ
2263 2652 2541 2726 ἐκτομίου.
2574 2655 2680 2728 Ἠγ
2728 2652 2832 2727 γὰρ
2883 2649 3055 2716 δεινὸς
3085 2653 3113 2707 6
3158 2651 3443 2728 ἄνθρωπος
3493 2653 3584 2707 καὶ
3633 2650 3775 2729 δρα-

2109 2743 2357 2818 στήριος,
2406 2742 2495 2797 καὶ
2534 2742 2598 2796 τὸ
2636 2741 2770 2809 ἦθος
2829 2740 3268 2813 ὑποκαθήμενος,
3315 2741 3405 2796 καὶ
3453 2761 3587 2816 προς
3635 2740 3776 2805 τοὺς

2112 2830 2536 2907 ἐντυγχάνοντας
2594 2827 3069 2900 ποικιλλόμενος,
3131 2832 3508 2905 περισπερχής
3565 2851 3625 2884 τε
3673 2829 3775 2884 καὶ

2109 2920 2248 2996 πρὸς
2296 2916 2595 2997 φροντίδων
2656 2913 2816 2992 ὄγκον
2876 2919 3176 2990 ἀκάματος,
3233 2917 3323 2972 καὶ
3374 2915 3498 2973 οὐδὲ
3554 2939 3785 2995 γαστρι-

2110 3009 2359 3083 τόμενος,
2413 3005 2539 3062 οὐδὲ
2581 3007 2707 3082 περὶ
2756 3007 2846 3061 τὸν
2893 3005 3124 3081 ἄκρατον
3157 3003 3576 3082 λιχνευόμεοος,
3639 3006 3777 3064 οὖδὶ

2116 3098 2434 3171 ἡττώμενος
2467 3094 2638 3166 οἷ’νου,
2679 3103 2782 3165 τῆς
2834 3094 2958 3169 περὶ
3009 3095 3105 3157 τὰς
3154 3092 3422 3169 δημοσίας
3467 3093 3778 3167 διοικήσεις

360 3188 714 3260 imperatore
746 3189 1083 3261 audivisret,
1110 3190 1529 3263 indignabatur
1567 3208 1863 3247 summam
1911 3210 2002 3250 re-

2115 3163 2358 3264 καθυιρίει
2412 3163 2675 3254 σπουδῇ-ς’
2705 3163 2780 3239 Ἰίά
2831 3163 2924 3257 μὶν
2973 3185 3064 3239 οὗν
3117 3163 3241 3260 περί
3288 3186 3389 3254 τὴν
3450 3163 3781 3259 βασίλισσαν

357 3295 490 3335 rum
522 3280 594 3335 ad
624 3280 799 3336 talem
850 3279 1152 3337 hominem
1201 3296 1330 3337 esse
1387 3281 1741 3339 devolutam.
1791 3285 2005 3354 {Quare

357 3367 603 3424 Michael
633 3385 765 3424 cum
790 3369 914 3425 suis
968 3369 1345 3426 vehementer
1401 3372 1778 3442 perturbatus
1844 3390 2006 3430 vere-

358 3458 535 3512 batur
589 3474 661 3513 ne
699 3459 1052 3514 Delassenus
1108 3474 1355 3531 regnum
1413 3461 1724 3517 affectarat.
1805 3462 2007 3534 Itaque

359 3545 613 3602 Joannes
641 3548 954 3618 quemdam
989 3547 1182 3616 mititt,
1215 3549 1718 3622 quijurejurando
1751 3551 2006 3608 afﬁrma-

363 3639 452 3690 ret
481 3635 626 3690 nihil
657 3635 708 3691 ei
737 3637 1120 3694 metuendum
1151 3655 1280 3694 esse
1312 3638 1471 3708 mali,
1503 3640 1744 3713 viroque
1764 3657 2009 3713 persua-

365 3725 530 3780 deret
558 3729 622 3780 ut
643 3725 1058 3797 imperatorem
1110 3727 1463 3786 conveniret.
1524 3731 1678 3786 236
1709 3731 1816 3795 Qui
1873 3748 2010 3787 eum

363 3813 638 3886 venisset,
699 3814 770 3870 ab
828 3815 1177 3887 imperatore
1230 3817 1484 3891 benigne
1554 3824 1885 3891 susceptus,
1946 3837 2012 3876 ac

363 3903 711 3959 muneribus
759 3907 816 3958 et
849 3905 1137 3976 dignitate
1194 3911 1426 3976 auctus,
1486 3907 1548 3962 in
1602 3908 1746 3963 urbe
1804 3910 2013 3981 degere

356 3992 565 4062 jussus
596 3991 969 4050 est.VNi0etas
1009 4009 1142 4050 vero
1202 3994 1579 4066 imperatoris
1636 3997 1834 4068 frater,
1891 3999 2011 4054 dux

366 4079 659 4151 Daphneee
699 4081 1020 4136 Antiochiae
1053 4083 1417 4155 designatus,
1446 4103 1559 4141 non
1594 4090 1682 4142 est
1710 4086 1770 4142 in
1803 4088 2008 4143 urbem

361 4176 436 4233 ab
457 4177 836 4234 Antiochenis
858 4178 1177 4236 admissus.
1211 4181 1358 4238 Nam
1417 4183 1787 4256 publicorum
1835 4185 2009 4240 vecti-

355 4263 579 4338 galium
613 4269 898 4334 exactore,
933 4283 967 4324 a
994 4284 1110 4339 quo
1140 4285 1201 4326 se
1239 4270 1448 4327 durius
1499 4276 1778 4328 tractatos
1838 4278 2007 4345 puta-

355 4353 525 4420 bant,
557 4353 883 4425 interfecto,
940 4356 1108 4412 veriti
1167 4374 1240 4414 ne
1294 4359 1423 4430 ejus
1475 4360 1749 4417 facinoris
1805 4379 2008 4434 poenas

357 4443 584 4515 darent,
620 4448 817 4516 portas
848 4445 899 4501 ei
949 4445 1315 4503 clauserant:
1381 4466 1486 4505 nec
1519 4450 1682 4522 prius
1720 4451 2008 4508 admisere

2114 3275 2442 3350 ᾠκονόμητο
2500 3273 2717 3328 οὐτωσί’
2778 3274 2806 3329 6
2864 3270 2922 3327 δὶ
2975 3271 3207 3348 Μιχαὴλ
3259 3279 3358 3342 τῆς
3407 3277 3515 3328 τῶν
3573 3279 3784 3329 κοινῶν

2113 3375 2451 3451 πραγμάτων
2501 3370 2819 3444 οἰκονομίας
2851 3369 3155 3447 ἀντείχετοο
3205 3373 3319 3425 εἶτα
3357 3375 3436 3443 τῷ
3470 3371 3563 3444 μὶν
3615 3371 3780 3447 ἐκρα-

2113 3468 2334 3518 ταιοῦτο
2366 3464 2400 3531 ἡ
2434 3461 2610 3530 νόσος,
2643 3461 2704 3529 ἣν
2738 3460 2789 3514 oi
2844 3459 2938 3531 μὲν
2973 3457 3199 3514 ἐκάλουν
3235 3456 3515 3533 δαιμόνιον
3552 3463 3778 3534 μήνιμα

2119 3549 2210 3607 διὰ
2263 3553 2363 3622 τὴν
2417 3548 2695 3626 ἐπιορκίαν
2753 3546 3021 3622 ἐνσκῆψαν
3084 3547 3267 3620 αὐτῷ,
3317 3547 3407 3603 καὶ
3467 3549 3774 3626 συμπνίγον

2115 3642 2206 3696 τὸν
2237 3638 2542 3716 ἄνθρωπον,
2597 3639 2672 3699 ὡς
2702 3637 2873 3692 πάλαι
2904 3634 2971 3705 δὴ
3002 3636 3092 3692 τὸν
3129 3634 3330 3692 Σαοὺλ.
3385 3637 3437 3690 oi
3483 3633 3541 3691 δὶ
3575 3637 3774 3709 μανίαν

2117 3751 2176 3786 τε
2204 3729 2293 3784 καὶ
2324 3727 2662 3804 παραφορὰν·
2696 3727 2724 3781 6
2770 3723 2816 3781 δ’
2866 3725 3124 3799 ἐκτομίας
3186 3725 3446 3797 Ἰωάννης
3470 3726 3570 3794 τήν
3631 3723 3776 3797 ὅλην

2121 3816 2396 3891 ἀνεδέξατο
2474 3823 2574 3886 τῆς
2664 3812 2942 3892 βασιλείας
3026 3810 3382 3891 κυϐέρνησιν,
3467 3815 3778 3889 μοναχικὸν

2125 3909 2216 3982 μὲν
2272 3903 2476 3978 ἔνδυμα
2529 3903 2699 3961 πάλαι
2759 3903 3194 3979 ἀμφιασάμενος,
3251 3908 3414 3959 τοῦτο
3473 3901 3531 3958 δὲ
3584 3907 3774 3978 τηρῶν

2119 3998 2252 4074 ἄχρι
2313 3991 2482 4069 μὸνου
2535 3994 2633 4049 τοῦ
2666 3996 2976 4070 σχήματος.
3039 3999 3442 4058 Κωνσταντῖνος
3473 3990 3532 4049 δὲ
3575 3991 3776 4069 πατρί-

2117 4109 2237 4150 κιος
2285 4088 2313 4142 6
2361 4085 2730 4154 Δαλασσηνὸς,
2778 4082 2921 4140 οἷ’κοι
2977 4079 3292 4161 διατρίϐων,
3345 4083 3436 4139 καὶ
3491 4084 3615 4160 περὶ
3671 4088 3773 4139 τοῦ

2116 4176 2236 4232 νὲου
2270 4174 2538 4252 βασιλέως
2567 4173 2895 4247 πυθόμενος,
2946 4170 3354 4249 δυσανασχετῶν
3407 4173 3497 4243 ἦν,
3558 4174 3641 4227 ὅτι
3693 4172 3773 4236 εἷς

2117 4263 2283 4342 ἄνδρα
2349 4268 2596 4318 τοιοῦτον
2679 4265 2714 4333 ἡ
2801 4261 3052 4339 βασιλεία
3122 4264 3378 4338 περιέστη
3458 4261 3770 4335 Ῥωμαίων.

2117 4367 2295 4421 Τοῦτο
2350 4355 2584 4438 θορύϐου
2639 4359 2768 4424 τοὺς
2843 4360 2968 4434 περὶ
3036 4360 3127 4415 τὸν
3189 4357 3416 4436 βασιλία
3474 4358 3770 4432 ὲμὲστωσε,

2115 4452 2449 4522 πτοηθέντας
2511 4450 2584 4522 μή
2649 4468 2782 4504 ποτε
2834 4449 2862 4504 6
2927 4447 3271 4519 Δαλασσηνὸς
3323 4445 3597 4523 τυραννίδι
3655 4447 3772 4502 ἐπί-

357 4548 532 4604 quam
558 4533 948 4604 jurejurando
980 4536 1386 4593 confirmasset
1429 4540 1642 4595 caedem
1702 4539 1866 4597 illam
1923 4541 2002 4597 eis

2116 4545 2311 4614 Θηται.
2383 4541 2481 4596 Καὶ
2541 4537 2755 4595 στὲλλει
2814 4540 2841 4594 6
2901 4540 3158 4610 Ἰωάννης
3204 4539 3295 4594 τὸν
3355 4539 3541 4614 ὁρκοις
3597 4539 3766 4594 αὐτὸν

357 4620 548 4678 fraudi
581 4640 697 4679 non
726 4625 1006 4680 futuram.
1040 4629 1259 4681 Verum
1313 4644 1378 4682 eo
1418 4629 1807 4700 jurejurando
1861 4629 2007 4686 nihil

354 4709 689 4782 deterritus,
738 4713 960 4770 multos
990 4714 1220 4785 occidit,
1267 4720 1323 4771 et
1345 4718 1702 4788 quibusdam
1756 4719 2005 4792 insigni-

353 4799 466 4855 bus
523 4801 748 4857 civibus
805 4803 1040 4872 vinctis,
1099 4803 1157 4858 in
1210 4820 1486 4876 magnam
1533 4808 1737 4864 urbem
1780 4809 2002 4872 missis.

351 4887 518 4944 fratri
549 4889 762 4946 Joanni
793 4893 1032 4964 scripsit
1055 4909 1117 4948 se
1149 4893 1220 4949 ab
1250 4896 1627 4954 Antiochenis
1657 4897 1729 4952 ob
1761 4897 2005 4953 benevo-

347 4975 592 5033 lentiam
616 4995 823 5036 eorum
855 4997 994 5054 erga
1027 4983 1406 5042 Delassenum
1439 4987 1739 5043 exclusum
1795 4987 1998 5044 fuisse.

344 5072 496 5130 Hinc
527 5075 887 5133 Dalassenus
926 5079 984 5134 in
1016 5079 1273 5139 insulam
1331 5085 1549 5140 Platem
1582 5086 1892 5158 relegatur,
1944 5089 2002 5141 et

342 5164 776 5221 Constantinus
825 5171 1015 5223 Ducas
1047 5169 1177 5239 ejus
1207 5187 1404 5243 gener,
1439 5174 1507 5229 de
1537 5174 1757 5246 injuria
1803 5174 1998 5246 queri-

340 5255 475 5309 tans
504 5259 561 5310 et
592 5255 919 5326 perjurium
978 5273 1093 5312 non
1153 5258 1537 5318 dissimulans
1575 5262 1721 5319 turri
1759 5265 1994 5319 cuidam

339 5338 833 5402 includitur.Post
862 5345 1219 5405 Dalassenus
1238 5350 1414 5408 etiam
1441 5369 1470 5408 e
1492 5351 1654 5409 Plata
1669 5353 1994 5411 translatus

340 5427 404 5486 in
455 5433 666 5490 turrim
727 5434 1147 5508 compingitur.
1193 5439 1311 5496 Sub
1365 5442 1424 5498 id
1472 5443 1993 5516 tempusAgareni

340 5520 503 5592 Myra
531 5529 842 5598 ceperunt:
875 5525 1194 5584 Patzinacae
1224 5532 1444 5602 passim
1475 5550 1505 5590 e
1535 5533 1810 5592 Romanis
1855 5550 1991 5607 pro-

340 5608 550 5670 vinciis
607 5617 834 5688 praedas
897 5622 1161 5690 egerunt.
1218 5621 1582 5682 Antiocheno
1613 5625 1760 5682 duce
1789 5623 1991 5683 Niceta

2124 4628 2493 4710 βεϐαιώσοντα
2529 4629 2602 4691 ὡς
2655 4625 2869 4690 οὐδενὸς
2929 4627 3147 4702 ἀνιαροῦ
3204 4628 3612 4700 πειραθήσεται,
3674 4627 3766 4682 καὶ

2115 4723 2367 4777 πείσοντα
2420 4722 2512 4775 τὸν
2572 4715 2738 4794 ἄνδρα
2796 4715 2873 4790 τῷ
2927 4715 3140 4793 βασιλεῖ
3195 4715 3538 4792 προσελθεῖν.
3600 4717 3701 4773 Καὶ
3736 4717 3764 4772 ὁ

2120 4811 2213 4885 μὲν
2271 4806 2572 4885 προσῆλθε,
2604 4806 2692 4862 καὶ
2724 4807 2752 4861 6
2796 4804 3050 4882 βασιλεὺς
3080 4805 3251 4861 αὐτῶν
3285 4805 3567 4868 ἀσπασίως
3589 4826 3760 4882 προσ-

2114 4901 2306 4971 ήκατο,
2363 4898 2454 4952 καὶ
2503 4893 2817 4966 ἰδεξιώσατο
2877 4891 3138 4972 δωρεαῖς,
3188 4896 3276 4950 καὶ
3337 4893 3546 4968 μείζονι
3595 4895 3763 4965 ἀξιώ-

2115 5009 2242 5063 ματι
2300 4985 2555 5060 ἐτίμησε,
2628 4985 2718 5038 καὶ
2776 4983 2828 5037 ἐν
2892 4987 2960 5057 τῇ
3017 4983 3168 5040 τόλει
3229 4979 3428 5060 διάγειν
3491 4981 3756 5040 ἐκέλευσε.

2110 5089 2353 5155 Νικήτας
2383 5083 2440 5139 δὲ
2469 5084 2622 5138 ὁτοῦ
2677 5081 2946 5156 βασιλέως
3004 5082 3281 5157 ὁμαίμων,
3343 5080 3469 5154 δοὺξ
3512 5089 3613 5154 τῆς
3671 5081 3757 5139 ἐπὶ

2109 5184 2290 5254 Δᾳφνῃ
2333 5173 2672 5249 Ἀντιοχείας
2719 5171 3141 5248 προχειρισθεὶς,
3200 5168 3397 5248 εἵρχθη
3447 5173 3597 5248 παρὰ
3647 5175 3754 5225 τῶν

2107 5267 2437 5342 ’Δντιοχὲων
2492 5269 2591 5334 τῆς
2649 5260 2724 5324 είς
2774 5262 2871 5332 τὴν
2925 5257 3090 5318 πόλιν
3149 5258 3363 5317 εἰσόδου
3397 5303 3409 5317 .
3472 5259 3754 5336 Πράκτορα

2105 5357 2209 5433 γάρ
2265 5376 2386 5411 τινα
2411 5357 2517 5410 τῶν
2565 5348 2848 5426 δημοσίων
2906 5349 3100 5426 τελῶν,
3159 5351 3233 5415 ὡς
3264 5351 3451 5414 αὐτοῖς
3484 5352 3753 5430 φορτικῶς

2102 5444 2628 5522 προσενηνεγμένον,
2693 5438 2975 5504 ἀνελόντες
3035 5441 3090 5496 οἱ
3139 5447 3240 5512 τῆς
3281 5438 3622 5518 Ἀντιοχείας
3648 5459 3746 5495 πο-

2103 5533 2274 5607 λῖται,
2329 5535 2418 5592 καὶ
2470 5530 2774 5597 δεδοικότες
2835 5532 2912 5606 μὴ
2969 5528 3122 5596 δίκας
3171 5536 3252 5605 τῷ
3281 5529 3560 5588 δουκὶτοῢ
3614 5525 3742 5586 τολ-

2103 5627 2358 5701 μήματος
2417 5621 2658 5692 διδῶσιν,
2720 5619 3063 5698 ιπεζύγωσαν
3123 5620 3291 5695 αὐτῷ
3317 5623 3413 5688 τὰς
3440 5617 3619 5684 πύλας
3643 5619 3741 5690 τῆς
