4036 6206
206 333 306 395 185

1447 327 1854 390 ANNALIUM
1899 327 2047 388 LIB.
2096 327 2284 388 XVII.

3453 324 3570 384 £86

199 463 484 524 πόλεως.Ὁ
514 458 572 515 δὲ
600 459 852 535 ὶνόρκους
894 461 1082 522 αὐτοῖς
1136 461 1553 535 παρασχόμενος
1607 459 1807 521 πίστεις

1930 463 2178 528 mortuo,
2215 459 2634 516 Constantinus
2674 463 2731 515 et
2785 459 2912 530 ipse
2969 456 3337 530 imperatoris
3394 457 3572 514 frater

199 552 261 613 ὡς
287 547 426 604 οὐδὲν
455 546 542 602 διὰ
567 550 660 604 τὸν
693 547 851 627 φόνον
910 550 1193 604 ὑποσταῖεν
1243 549 1426 616 κακὸν,
1470 553 1815 624 παραχωρεῖ-

195 662 268 696 ται
317 646 408 707 τῆς
467 637 707 693 εἷ’σόδουο
740 639 849 692 εἶτα
909 637 1034 700 τοὺς
1094 639 1286 713 ὅρκους
1327 635 1480 693 οὐδὲν
1515 637 1814 712 λογισάμε-

195 750 291 793 νος,
320 725 558 788 πολλοὺς
611 728 703 799 μὶν
757 727 1150 795 ἀποκτίννυσιν,
1183 727 1354 789 ἐνίους
1415 725 1471 781 δὲ
1524 731 1628 781 τῶν
1687 727 1812 801 παρ’

194 818 351 879 αὐτοῖς
403 816 688 890 ἱπισήμων
743 813 999 890 δεσμίους
1039 815 1248 872 ἔστειλε
1303 817 1436 892 πρὸς
1491 817 1588 884 τὴν
1647 837 1812 892 μεγαι-

193 905 414 973 λόπολιν,
443 907 660 980 γράψας
713 909 794 977 τῷ
851 903 1072 984 ἀδελφῷ
1115 907 1362 981 Ἰωάννῃ,
1396 903 1485 960 διά
1523 907 1621 974 τὴν
1677 905 1814 978 πρὸς

189 996 262 1051 τὸν
287 990 626 1064 Δαλασσηνὸν
681 990 890 1049 εὔνοιαν
944 994 1190 1070 ἀπεῖρξαι
1247 995 1394 1068 αύτῷ
1448 996 1546 1064 τὴν
1599 991 1811 1048 εἷ’σοδον

188 1081 294 1144 τοὺς
346 1083 668 1159 ’Δντιοχεῖς.
727 1085 1002 1147 Ἐντεῦθεν
1061 1083 1089 1137 6
1158 1081 1503 1152 Δαλασσηνὸς
1578 1081 1655 1144 είς
1710 1085 1808 1151 τὴν

187 1178 323 1241 νῆσον
375 1172 473 1240 τήν
532 1169 759 1243 Πλάτην
801 1170 1190 1247 περιορίζεται,
1221 1171 1311 1226 καὶ
1371 1173 1399 1226 6
1455 1171 1541 1227 ἐπὶ
1592 1171 1811 1247 θυγατρὶ

186 1258 423 1330 κηδεστὴς
479 1259 653 1315 αὐτοῦ
707 1261 1171 1324 Κωνσταντῖνοςὸ
1203 1257 1398 1322 δούκας
1454 1260 1554 1328 τὴν
1607 1257 1813 1314 ἀδικίαν

187 1343 553 1422 ἐπιϐοώμενος,
587 1348 678 1404 καὶ
730 1351 830 1418 τήν
883 1348 1158 1424 ἐπιορκίαν
1213 1349 1274 1404 ού
1324 1350 1567 1422 σιωπῶν,
1617 1349 1812 1426 πύργῳ

185 1439 269 1492 τινὶ
344 1437 746 1493 κατακλείεται.
812 1438 942 1493 Εἶτα
1032 1441 1311 1513 μετάγεται
1373 1441 1400 1494 6
1467 1438 1810 1508 Δαλασσηνὸς

189 1526 234 1581 ἐκ
278 1531 370 1592 τῆς
423 1525 672 1598 Πλάτης,
734 1527 825 1582 καὶ
908 1527 1103 1603 πύργῳ
1176 1527 1568 1604 καθείργνυται.
1633 1526 1813 1582 Ἑάλω

185 1614 229 1671 δι
275 1615 385 1670 τότε
439 1622 560 1678 τοῖς
629 1618 723 1689 μὲν
786 1615 845 1672 ἐκ
898 1623 997 1686 τῆς
1030 1618 1208 1693 ’Ἅγαρ
1253 1617 1321 1672 τὰ
1366 1617 1542 1694 Μύρα,
1576 1617 1812 1680 καὶτοῖς

184 1705 510 1774 Πατζινάκαις
571 1703 699 1760 λεία
752 1705 942 1782 γέγονε
987 1710 1094 1760 τῶν
1166 1711 1362 1762 Μυσῶν
1422 1709 1554 1780 (10).
1605 1711 1708 1761 Τοῦ
1757 1703 1814 1760 δὲ

1923 551 2226 616 successit,
2277 550 2462 605 altero
2518 551 2646 620 ejus
2708 550 2883 602 fratre
2945 545 3363 619 protovestario
3421 545 3568 600 desi-

1922 642 2116 709 gnato.
2151 641 2294 693 Cum
2325 643 2522 694 autem
2553 637 2800 710 Agareni
2831 635 3087 690 Africani
3136 640 3194 690 et
3237 634 3570 690 Sicilienses

1922 726 2149 782 insulas
2179 731 2236 782 et
2265 743 2426 782 oram
2462 726 2818 782 maritimam
2875 725 3246 790 infestarent,
3308 723 3572 778 Romana

1921 815 2127 872 classis
2161 815 2379 870 multas
2410 832 2611 870 eorum
2647 831 2820 870 naves
2877 831 3011 869 cum
3067 812 3210 867 viris
3269 811 3569 878 demersit,

1923 905 2142 960 multos
2174 904 2332 960 vivos
2361 904 2535 975 cepit,
2586 920 2836 975 quorum
2869 903 2966 960 alii
3025 902 3096 956 ad
3155 901 3567 972 imperatorem

1923 994 2090 1050 missi
2122 993 2388 1062 sunt,alii
2419 993 2478 1048 in
2509 993 2702 1048 littore
2737 993 3004 1047 trabibus
3036 990 3568 1046 allixi.Pancratius

1920 1098 2054 1138 vero
2107 1083 2372 1154 Abasgias
2420 1081 2711 1154 princeps,
2752 1083 2846 1138 cui
2896 1085 3193 1135 Romanus
3250 1080 3571 1151 imperator

1923 1190 2090 1229 suam
2125 1178 2359 1246 neptem
2392 1173 3000 1245 desponderat,lmdus
3021 1175 3348 1226 Romanum
3373 1169 3566 1241 solvit,

1921 1267 1978 1319 et
2007 1263 2222 1335 quibus
2239 1263 2494 1320 castellis
2517 1268 2576 1320 et
2597 1262 2842 1319 urbibus
2863 1260 2999 1318 olim
3020 1259 3298 1316 Romanis
3313 1263 3569 1314 cesserat

1922 1369 1988 1408 ea
2019 1370 2226 1410 rursus
2257 1353 2367 1409 sibi
2401 1351 3028 1420 vindicabat,fortassis
3060 1355 3124 1405 ut
3150 1354 3568 1420 Romanorum,

1921 1441 2200 1512 injuriam
2231 1444 2591 1514 imperatori,
2625 1459 2741 1498 sua:
2775 1441 3043 1513 conjugis
3090 1444 3298 1512 patruo
3358 1440 3568 1494 factam

1924 1529 2323 1587 ulcisceretur.
2360 1531 2674 1587 Patzinacae
2708 1531 2852 1586 Istro
2887 1547 3038 1602 saepe
3070 1530 3308 1600 trajecta
3341 1527 3572 1599 provin-

1924 1620 2043 1676 eias
2056 1621 2205 1676 male
2224 1621 2820 1693 tractarunt,captivis
2838 1620 3111 1675 omnibus
3127 1617 3567 1674 interﬁciendis.

1922 1710 2142 1764 Arabes
2191 1711 2467 1765 Edessam
2522 1711 2895 1773 obsederunt,
2920 1725 3166 1779 eamque
3240 1723 3570 1779 expugnas-

184 1792 350 1856 δουκὸς
426 1793 775 1870 Ἀντιοχείας
857 1797 1066 1865 Νικήτα
1164 1797 1627 1870 καταστρέψαντος
1709 1797 1807 1865 τὴν

1925 1802 2074 1864 sent,
2111 1799 2221 1853 nisi
2252 1799 2569 1854 Antiochia
2602 1800 2718 1854 dux
2749 1797 3168 1854 Constantinus
3200 1795 3570 1868 imperatoris

186 1884 324 1952 ζωὴν,
380 1884 408 1938 6
467 1889 877 1946 Κωνσταντῖνος
931 1881 1164 1962 ἀδελφὸς
1223 1883 1294 1938 ὢν
1350 1884 1438 1960 κρὶ
1497 1883 1654 1946 οὗτος
1720 1888 1807 1938 τοῦ

1926 1885 2104 1942 frater
2132 1904 2301 1960 opem
2329 1887 2562 1943 tulisset
2589 1904 2601 1942 :
2634 1889 2803 1959 cujus
2830 1887 3185 1942 industriam
3235 1886 3319 1941 sic
3375 1901 3570 1940 remu-

188 1969 426 2044 βασιλέως
486 1971 574 2026 ἐπὶ
640 1975 709 2045 τῇ
754 1972 1064 2048 Ἀντιοχείᾳ
1113 1975 1204 2028 τὸν
1268 1971 1665 2044 τελευτήσαντα
1713 1972 1807 2028 διε-

1925 1980 2164 2031 neratus
2196 1982 2284 2032 est
2314 1977 2650 2049 imperator,
2699 1982 2764 2032 ut
2792 1993 2926 2033 eum
2960 1975 3343 2032 Orientalium
3392 1974 3572 2046 legio-

185 2054 360 2127 δέξατο,
409 2061 500 2113 καί
564 2060 596 2114 6
661 2057 842 2135 ἔτερος
901 2060 1066 2115 αὐτοῦ
1122 2057 1358 2138 ἀδελφὸς
1407 2057 1807 2136 πρωτοόεστιά-

1924 2081 2088 2120 mum
2119 2067 2508 2122 domesticum
2539 2071 2780 2122 crearet.

186 2168 281 2221 ριος
330 2148 778 2224 προκεχείριστο.
839 2151 922 2221 Ἐξ
982 2155 1245 2228 Ἀφρικῆς
1333 2153 1512 2222 μέντοι
1594 2153 1682 2205 καὶ
1769 2149 2020 2214 Σικελίας
2108 2150 2303 2214 στόλος
2387 2153 2680 2209 ἀποπλέων
2741 2154 3050 2228 Ἀγαρηνῶν
3113 2149 3312 2205 ἐκάκου
3365 2148 3460 2212 τάς
3513 2169 3572 2204 τε

185 2238 352 2306 νήσους
407 2237 498 2291 καὶ
559 2237 633 2292 τὰ
689 2235 953 2314 παράλια.
1010 2236 1185 2295 Ἀλλά
1257 2238 1473 2301 τούτοις
1554 2239 1750 2302 στόλος
1834 2239 2108 2296 ἐπιπλέων
2158 2243 2463 2315 Ῥωμαϊκὸς
2532 2241 2718 2298 πολλά
2774 2243 2866 2314 μὲν
2925 2246 3034 2296 τῶν
3085 2244 3299 2318 σκαφῶν
3351 2236 3572 2294 κατὲδυ-

193 2346 258 2380 σεν
311 2323 607 2400 αὔτανδρα,
653 2325 901 2389 πολλοὺς
955 2325 1003 2382 δ’
1060 2328 1358 2404 ἐζώγρησε·
1418 2329 1506 2384 καὶ
1560 2328 1689 2391 τοὺς
1760 2331 1854 2402 μὲν
1912 2331 2048 2403 πρὸς
2115 2331 2208 2386 τὸν
2291 2331 2516 2406 βασιλέα
2592 2332 2958 2408 ἔκπέπομφεν,
3006 2331 3059 2385 οἱ
3111 2328 3169 2385 δὲ
3215 2327 3570 2384 ἀνεσκολοπί-

185 2417 350 2485 σθησαν
402 2417 541 2471 κατὰ
597 2417 699 2486 τὴν
761 2415 1052 2492 παράλιον.
1105 2420 1448 2494 Παγκράτιος
1509 2416 1566 2473 δὲ
1622 2420 1650 2474 6
1711 2416 1898 2494 ἅρχων
1952 2415 2269 2495 Ἀϐασγίας,
2303 2422 2347 2492 ᾧ
2406 2422 2506 2490 τὴν
2567 2419 2771 2476 οίκείαν
2806 2420 3018 2494 ἀνεψιὰν
3055 2416 3362 2494 ὁβασιλεὺς
3394 2416 3570 2491 ἡρμό-

193 2524 296 2558 aeto
339 2505 651 2578 Ῥωμανὸς,
707 2505 801 2570 τάς
846 2526 904 2560 τε
960 2507 1096 2581 πρὸς
1151 2508 1455 2580 Ῥωμαίους
1539 2505 1772 2569 σπονδὰς
1847 2504 2024 2580 ἔλυσε,
2085 2511 2173 2563 καὶ
2255 2508 2328 2563 ὧν
2412 2511 2778 2586 παρεχώρησε
2855 2508 2978 2584 πρὶν
3031 2507 3322 2582 Ῥωμαίοις
3401 2526 3570 2584 φρου-

191 2596 297 2667 ρίων
351 2595 437 2650 καὶ
496 2591 750 2666 πόλεων,
807 2592 1102 2653 ἐπελάϐετο
1159 2597 1344 2669 πάλιν,
1403 2599 1476 2661 ὡς
1560 2599 1704 2674 τάχα
1780 2596 1930 2662 δίκας
2005 2599 2310 2672 Ῥωμαίους
2387 2601 2760 2676 πραττόμενος
2816 2601 2945 2675 ὑπὲρ
2998 2604 3094 2654 τοῦ
3163 2597 3427 2675 βασιλέως
3480 2597 3571 2652 καὶ

190 2683 307 2746 θείου
356 2692 455 2754 τῆς
542 2684 698 2757 αύτῷ
772 2684 1141 2760 ὁμευνὲτιδος.
1199 2685 1478 2749 Πολλάκις
1538 2684 1584 2742 δ’
1638 2688 1689 2742 οἳ
1743 2687 2091 2757 Πατζινάκαι,
2148 2688 2239 2742 καὶ
2295 2689 2386 2744 τὸν
2446 2691 2651 2764 Ἴστρον
2714 2685 3100 2759 διαϐαίνοντες,
3158 2688 3225 2742 τὰ
3280 2687 3565 2760 Ῥωμαίων

185 2777 336 2834 κακῶς
417 2771 741 2846 διετίθεντο,
798 2775 928 2838 τοὺς
1009 2774 1403 2849 ἁλισκομένους
1475 2771 1685 2846 ἡϐηδὸν
1771 2776 2136 2850 ἀναιροῦντες.
2193 2779 2288 2832 Καὶ
2346 2774 2575 2853 ’Ἄραϐες
2651 2779 2750 2848 τήν
2807 2776 3064 2833 ’Έδεσκειν
3141 2775 3566 2852 ἐπολιόρκησαν,

186 2862 256 2916 καὶ
305 2861 423 2932 ἥλω
479 2862 545 2918 ἃν
604 2867 640 2934 ἡ
698 2863 884 2933 πόλις,
943 2864 987 2918 εἷ
1049 2865 1124 2937 μή
1186 2865 1213 2918 6
1272 2862 1395 2936 δοὺξ
1452 2864 1792 2942 Ἀντιοχείας
1849 2871 2250 2928 Κωνσταντῖνος
2283 2867 2436 2921 ὁτοῦ
2462 2867 2860 2942 αὐτοκράτορος
2912 2864 3146 2945 ἀδελφὸς
3174 2866 3309 2940 αὑτῇ
3343 2864 3569 2920 ἐπεκού-

189 2971 340 3025 ρησεν,
372 2953 426 3007 ὃν
464 2953 493 3007 6
530 2951 813 3028 βασιλεὺς,
841 2960 938 3023 τῆς
971 2952 1214 3023 σπουδῆς
1245 2949 1632 3027 ἀμειϐόμενος,
1662 2960 1768 3009 τῶν
1801 2954 1950 3027 ἑῴων
1983 2955 2270 3030 ταγμάτων
2303 2953 2624 3029 δομέστικον
2657 2951 3052 3034 προεϐάλλετο.

243 3045 324 3096 ΙΕ’.
356 3044 464 3097 Τοῦ
515 3039 585 3096 δὲ
634 3044 732 3112 τῆς
780 3041 1062 3117 Αἰγύπτου
1111 3047 1439 3118 κρατοῦντος
1489 3049 1668 3120 ’Ἃμερ
1722 3045 1807 3098 Θα-

2001 3046 2119 3101 XV.
2154 3049 2362 3102 Amere
2394 3047 2616 3120 [Egypti
2645 3047 2903 3120 principe
2927 3045 3360 3116 mortuo,vidua
3387 3043 3573 3102 illius:

189 3128 364 3196 νόντος,
395 3131 428 3198 ἡ
478 3129 695 3185 ἐκείνου
746 3131 904 3206 γυνὴ,
937 3132 1232 3206 Χριστιανή
1293 3131 1445 3201 οὖσα,
1505 3131 1816 3196 σπείσασθαι

191 3214 262 3269 σὺν
313 3223 385 3290 τῷ
436 3220 546 3292 υἱῷ
603 3220 738 3292 μετά
767 3219 1047 3292 Ῥωμαίων
1082 3219 1330 3291 ἐζήτησε·
1382 3221 1469 3275 καὶ
1503 3222 1530 3274 6
1567 3219 1818 3298 βασιλεὺς

190 3303 394 3381 ἐκύρωσε
445 3310 573 3380 μετ’
615 3309 793 3362 αὐτῶν
839 3309 1271 3384 τριακοντούτεις
1326 3308 1580 3372 σπονδάς.
1625 3309 1816 3367 Ἀδελ-

189 3395 259 3470 eoi
307 3393 358 3450 δὲ
413 3395 510 3452 δύο
601 3397 928 3470 Σαρακηνοὶ,
975 3405 1077 3468 τῆς
1160 3397 1415 3462 Σικελίας
1475 3403 1815 3474 κρατοῦντες,

189 3484 298 3556 πρὸς
339 3483 632 3558 ἀλλήλους
681 3481 842 3561 ἔσχον
895 3483 1276 3565 διαφοράς,ὧν
1336 3490 1524 3558 ἅτερος
1578 3494 1658 3562 τῷ
1719 3490 1814 3566 βα-

189 3571 306 3626 σιλεῖ
353 3574 649 3648 Ῥωμαίων
735 3576 1132 3654 προσπέφευγε,
1222 3578 1543 3654 συμμαχίαν
1625 3577 1812 3638 αίτῶν.

190 3661 451 3718 Στὲλλεται
511 3663 699 3719 τοίνυν
758 3665 786 3718 6
838 3665 1121 3741 πατρίκιος
1173 3665 1442 3742 Γεώργιος
1476 3668 1504 3721 6
1535 3665 1814 3738 Μανιάκης

188 3749 535 3828 ἐπικουρήσων
643 3753 836 3826 αύτῳ,
919 3748 1320 3830 Λογγιϐαρδίας
1406 3757 1812 3832 προχειρισθεὶς

186 3842 484 3917 στρατηγός.
547 3843 732 3914 Μήπω
813 3840 870 3897 δὶ
951 3844 1050 3912 τήν
1105 3841 1357 3899 Σικελίαν
1411 3843 1812 3909 καταλαϐόντος

184 3933 260 3981 τοῦ
311 3931 584 4002 Μανιάκη,
639 3933 689 3986 οἱ
768 3931 968 4002 ταύτης
1055 3931 1478 4009 ἡγεμονεύοντες
1556 3933 1809 4012 σύγγονοι

184 4018 297 4089 πρὸς
349 4018 640 4093 ἀλλήλους
699 4019 1037 4090 ἐσπείσαντο,
1092 4021 1183 4077 καὶ
1257 4017 1633 4080 καταλαϐόντα
1717 4025 1806 4081 τὸν

181 4108 431 4180 Μανιάκην
459 4108 731 4166 ἀπελάσαι
776 4118 876 4181 τῆς
927 4113 1094 4183 νήσου
1145 4108 1493 4186 διεμελὲτων,
1524 4113 1613 4168 καὶ
1670 4136 1807 4189 συμ-

186 4196 361 4280 μαχίαν
436 4197 491 4272 ἐξ
580 4201 842 4276 ’Δφρικῆς
929 4199 1365 4276 μετεπέμψαντο.
1437 4201 1808 4280 Συρραγίντος

182 4279 228 4339 δὲ
297 4286 566 4363 πολέμου,
623 4290 686 4345 τὸ
745 4290 1050 4365 Ῥωμαϊκὸν
1133 4291 1394 4369 ἐκράτησε
1477 4279 1804 4370 στράτευμα,

1927 3151 2057 3206 quas
2087 3135 2409 3192 christiana
2437 3142 2581 3204 erat,
2615 3154 2733 3192 una
2761 3153 2892 3193 cum
2916 3135 3034 3192 {ilio
3061 3152 3261 3207 pacem
3293 3149 3426 3188 cum
3456 3133 3566 3189 Ro-

1927 3225 2119 3281 manis
2151 3225 2337 3282 facere
2369 3226 2616 3282 studuit.
2664 3230 2850 3294 Quare
2900 3227 3048 3282 237
3107 3226 3426 3297 imperator
3477 3223 3572 3277 in-

1926 3314 2134 3371 ducias
2166 3317 2412 3389 triginta
2441 3334 2723 3374 annoram
2749 3333 2882 3372 cum
2915 3333 2984 3372 ea
3012 3315 3255 3389 pepigit.
3279 3316 3424 3371 Cum
3456 3314 3570 3368 duo

1925 3401 2136 3460 fratres
2167 3405 2437 3477 Agaremi
2475 3406 2684 3462 Siciliae
2714 3406 3096 3478 imperantes,
3120 3406 3271 3460 inter
3301 3419 3364 3458 se
3396 3402 3570 3458 dlBBl-

1925 3490 2152 3560 derent,
2182 3509 2502 3566 eorumque
2533 3494 2677 3551 alter
2706 3496 3076 3566 imperatoris
3130 3509 3299 3565 opem
3354 3491 3568 3562 implo-

1924 3586 2133 3652 rasset,
2205 3583 2488 3657 Georgius
2539 3585 2831 3643 Maniaces
2891 3583 3175 3656 patricius
3207 3579 3421 3636 auxilio
3483 3578 3567 3633 illi

1925 3669 2144 3728 missus
2173 3679 2281 3740 est,
2318 3674 2734 3746 Longobardias
2760 3679 2970 3745 praetor
3025 3672 3391 3744 designatus.
3453 3669 3562 3733 Qui

1923 3764 2240 3832 antequam
2273 3762 2329 3818 in
2362 3763 2617 3818 Siciliam
2640 3763 2916 3828 venisset,
2949 3761 3033 3817 illi
3068 3762 3220 3816 inter
3249 3776 3312 3816 se
3364 3774 3568 3814 recon-

1921 3850 2122 3919 ciliati,
2145 3856 2203 3906 et
2231 3851 2551 3907 Maniacem
2583 3851 2793 3908 insula
2813 3852 2974 3908 aditu
3011 3849 3319 3923 prohibere
3349 3846 3563 3916 conati,

1920 3940 2140 3996 auxilia
2195 3941 2542 4013 Carthagine
2615 3945 2948 3996 evocarunt.
3001 3939 3110 3995 Sed
3165 3954 3362 4010 pugna
3409 3951 3564 3991 com-

1919 4029 2124 4098 missa,
2157 4030 2457 4086 Romanus
2485 4029 2773 4086 exercitus
2826 4029 2986 4100 vicit,
3045 4042 3372 4099 magnaque
3409 4023 3567 4079 crede

1918 4118 2464 4191 Carthaginensium
2494 4119 2669 4189 edita,
2716 4119 2998 4175 tredecim
3056 4118 3231 4172 urbes
3283 4114 3565 4186 principio

1914 4205 2204 4261 vastavit:
2236 4205 2446 4262 deinde
2503 4206 2785 4278 paulatim
2826 4205 3211 4280 Progrediens
3269 4201 3564 4258 Maniaces

1913 4297 2099 4350 totam
2132 4295 2391 4352 Siciliam
2421 4298 2683 4351 Romano
2713 4295 2958 4368 imperio
3009 4293 3285 4351 restituit.
3343 4292 3564 4348 Edessa

177 4372 250 4487 καὶ
301 4376 455 4454 φόνου
516 4377 734 4435 πολλοῦ
788 4383 896 4435 τῶν
928 4376 1328 4457 Καρχηδονίων
1361 4381 1677 4458 γεγονότος,
1709 4381 1806 4439 πό-

1918 4399 2046 4440 vero
2077 4401 2288 4456 parum
2318 4384 2506 4442 abfuit
2537 4385 2679 4457 quin
2713 4385 2786 4441 ab
2821 4383 3111 4441 Arabibus
3133 4382 3265 4440 dolo
3323 4397 3560 4453 capere-

179 4457 276 4526 λεις
344 4467 435 4540 μὶν
528 4467 794 4544 πρότερον
880 4467 1206 4545 ἐξεπόρθησε
1263 4457 1390 4526 δέκα
1437 4469 1525 4526 ἰπὶ
1575 4471 1748 4548 τρισίν
1784 4490 1796 4505 ·

180 4549 274 4608 εἶτα
322 4556 452 4612 κατά
511 4558 704 4635 μικρὸν
757 4553 1070 4634 προϐαίνων
1126 4559 1154 4614 6
1213 4558 1522 4633 Μανιάκης,
1552 4559 1642 4616 καὶ
1697 4567 1800 4617 πᾶ-

180 4659 256 4695 σαν
284 4646 377 4715 τήν
404 4646 660 4702 Σικελίαν
704 4650 772 4723 τῇ
804 4647 1087 4721 Ῥωμαίων
1145 4647 1414 4724 ἡγεμονίᾳ
1469 4651 1797 4728 προσήγαγε.

179 4733 360 4817 ξίικροῦ
390 4733 436 4790 δ’
467 4734 530 4791 ἃν
561 4734 707 4790 ὶάλω
737 4739 770 4808 ἡ
807 4734 1055 4808 Ἔδεσσα,
1089 4733 1240 4811 δόλῳ
1284 4739 1453 4807 αὐτὴν
1501 4744 1608 4794 τῶν
1643 4741 1799 4817 Ἀρά-

179 4811 269 4904 Εων
313 4823 723 4895 μελετησάντων
773 4825 1163 4902 χειρώσασθαι.
1197 4825 1414 4884 Δώδεκα
1464 4829 1565 4904 γὰρ
1623 4811 1797 4886 αὐτῶν

181 4903 428 4986 ἄρχοντες,
502 4913 834 4989 ἐπαγόμενοι
917 4915 1206 4989 καμήλους
1289 4903 1664 4989 πεντακοσίας,
1723 4921 1796 4977 ὧν

180 4993 343 5081 him
393 4997 624 5060 κιϐώτια
682 5000 778 5059 δύο
836 5003 1132 5081 ἐτι-ἤχθετο,
1192 5007 1326 5077 ἧκον
1386 5006 1464 5070 είς
1521 5005 1794 5064 Ἔδεσσανο

179 5079 368 5145 ἕκαστον
398 5088 455 5148 δὲ
483 5098 592 5149 τῶν
625 5087 900 5150 κιϐωτίων
950 5079 1196 5168 νόπλίτην
1242 5097 1385 5174 εἶχεν
1431 5097 1598 5161 ἰντός.
1631 5095 1794 5156 Ἔλε-

179 5194 256 5249 γον
304 5176 358 5236 δὶ
411 5182 620 5240 ἀπιέναι
677 5183 816 5262 πρὸς
875 5183 1105 5261 βασιλέα
1153 5182 1302 5259 δῶρα
1329 5185 1647 5262 κομίζοντες
1701 5187 1792 5243 καὶ

1909 4476 2026 4530 tur.
2051 4477 2199 4530 Nam
2239 4473 2547 4531 duodecim
2589 4490 2792 4531 eorum
2849 4473 3145 4547 principes
3201 4471 3560 4543 quingentos

1909 4562 2161 4620 camelos
2191 4564 2470 4620 Edessam
2502 4565 2817 4634 adduxere,
2877 4564 3046 4620 binas
3101 4558 3360 4617 cistellas
3417 4573 3556 4630 ges-

1907 4656 2257 4725 tantes,quaa
2277 4653 2522 4709 totidem
2545 4658 2802 4710 armatos
2829 4646 3557 4718 claudebant,simulantes

1908 4757 1972 4797 se
2003 4742 2342 4816 imperatori
2376 4759 2623 4800 munera
2651 4742 2952 4799 oblaturos
2977 4757 2991 4797 :
3014 4741 3116 4797 sed
3149 4738 3200 4795 si
3231 4734 3558 4792 intromissi

1908 4835 2125 4898 essent,
2160 4832 2218 4887 in
2270 4831 2468 4888 animo
2527 4831 2822 4888 habebant
2876 4834 3050 4888 noctu
3101 4827 3329 4885 eductis
3375 4824 3556 4882 armis

1908 4921 2114 4976 urbem
2146 4937 2374 4992 capere.
2408 4921 2622 4976 Prmtor
2653 4922 2948 4993 principes
3007 4920 3078 4976 ad
3139 4934 3202 4976 se
3259 4917 3558 4988 ingressos

1907 5009 2226 5066 honoriﬁce
2256 5008 2503 5082 excepit,
2537 5025 2740 5066 eorum
2780 5010 3068 5067 ministris
3125 5022 3259 5065 cum
3317 5005 3558 5063 camelis

1907 5100 2099 5157 adhuc
2131 5105 2292 5156 extra
2315 5099 2520 5157 urbem
2547 5100 2789 5157 retictis.
2821 5101 2933 5157 Sed
2983 5117 3116 5156 cum
3164 5098 3404 5172 quidam
3457 5101 3560 5150 Ar-

1908 5191 2140 5248 menius
2171 5189 2500 5261 mendicus,
2551 5190 3057 5264 Arabioalingua
3105 5205 3346 5261 gnarus,
3401 5185 3557 5257 apud

1435 5362 1641 5428 Varia
1669 5361 1970 5428 lectiones
1999 5370 2062 5428 et
2090 5370 2278 5428 notes.

391 5517 660 5609 Kgl_toi¢
735 5518 1094 5609 Πατζινάκαις
1158 5520 1298 5609 .λεία
1399 5521 1787 5609 γίγονεῌτῶν

1918 5524 2320 5609 δίστομα-εις)υά
2368 5524 2780 5609 B_alsamomen
2824 5525 2898 5609 ad
2944 5529 3241 5609 Nomocqn.
3301 5541 3360 5600 p.
3422 5527 3548 5602 140,

186 5581 381 5666 lapsis},
428 5581 653 5650 Notum
697 5581 1093 5666 proverbium,
1142 5596 1214 5654 de
1269 5581 1496 5666 συοἼὸ
1528 5599 1684 5655 notis
1715 5599 1788 5656 ad

187 5657 475 5723 Alexiadem
505 5657 776 5738 quaedam
826 5657 1150 5741 attigimus.
1184 5673 1250 5726 In
1283 5657 1460 5726 Alexii
1507 5671 1788 5729 Comneni

1899 5599 1926 5656 1
1960 5599 2098 5657 edit.
2131 5594 2220 5657 Τά
2241 5601 2467 5674 Φρυγῶν
2495 5597 2586 5653 καὶ
2615 5601 2836 5669 Μυσῶν,
2868 5599 2904 5670 ἡ
2932 5597 3226 5676 παροιμία.
