4036 6206
370 351 486 411 18⁵1

1728 346 2053 407 JOANNIS
2097 347 2437 409 ZONABJE

3669 356 3786 418 188

366 481 588 539 Arabes
611 482 751 538 foris
772 481 1136 538 diversantes
1161 475 1763 544 mendicaret,audivit
1806 492 2008 549 quem-

2129 472 2438 562 ἐϐούλοντο,
2498 479 2544 534 εί
2605 486 3066 560 παραχωρηθεῖεν
3125 483 3277 540 ἔνδον
3363 483 3666 562 εἲσαγαγιῖν
3721 487 3788 541 τὰ

369 573 505 628 dam
536 587 566 629 θ
593 571 710 628 cita
730 574 1168 643 percontantem
1191 568 1288 624 ubi
1311 571 1510 624 essent
1540 566 1568 620 ?
1596 569 1653 622 et
1683 566 1887 621 urbem
1936 566 2020 621 in-

368 679 632 735 gressus,
664 665 1060 717 commentum
1092 656 1344 730 praetori
1376 655 1622 728 aperuit.
1661 656 1714 710 Is
1758 655 2021 710 Arabum

370 751 666 824 principes
697 751 754 805 in
789 751 931 805 urbe
963 749 1338 804 convivantes
1373 745 1696 816 reliquit,et
1735 761 1870 800 cum
1897 745 2022 800 suis

367 858 642 914 egressus
682 839 898 912 apertis
941 838 1128 904 cistis,
1163 841 1423 892 armatos
1462 851 1666 891 omnes
1706 833 2018 899 interfecit,

370 948 436 987 ac
467 931 526 985 in
582 931 786 985 urbem
844 944 1168 1000 regressus,
1228 927 1406 982 duces
1463 926 1565 996 qui
1606 923 1816 997 reliqui
1858 927 2024 979 erant

377 1019 571 1093 gladio
603 1019 996 1086 confecit,uno
1027 1021 1261 1073 tantum
1291 1014 2022 1081 dimisso,ambu1ansma-

368 1109 566 1176 nibus,
622 1125 766 1164 naso
797 1113 854 1163 et
885 1107 1127 1163 auribus
1153 1104 1585 1176 truncatoszqui
1610 1103 1834 1159 cladem
1856 1101 2020 1156 illam

371 1197 531 1252 domi
564 1199 964 1254 nuntiaret.At
993 1194 1469 1267 Carlhaginensis
1524 1209 1766 1249 suarum
1825 1191 2020 1263 copia-

363 1303 494 1341 rum
527 1286 764 1342 interitu
799 1286 1050 1358 cognito,
1085 1285 1210 1356 ipse
1243 1301 1376 1340 cum
1411 1284 1632 1356 majore
1657 1280 1910 1338 exercitu
1958 1279 2017 1335 in

364 1375 625 1431 Siciliam
668 1375 1380 1446 proﬁcisciturManiaces
1413 1372 1623 1429 castris
1654 1375 1856 1427 contra
1883 1386 2018 1426 eum

365 1464 593 1535 positis,
627 1468 684 1519 et
710 1463 917 1520 clessis
951 1465 1222 1536 praefecto
1255 1463 1550 1535 Stephano
1593 1461 1838 1533 patricio
1905 1459 2020 1514 im-

364 1557 628 1624 perators
661 1552 825 1608 afﬁni
855 1553 1016 1624 (nam
1046 1553 1098 1609 is
1141 1569 1373 1624 quoque
1442 1568 1560 1606 una
1589 1549 1813 1606 missus
1871 1547 2015 1620 erat)

363 1643 609 1697 mandat
628 1646 694 1697 ut
743 1659 905 1698 oram
957 1641 1316 1697 maritimam
1345 1639 1656 1712 diligenter
1684 1642 2018 1706 tueatur,ne

363 1729 839 1803 Carthaginensis
867 1731 1055 1785 victus
1081 1731 1334 1801 effugere
1366 1733 1561 1800 queat.
1596 1727 1793 1783 Prwlio
1853 1744 2012 1782 com-

363 1819 571 1886 misso,
603 1825 769 1875 tanta
801 1819 1118 1875 multitudo
1170 1821 1447 1874 Afrorum
1500 1819 1695 1890 periit,
1736 1821 1802 1871 ut
1854 1816 2012 1871 nullo
2048 1855 2094 1918 Β

363 1925 544 1980 prope
594 1926 837 1964 numero
905 1909 1322 1980 comprehendi
1365 1912 1594 1979 jquoat.
1653 1907 1762 1961 Sed
1811 1921 2015 1961 eorum

364 1997 639 2069 princeps
669 2014 868 2071 pugna
899 1997 1487 2070 elapsus,conscensa
1517 1995 1726 2066 celoce,
1760 1995 2017 2066 deceptis

364 2084 706 2152 classiariis,
739 2088 980 2143 domum
1032 2087 1219 2142 rediit.
1274 2087 1336 2141 Id
1368 2085 1659 2141 Maniaces
1718 2083 2018 2156 aagerrime

363 2174 580 2245 ferens,
614 2175 826 2231 classis
857 2176 1128 2248 praefecto
1163 2175 1550 2231 conviciatur.
1586 2175 1638 2229 Is
1667 2189 1804 2230 vero
1839 2172 2022 2245 impe-

362 2263 576 2320 ratoris
605 2264 892 2320 affinitate
928 2265 1136 2331 fretus,
1161 2265 1314 2321 238
1377 2281 1510 2319 cum
1568 2263 1770 2334 iniquo
1823 2261 2019 2317 animo

365 2353 755 2409 contumelias
779 2355 1121 2426 accepisset,
1156 2371 1222 2410 ac
1277 2353 1539 2408 vicissim
1592 2351 1814 2422 aliquid
1850 2350 2023 2405 dixis-

372 2446 485 2510 set,
518 2459 551 2497 a
575 2442 832 2499 Maniace
864 2443 951 2498 ira
983 2443 1201 2515 percito
1252 2444 1612 2508 verberatus,
1664 2439 1867 2496 statim
1921 2438 2022 2494 lit-

372 2531 514 2586 teris
543 2532 781 2603 scriptis
812 2533 885 2588 ad
935 2533 1258 2604 spadonem
1305 2533 1596 2588 Joannem
1655 2529 1852 2585 uxoris
1902 2545 2020 2583 sua

371 2619 610 2676 fratrem
655 2621 1202 2693 Orphanotophum,
1262 2621 1576 2676 Maniacem
1627 2618 2023 2674 calumniatur

374 2712 440 2762 ut
468 2709 852 2764 defectionem
882 2709 1244 2765 molientem.
1281 2708 1519 2773 Quaille
1550 2709 1621 2763 de
1670 2723 1847 2762 causa
1892 2706 2020 2760 vin-

374 2801 505 2852 ctus
529 2797 589 2852 in
623 2798 829 2853 urbem
889 2799 1101 2853 ductus
1158 2798 1436 2853 custodias
1468 2797 1805 2866 mandatur,
1862 2793 2022 2850 omni

377 2885 724 2941 auctoritate
747 2886 807 2940 in
838 2886 1197 2958 Stephanum
1231 2885 1553 2941 translata:
1616 2899 1805 2954 neque
1836 2881 2022 2937 multo

375 2979 510 3045 post
539 2973 733 3030 insula
764 2975 821 3028 in
848 2979 1248 3046 Agarenorum
1284 2977 1634 3046 potestatem
1661 2969 2023 3039 rediit,ducis

370 3061 688 3133 imperitia,
739 3062 1027 3130 socordia,
1085 3079 1151 3118 ac
1203 3062 1477 3118 sordibus
1519 3060 1832 3132 imprimis,
1899 3058 2024 3115 sola

366 3152 635 3206 Messana
657 3163 808 3223 (quae
837 3155 894 3207 et
925 3151 1054 3223 ipsa
1083 3150 1291 3207 Siciliae
1324 3152 1466 3205 urbs
1500 3149 1630 3221 est),
1657 3149 1870 3204 virtute
1917 3147 2021 3203 Ca-

2126 561 2376 636 κιϐώτία,
2432 571 2624 632 νυκτὸς
2679 571 2807 634 τοὺς
2869 572 2922 628 ἐν
2968 574 3154 637 αὐτοῖς
3206 574 3439 639 ὁπλίτας
3489 561 3788 652 ἐξαγαγεῖν,

2127 657 2216 710 καὶ
2245 658 2343 727 τὴν
2376 656 2538 713 πόλιν
2571 659 2734 719 ἑλεῖν.
2777 661 3134 727 Εἰσελθόντας
3185 662 3278 718 οὗν
3335 666 3475 740 πρὸς
3533 665 3627 719 τὸν
3685 671 3786 734 τῆς

2128 744 2345 807 πόλεως
2377 750 2684 824 στρατηγὸν
2730 750 2858 814 τοὺς
2902 750 3171 828 ἄρχοντας
3222 753 3532 831 φιλοτίμως
3580 752 3789 815 ἐκεῖνος

2131 832 2364 904 ἐδέξατο.
2399 838 2465 893 Οἱ
2525 835 2572 892 δ’
2613 837 2832 902 ἐκείνοις
2893 841 3283 918 ὑπηρετοῦντες
3346 843 3478 915 μετὰ
3532 846 3638 897 τῶν
3699 863 3795 896 κα-

2135 923 2327 997 μήλων
2379 921 2454 981 ἔτι
2503 935 2604 996 τῆς
2653 928 2868 992 πόλεως
2903 931 3036 1000 ἦσαν
3076 930 3195 1002 ἔξω.
3231 933 3538 1007 Προσαίτης
3592 928 3649 986 δέ
3705 952 3793 993 τις

2130 1015 2412 1089 Ἀρμένιος
2459 1015 2618 1080 εἰδὼς
2663 1018 2753 1072 καὶ
2810 1020 2908 1088 τήν
2974 1016 3218 1095 Ἀράϐων
3272 1017 3555 1076 διάλεκτον
3615 1041 3791 1096 προσ-

2128 1102 2268 1172 ῆλθε
2319 1109 2436 1168 τοῖς
2493 1104 2644 1168 ἐκτὸς
2703 1106 3091 1182 αὐλιζομένοις
3152 1111 3358 1186 ’Λραψι
3420 1111 3787 1183 μεταιτήσων·

2127 1189 2329 1262 ἤκουσε
2359 1191 2417 1248 δὲ
2472 1193 2532 1249 ἐκ
2587 1191 2851 1252 κιϐωτίου
2906 1198 3055 1261 τινὸς
3112 1197 3450 1275 ἐρωτῶντος,
3483 1195 3591 1269 ὅπη
3657 1199 3785 1254 εἰσί·

2127 1283 2216 1337 καὶ
2275 1282 2350 1346 εἰς
2380 1285 2478 1354 τήν
2531 1283 2695 1340 πόλιν
2756 1285 2930 1342 ἐλθὼν
2988 1288 3295 1365 ἀπήγγειλε
3349 1290 3412 1344 τὸ
3473 1286 3654 1365 δρᾶμα
3705 1293 3794 1361 τῷ

2128 1377 2438 1447 στρατηγῷ.
2481 1374 2544 1430 Ὀ
2604 1371 2662 1429 δὲ
2715 1374 2840 1438 τοὺς
2903 1378 2998 1450 μὲν
3055 1376 3324 1454 ἄρχοντας
3377 1382 3485 1432 τῶν
3533 1371 3792 1452 Ἀράϐων

2130 1461 2546 1536 εὐωχουμένους
2578 1462 2630 1518 ἐν
2683 1469 2752 1538 τῇ
2809 1463 2971 1520 πόλει
3002 1466 3314 1536 κατέλιπεν,
3347 1467 3505 1530 αὐτὸς
3536 1465 3594 1521 δὲ
3645 1467 3793 1540 μετά

2127 1556 2235 1608 τῶν
2286 1553 2408 1630 περὶ
2459 1553 2616 1608 αὐτὸν
2658 1553 2910 1627 ἐξελθὼν,
2942 1556 3126 1612 καὶτὰ
3179 1553 3411 1612 κιϐώτια
3468 1555 3792 1635 διαῤῥήξας,

2127 1641 2252 1704 τοὺς
2309 1641 2360 1697 ἐν
2424 1643 2606 1706 αὐτοῖς
2664 1645 2890 1708 ὁπλίτας
2922 1645 3227 1703 ἀπέκτεινεν
3278 1649 3534 1719 ἅπαντας,
3565 1649 3655 1702 καὶ
3713 1646 3800 1710 εἰς

2126 1733 2225 1800 τήν
2257 1730 2418 1787 πόλιν
2452 1731 2602 1796 αὖθις
2634 1733 3029 1808 ὑπονοστήσας,
3069 1735 3197 1799 τοὺς
3254 1737 3347 1810 μὲν
3391 1736 3620 1798 λοιποὺς
3665 1741 3781 1790 τῶν

2126 1820 2402 1897 ἀρχόντων
2460 1823 2636 1877 αὐτῶν
2699 1824 2974 1901 μαχαίρας
3023 1823 3169 1880 ἔθετο
3227 1823 3403 1902 ἔργον·
3439 1827 3556 1889 ἑνὸς
3597 1823 3657 1880 δὲ
3687 1825 3791 1887 τὰς

2125 1914 2313 1985 χεῖρας
2373 1909 2774 1982 ἀποτεμὼν,τὰ
2829 1912 2942 1966 ὦτά
2997 1933 3057 1967 τε
3109 1913 3199 1968 καὶ
3246 1915 3346 1982 τὴν
3377 1913 3497 1990 ῥῖνα
3549 1914 3792 1992 ἀφῆκεν,

2119 1997 2212 2053 τίνα
2239 2004 2355 2061 τοῖς
2387 1996 2528 2053 οἴειοι
2558 2000 2621 2054 τὸ
2652 2005 2812 2072 σῶμα
2840 2001 2940 2070 τὴν
2983 2003 3267 2078 συμφορὰν
3323 2000 3790 2079 καταγγέλλοιεν.

2124 2089 2189 2145 Ὀ
2216 2085 2272 2142 δὲ
2303 2084 2706 2164 Καρχηδόνιος,
2739 2091 2831 2144 τὸν
2863 2085 3087 2166 ὄλεθρον
3141 2096 3250 2146 τῶν
3299 2093 3387 2146 ὑπ’
3416 2092 3580 2148 αὐτοῦ
3637 2114 3794 2165 πεμ-

2128 2176 2364 2242 φθέντων
2423 2176 2501 2240 εἷς
2549 2177 2799 2235 Σικελίαν
2863 2180 3070 2252 μαθὼν,
3117 2180 3275 2243 αὐτὸς
3338 2181 3415 2244 εἷς
3466 2183 3564 2253 τὴν
3617 2189 3796 2252 νῆσον

2127 2266 2441 2344 ἐστράτευσε
2501 2269 2636 2341 μετά
2694 2265 2977 2342 δυνάμεως
3030 2267 3298 2331 πλείονος.
3333 2270 3432 2324 Καὶ
3490 2271 3518 2324 6
3572 2272 3784 2325 Μανιά-

2126 2377 2230 2425 κης
2312 2354 2908 2431 ἀντιστρατοπεδεόεται
2993 2363 3109 2420 τοῖς
3164 2359 3507 2434 Ἀγαρηνοῖς,
3544 2358 3634 2413 καὶ
3706 2356 3794 2430 τῷ

2126 2448 2223 2498 106
2281 2443 2477 2500 στόλου
2532 2444 2858 2521 κατάρχοντι
2925 2450 3005 2519 τῷ
3062 2447 3330 2521 πατρικίῳ
3389 2450 3648 2522 Στεφάνῳ
3707 2450 3795 2518 τῷ

2126 2538 2225 2588 106
2288 2532 2556 2608 βασιλέως
2623 2530 2858 2611 γαμϐρῷ
2911 2535 3258 2609 (συνέσταλτο
3317 2537 3421 2612 γὰρ
3475 2535 3565 2591 καὶ
3619 2536 3796 2597 οὗτος

2129 2621 2274 2694 αὐτῷ
2339 2622 2473 2692 μετὰ
2525 2627 2622 2678 106
2681 2622 2901 2698 στόλου)
2933 2625 3188 2702 ἀσφαλῶς
3243 2632 3432 2702 τηρεῖν
3479 2623 3793 2679 ἐνετείλατο

2127 2713 2226 2782 τὴν
2283 2710 2695 2789 παράλιον,’ίνα
2753 2714 2828 2786 μὴ
2881 2713 3134 2785 ἡττηθεὶς
3182 2711 3316 2777 ἴσως
3349 2715 3377 2769 ὁ
3409 2711 3801 2789 Καρχηδόνιος

2131 2799 2427 2878 ἀποδρᾶναι
2458 2799 2764 2873 δυνήσεται.
2798 2804 2997 2878 Μάχης
3054 2802 3233 2858 τοίνυν
3295 2802 3583 2874 συστάσης,
3640 2800 3797 2872 πλῆ-

2123 2903 2222 2958 ¹θος
2285 2892 2377 2965 μὲν
2431 2896 2540 2946 τῶν
2598 2893 2817 2970 Ἄφρων
2875 2891 3138 2966 ἀνῄρητο,
3186 2890 3378 2969 σχεδόν
3432 2913 3486 2946 τι
3539 2897 3794 2969 κρεῖττον

2129 2980 2218 3035 καὶ
2277 2980 2534 3056 ἀριθμοῦ,
2569 2982 2596 3035 6
2655 2978 2711 3035 δὶ
2766 2980 2940 3036 αὐτῶν
3001 2981 3246 3057 ἀρχηγὸς
3295 2978 3516 3058 διαδρὰς
3579 2980 3637 3036 ἐκ
3689 2983 3800 3049 τῆς

2137 3068 2346 3146 μάχης,
2377 3069 2466 3124 καὶ
2498 3067 2741 3142 κελητίῳ
2795 3064 3118 3143 ἐμϐεϐηκὼς
3168 3067 3349 3125 λαθών
3384 3092 3444 3125 τε
3471 3071 3599 3132 τοὸς
3625 3068 3677 3125 ἐν
3708 3073 3797 3142 τῷ

2133 3158 2313 3233 στόλῳ
2372 3156 2556 3214 οἷ’καδε
2639 3157 2967 3215 διασέσωστο
3017 3163 3194 3218 Τοῦτο
3259 3165 3338 3233 τῷ
3421 3161 3671 3234 Μανιάκῃ
3729 3159 3791 3215 ἐν

365 3239 656 3295 tacalonis
685 3241 961 3296 Ambusti
993 3240 1252 3312 praefecti
1311 3240 1588 3296 Romanis
1641 3241 2017 3294 conservata:

2132 3250 2413 3328 συμφορὰς
2465 3247 2644 3323 ἥγητο
2705 3248 2876 3324 μέρει,
2908 3249 2997 3304 καὶ
3046 3254 3124 3322 τῷ
3152 3253 3249 3304 106
3295 3247 3495 3305 στόλου
3553 3251 3794 3325 ἄρχοντι

363 3327 466 3400 qui
495 3328 651 3384 idem
683 3329 870 3386 multa
886 3330 1149 3386 hostium
1177 3328 1363 3384 millia
1393 3327 1623 3384 cecinit.
1656 3329 1731 3382 At
1774 3327 2022 3398 impera-

362 3417 508 3474 toris
539 3419 748 3475 fratrer
775 3420 958 3492 spado
989 3418 1267 3485 Joannes,
1294 3418 1669 3490 pontiﬁcatus
1700 3415 2020 3487 cupiditate

366 3506 644 3579 ﬂagrans,
678 3510 967 3580 quosdam
999 3525 1068 3564 ex
1116 3508 1416 3580 primariis
1448 3506 1856 3563 sacerdotibus
1907 3504 2020 3561 sibi

368 3596 722 3665 conciliavit,
765 3598 865 3669 qui
920 3597 973 3653 ei
1013 3597 1446 3670 pollicebantur
1486 3613 1546 3652 se
1576 3596 1700 3651 loco
1759 3599 2022 3651 moturos

367 3684 639 3742 Alexium
700 3687 1124 3759 patriarcham,
1175 3691 1240 3742 ut
1297 3687 1398 3759 qui
1441 3703 1554 3742 non
1603 3685 2021 3740 communibus

374 3775 798 3848 suﬂ'ragiis,sed
829 3777 1206 3849 imperatoris
1229 3776 1572 3833 auctoritate
1595 3779 1825 3830 creatus
1846 3781 2018 3830 esset.

369 3863 470 3920 Ille
499 3882 632 3921 vero
666 3881 680 3921 :
710 3867 794 3938 Si,
828 3866 1245 3938 inquit,contra
1273 3881 1508 3922 canones
1536 3881 1626 3920 me
1643 3864 2024 3936 patriarcham

369 3969 486 4009 esse
509 3955 717 4025 factum
748 3957 1021 4023 asseritis,
1056 3957 1099 4010 ii
1147 3956 1316 4010 etiam
1360 3956 1514 4027 quia
1540 3969 1624 4008 me
1679 3953 1836 4008 electi
1891 3954 2024 4008 sunt

373 4042 486 4098 loco
515 4046 858 4099 moveantur.
921 4043 984 4099 Id
1048 4059 1388 4116 responsum
1473 4042 1663 4099 effecit
1709 4045 1775 4098 ut
1833 4040 2022 4097 ceteri

373 4133 706 4189 sacerdotes
737 4149 770 4188 a
799 4133 1143 4204 patriarchae
1171 4133 1614 4189 accusatoribus
1657 4131 2020 4203 dissidirent,

371 4224 430 4276 et
459 4219 984 4293 Orphanotrophus
1017 4222 1210 4293 impos
1232 4222 1350 4277 voti
1385 4222 1757 4277 reddereter:
1793 4221 1893 4292 qui
1948 4221 2022 4275 ad

373 4314 637 4380 quaestus
685 4310 1100 4383 excogitandos
1149 4311 1575 4376 calidissimus,
1631 4327 1767 4366 cum
1818 4308 2024 4366 multis

371 4399 630 4455 insolitis
681 4401 1090 4457 exactionibus
1149 4400 1422 4457 subditos
1480 4404 1730 4468 vexaret,
1813 4399 2026 4456 accidit

369 4491 436 4542 ut
465 4505 632 4545 soror
659 4491 788 4562 ejus
821 4489 1002 4547 Maria
1040 4488 1348 4545 Michaelis
1379 4489 1712 4561 Cataphatw
1763 4489 1862 4560 qui
1894 4492 2027 4561 post

2128 3337 2482 3413 ἐλοιδορεῖτο.
2511 3343 2616 3392 T06
2677 3335 2735 3393 δὲ
2775 3342 2843 3412 τῇ
2877 3337 3153 3416 συγγενείᾳ
3177 3343 3242 3413 τῇ
3280 3338 3540 3415 βασιλικῇ
3589 3359 3794 3394 πεποι-

2129 3429 2308 3498 θότος,
2357 3427 2447 3482 καὶ
2509 3424 2939 3502 δυσχεράναντος
2991 3428 3129 3503 πρὸς
3176 3428 3272 3490 τὰς
3331 3422 3536 3502 ὕϐρεις,
3586 3427 3678 3482 καί
3734 3449 3795 3483 τι

2129 3516 2628 3591 ἀνθυπενεγκόντος,
2690 3518 2849 3590 θυμῷ
2921 3515 3152 3588 ληφθεὶς
3229 3518 3257 3572 6
3317 3518 3628 3588 Μανιάκης,
3691 3519 3796 3571 καὶ

2128 3606 2348 3682 πληγὰς
2407 3605 2624 3661 ἐντείνει
2682 3605 2934 3678 αὐτῷ.Ὁ
2965 3603 3022 3660 δὲ
3063 3605 3254 3662 αὐτίκα
3300 3606 3494 3685 γράφει
3551 3611 3634 3678 τῷ
3690 3628 3799 3683 γυ-

2129 3693 2473 3772 ναικαδὲλφῳ
2543 3697 2654 3768 (11)
2730 3695 2949 3768 Ἰωάννῃ
3021 3699 3100 3766 τῷ
3200 3693 3448 3768 ἐκτομίᾳ,
3526 3695 3797 3770 Ὀρφανο-

2128 3785 2315 3863 τρόφῳ
2383 3782 2756 3856 ὀνομασθέντι,
2807 3781 3105 3855 ἀποστασίᾳ
3170 3783 3468 3860 ἐπιχειρεῖν
3526 3785 3616 3839 τὸν
3674 3791 3796 3840 Μα-

2129 3873 2340 3944 νιάκην.
2391 3873 2655 3928 Ἐντεῦθεν
2716 3873 2743 3926 6
2803 3873 2897 3946 μὶν
2959 3871 3268 3946 Μανιάκης,
3315 3870 3538 3948 δέσμιος
3590 3873 3797 3938 ἐκεῖθεν

2131 3963 2408 4039 ἀναχθεὶς,
2442 3959 2658 4040 φυλακῇ
2703 3959 3002 4037 παρεδόθη,
3034 3965 3069 4033 ἡ
3126 3961 3381 4036 σύμπασα
3425 3961 3472 4018 δ’
3503 3964 3650 4040 ἀρχή
3709 3969 3796 4037 τῷ

2132 4051 2386 4128 Στεφάνῳ
2442 4050 2830 4126 περιελήλυθε.
2864 4051 2962 4106 Καὶ
3019 4054 3054 4122 ἡ
3113 4059 3276 4122 νῆσος
3321 4053 3424 4108 οὐκ
3454 4051 3531 4115 είς
3583 4055 3797 4130 μακρὰν

2136 4141 2239 4198 ὑπὸ
2318 4141 2444 4204 τοὺς
2505 4141 2840 4217 Ἀγαρηνοὺς
2917 4141 3008 4196 καὶ
3093 4139 3244 4205 αὖθις
3302 4140 3509 4216 ἐγένετο
3568 4141 3799 4218 ἀπειρίᾳ

2130 4231 2219 4286 καὶ
2254 4229 2493 4308 ῥᾳθυμίᾳ
2519 4232 2616 4285 τοῦ
2661 4227 2950 4306 ἄρχοντος,
2983 4229 3072 4285 καὶ
3129 4230 3236 4305 πρὸ
3291 4229 3498 4285 τούτων
3555 4228 3797 4308 αἲσχρο-

2131 4317 2422 4396 κερδείαις,
2462 4319 2633 4393 μόνης
2662 4325 2762 4389 τῆς
2806 4320 3094 4390 Μεσσήνης
3127 4317 3311 4393 (πόλις
3369 4315 3427 4374 δὲ
3485 4318 3619 4390 αὕτη
3677 4324 3792 4375 τῶν

2135 4410 2460 4483 Σικελικῶν)
2536 4407 2972 4487 περιλειφθείσης
3048 4407 3365 4481 Ῥωμαίοις,
3421 4408 3511 4464 καὶ
3588 4407 3796 4480 ταύτης

2132 4504 2230 4555 106
2291 4497 2342 4554 ἐν
2405 4497 2540 4572 αὐτῇ
2617 4499 3054 4574 στραγηγοῦντος
3101 4494 3458 4573 ἀνδραγαθίᾳ,
3519 4498 3677 4561 οὗτος
3745 4495 3795 4552 δ’

368 4575 681 4649 imperavit
712 4583 918 4649 mater,
977 4580 1131 4635 votis
1175 4578 1478 4635 exsolutis.
1512 4577 1740 4650 Epheso
1798 4595 2020 4634 reversa

2134 4589 2202 4658 ἦν
2261 4589 2288 4644 ὁ
2347 4585 2688 4660 Κεκαυμένος
2764 4585 3098 4642 Κατακαλών
3129 4604 3142 4619 ⁸
3206 4585 3266 4641 οὗ
3321 4586 3422 4664 γὰρ
3478 4587 3578 4656 τὴν
3627 4585 3792 4642 πόλιν

368 4672 633 4724 narraret
659 4685 834 4739 quam
866 4667 1078 4724 misere
1127 4668 1351 4724 subditi
1382 4667 1545 4725 novis
1595 4666 1714 4723 illis
1773 4667 2023 4725 exactio-

369 4756 546 4812 nibus
566 4761 979 4828 tractarentur,
1016 4775 1082 4814 ac
1114 4761 1336 4831 peteret
1368 4762 1432 4814 ut
1460 4775 1611 4815 onus
1663 4758 1808 4814 illud
1862 4757 2026 4815 laxa-

369 4847 661 4901 retur.Cui
684 4864 820 4905 cum
843 4848 1130 4905 cachinno
1154 4848 1457 4920 respondit
1478 4847 2022 4921 Orphanotrophus,

2139 4677 2299 4753 μόνον
2359 4675 2768 4755 περιεφύλαξεν,
2800 4673 2947 4732 ἀλλὰ
2999 4675 3090 4731 καὶ
3141 4673 3403 4752 χιλιάδας
3458 4674 3638 4731 ἀνεῖλε
3682 4681 3795 4732 τῶν

2136 4766 2408 4824 ἐναντίων.
2441 4767 2502 4824 Ὁ
2557 4764 2613 4821 δὲ
2676 4771 2774 4822 106
2832 4763 3101 4842 βασιλέως
3156 4762 3414 4843 ἀδελφὸς,
3448 4766 3475 4820 6
3535 4764 3796 4840 ἐκτομίας

2132 4857 2418 4928 Ἰωάννης,
2450 4855 2775 4933 δριμύνατον
2835 4856 3044 4935 τρέφων
3105 4852 3282 4932 ἔρωτα
3338 4859 3435 4911 106
3492 4861 3798 4933 προστῆναι

371 4950 502 4990 eam
524 4936 736 4993 sentire
766 4943 832 4993 ut
861 4937 1192 5009 mulierem,
1224 4955 1353 5010 qua:
1397 4939 1692 5011 ignoraret
1745 4943 2020 5011 quantam

2132 4954 2234 5016 τῆς
2291 4943 2638 5018 Ἐκιιλησίας,
2683 4945 2854 5008 ἐνίους
2911 4949 3020 5001 τῶν
3075 4941 3379 5023 ἀρχιερέων
3437 4942 3797 5022 προσηταιρί-

370 5024 683 5095 pecuniam
715 5027 972 5098 postulet
1002 5028 1342 5102 imperium.
1364 5029 1474 5084 Zoe
1502 5045 1636 5084 vero
1683 5027 2020 5100 imperatrix

2136 5056 2287 5108 σατο,
2346 5035 2398 5089 οἳ
2452 5033 2598 5107 αὖτῷ
2656 5030 3066 5112 ἐπηγγέλλοντο
3125 5039 3453 5107 καθαιρῆσᾳι
3527 5035 3619 5090 τὸν
3688 5053 3797 5089 πα-

368 5112 457 5168 illi
479 5114 907 5174 insidiataesse
937 5119 1169 5174 fertur:
1223 5118 1449 5174 medico
1507 5117 1666 5174 enim
1726 5118 2020 5190 potionem

2133 5126 2404 5203 τριάρχην
2464 5121 2735 5195 Ἀλέξων,
2789 5124 2864 5188 ὡς
2943 5125 3004 5180 οὗ
3063 5125 3232 5204 ψήφῳ
3288 5129 3459 5198 κοινῷ
3508 5144 3799 5202 προχειρι-

369 5210 718 5277 purgantem
739 5206 792 5261 ei
821 5208 1202 5278 propinaturo
1239 5208 1585 5263 muneribus
1634 5211 1693 5262 et
1739 5207 2020 5279 pollicita-

2137 5216 2344 5287 σθέντα,
2375 5210 2501 5268 ἀλλ’
2531 5211 2743 5286 ἐξουσίᾳ
2792 5211 3074 5289 βασιλικῇ.
3106 5213 3169 5271 Ὁ
3219 5207 3298 5283 δὲ,
3333 5211 3403 5272 Ei
3455 5208 3520 5268 οὗ
3575 5235 3792 5269 κανονι-

369 5302 630 5361 tionibus
661 5303 958 5376 persuasit
988 5309 1052 5360 ut
1081 5305 1340 5362 toxicum
1371 5321 1477 5376 pro
1536 5303 1780 5361 salutari
1838 5305 2020 5362 medi-

2135 5309 2266 5374 κῶς,
2318 5301 2393 5365 ὥς
2463 5323 2616 5382 φατε,
2675 5301 2874 5379 γέγονα
2945 5303 3319 5380 πατριάρχης,
3379 5302 3648 5374 ἀντέθετο,
3703 5302 3793 5360 καὶ

371 5393 506 5450 cina
523 5395 792 5451 offerret:
823 5393 926 5451 sed
960 5393 1058 5451 ille
1091 5394 1518 5452 adimadversis
1575 5393 1811 5451 insidiis
1869 5395 2020 5467 peri-

2139 5395 2255 5450 ὅσοι
2345 5394 2473 5468 παρ’
2549 5393 2685 5469 ἐμοῦ
2778 5392 3315 5470 ἐχειροτονήθησαν,
3390 5394 3796 5470 καθαιρεθήτωει

1638 5519 1842 5582 Variae
1889 5519 2187 5583 lectiones
2234 5524 2297 5582 et
2340 5526 2531 5583 notae.

445 5633 560 5705 (11)
587 5637 675 5706 Τῷ
704 5635 920 5709 γυναικὶ
951 5631 1194 5712 ἀδελφῷ.
1227 5639 1317 5695 An
1346 5630 1782 5714 γυναικαδέλφῳ,
1841 5637 2020 5695 uXOriI

375 5699 598 5781 ἀδελφῷ
629 5706 878 5782 Ἰωάννῃ.

2129 5635 2302 5695 Patri?
2351 5641 2493 5696 MSS.
2552 5636 2718 5712 Regii
2768 5650 2994 5706 omnes,
3024 5631 3087 5692 Ὁ
3142 5628 3201 5692 δὲ
3226 5629 3418 5691 αὐτίκα
3465 5633 3659 5713 γράφει
3715 5634 3793 5706 τῷ
