4036 6206
179 378 272 440 193
1408 355 1619 415 ANNA
1631 352 1824 416 LlUM
1879 352 2026 413 LIB.
2072 355 2264 416 XVII.

3423 367 3541 424 194

169 506 240 565 καὶ
292 501 340 558 οἱ
388 499 486 568 τὴν
547 489 828 572 βασιλείαν
872 489 1174 564 ξύμπαντες
1219 485 1632 566 ιπευφήμησαν,
1685 483 1771 539 καὶ

1892 489 2017 542 erat
2042 486 2392 559 (invaluerat
2419 487 2578 544 enim
2605 488 2862 563 hydrops
2883 492 3203 549 tumefacto
3255 497 3540 568 corpore),

170 588 544 668 ὁΤειχομηρός
572 579 927 651 κατελιύσθη.
965 580 1022 634 Ὀ
1068 575 1132 668 δε
1178 575 1452 668 Δολιάνος,
1514 574 1776 668 αὐτοκρά-

167 705 253 758 τωρ
279 665 585 755 γενόμενος,
649 671 758 728 είλὲ
787 692 845 725 τε
870 669 933 724 τὸ
977 667 1310 758 Δυρράχιον,
1367 665 1458 721 καὶ
1501 667 1637 758 κατά

167 753 392 830 Ἑλλάδος
444 764 724 839 ἰχώρησε,
790 759 880 814 καὶ
934 759 1036 826 τήν
1085 754 1383 812 Νικόπολιν
1442 755 1532 811 καὶ
1577 757 1644 808 τὰ
1689 753 1777 807 ὑπ’

167 863 298 929 αὐτὴν
364 853 848 932 προσεποιήσατο,
941 852 1048 902 τῶν
1145 847 1200 902 ἐν
1287 845 1470 907 αὐτοῖς
1544 843 1774 898 ἑκόντων

166 947 647 1026 προσπωρησάντων
678 942 850 1012 αὐτῷ,
882 937 995 993 ἐπεὶ
1048 939 1124 1012 μὴ
1156 932 1341 1015 ἔφερον
1373 936 1470 1003 τήν
1501 939 1598 989 τοῦ
1646 935 1777 1007 Ὀρ-

165 1023 468 1111 ςτνοτρόφου
500 1029 820 1104 ἀπληστίαν
861 1028 951 1084 καὶ
997 1029 1060 1084 τὸ
1110 1027 1419 1099 ἀκόρεστον.
1471 1024 1575 1080 Καὶ
1616 1024 1644 1078 6
1677 1023 1774 1111 μὲν

163 1130 274 1186 οὕτω
305 1110 456 1180 λείαν
494 1124 728 1188 Μυσῶν,
775 1120 838 1174 τὸ
880 1123 978 1175 τοῦ
1021 1116 1212 1192 λόγου,
1238 1116 1307 1170 τὰ
1347 1115 1633 1188 Ῥωμαίων
1671 1110 1776 1166 ἐτί-

162 1224 272 1274 θετο.
325 1217 382 1273 Ὁ
445 1210 505 1268 δὲ
589 1208 869 1287 βασιλεὺς,
943 1214 1044 1278 τῆς
1098 1204 1360 1281 ἀγγελίας
1425 1202 1777 1277 κομισθείσης

160 1308 274 1378 αὐτῷ
315 1305 447 1377 (15),
507 1300 709 1356 αὐτίκα
775 1299 935 1374 ὥρμα
1000 1291 1323 1352 καταλαϐεῖν
1390 1295 1480 1349 τὸν
1541 1295 1775 1347 ἀποστα-

158 1401 376 1466 τῆσαντα,
404 1390 584 1446 δεινὸν
617 1393 865 1466 ἡγεῖσθαι
905 1385 1102 1462 λέγων,
1162 1385 1206 1440 εἰ
1269 1381 1431 1458 μηδὲν
1491 1383 1650 1444 αὐτὸς
1707 1384 1774 1455 τῇ

163 1481 372 1559 βασιλείᾳ
435 1478 846 1554 προσενεγκὼν,
932 1482 1125 1550 μοῖραν
1205 1473 1407 1544 ταύτης
1478 1473 1780 1550 ἀφαιρεθεῖ-

159 1575 229 1628 civ
275 1591 386 1626 τινα
441 1563 899 1640 παραϐλέψεται.
951 1566 1072 1622 Ὀτι
1133 1561 1190 1618 δέ
1245 1563 1296 1618 οἱ
1352 1563 1658 1637 ἀπέγνωστο
1714 1562 1776 1616 τὸ

159 1663 398 1736 βιώσιμον
427 1655 566 1732 (ἤδη
601 1657 709 1732 γὰρ
743 1657 772 1710 6
824 1652 1010 1731 ὕδερος
1046 1653 1210 1708 αὐτοῦ
1257 1651 1642 1728 κατεκράτησε,
1686 1650 1776 1705 καὶ

157 1749 286 1805 αύτοῦ
311 1749 370 1803 16
399 1751 566 1820 σῶμα
598 1745 935 1820 ἐξώγκωτο),
961 1742 1024 1798 τό
1055 1763 1114 1796 τε
1144 1743 1396 1818 συγγενὲς
1423 1741 1646 1816 ἀπεῖργε
1673 1741 1773 1810 τήν

156 1837 455 1910 ίκττρατεὶαν
513 1834 669 1907 αὐτῷ
721 1831 1144 1909 παρακλήσεσι,
1189 1830 1279 1886 καὶ
1333 1831 1384 1884 οὶ
1442 1827 1778 1906 προῦχοντες

156 1933 232 1996 τῆς
257 1924 450 2000 βουλῆς
485 1924 590 1977 οὑκ
621 1921 859 1996 ἐπῄνουν
890 1921 952 1975 τὸ
1005 1917 1311 1995 βούλευμα.
1363 1915 1516 1974 Ἀλλ’
1571 1915 1774 1976 ὲκεῖνρς

160 2015 280 2086 ζήλῳ
332 2011 685 2088 ῥωννύμενος
715 2057 729 2079 ,
784 2009 874 2064 καὶ
931 2008 1242 2084 ἀντεπάγων
1300 2009 1368 2080 τῇ
1417 2005 1661 2076 ἀσθενείᾳ
1711 2006 1774 2059 τὸ

157 2104 410 2177 αρύθυμον,
476 2100 575 2155 ἐπὶ
637 2098 764 2163 τοὺς
819 2095 1123 2158 ἀποστάτας
1183 2099 1397 2171 χωρεῖ,
1454 2093 1546 2148 καὶ
1595 2093 1662 2162 ἧν
1709 2093 1772 2148 τὸ

157 2198 338 2265 πρᾶγμα
385 2188 677 2262 θαύματος
736 2185 903 2260 ἄξιον.
963 2185 1167 2246 Νυκτὸς
1222 2185 1328 2259 γὰρ
1383 2183 1621 2257 τῇνόσῳ
1678 2203 1773 2236 κα-

153 2277 535 2352 τεπονούμενος,
607 2277 698 2332 καὶ
760 2275 860 2330 οὐκ
923 2272 984 2329 ἂν
1033 2273 1086 2336 ἐς
1144 2270 1332 2347 αὔριον
1385 2272 1771 2341 ἀναστήσεσθαι

157 2366 607 2443 προσδοκώμενος,
654 2368 682 2421 6
714 2363 771 2419 δὲ
797 2362 1007 2438 ἡμὲρας
1038 2364 1157 2438 ἄρτι
1191 2360 1576 2440 διαφαινούσης
1616 2357 1772 2438 ἔφιπ-

159 2460 235 2518 πός
255 2478 307 2512 τε
335 2458 582 2532 ἑωρᾶτο,
633 2455 721 2509 καὶ
753 2453 950 2528 προῄει
1006 2459 1104 2522 τῆς
1160 2455 1430 2527 στρατιᾶς·
1478 2451 1564 2512 Ὠς
1621 2447 1667 2503 δ’
1719 2449 1771 2504 ἐν

161 2553 245 2608 τοῖς
294 2551 392 2600 τῶν
467 2544 811 2620 Βουλγάρων
884 2541 1056 2616 ὁρίοις
1135 2539 1366 2616 ἐγένετο,
1443 2540 1772 2612 ἡτοιμάζετο

164 2637 265 2710 πρὸς
296 2635 740 2712 ἀντιπαράταξιν.
796 2631 956 2689 Οὕτω
1019 2629 1064 2686 δ’
1118 2627 1391 2701 ἀλλήλοις
1435 2629 1503 2684 τὰ
1530 2628 1776 2706 τάγματα

161 2724 540 2801 σδνεῤῥώγεσαν,
601 2720 694 2777 καί
721 2743 774 2777 τι
806 2715 1014 2795 συμϐὰν
1047 2719 1262 2781 ἀπόνως
1317 2719 1463 2794 τάχα
1490 2723 1568 2790 τῷ
1621 2718 1774 2794 βασι-

161 2813 225 2867 λιῖ
244 2815 331 2882 τὴν
362 2814 518 2884 νίκην
588 2812 961 2888 προσένειμεν.
1007 2810 1067 2866 Ὁ
1120 2807 1219 2883 γάρ
1277 2828 1362 2863 τοι
1409 2811 1506 2862 τοῦ
1565 2807 1772 2882 Ἀαρὼν

161 2901 326 2957 bnivoli
378 2903 515 2970 υἱὸς,
585 2903 614 2956 6
670 2899 955 2977 πατρίκιος
1010 2896 1385 2967 ’Δλουσιάνος,
1443 2897 1589 2971 παρὰ
1643 2897 1775 2950 Ῥω-

167 2991 306 3063 μαίοίς
362 2989 456 3064 ἰὸν,
511 2990 615 3046 καί
667 3011 722 3046 τι
797 2988 1247 3066 προσκεκρουκὼς
1326 2991 1404 3059 τῷ
1465 2990 1774 3062 κρατοῦντι,

161 3079 220 3134 ἆτ’
265 3077 404 3135 οἷ’κου
479 3081 669 3154 μένειν
729 3075 1168 3149 καταδεδίκαστο,
1217 3077 1308 3132 καὶ
1363 3078 1502 3149 μήτε
1556 3075 1774 3152 προσιέ-

161 3190 221 3221 ναι
254 3170 372 3242 πρὸς
414 3171 480 3225 τὰ
547 3170 838 3245 ἀνάκτορα,
895 3169 1028 3241 μήθ’
1075 3163 1220 3228 ὅλως
1271 3165 1490 3221 εἰσιᾶναι
1537 3167 1673 3242 πρὸς
1711 3165 1775 3220 τὸ

160 3257 427 3330 Βαζάντιον,
484 3258 544 3313 εἶ
599 3258 674 3331 μὴ
724 3255 1044 3332 ἐπιτραπείη
1104 3257 1205 3324 τὴν
1258 3253 1488 3310 εἴσοδον.
1542 3254 1770 3328 Ἠθύμει
1801 3250 1845 3317 C

159 3350 254 3421 γοῦν
297 3344 379 3402 διὰ
428 3351 632 3412 ταῦτα,
705 3345 819 3400 ἐπεὶ
886 3342 934 3399 δ’
1003 3343 1227 3420 ἐγνώκει
1285 3345 1382 3412 τὴν
1436 3347 1531 3398 τοῦ
1588 3340 1770 3406 ἔθνους

163 3434 466 3506 ἀποστασίαν,
535 3436 627 3490 καὶ
679 3436 778 3504 τήν
835 3438 934 3488 τοῦ
993 3433 1261 3489 Δολιάνου
1318 3430 1518 3508 α’ίρεσιν
1578 3431 1654 3496 είς
1710 3434 1771 3488 τὸ

164 3524 308 3600 iam
362 3524 555 3580 αὐτοῦ·
614 3520 996 3600 ἀποδιδράσκει
1059 3521 1155 3595 μὶν
1210 3529 1309 3592 τῆς
1369 3521 1543 3583 οἴκίας
1585 3520 1767 3594 αὐτοῦ,

162 3613 226 3665 καὶ
275 3614 766 3692 μεταμφιέννυται,
821 3610 1115 3686 Ἀρμενίου
1186 3631 1244 3665 τε
1302 3608 1502 3678 στολὴν
1557 3609 1770 3684 περιθέ-

167 3721 286 3770 μενος
366 3704 568 3776 ἑαυτῷ,
644 3699 890 3774 Θεράπων
975 3701 1107 3754 εῖναι
1181 3704 1278 3754 τοῦ
1352 3697 1771 3774 Θεοδωροκάνου

165 3787 520 3864 πλαττόμενος,
577 3790 667 3845 καὶ
698 3790 910 3845 ἀπιέναι
938 3789 1074 3866 πρὸς
1102 3789 1165 3845 τὸ
1196 3786 1578 3862 στρατόπεδον,
1612 3785 1771 3845 ἔλαθε

166 3879 345 3948 πάντας,
409 3881 504 3936 καὶ
572 3882 708 3956 πρὸς
784 3877 1118 3956 Βουλγαρίαν
1196 3880 1553 3950 κατήντησεν.
1614 3876 1767 3936 Ἀλλ’

157 3968 228 4022 οὐκ
276 3970 451 4026 αὐτίκα
482 3968 665 4040 δῆλον
697 3963 846 4033 ἔθετο
897 3969 1104 4038 ἑαυτὸν,
1138 3967 1494 4042 προσομιλῶν
1523 3966 1581 4024 δέ
1635 3989 1767 4042 τισι,

160 4061 228 4111 τοῦ
253 4059 442 4134 Ἀαρὼν
494 4059 888 4132 ἀνεμίμνησκε,
947 4058 1058 4127 καὶ,
1119 4063 1278 4133 Ἄρα,
1313 4054 1523 4133 ἔλεγεν,
1579 4056 1633 4113 εἷ’
1682 4079 1766 4121 τις

157 4151 234 4200 τῶν
283 4147 479 4205 ἐκείνου
540 4146 751 4204 παίδων
804 4155 983 4224 παρῆν
1019 4191 1034 4217 ,
1113 4145 1288 4220 ἔδοξεν
1366 4146 1424 4202 ἂν
1494 4147 1620 4220 ὑμῖν
1693 4145 1769 4209 εἷς

159 4235 230 4303 τὴν
288 4242 375 4292 τοῦ
450 4238 642 4304 ἔθνους
725 4238 904 4314 ἀρχὴν
978 4237 1380 4313 προτιμότερος
1453 4240 1552 4291 τοῦ
1603 4236 1766 4291 νόθου

160 4324 471 4399 ὸγνήσιος;
552 4329 641 4389 Ὠς
721 4323 779 4381 δὲ
852 4328 1044 4388 πάντες
1117 4325 1412 4396 πεποίηντο
1467 4322 1535 4380 δι’
1593 4325 1763 4402 εὐχῆς

160 4411 206 4466 τὸ
253 4415 341 4471 ὑπὸ
395 4415 628 4493 γνησίου
685 4413 880 4480 παιδὸς
937 4413 1198 4492 ἄρχεσθαι
1255 4419 1352 4470 τοῦ
1409 4414 1640 4492 Ἀαρὼν,
1673 4413 1762 4470 καὶ

160 4501 234 4568 τήν
289 4505 557 4579 βασιλείαν
625 4505 778 4570 αὖθις
856 4503 1030 4559 αὐτῶν
1099 4503 1176 4566 εἷς
1231 4499 1611 4583 ἂναμφίϐολον
1665 4525 1761 4560 πε-

162 4595 361 4664 ριστῆναι
417 4593 606 4672 ἄνδρα,
659 4594 748 4648 καὶ
778 4599 856 4667 τῷ
884 4591 1053 4648 πάλαι
1089 4591 1353 4687 βασιλείιρ
1389 4595 1546 4687 Δγίξνει
1593 4614 1762 4670 προσ·
1795 4623 1842 4687 D

162 4681 326 4748 ἥκοντα
383 4689 672 4754 καθασῶς,
738 4683 979 4738 πιστεύει
1027 4685 1134 4738 τινὶ
1185 4682 1247 4738 τὸ
1297 4683 1606 4760 ἀπόρρητον
1654 4689 1762 4738 τῶν

167 4768 337 4839 μᾶλλον
386 4771 603 4828 εἰδότων
645 4774 706 4828 τὸ
753 4774 904 4848 γένος
946 4777 1044 4827 τοῦ
1094 4773 1321 4846 Ἀαρών.
1352 4773 1408 4827 Ὁ
1441 4770 1518 4843 δὲ,
1551 4793 1765 4848 περιερ-

163 4858 342 4934 γότερον
387 4862 530 4935 αὐτῷ
579 4862 901 4938 ἀνιχνεύσας
947 4862 1009 4917 τὸ
1073 4859 1214 4924 εἶδος
1267 4868 1386 4924 τοῖς
1433 4861 1762 4940 ὀφθαλμοῖς,

167 4946 253 5001 εἶτα
291 4952 370 5006 καί
414 4973 464 5007 τι
515 4957 744 5025 σημεῖον
796 4948 956 5013 εἰδὼς
1007 4952 1209 5028 προσὸν
1257 4952 1407 5024 αὐτῷ
1455 4948 1766 5028 ἀναμφίϐο-

168 5041 257 5105 λον,
297 5040 377 5094 καὶ
430 5046 590 5097 τοῦτο
640 5039 776 5096 ῒδεῖν
826 5042 1062 5098 ἀπαιτεῖ.
1121 5042 1192 5096 Τὸ
1263 5037 1310 5096 δ’
1368 5041 1436 5111 ἦν
1494 5042 1618 5120 περὶ
1671 5043 1764 5099 τὸν

219 5128 392 5203 (l5)‘0
457 5128 514 5185 δὲ
591 5130 871 5206 βασιλεὺς,
937 5136 1038 5201 τῆς
1098 5129 1360 5208 ἀγγελίας
1409 5130 1764 5206 κομισθείσης

1885 580 2012 632 tum
2031 577 2260 650 cognati
2290 577 2715 650 expeditionem
2746 581 2876 652 ejus
2900 581 3386 652 deprecabantur,
3411 588 3536 641 tum

1888 666 2172 739 primores
2225 669 2373 723 241
2429 673 2672 724 senatus
2732 671 3047 727 consilium
3099 672 3534 744 improbabant.

1889 763 1989 818 Ille
2009 780 2140 820 vero
2170 765 2545 822 aemulatione
2577 767 2985 838 confirmatus,
3008 773 3065 824 et
3109 769 3370 842 corporis
3433 772 3539 827 im-

1887 853 2240 909 becilitatem
2264 855 2445 910 animi
2475 855 2696 912 viribus
2731 863 3093 930 sustentans,
3129 865 3335 916 contra
3383 863 3539 918 sedi-

1886 943 2068 999 tiosos
2101 944 2510 1016 proficiscitur,
2544 962 2608 1002 ac
2641 963 2734 1002 res
2783 949 2934 1004 mira
2993 951 3258 1020 quaedam
3305 952 3537 1007 accidit.

1890 1041 2036 1099 Nam
2067 1057 2202 1096 cum
2233 1047 2406 1098 noctu
2441 1044 2643 1099 morbo
2669 1045 3119 1116 opprimeretur,
3160 1065 3265 1104 nec
3327 1050 3538 1121 postri-

1888 1131 1981 1186 die
2019 1137 2390 1188 surrecturus
2413 1137 2739 1204 putaretur,
2767 1134 3024 1191 diluculo
3077 1138 3133 1191 in
3189 1154 3338 1209 equo
3396 1155 3537 1194 con-

1887 1219 2262 1292 spiciebatur,
2281 1226 2338 1277 et
2368 1224 2688 1278 exercitum
2721 1226 3100 1295 praecedebat.
3122 1226 3286 1296 Utlin
3319 1226 3535 1300 Bulga-

1886 1326 2084 1366 rorum
2118 1311 2266 1366 ﬁnes
2305 1317 2560 1379 venerat,
2591 1329 2768 1384 seque
2795 1315 2883 1384 :ad
2933 1315 3054 1370 acie
3119 1317 3534 1372 decertandum

1887 1399 2150 1470 parabat,
2211 1401 2551 1472 priusquam
2627 1404 2916 1459 exercitus
3020 1406 3532 1477 congrederentur,

1888 1497 2167 1568 quiddam
2201 1499 2511 1554 intervenit
2540 1501 2692 1570 quod
2719 1500 3057 1572 imperatori
3075 1502 3321 1559 celerem
3353 1503 3531 1559 victo-

1888 1585 2036 1641 riam
2067 1587 2410 1644 sinelabore
2437 1589 2556 1643 ullo
2579 1590 2820 1661 peperit.
2875 1591 3017 1648 Nam
3069 1593 3316 1648 Aaronis
3375 1592 3535 1649 illius

1887 1675 2046 1730 ﬁlius
2103 1675 2423 1733 Alusianus
2483 1679 2786 1750 patricius,
2851 1697 2982 1735 cum
3037 1682 3190 1752 apud
3237 1683 3532 1738 Romanos

1887 1770 2062 1832 esset,
2091 1771 2266 1837 atque
2297 1767 2708 1839 imperatorem
2737 1769 3003 1824 nonnihil
3047 1771 3406 1837 offendisset,
3467 1789 3535 1828 ea

1805 1882 1853 1948 B
1887 1869 2056 1924 pcena
2097 1855 2380 1910 multatus
2443 1862 2585 1923 erat,
2643 1862 2708 1913 ut
2755 1859 2912 1913 domi
2955 1876 3018 1914 se
3068 1864 3294 1922 tenens,
3344 1877 3534 1931 neque

1884 1942 2104 2013 regiam
2149 1945 2565 2015 frequentaret,
2629 1962 2814 2017 neque
2873 1947 3213 2019 Byzantium
3262 1948 3535 2017 intraret,

1883 2030 2011 2086 sine
2043 2033 2334 2102 permissu
2369 2035 2757 2106 imperatoris.
2792 2037 2872 2091 Ea
2921 2036 3255 2092 calamitate
3302 2037 3530 2106 dolens,

1883 2127 1982 2181 ubi
2015 2130 2206 2200 gentis
2241 2147 2360 2185 sum
2418 2132 2800 2188 defectionem
2861 2135 3147 2206 cognovit,
3202 2140 3258 2190 et
3306 2136 3534 2191 Doliani

1881 2215 2246 2290 electionem,
2297 2220 2391 2274 cui
2451 2222 2772 2292 parendum
2835 2228 3024 2278 esset:
3077 2225 3250 2279 domo
3307 2225 3532 2310 effugit.

1883 2311 2226 2378 mutatoque
2277 2308 2510 2380 vestitu,
2569 2315 2625 2365 et
2697 2311 2960 2367 Armenii
3017 2311 3220 2368 habitu
3276 2308 3532 2386 sumpto,

1884 2403 2410 2462 Theodorocanise
2443 2408 2730 2464 famulum
2785 2426 2935 2475 esse,
2994 2415 3052 2465 et
3091 2411 3149 2465 iu
3200 2416 3394 2467 castra
3450 2413 3534 2468 ire

1884 2492 2236 2562 simulans,a
2267 2498 2499 2552 nemine
2521 2498 2757 2569 agnitus
2779 2503 2867 2554 est
2887 2499 3072 2555 donec
3104 2500 3162 2555 in
3193 2501 3528 2573 Bulgariam

1884 2582 2381 2652 pervenissetzac
2402 2601 2473 2640 ne
2522 2585 2601 2640 ibi
2663 2587 2900 2658 quidem
2951 2589 3147 2642 statim
3194 2606 3255 2644 se
3313 2606 3529 2662 cogno-

1884 2671 2168 2726 scendum
2191 2672 2459 2744 praebuit,
2491 2675 2593 2729 sed
2625 2673 2778 2730 inter
2807 2675 3257 2747 colloquendum
3281 2680 3529 2735 Aaronis

1885 2760 2240 2815 mentionem
2275 2762 2430 2832 apud
2463 2763 2748 2834 quosdam
2781 2763 3092 2836 interjecit,
3123 2782 3187 2820 ac
3221 2767 3365 2821 dixit
3395 2783 3408 2821 :
3470 2767 3532 2823 Si

1884 2849 2006 2919 quis
2036 2850 2190 2904 illius
2211 2851 2508 2906 liberorum
2539 2851 2750 2908 adesset
2783 2869 2802 2914 ;
2831 2855 3099 2925 numquid
3131 2855 3278 2910 vobis
3337 2857 3528 2927 legiti-

1882 2953 2006 2994 mus
2037 2954 2228 3010 spurio
2250 2941 2309 2995 in
2335 2943 2494 3012 regni
2511 2943 2804 3013 suffragiis
2823 2945 3206 3014 preferendus
3229 2945 3530 3001 videretur?

1882 3044 2022 3095 Cum
2055 3055 2260 3095 omnes
2291 3043 2898 3111 germanumAaronis
2925 3042 3108 3098 lilium
3130 3060 3322 3112 regem
3357 3050 3527 3117 opta-

1884 3134 2032 3199 rent,
2063 3133 2124 3184 ut
2147 3130 2479 3201 pincipatus
2509 3131 2566 3185 in
2619 3131 2806 3186 virum
2859 3132 3028 3202 cujus
3079 3133 3299 3189 natales
3365 3133 3521 3189 haud

1884 3219 2143 3290 ambigui
2175 3224 2390 3286 essent,
2443 3219 2662 3292 quique
2717 3237 2785 3276 ex
2843 3226 3073 3277 vetusta
3129 3223 3288 3294 regia
3345 3223 3527 3295 stirpe

1882 3308 2027 3362 citra
2057 3308 2508 3364 controversiam
2559 3309 2845 3381 originem
2899 3311 3179 3366 duceret:
3241 3328 3521 3367 arcanum

1881 3396 2113 3450 cuidam
2146 3413 2214 3451 ex
2252 3397 2324 3451 iis
2343 3397 2561 3468 quibus
2591 3399 2842 3453 Aaronia
2873 3399 3098 3454 familia
3128 3400 3320 3454 notior
3375 3405 3522 3468 erat,

1881 3494 2086 3566 aperit:
2120 3493 2218 3565 qui
2252 3509 2383 3548 cum
2413 3494 2619 3550 faciem
2647 3494 2804 3551 illius
2837 3496 3020 3551 oculis
3073 3496 3360 3552 curiosius
3391 3513 3522 3570 per-

1879 3583 2208 3650 lustrasset,
2242 3583 2479 3638 tandem
2512 3583 2750 3656 signum
2782 3585 2958 3640 etiam
2991 3585 3394 3641 indubitatum
3441 3586 3521 3641 vi-

1879 3673 2016 3728 dere
2041 3672 2223 3743 cupit.
2259 3672 2320 3726 Id
2353 3689 2483 3728 vero
2534 3679 2660 3728 erat
2719 3674 2887 3744 nigra
2947 3673 3178 3729 macula
3222 3674 3280 3729 in
3324 3675 3521 3731 cubito

1879 3762 2100 3824 dextro,
2128 3761 2326 3816 densis
2357 3760 2492 3832 pilis
2519 3763 3062 3826 circumdata.0uod
3093 3779 3228 3817 cum
3260 3763 3522 3832 vidisset,

1870 3862 1996 3932 jam
2029 3859 2189 3916 omni
2219 3859 2497 3932 scrupulo
2529 3865 2796 3932 exempto
2829 3865 3178 3933 prostratus,
3209 3861 3315 3917 viri
3346 3863 3524 3934 pedes

1878 3949 2272 4022 amplectitur,
2296 3965 2362 4005 ac
2393 3955 2630 4006 caeteros
2661 3967 2894 4022 quoque
2923 3951 3090 4006 docet
3119 3953 3324 4006 adesse
3383 3949 3527 4024 regii

1877 4039 2107 4112 generis
2158 4039 2480 4096 hominem.
2534 4038 2700 4094 Multi
2736 4040 2916 4112 igitur
2971 4041 3041 4095 ab
3093 4040 3368 4112 ambiguo
3427 4038 3526 4095 illo

1877 4127 2064 4183 avulsi
2121 4127 2193 4182 ad
2252 4144 2598 4200 germanum
2653 4145 2714 4184 se
2763 4127 3156 4184 contulerunt.
3218 4129 3328 4184 Sed
3389 4145 3526 4184 cum

1876 4217 2062 4274 diviso
2093 4216 2362 4289 imperio,
2396 4217 2768 4290 principibus
2807 4217 2957 4273 inter
2986 4234 3048 4272 se
3092 4217 3523 4282 dissidentibus

1876 4323 2122 4379 regnum
2155 4306 2478 4362 consistere
2508 4307 2747 4362 omnino
2780 4307 2933 4363 haud
2967 4323 3140 4379 posse
3197 4311 3523 4375 censerent,

1875 4397 2027 4452 inter
2053 4413 2182 4452 sese
2210 4395 2643 4468 pasciscuntur,
2679 4401 2743 4452 ut
2771 4395 3072 4452 communi
3095 4395 3338 4453 consilio
3371 4412 3525 4451 rem-

1874 4485 2172 4558 publicam
2219 4485 2723 4550 administrarent,
2784 4484 2967 4541 nihilo
3027 4486 3220 4542 secius
3279 4490 3526 4555 uterque

1876 4585 2045 4641 alteri
2077 4590 2389 4656 suspectus
2420 4587 2596 4655 atque
2628 4583 2937 4639 insidians.
2973 4584 3124 4639 242
3147 4582 3360 4637 Verum
3392 4580 3526 4636 Alu-

1877 4673 2081 4729 eianus
2111 4675 2182 4728 ad
2218 4673 2617 4728 insidiandum
2653 4672 2982 4743 promptior
3039 4671 3262 4726 Dollani
3321 4669 3520 4725 dolum

1876 4763 2203 4818 antevertit.
2237 4762 2381 4816 Nam
2417 4760 2674 4816 convivio
2707 4763 3004 4832 apparato,
3039 4764 3094 4815 et
3123 4757 3344 4831 collega
3374 4759 3522 4815 invi-

1874 4857 2014 4921 tato,
2051 4851 2330 4904 miserum
2365 4849 2669 4904 hominum
2696 4851 2849 4904 inter
2873 4847 3081 4920 pocula
3135 4847 3522 4918 comprehen-

1875 4956 2008 4996 sum
2065 4943 2297 4994 exwoat.
2348 4937 2407 4992 Si
2451 4937 2759 5010 Scrythicaa
2811 4936 3002 5010 gentis
3058 4937 3303 5010 imperio
3361 4937 3524 4995 solus

1875 5043 2118 5117 potitus,
2158 5040 2496 5115 imperatori
2519 5045 2740 5097 secreto
2796 5039 3056 5096 nuntiari
3091 5041 3286 5112 jubet,
3318 5055 3382 5096 se
3437 5039 3524 5097 illi

1875 5131 2233 5190 deditionem
2265 5131 2578 5200 facturum,
2612 5131 2663 5188 si
2685 5129 3006 5187 clementer
3025 5131 3404 5203 suscipiatur,
3464 5133 3524 5186 et

1396 5277 1600 5340 Variae
1631 5279 1931 5342 lectiones
1960 5283 2023 5340 et
2052 5282 2244 5341 notae.

177 5398 303 5475 αὐτῷ,
347 5413 418 5466 Ut
441 5411 682 5469 Michael
715 5411 1012 5484 Paphlago
1043 5411 1103 5466 in
1135 5409 1415 5484 Bulgaros
1446 5411 1769 5484 expeditio-

176 5489 290 5557 {terti
305 5484 908 5557 susceperit,quamvis
941 5483 1048 5556 ᾗγά
1061 5501 1196 5557 rop_e
1225 5483 1771 5557 laborans,’enarrat

181 5543 360 5629 l’sellus
381 5555 435 5629 in
463 5543 826 5629 Epistdlaad
858 5543 1304 5629 Mon'ornachum
1335 5573 1346 5610 :
1375 5543 1557 5629 Ζῆλος
1590 5556 1770 5629 ἐκτεῦ-

182 5624 246 5704 θεῖ
282 5626 339 5704 ἰῇ
382 5623 529 5704 νόσφ’
562 5623 920 5704 σϐεννύμενον
966 5626 1191 5704 ἀνάπτει
1236 5627 1327 5704 τὸν
1375 5627 1770 5704 αὐτοκράτορα,

179 5691 245 5742 καὶ
288 5691 338 5756 δὲ
384 5691 516 5773 μηδὶ
558 5691 814 5774 ἰννοήσᾶις
855 5698 924 5756 ’τὰ
970 5698 1072 5756 δσα
1103 5699 1423 5776 Pumice“
1455 5691 1632 5774 εἴτ’ἐθῆ
1681 5691 1770 5776 .μῆ

1877 5411 1976 5480 τήν
2031 5407 2232 5478 διπλῆν
2292 5405 2532 5478 δαπάνην
2586 5410 2686 5480 τοῦ
2729 5407 3006 5480 σώματος,
3067 5408 3142 5480 μὴ
3165 5408 3363 5480 [τὸ-τῆς
3392 5401 3522 5460 ὁδοῦ

1926 5476 2082 5553 ἦκος,
2143 5476 2338 5555 μῆίμτὸ
2367 5484 2462 5555 τού
2492 5476 2762 5555 πολέμου
2795 5476 3044 5555 δύσελπι,
3068 5476 3207 5555 ’μηδ’
3246 5477 3386 5555 ἄλλο
3422 5500 3523 5551 μη-

1913 5548 1988 5624 at,
2023 5548 2384 5625 τῆς’π’όλεως
2437 5548 2617 5625 ἔξεισι,
2655 5548 2754 5625 καὶ
2808 5553 2940 5608 κατὰ
2984 5548 3087 5607 τού
3111 5548 3523 5625 ἀποστήσαντος

1880 5620 2087 5693 ἔθνους
2109 5620 2484 5700 στρανεύεται,⁷
2507 5623 2620 5694 καὶ,
2649 5620 2694 5678 ὣ
2720 5629 2827 5681 τῶν
2856 5646 2944 5702 κρι
2996 5626 3134 5678 άτων
3167 5643 3260 5677 σοτ
3286 5625 3298 5680 ί
3333 5622 3521 5700 Κύριε,

1882 5700 2183 5754 λογίζεται.
2213 5694 2629 5754 παρατάττεται.
2687 5695 2899 5754 ἐλαύνει
2954 5646 3035 5754 ἴσθ’
3091 5693 3261 5753 ἵππου
3314 5693 3520 5754 νεκρός.

1882 5693 2183 5777 λογίζεται,
2213 5693 2629 5774 παρατάττεται,
2687 5693 2902 5755 ἐλαύνεί
2954 5693 3035 5776 ἔφ’
3091 5693 3261 5753 ἵππου
3314 5693 3520 5772 νεκρός.
