4036 6206
213 364 306 426 197

1489 345 1902 408 ANNALIUM
1945 345 2094 406 LIB.
2139 344 2328 407 XVII.

3470 356 3588 419 198
3668 329 3676 336 ’

209 493 456 552 ἀνύοντος.
537 489 602 544 Ὀ
665 487 754 560 μὲν
809 485 912 562 γὰρ
976 478 1232 560 βασιλεὺς
1298 475 1530 555 Μιχαὴλ
1591 475 1832 551 Καίσαρα

1949 477 2263 551 imperator
2286 481 2571 537 Caesarem
2615 481 2784 538 illum
2819 482 3056 555 quidem
3115 483 3464 556 appellarat,
3519 493 3589 546 ut

207 586 368 638 τοῦτον
442 575 722 649 ἐτίμησεν,
801 573 876 639 ὡς
959 569 1384 648 προγέγραπται,
1464 569 1576 624 εἶτα
1647 566 1830 642 ὥσπερ

211 665 658 743 μεταμελόμενος,
717 662 776 718 οὗ
835 662 1088 738 χρηστὴν
1163 659 1299 736 πρὸς
1377 656 1576 712 ἐκεῖνον
1651 654 1831 730 ἐτήρει

210 758 412 821 διάθεσιν
450 799 464 812 .
523 755 689 817 ’Όθεν
741 750 831 807 καί
887 746 989 822 ἔξω
1045 753 1151 804 ποῦ
1200 749 1300 818 τῆς
1355 746 1572 808 πόλεως
1633 743 1831 820 ὥριστο

213 849 333 918 αὐτῷ
380 848 413 914 ἡ
470 844 800 919 καταγωγὴ,
851 839 941 896 καὶ
983 836 1101 894 οὐδ’
1161 837 1338 916 ἐφεῖτο
1394 834 1594 908 τούτῳ,
1649 834 1694 890 εἰ
1756 834 1833 907 μὴ

206 932 513 1002 κελευσθείη,
577 932 717 1008 πρὸς
744 931 835 985 τὸν
891 928 1118 1006 βασιλέα
1169 930 1381 1005 φοιτᾷν.
1442 924 1573 982 Επεὶ
1615 921 1671 980 δὲ
1725 927 1832 978 τῶν

210 1021 471 1101 βασιλείων
541 1021 842 1092 ὑπεξῆλθεν
887 1020 916 1074 6
962 1017 1334 1093 αὐτοκράτωρ,
1382 1016 1456 1079 ὡς
1507 1012 1738 1088 εἷ’ρηται,
1784 1013 1836 1066 οἱ

207 1113 381 1169 ἐκείνου
459 1107 796 1187 αὐτάδελφοι
877 1105 1144 1184 βασίλειεν
1199 1106 1528 1160 πλάττονται
1584 1101 1835 1178 γράμμα³

203 1200 461 1277 ἐπιτρέπον
516 1199 712 1272 ὲκείνῳ
782 1199 882 1266 τήν
940 1198 1076 1270 πρὸς
1129 1197 1195 1250 τά
1251 1194 1521 1270 ἀνάκτορα
1574 1188 1834 1266 πάροδον.

205 1292 342 1350 Καὶὸ
374 1289 470 1362 μὲν
523 1285 905 1358 εἰσελήλυθεν·
966 1287 994 1341 6
1053 1282 1110 1340 δὲ
1161 1289 1377 1360 πρῶτος
1427 1287 1534 1338 τῶν
1589 1279 1834 1354 ἀδελφῶν

202 1383 225 1436 ὁ
280 1376 724 1455 Ὀρφανοτρόφος
801 1377 875 1450 μή
955 1372 1062 1430 δεῖν
1138 1367 1551 1428 συνεϐούλευσεν
1626 1369 1837 1445 ἐπιχει-

201 1477 339 1542 ρῆσαι
425 1466 620 1542 πράξει
682 1465 791 1520 τινὶ
867 1465 1092 1542 γνώμης
1146 1463 1245 1532 τῆς
1304 1457 1584 1536 βασιλίδος
1643 1459 1835 1535 χωρίς.

205 1557 436 1632 Προσίασι
493 1557 683 1611 τοίνυν
744 1554 924 1628 αὐτῇ,
980 1553 1070 1608 καὶ
1126 1557 1243 1614 τοῖς
1303 1549 1512 1621 ἐκείνης
1559 1549 1690 1604 ποσὶ
1746 1549 1837 1603 τὸν

204 1647 416 1722 Καίσαρα
474 1639 914 1710 καταϐάλλουσι,
967 1641 1058 1697 καὶ
1118 1636 1527 1716 προϐάλλονται
1583 1639 1682 1707 τὴν
1733 1638 1838 1692 εἰσ-

201 1735 422 1806 ποίησιν,
471 1734 567 1788 καὶ
601 1732 811 1794 πίστεις
867 1728 1098 1799 διδόασι,
1158 1729 1248 1786 καὶ
1307 1725 1596 1807 φρικώδεις
1647 1723 1840 1802 ὅρκους

204 1823 471 1898 όμνόουσιν
533 1823 573 1892 ἦ
638 1823 745 1896 μὴν
779 1826 874 1930 10:6
932 1813 1401 1930 ὀῖνόματοςωμάνου
1429 1825 1530 1924 τῇς
1566 1815 1842 1930 βασιλείας
1868 1865 1915 1930 Β

207 1912 435 1988 μετέχεισι
488 1912 590 1966 τὸν
645 1909 898 1987 Μιχαὴλ,
950 1908 1155 1979 ἐκείνης
1186 1906 1231 1963 δ’
1262 1908 1515 1975 εἶναιτὴν
1574 1905 1834 1976 ἐξουσίαν,

204 2005 275 2057 καὶ
331 2003 401 2062 ὡς
433 2000 841 2076 ἀργυρωνήτῳ,
903 1997 948 2051 εἷ
1003 1996 1278 2072 βούλεται,
1336 1996 1639 2070 κεχρῆσθαι
1669 1993 1836 2066 αὐτῷ.

205 2091 406 2153 Τούτοις
453 2088 696 2158 ἐκείνην,
746 2087 836 2142 καὶ
888 2085 1074 2148 ἄλλως
1116 2084 1387 2160 εὐαγωγον
1446 2082 1626 2152 οὖσαν,
1677 2103 1842 2138 κατα-

206 2179 573 2254 γοητεύσαντες
605 2221 622 2244 ,
681 2177 772 2232 καὶ
827 2175 1242 2245 καταθέλξαντες
1300 2178 1416 2236 τοῖς
1479 2171 1838 2248 μειλίγμασι,

208 2269 390 2324 συλῶσι
435 2267 529 2322 καὶ
576 2271 679 2322 τοῦ
727 2267 928 2322 ἑαυτῶν
956 2269 1174 2320 ποιοῦσι
1206 2263 1538 2336 θελήματος.
1600 2263 1696 2316 Καὶ
1753 2261 1838 2338 ἐγ-

205 2357 474 2433 χειρίζεται
525 2361 617 2429 τῷ
663 2355 893 2431 Μιχαὴλ
950 2356 1012 2410 τὸ
1062 2361 1361 2428 σκῆπτρον,
1418 2353 1507 2407 καὶ
1565 2349 1838 2408 ἀναδεῖται

205 2451 259 2518 τῇ
312 2444 574 2521 βασιλικῇ
635 2446 886 2524 στεφάνῃ,
939 2446 968 2499 6
1018 2444 1220 2513 ταύτης
1257 2442 1489 2515 ἀνάξιος,
1525 2441 1586 2496 οὐ
1625 2440 1836 2514 μᾶλλον

206 2535 254 2589 ὲκ
295 2537 496 2611 γένους,
551 2533 737 2589 καίτοι
793 2533 988 2588 τούτου
1040 2531 1227 2607 τυχὼν
1281 2529 1692 2607 δυσγενεστάτου
1749 2532 1838 2585 καὶ

208 2624 414 2699 ἀφανοῦς
469 2626 616 2696 (τῶν
648 2624 752 2698 γὰρ
795 2623 890 2684 τὰς
934 2627 1069 2691 νῆας
1118 2619 1585 2674 καταπιττούντων
1619 2619 1684 2687 ἦν
1729 2621 1838 2692 (19)

211 2712 335 2784 αὖτῷ
365 2714 392 2767 6
443 2713 682 2785 πατὴρ),
717 2713 840 2766 ὅσον
870 2711 930 2766 lx
974 2709 1189 2786 τρόπων
1222 2709 1548 2778 κακότῆτος.
1606 2711 1708 2764 Ἦν
1739 2709 1840 2783 γὰρ

209 2799 424 2864 ὕπουλος
457 2804 572 2874 μὴν
607 2803 706 2870 τήν
738 2801 984 2875 γνώμην,
1011 2799 1280 2874 ἀγνώμων
1311 2797 1368 2853 δὲ
1391 2799 1488 2867 τὴν
1522 2799 1707 2873 ψυχὴν
1752 2799 1842 2852 καὶ

212 2889 497 2964 ἀχάριστος,
529 2891 630 2944 καὶ
685 2892 823 2962 μήτε
852 2887 1154 2964 συγγενείας
1205 2887 1437 2960 θεσμοὺς
1473 2890 1610 2960 μήτε
1659 2885 1841 2964 φιλίας

215 2977 527 3052 αἰδούμενος.
573 2981 673 3036 Ἢν
707 2976 764 3033 δὲ
795 2979 846 3033 οἱ
877 2977 968 3032 καὶ
999 2979 1034 3046 ἡ
1064 2975 1283 3052 γλῶττα
1333 2977 1471 3051 πρὸς
1512 2976 1580 3030 τὰ
1611 2973 1843 3052 βουλεύ-

217 3088 334 3139 ματα
379 3071 476 3133 τῆς
531 3070 726 3143 ψυχῆς
787 3065 1114 3144 ἀσύμφωνος
1156 3065 1247 3120 καὶ
1300 3061 1645 3138 ἀσύμϐατος,
1703 3062 1843 3120 ἄλλο

219 3155 293 3226 μὲν
323 3155 392 3211 ἐνὶ
425 3156 589 3235 φρεσὶ
616 3155 882 3222 κεύθοντι,
915 3152 1060 3210 ἄλλα
1090 3151 1148 3209 δὶ
1196 3153 1435 3230 λέγοντι,
1465 3153 1553 3208 καὶ
1581 3153 1668 3209 ἐπὶ
1711 3154 1846 3209 τού-

1941 584 2124 640 supra
2156 569 2524 641 scripsimus,
2559 572 2658 626 sed
2694 571 2875 628 veluti
2901 573 3037 628 facti
3070 573 3380 645 pcenitens,
3414 578 3587 633 bene-

1940 657 2249 713 volentiam
2305 676 2443 732 erga
2481 659 2646 716 illum
2699 678 2814 716 non
2864 670 3255 719 conservarat.
3309 665 3474 722 Unde
3532 671 3590 723 et

1943 750 2108 802 extra
2132 747 2336 802 urbem
2368 749 2757 805 diversorium
2793 751 2843 805 ei
2866 753 3260 808 constitutum
3309 759 3452 824 erat,
3487 772 3591 813 ne-

1947 851 2058 908 que
2087 837 2443 907 permissum
2484 838 2644 894 adire
2697 838 3134 912 imperatorem,
3187 842 3301 898 nisi
3351 844 3592 914 jubere-

1947 930 2064 980 tur.
2089 925 2200 980 Sed
2234 926 2441 981 cumis
2472 927 2632 998 regia
2674 928 3039 996 excessisset,
3095 935 3160 985 ut
3203 931 3421 988 dictum
3479 941 3592 1001 est,

1948 1015 2158 1070 fratres
2179 1014 2339 1070 illius
2362 1017 2598 1071 nomine
2620 1018 2772 1074 243
2800 1017 3175 1090 imperatorio
3203 1020 3429 1078 litteras
3460 1038 3592 1080 con-

1948 1103 2262 1172 ﬁnxerunt,
2287 1104 2502 1175 quibus
2535 1105 2619 1160 illi
2651 1123 2926 1164 accessus
2953 1108 3012 1164 in
3041 1111 3258 1181 regiam
3287 1113 3591 1183 permitte-

1947 1193 2138 1248 batur.
2173 1195 2291 1258 Que
2331 1210 2464 1249 cum
2513 1195 2788 1265 venisset,
2817 1202 3052 1253 auctore
3103 1199 3590 1275 Orphanotropho

1949 1281 2171 1338 nullam
2205 1299 2326 1338 rem
2360 1283 2484 1340 sine
2517 1301 2799 1342 consensu
2834 1287 3222 1359 imperatricis
3244 1291 3590 1364 {suscipien-

1950 1371 2084 1427 dam
2117 1373 2362 1428 censuit.
2396 1377 2534 1429 Eam
2565 1375 2742 1445 igitur
2771 1376 3010 1445 adeunt,
3035 1381 3092 1432 et
3122 1377 3344 1434 Caesare
3375 1380 3447 1434 ad
3491 1397 3592 1453 pe-

1950 1461 2052 1516 des
2081 1460 2242 1518 illius
2292 1467 2604 1534 prostrato,
2655 1465 2989 1537 adoptionis
3038 1468 3593 1540 commonefaciunt,

1950 1550 2178 1621 ﬁdeque
2209 1551 2344 1606 data
2374 1553 2743 1610 sanctissime
2765 1555 2973 1626 jurant
3006 1556 3343 1614 Michaelem
3385 1558 3596 1615 verbo-

1947 1643 2122 1695 tenus
2153 1641 2436 1697 duntaxat
2466 1641 2876 1715 imperatorem
2913 1646 3056 1713 fore,
3115 1644 3275 1702 illius
3297 1663 3430 1703 vero
3489 1661 3594 1705 au-

1949 1728 2276 1784 ctoritatem
2308 1747 2542 1787 omnem
2573 1749 2702 1788 esse
2722 1738 3420 1808 cpportere,usuramque
3448 1736 3595 1809 ipsis

1950 1835 2063 1873 non
2087 1833 2256 1874 secus
2287 1836 2351 1875 ac
2383 1836 2492 1876 aere
2523 1827 2580 1877 et
2605 1821 2755 1878 libra
2775 1823 2992 1895 emptis
3024 1825 3358 1896 mancipiis.
3399 1826 3500 1882 His
3531 1828 3597 1882 il-

1948 1907 2087 1972 lam,
2122 1924 2223 1978 per
2251 1925 2313 1964 se
2335 1926 2570 1981 quoque
2601 1910 2826 1966 facilem
2858 1913 3165 1984 prmstigiis
3195 1931 3261 1968 ac
3292 1913 3596 1972 blanditiis

1947 1995 2254 2051 delinitam
2303 1997 2383 2052 ita
2432 2004 2731 2069 ceperunt,
2785 2005 2847 2054 ut
2887 2001 2945 2055 in
2997 2001 3261 2073 ipsorum
3312 2007 3596 2074 potestate

1948 2101 2095 2141 esse.
2137 2085 2339 2158 Itaque
2387 2087 2631 2144 Michael
2691 2094 2985 2160 sceptrum
3025 2090 3258 2162 accipit,
3303 2096 3360 2148 et
3417 2109 3596 2165 regna

1949 2191 2162 2230 corona
2214 2176 2541 2247 redimitur,
2591 2194 2708 2249 qua
2749 2177 3030 2250 indignus
3081 2185 3224 2244 erat,
3303 2197 3418 2235 non
3471 2186 3592 2236 tam

1949 2264 2021 2319 ob
2052 2279 2238 2335 genus
2284 2264 2662 2320 villissimum
2722 2271 2778 2321 et
2832 2269 3150 2322 obscurum
3211 2269 3398 2340 (pater
3436 2270 3592 2324 enim

1949 2353 2078 2422 ejus
2111 2369 2284 2408 naves
2307 2353 2535 2424 placare
2555 2353 3004 2427 solebat),quam
3027 2357 3100 2412 ob
3123 2372 3352 2412 morum
3381 2357 3596 2430 impro-

1949 2441 2212 2496 bitatem.
2246 2443 2376 2497 Fuit
2405 2443 2562 2498 enim
2596 2443 2829 2516 ingenio
2861 2445 3127 2515 subdolo,
3162 2447 3358 2502 animo
3390 2447 3593 2518 iniquo

1947 2535 2003 2585 et
2032 2530 2280 2602 ingrato,
2305 2547 2492 2602 neque
2516 2532 2882 2603 cognationis
2915 2549 3020 2588 nec
3051 2534 3322 2590 amicitiae
3344 2538 3480 2606 jura
3504 2553 3594 2592 re-

1947 2635 2174 2686 verens,
2233 2619 2436 2692 lingua
2497 2637 2669 2692 porro
2706 2623 2778 2677 ab
2810 2623 2992 2678 animi
3023 2624 3316 2680 sententia
3372 2624 3598 2682 dissen-

1949 2707 2126 2764 tiente
2153 2725 2218 2763 ac
2249 2709 2638 2781 discrepante,
2681 2709 2798 2766 alia
2821 2717 3036 2784 tegere,
3089 2711 3203 2768 alia
3258 2713 3449 2769 dicere
3507 2730 3596 2770 so-

1950 2797 2114 2852 litus.
2200 2798 2282 2852 Ad
2350 2814 2417 2852 ea
2483 2799 2794 2855 accedebat
2867 2801 3186 2872 singularis
3250 2802 3592 2860 invidentia.

1952 2885 2338 2956 Temporibus
2369 2886 2715 2944 difﬁcilibus
2745 2889 2975 2946 servilis
3005 2896 3130 2946 erat
3159 2897 3216 2947 et
3265 2891 3593 2962 illiberalis,

1950 2974 2270 3030 iracundus
2301 2980 2360 3030 et
2388 2977 2727 3034 mutabilis:
2770 2978 2854 3033 sic
2911 2983 3128 3050 tamen,
3180 2986 3305 3036 uta
3347 2981 3594 3036 benevo-

1952 3062 2135 3119 lentia
2166 3064 2394 3120 facilius
2417 3067 2621 3137 quavis
2659 3068 2729 3123 de
2758 3085 2935 3124 causa
2996 3069 3066 3123 ad
3126 3069 3594 3126 malevolentiam

1956 3154 2290 3222 declinaret,
2343 3172 2519 3226 quam
2577 3156 2650 3212 ab
2699 3157 3003 3212 iracundia
3061 3159 3132 3214 ad
3197 3159 3596 3215 clementiam.

214 3264 304 3308 τεις
348 3233 492 3320 εἷ’περ
543 3245 632 3308 τίς
682 3243 854 3306 ἄλλος
916 3245 1179 3319 βάσκανος
1211 3245 1240 3298 ὁ
1270 3242 1428 3318 ἀνὴρ,
1463 3241 1837 3319 δουλοπρεπής

1962 3244 2237 3307 Quamvis
2268 3248 2461 3298 autem
2489 3246 2624 3300 talis
2655 3252 2828 3311 esset,
2863 3247 2935 3302 ab
2965 3248 3366 3318 gubernacula
3414 3248 3600 3321 impe-

212 3355 259 3388 τε
282 3337 394 3408 περὶ
423 3335 519 3397 τὰς
574 3339 681 3389 τῶν
734 3338 938 3409 καιρῶν
987 3331 1278 3395 δυσκολίας
1333 3334 1420 3387 καὶ
1476 3330 1847 3409 ἀνελεύθερος,

213 3417 448 3498 δύσοργός
507 3444 576 3478 τε
640 3422 733 3476 καὶ
793 3416 1185 3495 εὐμετάϐολος,
1246 3421 1346 3476 οὐκ
1392 3419 1444 3491 ἐξ
1493 3421 1660 3498 ὀργῆς
1714 3422 1845 3498 ῥᾷον

214 3507 674 3586 μεταϐαλλόμενος
705 3510 781 3572 εἷς
825 3511 1128 3587 πραότητα,
1179 3509 1308 3565 ἀλλ’
1359 3509 1416 3565 ἐκ
1473 3513 1848 3587 χρηστοτέρας

209 3595 466 3664 διαθέσεως
527 3600 610 3663 εἷς
672 3605 838 3672 μῖσος
897 3599 958 3655 ἐκ
1011 3605 1108 3655 τοῦ
1159 3598 1424 3674 τυχόντος
1476 3600 1846 3678 μεταφερόμε-

209 3710 302 3751 νος.
325 3692 383 3748 '0
433 3692 534 3764 μὲν
592 3687 660 3758 δὴ
704 3693 952 3750 τοιοῦτος
1003 3687 1076 3742 ὣν
1111 3687 1198 3742 ἐπὶ
1253 3689 1343 3742 τὸν
1377 3685 1538 3758 ἄξονα
1591 3696 1692 3758 τῆς
1747 3690 1842 3764 βα-

213 3776 388 3834 σιλείας
445 3780 742 3854 ἀνάγεταιο
802 3782 882 3849 τῷ
939 3775 997 3832 δὶ
1055 3777 1504 3854 Ὀρφανοτρόφῳ,
1562 3777 1652 3831 καὶ
1716 3777 1844 3850 Θείῳ

211 3866 367 3937 αὐτοῦ,
409 3869 502 3923 καὶ
555 3871 637 3938 τῷ
684 3871 980 3942 συγγενικῷ
1039 3865 1306 3938 ξύμπαντι
1367 3866 1395 3919 6
1443 3864 1698 3943 κολοφὼν
1760 3865 1841 3921 ἆν-

208 3959 364 4018 τεῦθεν
423 3955 635 4025 ἐπῆκτο
695 3959 802 4008 τῶν
863 3958 1181 4032 συμφορῶν.
1213 3952 1284 4007 Οὐ
1332 3954 1431 4029 γὰρ
1493 3953 1579 4008 ἐπὶ
1633 3955 1839 4027 μακρὸν

208 4040 410 4116 ίτήρησε
463 4045 570 4113 τὴν
618 4045 826 4114 σκηνήν
877 4064 936 4098 τε
983 4042 1072 4098 καὶ
1110 4043 1212 4112 τὴν
1264 4042 1650 4118 προσποίησιν,
1713 4041 1840 4098 ἀλλ’

209 4127 280 4184 ἐπί
304 4153 446 4196 τινας
507 4132 808 4209 βραχίστας
854 4133 1064 4209 ἡμέρας
1116 4130 1380 4203 δεσπότην
1412 4132 1504 4186 τὸν
1537 4137 1680 4196 θεῖον
1712 4132 1840 4188 ὀνο-

211 4221 393 4291 μάζιον,
447 4223 545 4277 καὶ
597 4224 888 4277 συνθανοῦν
942 4223 1089 4276 αὐτῶ
1141 4222 1302 4294 ἀξιῶν
1331 4264 1346 4289 ,
1392 4221 1480 4276 καὶ
1538 4223 1711 4276 πάντα
1758 4221 1839 4277 ἐπ⁸

209 4305 368 4383 ἐκείνῳ
429 4311 736 4385 τιθέμενος,
795 4314 911 4366 εἶτα
971 4310 1163 4390 ὑφῄρει
1220 4333 1271 4366 τι
1329 4317 1429 4380 τῆς
1481 4318 1672 4385 τιμῆς,
1726 4310 1840 4366 είτα

209 4397 293 4453 οὐκ
318 4402 375 4468 ἦν
434 4400 587 4473 αὐτῷ
634 4403 915 4472 πειθήνιος
975 4399 1027 4455 ἐν
1075 4407 1190 4463 τοῖς
1245 4399 1488 4471 πλείοσι,
1519 4401 1605 4456 καὶ
1639 4397 1840 4457 ἄλλοτε

209 4485 326 4543 ἄλλο
375 4512 424 4546 τι
481 4490 623 4567 πρὸς
697 4491 788 4546 τὸν
865 4492 1006 4546 θεῖον
1078 4490 1365 4560 ὑποκνίζον
1426 4490 1588 4545 αὐτὸν
1645 4487 1838 4546 ἐνεδεί-

210 4594 366 4636 κνυτο.
414 4585 505 4652 Τῷ
563 4576 621 4634 δὲ
681 4577 947 4654 μετέμελε
1002 4581 1101 4649 τῆς
1133 4580 1210 4642 είς
1239 4581 1330 4635 τὸν
1367 4578 1586 4654 ἀνεψιὸν
1643 4585 1834 4636 τοῦτον
1869 4603 1915 4668 D

212 4665 444 4743 σπουδῆς,
477 4669 580 4724 οὐκ
608 4669 724 4744 εἶχε
783 4667 828 4725 δ’
886 4670 913 4725 ὃ
967 4690 1022 4725 τι
1053 4670 1141 4724 καὶ
1201 4667 1444 4746 δράσειεν
1493 4670 1545 4742 ἐξ
1591 4669 1832 4744 ἑτοίμου·

211 4753 732 4831 ἀλλ’ἐϐυσσοδόμευε
780 4758 843 4814 τὸ
894 4758 1222 4835 ἐγχείρημα,
1279 4758 1415 4822 τὲως
1476 4756 1532 4814 δὶ
1589 4759 1649 4815 οὐ
1683 4781 1834 4815 συνε-

212 4847 308 4917 χῶς
335 4849 559 4920 προσήει
590 4851 670 4920 τῷ
702 4848 937 4925 βασιλεῖ.
995 4853 1265 4927 Διαφορᾶς
1306 4845 1363 4902 δὲ
1393 4849 1529 4924 πρὸς
1560 4856 1838 4905 Κωνσταν-

211 4936 334 4989 τῖνον
357 4940 445 4993 τὸν
473 4933 710 5015 ἀδελφὸν
740 4937 887 5010 αὐτῷ
911 4938 1230 5012 γενομένης,
1261 4936 1307 5011 ᾧ
1338 4937 1490 5012 μόνῳ
1523 4937 1573 5009 ἐξ
1625 4939 1835 5009 ἀπάσης

1961 3330 2033 3385 rii
2063 3331 2346 3402 ascendit,
2380 3333 2440 3387 in
2466 3334 2696 3388 ruinam
2737 3341 2793 3389 et
2831 3335 3068 3392 exitium
3126 3337 3598 3410 Orphanotrophi

1959 3421 2252 3491 avunculi,
2284 3427 2340 3476 et
2369 3421 2547 3477 totius
2577 3423 2809 3478 familias
2841 3441 2976 3481 suae.
3001 3425 3198 3498 Neque
3218 3426 3371 3482 enim
3429 3427 3597 3482 ﬁctos

1957 3514 2015 3565 et
2035 3509 2339 3566 simulatos
2372 3526 2564 3566 mores
2594 3511 2689 3568 diu
2713 3513 2922 3583 tenuit,
2972 3515 3075 3568 sed
3126 3514 3432 3586 perpaucis
3473 3515 3599 3570 die-

1955 3598 2067 3653 bus
2099 3598 2454 3654 avunculum
2479 3601 2781 3672 despotam
2821 3601 3153 3673 appellavit,
3186 3619 3466 3659 consessu
3491 3620 3597 3658 suo

1955 3686 2256 3757 dignatus,
2288 3691 2344 3740 et
2373 3686 2572 3741 omnia
2601 3689 2673 3742 ad
2707 3687 2874 3742 illum
2903 3688 3120 3744 retulit.
3156 3689 3369 3744 Deinde
3398 3690 3598 3760 paula—

1952 3774 2058 3829 tim
2091 3774 2312 3844 aliquid
2345 3776 2416 3829 de
2456 3775 2674 3830 honore
2699 3776 3026 3831 subtraxit:
3051 3783 3180 3848 post
3207 3778 3501 3849 plerisque
3533 3778 3594 3834 in

1953 3864 2128 3919 rebus
2158 3865 2287 3935 ejus
2319 3865 2726 3920 auctoritatem
2759 3864 2904 3920 nihil
2940 3865 3096 3933 fecit,
3145 3871 3201 3921 et
3233 3865 3381 3923 alias
3435 3867 3595 3922 aliud

1950 3954 2085 4022 egit,
2109 3954 2265 4024 quod
2299 3952 2395 4010 ille
2426 3954 2807 4009 morderetur.
2843 3955 2950 4019 Qui
2986 3956 3093 4012 etsi
3144 3956 3408 4011 studium
3459 3973 3599 4029 erga

1950 4047 2218 4114 nepotem
2253 4060 2427 4098 suum
2458 4044 2787 4110 damnabat,
2815 4048 3012 4100 tamen
3037 4045 3174 4115 quid
3204 4044 3264 4100 in
3293 4045 3601 4116 praesentia

1950 4132 2164 4187 faceret
2196 4148 2310 4186 non
2344 4131 2724 4187 habebat:sed
2747 4131 2898 4188 clam
2931 4133 3125 4189 nescio
3158 4134 3297 4205 quid
3325 4135 3599 4190 cumani-

1950 4238 2045 4276 mo
2063 4237 2169 4276 suo
2193 4221 2422 4293 agitans
2436 4221 2548 4276 rari
2560 4238 2624 4276 us
2639 4221 2837 4276 adibat
2852 4221 3598 4293 imperatorem.Enimvero

1948 4310 2342 4367 controversia
2372 4310 2525 4365 inter
2554 4310 2752 4381 ipsum
2785 4318 2842 4365 et
2873 4311 3120 4366 fratrem
3153 4312 3602 4369 Constantinum

1949 4399 2214 4466 orta,cui
2265 4397 2372 4455 soli
2434 4415 2502 4454 ex
2542 4399 2820 4456 omnibus
2879 4400 3227 4456 necessariis
3282 4402 3602 4474 imperator

1949 4489 2278 4545 adhaerebat
2307 4506 2372 4546 ac
2404 4487 2754 4544 nobilissimi
2788 4489 3023 4546 titulum
3056 4489 3438 4558 concesserai;
3464 4508 3598 4547 cum

1948 4579 2268 4652 imperator
2299 4595 2411 4633 non
2446 4578 2813 4650 castigasset,
2861 4579 2933 4636 ob
2971 4580 3262 4636 Joannem
3329 4579 3598 4650 asperius

1948 4686 2009 4726 se
2041 4674 2322 4742 praesente
2352 4667 2720 4741 increpatum
2756 4685 2769 4724 :
2800 4669 3079 4738 Joannes,
3139 4667 3336 4723 dolore
3393 4672 3598 4724 contu-

1949 4758 2133 4815 meliae
2165 4759 2566 4826 exacerbatus,
2600 4757 2835 4830 longius
2865 4759 2937 4815 ab
2969 4759 3110 4814 urbe
3135 4757 3392 4814 resessit.
3443 4759 3599 4815 244

1947 4849 2068 4913 Quo
2101 4847 2332 4918 cognito
2383 4863 2659 4918 magnam
2708 4852 2948 4903 senatus
3000 4851 3224 4919 partem
3271 4847 3343 4902 ad
3404 4863 3466 4903 se
3513 4852 3599 4904 at-

1948 4937 2143 5003 traxit,
2183 4951 2297 4991 non
2331 4935 2486 5006 quod
2545 4951 2679 4991 eum
2714 4941 2873 4992 tanta
2939 4936 3344 4993 benevolentia
3398 4953 3599 5009 prose-

1475 5085 1682 5146 Variae
1711 5084 2010 5146 lectiones
2040 5085 2102 5141 et
2132 5084 2319 5140 notae.

275 5203 514 5282 Τῶν
543 5207 647 5282 γῗᾷρ
675 5206 770 5270 τὰς
817 5214 954 5282 νῆας
1002 5205 1476 5282 καταπιττούντων
1687 5208 1842 5264 Psel-

223 5271 298 5366 lu
325 5271 376 5331 in
405 5280 529 5334 ead.
801 5271 901 5366 Ιξαὶ
955 5281 1055 5350 τήν
1077 5277 1390 5366 ..βασίλειον
1447 5271 1628 5366 ἀρχῆξ
1683 5299 1836 5366 περιῖ

223 5345 469 5428 ζώγνυται,
532 5345 633 5428 οὐκ
681 5352 988 5428 Ἀντίοχος,
1014 5345 1162 5428 οὐδε
1195 5345 1491 5420 Σέλευκος,¹
1519 5345 1706 5428 ἇνδρες
1747 5345 1836 5406 καὶ

224 5413 498 5500 ﬂag-sunset
534 5413 986 5500 δεινότατοιίῖιαῖ
1023 5426 1084 5478 τὸ
1113 5421 1230 5478 δέον
1265 5413 1832 5500 φρονῆσαι-ὀξύτατοι,

224 5485 497 5572 ἀλλ”άνήιρ
558 5492 686 5570 χθές
741 5517 799 5550 τε
827 5485 916 5550 καὶ
972 5497 1164 5572 πρῴην
1405 5485 1693 5569 ἇρμόττων
1745 5485 1833 5572 καί

225 5561 662 5644 “gnava-9:265,
718 5569 825 5644 xai_
853 5561 1043 5644 πίτταν
1083 5561 1491 5644 ἐπεμϐάλλω-νζξ
1524 5572 1641 5644 τοῖς
1695 5567 1834 5644 γόμ-

229 5647 323 5702 φθις
362 5632 438 5716 καὶ
469 5632 734 5716 ἆσβόλαις
767 5632 1194 5716 πληρούμενος
1232 5639 1331 5716 οῷκ
1388 5632 1537 5716 εἶδος
1572 5632 1832 5716 ἔχω’τύ-

228 5709 452 5783 ραννικὸν,
497 5707 562 5768 οὗ
612 5707 1348 5792 φρόνημα”μεγαλοπρεπές,
1407 5711 1469 5767 οὐ
1522 5707 1688 5788 λόγον
1739 5709 1834 5787 ἔμ-

1954 5202 2268 5280 μουσονικαξ
2301 5220 2580 5280 χαριεντα,
2621 5200 2733 5280 ,οὐκ
2761 5198 2902 5280 ἄλλο
2934 5199 3084 5257 οὐδὲν
3101 5207 3224 5280 μτῶν
3274 5203 3593 5280 οἷα-ψυχὴν

1950 5271 2064 5333 οἶδε
2088 5271 2388 5331 καλλύνειν
2413 5271 2512 5350 ’καί
2566 5273 2721 5350 φύσιν
2775 5274 3048 5350 σώματος.
3099 5277 3166 5329 Ὤ
3221 5271 3592 5350 Νὲα-Ῥώᾴμη,

1947 5351 2220 5420 καίγὲνος
2275 5343 2828 5420 μεγοιλρττρέπέςέκαὶΔ
2862 5343 3165 5418 ἐλεύθερον,
3220 5347 3355 5420 ὧλᾲοὶ
3409 5343 3598 5420 ἀνεκα-

1949 5373 2035 5405 7.1L
2065 5373 2079 5382 ’
2103 5373 2220 5408 Ξνος
2275 5373 2681 5420 μεγαΛυπριπες
2729 5373 2816 5399 και
2862 5373 3165 5418 εΑευυερον,
3220 5373 3266 5400 ω
3305 5373 3355 5401 0'.
3409 5373 3586 5401 ανεκαι

1949 5436 2033 5487 θεν
2073 5373 2335 5493 βασιλεῖς,
2370 5415 2456 5471 καὶ
2495 5419 2656 5493 βῆμα.
2689 5417 2968 5493 βασιλικὸν
3002 5419 3089 5474 καὶ
3150 5418 3416 5493 βασίλεια,
3471 5416 3586 5493 οτίαν

1945 5493 2211 5568 αἰσχύνην
2260 5489 2382 5544 τότε
2412 5487 2840 5568 περιεϐάλεσρεη
2877 5494 2990 5553 οἷος
3034 5487 3185 5568 ὑμεῖς
3235 5487 3443 5568 δαίμων
3501 5488 3598 5568 ἐφτ

1947 5557 2141 5634 θόνησε
2171 5557 2433 5640 βάσκανος
2461 5557 2678 5640 ε’ῌλήνΔ
2707 5560 2852 5640 ἀλλὰ
2907 5557 3088 5640 τοᾷ-το,
3125 5563 3168 5640 εἰ
3224 5557 3340 5640 μέν’
3368 5583 3451 5640 τις

1943 5629 2188 5710 αἰτιῷτο,
2220 5629 2623 5716 τῷῌαύτο-μάτιρ
2654 5629 2854 5691 δοτέον·
2890 5636 2934 5691 εἰ
2969 5633 3025 5690 δὲ
3069 5629 3418 5716 φιλευσεϐοίη
3476 5629 3598 5702 τοῖς

1943 5708 2204 5788 ἀρρήτοις
2226 5708 2322 5762 τοῦ
2355 5709 2488 5760 Θεοῦ
2517 5708 2764 5779 κρίμασι.
