4036 6206
457 355 575 418 ιρι)
1565 315 1568 317 λ
1812 353 2051 416 manu

2261 355 2526 417 mitam
3740 322 3855 426 suo

456 490 789 560 querentur,
847 487 950 544 sed
1007 490 1075 544 ut
1127 487 1258 558 ejus
1317 483 1784 542 benevolentiam
1869 482 2050 558 collig.

2260 488 2317 554 ἧς
2363 483 2667 561 συγγενείας
2721 487 2752 541 6
2805 485 3040 564 Μιχαήλ
3095 487 3433 564 προσέκειτο,
3491 490 3584 546 καὶ
3640 491 3854 567 ἐτίμησε

456 582 606 634 rent.
643 577 965 649 Imperator
985 593 1118 633 vero
1151 575 1470 631 multorum
1504 577 1574 630 ad
1629 574 1796 631 illum
1855 590 2050 630 convel

2255 567 2636 647 υϐελλίσιμον,
2693 576 2781 630 καὶ
2829 577 3222 652 τραχυνθέντος
3279 575 3487 634 ἐκείνου
3565 581 3699 637 κατὰ
3761 588 3849 639 τοῦ

453 673 580 724 tum
607 674 896 733 metuens,
929 684 1032 739 per
1054 667 1277 722 litteras
1310 668 1358 722 ei
1394 665 1670 738 superbia
1701 666 1930 736 objecta
1960 671 2047 737 pet

2256 662 2458 718 ωάννου
2528 667 2625 718 τοῦ
2705 663 2972 740 βασιλέως
3037 667 3289 736 ἐνώπιον,
3347 669 3374 722 6
3432 668 3690 740 Ἰωάννης
3740 679 3848 738 τοῖς

453 763 519 814 ut
547 758 618 813 ad
650 774 712 813 se
743 757 952 813 veniat.
986 757 1095 812 Sed
1126 773 1260 810 cum
1312 755 1408 811 ille
1439 756 1569 825 iret,
1603 772 1719 811 non
1752 761 2047 827 :exspecta‘

2255 751 2398 826 ύγοις
2450 749 2677 828 δηχθεὶς
2726 755 2814 808 καὶ
2869 752 3082 828 μᾶλλον
3135 753 3218 810 ὅτι
3271 757 3346 829 μὴ
3377 757 3515 833 πρὸς
3547 757 3643 812 τοῦ
3702 761 3849 836 βασι-

449 846 722 904 avunculi
777 848 1051 916 adventu,
1111 844 1266 900 ludis
1332 844 1771 900 circensibusin
1804 844 2034 900 theatru

2251 841 2349 902 έως
2409 839 2497 896 διὰ
2549 843 2643 906 τὰς
2698 843 2834 918 πρὸς
2900 843 3065 900 αὐτὸν
3133 843 3411 922 λοιδορίας
3484 845 3845 926 ἰπιτετίμητο,

449 954 511 992 se
543 940 888 992 contuterat.
951 939 1026 990 Eo
1085 935 1264 1006 igitur
1321 951 1436 990 non
1485 935 1739 1001 invento,
1787 934 1858 989 ob
1899 937 2043 988 CODtl

2249 927 2612 1002 πεδυσπέτησέ
2664 953 2724 986 τε
2771 932 2860 986 καὶ
2907 933 3100 1010 πόρῥω
3150 955 3246 989 ποι
3275 939 3371 989 τοῦ
3402 931 3594 998 ἄστεος
3647 938 3843 1014 γέγονε.

450 1025 684 1082 meliam
718 1025 910 1081 adhuc
941 1024 1028 1078 ira
1077 1028 1304 1079 intuens
1357 1023 1884 1095 Orphanotrophus
1941 1039 2044 1078 reci

2249 1023 2371 1074 οὖτο
2399 1018 2456 1075 δὲ
2483 1023 2740 1095 γνωσθὲν,
2772 1021 2916 1078 πολύ
2946 1044 2996 1077 τι
3026 1030 3126 1093 τῆς
3179 1024 3466 1098 γερουσίας
3528 1026 3690 1103 μέρος
3737 1049 3843 1084 συν-

447 1116 551 1169 dit.
586 1115 736 1169 Tum
757 1130 888 1170 vero
921 1113 1238 1184 imperator
1266 1113 1326 1167 in
1360 1113 1704 1168 manifestas
1754 1111 2041 1167 inimiciti:

2247 1109 2560 1181 τεσπάσατο,
2622 1110 2759 1166 ὥστε
2833 1110 2980 1184 αύτῷ
3051 1117 3412 1189 προσφοιτᾷν,
3482 1113 3585 1170 οὔκ
3657 1115 3841 1190 εὐνοίᾳ,

445 1203 720 1274 erumpit,
758 1203 1055 1272 missaque
1087 1219 1233 1257 nave
1265 1218 1399 1256 eum
1432 1201 1841 1272 adessejubet,
1876 1205 1940 1256 ut
1995 1216 2039 1256 ει

2249 1195 2330 1252 λλ⁹
2376 1195 2450 1252 τίν’
2501 1197 2581 1275 ἐφ’
2640 1199 2867 1262 έαύτοὺς
2923 1201 3020 1270 τὴν
3080 1202 3246 1257 αὐτοῦ
3302 1201 3582 1275 εὐμένειαν
3637 1203 3843 1280 ἐφελκύο

442 1293 653 1364 ρθτὺίω
686 1309 804 1348 sua:
836 1291 1120 1346 rationem
1168 1291 1392 1357 reddat,
1444 1295 1500 1346 et
1530 1291 1602 1345 ad
1662 1290 1881 1360 regiam
1933 1306 2036 1345 nav

2246 1308 2422 1342 ωνται.
2485 1286 2582 1342 Καὶ
2629 1289 2656 1343 6
2689 1288 2962 1365 βασιλεὺς,
2993 1294 3093 1360 τὴν
3150 1292 3285 1366 πρὸς
3345 1290 3554 1348 ἐκεῖνον
3610 1295 3840 1351 συνέλευ·

441 1386 700 1454 gentem,
734 1397 802 1435 ex
833 1381 1132 1452 superiore
1161 1379 1307 1447 loco,
1368 1384 1505 1434 nota
1564 1379 1638 1434 iis
1672 1397 1704 1434 a
1746 1378 1960 1449 quibus
1999 1396 2030 1432 v

2242 1398 2282 1430 ιν
2338 1381 2444 1430 τῶν
2503 1375 2731 1432 πολλῶν
2790 1375 3137 1450 εὐλαϐηθεὶς,
3172 1377 3262 1436 διὰ
3303 1383 3648 1458 γραμμάτων
3704 1384 3836 1458 αὐτῷ

441 1471 696 1525 hebatur
723 1469 1156 1535 tessera,aditu
1209 1468 1481 1539 prohibet
1537 1467 1853 1538 statimque
1910 1468 2035 1521 mis:

2244 1465 2296 1533 ἦν
2355 1465 2650 1542 ὑπεροψίαν
2708 1466 3117 1544 προσωνείδισε,
3176 1469 3267 1525 καὶ
3336 1473 3630 1542 κακοήθως
3698 1473 3838 1546 ἠξίου

441 1558 668 1614 triremi
700 1558 996 1613 hominem
1031 1558 1249 1629 relegat
1282 1573 1294 1610 :
1331 1557 1437 1612 hoc
1478 1557 1649 1613 modo
1685 1561 2035 1611 remuneratl

2245 1554 2494 1631 ρίξεσθαι.
2532 1556 2631 1611 Καὶ
2693 1557 2721 1611 6
2767 1557 2860 1629 μὲν
2922 1553 3030 1632 ᾕέι·
3092 1559 3120 1612 6
3179 1557 3255 1629 δέ,
3293 1560 3372 1632 μή
3417 1560 3705 1633 ἀναμείνας
3756 1568 3839 1618 τοῦ

443 1664 600 1709 eum,
635 1648 804 1717 cujus
838 1647 1119 1702 beneﬂcio
1182 1645 1438 1716 primum
1492 1646 1701 1715 Caesar,
1753 1649 1886 1716 post
1914 1644 2037 1699 etiai

2240 1643 2344 1697 είου
2400 1646 2500 1713 τήν
2550 1643 2748 1719 ἄφιξιν,
2807 1645 3105 1720 πεπόρευτο
3164 1648 3299 1724 πρὸς
3357 1649 3424 1704 τὸ
3483 1648 3725 1726 θέατρον⁶
3778 1653 3834 1722 ἦν

442 1737 762 1807 imperator
794 1737 982 1790 fuerat
1011 1735 1375 1804 designatus.
1428 1735 1605 1798 Quem
1663 1749 1792 1788 cum
1835 1733 2036 1788 amovi:

2242 1733 2298 1806 Ξιρ
2349 1735 2532 1810 ἡμέρα
2577 1732 2771 1797 τίπποις
2845 1735 3279 1811 άμιλλητήριος,
3340 1738 3434 1800 Ὦς
3497 1735 3544 1793 δ’
3603 1738 3765 1804 ἐλθὼν
3813 1743 3836 1798 ὁ

441 1831 552 1894 set,
584 1830 866 1897 cognatos
898 1823 1144 1889 invadit,
1176 1828 1234 1878 et
1263 1824 1420 1878 viros
1457 1839 1572 1877 non
1597 1839 1737 1877 sexu
1783 1822 2035 1876 duntaxa

2239 1826 2342 1884 εἷος
2375 1822 2482 1898 οὐχ
2512 1825 2628 1900 εὗρε
2655 1825 2745 1878 τὸν
2788 1822 3158 1900 βησιλεύοντα,
3213 1824 3291 1882 ἔτι
3349 1831 3434 1900 τῷ
3491 1832 3647 1900 θυμῶ
3693 1829 3833 1905 ὑπερ-

441 1917 542 1971 sed
576 1919 745 1971 aetate
776 1913 954 1969 etiam
988 1914 1261 1969 barbatos
1304 1912 1430 1983 jam
1464 1913 1704 1966 maritos
1764 1916 1821 1966 et
1872 1915 2035 1983 patre

2242 1911 2354 1973 έσας
2407 1912 2480 1974 ὡς
2527 1908 2979 1989 περιυϐρισμένος
3035 1914 3293 1972 ἐπάνεισι.
3353 1916 3460 1971 Καὶ
3515 1916 3543 1971 6
3607 1917 3836 1991 βασιλεὺς

440 2005 712 2061 virilibus
738 2004 983 2059 exsectis
1013 2002 1315 2058 eunuchos
1347 2002 1501 2057 facit.

2238 1998 2346 2072 ύτῷ
2399 2001 2498 2070 τὴν
2560 1998 2870 2074 δυσμένειαν
2926 2002 3003 2065 είς
3064 2003 3336 2078 προῦπτον
3410 2003 3714 2082 ἐκρήγνυσι,
3758 2010 3832 2063 καί

443 2091 659 2147 στέλλει
716 2098 822 2160 νῆα
879 2088 1118 2145 κελεύων
1176 2089 1322 2162 αὑτῷ
1381 2086 1450 2144 δι’
1481 2088 1647 2157 αὐτῆς
1700 2086 1871 2157 ἥξειν,
1905 2083 2129 2142 δώσοντι
2183 2087 2384 2164 λόγους
2440 2096 2540 2159 τῆς
2593 2090 2670 2154 εἷς
2729 2090 2929 2146 ἐκεῖνον
2984 2092 3299 2166 ὑπεροψίας.
3332 2093 3445 2149 Καὶ
3496 2095 3524 2149 6
3572 2095 3662 2168 μὶν
3698 2093 3832 2154 ἔπλει

437 2181 574 2255 πρὸς
640 2180 706 2235 τὰ
782 2179 1065 2256 βασίλεια·
1118 2180 1146 2232 6
1197 2176 1254 2232 δὲ
1304 2176 1558 2254 βασιλεὺς
1623 2175 1824 2230 ἄσωθεν
1880 2173 1968 2230 διά
2012 2197 2158 2239 τινος
2221 2180 2590 2252 συνθήματος,
2644 2180 2672 2235 ὃ
2717 2185 2834 2242 τοῖς
2881 2178 3066 2258 ἄγουσι
3115 2182 3204 2237 τὸν
3255 2182 3516 2254 Ἰωάννην
3579 2183 3830 2261 προέγνω-

437 2291 554 2338 στο,
614 2269 797 2345 ἐπέχει
860 2271 930 2342 τῇ
1005 2268 1101 2339 νηῒ
1176 2269 1274 2336 τὴν
1342 2267 1417 2328 εἷς
1479 2265 1547 2321 τὰ
1615 2264 1864 2341 βασίλεια
1926 2263 2204 2340 πάροδον⁶
2254 2267 2447 2322 αὐτίκα
2511 2266 2568 2323 δὲ
2630 2272 2862 2345 τριήρης
2933 2269 3234 2335 ἐπελθοῦσα
3307 2267 3578 2346 λαμϐάνει
3635 2277 3825 2352 τοῦτον,

431 2358 520 2413 καὶ
594 2357 879 2432 ὑπερόριον
929 2354 1134 2424 τίθησι.
1191 2354 1482 2417 Τοιούτοις
1540 2354 1812 2428 ἠμείψατο
1867 2354 1962 2408 τὸν
2020 2352 2300 2428 εὐεργέτην
2353 2357 2382 2412 ὁ
2435 2353 2505 2411 δι’
2561 2356 2766 2412 ἐκείνου
2826 2360 3054 2434 Καῖσαρ,
3114 2359 3228 2414 εἶτα
3299 2360 3397 2416 καὶ
3459 2359 3704 2436 βασιλεὺς
3753 2383 3826 2438 γε·

436 2448 632 2524 γονώς.
668 2446 816 2502 Ἐπεὶ
850 2442 896 2499 δ’
925 2444 1126 2499 ἐκεῖνον
1188 2442 1247 2498 ἐκ
1308 2443 1474 2516 μέσου
1531 2443 1818 2516 πεποίηκε,
1855 2443 2058 2516 μέτεισι
2091 2444 2293 2518 τὸ
2342 2446 2609 2521 συγγενὲς,
2635 2446 2724 2502 καὶ
2770 2443 2965 2523 ἄνδρας
3015 2446 3141 2523 οὐχὶ
3194 2452 3263 2522 τῇ
3293 2450 3401 2517 τῆς
3457 2449 3663 2525 φύσεως
3704 2449 3823 2526 μόνῃ

435 2534 720 2608 δηλωτικῇ
753 2532 1016 2606 σημασίᾳ,
1049 2531 1196 2588 ἀλλὰ
1225 2531 1315 2586 καὶ
1341 2536 1410 2606 τῇ
1436 2531 1778 2606 σημαινούσῃ
1810 2530 1937 2593 τοὺς
1967 2534 2250 2607 γήμαντας
2275 2532 2364 2588 καί
2423 2534 2497 2596 εἰς
2544 2533 2671 2597 τοὺς
2728 2532 2935 2609 ἀνδρῶν
2995 2534 3218 2605 ἡλικίαν
3276 2534 3576 2602 ἐλάσαντας
3631 2537 3824 2609 ὑπηνή-

433 2646 528 2688 τας
555 2621 663 2694 ἤδη
695 2624 783 2677 καὶ
817 2620 1028 2678 παίδων
1057 2621 1344 2699 γεγονότας
1376 2620 1606 2696 πατέρας
1637 2620 1745 2678 τῶν
1777 2619 2120 2695 παιδογόνων
2153 2621 2362 2698 μορίων
2391 2623 2696 2700 ἀποστερεῖ,
2727 2623 2816 2678 καὶ
2846 2623 3106 2698 ἐκτομίας
3130 2624 3438 2701 ἐργάζεται.

505 2713 646 2770 ΧΙΧ.
671 2717 813 2768 Cum
855 2714 925 2768 de
966 2717 1214 2786 cognato
1269 2712 1557 2784 sanguine
1600 2711 1682 2767 ita
1727 2710 2085 2784 triumphas~

2258 2717 2359 2768 ΙΘ.
2392 2713 2479 2774 Ὠς
2540 2710 2597 2768 δὲ
2651 2713 2788 2768 κατὰ
2841 2717 2938 2768 τοῦ
2997 2715 3291 2788 ὁμογενοῦς
3329 2712 3567 2789 αἳματος
3594 2719 3817 2770 τοιοῦτον

427 2807 536 2871 set,
582 2820 765 2858 unum
815 2802 928 2857 sibi
979 2800 1374 2858 Herculanum
1435 2805 1729 2856 certamen
1777 2817 2017 2872 superes

2230 2819 2363 2874 ρατο
2419 2798 2703 2876 τρόπαιον,
2761 2801 2854 2857 ἕνα
2908 2800 2987 2857 ἔτι
3043 2801 3466 2880 περιλελεῖφθαι
3531 2804 3670 2876 αὑτῷ
3721 2803 3820 2858 ἐνόο

426 2896 613 2961 ratus,
645 2890 1038 2963 impcratricis
1072 2891 1247 2945 etiam
1271 2890 1585 2961 exigendae,
1619 2891 1690 2944 ad
1736 2890 1793 2944 id
1847 2905 2020 2961 quoq!

2223 2894 2340 2958 ιιζεν
2375 2888 2691 2966 Ἡράκλειον
2747 2888 2964 2960 ἅελθον,
2993 2891 3055 2946 τὸ
3112 2892 3200 2946 καὶ
3259 2892 3360 2961 τήν
3400 2890 3649 2968 βασιλίδα
3701 2894 3817 2947 ἀπο-

425 2998 488 3036 se
521 2985 705 3052 parat,
737 2996 920 3034 suasu
954 2986 1012 3035 et
1044 2979 1304 3051 impulsu
1355 2979 1722 3034 Constantini
1783 2981 2019 3034 avuncu‘

2220 2979 2562 3049 κευάσασθαι,
2619 2981 2705 3035 καὶ
2782 2981 2918 3054 πρὸς
2996 2985 3187 3036 τοῦτον
3273 2979 3475 3036 λοιπὸν
3553 2979 3814 3037 ἀποδύεται

424 3069 606 3126 Filius
635 3069 815 3141 igitur
844 3068 1314 3141 ignobilissimus
1344 3072 1545 3123 contra
1605 3071 1850 3124 matrem
1910 3067 2018 3122 nob

2219 3069 2445 3143 νάγοντα
2497 3070 2634 3144 πρὸς
2684 3071 2914 3145 τοῦργον
2967 3068 3058 3125 καὶ
3115 3069 3206 3124 τὸν
3260 3070 3411 3124 θεῖον
3484 3064 3624 3146 ἔχων
3687 3076 3813 3126 Κων-

422 3159 714 3214 lissimam
747 3174 1013 3214 rumores
1045 3158 1290 3228 spargit,
1319 3161 1375 3212 et
1395 3156 1644 3211 crimina
1673 3156 2016 3212 comminisc

2217 3163 2453 3212 ταντῖνον
2511 3157 2602 3213 καὶ
2658 3160 3058 3235 παραθήγοντα.
3093 3163 3370 3231 Λογοποεῖ
3425 3159 3602 3214 τοίνυν
3651 3156 3811 3215 ὀδυσ-

421 3253 540 3317 tur,
573 3264 821 3318 eamque
867 3246 1162 3302 insontem
1220 3245 1535 3301 veneﬁcem
1585 3254 1766 3306 vocat.
1823 3247 2015 3318 vitaqi

2221 3246 2497 3309 ενέστατος
2554 3252 2684 3309 παῖς
2767 3249 2903 3302 κατὰ
2985 3254 3085 3318 τῆς
3159 3246 3548 3323 εὐγενεστάτης
3606 3259 3809 3324 μητρὸς,

421 3353 539 3392 sua:
569 3335 832 3392 insietari
889 3335 1173 3406 queritur.
1223 3335 1292 3389 Et
1322 3334 1463 3406 quid
1514 3335 1792 3407 ambages
1850 3350 2015 3406 agam

2220 3335 2266 3389 αὶ
2326 3335 2624 3408 συμπλέκει
2681 3338 2798 3392 κατ’
2855 3336 3020 3405 αὐτῆς
3076 3335 3398 3410 αἰτιάματα,
3451 3336 3723 3414 φάρμακόν
3765 3356 3814 3392 τε

420 3425 589 3497 Ejicit
620 3441 748 3480 eam
811 3424 972 3496 regia
1025 3428 1082 3479 et
1141 3425 1199 3478 in
1224 3423 1512 3494 Principis
1535 3422 1790 3478 insulam
1826 3425 2014 3494 relega

2213 3421 2354 3492 αλεῖ,
2394 3423 2484 3479 καί
2537 3421 2908 3481 ἐπιϐουλεύειν
2967 3425 3131 3481 αὑτοῦ
3182 3429 3250 3500 τῇ
3312 3430 3434 3501 ζωῇ
3489 3433 3590 3496 τῆς
3645 3426 3806 3489 ἀθώου

419 3515 672 3586 denique
700 3514 847 3569 bene
879 3514 948 3568 de
971 3529 1033 3568 se
1065 3513 1333 3568 meritam
1367 3513 1588 3581 tondet,
1611 3511 1913 3584 aliumque
1963 3511 2013 3567 hl

2213 3518 2485 3590 ατηγορεῖ.
2543 3513 2642 3568 Καὶ
2690 3511 2742 3568 τί
2814 3511 2895 3569 δεῖ
2971 3513 3208 3577 κύκλους
3283 3511 3558 3585 ἐλίττεινς
3610 3515 3807 3586 Ἐξωθεῖ

418 3602 604 3658 bitum
630 3617 862 3658 sumere
883 3602 1057 3672 cogit,
1091 3606 1148 3657 et
1171 3618 1272 3673 pro
1306 3618 1563 3672 purpura
1606 3617 1733 3672 quae
1769 3601 1842 3656 ab
1881 3606 2010 3656 atav

2206 3606 2278 3656 ὧν
2341 3600 2630 3678 βασιλείων
2679 3602 2870 3672 αὐτὴν,
2916 3603 3004 3658 καὶ
3044 3603 3338 3679 περιορίζει
3401 3608 3470 3678 τῇ
3521 3606 3666 3676 νήσῳ
3715 3606 3799 3658 τοῦ

415 3690 551 3746 inde
582 3689 667 3745 illi
697 3690 1098 3760 conveniebat,
1132 3690 1424 3745 lacernam
1456 3690 1717 3745 induere.
1784 3691 1905 3755 Quo
1965 3688 2003 3743 il

2202 3691 2466 3766 Ιρίγκιπος
2527 3690 2810 3766 λεγομένῃ,
2843 3693 2930 3746 καὶ
2963 3691 3122 3753 τέλος
3179 3692 3459 3769 ἀποκείρει
3512 3695 3610 3762 τήν
3667 3691 3796 3768 εὔερ-

406 3780 583 3846 facto,
618 3780 789 3852 quasi
832 3781 1010 3835 rebus
1043 3780 1321 3835 omnibus
1352 3779 1633 3834 confectis
1662 3777 1828 3834 latus
1886 3783 2000 3849 atqu

2202 3781 2331 3848 έτιν,
2376 3780 2465 3836 καὶ
2530 3782 2973 3858 μεταμφιέννυσι,
3028 3780 3118 3836 καὶ
3171 3780 3288 3836 ἀντὶ
3343 3789 3452 3852 τῆς
3507 3781 3565 3838 ἐκ
3613 3801 3795 3858 προγο-

404 3868 693 3937 insolens,
728 3868 961 3924 lusibus
994 3873 1048 3923 et
1077 3868 1303 3924 deliciis
1325 3885 1386 3924 se
1445 3869 1714 3923 dedebat.
1771 3867 1990 3924 Cmteru

2200 3868 2277 3931 ίας
2333 3869 2715 3944 προσηκούσης
2769 3871 2908 3944 αὐτῇ
2962 3867 3244 3948 πορφύρας
3324 3868 3620 3926 ἐνδιδύσκει
3692 3889 3794 3943 τρι-

405 3956 668 4013 vindicta
698 3974 814 4012 non
877 3957 1227 4023 dormitans,
1288 3955 1556 4012 celeriter
1586 3956 1855 4028 iniquum
1888 3957 1999 4012 etii

2203 3955 2382 4014 ώνιον.
2421 3958 2516 4011 Καὶ
2570 3958 2598 4014 ὁ
2633 3957 2753 4031 μὶν,
2785 3958 2860 4019 ὡς
2916 3955 3027 4028 ¹ήδη
3087 3957 3149 4012 τὸ
3207 3963 3310 4012 πᾶν
3361 3959 3599 4030 ἠνυκὼς,
3628 3951 3792 4033 ἔχαιρέ

404 4051 639 4118 gratum
675 4045 972 4101 hominem
1005 4051 1094 4101 est
1125 4051 1415 4101 assecuta.
1484 4050 1627 4101 Nam
1653 4045 1907 4101 facinore
1953 4046 1992 4101 il

2196 4067 2220 4100 ε
2273 4047 2360 4102 καὶ
2419 4050 2618 4122 γαῦρος
2678 4047 2853 4114 ὧπτο,
2887 4047 2978 4102 καὶ
3037 4043 3282 4112 παιδιαῖς
3336 4049 3523 4103 ἑαυτὸν
3578 4044 3790 4102 ἐπέδωκε

401 4136 460 4190 in
495 4136 638 4189 urbe
668 4135 918 4203 vulgato,
954 4150 1157 4189 omnes
1193 4145 1399 4190 mmtos
1429 4139 1485 4190 et
1514 4133 1712 4189 tristes
1761 4140 1883 4190 erat
1927 4151 1991 4190 ce

2198 4136 2248 4190 αὶ
2300 4141 2546 4212 τρυφαῖςο
2579 4137 2614 4205 ἡ
2669 4132 2726 4190 δὲ
2784 4133 2910 4205 δίκη
2970 4135 3071 4192 οὑκ
3128 4134 3496 4208 ἐπενύσταξεν,
3529 4135 3653 4192 ἀλλ’
3701 4134 3788 4189 αὖ·

399 4239 554 4290 nere,
590 4239 692 4278 nec
725 4239 896 4278 secus
957 4229 1133 4294 atque
1167 4223 1226 4278 in
1287 4224 1526 4295 propria
1573 4223 1907 4280 calamitate
1965 4242 1993 4279 a

2194 4225 2278 4279 ίκα
2338 4221 2576 4297 μετῆλθε
2629 4225 2719 4279 τὸν
2773 4224 3082 4300 ἀλιτήριον.
3115 4225 3206 4286 Ὠς
3259 4227 3362 4300 γὰρ
3421 4225 3484 4280 τὸ
3532 4224 3648 4301 περὶ
3698 4223 3783 4291 τήν

402 4312 602 4368 fectus.
635 4311 894 4368 Tandem
941 4312 1115 4366 etiam
1147 4313 1405 4368 convicia
1433 4313 1490 4367 in
1522 4317 1833 4384 tyrannum
1879 4313 1995 4384 jaci

2189 4311 2413 4368 ασιλίδα
2471 4310 2652 4388 δρᾶμα
2705 4319 2821 4376 τοῖς
2875 4314 2925 4368 ἐν
2976 4317 3045 4388 τῇ
3090 4313 3249 4370 πόλει
3284 4317 3604 4391 κεκήρυκτο,
3634 4313 3783 4381 κατή-

397 4401 561 4459 bant.
593 4401 893 4458 Mulierem
915 4417 1046 4457 vero
1069 4406 1252 4457 castus
1296 4401 1595 4475 lugebant,
1627 4407 1684 4457 et
1719 4402 1991 4474 imperati

2196 4423 2305 4456 ειαν
2362 4403 2427 4470 ἧν
2485 4402 2612 4477 ὁρᾷν
2671 4401 2818 4478 παρὰ
2879 4406 3008 4457 πᾶσι
3065 4402 3155 4458 καὶ
3215 4403 3654 4477 σκυθρωπότητα,
3707 4398 3785 4454 καὶ

399 4509 523 4548 cem
567 4491 868 4548 vocabant.
916 4491 1214 4546 Postremo
1249 4494 1374 4545 tota
1420 4489 1624 4545 civitas
1680 4489 1739 4544 in
1798 4489 1993 4544 maniﬁ

2190 4511 2229 4552 ις
2286 4489 2337 4544 ἐν
2391 4489 2566 4562 οἷ’κείᾳ
2619 4495 2872 4569 συμφορᾷ
2929 4489 3189 4556 διετίθετο
3244 4489 3492 4565 ἕκαστος,
3551 4493 3656 4546 εἶτα
3706 4489 3784 4544 καὶ

395 4586 549 4638 stam
592 4582 786 4653 erupit
827 4580 1198 4636 seditionem.
1256 4583 1325 4634 Et
1383 4583 1448 4634 ut
1508 4579 1812 4634 audaciam
1884 4577 1989 4634 illi!

2192 4584 2396 4655 ανερῶς
2453 4577 2836 4655 ἐλοιδοροῦντο
2895 4585 2974 4652 τῷ
3029 4582 3444 4652 τυραννήσαντι.
3476 4582 3548 4637 Αἱ
3605 4577 3662 4635 δὲ
3707 4598 3786 4653 γυ·

394 4671 838 4738 ulciscercntur,
872 4671 992 4726 vita
1020 4668 1284 4740 neglecta
1315 4668 1597 4740 quidquid
1630 4671 1754 4723 erat
1784 4667 1988 4723 obviun

2185 4674 2328 4732 αῖκες
2409 4669 2498 4724 καὶ
2572 4671 2804 4746 θρήνους
2889 4669 3146 4724 συνίστων
3215 4669 3644 4743 ἀνακαλούμεναι
3692 4667 3779 4734 τήν

397 4777 463 4816 eo
494 4761 644 4817 245
681 4761 949 4816 dexteras
978 4762 1305 4824 armantes,
1338 4758 1408 4812 ad
1470 4757 1681 4829 regiam
1728 4773 1991 4814 CODOUPN

2190 4757 2491 4814 ασίλισσαν.
2554 4759 2650 4815 Καὶ
2725 4755 2879 4821 τέκος
2950 4757 3026 4823 είς
3096 4760 3278 4815 στάσιν
3352 4758 3577 4839 φανερὰν
3649 4753 3780 4831 ἀνεῤ-

395 4854 553 4904 runt.
588 4848 759 4904 Illum
791 4866 924 4904 vero
959 4847 1246 4920 principio
1283 4851 1478 4902 motus
1509 4846 1710 4919 populi
1733 4864 1848 4903 non
1898 4847 1989 4903 adt

2187 4849 2388 4923 ἀγησαν
2463 4848 2515 4903 οἳ
2583 4850 2682 4918 τῆς
2759 4847 2974 4910 πόλεως
3032 4847 3356 4922 ξύμπαντες.
3409 4847 3514 4906 Καὶ
3559 4843 3647 4902 ’ίνα
3697 4843 3777 4899 τὸν

397 4936 732 5007 commovit,
763 4937 865 4992 sed
898 4953 1032 4993 cum
1081 4935 1309 5008 plebem
1354 4935 1544 4991 furere
1578 4936 1820 5002 videret,
1860 4953 1991 5008 sequ

2183 4935 2452 5011 ολμητίαν
2526 4939 2974 5014 τιμωρήσωνται,
3032 4936 3216 5002 οὐδεὶς
3275 4936 3514 5014 ἐφείδετο
3561 4942 3656 5006 τῆς
3705 4931 3777 4987 oi-

1683 5065 1886 5126 ναι-ἰῶ
1914 5065 2212 5129 lectiones
2240 5072 2302 5128 et
2335 5070 2522 5128 notaa.

468 5191 581 5265 (20)
608 5186 860 5265 ΑΜέτεισι,
918 5192 1026 5265 etc.
1079 5188 1446 5265 Psell‘usz'O
1522 5184 1580 5265 δὲ
1637 5185 2042 5265 submotison

2180 5190 2384 5265 κίκείους
2438 5191 2706 5265 συγγενεῖς
2761 5191 2890 5265 τῆςΔ
2923 5187 3124 5265 κακίας,
3151 5188 3512 5265 ἰὸν-,έκκενοῇ
3556 5187 3651 5265 καὶ
3695 5181 3774 5265 οθς

397 5253 778 5338 ὀρῶνίᾶκμτήν
839 5253 1012 5331 έαυτῷ
1051 5267 1159 5338 ,τῆς
1219 5261 1421 5338 ἀρχῆς,
1451 5259 1761 5338 καὶηπῆξαι
1814 5253 2042 5338 βέᾼόαίωί
2157 5263 2250 5336 μὲν
2311 5253 2569 5338 ὑπερορίᾲ
2634 5253 3013 5338 καταδικάσας,
3074 5260 3166 5326 οὓς
3204 5259 3284 5338 -.δὲ
3357 5265 3462 5316 τῶν
3495 5253 3766 5338 ’παιδογό-

397 5277 536 5338 ορων
597 5277 778 5334 ακμην
839 5277 1012 5331 εαυτῳ
1059 5281 1159 5329 της
1219 5277 1421 5335 αρχης,
1451 5277 1541 5314 και
1589 5277 1751 5329 πηζαι
1814 5277 2042 5336 ρεοαιω-
2157 5277 2250 5336 μεν
2311 5277 2472 5338 οπερο
2519 5277 2569 5332 ta
2634 5277 3013 5330 καταδικάσας,
3074 5277 3166 5326 ους
3226 5277 3284 5316 οε
3357 5283 3462 5316 των
3533 5277 3766 5382 παιοογο-

393 5356 474 5422 σιν
533 5332 640 5422 οὐκ,
687 5331 1336 5422 ἔχουσαν,κρύπτεξ“μὲν
1371 5332 1435 5421 ,ἐν
1495 5331 1643 5422 βρίθει
1695 5337 1801 5422 τῆς
1857 5335 2039 5420 ψυχήν
2151 5357 2256 5422 νων
2355 5281 2560 5422 μορίριον
2634 5332 3069 5422 ιιξιποτεὶμιίμενος
3104 5331 3303 5420 ,υῆδη
3396 5353 3498 5388 που
3585 5349 3692 5417 γενε
3717 5344 3770 5414 ας

391 5407 483 5482 τὸ·
509 5397 1115 5482 κακόηθῖςηθεραπείαν
1175 5397 1253 5482 δέ’
1288 5405 1422 5478 πρὸς
1461 5397 1540 5482 δτό
1591 5397 1840 5482 συγγενὲς
1872 5397 2042 5459 ’ὑπο-
2152 5397 2403 5482 ἔχοντας,
2432 5397 2541 5460 ¹καὶ
2599 5405 2764 5476 υἱέας,
2817 5397 2973 5482 ὅντας
3012 5397 3226 5482 τοκεῖς,’
3267 5397 3642 5482 στεφανοφορεῖ
3689 5397 3768 5454 καὶ

394 5473 846 5555 κρίνεται,’.καὶΔ
894 5473 1032 5555 ταῖς.
1117 5473 1392 5555 μεγίσταις
1461 5473 2039 5555 λαμπρύνειῂτιμαῖς.
2153 5473 2562 5555 λαμπρύνεται,
2608 5479 2669 5531 ού
2731 5473 2946 5555 ηερσέα-
2995 5473 3268 5555 καθελιξὼ,
3321 5473 3767 5555 06§:_Avr_iyovov,

393 5539 649 5627 Ἔπειτα
678 5547 917 5627 ῥηγνύει,
981 5547 1043 5601 τὸ
1098 5539 1682 5627 καταπέτασμαηπᾶς-
1710 5539 1903 5627 πύλας
1943 5551 2042 5627 τῆς
2153 5539 2277 5627 ορδέ
2315 5539 2369 5607 τι
2422 5539 2696 5627 βάρϐαρον
2744 5539 3302 5627 ἀτέελαύνωνλφῦλον,
3347 5547 3489 5605 ἀλλὰ
3520 5539 3637 5606 τοὺᾶ⁵
3689 5539 3766 5618 ἀφ’

392 5616 616 5698 καρδίας
679 5616 1094 5698 ’ἀναπετάννυσῃ
1152 5620 1242 5698 καὶ
1280 5621 1371 5698 τὸν
1410 5616 1624 5698 ’ἐκεῖσε
1657 5616 1889 5698 δείκνυσι
1945 5616 2041 5698 ἐμ·
2151 5622 2381 5698 α’ίματος
2413 5616 2441 5677 6
2472 5616 2740 5695 δυσμενὴς
2771 5616 3298 5696 καταγωνισάμενος,

394 5687 712 5774 φωλεύοντα
763 5690 1048 5770 δράκοντα,
1079 5687 1168 5749 καὶ
1222 5692 1330 5771 πρὸ
1376 5695 1483 5748 τῶν
1533 5687 1743 5767 ἄλλων,
1773 5689 1860 5748 ἐπὶ
1918 5687 2045 5758 τοὺς
