4036 6206
233 324 328 385 201

1482 311 1586 371 AN
1595 311 1694 372 NA
1707 307 1897 374 ωοΜ
1943 310 2092 372 LIB.
2134 310 2318 372 XVII.

3481 310 3603 375 202

224 454 348 516 κείας
400 455 562 520 ζωῆς,
613 443 740 503 ἀλλ’
789 441 1019 508 ἕκαστος
1057 447 1139 518 τῷ
1162 437 1530 520 προστυχὸντι
1586 443 1688 512 τὴν
1746 439 1868 512 δε-γ

1982 443 2280 500 enturiare
2309 451 2362 501 et
2391 444 2631 500 afﬂuere
2654 444 2910 512 turbam,
2935 461 3078 500 suos
3101 447 3298 500 autem
3319 443 3603 502 satellites

223 545 317 617 ξιὰν
370 539 612 606 ὁπλίσας,
670 532 912 590 συνέθεον
995 532 1085 590 ἐπὶ
1140 533 1210 589 τὰ
1276 533 1564 606 ἀνάκτορα.
1615 530 1725 587 Τὸν
1783 527 1842 585 δὲ

223 636 408 708 πρῶτον
442 629 536 702 μὲν
572 625 636 682 οὖ
666 623 801 679 πάνυ
849 644 895 679 τι
952 622 1016 678 τὸ
1069 626 1168 680 τοῦ
1225 620 1474 692 πλήθους
1533 619 1841 696 συγκίνημα

223 714 534 796 ἐθορύϐησεν.
597 713 728 770 Εἶτα
790 713 883 768 τὸν
942 708 1118 786 δῆμον
1205 712 1346 787 ὁρῶν
1428 711 1838 784 έκμαινόμενον,

223 811 283 872 εἷς
330 807 525 882 λόχους
603 825 660 860 τε
735 802 1144 876 συνιστάμενον,
1199 800 1288 855 καὶ
1353 799 1443 854 τὸν
1504 796 1636 854 λαόν
1697 797 1844 874 έπιῤ-

223 899 400 977 ῥέοντα,
450 893 578 956 τοὺς
635 890 691 948 δὲ
740 890 863 967 περὶ
922 889 1080 945 αὐτὸν
1121 883 1467 966 ἀμφιϐόλους
1525 893 1646 950 ταῖς
1702 888 1843 962 γνώ-

224 975 330 1062 μαις
379 987 656 1040 κατανοῶν
718 979 1011 1056 (κάκείνοις
1059 979 1158 1054 γὰρ
1193 978 1255 1033 τὸ
1285 979 1411 1054 περί
1441 978 1538 1045 τὴν
1599 975 1846 1052 βασίλισο

218 1098 294 1132 σαν
319 1073 585 1148 μεμίσητο
643 1069 953 1145 τόλμημα),
990 1064 1246 1144 περιδεής
1303 1088 1362 1122 τε
1413 1066 1504 1121 καὶ
1561 1065 1850 1142 ἐναγώνιος

217 1165 426 1242 γέγονεν.
461 1161 646 1218 Ἀλλά
706 1182 757 1215 τι
813 1160 1002 1234 μικρὸν
1061 1159 1161 1227 τήν
1222 1155 1454 1232 ἀγωνίαν
1509 1156 1849 1229 αὐτῷὁνω-

217 1253 476 1326 εελίσιμος
508 1249 885 1328 ἐπεκούφισεν.
917 1247 1073 1306 Οῗκοι
1103 1246 1204 1322 γὰρ
1237 1244 1334 1314 ὣς,
1364 1245 1453 1300 καὶ
1511 1246 1610 1314 τὴν
1668 1243 1850 1300 στάσιν

219 1343 547 1418 μεμαθηκὼς,
589 1327 732 1400 τοὺς
792 1337 916 1412 περί
991 1335 1149 1390 αὐτὸν
1230 1333 1456 1395 ὁπλίσας
1527 1332 1755 1407 (πολλοὶ
1805 1327 1852 1388 δ’

218 1433 346 1503 αὖτῷ
391 1427 820 1505 παρετρέφοντο)
871 1423 961 1479 διὰ
1013 1424 1184 1497 μέσης
1211 1429 1308 1493 τῆς
1357 1422 1558 1499 ἀγορᾶς
1618 1422 1848 1505 παριὼν,

217 1519 434 1591 ἀπῆλθεν
486 1503 574 1578 εις
615 1503 684 1571 τὰ
739 1513 1012 1592 βασίλεια,
1046 1512 1135 1567 καὶ
1165 1512 1360 1567 αὐτίκα
1391 1509 1682 1567 στέλλουσι
1739 1503 1855 1583 (21)

215 1610 319 1670 τοὺς
362 1606 724 1676 ἑπανάξοντας
783 1605 884 1673 τήν
947 1599 1287 1679 βασίλισσαν,
1339 1605 1456 1664 τοῖς
1512 1599 1570 1654 δὲ
1625 1600 1854 1654 στασιώ-

213 1720 313 1759 ταις
339 1695 670 1765 ἀντέστησαν
702 1714 845 1754 τινες
877 1691 936 1746 ἐκ
981 1689 1247 1768 τάφανοῦς
1309 1689 1442 1765 βέλη
1505 1689 1620 1743 κατ’
1677 1689 1855 1743 αὐτῶν

213 1788 447 1866 ἀφιέντες,
479 1783 572 1839 καὶ
637 1780 829 1843 λίθους
882 1780 941 1835 ἐκ
990 1777 1318 1866 σφενδονῶν,
1367 1776 1420 1849 ἐξ
1477 1779 1556 1866 ὧν
1611 1778 1675 1832 οὗ
1735 1775 1857 1853 βρά.

215 1864 374 1954 χιστοι
446 1872 814 1947 ἀνῃρέθησαν*
870 1866 1009 1939 Ἤδη
1072 1865 1130 1922 δὲ
1183 1868 1282 1937 τήν
1347 1864 1604 1944 βασιλίδα
1661 1867 1856 1921 ἀνακο-

220 1968 471 2039 μισθεῖσαν
527 1962 824 2032 στήσαντες
882 1957 969 2012 ἐπὶ
1031 1956 1309 2034 μετεώρου
1369 1957 1420 2012 ὲν
1492 1960 1572 2029 τῷ
1631 1956 1857 2030 θεάτρῳ,

219 2059 316 2114 τοῖς
392 2049 774 2120 πασιάζουσὶν
852 2043 1215 2116 ἐπεδείκνυον,
1273 2043 1366 2101 ’ίνα
1443 2043 1602 2115 δῆθεν
1679 2042 1861 2105 αὐτοῖς

220 2143 523 2215 κατευνασθῇ
593 2140 625 2194 ὁ
690 2138 884 2212 θυμὸς,
946 2134 1348 2206 ἀνακληθείσης
1432 2141 1532 2205 τῆς
1608 2134 1864 2213 σφετέρας

219 2227 533 2291 δεσπότιδος.
559 2230 701 2290 Τοῖς
735 2223 791 2281 δὶ
821 2229 980 2280 τοῦτο
1015 2221 1229 2298 μᾶλλον
1285 2224 1465 2298 ἀνῆψε
1526 2223 1618 2278 τὸν
1670 2221 1864 2295 θυμὸν,

219 2321 290 2376 καὶ
345 2319 593 2390 έξέγπυσε
642 2317 741 2385 τὴν
813 2315 1000 2390 ὀργήν.
1055 2313 1146 2376 Ὠς
1203 2313 1305 2390 γὰρ
1385 2311 1864 2390 μετημφιεσμένην

220 2409 363 2478 αὖτῆν
419 2406 781 2484 έωράκεισαν,
839 2402 926 2458 ἐπὶ
984 2399 1152 2457 πλέον
1201 2401 1572 2479 ἀνερῥάγησαν
1635 2399 1710 2462 εἷς
1768 2399 1867 2453 τὸν

221 2497 440 2571 πόλεμον
478 2539 492 2563 ,
566 2494 665 2548 καὶ
751 2495 850 2557 τῆς
926 2489 1249 2560 κακοηθείας
1330 2491 1423 2545 τὸν
1507 2492 1871 2564 τυραννοῦντα

225 2588 545 2659 μισήσαιτες,
615 2581 934 2660 ἀφίστανται
1022 2579 1117 2653 μὲν
1198 2586 1297 2649 τῆς
1352 2576 1631 2656 βασιλίδος
1691 2584 1870 2650 Ζωῆς,

222 2677 339 2752 πρὸς
370 2671 425 2729 δὲ
451 2674 554 2742 τήν
591 2668 874 2746 Θεοδώραν
907 2670 1006 2739 τὴν
1036 2667 1238 2739 ταύτης
1271 2667 1532 2745 σόγγονον
1583 2667 1871 2743 τρέπονται

222 2763 315 2835 ἤδη
343 2761 927 2839 προσχηματισθεῖσαν
957 2756 1208 2828 κάκείνην
1256 2757 1403 2833 παρὰ
1450 2763 1548 2826 τῆς
1607 2753 1874 2833 ἀδελφῆς,

226 2854 337 2918 ὡςὸ
371 2853 531 2930 λόγος
605 2848 809 2925 φθάσας
870 2844 1096 2920 έδίδαξε,
1127 2847 1215 2930 καί
1266 2867 1389 2901 τινα
1442 2850 1550 2900 τῶν
1602 2845 1871 2921 πατρῴων

228 2944 373 3011 αὐτῆς
451 2929 828 3015 γθεραποντων
935 2929 1342 3012 παραλαϐόντες
1376 2980 1391 3006 ,
1452 2934 1708 3014 ἀφίκοντο
1794 2934 1876 2989 ἐπ’

229 3032 390 3100 αὐτὴν,
450 3030 544 3085 καὶ
605 3028 805 3097 ταύτην
854 3033 955 3098 τῆς
1010 3024 1288 3088 κατοικίας
1363 3023 1724 3100 ἐξαγαγόντες,
1785 3022 1876 3079 καὶ

230 3125 325 3176 οἷον
378 3120 500 3196 περὶ
567 3116 738 3186 αὐτὴν
799 3114 1233 3185 συνασπίσαντες,
1298 3135 1375 3176 εις
1433 3115 1496 3169 τὸ
1586 3113 1719 3188 μέγα
1788 3113 1873 3168 τέ-

232 3230 371 3282 μενος
412 3190 614 3286 ἄγουσι
660 3211 761 3274 τῆς
788 3209 884 3260 τοῦ
920 3208 1053 3259 Θεοῦ
1081 3203 1262 3278 Λόγου
1295 3202 1519 3281 Σοφίας,
1577 3204 1667 3257 καὶ
1725 3203 1870 3277 ππ,ρά
1901 3190 1944 3258 C

229 3298 416 3353 πάντων
447 3302 563 3353 τῶν
600 3316 658 3350 τε
685 3301 784 3364 τῆς
821 3293 1051 3370 βουλῆς,
1085 3293 1174 3348 καὶ
1224 3297 1328 3348 τῶν
1389 3297 1486 3347 τοῦ
1547 3289 1728 3366 δῄμου
1783 3290 1873 3345 καὶ

233 3388 382 3443 αὐτῶν
436 3391 549 3441 τῶν
615 3391 716 3454 τῆς
772 3381 1100 3454 Ἐκκλησίας
1158 3384 1192 3453 ἢ
1263 3379 1517 3457 Θεοδώρα
1593 3379 1876 3456 Λύγοόστα

236 3474 430 3552 βασιλὶς
492 3473 858 3550 ἀνηγόρευτο.
919 3475 1096 3530 Τοῦτο
1151 3469 1208 3526 δὲ
1265 3477 1435 3526 πᾶσαν
1514 3467 1713 3525 έλπίδα
1794 3475 1875 3542 τῷ

232 3564 438 3643 Μιχαὴλ
497 3563 598 3620 καὶ
652 3567 768 3624 τοῖς
828 3561 951 3637 περὶ
985 3560 1187 3616 έκεῖνον
1219 3555 1500 3630 ἀπέσϐεσε,
1534 3560 1624 3614 καὶ
1685 3557 1876 3623 δεδιὼς

232 3655 337 3730 περὶ
397 3658 466 3728 τῇ
551 3655 691 3726 ζωῇ,
749 3655 856 3706 τῶν
903 3647 1191 3726 βασιλείων
1249 3649 1582 3723 μεθίσταται,
1639 3648 1728 3703 καὶ
1785 3648 1876 3713 νηῒ

233 3748 323 3798 τῶν
357 3740 666 3818 βασιλικῶν
717 3733 1040 3812 ἐμϐεϐηκὼς
1097 3738 1261 3800 αὐτός
1307 3758 1365 3792 τε
1420 3738 1507 3792 καὶ
1569 3738 1596 3792 ὁ
1652 3730 1875 3791 νωϐελί-

229 3852 388 3907 σιμος,
450 3830 529 3894 εἷς
591 3831 690 3899 τὴν
748 3829 1095 3905 περιώνυμον
1153 3825 1401 3896 ἀπῆλθον
1457 3831 1551 3881 τοῦ
1612 3823 1874 3880 Στουδίου

231 3920 504 3992 μονὴν,τὰ
555 3919 652 3992 μὲν
706 3923 806 3987 τῆς
862 3915 1138 3993 βασιλείας
1197 3915 1551 3992 γνωρίσματα
1601 3915 1876 3986 ἀποθέμε-

233 4030 327 4077 νος,
386 4011 665 4083 μοναστοῦ
723 4004 769 4061 δ’
821 4005 967 4078 αὖτῷ
1045 4004 1396 4080 περιθέμενος
1470 4002 1664 4083 ἇίμφια.
1724 4003 1872 4060 Ἐπεὶ

228 4095 264 4151 δ’
295 4098 544 4174 ἐγνώσθη
578 4101 741 4151 τοῦτο
769 4100 849 4168 τῷ
898 4093 1081 4168 δήμῳ,
1111 4094 1210 4149 οὐκ
1259 4095 1411 4168 εἶχον
1464 4095 1614 4156 ὅπως
1663 4092 1722 4148 ἐκ
1776 4096 1874 4162 τῆς

229 4193 386 4262 χαρᾶς
444 4187 800 4260 κατάσχωσιν
868 4183 1113 4251 ἑαυτοὺς,
1166 4183 1254 4238 καὶ
1317 4182 1400 4238 ἐπ’
1457 4181 1660 4237 ἐκεῖνον
1727 4181 1875 4236 συνέ-

231 4276 356 4331 θεον.
387 4273 534 4346 Ἤδη
600 4271 658 4328 δὲ
709 4271 1003 4343 κλινουσης
1061 4273 1294 4349 ἡμέρας,
1328 4272 1378 4326 οἱ
1430 4272 1554 4346 περὶ
1603 4273 1701 4340 τὴν
1747 4278 1876 4327 Θεο-

236 4359 399 4436 ’δώραν
452 4361 750 4430 δείσαντες,
807 4363 883 4434 μὴ
953 4363 987 4430 ἡ
1052 4359 1268 4436 βασιλὶς
1349 4361 1471 4430 Ζωή
1558 4359 1710 4424 αὖθις
1783 4359 1900 4414 τὸν·

236 4447 596 4524 ἐκϐεϐληκότα
653 4449 1190 4521 ἀνακαλέσηται,’ίνα
1249 4450 1325 4522 μὴ
1375 4452 1409 4519 ἡ
1471 4447 1681 4527 ἀδελφή
1741 4452 1878 4527 αὐτῇ

1951 536 2134 590 animi
2156 551 2284 590 esse
2318 534 2530 590 dubios
2551 550 2682 589 esse
2705 537 2971 589 cerneret
2991 534 3152 606 (nam
3185 533 3225 588 ii
3257 550 3490 606 quoque
3517 534 3605 589 fa-

1951 623 2121 678 cinus
2147 623 2207 677 in
2239 623 2676 696 imperatricem
2704 623 3035 678 admissum
3069 623 3335 694 oderant)
3365 621 3606 678 territus

1953 716 2199 767 astuare
2229 711 2419 783 ccepit.
2453 712 2566 766 Sed
2599 728 2732 766 eum
2768 728 3045 782 angorem
3093 711 3502 768 nobilissimus
3558 711 3610 767 ei

1956 799 2223 855 nonnihil
2256 800 2505 858 levavit:
2539 800 2637 872 qui
2688 817 2822 855 cum
2883 801 3044 855 domi
3105 800 3454 856 seditionem
3513 817 3607 856 co-

1956 889 2274 962 gnovisset,
2335 889 2460 945 suis
2518 889 2809 944 ministris
2868 906 3015 960 quos
3072 889 3265 945 alebat
3321 889 3609 961 plurimos

1957 979 2220 1048 armatis,
2255 995 2357 1050 per
2387 979 2646 1034 medium
2682 979 2872 1033 forum
2903 979 2962 1033 in
2998 978 3220 1051 regiam
3267 979 3430 1048 abiit,
3483 983 3607 1035 sta-

1960 1070 2181 1139 timque
2215 1068 2394 1122 mittit
2424 1067 2523 1139 qui
2555 1066 2993 1138 imperatricem
3026 1068 3329 1138 reducant,
3361 1072 3418 1123 et
3447 1068 3606 1124 sedi-

1960 1158 2130 1213 tiosis
2162 1157 2449 1229 quosdam
2481 1156 2742 1228 opponit,
2777 1156 2878 1227 qui
2932 1173 3002 1211 ex
3049 1155 3275 1212 occulto
3323 1174 3422 1212 eos
3475 1156 3605 1212 telis

1963 1251 2244 1318 peterent,
2278 1249 2334 1300 et
2382 1245 2581 1301 fundis
2638 1245 3021 1313 incesserent,
3081 1246 3236 1301 unde
3294 1263 3409 1301 non
3468 1263 3608 1302 sane

1964 1335 2133 1408 pauci
2166 1336 2483 1408 perierunt,
2517 1334 2949 1406 imperatricem
2971 1351 3104 1391 vero
3127 1335 3252 1405 jam
3285 1336 3607 1405 reductam,

1963 1429 2138 1495 atque
2169 1424 2226 1478 in
2259 1441 2490 1480 summo
2520 1423 2748 1479 theatro
2792 1423 3138 1480 collocatam
3191 1424 3612 1481 tumultuanti-

1967 1513 2077 1568 bus
2109 1512 2504 1580 ostenderent,
2541 1517 2604 1567 ut
2631 1512 2754 1568 visa
2786 1512 3025 1568 domina
3050 1512 3210 1568 furor
3227 1529 3429 1569 eorum
3456 1530 3614 1570 com-

1967 1605 2318 1672 pesceretur.
2347 1601 2406 1655 Id
2429 1617 2561 1656 vero
2591 1599 2752 1656 velut
2783 1601 3140 1656 incentivum
3170 1603 3466 1674 quoddam
3525 1620 3617 1661 se-

1968 1689 2208 1745 ditionis
2242 1690 2372 1756 fuit,
2415 1694 2472 1746 et
2530 1690 2896 1745 iracundiam
2952 1691 3150 1763 populi
3208 1691 3616 1750 inﬂammavit.

1969 1778 2115 1834 Nam
2143 1782 2457 1850 conspecta
2479 1779 2725 1835 vestium
2761 1780 3111 1846 mutatione,
3145 1779 3366 1836 bellum
3395 1781 3618 1838 violen-

1969 1869 2088 1924 tius
2120 1868 2357 1934 exarsit,
2390 1884 2455 1923 ac
2485 1868 2798 1941 tyrannicas
2831 1867 3218 1941 malignitatis
3248 1871 3403 1937 odio,
3453 1855 3624 1927 relic-

1969 1961 2030 2012 ta
2058 1955 2430 2029 imperatrice
2472 1957 2604 2024 Zoe,
2661 1958 2731 2012 ad
2792 1973 3050 2014 sororem
3084 1959 3213 2030 ejus
3243 1959 3612 2016 Theodoram

1972 2045 2257 2110 conversi,
2292 2062 2422 2116 qua:
2452 2049 2508 2101 et
2538 2047 2687 2117 ipsa,
2748 2049 2812 2101 ut
2868 2063 3048 2118 supra
3113 2049 3445 2120 expositum
3503 2053 3611 2118 est,

1973 2134 2393 2206 sorprisjussu
2426 2134 2693 2190 habitum
2728 2140 3003 2203 mutarat,
3039 2137 3187 2192 duce
3219 2137 3473 2208 quodam
3507 2154 3616 2210 pa-

1973 2227 2139 2279 terno
2165 2224 2294 2294 ejus
2326 2223 2569 2290 famulo,
2611 2223 2784 2280 veluti
2841 2225 3085 2281 militari
3142 2225 3314 2299 globo
3373 2227 3620 2282 circum-

1977 2322 2194 2391 datam,
2227 2339 2295 2377 ex
2349 2322 2570 2378 aedibus
2626 2322 2687 2378 in
2745 2323 3014 2396 Magnam
3076 2325 3381 2381 ecclesiam
3439 2325 3622 2382 divini

1983 2410 2148 2466 Verbi
2179 2409 2488 2482 Sapientiae
2538 2411 2964 2482 perduxerunt:
3027 2414 3126 2468 ubi
3157 2430 3191 2468 a
3221 2417 3340 2469 toto
3391 2419 3620 2484 senatu,

1980 2499 2193 2572 populo
2224 2503 2281 2555 et
2309 2499 2711 2555 sacerdotibus
2745 2505 3002 2572 Augusta
3027 2505 3092 2566 et
3138 2501 3480 2572 imperatrix
3532 2506 3624 2558 est

1982 2587 2378 2644 consalutata.
2419 2589 2498 2643 Ea
2529 2605 2620 2644 res
2651 2588 2918 2644 Michaeli
2949 2594 3005 2645 et
3034 2590 3160 2646 suis
3190 2607 3424 2646 omnem
3456 2607 3624 2664 spem

1983 2678 2223 2735 ademit.
2251 2677 2454 2749 Itaque
2484 2677 2608 2732 vita:
2665 2683 2957 2747 metuens,
3013 2678 3215 2735 relicta
3272 2679 3430 2751 regia
3488 2698 3623 2736 cum

1984 2767 2373 2832 nobilissimo,
2399 2766 2530 2821 navi
2551 2767 2927 2838 imperatoria
2947 2784 3287 2835 conscensa,
3309 2769 3366 2824 in
3399 2768 3628 2826 celebre

1986 2856 2176 2914 Studii
2205 2855 2650 2925 monasterium,
2682 2857 2926 2928 abjectis
2982 2857 3216 2930 imperii
3267 2857 3624 2930 insignibus,

1985 2945 2316 3017 habituque
2350 2944 2674 3001 monatico
2705 2950 2962 3018 sumpto,
2992 2949 3302 3004 concessit.
3345 2949 3468 3014 Quo
3518 2965 3625 3019 po-

1985 3035 2160 3107 pulus
2189 3034 2442 3106 cognito,
2474 3033 2734 3090 lmtitiam
2795 3034 3167 3091 dissimulare
3210 3036 3513 3107 nequiens,
3554 3037 3628 3092 ad

1987 3123 2154 3178 illum
2178 3123 2493 3178 concurrit.
2520 3123 2621 3178 Die
2637 3125 2906 3196 verojam
2928 3125 2996 3180 ad
3025 3141 3299 3181 occasum
3331 3129 3627 3198 vergente,

1980 3213 2291 3268 Theodore
2323 3211 2573 3267 studiosi
2602 3211 2767 3266 veriti
2818 3229 2889 3267 ne
2938 3213 3048 3268 Zoe
3096 3214 3350 3284 ejectum
3397 3230 3629 3270 revoca-

1984 3306 2092 3368 ret,
2127 3319 2241 3373 quo
2274 3317 2534 3357 sororem
2565 3307 2895 3357 consortem
2957 3302 3188 3372 imperii
3246 3303 3460 3358 habere
3514 3319 3632 3358 non

1984 3396 2306 3463 cogeretur,
2341 3391 2604 3456 mittunt,
2639 3390 2736 3460 qui
2795 3390 3022 3461 utrique
3072 3390 3274 3446 oculos
3330 3391 3630 3447 effodiant.

1983 3483 2127 3538 Cum
2151 3478 2331 3552 igitur
2348 3496 2416 3534 ex
2446 3478 2574 3550 ipso
2607 3480 2864 3535 sacrario
2913 3479 3247 3535 Studiensis
3291 3479 3632 3536 monasterii

1983 3569 2224 3626 extracti
2265 3569 2732 3624 abducerentur:
2787 3567 3104 3624 multitudo
3155 3585 3282 3641 qua
3334 3567 3434 3623 illo
3491 3585 3636 3626 con-

1982 3657 2229 3714 ﬂuxerat
2286 3657 2370 3712 eis
2427 3655 2710 3712 illudebat
2765 3662 2823 3711 et
2880 3656 3222 3726 insultabat,
3308 3656 3632 3713 cantilenas

1985 3747 2274 3819 quasdam
2304 3750 2585 3816 tanquam
2617 3745 2676 3799 in
2708 3744 2987 3817 tragaedia
3017 3745 3308 3815 occinens,
3337 3747 3522 3801 donec
3543 3746 3629 3801 eis

1985 3838 2042 3891 in
2073 3836 2199 3890 loco
2231 3834 2330 3906 qui
2363 3835 2566 3906 Sigma
2593 3833 2809 3888 dicitur
2839 3833 2994 3889 oculi
3047 3839 3186 3889 sunt
3231 3834 3449 3889 ell‘ossi.
3483 3835 3630 3890 Con-

1985 3924 2241 3980 stantino
2265 3921 2660 3978 calamitatem
2687 3939 2812 3978 eam
2836 3922 3060 3978 fortiter
3084 3925 3321 3994 ferente,
3344 3923 3626 3980 Michaele

1986 4030 2116 4069 vero
2151 4013 2304 4068 246
2331 4011 2649 4083 quiritante
2697 4017 2753 4066 et
2802 4011 3138 4068 lamentata.
3171 4017 3249 4066 Ea
3280 4029 3340 4068 re
3370 4019 3626 4086 peracta,

1986 4101 2241 4156 ministri
2272 4117 2452 4172 prensa
2486 4105 2556 4155 ad
2617 4099 2982 4155 Theodoram
3042 4100 3233 4156 adhuc
3290 4101 3348 4155 in
3410 4102 3630 4175 templo

1985 4195 2312 4246 versantem
2344 4189 2662 4244 redierunt.
2695 4189 2817 4244 Zoaa
2849 4206 2981 4244 vero
3012 4189 3070 4244 in
3113 4189 3330 4263 regiam
3390 4207 3633 4248 reversae

1988 4281 2231 4336 minime
2261 4278 2547 4351 placebat,
2579 4282 2644 4333 ut
2669 4282 2793 4332 erat
2824 4279 3329 4347 ambitiosissime,
3374 4296 3634 4336 sororem

1988 4371 2046 4425 in
2080 4369 2382 4439 potestatis
2414 4367 2774 4423 consortium
2809 4367 3136 4423 admittere.
3157 4366 3374 4424 Verum
3397 4373 3637 4426 senatus

1989 4464 2300 4529 utramque
2329 4474 2631 4520 venerans,
2666 4457 2816 4512 hanc
2850 4462 2912 4512 ut
2938 4457 3060 4526 jam
3097 4457 3321 4527 pridem
3375 4457 3638 4529 impera-

235 4543 635 4617 συγκοινωνήσῃ
714 4543 811 4608 τῆς
895 4538 1196 4614 βασιλείας,
1254 4535 1542 4593 στέλλουσι
1618 4538 1747 4601 τοὺς
1814 4542 1868 4596 τᾶ

1990 4544 2192 4600 tricem
2228 4560 2420 4612 suam,
2452 4541 2614 4597 illam
2650 4548 2713 4598 ut
2744 4560 2942 4598 recens
2975 4543 3364 4614 dcsignatam,
3396 4547 3454 4597 et
3483 4558 3637 4598 ever-

236 4625 446 4704 ὄμματα
506 4629 598 4685 καὶ
674 4628 878 4706 ἀμφοῖν
957 4627 1315 4703 έξορῦξοντας.
1371 4628 1434 4680 Οἱ
1514 4627 1607 4700 μὲν
1679 4628 1770 4683 οὖν
1833 4630 1882 4704 ἐξ

237 4719 388 4774 αὐτοῦ
441 4723 541 4774 τοῦ
592 4715 981 4791 θυσιαστηρίου
1045 4723 1145 4785 τῆς
1199 4720 1298 4771 τοῦ
1367 4712 1636 4771 Στουδίου
1719 4719 1887 4792 μονῆς

243 4804 639 4874 έκσπασθὲντες,
697 4806 995 4881 ἀπήγοντο,
1054 4805 1131 4863 Τὸ
1189 4801 1246 4858 δὲ
1304 4802 1517 4874 πλῆθος
1597 4805 1889 4882 συρῥεῦσαν

244 4897 356 4971 περὶ
386 4895 605 4966 αὐτοὺς,
639 4889 917 4970 ἐνύϐριζόν
949 4915 1008 4949 τε
1053 4893 1142 4948 καὶ
1193 4892 1550 4963 ἐπετώθαζον,
1599 4895 1689 4948 καὶ
1742 4897 1885 4969 μέλη

246 4987 583 5054 συντιθέντες,
637 4981 1054 5060 έπετραγῲδουν
1101 4981 1306 5044 αὐτοῖς.
1348 4983 1435 5045 Ὠς
1482 4980 1528 5037 δ’
1575 4985 1709 5052 ἧκον
1765 4986 1889 5062 περὶ

1995 4651 2070 4690 sea
2101 4632 2428 4706 tyrannidis
2460 4648 2724 4698 causam,
2757 4636 2897 4686 natu
2952 4631 3160 4702 majori
3210 4631 3523 4702 persuadet
3572 4635 3638 4687 ut

1997 4738 2258 4777 sororem
2291 4719 2573 4791 collegam
2624 4719 2914 4774 admittat.
2977 4720 3281 4774 Theodore
3329 4719 3507 4792 igitur
3549 4736 3640 4776 re-

1997 4810 2151 4882 giam
2185 4810 2451 4879 ingressa
2483 4807 2604 4878 pari
2652 4823 2783 4862 cum
2839 4808 2948 4862 Zoe
3010 4813 3296 4879 potestate
3356 4826 3462 4865 usa
3516 4815 3639 4867 est:

1999 4896 2195 4954 caacati
2227 4901 2418 4951 autem
2453 4895 2657 4950 exsilio
2691 4895 2922 4950 multati
2956 4901 3115 4964 sunt,
3149 4896 3395 4970 imperio
3440 4914 3642 4956 eorum

2001 4991 2256 5060 quatuor
2285 4985 2588 5040 mensibus
2619 4989 2678 5040 et
2727 4985 2986 5057 quinque
3042 4986 3250 5043 diebus
3304 4988 3644 5056 terminato,

2001 5076 2159 5148 quod
2184 5075 2410 5130 utinam
2441 5073 2616 5130 citius
2649 5073 3008 5132 amisissent.
3527 5064 3530 5072 ’

247 5074 300 5129 τὸ
330 5074 722 5152 Σίγμα.(τόπος
766 5070 954 5127 δ’ἐστὶ
1005 5070 1346 5145 κεκλημένος
1397 5069 1570 5144 τουτί)
1601 5070 1712 5127 ἐκεῖ
1765 5073 1893 5139 τοὺς

251 5159 556 5238 ὀφθαλμοὺς
623 5160 952 5232 έξεκόπησαν
1005 5163 1137 5234 (22),
1170 5160 1197 5214 ὁ
1268 5161 1362 5234 μὶν
1432 5164 1829 5226 Κωνσταντῖνος
1895 5163 2153 5238 γενναίως
2218 5160 2392 5240 φέρων
2453 5163 2552 5230 τὴν
2621 5161 2928 5239 συμφαράν,
2998 5164 3026 5218 ὁ
3093 5160 3151 5219 δὲ
3215 5162 3450 5241 Μιχαὴλ
3525 5166 3647 5218 θεο-

1502 5297 1706 5359 Variae
1749 5298 2050 5361 lectiones
2095 5305 2160 5360 et
2201 5303 2390 5360 nota.

325 5422 432 5496 (51)
465 5419 1170 5496 ΚτὲλλουσιμΔηουγσιυε
1227 5423 1501 5480 Barensis
1559 5422 1616 5478 in
1673 5423 1891 5480 Chron.

265 5495 549 5566 {1711.71052:
586 5495 818 5552 Michael
869 5497 1002 5565 imp.
1053 5495 1348 5566 defunctus
1379 5503 1476 5565 est,
1537 5499 1592 5551 et
1646 5498 1896 5552 surrexit

265 5564 474 5640 Michael
504 5568 690 5626 Caesar
717 5583 882 5638 nepos
911 5564 1059 5639 ejus,
1091 5564 1189 5639 qui
1216 5568 1425 5640 direxit
1453 5564 1512 5623 in
1545 5568 1744 5640 Apulia
1780 5569 1893 5623 Ma-

265 5636 426 5694 nialtz'.
445 5645 568 5697 Post
594 5636 798 5698 mensos
817 5641 853 5694 5
866 5636 1212 5696 caécavaunl
1234 5639 1391 5696 illum
1415 5636 1794 5713 ipsunipudili
1804 5642 1898 5714 qui

2005 5425 2295 5481 exsilia-vit
2326 5425 2437 5481 Zoi.
2461 5425 2791 5480 Etsurrexil
2825 5424 3107 5481 Constanti
3136 5424 3412 5492 Monacho,
3446 5428 3557 5481 etc.

2078 5494 2698 5572 (22)Tob;_6p0a).pobg
2749 5494 3096 5572 ἐξεκόπησοιν.
3158 5497 3464 5572 Catalogus
3508 5500 3650 5572 imp.

2007 5567 2225 5641 (Ιοᾶὶηο
2247 5567 2636 5641 subiunctus;
2672 5567 2858 5641 ’EVA‘IQ)
2883 5567 3070 5640 κιονίῳ
3099 5571 3194 5620 τοῦ
3229 5567 3499 5641 Σίγματος
3534 5567 3651 5624 ἐτυ-

2009 5639 2201 5719 φλώθη
2235 5641 2381 5716 παρά
2407 5635 2728 5716 Νικηφόρου
2761 5635 3164 5720 Ἐπάρχουτοῦ
3197 5635 3515 5705 Καπανέως.

567 5771 826 5832 ΡΑτιιοι.
878 5768 986 5831 Gn.
1036 5767 1319 5831 CXXXV.
3299 5773 3335 5829 7
