4036 6206
1767 325 2098 386 JOANNIS
2144 325 2488 386 ZONARIE

417 333 542 395 203
1767 333 1904 386 JOA
1922 333 2038 384 NN}

2148 333 2488 386 ΖυΝΑιιιΕ
3696 346 3800 406 2ο,

413 467 594 542 λογῶν
641 487 701 521 τε
755 464 846 520 καὶ
901 461 1254 541 ὀδυρόμενος.
1315 463 1461 519 Ἐπεὶ
1523 457 1569 515 δ’
1620 459 1786 538 ἄμφω
1843 459 2038 548 σκότος
2099 455 2356 548 ἐκάλυψε,
2418 461 2554 536 πρὸς
2611 463 2710 532 τήν
2770 461 3056 542 Θεοδώραν
3112 469 3166 522 οἱ
3220 469 3322 538 τήν
3382 473 3622 548 πήρωσιν
3677 477 3800 534 ἑκεί-

408 580 526 621 νοις
587 553 966 633 σχεδιᾴσαντες
1029 551 1424 624 ἐπανήλοοσαν,
1481 548 1556 605 ἔτι
1629 552 1707 620 τῷ
1793 544 2018 622 μεγάλῳ
2094 546 2299 619 τεμένει
2374 550 2805 622 προσμένουσαν.
2865 554 2929 610 Ἡ
3008 551 3066 610 δὲ
3151 557 3272 626 Ζωὴ
3356 544 3613 638 ἐτύγχανε
3688 567 3800 638 περὶ

406 649 477 704 τὰ
535 621 803 720 βασίλεια.
852 647 950 698 Ἦν
1014 644 1109 716 μὶν
1169 640 1258 696 οὖν
1314 641 1449 714 αὐτῇ
1503 639 1564 693 τὸ
1627 621 1986 714 βουλόμενον,
2042 637 2117 708 μὴ
2171 621 2533 712 προσήσεσθαι
2590 645 2690 694 τοῦ
2745 641 2974 716 κράτους
3039 621 3302 700 κοινωνδν
3356 621 3796 725 τὴνηδμαίμονοίο

408 733 734 806 ἐζηλοτύπει
790 733 892 809 γὰρ
945 731 1208 793 ἐκτόπως.
1248 728 1426 819 Π’Δλλ’
1486 729 1693 819 οἱῌτῆς
1749 725 2035 819 γερουσίας
2090 724 2178 778 καὶ
2237 723 2402 802 ἄμφω
2485 723 2792 801 σεϐόμενοι,
2851 733 2951 801 τὴν
3025 733 3119 807 μὲν
3193 734 3266 796 ὡς
3348 735 3597 812 βασιλίδα
3642 723 3797 819 -σφῶν

411 825 470 880 ἐκ
529 827 759 899 μακροῦ,
816 822 916 890 τὴν
973 819 1049 891 δὲ,
1109 821 1182 881 ὡς
1239 817 1358 895 ἄρτι
1429 816 1848 893 ἀναῤῥηοεῖσαν,
1902 813 1992 868 καὶ
2043 817 2138 868 τοῦ
2188 813 2554 885 καταλυθῆναι
2612 820 2709 887 τήν
2766 817 3051 896 τυραννίδα
3109 823 3405 897 γενομένην
3459 826 3648 899 αῗτὶαν,
3693 813 3798 888 sui-

413 925 563 977 θουσι
643 912 740 978 τήν
817 904 1220 985 πρεσϐυτέραν,
1279 907 1540 963 κοινωνὸν
1623 908 1719 959 τοῦ
1799 902 2028 978 κράτους
2115 900 2540 980 προσειληφέναι
2622 908 2722 976 τήν
2805 907 3071 985 ἀδελφήν.
3125 914 3278 966 "Hm
3361 913 3533 969 τοίνυν
3617 920 3701 972 καὶ
3765 924 3794 992 ἡ

412 999 663 1075 Θεοδὼρα
721 1001 857 1074 πρὸς
913 997 980 1052 τὰ
1040 997 1310 1072 βασίλεια,
1364 996 1456 1051 καὶ
1506 994 1843 1068 συμμετέχει
1891 996 1988 1046 τοῖ’)
2044 992 2277 1080 κράτους
2331 996 2398 1067 τῇ
2455 992 2687 1070 ἀδελφῇ,
2746 996 2982 1062 ἐντεῦθεν
3043 999 3331 1077 ὑπερορίαν
3390 1003 3441 1057 οἱ
3487 1007 3801 1080 πηρωθέντες

407 1090 535 1152 τοὺς
599 1087 923 1168 ὀφθαλμοὺς
980 1087 1546 1161 κατακρίνονται,τῆς
1587 1080 1868 1160 βασιλείας
1911 1080 2096 1142 αὐτοῖς
2127 1077 2215 1134 ίπῖ
2279 1088 2450 1154 μῆνας
2502 1083 2760 1160 τέσσαρας
2819 1088 2908 1142 καὶ
2965 1089 3120 1145 πέντε
3177 1091 3388 1166 ἡμέρας
3446 1077 3799 1172 συστάλείσηςν

408 1179 482 1240 ὡς
513 1175 622 1241 εῗ¹θε
651 1198 711 1253 γε
740 1177 831 1231 καὶ
867 1176 1226 1253 βραχύτερον.

483 1269 596 1324 XX.
622 1273 1016 1324 Romanornm
1044 1267 1287 1339 imperio
1324 1266 1383 1320 in
1405 1279 1738 1337 gynaaceum
1763 1259 2031 1318 devoluto

2240 1260 2322 1316 K'.
2357 1261 2695 1333 Κατηντήκει
2743 1263 2922 1320 τοίνυν
2989 1266 3114 1342 περὶ
3184 1269 3283 1338 τήν
3351 1279 3718 1344 γυναικωνῖτιν
3767 1280 3798 1332 ’λ

403 1373 577 1416 nemo
626 1357 941 1412 insidiatus
998 1361 1087 1412 est
1146 1354 1514 1421 mulieribus,
1573 1354 1670 1408 sed
1731 1357 2051 1423 paruerunt

401 1463 607 1503 omnes
631 1450 749 1501 tam
773 1445 1066 1517 principes
1090 1453 1535 1513 senatus,quam
1564 1440 2047 1513 praetorianorum

399 1535 699 1609 praecipui.
761 1534 1049 1589 Sederunt
1108 1533 1287 1604 igitur
1343 1532 1526 1586 ambis
1587 1547 1689 1602 pro
1747 1527 2048 1597 tribunali,

399 1641 604 1682 omnes
627 1623 798 1696 regia:
824 1622 1170 1677 caeremonia
1195 1621 1349 1692 apud
1373 1637 1469 1675 eas
1492 1623 1759 1691 peractae,
1786 1616 2051 1672 adhibita

399 1715 472 1770 de
502 1728 662 1768 more
691 1711 980 1774 custodia,
1014 1709 1313 1781 primariis
1346 1708 1716 1763 senatoribus
1747 1710 1806 1761 et
1857 1705 2048 1776 magi-

400 1801 681 1857 stratibus
695 1797 1124 1854 venerabundis
1143 1792 2047 1866 circumstantibuszquaastiones

400 1907 572 1962 porro
595 1887 1152 1954 controversiarum,
1177 1902 1462 1958 responsa
1485 1885 1553 1938 ad
1579 1883 1813 1955 publica
1843 1881 2042 1949 dubia,

400 1977 856 2035 anscultationes
885 1976 1234 2046 legatorum,
1255 1974 1512 2040 comitia,
1538 1977 1860 2042 czeteraque
1882 1970 2045 2042 regni

399 2067 690 2124 solemnia
711 2069 996 2138 usurpata
1018 2065 1168 2136 apud
1196 2063 1633 2119 illas.Caeterum
1654 2060 1741 2116 vel
1765 2063 1944 2126 metu,
1973 2074 2045 2114 ne

398 2173 563 2214 soror
591 2171 786 2212 rerum
817 2153 940 2209 sola
972 2153 1259 2226 potiretur
1292 2152 1704 2224 (susurrabant
1733 2149 1888 2206 enim
1913 2147 2043 2220 qui-

396 2247 529 2302 dam
555 2245 623 2301 ad
645 2243 828 2300 solam
851 2242 1212 2298 Theodoram
1239 2237 2042 2312 pertinereimperium,quod

395 2351 574 2390 causa
605 2333 814 2388 fuisset
843 2330 1094 2403 pellendi
1130 2329 1402 2403 tyranni),
1435 2327 1524 2383 vel
1557 2326 1845 2383 desiderio
1863 2325 1968 2380 viri
1989 2328 2045 2380 et

395 2422 583 2478 coitus
615 2421 872 2492 impulsa
901 2421 1010 2475 Zoe
1042 2421 1114 2475 de
1142 2419 1493 2490 imperatore
1524 2421 1580 2471 et
1609 2415 1820 2470 marito
1851 2414 1910 2468 in
1952 2430 2041 2468 re-

396 2512 554 2583 giam
583 2510 931 2566 accersendo
963 2508 1326 2564 deliberavit.
1370 2507 1672 2562 Adductus
1727 2504 1910 2576 igitur
1954 2506 2043 2557 est

393 2600 811 2656 Constantinus
839 2597 1214 2668 Dalassenus,
1239 2597 1404 2668 quasi
1429 2596 1543 2651 alia
1560 2596 1630 2650 de
1660 2609 1837 2648 causa
1859 2607 2041 2647 accer-

401 2688 576 2742 situs.
611 2687 722 2742 Sed
758 2701 891 2740 cum
925 2684 1190 2756 asperius
1222 2682 1452 2738 locutus
1481 2685 1656 2748 esset,
1707 2686 1765 2736 et
1811 2679 2046 2752 ingenio

396 2775 694 2830 videretur
723 2773 1025 2846 praefracto
1055 2776 1112 2827 et
1135 2771 1511 2840 intractabili,
1547 2769 1888 2842 repudiatus
1936 2771 2043 2823 est.

394 2864 614 2920 Deinde
644 2863 714 2918 ad
747 2862 926 2918 alium
960 2860 1263 2916 inclinavit
1291 2875 1476 2930 neque
1508 2858 1810 2915 nobilitate
1855 2872 2046 2929 neque

395 2952 786 3026 dignitatibus
817 2956 917 3006 aut
943 2949 1387 3023 magistratibus
1414 2947 1832 3005 illustrioribus
1862 2946 2044 3018 gestis

393 3042 713 3114 insignem,
746 3042 846 3096 sed
881 3040 952 3096 ob
988 3039 1234 3095 formam
1293 3038 1540 3110 imperio
1595 3037 1859 3110 dignum,
1914 3052 2041 3107 qum

393 3131 656 3190 animum
690 3131 866 3187 etiam
900 3146 1017 3185 non
1050 3129 1312 3184 deditum
1373 3126 1616 3182 luxuria
1670 3127 1728 3180 in
1780 3141 2037 3180 amorem

393 3220 666 3294 pellicere
697 3223 915 3292 posset.
946 3219 1028 3273 Ad
1061 3235 1193 3274 eum
1231 3217 1410 3288 igitur
1460 3215 1803 3288 imperatrix
1849 3214 2038 3287 plenis

391 3310 535 3367 velis
567 3309 888 3375 ferebatur,
919 3307 1019 3363 sed
1053 3308 1181 3378 ejus
1230 3305 1510 3378 suffragio
1572 3306 1811 3360 morbus
1863 3306 2042 3360 inter-

390 3399 587 3468 cessit,
623 3397 724 3470 qui
772 3398 959 3452 virum
1019 3395 1212 3452 subito
1260 3412 1291 3452 e
1343 3394 1462 3450 vita
1517 3394 1779 3451 sustulit.
1839 3399 2038 3467 Neque

390 3486 747 3560 suspicionis
778 3501 1016 3558 exspers
1053 3485 1161 3540 fuit
1190 3485 1404 3555 conjux
1432 3483 1612 3551 illius,
1648 3487 1709 3538 ut
1743 3499 1867 3554 qua;
1899 3499 2034 3538 eum

387 3595 454 3634 ex
483 3576 769 3650 zelotypia
797 3575 985 3631 toxico
1020 3575 1153 3630 dato
1185 3574 1426 3643 necarit,
1462 3590 1532 3628 ne
1561 3573 1787 3628 vivente
1841 3571 2035 3628 adhuc

389 3666 598 3722 marito
629 3667 976 3738 privaretur,
1012 3669 1187 3736 atque
1217 3662 1393 3719 aliam
1427 3663 1477 3717 ei
1512 3663 1895 3718 accubantem
1950 3662 2033 3716 vi-

391 3755 690 3811 deret.Sic
722 3753 818 3809 ille
851 3770 973 3826 spe,
1008 3753 1344 3824 imperatrix
1407 3754 1538 3808 voto
1596 3768 1702 3807 suo
1753 3751 2035 3806 frustrata

391 3849 500 3901 est.
530 3845 747 3899 Verum
775 3844 905 3914 ejus
936 3841 1144 3898 calculi
1174 3842 1244 3897 ad
1267 3841 1718 3897 Constantinum
1743 3845 2036 3895 Monoma-

391 3935 566 3990 chum
592 3933 745 3989 247
775 3931 1152 4000 inclinarunt,
1169 3931 1356 3985 virum
1379 3930 1630 3985 nobilem
1652 3929 2031 3997 etillustrem,

2159 1352 2267 1401 τῶν
2323 1349 2611 1421 Ῥωμαίων
2695 1351 2869 1428 ἀρχὴ,
2935 1355 3024 1408 καὶ
3101 1353 3252 1411 οὐδέν
3297 1379 3372 1428 ¹τι
3440 1359 3562 1436 περὶ
3624 1363 3802 1431 ταύτας

2160 1437 2561 1511 νενεωτέριστο,
2595 1439 2743 1496 ἀλλά
2771 1443 2964 1505 πάντες
2999 1444 3182 1507 αύταῖς
3213 1445 3464 1522 ὑπεῖχον,
3496 1448 3557 1503 τό
3607 1472 3663 1506 τε
3709 1461 3800 1524 τῆς

2157 1526 2438 1599 γερουσίας
2469 1522 2684 1603 ἔξοχον,
2714 1532 2801 1585 καὶ
2851 1532 2914 1586 τὸ
2957 1537 3056 1587 τοῦ
3105 1536 3440 1610 στρατηγίου
3489 1522 3798 1613 ἐπισημότα·

2157 1633 2271 1668 τον.
2301 1616 2367 1670 Αἱ
2411 1613 2458 1669 δ’
2488 1615 2654 1695 ἄμφω
2686 1617 2944 1690 ἐκάθηντο
2978 1619 3064 1676 ἐπὶ
3102 1623 3376 1697 βήματος,
3400 1626 3490 1680 καὶ
3522 1634 3661 1684 πᾶσα
3687 1633 3796 1697 περὶ

2157 1683 2596 1798 αύτάςιέτελείτό
2627 1683 2894 1798 τελετὴνὴ
2932 1683 3230 1783 βασίλειός,
3263 1683 3375 1768 καί,
3405 1718 3474 1788 τῇ
3521 1683 3798 1798 δορυφορία

2153 1790 2218 1844 τὸ
2261 1789 2347 1846 ἐπὶ
2393 1799 2508 1856 τοῖς
2563 1795 2845 1869 βασιλεῦσι
2897 1805 3091 1874 σχῆμα
3133 1803 3434 1878 τετήρητο,
3476 1789 3672 1862 καίνοί

2156 1881 2382 1955 πρώτης
2415 1882 2622 1958 βουλῆς
2653 1885 2740 1939 καὶ
2773 1887 2825 1940 οἱ
2869 1885 2920 1941 ἐν
2977 1886 3123 1943 τέλει
3173 1888 3264 1944 σὺν
3319 1889 3474 1947 αἰδοῖ
3523 1901 3794 1972 παρειστή-

2156 1986 2335 2022 κεισαν
2413 1969 2737 2043 ξύμπαντες.
2812 1975 2910 2029 Καὶ
2990 1978 3244 2047 ζητήσεις
3313 1976 3506 2048 δικῶν,
3560 1969 3644 2038 καὶ
3709 1969 3797 2040 λύ-

2155 2077 2262 2119 σεις
2310 2059 2418 2132 (23)
2485 2056 2764 2132 δημοσίων
2827 2060 3310 2140 ἀμφισϐητήσεων,
3373 2067 3609 2134 ἐντεῦθεν
3667 2072 3793 2129 ἐντυ-

2153 2145 2276 2220 χίαι
2319 2167 2379 2201 τε
2425 2144 2764 2222 πρεσϐευτῶν
2815 2152 2903 2206 καὶ
2955 2153 3332 2230 ἀρχαιρεσίαι,
3392 2157 3480 2212 καὶ
3530 2157 3698 2216 τᾶλλα
3737 2165 3796 2217 τὰ

2151 2238 2219 2321 τῇ
2269 2235 2518 2321 βασιλείᾳ
2564 2241 2912 2313 προσήκοντα
2958 2239 3198 2318 ἐγίνοντο
3229 2246 3359 2321 παρ’
3397 2245 3603 2309 αὐταῖς.
3653 2249 3793 2305 Ἀλλ’

2153 2320 2260 2378 εἰει-ε
2318 2320 2506 2402 φόϐυς,
2563 2328 2637 2400 μὴ
2693 2332 2759 2403 τῇ
2811 2325 3020 2404 ἀδελφῇ
3069 2332 3208 2407 μόνῃ
3255 2320 3548 2407 περισταίη
3598 2337 3661 2392 τὰ
3706 2343 3792 2405 τῆς

2152 2410 2333 2487 ἀρχῆς
2363 2413 2798 2489 (ὑπεψιθυρίζετο
2848 2417 2951 2492 γάρ
3003 2439 3166 2490 τισιν,
3200 2418 3336 2494 αύτῇ
3380 2420 3592 2493 μᾶλλον
3641 2445 3790 2500 προσ-

2150 2501 2301 2572 ήκειν
2389 2502 2458 2556 τὰ
2554 2510 2655 2573 τῆς
2748 2505 2948 2580 ἀρχῆς,
3033 2506 3125 2562 ἅτε
3187 2507 3278 2562 καὶ
3369 2516 3474 2578 τῆς
3558 2516 3794 2587 τυραννή-

2154 2601 2345 2653 σαντος
2393 2593 2754 2668 καθαιρέσεως
2806 2593 2995 2668 αἰτίᾳ),
3029 2593 3126 2650 εἶ’τ’
3160 2593 3354 2673 ἀνδρὸς
3419 2597 3675 2674 ἐπιθυμία
3713 2603 3790 2656 καὶ

2158 2678 2353 2752 μίξεως
2419 2679 2607 2756 ἵμεροι
2695 2680 2974 2738 ἀνέπεισαν
3033 2685 3132 2753 τὴν
3207 2687 3365 2755 Ζωὴν
3442 2687 3788 2766 ἐπεισαγαγεῖν

2151 2773 2266 2830 τοῖς
2318 2768 2614 2844 βασιλείοις
2679 2772 2770 2825 τὸν
2845 2770 3255 2847 βασιλεύσοντα,
3323 2777 3422 2831 καὶ
3484 2777 3616 2854 αὐτῇ
3672 2801 3790 2854 συμ-

2157 2857 2444 2933 βιώσοντα.
2499 2858 2597 2912 Καὶ
2645 2857 2798 2936 ἤχθη
2854 2861 2947 2934 μὶν
2995 2862 3022 2915 ὁ
3072 2860 3428 2936 Δαλασσηνὸς
3487 2874 3793 2924 Κωνσταντῖ-

2149 2966 2264 3033 νος,
2299 2947 2373 3010 ὡς
2419 2945 2502 3001 ἐπ’
2527 2944 2668 3003 ἄλλο
2720 2970 2772 3004 τι
2824 2949 3324 3025 μετακεκλημένος.
3361 2955 3790 3033 Ἀποτομώτερον

2151 3031 2209 3122 δὲ
2236 3039 2354 3097 τοῖς
2382 3033 2567 3112 λόγοις
2598 3036 2966 3112 χρησάμενος,
3000 3039 3087 3093 καὶ
3121 3040 3182 3095 τὸ
3226 3041 3372 3110 ἦθος
3422 3045 3669 3122 φορτικός
3711 3031 3792 3109 τις

2151 3121 2306 3194 δόξας
2354 3125 2442 3178 καί
2489 3122 2783 3202 δυσχερὴς,
2835 3124 3267 3201 ἀπεδοκιμάσθη.
3319 3121 3458 3187 Εἶτα
3507 3133 3588 3189 ἐπ’
3639 3133 3791 3190 ἄλλον

2149 3213 2431 3267 ἀπένευσεν
2492 3212 2614 3268 οὕτε
2686 3219 2794 3268 τῶν
2868 3216 2997 3292 ἄγαν
3072 3213 3201 3272 ὄντα
3270 3219 3635 3298 εὐπατριδῶν,
3682 3222 3791 3279 οὕτε

2144 3305 2251 3356 τῶν
2300 3300 2351 3356 έν
2397 3302 2568 3375 ἀξίαις
2618 3300 3026 3379 λαμπροτέραις
3074 3304 3479 3380 ἐξητασμένων,
3534 3307 3653 3366 οὔτε
3692 3317 3790 3367 τῶν

2145 3388 2197 3444 ἐν
2231 3388 2572 3470 περιφανέσιν
2619 3392 2842 3468 ἀρχαῖς,
2874 3391 2935 3448 τὸ
2982 3390 3039 3448 δὲ
3079 3392 3219 3457 εἶδος
3264 3393 3418 3468 ἄξιον
3467 3399 3784 3475 τυραννίδος,

2144 3479 2232 3534 καὶ
2311 3482 2423 3535 οἷον
2488 3481 2624 3556 πρὸς
2692 3479 2897 3556 ἔρωτας
2961 3481 3359 3559 ἐφελκύσασθαι
3423 3489 3512 3543 καὶ
3574 3491 3647 3562 μὴ
3697 3512 3785 3564 μα-

2143 3566 2443 3644 χλοσύναις
2511 3571 2910 3644 προσκειμένην
2975 3575 3181 3647 ψυχήν.
3250 3575 3374 3630 Ἐπ’
3425 3576 3625 3634 ἐκεῖνον
3700 3577 3782 3632 οὖν

2143 3657 2297 3721 ὅλοις
2364 3657 2556 3720 ἱστίοις
2623 3655 2869 3714 ἔπνευσεν
2926 3663 2960 3730 ἡ
3016 3659 3322 3736 βασίλισσα,
3378 3663 3507 3722 ἀλλ’
3556 3667 3786 3744 ἠκύρωσε

2141 3747 2236 3808 τὰς
2287 3749 2502 3826 ψήφους
2551 3746 2686 3822 αὐτῇ
2724 3749 2883 3810 νόσος
2930 3750 3127 3825 ἀθρόον
3178 3752 3268 3806 τὸν
3303 3750 3478 3831 ἄνδρα
3526 3760 3622 3822 τῆς
3655 3761 3785 3825 ζωῆς

2143 3835 2497 3912 ἐξαρπόσασα.
2576 3837 2928 3907 Ὑπωπτεύθη
3019 3836 3076 3893 δὲ
3163 3839 3253 3895 καὶ
3358 3844 3394 3912 ἡ
3485 3849 3789 3900 συνοικοῦσα

2139 3925 2320 3999 τούτῳ
2363 3926 2436 3987 ὡς
2476 3925 2567 3980 τὸν
2627 3925 2850 3982 θάνατον
2903 3927 3051 4001 αὐτῷ
3124 3927 3485 4005 σχεδιάσασα,
3532 3933 3618 3988 καὶ
3663 3934 3786 4009 φάρ-

392 4023 694 4093 formaque
724 4019 1026 4076 excellenti
1059 4020 1385 4093 praditum,
1419 4020 1516 4092 qui
1550 4018 1743 4091 prima
1785 4019 2035 4091 conjuge

2149 4035 2318 4088 μακον
2375 4014 2522 4087 αὐτῷ
2580 4011 2670 4069 διὰ
2726 4014 3061 4086 ζηλοτυπίαν
3114 4020 3387 4094 κεράσασα
3439 4007 3788 4097 δηλητήριον,

391 4112 686 4180 defuncta,
733 4109 977 4165 Romani
1037 4109 1410 4181 imperatoris
1470 4124 1657 4180 neque
1710 4125 1776 4163 ex
1859 4107 2035 4164 fratre

391 4202 586 4266 ducta,
619 4197 764 4254 nihil
795 4199 866 4252 ab
901 4197 997 4252 illo
1030 4197 1406 4268 magniﬁcum
1466 4201 1820 4252 consecutus
1869 4200 2028 4253 erat:

386 4294 580 4345 tamen
614 4305 747 4343 cum
781 4291 1016 4358 propter
1045 4286 1388 4341 affinitatem
1421 4286 1479 4340 in
1512 4285 1647 4341 aula
1679 4290 2029 4357 versaretur,

388 4376 744 4450 impcratrici
774 4376 990 4430 charus
1021 4379 1076 4430 et
1108 4374 1413 4430 familiaris
1445 4375 1653 4443 factus,
1707 4374 2030 4430 multorum

385 4469 742 4524 talentorum
769 4481 1014 4520 munera
1045 4464 1118 4519 ab
1149 4481 1236 4535 ea,
1265 4468 1329 4518 ut
1353 4469 1477 4518 erat
1509 4480 1686 4518 manu
1719 4463 1948 4520 liberali
1976 4469 2032 4520 et

386 4558 584 4614 animo
608 4556 789 4628 regio,
821 4559 1144 4626 acceperat.
1187 4552 1349 4608 Unde
1393 4553 1728 4624 suspicaces
1759 4559 1814 4606 et
1847 4553 2029 4608 malc-

383 4646 497 4703 voli
530 4662 734 4701 ansam
769 4643 920 4699 male
952 4643 1021 4698 de
1061 4641 1144 4697 eis
1202 4641 1478 4713 loquendi
1531 4641 1929 4713 arripuerunt,
1976 4646 2031 4697 et

384 4734 633 4791 Michael
666 4733 906 4788 Romani
943 4747 1269 4797 successor,
1305 4731 1453 4800 quod
1489 4729 1592 4786 illa
1635 4747 1868 4803 quoque
1927 4748 2030 4787 au-

386 4823 593 4889 dierat,
627 4839 822 4876 rerum
858 4821 1096 4892 potitur,
1131 4819 1318 4874 virum
1354 4819 1620 4875 confictis
1671 4821 2028 4892 quibusdam

387 4911 737 4967 criminibus
774 4912 1018 4965 Lesbum
1054 4909 1346 4980 relegavit,
1379 4925 1512 4964 cum
1546 4926 1680 4964 vera
1710 4927 1886 4967 causa
1918 4927 2033 4967 una

387 4999 673 5072 zelotypia
701 5003 873 5054 esset.
911 5000 970 5053 In
1004 5015 1071 5054 eo
1101 4997 1324 5068 exsilio,
1360 5001 1476 5053 toto
1507 4997 1738 5070 imperii
1771 4999 2030 5057 Michae-

387 5089 462 5147 lis
501 5093 787 5161 tempore,
821 5087 950 5158 fuit,
983 5104 1090 5144 nec
1141 5085 1392 5143 alterum
1451 5085 1794 5144 Michaelem
1843 5091 2032 5164 magis

2136 4101 2228 4158 'iva
2265 4105 2340 4178 μὴ
2373 4101 2449 4159 ἔτι
2480 4109 2679 4174 ζῶντος
2714 4107 3031 4180 στερήσοιτο
3051 4110 3148 4160 τοῦ
3170 4105 3390 4182 ἀνδρὸς,
3410 4111 3502 4164 καὶ
3527 4111 3671 4185 ὁρῴη
3697 4109 3792 4164 ἑτέ-

2143 4213 2235 4268 ραν
2262 4193 2404 4266 αύτῷ
2433 4193 2821 4263 παριαύουσαν.
2856 4196 2916 4252 Ὁ
2950 4195 3046 4268 μὲν
3074 4195 3166 4250 οὖν
3208 4193 3352 4252 οὕτω
3403 4203 3510 4254 τῶν
3560 4197 3782 4254 ἐλπίδων

2141 4282 2472 4358 ἐκπέπτωκε,
2505 4283 2595 4338 καὶ
2623 4290 2723 4352 τῆς
2757 4283 2935 4358 ὁρμῆς
2976 4287 3010 4354 ἠ
3057 4283 3364 4360 βασίλισσα.
3401 4289 3470 4343 Αἱ
3521 4285 3578 4342 δὲ
3624 4292 3787 4366 ψῆφοι

2141 4373 2277 4447 πρὸς
2356 4373 2448 4427 τὸν
2540 4371 2878 4448 Μονομάχον
2974 4375 3375 4430 Κωνσταντῖνον
3479 4375 3783 4444 ἀπέκλιναν,

2141 4459 2306 4537 ἄνδρα
2328 4465 2435 4515 τῶν
2467 4461 2523 4515 εὖ
2555 4456 2856 4536 γεγονότων
2889 4463 3002 4535 (24)
3033 4462 3124 4516 καὶ
3171 4467 3278 4517 τῶν
3343 4463 3654 4539 ἐπισήμων,
3706 4464 3787 4519 καὶ

2141 4548 2408 4621 κηδεστὴν
2453 4554 2534 4622 τῷ
2586 4548 2802 4626 βασιλεῖ
2849 4551 3116 4624 Ῥωματῷ
3166 4552 3248 4607 ἐπ’
3290 4550 3656 4632 ἀδελφόπαιδι

2142 4639 2563 4716 χρηματίσαντα
2631 4639 2817 4714 (ταύτῃ
2878 4640 2982 4717 γὰρ
3046 4640 3181 4695 κατὰ
3243 4639 3530 4720 δευτέρους
3590 4645 3790 4718 γάμους

2142 4727 2438 4802 ὡμίλησε),
2470 4729 2558 4782 καὶ
2609 4729 2705 4798 τήν
2760 4723 2902 4803 ὤραν
2950 4728 3364 4807 ὑπέρλαμπρον.
3410 4733 3599 4805 Τούτῳ
3645 4728 3786 4785 οὔπω

2145 4819 2238 4891 μὲν
2294 4815 2708 4893 μεγαλοπρεπές
2756 4839 2809 4871 τι
2855 4818 2882 4871 ὁ
2940 4815 3196 4894 βασιλεὺς
3232 4820 3520 4892 Ῥωμανὸς
3580 4819 3631 4875 ἐν
3692 4817 3788 4874 δεί-

2142 4909 2288 4981 ξατο,
2323 4906 2412 4963 διὰ
2461 4905 2517 4963 δέ
2564 4929 2626 4984 γε
2669 4909 2768 4976 τὴν
2809 4908 2942 4984 πρὸς
2975 4908 3135 4964 αὐτὸν
3168 4908 3488 4988 ἀγχιστείαν
3544 4909 3664 4984 περί
3704 4907 3789 4968 τὰς

2145 4997 2452 5076 βασιλείους
2527 4995 2696 5059 αὐλὰς
2773 4998 3140 5076 ἀνεστρέφετο,
3203 4999 3492 5064 κάντεῦθεν
3565 4998 3788 5067 συνήθης

2138 5093 2207 5164 τῇ
2246 5083 2488 5164 βασιλίδι
2523 5086 2748 5164 ἐγένετο,
2779 5085 3000 5158 κάκείνη
3058 5086 3256 5166 φιλίως
3305 5088 3444 5163 πρὸς
3490 5090 3584 5144 τὸν
3633 5083 3790 5161 ἄνδρα

1671 5232 1874 5294 Variae
1911 5234 2211 5298 lectiones
2240 5239 2302 5295 et
2331 5237 2523 5294 notae.

459 5365 573 5438 (23)
613 5361 826 5426 Λύσεις.
886 5362 1034 5418 Vide
1095 5361 1267 5419 Gloss.
1326 5361 1470 5418 med.
1530 5364 1752 5419 Graecit.
1815 5363 1873 5419 in
1932 5364 2040 5420 hac

387 5453 589 5583 νοῗεὲᾆλ
607 5506 922 5583 Εὖγενάτην.
959 5505 1064 5560 Alii
1096 5507 1202 5558 τῶν
1234 5498 1623 5579 εύγεγονὸτων.
1681 5504 1826 5562 Vide
1870 5506 2036 5564 Gloss.

390 5580 528 5635 med.
562 5581 678 5634 Lat.
695 5580 769 5635 'in
801 5581 1129 5634 Benenams.

460 5652 572 5722 (25)
605 5650 722 5706 Ἐπ’
768 5645 1149 5725 ἀδελφόπαιδι.
1211 5647 1468 5704 Duxerat
1522 5645 1702 5718 igitur
1750 5650 2035 5706 Constan-

2149 5365 2312 5420 tinus
2345 5361 2771 5419 Monomachus
2802 5362 2984 5419 ﬁliam
3016 5364 3219 5422 fratris
3270 5363 3359 5420 vel
3401 5381 3569 5422 soror
3597 5364 3787 5420 Roma-

2151 5437 2209 5491 ni
2242 5435 2650 5508 imperatoris:
2686 5453 2821 5508 nam
2856 5437 2975 5492 haec
3007 5454 3115 5493 vox
3147 5443 3464 5508 utrumque
3487 5436 3785 5508 signiﬁcat,

2151 5507 2395 5563 Romani
2429 5508 2666 5562 fratrem
2702 5507 2926 5563 nullum
2964 5513 3251 5564 memorat
3279 5507 3776 5578 HistoriaByzanj

2145 5579 2694 5654 tin‘a:_Tbeodoram
2729 5580 2963 5637 unicam
2997 5598 3260 5638 sororem
3291 5587 3539 5654 nuptam
3589 5574 3786 5636 Ioanni

2146 5650 2442 5707 Tzimiscae
2468 5650 2667 5709 habet.
