4036 6206
395 405 517 467 207

1748 366 2078 431 JOANNIS
2122 359 2462 424 ΖΟΝΑΒΑΞ

3671 359 3780 418 208

390 536 695 605 habebat),
725 546 866 589 suos
923 525 1143 585 milites
1169 522 1231 578 in
1284 527 1558 588 magnam
1622 505 1849 564 cladem
1909 517 2047 557 con-

2176 513 2282 549 ›ικα
2336 495 2458 556 τοῖς
2505 486 2654 565 ὄρεσι
2708 487 2925 552 τούτοις
2981 481 3108 556 ἔθνη
3161 483 3252 542 καὶ
3305 485 3593 559 Ῥωμαίοις
3649 489 3780 561 ὁπή-

2199 595 2207 605 ι
2286 579 2528 605 ne»---
2609 573 2959 605 m-.£..\\-.'.-
3005 598 3062 605 _-
3103 574 3192 605 ...Α
3243 569 3478 605 κειμενα
3539 575 3623 605 ...Α
3677 575 3777 605 ειη-

392 627 546 702 ζωὴ,
576 627 702 698 ipse
731 637 865 680 cum
885 619 1012 691 ipse
1047 629 1180 670 cum
1204 605 1409 683 paucis
1439 615 1586 675 aegre
1609 597 1866 668 elapsus,
1886 607 2048 648 exer-

389 718 509 774 citu
540 713 703 771 omni
758 711 880 766 illic
942 721 1112 772 caeso,
1172 699 1270 772 qui
1327 710 1432 752 nec
1476 688 1752 746 manibus
1803 683 1911 748 uti,
1943 694 2049 735 nec

389 771 793 864 interfectores
854 795 1059 854 ulcisci
1100 771 1322 864 potuit.
1398 784 1469 838 Et
1529 779 1650 834 hanc
1711 776 1769 830 in
1818 771 2048 844 Illyrico

392 901 557 970 gesta
586 895 745 949 sunt.
825 881 1246 944 Monomachus
1305 877 1497 931 autem
1532 869 1691 941 (nam
1741 864 1812 919 de
1873 860 2050 915 rebus

1414 968 1421 970 Α
1781 954 1793 970 κ
1875 950 2043 970 ,ηψ-

394 950 522 1058 ἒῙ-υε
579 978 918 1039 domesticis
988 972 1277 1043 agendum
1343 968 1432 1020 est
1491 954 1797 1033 prolixius)
1870 950 2051 1006 altera

397 1090 575 1132 uxore
604 1074 856 1138 mortua,
887 1064 1095 1121 tertias
1129 1057 1243 1115 sibi
1271 1051 1511 1124 nuptias
1541 1041 1921 1103 celebrandas
1935 1054 2050 1093 non

393 1163 674 1238 putabat:
715 1158 818 1215 sed
841 1150 1203 1212 consobrinus
1230 1142 1430 1201 uxoris
1479 1155 1616 1203 suae,
1676 1133 1864 1188 viduae
1914 1144 2050 1184 con-

1391 1235 1398 1238 .
1483 1228 1516 1238 ,.
1669 1223 1682 1238 ,
1806 1221 1822 1238 ,
1891 1215 2024 1238 πη,

392 1215 727 1315 suetudine,
761 1242 1044 1319 principio
1077 1239 1251 1300 clam,
1277 1235 1408 1306 post
1444 1228 1616 1284 etiam
1669 1221 1824 1278 haud
1883 1215 2054 1272 dissi-

392 1340 688 1398 mulanter
714 1308 1016 1391 utebatur.
1054 1333 1132 1383 Ea
1156 1340 1292 1381 vero
1337 1325 1394 1376 et
1418 1338 1450 1373 a
1471 1308 1873 1372 dolescentula
1908 1308 2051 1371 erat,

393 1435 452 1486 et
485 1423 935 1488 formosissima,
990 1423 1048 1475 et
1101 1412 1281 1470 nobili
1350 1407 1682 1462 Sclerorum
1741 1399 2055 1454 stemmate

393 1524 540 1576 orta.
574 1521 649 1572 Eo
678 1530 848 1588 porro
880 1509 1212 1566 animorum
1267 1515 1414 1554 nexu
1458 1489 1728 1559 devincti,
1779 1503 1844 1543 eo
1893 1499 2052 1538 amo-

391 1610 474 1665 ris
506 1605 714 1663 ardore
759 1595 1106 1656 inﬂammati
1153 1593 1340 1657 erant,
1389 1589 1453 1640 ut
1503 1581 1621 1637 nisi
1673 1594 1792 1645 una
1838 1575 2053 1640 essent,

393 1658 729 1752 vitamvsibi
763 1691 948 1744 morte
1010 1679 1368 1738 acerbiorem
1417 1671 1713 1745 putarent.
1750 1665 1951 1734 Itaque
1988 1658 2058 1713 il-

395 1786 524 1840 lum
556 1779 770 1837 mulier
802 1775 955 1833 ultro
1005 1772 1068 1826 in
1111 1765 1408 1830 exsilium,
1456 1759 1626 1829 cujus
1677 1769 1857 1825 supra
1908 1751 2061 1803 facta

403 1876 496 1930 est
554 1868 797 1933 mentio,
855 1861 1074 1920 relictis
1123 1854 1418 1916 omnibus,
1468 1852 1558 1902 est
1604 1844 1938 1905 consecuta,
1996 1840 2062 1891 ut

402 1975 612 2019 amans
636 1956 1037 2013 redamantem
1062 1947 1303 2012 videret,
1335 1953 1525 2010 neque
1554 1935 1627 1991 ab
1676 1929 1777 1986 illo
1827 1926 2061 1984 exsula-

400 2055 507 2108 ret.
559 2045 845 2103 Comitata
898 2039 1075 2110 igitur
1132 2033 1352 2100 virum,
1407 2023 1686 2083 omnibus
1764 2013 2064 2086 obsequiis

400 2106 723 2205 declinivit,
757 2106 1151 2188 calamitatem
1187 2137 1288 2194 pro
1335 2114 1488 2172 virili
1543 2109 1773 2178 levavit,
1832 2106 1903 2160 de
1959 2119 2065 2158 suo

398 2191 795 2300 suppeditatis
829 2191 1203 2288 sumptibus,
1227 2225 1300 2264 ne
1332 2207 1544 2278 praeter
1573 2199 1719 2255 alias
1765 2191 2066 2249 molestias

400 2279 580 2374 etiam
600 2279 800 2384 inopia
831 2279 1284 2364 conflictaretur.
1315 2299 1463 2349 Nam
1498 2294 1555 2346 et
1587 2290 1717 2360 ipsa
1749 2299 1852 2355 spe
1901 2279 2067 2352 prin-

406 2371 635 2476 cipatus
665 2371 828 2455 inani
863 2394 1103 2468 quidem
1141 2387 1238 2444 illa
1269 2389 1397 2440 tum
1461 2378 1780 2436 nitebatur.
1815 2371 1888 2426 Ut
1932 2382 2067 2423 vero

410 2493 508 2550 ille
540 2493 600 2547 in
630 2488 863 2546 culmen
897 2479 1129 2552 imperii
1173 2475 1441 2532 sublatus
1476 2469 1605 2534 fuit,
1639 2480 1744 2520 nec
1790 2462 1850 2516 in
1891 2458 2068 2514 rebus

415 2579 692 2640 secundis
742 2571 1012 2631 mulieris
1081 2571 1171 2622 est
1211 2562 1453 2629 oblitus,
1499 2557 1600 2612 sed
1643 2568 1775 2608 cum
1822 2550 2072 2620 impera-

417 2670 564 2727 trice
595 2666 714 2739 egit
745 2669 807 2719 ut
831 2659 1216 2721 revocaretur,
1250 2656 1306 2706 et
1336 2643 1663 2704 commodis
1685 2642 1814 2712 ejus
1863 2651 2073 2692 consu-

420 2726 664 2815 leretur:
721 2753 802 2808 Ea
857 2764 989 2804 vero
1022 2751 1149 2800 tum
1212 2736 1500 2808 zelotypia
1547 2732 1619 2788 ob
1653 2726 2072 2802 provectiorem

430 2813 660 2904 aetatem
709 2839 951 2905 abolita,
1000 2840 1127 2890 tum
1175 2824 1529 2900 experientia
1584 2819 1874 2876 malorum
1926 2813 2076 2867 facta

434 2900 810 2998 moderatior,
847 2900 960 2982 non
994 2919 1222 2980 abnuit.
1253 2917 1312 2972 Si
1368 2912 1655 2968 Scleraena
1693 2923 1762 2961 ex
1805 2900 2076 2972 Mitylene

432 3022 757 3089 reducitur,
776 3017 870 3074 cui
902 3031 1018 3070 non
1051 3009 1249 3067 statim
1283 3001 1657 3077 splendidum
1711 2989 2076 3050 domicilium

428 3119 532 3172 aut
559 3082 875 3169 delicatum
910 3098 1307 3160 ministerium
1339 3097 1430 3150 est
1459 3092 1753 3164 paratum,
1807 3082 1908 3138 sed
1946 3096 2079 3152 pro-

423 3217 630 3279 gressu
662 3194 943 3268 temporis
973 3196 1029 3247 et
1060 3188 1218 3261 regia
1241 3180 1509 3240 custodia
1535 3181 1626 3233 est

422 3271 634 3352 domus
665 3289 792 3358 eius
812 3285 873 3340 in
900 3279 1184 3355 palatium
1217 3271 1654 3330 transformata.

421 3346 572 3440 se};
620 3346 1265 3434 extruere-simulabat
1318 3353 1761 3420 Monomachus,
1838 3363 1952 3420 quo
2011 3346 2072 3399 in

416 3434 679 3528 ἧσο-ωτι
733 3460 1058 3527 habitabat,
1117 3458 1179 3510 ut
1208 3467 1312 3525 per
1373 3445 1629 3519 speciem
1692 3434 2072 3510 inspiciendas

423 3563 734 3618 structura:
767 3550 978 3623 sapius
1008 3522 1136 3602 eam
1168 3522 1399 3599 viseret.
1437 3541 1515 3589 Ac
1539 3533 1611 3588 ad
1645 3534 1881 3600 tempus
1903 3522 2073 3596 quasi

416 3646 818 3708 verecundans
841 3652 1101 3696 amorem
1145 3631 1272 3688 velo
1321 3626 1474 3685 249
1519 3621 1775 3694 quodam
1821 3615 2073 3671 obduce-

417 3702 542 3808 bat,
557 3702 804 3793 tandem
836 3745 968 3785 vero
1001 3731 1057 3782 et
1087 3724 1308 3796 pudore
1338 3722 1396 3773 et
1449 3706 1922 3768 dissimulatione
1972 3702 2074 3757 ab-

411 3831 590 3903 jecta,
614 3823 918 3881 mulierem
952 3832 1064 3871 non
1094 3818 1156 3868 ut
1187 3805 1575 3866 concubinam
1615 3801 1672 3854 et
1719 3813 1787 3852 ex
1830 3791 2076 3849 semisse

421 3886 755 3990 conjugem,
789 3909 891 3965 sed
921 3906 1091 3978 plane
1121 3917 1225 3973 pro
1277 3911 1454 3952 uxore
1513 3886 1824 3946 tractabat.
1875 3887 2075 3950 Itaque

423 3967 691 3990 "—d"O"
743 3967 755 3980 1
921 3967 934 3978 ι
1123 3967 1140 3973 -

419 4007 507 4062 illi
558 3995 958 4075 imperatoriis
1006 3987 1303 4047 thesauris
1370 3976 1634 4038 ﬂuminis
1691 3975 1878 4028 instar
1926 3967 2074 4023 divi-

417 4096 511 4151 tias
542 4090 885 4154 afﬂuebant,
918 4087 977 4138 et
1006 4094 1194 4135 aurem
1253 4089 1408 4130 venis
1472 4065 1910 4140 aperiebantur,
1969 4057 2077 4111 im-

415 4186 680 4256 peratore
711 4179 908 4249 aperte
938 4170 1098 4226 illam
1150 4162 1568 4224 conveniente;
1630 4152 1729 4225 qui
1793 4146 2075 4204 intolera-

415 4271 534 4328 bile
564 4268 677 4326 sibi
709 4267 827 4322 fore
859 4258 1227 4323 existimans,
1261 4252 1371 4306 nisi
1425 4247 1706 4320 perpetua
1748 4239 1878 4310 ejus
1934 4251 2074 4289 con-

413 4358 728 4419 suetudine
771 4355 1085 4415 frueretur,
1138 4358 1198 4399 re
1269 4341 1434 4413 prius
1501 4349 1636 4390 cum
1704 4324 2076 4398 imperatrice

412 4447 865 4509 communicata,
899 4443 956 4494 et
1013 4436 1140 4506 ejus
1197 4442 1484 4487 consensu
1525 4421 1860 4493 impetrato,
1919 4411 2075 4467 Scle-

413 4556 629 4597 raenam
660 4536 720 4591 in
753 4531 974 4604 regiam
1009 4521 1282 4581 traducit.
1310 4516 1460 4583 Quin
1513 4514 1631 4567 imo
1681 4507 1871 4562 foedus
1927 4499 2074 4557 ami-

412 4629 561 4685 citia:
596 4627 750 4681 inter
773 4613 1151 4677 mulierculas
1184 4611 1364 4665 ictum
1395 4618 1523 4660 esse

413 4683 705 4773 sententia
751 4707 1093 4783 perhibetur
1125 4717 1138 4757 :
1173 4715 1237 4753 ac
1272 4694 1484 4752 mulier
1500 4691 1773 4761 Augusta
1789 4683 2066 4737 honorem

414 4770 626 4878 adepta
655 4770 768 4868 est:
797 4804 852 4855 et
883 4793 1168 4867 dignitate
1198 4793 1254 4844 et
1284 4781 1671 4859 appellatione
1699 4774 1925 4849 pridrm
1958 4770 2070 4824 im-

416 4859 486 4864 w“
502 4859 507 4860 ⁷
529 4859 553 4878 ἵ
579 4859 583 4860 ⁷
605 4859 623 4860 ⁷⁷
751 4859 762 4868 ι
945 4859 978 4867 ν

416 4893 726 4968 peratoria,
750 4890 808 4944 in
842 4890 1098 4957 prtmam
1152 4893 1276 4934 eam
1337 4871 1569 4934 collata,
1631 4881 1764 4921 cum
1831 4859 2072 4916 domina

1241 4966 1250 4968 4
1475 4965 1481 4968 ‘
1530 4959 1538 4968 '
1790 4951 1802 4964 ⁸
1858 4967 1861 4968 ν
1892 4965 1985 4968 κίε-Α
2005 4948 2029 4968 .‘I
2046 4963 2065 4968 _

417 4948 480 4968 τ-
714 4948 725 4960 ,
843 4948 860 4957 -

413 4985 738 5039 vocaretur.
781 4977 912 5040 Quae
991 4969 1192 5028 omnia
1237 4959 1583 5036 imperatrix
1632 4970 1739 5010 nec
1788 4948 2070 5006 iracunde

417 5089 523 5129 nec
582 5067 825 5124 moleste
875 5061 1032 5117 tulit.
1093 5057 1206 5114 Sed
1265 5069 1396 5108 cum
1444 5046 1691 5103 maritus
1723 5040 1956 5096 medius
2013 5041 2072 5092 et

414 5163 568 5219 inter
588 5159 778 5232 ipsam
827 5157 886 5209 et
932 5150 1262 5222 Augustam
1321 5139 1659 5197 habitaret:
1712 5131 1877 5204 prius
1935 5142 2069 5183 eum

408 5247 753 5324 imperatrix
773 5239 1084 5301 convenire
1114 5251 1231 5292 non
1274 5229 1518 5295 solebat,
1576 5237 1755 5296 quam
1804 5217 2072 5275 accurate

408 5338 814 5416 perquisisset,
846 5331 1182 5390 adamatam
1212 5321 1367 5395 apud
1398 5332 1533 5376 eum
1565 5330 1681 5370 non
1724 5325 1874 5366 esse.
1937 5306 2071 5370 Quae

1680 3171 1968 3241 adhibita,
2023 3172 2081 3223 et

1687 3268 1831 3318 Nam
1867 3275 1930 3314 se
1954 3238 2067 3312 sibi
2099 3238 2142 3305 C
2177 3248 2430 3318 κάκείνην
2487 3244 2781 3322 ἡγεμονίας
2811 3241 2990 3306 ἐλπίς.
3054 3242 3205 3299 Ἐπεὶ
3247 3241 3293 3297 δ’
3352 3241 3559 3304 ἰκεῖνος
3606 3239 3676 3303 εἷς
3727 3239 3812 3307 τήν

1583 4600 1655 4654 de
1702 4590 2070 4666 imperatoris
2103 4613 2150 4677 D
2186 4585 2397 4654 ἐκείνης
2445 4581 2797 4656 καταγωγὴν,
2851 4576 2943 4632 ’ίνα

2609 573 2959 654 Τριϐαλλούς
3005 598 3064 632 τε
3103 574 3194 632 καὶ
3241 569 3501 650 Σέρϐους,
3539 575 3626 632 καὶ
3675 575 3781 634 ὅσοι

2818 668 2906 730 Ὡς
2963 663 3012 720 δ’
3057 666 3148 720 οὖν
3207 663 3447 740 ἠγγέλθη
3504 669 3657 721 τοῦτο
3711 673 3781 740 τῷ

2153 595 2253 639 κοα
2283 579 2556 652 ἐληίζετο,

2155 672 2370 734 τούτόις
2440 671 2739 745 ὁμογινεῖς.

2162 761 2395 839 βασιλεῖ,
2455 758 2647 836 γράφει
2703 761 2780 828 τῷ
2838 755 2913 818 είς
2971 755 3032 810 τὸ
3092 752 3393 830 Δυῤῥάχιον
3447 751 3783 830 ἄρχοντι,τῷ

2161 849 2416 929 Στεφάνῳ
2474 842 2775 921 συμϐαλεῖν
2804 865 2816 879 ·
2878 842 3171 900 καὶτοῦτο
3236 844 3339 918 γὰρ
3393 843 3422 896 6
3473 840 3784 908 Βοΐσθλαϐος

2160 940 2470 1013 ὠνόμαστο.
2531 938 2592 993 Ὁ
2620 933 2678 990 δὲ
2707 936 2950 1010 ἀτέχνως
2981 932 3304 1008 ἐγχειρήσας
3335 935 3402 1005 τῇ
3435 931 3570 1006 πρὸς
3606 931 3790 987 ἐκεῖνον

2165 1033 2316 1104 μάχη
2370 1027 2456 1101 (ἦν
2538 1025 2638 1101 γὰρ
2715 1029 3079 1100 στρατηγικῆς
3155 1019 3436 1094 ἐμπειρίας
3495 1020 3788 1093 ἀμὲθεκτος)

2166 1116 2407 1192 μεγάλης
2440 1120 2554 1177 τοῖς
2616 1115 2731 1187 μετ’
2791 1112 2956 1166 αὐτοῦ
2987 1111 3437 1187 στρατευομένοις
3469 1108 3672 1186 ἐγένετο
3700 1132 3793 1166 πα-

2163 1206 2368 1283 ραίτιος
2421 1209 2736 1281 συμφορᾶς,
2795 1201 2954 1265 αὐτὸς
3017 1201 3109 1274 μὲν
3156 1199 3321 1273 μόλις
3383 1201 3516 1272 μετὰ
3567 1199 3793 1276 βραχέων

2163 1263 2171 1283 ,
2356 1263 2365 1268 .
2493 1263 2502 1277 ,
2558 1263 2567 1281 ,
2620 1263 2628 1276 .
2702 1263 2735 1268 κ.
2942 1263 2948 1265 .
3017 1263 3028 1274 .
3156 1263 3166 1273 .
3383 1263 3393 1272 .

2163 1295 2377 1362 σωθεὶς,
2429 1294 2493 1348 τὸ
2530 1289 2577 1347 δ’
2635 1289 2774 1347 ἄλλο
2807 1290 3114 1365 στράτευμα
3165 1287 3382 1361 σύμπαν
3439 1263 3796 1362 καταστρῶσας

2165 1385 2296 1452 ἐκεῖ,
2361 1379 2506 1455 μηδὲ
2557 1379 2705 1456 χειρὶ
2775 1376 3070 1451 δυνάμενον
3141 1377 3493 1452 χρήσασθαι,
3552 1378 3636 1432 καὶ
3685 1376 3797 1439 τοὺς

2166 1473 2442 1548 ἀναιρέτας
2491 1469 2815 1543 ἀμύνασθαι.
2867 1468 2950 1524 Τὰ
3014 1467 3108 1540 μὲν
3164 1467 3253 1521 οὖν
3305 1466 3446 1521 κατὰ
3492 1465 3554 1520 τὸ
3585 1464 3792 1541 Ἰλλυρι-

2163 1563 2257 1616 κὸν
2287 1565 2476 1616 τοῦτον
2515 1555 2643 1633 ἔσχε
2690 1561 2782 1611 τὸν
2834 1555 3060 1630 τρόπον.
3119 1555 3179 1612 Ὁ
3231 1551 3289 1608 δὲ
3323 1553 3658 1626 Μονομάχος
3709 1553 3798 1625 (είς

2163 1651 2230 1705 τὰ
2287 1649 2422 1705 κατὰ
2478 1647 2624 1702 οἶκον
2657 1645 2757 1721 γὰρ
2789 1644 2935 1716 αὐτῷ
2973 1641 3136 1698 πάλιν
3190 1643 3218 1698 6
3274 1640 3442 1717 λόγος
3499 1641 3799 1721 ἐμφιλοχωο

2169 1740 2410 1814 ρησάτω)
2472 1736 2586 1791 ἐπεὶ
2644 1735 2732 1789 καὶ
2790 1737 2825 1804 ἡ
2887 1731 3107 1810 δευτέρα
3178 1732 3432 1795 σύνοικος
3508 1732 3653 1804 αὖτῷ
3704 1731 3801 1786 ἑτε-

2170 1829 2352 1936 ρνήκει
2383 1873 2398 1898 ,
2475 1825 2551 1886 εἰς
2643 1823 2828 1898 τρίτον
2935 1823 3030 1894 μὶν
3104 1819 3285 1896 γάμον
3363 1819 3651 1874 ἀποκλῖναι
3721 1819 3807 1874 οὐκ

2185 1914 2193 1928 ο
2505 1912 2686 1936 1.-.”:
2755 1909 2806 1936 βλ
2883 1917 2981 1936 -g-
3064 1909 3207 1936 ...ἱ-7.
3288 1915 3536 1936 --.μη-ε-
3593 1907 3804 1936 ..μ---Λ-

2169 1914 2368 1992 ἕκρινεν
2404 1961 2416 1984 ,
2496 1912 2687 1986 ἀνεψίᾷ
2753 1909 2809 1965 δὲ
2882 1917 2981 1979 τῆς
3061 1909 3211 1981 αὐτῷ
3287 1915 3536 1985 γαμετῆς
3593 1907 3806 1984 χρηρείᾳ

2171 2005 2383 2078 συζώσῃ
2417 2049 2430 2074 ,
2509 1998 2685 2076 λάθρα
2735 1999 2828 2072 μὲν
2883 1999 3078 2072 πρώην
3114 2042 3129 2068 ,
3209 1997 3328 2052 εἶτα
3384 1998 3475 2052 καὶ
3532 1996 3605 2059 εἷς
3657 1995 3806 2069 τοῦμ-

2171 2051 2793 2173 φανὲίσυνεφθείρετο.
2869 2055 2936 2143 Ἥ.
3006 2051 3064 2141 δὲ
3115 2051 3226 2141 ’καῖ
3281 2085 3406 2148 νέας
3463 2089 3529 2155 ἦν
3587 2051 3808 2156 ηλικίας,

2169 2181 2259 2236 καὶ
2285 2177 2525 2242 κάλλους
2573 2179 2692 2252 εἶχε
2719 2180 2815 2231 τοῦ
2857 2173 3111 2248 σώματος
3162 2178 3463 2250 περιττῶς,
3511 2174 3599 2230 καὶ
3643 2174 3806 2250 γένους

2172 2271 2463 2348 ἐπιφανῶςο
2512 2266 2664 2344 ἐξέφυ
2709 2266 2811 2341 γὰρ
2859 2268 2957 2318 τοῦ
3005 2266 3317 2337 σπέρματος
3372 2269 3480 2320 τῶν
3541 2263 3807 2339 Σκληρῶν.

2174 2359 2332 2416 Οὕτω
2364 2354 2411 2411 δ’
2443 2353 2719 2426 ἀλλήλοις
2775 2352 3170 2424 ἐνετετήκεσαν,
3220 2353 3311 2407 καὶ
3379 2351 3521 2408 οὕτω
3571 2351 3735 2430 σφίσιν
3783 2351 3807 2404 6

2175 2444 2310 2523 ἔρως
2359 2443 2666 2520 ἐγκέκαυτο,
2721 2443 2795 2504 ὡς
2851 2441 2896 2497 εί
2957 2443 3032 2515 μὴ
3093 2446 3294 2496 συνεῖεν
3359 2439 3632 2512 ἀλλήλοις
3687 2438 3808 2514 μηδὲ

2180 2541 2274 2611 ζῇν
2310 2533 2486 2589 δοκεῖν
2529 2529 2660 2606 μηδ’
2717 2532 3022 2606 ἀνέχεσθαι.
3085 2531 3179 2585 Διὸ
3229 2529 3319 2584 καὶ
3386 2529 3691 2606 ὑπερορίαν,
3743 2529 3806 2590 ὡς

2178 2626 2412 2702 ενρηται,
2468 2619 2909 2684 καταδικασθέντι
2973 2619 3152 2691 τούτῳ
3192 2623 3272 2690 τῷ
3323 2617 3565 2695 βασιλεῖ,
3611 2617 3806 2685 κάκείνη

2179 2719 2286 2770 τῶν
2320 2711 2566 2768 ἁπάντων
2599 2710 2794 2779 ἑαυτὴν
2831 2709 3183 2783 ὑπερώρισεν,
3211 2705 3286 2762 ’ίν’
3318 2709 3475 2782 ὁρῴη
3507 2709 3598 2763 τὸν
3630 2706 3810 2782 ἰρῶντα

2180 2824 2238 2858 τε
2281 2801 2370 2857 καὶ
2413 2801 2708 2875 ἐρώμενον,
2760 2798 2850 2853 καὶ
2905 2799 2979 2870 μὴ
3032 2795 3115 2867 ε³ἠ
3169 2796 3333 2851 αὐτοῦ
3393 2796 3693 2872 ὑπερόριος,
3734 2795 3810 2849 καὶ

2182 2889 2444 2966 συναπῂει
2468 2886 2676 2963 τάνδρὶ,
2710 2888 2878 2943 πάντα
2935 2886 3199 2962 γινομένη
3233 2885 3386 2958 αὐτῷ
3441 2886 3531 2941 καὶ
3571 2886 3666 2954 τήν
3692 2905 3811 2956 συμ-

2185 2981 2375 3061 φορὰν,
2453 2979 2528 3043 ὡς
2603 2976 2718 3032 οἷόν
2786 2997 2865 3045 τε,
2945 2973 3500 3050 συνεπικουφίζουσα,
3572 2974 3672 3029 κάκ
3719 2976 3812 3027 τῶν

2187 3058 2400 3126 οἰκείων
2461 3068 2872 3143 ἰπιχορηγοῦσα
2921 3063 3121 3138 τούτῳ,
3178 3065 3264 3119 ἶνα
3297 3065 3378 3138 μή
3422 3065 3558 3139 πρὸς
3587 3068 3695 3124 τοῖς
3722 3058 3811 3116 ἅλ-

2189 3159 2308 3222 λοις
2375 3158 2607 3228 λυπροῖς
2673 3155 2763 3210 καὶ
2839 3151 3013 3225 ἐνδείᾳ
3085 3154 3348 3223 πιέζοιτο.
3437 3155 3659 3230 ’Έτρεφε
3725 3150 3812 3226 γὰρ

2169 1829 2352 1898 θνήκει
2383 1873 2398 1898 ,

2180 3345 2279 3407 τῆς
2316 3334 2594 3412 βασιλείας
2643 3332 2786 3408 ἤρθη
2820 3333 3127 3408 περιωπήν,
3177 3335 3246 3405 τῇ
3297 3329 3355 3385 δὲ
3390 3333 3442 3386 αἱ
3479 3327 3688 3391 ἐλπίδες
3734 3329 3817 3382 οὐκ

2182 3421 2564 3497 ὲκϐεϐήκεσαν,
2610 3421 2710 3478 οὐκ
2762 3420 3128 3494 ἠμνημόνησε
3184 3427 3284 3490 τῆς
3337 3421 3594 3496 γυναικὸς
3623 3416 3728 3473 οὐδ’
3773 3416 3816 3474 tv

2181 3521 2250 3591 τῇ
2308 3511 2554 3591 εὐκαιρίᾳ
2609 3513 2638 3566 6
2701 3509 2977 3588 βασιλεὺς,
3034 3507 3183 3564 ἀλλὰ
3229 3511 3495 3586 προσάγει
3547 3507 3732 3584 λόγους
3758 3507 3817 3574 τῇ

2189 3602 2428 3682 βασιλίδι
2480 3601 2603 3676 περὶ
2662 3600 2850 3671 αὐτῆς,
2891 3600 2981 3654 καὶ
3033 3598 3175 3669 ἀξιοῖ
3230 3597 3608 3668 ἀνακληθῆναι
3653 3617 3708 3650 τε
3731 3595 3818 3662 τὴν

2183 3699 2433 3770 γυναῖκα,
2509 3691 2597 3747 καὶ
2674 3693 2860 3765 τυχεῖν
2929 3685 3210 3758 εὐετηρίας
3287 3687 3455 3751 τινός.
3512 3689 3574 3744 Ἣ
3631 3683 3685 3740 δὲ
3733 3683 3820 3738 οὐκ

2183 3785 2488 3839 ἀνένευσεν·
2551 3781 2580 3835 ’ὀ
2635 3800 2693 3834 τε
2747 3779 2850 3853 γὰρ
2903 3776 3106 3853 χρόνος
3185 3776 3528 3851 παρήνεγκεν
3586 3774 3714 3848 αὐτῇ
3765 3771 3819 3826 τὸ

2185 3869 2520 3944 ζηλότυπον,
2574 3855 2682 3939 ἤδη
2735 3864 3081 3942 τυγχανούσῃ
3129 3862 3426 3938 παρήλικι,
3485 3863 3575 3919 καὶ
3618 3864 3668 3918 οἱ
3701 3882 3820 3933 συμ-

2183 3957 2475 4030 ϐεϐηκότες
2531 3957 2688 4013 αὐτοὶ
2719 3953 3016 4030 πειρασμοὶ
3079 3954 3444 4028 μετριωτέραν
3502 3951 3813 4027 είρνάσαντο.

2184 4051 2464 4124 Ἀνάγεται
2522 4045 2700 4102 τοίνυν
2762 4045 2822 4100 ἐκ
2873 4043 3193 4114 Μιτυλήνης
3252 4045 3288 4112 ἠ
3361 4041 3696 4119 Σκλήραινα,
3740 4036 3823 4092 καὶ

2185 4139 2286 4195 οὐκ
2341 4136 2494 4202 εὐθὺς
2548 4136 2684 4209 αὐτῇ
2716 4134 3020 4210 περιφανὴς
3069 4131 3321 4187 κατοικία
3352 4132 3680 4205 ἡτοίμαστο,
3709 4125 3824 4182 ἀλλ’

2185 4227 2310 4284 οὐδὲ
2366 4227 2622 4303 θεραπεία
2654 4219 2812 4298 ἁϐρὰ.
2873 4226 2982 4279 Τοῦ
3040 4221 3248 4298 χρόνου
3280 4218 3337 4276 δὲ
3385 4220 3696 4297 προϊόντος,
3741 4214 3823 4270 καὶ

2188 4317 2462 4396 βασίλειος
2543 4314 2678 4388 αὖτῇ
2754 4310 3054 4388 δορυφορία
3121 4309 3406 4383 νενέμητο,
3463 4309 3553 4365 καὶ
3611 4309 3638 4362 6
3697 4307 3828 4366 οἶκος

2185 4391 2321 4482 αὐτῇ
2385 4401 2858 4480 μετεσχημάτιστο
2926 4399 3002 4461 είς
3050 4399 3367 4475 ἀνάκτορον.
3429 4399 3592 4454 Οἶκον
3623 4395 3721 4470 γὰρ
3751 4391 3826 4447 οῗ-

2184 4501 2329 4551 κεῖον
2386 4490 2699 4565 οἰκοδομεῖν
2759 4491 2786 4544 6
2854 4487 3184 4562 Μονομάχός
3256 4486 3661 4562 ἐσχηματίσατο
3733 4482 3822 4550 τὴν

3000 4576 3146 4650 θαμὰ
3201 4577 3338 4652 πρὸς
3398 4574 3611 4646 ἐκείνην
3665 4571 3822 4642 ἀπίοι,

2183 4675 2257 4736 ὡς
2318 4671 2381 4744 δή
2431 4694 2482 4727 τι
2513 4675 2620 4725 τῶν
2679 4665 3034 4742 δομουμένων
3082 4664 3371 4740 ὀψόμενος.
3406 4666 3583 4740 Μέχρι
3619 4662 3709 4735 μὶν
3741 4659 3820 4712 οὖν

2176 4784 2323 4825 τινος
2357 4759 2700 4832 ἐσκηνοποίει
2731 4757 2823 4812 τὸν
2855 4754 3053 4832 ἔρωτα,
3085 4754 3175 4809 καὶ
3231 4753 3410 4830 ὥσπερ
3441 4753 3673 4830 ήρνθρία
3699 4749 3824 4823 πρὸς

2175 4855 2239 4908 τὸ
2277 4847 2586 4928 γινόμενον.
2660 4847 2789 4902 Εἶτα
2843 4845 2934 4901 καὶ
2984 4845 3052 4912 τή
3110 4841 3269 4915 αἰδῶ,
3323 4843 3412 4899 καὶ
3469 4843 3568 4911 τὴν
3631 4837 3819 4909 σκηνήν

2179 4940 2511 5009 ἀποτίθεται,
2570 4937 2660 4992 καὶ
2708 4940 2778 5010 τῇ
2838 4935 3048 5012 γυναικὶ
3087 4921 3250 4999 συνῆν
3286 4933 3394 5008 οὐχ
3445 4933 3520 4994 ὡς
3553 4928 3817 5000 παλλακῇ,

2181 5027 2293 5085 οὐδ’
2347 5029 2420 5090 ὡς
2472 5027 2742 5102 ἡμιγάμῳ
2799 5026 2930 5097 (29),
2990 5019 3116 5078 ἀλλ’
3173 5023 3246 5086 ὡς
3299 5021 3553 5100 ἐμφανῶς
3597 5015 3820 5073 συνευνέ-

2178 5118 2324 5175 τιδι’
2410 5117 2498 5172 καὶ
2577 5115 2714 5189 αὐτῇ
2782 5113 2837 5168 ἐκ
2895 5117 3003 5167 τῶν
3066 5111 3366 5188 βασιλικῶν
3421 5109 3656 5183 ταμείων
3713 5104 3820 5166 καθ’

2179 5207 2406 5278 εκάστην
2489 5203 2700 5281 ἐπέῥρει
2779 5203 2850 5258 τὰ
2911 5203 3178 5278 χρήματα
3228 5202 3367 5255 κατά
3421 5197 3687 5272 ποταμὸν,
3738 5191 3820 5247 καὶ

2181 5293 2378 5378 φλέϐες
2463 5279 2854 5370 ἀνεστομοῦπο
2934 5287 3267 5368 χρυσίτιδες,
3344 5289 3432 5346 καὶ
3489 5279 3819 5365 ἀπαρακαλῦ-

1697 5450 1904 5516 Variae
1937 5446 2238 5508 lectiones
2267 5449 2329 5504 et
2360 5447 2527 5504 notae

482 5605 592 5676 (29)
623 5600 938 5676 Ἣμιγάμῳ.
991 5589 1361 5676 βοῃοιιδίῐιιιε
1410 5598 1659 5676 uxorum
1726 5579 1863 5676 lqco.
1955 5589 2072 5676 npn

412 5645 592 5734 mbdo’
618 5645 1007 5740 habitagTsed
1040 5673 1097 5740 et
1126 5677 1335 5740 uxores
1365 5657 1724 5740 concubinas
1750 5645 2077 5740 dictas,dp-

416 5765 628 5806 camus
659 5749 719 5804 in
752 5716 922 5804 ϐίοξε.
953 5739 1097 5796 med.
1131 5716 1257 5792 Lat.
1289 5732 1350 5788 in
1389 5746 1448 5787 v.
1482 5727 1868 5785 Concubmas;
1918 5716 2074 5776 unde

2183 5568 2336 5638 apud
2357 5571 2413 5623 8.
2446 5565 2841 5638 Augustinum
2874 5563 3068 5638 Tract.
3103 5577 3166 5638 Il,
3191 5576 3362 5638 super
3397 5561 3594 5638 Ιοειητι.
3721 5567 3813 5638 ΥΠ.

2183 5625 2242 5696 οἱ
2263 5625 2689 5695 Columbanum
2723 5639 2784 5692 in
2813 5636 2988 5707 epist.
3010 5625 3421 5707 5‘adulte'rium
3461 5630 3583 5707 ﬁeri
3613 5625 3821 5707 diceba-

2185 5717 2281 5771 tur
2309 5729 2444 5770 cum
2478 5711 2828 5778 concubina,
2849 5696 3098 5780 perinde
3119 5721 3187 5762 ac
3211 5721 3347 5762 cum
3360 5717 3550 5763 uxore
3561 5696 3830 5772 legitima.
