4036 6206
292 343 419 402 209
1591 337 2008 400 ANNALIUM
2057 339 2204 400 LIB.
2253 338 2436 400 XVII.
3605 343 3725 406 210

286 492 448 533 πτως
509 469 648 543 αὐτῇ
706 467 1038 548 προσεφοίτα
1096 469 1122 522 6
1187 466 1442 543 βασιλεύς
1473 510 1487 526 .
1545 465 1726 522 Ἀλλᾶ
1785 464 1945 523 δεινὸι

2071 486 2204 527 cum
2235 486 2300 528 eo
2331 471 2458 528 loco
2487 475 2837 544 tantumque
2869 472 3165 530 felicitatis
3199 474 3411 546 adepta
3437 476 3613 545 esset,
3657 489 3722 532 ac

284 558 611 633 ἡγούμενος
661 558 707 612 εἰ
760 559 836 630 μὴ
887 559 976 611 καὶ
1032 552 1286 630 συμϐιῴη
1340 556 1476 629 αὐτῇ
1527 557 1615 610 καὶ
1678 557 1945 610 συνοικοίτ

2071 560 2297 630 majora
2327 561 2503 616 etiam
2538 566 2822 634 speraret,
2857 579 3071 634 magno
3101 580 3236 620 cum
3269 563 3432 619 luctu
3465 563 3720 635 impera-

290 646 588 719 διηνεκῶς,
652 648 873 722 μετάγει
927 646 1125 710 ἐκεῖθεν
1180 648 1280 716 τὴν
1344 651 1570 721 γυναῖκα
1620 644 1696 710 είς
1738 645 1804 700 τὰ
1859 647 1945 720 βα-

2069 649 2235 714 toris,
2270 650 2462 706 subito
2494 666 2563 705 ex
2593 652 2796 706 morbo
2829 651 3076 708 decedit.

288 737 601 805 σίλεια,τῆ
667 733 910 810 βασιλίδι
968 736 1232 811 πρότερον
1291 736 1416 812 περὶ
1471 733 1672 789 τούτου
1727 732 2285 811 κοινολογησάμενος,
2347 737 2433 791 καὶ
2498 736 2682 800 πείσας
2741 739 2816 811 μή
2880 734 3205 814 δυσχερᾶναι
3265 739 3402 812 πρὸς
3457 740 3519 794 τὸ
3576 740 3723 814 γινό-

292 848 464 902 μενον
501 869 515 882 .
575 825 811 884 Μᾶλλον
875 824 1059 900 μέντοι
1117 826 1208 880 καὶ
1269 824 1458 899 φιλίας
1521 821 1678 900 ὅρκια
1749 823 1964 900 λέγεται
2031 825 2175 901 παρά
2247 832 2364 880 τοῖν
2440 827 2715 900 γυναίκοιν
2791 827 2991 904 ἀμφοῖν
3045 829 3510 901 τελεσθήσεσθαι,
3563 832 3722 884 τοῦτο

293 917 394 971 τοῦ
453 914 861 992 αὐτοκράτορος
915 915 1265 986 ἀξιώσαντος.
1324 912 1599 987 Τετίμητο
1659 902 1715 968 δῖ
1771 917 1806 983 ἡ
1860 914 1996 988 γυνή
2053 909 2284 983 σεϐαστή
2322 960 2335 986 ,
2394 914 2530 989 αὐτῇ
2588 917 2781 991 πρώτῃ
2838 902 2937 986 τῆς
2993 918 3184 991 πρώην
3241 917 3528 994 βασιλικῆς
3588 918 3724 972 ἀπο-

289 1004 632 1076 νεμηθείσης
687 1004 775 1059 καὶ
841 1003 990 1075 ἀξίας
1047 1003 1138 1059 καὶ
1196 1002 1489 1075 κλήσεως,
1544 1001 1634 1057 καὶ
1693 1001 2005 1075 ὠνομάζετο
2061 999 2334 1058 δέσποινα.
2395 1003 2501 1058 Καὶ
2557 1005 2591 1074 ἠ
2651 1004 2866 1080 βασιλὶς
2922 1004 3005 1061 ἐπὶ
3061 1005 3278 1070 τούτοις
3338 1005 3448 1062 οὔτ’
3500 1004 3721 1083 ἐμηνία,

289 1092 407 1150 οὔτ’
458 1091 691 1170 ἤχθετο,
755 1093 917 1167 μέσον
973 1091 1031 1149 δὲ
1087 1097 1417 1164 σκηνοῦντος
1469 1095 1565 1148 τοῦ
1623 1090 1891 1169 βασιλέως
1952 1090 2276 1168 ἑκατέρωθεν
2310 1091 2489 1165 ᾤκουν
2548 1092 2833 1170 παραλλὰξ
2891 1097 2925 1165 ἡ
2986 1094 3204 1171 βασιλὶς
3250 1097 3340 1150 καὶ
3397 1098 3432 1166 ἡ
3465 1090 3721 1167 σεϐαστήο

292 1183 396 1242 Καὶ
428 1181 698 1254 οὕποτεὴ
735 1182 1013 1260 Αὖγούστα
1069 1181 1299 1259 προσῄει
1355 1183 1466 1256 (30)
1521 1180 1604 1255 τῷ
1666 1180 1900 1258 βασιλεῖ,
1961 1180 2007 1236 εἰ
2070 1182 2144 1257 μὴ
2205 1191 2304 1252 τῆς
2335 1184 2611 1258 ἐρωμένης
2663 1188 3009 1257 μεμονῶσθαι
3040 1189 3233 1240 τοῦτον
3275 1180 3720 1260 ἀπηκριϐώσατο,

285 1272 415 1330 ἀλλ’
473 1273 653 1337 οὕτως
685 1269 908 1349 ἔχουσα,
937 1272 1026 1328 καὶ
1059 1273 1139 1336 εἷς
1172 1276 1428 1328 τοσοῦτον
1458 1270 1751 1348 εύκληρίας
1781 1273 2022 1348 ἀρθεῖσα,
2053 1273 2142 1326 καὶ
2172 1273 2423 1346 μείζονας
2455 1271 2500 1329 δ’
2528 1272 2753 1336 ἐλπίδας
2784 1277 2912 1349 παρ’
2962 1274 3123 1350 ἑαυτῇ
3173 1274 3476 1347 θάλπουσα,
3525 1275 3716 1351 ἀθρόον

289 1362 658 1438 ἀναρπάζεται
689 1362 854 1436 νόσῳ,
914 1363 1000 1417 καὶ
1035 1364 1276 1434 θνήσκει.
1313 1362 1450 1436 μέγα
1477 1362 1676 1424 πένθος
1707 1362 2083 1416 καταλιποῦσα
2099 1366 2180 1434 τῷ
2215 1361 2451 1438 βασιλεῖ.

353 1452 484 1508 KB'.
520 1452 626 1508 Καὶ
666 1455 702 1521 ἡ
758 1453 850 1525 μὲν
895 1450 1161 1522 ἀπῆλθεν,
1209 1456 1286 1524 τῷ
1334 1449 1392 1506 δὲ
1445 1451 1659 1527 βασιλεῖ
1705 1449 1954 1524 πόλεμος

287 1540 528 1610 ἐπῆλθεν
558 1539 829 1618 ἐμφύλιος
861 1583 875 1596 .
921 1542 982 1600 Ὁ
1050 1541 1151 1618 γάρ
1205 1562 1288 1596 τοι
1343 1540 1622 1612 Μανιάκης
1682 1541 1951 1616 Γεώργιος

287 1632 428 1703 (31),
482 1629 625 1705 ἀνὴρ
664 1630 754 1685 καὶ
791 1630 890 1700 τὴν
949 1630 1133 1706 ψυχὴν
1195 1627 1593 1706 ἀνδρειότατος,
1651 1630 1750 1698 τὴν
1793 1626 1954 1704 χεῖρά

285 1739 346 1774 τε
405 1719 812 1795 γενναιότατος,
866 1719 956 1775 καὶ
1003 1724 1324 1795 στρατηγεῖν
1382 1716 1699 1789 δεξιώτατος
1732 1761 1746 1787 ,
1810 1716 1955 1792 παρά

285 1812 408 1861 ταῖν
474 1805 788 1883 βασιλίδαιν
821 1851 836 1876 ,
896 1805 974 1863 ὅτ’
1052 1807 1249 1864 ἐκεῖναι
1325 1813 1441 1870 τοῖς
1519 1813 1619 1878 τῆς
1679 1805 1951 1882 βασιλείας

288 1896 610 1971 πράγμασιν
690 1895 1068 1975 ἐφειστήκεσαν
1119 1941 1134 1966 ,

289 1983 639 2060 πολεμήσων
671 1987 930 2062 τοῖς
983 1986 1118 2061 αύτῇ
1171 1981 1578 2060 ἑπεμϐαίνουσι,
1627 1985 1716 2041 καὶ
1754 1984 1956 2055 ταύτης

293 2074 751 2148 οἳκειωσαμένοις
799 2074 918 2132 ἔνια
951 2119 966 2148 ,
1022 2075 1112 2131 καὶ
1170 2074 1238 2150 τῇ
1295 2079 1402 2130 τῶν
1461 2075 1751 2148 Ῥωμαίων
1804 2074 1954 2136 αὗθις

288 2163 572 2240 ἡγεμονίᾳ
625 2162 984 2220 ἐπανασώσων
1046 2163 1181 2219 αύτά
1215 2207 1231 2234 ,
1287 2169 1405 2227 τοῖς
1480 2169 1588 2220 τῶν
1665 2162 1950 2237 Ῥωμαίων

288 2252 693 2327 ἀντιπολεμοις
745 2253 1173 2318 ἀντικαθίστατο.
1224 2254 1373 2311 Ἐπεὶ
1426 2250 1484 2308 δὲ
1515 2253 1592 2318 είς
1636 2253 1728 2308 τὸν
1774 2255 1955 2310 Μονο-

291 2342 476 2419 μὰχον
531 2343 560 2397 6
609 2349 709 2413 τῆς
761 2343 1040 2420 βασιλείας
1094 2341 1230 2417 ἄξων
1290 2341 1737 2416 μετακεκύλιστο,
1787 2343 1878 2398 καὶ
1923 2344 1951 2397 ὁ

286 2432 548 2506 Σκληρὸς
579 2432 858 2505 Ῥωμανὸς
887 2429 1142 2508 (ἀδελφὸς
1176 2430 1225 2487 δ’
1251 2435 1318 2502 ἦν
1353 2433 1380 2487 6
1411 2432 1548 2507 ἀνὴρ
1595 2439 1696 2503 τῆς
1741 2431 1953 2509 ἐρωμέ-

280 2542 380 2591 νης
433 2525 519 2592 τῷ
577 2519 814 2596 βασιλεῖ)
873 2525 1006 2596 μέγα
1055 2518 1316 2592 δεδύνητο
1371 2518 1460 2576 διὰ
1519 2521 1619 2590 τὴν
1652 2521 1948 2595 ὁμαίμονα,

283 2609 376 2664 καὶ
458 2609 754 2684 μάγιστρος
833 2610 923 2666 καὶ
993 2610 1430 2688 πρωτοπράτωρ
1501 2609 1764 2684 τετίμητο
1796 2657 1812 2683 ,
1870 2615 1950 2684 τῷ

278 2697 425 2753 κατά
483 2699 548 2753 τὸ
608 2700 748 2773 θέμα
802 2703 910 2754 τῶν
962 2699 1324 2757 Ἀνατολικῶν
1377 2697 1514 2773 οἷ’κῳ
1561 2704 1659 2755 τοῦ
1692 2699 1945 2770 Μανιάκη

282 2789 730 2864 ἀγχιτερμονῶν,
777 2793 958 2851 κακῶς
1011 2786 1228 2844 διετίθει
1272 2791 1339 2844 τὰ
1389 2793 1486 2844 τοῦ
1542 2786 1758 2865 ἀνδρὸς,
1815 2811 1948 2863 μνη-

285 2881 530 2932 σικακῶν
588 2877 669 2932 ὅτι
727 2878 921 2952 πρώην
983 2877 1373 2957 διαφερόμενος
1442 2878 1630 2952 ἐκείνῳ
1684 2899 1886 2933 κατεπο
1919 2910 1948 2920 -

286 2971 457 3026 νεῖτο,
493 2967 720 3042 Λέγεται
779 2964 838 3021 δὲ
892 2967 981 3022 καὶ
1036 2975 1138 3038 τῆς
1188 2967 1348 3039 εὐνῆς
1397 2962 1652 3037 ἐπιϐῆναι
1701 2971 1795 3022 τοῦ
1833 2973 1947 3023 Μα-

287 3057 476 3126 νιάκη.
507 3059 688 3110 Ταῦτα
714 3060 794 3130 τῷ
818 3053 972 3130 ἀνδρὶ
1023 3055 1422 3132 ἀγγελλόμενα,
1456 3056 1533 3121 εἷς
1583 3057 1754 3130 θυμὸν
1786 3055 1946 3110 ἐκίνει

291 3144 480 3212 αὐτὸν,
512 3144 605 3199 καὶ
659 3143 832 3220 ἄχθος
886 3145 1114 3202 ἐνεποίει
1161 3145 1327 3202 πολύ*
1360 3147 1472 3200 εἶτα
1514 3147 1602 3201 καὶ
1634 3147 1732 3214 τήν
1765 3145 1943 3220 ἀρχὴν

1189 1897 1266 1960 είς
1345 1895 1576 1952 Ἰταλίαν
1635 1895 1903 1974 πεμφθεὶς
1936 1941 1950 1966 ,
1985 1883 2030 1946 Β

2134 1454 2298 1509 XXII.
2335 1455 2470 1511 Post
2499 1456 2626 1526 ejus
2657 1453 2883 1510 obitum
2916 1455 3072 1511 idem
3105 1455 3256 1512 bello
3286 1454 3469 1525 :civili
3515 1456 3720 1511 conﬂi-

2063 1546 2274 1598 ctatur.
2297 1544 2443 1600 Nam
2477 1543 2759 1616 Georgius
2792 1544 3106 1613 Maniaces,
3139 1545 3229 1601 vir
3257 1548 3315 1601 et
3344 1544 3542 1602 animo
3603 1545 3719 1600 for-

2063 1631 2317 1701 tissimo,
2359 1638 2415 1688 et
2443 1649 2622 1688 manu
2655 1635 3122 1706 promptissima,
3156 1639 3215 1690 et
3243 1633 3497 1690 ducendi
3555 1650 3718 1688 excr-

2064 1721 2218 1776 citus
2254 1721 2671 1794 peritissimus,
2732 1723 2873 1779 dum
2929 1723 3207 1780 mulieres
3266 1741 3463 1780 rerum
3525 1724 3714 1795 potie-

2062 1809 2300 1880 bantur,
2327 1813 2396 1867 ad
2439 1811 2665 1868 Italiam
2726 1813 3051 1880 tutandam,
3113 1818 3171 1869 et
3218 1813 3290 1869 ad
3339 1829 3408 1869 ea
3454 1829 3585 1884 quae
3637 1813 3710 1868 ab

2061 1901 2274 1958 exteris
2329 1906 2612 1973 occupata
2669 1906 2857 1969 erant,
2918 1903 3315 1974 recuperanda
3379 1903 3706 1975 ablegato,

2063 2005 2196 2045 cum
2229 1990 2499 2047 hostibus
2530 1991 2883 2048 decertabat.
2927 1991 3144 2048 Verum
3195 2008 3298 2048 axe
3354 1992 3584 2064 imperii
3632 1991 3706 2047 ad

2061 2080 2510 2137 Monomacbum
2542 2081 2834 2137 devoluto.
2895 2082 3190 2138 Romanus
3235 2081 3520 2150 Scelerus,
3567 2081 3707 2137 ada-

2062 2175 2232 2225 mata:
2265 2169 2529 2226 mulieris
2560 2170 2759 2238 frater,
2817 2172 2987 2241 cujus
3041 2171 3114 2227 ab
3167 2187 3426 2228 sororem
3478 2186 3705 2242 magna;

2062 2275 2201 2330 opes
2231 2263 2396 2315 erant
2454 2259 2612 2332 (nam
2668 2260 2742 2315 ab
2802 2258 3153 2331 imperatore
3210 2264 3266 2316 et
3326 2259 3592 2331 magistri
3653 2261 3711 2314 et

2061 2348 2503 2420 protostratoris
2532 2348 2812 2405 honorem
2847 2349 3093 2420 adeptus
3125 2350 3293 2421 erat),
3329 2349 3573 2404 domum
3595 2346 3714 2402 Ma-

2061 2437 2269 2506 niaois,
2303 2438 2362 2492 in
2393 2436 2674 2493 Orientali
2705 2436 3005 2509 provincia
3035 2437 3147 2493 sibi
3180 2437 3514 2503 finitimam,
3559 2435 3711 2491 male

2059 2526 2354 2598 tractavit,
2377 2542 2604 2582 memor
2630 2526 2838 2581 veteris
2869 2525 3120 2598 injuriae,
3180 2541 3307 2598 quae
3362 2526 3433 2582 ab
3491 2524 3594 2581 illo
3649 2525 3710 2581 in

2059 2615 2427 2671 contentione
2459 2615 2715 2686 quadam
2773 2631 3092 2686 oppressus
3149 2616 3360 2672 fuerat.
3413 2615 3571 2670 Idem
3625 2619 3710 2670 to-

2059 2721 2191 2760 rum
2235 2721 2469 2776 quoque
2525 2703 2803 2760 Maniacis
2863 2703 3146 2776 polluisse
3202 2705 3516 2761 ferebatur.
3575 2705 3710 2770 Quae

2055 2794 2178 2851 viro
2210 2793 2480 2849 nuntiata
2509 2809 2787 2865 magnam
2819 2798 2878 2849 et
2901 2793 3366 2866 indignationem
3399 2796 3454 2849 et
3501 2807 3710 2848 moero-

2057 2900 2180 2939 rem
2212 2884 2558 2939 attulerunt.
2621 2884 2756 2938 Post
2811 2883 3161 2955 magistratu
3221 2883 3398 2939 etiam
3461 2880 3708 2938 Romani

2057 2989 2232 3044 opera
2279 2975 2498 3043 erepto,
2558 2971 2610 3027 si
2668 2971 3238 3045 Constantinopolim
3295 2976 3705 3039 reverteretur,

2057 3078 2119 3118 se
2148 3061 2559 3132 imperatorem
2589 3066 2828 3133 propter
2873 3061 3166 3117 Scelerum
3202 3061 3353 3117 male
3383 3060 3704 3132 propitium

2056 3149 2398 3206 habiturum
2429 3149 2714 3220 cogitans,
2745 3165 2990 3221 regnum
3025 3150 3276 3206 affectat.
3311 3149 3480 3206 Multi
3531 3148 3710 3222 igitur

284 3234 621 3312 ἀφαιρεῖται,
677 3233 768 3289 καὶ
825 3238 987 3290 τοῦτο
1043 3237 1508 3312 κατεργασαμίνου
1571 3239 1674 3290 τοῦ
1728 3236 1945 3308 Ῥωμα-

2061 3239 2278 3295 milites
2309 3239 2382 3294 ad
2415 3255 2570 3304 eum,
2604 3243 2668 3292 ut
2697 3255 2997 3294 summum
3031 3239 3240 3294 ducem
3271 3242 3328 3295 et
3356 3239 3550 3295 virum
3588 3237 3711 3293 bel-

286 3327 406 3380 νοῦ,
462 3323 698 3379 Ἐννοῶν
749 3327 1058 3399 τοιγαροῦν,
1095 3324 1168 3385 ὡς
1200 3323 1250 3378 εἷ’
1295 3324 1430 3398 πρὸς
1470 3323 1572 3392 τὴν
1615 3321 1940 3378 Κωνσταντί·

284 3432 384 3467 νου
439 3409 876 3484 ἐπανελεύσεται,
929 3412 993 3467 ού
1040 3417 1300 3488 χρηστῶς
1330 3413 1480 3484 αὐτῷ
1511 3409 1880 3482 διατεθήσεται
1922 3412 1950 3466 6

283 3505 500 3576 κρατῶν
563 3497 654 3556 διὰ
707 3501 800 3556 τὸν
857 3499 1134 3572 Σκληρὸν,
1192 3499 1466 3575 τυραννίδι
1514 3499 1802 3576 ἐπιχειρεῖ.
1848 3500 1945 3556 Καί

288 3593 342 3646 οἱ
375 3593 456 3653 ὡς
486 3591 903 3670 κορυφαιοτάτῳ
946 3596 1055 3648 τῶν
1108 3597 1428 3668 στρατηγῶν
1459 3592 1549 3647 καὶ
1581 3592 1760 3668 ἀρηίῳ
1791 3588 1944 3666 ἀνδρὶ

284 3679 497 3736 ποΑλοὶ
560 3685 658 3736 τοῦ
716 3685 1107 3758 στρατιωτικοῦ
1164 3683 1620 3758 προσεχώρησαν.
1675 3682 1735 3738 Ὀ
1784 3679 1841 3736 δὲ
1893 3680 1942 3754 ἐξ

287 3769 530 3832 Ἰταλίας
560 3772 699 3846 πρὸς
740 3772 838 3840 τήν
885 3771 1108 3849 ἀντικρὺ
1157 3769 1361 3843 ταύτης
1415 3768 1668 3846 ἤπειρον,
1723 3769 1944 3832 πλοίοις

284 3855 596 3933 ἐμϐιϐάσας
642 3861 705 3916 τὸ
745 3861 1068 3938 στράτευμα,
1123 3859 1352 3938 γίνεται.
1383 3865 1552 3916 Τοῦτο
1605 3860 1680 3923 εἰς
1713 3855 1943 3936 θόρυϐον

282 3951 374 4006 τὸν
444 3947 672 4025 βασιλέα
719 3946 940 4006 ἐνάὸαλε
972 3993 988 4019 ,
1045 3950 1134 4006 καὶ
1206 3951 1419 4028 γραφὴν
1487 3949 1811 4026 ἐγχαράττει
1863 3954 1945 4023 τῷ

286 4041 564 4115 Μανιάκῃ,
625 4039 822 4103 παντὸς
878 4040 974 4114 μὲν
1049 4037 1304 4114 δείματος
1359 4040 1520 4095 αὐτὸν
1575 4038 1942 4112 ἀπολύουσαν,

286 4127 333 4184 εἴ
354 4130 428 4185 τὰ
480 4125 628 4185 ὅπλα
671 4130 983 4199 κατάθοιτο,
1029 4128 1510 4205 ἑπαγγελλομὲνην
1567 4125 1623 4184 δὲ
1679 4128 1745 4183 τὰ
1800 4148 1943 4204 χρη-

285 4218 516 4294 στότερα
547 4237 561 4250 ο
619 4219 692 4280 ὡς
767 4215 814 4272 δ’
891 4217 1096 4281 ἐκεῖνος
1175 4217 1312 4289 ἀπαξ
1368 4212 1532 4273 κύϐον
1593 4217 1890 4294 ἀναρρίψας
1926 4261 1941 4287 ,

283 4306 472 4362 οὐκέτι
550 4311 659 4362 τῶν
744 4305 932 4362 ὅπλων
1025 4306 1262 4382 μεθίετο,
1357 4305 1750 4383 ἀντιστρατεύει
1831 4316 1946 4361 κατ’

285 4397 456 4451 αὐτοῦ
505 4395 596 4450 καὶ
651 4395 681 4449 ὁ
731 4394 1008 4471 βασιλεύς.
1069 4397 1295 4474 Ἑφιστᾷ
1354 4392 1412 4450 δὲ
1465 4399 1544 4468 τῷ
1585 4395 1942 4472 στρατεύματι

283 4482 346 4540 0’5
399 4505 521 4539 τινα
564 4488 674 4540 τῶν
706 4485 967 4562 γενναίων
1000 4482 1229 4559 ἀνδρῶν,
1291 4483 1328 4554 ἢ
1357 4488 1466 4539 τῶν
1502 4483 1554 4539 ἐν
1589 4485 1945 4560 στρατηγίαις

284 4572 662 4647 ἑξητασμὲνων
691 4617 706 4644 ,
776 4571 969 4635 δεδιὼς
1051 4574 1127 4647 μὴ

2060 3328 2308 3384 licosum
2365 3326 2794 3382 conﬂuxerunt.
2856 3328 3062 3399 Itaque
3143 3327 3463 3384 exercitum
3554 3327 3709 3383 250

2062 3419 2309 3474 navibus
2337 3417 2684 3488 impositum
2720 3417 2778 3472 in
2820 3417 3219 3473 continentem
3268 3416 3446 3472 Italia
3498 3415 3708 3472 obver-

2054 3525 2180 3564 sam
2213 3505 2449 3577 trajicit.
2504 3510 2578 3560 Ea
2635 3522 2694 3560 re
2753 3505 3077 3578 imperator
3134 3505 3532 3577 perturbatus,
3589 3507 3707 3559 Ma-

2056 3598 2282 3652 niacem
2343 3611 2447 3666 per
2499 3593 2726 3650 litteras
2782 3595 2944 3650 omni
2993 3601 3152 3650 metu
3211 3593 3442 3660 liberat,
3500 3593 3550 3648 si
3632 3593 3704 3648 ab

2055 3684 2237 3742 armis
2278 3683 2634 3752 discesserit,
2684 3682 3210 3755 pollicitationibus
3265 3681 3502 3738 additis.
3554 3681 3699 3736 Cum

2053 3791 2188 3831 vero
2221 3773 2315 3829 ille
2343 3774 2501 3844 jacta
2556 3772 2737 3828 semel
2794 3771 2921 3828 alea
2968 3789 3133 3828 arma
3181 3772 3433 3828 retinere
3482 3771 3699 3826 consti-

2053 3864 2288 3931 tuisset,
2336 3862 2554 3918 bellum
2603 3865 2805 3917 contra
2861 3877 2996 3917 cum
3053 3860 3302 3933 suscipit
3357 3860 3695 3932 imperator,

2055 3955 2201 4010 duce
2229 3952 2412 4024 copiis
2443 3952 2752 4024 praeposito
2784 3967 2898 4006 non
2944 3955 3184 4006 strenuo
3227 3950 3424 4022 aliquo
3473 3949 3593 4007 viro
3644 3952 3701 4005 et

2052 4044 2113 4100 in
2146 4060 2206 4099 re
2235 4041 2447 4098 bellica
2475 4040 2811 4110 exercitato,
2843 4041 3062 4106 veritus
3092 4057 3166 4096 ne
3211 4039 3344 4096 talis
3391 4039 3549 4095 idem
3597 4056 3700 4095 au-

2055 4133 2235 4199 deret,
2277 4131 2375 4188 sed
2406 4131 2667 4202 spadone
2701 4133 3012 4202 perspecta:
3060 4128 3174 4186 sibi
3228 4128 3382 4198 ﬁdei,
3445 4128 3704 4184 cubiculi

2054 4221 2347 4278 ministro.
2405 4222 2528 4284 Quo
2586 4235 2722 4275 cum
2780 4220 3035 4275 exercitu
3078 4219 3353 4286 abeunte,
3412 4218 3705 4274 Maniaccs

2054 4309 2312 4378 festinat,
2373 4313 2437 4364 ut
2493 4308 2694 4364 hostes
2756 4309 3079 4380 imparatos
3137 4308 3331 4364 adhuc
3387 4308 3705 4380 Opprimat,

2053 4414 2271 4471 eosque
2302 4396 2620 4453 commisso
2665 4396 2864 4469 praelia
2919 4397 2978 4453 in
3039 4397 3231 4469 prima
3284 4395 3407 4453 acie
3462 4411 3704 4452 versans

2052 4488 2344 4561 proﬂigat.
2378 4487 2492 4542 Sed
2528 4486 2904 4543 Providentia:
2930 4490 3076 4542 nutu
3109 4502 3202 4542 res
3233 4490 3463 4541 nostras
3489 4484 3702 4556 guber-

1205 4572 1452 4635 κάκεῖνος
1523 4571 1824 4647 τολμήσειε
1877 4575 1944 4629 τὰ

2058 4578 2268 4648 nantis,
2300 4576 2498 4633 subito
2547 4579 2910 4632 commutata
2968 4574 3103 4632 belli
3161 4576 3416 4644 fortuna,
3477 4573 3700 4629 milites

1569 4711 1772 4772 Variae
1802 4711 2108 4776 lectiones
2137 4719 2201 4774 et
2229 4717 2418 4772 notas.

351 4833 469 4906 (30)
501 4834 585 4909 Ἠ,
606 4831 911 4909 Αὖγούᾏστα-
939 4834 1191 4909 προοήει.
1250 4835 1344 4891 Sic
1401 4852 1547 4892 mss.
1574 4865 1582 4873 -
1609 4836 1708 4892 ubi
1767 4837 1930 4892 πνοι-

280 4902 398 4963 ﬁus
422 4902 671 4964 {Malim
697 4902 733 4975 ἧ
770 4902 1008 4981 βασιλὶς,
1042 4902 1178 4963 nam
1202 4909 1482 4980 Sclerena,
1513 4911 1566 4964 et
1604 4909 1854 4978 Augusta
1885 4913 1937 4964 et

283 4973 533 5047 ἐρώμένη
567 4979 707 5047 fuit.
759 5046 763 5047 ν

344 4988 533 5034 ὠμνὲνη
571 4988 707 5034 fuit.

311 4979 533 5051 ρώμὲνη
567 4979 707 5049 fuit.
771 4979 779 4981 “
1467 4979 1474 4980 ί

322 5046 1222 5124 -(31))ΟῨΜανιάκης-ΑΓιώργισς.
1273 5049 1386 5106 Res
1434 5067 1468 5106 a
1515 5050 1760 5124 Georgio
1813 5049 1938 5105 Ma-

280 5119 536 5176 niace'in
569 5122 739 5178 bellis
772 5121 948 5177 variis
979 5119 1256 5193 praeclare
1299 5126 1496 5193 gestas
1544 5119 1751 5178 multis
1802 5138 1939 5193 pro-

283 5194 552 5264 sequitur
580 5195 838 5252 Joannes
869 5193 1168 5262 Scylitzes,
1201 5212 1256 5264 p.
1287 5195 1414 5262 727,
1456 5194 1583 5262 731,
1633 5195 1761 5261 737,
1811 5193 1938 5260 738,

280 5266 408 5322 739.
440 5267 573 5322 741.
599 5267 731 5322 743.
761 5264 890 5322 753.
920 5267 1030 5320 756
1059 5270 1116 5321 et
1164 5266 1290 5322 853.
1344 5270 1402 5322 et
1443 5283 1512 5322 ex
1563 5283 1629 5321 eo
1685 5269 1941 5320 Joannes

282 5306 608 5420 Qoliandus
640 5307 1352 5420 ad’ﬂ’istoriammorpooi‘is
1383 5337 1442 5393 S.
1477 5337 1709 5420 Agaihm
1742 5337 1813 5420 ab
1845 5353 1940 5392 eo-

287 5408 418 5480 dem
453 5411 714 5466 Maniace
767 5408 1340 5480 Constantinopolim
1387 5426 1455 5465 ex
1499 5408 1698 5464 Sicilia
1745 5413 1941 5465 trans-

285 5479 478 5554 missi,
512 5483 794 5554 scriptam
815 5499 862 5554 _a
892 5479 1176 5537 Mauricio
1207 5481 1522 5554 Catanensi
1561 5481 1874 5554 episcopo,
1909 5497 1942 5536 a

288 5567 403 5623 quo
437 5553 497 5607 in
529 5551 695 5610 rebus
745 5552 951 5609 bellicis
996 5554 1408 5623 expertissimus
1457 5551 1693 5606 dicitur.
1747 5551 1827 5608 De
1875 5568 1941 5608 eo

287 5622 468 5698 etiam
503 5625 628 5698 agit
649 5631 854 5698 ~Lupus
878 5622 1267 5698 protospatba
1297 5624 1408 5680 sub
1440 5641 1535 5698 an.
1570 5624 1729 5698 10_3_8,
1781 5625 1941 5698 1941,

291 5694 453 5764 1043,
481 5694 602 5769 ιιιῐο
625 5694 788 5753 illius
810 5694 1190 5755 rebellionem
1236 5694 1322 5753 ita
1359 5694 1555 5767 attigit
1579 5711 1592 5750 :
1623 5695 1800 5752 Mense
1817 5696 1944 5768 Sep-

2043 4837 2243 4893 tembri
2267 4849 2478 4889 reverso
2509 4837 2585 4888 est
2605 4834 2804 4889 civitas
2832 4839 3042 4889 Earum
3089 4835 3154 4890 in
3182 4849 3358 4888 manu
3406 4832 3703 4904 imperato-

2046 4911 2128 4964 ris
2150 4913 2204 4962 et
2232 4907 2515 4961 descendit
2545 4906 2759 4961 Pardus
2802 4908 3079 4976 patricius
3134 4922 3260 4961 cum
3305 4905 3479 4961 multo
3524 4919 3702 4967 auro;

2047 4977 2545 5052 quemiilianiacltes
2575 4978 2708 5052 fecit
2738 4978 2932 5042 occidi,
2987 4993 3148 5052 seque
3193 4979 3582 5052 imperatorem
3628 4977 3698 5031 ab

2048 5049 2299 5109 omnibus
2331 5049 2647 5121 appellari;
2679 5053 2730 5104 et
2760 5065 2940 5104 mense
2984 5049 3201 5106 Octobri
3254 5051 3404 5105 venit
3457 5051 3697 5114 Barum,

2048 5124 2386 5194 minimeque
2416 5122 2574 5194 illam
2607 5123 2830 5187 recepit.
2864 5121 3040 5176 Mense
3088 5137 3212 5177 vero
3269 5121 3425 5175 Febr.
3471 5121 3702 5194 descen-

2048 5195 2130 5250 dit
2164 5192 2462 5249 Theodorus
2501 5192 2683 5247 Canus
2713 5194 2979 5261 magister
3016 5201 3066 5249 et
3112 5193 3445 5263 Catapanus,
3493 5192 3706 5263 Munia-

2049 5267 2174 5322 ches
2202 5265 2499 5337 praedictus
2525 5267 2785 5337 perrexit
2817 5262 3255 5337 Dyrrhachium.
3281 5267 3503 5337 Agunt
3523 5262 3701 5337 etiam

2052 5339 2122 5394 de
2152 5335 2410 5393 M‘aniaoe
2442 5335 2792 5391 Gaull'redus
2822 5335 3151 5392 Malaterra.
3213 5335 3354 5391 Leo,
3382 5335 3696 5400 Ostiensis,

2051 5410 2363 5466 Ordericus
2392 5407 2598 5462 Vitalis
2631 5414 2688 5462 et
2720 5408 2819 5464 alii
2850 5407 3071 5464 laudati
3102 5409 3161 5464 in
3193 5408 3354 5463 Notis
3386 5407 3458 5462 ad
3475 5406 3702 5462 Alexia-

2052 5483 2298 5554 dem,pp.
2329 5481 2434 5554 227
2467 5482 2524 5534 et
2554 5479 2678 5554 339.

2123 5548 2668 5625 (32)έΙῙολεμηείων.
2724 5548 3102 5625 Ιξο-λεμήσωνσ
3159 5565 3445 5625 ms.__reg.
3500 5552 3558 5625 et
3614 5549 3698 5605 ita

2050 5621 2363 5699 legendum
2424 5621 2698 5699 censebat
2746 5621 3013 5681 Wolﬁus.
3072 5623 3198 5681 Duo
3257 5621 3356 5678 alii
3397 5621 3694 5699 'priorem

2048 5695 2359 5753 lectionem
2389 5695 2660 5752 retinent.
