4036 6206
347 371 460 433 211

1697 367 2028 430 JOANNIS
2071 369 2278 430 ZONA
2293 371 2421 430 ΒΕ

3641 377 3766 436 212

353 504 486 576 ejus
513 503 856 561 vincuntur.
889 504 1039 560 Nam
1069 503 1208 559 dum
1244 501 1428 559 aciem
1461 501 1812 574 obequitans
1855 501 2000 576 pha-

2124 501 2266 557 ιύτα·
2327 500 2454 559 ἀλλ’
2501 501 2756 577 ἐκτομίαν
2802 509 2908 560 τῶν
2958 503 3530 579 θαλαμηπολουντων,
3572 507 3765 562 πιστὸν

351 592 558 665 langes
587 594 857 666 dissipat,
883 596 941 648 et
971 592 1008 646 ii
1039 609 1189 664 quos
1219 590 1520 658 inclamat,
1571 591 1767 646 statim
1819 591 2003 647 disso-

354 683 484 739 luta
515 681 786 739 estudine
819 681 1054 751 cedunt,
1108 679 1324 736 Icthale
1379 680 1596 736 vulnus
1655 679 1885 752 accipit,
1941 697 2008 736 ac

357 772 531 828 multi
575 771 882 844 sanguinis
933 769 1216 843 profluvio
1261 770 1506 841 caligine
1551 768 1736 826 oculis
1784 771 2006 841 oborta,

357 861 608 918 habenis
641 877 818 917 manu
852 859 1072 932 elapsis
1111 858 1254 915 sella
1295 859 1638 930 devolvitur,
1689 859 2007 930 statimque

356 955 628 1008 mortuus
648 947 1233 1021 concidit,nonlonge
1256 965 1290 1004 a
1307 965 1513 1021 campo
1533 948 1590 1004 in
1608 965 1722 1020 quo
1745 947 2006 1020 praelium

353 1038 849 1096 committebatur.
880 1039 1245 1110 Imperatorii
1282 1042 1480 1094 tamen
1516 1054 1627 1093 non
1663 1037 1831 1110 prius
1871 1053 2008 1094 eum

359 1127 599 1201 aggredi
630 1128 780 1199 ausi,
815 1145 990 1200 quam
1023 1129 1150 1199 ejus
1182 1126 1400 1182 milites
1431 1126 1598 1183 ducis
1629 1126 1868 1182 interitu
1911 1143 2008 1182 co-

360 1215 521 1288 gnito
554 1215 847 1288 perterriti
895 1232 985 1272 ac-
1019 1215 1290 1288 dissipati
1349 1218 1524 1270 sunt:
1584 1219 1711 1270 tum
1771 1215 2010 1270 demum

359 1305 563 1362 miseri
595 1308 1158 1378 caputamputatum
1184 1321 1288 1361 suo
1313 1304 1446 1360 duci
1471 1303 1818 1370 attulerunt,
1851 1303 2010 1374 quod

361 1393 462 1452 ille
494 1396 698 1450 statim
730 1395 800 1450 ad
835 1395 1245 1466 imperatorem
1275 1393 1456 1462 misit,
1492 1393 1590 1465 qui
1617 1394 1670 1448 id
1693 1392 1749 1448 in
1772 1391 2013 1448 sublimi

369 1484 598 1540 theatro
630 1484 962 1556 suspendit,
996 1487 1054 1539 et
1083 1483 1332 1555 spadoni
1357 1499 1490 1538 cum
1514 1481 1766 1538 exercitu
1792 1481 2011 1549 reduci,

368 1577 434 1628 ut
467 1590 525 1628 re
555 1573 702 1628 bene
743 1577 928 1645 gesta,
989 1572 1354 1644 triumphum
1413 1571 1706 1626 decernit:
1770 1571 1896 1643 ipse
1952 1569 2012 1624 in

369 1661 664 1718 vestibulo
696 1662 837 1718 aedis
867 1663 1189 1718 Servatoris
1226 1662 1284 1716 in
1343 1661 1572 1733 Chalce,
1633 1661 1822 1716 forum
1879 1677 2016 1732 spe-

369 1755 562 1807 ctante
594 1752 824 1806 medius
857 1751 1007 1806 inter
1038 1751 1438 1822 imperatrices
1468 1767 1600 1806 cum
1639 1767 1855 1823 magna
1888 1767 2016 1805 ma-

2120 591 2306 662 μέντοι
2356 593 2526 665 αὐτῷ.
2572 595 2631 650 Ὀ
2675 590 2731 648 δὲ
2777 593 2873 655 τὰς
2929 591 3183 668 δυνάμεις
3239 591 3526 650 ἀναλαϐὼν
3577 594 3766 669 ἀπῄει,

2115 681 2203 734 καὶ
2265 682 2292 735 6
2350 682 2631 753 Μανιάκης
2680 679 2928 738 ἔσπευδεν
3005 683 3368 746 ἀσυντάκτους
3449 683 3576 745 τοὺς
3641 685 3765 759 περὶ

2115 769 2206 824 τὸν
2284 769 2537 844 ἐκτομίαν
2621 767 2946 827 καταλαϐεῖν
2985 816 2998 830 .
3049 773 3196 829 Ἐπεὶ
3279 771 3338 828 δὲ
3421 768 3770 848 προσέϐα).ον

2116 856 2394 930 ἀλλήλαις
2425 862 2479 915 αἱ
2512 861 2777 937 στρατιαὶ,
2809 862 2870 918 τὸ
2915 863 3009 936 μὶν
3059 861 3146 917 ἐπὶ
3175 866 3255 934 τῷ
3310 865 3768 938 πρωταγωνιστῇ,

2115 951 2194 1019 τῷ
2253 947 2549 1024 Μανιάκῃ,
2606 951 2748 1026 φημὶ
2786 995 2800 1021 ,
2855 955 3151 1026 τροποῦται
3223 950 3284 1006 τὸ
3332 955 3440 1006 τῶν
3512 949 3767 1006 ἐναντίων

2119 1035 2502 1111 στρατόπεδον·
2563 1039 2625 1094 τὸ
2680 1037 2727 1094 δ’
2758 1036 2844 1094 ἐπὶ
2895 1043 2964 1113 τῇ
3022 1041 3090 1095 τά
3145 1038 3388 1114 ἡμέτερα
3441 1037 3770 1114 διεξαγούσῃ

2121 1125 2358 1200 Προνοίᾳ
2412 1126 2610 1202 ἀθρόον
2667 1127 3030 1202 ἂντέστραπτο
3085 1129 3152 1183 τά
3204 1131 3304 1194 τῆς
3381 1126 3570 1204 μάχης
3603 1173 3616 1198 ,
3676 1130 3770 1183 καὶ

2120 1213 2354 1286 ἥττηντο
2412 1215 2464 1270 οἱ
2518 1214 2640 1290 περῖ
2694 1217 2786 1272 τὸν
2845 1218 3128 1288 Μανιάκην
3163 1261 3176 1274 .
3234 1218 3324 1280 Ὠς
3399 1217 3500 1293 γάρ
3558 1217 3768 1281 ἐκεῖνος

2121 1303 2288 1358 ἐπιὼν
2339 1303 2435 1366 τὰς
2491 1305 2684 1378 τάξεις,
2743 1303 3009 1362 διεκλόνει
3040 1305 3137 1369 τὰς
3173 1304 3483 1384 φάλαγγας,
3539 1305 3629 1361 καὶ
3688 1307 3774 1370 οἷς

2121 1387 2440 1466 ἐμϐοήσειεν
2499 1393 2658 1458 εὐθὺς
2715 1395 3061 1470 ἀνειχάζοντο
3095 1440 3110 1466 ,
3163 1395 3253 1450 καὶ
3310 1396 3338 1449 6
3397 1397 3772 1468 συνασπισμὸς

2125 1479 2387 1554 διελύετο,
2451 1480 2644 1562 αἶ’φνης
2703 1483 3094 1560 πεπληγμένος
3149 1483 3338 1558 εύρέθη
3398 1485 3484 1539 καὶ
3545 1484 3775 1559 πληγὴν

2123 1572 2379 1647 καιρίαν,
2437 1569 2488 1643 ἐξ
2544 1575 2609 1641 ἧς
2686 1573 2748 1627 τὸ
2811 1575 2946 1647 αἷμα
3019 1573 3312 1650 καταρρέον
3387 1573 3533 1628 πολὺ
3593 1573 3777 1649 ἀχλὺν

2125 1660 2290 1715 αὐτοῦ
2344 1659 2719 1735 κατεσκέδασε,
2779 1661 2869 1718 καὶ
2927 1664 3150 1738 πάρεσιν
3208 1667 3324 1726 τοῖς
3387 1661 3604 1735 μέλεσιν
3661 1661 3780 1717 ἐνε-

2124 1749 2372 1820 ποίησεν,
2427 1751 2564 1805 ὥστε
2611 1750 2699 1805 καὶ
2747 1751 2840 1806 τὸν
2895 1750 3125 1827 χαλινὸν
3177 1749 3475 1806 διεκπεσεῖν
3521 1758 3623 1820 τῆς
3653 1771 3780 1828 χει-

359 1839 577 1910 jestate
635 1839 976 1911 praesidens.
1035 1840 1112 1894 Ac
1159 1839 1440 1896 Maniacis
1495 1839 1590 1895 hic
1645 1839 1755 1894 fuit
1803 1839 2013 1895 exitus.

2129 1838 2222 1914 ρὸς
2273 1838 2460 1910 αὐτοῦ,
2517 1840 2762 1894 κάκεῖνον
2813 1835 3228 1910 καταϐληθῆναι
3281 1839 3357 1902 είς
3413 1847 3516 1916 γῆν
3570 1839 3631 1895 ἐκ
3680 1843 3784 1895 τοῦ

367 1927 580 1983 Verum
605 1927 720 1982 alia
739 1927 1002 2000 tyrannis
1029 1933 1117 1983 est
1139 1933 1356 1993 exorta,
1391 1934 1630 1984 auctore
1665 1928 2014 2000 Theophilo,

365 2017 617 2074 Erotico.
642 2017 696 2073 Is
715 2033 846 2073 cum
869 2017 1110 2073 secundi
1134 2017 1458 2090 Miehaelis,
1493 2018 1595 2090 qui
1627 2018 1803 2091 primi
1835 2035 2016 2090 nepos

365 2111 512 2174 erat,
545 2107 788 2173 exitum,
823 2110 878 2162 et
930 2106 1248 2162 mulierum
1282 2107 1592 2178 imperium
1627 2107 2016 2180 cognovisset,

365 2196 591 2268 Cypriis
624 2212 874 2268 quorum
907 2199 1035 2251 tum
1067 2201 1278 2267 praetor
1307 2201 1453 2267 erat,
1482 2205 1602 2252 arte
1658 2197 1770 2252 sibi
1831 2197 2020 2253 conci-

364 2283 546 2351 liatis,
581 2285 798 2340 deﬁcit.
831 2285 940 2340 Sed
975 2289 1170 2340 motus
1206 2285 1322 2353 ille,
1356 2287 1505 2341 citra
1552 2301 1775 2342 moram
1831 2287 2017 2343 classe

369 2372 574 2435 missa,
607 2377 698 2429 est
721 2390 1101 2446 suppressus,
1131 2373 1281 2430 victo
1315 2374 1560 2440 Erotico,
1612 2379 1668 2430 et
1715 2375 1908 2431 insula
1955 2376 2015 2431 in

368 2461 711 2518 servitutem
745 2464 996 2518 redacta.
1028 2462 1226 2518 Alexio
1257 2463 1588 2535 patriarcha
1608 2469 1859 2532 mortuo,
1884 2481 2018 2520 cum

371 2552 568 2607 sedem
601 2550 764 2607 illam
795 2568 981 2607 annos
1004 2553 1069 2606 18
1100 2550 1294 2622 quiete
1325 2553 1630 2619 tenuisset,
1662 2552 1903 2608 Michael
1924 2569 2018 2608 co-

373 2645 689 2713 gnomento
721 2640 1076 2710 Cerularius,
1108 2641 1166 2694 in
1199 2645 1328 2713 ejus
1359 2640 1552 2696 locum
1585 2646 1676 2697 est
1714 2641 2016 2698 suffectus.

373 2728 798 2784 Monomachus
833 2745 961 2784 vere
992 2729 1116 2784 auri
1145 2728 1508 2785 centenarias
1561 2730 1633 2784 25
1661 2746 1691 2786 e
1721 2735 2021 2786 monaste-

378 2816 464 2873 rio
497 2816 655 2872 Aloxi
687 2818 758 2872 ab
816 2815 918 2873 illo
974 2816 1034 2872 in
1092 2817 1401 2889 thesauros
1460 2815 1696 2889 relatos,
1754 2817 2019 2874 abstulit.

371 2905 630 2962 Joannes
663 2907 809 2963 251
848 2922 1018 2977 porro
1057 2879 1857 2978 spadorOrphanotrophus,
1912 2907 2021 2962 im-

367 2995 658 3067 peratoris
679 2993 982 3050 Michaelis
1004 2994 1397 3066 Paphlagonis
1420 2995 1615 3060 frater,
1639 2994 2023 3052 Monomacho

369 3083 721 3155 imperante,
772 3083 1104 3155 Mitylenem
1160 3082 1504 3152 translatus,
1562 3088 1830 3152 cazcatur,
1903 3086 2024 3141 sive

2121 1925 2318 2000 ἵππου,
2375 1935 2475 1998 τῆς
2530 1925 2692 2004 ἕδρας
2759 1926 3203 2000 ἀπολισϐήσαντα
3237 1975 3249 1987 .
3309 1931 3527 1987 Ἔκειτο
3590 1929 3778 1985 τοίνυν

2126 2015 2317 2070 αὐτίκα
2373 2016 2544 2070 θανὼν
2579 2061 2593 2086 ,
2652 2011 2754 2088 ἔξω
2825 2038 2878 2072 τι
2951 2021 3049 2072 τοῦ
3110 2017 3448 2094 μεταιχμίου
3483 2062 3498 2088 ,
3555 2019 3646 2072 καὶ
3723 2019 3784 2072 οἱ

2133 2103 2409 2181 βασιλικοῖ
2460 2103 2706 2170 ἐπελθεῖν
2755 2105 2890 2170 τέως
2947 2106 3093 2179 αύτῷ
3149 2103 3436 2164 ἐδεδίεσαν.
3495 2107 3584 2169 Ὠς
3630 2103 3678 2161 δ’
3725 2107 3783 2160 οἱ

2130 2191 2335 2247 ἐκείνου
2385 2193 2476 2247 τὸν
2526 2193 2777 2270 σφέτερον
2838 2191 3002 2270 ἔγνων
3064 2195 3313 2270 ἀρχηγὸν
3373 2194 3627 2262 πεσόντα,
3685 2195 3781 2248 καὶ

2127 2281 2294 2353 πτοίᾳ
2352 2279 2644 2358 ληφθέντες
2706 2279 3179 2354 διεσκεδάσθησαν,
3237 2281 3360 2338 τότε
3414 2287 3494 2355 τῷ
3550 2283 3789 2355 κειμένῳ

2130 2367 2434 2445 ἐπέδραμον
2488 2371 2539 2424 οἱ
2594 2377 2696 2440 τῆς
2734 2371 2916 2438 ἐτέρας
2968 2372 3190 2446 μοίρας,
3235 2372 3324 2426 καὶ
3370 2373 3469 2442 τὴν
3521 2375 3619 2426 τοῦ
3670 2368 3785 2426 δει-

2129 2455 2286 2512 λαίου
2346 2455 2589 2534 κεφαλὴν
2650 2457 2965 2532 ἐκτεμόντες
3001 2501 3016 2528 ,
3072 2463 3154 2532 τῷ
3225 2464 3372 2538 σφῶν
3431 2461 3786 2535 προσήγαγον

2128 2552 2415 2624 στρατηγῷ
2449 2591 2462 2605 .
2522 2548 2585 2604 Ὀ
2644 2544 2701 2603 δὲ
2769 2547 2970 2618 ταύτην
3032 2547 3224 2603 αὐτίκα
3276 2553 3359 2621 τῷ
3416 2547 3781 2622 αὐτοκράτορι

2127 2636 2385 2712 πέπομφε
2417 2680 2432 2706 ,
2484 2635 2726 2700 κάκεῖνος
2787 2638 3058 2713 μετέωρον
3110 2637 3312 2708 ταύτην
3368 2638 3470 2712 ἦρε
3523 2637 3660 2692 κατᾶ
3711 2638 3783 2692 τὸ

2132 2726 2374 2802 θέατρον,
2446 2726 2558 2780 εἶτα
2613 2726 2701 2780 καὶ
2759 2731 2856 2780 τοῦ
2901 2728 2994 2780 τὸν
3053 2725 3300 2800 πόλεμον
3362 2725 3783 2800 κατωρθωκέναι

2134 2812 2385 2885 δόξαντος
2441 2814 2718 2887 ἐκτομίου,
2773 2813 3162 2879 ἐπανελθόντος
3201 2814 3336 2887 μετὰ
3361 2821 3462 2884 τῆς
3503 2820 3785 2889 στρατιᾶς,

2133 2899 2400 2980 Θρίαμϐος
2451 2904 2678 2980 γίνεται,
2735 2902 2832 2958 τοῦ
2912 2902 3182 2978 βασιλέως
3243 2904 3295 2959 έν
3351 2909 3431 2976 τῷ
3485 2905 3626 2979 πρὸς
3680 2906 3789 2974 τὴν

2132 2993 2330 3068 ἀγορὰν
2407 2992 2836 3069 ἐπεστραμμένῳ
2909 2991 3369 3069 προτεμενίσματι
3438 2998 3540 3048 τοῦ
3598 2992 3652 3048 έν
3708 2997 3787 3068 τῇ

2132 3080 2328 3156 Χαλκῇ
2388 3079 2688 3157 λεγομένου
2731 3085 2827 3136 τοῦ
2879 3085 3139 3157 Σωτῆρος
3169 3086 3300 3136 ναοῦ
3357 3083 3788 3158 προκαθημένου

371 3171 688 3228 Τὴθοάοιιω
713 3173 910 3243 jussu,
942 3173 1253 3244 ignorante
1309 3172 1702 3244 imperatore;
1751 3173 1874 3228 sive
1914 3174 2015 3230 im-

2139 3172 2273 3246 μετᾶ
2327 3169 2548 3239 πολλῆς
2603 3177 2705 3239 τῆς
2762 3169 3177 3246 λαμπρότητος,
3235 3171 3564 3246 ἑκατέρωθεν
3620 3171 3790 3225 αὐτοῦ

375 3261 662 3332 peratoris
694 3241 995 3330 mandato,
1027 3260 1076 3315 ei
1106 3265 1343 3332 propter
1371 3241 1732 3316 immeritum
1784 3266 1870 3316 tot
1917 3279 2015 3317 an-

2134 3241 2224 3316 καὶ
2281 3263 2390 3314 τῶν
2453 3257 2746 3334 βασιλίδων
2809 3241 3265 3334 συγκαθημένων.
3324 3241 3510 3317 Ἀλλὰ
3559 3261 3629 3315 τά
3687 3261 3788 3333 μὲν

378 3364 588 3403 norum
621 3348 890 3405 exsilium
922 3348 1070 3405 irato
1101 3349 1200 3421 qui
1231 3347 1383 3404 cladi
1447 3348 1752 3406 oculorum
1806 3367 2015 3422 paucos

2135 3350 2272 3405 κατά
2353 3348 2445 3402 τὸν
2528 3348 2808 3418 Μανιάκην
2895 3347 2946 3402 ἐν
3031 3348 3244 3410 τούτοις
3317 3347 3794 3419 τετελευτήκασιν.

381 3437 508 3492 dies
533 3438 907 3513 supervixit}

2135 3435 2319 3507 Ἀλλη
2380 3435 2428 3491 δ’
2482 3434 2636 3500 αὖθις
2693 3435 2940 3502 κεκίνητο
2994 3437 3267 3512 τυραννὶς,
3324 3437 3396 3507 ἦς
3442 3439 3508 3506 ἤν
3556 3435 3796 3513 ἐργάτης

383 3524 647 3604 Θεόφιλος
705 3527 734 3580 ὁ
791 3521 1106 3602 Ἐρωτικός.
1165 3527 1262 3588 Ὃς
1318 3526 1385 3581 τά
1439 3528 1574 3582 κατὰ
1627 3528 1723 3583 τὸν
1781 3525 2028 3605 δεύτερον
2086 3527 2338 3604 Μιχαὴλ,
2396 3526 2488 3581 τὸν
2543 3530 2641 3580 τοῦ
2697 3527 2916 3602 πρώτου
2945 3523 3291 3604 ἀδελφιδοῦν,
3329 3527 3533 3600 μαθὼν,
3566 3527 3657 3582 καὶ
3711 3528 3792 3590 ὡς

376 3615 615 3689 γυναιξὶν
670 3617 706 3685 ἡ
770 3613 1022 3692 βασιλεία
1075 3615 1466 3688 πεπίστευται,
1522 3615 1650 3680 τοὺς
1727 3617 2003 3694 Κυπρίους
2075 3616 2321 3682 ὑπελθὼν
2396 3615 2620 3689 (τούτων
2676 3616 2780 3692 γὰρ
2839 3611 3026 3692 ἔτυχεν
3085 3614 3271 3691 ἅρχων
3329 3614 3498 3689 τότε),
3550 3616 3794 3671 ἀποστα-

381 3701 472 3775 σίᾳ
525 3703 816 3780 ἐπιχειρεῖ.
871 3704 951 3762 Ού
1013 3706 1196 3778 μέντοι
1255 3707 1368 3779 (33)
1423 3701 1620 3782 τριϐῆς
1675 3711 1752 3780 τῷ
1810 3709 2138 3784 Μονομάχῳ
2192 3704 2378 3777 ἐδέησε
2433 3705 2568 3781 πρὸς
2622 3706 2722 3775 τὴν
2780 3705 2976 3760 τούτου
3030 3705 3358 3782 καθαίρεσιν.
3422 3705 3628 3762 Στόλον
3689 3705 3795 3782 γάρ

380 3791 620 3862 στείλας,
681 3789 753 3847 δι’
809 3793 978 3848 αὐτοῦ
1031 3795 1122 3848 τὸν
1183 3795 1480 3868 Ἐρωτικὸν
1541 3793 1899 3871 ἐχειρώσατο,
1959 3797 2048 3851 καὶ
2104 3797 2202 3865 τήν
2262 3801 2426 3864 νῆσον
2486 3793 2615 3869 ῥᾷον
2675 3792 2751 3857 εἷς
2781 3789 3032 3847 δουλείαν
3093 3793 3423 3869 ὑπηγάγετο.
3478 3792 3800 3866 Θνήσκειδέ

382 3879 411 3932 ὁ
467 3881 816 3955 πατριάρχης
874 3878 1114 3950 Ἀλέξιος
1172 3880 1254 3935 ἐπ’
1307 3879 1401 3951 ἔτη
1461 3878 1591 3936 δέκα
1645 3883 1782 3957 πρὸς
1836 3887 1956 3946 τοῖς
2011 3883 2156 3940 ὀκτὼ
2212 3879 2627 3942 καταπολαύσας
2684 3884 2780 3935 τοῦ
2840 3879 3036 3957 θρόνου
3086 3885 3183 3936 τοῦ
3236 3885 3664 3957 πατριαρχικοῦ,
3709 3883 3799 3937 καὶ

383 3965 620 4042 Μιχαὴλ
680 3969 708 4023 6
759 3967 1054 4043 λεγόμενος
1114 3967 1497 4045 Κηρουλάριος
1553 3971 1664 4044 (34)
1712 3971 1850 4047 πρὸς
1905 3971 2066 4026 αὐτὸν
2129 3967 2492 4046 ἆνθιδρύεται.
2561 3967 2798 4045 Χρυσίου
2860 3967 2916 4024 δὲ
2972 3971 3294 4046 κεντηνάρια
3350 3971 3508 4025 πέντε
3556 3970 3646 4025 καὶ
3698 3968 3802 4025 εἷ’-

381 4075 504 4109 κοσι
554 4054 615 4110 ἐκ
667 4062 766 4126 τῆς
819 4060 917 4110 τοῦ
974 4058 1321 4132 πατριάρχου
1398 4054 1644 4128 Ἀλεξίου
1723 4065 1896 4131 μονῆς
1946 4060 1974 4114 ὁ
2030 4061 2375 4136 Μαζομάχος
2449 4056 2700 4136 ἀφείλετο
2736 4100 2749 4125 ,
2809 4059 2937 4131 παρ’
3010 4057 3216 4113 ἐκείνου
3286 4063 3385 4114 τοῦ
3449 4057 3797 4135 πατριάρχου

385 4145 810 4220 θησαυρισθέντα
869 4144 981 4199 ἐκεῖ
1012 4189 1025 4201 .
1080 4127 1150 4201 δΌ
1323 4146 1431 4218 μὴν
1489 4127 1744 4220 ἐκτομίας
1793 4127 2050 4218 Ἰωάννης
2082 4127 2200 4218 ,Γὸ⁷
2245 4127 2507 4224 γεγονὼς,
2539 4127 2976 4224 Ὀρφανοτρόφος
3012 4191 3028 4216 ,
3086 4149 3114 4202 6
3192 4151 3289 4202 τοῦ
3377 4127 3801 4224 βασιλεύσαντος

383 4232 616 4308 Μιχαὴλ
671 4238 769 4289 τοῦ
829 4233 1182 4312 Παφλαγόνος
1238 4232 1595 4313 αύτάδελφος,
1657 4236 1732 4298 εἷς
1788 4236 2132 4308 Μιτυλήνην,
2182 4241 2280 4292 τοῦ
2329 4235 2672 4311 Μονομάχου
2724 4238 3116 4309 κρατήσαντος,
3179 4236 3490 4312 μεταχθεὶς,
3523 4237 3635 4292 ἐκεῖ
3690 4259 3799 4308 πη-

389 4327 573 4399 ροῦται
629 4324 756 4386 τοὺς
811 4322 1152 4403 ὀφθαλμοὺς,
1208 4323 1284 4386 ὡς
1345 4325 1440 4398 μὲν
1497 4345 1606 4379 τισι
1667 4322 1836 4395 δοκεῖ,
1893 4329 2041 4402 παρά
2096 4333 2194 4396 τῆς
2261 4322 2544 4401 βασιλίδος
2603 4321 2886 4399 Θεοδώρας
2941 4325 3171 4400 γνώμης
3205 4323 3328 4399 ἄτερ
3383 4330 3482 4381 τοῦ
3541 4325 3807 4402 αὐτοκρά-

385 4431 566 4486 τορος,
627 4411 704 4476 ὡς
757 4410 806 4467 δ’
859 4411 1048 4486 ἐνίοις,
1110 4411 1274 4468 αύτου
1330 4418 1427 4468 τοῦ
1484 4417 1812 4489 κρατοῦντος
1865 4419 2027 4470 τοῦτο
2083 4413 2457 4486 κελεύσαντος,
2521 4418 2830 4486 μηνιῶντος
2889 4412 3036 4486 αύτῷ
3093 4411 3183 4468 διὰ
3237 4413 3300 4469 τὸ
3358 4420 3458 4484 τῆς
3511 4413 3805 4490 ὑπερορίας

387 4499 651 4565 πολυετὶς
703 4500 794 4556 καὶ
832 4500 1098 4557 ἀναίτιον.
1129 4503 1250 4575 ‘Oc,
1288 4503 1550 4578 βραχείας
1581 4503 1791 4577 ἡμέρας
1817 4506 1886 4577 τῇ
1915 4503 2161 4580 πηρώσει
2194 4498 2510 4571 ἐπιϐιώσας,
2539 4503 2639 4571 τήν
2671 4503 2816 4572 ζωὴν
2849 4500 3231 4579 ἐξεμέτρησενλ

458 4592 658 4649 XXIII.
683 4591 966 4648 Ceterum
1001 4592 1119 4648 alia
1152 4593 1414 4666 tyrannis
1447 4592 1698 4648 atrocior
1724 4597 1816 4649 est
1831 4597 2015 4650 contr:

2217 4593 2336 4647 KI".
2393 4589 2574 4660 Ἄλλη
2609 4588 2660 4646 δ’
2687 4588 2840 4654 αὖθις
2867 4591 3118 4665 τυραννὶς
3145 4595 3227 4664 τῷ
3265 4591 3592 4666 Μονομάχῳ
3624 4589 3808 4646 δεινο-

383 4681 835 4737 Monomachum
859 4685 1080 4749 exorta,
1109 4681 1291 4737 Leone
1313 4679 1580 4737 Tornicio
1618 4684 1876 4752 auctore,
1909 4698 2015 4737 ma'

2146 4681 2272 4756 νέρα
2324 4678 2645 4752 ἐξυπανίστη
2681 4722 2695 4737 .
2755 4680 2816 4736 Ἡ
2889 4684 2991 4735 τοῦ
3063 4679 3348 4756 Τορνικίου
3423 4676 3472 4734 δ’
3537 4683 3602 4750 ἦν
3663 4679 3803 4752 αὕτη

389 4775 558 4825 terno
590 4771 719 4841 ejus
759 4774 1030 4844 cognato.
1065 4769 1173 4834 Qui
1204 4786 1339 4826 cum
1401 4769 1766 4826 Orestiadem
1806 4770 2015 4827 habita

2150 4768 2408 4840 Λέοντος,
2457 4769 2516 4830 ὃς
2570 4768 2840 4845 μητρόθεν
2886 4767 3022 4823 κατά
3066 4769 3220 4844 γένος
3259 4774 3506 4842 προσῆκε
3559 4773 3640 4840 τῷ
3701 4769 3810 4824 αὐτο

387 4862 478 4912 ret
504 4858 612 4929 (sic
643 4857 798 4914 enim
831 4858 971 4914 olim
1011 4857 1428 4930 Adrianopolis
1476 4857 1771 4930 appellata
1821 4863 1914 4915 est
1966 4858 2015 4913 al

2150 4857 2464 4932 τοκράτορι.
2552 4857 2726 4920 Οὗτος
2805 4854 2988 4912 τοίνυν
3066 4857 3163 4926 τήν
3239 4855 3557 4932 Ὀρεστιάδα
3634 4855 3805 4912 οἰκῶν

391 4946 592 5003 Oreste
613 4947 1072 5020 Agamemnonis
1093 4946 1608 5020 ﬁlio),Macedones
1623 4947 2015 5004 habebatdict:

2151 4941 2325 5017 (οὕτω
2401 4943 2458 5000 δὶ
2531 4943 2702 5001 πάλαι
2759 4947 2795 5016 ἡ
2853 4943 3018 5008 πόλις
3076 4943 3325 5002 ἐκαλεῖτο
3381 4949 3480 5002 τοῦ
3537 4944 3808 5022 βασιλέως

1669 5122 1876 5185 Variae
1907 5121 2209 5184 lectiones
2236 5127 2298 5183 et
2325 5125 2512 5183 notae.

487 5265 576 5339 33)
607 5264 682 5320 Ού
711 5264 950 5339 μένμαοι.
973 5265 1135 5322 Alter
1165 5283 1233 5339 e;
1264 5266 1403 5339 Reg.
1430 5263 1789 5339 xqipévgoz.

2152 5265 2316 5339 misit
2345 5281 2497 5339 anno
2530 5265 2688 5322 1034.
2719 5265 3038 5324 Historiam
3072 5271 3314 5339 narrant
3351 5267 3463 5324 Leo
3493 5265 3805 5330 Ostiensis.

489 5334 600 5414 311)_
639 5334 876 5414 Μιχαὴλ
919 5337 960 5414 _6
1012 5334 1415 5414 Κηρουλάριός.
1479 5334 1585 5414 Hie
1639 5336 1874 5414 ille_est
1940 5354 2015 5410 qu

2153 5337 2564 5414 lib._u,_Chrcn.
2586 5341 2776 5395 ϐοείη.
2802 5356 2930 5412 cap.
2951 5339 3039 5406 89,
3065 5345 3122 5394 et
3155 5338 3252 5414 alii
3273 5340 3591 5414 scriptores
3605 5355 3802 5414 rerum

389 5409 888 5484 virus'hcreaens
916 5410 974 5464 in
1009 5409 1394 5484 apostoliCam
1426 5409 1624 5484 sedem
1658 5409 1854 5484 aerius
1907 5409 2040 5484 evo-
2152 5409 2715 5484 ecclesiasticarum,
2746 5428 2814 5484 ac
2844 5409 2958 5484 p'raa
3007 5410 3234 5484 caeteris
3277 5409 3596 5484 cardinalis
3636 5411 3805 5484 Baro-

391 5483 544 5539 muit
566 5489 698 5552 post
717 5482 1013 5548 Photium,
1042 5480 1176 5554 cum
1195 5483 1264 5554 ad
1286 5480 2038 5554 conciliandamEcclesiam
2149 5482 2306 5549 nius,
2335 5487 2392 5538 et
2421 5487 2532 5539 Leo
2587 5480 2862 5554 Allatius,
2905 5483 2981 5554 in,
3024 5483 3324 5540 dissertet.
3386 5500 3448 5540 ιι.
3506 5483 3582 5538 De
3636 5483 3801 5538 libris

392 5556 502 5628 Leo
533 5555 606 5610 IX
635 5555 894 5628 pontifex
933 5553 1350 5628 cancellarium
1409 5569 1585 5628 suum
1644 5553 2035 5628 Humbertum
2145 5555 2444 5610 ecclesia“.
2471 5558 2741 5627 Graecam,
2764 5561 2825 5612 et
2845 5553 2916 5612 in
2946 5553 3097 5612 libro
3121 5555 3199 5613 De
3224 5557 3509 5628 utriusque
3537 5554 3798 5612 Ecclesia:

393 5624 738 5698 episcopum
796 5625 958 5698 Silvas
1015 5626 1281 5698 Candidas
1337 5629 1396 5682 et
1448 5624 1686 5698 Petrum
1744 5625 2034 5698 archiepi-

392 5695 640 5772 scopum
679 5696 1164 5771 Amalphitanum
1205 5696 1423 5770 legatos
1452 5697 1526 5754 ad
1581 5695 2031 5756 Monomaohum

2144 5640 2428 5684 consensu.
