4036 6206
289 347 420 405 213

1593 345 2002 408 ANNALIUM
2051 347 2197 408 LIB.
2244 299 2430 411 XVII.

3596 345 3714 405 214

281 473 422 550 Ἀδρ
453 479 587 530 α.νοῦ
636 474 688 546 ἐξ
719 476 975 550 Ὀρέστου
1021 481 1120 531 τοῦ
1151 475 1588 553 Ἀγαμέμνονος)
1617 475 1745 538 τοὺς
1775 481 1925 534 Μακε

2039 537 2044 548 _
2076 481 2403 550 audientes,
2435 485 2719 552 tanquam
2754 479 2840 535 vir
2869 477 3239 551 praestantior
3268 475 3513 546 caeteris,
3565 477 3714 533 Nam

284 562 449 626 δόνας
499 565 616 640 εἶχε
661 565 1040 641 προσέχοντας
1088 565 1256 638 αὐτῷ,
1291 567 1364 628 ὡς
1413 564 1478 637 δή
1527 588 1630 620 τινι
1659 565 1950 642 κρείττονι.

282 655 383 710 Ἢν
430 655 534 729 γὰρ
584 655 612 707 ὁ
664 656 800 728 ἀνὴρ
861 651 984 708 οὔτε
1009 656 1072 710 τὸ
1105 653 1247 719 εἶδος
1279 655 1485 733 φαὸλος
1517 652 1640 710 οὔτε
1698 656 1760 710 τὸ
1819 656 1950 733 φρό-

281 763 457 814 νημα.
513 743 645 818 Εἶχε
703 741 759 797 δέ
809 765 861 798 τι
920 747 1009 799 καὶ
1061 743 1242 819 ἕτερον
1302 746 1348 816 ᾧ
1407 745 1541 820 πρὸς
1593 745 1778 799 ἑαυτὸν
1823 744 1949 807 τοὺς

281 831 580 894 πλείστους
641 831 942 906 ἐφείλκετο.
1000 834 1443 909 Ἐχρησμολόγει
1523 834 1623 910 γὰρ
1684 837 1716 903 ἠ
1787 836 1946 911 φήμη

275 923 409 994 περὶ
470 920 659 989 αὐτοῦ,
695 923 784 976 οἷα
837 918 895 976 δὲ
951 922 1071 996 περὶ
1133 919 1320 978 ἄλλων
1370 921 1582 997 λέγεται
1646 922 1842 996 μάτην,
1874 922 1948 985 ὡς

272 1013 389 1062 τῶν
449 1011 774 1082 Ῥωμαϊκῶν
869 1011 1159 1085 σκήπτρων
1233 1008 1412 1065 ἴσοιτό
1471 1031 1605 1065 ποτε
1662 1009 1946 1087 ἐγκρατής.

269 1099 426 1172 Πρὸς
471 1098 529 1153 ’ὸν
581 1099 610 1153 6
667 1098 920 1174 βασιλευς
969 1096 1091 1154 οὔτε
1140 1100 1214 1162 ὡς
1258 1099 1404 1171 αὐτῷ
1446 1102 1796 1176 προσήκοντα
1836 1096 1947 1154 διε-

267 1187 514 1256 τέθειτο,
564 1187 709 1244 ἀλλᾶ
760 1188 940 1261 μέντοι
997 1190 1087 1243 καὶ
1140 1189 1492 1266 ἀπηχθάνετο
1543 1194 1622 1262 τῷ
1680 1187 1850 1265 ἀνδρί.
1883 1191 1946 1247 Ἥ

267 1273 329 1330 δὲ
395 1281 498 1331 τοῦ
554 1282 881 1350 κρατοῦντος
929 1277 1184 1352 ὁμαίμων
1246 1281 1279 1349 ἡ
1347 1279 1629 1353 Εύπρεπία
1685 1280 1946 1352 ᾠκειοῦτό

265 1386 326 1419 τε
361 1365 457 1419 καὶ
492 1362 758 1438 ἐδεξιοῦτο
816 1365 1000 1438 αὐτὸν,
1035 1368 1173 1442 γυνή
1226 1369 1446 1443 γενναία
1499 1389 1561 1422 τε
1601 1368 1690 1423 καὶ
1748 1381 1946 1440 στάθη-

267 1459 485 1528 ροτάτη
543 1455 607 1508 τὸ
666 1455 944 1533 φρόνημα,
985 1456 1076 1510 καὶ
1137 1456 1214 1520 εἷς
1267 1456 1448 1533 τύχης
1502 1455 1737 1512 ἐλάσασα
1794 1477 1945 1534 περι-

269 1543 507 1620 φάνειαν
568 1543 658 1598 καὶ
708 1544 782 1606 εἷς
833 1542 1078 1600 πλούτου
1127 1540 1430 1619 δαψίλειαν.
1465 1547 1534 1603 Ἢ
1589 1551 1668 1618 τῷ
1725 1544 1946 1625 ἀδελφῷ

266 1631 540 1707 στερκτέα
589 1632 688 1687 οὐκ
728 1633 816 1704 ἦν,
847 1629 1144 1704 ηύλαϐεῖτο
1195 1633 1242 1690 δ’
1290 1634 1458 1705 αὐτὴν
1508 1632 1599 1690 διὰ
1644 1634 1706 1690 τὸ
1755 1637 1942 1712 περιὸν

264 1729 379 1790 τῆς
442 1725 780 1799 φρονήσεως.
813 1723 876 1777 Ἡ
925 1720 984 1777 δὶ
1035 1725 1109 1796 μή
1167 1745 1317 1786 τινος
1364 1723 1414 1795 έξ
1465 1723 1677 1779 ἐκείνου
1734 1726 1943 1801 τυγχά-

258 1830 444 1864 νουσα
501 1815 611 1865 τῶν
666 1809 953 1884 μειζόνων,
988 1808 1112 1867 οὔτε
1167 1814 1425 1888 συχνάκις
1482 1813 1632 1886 αὐτῷ
1687 1814 1939 1888 προσῄει,

255 1899 356 1953 καὶ
451 1899 835 1974 ὑπερηφάνως,
895 1901 984 1955 ὅτε
1065 1900 1470 1975 προσελήλυθε,
1546 1903 1927 1980 προσεφέρετο,

259 1985 642 2062 διελέγχουσά
691 2009 750 2042 τε
806 1988 896 2043 καὶ
948 1987 1308 2059 ἆνειδίζουσα.
1357 1989 1421 2048 Ei
1473 1987 1519 2044 δ’
1576 1990 1660 2045 ἐπὶ
1714 1991 1930 2054 τούτοις

258 2077 504 2152 ἑωράκει
551 2078 642 2132 τὸν
702 2075 934 2155 ἀδελφὸν
997 2078 1378 2154 ὀργιζόμενον,
1436 2077 1785 2135 ἆπεδυσπέτει
1833 2102 1928 2135 κα-

256 2171 708 2244 ταφρονητικῶς.
767 2168 942 2242 Ὁρῶν
1011 2165 1101 2222 οὗν
1158 2169 1260 2238 τὴν
1315 2169 1452 2240 πρὸς
1504 2170 1595 2224 τὸν
1649 2169 1927 2244 Τορνίκιοθ

258 2262 369 2325 τῆς
418 2253 664 2332 ἀδελφῆς
721 2257 749 2310 6
802 2255 1055 2331 βασιλεὺς
1117 2256 1471 2332 γνησιότητα,
1525 2258 1808 2314 ὑπώπτευέ
1871 2279 1930 2314 τε

260 2343 363 2397 καῖ
423 2342 768 2416 ἐμηνία,καῖ
823 2342 914 2399 ’ίνα
965 2345 1155 2422 πὸῥρω
1208 2344 1474 2417 ἀλλήλων
1509 2353 1652 2411 θεῖτο
1710 2346 1928 2418 αὐτοὺς,

259 2429 374 2485 τῶν
431 2431 484 2486 έν
544 2427 760 2508 Ἴϐηρσι
808 2437 874 2506 τῇ
906 2434 1192 2508 Ῥωμαίων
1246 2435 1512 2512 ἡγεμονίᾳ
1566 2432 1925 2514 διαφερόντων

258 2520 416 2592 αὖτῷ
501 2519 640 2590 τῆν’
688 2522 868 2598 ἀρχὴν
955 2523 1260 2595 ἀνατίθησι,
1346 2525 1928 2600 κατεσχηματισμένην

260 2611 651 2685 εὐπροσώπως
735 2611 1024 2688 ὑπερορίαν
1125 2612 1288 2668 αὐτοῦ
1386 2615 1926 2692 καταψηφισάμενος.

261 2698 368 2752 Καὶ
432 2699 462 2753 6
525 2699 620 2771 μὶν
676 2697 941 2769 ἀπῆλθεψ
974 2702 1009 2771 ἡ
1070 2699 1128 2756 δέ
1181 2723 1244 2777 γε
1299 2704 1457 2780 φήμη
1509 2704 1544 2774 ἢ
1593 2702 1729 2778 πρὸς
1792 2705 1929 2778 μέγα

258 2787 448 2863 τύχης
482 2787 642 2842 αὐτὸν
693 2787 875 2864 ἐξῆρεν
917 2789 969 2844 ἐν
1017 2788 1226 2845 ἐλπίσιν
1278 2790 1377 2846 οὐκ
1418 2786 1605 2867 ἔληγε.
1639 2792 1737 2846 Καί
1782 2814 1924 2857 τινες

262 2876 323 2931 ἐκ
377 2876 578 2932 τούτου
626 2877 720 2931 τὸν
777 2874 945 2954 ἄνδρα
994 2879 1131 2954 πρὸς
1175 2879 1266 2934 τὸν
1324 2878 1548 2954 βασιλέα
1608 2876 1922 2939 διέϐαλλον.

255 2966 320 3023 Ὁ
383 2962 444 3020 δὲ
498 2970 618 3028 τοῖς
677 2963 865 3042 λόγοις
915 2967 1128 3029 τούτοις
1171 2970 1270 3038 τὴν
1314 2969 1540 3043 γνώμην
1603 2967 1922 3034 διασεισθεὶς

266 3053 490 3110 στέλλει
546 3054 635 3109 καὶ
695 3053 861 3132 κείρει
915 3056 1008 3130 μὲν
1064 3058 1162 3126 τὴν
1212 3058 1394 3130 κόμην
1464 3063 1544 3130 τῷ
1619 3059 1920 3136 Τορνικίῳ,

264 3143 565 3220 συγκείρειν
636 3143 781 3216 αὖτῷ
835 3151 954 3207 ταῖς
1011 3145 1149 3221 θριξὶ
1205 3147 1294 3201 καὶ
1345 3147 1441 3209 τὰς
1475 3145 1697 3210 ἰλπίδας
1730 3148 1920 3223 οἰόμε-

257 3254 370 3300 νος,
408 3231 580 3308 ῥάκος
641 3230 699 3287 δὲ
761 3231 928 3306 μέλαν
980 3234 1137 3290 αὐτὸν
1175 3235 1514 3312 ἀμφιέννυσι,
1551 3241 1744 3315 ζοφοῦν
1776 3238 1924 3311 αὐτῷ
1953 3223 1996 3290 Ο

261 3322 511 3393 νομίζων
563 3320 801 3386 ἰντεῦθεν
855 3324 956 3393 τὴν
1026 3321 1490 3399 προσδοκωμένην
1572 3333 1671 3396 τῆς
1745 3325 1922 3403 τύχης

264 3409 660 3483 λαμπρότητα,
720 3410 866 3466 οὕτω
938 3408 981 3466 δ’
1035 3412 1393 3470 ἐπανελθόντα
1452 3415 1580 3488 μήτ’
1636 3415 1922 3491 οἰκτείρας,

263 3498 415 3554 ἀλλᾶ
474 3497 567 3554 καί
623 3497 991 3576 ἐπικαγχάσας
1045 3502 1270 3580 ἀφῆκεν.
1305 3504 1373 3561 Οἱ
1422 3501 1478 3558 δέ
1533 3525 1593 3580 γε
1621 3502 1922 3567 Μακεδόνες

262 3591 408 3662 (311')
471 3588 564 3642 καὶ
618 3588 835 3664 πρώην,
869 3591 944 3654 ὡς
1001 3587 1232 3665 εἴρηται,
1264 3593 1645 3666 προσκείμενοι
1697 3599 1776 3666 τῷ
1832 3595 1922 3649 ἀν-

265 3674 374 3751 δρὶ,
409 3676 504 3731 καὶ
562 3678 808 3754 χρηστὰς
863 3676 1091 3742 ἐλπίδας
1151 3679 1233 3735 ἐπ’
1281 3681 1428 3754 αὐτῷ
1475 3680 1796 3751 θάλποντες,
1828 3705 1922 3738 νυ-

264 3767 392 3829 κτὸς
425 3767 588 3822 αὐτὸν
619 3767 1034 3843 ὑπεξαγαγόντες
1061 3776 1162 3840 τῆς
1208 3768 1489 3846 βασιλίδος
1533 3777 1640 3827 τῶν
1687 3769 1922 3847 πόλιων,

270 3853 320 3917 ἰς
349 3857 455 3924 τὴν
489 3857 668 3911 αὐτῶν
708 3857 1050 3932 μητρόπολιν
1096 3858 1311 3934 ἄγουσιν
1358 3859 1518 3914 αὐτὸν
1573 3861 1672 3930 τὴν
1703 3859 1924 3938 Ἀδρια-

266 3944 683 4015 νούπολιν,καὶ
741 3944 776 4015 ἢ
819 3944 1030 4021 σπουδῇ
1087 3952 1195 4002 τῶν
1254 3950 1716 4024 προστεθειμένων
1777 3950 1924 4024 αὐτῷ

267 4033 408 4110 ταχὺ
463 4035 533 4089 τὰ
586 4033 764 4089 πλείω
817 4040 924 4090 τῶν
977 4038 1392 4112 στρατευμάτων
1464 4035 1574 4093 ἐκεῖ
1634 4039 1922 4116 συνηθροί-

272 4135 499 4195 σθησαν,
530 4121 567 4192 ἢ
597 4123 688 4178 καὶ
751 4124 892 4197 μίσει
949 4130 1030 4198 τῷ
1080 4126 1216 4202 πρὸς
1273 4127 1364 4180 τὸν
1405 4126 1795 4202 αὐτοκράτορα.
1828 4128 1925 4183 Διά

266 4233 416 4276 τινας
475 4213 581 4289 γὰρ
637 4212 812 4276 αίτίας
867 4211 979 4270 οὔτ’
1027 4214 1230 4278 ἐκεῖνος
1287 4212 1473 4280 καλῶς
1499 4222 1617 4279 τοῖς
1665 4218 1924 4293 στρατιώ-

265 4322 382 4364 ταις
443 4300 738 4376 ἐκέχρητο,
799 4301 945 4359 ana
1018 4304 1108 4360 καὶ
1181 4305 1412 4379 ὑποψίας
1494 4306 1752 4382 ὑπέτρεφε
1807 4309 1923 4363 κατ’

266 4389 469 4458 αὐτῶν,
516 4391 756 4446 κάκεῖνοι
815 4389 904 4447 διὰ
955 4396 1124 4448 ταῦτα
1169 4393 1304 4468 πρὸς
1363 4392 1527 4470 ἔχθος
1582 4397 1698 4450 κατ’
1756 4397 1923 4451 αὐτοῦ

261 4479 612 4554 ἠρεθίζοντο.
665 4481 754 4542 Ὦς
807 4478 851 4536 δ’
899 4480 989 4537 οὗν
1064 4481 1446 4559 συνελέγησαν,
1497 4483 1771 4561 εὐφημίας
1825 4485 1922 4540 αύ-

2063 588 2250 642 usque
2280 570 2426 626 facie
2457 586 2645 641 neque
2675 568 2910 641 ingenio
2943 571 3067 623 erat
3116 567 3540 622 contemnendo
3572 582 3584 620 :
3632 565 3715 620 in-

2061 669 2185 716 erat
2213 662 2264 716 ei
2294 662 2473 716 etiam
2506 659 2662 716 aliud
2698 658 3166 731 quiddam,quod
3199 656 3467 711 homines
3499 655 3716 711 allicie~

2060 751 2177 806 bat.
2211 756 2383 806 Fama
2405 752 2564 806 enim
2596 756 2813 805 temere
2834 749 2902 803 de
2925 747 3124 816 illo,ut
3149 747 3220 802 de
3250 746 3403 816 aliis,
3437 744 3713 800 vaticina-

2059 840 2381 907 batur,fore
2416 845 2478 893 ut
2503 837 2782 893 Romanis
2815 836 3062 907 sceptris
3078 835 3716 906 potiretur.lmperator

2061 944 2195 982 vero
2232 943 2344 981 non
2380 926 2550 980 modo
2587 943 2700 980 non
2731 940 2870 996 erga
2897 921 3711 994 eum,utcognatumatfectus

2059 1015 2191 1081 fuit,
2223 1016 2324 1072 sed
2357 1021 2415 1070 et
2445 1014 2576 1070 odio
2609 1030 2743 1068 eum
2794 1017 3136 1085 persecutus
3168 1016 3277 1066 est.
3303 1010 3517 1065 Contra
3547 1025 3714 1065 soror

2057 1104 2218 1160 illius
2249 1104 2541 1176 Euprepia
2570 1102 2760 1158 virum
2792 1101 2904 1156 sibi
2935 1106 2993 1156 et
3023 1098 3372 1156 conciliabat
3404 1101 3460 1153 et
3493 1096 3712 1169 ample-

2053 1195 2345 1259 ctebatur,
2375 1208 2660 1266 generosa
2703 1194 2974 1246 matrona
3022 1188 3428 1259 constantique
3486 1186 3704 1258 animo,

2055 1283 2128 1338 ad
2157 1281 2448 1338 illustrem
2480 1282 2775 1338 fortunam
2808 1283 2864 1336 et
2892 1295 3071 1351 opum
3104 1277 3462 1332 afﬂuentiam
3483 1279 3703 1346 evecta,
3793 1315 3796 1318 -

2056 1389 2127 1427 ne
2161 1373 2290 1444 ipsa
2320 1372 2557 1442 quidem
2589 1371 2749 1425 fratri
2777 1368 2973 1438 chara,
3021 1367 3176 1439 quod
3236 1383 3364 1422 eam
3423 1365 3494 1420 ob
3562 1363 3703 1419 insi-

2054 1477 2228 1533 gnem
2263 1460 2633 1531 prudentiam
2663 1458 2991 1514 verebatur.
3047 1458 3182 1520 Qua:
3231 1471 3366 1511 cum
3419 1452 3566 1508 nihil
3627 1453 3698 1508 ab

2055 1550 2155 1606 illo
2187 1550 2569 1624 magnificum
2603 1551 3082 1618 consequeretur,
3117 1561 3305 1617 neque
3367 1543 3698 1614 frequenta-

2053 1640 2156 1695 bat
2185 1641 2429 1712 regiam,
2463 1639 2826 1710 superbeque
2848 1636 2980 1692 cum
3011 1652 3076 1692 eo
3099 1635 3329 1704 agebat,
3372 1633 3421 1688 si
3463 1632 3696 1704 quando

2054 1734 2400 1797 accesserat,
2430 1745 2564 1784 eum
2596 1743 2846 1798 arguens
2891 1730 2948 1781 et
2997 1725 3342 1797 objurgans,
3371 1726 3428 1778 et
3453 1723 3579 1792 ejus
3628 1721 3700 1777 ob

2055 1818 2154 1874 illa
2180 1819 2549 1875 iracundiam
2582 1833 2682 1889 per
2712 1819 3114 1886 contemptum
3146 1812 3380 1869 silentio
3416 1809 3701 1868 dissimu-

2049 1906 2204 1964 lans.
2245 1908 2566 1979 Imperator
2586 1923 2718 1962 vero
2739 1904 3034 1960 sincerum
3067 1902 3236 1958 illum
3293 1901 3513 1957 sororis
3563 1915 3701 1971 erga

2038 1997 2377 2052 Tornicium
2419 1993 2958 2066 affectamgraviter
3002 1992 3361 2064 molesteque
3384 1991 3598 2057 ferens,
3633 1993 3698 2044 ut

2036 2101 2136 2141 eos
2165 2085 2336 2158 longe
2367 2087 2720 2158 sejungeret,
2743 2083 3082 2138 Tornicium
3114 2081 3380 2138 Iberibus
3411 2080 3686 2134 Romanae

2040 2175 2280 2231 ditionis
2313 2175 2584 2248 praefecit,
2616 2172 2967 2243 relegatione
2988 2171 3251 2244 specioso
3280 2168 3451 2225 titulo
3473 2169 3680 2224 obum-

2037 2265 2223 2321 brata.
2281 2267 2427 2322 Cum
2480 2267 2660 2338 igitur
2706 2263 2804 2320 ille
2859 2264 3072 2330 abiret,
3131 2266 3188 2318 et
3218 2261 3374 2316 fama
3404 2275 3538 2314 eum
3572 2273 3676 2329 spe

2038 2371 2266 2427 magna;
2296 2356 2539 2410 fortuna:
2571 2353 2846 2425 prosequi
2881 2369 2994 2408 non
3026 2350 3334 2406 desisteret
3367 2365 3381 2405 :
3441 2346 3682 2418 quidam

2035 2444 2174 2500 inde
2204 2459 2410 2500 ansam
2458 2443 2831 2515 arripuerunt
2878 2445 3006 2512 ejus
3057 2440 3213 2511 apud
3269 2439 3684 2508 imperatorem

2037 2532 2460 2589 calumniandi.
2493 2531 2751 2596 Quorum
2784 2531 2976 2588 verbis
3008 2532 3338 2608 commotus
3387 2524 3485 2581 ille
3549 2525 3685 2580 Tor-

2036 2623 2189 2679 nioio
2219 2638 2447 2679 comam
2479 2622 2701 2690 tondet,
2752 2637 2815 2676 se
2855 2635 3019 2691 spem
3095 2619 3224 2688 ejus
3285 2633 3403 2671 una
3475 2615 3680 2670 deton-

2034 2729 2242 2768 surum
2273 2716 2458 2782 ratus,
2493 2710 2842 2782 nigramque
2888 2708 3182 2764 lacernam
3242 2703 3454 2770 induit,
3513 2701 3683 2774 quasi

2035 2816 2101 2857 eo
2123 2799 2312 2857 colore
2355 2804 2688 2870 exspectato
2728 2797 2814 2852 illi
2862 2797 3106 2853 fortunas
3157 2791 3459 2866 splendori
3517 2795 3683 2846 tene-

2033 2891 2172 2946 bras
2201 2890 2520 2946 oli‘usurus.
2535 2888 2621 2943 Ita
2633 2902 2927 2942 reversum
2951 2886 3093 2941 adeo
3111 2887 3328 2939 nonest
3348 2881 3682 2945 miseratus,

1985 3048 1995 3056 _
2034 2983 2100 3036 ut
2131 2979 2413 3035 cachinno
2446 2977 2622 3033 etiam
2655 2981 3002 3048 prosecutus
3033 2973 3113 3030 sit
3141 2968 3682 3028 abeuntem.Enim-

2032 3085 2164 3124 vero
2192 3068 2535 3123 Macedones
2566 3066 2728 3138 prius
2763 3064 2960 3130 etiam,
3005 3067 3070 3117 ut
3126 3061 3351 3117 dictum
3428 3061 3540 3124 est,
3599 3055 3684 3111 illi

2033 3156 2270 3224 addicti,
2297 3172 2362 3211 ac
2391 3156 2538 3211 bene
2559 3155 2629 3210 de
2660 3169 2727 3210 eo
2757 3156 3085 3223 lsperantes
3129 3165 3264 3205 eum
3314 3148 3468 3205 252
3509 3150 3684 3202 noctu

2033 3262 2102 3302 ex
2131 3247 2275 3300 urbe
2295 3243 2664 3316 imperatrice
2686 3242 2744 3296 in
2775 3239 3143 3312 metropolim
3176 3255 3346 3294 suam
3395 3235 3683 3292 Adriano-

2035 3334 2215 3406 polim
2256 3333 2579 3397 abducunt,
2630 3331 2730 3386 ubi
2777 3346 2881 3386 seu
2932 3330 3230 3384 fautorum
3286 3327 3414 3397 ejus
3463 3324 3684 3392 studio,

2035 3423 2292 3478 maxima
2322 3438 2457 3493 pars
2487 3419 2850 3476 exercituum
2881 3416 3280 3473 convenit:seu
3311 3411 3684 3485 imperatoris

2035 3513 2190 3581 odio,
2249 3512 2348 3582 qui
2405 3511 2477 3566 ob
2526 3525 2736 3565 causas
2783 3509 3070 3578 quasdam
3101 3504 3317 3560 milites
3376 3518 3492 3557 non
3533 3502 3683 3558 bene

2031 3603 2331 3667 tractarat,
2365 3603 2423 3654 et
2453 3603 2756 3669 suspectos
2789 3595 3062 3659 habebat,
3094 3594 3250 3649 unde
3297 3590 3417 3646 illis
3453 3589 3680 3645 invisus

2033 3706 2164 3746 esse
2194 3691 2465 3760 ccsperat.
2500 3685 2711 3741 Statim
2745 3684 2928 3756 igitur
2957 3682 3077 3737 illic
3106 3680 3428 3752 congressi,
3482 3677 3681 3733 Torni-

2034 3778 2190 3835 cium
2223 3777 2432 3832 faustis
2462 3773 2987 3832 acclamationibus
3019 3769 3332 3844 prosecuti,
3362 3769 3678 3840 imperato-

2033 3885 2156 3924 rem
2189 3865 2653 3922 consalutarunt.
2674 3863 2779 3919 Hic
2796 3863 3110 3931 vero,citra
3139 3875 3363 3915 moram
3391 3874 3512 3914 rem
3545 3873 3680 3912 cum

2034 3975 2144 4014 sua
2176 3957 2426 4012 factione
2472 3969 2811 4027 aggressus,
2859 3951 3056 4007 subito
3113 3945 3681 4019 Constantinopolim

2032 4045 2272 4112 invadit,
2297 4060 2550 4116 cumque
2616 4041 2788 4098 multi
2819 4042 2892 4097 ad
2943 4056 3080 4095 eum
3145 4044 3268 4094 tam
3316 4038 3468 4093 cives
3503 4052 3684 4107 quam

2033 4135 2250 4191 milites
2271 4133 2648 4201 conﬂuerent,
2673 4132 2734 4186 in
2765 4147 2928 4204 spem
2957 4129 3327 4202 ierigebatur,
3387 4125 3686 4182 neminem

2035 4225 2155 4280 fore
2205 4223 2305 4294 qui
2349 4222 2462 4278 sibi
2496 4221 2770 4277 resistere
2818 4220 3081 4288 auderet,
3126 4217 3228 4272 sed
3278 4216 3432 4272 cives
3485 4219 3684 4288 portas

2033 4312 2197 4368 urbis
2228 4312 2423 4384 potius
2451 4327 2567 4366 non
2612 4309 2898 4383 gravatim
2958 4311 3285 4381 aperturos,
3341 4309 3469 4360 tum
3528 4303 3684 4374 quod

2034 4399 2356 4458 Orientales
2407 4399 2698 4455 exercitus
2757 4395 2928 4454 bellis
2975 4395 3056 4452 ibi
3103 4393 3374 4468 gerendis
3395 4390 3684 4464 occupati,

2033 4495 2161 4546 tum
2218 4489 2370 4560 quod
2416 4487 2571 4543 cives
2621 4485 2958 4559 imperatori
3010 4485 3144 4540 irati
3201 4485 3421 4550 essent,
3470 4497 3504 4535 a
3569 4495 3683 4550 quo

258 4570 384 4624 τίκα
437 4567 733 4645 βασιλικῆς
777 4569 868 4626 καὶ
928 4570 1274 4648 ἀναρῥήσεως
1337 4571 1697 4643 κατηξίωσαν.
1758 4575 1814 4627 Ὀ
1865 4572 1921 4630 δὲ

2039 4578 2197 4635 aliter
2248 4593 2426 4649 quam
2476 4576 2691 4632 vellent
2737 4575 3112 4630 haberentur.
3172 4569 3525 4642 Hujumodi
3582 4584 3684 4639 spe

263 4657 356 4712 σὺν
409 4657 598 4721 αὐτοῖς
653 4658 807 4722 εὐθὺς
863 4658 1023 4735 ἔργου
1079 4657 1396 4736 εἷ’χετο,καί
1445 4659 1638 4738 ἀθρόον
1693 4666 1761 4737 τῇ
1816 4665 1918 4740 βα·

261 4747 558 4820 σιλευούσῃ
615 4747 889 4827 ἐπιφοιτᾷ,
943 4748 1034 4804 καί
1089 4750 1140 4803 οἱ
1192 4749 1469 4825 προσιόντι
1540 4753 1916 4830 προσεφοίτων

259 4835 471 4892 πολλοὶ
525 4837 617 4890 καὶ
672 4843 994 4912 στρατιῶται
1042 4838 1132 4893 καί
1189 4839 1430 4912 ἀστυκοὶ,
1481 4837 1729 4904 κάκεῖνος
1799 4847 1920 4906 ταῖς

261 4924 476 4980 ἆλπίσιν
533 4924 785 5000 ᾐώρητο,
815 4926 889 4989 ὡς
951 4923 1013 4981 οὕ
1060 4947 1212 4990 τινος
1260 4928 1406 5001 αὐτῷ
1437 4930 1914 5006 ἀντιστησομένου,

262 5014 408 5070 ἀλλᾶ
471 5011 688 5090 μᾶλλον
760 5016 1201 5072 ἄναπετασόντων
1279 5017 1425 5092 αὐτῷ
1501 5018 1734 5083 εὐπετῶς
1811 5026 1918 5077 τῶν

264 5104 460 5177 ἀστῶν,
493 5103 587 5158 καὶ
637 5104 732 5167 τὰς
785 5103 964 5168 πύλας
1011 5112 1110 5176 τῆς
1159 5105 1395 5179 πόλεως,
1444 5107 1527 5165 ὅτι
1576 5131 1635 5165 τε
1679 5111 1746 5166 τὰ
1774 5112 1920 5184 Ἑῷα

261 5191 644 5267 στρατεύματα
688 5193 962 5268 πολέμοις
1019 5193 1130 5250 έκεῖ
1183 5196 1638 5274 προσησχόλητο,
1687 5200 1777 5255 καὶ
1835 5200 1917 5256 ὅτι

2027 4668 2292 4733 inﬂatus,
2317 4671 2509 4722 castra
2553 4671 2687 4722 ante
2745 4664 2950 4720 urbem
3007 4661 3190 4734 ponit,
3237 4662 3684 4732 oppugnaturus

2027 4755 2298 4827 eam,nisi
2329 4755 2600 4811 alacriter
2629 4755 2740 4810 reci
2749 4758 2945 4826 peretu
2957 4752 3178 4807 r.Mane
3201 4749 3382 4820 igitur
3396 4747 3686 4802 instructa

2029 4846 2150 4902 acie
2181 4846 2248 4899 ad
2280 4845 2494 4899 moenia
2525 4844 2689 4898 urbis
2719 4843 2876 4898 circa
2907 4840 3260 4896 Blachernas
3309 4852 3680 4910 progressus,

2025 4939 2226 5006 portas
2259 4933 2472 5004 aperiri
2523 4931 2633 4987 sibi
2665 4931 2827 5004 petit,
2880 4929 3157 4985 cuctodes
3208 4928 3280 4984 ad
3340 4928 3396 4982 id
3457 4926 3686 4982 facinus

2028 5022 2254 5094 magnis
2285 5020 2809 5094 pollicitationibus
2843 5019 3117 5075 invitans.
3154 5017 3259 5083 Qui
3287 5033 3420 5073 cum
3449 5032 3584 5072 eum
3631 5019 3689 5071 et

2027 5113 2393 5186 negligerent
2470 5112 2709 5184 penitus
2781 5115 2838 5167 et
2920 5108 3262 5165 deriderunt
3316 5111 3372 5164 et
3428 5105 3688 5163 dicteriis

2029 5203 2416 5272 incesserent,
2481 5200 2992 5274 ﬁoppugnationem
3042 5197 3298 5254 inchoat.
3369 5197 3692 5268 Imperator

1563 5337 1766 5399 Variae
1795 5338 2100 5401 lectiones
2121 5345 2183 5400 et
2211 5345 2401 5401 notae.

270 5529 284 5544 .
334 5461 474 5544 (ἓξ)
536 5460 605 5518 Oi
647 5457 705 5544 δέ
749 5460 1184 5544 γειῇαικεδόνες.
1221 5467 1572 5544 _An0nymus
1650 5471 1921 5529 Barensis

269 5532 329 5588 in
359 5532 577 5605 Chron.
613 5550 626 5590 :
659 5532 775 5592 An.‘
825 5537 982 5605 1958,
1040 5537 1158 5593 ind.
1211 5539 1265 5604 1,
1345 5532 1631 5599 rebellavit
1699 5544 1924 5600 Torniki

272 5619 394 5689 (iam
423 5604 758 5689 ΔΠειμςεάοηξε
802 5616 854 5665 ει
880 5604 1110 5689 Bolano
1135 5625 1494 5689 consocraneo
1530 5630 1648 5682 suo,
1671 5618 1924 5688 perrexit

280 5676 829 5752 Constantinopolim,
858 5687 916 5738 ut
941 5682 1148 5755 faceret
1186 5698 1242 5741 se
1271 5676 1684 5756 imperatorem:
1711 5689 1924 5762 Argyro

2030 5473 2304 5542 magistro
2331 5475 2509 5529 exivit
2530 5473 2630 5529 sub
2660 5478 2815 5528 nocte
2846 5485 2972 5524 cum
3001 5467 3306 5542 aliquantis
3352 5464 3583 5542 Frangat
3611 5470 3692 5542 _et

2033 5537 2258 5613 Grécis,
2290 5554 2344 5601 et
2370 5549 2626 5616 fecerunt
2674 5546 2727 5600 ei
2775 5542 3039 5616 damnant
3081 5537 3433 5616 _i_naximupz.
3488 5537 3698 5616 Posteri

2032 5609 2455 5689 comprehensus
2482 5622 2561 5673 est
2591 5618 2704 5688 ipse
2735 5612 2998 5689 Tomi/cici
3015 5628 3050 5667 a
3072 5610 3500 5689 Monongacho,et
3521 5609 3693 5682 jussit

2033 5681 2172 5747 eum'
2189 5703 2418 5763 cacare,
2450 5697 2504 5747 et
2532 5681 2761 5748 Bdtatzi
2788 5685 2981 5745 διεσαιί
2999 5690 3126 5740 sunt
3155 5681 3336 5742 ambo.
