4036 6206
308 380 425 439 215

1651 380 1974 444 JOANNIS
2021 383 2363 444 ZONAR/E

3601 384 3722 444 216

306 527 443 568 vero
476 527 610 567 cum
627 511 830 583 paucis
860 511 1148 569 militibus
1181 512 1518 582 urbaneque
1549 512 1950 584 multitudine,

2069 512 2152 568 καὶ
2185 516 2237 569 οἱ
2265 517 2365 584 τῆς
2411 517 2627 578 πόλεως
2657 513 2727 570 δι’
2759 515 2928 592 ὀργῆς
2982 515 3264 570 ἐποιοῦντο
3313 515 3404 569 τὸν
3459 513 3724 588 αὐτοκρά-

306 605 366 656 et
385 599 518 656 aliis
549 600 903 673 quibusdam
945 601 1086 656 viris
1117 605 1430 657 sanaturus
1482 601 1791 671 ministris,
1851 602 1950 674 qui

309 706 515 746 omnes
533 691 628 745 vix
660 689 1056 746 millenarium
1089 707 1397 746 numerum
1422 692 1752 763 explebant,
1797 708 1858 748 se
1881 691 1952 747 ad

309 779 710 836 defensionem
745 783 1086 852 paratzquos
1107 797 1237 835 cum
1264 797 1365 852 pro
1398 781 1690 837 moenibus
1722 781 1954 854 tyranni

311 867 600 924 militibus
622 869 1016 942 opposuisset,
1049 870 1299 942 putabat
1330 885 1391 925 se
1425 873 1703 926 terrorem
1752 872 1954 926 adver-

307 957 484 1014 sariis
507 957 922 1014 incussurum:
957 963 1133 1031 atque
1165 960 1289 1032 ipse
1313 959 1370 1012 in
1414 959 1664 1030 quodam
1709 960 1958 1032 impera-

304 1047 454 1102 torio
494 1046 750 1103 conclavi
785 1048 1153 1121 prominente
1211 1054 1346 1105 ante
1399 1054 1626 1118 cetera,
1682 1067 1786 1122 pro
1844 1067 1960 1105 ωας

294 1135 512 1206 jestate
535 1137 820 1203 consedit,
867 1142 930 1192 ut
965 1137 1159 1193 hostes
1191 1141 1249 1192 et
1296 1139 1537 1203 videret,
1589 1142 1645 1193 et
1695 1137 1954 1193 vicissim

303 1224 375 1279 ab
401 1225 471 1280 iis
501 1225 1170 1281 videretur.Macedones
1195 1243 1326 1282 vero
1353 1226 1956 1293 scnrrilitatiassueti,

300 1328 683 1395 conspectum
711 1322 1124 1394 imperatorem
1146 1325 1357 1396 partim
1372 1325 1564 1397 palam
1579 1325 1956 1381 contumeliis

298 1411 571 1468 insectati
619 1416 758 1468 sunt
806 1413 1020 1484 partim
1072 1415 1321 1470 cmtibus
1364 1413 1656 1470 institutis
1703 1415 1956 1470 comicas

301 1502 591 1574 quasdam
632 1501 955 1558 cantilenas
1032 1519 1098 1558 ex
1165 1508 1428 1576 tempore
1481 1504 1839 1571 cecinerunt,
1902 1507 1959 1558 et

301 1589 626 1662 saltarunt,
660 1591 910 1663 pedibus
944 1596 1157 1647 terram
1190 1592 1516 1664 pulsantes,
1573 1593 1958 1664 immissaque

302 1679 543 1734 cohorte
568 1679 626 1733 in
684 1696 781 1735 eos
815 1679 915 1750 qui
965 1685 1124 1735 extra
1175 1682 1388 1736 moenia
1435 1681 1645 1752 objecti
1694 1681 1954 1748 fuerunt,

304 1767 575 1824 homines
605 1770 818 1838 partim
876 1770 945 1824 ad
983 1775 1200 1840 portas,
1227 1769 1438 1841 partim
1471 1772 1540 1826 ad
1572 1771 1761 1826 fossas
1793 1787 1952 1826 com-

304 1857 606 1928 pulerunt,
639 1857 696 1912 in
722 1875 869 1929 quas
901 1859 1242 1930 praecipitati
1298 1859 1616 1928 perierunt,
1674 1864 1955 1932 tantaque
1987 1881 2034 1946 Β

299 1946 552 2002 formido
587 1947 828 2003 incessit
857 1947 1136 2002 omnibus
1161 1952 1224 2002 ut
1252 1949 1288 2002 ii
1325 1948 1499 2004 etiam
1524 1949 1623 2020 qui
1657 1949 1714 2004 in
1751 1950 1954 2004 moeni-

299 2034 410 2090 bus
441 2034 1042 2102 stabant,desilientes
1067 2036 1414 2107 fugerent,et
1437 2039 1535 2109 qui
1565 2037 1762 2094 aditus
1794 2039 1959 2094 urbis

297 2124 822 2192 custodiebant,ne
854 2125 1037 2196 portis
1069 2126 1308 2198 quidem
1333 2125 1551 2181 clausis
1583 2144 1645 2182 se
1668 2128 1956 2183 subduce-

296 2216 446 2270 rent.
477 2214 639 2279 Quod
685 2213 732 2269 si
772 2212 990 2269 bellum
1034 2213 1179 2269 illud
1212 2215 1402 2269 virum
1444 2216 1595 2271 253
1629 2215 1956 2284 habuisset,

303 2301 404 2374 qui
436 2303 519 2357 uti
552 2302 794 2358 victoria
827 2303 1057 2375 scisset,
1099 2302 1246 2358 nihil
1280 2304 1620 2369 Tornicium
1663 2305 1732 2360 ad
1797 2304 1959 2360 urbis

297 2391 568 2464 ingressu
599 2391 688 2446 vel
721 2393 1093 2448 exsecutione
1129 2398 1376 2448 conatus
1408 2393 1498 2449 sui
1537 2392 1958 2466 prohibuisset.

304 2489 416 2546 Sed
451 2505 580 2545 eam
611 2489 1000 2561 occasionem,
1036 2507 1169 2546 cum
1199 2490 1315 2546 Deo
1366 2489 1532 2547 aliter
1563 2494 1752 2546 visum
1785 2495 1960 2558 esset,

298 2583 592 2649 tyrannus
622 2579 843 2635 amisit.
894 2579 1219 2652 Imperator
1267 2585 1462 2636 tamen
1523 2579 1780 2652 periculo
1823 2597 1960 2652 pro-

301 2667 500 2724 ximus
522 2667 632 2722 fuit
661 2684 674 2724 :
703 2685 839 2723 nam
872 2668 1135 2739 quidam,
1168 2668 1387 2725 emissa
1415 2675 1622 2725 contra
1668 2669 1835 2725 illum
1867 2687 1960 2725 sa-

298 2756 670 2828 gitta,ipsum
701 2757 938 2829 quidem
970 2774 1086 2814 non
1121 2757 1372 2828 percutit
1401 2759 1501 2814 sed
1527 2758 1961 2816 adolescentem

303 2845 562 2900 cubiculi
603 2845 963 2914 ministrum,
989 2863 1054 2902 ac
1077 2863 1148 2902 ne
1176 2862 1311 2902 eum
1372 2847 1609 2919 quidem
1668 2847 1965 2904 letbaliter

301 2932 630 2990 vulneravit
684 2935 906 2990 Tamen
943 2935 1229 2992 satellites
1260 2935 1678 3007 territi,statim
1714 2955 1964 2994 recesse-

308 3027 465 3094 runt,
496 3027 553 3079 et
582 3023 707 3096 ipse
741 3024 1066 3096 imperator
1090 3041 1224 3081 cum
1282 3024 1427 3082 sella
1485 3025 1598 3082 alio
1639 3026 1996 3082 translatus'

301 3115 409 3168 est.
443 3111 738 3178 Tornicio,
770 3117 934 3168 tanta
955 3113 1622 3184 felicitateneglecta,res
1651 3115 1704 3170 in
1740 3121 1964 3170 contra-

304 3200 460 3256 rium
492 3201 683 3256 vertil.
731 3201 878 3257 Nam
939 3203 1081 3258 urbe
1132 3203 1323 3258 denuo
1371 3204 1657 3259 custodiis
1711 3204 1958 3272 munita,

300 3293 587 3362 tyrannus
619 3307 790 3346 mane
829 3308 1035 3347 rursus
1070 3291 1291 3364 impetu
1327 3292 1386 3347 in
1420 3292 1636 3348 mmnia
1668 3294 1842 3360 facto,
1875 3311 1961 3348 re-

302 3378 510 3450 pulsus
538 3387 650 3451 est,
686 3396 790 3436 nec
822 3379 1078 3436 multum
1111 3381 1322 3452 abfuit,
1355 3382 1498 3455 quin
1551 3383 1676 3454 ipse
1725 3382 1960 3455 periret.

307 3477 451 3533 Nam
484 3494 614 3533 cum
633 3494 701 3534 ex
737 3478 1011 3536 machina
1031 3497 1170 3536 saxa
1194 3479 1399 3536 talenti
1417 3481 1674 3552 pondere
1691 3479 1748 3534 in
1764 3480 1963 3536 hostes

305 3572 746 3636 excuterentur,
783 3586 968 3625 unum
1001 3575 1057 3626 et
1085 3569 1280 3642 ipsum
1313 3569 1626 3640 directum,
1678 3571 1966 3626 aberravit

318 3653 466 3711 illud
497 3657 758 3729 quidem,
783 3659 882 3714 sed
911 3663 968 3715 et
998 3658 1112 3731 ipsi
1141 3663 1195 3716 et
1226 3659 1579 3716 satellitibus
1609 3659 1739 3730 ejus
1789 3663 1966 3715 terro-

319 3760 443 3800 rem
475 3745 748 3813 incussit,
782 3753 846 3803 ut
875 3748 1161 3819 dissipata
1191 3749 1338 3817 acie,
1377 3750 1435 3804 in
1478 3753 1672 3804 castra
1727 3747 1966 3814 reversi,

318 3835 390 3889 ab
423 3836 858 3908 oppugnatione
887 3837 1254 3893 desisterent.
1288 3837 1497 3892 Paucis
1519 3837 1702 3909 igitur
1759 3835 1965 3892 diebus

315 3920 399 3977 ibi
433 3928 856 3993 commoratus,
888 3941 1023 3980 cum
1053 3943 1084 3982 e
1117 3927 1245 3983 suis
1276 3925 1424 3982 alios
1446 3925 1517 3981 ad
1552 3927 1965 3998 imperatorem

315 4009 582 4078 deﬁcere,
615 4011 760 4067 alios
819 4012 1074 4085 dispergi
1103 4019 1160 4069 et
1190 4013 1466 4084 aufugero
1503 4013 1740 4070 videret-
1763 4013 1968 4069 relicta

311 4097 476 4155 urbis
506 4099 830 4171 obsidione,
861 4102 1102 4158 castella
1133 4103 1396 4159 Thraciae
1428 4119 1491 4158 se
1523 4102 1690 4159 facile
1721 4119 1967 4175 occupa-

311 4189 514 4243 turum
556 4193 738 4260 ratus,
771 4191 841 4246 ab
876 4189 992 4246 illis
1021 4207 1252 4264 quoque
1283 4190 1556 4263 repulsus
1588 4196 1698 4246 est.
1739 4192 1965 4246 Interea

313 4277 491 4349 copiae
522 4277 845 4336 Orientales
876 4285 1150 4338 revocatas
1182 4281 1418 4349 adsunt,
1451 4286 1509 4336 et
1535 4285 1738 4336 contra
1765 4285 1962 4352 tyran-

313 4382 455 4421 num
471 4367 936 4435 mittuntur.Quo
951 4369 1296 4426 defectionis
1308 4369 1450 4425 socii
1467 4367 1839 4441 cognito,sihi
1853 4383 1967 4422 me-

307 4459 701 4526 tuentes,cum
724 4457 1106 4515 Orientalium
1128 4475 1362 4530 quoque
1393 4460 1510 4513 dux
1540 4463 1733 4514 castra
1785 4473 1963 4529 prope

306 4543 441 4600 illos
471 4548 778 4617 potuisset,
811 4552 869 4603 et
896 4546 1044 4604 alios
1077 4547 1409 4619 colloquiis,
1434 4547 1580 4602 alios
1607 4545 1818 4602 litteris
1850 4547 1961 4600 im-

2061 623 2214 679 τορα,
2247 605 2319 666 ὡς
2377 601 2444 675 δή
2502 627 2554 659 τι
2611 605 2687 678 μὴ
2743 605 2882 660 κατᾶ
2929 605 3157 681 γνώμην
3201 603 3384 667 αὐτοῖς
3411 602 3722 680 προσφερό-

2065 713 2246 765 μενον.
2316 694 2607 758 Τοιαύταις
2694 693 2784 749 οὐν
2855 693 3229 768 αίωρούμενος
3308 697 3427 756 ταῖς
3509 690 3718 758 ἐλπίσι,

2063 789 2536 864 στρατοπεδεύεται
2615 793 2718 868 πρὸ
2803 799 2904 861 τῆς
2990 787 3208 852 πόλεως
3242 833 3256 860 ,
3326 787 3721 864 πολιορκήσων

2065 876 2254 952 αὐτὴν,
2287 881 2332 934 εἰ
2384 883 2458 954 μή
2513 878 2732 956 δέχοιτο
2781 880 2944 935 αὐτὸν
2992 878 3337 953 δτοιμότατα.
3370 879 3574 936 ’Ἑωθεν
3625 875 3721 931 οὖν

2065 968 2518 1043 παραταξάμενος,
2569 969 2657 1023 καὶ
2716 969 2892 1044 ἀγχοῦ
2953 966 3050 1023 τοῦ
3103 963 3404 1042 περιϐόλου
3457 972 3560 1036 τῆς
3617 965 3721 1020 πό-

2067 1054 2207 1118 λεως
2249 1059 2486 1134 γεγονὼς
2535 1058 2658 1135 περὶ
2707 1058 2799 1121 τὰς
2853 1057 3190 1134 Βλαγέρνας,
3251 1056 3458 1128 ἀνοῖξαί
3518 1056 3568 1111 οἱ
3625 1056 3724 1117 τὰς

2065 1145 2241 1209 πύλας
2273 1147 2427 1219 ἠξίου
2455 1147 2583 1210 τούς
2614 1137 2787 1216 ἔνδον,
2825 1146 3147 1223 ὑποσχέσεσι
3178 1145 3404 1210 τούτους
3433 1145 3569 1222 πρὸς
3617 1145 3719 1214 τήν

2065 1236 2253 1310 πρᾶξιν
2335 1235 2758 1313 παραθαρρύνων
2849 1233 3155 1311 λαμπραῖς.
3233 1239 3359 1294 Τῶν
3443 1232 3502 1290 δὲ
3585 1231 3723 1308 μηδ’

2066 1323 2536 1404 ἐπιστρεφομένων
2595 1325 2782 1398 αὐτοῦ,
2837 1325 2982 1380 ἀλλά
3027 1327 3114 1380 καὶ
3177 1323 3578 1399 χλευαζόντων,
3631 1323 3726 1378 καὶ

2064 1413 2200 1487 πρὸς
2272 1412 2472 1469 ἐκεῖνον
2547 1413 3041 1486 ἀποσκωπτόντων,
3095 1412 3365 1489 ιπεχείρει
3420 1416 3489 1486 τῇ
3547 1432 3727 1488 προσ-

2066 1496 2230 1576 ϐολῇ.
2280 1502 2789 1578 Ἀντιπαρετάττετο
2839 1500 2895 1558 δὶ
2929 1502 3019 1558 καὶ
3060 1504 3088 1559 ὁ
3143 1501 3418 1580 βασιλεὺς,
3452 1502 3724 1578 στρατιώ-

2064 1612 2178 1652 ταις
2227 1589 2435 1668 ὀλίγοις
2479 1591 2569 1647 καὶ
2624 1587 2786 1668 ὄχλῳ
2852 1589 3142 1666 δημοτικῷ
3187 1589 3277 1645 καί
3330 1612 3469 1646 τισιν
3525 1589 3728 1651 ἄλλοις

2063 1676 2313 1754 ἀνδράσιν
2360 1681 2508 1736 ἐνίων
2566 1685 2674 1736 τῶν
2735 1688 2834 1751 τῆς
2893 1681 3176 1756 γερουσίας
3231 1678 3545 1756 Θεράπουσι,
3604 1683 3718 1734 τῶν

2063 1770 2278 1824 πάντων
2356 1767 2470 1825 οὐδ’
2527 1770 2603 1832 είς
2677 1765 2876 1843 ἀκριϐῆ
2958 1768 3475 1842 συναριθμουμένων
3535 1767 3727 1844 χιλιο-

2063 1856 2208 1912 στύν·
2253 1857 2340 1912 καὶ
2395 1857 2620 1920 τούτους
2680 1858 2785 1934 πρὸ
2851 1861 2946 1912 τοῦ
3003 1851 3304 1932 περιϐόλου
3361 1859 3559 1928 στήσας
3617 1864 3725 1927 τῆς

2066 1945 2280 2010 πόλεως
2336 1949 2746 2020 ἀντιμετώπους
2785 1952 2900 2009 τοῖς
2947 1951 3044 2001 τοῦ
3094 1947 3378 2024 τυράννου,
3429 1944 3563 2020 ᾤετο
3621 1967 3726 2000 καθ

2065 2034 2358 2107 ταπλήξειν
2412 2035 2596 2099 αὐτοῖς
2652 2037 2745 2091 τὸν
2829 2032 3149 2091 ἀντίπαλον.
3199 2033 3297 2091 Καὶ
3359 2035 3521 2097 αὐτὸς
3576 2031 3634 2089 δὲ
3695 2035 3727 2090 ὁ

2067 2124 2416 2199 αὐτοκράτωρ
2475 2122 2529 2179 ἓν
2589 2146 2695 2179 τινι
2749 2128 2856 2179 τῶν
2909 2122 3208 2199 βασιλικῶν
3259 2121 3522 2196 θαλάμων
3581 2144 3725 2199 προ-

2069 2208 2397 2287 ϐεϐλημένῳ
2425 2217 2530 2268 τῶν
2564 2209 2752 2268 ἄλλων
2811 2213 2900 2267 καὶ
2948 2209 3035 2267 ἰπὶ
3095 2213 3158 2267 τὸ
3213 2213 3320 2287 πρὸ
3371 2219 3469 2281 τῆς
3501 2211 3726 2273 πόλεως

2069 2301 2426 2378 ἐπραμμένῳ
2499 2298 2684 2357 πεδίον
2766 2304 3004 2372 καθῆστο
3066 2301 3387 2378 βασιλικῶς,
3439 2299 3514 2355 ’ἶν’
3565 2302 3725 2376 ὁρῴη

2067 2390 2194 2454 τοὺς
2253 2391 2524 2454 ἱναντίους
2582 2391 2672 2446 καὶ
2723 2392 2896 2466 ὁρῷτο
2946 2389 3147 2455 αὐτοῖς.
3179 2392 3247 2448 Ol.
3311 2387 3368 2445 δὲ
3424 2387 3733 2451 Μακεδόνες

2075 2490 2436 2568 βωμολοχίας
2487 2487 2637 2554 ὅντες
2697 2489 2904 2559 ἐθάδες,
2963 2488 3174 2553 ἰδόντες
3226 2490 3318 2546 τὸν
3375 2491 3624 2566 βασιλέα,
3671 2491 3734 2545 οἱ

2073 2583 2166 2655 μὶν
2228 2581 2476 2656 ἄντικρυς
2531 2575 2806 2656 ἐξύϐριζον
2859 2580 2934 2643 εἷς
2967 2579 3153 2648 αὐτὸν,
3183 2581 3236 2634 οἱ
3267 2577 3347 2651 δὲ,
3371 2580 3460 2634 καί
3517 2578 3731 2655 χοροὺς

2069 2675 2417 2732 συνιστῶντες
2472 2669 2612 2742 μέλη
2671 2671 2729 2723 τέ
2783 2691 2906 2724 τινα
2980 2667 3358 2744 σχεδιάζοντες
3439 2665 3730 2741 κυμῳδίας

2071 2760 2378 2835 ὠρχοῦντο,
2409 2759 2496 2814 καὶ
2529 2755 2664 2832 ᾖδον
2711 2761 2898 2827 ταῦτα,
2929 2764 3044 2819 τοῖς
3095 2759 3252 2812 ποσὶν
3312 2757 3730 2830 έπικροτοῦντες

2069 2850 2168 2918 τήν
2193 2848 2471 2924 γῆν.Εἶτα
2524 2853 2643 2909 τοῖς
2701 2843 2803 2916 ἔξω
2832 2851 2928 2900 τοῦ
2972 2845 3192 2923 τείχους
3248 2841 3736 2922 προϐεϐλημένοις

2076 2935 2385 3012 βασιλικοῖς
2432 2935 2624 3010 μοίρας
2679 2935 2825 2997 τινὸς
2886 2933 3220 3006 ἐπελθούσης
3275 2940 3382 2990 τῶν
3445 2935 3731 3005 ἐναντίων,

2073 3027 2124 3081 οἱ
2161 3025 2252 3099 μὶν
2287 3025 2374 3080 ἐπὶ
2399 3025 2495 3088 τὰς
2525 3023 2702 3086 πύλας
2736 3023 3022 3100 ὥρμησαν,
3057 3026 3107 3078 οἱ
3167 3022 3211 3079 δ’
3244 3024 3329 3080 ἐπὶ
3378 3026 3476 3094 τὴν
3526 3025 3738 3104 τάφρον

2072 3114 2354 3170 ἐνέπιπτον
2432 3113 2522 3169 καὶ
2600 3113 2951 3184 ἀπώλλυντο,
3005 3117 3262 3169 τοσοῦτον
3328 3112 3376 3169 δ’
3434 3116 3598 3169 ἅπασι
3664 3115 3736 3169 τὸ

2077 3202 2194 3266 δέος
2246 3202 2474 3280 ἐγένετο,
2507 3201 2645 3258 ὥστε
2699 3201 2826 3264 τούς
2885 3223 2943 3258 τε
2993 3209 3108 3266 τοῖς
3153 3203 3390 3279 τείχεσιν
3426 3203 3737 3271 ἐφεστῶτας

2076 3293 2297 3354 ἑαυτοὺς
2327 3293 2386 3347 lx
2431 3291 2627 3346 τούτου
2686 3286 3132 3354 καταϐάλλοντας
3187 3293 3422 3369 φεύγειν,
3456 3293 3545 3348 καὶ
3601 3293 3739 3356 τοῦς

2070 3384 2167 3445 τὰς
2238 3379 2478 3444 εἲςόδους
2556 3385 2922 3458 φρουροῦντας
2985 3388 3086 3450 τῆς
3167 3378 3386 3436 πόλεων
3455 3379 3736 3457 φρούδους

2074 3471 2265 3527 αὐτίκα
2320 3472 2588 3546 γενέσθαι,
2651 3467 2792 3544 μηδὲ
2858 3471 2954 3532 τὰς
3035 3469 3214 3534 πύλας
3270 3469 3734 3545 ἐπιζυγώσαντας.

2074 3569 2136 3627 Εἰ
2192 3573 2320 3645 γοῦν
2380 3569 2524 3644 εἶχεν
2583 3568 2612 3622 ὁ
2677 3564 2801 3622 τότε
2851 3565 3098 3640 πόλεμος
3152 3569 3244 3623 τὸν
3303 3564 3485 3623 εἰδότα
3547 3573 3730 3640 νικᾷν,

2075 3655 2230 3714 οὐδὲν
2279 3658 2344 3726 ἦν
2371 3658 2434 3712 τὸ
2481 3655 2696 3712 κωλύον
2731 3655 2886 3721 εὐθὺς
2944 3658 3037 3712 τὸν
3087 3657 3371 3733 Τορνίκιον
3433 3655 3583 3720 ἐντὸς
3641 3680 3737 3733 γε·

2073 3749 2252 3812 νέσθαι
2283 3751 2379 3802 τοῦ
2428 3744 2755 3818 ἄστεος,ξκαὶ
2801 3743 2960 3810 τέλος
3003 3744 3266 3801 ἐπιθεῖναι
3323 3750 3404 3818 τῷ
3463 3745 3734 3821 ιγχειρή-

2077 3858 2227 3910 ματι.
2261 3834 2441 3892 Ἀλλὰ
2468 3839 2628 3890 τοῦτο
2663 3835 2780 3908 μὲν,
2813 3831 2929 3890 ἐπεὶ
2973 3835 3050 3908 μὴ
3107 3833 3177 3908 τῇ
3231 3828 3430 3899 ἄνωθεν
3478 3831 3734 3890 ἐδέδοκτο

2075 3923 2364 3994 διοικήσει,
2413 3925 2502 3978 τὸν
2559 3927 2922 3996 τυραννοῦντα
2987 3920 3253 4000 διέφυγεν.
3303 3924 3363 3981 Ὀ
3418 3920 3475 3978 δέ
3512 3945 3575 3999 γε
3631 3924 3734 3999 βα-

2076 4013 2257 4076 σιλεὺς
2312 4017 2510 4087 μικροῦ
2541 4011 2600 4067 ἃν
2633 4009 2985 4067 ὶκινδύνευσε·
3023 4017 3131 4067 τῶν
3189 4012 3292 4087 γάρ
3337 4033 3420 4076 τις
3477 4012 3730 4067 ἐναντίων

2071 4101 2217 4159 τόνδ’
2275 4101 2666 4172 ὶπιτοξάζεται,
2725 4101 2814 4156 καί
2878 4100 3043 4177 βέλος
3111 4100 3304 4180 ἀφίησι
3360 4104 3479 4156 κατ’
3532 4101 3726 4156 αὐτοῦ’

2069 4193 2132 4248 τὸ
2191 4189 2258 4261 δ’,
2288 4191 2619 4261 ἀτευκτῆσαν
2675 4193 2772 4245 τοῦ
2835 4186 3121 4266 βασιλέως,
3179 4187 3376 4266 βάλλει
3437 4186 3725 4267 μειράκιόν

2071 4303 2124 4336 τι
2178 4285 2284 4336 τῶν
2346 4276 2912 4352 θαλαμηπολούντων.
2947 4278 3100 4336 Ἀλλ’
3131 4277 3249 4334 οὐδ’
3305 4278 3488 4352 ἐκείνῳ
3538 4279 3732 4355 καιρία

2072 4369 2292 4444 γέγονεν
2325 4371 2359 4438 ἡ
2394 4367 2453 4423 ἰκ
2484 4372 2580 4422 τοῦ
2634 4366 2829 4443 βέλους
2876 4365 3093 4442 πληγή.
3128 4368 3194 4425 Οἱ
3244 4365 3301 4423 δέ
3347 4389 3407 4442 γε
3449 4367 3571 4441 περὶ
3628 4369 3730 4423 τὸν

2077 4455 2324 4532 βασιλέα,
2387 4453 2672 4524 δείσαντες,
2754 4453 2948 4510 αὐτίκα
3039 4454 3389 4528 μετέστησαν,
3475 4454 3729 4518 κάκεῖνος

2072 4544 2231 4608 αὐτὸς
2291 4541 2494 4598 ἄλλοσέ
2551 4565 2628 4614 πη
2689 4541 2780 4597 σὺν
2837 4547 2917 4615 τῷ
2977 4542 3139 4615 Θώκῳ
3187 4544 3500 4615 μετήνεκτο.
3531 4544 3626 4600 Ὃν
3676 4540 3730 4598 δ’

308 4634 576 4706 pulisset,
621 4640 685 4691 ut
724 4636 796 4692 ad
853 4636 1270 4708 imperatorem
1323 4635 1782 4706 transfugerent,
1843 4635 1959 4688 fere

2070 4629 2281 4708 εἴρηται
2311 4632 2514 4706 τρόπον
2546 4632 2636 4686 τὸν
2671 4631 2961 4707 Τορνίκιον
2995 4627 3252 4709 διαφυγὸν
3299 4631 3361 4687 τὸ
3410 4629 3727 4707 εὐτύχημα,

307 4739 512 4779 omnes
544 4725 796 4793 deserto,
830 4729 1078 4798 tyranno
1107 4741 1240 4781 cum
1268 4724 1665 4796 imperatoriis
1696 4739 1759 4779 se
1817 4739 1959 4778 con-

301 4812 662 4882 junxerunt:
691 4831 882 4886 neque
915 4814 954 4868 ii
983 4813 1233 4887 gregarii
1271 4819 1498 4869 tantum
1558 4812 1797 4882 milites,
1859 4811 1958 4868 sed

310 4899 490 4956 etiam
522 4901 631 4956 viri
662 4901 945 4972 illustres,
979 4904 1160 4959 duces
1209 4906 1267 4958 et
1322 4903 1734 4974 magistratus.
1795 4905 1959 4958 Unus

314 4989 599 5046 duntaxat
655 5008 724 5047 ex
784 4992 1214 5066 insignioribns
1265 4996 1533 5048 Batatzes
1592 4992 1747 5064 apud
1789 4989 1959 5046 illum

314 5079 554 5136 mansit.
591 5080 896 5138 Tornicius
946 5082 1127 5154 igitur
1174 5081 1495 5138 destitutus
1541 5081 1613 5136 ab
1658 5080 1959 5148 omnibus,

313 5175 479 5232 nulla
508 5193 611 5249 spe
641 5179 921 5234 evadendi
956 5178 1318 5248 relicta,cum
1342 5179 1643 5234 Batatzein
1675 5177 1959 5250 templum

311 5266 602 5338 quoddam
630 5267 912 5339 confugit.
947 5267 1110 5323 Unde
1142 5268 1200 5322 in
1233 5267 1617 5338 compedibus
1649 5268 1719 5321 ad
1754 5267 1958 5322 Mono-

311 5355 592 5412 machum
616 5356 882 5428 perducti
914 5361 1090 5428 atque
1121 5356 1532 5426 eﬂ‘osis,oculis
1563 5355 1757 5412 caecati
1795 5359 1958 5427 sunt,

308 5445 599 5502 seditione
628 5445 862 5520 penitus
893 5462 1246 5518 compressa.

2070 4731 2148 4795 εἷς
2195 4730 2507 4786 τούναντίον
2566 4728 2714 4801 αὐτῷ
2763 4729 2830 4784 τὰ
2866 4728 3160 4804 πράγματα
3225 4729 3590 4806 περιέτρεψεν.
3647 4732 3725 4788 “Η

2068 4841 2127 4874 τε
2178 4821 2282 4896 γὰρ
2338 4817 2502 4882 πόλις
2560 4819 2714 4883 αὖθις
2765 4818 2870 4874 ὑπὸ
2941 4818 3176 4896 φρουρὰν
3233 4815 3489 4895 ἐγεγόνει,
3540 4819 3631 4873 καὶ
3693 4821 3725 4874 ὁ

2066 4907 2325 4982 τύραννος
2375 4907 2536 4964 πάλιν
2589 4905 2754 4972 ἵωθεν
2811 4902 3140 4982 προσϐαλὼν
3188 4907 3278 4963 καὶ
3323 4907 3724 4983 ἀποκρουσθεὶς

2068 4999 2214 5072 παρὰ
2248 4997 2428 5073 βραχὺ
2457 4996 2546 5051 καὶ
2591 4996 2842 5052 ἀπώλετο
2899 4994 2985 5056 ἄν.
3020 4995 3198 5061 Λίθων
3254 4996 3357 5074 γὰρ
3416 4994 3476 5052 ὲκ
3532 5016 3724 5072 μηχα-

2067 5093 2168 5156 νῆς
2191 5085 2548 5142 ταλαντιαίων
2583 5083 3054 5163 σφενδονουμὲνων
3085 5085 3224 5142 κατὰ
3272 5090 3380 5142 τῶν
3441 5085 3721 5157 ἐναντίων,

2069 5176 2144 5238 εἷς
2177 5175 2264 5230 ἐπὶ
2301 5175 2391 5229 τὸν
2441 5173 2701 5248 τύραννον
2747 5173 2885 5244 ἵετο,
2919 5176 3007 5230 καὶ
3056 5172 3153 5230 τοῦ
3195 5174 3293 5247 μὶν
3340 5173 3402 5230 οὐ
3446 5174 3721 5245 καθίκετο,

2070 5261 2272 5319 δειλίαν
2332 5261 2388 5318 δὲ
2444 5262 2678 5337 κάκείνῳ
2719 5264 2808 5320 καὶ
2856 5270 2972 5328 τοῖς
3025 5264 3149 5340 περὶ
3199 5262 3356 5318 αὐτὸν
3417 5263 3720 5336 ἆνεποίησε,

2067 5352 2158 5408 καὶ
2219 5352 2472 5415 λύσαντες
2527 5353 2626 5422 τὴν
2695 5354 2987 5430 παράταξιν
3064 5351 3430 5424 ὑπενόστησαν
3491 5352 3564 5416 εἷς
3614 5355 3718 5424 τὴν

2068 5441 2322 5520 σφετέραν
2379 5437 2760 5518 παρεμϐολὴν,
2828 5443 2918 5499 καὶ
3011 5441 3188 5498 οὐκέτι
3281 5445 3350 5517 τῇ
3418 5439 3722 5519 πολιορκίᾳ

311 5539 805 5619 δπικεχειρήκασιν,
867 5538 1044 5596 Ἀλλά
1123 5562 1272 5604 τινας
1350 5540 1614 5618 βραχείας
1686 5541 1898 5615 ἡμέρας
1971 5541 2298 5616 προσμείνας
2379 5541 2407 5596 6
2475 5539 2760 5612 τύραννος,
2829 5540 2952 5597 ἐπεὶ
3022 5541 3165 5618 ἑώρα
3225 5538 3365 5604 ’τοὺς
3444 5541 3538 5615 μὲν
3609 5544 3719 5596 τῶν

313 5630 527 5686 οἰκείων
599 5634 1061 5708 προσχωροῦντας
1133 5636 1212 5704 τῷ
1289 5631 1524 5706 βασιλεῖ,
1572 5629 1700 5694 τοὺς
1768 5626 1825 5686 δὲ
1899 5626 2287 5704 σκιδναμένους
2346 5629 2437 5686 καὶ
2515 5626 2988 5708 ἰκδιδράσκοντας,
3034 5628 3381 5685 ἀπανίσταται
3453 5628 3547 5704 μὶν
3618 5635 3725 5702 τῆς

313 5718 438 5798 περὶ
495 5721 556 5777 τὸ
613 5718 744 5778 ἄστυ
792 5717 1142 5799 προσεδρίας,
1197 5719 1360 5794 ἀπῄει
1419 5718 1476 5775 δι
1531 5721 1604 5783 ὠς
1661 5719 1897 5784 εὐπετῶς
1952 5723 2060 5778 τῶν
2145 5721 2415 5798 Θρᾳκῲων
2488 5721 2772 5797 κρατήσων
2833 5719 3129 5800 φρουρίων,
3187 5715 3317 5777 ἀλλ’
3370 5718 3717 5798 ἀπεκρούσθη
