4036 6206
355 330 474 390 219
1697 328 2019 390 JOANNIS

2131 328 2411 393 DNARE
3649 334 3771 394 220

356 465 519 534 runt,
555 462 770 535 partim
801 463 984 521 ﬂuctu
1015 464 1073 520 in
1105 467 1324 520 terram
1365 462 1582 533 ejectos
1631 460 1848 518 milites
1905 463 2005 518 ob-

2131 465 2193 533 τῷ
2251 460 2356 517 δέει
2409 462 2908 539 παήειληφώς.Ὡς
2967 460 3014 518 δ’
3065 461 3208 518 οὕτω
3261 468 3385 525 ταῖς
3429 463 3576 539 τρισὶ
3605 467 3773 538 τριή-

356 551 1708 609 sessislittoribustrucidarunt.Barbarororum
1733 549 2007 606 multitu-

2131 571 2232 604 aem
2284 555 2660 627 κατευτυχήθη
2714 555 2749 621 ἡ
2808 553 2945 606 κατά
2993 557 3103 606 τῶν
3161 550 3412 606 ἐναντίων
3460 549 3770 623 ἐπέλευσις,

358 640 494 696 dine
527 643 600 696 ad
632 641 789 697 hunc
821 644 1061 698 modum
1093 639 1400 704 debellata,
1452 640 1774 711 imperator
1826 640 2005 695 victo-

2131 640 2206 693 ιαὶ
2237 639 2432 703 ἄλλαις
2487 646 2594 695 τῶν
2652 637 2898 695 ὁλκάδων
2930 653 3179 712 σύνθημα
3231 641 3499 714 παρέσχεν
3557 642 3586 695 6
3622 643 3776 716 βασι-

356 731 444 784 ria
473 729 723 786 illustris
754 731 814 785 in
846 731 1064 802 regiam
1095 746 1362 786 reversus
1395 733 1501 784 est.

2131 727 2263 797 lsbc,
2313 730 2402 783 καὶ
2452 728 2717 806 ἀνήγοντο
2765 729 3048 794 πλείονες·
3105 730 3168 791 ἃς
3228 731 3461 806 ὁρῶντες
3516 730 3777 792 ἐπιούσας

360 816 412 869 οἱ
445 810 736 890 Βάρϐαροι,
771 816 947 872 οὐκέτι
985 819 1168 892 μάχης
1203 815 1535 889 ἐμέμνηντο,
1568 813 1712 870 ἀλλᾶ
1741 814 1837 883 τήν
1874 813 2117 888 σύνταξιν
2169 813 2544 889 διαλύσαντες,
2596 818 2846 893 πρύμναν
2898 817 3246 894 έκρούσαντο,
3293 817 3385 872 καὶ
3436 818 3776 892 ὡρμήκεσαν

361 904 438 966 εἷς
473 907 668 981 φυγήν.
731 905 1091 981 Συνεμάχησε
1117 903 1175 959 δὲ
1199 904 1490 978 Ῥωμαίοις
1521 903 1644 958 τότε
1673 903 1763 958 καὶ
1816 902 2018 967 ἄνωθέν
2065 925 2146 966 τις
2198 904 2363 981 ῥοπή·
2423 910 2637 978 πνεῦμα
2683 905 2788 982 γὰρ
2839 905 3090 983 ἐξαίφνης
3141 903 3382 980 σκληρὸν
3445 911 3678 961 πνεῦσαν
3728 906 3782 976 ἐξ

356 993 530 1064 Ἑῴας
577 993 715 1066 πρὸς
744 993 812 1047 τά
839 995 1119 1068 Ἑσπέρια,
1149 994 1238 1049 καὶ
1269 991 1551 1070 καταιγίδα
1575 996 1819 1066 κινῆσαν,
1850 999 1967 1055 τοῖς
1997 997 2104 1048 τῶν
2137 989 2436 1070 Βαρϐάρων
2466 994 2730 1066 ἐπήνεκτο
2763 993 3005 1072 σκάφεσι,
3036 995 3125 1049 καὶ
3154 991 3344 1049 πολλά
3371 993 3464 1067 μὶν
3489 993 3779 1061 ἐπέκλυσε,

355 1082 446 1136 καὶ
476 1083 553 1154 τῷ
589 1083 740 1157 βυθῷ
769 1082 1140 1159 παραδέδωκε,
1165 1081 1346 1139 κολλά
1376 1081 1422 1138 δ’
1453 1081 1685 1158 ὑφάλοις
1713 1084 1933 1158 πέτραις
1963 1082 2052 1138 καὶ
2086 1081 2380 1146 σκοπέλοις
2413 1084 2748 1162 προσήρῥαξε
2777 1085 2866 1140 καὶ
2897 1086 3198 1160 συνέτριψε.
3229 1083 3307 1139 Τὰ
3355 1081 3414 1139 δέ
3454 1105 3520 1160 γε
3561 1083 3780 1140 τούτων

353 1169 724 1245 πληρώματα,
755 1173 880 1235 τοὺς
909 1175 1002 1247 μὲν
1035 1175 1095 1230 τὸ
1127 1172 1272 1249 ὕδωρ
1307 1172 1562 1247 ἐκάλυψε,
1591 1172 1718 1234 τοὺς
1748 1169 1805 1226 δὲ
1837 1171 2112 1248 σύνταγμα
2144 1175 2512 1249 στρατιοτικὸν
2547 1172 2829 1252 ἐφεδρεῦον
2855 1179 2976 1237 ταῖς
3006 1175 3157 1245 ἡϊόσι
3187 1171 3509 1249 διέφθειρεν,
3539 1169 3774 1248 ἐκϐρασ-

355 1261 616 1333 σομένους
642 1265 738 1316 τοῦ
769 1259 1072 1326 κλύδωνος·
1109 1263 1251 1319 οὕτω
1279 1261 1336 1318 δὲ
1367 1263 1916 1336 καταπολεμηθέντος
1953 1266 2050 1316 τοῦ
2078 1267 2185 1317 τῶν
2217 1259 2515 1340 Βαρϐάρων
2546 1262 2814 1336 πλήθους,
2850 1266 2878 1319 6
2922 1263 3176 1340 βασιλεὺς
3219 1268 3639 1342 τροπαιοφορῶν
3700 1262 3781 1324 εἰς

352 1349 421 1404 τὰ
449 1348 712 1422 ἀνάκτορα
743 1349 1099 1422 έπανέζετξεψ

429 1441 577 1498 255
611 1441 780 1499 XXV.
815 1445 1086 1515 Exposita
1122 1460 1236 1499 uno
1290 1442 1602 1498 Barbarico
1655 1440 1807 1498 bello
1856 1443 2010 1497 Tau-

353 1529 783 1602 roscytharum,
817 1533 888 1587 ad
920 1532 1162 1587 alterius
1213 1531 1424 1603 gentis,
1476 1531 1802 1586 Turcorum
1851 1530 2009 1585 vide-

353 1616 511 1687 licet,
545 1623 772 1675 motum
803 1625 893 1676 est
921 1622 1362 1686 transeundem,
1415 1620 1516 1691 qui
1546 1622 1840 1675 Orientem
1884 1623 2008 1674 tum

354 1706 726 1776 invaserunt,
755 1714 810 1764 et
834 1709 894 1764 in
923 1709 1080 1765 hunc
1107 1727 1292 1781 usque
1313 1709 1468 1764 diem
1492 1708 1552 1764 in
1586 1709 1825 1764 festant.
1861 1712 2008 1762 Sunt

357 1801 554 1851 autem
585 1797 757 1853 Turci
787 1814 932 1869 gens
989 1799 1276 1863 Uunnica,
1327 1796 1787 1870 populosissima
1835 1801 1892 1852 et
1938 1796 2006 1850 li-

2195 1443 2321 1500 KE‘.
2355 1444 2446 1504 Εἷς
2482 1442 2576 1516 μὲν
2610 1439 2677 1512 δὴ
2708 1441 2954 1516 πόλεμος
2992 1437 3324 1519 βαρϐαρικὸς
3356 1441 3554 1498 οὑτωσὶ
3587 1439 3783 1514 δεδι-ή-

2122 1553 2307 1606 γηται,
2341 1531 2575 1606 εἰρήσθω
2615 1529 2674 1586 δὲ
2728 1533 2814 1586 καὶ
2872 1531 3027 1605 ἑτέρα
3070 1553 3152 1593 τις
3207 1529 3518 1608 συγκίνησις
3565 1526 3782 1601 ἔθνους,

2123 1619 2158 1688 ἢ
2207 1622 2330 1674 τότε
2355 1628 2454 1689 τὴν
2489 1621 2658 1693 Ἐῴαν
2694 1615 2934 1689 διέλαϐε,
2983 1621 3075 1675 καὶ
3124 1619 3290 1696 μέχρι
3349 1625 3448 1674 τοῦ
3477 1625 3569 1675 νῦν
3601 1619 3776 1689 αὐτὴν

2122 1704 2487 1778 έπιϐόσκεται,
2543 1709 2670 1772 τοὺς
2727 1709 2997 1785 Τούρκους
3030 1709 3192 1787 φημί.
3253 1709 3374 1767 Εἰσὶ
3410 1708 3503 1781 μέν
3535 1707 3626 1764 οὖν

2119 1795 2270 1852 οὗτοι
2326 1797 2476 1873 γένος
2526 1820 2576 1854 τι
2629 1799 2886 1856 Ούννικὸν
2935 1801 3068 1872 (38),
3103 1797 3283 1854 οἰκοῦν
3313 1798 3380 1853 τὰ
3436 1799 3782 1874 προσάρκτια

355 1884 516 1952 bera,
549 1885 962 1942 Caucasiorum
997 1888 1288 1944 montium
1346 1886 1804 1959 septentrionale
1851 1885 2006 1940 latus

2131 1892 2219 1941 τῶν
2283 1871 2592 1942 Καυκασίων
2653 1888 2818 1963 ὁρῶν,
2875 1871 3233 1956 πολυπληθὶς
3290 1886 3380 1940 καὶ
3439 1871 3774 1960 αὐτόνομον.

358 1973 645 2030 accolens.
679 1979 824 2031 Nam
846 1993 979 2031 cum
1004 1977 1210 2045 Persae,
1246 1975 1659 2032 Macedonibus
1692 1976 1842 2030 inter
1877 1989 2006 2030 sese

357 2062 1055 2137 dimicantibus,regnum
1079 2083 1277 2135 suum,
1298 2070 1363 2120 ut
1385 2069 1876 2136 supraostensum
1895 2067 2004 2130 est,

357 2158 830 2224 recuperassent,
887 2154 1042 2210 idem
1101 2171 1135 2210 a
1192 2155 1532 2210 Sarracenis
1591 2153 1724 2209 victi
1781 2157 1838 2209 et
1903 2169 2006 2223 op-

356 2241 567 2313 pressi,
595 2259 802 2298 rursus
830 2243 1177 2300 amiserunt.
1211 2242 1515 2306 Sarraceui
1550 2260 1702 2314 vero,
1737 2259 1852 2298 non
1904 2241 2010 2296 uni

359 2329 618 2402 principi
646 2337 990 2403 paruerunt,
1027 2334 1124 2387 sed
1160 2332 1444 2388 seditione
1487 2331 1641 2387 inter
1667 2331 1828 2403 ipsos
1857 2334 2006 2399 orta,

354 2417 417 2474 in
448 2419 733 2476 factiones
777 2420 1087 2486 divisi,alii
1115 2420 1263 2477 alios
1293 2426 1729 2493 oppugnarunt.
1765 2419 2009 2476 Mucbu-

362 2513 554 2564 metus
643 2509 826 2582 igitur
899 2510 1204 2566 Imbraelis
1276 2510 1455 2577 ﬁlius,
1537 2510 1815 2578 Persidis,
1867 2508 2013 2564 Cho-

361 2597 738 2666 rasmiorum,
769 2598 992 2667 Mediis,
1024 2605 1082 2655 et
1111 2598 1362 2656 aliorum
1396 2600 1791 2670 quorumdam
1823 2615 2009 2670 popu-

371 2685 565 2742 lorum
592 2688 847 2758 princes,
871 2689 1240 2760 temporibus
1265 2687 1458 2744 Basilii
1482 2687 1772 2760 Porphyro
1804 2685 2010 2759 geniti,

369 2791 504 2831 cum
541 2781 814 2849 suscepto
873 2783 1077 2833 contra
1133 2778 1309 2834 Indos
1347 2781 1406 2832 et
1455 2776 1805 2850 Babylonios
1864 2773 2013 2830 bello

367 2864 798 2936 succubuisset,
845 2867 1171 2922 Turcorum
1227 2865 1459 2921 auxiliis
1512 2865 1810 2921 accersitis
1863 2865 2015 2920 Tan-

368 2952 652 3025 grolipice
696 2953 983 3010 Mucaleto
1041 2955 1205 3020 duce,
1261 2954 1461 3009 hostes
1522 2954 1857 3025 superavit:
1908 2954 2012 3008 do-

369 3058 654 3114 mumque
675 3059 964 3111 reversus,
989 3043 1206 3099 Turcos
1240 3043 1312 3098 ad
1356 3060 1464 3098 sua
1498 3043 1687 3098 redire
1719 3059 1832 3097 non
1865 3041 2016 3110 sivit,

365 3130 467 3186 sed
493 3130 744 3186 retinere
780 3130 987 3202 voluit,
1022 3137 1084 3186 ut
1133 3148 1334 3187 eorum
1385 3147 1563 3202 opera
1612 3136 1815 3187 contra
1874 3131 2020 3188 alios

2114 1976 2264 2030 Ἐπεὶ
2297 1974 2341 2030 δ’
2371 1978 2406 2046 ἡ
2440 1981 2657 2052 Περσῶν
2685 1976 2856 2052 ἀρχὴ,
2911 1977 3019 2030 τῶν
3069 1973 3397 2033 Μακεδόνων
3435 1974 3514 2053 ἐφ’
3545 1974 3778 2037 ἑαυτοὺς

2112 2066 2442 2140 τραπέντων,
2512 2065 2604 2119 καὶ
2679 2063 3136 2139 ἀντιμαχομένων
3208 2062 3509 2134 ἀλλήλοις,
3578 2060 3781 2139 ἴσχυσε

2116 2153 2280 2208 πάλιν
2339 2154 2436 2223 τὴν
2497 2153 2676 2228 ἀρχὴν
2729 2153 3123 2222 ἀνασώσασθαι,
3177 2153 3255 2216 ὡς
3309 2149 3611 2227 ἔμπροσθέν
3673 2174 3775 2226 μοι

2117 2241 2423 2315 ΐστόρηται,
2472 2244 2507 2311 ἡ
2569 2238 2618 2296 δ’
2676 2241 2825 2304 αὗθις
2886 2241 2990 2296 ὑπὸ
3039 2245 3368 2316 Σαρακηνῶν
3395 2241 3492 2310 τὴν
3529 2239 3778 2310 ἐξουσίαν

2120 2332 2371 2410 ἀφήρητο
2432 2329 2740 2386 δεδούλωτό
2814 2351 2874 2386 τε
2942 2335 3302 2407 Σαρακηνοῖς,
3371 2330 3461 2385 καὶ
3527 2328 3636 2406 οὐχ
3683 2326 3786 2383 ἕνα

2119 2421 2254 2490 ἦσαν
2310 2420 2551 2497 ἡγεμόνα
2603 2417 2904 2488 τελοῦντες,
2935 2417 3071 2493 πρὸς
3105 2415 3393 2489 ἀλλήλους
3418 2439 3476 2473 τι
3505 2419 3593 2474 καὶ
3622 2419 3784 2472 οὗτοι

2121 2511 2520 2578 στασιάσαντες,
2555 2508 2632 2572 εἰς
2719 2506 3049 2572 ἀντιπάλους
3089 2506 3284 2584 μοίρας
3341 2504 3628 2582 διῄρηντο,
3689 2507 3788 2561 καὶ

2124 2597 2399 2670 ἀλλήλοις
2430 2599 2678 2671 έπῆεσαν,
2729 2598 3066 2674 Μουχούμετ
3123 2598 3215 2652 οὖν
3274 2597 3425 2651 ὁτοῦ
3480 2590 3786 2672 Ἰμϐραὴλ,

2125 2686 2388 2760 Περσίδος
2447 2689 2634 2764 ἅρχων
2684 2689 2772 2743 καὶ
2829 2687 3194 2764 Χωρασμίων,
3255 2685 3346 2741 καὶ
3403 2683 3637 2756 Μηδίας,
3693 2685 3789 2740 καί

2123 2799 2284 2834 τινων
2343 2775 2582 2862 ἄλλων,
2645 2776 2890 2850 πόλεμον
2944 2773 3116 2852 ἤρατο
3172 2776 3310 2830 κατὰ
3365 2775 3491 2836 τοὺς
3543 2775 3788 2850 χρόνους

2126 2866 2413 2924 Βασιλείου
2470 2859 2566 2922 τοῦ
2622 2868 3173 2944 Πορφυρογεννήτου,
3221 2865 3358 2920 κατά
3409 2859 3782 2922 Βαϐυλωνίων

2125 2978 2184 3012 τε
2212 2957 2303 3011 καὶ
2365 2953 2568 3026 Ἰνδῶν,
2600 2957 2914 3028 ἡττώμενος
2963 2953 3020 3010 δὲ
3051 2955 3404 3029 συμμαχικὸν
3437 2952 3498 3008 έκ
3523 2952 3786 3028 Τούρκων

2133 3037 2533 3111 μετεπέμψατο.
2582 3038 2680 3093 Ἦν
2707 3034 2764 3091 δὲ
2792 3042 2909 3098 τοῖς
2968 3034 3043 3097 εἷς
3095 3034 3414 3109 συμμαχίαν
3449 3030 3667 3097 ἐλθοῦσι
3700 3038 3786 3105 τῷ

2129 3125 2465 3201 Μουχούμετ
2495 3131 2890 3201 ταγματάρχης
2918 3122 3286 3200 Ταγγρολίπιξ
3315 3121 3626 3191 Μουκάλετ,
3663 3123 3792 3195 μεθ’

370 3235 602 3290 quoque
633 3223 917 3275 uteretur.
976 3218 1085 3284 Qui
1143 3235 1277 3275 cum
1337 3220 1578 3274 domum
1634 3220 1840 3288 redire,
1905 3219 2015 3276 nisi

2132 3217 2204 3270 ὧν
2267 3216 2294 3272 ὁ
2354 3215 2693 3291 Μουχούμετ
2745 3219 2864 3278 τοῖς
2913 3213 3208 3275 ἀντιθέτοις
3253 3208 3608 3287 προσϐαλὼν,
3656 3231 3790 3286 τρο-

367 3323 472 3379 per
496 3308 764 3364 Araxidis
794 3312 1032 3379 pontem
1066 3308 1378 3380 nequirent
1406 3308 1643 3377 (ﬂuvius
1675 3309 1725 3366 is
1756 3312 1865 3378 est,
1915 3311 2017 3380 qui

367 3397 603 3453 nonnisi
653 3402 829 3468 ponte
885 3399 1153 3469 superari
1202 3402 1395 3470 potest
1455 3397 1732 3470 utrinque
1785 3399 2018 3465 turrito,

368 3501 543 3557 quem
575 3485 901 3558 prmsidiari
961 3485 1180 3542 milites
1236 3487 1559 3557 tenebant),
1612 3487 1911 3556 deﬁciunt,
1965 3491 2024 3542 et

369 3579 600 3631 montes
629 3580 919 3648 occupant
949 3576 1108 3648 (nam
1143 3592 1276 3631 cum
1312 3576 1504 3632 tribus
1538 3577 1801 3632 millibus
1826 3577 2022 3648 plures

368 3681 486 3721 non
516 3670 737 3736 essent,
769 3682 904 3721 cum
953 3665 1156 3722 multis
1215 3665 1480 3721 millibus
1537 3666 1660 3722 acie
1712 3667 2021 3722 decernere

370 3771 489 3810 non
510 3755 848 3824 audebant),
872 3756 1024 3810 unde
1047 3759 1480 3826 procurrentes,
1521 3755 1840 3810 Saracenos
1875 3771 2022 3827 prae-

367 3843 597 3899 dantur.
627 3843 1030 3900 Muchemetus
1060 3861 1192 3900 vero
1223 3847 1295 3900 ad
1327 3862 1399 3898 xx
1449 3843 1636 3899 millia
1680 3849 1883 3900 contra
1928 3861 2026 3900 eos

373 3931 575 4000 mittit,
611 3933 812 3988 decem
843 3933 1093 3988 ducibus
1123 3950 1154 3988 e
1181 3933 1306 3988 suis
1366 3931 1746 4004 popularibus
1790 3949 2025 3989 summa

373 4019 513 4076 belli
537 4020 777 4087 credita,
809 4037 959 4092 quos
993 4021 1163 4075 Turci
1224 4025 1398 4076 noctu
1458 4021 1714 4093 aggressi
1770 4022 2026 4078 maxima

375 4123 446 4164 ex
477 4113 638 4179 parte
668 4109 837 4165 facile
868 4109 1243 4164 trucidarunt
1272 4135 1285 4175 ;
1318 4110 1580 4181 reliquiis
1612 4127 1747 4166 cum
1771 4112 1897 4167 suis
1917 4110 2026 4166 du-

378 4196 546 4252 cibus
577 4198 649 4252 ad
681 4196 1124 4253 Muchumetum
1171 4199 1492 4254 redierunt.
1557 4201 1613 4254 is
1660 4199 1861 4256 decem
1912 4200 2028 4254 illis

381 4285 632 4341 ducibus
657 4286 979 4354 excaecatis,
1001 4291 1057 4341 et
1079 4286 1366 4342 militibus
1397 4286 1766 4343 atrocissima
1785 4303 2030 4359 quaeque

379 4373 798 4440 comminatus,
832 4374 1021 4430 ell‘ecit
1044 4379 1106 4430 ut
1130 4393 1244 4447 prae
1276 4381 1430 4431 metu
1457 4377 1528 4431 ad
1553 4377 1776 4432 Turcos
1825 4377 2030 4431 conlu-

381 4467 604 4536 gerent.
637 4464 681 4519 Ii
713 4479 845 4520 vero
869 4464 997 4536 jam
1025 4463 1156 4520 aliis
1203 4480 1433 4537 quoque
1483 4465 1683 4520 multis
1724 4464 2029 4521 conﬂuen-

378 4553 561 4621 tibus,
595 4553 783 4609 servis
813 4557 870 4608 et
901 4553 1246 4609 facinorosis
1294 4552 1656 4624 hominibus,
1689 4553 1788 4626 qui
1821 4571 2029 4609 manu-

378 4641 519 4698 bilis
575 4648 632 4698 et
685 4641 910 4713 rapinis
968 4643 1337 4714 gaudebant,
1398 4660 1714 4699 numeroso
1772 4643 2031 4699 confecto

381 4730 661 4798 exercitu,
693 4729 892 4802 praalio
925 4747 1059 4785 cum
1093 4731 1472 4786 Mucbumeto
1503 4732 1657 4787 circa
1704 4732 2030 4804 Apascham

2132 3309 2326 3360 ποῦται
2387 3304 2600 3376 αὐτοὺς,
2652 3303 2742 3359 καὶ
2799 3302 3082 3373 ἀναζεύξας
3130 3302 3206 3367 εἷς
3249 3303 3317 3356 τὰ
3347 3301 3540 3374 οἰκεῖα,
3571 3299 3672 3356 οὐκ
3706 3298 3794 3354 ε’ία

2130 3393 2258 3458 τοὺς
2315 3393 2595 3469 Τούρκους
2653 3392 2730 3456 εἰς
2786 3393 2886 3462 τήν
2966 3393 3166 3448 ἑαυτῶν
3251 3391 3601 3464 ὑποστρέψαι,
3656 3387 3793 3444 ἀλλ’

2132 3481 2296 3552 ἤθελε
2369 3481 2768 3558 παρακατέχειν
2842 3481 3061 3553 αὐτοὺς,
3129 3479 3224 3535 ’ίνα
3282 3480 3372 3535 καὶ
3448 3478 3528 3557 ἐφ’
3581 3479 3796 3552 ἑτέροις

2133 3576 2318 3647 χρῷτο
2379 3570 2695 3646 συμμάχοις
2754 3570 2960 3632 αὐτοῖς.
3019 3571 3088 3627 Ol
3146 3567 3204 3624 δὲ
3253 3571 3328 3642 μὴ
3388 3567 3580 3623 οἷοίτε
3635 3563 3794 3628 ὄντες

2134 3661 2340 3716 ἀπιέναι
2397 3660 2534 3734 πρὸς
2563 3661 2664 3729 τὴν
2694 3657 2973 3738 σφετέραν,
3033 3658 3077 3713 εί
3140 3659 3215 3731 μή
3251 3656 3435 3719 αὐτοῖς
3487 3655 3696 3726 ἀνεθείη
3753 3657 3790 3724 ὴ

2131 3754 2228 3804 τοῦ
2261 3747 2536 3822 Ἀράξιδος
2586 3751 2790 3826 γέφυρα
2837 3749 3104 3823 (ποταμὸς
3137 3744 3184 3802 δ’
3215 3745 3374 3808 οὗτός
3407 3744 3572 3818 ἐστιν,
3608 3743 3654 3799 εἰ
3709 3747 3790 3816 μὴ

2137 3837 2225 3894 διὰ
2252 3846 2350 3910 τῆς
2404 3838 2636 3918 γεφύρας
2693 3838 2752 3893 οὐ
2806 3839 3060 3915 περατὸς,
3100 3840 3134 3907 ἠ
3168 3834 3225 3891 δὶ
3280 3837 3490 3912 γέφυρα
3547 3833 3792 3910 ἐπε-πύρ-

2133 3950 2279 4004 γωτο
2337 3927 2684 4004 ἑκατέρωθεν,
2745 3928 2834 3983 καὶ
2890 3927 3006 3990 τοίς
3063 3927 3297 4002 πύργοις
3353 3923 3585 4000 φρουροὶ
3644 3922 3794 4000 έφει-

2137 4019 2449 4091 στήκεσαν),
2503 4017 2885 4087 ἀποπατοῦσι,
2947 4016 3038 4072 καὶ
3095 4016 3173 4078 εἷς
3231 4011 3332 4090 ὄρη
3391 4011 3794 4092 καταφυγόντες

2137 4109 2222 4181 (ου
2278 4107 2379 4183 γὰρ
2437 4105 2694 4183 έθάρῥουν
2752 4127 2898 4168 οντες
2977 4104 3301 4182 τρισχίλιοι.
3372 4103 3511 4179 πρὸς
3565 4099 3791 4163 πολλὰς

2137 4197 2275 4252 κατά
2337 4193 2604 4266 συστάδην
2669 4195 3004 4271 μαχέσασθαι
3070 4191 3381 4270 μυριάδας),
3441 4191 3800 4268 ἐκτρέχοντες

2140 4286 2364 4354 ἐκεῖθεν,
2419 4285 2486 4340 τὰ
2536 4289 2644 4340 τῶν
2706 4288 3039 4358 Σαρακηνῶν
3097 4281 3385 4354 ἐληΐζοντο
3420 4323 3432 4337 .
3492 4281 3801 4353 Ἐκπέμπει

2139 4374 2314 4430 τοίνυν
2363 4375 2482 4429 κατ’
2510 4373 2683 4428 αὐτῶν
2737 4374 2764 4427 6
2819 4371 3155 4448 Μουχούμετ
3195 4370 3500 4447 στράτενμα
3529 4368 3654 4444 περί
3684 4388 3799 4422 που

2139 4463 2234 4526 τὰς
2289 4462 2462 4517 εἴκοσι
2519 4459 2826 4539 χιλιάδδς,
2886 4460 3013 4517 δέκα
3066 4466 3176 4516 τῶν
3233 4461 3512 4534 ὁμογενῶν
3566 4455 3799 4530 ἀνδράσι

2139 4553 2238 4621 τὴν
2317 4552 2493 4608 αὐτῶν
2542 4551 2860 4628 ἀγχειρίσας
2909 4548 3225 4628 ἠγεμονίαν.
3286 4550 3383 4611 Οἷς
3443 4549 3494 4602 οἱ
3547 4550 3797 4623 Τοῦρκον

2141 4641 2334 4705 νυκτὸς
2391 4641 2721 4715 ἐπιθέμενοι,
2784 4640 2950 4716 ῥᾷστα
2996 4639 3125 4701 τοὺς
3182 4637 3408 4700 πλείους
3464 4636 3796 4709 κατέκοψαν.

2143 4732 2212 4787 Οἱ
2244 4727 2301 4785 δὶ
2356 4729 2740 4806 περισωθέντες
2778 4729 2870 4784 σὺν
2923 4734 3041 4790 τοῖς
3097 4728 3273 4783 αὐτῶν
3333 4729 3658 4802 στρατηγοῖς
3717 4724 3799 4786 είς

381 4820 722 4887 commisso,
751 4818 972 4875 mullos
1008 4821 1358 4875 Sarracenas
1397 4821 1752 4891 ceciderunt,
1788 4838 1853 4877 ac
1885 4821 2019 4877 inte:

2142 4820 2234 4875 τὸν
2267 4819 2602 4896 Μουχούμετ
2635 4819 3126 4889 ἀνθυπενόστησαν.
3184 4818 3241 4871 Ὀ
3289 4813 3348 4871 δὶ
3376 4816 3504 4878 τοὺς
3539 4815 3632 4888 μὶν
3667 4810 3802 4868 δέκα

386 4907 534 4962 alios
575 4907 700 4978 ipse
747 4925 980 4981 quoque
1034 4908 1448 4965 Muchumetus
1503 4909 1727 4966 cecidit.
1771 4911 2019 4982 Tangro-

2143 4915 2243 4978 τῆς
2296 4915 2546 4984 στρατιᾶς
2629 4907 2901 4983 ἡγεμόνας
2961 4905 3319 4981 έξετύφλωσε,
3375 4903 3512 4960 κατᾶ
3569 4900 3627 4958 δὲ
3681 4906 3799 4957 τῶν

384 4994 531 5067 lipix
557 4994 742 5067 igitur
767 5013 1060 5053 consensu
1091 4997 1457 5053 exercituum
1490 4999 1736 5070 imperio
1768 5001 2019 5055 omnium

2145 4998 2554 5071 περισωθέντων
2607 5001 2950 5074 στρατιωτῶν
3005 4994 3226 5067 ἠπείλει
3282 4991 3553 5065 διαθήσειν
3602 4991 3809 5053 αὐτοὺς

385 5083 650 5156 gentium
683 5101 809 5155 quis
841 5085 1218 5142 Muchumeto
1244 5091 1587 5157 paruerunt,
1623 5091 1883 5158 accepto,
1917 5092 2040 5144 tur-

385 5190 482 5230 res
513 5173 712 5245 pontis
763 5175 1036 5231 Araxidis
1087 5177 1312 5231 evertit.
1374 5175 1559 5230 Fluvii
1611 5192 1784 5248 porro
1841 5181 2039 5232 trans-

386 5262 474 5319 itu
515 5261 826 5334 patel‘acto,
871 5279 1087 5336 magna
1141 5264 1295 5322 256
1345 5263 1670 5320 Turcorum
1721 5263 2041 5322 multitudo

2146 5087 2214 5141 τὰ
2242 5085 2512 5162 χείριστα.
2545 5087 2608 5140 Ol
2658 5082 2717 5140 δὲ
2759 5083 3053 5154 δείσαντες,
3114 5088 3231 5147 τοῖς
3285 5081 3548 5157 Τούρκοις
3602 5081 3812 5156 προσέ-

2150 5176 2325 5231 θεντο.
2399 5171 2542 5246 ’Ήδη
2621 5171 2680 5229 δὲ
2738 5174 2828 5229 καὶ
2887 5171 3071 5229 ἄλλων
3124 5170 3504 5246 προσρυέντων
3564 5173 3812 5245 συχνῶν,

2152 5260 2365 5319 δούλων
2423 5284 2482 5319 τε
2536 5263 2628 5319 καὶ
2683 5261 3042 5340 κακούργων,
3122 5258 3445 5332 λεηλασίαις
3497 5258 3812 5336 χαιρόντων

1671 5437 1874 5501 Variis
1902 5438 2204 5505 lectiones
2235 5445 2298 5502 et
2326 5444 2517 5502 notis.

465 5587 577 5675 (37)
607 5585 730 5672 Elei
761 5587 856 5664 μὶν
888 5588 1002 5675 οὗν.
1030 5589 1493 5675 ροιξΓιιιισοτοᾳξ,
1534 5589 1758 5675 origine
1803 5592 2019 5675 copiosi

2143 5590 2440 5675 Bistz‘li‘b:
2465 5592 2517 5664 1,
2550 5609 2610 5675 η’.
2635 5593 2692 5675 7ἶ

393 5660 566 5718 βεῐίε
614 5660 844 5734 egimus
899 5663 961 5721 in
1029 5663 1194 5722 Notis
1270 5664 1344 5720 ad
1427 5660 1738 5737 NicepHori
1808 5660 2042 5738 Br-yenii

2226 5664 2338 5740 (38)
2367 5659 2650 5724 Οόννικόν.
2681 5667 2820 5723 Mss.
2853 5659 3099 5721 Οὖνίκόν.
