4036 6206
224 350 320 409 221

1473 348 1684 410 ANNA
1696 348 1888 412 LIUM
1932 350 2079 411 LIB.
2128 351 2318 412 XVII.

3479 355 3598 414 222

220 478 293 533 καὶ
332 477 610 552 ἆρπαγαις,
663 475 1012 548 πολυπληθὲς
1061 475 1307 554 ἐγένοντο
1364 479 1688 553 στράτευμα,
1747 480 1832 534 καῖ

1957 483 2026 537 ad
2059 497 2194 538 eum
2226 499 2288 540 se
2345 483 2616 540 contulit.
2674 484 2766 540 Sic
2814 485 3048 556 magnis
3102 484 3285 556 copiis
3333 485 3596 542 Turcicis

217 571 280 638 τῷ
331 564 664 639 Μουχοῦμετ
713 565 836 642 περῖ
865 567 927 620 τὸ
985 567 1262 643 ’Λπασχᾶν
1299 569 1410 640 (39)
1443 567 1832 643 συρῥήγνυνται

215 656 290 710 καὶ
340 652 560 708 πολλῶν
622 652 890 709 πεσόντων
921 655 1008 710 καὶ
1060 660 1408 730 Σαρακηνῶν,
1457 658 1545 711 καὶ
1600 657 1757 719 αὐτὸς
1806 659 1834 713 6

214 745 518 820 Μουχοᾶμετ
605 740 932 820 διέφθαρτο.
1014 743 1462 818 Ὁμονοησαὶντων
1550 745 1640 799 οὖν
1725 751 1832 801 τῶν

215 833 627 907 στρατευμάτων,
688 835 832 908 παρὰ
901 832 1115 888 πάντων
1185 835 1213 889 6
1292 833 1662 910 Ταγκρολίπιξ
1733 835 1834 904 τὴν

212 923 366 999 ἀρχὴν
396 925 502 974 τῶν
542 922 651 976 ὑπὸ
697 921 786 977 τὸν
846 922 1178 998 Μουχοῦμετ
1236 923 1572 1000 ἑνεχειρίσθη
1606 928 1830 1001 χωρῶν.

208 1009 426 1083 Αίρεθεῖς
458 1007 506 1064 δ’
537 1009 619 1073 εἷς
650 1010 971 1085 ἡγεμονίαν,
1004 1012 1222 1086 πεμψας
1262 1013 1388 1076 τοὺς
1416 1011 1468 1068 ἐν
1511 1017 1580 1087 τῇ
1628 1013 1836 1089 γεφῦρᾳ

207 1095 585 1171 τοῦἋράξιδος
615 1099 855 1176 πύργους
882 1095 1201 1158 κατέϐαλεν.
1261 1101 1419 1159 Οὕτω
1468 1098 1514 1156 δ’
1558 1101 1834 1171 ἀνεθείσης

205 1192 301 1249 τοῖς
345 1186 615 1264 Τούρκοις
668 1195 767 1257 τῆς
817 1186 1004 1244 διόδου
1049 1194 1146 1244 τοῦ
1193 1194 1466 1263 ποταμοῦ,
1526 1188 1670 1246 πολὺ
1725 1195 1833 1244 τῶν

205 1270 477 1349 Βαρϐάρων
534 1278 749 1332 τούτων
802 1277 1018 1349 πλῆθος
1079 1279 1387 1356 προσεῤῥόη
1445 1284 1525 1352 τῷ
1594 1281 1834 1354 Τάγκροο

207 1366 381 1436 λίπικι,
413 1365 504 1421 καὶ
537 1372 708 1443 χεῖρα
755 1368 970 1444 βαρεῖαν
999 1369 1059 1424 ἐκ
1094 1368 1302 1424 τούτων
1349 1370 1376 1424 6
1423 1373 1532 1425 τῶν
1577 1368 1833 1444 Τούρκων

205 1455 521 1529 κτησάμενος
555 1457 832 1532 ἀρχηγὸς,
881 1457 1187 1534 ἀφαιρεῖται
1249 1460 1342 1532 μὶν
1400 1457 1654 1514 πάντοθεν
1708 1458 1834 1520 τοὺς

207 1544 535 1620 Σαραχηνοῦς
568 1547 673 1614 τήν
705 1547 908 1622 ἀρχὴν,
929 1548 1101 1618 ἑαυτῷ
1131 1545 1188 1602 δὲ
1215 1547 1412 1618 ταύτην
1445 1547 1671 1612 καὶτοῖς
1700 1548 1834 1620 ὁμο-

200 1635 348 1708 γενὲσι
382 1632 672 1708 ἀπένειμε,
702 1635 790 1689 καὶ
819 1635 893 1698 εἷς
927 1635 1201 1706 ὑπηκόους
1245 1636 1372 1699 τοὺς
1417 1636 1477 1692 ἐκ
1517 1643 1616 1706 τῆς
1666 1639 1835 1710 ’Ἅγαρ

199 1721 524 1792 κατέστησεν.
585 1725 718 1779 Εἶτα
768 1724 928 1788 αὐτὸς
978 1726 1071 1798 μὶν
1117 1724 1268 1801 μάχῃ
1300 1725 1426 1789 τοὺς
1455 1721 1836 1787 Βαϐυλωνίους

199 1814 620 1882 προσεκτήσατο,
650 1813 744 1867 τὸν
777 1809 834 1868 δὲ
878 1810 1250 1891 ἀδελφόπαιδα
1308 1813 1692 1887 Κουτλουμοῦς
1743 1813 1834 1868 σὺν

201 1905 400 1974 στρατιᾷ
427 1902 570 1956 κατὰ
602 1906 711 1956 τῶν
743 1896 986 1977 Ἀράϐων
1014 1901 1330 1976 ἐξέπεμψεν·
1391 1904 1418 1958 6
1467 1901 1525 1958 δὶ
1579 1903 1835 1974 ἡττηθεὶς

203 1988 494 2065 ὖπὲστρεφε,
556 1991 654 2045 καὶ
686 1985 1122 2066 διαπρεσϐεύεται
1151 1992 1286 2067 πρὸς
1325 1992 1416 2046 τὸν
1463 1999 1564 2061 τῆς
1621 1989 1835 2062 Μηδίας

183 2078 416 2154 ἄρχοντα
446 2077 626 2152 (οὕτω
657 2077 704 2134 δ’
734 2079 980 2136 ἐκαλεῖτο
1010 2078 1178 2135 πάλαι
1208 2081 1271 2135 τὸ
1318 2083 1691 2157 Βαασπρακᾶν)
1749 2081 1836 2136 αἱ·

200 2172 289 2221 τῶν
329 2171 815 2244 παραχωρηθῆναι
863 2166 954 2224 διὰ
1001 2172 1101 2234 τῆς
1148 2169 1335 2244 χώρας
1384 2170 1547 2224 αὐτοῦ
1578 2167 1834 2234 διελθεῖν,

201 2259 251 2315 Ὀ
300 2255 354 2311 δὲ
407 2265 512 2328 τῆς
571 2259 766 2334 χώρας
816 2257 1020 2329 ταύτης
1077 2258 1136 2313 ἐκ
1169 2257 1436 2334 βασιλέως
1469 2261 1654 2335 ἄρχειν
1701 2279 1838 2333 προ-

203 2347 496 2421 χειρισθεὶς,
549 2347 620 2402 οὐ
673 2347 839 2420 μόνον
885 2347 983 2403 οὐκ
1031 2347 1197 2418 ἀνῆκε
1241 2348 1420 2421 τούτῳ
1474 2349 1572 2418 τήν
1631 2345 1835 2420 δίοδον,

204 2433 328 2488 ἀλλᾶ
385 2436 477 2490 καὶ
539 2435 866 2507 ἀντετάξατο
942 2437 1059 2491 κατ’
1114 2438 1320 2506 αὐτοῦ,
1397 2435 1486 2492 καί
1536 2433 1834 2510 συμϐαλὼν

204 2525 426 2592 ἡττᾶται,
485 2525 588 2580 καὶ
645 2524 892 2587 πολλοὺς
950 2527 1044 2598 μὶν
1106 2529 1215 2580 τῶν
1271 2525 1483 2581 οἰκείων
1543 2521 1834 2599 ἀπέϐαλεν,

201 2610 309 2679 ἥλω
364 2609 412 2667 δ’
468 2613 660 2678 αὐτός.
719 2615 779 2672 Ὁ
833 2619 961 2690 γοῦν
998 2614 1383 2689 Κουτλουμοὺς
1413 2616 1549 2691 πρὸς
1578 2618 1670 2672 τὸν
1701 2622 1834 2693 Ταγ-

202 2699 475 2774 κρολίπικα
533 2701 850 2759 ἐπανελθὼν
879 2704 948 2760 τὰ
976 2706 1224 2780 περὶτοῦ
1279 2705 1417 2760 κατᾶ
1471 2707 1568 2775 τὴν
1621 2704 1834 2777 Μηδίαν

206 2786 434 2866 διηγεῖτα
485 2791 769 2866 πολέμου,
833 2793 922 2848 καὶ
982 2801 1082 2863 τῆς
1134 2795 1323 2870 χώρας
1355 2794 1570 2868 ἐξυμνεῖ
1597 2796 1657 2850 τὸ
1688 2797 1837 2870 πάμ-

206 2900 367 2958 φορον,
415 2882 506 2937 καὶ
565 2883 894 2957 προσετίθει,
945 2883 1217 2940 εὐάλωτον
1268 2885 1644 2956 εἶναιταύτην,
1694 2890 1840 2962 παρὰ

204 2975 447 3041 γυναικῶν
513 2973 926 3046 καρπουμένην,
986 2972 1128 3028 οὕτω
1176 2972 1358 3028 καλῶν
1417 2974 1544 3038 τοὺς
1596 2997 1836 3053 μαχεσα-

210 3059 376 3128 μένους
441 3059 623 3132 αὐτῷ.
679 3062 742 3119 Ὁ
798 3058 855 3116 δὶ
909 3061 1282 3138 Ταγκρολίπιζ
1309 3062 1454 3136 αὐτῷ
1490 3065 1584 3138 μὲν
1619 3063 1708 3120 διὰ
1743 3067 1841 3136 τήν

207 3148 346 3214 ἧτταν
399 3147 632 3222 ἐμηνία,
683 3149 884 3213 ἐκεῖνος
915 3148 972 3206 δὲ
1000 3153 1135 3206 κατά
1161 3156 1271 3208 τῶν
1328 3148 1574 3230 ’Δραϐων
1616 3154 1837 3231 ἐχώρει.

1945 571 2529 638 sulfultus,omnibus
2545 575 2881 629 Sarracenis
2899 575 3238 645 ademptum
3268 573 3594 645 imperium,

1944 659 2004 714 in
2037 678 2099 716 se
2129 665 2185 716 et
2219 661 2531 733 populares
2565 680 2705 718 suos
2739 663 3124 730 transtulit,et
3155 668 3452 733 Agarenos
3483 661 3597 717 sibi

1946 766 2148 820 parere
2179 752 2384 823 coegit.
2440 751 2652 806 Deinde
2705 751 3035 823 Babyloniis
3092 751 3246 806 bello
3305 749 3588 818 subactis,

1944 838 2142 894 fratris
2176 839 2855 894 filiumCutlumumcum
2879 839 3132 895 exercitu
3157 844 3361 895 contra
3380 841 3594 894 Arabes

1947 927 2128 992 misit,
2161 947 2194 983 α
2222 929 2436 998 quibus
2485 935 2796 1000 superatus
2834 946 2934 1000 per
2976 929 3197 1000 legatos
3228 947 3258 984 a
3313 929 3595 1000 principe,

1943 1033 2117 1088 quem
2149 1015 2467 1088 imperator
2514 1018 2715 1073 Mediae
2759 1017 2866 1089 (sic
2897 1017 3050 1073 enim
3085 1016 3224 1072 olim
3279 1018 3596 1072 vocabatur
3682 1074 3686 1079 ,

1944 1107 2333 1177 B.aspracan)
2359 1108 2714 1178 praefecerat,
2748 1109 3060 1162 transitum
3095 1105 3378 1177 postulat:
3415 1122 3591 1177 quem

1945 1193 1995 1249 is
2017 1195 2160 1250 adeo
2193 1213 2304 1250 non
2341 1195 2647 1252 concessit.
2694 1201 2758 1250 ut
2804 1200 3068 1250 armatus
3115 1195 3200 1249 illi
3243 1179 3590 1251 occurreret.

1945 1284 2056 1340 Sed
2087 1284 2291 1340 multis
2345 1301 2585 1340 suorum
2616 1285 2873 1354 amissis,
2901 1286 3086 1339 victus
3127 1289 3184 1338 et
3238 1290 3444 1355 captus
3501 1287 3593 1339 est

1945 1371 2254 1430 (‘utlumus
2287 1379 2481 1429 autem
2514 1375 2581 1428 ad
2608 1373 3151 1446 Tangropolipicem
3181 1377 3591 1442 reversus,Me-

1946 1462 2142 1516 dicum
2166 1462 2430 1532 praelium
2464 1463 2743 1528 referens,
2775 1465 2903 1532 ejus
2938 1463 3205 1534 regionis,
3233 1461 3591 1517 fertilitatem

1946 1551 2221 1618 celebrat,
2246 1569 2372 1606 eam
2406 1557 2740 1623 expugnatu
2772 1550 3000 1607 facilem
3042 1568 3170 1607 esse
3204 1567 3494 1617 asserens,
3531 1555 3594 1605 ut

1948 1656 2065 1712 qua
2095 1639 2370 1694 mulieres
2396 1641 2760 1696 fruerentur:
2793 1640 2876 1695 sic
2905 1640 3059 1696 enim
3095 1639 3431 1712 appellabat
3473 1655 3592 1707 eos,

1948 1722 2081 1782 eum
2105 1727 2320 1799 quibus
2345 1733 2653 1800 pugnarat.
2687 1727 2971 1783 Caeterum
3003 1727 3385 1800 Tangrolipix
3406 1726 3489 1781 illi
3523 1727 3595 1783 ob

1868 1851 1916 1916 Β
1949 1815 2175 1870 cladem
2201 1822 2497 1886 acceptam
2522 1816 2729 1886 iratus,
2764 1817 2887 1886 ipse
2921 1822 3124 1871 contra
3153 1817 3373 1870 Arabes
3418 1815 3594 1887 profl-

1947 1904 2206 1962 ciscitur.
2256 1905 2565 1960 Cutlumus
2609 1911 2805 1960 autem
2854 1922 2987 1960 cum
3033 1905 3159 1960 suis
3207 1922 3388 1977 poenae
3436 1908 3595 1960 metu

1947 1993 2196 2064 aufugit,
2228 1998 2284 2048 et
2314 1998 2526 2048 Pasare
2557 1993 3032 2048 Chorasmiorum
3055 1994 3195 2048 urbe
3225 1997 3530 2064 occupata,
3563 2009 3597 2048 a

1945 2082 2180 2138 sultano
2236 2081 2344 2154 (sic
2389 2083 2548 2138 enim
2588 2082 2960 2154 Tangrolipix
3009 2081 3436 2155 appellabatur)
3499 2083 3598 2136 de-

1947 2170 2164 2238 ficit,et
2185 2176 2396 2243 patruo
2427 2190 2461 2227 a
2487 2189 2601 2244 quo
2643 2171 3040 2237 obsidebatur,
3102 2171 3202 2225 diu
3255 2169 3486 2240 restitit,
3519 2169 3592 2224 ob

1945 2259 2056 2315 loci
2085 2261 2470 2316 munitionem
2503 2263 2721 2316 frustra
2767 2260 3076 2316 laboranti.
3143 2259 3250 2325 Qui
3317 2276 3385 2315 ea
3433 2259 3592 2314 obsi-

1947 2348 2118 2404 dione
2148 2354 2490 2421 occupatus,
2513 2353 2762 2405 Asanem
2797 2367 2931 2404 eum
2956 2349 3139 2420 justis
3171 2348 3355 2420 cOpiis
3387 2352 3592 2402 contra

1945 2435 2190 2490 Mediam
2221 2436 2420 2492 mittit.
2460 2437 2512 2491 Is
2546 2435 2767 2508 impetu
2804 2435 2859 2491 in
2913 2435 3269 2508 provinciam
3317 2437 3490 2502 facto,
3535 2438 3594 2490 et

1948 2524 2142 2599 praelio
2164 2542 2300 2580 cum
2335 2525 2614 2581 Romanis
2644 2525 2978 2592 commisso,
3011 2524 3135 2597 ipse
3165 2524 3589 2592 cadit,amisso,

1947 2613 2322 2686 paucissimis
2355 2613 2631 2685 exceptis,
2655 2619 2775 2670 toto
2806 2614 3081 2670 exercitu.
3133 2615 3255 2680 Quo
3315 2613 3590 2668 sultanus

1947 2703 2200 2776 cognito,
2235 2720 2376 2758 sane
2397 2702 2603 2772 doluit,
2628 2704 2727 2758 sed
2763 2704 3059 2774 jacturam
3091 2701 3252 2758 illam
3311 2701 3592 2758 resarcire

1947 2792 2211 2864 cupiens,
2249 2791 2438 2846 Alimo
2483 2792 2759 2847 Abrainio
2812 2792 2971 2846 fratri
3016 2808 3085 2846 ex
3115 2790 3295 2846 altero
3356 2794 3593 2861 parente

1947 2882 2260 2937 exercitum
2279 2886 2507 2936 centum
2532 2879 2783 2935 millium
2815 2879 3046 2934 circiter
3075 2884 3279 2935 contra
3300 2879 3594 2934 Romanos

1949 2970 2283 3025 ducendum
2316 2969 2648 3025 committit.
2706 2970 2814 3024 Sed
2865 2968 3326 3041 Baasparacanis
3384 2972 3594 3040 prator

1949 3058 2146 3132 petitis
2175 3059 2248 3114 ab
2307 3059 2655 3131 imperatore
2711 3057 2964 3125 auxiliis,
3021 3057 3355 3130 Liparitam,
3412 3056 3596 3128 partis

1952 3149 2151 3205 Iberiaa
2183 3150 2492 3221 dynastam
2523 3148 2916 3220 exspectabat,
2955 3163 3144 3219 neque
3192 3163 3328 3202 cum
3387 3145 3596 3202 Turcis

209 3236 288 3290 Καὶ
319 3238 344 3291 6
389 3237 786 3310 Κουτλουμοὺς
817 3237 992 3302 δείσας
1019 3239 1224 3316 ἀπέδρα
1257 3213 1522 3315 μεταιτῶν
1548 3213 1832 3318 σὺνωαόἱεῷ1

1953 3239 2358 3293 dimicandum
2391 3238 2504 3294 sibi
2551 3238 2848 3305 censebat,
2903 3238 3249 3309 priusquam
3308 3252 3378 3291 ex
3436 3250 3599 3290 man-

207 3324 280 3378 καὶ
329 3325 390 3381 τὸ
443 3326 636 3402 Πάσαρ
663 3326 848 3395 (πόλις
907 3327 954 3384 δ’
1003 3327 1114 3385 ἔστι
1159 3334 1267 3385 τῶν
1293 3330 1662 3406 Χωρασμίων)
1687 3335 1839 3389 τουτὶ

203 3415 494 3490 κατασχὼν,
559 3415 847 3494 ἀφίσταται
879 3423 975 3472 τοῦ
1025 3417 1256 3474 σουλτάν
1315 3417 1482 3494 (οὕτω
1513 3421 1613 3495 γὰρ
1642 3423 1670 3476 6
1698 3427 1835 3496 Ταγ-

206 3500 430 3577 κρολίπιξ
491 3503 808 3579 ὠνόμαστο)
874 3506 964 3561 καὶ
1014 3505 1102 3562 ἐπὶ
1160 3505 1304 3562 πολὺ
1359 3509 1496 3584 πρὸς
1553 3511 1642 3564 τὸν
1695 3512 1837 3566 Θεῖον

201 3587 612 3661 ἀντικαθίστατο,
669 3592 1072 3670 πολιορκοῦντα
1123 3596 1305 3667 αὐτὸν,
1357 3594 1448 3651 διὰ
1503 3594 1687 3668 δὲτὴν
1736 3602 1834 3669 τῆς

201 3677 390 3744 πόλεως
446 3681 771 3757 ὀχυρότητα
826 3681 994 3757 μηδὲν
1050 3685 1240 3740 ἀνύσαι
1299 3684 1621 3760 δυνάμενον.
1663 3688 1762 3744 Καὶ
1807 3690 1834 3744 ὁ

205 3766 282 3837 μὲν
309 3769 541 3826 σουλτάν
564 3775 633 3846 τῇ
669 3771 964 3848 πολιορκία
990 3778 1087 3828 τοῦ
1136 3776 1317 3850 Πάσαρ
1376 3775 1829 3853 προσησχόλητοο

203 3853 395 3914 στέλλει
425 3857 485 3915 δὲ
519 3861 654 3915 κατᾶ
710 3858 924 3932 Μηδίας
976 3863 1131 3919 Ἀσὰν
1187 3861 1277 3918 σὺν
1335 3864 1625 3940 ἀξιομάχῳ
1671 3863 1831 3921 δυνά-

205 3966 296 4016 μει.
350 3949 410 4006 Ὀ
469 3947 532 4004 δὲ
560 3945 887 4026 προσϐαλὼν
932 3955 1001 4026 τῇ
1054 3951 1234 4028 χώρᾳ,
1265 3954 1352 4008 καὶ
1395 3953 1668 4027 συμμίξας
1699 3956 1832 4010 Ῥω-

1948 3330 2085 3384 dato
2117 3326 2488 3400 imperatoris
2518 3327 2750 3382 lberum
2776 3325 3090 3382 auxiliores
3121 3324 3298 3398 copiae
3330 3323 3594 3380 advenis-

1946 3422 2098 3474 sent.
2132 3416 2411 3473 Romanis
2454 3416 2633 3488 igitur
2681 3416 2835 3472 intra
2891 3415 3245 3472 munitiones
3295 3430 3358 3469 se
3410 3412 3592 3468 conti-

1947 3504 2244 3572 nentibus,
2277 3503 2504 3560 Alimus
2539 3507 2749 3575 negata
2800 3501 3101 3574 pugnandi
3151 3499 3336 3571 copia.
3385 3500 3592 3554 Arzem

1945 3593 2227 3666 oppidum
2247 3592 2408 3648 nullo
2441 3609 2609 3648 muro
2647 3591 3100 3658 circumdatum,
3153 3589 3305 3660 quod
3366 3603 3592 3642 merca-

1943 3686 2099 3738 tores
2133 3699 2278 3754 pene
2310 3681 2790 3748 innumerabiles,
2826 3679 3092 3735 homines
3125 3677 3400 3734 ditissimi
3432 3676 3592 3731 inco-

1942 3771 2158 3840 lebant,
2193 3788 2254 3826 se
2284 3770 2708 3844 primoimpetu
2743 3774 3052 3840 capturum
3107 3771 3292 3834 ratus,
3324 3783 3428 3838 spe
3485 3782 3594 3820 sua

1943 3861 2261 3917 frustratus
2287 3865 2397 3926 est,
2419 3876 2553 3915 cum
2592 3858 2738 3914 illud
2771 3857 3136 3913 invassisset.
3182 3861 3328 3910 Nam
3389 3852 3591 3909 incolae

1943 3951 2140 4008 aditus
2170 3949 2344 4022 lignis
2382 3950 2816 4016 obstruxerunt,
2851 3952 2908 4004 et
2936 3946 3070 4002 telis
3100 3963 3170 4002 ex
3196 3945 3422 4000 aedibus
3452 3957 3590 3997 con-

207 4034 385 4109 μαίοις,
444 4037 634 4094 πίπτει
698 4041 790 4114 μὶν
848 4039 1030 4110 αὐτὸς,
1074 4043 1297 4111 ἡττᾶται
1331 4039 1388 4098 δὲ
1416 4043 1480 4098 τὸ
1534 4043 1626 4098 σὺν
1681 4045 1831 4117 αὐτῷ

1943 4040 2210 4113 iiciendis
2242 4038 2462 4095 multos
2483 4037 2870 4094 sustulerunt.
2891 4037 2968 4092 Eo
2992 4053 3094 4108 per
3122 4051 3222 4091 sex
3251 4035 3376 4089 dies
3417 4032 3592 4097 facto,

203 4129 593 4200 στρατιωτικὸν,
641 4129 730 4184 καὶ
783 4128 1091 4206 βραχίστων
1152 4127 1298 4208 ἄτερ,
1329 4132 1392 4188 τὸ
1422 4137 1524 4187 πᾶν
1583 4132 1829 4189 ἀπόλλυ-

197 4231 290 4271 ται.
339 4217 405 4274 Ὅ
461 4217 646 4290 μαθὼν
698 4218 726 4273 6
754 4216 989 4275 σουλτᾶν
1022 4219 1275 4293 ἠθύμησε
1305 4221 1420 4294 μὲν,
1471 4217 1828 4278 ἐπαναλαϐεῖν

200 4296 240 4354 δ’
287 4303 429 4370 αὖθις
464 4302 690 4362 ἔσπευδε
716 4308 778 4362 τὸ
811 4305 1158 4384 δυστύχημα,
1191 4309 1282 4364 καὶ
1324 4309 1498 4384 Ἀλίμ
1545 4306 1830 4386 Ἀϐραμίῳ

1942 4144 2076 4184 cum
2105 4128 2428 4184 Turcorum
2459 4127 2578 4182 dux
2625 4131 2878 4182 Arzenos
2927 4124 3245 4181 fortissime
3285 4139 3348 4179 se
3393 4121 3590 4177 defen-

1941 4219 2098 4285 dere,
2124 4218 2273 4274 257
2336 4233 2442 4272 nec
2500 4216 2805 4272 obsidione
2863 4214 3031 4270 facile
3082 4213 3210 4287 capi
3265 4227 3437 4285 posse
3469 4225 3590 4266 cer-

1940 4321 2124 4378 neret,
2157 4307 2280 4379 igni
2311 4323 2410 4362 eos
2439 4323 2716 4378 superare
2747 4305 3045 4361 instituit:
3070 4321 3185 4377 quo
3220 4302 3444 4359 aadibus
3502 4299 3589 4353 in-

199 4386 487 4465 ἰτεροθαλεῖ
536 4396 729 4452 ἑαυτοῦ
784 4394 1004 4475 ἀδελφῷ
1082 4399 1332 4474 στρατιὰν
1389 4398 1692 4475 ἐγχειρίσας
1749 4399 1827 4464 εἷς

1943 4397 2112 4468 ieoto,
2144 4412 2279 4452 cum
2308 4395 2645 4451 incendium
2680 4393 2934 4466 undique
2967 4393 3214 4462 saeviret,
3266 4389 3490 4446 civibus
3530 4387 3590 4442 in

200 4477 365 4536 ἑκατὸν
438 4483 847 4559 ἀριθμουμένην
926 4485 1274 4562 χιλιοστύας,
1336 4488 1474 4544 κατά
1540 4488 1824 4562 Ῥωμαίων

1937 4485 2138 4558 fugam
2160 4483 2364 4550 versis,
2398 4483 2635 4540 Barbari
2667 4483 2882 4555 oppido
2933 4481 3124 4554 potiti,
3160 4480 3413 4536 multum
3463 4476 3591 4532 auri

202 4565 486 4656 ἐξίπεμψεν.
565 4575 628 4632 Ὀ
695 4571 754 4628 δὶ
813 4578 909 4629 τοῦ
981 4580 1300 4649 Βασπρακᾶν
1380 4577 1685 4653 στρατηγὸς
1749 4579 1830 4650 τῷ

1943 4579 1995 4630 et
2023 4573 2273 4630 aliarum
2295 4590 2474 4646 opum
2505 4573 2875 4641 invenerunt,
2908 4588 3055 4643 quas
3086 4572 3325 4625 flamma
3353 4583 3468 4621 non
3489 4564 3590 4620 ab-

210 4655 398 4729 βασιλεῐ
448 4663 571 4738 περὶ
631 4662 838 4718 τούτων
873 4661 962 4718 διὰ
988 4664 1328 4742 γραμμάτων
1389 4663 1655 4738 ὶδήλωσε,
1691 4687 1828 4741 συμ-

210 4750 392 4823 μαχίαν
451 4751 640 4808 αἰτῶν·
689 4751 786 4806 Καὶ
845 4752 902 4816 ὅς
950 4757 1030 4826 τῷ
1083 4754 1348 4830 Λιπαρίτῃ
1381 4752 1610 4830 δυνάστῃ
1639 4755 1830 4832 μοίρας

208 4840 298 4891 τῶν
355 4835 582 4917 Ἰϐηρων
644 4842 970 4918 τυγχάνοντι
1028 4841 1304 4900 ἐπέστειλε
1374 4841 1646 4900 συνελθεῖν
1707 4854 1826 4909 τοῖς

208 4926 502 5003 Ῥωμαίοις,
554 4931 643 4986 καὶ
699 4930 962 5007 ἐπαρῆξαι
1009 4932 1146 4988 κατᾶ
1193 4937 1302 4987 τῶν
1361 4932 1637 5008 Τούρκων.
1710 4938 1828 4990 Τῶν

209 5015 432 5093 Τουρκων
465 5017 522 5076 δὶ
578 5018 907 5077 ἐπιστάντων
931 5018 1064 5095 ἤδη,
1115 5023 1168 5077 οἱ
1222 5027 1482 5098 Ῥωμαῖοι
1512 5021 1828 5098 πολεμῆσαί

209 5123 358 5189 σφισιν
385 5107 480 5166 οὐκ
537 5103 774 5185 ἔκριναν,
832 5111 876 5166 si
930 5112 1005 5186 μὴ
1065 5111 1308 5168 ἐνωθεῖεν
1359 5113 1495 5169 κατὰ
1520 5115 1622 5184 τήν
1675 5115 1826 5189 βασι-

209 5187 346 5265 λικήν
395 5195 621 5268 ἐντολὴν
668 5198 758 5255 καὶ
805 5203 922 5264 τοῖς
977 5195 1248 5278 Ἴϐηρσιν.
1309 5187 1718 5276 Ἀτρεμούντων
1771 5200 1828 5258 δὶ

210 5286 296 5338 τῶν
369 5292 735 5366 στρατιωτῶν,
817 5291 895 5364 μὴ
973 5287 1270 5365 δυνάμενος
1337 5290 1522 5358 αὐτοῖς
1577 5293 1606 5347 6
1659 5290 1828 5366 Ἃλὶμ

212 5369 497 5450 συμϐαλεῖν,
552 5377 629 5442 εἷς
687 5377 959 5457 ὀχύρωμα
986 5400 1037 5436 τι
1096 5382 1596 5460 προσκαθημένοις,
1653 5377 1821 5438 ἔπεισι

1940 4668 2294 4736 sumpserat.
2328 4663 2468 4718 Inde
2499 4662 2712 4718 iterum
2741 4676 2947 4717 contra
2995 4661 3323 4716 Romanum
3373 4653 3591 4710 exerci-

1938 4759 2068 4810 tum
2097 4755 2501 4825 properarunt.
2533 4756 2676 4806 Cum
2707 4750 2988 4823 Liparites
3009 4765 3142 4804 cum
3175 4745 3439 4802 lberibus
3463 4744 3591 4814 jam

1939 4844 2191 4910 adesset,
2250 4841 2360 4896 sub
2407 4857 2709 4912 vesperam
2794 4839 3112 4894 commisso
3161 4836 3232 4891 ad
3316 4833 3592 4906 Bulytum

1937 4930 2135 5004 praelio
2168 4929 2399 4985 Alimus
2431 4937 2488 4984 et
2507 4929 2833 4985 Chrosanes
2860 4927 3008 4984 alter
3029 4927 3419 4982 Barbarorum
3451 4923 3591 5006 dux,

1936 5012 2069 5077 cum
2101 5019 2226 5076 suis
2256 5017 2520 5075 conversi
2551 5017 2851 5090 fugerunt,
2884 5016 3162 5073 Romanis
3181 5015 3296 5084 {eos
3337 5014 3396 5070 in
3437 5011 3590 5068 mul-

1934 5115 2056 5168 tam
2089 5113 2317 5166 noctem
2388 5107 2731 5182 persecutis.
2769 5107 3054 5180 Liparites
3132 5122 3266 5162 vero
3343 5104 3404 5159 in
3473 5101 3590 5156 aiio

1936 5217 2116 5257 cornu
2143 5215 2416 5272 pugnans
2462 5199 2534 5254 ab
2583 5196 2852 5253 hostibus
2900 5201 3110 5269 captus
3155 5195 3365 5261 fuerat,
3417 5207 3591 5262 quem

1936 5291 2077 5348 dum
2106 5289 2348 5346 Romani
2401 5287 2462 5344 in
2507 5291 2700 5344 castra
2777 5287 2992 5343 reversi
3061 5285 3163 5341 diu
3229 5282 3594 5355 exspectant,

1935 5397 2110 5438 casus
2169 5378 2332 5436 illius
2387 5376 2598 5451 ignari,
2633 5375 2876 5449 quidam
2935 5375 3192 5448 nuntiat,
3232 5375 3470 5446 captum
3520 5367 3594 5425 ab

1455 5537 1662 5601 Variis
1705 5534 2007 5600 lectiones
2035 5539 2098 5596 et
2124 5537 2314 5595 nota.

283 5691 380 5768 {39)
415 5696 719 5772 Ἀσπαχάν.
779 5696 939 5757 Alter
965 5713 998 5756 θ
1026 5698 1167 5774 Reg.
1199 5698 1500 5778 Ἀπασχάν.
