4036 6206
310 322 430 382 223

1649 319 1974 380 JOANNIS
2031 317 2370 379 ZONARE

3599 316 3724 374 224

308 448 580 509 hostibus
629 452 976 510 festinanter
1027 449 1258 508 abduci.
1313 451 1434 517 Quo
1487 447 1717 522 cognito
1763 448 1850 504 illi
1890 448 1949 504 in

2069 450 2144 520 τῷ
2202 448 2405 523 Ἀρτζε
2457 443 2804 520 (κωμόπολις
2835 441 2880 500 δ’
2910 444 2978 514 ἦν
3007 443 3216 518 τοῦτο)⁶
3247 440 3462 514 πληθὺς
3501 439 3548 496 δ’
3581 441 3721 514 ἐνῴ-

311 557 556 596 maerore
586 546 771 612 erant,
805 541 1043 598 Barbari
1063 557 1196 596 vero
1229 540 1285 593 Li
1296 539 1522 611 pariten
1546 541 1618 595 ad
1651 538 1951 595 sultanum

306 631 725 702 perduxerunt.
761 636 1083 702 Imperator
1110 633 1306 685 autem
1338 627 1625 686 liberandi
1671 627 1828 683 illius
1861 644 1955 683 cu-

305 720 502 790 pidus,
536 736 806 792 magnam
840 718 1148 791 pecuniam
1181 721 1309 788 ejus
1353 717 1664 773 redimenti
1710 734 1848 790 ergo
1900 724 1954 772 et

306 824 554 865 munera
583 809 816 864 sultano
848 809 1032 875 misit,
1066 812 1293 879 petens,
1326 811 1392 862 ut
1431 806 1609 862 Turci
1653 823 1788 862 cum
1837 810 1952 862 Ro-

307 898 496 954 manis
526 899 712 954 fmdus
742 898 1000 954 ferirent.
1035 897 1140 952 Cui
1172 897 1444 952 sultanus
1477 896 1790 969 Liparitem
1823 912 1954 968 gra-

304 986 384 1042 tis
415 988 688 1053 restituit,
739 987 901 1042 omni
959 986 1208 1058 pecunia
1254 986 1338 1040 illi
1403 987 1642 1052 tradita,
1687 1002 1791 1057 pro
1840 1001 1955 1057 quo

305 1075 487 1131 missa
513 1079 638 1130 erat
669 1093 682 1131 :
716 1076 1008 1144 hortatus,
1045 1092 1116 1132 ne
1140 1075 1201 1131 in
1233 1080 1534 1147 posterum
1559 1092 1722 1132 arma
1754 1079 1957 1130 contra

303 1165 524 1219 Turcos
547 1170 843 1221 sumeret:
878 1171 1054 1237 atque
1084 1166 1210 1238 ipse
1231 1165 1406 1222 etiam
1441 1165 1701 1238 legatum
1733 1165 1806 1220 ad
1839 1165 1958 1218 im-

300 1257 625 1324 peratorem
663 1255 843 1322 misit,
869 1271 1045 1326 quem
1077 1253 1158 1308 illi
1180 1254 1486 1326 Seripbem
1516 1257 1742 1322 vocant,
1787 1253 1958 1323 cujus

306 1343 510 1397 eadem
543 1343 661 1398 fere
692 1344 950 1399 conditio
983 1344 1113 1410 fuit,
1139 1361 1266 1416 quae
1298 1345 1436 1400 olim
1461 1345 1616 1416 apud
1656 1361 1762 1400 nos
1821 1361 1956 1416 syn-

299 1430 454 1486 celli.
486 1431 630 1487 Nam
665 1439 729 1487 ut
760 1432 810 1488 is
868 1433 1215 1505 patriarchas
1265 1433 1478 1489 mortui
1541 1434 1734 1489 locum
1786 1449 1958 1489 occu-

297 1521 496 1592 pabat,
531 1522 615 1577 sic
645 1523 822 1577 etiam
853 1522 1124 1594 Scriphes
1155 1522 1427 1594 chalipha
1452 1523 1724 1579 defuncto
1755 1539 1956 1579 succe-

296 1609 492 1666 debat.
527 1611 579 1666 Is
630 1611 812 1683 igitur
881 1629 1156 1684 magnam
1227 1613 1431 1668 urbem
1507 1613 1834 1685 ingressus,
1901 1617 1959 1669 et

262 1753 267 1758 .
305 1700 556 1771 superbe
596 1717 730 1756 cum
772 1700 1125 1772 imperatore
1179 1700 1525 1768 collocutus,
1567 1719 1700 1758 cum
1760 1702 1830 1757 ab
1889 1719 1954 1758 eo

298 1787 672 1859 postulasset,
707 1793 772 1844 ut
792 1789 1013 1844 tributa
1043 1789 1275 1845 sultano
1307 1791 1603 1861 penderet,
1640 1791 1856 1846 infecta
1895 1807 1955 1846 re

301 1881 392 1932 est
413 1877 719 1934 dimissus.
755 1878 877 1942 Qua
924 1879 993 1934 de
1018 1895 1194 1934 causa
1247 1879 1432 1934 iratus
1479 1878 1769 1947 sultanus,
1830 1879 1956 1951 ipse

299 1969 599 2023 Romanos
651 1983 965 2040 aggressus
1019 1973 1127 2037 est,
1180 1985 1364 2039 eoque
1408 1972 1670 2041 tempore
1713 1969 1956 2025 Turcica

299 2069 446 2127 gens
475 2053 708 2128 longius
740 2073 1067 2129 progressa,
1116 2062 1306 2112 totum
1347 2056 1640 2112 Orientem
1699 2058 1954 2130 subegit,

302 2151 360 2199 et
394 2161 576 2215 usque
613 2146 684 2200 ad
725 2147 1120 2202 continentem
1156 2147 1426 2218 Byzantio
1449 2147 1775 2215 :obversam
1823 2164 1955 2219 pro-

303 2233 503 2287 cessit.
529 2235 607 2288 Ac
637 2234 720 2289 ita
743 2250 805 2290 se
831 2251 923 2290 res
953 2234 1206 2290 Turcicae
1239 2235 1595 2290 habuerunt.

301 2333 419 2391 τοῖς
504 2325 720 2404 Ἴϐηρσι
794 2332 1268 2407 παραγεγονότος,

2061 556 2142 590 κει
2203 534 2371 607 αύτῷ,
2423 532 2499 588 ἵν’
2558 533 2732 596 οίὶτως
2765 530 3000 607 εἴποιμι,
3058 532 3147 587 καὶ
3179 532 3410 608 ἀριθμὸν
3461 526 3727 606 ὑπερϐαί-

2063 646 2246 698 νουσα,
2306 622 2540 698 ἔμποροι
2574 621 2620 678 δ’
2652 625 2789 693 ἦσαν
2821 624 2875 678 oi
2907 623 3209 699 ἂνθρωποι,
3259 622 3350 675 καὶ
3380 618 3624 682 πλοῦτος
3653 621 3724 690 ἦν

2063 715 2248 776 αὐτοῖς
2306 713 2577 790 περιττός.
2637 715 2725 776 Ὠς
2779 713 2868 768 οὖν
2901 711 3206 788 ἀτείχιστον
3257 712 3356 779 τήν
3389 708 3719 782 κωμόπολιν

2063 802 2114 875 ἐξ
2163 801 2360 882 ἐφόδου
2417 803 2587 872 αὐτὴν
2642 801 2784 858 ἐλεῖν
2842 803 2895 856 οἱ
2953 796 3232 876 Βάρϐαροι
3279 797 3540 871 ἤλπιζον,
3589 797 3722 854 ἄλλ’

2064 891 2325 968 ἔγνωσαν,
2384 887 2968 969 παραϐουκολούμενοι
3025 897 3145 953 ταῖς
3199 887 3434 961 ἐλπίσιν,
3496 887 3720 964 ἐπείπερ

2062 982 2230 1057 ταύτῃ
2309 977 2678 1057 προσέϐαλον.
2751 983 2888 1043 Ταῖς
2954 980 3059 1057 γὰρ
3116 976 3324 1041 διόδοις
3390 975 3528 1040 ὕλας
3584 977 3722 1032 έπα-

2061 1073 2312 1148 γαγόντες
2377 1071 2430 1126 οἱ
2498 1071 2701 1142 ταύτης
2771 1071 3041 1140 κάτοικοι,
3113 1068 3204 1124 καὶ
3276 1066 3497 1129 ταύταις
3555 1066 3726 1130 αὐτὰς

2067 1159 2459 1239 ἀποφράξαντες
2491 1204 2505 1230 ,
2592 1159 2653 1216 ἐκ
2738 1165 2848 1215 τῶν
2935 1156 3203 1232 δωμάτων
3278 1152 3515 1214 ἔϐαλλον
3588 1155 3726 1218 τοὺς

2065 1251 2334 1313 ἐναντίους
2369 1295 2383 1320 ,
2460 1250 2548 1306 καὶ
2619 1250 2853 1327 ἀνῄρουν
2932 1248 3220 1318 πολλοὺς,
3279 1247 3368 1303 καὶ
3425 1252 3586 1303 τοῦτο
3640 1245 3724 1324 ἐφ’

2065 1341 2299 1416 ἡμέραις
2349 1339 2550 1414 ἐγίνετο
2605 1337 2697 1411 ἓξ.
2756 1346 2840 1402 Ὡς
2901 1337 2947 1394 δ’
3017 1333 3154 1415 ἔγνω
3209 1339 3238 1394 6
3294 1343 3405 1392 τῶν
3460 1335 3725 1412 Τούρκων

2068 1430 2311 1506 ἀρχηγὸς
2369 1431 2397 1484 6
2451 1427 2628 1504 ’Δλὶμ
2702 1428 3144 1506 ἐρῥωμενέστατα
3197 1427 3327 1489 τοὺς
3384 1427 3727 1502 Ἀρτζηνοὺς

2067 1519 2502 1595 ἀντεχομένους,
2569 1519 2660 1573 καὶ
2719 1516 3017 1594 πολιορκίᾳ
3078 1517 3244 1594 ῥᾷστα
3306 1517 3383 1590 μὴ
3444 1514 3727 1583 ἀλωτοῦς,

2066 1609 2196 1680 πυρὶ
2273 1612 2382 1663 τῶν
2453 1604 2662 1682 ἀνδρῶν
2730 1607 3097 1684 περιγενέσθαι
3159 1605 3470 1680 διέγνωκεν·
3525 1603 3726 1659 αὐτίκα

2065 1697 2243 1752 τοίνυν
2299 1699 2507 1762 ἀνῆπτο
2561 1701 2744 1766 τοῦτο,
2803 1697 2893 1751 καὶ
2947 1701 3066 1760 τοῖς
3118 1695 3413 1768 οἰκήμασιν
3479 1690 3725 1749 ὑπεϐάλ-

2067 1784 2216 1842 λετο.
2277 1788 2363 1849 Ὠς
2440 1784 2486 1841 δ’
2564 1786 2766 1864 ἐξήφθη
2844 1784 3184 1861 πανταχόθεν
3261 1784 3522 1860 πυρκαϊὰ,
3592 1783 3724 1858 τρέ-

2063 1896 2254 1931 πονται
2319 1875 2413 1949 μὲν
2473 1875 2526 1929 οἱ
2575 1873 2860 1951 ἐγχώριοι,
2915 1875 2968 1928 oi
3026 1871 3084 1928 δὶ
3139 1868 3417 1950 Βάρϐαροι
3455 1874 3722 1948 κρατοῦσι

2063 1972 2162 2035 τῆς
2220 1965 2620 2038 κωμοπόλεως,
2676 1965 2766 2019 καὶ
2821 1961 2995 2018 πολὺν
3054 1960 3106 2018 ἐν
3165 1962 3302 2036 αὐτῇ
3361 1961 3566 2037 χρυσὸν
3622 1960 3724 2015 καὶ

2065 2052 2236 2109 ἄλλον
2304 2053 2540 2110 πλοῦνον
2609 2054 2898 2127 εὑρήκασιν
2930 2095 2945 2125 ,
3018 2052 3145 2116 ’ὁσος
3209 2054 3285 2124 μή
3359 2049 3723 2105 κατανάλωτο

2064 2143 2215 2220 πυρί.
2292 2145 2564 2206 Ἐντεῦθεν
2647 2141 2800 2207 αὖθις
2873 2142 3011 2198 κατά
3071 2148 3170 2211 τῆς
3229 2141 3549 2214 Ῥωμαϊκῆς
3601 2139 3722 2214 ὡρο

2071 2235 2302 2307 μήκασιν
2336 2237 2609 2308 στρατιᾶς.
2659 2229 2797 2302 Ἤδη
2861 2228 2919 2286 δὲ
2972 2230 3062 2286 καὶ
3117 2234 3215 2286 τοῦ
3267 2228 3571 2305 Λιπαρίτου
3628 2228 3731 2282 σὺν

1357 2327 1610 2405 συμϐολὴ
1695 2336 1802 2387 τῶν
1894 2333 2314 2408 στρατευμάτων
2403 2331 2616 2406 ἐγένετο
2699 2330 2822 2406 περὶ
2913 2327 3226 2387 Βουλυτον.
3307 2329 3369 2386 Ὀ
3457 2328 3552 2400 μὶν
3635 2325 3736 2380 οὖν

255 2417 482 2493 ·⁹Αλίμ
535 2421 627 2474 καὶ
691 2422 718 2475 6
770 2421 1083 2497 Χοροσάνης
1141 2420 1344 2497 (ἓτερος
1403 2419 1449 2476 δ’
1509 2419 1666 2485 οὗτος
1713 2421 1779 2491 ἦν
1833 2423 2130 2497 στρατηγὸς
2204 2425 2314 2475 τῶν
2391 2416 2716 2496 Βαρϐάρων)
2778 2421 2914 2495 μετά
2979 2424 3086 2474 τῶν
3166 2420 3254 2473 ὑπ’
3329 2416 3522 2478 αὑτοὺς
3594 2436 3742 2491 τρα-

306 2509 540 2580 πέντες,
623 2506 891 2564 ἐνέκλιναν
981 2510 1057 2572 είς
1129 2512 1348 2585 φυγὴν,
1425 2511 1513 2565 καὶ
1594 2517 1726 2589 σφᾶς
1817 2512 1870 2566 oi
1947 2509 2383 2586 ἀντιτεταγμένοι
2465 2516 2731 2584 Ῥωμαῖοι
2812 2509 2976 2585 μέχρι
3055 2508 3245 2586 πόρῥω
3321 2511 3528 2562 νυκτῶν
3604 2526 3746 2559 κατ-

314 2595 564 2652 εδίωκον.
642 2600 704 2656 Ὀ
781 2596 839 2654 δὲ
914 2601 1220 2676 Λιπαρίτης
1294 2601 1412 2656 κατ’
1496 2598 1637 2656 ἄλλο
1720 2602 1879 2676 κέρας
1976 2602 2294 2677 μαχόμενος
2371 2597 2518 2656 ἑάλω
2589 2606 2706 2662 τοῖς
2783 2599 3066 2664 ἐναντίοις.
3143 2600 3231 2661 Ὡς
3309 2595 3356 2653 δ’
3430 2595 3742 2651 ἐπαύσαντο

313 2695 415 2757 τῆς
473 2686 710 2758 διώξεως
769 2691 821 2743 oi
877 2694 1161 2763 Ῥωμαῖοι,
1218 2690 1309 2745 τὸν
1370 2690 1676 2767 Λιπαρίτην
1732 2693 2085 2768 προσέμενον,
2123 2695 2199 2766 μὴ
2248 2689 2472 2762 εἷ’δότες,
2513 2692 2542 2748 ’ὀ
2572 2693 2695 2767 περί
2731 2691 2930 2747 ἐκεῖνον
2964 2686 3328 2764 συμϐέϐηκεν.
3364 2691 3453 2747 Ἐν
3484 2689 3740 2760 τοσούτῳ

318 2772 376 2830 δέ
444 2797 527 2839 τις
575 2775 761 2839 αύτοῖς
812 2777 1065 2854 ἀγγέλλει
1111 2783 1208 2833 τοῦ
1262 2779 1562 2855 Λιπαρίτου
1607 2783 1705 2851 τὴν
1760 2779 1990 2852 ἅλωσιν,
2039 2781 2130 2836 καὶ
2180 2781 2263 2836 ὅτι
2312 2777 2572 2844 λαϐόντες
2621 2781 2778 2836 αὐτὸν
2813 2782 2863 2836 οἱ
2895 2780 3110 2844 ἑλόντες
3147 2779 3336 2834 ἀπίασι
3370 2777 3460 2833 σὺν
3494 2773 3738 2850 σπουδῇ.

313 2864 383 2922 Οἱ
438 2864 533 2938 μὲν
598 2863 688 2920 οὖν
755 2867 1020 2939 Ῥωμαῖοι
1086 2872 1252 2922 ταῦτα
1324 2869 1607 2943 μαθόντες,
1676 2870 1729 2926 ἐν
1795 2871 2051 2944 ἀθυμίαις
2105 2875 2264 2942 ἦσαν,
2317 2873 2367 2926 οἱ
2420 2866 2691 2946 Βάρϐαροι
2753 2868 2811 2926 δὲ
2850 2875 2931 2944 τῷ
2988 2868 3222 2926 σουλτάν
3277 2869 3368 2924 τὸν
3428 2865 3742 2940 Λιπαρίτην

319 2951 602 3026 ἐκόμισαν.
657 2955 721 3012 Ὅ
773 2956 960 3028 μέντοι
1012 2957 1266 3032 βασιλεὺς
1313 2963 1408 3013 τοῦ
1470 2960 1775 3036 Λιπαρίτου
1847 2962 2030 3035 μαθὼν
2087 2961 2186 3030 τὴν
2247 2958 2470 3031 ἅλωσιν,
2525 2961 2727 3034 πέμπει
2775 2961 2912 3038 πρὸς
2970 2960 3061 3015 τὸν
3109 2957 3362 3026 σουλτάν,
3423 2955 3742 3029 ἐλευθερίας

316 3041 540 3112 ἀξιῶσαι
617 3044 708 3099 τὸν
786 3045 1087 3120 Λιπαρίτην
1167 3052 1360 3120 ζητῶν,
1434 3049 1522 3103 καὶ
1595 3047 1768 3127 λύτρα
1836 3050 2034 3106 τούτου
2098 3051 2316 3124 πέμψας
2387 3048 2597 3120 πολλὰ,
2667 3049 2758 3105 xui
2828 3047 2976 3121 δῶρα
3060 3046 3118 3104 δὲ
3175 3052 3255 3120 τῷ
3311 3044 3580 3117 Σουλτάν,
3641 3043 3739 3098 καὶ

314 3128 549 3194 σπονδὰς
623 3133 783 3205 μέσον
853 3136 1136 3208 Ῥωμαίων
1213 3136 1302 3190 καὶ
1384 3136 1637 3213 Τούρκων
1694 3140 1938 3216 γενέσθαι
2011 3144 2211 3197 αυτῶν.
2278 3141 2337 3197 Ὀ
2413 3135 2470 3194 δὶ
2545 3137 2775 3194 σουλτάν
2860 3137 2950 3193 τὸν
3013 3139 3108 3211 μὲν
3159 3134 3466 3212 Λιπαρίτην
3525 3131 3740 3209 δωρεά-

314 3217 532 3274 στέλλει
586 3220 753 3294 αὐτῷ,
811 3224 879 3278 τά
951 3221 1008 3278 δέ
1075 3245 1135 3300 γε
1207 3221 1378 3302 λύτρα
1444 3226 1619 3282 πάντα
1690 3232 1792 3300 τῷ,
1860 3228 1990 3304 ὑπὲρ
2069 3226 2131 3282 οὗ
2204 3227 2630 3305 ἐπεπόμφεισαν,
2708 3223 2929 3295 δέδωκε,
2993 3225 3083 3280 καὶ
3141 3225 3336 3299 μηκέτι
3395 3221 3544 3278 ὅπλα
3597 3220 3741 3275 κατά

311 3307 570 3385 Τοῦρκων
644 3308 870 3388 ἄρασθαι
945 3312 1353 3391 παρηγγύησεν,
1423 3317 1776 3395 Ἐκπέπομφε
1851 3315 1909 3372 δὲ
1984 3317 2230 3379 κάκεῖνος
2305 3312 2539 3393 πρέσϐυν
2619 3317 2756 3391 πρὸς
2819 3313 3062 3392 βασιλέα,
3123 3315 3180 3369 ὃν
3240 3313 3472 3368 ἐκάλουν
3531 3311 3739 3366 ἐκεῖνοι

313 3398 563 3475 σερίφην.
651 3397 822 3463 Οὗτος
909 3398 955 3456 δ’
1026 3399 1137 3458 ἔστι
1219 3411 1346 3479 παρ’
1419 3405 1603 3471 αὐτοῖς
1678 3402 1809 3483 ὅπερ
1892 3404 2062 3462 πάλαι
2132 3407 2198 3476 ἦν
2275 3407 2402 3482 παρ’
2467 3408 2603 3480 ἡμῖν
2662 3407 2690 3461 6
2749 3403 3040 3480 λεγόμενος
3107 3400 3432 3480 σύγκελλος·
3501 3401 3577 3464 ὡς
3628 3399 3738 3476 γὰρ

316 3487 346 3541 6
421 3486 725 3562 σύγκελλος
798 3493 899 3544 τοῦ
973 3493 1317 3569 πατριάρχου
1391 3494 1638 3558 θανόντες
1717 3494 1793 3558 εἷς
1869 3497 1960 3551 τὸν
2034 3495 2241 3551 ἐκείνου
2319 3491 2486 3550 τόπον
2554 3494 2983 3566 ἀντικαθίστατο,
3043 3492 3187 3548 οὕτω
3245 3490 3335 3546 καὶ
3394 3493 3421 3544 6
3480 3488 3739 3565 σερίφης,

308 3579 405 3631 τοῦ
452 3574 659 3656 καλιφᾶ
715 3575 988 3652 θανόντος,
1046 3581 1139 3636 τὸν
1192 3581 1588 3656 τελευτήσαντα
1663 3583 1959 3662 διεδέχετο.
2036 3583 2309 3642 Εἰσελθὼν
2392 3589 2484 3640 οῦν
2556 3584 2631 3646 εἷς
2705 3586 2804 3655 τὴν
2874 3581 3117 3660 μεγάλην
3171 3580 3334 3637 πόλιν
3395 3581 3425 3636 6
3481 3578 3739 3657 σερίφης,

309 3663 399 3720 καὶ
431 3665 507 3728 εἷς
541 3665 763 3740 ὁμιλίαν
795 3671 875 3742 τῷ
902 3675 1184 3746 κρατοῦντι
1209 3670 1404 3744 ἐλθὼν,
1436 3674 1525 3728 καὶ
1559 3674 1834 3747 ὁμιλήσας
1868 3676 2226 3754 ὑπερηφάνως
2258 3674 2458 3753 φόρους
2487 3696 2546 3729 τε
2569 3673 2744 3729 τελεῖν
2775 3674 3017 3729 ἀπαιτῶν
3049 3677 3129 3744 τῷ
3159 3669 3412 3740 σουλτὰν,
3446 3667 3740 3745 ἀπεπέμφ-

314 3756 403 3822 θη.
435 3756 705 3811 Ἐντεῦθεν
743 3759 1132 3834 βαρυθυμήσας
1173 3762 1199 3816 ὁ
1231 3759 1486 3836 σουλτάν,
1517 3763 1678 3825 αὐτὸς
1710 3763 1845 3818 κατᾶ
1872 3763 2157 3836 Ῥωμαίων
2192 3762 2465 3840 ἐχώρησε,
2500 3763 2591 3818 καὶ
2624 3762 2806 3819 ἔκτοτε
2843 3759 3173 3838 προχωροῦν
3211 3761 3273 3815 τὸ
3319 3763 3429 3813 τῶν
3479 3757 3737 3831 Τούρκων

311 3845 490 3919 γένος,
548 3854 649 3917 τῆς
679 3849 854 3920 Ἑῲας
887 3849 1098 3921 ἀπάσης
1133 3850 1416 3927 ἐκράτησε,
1446 3853 1537 3906 καὶ
1573 3851 1738 3929 μέχρι
1773 3859 1872 3923 τῆς
1906 3852 2283 3928 ἀντιπύρθμου
2312 3857 2380 3928 τῇ
2412 3851 2700 3923 Βυζαντίδι
2733 3853 2966 3928 ἠπείρου
2995 3851 3318 3922 κατήντησε.
3365 3848 3441 3902 Τὰ
3491 3847 3588 3922 μὶν
3636 3845 3734 3900 οὖν

313 3939 419 3989 τῶν
453 3935 710 4011 Τούρκων
743 3942 935 3993 τοῦτον
962 3936 1091 4015 ἔσχε
1117 3941 1208 3994 τὸν
1236 3941 1462 4017 τρόπον,

386 4060 576 4117 XXVI.
601 4063 922 4121 Patzinacae
969 4083 1104 4122 vero
1164 4068 1224 4123 in
1257 4068 1486 4140 Europa
1515 4071 1961 4140 grassabantur,

2145 4069 2261 4137 KC.
2320 4067 2390 4122 Τὸ
2467 4064 2524 4123 δὲ
2595 4071 2703 4122 τῶν
2782 4064 3126 4136 Πατζινάκων
3205 4062 3353 4128 ἔθνος
3431 4061 3568 4117 κατά
3627 4062 3738 4130 τήν

325 4165 470 4221 gens
527 4151 798 4224 Scythica
853 4160 909 4209 et
939 4156 1244 4227 pepulosa,
1277 4157 1961 4226 ultralstrumincolens,

2076 4155 2400 4230 Εύρωπαίαν
2465 4161 2665 4231 μοῖραν
2713 4154 2987 4226 κεκίνητο·
3051 4153 3316 4209 Σκυθικὸν
3375 4149 3434 4207 δὲ
3481 4153 3546 4205 τὸ
3577 4148 3737 4212 ἔθνος

316 4237 410 4293 cui
441 4244 568 4295 tum
590 4241 891 4313 Tyrachus
923 4243 1274 4316 imperabat,
1301 4247 1386 4301 vir
1419 4247 1630 4302 nobilis
1689 4248 1788 4304 ille
1835 4249 1961 4320 qui-

2074 4246 2166 4300 καὶ
2212 4242 2669 4320 πολυάνθρωπον,
2728 4243 2893 4320 πέραν
2954 4245 3170 4319 Ἴστρου
3227 4241 3568 4315 νεμόμενον.
3633 4244 3736 4295 Ἢν

317 4326 472 4394 dem,
506 4329 607 4384 sed
642 4330 907 4402 ignavus.
941 4333 1106 4388 Alius
1137 4349 1272 4388 vero
1303 4333 1545 4406 quidam
1581 4339 1854 4407 Cegenes,
1905 4340 1971 4390 ut

313 4429 526 4486 genere
557 4417 804 4474 obscuro
827 4421 1103 4489 ortus,ita
1133 4421 1306 4477 homo
1336 4439 1469 4478 acer
1489 4428 1548 4478 et
1577 4429 1876 4491 strenuus,
1895 4427 1967 4480 ob

314 4506 504 4560 multa
533 4507 768 4579 egregia
799 4510 1058 4565 facinora
1080 4511 1138 4565 in
1162 4509 1332 4567 bellis
1345 4512 1501 4566 edita
1519 4513 1732 4583 populo
1755 4514 1970 4569 charus

312 4598 457 4648 erat.
518 4595 642 4659 Qua
690 4597 760 4652 de
802 4613 983 4652 causa
1040 4597 1342 4671 Tyrachus
1391 4616 1525 4655 eum
1561 4617 1664 4670 per
1721 4601 1972 4657 insidias

310 4681 515 4737 tollere
547 4685 849 4741 studebat.
904 4687 1027 4750 Quo
1064 4686 1170 4741 ille
1216 4687 1648 4756 animadverso,
1681 4691 1911 4747 duabus
1939 4708 1971 4746 ο

309 4771 592 4826 tredecim
652 4774 927 4830 tribubus
960 4774 1071 4830 sibi
1125 4775 1471 4844 conciliatis,
1521 4779 1761 4850 trajecto
1821 4783 1970 4836 lstro

313 4858 466 4915 258
499 4859 558 4913 in
592 4861 988 4919 Romanorum
1035 4864 1182 4919 ﬁnes
1226 4863 1402 4931 venit,
1464 4882 1526 4921 se
1581 4868 1972 4940 transfugisse

311 4945 384 5001 ad
416 4945 1024 5023 imperatorem,eique
1056 4968 1171 5007 non
1203 4951 1471 5009 inutilem
1487 4955 1626 5024 fore,
1646 4958 1967 5028 professus.

313 5037 395 5090 Ea
452 5051 514 5089 re
572 5036 849 5111 indicata,
908 5041 1330 5098 Monomacbus
1387 5044 1694 5114 praesidem
1728 5046 1970 5118 Scythas

311 5124 818 5198 susciperejubet.
839 5134 1093 5202 Cegenes
1124 5146 1256 5185 vero
1278 5130 1621 5202 Byzantium
1656 5136 1970 5205 profectus,

308 5213 370 5269 in
403 5221 783 5287 conspectum
823 5219 1195 5291 imperatoris
1244 5220 1421 5288 venit,
1469 5225 1526 5275 et
1573 5221 1818 5278 salutari
1869 5226 1970 5280 ba-

2079 4331 2137 4390 δὲ
2189 4335 2312 4390 τότε
2361 4337 2459 4390 τοῦ
2532 4331 2718 4397 ἔθνους
2778 4334 2964 4409 ἄρχων
3040 4331 3248 4408 Τυράχ,
3322 4332 3460 4407 ἀνὴρ
3514 4329 3579 4385 τὸ
3639 4329 3740 4402 μὲν

2077 4422 2229 4492 γένος
2288 4423 2436 4498 παρὰ
2481 4427 2561 4496 τῷ
2621 4421 2754 4486 ἔθνει
2784 4419 3066 4496 λαμπρὸς,
3121 4420 3185 4475 τὸ
3244 4417 3301 4474 δὲ
3352 4419 3488 4488 ἦθος
3527 4419 3735 4488 νωθής.

2075 4514 2298 4588 Ἕτερος
2356 4508 2414 4567 δέ
2467 4533 2549 4573 τις
2607 4509 2837 4586 Κεγένης
2901 4509 3286 4583 καλούμενος,
3360 4509 3573 4582 ἄσημος
3635 4508 3735 4579 μὲν

2080 4599 2204 4655 ὅσον
2267 4600 2343 4662 εἷς
2400 4598 2590 4676 γένους
2621 4597 2916 4676 ἀναφοράν,
2970 4599 3102 4672 ἀνὴρ
3163 4595 3221 4652 δὲ
3274 4596 3468 4672 ῥέκτης
3525 4615 3585 4649 τε
3638 4595 3735 4650 καὶ

2081 4685 2431 4766 δραστήριος,
2501 4688 2592 4744 καὶ
2668 4686 2944 4749 πολλάκις
3021 4686 3074 4743 ἐν
3130 4684 3403 4760 πολέμοις
3462 4681 3736 4759 ἀνδραγα-

2079 4779 2265 4851 θήσας,
2324 4779 2469 4855 παρά
2523 4781 2619 4834 τοῦ
2679 4771 2865 4841 ἔθνους
2919 4773 3233 4854 πεφίλητο.
3292 4775 3386 4830 Διὸ
3441 4773 3530 4829 καὶ
3583 4774 3736 4848 παρά

2077 4871 2175 4922 τοῦ
2231 4867 2418 4943 Τυράχ
2487 4865 2748 4943 ἐλοχᾶτο,
2808 4869 3100 4937 ζητοῦντος
3163 4863 3322 4920 αὐτὸν
3379 4861 3608 4918 ἀνελεῖν.
3665 4865 3736 4916 ’⁷0

2077 4955 2237 5033 γνοὺς
2314 4955 2540 5024 ἐκεῖνος,
2613 4955 2702 5010 καὶ
2761 4951 2856 5009 δύο
2911 4958 3020 5009 τῶν
3080 4951 3264 5030 φυλῶν
3316 4951 3734 5027 προσεταιρισάο

2084 5065 2265 5118 μενος,
2326 5043 2498 5100 ούσῶν
2556 5047 2742 5099 πασῶν
2812 5039 2938 5098 δέκα
2995 5040 3082 5096 ἐπὶ
3140 5039 3319 5116 τρισὶ,
3394 5040 3484 5096 σὺν
3546 5039 3736 5102 αὐταῖς

2083 5128 2237 5204 διέϐη
2311 5131 2404 5189 τὸν
2480 5135 2713 5208 Ἵστρον,
2791 5131 2883 5186 καὶ
2962 5129 3050 5186 ἐπὶ
3114 5128 3182 5184 τά
3258 5130 3544 5203 Ῥωμαίων
3612 5131 3737 5203 δρια

2076 5224 2315 5298 γέγονεν,
2373 5221 2687 5296 αὐτόμολος
2745 5220 2898 5290 ἥκειν
2959 5219 3134 5294 λέγων
3191 5223 3270 5290 τῷ
3327 5218 3581 5293 βασιλεῖ,
3640 5219 3735 5273 καὶ

309 5305 593 5375 ptismate
626 5306 918 5375 initiatus,
949 5307 1236 5379 patricius
1258 5313 1341 5362 est
1375 5308 1961 5384 appellatus,suisque

2081 5310 2181 5365 ούκ
2253 5309 2460 5365 ἔσεσθαί
2535 5312 2587 5366 οἱ
2669 5307 2993 5378 ἀσυντελής.
3072 5307 3355 5381 Ἐμηνύθη
3431 5312 3596 5362 ταῦτα
3654 5313 3737 5381 τῷ

311 5393 542 5462 Scythis
581 5395 900 5468 persuasit,
963 5401 1026 5452 ut
1070 5400 1128 5452 et
1181 5395 1296 5468 ipsi
1354 5397 1550 5453 divino
1600 5397 1701 5454 illo
1741 5400 1961 5457 lavacrc

2079 5401 2442 5475 Μονομάχῳ,
2513 5400 2603 5454 καὶ
2677 5400 2705 5454 6
2773 5405 2873 5468 τῆς
2947 5397 3136 5473 χώρας
3202 5394 3390 5473 ἅρχων
3456 5395 3733 5452 κελεύεται

311 5481 710 5542 abluerentur.
762 5489 906 5542 Cum
953 5501 1084 5542 vero
1146 5484 1206 5540 in
1230 5485 1373 5558 ripis
1429 5487 1565 5542 Istri
1596 5488 1810 5546 stativa
1866 5489 1961 5546 ha-

2084 5487 2327 5562 δέξασθαι
2378 5489 2508 5553 τοὺς
2566 5488 2798 5552 Σκύθας.
2858 5488 2921 5544 Ὁ
2962 5483 3020 5540 δὲ
3076 5485 3314 5563 Κεγένης
3367 5487 3456 5542 καὶ
3506 5487 3584 5548 εὶς
3627 5487 3732 5556 τὴν

311 5570 492 5640 beret,
523 5580 580 5629 et
618 5575 866 5633 ﬂumine
925 5573 1122 5633 subito
1180 5575 1449 5646 trajecta,
1491 5576 1807 5649 Tyrachios
1865 5596 1961 5636 0&3-

2085 5576 2342 5655 βασιλίδα
2390 5583 2496 5634 τῶν
2553 5577 2769 5635 πόλεων
2827 5576 3114 5652 φοιτήσας,
3171 5573 3224 5636 ἐς
3273 5571 3400 5650 ὄψιν
3456 5575 3597 5645 ἦλθε
3650 5580 3732 5649 τῷ

314 5660 491 5717 dibus
521 5667 578 5718 et
633 5665 854 5737 rapinis
883 5666 1215 5723 infestaret:
1245 5664 1547 5737 Tyrachus
1597 5683 1700 5740 per
1743 5667 1961 5742 legato:

2088 5664 2342 5744 βασιλεῖ,
2415 5667 2508 5724 καὶ
2589 5668 2658 5725 τὸ
2729 5666 3001 5743 σωτήριον
3067 5659 3371 5739 δεξάμενος
3441 5665 3731 5742 βάπτισμα
