4036 6206
185 381 283 442 225

1419 365 1830 429 ANNALIUM
1873 366 2024 427 LIB.
2068 368 2232 430 XVII
2244 414 2259 429 .

3425 378 3546 440 226

182 507 378 584 mare»,
444 498 743 579 πατρίκιος.
820 500 1046 581 "Emtae
1123 496 1305 572 μέντοι
1354 497 1443 553 καὶ
1498 495 1629 563 τοὺς
1685 495 1780 551 σὺν

1903 513 2032 555 cum
2072 500 2423 574 imperatore
2470 505 2544 561 ob
2590 506 2961 580 transfugam
2998 510 3342 581 susceptum
3363 525 3545 583 expo-

178 599 299 671 αὐτῷ
346 590 571 661 Σκύθας,
625 594 719 646 τοῦ
779 588 924 654 θείου
963 586 1160 644 τούτου
1185 585 1422 661 λουτροῦ
1455 590 1768 662 μετασχεῖν.

177 694 469 767 Ποιούμενος
526 687 588 745 Si
660 687 756 753 τὰς
818 681 1098 763 διατριϐὰς
1153 684 1291 740 κατᾶ
1343 686 1411 740 τὰ
1464 685 1782 762 παρίστρια,

176 788 247 842 καί
296 777 572 838 διαϐαίνων
649 778 740 833 τὸν
818 776 1066 849 ποταμὸν
1130 774 1351 851 ἀθρόον,
1411 773 1607 829 ὶκάκου
1656 772 1786 835 τοὺς

175 878 251 931 τοῦ
296 870 492 948 Τυρᾶχ,
540 867 775 943 ἀναιρῶν
822 886 883 921 τε
926 864 1018 921 καὶ
1078 862 1431 936 ληϊζόμενος.
1493 856 1784 939 Πρεσϐείαν

175 963 321 1021 τοίνυν
397 960 426 1014 ὁ
498 957 699 1033 Τυρᾶχ
770 954 905 1031 πρὸς
973 955 1066 1010 τὸν
1132 952 1359 1029 βασιλέα
1409 951 1784 1022 ἀπεσταλκὼς,

174 1055 332 1128 ᾐτιᾶτο
385 1047 465 1104 ὅτι
521 1047 615 1102 τὸν
675 1044 985 1114 ἀποστάτην
1041 1047 1139 1100 τοῦ
1192 1037 1376 1105 ἔθνους
1432 1039 1667 1113 ἐδέξατο,
1698 1041 1788 1096 καὶ

175 1126 208 1199 il
269 1141 337 1214 μή
407 1135 633 1210 κωλύσῃ
708 1138 905 1191 κακοῦν
986 1134 1050 1189 τὸ
1128 1132 1278 1196 ἔθνος
1329 1133 1425 1188 τὸν
1480 1126 1788 1210 πρόσφυγα,

172 1229 355 1302 ἠπείλει
406 1227 473 1283 τὸ
524 1224 675 1291 ἔθνος
732 1223 862 1280 ὅλον
918 1222 1052 1297 ἕξειν
1107 1220 1402 1297 πολέμιον.
1434 1221 1579 1298 Πρὸς
1622 1224 1792 1277 ταῦτα

172 1318 206 1376 δ’
251 1320 275 1373 ὁ
342 1315 695 1391 αὐτοκράτωρ
752 1310 878 1370 οὔτε
949 1310 1227 1390 προδότης
1303 1310 1405 1391 ἔφη
1462 1315 1559 1367 τοῦ
1614 1331 1790 1389 προσ-

172 1407 388 1468 ελθόντος
459 1405 807 1480 γενήσεσθαι,
878 1399 1002 1458 οὔτε
1075 1401 1350 1473 κωλῦσαι,
1426 1401 1503 1474 μὴ
1583 1399 1791 1475 ἀμύνα-

168 1509 261 1562 σθαι
309 1493 436 1557 τοὺς
493 1487 989 1554 ἐπιϐουλεύσαντας
1016 1534 1030 1549 .
1104 1489 1320 1546 Τούτων
1367 1494 1475 1546 τῶν
1538 1490 1790 1564 μηνυμά-

166 1606 250 1640 των
294 1587 370 1656 τῷ
422 1581 625 1658 Τυρᾶχ
651 1579 1021 1654 κομισθέντων
1055 1625 1072 1647 ,
1127 1578 1242 1635 ἐπεὶ
1295 1579 1511 1656 χειμὼν
1568 1576 1788 1649 ἐπέστη,

165 1683 232 1738 καὶ
288 1683 314 1736 ὁ
364 1682 581 1754 Ἴστρος
636 1678 689 1750 ἐξ
738 1675 917 1755 ὄχθης
976 1676 1053 1740 εἷς
1110 1679 1209 1747 τὴν
1264 1675 1449 1753 έτέραν
1506 1680 1586 1749 τῷ
1639 1673 1789 1751 κρύει

165 1769 475 1847 πηγνύμενος
528 1765 1017 1843 κεκρυστάλλωτο,
1077 1767 1220 1839 πεζῇ
1291 1760 1445 1835 διέϐη
1520 1765 1615 1821 τὸν
1688 1785 1790 1819 πο-

165 1860 310 1934 ταμὸν
379 1857 471 1913 σὺν
546 1862 634 1931 τῷ
708 1856 844 1921 ἔθνει
916 1856 1101 1923 παντὶ,
1164 1855 1256 1910 καὶ
1338 1855 1439 1924 τήν
1515 1850 1792 1927 Ῥωμαΐδα

1895 586 2103 660 stulat,
2181 607 2357 664 quem
2456 593 2569 651 nisi
2649 601 2960 665 coerceret,
3046 601 3226 654 totam
3311 603 3545 671 gentem

1894 688 2124 745 hostem
2154 690 2240 746 illi
2267 693 2406 749 fore.
2460 695 2544 750 Ad
2595 712 2673 752 ea
2720 698 3037 769 respondet
3091 698 3431 771 imperator,
3483 715 3547 756 se

1897 794 2085 850 neque
2104 780 2434 838 dedititium
2466 785 2862 855 proditurum,
2877 803 3069 859 neque
3082 786 3545 859 prohibiturum,

1896 868 2215 938 quominus
2288 871 2663 930 insidiatores
2717 874 3085 931 ulciseretur.
3147 875 3265 932 Hoc
3340 879 3548 935 nuntio

1899 962 2157 1028 accepto,
2186 959 2512 1031 Tyrachus,
2571 978 2704 1019 cum
2772 966 2919 1020 lsler
2983 964 3230 1021 hiberno
3287 969 3551 1039 tempore

1898 1048 2057 1101 totus
2087 1048 2672 1120 conglaciasset,cum
2702 1056 2827 1109 tota
2856 1058 3029 1125 gente
3048 1053 3296 1127 pedibus
3329 1054 3547 1112 ﬂumen

1898 1135 2157 1204 transiit,
2207 1141 2588 1212 Romanaque
2664 1142 2963 1213 provincia
3018 1147 3324 1217 occupata,
3380 1145 3550 1202 obvia

1901 1240 2147 1297 quasque
2194 1227 2458 1283 vastavit.
2494 1229 2604 1285 Sed
2665 1229 2982 1303 imperator
3034 1232 3353 1289 exercitum
3412 1250 3546 1306 pro-

1896 1314 2102 1370 vinciza
2140 1316 2374 1388 praesidi
2422 1322 2479 1373 et
2536 1320 2744 1391 Cegeni
2792 1321 2994 1376 statim
3053 1321 3320 1378 subsidio
3360 1323 3546 1381 misit.

1899 1403 2222 1461 Patzinacaa
2256 1421 2391 1462 vero
2431 1422 2565 1462 cum
2626 1424 2868 1463 annonas
2911 1412 2969 1465 et
3016 1408 3132 1464 vini
3182 1410 3552 1484 aliarumque

1900 1492 2204 1563 potionum
2231 1510 2358 1566 quae
2386 1512 2454 1552 ex
2502 1496 2675 1552 melle
2700 1497 3114 1567 conficiuntur,
3170 1499 3399 1571 copiam
3457 1500 3543 1557 in-

1897 1581 2219 1650 venissent,
2254 1589 2311 1639 et
2340 1585 2413 1641 iis
2436 1586 2603 1641 avide
2632 1602 2694 1642 se
2716 1586 3198 1659 ingurgitassent,
3258 1588 3316 1644 in
3347 1588 3549 1645 cmlia-

1899 1696 2032 1735 eum
2066 1682 2340 1738 morbum
2361 1683 2714 1740 inciderunt.
2740 1686 2864 1751 Quo
2894 1686 3149 1758 Cegenes
3182 1703 3213 1742 e
3242 1687 3553 1759 transfuga

1900 1769 2153 1842 cognito,
2186 1772 2466 1827 Romanis
2525 1772 2709 1845 copiis
2769 1773 2835 1828 fit
2885 1779 3088 1830 auctor
3131 1775 3331 1830 hostes
3379 1775 3547 1831 inva-

1901 1856 2098 1912 dendi.
2148 1858 2260 1913 Eas
2319 1875 2453 1914 cum
2506 1860 2747 1916 Barbari
2795 1862 2998 1917 morbo
3052 1862 3298 1917 confecti
3347 1865 3552 1917 contra

171 1948 327 2026 χώραν
379 1946 759 2026 κατειληφὼς,
818 1947 884 2001 τὰ
936 1944 990 2002 ἐν
1049 1945 1209 2000 ποσὶν
1269 1943 1560 2019 έκεράϊζεν.
1619 1945 1681 2001 Ὀ
1738 1940 1792 1998 δέ

1905 1961 1966 2000 se
1999 1945 2081 2000 ire
2128 1946 2438 2017 vidissent,
2477 1952 2817 2018 aestuantes,
2876 1953 2934 2005 et
2993 1949 3209 2005 animis
3253 1951 3553 2023 armisque

169 2058 215 2112 γε
262 2033 510 2112 βασιλεὺς
566 2039 731 2090 τοῦτο
782 2034 968 2107 μαθὼν
1022 2033 1274 2110 στρατιὰν
1333 2032 1532 2087 αὐτίκα
1583 2036 1662 2104 τῷ
1690 2037 1791 2101 τῆς

171 2124 325 2202 χώρας
369 2123 604 2201 ἄρχοντι
648 2122 740 2179 καὶ
787 2127 869 2197 τῷ
922 2122 1127 2199 Κεγὲνῃ
1185 2121 1475 2196 ἐπίκουρον
1533 2118 1790 2195 ἔπεμψεν.

170 2225 221 2281 Οἱ
289 2224 465 2296 μέντοι
541 2222 876 2292 Πατζινάκαι
933 2225 1150 2297 τροφῶν
1212 2218 1467 2295 ἀφθονίαν
1521 2218 1791 2291 εὑρόντες,

170 2311 239 2367 καὶ
301 2310 445 2367 οἷ’νου
520 2312 622 2365 καὶ
696 2307 883 2366 ἄλλων
960 2308 1210 2383 ποτίμων
1280 2307 1681 2382 ἐσκευασμένων
1736 2307 1796 2362 ἐκ

174 2399 383 2474 μέλιτος,
438 2401 531 2455 καὶ
599 2398 724 2474 περὶ
798 2403 968 2454 ταῦτα
1041 2395 1575 2472 ἂπληστευσάμενοι,
1627 2398 1792 2467 νοσή-

173 2510 272 2564 ματι
323 2488 608 2562 κοιλιακῷ
654 2486 992 2563 περιέπεσον.
1046 2486 1147 2543 Καὶ
1194 2492 1354 2543 τοῦτο
1395 2486 1443 2560 ἐξ
1476 2486 1794 2560 αὐτομόλου

170 2578 303 2654 γνοὺς
375 2579 404 2633 ὁ
484 2576 757 2652 Κεγένης,
834 2575 1104 2640 ἀναπείθει
1177 2576 1268 2631 καὶ
1335 2577 1429 2638 τὰς
1487 2576 1793 2650 Ῥωμαϊκὰς

173 2664 397 2742 δυνάμεις
467 2666 750 2724 ἐπιθέσθαι
821 2671 939 2729 τοῖς
1015 2664 1299 2729 ίναντίοις.
1351 2666 1440 2729 Ὠς
1500 2663 1592 2721 οὖν
1652 2662 1793 2721 εἶδον

173 2757 214 2810 οἱ
254 2752 525 2833 Βάρϐαροι
600 2756 699 2825 τήν
756 2758 870 2811 κατ’
938 2753 1114 2810 αὐτῶν
1162 2759 1269 2810 τῶν
1325 2754 1608 2828 Ῥωμαίων
1669 2752 1796 2809 έπέ-

171 2845 344 2916 λεοσιν,
399 2844 855 2922 κατειργασμένοι
905 2848 975 2918 τῇ
1031 2843 1175 2918 νόσῳ
1212 2844 1598 2920 τυγχάνοντες,
1654 2840 1796 2918 ἰλιγ-

172 2931 362 3008 viauia,
442 2933 544 2990 καὶ
621 2930 1101 2996 ἀποδειλιάσαντες
1184 2934 1423 3006 μεθῆκαν
1505 2932 1573 2987 τὰ
1650 2931 1796 2988 ὅπλα

172 3032 241 3087 καί
305 3034 471 3089 ἱκέται
548 3030 825 3108 γεγόνασι,
879 3029 972 3085 καὶ
1024 3034 1143 3093 τοῖς
1200 3029 1422 3107 έχθροῖς
1476 3026 1793 3104 παρέδωκαν

171 3119 376 3186 ἑαυτούς.
450 3123 688 3180 Τούτων
763 3116 810 3175 δ’
885 3118 1001 3175 ὅσοι
1076 3120 1172 3193 μὲν
1251 3120 1354 3174 ὑπὸ
1424 3119 1514 3174 τὸν
1563 3116 1791 3193 Κεγένην

172 3210 440 3283 γεγόνασιν,
502 3210 563 3265 οἱ
627 3209 721 3283 μὶν
779 3208 948 3287 ξίφεσι
1002 3206 1403 3284 παρεδόθησαν,
1464 3208 1515 3263 οἱ
1556 3205 1613 3263 δὶ
1658 3207 1793 3284 πρὸς

1904 2034 2170 2107 abjectis,
2206 2036 2340 2092 facti
2364 2036 2681 2110 supplices,
2730 2038 3002 2094 hostibus
3059 2055 3123 2095 se
3175 2039 3549 2095 dediderunt.

1902 2133 2246 2206 Quicunque
2302 2150 2432 2192 vero
2475 2134 2534 2190 in
2591 2135 2879 2208 Cegenem
2930 2135 3285 2202 inciderunt,
3333 2137 3549 2208 partim

1904 2221 2114 2295 gladiis
2144 2227 2285 2279 sunt
2324 2223 2619 2294 trucidati,
2645 2223 2857 2297 partim
2890 2240 3033 2280 auro
3093 2224 3163 2279 ad
3208 2224 3548 2281 servitutem

1902 2311 2143 2366 venditi.
2175 2311 2420 2385 Reliqua
2451 2312 2768 2368 multitudo
2799 2313 3075 2368 Romanis
3108 2314 3242 2379 usui
3275 2314 3394 2369 fore
3423 2313 3551 2371 visa

1904 2400 2090 2467 est,si
2122 2401 2303 2456 armis
2360 2401 2648 2474 ademptis
2705 2400 2765 2457 in
2822 2401 3110 2472 Bulgaria,
3171 2402 3428 2459 maxime
3482 2420 3552 2460 ex

1904 2493 2068 2561 parte
2106 2489 2357 2556 deserta,
2389 2490 2462 2545 oh
2502 2494 2737 2563 gentem
2796 2490 2958 2546 illam
3022 2508 3138 2547 non
3185 2492 3268 2547 ita
3320 2494 3549 2564 pridem

1905 2593 2186 2648 eversam,
2242 2578 2661 2635 collocaretur:
2720 2579 2898 2652 idque
2952 2581 3124 2652 jussu
3175 2580 3553 2653 imperatoris

1906 2667 2127 2723 factum
2157 2672 2266 2723 est.
2299 2667 2598 2740 Tyraehus
2639 2684 2777 2723 vero
2835 2672 2893 2723 et
2948 2684 3215 2740 proceres
3271 2669 3420 2739 ejus,
3478 2670 3550 2725 ad

1905 2755 2073 2811 illum
2104 2756 2389 2829 perducti,
2432 2757 2732 2829 haptizati,
2782 2758 3131 2830 magnisque
3162 2757 3549 2829 dignitatibus

1906 2854 2095 2910 ornati
2125 2858 2282 2910 sunt.
2309 2854 2379 2910 Ut
2409 2859 2605 2910 autem
2651 2870 2717 2909 eo
2769 2858 3029 2925 tempore
3088 2855 3368 2910 Romanis
3417 2871 3550 2911 cum

1903 2943 2109 2999 Turcis
2143 2942 2293 2999 bella
2320 2948 2487 2999 erant
2515 2944 2575 2998 in
2622 2942 2873 3013 Oriente,
2938 2943 3276 3015 imperator,
3324 2942 3553 3000 delectu

1905 3036 2032 3087 acto
2062 3049 2134 3087 xv
2164 3031 2349 3088 millia
2385 3032 2826 3088 Patzinacarum
2858 3033 3059 3102 armis,
3091 3033 3279 3104 equis,
3328 3037 3384 3088 et
3432 3050 3555 3090 suae

1904 3121 2094 3194 gentis
2124 3121 2374 3177 ducibus
2405 3122 2583 3192 datis,
2642 3121 3046 3195 Chrysopolim
3099 3126 3461 3177 transvectos
3492 3122 3552 3177 in

1905 3210 2156 3265 Iberiam
2187 3210 2465 3281 irejussit
2489 3229 2501 3267 :
2525 3210 2626 3266 vim
2649 3226 2883 3284 quoque
2916 3214 3307 3266 monstratore
3330 3210 3551 3267 addito.

171 3294 386 3355 δουλείαν
457 3302 679 3376 χρυσοῦ
750 3295 1113 3369 ἀπεδόθησαν.
1188 3298 1259 3352 Τὸ
1334 3297 1549 3368 πλῆθος
1618 3294 1675 3352 δὲ
1726 3297 1790 3353 τὸ

1908 3307 2181 3375 Quicum
2215 3309 2287 3364 ad
2338 3308 2656 3364 Damatrim
2705 3308 3129 3380 pervenissent,
3188 3310 3551 3375 restiterunt,

172 3384 338 3443 λοιπὸν
405 3390 698 3465 χρήσιμον
783 3387 1046 3461 ἐνομίσθη
1129 3386 1373 3464 γενέσθαι
1456 3384 1795 3461 Ῥωμαίοις,

174 3474 211 3529 εί
266 3478 328 3532 τὰ
398 3475 558 3534 ὅπλα
632 3476 939 3554 ἀφαιρεθὲν,
1013 3476 1089 3539 εἷς
1142 3476 1241 3545 τὴν
1294 3476 1402 3532 τῶν
1463 3473 1796 3551 Βουλγάρων

175 3565 331 3641 χώραν
405 3564 805 3638 κατοικισθείη,
881 3564 1089 3643 ἔρημον
1172 3565 1334 3620 οὖσαν
1390 3566 1489 3634 τὴν
1546 3564 1797 3635 πλείονα,

176 3662 261 3737 τιρὸ
313 3666 518 3740 μικροῦ
572 3666 670 3717 τοῦ
730 3660 915 3725 ἔθνους
980 3661 1188 3718 ἐκείνου
1260 3660 1672 3727 καταλυθέντος.
1730 3663 1799 3721 ’⁷0

175 3749 248 3803 καὶ
295 3752 498 3828 γέγονε,
557 3753 655 3806 τοῦ
716 3749 983 3828 βασιλέως
1057 3749 1432 3813 κελεύσαντος.
1506 3754 1561 3804 '0
1632 3747 1689 3805 δέ
1740 3771 1802 3826 γε

173 3839 334 3916 Τυράχ
378 3841 473 3897 σὺν
526 3844 644 3903 τοῖς
703 3839 917 3916 ἰξόχοις
970 3843 1066 3894 τοῦ
1113 3837 1297 3905 ἔθνους
1328 3837 1481 3916 ἤχθη
1541 3840 1678 3914 πρὸς
1707 3840 1796 3894 τὸν

172 3932 479 4001 κρατοῦντα,
543 3928 633 3984 καὶ
702 3933 797 3983 τοῦ
873 3928 1018 3984 θείου
1096 3929 1513 3999 καταξιωθέντες
1605 3928 1800 4001 βαπτί-

172 4034 368 4087 σματος,
449 4017 721 4091 ἆξίωμασι
801 4016 1079 4093 λαμπροῖς
1148 4016 1509 4090 ἐτιμήθησαν.
1587 4018 1678 4082 Ὠς
1744 4015 1802 4072 δὶ

176 4105 324 4181 μάχαι
378 4108 511 4163 τότε
567 4106 863 4180 Ῥωμαίοις
912 4108 1049 4162 κατὰ
1108 4107 1207 4177 τὴν
1269 4107 1443 4179 Ἐῴαν
1506 4105 1641 4180 μετὰ
1692 4108 1798 4163 τῶν

170 4201 399 4279 Τούρκων
451 4208 591 4275 ἦσαν
622 4252 639 4279 ,
694 4202 1079 4261 πεντεκαίδεκα
1136 4202 1397 4281 χιλιάδας
1453 4204 1797 4275 Πατζινάκων

172 4289 196 4343 ὁ
254 4292 597 4370 αὐτοκράτωρ
664 4291 1071 4367 ἐπιλεξάμενος,
1142 4294 1233 4349 καὶ
1310 4292 1646 4358 καθοπλίσας
1704 4294 1800 4350 αὐ-

170 4376 296 4449 τοὺς,
343 4381 553 4446 ’ίππους
607 4402 668 4438 τε
697 4383 1139 4459 παρασχόμενος,
1183 4382 1273 4438 καὶ
1321 4382 1616 4455 ἰπιστήσας
1640 4404 1801 4459 στρα-

1909 3415 2015 3453 nec
2060 3396 2215 3453 ultra
2247 3398 2515 3471 progredi
2551 3396 2883 3464 voluerunt,
2917 3398 3017 3452 sed
3074 3397 3322 3468 regressi
3364 3413 3554 3470 usque

1908 3488 1979 3541 ad
2040 3487 2276 3558 fretum,
2333 3487 2480 3541 mari
2505 3487 2674 3559 juxta
2728 3488 2789 3542 D.
2837 3485 3063 3541 Tarasii
3122 3486 3550 3542 monasterium

1910 3576 2062 3633 259
2095 3576 2262 3647 equis
2292 3575 2667 3646 transmisso,
2721 3575 3089 3631 continenter
3118 3574 3360 3647 profecti
3391 3579 3552 3642 sunt,

1911 3664 2091 3719 donec
2124 3681 2186 3740 se
2216 3680 2349 3719 cum
2384 3662 2768 3736 popularibus
2801 3663 2924 3719 suis
2953 3664 3415 3735 conjunxissent,
3435 3680 3553 3735 quo

1912 3753 2060 3808 facto
2091 3752 2486 3807 tabernaculis
2517 3751 2575 3806 in
2609 3752 2835 3825 campis
2868 3753 2937 3808 ad
3000 3752 3159 3824 ripas
3211 3752 3343 3807 Istri
3402 3752 3554 3823 fixis,

1911 3850 2219 3907 Thraciam
2251 3849 2649 3917 incursarunt,
2683 3850 2866 3922 copiis
2902 3849 3296 3923 imperatoriis
3354 3855 3556 3907 contra

1911 3957 1974 3996 se
2004 3940 2205 3996 missis
2238 3940 2487 3996 subinde
2520 3938 2870 4010 superiores,
2902 3938 3221 4010 utimpune
3245 3954 3347 4011 per
3371 3941 3557 3993 totam

1908 4028 2214 4087 Thraciam
2247 4034 2303 4084 et
2333 4028 2757 4085 Marcedoniam
2792 4032 3144 4101 vagarentur
3177 4053 3192 4096 ;
3250 4032 3308 4083 et
3362 4027 3561 4083 omnia

1910 4119 2329 4191 praedarentur,
2382 4135 2495 4173 non
2545 4122 2769 4172 remota
2790 4117 3094 4189 duntaxat,
3154 4117 3254 4173 sed
3316 4122 3373 4171 et
3429 4114 3561 4171 urbi

1911 4208 2183 4263 ﬁnitima.
2215 4208 2474 4264 Tandem
2506 4223 2643 4262 vero
2666 4224 2778 4262 xxx
2809 4224 3098 4263 annorum
3134 4205 3401 4261 inducias
3424 4220 3559 4260 cum

1911 4295 2190 4353 Romanis
2223 4296 2725 4370 paciscunturrEt
2774 4296 2868 4351 hic
2930 4295 3061 4352 belli
3115 4294 3560 4351 Patzinacarum

1912 4388 2022 4442 fuit
2053 4385 2262 4441 exitus.

173 4476 357 4555 τάρχας
412 4481 604 4544 αὐτοῖς
663 4479 721 4535 ἐκ
743 4502 853 4536 των
888 4482 1185 4557 ὁμογενῶν,
1218 4479 1278 4537 έα
1307 4479 1653 4557 Χρυσοπόλει
1683 4478 2088 4559 διεπεραίωσεν,
2156 4480 2232 4546 είς
2261 4475 2501 4557 Ἰϐηρίαν
2533 4478 2794 4543 κελεύσας
2843 4477 3118 4553 ἀπελθεῖν,
3166 4479 3325 4549 τάξας
3374 4476 3558 4540 αὐτοῖς

174 4565 250 4618 καὶ
295 4572 654 4646 προηγήτορα
704 4576 808 4641 τῆς
865 4568 1015 4628 ὁδοῦ.
1046 4576 1133 4633 Ὠς
1191 4567 1237 4625 δ’
1298 4571 1389 4625 οὖν
1446 4572 1571 4644 περὶ
1618 4571 1709 4626 τὸν
1770 4571 2055 4649 Δαμαρτὺν
2083 4570 2298 4644 ἤκασιν,
2328 4568 2580 4642 ἔστησαν,
2610 4570 2699 4625 καὶ
2728 4569 2915 4647 πρόσω
2951 4568 3151 4646 βαίνειν
3204 4567 3306 4621 οὐκ
3334 4563 3555 4635 ἤθελον·

174 4661 239 4725 εἷς
263 4665 496 4722 τούπίσω
552 4665 611 4723 δὲ
667 4669 1039 4745 χωρήσαντες,
1095 4668 1186 4724 καὶ
1240 4665 1371 4745 ὄίχρι
1427 4673 1525 4723 τοῦ
1581 4675 1837 4745 πορθμοῦ
1895 4663 2225 4749 ἰφθακότες,
2285 4668 2377 4725 σὺν
2434 4674 2551 4732 τοῖς
2602 4666 2797 4733 ’ίπποις
2847 4670 2945 4738 τὴν
3001 4664 3269 4732 θάλασσαν
3330 4661 3560 4738 διαπορ-

175 4754 509 4828 θμευσάμενοι
566 4756 701 4810 κατὰ
756 4756 855 4825 τήν
914 4760 1011 4812 τοῦ
1067 4757 1224 4832 ἁγίου
1272 4754 1544 4833 Ταρασίου
1622 4758 1817 4832 μονήν,
1885 4758 2077 4814 αὐτίκα
2143 4757 2567 4834 συντεταγμένην
2642 4755 3000 4831 ποιησάμενοι
3053 4758 3150 4826 τὴν
3213 4756 3558 4834 ὁδοιπορίαν,

174 4854 272 4913 τοῖς
321 4852 603 4930 ὁμογενέσι
661 4857 1035 4931 προσήνωντο,
1109 4854 1199 4910 καὶ
1271 4853 1386 4909 ἐπεὶ
1462 4855 1604 4928 ὁμοῦ
1678 4855 2165 4932 συνηθροίσθησαν,
2223 4853 2471 4924 ἀπῆλθον
2527 4856 2618 4910 καὶ
2672 4853 2724 4909 έν
2776 4859 2894 4916 τοῖς
2945 4856 3289 4932 παριστρίοις
3345 4853 3557 4920 πεδίοις

178 4935 411 5014 ἱπήξαντο
466 4944 563 5006 τὰς
617 4945 840 5018 σκηνάς,
896 4943 1095 5000 ἐκεῖθεν
1181 4940 1226 4998 δ’
1305 4943 1645 5020 ὁρμώμενοι,
1714 4946 1782 5001 τὰ
1851 4949 2081 5021 Θρᾳκῷα
2131 4944 2481 5019 κατέτρεχον.
2540 4941 2816 5005 Πολλάκις
2869 4939 2928 4997 δὲ
2977 4947 3074 4998 τοῦ
3127 4945 3394 5021 βασιλέως
3442 4962 3559 5002 κατ’

182 5035 332 5094 αὐτῶν
377 5044 683 5118 στράτευμα
739 5041 1075 5116 πέμψαντος,
1138 5041 1575 5118 ἐπικρατέστεροι
1631 5046 1766 5113 ἦσαν
1815 5044 1867 5099 οἱ
1924 5037 2217 5119 Βάρϐαροι,
2278 5040 2416 5097 ὥστε
2471 5040 2560 5098 καὶ
2609 5037 2779 5102 ἀδεῶς
2831 5041 2966 5097 κατὰ
3021 5044 3201 5115 πάσης
3256 5051 3358 5117 τῆς
3412 5044 3558 5118 Θρᾴ-

181 5146 266 5197 κης
310 5134 394 5187 καὶ
449 5141 551 5204 τῆς
607 5129 939 5194 Μακεδονίας
997 5129 1398 5202 σκεδάννυσθαι,
1448 5133 1538 5189 καὶ
1597 5133 1748 5191 λείαν
1797 5136 2007 5191 ἅπαντα
2056 5132 2318 5206 τίθεσθαι,
2377 5134 2467 5188 καὶ
2523 5132 2586 5188 οὐ
2641 5133 2708 5188 τὰ
2758 5131 2950 5209 πόῤῥω
3011 5135 3197 5208 μόνον,
3256 5134 3400 5191 ἀλλὰ
3434 5136 3561 5209 μέν·

181 5235 250 5270 τοι
276 5222 355 5366 as:
382 5222 447 5277 τὰ
473 5225 543 5298 τῇ
572 5221 733 5279 πόλει
764 5223 1050 5301 ἁγχίθυρα.
1080 5222 1249 5289 Τέλος
1278 5220 1335 5279 δὲ
1365 5220 1681 5280 σπένδονται
1714 5223 1993 5299 Ρωμαίοις
2024 5222 2455 5302 τριακοντούτεις
2495 5219 2754 5298 σπονδὰς,
2783 5223 2873 5279 καὶ
2902 5243 3072 5288 οττως
3100 5226 3130 5282 ὁ
3158 5228 3264 5281 τῶν
3296 5224 3562 5297 Πατξινά-

181 5323 270 5362 κων
357 5312 448 5366 ηξε
475 5311 746 5366 πόλεμος.

181 5323 270 5362 κων
298 5311 448 5384 ἔληξε
475 5311 746 5387 πόλεμος.

238 5436 343 5492 KZ'.
390 5438 450 5497 Ὁ
482 5436 542 5494 δὶ
561 5436 795 5495 σουλτὰν
827 5438 929 5495 οὐκ
956 5433 1153 5515 ἔληγεν
1187 5438 1354 5494 ἐπιὼν
1384 5438 1482 5502 τὰς
1518 5439 1621 5495 ὑπὸ
1662 5441 1792 5495 Ῥω·

1982 5441 2208 5497 XXVII.
2240 5440 2521 5499 Sultanus
2539 5457 2675 5498 vero
2707 5441 3004 5497 Romanas
3025 5445 3201 5498 urbes
3236 5444 3292 5498 et
3321 5440 3560 5513 provin-

187 5522 348 5588 μαίους
373 5526 557 5604 χώρας
608 5528 701 5582 καὶ
749 5526 965 5599 πόλεις,
1012 5528 1101 5583 καὶ
1152 5529 1248 5590 τὰς
1304 5528 1398 5603 μὶν
1448 5526 1792 5602 ληϊζόμενος,

1914 5531 2036 5587 oias
2072 5531 2353 5587 infestare
2401 5547 2515 5586 non
2542 5530 2789 5601 destitit,
2842 5530 2973 5587 aliis
2996 5531 3262 5602 direptis,
3298 5529 3430 5586 aliis
3456 5546 3560 5585 va-

185 5608 260 5671 τᾶς
285 5609 325 5666 δ’
367 5613 643 5692 ἐκπορθῶν
694 5637 750 5672 τε
796 5617 887 5671 καὶ
937 5615 1332 5691 οῗοιειούμενος.
1368 5619 1516 5673 Κατὰ
1569 5617 1792 5682 τούτους

1909 5622 2101 5691 statis,
2134 5620 2265 5676 aliis
2320 5637 2427 5676 suo
2488 5636 2666 5694 regno
2727 5620 2991 5692 adjectis.
3027 5619 3144 5678 Sub
3203 5618 3259 5677 id
3320 5623 3559 5692 tempus

188 5696 291 5764 τοὺς
337 5705 564 5781 χρόνους
619 5705 713 5763 καὶ
759 5702 1067 5778 ἐπιϐουλὴν
1124 5708 1243 5763 καθ’
1304 5707 1494 5764 ἑαυτοῦ
1552 5707 1580 5764 ὁ
1635 5706 1792 5766 αὐτο-

1907 5711 2231 5784 imperator
2257 5708 2509 5769 insidias
2558 5709 2671 5769 sibi
2703 5709 2888 5768 factas
2936 5708 3340 5782 deprehendit,
3375 5726 3410 5767 a
3436 5713 3553 5767 Ro-
