4036 6206
265 302 389 362 329
1575 295 1987 357 ANNALIUM
2028 297 2178 358 LIB.
2223 298 2418 363 XVII.
3574 305 3698 366 230

266 435 434 511 φοισᾷ
492 433 763 506 συνεχῶς,
794 426 849 484 ἐν
910 431 990 500 τῷ
1057 426 1198 500 οἷ’κῳ
1259 430 1362 482 τοῦ
1429 425 1766 500 Κυνηγεσίου
1833 423 2039 500 ἐχούσῃ
2071 424 2193 482 τότε
2234 425 2300 498 δή
2368 430 2470 500 τήν
2524 431 2865 506 κατοίκησιν)
2921 429 3188 510 πρόφασιν
3247 429 3392 506 ἔχων
3449 436 3545 488 τοῦ
3599 454 3693 490 σε·

270 521 460 594 μνείου
513 520 615 587 τῆν
665 517 928 592 δόμησιν,
986 514 1285 589 έξήντλησε
1337 516 1465 578 τοὺς
1530 513 1842 591 βασιλείους
1901 512 1936 584 ἢ
1994 514 2213 578 κοινοὺς
2275 518 2580 595 θησαυροὺς
2655 518 2776 583 ὅθεν
2853 519 3158 598 χρημάτων
3237 518 3511 596 δεόμενος,
3570 521 3695 579 οὐδε

265 616 376 665 τῶν
443 608 826 682 ἀπειρημένων
910 607 1266 684 πορισμάτων
1354 604 1632 680 ἀπείχετο.
1691 602 1863 660 Ἀλλά
1932 603 2020 658 καὶ
2109 611 2308 679 χωρῶν
2396 607 2680 676 οὐσῶν,αἳ
2751 609 2887 684 πρὸς
2969 611 3032 664 τὸ
3094 608 3362 683 δημόσιον
3419 616 3536 673 τοῖς
3598 613 3695 687 βα-

272 698 517 754 σιλεῦσιν
621 698 684 752 οὐ
789 695 1034 770 δασμοὺς
1135 695 1531 773 συνεισέφερον,
1632 691 1757 749 ἀλλ’
1834 692 1951 747 ἀντὶ
2053 693 2236 765 πάσης
2329 693 2723 774 δασμοφορίας,
2802 695 3116 775 δυσχωρίας
3208 699 3528 776 ἐφρούρουν,
3605 701 3696 756 καὶ

269 794 388 850 τοῖς
462 782 767 862 Βαρῦάροις
833 787 932 854 τὴν
1012 784 1090 847 εἷς
1160 784 1256 846 τὰς
1323 783 1613 856 Ῥωμαίοις
1691 781 2043 855 ὑποκειμένας
2120 784 2308 858 χώρας
2385 786 2727 862 ἀπετείχιζον
2805 785 3065 864 πάροδον,
3099 787 3299 850 ἐκεῖνος
3337 789 3536 866 φόρους
3575 796 3698 855 ταῖς

272 879 490 954 χώραις
554 875 831 945 ἐπιτάξας,
888 873 1156 948 ἐσχόλασε
1219 874 1314 934 τὰς
1401 871 1656 949 φρουράς.
1705 872 2000 936 Κάντεῦθεν
2061 874 2095 941 ἡ
2153 872 2290 948 πρὸς
2348 874 2441 936 τὰς
2496 876 2771 948 Ῥωμαίας
2827 878 3014 952 χώρας
3100 877 3266 953 ῥᾴστη
3355 884 3471 940 τοῖς
3547 882 3693 955 Βαρ-

273 962 471 1041 ϐἀροις
503 963 716 1039 ἐγένετο
748 960 1006 1039 πάροδος.
1041 963 1280 1024 Ἐκεῖνος
1308 961 1487 1015 τοίνυν
1517 961 1546 1016 ὁ
1595 961 1729 1036 ἀνὴρ
1780 956 1956 1023 αἷίτιος
2011 965 2128 1022 τοῖς
2173 959 2392 1027 ἀπαθῶς
2439 961 2821 1039 λογιζομένοις
2868 968 3203 1042 κριθήσεται,
3230 971 3324 1021 τοῦ
3371 969 3471 1038 τὴν
3523 968 3694 1040 Ἑῲαν

279 1062 479 1127 μοῖραν
510 1052 666 1127 δουρὶ
697 1053 1048 1126 κυριευθῆναι
1082 1045 1422 1125 βαρϐαρικῷ.

341 1145 485 1201 KH'.
525 1149 636 1212 Τῆς
687 1139 746 1196 Si
788 1138 1068 1215 βασιλίδος
1116 1146 1272 1209 Ζωῆς
1324 1141 1434 1210 (41)
1483 1135 1534 1193 ἐν
1583 1139 1727 1214 γήρᾳ
1772 1139 1927 1212 βαθεῖ
1957 1151 2010 1218 Α

273 1233 433 1303 (ὕπερ
479 1231 587 1305 γὰρ
641 1230 710 1285 τὰ
755 1225 1137 1302 ἐϐδομήκοντα
1170 1224 1262 1297 ἔτη
1315 1225 1644 1302 παρεξετάοη
1679 1227 1818 1300 αὐτῇ
1875 1228 1938 1281 τὸ

276 1322 579 1396 βιώσιμον)
647 1316 1029 1386 καταλυσάσης
1088 1317 1188 1384 τὴν
1264 1317 1434 1384 ζωὴν,
1499 1317 1601 1370 οὐκ
1671 1313 1938 1387 ἀνδρικῶς

271 1409 482 1470 ἐκεῖνος
540 1407 860 1482 ἐθρήνησεν,
920 1405 1066 1462 ἀλλά
1143 1405 1328 1477 μέντοι
1407 1425 1471 1479 γε
1540 1401 1938 1479 μειρακιωδῶς.

273 1502 510 1573 Λέγεται
573 1494 630 1551 δὲ
684 1497 774 1550 καὶ
841 1493 1092 1571 ἀγγέλοις
1154 1494 1324 1563 αὐτὴν
1405 1493 1745 1567 παρεξισοῦν,
1795 1491 1941 1548 ἐπει-

273 1585 338 1657 δή
375 1606 491 1641 που
521 1590 619 1640 τοῦ
665 1586 950 1658 μνήματος
989 1581 1200 1652 ἐκείνης
1250 1582 1428 1656 μύκης
1479 1580 1538 1636 ἔκ
1573 1603 1722 1643 τινος
1779 1581 1939 1658 ὑγρό-

270 1696 446 1745 τητος
478 1669 873 1742 ἀνεϐλάστησε,
905 1671 993 1726 καὶ
1031 1675 1194 1726 τοῦτο
1225 1669 1410 1726 καλεῖν
1463 1675 1689 1744 σημεῖον
1737 1667 1936 1735 ἄνωθεν

271 1760 790 1836 οἰκονομηθὲν,’ίνα
824 1761 900 1834 μή
930 1762 1187 1836 ἀγνοῆται
1235 1763 1270 1829 ἡ
1308 1758 1524 1836 βασιλὶς
1566 1765 1686 1823 ταῖς
1728 1765 1940 1834 νοεραῖς

274 1852 686 1926 συντεταγμένη
745 1847 1018 1922 δυνάμεσι.
1074 1852 1187 1918 Τῆς
1245 1846 1292 1903 δ’
1348 1850 1424 1912 ὡς
1479 1846 1688 1923 εἷ’ρηται
1743 1848 1939 1912 θανού-

277 1963 400 2011 σης,
435 1943 463 1996 ὁ
529 1939 784 2014 βασιλεὺς
828 1937 906 1993 ἔτι
963 1936 1317 2016 φλεγμαίνων
1371 1937 1495 2011 περὶ
1551 1936 1678 1998 τοὺς
1737 1932 1940 2012 ἔρωτας

279 2031 559 2104 ἱπεισάγει
609 2034 732 2090 τοῖς
790 2026 1088 2103 βασιλείοις
1131 2027 1359 2101 μείρακά
1413 2047 1534 2080 τινα
1581 2027 1795 2098 ὅμηρον
1852 2022 1941 2079 δο-

277 2127 462 2184 θεῖσαν
505 2116 802 2190 Ῥωμαίοις
850 2116 900 2187 ἐξ
952 2113 1220 2187 Ἀλανῶν,
1250 2113 1419 2170 παῖδά
1453 2136 1600 2176 τινος
1647 2119 1754 2168 τῶν
1814 2115 1938 2189 παρ’

275 2208 507 2269 ἰκείνοις
566 2206 1044 2282 ἀρχηγετούντων,
1103 2205 1192 2259 καὶ
1249 2204 1448 2272 ταύτην
1497 2199 1759 2273 σεϐαστὴν
1820 2203 1938 2257 ὀνο-

281 2301 478 2370 μάσας,
538 2295 810 2370 βασίλειον
867 2294 1003 2367 αὐτῇ
1059 2295 1160 2362 τὴν
1224 2293 1505 2369 θεραπείαν
1568 2292 1794 2362 ἀπέταξε
1849 2292 1938 2346 καὶ

277 2386 528 2441 πλούτου
555 2384 829 2459 χορηγίον
859 2381 1280 2456 δαψιλεστάτην.
1315 2383 1408 2436 Καὶ
1468 2380 1521 2436 εἷ’
1553 2383 1627 2454 μὴ
1656 2382 1756 2450 τὴν
1793 2381 1942 2456 βασι-

278 2473 431 2542 λίδα,
457 2475 562 2542 τήν
595 2469 875 2545 Θεοδώραν
905 2469 1074 2545 λέγω,
1104 2469 1370 2540 πεποίητο
1403 2467 1471 2524 δι’
1505 2467 1767 2541 αἰδοῦς,ςῆ
1798 2467 1940 2542 μᾶλ-

278 2519 995 2634 λον“τὸ.τῆςντετρῖγαμίας
1041 2519 1312 2634 ἤὶσχύνετό
1362 2559 1617 2631 ἄθεσμον,
1644 2519 1937 2632 κάἒοβασί-
1972 2519 2018 2584 Β

279 2651 448 2706 λισσα
473 2651 538 2705 ἂν
567 2651 668 2720 τὴν
698 2647 975 2724 ἐρωμένην
1023 2647 1223 2717 ταύτην
1271 2647 1474 2713 ἀνεῖπε,
1503 2646 1593 2700 καὶ
1643 2643 1939 2717 διαδήματι

276 2741 688 2811 κατεκόσμησεν
721 2739 804 2793 ἄν.
838 2737 1077 2791 Ἐκείνου
1111 2734 1168 2791 δὲ
1225 2732 1500 2802 θανόντος,
1534 2734 1594 2789 οὗ
1653 2733 1942 2810 παρέμεινε

275 2835 344 2904 τῇ
378 2826 621 2900 σεϐαπῇ
650 2827 715 2882 τὸ
754 2825 1069 2901 εὐτύχημα.
1101 2825 1226 2881 ἀλλ’
1259 2824 1337 2886 εἷς
1379 2825 1478 2891 τῆν
1533 2822 1799 2899 προτέραν
1843 2829 1942 2892 τῆς

279 2919 524 2993 ὁμηρίας
545 2917 726 2992 τύχην
761 2913 1182 2985 ἐπανελήλυθεν.
1210 2916 1370 2985 ’Ἄρτι
1421 2911 1478 2967 δὲ
1524 2912 1615 2966 καὶ
1664 2913 1787 2988 περὶ
1843 2916 1940 2966 τοῦ

273 3008 472 3068 τέλους
503 3004 824 3081 ἱστορητέον
877 3003 1072 3058 τούτου
1117 3007 1214 3058 τοῦ
1258 3001 1678 3076 αὐτοκράτορος.
1709 3001 1787 3058 Οὐ
1845 3021 1943 3074 μα-

274 3098 410 3172 κρὸς
462 3095 795 3170 έξεμετρήθη
851 3092 1074 3168 χρόνος,
1109 3092 1291 3162 έξότου
1333 3098 1434 3160 τῆς
1488 3091 1785 3166 ἡγεμονίας
1836 3095 1944 3144 τῶν

278 3184 576 3258 Ῥωμαίων
633 3184 852 3258 γέγονεν
914 3183 1203 3257 ςγκρατής,
1236 3180 1326 3235 καί
1383 3181 1434 3234 οἱ
1489 3176 1648 3241 νόσος
1699 3180 1941 3255 ἀρθρῖτις

280 3276 603 3346 ἆνέσκηψεν,
634 3271 670 3340 ἢ
729 3271 992 3346 πρότερον
1037 3276 1154 3332 τοῖς
1204 3268 1362 3324 ποσὶν
1409 3267 1617 3323 ἐκείνου
1667 3271 1764 3323 τοῦ
1823 3267 1944 3342 ῥεύ-

284 3384 456 3436 ματος
513 3361 776 3436 ἐπήνεγκε
821 3360 920 3427 τῆν
971 3359 1162 3435 φορὶν,
1200 3357 1338 3412 ὥστε
1383 3358 1481 3418 τὰς
1543 3357 1722 3431 βάσεις
1781 3355 1944 3411 αὐτοῦ

281 3453 420 3528 πρὸς
481 3448 707 3526 πορείαν
763 3448 854 3503 καὶ
913 3447 1093 3502 στάσιν
1125 3444 1424 3502 ἀδυνατεῖν.
1461 3445 1522 3500 Εἰ
1554 3443 1612 3500 δέ
1667 3466 1799 3500 ποτε
1855 3447 1942 3500 καὶ

281 3543 554 3611 κινήσεως
605 3537 845 3612 ἀνάγκην
895 3531 1148 3612 ἔσχηκεν,
1181 3535 1215 3604 ἢ
1249 3534 1385 3611 πρός
1433 3555 1595 3588 τινων
1648 3535 1945 3608 ὑποστηρι-

285 3632 517 3703 ζὸμενος
565 3622 858 3703 προέϐαινε
901 3623 1205 3701 δυσχερῶς,
1260 3624 1296 3694 ἢ
1345 3625 1434 3679 καὶ
1480 3626 1706 3696 πάμπαν
1766 3623 1945 3698 ἑτερο-

278 3722 513 3790 κίνητος
561 3716 652 3786 ἦν.
688 3719 798 3773 Τοῦ
851 3715 1056 3789 χρόνου
1106 3712 1162 3769 δὶ
1191 3713 1503 3788 προϊόντος,
1533 3713 1622 3768 καὶ
1652 3718 1774 3776 ταῖς
1821 3734 1950 3789 χερ-

282 3810 363 3862 σὶν
425 3805 728 3883 έπεῤῥύητο
787 3801 982 3859 αἴτιον·
1017 3804 1130 3858 εἶτα
1183 3803 1274 3857 καὶ
1304 3807 1421 3865 τοῖς
1454 3797 1632 3874 ὤμοις
1661 3801 1946 3873 ὶπήνεκτο,

279 3899 372 3952 καὶ
431 3895 598 3958 τέλος
652 3892 782 3949 ὅλον
842 3893 988 3964 αὐτῷ
1041 3894 1103 3948 τὸ
1133 3897 1292 3965 σῶμα
1319 3897 1400 3964 τῷ
1431 3892 1656 3968 ῥεύματι
1687 3889 1945 3947 κατεκλύ-

283 3994 428 4056 ζετο,
462 3985 554 4040 καὶ
614 3989 863 4056 παρεῖτο,
893 3983 982 4038 καὶ
1040 3981 1384 4057 ἐξηρθροῦτο,
1414 3987 1530 4042 τοῖς
1575 3985 1683 4036 τῶν
1733 3979 1945 4056 ἄρθρων

283 4075 634 4145 κοιλώμασιν
696 4070 1080 4148 ἑγκλειομένου
1156 4075 1253 4126 τοῦ
1330 4070 1615 4145 ῥεύματος.
1677 4072 1942 4144 Ἐκαμνεν

287 4165 380 4219 οὖν
417 4164 566 4218 οὕτω
598 4162 705 4237 πρὸ
740 4165 951 4236 μακροῦ
979 4161 1042 4215 τὸ
1073 4165 1235 4233 σῶμα
1278 4164 1355 4231 τῷ
1406 4159 1637 4234 βασιλεῖ.
1675 4161 1804 4214 Εἶτα
1855 4161 1943 4214 καί

283 4276 336 4309 τι
395 4251 584 4326 ἕτερον
640 4245 1082 4325 ἐπισυμϐεϐηκὸς
1135 4250 1220 4323 (τὸ
1280 4246 1328 4303 δ’
1381 4250 1450 4318 ἦν
1528 4248 1586 4304 ἐκ
1644 4248 1948 4321 πνεύματος

281 4344 494 4419 νυγμὸς
553 4341 679 4416 περὶ
745 4341 845 4408 τὴν
920 4339 1183 4412 πλευρὰν)
1237 4335 1685 4413 προσδοκήσιμον
1759 4337 1948 4411 ἐκείνῳ

281 4433 376 4486 καὶ
430 4435 550 4494 τοῖς
619 4429 769 4502 αὖτῷ
842 4425 1400 4501 παραδυναστεύουσιν
1473 4424 1622 4492 ἔθετο
1674 4429 1737 4482 τὸ
1791 4425 1949 4489 τέλος

279 4523 386 4585 τῆς
436 4521 650 4594 βιοτῆς,
684 4519 758 4572 ὧν
807 4518 872 4572 τὰ
916 4522 1108 4591 πρῶτα
1155 4517 1184 4570 ὁ
1225 4516 1527 4592 λογοθέτης
1571 4517 1637 4585 ἦν
1673 4518 1947 4587 Ἰωάννης,

282 4606 694 4680 ἐκτετμημένον
747 4604 1055 4682 ἀνδράριον,
1097 4607 1308 4678 ἄσημον
1364 4605 1458 4679 μὲν
1516 4604 1575 4660 ἐκ
1622 4604 1809 4681 γένους
1860 4605 1949 4660 καὶ

286 4696 736 4772 δυσγετέστατον,
811 4695 950 4767 πρὸς
1035 4691 1092 4748 δὲ
1169 4694 1506 4769 πραγμάτων
1584 4694 1949 4770 μεταχείρισιν

285 4787 651 4861 ἀφυέστατον,
712 4790 1104 4858 γραμματικῆς
1191 4780 1248 4837 δὲ
1315 4784 1520 4858 τέχνης
1575 4787 1801 4838 τοσοῦτο
1854 4805 1950 4856 με-

284 4875 589 4950 τεσχηκὸς,
653 4872 790 4927 ὥστε
851 4875 977 4944 μήτ’
1030 4872 1310 4947 ὀρθοεπεῖν
1370 4867 1610 4948 ἀκριϐῶς
1663 4871 1953 4942 ἀττικίζον,

292 4966 425 5037 μήτ’
474 4962 784 5024 ἀπττίστως
856 4962 1236 5040 ὁρθογραφεῖν-
1290 4963 1404 5041 Ἐφ’
1463 4960 1509 5035 ᾦ
1567 4958 1634 5031 δὴ
1693 4962 1790 5031 τὴν
1847 4965 1955 5016 τῶν

2108 1141 2350 1196 XXVIII.
2385 1143 2760 1214 Imperatrice
2788 1146 2896 1200 Zoe
2939 1150 3212 1217 provecta
3248 1150 3414 1202 astate
3462 1153 3694 1205 mortua

2050 1231 2572 1303 (septuagesimum
2605 1233 2760 1288 enim
2793 1251 3015 1289 annum
3064 1236 3414 1306 excesserat)
3466 1235 3694 1293 obitum

2051 1321 2178 1390 ejus
2200 1337 2311 1375 non
2337 1325 2402 1375 ut
2421 1338 2552 1376 vero
2579 1323 2825 1393 dignum
2850 1327 2964 1388 est,
2987 1323 3146 1390 tulit,
3189 1325 3290 1379 sed
3333 1324 3696 1381 muliebriter

2051 1408 2218 1473 luxit,
2251 1425 2497 1480 eamque
2516 1411 2740 1482 angelis
2761 1412 3159 1483 aequiperasse
3206 1413 3426 1468 fertur:
3461 1430 3590 1469 cum
3622 1416 3695 1470 ob

2051 1495 2158 1551 loci
2193 1497 2602 1554 humiditatem
2638 1516 2704 1554 ex
2734 1502 2864 1568 ejus
2896 1507 3278 1557 monumento
3310 1503 3524 1574 fungus
3563 1520 3696 1576 ger-

2054 1586 2358 1653 minasset,
2394 1604 2568 1659 quem
2601 1589 2792 1660 sigum
2827 1590 3025 1644 dlvina
3054 1590 3415 1660 providentia
3474 1592 3696 1648 editum

2048 1675 2294 1740 vocavit,
2325 1681 2390 1731 ut
2423 1693 2494 1731 ne
2524 1677 2897 1746 ignoraretur
2925 1678 3359 1749 imperatricem
3394 1681 3453 1735 in
3481 1685 3699 1737 ccetum

2047 1761 2497 1835 intelligentium
2533 1769 2886 1821 Potestatem
2945 1783 3074 1823 esse
3106 1773 3423 1841 receptam.
3483 1770 3697 1826 Verum

2049 1852 2242 1907 adhuc
2273 1854 2489 1909 amoris
2537 1854 2807 1910 incendio
2866 1854 3138 1927 ﬂagrans,
3199 1856 3698 1915 adolescentulam

2049 1940 2366 2010 quamdam
2399 1941 2567 1996 Alani
2604 1940 2888 2012 principis
2911 1941 3112 2007 ﬁliam,
3137 1943 3400 1998 obsidem
3418 1944 3697 2001 Romanis

2049 2029 2268 2094 datam,
2300 2028 2360 2083 in
2393 2032 2611 2100 regiam
2644 2031 3035 2086 introductam
3066 2037 3390 2102 Augustam
3420 2033 3694 2105 appellat,

2047 2118 2244 2172 addita
2275 2119 2542 2173 custodia
2571 2119 2731 2190 regia
2761 2125 2817 2173 et
2847 2118 3186 2191 sumptibus
3233 2121 3691 2179 liberalissimis.

2048 2207 2208 2270 Quod
2245 2207 2303 2261 ni
2329 2207 2691 2262 Theodoram
2724 2208 3154 2279 imperatricem
3189 2211 3468 2266 reveritus
3517 2217 3694 2280 esset,

2055 2313 2120 2351 ac
2153 2297 2347 2368 potius
2379 2299 2571 2368 quarti
2606 2299 2867 2370 conjugii
2910 2300 3165 2355 dedecus
3213 2309 3271 2355 et
3320 2302 3506 2372 nefas,
3546 2303 3694 2357 ami-

2049 2401 2175 2440 oam
2208 2402 2376 2441 suam
2409 2387 2587 2441 etiam
2619 2387 3050 2457 imperatricem
3083 2387 3455 2459 appellasset,
3489 2395 3546 2445 et
3577 2392 3696 2446 dia-

2048 2473 2278 2528 demate
2307 2481 2661 2530 exornasset.
2694 2476 2976 2530 Caeterum
3009 2476 3109 2531 illa
3139 2483 3416 2548 Augustae
3451 2478 3696 2535 felicitas

2051 2578 2166 2616 non
2197 2563 2299 2617 diu
2332 2563 2602 2619 duravit:
2634 2581 2771 2618 nam
2803 2569 2935 2635 post
2969 2566 3342 2636 imperatoris
3371 2568 3597 2623 obitum
3621 2570 3695 2624 ad

2051 2651 2358 2722 pristinam
2391 2652 2787 2708 conditionem
2821 2657 2910 2709 est
2932 2670 3184 2710 reversa.
3220 2655 3386 2710 Nunc
3418 2657 3488 2711 de
3536 2657 3694 2713 exitu

2051 2739 2424 2810 imperatoris
2454 2746 2544 2795 est
2574 2741 2908 2797 dicendum.
2947 2742 3069 2798 Non
3104 2743 3290 2798 multo
3339 2749 3474 2815 post
3515 2762 3693 2817 quam

2051 2833 2282 2900 sceptro
2340 2829 2560 2899 politus
2616 2834 2793 2897 esset,
2854 2831 3094 2886 morbus
3150 2847 3286 2887 eum
3364 2834 3696 2890 articularis

2052 2919 2195 2973 261
2238 2917 2470 2986 invasit,
2501 2919 2851 2974 humoribus
2883 2920 3170 2991 principio
3201 2922 3272 2976 ad
3297 2923 3472 2992 pedes
3489 2924 3698 2980 decur-

2052 3006 2337 3074 rentibus,
2372 3013 2436 3060 ut
2466 3023 2654 3078 neque
2713 3015 2889 3074 stare,
2953 3025 3139 3079 neque
3196 3009 3421 3079 ingredi
3480 3016 3698 3083 posset.

2052 3095 2292 3158 Quando
2325 3102 2520 3150 autem
2554 3112 2688 3150 eum
2738 3098 2954 3152 moveri
3001 3114 3239 3153 necesse
3284 3103 3428 3162 erat,
3479 3107 3581 3156 aut
3629 3101 3702 3157 ab

2054 3185 2184 3239 aliis
2215 3184 2493 3240 suffultus
2524 3201 2674 3256 aegre
2705 3185 3166 3258 ingrediebatur,
3198 3195 3302 3242 aut
3333 3190 3702 3258 gestabatur.

2052 3275 2270 3329 Verum
2325 3291 2637 3345 progressu
2689 3276 2995 3345 temporis,
3043 3276 3329 3332 fluxiones
3378 3279 3437 3332 in
3485 3295 3702 3336 manus

2053 3364 2231 3419 etiam
2291 3363 2726 3430 incumbebant,
2795 3364 3004 3419 deinde
3051 3365 3332 3420 humeros
3393 3367 3698 3433 vexabant,

2055 3451 2302 3520 denique
2333 3455 2520 3506 totum
2549 3467 2761 3522 corpus
2791 3452 3148 3507 infestabant
3197 3457 3253 3508 et
3281 3454 3575 3524 laxabant,
3607 3471 3703 3510 ca-

2055 3539 2336 3595 vitatibus
2367 3537 2744 3594 articulorum
2777 3555 2839 3596 se
2869 3539 3261 3596 insinuantes.
3288 3542 3369 3595 Ad
3398 3540 3519 3596 haec
3542 3541 3701 3597 aliud

2057 3629 2307 3685 accessit
2338 3627 2581 3694 malum,
2617 3627 2902 3683 vellicatio
2934 3628 3136 3684 lateris
3167 3647 3232 3684 ex
3266 3629 3551 3696 anhelitu,
3584 3646 3701 3700 qua

2057 3719 2254 3784 ﬂebat,
2288 3723 2352 3773 ut
2373 3733 2476 3772 nec
2497 3717 2622 3788 ipse
2644 3719 2772 3772 vita
2804 3718 3194 3773 diuturnioris
3235 3735 3398 3789 spem
3442 3719 3705 3791 haberet,

2060 3825 2164 3864 nec
2195 3808 2320 3878 ejus
2352 3822 2639 3879 proceres,
2700 3823 2950 3878 quorum
3000 3807 3316 3878 primarius
3367 3814 3488 3862 erat
3541 3808 3702 3881 logo-

1973 3882 2018 3947 C
2058 3898 2217 3953 theta
2256 3897 2534 3962 Joannes,
2593 3900 2882 3951 castratus
2936 3895 3273 3965 homuncio,
3339 3897 3588 3953 obscuro
3645 3901 3704 3954 et

2052 3985 2483 4058 lgnobilissimo
2514 4001 2723 4057 genere
2771 3989 2958 4054 ortus,
3017 3990 3075 4040 et
3135 3986 3207 4040 ad
3265 4001 3358 4042 res
3416 3988 3704 4058 gerendas

2053 4074 2484 4147 ineptissimus,
2518 4073 2920 4145 grammaticae
2961 4075 3102 4130 artis
3151 4075 3294 4130 adeo
3344 4076 3590 4146 peritus,
3642 4081 3708 4132 ut

2055 4163 2114 4217 in
2147 4163 2511 4218 aﬁ‘ectatione
2538 4163 2851 4227 Alticismi,
2887 4179 3075 4234 neque
3109 4168 3261 4219 recte
3293 4163 3476 4236 loqui,
3519 4181 3708 4236 neque

2057 4252 2202 4307 citra
2230 4267 2485 4307 errorem
2521 4251 2780 4307 scribere
2811 4258 3030 4322 posset.
3067 4252 3128 4306 Ei
3162 4269 3458 4307 summam
3509 4269 3707 4308 rerum

2058 4340 2377 4413 imperator
2407 4339 2743 4396 commisit:
2779 4341 3051 4395 eumdem
3088 4339 3412 4411 principem
3467 4345 3709 4396 senatus

2058 4429 2403 4502 designavit.
2451 4429 2597 4485 Nam
2660 4429 2822 4501 prius
2882 4428 3219 4500 reipublicae
3271 4427 3705 4484 administratio

2059 4536 2233 4592 penes
2263 4518 2474 4590 virum,
2508 4518 2643 4574 huic
2674 4518 2914 4573 omnino
2943 4522 2997 4573 et
3026 4534 3236 4589 genere
3269 4523 3324 4572 et
3355 4517 3624 4572 facundia
3649 4521 3708 4572 et

2060 4607 2305 4664 scientia
2336 4608 2600 4680 regenda
2631 4607 2883 4662 civitatis
2927 4605 3276 4662 dissimilem
3339 4606 3558 4660 fuerat:
3606 4606 3712 4677 qui

2061 4714 2195 4753 cum
2227 4697 2546 4769 imperator
2585 4696 2806 4767 aliquid
2858 4711 3028 4751 secus
3073 4711 3247 4765 quam
3309 4693 3710 4763 conveniebat,

2055 4786 2310 4858 juberet,
2342 4801 2456 4839 non
2491 4784 2687 4839 statim
2723 4786 2792 4839 ad
2829 4783 3191 4839 voluntatem
3223 4783 3351 4853 ejus
3396 4785 3714 4855 propende-

2063 4876 2184 4940 bat,
2209 4874 2310 4929 sed
2370 4873 2778 4944 refragabatur
2834 4876 2890 4927 et
2950 4872 3296 4927 deterrebat.
3357 4871 3518 4935 Quod
3579 4889 3713 4928 cum

2066 4963 2282 5036 saepius
2315 4961 2498 5031 ﬂeret,
2532 4961 2630 5017 ille
2662 4961 2917 5034 graviter
2945 4964 3001 5016 et
3040 4959 3242 5033 iniquo
3293 4959 3488 5016 animo
3535 4959 3715 5016 liber-

1587 5149 1792 5212 Variae
1821 5150 2124 5214 lectiones
2152 5154 2217 5214 et
2247 5154 2436 5213 notae.

366 5332 482 5404 (41)
513 5331 624 5398 Τῆς
656 5325 713 5383 δὲ
746 5326 1031 5404 βασιλίδος
1078 5333 1254 5404 Ζῳῆς.
1306 5330 1539 5404 Annum
1582 5329 1779 5404 obitus
1816 5331 1958 5404 Zoes

294 5405 523 5460 indicat
557 5403 759 5475 Lupus
790 5403 1249 5472 Prostospatha:
1306 5405 1407 5458 An.
1462 5403 1622 5470 1050,
1672 5403 1867 5458 ιηάίιιε.
1901 5403 1956 5472 3,

299 5477 727 5546 οὺὶἰίΖοεεηιρ.
787 5491 941 5530 soror
995 5475 1308 5539 Theodorae,
1367 5491 1487 5545 qua:
1535 5476 1766 5546 fuerunt
1822 5475 1961 5544 ﬁliae

295 5549 658 5604 Constantini
687 5548 824 5614 imp.
858 5547 961 5601 Zoe
986 5548 1139 5601 enim
1167 5547 1359 5600 habuit
1387 5549 1533 5601 viros
1563 5553 1694 5611 tres,
1714 5547 1961 5616 primum

297 5621 630 5686 Romanum,
663 5618 964 5674 secundum
1020 5619 1370 5686 Michaelem,
1417 5618 1643 5673 tertium
1690 5622 1960 5674 Constan-

2067 5333 2248 5387 tinum
2279 5331 2697 5388 Monomachum
2736 5329 2998 5399 Regnavit
3037 5344 3166 5384 cum
3216 5327 3300 5384 his
3351 5327 3530 5382 tribus
3578 5326 3718 5381 viris

2066 5421 2199 5458 ann.
2227 5408 2318 5468 2‘2,
2348 5407 2468 5475 post
2506 5411 2737 5456 mortem
2796 5415 2920 5455 vero
2974 5402 3253 5472 praedicta:
3280 5399 3721 5475 WZoearegnavit

2069 5477 2184 5547 ipse
2243 5473 2630 5530 Constantinus
2702 5474 3000 5547 imperator
3078 5489 3204 5528 cum
3275 5473 3555 5527 Theodoro
3614 5487 3717 5526 sua

2068 5546 2297 5620 regnata
2307 5548 2431 5618 jam
2459 5561 2649 5601 novem
2679 5546 2866 5601 annis.
