4036 6206
459 297 574 358 231

1801 287 2128 352 JOANNIS
2180 284 2522 348 ΖΟΝΔΒιΕ

3709 301 3811 362 232

454 435 638 490 tatem
662 431 824 488 illius
845 431 1058 502 ferens,
1081 427 1307 487 homini
1329 427 1643 492 (Lichudes
1663 426 1715 482 is
1735 424 2091 495 vocabatur),

2213 423 2414 511 κοινῶν
2469 421 2804 511 πραγμάτων
2866 416 3138 511 διοίκησιν
3168 422 3196 478 6
3229 423 3477 498 βασιλεὺς
3525 427 3810 511 έποιήσατο,

456 527 523 578 ut
579 523 948 578 adversatore
1005 523 1250 587 careret,
1311 534 1530 572 munus
1583 517 1639 572 id
1696 519 1983 586 ereptum,
2043 513 2102 568 in

451 610 738 666 Joannem
773 609 1071 674 transfert,
1107 623 1178 662 ne
1208 623 1323 660 suae
1353 605 1714 676 cupiditates
1769 602 2104 658 inhiberen-

451 704 566 754 tur.
603 699 656 754 ls
681 698 860 770 igitur
887 698 1144 752 Joannes
1176 700 1232 750 et
1263 694 1360 749 alii
1420 697 1743 764 magnates,
1797 693 2104 762 desperata

453 788 822 859 imperatoris
853 786 992 851 vita,
1048 784 1099 838 ei
1152 787 1418 839 auctores
1468 787 1607 838 sunt
1655 782 1724 836 de
1764 796 2100 837 successore

448 875 837 931 deliberandi:
873 877 1258 944 monentque,
1285 872 1690 926 Protevontem
1737 875 1938 941 aptum
1971 884 2099 924 esse

447 967 517 1021 ad
553 965 889 1034 imperium,
923 962 1021 1033 qui
1053 978 1188 1018 cum
1219 959 1560 1032 Bulgariam
1589 964 1835 1031 regeret,
1859 960 1931 1014 ab
1957 958 2099 1014 urbe

453 1054 674 1108 aberat.
727 1052 942 1107 Missus
1000 1051 1180 1123 igitur
1227 1055 1336 1116 est,
1395 1047 1494 1119 qui
1552 1065 1684 1103 eum
1741 1052 2096 1102 accerseret:

450 1141 627 1212 idque
659 1141 808 1197 clam
843 1140 1166 1205 Theodora,
1208 1156 1322 1194 non
1356 1141 1551 1192 tamen
1584 1136 1680 1205 ita,
1715 1137 1856 1208 quin
1890 1153 2099 1192 arcano

448 1229 549 1298 illo
581 1229 826 1285 consilio
878 1227 1264 1300 deprehenso,
1315 1230 1595 1298 zegrotum
1642 1228 1987 1296 potestatem
2039 1224 2097 1279 in

450 1317 632 1374 alium
665 1317 1042 1373 transtulisse
1073 1316 1355 1388 cognorit.
1390 1315 1586 1386 Itaque
1617 1313 1718 1369 illa
1747 1313 2096 1368 moribundo

446 1407 508 1462 in
540 1406 851 1478 Mangania
883 1405 1041 1477 regia
1067 1405 1291 1472 relicto,
1346 1402 1640 1458 industria
1690 1401 2094 1457 ministrorum

446 1512 688 1551 suorum
723 1511 1042 1550 conscensa
1073 1511 1215 1549 nave
1243 1493 1315 1548 ad
1350 1508 1620 1563 magnam
1657 1489 1872 1562 regiam
1897 1489 2091 1561 appel-

439 1582 525 1637 lit.
563 1583 644 1638 lbi
678 1588 734 1638 et
765 1581 1160 1654 imperatoriis
1193 1579 1569 1645 satellitibus,
1625 1583 1680 1634 et
1724 1577 1952 1634 selectis
2001 1594 2094 1632 se-

445 1671 751 1728 natoribus
809 1671 881 1726 ad
928 1687 1056 1725 eam
1114 1667 1567 1736 conﬂuentibus,
1624 1665 1964 1738 imperatrix
2020 1665 2094 1721 ab

446 1760 722 1816 omnibus
753 1764 842 1816 est
870 1759 1141 1825 salutata,
1179 1764 1243 1812 ut
1272 1758 1340 1812 ad
1374 1772 1551 1827 quam
1611 1755 1920 1826 imperium
1958 1755 2093 1825 jure

444 1849 810 1905 haareditario
841 1848 1176 1921 pertineret.
1209 1851 1286 1902 Eo
1318 1863 1412 1902 res
1432 1844 1810 1900 Monomacho
1834 1843 2091 1899 dolorem

438 1938 630 1994 auxit:
675 1953 936 2008 cumque
991 1953 1106 1992 non
1165 1934 1420 2006 amplius
1472 1933 1736 2001 vixisset,
1795 1949 1972 2004 quam
2029 1936 2095 1988 ut

439 2027 701 2097 suspirio
734 2026 997 2081 dolorem
1049 2028 1106 2079 et
1149 2023 1443 2080 tristitiam
1501 2023 1636 2078 inde
1694 2022 1846 2078 ειη
1897 2038 2094 2077 conce-

440 2120 600 2188 ptam
625 2114 826 2170 testari
854 2117 1068 2185 posset,
1097 2111 1431 2184 exspiravit.
1479 2111 1764 2183 Regnavit
1800 2126 1986 2166 annos
2015 2127 2094 2165 xu

437 2208 496 2261 et.
525 2220 758 2259 menses
790 2206 952 2258 octo:
989 2201 1258 2273 sepultus
1291 2204 1381 2256 est
1412 2201 1468 2255 in
1500 2203 1923 2271 Manganorum
1968 2215 2093 2256 mo-

441 2291 702 2348 nasterio
734 2309 768 2346 a
798 2309 860 2346 se
894 2290 1149 2346 condito.

2213 507 2302 564 καὶ
2349 512 2456 564 τῶν
2503 516 2603 579 τῆς
2651 506 3181 598 βουλῆςάπέδειξεν
3227 513 3467 571 ἁπάντων
3492 506 3810 598 κορυφαιόταλ

2210 619 2325 654 τον.
2379 601 2478 655 Ἦν
2571 599 2664 671 μὲν
2719 598 2821 673 γὰρ
2875 597 2964 654 ἐπὶ
3020 604 3127 654 τῶν
3185 602 3476 676 βασιλικῶν
3527 597 3810 681 διοικήσεων

2211 689 2402 761 πρώην
2449 687 2588 762 ἀνὴρ
2636 687 2816 760 τούτῳ
2862 688 2930 744 τὰ
2976 689 3150 744 πάντα
3216 691 3525 767 ἀντίρροπος
3565 697 3647 751 καὶ
3683 701 3813 774 γένος

2209 776 2299 832 καὶ
2360 775 2663 851 λόγον,καὶ
2723 779 2824 846 τήν
2881 779 3006 854 περὶ
3063 778 3160 840 τὰς
3202 779 3482 846 πολιτικας
3537 783 3813 860 οἰκονομίας

2209 859 2504 936 ἀκρίϐειαν.
2574 869 2830 927 Τοιοῦτος
2890 863 2935 920 δ’
2994 863 3089 938 ὢν,
3151 867 3387 938 ὁπηνίκα
3453 891 3503 924 τι
3571 859 3717 950 παρὰῗ
3759 881 3810 934 τὸ

2208 956 2445 1017 καθῆκον
2495 951 2778 1009 ἐπέταττεν
2833 955 2985 1026 αύτῷ
3053 959 3280 1022 ποιῆσαι
3337 958 3365 1012 6
3423 960 3680 1034 βασιλεὺς,
3732 965 3814 1022 οὐκ

2207 1041 2274 1110 ἦν
2329 1041 2400 1116 τῇ
2450 1043 2760 1117 προαιρέσει
2837 1046 2934 1098 τοῦ
2991 1049 3315 1120 κρατοῦντος
3375 1047 3662 1120 ίπικλινής,
3706 1051 3811 1110 ἀλλ’

2208 1129 2456 1206 ἀντέλεγέ
2508 1152 2568 1186 τε
2614 1133 2700 1186 καὶ
2755 1131 2968 1208 ἀνεῖργε
3013 1137 3110 1188 τοῦ
3160 1135 3238 1207 μὴ
3269 1138 3722 1210 προσήκοντος.’0
3766 1141 3812 1199 δέ

2207 1219 2553 1295 έχαλέπαινε,
2586 1221 2675 1274 καὶ
2706 1219 2981 1284 πολλάκις
3034 1223 3230 1278 τούτου
3285 1227 3594 1298 γινομένου,
3645 1227 3813 1301 έμηνία

2203 1312 2270 1381 τῇ
2301 1313 2398 1364 τοῦ
2439 1305 2631 1383 ἀνδρὸς
2661 1308 2867 1364 έκείνου
2900 1309 3201 1387 ἐλευθερίᾳ,
3235 1313 3322 1368 καὶ
3367 1312 3455 1368 ’ίνα
3497 1315 3556 1370 τὸ
3604 1317 3810 1388 ἀντίξουν

2203 1396 2647 1476 ἀποφορτίσαιτο,
2683 1403 2908 1471 μεθιστᾷ
2940 1400 3036 1472 μὶν
3097 1399 3298 1456 έκεῖνον
3339 1407 3438 1468 τῆς
3490 1408 3592 1458 τῶν
3642 1411 3810 1461 κοινῶν

2205 1483 2524 1556 διοικήσεως
2557 1487 2606 1560 (ὁ
2638 1485 2952 1563 Λειχούδης
2985 1489 3051 1557 ἦν
3085 1489 3287 1562 οὗτος),
3321 1490 3607 1569 ἀντεισάγει
3653 1491 3704 1549 δὲ
3737 1496 3810 1551 τὸν

2204 1575 2476 1646 Ἰωάννην,
2509 1575 2599 1630 καὶ
2650 1575 2829 1649 τούτῳ
2874 1578 2975 1645 τὴν
3025 1582 3131 1632 τῶν
3183 1576 3482 1635 πολιτικῶν
3515 1583 3811 1657 πραγμάτων

2203 1661 2490 1739 ἐγχειρίζει
2550 1659 2893 1739 κυϐέρνησιν,
2937 1663 3032 1720 ίίνα
3098 1668 3171 1739 μὴ
3245 1667 3382 1741 πρός
3447 1690 3586 1732 τινος
3631 1669 3701 1748 ἐφ’
3746 1675 3811 1735 οἷς

2202 1753 2435 1827 ὁρμήσει
2509 1752 2832 1828 ἀνείργοιτο.
2894 1755 3063 1817 Οὗτος
3129 1755 3309 1811 τοίνυν
3370 1757 3399 1812 6
3455 1757 3696 1830 Ἰωάννης
3739 1761 3811 1816 καὶ

2203 1836 2398 1916 ἕτεροι,
2435 1841 2568 1916 μέγα
2613 1841 2852 1897 κάκεῖνοι
2887 1840 3238 1918 δεδυνημένοι
3288 1847 3435 1920 παρᾶ
3486 1852 3564 1919 τῷ
3611 1847 3811 1923 βασιλεῖ,

2201 1930 2574 2005 ἀπεγνωκότες
2674 1930 2820 2003 αύτῷ
2905 1933 2968 1987 τὸ
3049 1933 3320 2008 βιώσιμον
3355 1977 3368 2004 ,
3443 1934 3672 1990 πείθουσι
3735 1937 3809 1992 τὸν

2201 2024 2475 2092 κάμνοντα
2528 2019 2808 2097 φροντίσαι
2859 2021 2982 2097 περὶ
3024 2019 3316 2098 διαδοχῆς,
3365 2025 3454 2078 καὶ
3513 2025 3810 2080 ὑποτιθέασιν

2201 2109 2350 2180 αὐτῷ
2403 2110 2534 2163 εἶναι
2591 2111 2730 2184 πρὸς
2786 2111 2885 2179 τὴν
2946 2110 3124 2186 ἆρχήν
3187 2109 3495 2184 έπιτήδειον
3551 2113 3636 2169 τὸν
3681 2115 3814 2188 Πρω-

2200 2197 2425 2252 τεύοντα
2480 2201 2613 2271 (42)’
2675 2199 2704 2252 6
2763 2196 2822 2253 δὲ
2873 2200 2973 2268 τήν
3058 2207 3158 2270 τῆς
3245 2201 3582 2278 Βουλγαρίας
3661 2202 3812 2278 ἀρχὴν

2203 2289 2555 2362 περιέζωστο,
2604 2286 2695 2341 καὶ
2750 2285 3020 2360 ἀπεδήμει
3077 2295 3181 2358 τῆς
3248 2287 3529 2364 βασιλίδος
3584 2294 3683 2344 τῶν
3733 2290 3809 2345 πό-

446 2377 611 2436 λεων.
640 2378 906 2434 Ἐσταλτο
935 2378 1112 2433 τοίνυν
1147 2379 1175 2432 6
1203 2376 1294 2432 τὸν
1325 2374 1607 2450 ἄνθρωπον
1639 2374 2162 2449 μετακαλεσάμενος
2197 2373 2256 2430 ἐκ
2285 2373 2343 2431 δὲ
2369 2383 2471 2445 τῆς
2506 2373 2784 2452 βασιλίδος
2811 2374 3091 2453 Θεοδώρας
3139 2381 3174 2448 ἡ
3230 2379 3410 2455 βουλὴ
3457 2379 3812 2454 ἀπεκέκρυπτο.

443 2466 604 2525 Ἀλλ’
637 2466 735 2522 οὐκ
786 2467 861 2530 εἷς
901 2466 1060 2529 τέλος
1104 2467 1166 2521 τὸ
1217 2465 1498 2542 βούλευμα
1541 2465 1638 2533 τήν
1694 2461 1945 2540 βασιλίδα
1993 2462 2229 2521 διέλαθε.
2263 2469 2463 2520 Γνοῦσα
2511 2463 2569 2520 δὶ
2615 2465 2689 2526 ὡς
2740 2465 2840 2521 οὐκ
2887 2464 2969 2520 ἐπ’
3007 2465 3144 2541 αὐτῇ
3194 2473 3431 2523 ποιεῖται
3477 2469 3541 2523 τὸ
3583 2468 3816 2543 κράτοςὸ

442 2555 735 2626 τελευτῶν,
761 2558 850 2612 τὸν
889 2557 980 2629 μὲν
1016 2555 1075 2627 ἐᾷ
1105 2553 1532 2620 δυσθανατοῦντα
1561 2556 1695 2609 κατὰ
1719 2554 1786 2609 τὰ
1814 2553 1864 2609 έν
1893 2559 2008 2616 τοῖς
2041 2555 2351 2629 Μαγγάνοις
2383 2553 2652 2630 βασίλεια·
2686 2553 2859 2625 έκείνη
2895 2553 2953 2610 δὲ
2982 2553 3192 2629 σπουδῇ
3231 2561 3344 2612 τῶν
3405 2557 3816 2631 ὑπηρετουμένων

450 2645 591 2718 αὐτῇ
652 2639 991 2717 ἐμϐεϐηκυῖα
1043 2644 1157 2714 νηλι,
1191 2644 1268 2706 εἰς
1323 2644 1385 2698 τὸ
1446 2643 1585 2718 μέγα
1640 2641 2034 2719 προσωρμίσθη
2089 2642 2400 2718 ἀνάκτορον.
2435 2643 2532 2698 Καὶ
2582 2643 2720 2717 αὐτῇ
2769 2642 2888 2712 ἥτε
2921 2642 3179 2717 βασιλική
3214 2641 3518 2724 δορυφορίᾳ
3545 2645 3816 2722 προπρῤύη

449 2732 660 2800 αὐτίκα,
693 2733 784 2788 καὶ
813 2740 913 2801 τῆς
945 2733 1228 2808 γερουσίας
1259 2733 1319 2787 τὸ
1343 2728 1610 2807 ἔκκριτον,
1643 2732 1731 2786 καὶ
1764 2733 2114 2809 αὐτοκράτωρ
2143 2733 2278 2807 πρὸς
2307 2734 2523 2788 πάντων
2554 2731 2846 2809 ἀνερρήθη,
2879 2732 2954 2795 ὠς
2982 2731 3120 2807 αὐτῇ
3147 2734 3284 2789 κατᾶ
3311 2733 3521 2808 κλῆρον
3549 2741 3645 2803 τῆς
3669 2736 3819 2809 ἀρχῆς

449 2820 859 2896 προσηκούσης.
891 2825 1060 2876 Τοῦτο
1091 2826 1168 2892 τῷ
1197 2823 1519 2896 Μονομάχῳ
1563 2823 1823 2896 γνωσθὲν,
1853 2822 2206 2898 προστίθησιν
2257 2819 2510 2898 ἄλγημα,
2541 2821 2630 2876 καὶ
2693 2821 2872 2898 βραχύ
2927 2843 2981 2876 τι
3037 2821 3310 2890 έπιοιοὺς,
3346 2821 3470 2878 ὅσον
3523 2822 3819 2895 ἐπιστενάξαι

445 2916 564 2972 τοῖς
593 2910 908 2985 γενομένοις
936 2909 1025 2965 καὶ
1052 2910 1327 2982 ἀθυμῆσαι
1357 2910 1586 2982 ἐξέλιπε,
1624 2910 1944 2986 βασιλεύσας
1973 2905 2065 2982 ἔτη
2102 2909 2311 2968 δώδεκα
2334 2912 2424 2968 καὶ
2459 2919 2631 2986 μῆνας
2656 2910 2823 2985 ὀκτὼ,
2853 2913 2940 2968 καὶ
2972 2913 3228 2984 κατετέθη
3263 2913 3344 2978 εἰς
3375 2914 3473 2983 τὴν
3531 2915 3652 2990 παρ’
3679 2911 3820 2968 αὐτου

445 2996 777 3072 δομηθείσαν
811 2999 982 3071 μονὴν
1013 3004 1120 3054 τῶν
1159 3000 1485 3077 Μαγγάνων.

513 3090 710 3145 XXIX.
743 3091 1048 3146 Tbeodora
1070 3090 1194 3146 sola
1253 3092 1437 3162 potita
1485 3109 1703 3172 rerum,
1743 3093 1866 3164 jam
1921 3093 2091 3148 eﬂ'eta

2273 3092 2398 3148 KG'.
2426 3092 2489 3148 Ἡ
2522 3087 2580 3145 δὲ
2614 3087 2828 3164 βασιλὶς
2858 3087 3133 3166 Θεοδώρα,
3169 3089 3372 3166 ἶξωρος
3420 3097 3522 3161 τῆς
3559 3089 3822 3167 αὖταρχίας

444 3183 632 3248 aetate,
663 3179 1075 3250 imperatorem
1108 3180 1219 3234 sibi
1253 3181 1572 3252 adjungere
1605 3181 1816 3247 noluit,
1849 3182 1948 3236 sed
1992 3183 2091 3237 de-

441 3266 653 3324 lectata
687 3268 948 3338 imperio,
984 3268 1172 3338 quoad
1217 3270 1376 3336 vixit,
1430 3270 1621 3324 omnia
1672 3270 1728 3324 in
1774 3287 1884 3325 sua
1933 3275 2086 3340 pote-

445 3361 596 3413 state
628 3356 856 3421 habuit,
889 3357 1065 3428 idque
1097 3357 1342 3412 consilio
1374 3362 1431 3412 et
1461 3375 1635 3429 opera
1683 3358 2090 3414 ministrorum

435 3460 669 3516 quoque
701 3461 968 3512 suorum,
1002 3461 1149 3515 quos
1183 3445 1437 3500 summis
1470 3447 1916 3517 magistratibus
1949 3464 2090 3517 pras-

437 3533 592 3589 fecit.
624 3534 837 3588 Rerum
871 3532 1130 3589 civilium
1164 3534 1736 3590 administrationem
1766 3535 1934 3590 Leoni
1957 3553 2091 3608 syn-

435 3622 602 3690 cello,
646 3627 1034 3694 cognomento
1092 3623 1550 3695 Paraspondylo,
1612 3626 1932 3693 mandavit,
1987 3625 2089 3697 qui

436 3712 575 3767 olim
603 3713 942 3784 imperatori
965 3712 1228 3770 Michaeli
1251 3730 1488 3784 operam
1514 3721 1775 3770 navarat.
1800 3720 1934 3786 Ipsa
1955 3732 2088 3771 vero

435 3819 540 3874 pro
559 3801 836 3858 tribunali
862 3804 1151 3874 presedit,
1175 3803 1384 3876 legatis
1425 3807 1746 3876 respondit,
1783 3805 2089 3878 magistra-

438 3898 537 3947 tus
571 3892 810 3957 crcavit,
837 3892 940 3962 jus
968 3892 1135 3961 dixit,
1195 3894 1474 3966 suffragia
1521 3893 1675 3960 tulit,
1737 3895 2086 3950 sententiam

437 3995 606 4035 suam
643 3979 700 4033 in
735 3981 908 4035 rebus
934 3980 1174 4052 privatis
1197 3989 1254 4037 et
1274 3983 1690 4038 communibus
1714 3985 2086 4055 interposuit.

433 4073 518 4123 Ac
549 4068 847 4123 fortunata
897 4068 1007 4124 fuit
1061 4071 1193 4139 ejus
1247 4071 1611 4142 gubernatio.
1674 4072 1872 4144 Neque
1927 4072 2086 4128 enim

437 4156 753 4229 quisquam
787 4157 869 4212 illi
903 4175 964 4214 se
994 4161 1291 4231 opposuit,
1347 4177 1535 4231 neque
1588 4162 1805 4218 subditi
1857 4162 2088 4218 decreta

437 4250 569 4320 ejus
603 4248 1003 4320 neglexerunt,
1034 4267 1219 4322 neque
1254 4251 1375 4306 ulla
1425 4268 1570 4322 gens
1625 4257 1748 4306 tum
1804 4252 2084 4308 Romanis

433 4335 655 4394 bellum
690 4338 844 4404 fecit,
878 4340 978 4394 sed
1012 4345 1068 4394 et
1099 4340 1236 4394 anni
1287 4347 1481 4411 partes
1528 4359 1696 4396 suam
1743 4342 2084 4410 temperiem

2199 3182 2534 3254 κρατήσασα,
2585 3177 2811 3255 βασιλέα
2867 3185 2986 3241 τοῖς
3036 3181 3355 3255 πράγμασιν
3416 3179 3692 3250 ἰπιστῆσαι
3740 3177 3822 3233 οὐκ

2198 3265 2415 3337 ⁴ἤθελεν.
2443 3267 2567 3322 ἀλλ’
2597 3266 2890 3338 ήδυνθεῖσα
2944 3271 3013 3342 τῇ
3045 3267 3276 3340 ἐξουσίᾳ,
3312 3269 3442 3346 παρ’
3473 3269 3596 3323 ὅσον
3647 3262 3821 3323 ἐπεϐίω

2197 3361 2266 3430 τῇ
2329 3355 2578 3432 βασιλείᾳ
2631 3357 2842 3431 καιρὸν,
2888 3355 3024 3425 αύτὴ
3081 3360 3188 3410 τῶν
3227 3354 3377 3412 ὅλων
3437 3358 3507 3426 ἦν
3566 3355 3818 3432 ἐγκρατὴς,

2198 3446 2336 3521 πρὸς
2386 3449 2548 3500 τοῦτο
2602 3449 2690 3500 καί
2755 3445 2900 3520 παρᾶ
2955 3449 3063 3500 τῶν
3125 3443 3291 3515 αὐτῆς
3350 3444 3687 3522 θεραπόντων
3741 3442 3824 3516 ip-

2199 3529 2533 3601 ϐιϐασθεῖσα,
2586 3533 2678 3596 οὓς
2734 3534 2824 3588 καὶ
2908 3539 3028 3595 ταῖς
3086 3534 3371 3609 μεγίσταις
3426 3533 3678 3604 ἐπέστησε
3727 3535 3818 3586 τῶν

2197 3623 2407 3698 ἀρχῶν.
2441 3623 2554 3690 Τὴν
2586 3619 2642 3676 δὲ
2680 3626 2788 3676 τῶν
2839 3621 3139 3677 πολιτικῶν
3187 3623 3533 3698 πραγμάτων
3583 3619 3824 3690 διοίκησιν

2197 3716 2274 3784 τῷ
2303 3709 2591 3785 συγκέλλῳ
2616 3713 2729 3780 (43)
2761 3709 2975 3780 Λέοντι,
3006 3711 3067 3773 ὃς
3125 3710 3586 3786 Παρασπόνδυλος
3636 3708 3824 3781 ὠνόμα-

2197 3821 2311 3869 στο,
2345 3799 2656 3875 ένεχείρισε,
2681 3799 2744 3856 τὸ
2774 3797 2945 3854 πάλαι
2993 3803 3073 3871 τῷ
3107 3799 3323 3875 βασιλεῖ
3379 3798 3613 3876 Μιχαὴλ
3648 3800 3824 3873 ὑπηρε-

2195 3891 2435 3959 τήσαντι.
2467 3890 2532 3946 Ἡ
2583 3886 2642 3944 δὲ
2693 3887 3043 3962 προύκάθητο
3093 3888 3180 3943 έπὶ
3233 3888 3510 3964 βήματος,
3543 3887 3630 3943 καὶ
3682 3886 3826 3961 έχρη·

2201 3979 2389 4051 μάτιζε
2473 3972 2750 4052 πρέσϐεσι,
2835 3977 2927 4032 καὶ
3034 3978 3101 4047 ἦν
3191 3978 3703 4054 ἀρχαιρεσιάζουσα,
3749 3973 3827 4029 καὶ

2198 4068 2370 4131 δίκαις
2429 4067 2893 4142 ένθεμιστεύουσα,
2952 4069 3039 4122 καὶ
3111 4070 3326 4144 ψήφους
3389 4067 3703 4144 ἐκφέρουσα,
3753 4063 3830 4118 καὶ

2198 4157 2458 4214 διαιτῶσα
2540 4156 2832 4232 δημοσίαις
2905 4158 2995 4213 καὶ
3087 4163 3295 4220 κοιναῖς
3375 4157 3702 4225 ὑποθέσεσι,
3754 4151 3832 4208 καὶ

2196 4245 2452 4322 εὔδαιμον
2515 4247 2744 4321 ὑπῆρξεν
2802 4246 2939 4321 αύτῇ
3015 4247 3079 4302 τὸ
3148 4246 3507 4322 αὐτοκρατές.
3570 4244 3698 4300 Οὔτε
3740 4243 3832 4318 γάρ

2193 4359 2277 4402 τις
2333 4339 2531 4412 ἀντῆρε
2587 4342 2748 4413 χεῖρα
2804 4335 2963 4409 αὐτῇ,
3025 4334 3138 4390 οὐτ’
3207 4335 3503 4413 ὀλιγώρως
3581 4333 3711 4407 πρὸς
3776 4331 3834 4384 τὰ

433 4427 794 4493 habuerunt,
825 4433 884 4484 et
913 4434 1066 4484 terra
1099 4429 1306 4484 uberes
1337 4431 1566 4486 fructus
1597 4431 1751 4485 tulit.
1811 4430 2085 4494 Quamvis

2202 4426 2370 4502 ἐκείνῃ
2436 4423 2734 4502 δεδογμένα
2800 4421 2955 4503 ὤφθη
3007 4421 3244 4488 διατεθέν
3301 4424 3365 4480 τὸ
3425 4425 3687 4496 ὑπήκοον,
3735 4415 3836 4516 οὔτ’

434 4522 632 4573 autem
668 4523 806 4573 natu
839 4517 1101 4590 grandis,
1137 4523 1199 4572 ut
1231 4520 1454 4574 dictum
1488 4524 1595 4589 est,
1629 4519 1874 4591 sceptris
1907 4521 2090 4592 potita

2202 4512 2318 4586 ἔθνη
2397 4515 2521 4570 τότε
2600 4515 2736 4570 κατὰ
2789 4511 3076 4587 Ῥωμαίων
3153 4513 3459 4585 κεκίνηντο,
3541 4511 3684 4569 ἀλλὰ
3754 4506 3831 4562 καὶ

432 4610 608 4674 esset,
643 4611 840 4662 tamen
873 4607 1067 4662 adhuc
1103 4606 1345 4678 longum
1379 4608 1491 4662 sibi
1522 4608 1650 4663 vitae
1683 4613 1920 4680 tempus
1965 4609 2088 4680 pol-

436 4695 748 4765 licebatur,
779 4713 912 4752 cum
945 4713 1188 4768 corpore
1222 4697 1477 4752 ﬁrmiore
1507 4703 1682 4762 esset,
1725 4698 1879 4769 quod
1927 4697 2090 4754 labo-

432 4785 596 4840 ribus
624 4785 785 4840 baud
821 4784 989 4841 facile
1016 4787 1266 4842 cederet.
1296 4787 1404 4841 Sed
1441 4804 1572 4842 cum
1627 4792 1684 4843 et
1731 4788 1920 4859 ipsam
1973 4788 2091 4843 tata

433 4880 708 4943 urgerent
767 4875 900 4941 (etsi
952 4874 1226 4929 monachi
1286 4875 1526 4947 quidam
1587 4877 1780 4932 nescio
1839 4882 1981 4949 quot
2037 4877 2088 4932 ei

431 4959 646 5017 saecula
699 4961 832 5017 viras
881 4963 1323 5035 promittebant)
1372 4969 1429 5020 et
1469 4965 1792 5021 familiares
1835 4966 1964 5035 ejus
2014 4965 2087 5019 ob

433 5050 706 5107 morbum
739 5051 1180 5123 gravissimum,
1215 5069 1388 5125 quem
1422 5054 1664 5110 Iliacum
1727 5053 1940 5110 medici
1989 5069 2088 5110 vo-

2199 4603 2453 4679 εύκρασία
2518 4605 2700 4682 γέγονε
2753 4607 2860 4658 τῶν
2922 4603 3098 4674 ὡρῶν,
3133 4603 3222 4658 καὶ
3254 4605 3288 4672 ἡ
3321 4610 3392 4678 γῆ
3425 4602 3556 4664 τοὺς
3612 4595 3834 4674 καρποὺς

2200 4694 2464 4773 ἀφθόνους
2524 4693 2823 4770 ἐξήνεγκεν.
2873 4693 3114 4768 ’Έξωρος
3171 4695 3287 4766 (44)
3343 4690 3423 4761 δὲ,
3475 4692 3550 4754 ὡς
3615 4687 3831 4765 εἴρηται,

2199 4785 2290 4840 καὶ
2346 4782 2572 4859 πλήρης
2629 4784 2851 4856 ἡμερῶν
2905 4783 2940 4851 ἡ
2990 4779 3206 4857 βασιλὶς
3253 4781 3387 4848 αὕτη
3414 4786 3526 4837 τῶν
3561 4781 3832 4852 σκήπτρων

2199 4875 2531 4946 κρατήσασα,
2564 4871 2715 4945 ὅμως
2748 4869 2988 4947 μακροὺς
3018 4869 3095 4926 ἔτι
3147 4877 3249 4941 τῆς
3303 4873 3445 4941 ζωῆς
3509 4871 3671 4942 έαυτῇ
3727 4866 3835 4921 lm-

2202 4963 2385 5036 μέτρει
2442 4960 2739 5022 ἐνιαυτούς.
2791 4960 2924 5036 Εἶχε
2981 4957 3038 5014 δὲ
3082 4960 3173 5016 καὶ
3219 4961 3282 5015 τὸ
3331 4964 3493 5033 σῶμα
3541 4953 3834 5036 ἐρρωμενέ-

2198 5071 2410 5127 στερον,
2457 5050 2548 5105 καὶ
2622 5050 2697 5122 μὴ
2756 5048 2924 5126 ῥᾷστα
2977 5048 3167 5114 πόνοις
3223 5050 3635 5124 καμπτόμενον.
3695 5041 3830 5100 Ἐπεὶ

1713 5204 1917 5265 Variae
1946 5203 2250 5266 lectiones
2280 5211 2344 5266 et
2371 5209 2561 5265 notae.

502 5329 590 5398 (42
618 5324 988 5402 Πρωτεύοντα.
1022 5325 1415 5402 Nicephorum
1447 5331 1612 5386 vocat
1659 5326 1889 5401 Scylitz.
1937 5325 2084 5383 Vide

433 5400 602 5457 Gloss.
634 5398 774 5456 nied.
803 5399 988 5471 Graec.
1023 5398 1082 5452 in
1112 5398 1437 5471 Πρωτεύων.

499 5474 611 5542 (43)
648 5468 963 5543 Συγκέλλῳ.
1027 5471 1126 5543 Ita
1165 5468 1541 5542 reposuimus
1588 5490 1652 5528 ex
1704 5470 1881 5527 duob.
1936 5469 2079 5543 Reg.

2193 5344 2352 5384 orem
2383 5325 2663 5382 Graeciam
2692 5325 2944 5382 constat.
2975 5321 3120 5380 Vide
3151 5325 3324 5382 Gloss.
3359 5322 3503 5381 med.
3537 5319 3758 5378 Crescit.

2262 5400 2369 5470 (44)
2401 5398 2689 5472 Ἔξωροςη
2727 5396 2981 5472 Addunt_
3013 5396 3131 5453 duo
3188 5399 3358 5454 codd.
3422 5392 3826 5472 povapxwﬁeaiaa,

2192 5461 2293 5554 pro
2321 5461 2753 5554 τῆσαύταρχίας
2809 5467 3143 5540 κρατήσασα.
3203 5475 3288 5526 Ita
3345 5461 3459 5526 non
3509 5461 3690 5546 semel
3733 5461 3832 5554 ha-

429 5535 534 5626 pr_'o
561 5535 841 5626 Σύγγὲλω,
874 5535 1172 5626 quemde
1203 5535 1514 5615 scripserat
1557 5543 1823 5626 Wolﬁus,
1845 5545 1902 5599 et
1932 5535 2082 5625 alter
2190 5535 2487 5626 bentu'r‘jn‘
2503 5535 2669 5626 “mss:
2697 5535 3041 5615 synonyma,
3104 5559 3232 5615 quas
3285 5560 3439 5616 saepe
3509 5535 3835 5601 omisimus,

429 5613 460 5671 e
494 5615 631 5688 Reg.
650 5613 912 5688 'prasi'ert.
941 5615 1031 5671 Sic
1058 5614 1210 5672 hanc
1239 5613 1444 5675 vocem
1470 5616 1836 5690 corrupsissc
1888 5613 2082 5686 sequi-

2189 5619 2254 5672 ut
2279 5620 2337 5674 et
2365 5615 2631 5676 Wolfius.
