4036 6206
229 399 353 456 233

1514 389 1922 454 ANNALIUM
1969 391 2115 452 LIB.
2163 393 2382 455 XVIII.

3532 401 3652 461 234

229 522 288 582 δὲ
340 522 435 579 καὶ
486 522 690 592 ταύτην
745 521 1040 598 κατήπειγε
1111 520 1175 577 τὸ
1231 522 1413 598 χρεὼν
1471 520 1545 595 (εἲ
1597 520 1689 576 καί
1737 542 1882 584 τινες

1996 526 2150 592 cant,
2187 524 2256 580 de
2289 523 2479 581 salute
2508 523 2671 581 illius
2719 525 3169 598 desperassent:
3202 525 3260 581 in
3295 543 3478 583 unum
3510 545 3653 585 con—

229 613 371 688 αύτῇ
468 611 706 688 μοναχοῖ
779 611 978 673 αἰῶνας
1049 608 1127 666 ἔτι
1225 617 1366 681 ζωῆς
1450 610 1884 686 ἐπηγγέλλοντο)

227 703 318 757 καὶ
376 701 527 774 νόσῳ
584 699 1014 776 περιεπεπτώκει
1074 697 1249 775 δεινῇ,
1309 699 1344 770 ἢ
1392 705 1507 762 τοῖς
1545 699 1889 771 Ἀσκληπιά-

231 789 352 851 δαις
413 790 731 864 ὠνόμασται
783 787 958 850 εἷλεὸς
991 831 1008 856 ,
1065 789 1156 842 καὶ
1241 794 1358 851 τοῖς
1432 788 1554 864 περὶ
1608 788 1773 857 αὐτὴν
1835 790 1889 843 αἱ

229 877 452 940 ἐλπίδες
514 880 570 933 αἱ
619 877 745 954 περὶ
793 877 963 947 αὐτῆς
1021 877 1438 952 ἀπεγνώσθησαν
1469 923 1483 950 ,
1543 875 1890 953 συλλεγέντες

234 966 620 1045 βουλεύονται,
678 966 801 1022 τίνα
859 965 917 1020 ἃν
977 965 1055 1028 είς
1111 967 1214 1035 τὴν
1263 966 1440 1043 ἀρχὴν
1489 966 1888 1040 ἀντεισαξωσιν,

231 1059 290 1118 ὃς
339 1056 532 1118 αὐτοῖς
579 1059 680 1124 τὴν
742 1055 1025 1132 εὐετηρίαν
1073 1056 1302 1129 τηρήσει
1351 1055 1439 1108 καὶ
1486 1056 1550 1110 τὸ
1580 1054 1888 1130 εὐτύχημα.

231 1144 457 1217 Ἔδοξεν
506 1143 594 1200 οὖν
644 1145 784 1220 πρὸς
826 1149 986 1199 τοῦτο
1035 1143 1182 1221 σφίσι
1232 1142 1586 1212 κατάλληλος
1636 1145 1664 1198 ὁ
1715 1151 1888 1221 Στρα-

228 1235 494 1296 τιωτικὸς
520 1231 753 1310 Μιχαήλ
803 1235 938 1307 (45),
985 1233 1123 1309 ἀνὴρ
1169 1231 1228 1287 ἐκ
1277 1233 1566 1302 Βυζαντίου
1600 1233 1694 1307 μὶν
1725 1254 1889 1308 γεγο-

229 1324 360 1394 νὼς,
442 1323 581 1398 πρὸς
655 1322 993 1398 πραγμάτων
1069 1318 1147 1391 δὲ,
1223 1321 1312 1376 καὶ
1384 1326 1551 1377 ταῦτα
1622 1321 1892 1391 τοσαύτης

227 1412 532 1486 ἡγεμονίας
586 1410 975 1487 μεταχείρησιν
1030 1411 1410 1488 ἁποπεφυκὼς,
1461 1407 1520 1465 ἔκ
1565 1432 1623 1465 τε
1665 1417 1893 1490 φυσικῆς

226 1500 461 1563 νωθείας
510 1501 597 1556 καὶ
651 1498 926 1578 ἀφελείας,
981 1499 1071 1554 καὶ
1121 1497 1208 1553 διὰ
1253 1499 1458 1575 χρόνου
1511 1506 1710 1572 μῆκος,
1757 1500 1786 1554 ’ὀ
1825 1501 1896 1572 τῇ

225 1590 440 1645 ἐκείνου
501 1589 832 1665 παρεξετάθη
897 1592 1033 1657 ζωῇ.
1087 1585 1229 1658 Ἤδη
1286 1587 1389 1664 γάρ
1448 1587 1515 1642 οὗ
1571 1590 1743 1664 γέρων
1798 1588 1891 1666 ἧν,

224 1681 300 1741 ὡς
361 1679 515 1754 παρὰ
567 1682 666 1732 τοῦ
724 1673 1022 1751 δημώδους
1079 1676 1327 1746 πλήθους
1381 1675 1690 1748 ὡνόμαστο,
1746 1675 1895 1733 ἀλλὰ

221 1763 547 1843 πρεσϐύτης
583 1809 596 1822 .
656 1770 862 1824 Τοῦτον
946 1762 1038 1819 οὖν
1113 1765 1359 1819 πείθουσι
1436 1767 1536 1834 τὴν
1607 1762 1890 1842 Θεοδώραν

224 1857 690 1921 ἆντικαταστῆσαι
753 1857 823 1929 τῇ
891 1851 1160 1930 βασιλείᾳ.
1215 1855 1280 1911 Ἦ
1339 1851 1396 1909 δὶ
1450 1854 1640 1909 αὐτίκα
1692 1860 1897 1910 ταινιοῖ

1999 615 2186 686 gressi
2219 612 2706 687 deliberant,quis
2727 614 2786 668 in
2819 615 2948 683 eius
2972 615 3168 670 locum
3203 616 3655 676 substituendus

1999 706 2173 768 esset,
2207 719 2239 756 a
2269 720 2382 774 quo
2418 705 2777 776 prosperitas
2805 702 2908 758 illa
2945 708 2999 759 et
3042 704 3292 760 felicitas
3339 723 3649 763 conserva-

1999 796 2178 847 retur.
2239 791 2335 847 Eis
2394 809 2564 863 porro
2621 791 3084 847 deliberantibus
3151 794 3290 849 talis
3347 795 3511 852 visus
3562 802 3653 853 est

2001 880 2245 936 Michael
2303 880 2697 948 Stratioticus,
2757 880 2848 934 vir
2905 881 3213 954 Byzantius
3247 882 3346 938 ille
3389 884 3649 955 quidem,

2000 970 2098 1024 sed
2135 969 2204 1024 ad
2235 970 2640 1025 tractationem
2671 985 2888 1033 rerum,
2935 969 3082 1025 tanti
3133 972 3454 1042 praesertim
3490 975 3654 1045 prin-

1999 1059 2250 1130 cipatus,
2273 1074 2406 1113 cum
2424 1059 2498 1113 ob
2520 1062 2745 1113 aetatem
2767 1057 3169 1130 longissimam
3191 1060 3652 1134 ineptus.Neque

1999 1147 2155 1202 enim
2215 1163 2390 1203 senex
2444 1151 2589 1216 erat,
2649 1152 2714 1201 ut
2744 1147 2914 1220 vulgo
2973 1149 3309 1218 vocabatur,
3368 1151 3469 1205 sed
3504 1168 3653 1222 pene

2002 1236 2350 1308 decrepitus.
2387 1236 2745 1291 Persuadent
2784 1235 2965 1306 igitur
2992 1235 3373 1307 imperatrici,
3405 1244 3470 1295 ut
3517 1257 3652 1296 eum

2002 1326 2059 1380 in
2092 1324 2337 1396 imperio
2369 1324 2646 1380 collocet:
2682 1341 2714 1379 a
2744 1341 2860 1396 qua
2891 1323 3091 1379 statim
3138 1325 3469 1382 diademate
3499 1329 3654 1382 redi-

2004 1412 2184 1468 mitus
2214 1417 2323 1480 est,
2351 1412 2730 1468 sanctissimo
2764 1412 2926 1482 prius
2962 1415 3348 1484 jurejurando
3387 1415 3652 1482 adactus,

2003 1519 2064 1558 se
2097 1501 2240 1558 nihil
2272 1501 2396 1558 sine
2427 1502 2660 1556 illorum
2692 1518 2984 1557 consensu
3019 1503 3074 1556 in
3127 1502 3519 1574 imperatoriis
3551 1506 3653 1559 ad-

2005 1591 2536 1646 ministrationibus
2568 1591 2961 1645 decreturum.
3000 1590 3095 1646 His
3145 1593 3418 1662 peractis,
3466 1592 3652 1664 impe-

2005 1679 2273 1735 ratricem
2324 1680 2568 1751 spiritus
2625 1679 2858 1747 defecit,
2908 1696 3043 1735 cum
3099 1697 3320 1735 annum
3381 1697 3565 1737 unum
3595 1684 3655 1737 et

2004 1785 2238 1825 menses
2271 1785 2476 1824 novem
2502 1768 2868 1840 imperasset.

222 1948 306 2018 τῷ
344 1944 616 2020 βασιλείῳ
643 1944 737 1999 τὸν
766 1941 997 2019 Μιχαὴλ
1029 1940 1348 2017 διαδήματι,
1380 1942 1642 2020 πρότερον
1675 1943 1881 2020 όρκίοις
1912 1942 2438 2021 προκαταληφθὲντα
2468 1940 2790 2020 φφικώδεσι,
2828 1945 2960 2016 μήτι
3005 1950 3106 2014 τῆς
3149 1943 3366 2001 ἐκείνων
3417 1946 3650 2023 γνώμης

226 2036 412 2111 χωρὶς
443 2033 534 2090 ἐπὶ
565 2038 684 2095 ταῖς
733 2039 834 2103 τῆς
893 2029 1173 2108 βασιλείας
1231 2033 1691 2106 οἰκονομήσασθαι
1720 2031 2078 2104 διοικήσεσιν.
2113 2033 2237 2090 Ἐπὶ
2287 2031 2502 2096 τούτοις
2559 2034 2658 2103 τὴν
2723 2030 2978 2109 βασιλίδα
3030 2034 3094 2090 τὸ
3150 2039 3363 2110 πνεῦμα
3414 2035 3645 2108 ἐξέλιπε,

228 2126 672 2202 μοναρχήσασαν
703 2119 822 2186 ἔτος
847 2119 903 2176 ’ἐν
937 2121 1020 2178 ἐπὶ
1055 2119 1204 2177 ἐννέα
1237 2120 1422 2197 μησίν·

1172 2503 1421 2588 LlBE
1440 2505 1497 2585 R
1554 2502 2059 2590 DECIMUS
2116 2502 2706 2591 OCTAVUS.

291 2715 378 2769 A'.
411 2713 514 2770 ’Ὀν
550 2709 642 2766 οὖν
697 2708 909 2783 εἷ’ρηται
957 2707 1156 2785 τρόπον
1190 2708 1219 2762 ὁ
1247 2701 1557 2782 πρεσϐύτης
1607 2709 1720 2781 (46)
1771 2708 1882 2764 Μι-

2061 2710 2215 2767 268
2243 2711 2294 2766 Ι.
2331 2709 2575 2767 Michael
2607 2727 2782 2767 senex
2826 2711 2935 2767 hoc
2966 2711 3138 2767 modo
3189 2710 3508 2784 imperator
3537 2729 3640 2784 ap-

217 2800 378 2880 χαὴλ
429 2800 781 2875 αὐτοκράτωρ
825 2797 1176 2873 ἀναρρηθεὶς,
1218 2801 1334 2857 τοῖς
1383 2796 1477 2869 μὲν
1525 2802 1626 2864 τῆς
1684 2815 1876 2870 γερου-

219 2892 341 2954 σίας
373 2890 576 2960 καὶτῷ
608 2884 854 2961 δημώδει
903 2887 1106 2957 πλήθει
1157 2885 1246 2940 καὶ
1295 2885 1442 2959 παρὰ
1486 2885 1548 2939 τὸ
1595 2891 1874 2958 προσῆκον

220 2983 377 3035 ὧπτο
431 2976 900 3057 φιλπιμιῦτατος,
951 2970 1176 3030 ἕκαστον
1228 2973 1435 3029 τούτων
1492 2972 1569 3035 είς
1631 2971 1874 3048 βαθμοὺς

217 3064 578 3145 προϐιϐἀζων
608 3064 952 3139 ἀξιωμάτων,
1008 3062 1098 3118 καὶ
1149 3061 1312 3135 τιμὰς
1360 3061 1681 3137 προσνέμων
1711 3061 1874 3116 ἀκατ-

217 3157 512 3228 αλλήλους
593 3161 712 3216 τοῖς
795 3150 1036 3209 πλείοσι.
1120 3153 1253 3214 Τοῖς
1329 3148 1386 3205 δὲ
1463 3155 1874 3220 στρατιωτικοῖς

213 3245 578 3319 καταλόγοις,
635 3241 724 3296 ml
789 3240 1028 3314 μάλιστα
1079 3245 1195 3301 τοῖς
1255 3238 1462 3294 τούτων
1517 3237 1754 3314 ἐξόχοις,
1788 3241 1872 3300 οἷς

215 3337 584 3408 στραταρχεῖν
633 3351 694 3385 τε
740 3329 830 3385 καὶ
884 3327 1135 3404 ἱλαρχεῖν
1187 3326 1560 3400 ἀπονενέμητο
1598 3325 1704 3403 πρὸ
1733 3326 1874 3382 πολ-

216 3422 343 3486 λοῦ,
401 3421 496 3477 καὶ
555 3419 676 3475 λίαν
736 3417 1071 3493 ἆντιῤῥόπως
1138 3421 1256 3480 τοῖς
1315 3413 1510 3480 ἄλλοις
1582 3414 1871 3491 ἐκέχρητο.

215 3510 356 3570 Οὔτε
410 3509 517 3586 γὰρ
593 3507 888 3583 φιλότιμόν
967 3527 1018 3560 τι
1077 3506 1214 3579 πρὸς
1291 3503 1485 3568 αὐτοὺς
1542 3501 1870 3575 ἐπεδείξατο,

213 3599 338 3671 ἄρτι
378 3592 794 3657 καταλαϐόντας
840 3595 940 3664 τὴν
1003 3590 1259 3670 βασιλίδα
1285 3597 1392 3648 τῶν
1456 3591 1690 3660 πόλεων,
1751 3591 1873 3647 οὕτε

217 3691 318 3762 μὲν
371 3688 603 3761 πραέσιν
669 3683 865 3747 αὐτοὺς
936 3681 1256 3753 ἐδεξιώσατο
1328 3681 1602 3756 ῥήμασιν.
1663 3683 1868 3751 ’Ἠστην

213 3777 274 3833 δὲ
296 3776 512 3832 τούτων
572 3773 917 3848 πρωτεύοντι
962 3769 1121 3845 ἄνδρε
1169 3768 1354 3838 διττὼ,
1405 3768 1715 3845 μαγίστρων
1775 3771 1870 3842 μὲν

213 3865 340 3921 ὅντε
391 3867 482 3920 καὶ
541 3865 728 3941 ἄμφω,
779 3860 1020 3938 λαμπρὼ
1069 3857 1127 3915 δὶ
1166 3859 1233 3914 τὰ
1260 3859 1411 3935 γίνη,
1456 3857 1546 3913 καί
1577 3858 1682 3934 οὐχ
1709 3861 1870 3928 ἦττον

205 3958 551 4031 στρατηγικῇ
609 3952 812 4008 συνέσει
872 3950 963 4006 καὶ
1020 3951 1208 4025 κράτει
1265 3951 1466 4024 χειρῶν
1534 3948 1624 4002 καὶ
1685 3949 1868 4022 θάρσει

1988 2799 2261 2870 peltatas,
2294 2807 2594 2856 senatores
2631 2806 2690 2856 et
2739 2799 3024 2872 plebeiam
3075 2801 3512 2858 multitudinem
3544 2801 3641 2858 be-

1987 2887 2339 2960 nignissime
2368 2887 2736 2953 tractavit,ad
2771 2887 3125 2960 dignitatum
3159 2890 3378 2962 gradus
3410 2906 3640 2960 promo-

1983 2977 2192 3039 vendo,
2224 2981 2280 3031 et
2310 2976 2563 3032 honores
2580 2978 2875 3049 plerisque
2903 2979 3238 3047 tribuendo,
3266 2978 3366 3050 qui
3397 2984 3638 3051 captum

1984 3065 2221 3121 illorum
2253 3066 2614 3122 excederent.
2649 3067 2792 3122 Cum
2838 3066 3194 3122 militaribus
3233 3072 3428 3123 autem
3478 3072 3636 3123 cata-

1984 3149 2155 3222 logis,
2188 3167 2255 3206 ac
2284 3151 2356 3206 iis
2388 3152 2762 3224 potissimum
2795 3152 2895 3223 qui
2927 3153 3152 3208 caeteris
3196 3153 3632 3221 antecellentes,

1986 3239 2170 3294 multo
2193 3245 2325 3295 ante
2346 3241 2705 3295 exercituum
2726 3240 3069 3313 alarumque
3090 3242 3361 3297 ductores
3380 3243 3632 3310 fuerant,

1984 3327 2355 3401 longesecus
2411 3329 2547 3400 egit.
2607 3329 2752 3385 Nam
2808 3346 3008 3385 recens
3063 3331 3269 3386 urbem
3328 3332 3633 3404 ingressis,

1983 3433 2172 3488 neque
2242 3417 2426 3472 ullum
2489 3417 2766 3472 honorem
2827 3417 3055 3486 habuit,
3115 3435 3304 3490 neque
3362 3419 3632 3490 benignis

1981 3505 2258 3577 alloquiis
2288 3523 2387 3562 eos
2444 3505 2729 3562 delinivit.
2791 3507 3004 3562 Eorum
3057 3507 3321 3578 primarii
3379 3508 3494 3562 duo
3526 3507 3634 3562 viri

1981 3595 2164 3662 fuere,
2196 3599 2442 3665 uterque
2492 3596 2795 3666 magister,
2829 3600 2886 3650 et
2929 3595 3146 3650 illustri
3203 3611 3414 3667 genere
3445 3601 3631 3663 ortus,

1981 3683 2351 3757 splendorem
2402 3683 2572 3738 illum
2625 3683 2998 3754 imperatoria
3048 3690 3190 3748 arte,
3251 3684 3456 3739 robore
3505 3701 3632 3740 ma-

1980 3789 2165 3827 nuum
2197 3775 2256 3826 et
2277 3771 2493 3826 fiducia
2512 3771 2844 3826 animorum
2872 3771 3060 3844 magis
3082 3772 3257 3827 etiam
3283 3777 3627 3829 assecutus:

1980 3861 2146 3925 alter,
2173 3859 2430 3915 Isaacius
2452 3859 2809 3926 Comnenus,
2835 3859 2982 3917 alter
2999 3862 3321 3917 Ambustus
3339 3861 3627 3930 Catacalo,

1980 3948 2170 4020 patria
2202 3947 2599 4015 Coloneensis,
2626 3947 2719 4003 cui
2753 3949 2932 4004 simul
2965 3965 3031 4004 ac
3063 3950 3408 4022 designatus
3437 3951 3630 4007 fuerat

206 4049 408 4121 ψυχῶν
461 4042 687 4118 ειχέτην
733 4041 833 4110 τὴν
883 4039 1250 4117 περιφάνειαν.
1305 4036 1527 4094 Τούτων
1579 4038 1764 4112 ἅτερος
1796 4037 1863 4106 ἦν

212 4137 226 4149 ο
266 4142 303 4149 --
497 4131 514 4149 \
611 4133 652 4149 st
741 4131 752 4149 1
931 4130 1039 4149 ΙΙΗὶ
1129 4127 1145 4149 ε
1214 4123 1262 4149 βλ
1325 4123 1345 4149 Ἱ
1371 4147 1382 4149 -
1402 4126 1482 4149 __!
1505 4146 1517 4149 _
1578 4126 1593 4149 ι
1655 4124 1824 4149 17--.“!

1990 4043 2314 4108 mperator,
2365 4037 2682 4093 Antiochiae
2727 4038 3008 4094 ducatum
3059 4040 3297 4107 ademit,
3331 4056 3625 4112 suumque

1990 4125 2393 4149 -_..--L_2_.-_.
2433 4125 2770 4149 Il1_L--1_._.
2818 4128 3008 4149 ,ιΑιζ-⁸
3048 4128 3386 4149 ____:-1_____
3440 4134 3486 4149 ,ι
3528 4130 3591 4149 ,1η

205 4137 234 4190 ὁ
266 4131 554 4207 Κομνηνὸς
608 4131 879 4191 Ἰσαάκιος
927 4130 1063 4202 (4⁸7),
1123 4127 1151 4181 ὁ
1210 4123 1268 4181 δὲ
1325 4123 1518 4187 λοιπὸς
1571 4126 1599 4180 ὁ
1655 4124 1861 4181 Κεκαὺ-

209 4225 371 4296 μὲνος
433 4216 789 4287 Κατακαλὼν,
849 4218 895 4290 ᾧ
954 4213 1237 4273 Κολώνεια
1297 4217 1332 4284 ἠ
1397 4214 1611 4290 πατρὶς,
1661 4214 1718 4269 ’ὸν
1771 4215 1861 4269 καὶ

205 4311 376 4368 ὃοῦκα
437 4305 780 4384 Ἀντιοχείας
843 4305 1186 4381 τυγχάνοντα
1219 4350 1233 4374 ,
1290 4305 1402 4375 ἅμα
1449 4307 1518 4377 τῇ
1577 4302 1864 4379 ἀναρῥήσει

205 4401 487 4479 παρέλυσε
537 4404 640 4466 τῆς
687 4396 892 4472 ἀρχῆς,
951 4395 1044 4450 τὸν
1096 4393 1298 4448 οἰκεῖον
1357 4391 1576 4466 ἀνεψιὸν
1633 4390 1863 4468 Μιχαὴλ

209 4490 407 4547 αὐτίκα
466 4486 764 4564 μάγιστρόν
817 4505 877 4539 τε
949 4483 1038 4538 καὶ
1112 4480 1278 4538 δοῦκα
1353 4487 1455 4551 τῆς
1529 4481 1866 4557 Ἀντιοχείας

208 4578 712 4655 προχειρισάμενος
748 4615 763 4642 ,
821 4572 912 4627 καὶ
983 4569 1224 4647 Οὒρανὸν
1285 4569 1473 4643 ἐκείνῳ
1531 4570 1753 4643 Θὲμενος
1805 4571 1868 4625 τὸ

213 4666 520 4739 ἐπώνυμον,
567 4661 661 4717 ’ίνα
707 4663 844 4737 πρὸς
889 4660 981 4716 τὸν
1035 4661 1266 4735 ἀρχαῖον
1312 4659 1551 4734 Οὐρανὸν
1594 4659 1872 4738 ἀναφέρειν

215 4753 440 4830 δοκῇτὸ
498 4751 676 4829 γένος.
734 4753 940 4808 Τοῦτον
993 4750 1175 4804 τοίνυν
1233 4749 1326 4803 τὸν
1375 4749 1745 4821 Κεκαυμὲνον,
1795 4747 1872 4810 ὡς

219 4840 367 4913 δῆθεν
403 4843 482 4915 μὴ
532 4838 719 4901 καλῶς
767 4839 1116 4913 χρησάμενον
1175 4838 1244 4910 τῇ
1298 4835 1471 4910 ἀρχῇ,
1520 4832 1665 4889 ἀλλὰ
1693 4835 1787 4896 τάς
1813 4856 1874 4891 τε

222 4929 466 5007 δυνάμις
497 4927 934 4998 καταλελυκότα,
965 4925 1056 4980 καὶ
1104 4923 1360 5003 φορτικὸν
1413 4928 1532 4988 τοῖς
1579 4923 1680 4977 ὑπὸ
1711 4927 1874 5000 χεῖρα

1977 4125 2396 4182 consobrinum
2432 4125 2774 4182 Michaelem
2817 4128 3016 4182 statim
3048 4128 3394 4199 magistrum
3432 4134 3490 4186 et
3519 4130 3630 4185 du-

1978 4231 2104 4270 cem
2137 4213 2450 4269 Antiochiaa
2495 4215 2830 4286 declaravit,
2876 4216 3053 4272 Urani
3105 4224 3494 4290 cognomento
3527 4220 3630 4274 ad-

1979 4303 2120 4372 dito,
2150 4308 2214 4358 ut
2243 4320 2428 4375 genus
2461 4304 2533 4359 ad
2593 4307 2848 4360 veterem
2896 4305 3060 4361 illum
3115 4306 3376 4362 Uranum
3420 4309 3634 4364 referre

1980 4393 2290 4448 videretur.
2315 4392 2461 4446 Eum
2486 4392 2666 4463 igitur
2687 4394 3066 4463 Ambustum,
3091 4395 3263 4466 quasi
3286 4395 3436 4451 male
3466 4402 3632 4468 gesto

1981 4481 2351 4552 magistratu,
2407 4483 2464 4535 et
2518 4481 2701 4552 copiis
2759 4481 3118 4538 militaribus
3177 4473 3528 4550 imminutis,
3575 4488 3634 4540 et

1981 4585 2214 4641 gravem
2261 4569 2428 4624 obvio
2487 4569 2721 4640 cuique,
2782 4571 2976 4626 acrius
3035 4571 3384 4644 objurgavit,
3445 4587 3510 4626 ac
3559 4588 3633 4627 ne

1981 4657 2212 4730 probris
2245 4656 2483 4728 quidem
2515 4662 2572 4712 et
2603 4659 2972 4714 contumeliis
3026 4658 3346 4715 abstinuit:
3381 4675 3634 4730 cumque

1982 4747 2080 4802 alii
2139 4745 2604 4817 splendidissimi
2653 4747 2779 4815 viri,
2840 4747 3072 4818 collegas
3131 4749 3280 4818 ejus,
3332 4747 3633 4804 hominem

1983 4834 2278 4891 defensuri
2309 4838 2528 4899 essent,
2589 4851 2659 4889 ne
2708 4841 2910 4890 contra
2959 4835 3089 4891 illos
3139 4836 3375 4908 quidem
3419 4835 3634 4910 linguae

1985 4925 2320 4980 moderatus
2349 4926 2459 4989 est,
2507 4927 2610 4978 aut
2658 4923 2855 4994 ipsum
2905 4924 3292 4982 Comnemum
3323 4926 3633 4983 reveritus.

1500 5067 1710 5130 Variae
1740 5067 2039 5129 lectiones
2069 5072 2132 5128 et
2162 5070 2350 5127 nota.

292 5211 395 5281 (45)
449 5209 513 5266 Ὁ
573 5203 976 5276 Στρατιωτικὸς
1048 5198 1307 5281 Μιχαήλ.
1372 5203 1872 5281 ,Ηυῐιοῌρρηραγη

234 5273 822 5353 οοξςοοωίηαὶίίᾁυρυε
875 5273 1298 5353 protospatba;
1346 5274 1500 5353 A_nn_o
1537 5273 1869 5353 .1057_mor-

235 5344 322 5407 tua"
337 5364 408 5409 est
437 5344 730 5409 Theodora'
761 5344 1027 5418 Augusta,
1077 5344 1128 5403 ἐι
1156 5344 1390 5402 Michael
1447 5345 1658 5418 Bringa
1693 5347 1874 5414 facta:

236 5431 298 5477 ut
325 5428 634 5494 imperator.
672 5426 796 5476 Mox
824 5437 836 5474 :
864 5421 1108 5494 Mortuus
1162 5429 1249 5494 est,
1284 5419 1492 5494 B_ringa
1541 5417 1870 5494 imperator,

236 5500 280 5572 et
305 5490 544 5572 Isacltius‘
567 5495 819 5572 Qchogus
850 5490 1258 5572 (Comnem‘us)
1298 5491 1479 5560 factus
1506 5494 1587 5542 est
1633 5491 1873 5572 impera-

238 5568 324 5633 tor,
379 5567 645 5624 Meminit
702 5565 960 5620 Zonaras
1014 5562 1071 5617 in
1129 5562 1394 5617 Romano
1429 5576 1654 5633 puero,
1713 5567 1771 5616 et
1810 5562 1872 5633 in

241 5630 536 5712 Nicephoro
567 5639 756 5712 Phoce
784 5634 1020 5712 losepbi
1053 5630 1563 5712 Bringzscubiculi
1593 5631 1868 5704 praefecti,

245 5705 394 5782 cujus
421 5727 628 5785 magna
647 5709 760 5768 fuit
789 5709 851 5767 in
887 5705 1022 5765 aula
1052 5705 1394 5764 auctoritas.

533 5841 797 5904 Panos.
847 5836 960 5902 Gn.
1005 5834 1296 5900 CXXXV.

2049 5200 2161 5269 (46)
2206 5191 2520 5272 Πρεσϐύτης
2577 5201 2910 5272 Anonymns
2967 5201 3262 5272 Barensis,
3320 5219 3417 5258 an.
3474 5201 3636 5267 1056,

1981 5273 2102 5326 ind.
2135 5273 2204 5345 9;
2240 5272 2493 5326 Eleuatus
2523 5281 2601 5327 est
2633 5272 2859 5328 Michael
2889 5274 3025 5344 imp.
3059 5275 3297 5330 nobicio.
3326 5275 3438 5331 Sed
3489 5274 3638 5345 quid

1981 5349 2149 5400 sonet
2182 5342 2299 5397 haac
2335 5349 2631 5417 postrema
2661 5361 2910 5417 vox_non
2947 5342 3228 5417 percipio.

2051 5417 2248 5485 (47)¹Ο
2297 5413 2588 5484 Κομνηνὸς
2640 5413 3160 5480 Ἰσαάκιος.“ρυθὶῃ
3215 5415 3464 5471 Colonea
3498 5414 3644 5471 urbe

1981 5487 2074 5570 (ἀφ
2097 5503 2214 5576 que
2235 5488 2366 5576 agit.
2383 5487 2951 5576 (ξιξεείξρέἐοιεεηιίιις
2989 5507 3006 5542 ι
3030 5491 3102 5573 ος
3125 5490 3381 5576 Trent“:
3398 5487 3645 5576 catt-.19.)

1980 5554 2513 5614 oriendumscribit
2537 5557 2776 5626 Michael
2805 5557 3050 5626 Psellus,
3076 5560 3133 5614 in
3163 5560 3310 5614 Hist.
3338 5575 3451 5613 ms.
3472 5554 3573 5611 Ἦν
3596 5554 3624 5612 δ

1981 5629 2009 5682 ὁ
2068 5629 2352 5700 Κομνηνὸς
2405 5625 2560 5690 οὗτος
2606 5624 2994 5694 Κολωνείαθεν.
3038 5624 3200 5686 ‘Vide
3255 5631 3439 5686 Famil
3501 5629 3640 5686 Con-

1977 5699 2380 5775 :tantihopolit.
