4036 6206
253 338 360 402 337

1489 341 1698 400 ΔΝΝΑ
1711 337 1906 402 LlUM
1948 339 2099 401 LIB.
2142 341 2360 404 XVIII.

3513 356 3638 420 238

244 491 480 546 τηγουντε
525 472 634 526 τῶν
685 468 744 525 ἐκ
770 468 1115 534 Μακεδονίας
1147 469 1447 546 δυνάμεων,
1477 472 1568 528 καὶ
1623 474 1726 543 τήν
1767 477 1870 542 τῆς

1984 478 2092 531 ret.
2125 475 2234 542 Qui
2263 492 2400 533 cum
2431 492 2669 549 operam
2701 480 3093 554 promisisset,
3126 485 3186 540 in
3213 486 3632 546 deliberatione

247 556 607 621 Καππαδοκίας
652 561 1089 633 περιεζωσμένον
1142 561 1344 637 ἀρχὴν,
1399 559 1580 633 λύπης
1623 563 1672 617 τ’
1702 559 1882 653 αἰτίας

249 649 473 702 κάκεῖνον
532 647 809 724 ἐσχηκότα
865 650 1000 704 κατά
1053 654 1151 704 τοῦ
1218 649 1637 726 αὐτοκράτορος.
1695 651 1785 712 Ὡς
1835 647 1862 704 δ

245 735 324 791 οὖν
367 735 610 791 κάκεῖνον
653 733 876 810 ἕτοιμον
925 739 1077 814 εὗρον
1137 739 1274 813 πρὸς
1330 741 1392 794 τὸ
1438 739 1691 817 σφέτερον
1756 739 1879 815 βού-

244 825 439 898 λευμα,
497 826 720 896 ἐζήτουν
788 827 880 882 τὸν
943 825 994 898 ἐξ
1056 827 1232 883 αὐτῶν
1309 827 1718 904 βασιλεύσοντα,
1788 828 1878 882 καὶ

241 922 381 970 πᾶσιν
434 917 462 969 6
510 917 797 989 Κομνηνὸς
862 916 1110 972 ἁπάντων
1181 919 1563 991 προύκὲκριτο.
1618 920 1767 976 Ἐπεὶ
1821 915 1879 972 δὶ

239 1010 388 1060 ταῦτα
438 1007 741 1079 συνέθεντο,
793 1006 875 1061 ἐπ’
928 1004 1083 1061 οἷ’κου
1142 1006 1441 1080 ξύμπαντες
1497 1007 1877 1084 ἀνεχώρησαν,

235 1109 303 1176 τῷ
355 1101 573 1177 βασιλεῖ
653 1104 1038 1180 προσειπόντες
1108 1107 1175 1159 τὰ
1250 1105 1511 1180 έξιτήρια,
1573 1105 1763 1178 Ἀπῄει
1822 1103 1880 1160 δὲ

233 1192 311 1247 καὶ
375 1193 402 1247 6
469 1194 753 1268 Βρυέννιος
823 1194 957 1266 μετᾶ
1020 1199 1128 1248 τῶν
1201 1194 1288 1249 ὑπ’
1337 1195 1498 1249 αὐτὸν
1559 1196 1876 1270 ταγμάτων,

230 1281 309 1336 καὶ
362 1281 412 1335 ἐν
473 1287 556 1354 τῷ
617 1283 810 1355 θέματι
884 1287 992 1338 τῶν
1049 1282 1414 1340 Ἀνατολικῶν
1463 1284 1718 1359 γεγονὼς,
1775 1285 1877 1352 τὴν

229 1375 323 1425 τῶν
373 1376 788 1446 στρατιωτικῶν
841 1370 1092 1445 ὀψωνίων
1146 1369 1414 1445 διανομὴν
1454 1371 1564 1427 ἐκεῖ
1594 1371 1877 1437 διετίθετο’

241 1465 390 1528 συνῆν
440 1459 546 1534 γὰρ
595 1459 745 1532 αὐτῷ
791 1459 881 1514 καὶ
925 1461 953 1515 6
1005 1459 1289 1536 πατρίκιος
1338 1460 1594 1532 Ἰωάννης
1641 1463 1669 1516 6
1720 1463 1881 1537 Ὀψα-

229 1553 312 1623 ρᾶς
361 1547 588 1623 χροσίον
640 1548 1054 1627 ἐπιφερόμενον.
1107 1547 1249 1620 Ἤδη
1325 1547 1382 1605 δὲ
1445 1553 1546 1620 τῆς
1617 1548 1881 1624 διανομῆς

1989 563 2284 636 deligendi
2308 564 2704 638 imperatoris,
2735 571 3001 626 omnium
3062 573 3356 646 suffragiis
3386 575 3638 634 Comne-

1991 669 2102 707 nus
2137 654 2362 710 caeteris
2392 660 2480 710 est
2511 657 2809 727 praelatus.
2859 657 2959 715 His
2993 661 3357 734 compositis,
3392 665 3637 722 domum

1989 756 2192 796 omnes
2224 743 2544 813 redierunt,
2577 744 2842 800 discessu
2877 764 2985 802 suo
3038 749 3379 820 imperatori
3409 753 3637 809 denun-

1988 829 2150 884 tiato.
2181 831 2338 886 Abiit
2365 838 2421 887 et
2478 833 2808 904 Bryennius
2869 852 3004 891 cum
3063 839 3190 894 suis
3249 839 3634 912 legionibus:

1988 943 2242 999 cumque
2263 929 2320 984 in
2354 915 3089 1004 Orientalemprovinciam
3120 953 3381 994 unacum
3410 939 3640 996 Joanne

1988 1014 2210 1086 Opsara
2231 1019 2494 1088 patricio,
2529 1021 2636 1091 qui
2671 1038 2878 1076 aurum
2914 1023 3179 1093 vehebat,
3203 1026 3639 1094 venisset,mili-

1987 1105 2200 1159 tarium
2215 1105 2650 1177 stipendiorum
2670 1109 3142 1166 distributionem
3161 1113 3636 1174 administrabat:

1989 1210 2106 1264 qua
2127 1194 2250 1263 jam
2285 1195 2580 1266 inchoata,
2614 1198 2865 1269 singulis
2925 1199 3214 1257 militibus
3272 1204 3636 1262 frumentum

1990 1281 2435 1350 admetiebatur,
2460 1290 2516 1340 et
2538 1287 2798 1356 pecuniae
2825 1305 3121 1344 summam
3135 1292 3638 1365 augebat.Opsara

1987 1386 2122 1425 vero
2153 1377 2440 1440 quaestore
2483 1379 2752 1446 negante,
2812 1392 2875 1430 se
2933 1377 2989 1431 id
3045 1377 3115 1432 ab
3175 1378 3523 1450 imperatore
3569 1385 3632 1439 in

1991 1458 2286 1514 mandatis
2301 1461 2448 1517 265
2468 1461 2718 1520 habere:
2753 1463 3077 1535 Bryennius
3106 1482 3243 1523 eum
3276 1469 3634 1528 insolentius

1989 1550 2203 1614 tacere,
2254 1551 2311 1603 et
2357 1551 2508 1619 quod
2555 1552 2884 1622 juberetur,
2935 1553 3123 1610 facere
3169 1557 3374 1626 jussit.
3429 1558 3636 1616 Adhuc

237 1637 530 1711 ἠργμένης,
584 1638 614 1692 6
666 1638 944 1711 Βρυέννιος
1001 1637 1310 1715 προσετίθει
1357 1645 1476 1701 τοῖς
1533 1641 1871 1714 στρατιώταιι

1993 1633 2415 1692 detrectantem
2449 1644 2506 1694 et
2561 1640 2844 1696 audacius
2883 1642 3297 1714 refragantem,
3330 1645 3417 1702 ira
3447 1650 3637 1719 perci-

225 1725 286 1792 ,5:
335 1727 643 1802 σιτηρέσια,
703 1727 795 1781 καὶ
874 1725 1022 1798 ηὕξει
1104 1727 1165 1781 τὸ
1235 1727 1444 1802 ἑκάστῳ
1515 1730 1871 1802 νενεμημένοι

1993 1727 2113 1789 tus,
2145 1730 2377 1796 arrepta
2406 1743 2572 1782 coma
2602 1733 2659 1782 et
2688 1729 2868 1784 barba
2911 1732 3059 1801 ejus,
3120 1733 3245 1788 solo
3293 1734 3540 1803 illisum,
3573 1737 3634 1793 in

230 1815 409 1871 ποσόν.
445 1815 502 1870 Ὀ
535 1812 599 1870 δε
628 1819 725 1870 τοῦ
755 1820 967 1890 χρυσοῦ
995 1815 1195 1888 ταμίας
1225 1816 1252 1871 ὀ
1285 1816 1572 1916 εἰρημένος
1606 1818 1742 1892 ἀνὴρ
1802 1820 1878 1891 μὴ
1909 1849 1960 1916 Β

219 1907 361 1958 τοῦτο
418 1901 614 1980 ἔλεγεν
671 1903 982 1960 ἐντετάλθαι
1041 1905 1093 1959 οἱ
1150 1905 1286 1980 πρὸς
1325 1910 1421 1960 τοῦ
1453 1905 1874 1982 αὐτοκράτορος.

225 2001 308 2055 Καὶ
337 2002 364 2056 6
394 2003 688 2077 Βρυέννιος
724 2007 931 2072 σιωπᾷν
981 2003 1153 2075 αὐτῷ,
1185 2003 1274 2058 καὶ
1320 2009 1497 2058 ποιεῖν
1541 2004 1604 2058 τὸ
1655 2005 1875 2058 ἐπιτασ-

221 2091 428 2164 σόμενον
480 2089 832 2146 ἐνακελεόετο
878 2091 1241 2167 ἰταμώτερον.
1273 2093 1362 2156 Ὧς
1411 2089 1456 2147 δ’
1507 2090 1588 2148 ἔτι
1636 2093 1664 2146 6
1707 2094 1874 2166 Ὀψα-

223 2184 302 2252 pic:
381 2179 482 2235 οὐκ
554 2180 820 2249 ἐπείθετο,
881 2179 1027 2235 ἀλλὰ
1101 2182 1193 2235 καὶ
1280 2181 1602 2256 Θρασύτερον
1687 2181 1876 2254 έκείνῳ

222 2265 505 2344 ἀντέλεγεν,
542 2270 579 2323 ὁ
640 2268 951 2343 Βρυέννιος,
1013 2269 1172 2341 θυμῷ
1231 2267 1482 2348 ληφθεὶς,
1539 2269 1762 2345 ἀνέθορέ
1815 2290 1877 2324 τε

221 2361 305 2422 τῆς
345 2355 641 2433 καθέδρας,
673 2360 762 2413 καὶ
801 2363 912 2413 τῶν
954 2364 1056 2427 τῆς
1105 2357 1350 2436 κεφαλῆς
1401 2363 1633 2434 τριχῶν,
1669 2365 1767 2428 τῆς
1818 2379 1878 2413 τε

226 2447 425 2517 ὑπήνης
457 2443 784 2520 λαϐόμενος
816 2451 917 2502 τοῦ
965 2443 1162 2522 ἀνδρὸς
1211 2447 1607 2524 προσαῤῥάσσει
1660 2451 1729 2521 τῇ
1779 2450 1873 2523 γῇ,

224 2537 298 2590 καὶ
352 2531 696 2611 περιϐάλλει
750 2534 994 2610 δεσμοῖς.
1046 2535 1244 2612 Ἐγγὺς
1305 2534 1361 2591 δέ
1415 2557 1520 2591 που
1577 2556 1873 2612 στρατοπε-

223 2620 373 2678 δεύων
405 2626 434 2680 6
463 2630 590 2680 τῶν
621 2623 863 2681 Πισιδῶν
889 2624 978 2680 καὶ
1008 2629 1116 2680 τῶν
1170 2625 1463 2680 Λυκαόνων
1507 2624 1872 2701 στρατάρχης,

213 2713 403 2768 καὶτᾶ
455 2715 597 2790 περὶ
671 2719 770 2769 τοῦ
826 2717 1036 2789 Ὀψαρᾶ
1115 2715 1340 2787 μαθὼν,
1403 2714 1494 2769 καὶ
1563 2711 1878 2788 τυραννίδος

214 2805 363 2856 ταῦτα
430 2802 642 2879 κρίνας
694 2803 900 2878 ἀρχὴν,
956 2803 1152 2877 ἀθρόον
1213 2797 1383 2858 ἔπεισι
1443 2802 1578 2877 μετὰ
1627 2807 1736 2856 τῶν
1788 2803 1877 2857 ὑπ’

217 2890 360 2945 αὐτὸν
394 2893 704 2967 ταγμάτων
733 2896 803 2964 τῇ
850 2895 945 2946 τοῦ
987 2891 1276 2967 Βρυεννίου
1307 2895 1504 2964 σκηνῇ.
1536 2892 1636 2948 Καὶ
1689 2887 1877 2962 δεσμεῖ

221 2979 299 3050 μὲν
347 2979 590 3049 ἐκεῖνον,
646 2979 767 3035 λύει
818 2978 876 3035 δὲ
933 2981 1024 3036 τὸν
1056 2982 1293 3055 Ὀψαρᾶν
1349 2985 1456 3035 τῶν
1511 2977 1746 3052 δεσμῶν,
1785 2974 1876 3034 καὶ

217 3065 344 3140 αὖτῷ
385 3071 474 3124 τὸν
553 3068 842 3145 Βρυέννιον
883 3067 1276 3145 παραδίδωσιν
1307 3071 1334 3124 6
1392 3066 1450 3124 δὲ
1501 3069 1694 3124 αὐτίκα
1745 3067 1876 3131 τοὺς

218 3156 522 3231 ὀφθαλμοὺς
558 3158 806 3214 ἐκκόπτει
840 3157 1072 3224 έκείνου,
1108 3158 1200 3213 καὶ
1244 3158 1388 3212 οὕτω
1424 3158 1515 3213 τὸν
1569 3154 1735 3232 ἄνδρα
1790 3161 1870 3228 τῷ

221 3244 416 3319 βασιλεῖ
495 3244 873 3317 ἐξαπέστειλεν
900 3293 916 3318 ,
983 3245 1293 3308 ἐπιστείλας
1371 3245 1518 3318 αὐτῷ
1591 3247 1678 3300 καὶ
1770 3246 1870 3299 ὅσα

217 3333 540 3408 τετόλμηκε.
600 3336 701 3390 Καὶ
777 3339 945 3390 ταῦτα
1016 3335 1110 3407 μὶν
1195 3335 1551 3410 συνεκύρησεν
1632 3331 1872 3389 οὐτωσί⁸

219 3428 403 3506 όδέγε
433 3433 738 3505 Κομνηνὸς
781 3433 872 3486 καὶ
922 3433 975 3486 οἱ
1028 3431 1216 3504 έκείνῳ
1261 3433 1696 3505 συνομοσάμενοι
1750 3452 1872 3486 συν-

220 3518 474 3590 ελθόντες,
539 3517 698 3595 ἔργου
753 3519 1016 3590 ἥπτοντο,
1064 3525 1174 3576 τῶν
1245 3525 1649 3596 στρατιωτικῶν
1706 3540 1872 3574 κατα-

222 3605 382 3684 λόγων
429 3610 674 3666 ἂλΛοθεν
725 3606 901 3665 ἄλλου
947 3610 1465 3685 προσρυϊσκοαένων
1515 3609 1720 3670 αὐτοῖς.
1770 3611 1871 3665 Ἢν

223 3698 304 3770 μὲν
358 3701 460 3774 γὰρ
504 3703 589 3770 τῷ
631 3703 1005 3774 στρατιωτικῷ
1069 3700 1227 3754 παντὶ
1295 3695 1472 3776 ἔφεσις
1529 3717 1868 3773 στρατιωτην

1993 1811 2223 1868 vincula
2252 1816 2519 1886 coniecit.
2542 1817 2664 1880 Quo
2687 1819 2806 1872 dux
2832 1819 3162 1876 Pisidarum
3190 1826 3246 1877 et
3279 1823 3634 1896 Lycaonum,

1990 1901 2090 1972 qui
2120 1908 2312 1957 castra
2341 1903 2400 1958 in
2416 1906 2743 1977 pr0pinquo
2763 1907 3033 1977 habebat,
3055 1911 3308 1982 cognito,
3326 1913 3383 1967 id
3405 1914 3632 1971 facinus

1986 1991 2311 2057 tyrannidis
2341 1992 2696 2065 principium
2718 1995 3019 2068 judicans,
3053 1999 3330 2070 Bryennii
3358 2003 3635 2059 taberna-

1985 2076 2185 2134 culum
2216 2097 2350 2134 cum
2383 2081 2509 2136 suis
2545 2081 2876 2154 legionibus
2907 2101 2975 2140 ex
3030 2086 3348 2158 improviso
3387 2091 3632 2159 invadit,

1985 2165 2294 2239 solutoque
2324 2170 2556 2240 Opsaraa
2589 2171 2754 2227 illum
2785 2175 2983 2243 tradit,
3039 2177 3137 2246 qui
3183 2177 3485 2234 hominem
3517 2185 3634 2235 sta-

1985 2254 2090 2309 tim
2117 2257 2345 2312 ell'ossis
2375 2259 2561 2314 oculis
2599 2261 2668 2315 ad
2707 2262 3116 2333 imperatorem
3149 2280 3279 2320 cum
3302 2267 3629 2322 facinorum

1984 2345 2113 2414 ejus
2143 2349 2701 2406 commemoratione
2735 2351 2915 2406 misit.
2944 2352 3061 2407 Hoc
3095 2352 3176 2408 ita
3205 2359 3392 2425 gesto,
3426 2357 3632 2426 conju-

1984 2433 2092 2488 rati
2123 2436 2420 2507 congressi
2440 2438 2498 2492 in
2523 2455 2728 2509 unum,
2761 2455 2886 2494 rem
2912 2440 3299 2498 nihilominus
3323 2445 3629 2517 urgebant,

1984 2547 2052 2588 ex
2082 2531 2436 2590 militaribus
2469 2536 2750 2608 catalogis
2778 2537 3018 2594 aliunde
3049 2538 3161 2594 alio
3193 2540 3264 2595 ad
3298 2541 3460 2612 ipsos
3493 2559 3630 2598 con-

1984 2619 2218 2676 ﬂuente.
2251 2621 2537 2679 Omnibus
2567 2624 2723 2680 enim
2756 2625 3042 2682 militibus
3090 2627 3148 2682 in
3199 2629 3350 2686 votis
3382 2635 3526 2702 erat,
3570 2635 3636 2686 ut

1986 2709 2423 2782 milesimperio
2451 2713 2754 2784 potiretur.
2789 2718 2932 2770 Nam
2992 2715 3215 2788 iniquis
3272 2719 3490 2774 animis
3547 2723 3637 2776 to-

1983 2805 2118 2870 gato
2142 2799 2445 2870 parebant,
2481 2817 2666 2873 neque
2699 2808 2894 2858 tamen
2919 2804 3254 2862 desidernm
3285 2823 3462 2863 suum
3497 2825 3629 2880 pro-

1985 2887 2120 2942 dere
2149 2887 2300 2958 ausi,
2333 2890 2717 2962 cupiditatem
2750 2891 2932 2961 illam,
2990 2893 3131 2948 dum
3182 2911 3244 2950 se
3287 2898 3627 2954 maturandi

1981 2975 2258 3032 facinoris
2301 2977 2531 3034 offerret
2587 2982 2836 3045 occasio,
2903 2982 3199 3053 tegebant.
3262 2984 3479 3040 Verum
3520 2987 3620 3042 ubi

1983 3063 2348 3121 Comnenum
2380 3067 2680 3124 affectasse
2715 3086 2959 3141 regnum
2993 3081 3422 3144 compererunt,
3447 3081 3626 3148 atque

1983 3153 2176 3225 ipsum
2209 3162 2387 3226 caput
2417 3172 2546 3212 esse
2577 3158 2814 3229 negotii,
2847 3163 2903 3213 et
2931 3175 2965 3213 a
3025 3161 3369 3218 fortioribus
3393 3165 3627 3235 provin-

1983 3242 2089 3298 ciis
2116 3244 2404 3314 adjutari:
2441 3245 2495 3300 id
2529 3247 2766 3302 demum
2799 3263 2928 3302 esse
2957 3248 3262 3320 rati,quod
3295 3252 3394 3307 diu
3414 3254 3627 3311 animis

1982 3331 2321 3402 agitassent,
2343 3340 2575 3406 arrepta
2611 3336 3050 3407 opportunitate
3095 3339 3195 3394 alii
3253 3340 3399 3397 alios
3458 3349 3624 3398 ante-

1981 3427 2201 3478 vertere
2231 3431 2637 3495 properarunt.
2671 3426 2831 3481 Unde
2853 3427 3185 3485 Comnenus
3220 3430 3491 3487 maximis
3523 3449 3629 3489 co-

1980 3511 2094 3582 piis
2144 3514 2516 3584 comparatis,
2558 3515 2776 3570 tributa
2807 3532 2908 3586 per
2937 3522 3125 3572 totum
3159 3518 3454 3576 Orientem
3484 3538 3619 3577 exe-

1979 3599 2084 3672 git,
2114 3603 2504 3671 quaestoribus
2517 3608 2572 3658 et
2591 3604 3041 3675 inscriptoribus
3060 3622 3262 3662 eorum
3293 3624 3420 3678 quae
3442 3608 3622 3666 allata

1977 3696 2193 3756 essent,
2229 3690 2586 3746 constitutis.
2612 3692 2833 3747 Deinde
2877 3710 3086 3750 versus
3139 3695 3388 3751 Nicaaam
3420 3698 3624 3768 movit,

217 3788 303 3854 τὴν
370 3787 656 3863 βασίλειον
731 3787 910 3862 ἀρχὴν
992 3787 1416 3862 περιζώσασθαι.
1475 3787 1716 3862 ’Ήχθετο
1766 3788 1867 3863 γὰρ

1981 3787 2094 3857 iam
2126 3787 2442 3858 imperator
2472 3789 2543 3844 ab
2574 3790 2858 3846 omnibus
2892 3790 3017 3846 suis
3051 3791 3338 3850 militibus
3369 3794 3629 3866 appella-

220 3875 311 3930 ὑπὸ
337 3881 431 3932 τοῦ
463 3874 764 3931 πολιτικοῦ
799 3877 999 3952 μέρους
1048 3876 1380 3951 ἀρχόμενον,
1408 3873 1535 3931 ἀλλ’
1574 3873 1673 3929 οὐκ
1719 3874 1871 3951 ἐθάῤ’

214 3962 281 4036 ρει
333 3967 422 4020 τὸν
482 3966 660 4029 πόθον
717 3965 796 4027 εἲς
849 3968 1127 4039 προῦπτον
1194 3962 1470 4038 ἐξενεγκεῖ,
1525 3961 1755 4037 ἔκρυπτε
1810 3962 1869 4018 δὲ

213 4052 293 4106 τὸν
341 4049 546 4128 ἔρωτα,
577 4054 667 4108 καὶ
713 4049 873 4108 ὥδινε
918 4054 1008 4108 τὸν
1057 4051 1180 4121 περί
1237 4052 1433 4107 τούτου
1465 4051 1686 4110 σκοπόν.
1722 4054 1866 4107 Ἐπεὶ

216 4137 264 4194 δὲ
306 4143 393 4197 τὸν
446 4143 734 4216 Κυμνηνὸν
779 4139 1065 4216 τυραννίδι
1122 4141 1554 4217 ἐπιχειρήσαντα
1624 4144 1870 4215 μεμαθή-

211 4247 382 4303 κεσαν,
412 4231 510 4287 καὶ
538 4231 697 4286 αὐτὸν
734 4231 829 4304 μὲν
877 4237 1175 4308 κορυφαῖον
1234 4231 1370 4286 εἶναι
1419 4235 1517 4286 τοῦ
1566 4228 1866 4305 δράματος,

210 4328 267 4380 τὰ
306 4325 360 4383 δὶ
401 4329 667 4404 κράτιστα
712 4334 818 4384 τῶν
877 4333 1058 4404 γενῶν
1119 4335 1222 4398 τῆς
1266 4329 1663 4404 έπιχειρήσεως
1719 4327 1868 4400 αὖτῷ

213 4414 695 4491 συλλαμϐάνεσθαι·
734 4421 882 4474 τοῦτ’
927 4420 1060 4473 εἶναι
1121 4418 1184 4473 τὸ
1249 4419 1339 4473 ὑπ’
1388 4418 1564 4473 αὐτῶν
1620 4417 1865 4490 μελετώ-

220 4526 360 4576 μενον
415 4505 688 4579 δόξαντες,
745 4509 1039 4582 ἁρπάζουσι
1101 4507 1193 4562 τὸν
1254 4507 1465 4580 καιρὸν,
1497 4506 1586 4561 καὶ
1639 4503 1863 4569 ἕκαστος

1976 3881 2094 3941 tus,
2123 3892 2191 3932 ea
2216 3877 2386 3947 potiri
2419 3877 2681 3948 cupiens,
2721 3886 2790 3933 ut
2820 3878 3064 3934 haberet
3087 3881 3292 3936 urbem
3326 3884 3480 3938 unde
3494 3899 3628 3954 pro-

1977 3965 2161 4035 gredi,
2195 3967 2750 4037 quoqueconfugere
2773 3971 2898 4022 tuto
2920 3967 3157 4023 velutin
3183 3968 3407 4042 asylum
3434 3972 3628 4043 quod-

1977 4053 2114 4107 dam
2162 4054 2368 4124 quovis
2417 4060 2623 4110 eventu
2685 4061 2904 4126 posset,
2963 4072 3147 4129 eaque
3204 4065 3504 4131 occupata,
3570 4064 3629 4116 et

1969 4141 2133 4211 justo
2166 4142 2436 4212 praesidio
2495 4143 2795 4214 imposito,
2856 4145 3164 4201 duodecim
3223 4147 3360 4204 inde
3418 4147 3628 4205 stadiis

1977 4234 2442 4287 castrametatur.
2474 4231 2714 4287 Michael
2769 4249 2904 4289 vero
2955 4235 3291 4307 imperator,
3347 4236 3630 4293 Occiden-

1979 4319 2199 4376 talibus
2231 4320 2561 4393 legionibus
2593 4323 2948 4392 convocatis,
2983 4329 3042 4379 et
3071 4325 3118 4379 si
3151 4342 3277 4396 quas
3331 4342 3399 4380 ex
3430 4327 3628 4382 Orien-

1974 4408 2191 4464 talibus
2221 4426 2254 4464 a
2283 4409 2398 4465 ﬁde
2428 4427 2540 4464 non
2574 4410 2764 4466 disces
2781 4416 3006 4467 serant:
3032 4414 3242 4468 ducem
3286 4430 3419 4469 eum
3442 4414 3629 4485 impe-

1977 4497 2062 4550 rio
2092 4497 2346 4568 praefecit
2373 4498 2625 4555 Orientis
2656 4499 3044 4556 domesticum
3074 4501 3442 4556 Theodorum
3489 4519 3626 4573 spa-

214 4594 294 4647 τὸν
345 4578 513 4657 πέλας
568 4578 876 4672 προφθάσαι
932 4596 1214 4672 ἠπείγετο.
1285 4578 1558 4660 Ἐντεῦθεν
1616 4600 1694 4667 τῷ
1753 4598 1863 4651 Κο-

1981 4585 2607 4659 donem,imperatricis
2629 4588 2946 4644 Theodoraa
2978 4589 3625 4660 ministrum,adjuncto

221 4687 388 4755 μνηνῷ
496 4685 686 4760 βαρεῖα
769 4686 1058 4756 συνέστηκε
1142 4683 1413 4759 δύναμις·
1483 4683 1699 4746 στείλας
1777 4685 1868 4738 οὗν

218 4770 337 4824 κατὰ
386 4771 664 4846 ξύμπασαν
719 4774 818 4841 τὴν
867 4774 1061 4846 ⁸Σῷαν,
1109 4774 1236 4835 τοὺς
1294 4774 1495 4849 φόρους
1554 4772 1867 4848 ἐπράττετο,

223 4856 595 4936 ἀποδεκτῆρας
650 4861 857 4916 τούτων
915 4863 1100 4934 τάξας,
1149 4863 1240 4917 καὶ
1295 4867 1404 4917 τῶν
1448 4862 1869 4936 προσαγομένων

221 4945 571 5023 ἀπογραφεῖς.
627 4952 756 5006 Εἶτα
839 4950 968 5026 ἄρας
1031 4951 1195 5026 ἀπῄει
1251 4953 1390 5026 πρὸς
1448 4949 1696 5021 Νίκαιαν,
1755 4947 1865 5019 ⁴ἥδη

226 5033 467 5108 βασιλεὺς
503 5039 640 5110 πρὸς
668 5040 881 5093 πάντων
927 5043 1036 5093 τῶν
1087 5039 1178 5094 σὺν
1232 5039 1381 5110 αὐτῷ
1429 5037 1866 5114 στρατευομένων

233 5121 554 5199 ἀναρρηθεὶς,
607 5125 810 5194 ταύτης
869 5125 1129 5202 ἆγκρατὴς
1201 5125 1444 5202 γενέσθαι
1509 5123 1861 5200 βουλόμενος,

229 5205 291 5260 ’ἶν’
323 5209 421 5288 ἔχῃ
472 5216 573 5284 τήν
623 5213 787 5270 πόλιν
838 5216 1182 5291 ὁρμητήριον
1231 5215 1267 5284 ἢ
1299 5215 1694 5292 κρησφύγετον,
1729 5214 1863 5268 ὁπο-

226 5299 380 5371 τιρως
438 5300 498 5356 ἂν
558 5303 693 5378 ῥέψῃ
746 5305 815 5358 τὰ
867 5311 966 5373 τῆς
1024 5304 1201 5380 τύχης
1257 5305 1426 5375 αὐτῷ,
1467 5304 1555 5358 καὶ
1611 5303 1710 5370 τήν
1767 5303 1860 5374 μὶν

229 5383 487 5459 λαμὸάνει,
539 5391 700 5454 αὐτὸς
764 5389 821 5447 δε
888 5393 1124 5470 φρουρὰν
1194 5393 1458 5469 ἀρκοῦσαν
1532 5391 1864 5466 έγκαταστή-

229 5493 308 5537 σας
359 5479 512 5556 αὐτῇ,
564 5482 670 5556 πρὸ
736 5479 947 5537 δώδεκα
1006 5480 1238 5538 σταδίων
1294 5481 1499 5553 ταύτης
1567 5499 1862 5554 στρατοπε-

230 5559 433 5626 δεῦεται.
492 5571 593 5628 Καὶ
651 5572 680 5627 6
741 5572 996 5647 βασιλεὺς
1069 5569 1127 5627 δὲ
1197 5568 1433 5647 Μιχαὴλ
1487 5570 1582 5632 τὰς
1634 5568 1862 5633 Δυτικάς

229 5650 423 5729 ἀγείρας
475 5655 756 5734 δυνάμεις,
809 5660 901 5717 καὶ
971 5658 1027 5718 εἴ
1097 5660 1239 5723 τινές
1322 5679 1427 5715 που
1494 5663 1603 5714 τῶν
1673 5659 1859 5733 Ἑῴων

1984 4675 2204 4746 collega
2234 4677 2517 4748 magistro
2549 4681 2770 4732 Aarone
2811 4679 2982 4732 fratre
3023 4679 3290 4749 conjugis
3320 4678 3625 4735 Comneni.

1981 4772 2086 4837 Qui
2119 4774 2326 4827 castris
2367 4781 2568 4828 contra
2599 4773 2800 4828 hostes
2827 4773 3054 4844 positis,
3088 4773 3354 4844 praelium
3386 4776 3627 4831 commi-

1979 4876 2106 4914 sere
2137 4860 2192 4914 in
2225 4859 2350 4916 loco
2381 4863 2480 4932 qui
2514 4862 2587 4916 ab
2616 4861 2824 4916 incolis
2853 4861 3034 4916 Orcus
3065 4861 3412 4934 appellatur.
3448 4865 3559 4920 Ubi
3590 4883 3626 4922 a

1977 4947 2214 5003 sinistro
2237 4965 2417 5004 cornu
2435 4949 3240 5020 imperatoriorum,dextrum
3274 4952 3623 5008 Comnenio-

1979 5052 2108 5090 rum
2154 5037 2528 5108 proﬂigatum
2588 5043 2695 5105 est,
2738 5043 2794 5092 et
2824 5037 2922 5108 qui
2980 5039 3039 5092 in
3097 5055 3164 5096 eo
3214 5043 3477 5109 curabat,
3511 5042 3622 5097 Ro-

1977 5140 2188 5180 manus
2217 5125 2449 5181 Sclerus
2468 5127 2630 5183 vivus
2655 5127 2999 5197 captus.Sed
3023 5127 3278 5184 hostium
3311 5131 3622 5186 sinistrum

1974 5213 2065 5267 cui
2123 5215 2447 5271 Ambustus
2531 5219 2797 5287 praeerat,
2855 5215 3056 5270 dextro
3111 5216 3620 5288 imperatoriorum

1975 5303 2127 5358 260
2161 5319 2340 5358 cornu
2372 5304 2430 5358 in
2468 5305 2661 5375 fugam
2687 5320 2873 5369 verso,
2909 5305 2968 5358 in
3001 5311 3196 5360 castra
3228 5323 3413 5378 usque
3445 5322 3620 5377 pene-

1969 5392 2167 5460 travit,
2202 5398 2259 5447 et
2290 5394 2541 5447 tentoria
2597 5393 2893 5462 discerpta
2940 5395 3245 5449 subvertit.
3279 5394 3341 5449 Id
3400 5396 3621 5450 factum

1971 5485 2037 5535 ut
2076 5481 2528 5536 Comneniorum
2587 5481 2815 5536 animos
2871 5481 3246 5538 vehementer
3294 5483 3475 5548 auxit,
3535 5483 3620 5541 sic

1969 5568 2482 5641 imperatoriorum
2516 5569 2658 5624 adeo
2688 5569 2921 5640 dejecit,
2955 5575 3044 5626 ut.
3075 5587 3137 5627 se
3191 5570 3339 5642 fugas
3373 5572 3618 5628 manda-

1969 5664 2122 5729 rent,
2154 5657 2215 5714 in
2246 5674 2362 5729 qua
2390 5657 2562 5715 multi
2592 5657 2726 5715 caesi
2755 5663 2898 5716 sunt
2927 5675 3044 5716 non
3064 5660 3314 5734 gregarii
3332 5661 3618 5718 duntaxat
