4036 6206
398 329 516 388 239
1755 322 2084 405 JOANNIS
2125 324 2468 386 201mm
3686 329 3813 390 240

395 458 637 526 milites,
670 457 769 514 sed
794 457 973 513 duces
993 457 1196 524 etiam,
1227 456 1501 529 pluribus
1533 455 1989 529 captis,Comner

2215 455 2627 534 ιριελείφθησαν,
2691 460 2766 530 μὴ
2841 461 3267 535 συναπαχθεῖσαι
3344 464 3426 532 τῷ
3505 464 3809 533 Κομνηνῷ,

394 549 635 603 victoria
666 546 908 602 minime
947 547 1126 602 dubia
1157 547 1369 617 potito.

2226 549 2343 615 ιστᾷ
2392 547 2608 608 τούτοις
2665 549 2964 622 στρατηγὸν
3045 547 3436 625 αὐτοκράτορα,
3491 550 3583 604 τὸν
3639 547 3812 622 δομι-

397 656 575 690 στικον
633 641 732 704 τῆς
782 632 1083 702 Ἀνατολῆς
1139 634 1230 688 τὸν
1290 632 1547 705 ἐκτομίαν
1607 628 1914 706 Θεόδωρον,
1964 632 2056 686 τὸν
2112 639 2212 702 τῆς
2273 632 2592 708 βασιλίσσης
2644 633 2927 712 Θεοδώρας
2975 637 3316 713 θεράποντα·
3351 637 3600 708 συζεύξας
3653 639 3803 711 αύτῷ

400 726 732 802 συνάρχοντα
786 724 875 778 καὶ
931 725 1024 778 τὸν
1079 725 1373 799 μάγιστρον
1421 724 1657 799 Ἀαρὼν,
1687 723 1951 796 σύγγονον
2012 717 2142 777 ὄντα
2189 726 2290 787 τῆς
2347 723 2700 796 συνοικούσης
2757 730 2834 798 τῷ
2894 728 3186 800 Κομνηνῷ.
3243 729 3311 785 Οἳ
3365 733 3482 788 τοῖς
3540 727 3806 790 ἐναντίοις

400 810 1122 890 ἀντιστρατοπεδευσάμενοι,
1153 817 1507 889 συγκροτοῦσι
1539 811 1626 866 καὶ
1657 810 1902 884 πόλεμον
1937 810 2070 864 κατά
2105 831 2223 864 τινα
2268 810 2458 880 τόπον,
2492 809 2666 884 ’ᾍδην
2708 819 2824 877 τοῖς
2869 813 3167 890 ἐγχωρίοις
3212 815 3570 888 καλούμενον,
3602 817 3694 871 καὶ
3742 819 3805 871 τὸ

403 905 496 977 μὶν
562 903 840 974 εὐώνυμον
896 903 1058 977 κὲρας
1113 907 1221 955 τῶν
1273 901 1570 977 βασιλικῶν
1626 900 1827 970 ἥττησε
1884 901 1946 954 τὸ
1996 897 2164 973 δεξιὸν
2214 898 2371 975 κὲρας
2419 905 2525 955 τῶν
2571 902 2695 978 περὶ
2740 903 2832 957 τὸν
2891 905 3205 976 Κομνηνὸν,
3235 904 3324 959 καὶ
3355 904 3446 959 τὸν
3475 904 3811 982 ἐφεστηκότα

395 993 572 1065 τούτῳ
602 991 876 1065 Ῥωμανὸν
905 991 996 1045 τὸν
1032 989 1281 1065 Σκληρὸν
1317 989 1542 1065 συνέσχε
1575 993 1768 1058 ζῶντα.
1799 989 1873 1042 Τὸ
1906 984 1963 1042 δὲ
1993 1009 2055 1062 γε
2083 989 2190 1042 τῶν
2224 989 2473 1044 ἕναντίων
2524 989 2804 1064 εὐώνυμον
2849 993 2910 1046 οὗ
2956 1000 3227 1070 κατῆρχεν
3281 994 3310 1048 6
3361 995 3716 1065 Κεκαυμὲνος,
3743 995 3810 1048 τὸ

396 1079 566 1154 δεξιὸν
613 1081 870 1156 ἒτρὲψατο
916 1084 1024 1133 τῶν
1086 1078 1404 1154 βασιλικῶν,
1437 1079 1526 1133 καὶ
1585 1078 1660 1140 είς
1711 1077 1842 1132 αὐτὸ
1891 1077 1954 1131 τὸ
2003 1071 2361 1152 στρατόπεδον
2417 1077 2662 1148 εἰσῆλθεν
2712 1079 2906 1150 αὐτῶν,
2938 1082 3152 1146 καὶτὰς
3181 1083 3382 1152 σκηνὰς
3413 1080 3678 1158 διέρρηξε,
3710 1083 3805 1137 καὶ

392 1168 578 1247 ἔρῥιψε
634 1169 770 1224 κατᾶ
827 1175 951 1244 γῆς.
1011 1174 1178 1223 Τοῦτο
1235 1175 1353 1230 τοῖς
1413 1168 1534 1242 περὶ
1578 1168 1670 1222 τὸν
1730 1167 2017 1239 Κομνηνὸν
2079 1168 2274 1242 θάρσος
2331 1168 2405 1229 ὡς
2464 1167 2704 1240 μάλιστα
2761 1169 3058 1242 ἐνεποίησε,
3097 1177 3215 1233 τοῖς
3265 1169 3311 1225 δ’
3368 1170 3804 1245 ἀντιπολεμοῦσι

387 1255 654 1315 κατέϐαλε
707 1260 774 1312 τὰ
831 1260 1176 1336 φρονήματα,
1224 1257 1314 1312 καὶ
1365 1258 1576 1335 φεύγειν
1635 1255 1898 1314 ἀνέπεισε.
1956 1255 2163 1310 Γίνεται
2222 1255 2399 1310 τοίνυν
2447 1262 2556 1311 τῶν
2626 1258 2927 1325 βασιλικῶν
2995 1259 3157 1338 φόνος
3227 1258 3426 1328 πολὺς,
3487 1260 3549 1316 οὐ
3599 1266 3804 1316 κοινῶν

391 1348 554 1422 μόνον
589 1351 955 1422 στρατιωτῶν,
989 1344 1134 1401 ἀλλά
1163 1346 1253 1404 καὶ
1288 1351 1664 1423 στραταρχῶν,
1697 1345 1788 1400 καὶ
1833 1343 2057 1406 πλείους
2096 1341 2154 1398 δὲ
2200 1343 2611 1421 ἐζωγρήθησαν,
2643 1349 2732 1402 καὶ
2779 1350 2814 1418 ἡ
2859 1349 2984 1420 νίκη
3033 1347 3329 1427 ἀναφανδὸν
3373 1354 3455 1422 τῷ
3500 1355 3803 1422 Κωμνηνῷ

385 1434 684 1510 ἔπεμειδία.

453 1563 548 1618 III.
583 1562 659 1618 Eo
703 1561 932 1633 cognito
981 1560 1220 1616 Michael
1260 1561 1562 1633 desperato
1623 1559 1796 1627 bello,
1840 1559 2026 1630 impe-

2209 1558 2280 1614 I".
2312 1560 2490 1614 Τοῦτο
2525 1559 2712 1631 μαθὼν
2744 1561 2772 1615 6
2810 1558 3064 1632 βασιλεὺς
3095 1560 3325 1637 Μιχαὴλ
3375 1560 3675 1636 ἀπεγνώκει
3727 1561 3798 1617 τὰ

378 1652 534 1707 rium
567 1652 854 1722 deponere
883 1650 1106 1704 voluit:
1141 1650 1241 1705 sed
1273 1650 1329 1705 id
1353 1649 1690 1716 consilium,
1720 1647 1972 1704 familiar

2194 1650 2230 1698 ὗ
2284 1645 2556 1719 πολέμου,
2595 1647 2684 1702 καὶ
2743 1650 2842 1718 τήν
2900 1649 3078 1726 ἀρχὴν
3142 1649 3432 1714 ἀποθέσθαι
3490 1647 3788 1721 ἠϐούλετο,

379 1743 490 1796 bus
523 1739 1013 1811 improbantibus,
1044 1739 1281 1809 exsequi
1333 1755 1449 1794 non
1495 1739 1702 1810 potuit.
1735 1737 1973 1807 Leganti

2196 1733 2280 1790 .λᾶ
2301 1741 2416 1797 τοῖς
2447 1737 2566 1810 περὶ
2601 1736 2798 1792 ἐκεῖνον
2824 1742 2983 1793 τοῦτο
3016 1733 3325 1810 ἀϐούλητον
3383 1738 3476 1810 ἦν,
3509 1741 3626 1804 ὅθεν
3669 1737 3790 1795 οὐδ’

378 1830 559 1901 igitur
587 1829 658 1884 ad
690 1833 1048 1883 Comneuum
1083 1826 1281 1882 selecti
1315 1827 1419 1880 viri
1451 1843 1520 1882 ex
1577 1825 1846 1880 Patribus
1895 1841 1972 1880 σοι

2201 1844 2210 1884 ;
2271 1821 2423 1898 ἔργον
2483 1825 2703 1900 ἀγαγεῖν
2765 1830 3124 1902 συνεχωρήθη
3182 1828 3244 1883 τὸ
3299 1826 3577 1904 βούλημα.
3612 1829 3795 1884 Στέλ-

375 1918 637 1989 scriptis,
669 1915 1088 1973 Constantinus
1122 1915 1408 1970 Lichudes
1442 1929 1678 1987 praeses,
1713 1915 1822 1969 Leo
1873 1931 1969 1985 pra

2198 1933 2321 1966 Ntat
2381 1911 2564 1967 τοίνυν
2611 1913 2746 1990 πρὸς
2822 1915 2914 1970 τὸν
2989 1917 3274 1990 Κομνηνὸν
3342 1911 3792 1992 πρεσϐεύσοντες,

375 2023 470 2063 ses
501 1982 742 2078 slopus,
773 2012 830 2061 et
859 2004 1098 2059 Michael
1152 2004 1398 2071 Psellus,
1442 1982 1729 2076 princeps
1761 1982 1969 2074 philost

2202 1997 2321 2073 δρες
2377 2004 2486 2055 τῶν
2541 1982 2799 2076 ἐκκρίτων
2857 2005 2957 2071 τῆς
3017 1982 3330 2079 συγκλήτου
3387 1982 3636 2080 βουλῆς·
3685 1982 3795 2061 076;

372 2097 646 2167 phorum,
680 2097 851 2164 cujus
884 2093 1189 2165 legationis
1220 2109 1290 2148 ea
1319 2111 1555 2148 summa
1586 2093 1726 2147 fuit:
1777 2098 1966 2147 Comm

2197 2109 2261 2142 ἀν
2304 2090 2332 2143 6
2364 2087 2629 2165 πρόεδρος
2659 2097 3060 2155 Κωνσταντῖνος
3093 2094 3122 2147 6
3169 2091 3507 2168 Λειχούδης,
3539 2095 3567 2148 6
3616 2095 3791 2169 πρόε-

372 2201 511 2240 num
547 2185 618 2239 ab
651 2183 1003 2254 imperatore
1062 2182 1404 2254 adoptatum
1463 2181 1557 2249 iri,
1623 2187 1682 2237 et
1727 2181 1966 2236 Caesarei

2195 2197 2255 2238 ος
2312 2179 2460 2232 Λέων
2522 2180 2550 2234 6
2609 2178 2884 2248 Ἀλωπὸς,
2941 2182 3028 2235 καὶ
3102 2181 3333 2257 Μιχαὴλ
3387 2183 3415 2236 6
3465 2185 3789 2261 σοφώτατος

368 2275 801 2346 designandum
827 2289 974 2338 esse,
1010 2287 1289 2326 concessa
1320 2271 1488 2326 venia
1521 2275 1578 2326 et
1607 2269 1895 2326 oblivione
1926 2269 1962 2323 ἱι

2194 2264 2365 2333 ιλλὸς,
2396 2271 2504 2321 τῶν
2529 2265 2842 2346 φιλοσόφων
2875 2267 2947 2323 ὢν
2981 2269 3201 2333 ὕπατος.
3239 2271 3322 2328 Τὰ
3370 2268 3427 2326 δὲ
3466 2272 3610 2347 παρά
3654 2273 3788 2328 τού-

359 2362 654 2431 juriarum
680 2361 751 2416 iis
781 2360 879 2431 qui
911 2358 1239 2431 tyrannidis
1260 2358 1558 2428 adjutores
1590 2357 1846 2412 fuerunt.
1880 2357 1953 2420 Qu

2193 2375 2228 2406 ιν
2287 2353 2792 2430 καταγγελλόμενα,
2843 2359 3146 2429 υἱοθὲτησις
3203 2359 3269 2428 ἦν
3327 2364 3426 2414 τοῦ
3484 2363 3787 2434 Κομνηνοῢ

368 2467 499 2506 cum
531 2447 802 2504 audiente
833 2449 1086 2502 exercitu
1121 2447 1414 2502 Comueno
1449 2446 1877 2510 nuntiarentur,
1905 2462 1958 2498 m

2184 2443 2653 2516 πποιηθησομὲνου
2684 2450 2765 2518 τῷ
2795 2445 3026 2520 βασιλεῖ,
3061 2447 3150 2502 καὶ
3184 2448 3436 2524 ἀναγωγὴ
3485 2450 3621 2526 πρὸς
3669 2453 3778 2521 τήν

211 2567 220 2574 ο
301 2562 303 2564 ·
367 2539 497 2594 lites
523 2535 1083 2593 tumultuabantur:
1121 2539 1400 2606 negantes
1448 2551 1507 2590 se
1539 2551 1805 2606 passuros

2191 2531 2287 2598 ιὴν
2343 2531 2442 2598 τὴν
2499 2536 2595 2586 τοῦ
2653 2533 2943 2608 Καίσαρος,
2999 2535 3087 2590 καὶ
3147 2540 3264 2598 τοῖς
3319 2537 3418 2605 τὴν
3486 2535 3785 2613 τυραννίδα

187 2631 193 2635 ’
239 2633 260 2637 λ’
295 2649 306 2655 ν
363 2628 702 2699 prietectum
736 2625 793 2680 in
818 2624 928 2679 alio
949 2625 1149 2678 habitu
1179 2624 1458 2694 conspici,
1493 2628 1594 2678 aut
1623 2623 1755 2677 exui

2191 2617 2592 2690 μμελετήσασιν
2649 2620 2833 2699 ἄφεσίς
2886 2642 2945 2677 τε
2985 2623 3076 2678 καὶ
3125 2622 3400 2696 ἀμνηστία
3439 2628 3536 2678 τοῦ
3583 2624 3785 2699 πλημ-

281 2731 317 2753 ί
364 2713 822 2786 imperatoriam,
857 2713 1120 2783 quajam
1156 2712 1398 2767 indutus
1447 2717 1620 2766 esset.
1668 2711 1806 2774 Qum
1839 2728 1875 2764 vi

2185 2706 2463 2779 ιλήματος.
2498 2709 2560 2762 Οἱ
2613 2710 2706 2782 μὲν
2762 2709 2854 2764 οὖν
2911 2715 3081 2766 ταῦτα
3134 2715 3213 2784 τῷ
3269 2717 3540 2785 Κομνηνῷ
3593 2714 3779 2790 ἀπηγ-

305 2807 318 2814 “’
362 2803 696 2874 apluribus
754 2818 856 2873 per
912 2800 1390 2871 assentationem,
1445 2817 1621 2871 quam
1665 2816 1735 2854 ex
1789 2798 1899 2854 anii

2186 2793 2373 2850 λκασιν
2407 2796 2457 2851 ἰν
2509 2797 2731 2870 ίπηκόῳ
2768 2803 2864 2854 τοῦ
2915 2799 3183 2872 πλήθους,
3214 2801 3277 2856 τὸ
3330 2798 3387 2856 δὲ
3441 2797 3778 2876 ἐθορυϐήθη,

353 2893 754 2963 jactabantur.
797 2889 997 2945 Soluto
1052 2894 1360 2954 conventu,
1419 2889 1753 2943 Comnenus
1799 2887 1947 2960 legat

2183 2885 2198 2952 ἦ
2263 2885 2554 2959 βούλεσθαι
2607 2886 2764 2963 λέγον
2823 2886 2896 2942 ἰν.
2931 2886 3090 2961 ἄλλῳ
3143 2892 3388 2965 σχήματι
3437 2891 3530 2945 τὸν
3592 2890 3777 2947 αὐτῶν

360 2980 644 3046 seductis,
707 2979 832 3033 ait:
885 2977 950 3033 Si
1005 2994 1210 3032 arcana
1269 2976 1517 3047 quedam
1577 2976 1899 3047 imperatori
1953 3020 1954 3023 η

2183 2973 2492 3043 »οεστηκότα
2559 2975 2866 3049 θεάσασθαι,
2927 2974 3059 3050 μηδ’
3118 2977 3484 3044 ἀποδύσασθαι
3539 2979 3777 3057 ἀνασχὲ-

338 3070 772 3132 ,renuntiaturos
806 3069 1215 3138 promisissent,
1249 3081 1305 3121 se
1359 3067 1741 3136 expositurum
1771 3082 1856 3134 ea,
1887 3082 1932 3137 φ

2188 3082 2238 3114 αι
2267 3061 2430 3116 αὐτὸν
2459 3063 2557 3132 τὴν
2603 3065 2803 3132 στολὴν
2842 3065 2941 3134 τήν
2979 3063 3253 3141 βασίλειον
3295 3069 3357 3136 ἦν
3406 3066 3514 3140 ἤδη
3560 3067 3782 3126 ἐνδέδυ-

354 3160 542 3214 animo
569 3159 794 3213 celaret.
827 3157 934 3220 Qui
995 3173 1129 3212 cum
1181 3155 1607 3212 taciturnitatis
1667 3155 1841 3210 ﬁdem
1901 3156 1948 3210 dt

2189 3171 2221 3205 ι.
2275 3149 2504 3226 Ἔλεγον
2568 3149 2625 3207 δὶ
2674 3157 2842 3208 ταῦτα
2898 3154 2950 3208 οἱ
3003 3152 3224 3217 πλείους
3282 3155 3390 3232 οὐχ
3446 3157 3589 3213 οὕτω
3636 3179 3779 3236 φρο-

357 3249 601 3316 dissent,
653 3263 711 3302 se
763 3262 929 3314 nunc,
988 3245 1088 3310 ait,
1147 3245 1343 3299 habitu
1403 3244 1638 3302 Caesaris
1687 3247 1951 3300 contentu

2185 3243 2354 3306 ὖντες,
2413 3238 2560 3295 ἀλλὰ
2608 3242 2700 3296 τὸν
2769 3247 3131 3318 τυραννοῦντα
3201 3245 3558 3308 θωπεύοντες.
3621 3249 3779 3304 Ἑπεὶ

357 3352 490 3404 esse,
521 3353 621 3392 nec
648 3337 934 3406 requirere
992 3336 1446 3406 imperatorium:
1503 3332 1595 3388 sed
1627 3333 1684 3387 id
1709 3334 1951 3404 postular

2235 3325 2456 3400 διελύθη
2511 3330 2538 3383 6
2588 3328 2885 3406 σύλλογος,
2917 3329 3025 3403 ἰδίᾳ
3066 3331 3191 3395 τοὺς
3220 3329 3473 3410 πρεσϐεις
3505 3336 3532 3390 6
3560 3342 3787 3408 Κομνη-

355 3431 414 3482 ut
445 3428 746 3499 imperator
775 3425 926 3479 nulli
973 3424 1079 3479 alii
1134 3439 1379 3494 unquam
1433 3423 1776 3477 traditurum
1832 3423 1949 3493 imp

2191 3437 2210 3478 ς
2266 3413 2740 3492 προσλαϐόμενος,
2792 3419 2858 3477 Εθί
2912 3421 3032 3475 τινά
3093 3443 3208 3494 μοι,
3257 3423 3442 3500 φησὶν,
3489 3423 3785 3501 ἀπόρρητα

356 3517 524 3585 rium,
555 3520 607 3571 et
638 3517 732 3580 iis,
763 3530 894 3585 quos
923 3513 1196 3580 donasset,
1225 3513 1456 3582 praemia
1511 3528 1627 3566 non
1681 3515 1947 3580 ereptura

2188 3509 2544 3583 [πορθμεῦσαι
2631 3507 3084 3587 πληροφορήσετε
3186 3511 3323 3586 πρὸς
3416 3513 3509 3567 τὸν
3611 3513 3782 3568 αὖτο-

358 3606 665 3676 conﬁrmet,
697 3612 746 3659 et
776 3602 986 3674 aliquid
1018 3603 1391 3666 imperatoriae
1421 3603 1693 3665 potestatis
1715 3600 1952 3671 impertit

2183 3597 2371 3672 άτορα,
2430 3593 2538 3672 ἐρῶ
2601 3597 2730 3670 ὑμῖν
2791 3597 2889 3652 ὅσα
2969 3619 3062 3671 μοι
3144 3599 3280 3654 κατά
3359 3600 3456 3668 τὴν
3540 3598 3773 3677 καρδίαν

356 3703 465 3764 tur,
524 3697 584 3748 ut
641 3693 947 3748 minoribus
1009 3691 1375 3760 dignitatibus
1430 3689 1726 3745 nonnullos
1805 3704 1950 3743 orna:

2185 3684 2490 3760 κέκρυπται.
2549 3687 2672 3742 Τῶν
2751 3683 2809 3740 δὲ
2869 3686 3247 3760 καταθεμὲνων
3317 3688 3612 3766 ἆνέκφορον
3671 3711 3779 3762 τη-

354 3783 538 3849 liceat,
564 3786 618 3836 et
641 3782 712 3836 ad
750 3780 1029 3835 militares
1085 3780 1435 3850 magistratus
1491 3779 1733 3833 evehere.
1793 3779 1922 3846 Quae

2185 3794 2271 3826 σαι
2341 3774 2480 3828 ἅπαν
2576 3774 2927 3850 ἀπόρῥητον,
2986 3773 3088 3850 ἔφη
3165 3775 3442 3850 ἀρκεῖσθαι
3515 3782 3606 3832 νῦν
3685 3784 3772 3852 τῷ

349 3873 720 3942 impetrasset,
753 3886 812 3924 se
839 3885 970 3939 pace
1009 3871 1165 3939 facta
1224 3870 1282 3922 in
1334 3869 1528 3922 urbem
1585 3876 1900 3934 venturum,

2184 3863 2352 3934 ήματι
2409 3866 2488 3934 τῷ
2542 3867 2643 3917 τοῦ
2697 3863 2984 3939 Καίσαρος,
3039 3864 3129 3919 καὶ
3181 3866 3258 3937 μή
3319 3871 3498 3936 ζητεῖν
3555 3866 3618 3922 τὸ
3672 3869 3773 3944 βα-

347 3962 476 4031 quia
508 3960 606 4014 illa
627 3961 742 4013 suis
790 3959 1163 4028 displicerent,
1197 3957 1352 4010 binas
1380 3957 1722 4026 scripturum
1755 3954 1941 4009 littera

2175 3950 2330 4020 λειον,
2389 3950 2556 4005 αἰτεῖν
2618 3949 2676 4006 δὶ
2746 3949 3131 4028 πληροφορίαν
3204 3952 3267 4010 ἐκ
3335 3958 3432 4010 τοῦ
3504 3961 3769 4032 κρατοῦν-

343 4065 580 4121 quarum
607 4048 800 4102 alteris
819 4049 1011 4116 fucum
1040 4045 1312 4100 militibus
1322 4044 1591 4116 faceret,a
1603 4042 1763 4098 lteris
1783 4060 1937 4099 area:

2171 4059 2214 4108 ς,
2275 4040 2350 4101 ὡς
2429 4037 2536 4115 οὔχ
2605 4039 2772 4116 ἱτέρῳ
2839 4039 3002 4096 δώσει
3056 4043 3155 4110 τὴν
3214 4042 3395 4119 ἀρχήν
3451 4065 3604 4115 ποτε,
3665 4048 3761 4102 καί

340 4136 649 4191 mandaret.
683 4136 962 4191 Praeterea
990 4149 1184 4204 perum
1213 4133 1590 4188 communium
1623 4131 1934 4189 administri

2170 4149 2178 4189 ;
2236 4129 2561 4203 συντηρήσει
2619 4127 2824 4203 ἑκάστῳ
2879 4134 2985 4184 τῶν
3038 4129 3130 4185 σὺν
3191 4131 3338 4204 ἐμοὶ,
3381 4131 3482 4189 εἴτι
3537 4133 3764 4198 τούτοις

337 4227 542 4281 tionem
575 4226 628 4279 ei
653 4221 1011 4278 adimendam
1043 4237 1176 4287 esse,
1206 4223 1303 4292 qui
1329 4237 1478 4275 nunc
1511 4221 1626 4275 sibi
1657 4228 1709 4275 et
1753 4222 1872 4276 suis
1903 4223 1931 4276 ii

2169 4215 2527 4292 φιλοτίμηται
2598 4219 2725 4293 παρ’
2777 4217 2936 4291 ἐμοῦ,
2991 4218 3084 4274 καὶ
3158 4220 3233 4283 ὡς
3312 4222 3402 4276 καί
3461 4242 3605 4286 τινος
3655 4245 3759 4296 με·

336 4316 545 4385 fensus,
581 4330 645 4368 ea
673 4315 1020 4384 fungeretur.
1055 4311 1156 4365 His
1186 4310 1358 4364 dictis
1381 4309 1711 4380 litterisque
1731 4309 1930 4364 traditi

2166 4301 2326 4360 δώσει
2415 4327 2507 4380 μοι
2595 4311 2686 4360 νῦν
2771 4306 3011 4380 ἐξουσίας
3089 4305 3404 4384 βασιλικῆς,
3491 4309 3552 4364 ἵν’
3633 4307 3756 4388 ἔχω

344 4402 611 4458 hortatur
639 4402 797 4456 abire
812 4400 1045 4471 legatos.
1060 4401 1242 4453 Senex
1260 4397 1505 4453 Michael
1523 4414 1653 4451 cum
1670 4396 1878 4452 litteris
1893 4415 1938 4452 at

2161 4394 2244 4456 νὰς
2331 4400 2492 4469 τιμᾷν
2567 4401 2686 4458 τοῖς
2749 4401 2855 4450 τῶν
2936 4397 3257 4470 ἀξιωμάτων
3333 4396 3580 4454 ἐλάττοσι
3657 4403 3755 4457 καὶ

335 4491 540 4562 captis,
571 4496 696 4546 tum
729 4489 958 4544 arcanis
991 4487 1284 4542 mandatis
1316 4485 1929 4553 auditis,delectatus,s

2252 4482 2429 4559 ἀρχὰς
2513 4483 2686 4545 ἐνίους
2787 4486 3144 4560 στρατηγικάς
3247 4489 3698 4563 προχειρίζεσθαι
3733 4519 3765 4560 ,«

333 4579 701 4636 omniaillius
725 4576 1020 4650 postulata
1037 4577 1447 4646 annuit,atque
1470 4575 1927 4644 adjecitzQuemm

2155 4573 2182 4626 Li
2240 4569 2296 4627 εἷ’
2340 4594 2432 4646 μοι
2479 4577 2646 4628 ταῦτα
2716 4572 2940 4644 ἐπιτελῆ
3017 4575 3243 4650 γίνοιτο,
3293 4577 3589 4650 σπείσομαι
3654 4581 3749 4634 καὶ

329 4670 550 4725 modum
583 4669 889 4724 Comnenus
901 4669 1010 4722 sibi
1019 4682 1118 4735 per
1133 4666 1258 4719 illos
1271 4665 1477 4719 occulta
1491 4663 1746 4733 quaedam
1765 4667 1923 4735 signi,

2153 4661 2371 4734 ›ίξομαι.
2425 4665 2543 4717 Ὅτι
2611 4659 2669 4717 δὲ
2742 4668 2859 4725 τοῖς
2931 4662 3164 4735 πλήθεσι
3241 4669 3409 4720 ταῦτα
3475 4673 3593 4730 τοῖς
3650 4667 3747 4724 σὺν

2197 4750 2211 4768 ε
2323 4751 2336 4768 ν
2467 4751 2477 4768 ι
2779 4751 2804 4768 κ
2904 4753 2918 4768 .
3122 4755 3134 4768 .
3294 4756 3307 4768 .
3611 4761 3635 4768 _

327 4761 611 4826 casset,ita
633 4776 691 4814 se
722 4759 821 4814 illi
838 4775 937 4829 per
951 4758 1096 4814 267
1121 4755 1330 4811 eosdem
1355 4753 1660 4810 occultiora
1681 4758 1921 4811 nuntiat

2154 4750 2212 4805 ,οἱ
2312 4751 2694 4826 ἀπαρέσκουσι,
2775 4751 2955 4815 διττὰς
3037 4755 3174 4830 πρὸς
3254 4756 3346 4810 τὸν
3438 4761 3748 4832 κρατοῦντα

329 4864 474 4913 rum,
507 4857 566 4902 ut
580 4848 964 4919 jurejurando
993 4847 1380 4916 conﬁrmarent
1411 4844 1680 4910 videlicet,
1701 4860 1815 4900 non
1834 4861 1923 4898 mu

2150 4841 2372 4914 χαράξω
2455 4839 2764 4908 ἐπιστολὰς,
2824 4841 2912 4896 καὶ
2997 4846 3064 4915 τῇ
3155 4844 3248 4916 μὲν
3336 4841 3744 4922 καταδημαγω-

326 4946 445 4992 tum
473 4940 734 5007 temporis
765 4941 1206 5000 intercessurum,
1239 4936 1370 5006 quin
1406 4936 1562 4988 illum
1594 4933 1856 5004 collegam
1881 4936 1920 4987 is

2149 4929 2242 4997 iam
2321 4928 2385 4982 τὸ
2468 4930 2902 5003 στρατιωτικὸν,
2961 4934 3029 5004 τῇ
3115 4929 3162 4986 δ’
3239 4930 3582 5007 ἐγγράψομαι
3672 4938 3743 4992 τά

323 5027 471 5097 perii
497 5026 775 5079 asciturus
803 5033 978 5080 esset:
1007 5040 1154 5080 nunc
1184 5039 1308 5078 vero
1337 5039 1393 5078 se
1425 5025 1487 5076 id
1516 5025 1679 5076 certis
1699 5022 1763 5078 de
1790 5038 1917 5077 caus

2141 5015 2386 5092 ιόῤῥητα.
2444 5019 2562 5073 Ἐπὶ
2635 5019 2852 5083 τούτοις
2927 5020 3018 5074 καὶ
3092 5021 3185 5076 τὸν
3231 5022 3300 5076 τὰ
3355 5022 3512 5076 κοινὰ
3572 5044 3735 5094 μετα-

321 5115 702 5187 diﬂerre.Haec
731 5131 832 5185 per
865 5114 1084 5184 legatos
1111 5111 1380 5166 nuntiata
1405 5111 1742 5166 Comnenus
1763 5111 1915 5180 cupit

2143 5105 2455 5178 ;ιριζόμενεν
2544 5102 2662 5180 ᾔτει
2747 5111 3071 5180 μεταστῆναι
3173 5116 3272 5178 τῆς
3359 5105 3684 5180 διοικήσεως
3723 5155 3737 5180 ,

323 5203 586 5269 admisit,
619 5218 723 5257 nec
754 5202 854 5256 alii
889 5202 1050 5256 inviti
1083 5198 1781 5270 acceperunt,praasertiin
1815 5215 1917 5268 quc

2141 5216 2154 5256 ;
2233 5192 2455 5249 δύσνουν
2535 5197 2684 5268 αὐτῷ
2764 5196 2854 5250 καὶ
2927 5203 3046 5260 τοῖς
3107 5205 3221 5271 μετ’
3275 5199 3462 5254 αὐτοῦ.
3520 5201 3576 5254 Ὀ
3637 5203 3735 5274 μὲν

319 5309 515 5349 rerum
549 5290 951 5346 communium
980 5289 1341 5361 procuratori
1365 5292 1624 5358 potestas
1656 5285 1910 5341 adimenc

2137 5306 2169 5336 ιν
2219 5288 2386 5339 ταῦτα
2441 5284 2630 5352 εῗπὼν,
2663 5286 2753 5340 καὶ
2811 5287 2908 5348 τάς
2964 5285 3258 5350 ἐπιστολὰς
3307 5287 3493 5353 αὐτοῖς
3543 5288 3731 5366 ἐγχει-

317 5385 496 5446 esset,
519 5380 766 5451 jamque
796 5379 1072 5434 omnibus
1103 5379 1400 5432 decretum
1434 5380 1580 5445 erat,
1643 5375 1849 5446 positis
1873 5391 1905 5428 a

2139 5392 2249 5441 σας,
2301 5371 2556 5429 απελθεῖν
2606 5375 2991 5450 προετρέπετο.
3047 5375 3115 5434 Οἳ
3177 5375 3220 5431 δ’
3271 5375 3580 5446 ἐπανῆλθον
3641 5379 3733 5435 ἐπὶ

319 5470 432 5524 mis
464 5469 767 5542 tyrannide
799 5467 1108 5522 abstinere.
1131 5469 1200 5520 At
1222 5483 1398 5521 senex
1428 5463 1913 5534 imperator,priu:

2136 5484 2161 5515 ν
2218 5463 2448 5535 γηραιὸν
2507 5461 2900 5538 αὐτοκράτορα,
2932 5464 3029 5527 τὰς
3084 5463 3379 5527 ἐπιστολάς
3417 5487 3476 5521 τε
3535 5467 3729 5542 φέρον-

317 5575 496 5630 quam
528 5574 662 5613 cum
694 5557 988 5612 Comueno
1047 5557 1410 5626 transigeret,
1447 5559 1773 5626 togatorum
1825 5568 1911 5624 erg

2131 5571 2178 5616 ς,
2212 5550 2300 5604 καὶ
2347 5550 2446 5605 ὅσα
2491 5553 2519 5606 6
2573 5551 2858 5624 Κομνηνὸς
2909 5553 3095 5618 αὐτοῖς
3143 5553 3194 5608 ἐν
3229 5553 3573 5630 ἀπορῥήτοις
3623 5554 3725 5634 ἔφη

319 5662 381 5703 se
413 5646 848 5717 benevolentia,
908 5648 972 5701 ut
1028 5644 1294 5716 putabat,
1341 5643 1755 5700 confirmanda
1798 5656 1913 5714 ιιι-ει

2133 5637 2159 5692 ὶ
2207 5637 2383 5708 ζώσης
2459 5647 2646 5718 φωνῆς
2722 5640 3188 5719 ἀπαγγέλλοντες.
3246 5644 3459 5710 Ἡσθεὶς
3523 5643 3616 5702 οὖν
3675 5646 3727 5704 ἐν

3995 4513 4001 4569 γ

3981 5142 3987 5262 ί

3972 5619 3975 5690 ¹
