4036 6206
221 408 315 469 241

1457 403 1873 466 ANNALIUM
1918 404 2068 466 LIB.
2117 409 2338 474 XVIII.

3482 406 3599 469 212

213 534 401 594 τούτοις
459 533 487 586 ὁ
539 529 798 606 βασιλεὺς
833 575 848 602 ,
901 533 1078 587 πάντα
1133 531 1428 609 πληρῶσαι
1486 533 1584 589 ὅσα
1636 533 1820 589 ἐκεῖνος

1957 539 2244 612 scriptum
2279 542 2574 614 quoddam
2609 541 2962 607 confecerat,
2996 556 3110 612 quo
3142 537 3410 612 singulos
3435 540 3596 609 jure-

214 625 386 699 ᾔτησεν
437 619 831 696 ἐπηγγείλατο,
879 621 970 676 καὶ
1027 624 1462 698 προσεπήγαγεν,
1498 621 1580 677 ὅτι
1641 624 1820 695 Ὧσπει

1945 628 2204 698 jurando
2235 635 2292 686 et
2323 631 2468 687 diris
2487 631 2986 702 obstringebat,ut
3015 631 3379 686 Comnenum
3412 643 3599 699 neque

213 714 387 774 ἐκεῖνος
463 709 815 786 ἀπορρήτους
903 731 998 783 μοι
1103 711 1330 785 γνώμας
1426 708 1676 781 ἐδήλωσε
1771 709 1842 766 δι’

213 805 361 873 ὑμῶν,
441 795 620 860 οὕτως
683 795 834 862 αὖθις
909 798 1063 874 κάγὼ
1122 797 1192 854 δι’
1247 801 1398 872 ὑμῶν
1461 800 1840 875 μυστικώτερά

205 911 307 946 τινα
392 887 583 960 ἐκείνῳ
663 884 750 942 διὰ
813 892 922 942 τῶν
999 887 1174 942 αὐτων
1263 888 1576 962 ἀνατίθεμαι
1659 889 1836 962 ὑμῶν.

205 978 473 1051 Διόμνυσθε
535 975 720 1030 τοίνυν
780 979 858 1047 τῷ
917 974 1070 1050 ἀνδρῖ
1133 975 1215 1032 ὅτι
1277 977 1341 1031 οὐ
1400 978 1602 1052 μακρὸν
1654 975 1714 1032 ἂν
1749 977 1831 1046 εἷή

200 1069 250 1122 τὸ
318 1074 472 1138 μέσον
557 1061 860 1137 διάστημα,
929 1065 1019 1119 καὶ
1096 1064 1444 1141 συμμέτοχον
1522 1065 1682 1121 αὐτὸν
1737 1066 1834 1121 τοῦ

198 1156 396 1232 κράτους
467 1155 785 1226 ποιήσομαι
823 1197 836 1221 ,
924 1153 1017 1207 νῦν
1098 1151 1146 1208 δ’
1217 1148 1597 1226 ἀναϐάλλομαι
1672 1159 1832 1210 τοῦτο

199 1243 268 1300 διά
305 1264 418 1298 τινα
471 1239 648 1298 αἵτια.
701 1242 824 1299 Ἐπὶ
882 1242 1096 1305 τούτοις
1154 1243 1402 1312 ἀπῆλθον
1435 1242 1588 1307 αὖθις
1617 1244 1668 1297 οἱ
1699 1264 1828 1318 πρε-

198 1327 407 1402 σϐευταί,
437 1331 528 1385 καὶ
589 1331 620 1384 ὁ
654 1330 942 1403 Κομνηνὸς
976 1330 1208 1403 ἅσμενος
1260 1331 1355 1392 τὰς
1411 1329 1672 1406 ἀγγελίας
1715 1330 1826 1386 ἑδέ-

195 1426 315 1493 ξατο,
371 1420 460 1474 καῖ
515 1424 640 1481 τοῖς
689 1417 887 1482 ἄλλοις
927 1418 1025 1474 ούκ
1081 1420 1360 1493 ἀποθύμια
1412 1420 1478 1475 τά
1538 1421 1829 1493 μηνύματα

197 1507 374 1580 ἔδοξαν·
404 1509 498 1563 καὶ
557 1506 805 1581 μᾶλλον,
865 1507 946 1564 ὅτι
1010 1517 1336 1582 μεταστῆναι
1363 1513 1471 1564 τῶν
1502 1507 1822 1580 διοικήσεων

193 1600 264 1652 τὸν
317 1597 798 1672 έγκεχειρισμένον
848 1597 1010 1661 αύτάς
1079 1600 1485 1671 μεμαθήκεσαν,
1551 1598 1641 1653 καὶ
1711 1595 1820 1668 ἤδη

189 1689 465 1742 καταθεῖναι
529 1687 602 1741 τὰ
663 1685 810 1742 ὅπλα
855 1683 1031 1757 ἔδοξεν
1086 1685 1302 1758 ἅπασιν,
1357 1688 1431 1749 ὡς
1486 1687 1702 1756 καὶτῆς
1729 1708 1822 1742 τυο

190 1774 410 1850 ραννίδος
449 1775 764 1853 ἀφέξεσθαι,
809 1776 869 1832 Ὀ
926 1771 1233 1850 πρεσϐύτης
1276 1774 1333 1831 δὶ
1377 1774 1654 1852 βασιλεὺς,
1714 1777 1820 1850 πρὸ

1952 715 2363 788 imperatorem
2421 721 2811 786 nominarent,
2889 735 3081 790 neque
3151 717 3598 789 imperatorium

1949 805 2230 862 honorem
2264 809 2312 863 ei
2347 807 2655 875 deferrent,
2687 813 2864 881 atque
2896 807 3258 864 senatorium
3310 806 3459 861 alios
3498 821 3596 876 pe-

1948 895 2143 962 cunia,
2200 895 2345 952 alios
2406 897 2760 967 dignitatum
2821 896 3206 969 largionibus,
3266 894 3413 950 alios
3463 893 3594 948 aliis

1946 980 2239 1039 illecebris
2271 985 2606 1056 impulerat,
2639 990 2704 1040 ut
2748 985 3182 1056 subscriptione
3227 999 3336 1039 sua
3389 997 3588 1037 earum

1942 1070 2270 1128 litterarum
2294 1075 2644 1130 sententiam
2676 1075 3109 1130 conﬁrmarent.
3144 1073 3359 1128 Verum
3390 1070 3591 1126 audito

1941 1160 2243 1216 Commeni
2273 1163 2652 1234 adventu,qui
2685 1163 2963 1236 postridie
2981 1162 3183 1217 urbem
3217 1161 3590 1231 ingressurus

1941 1255 2117 1318 esset,
2151 1251 2390 1322 quidam
2423 1269 2491 1306 ex
2522 1253 2789 1307 Patribus
2823 1251 3168 1321 conscriptis
3217 1249 3442 1305 factiosi
3484 1247 3587 1302 ho-

1939 1337 2127 1393 mines
2161 1356 2330 1394 mane
2359 1357 2422 1395 se
2455 1340 2510 1394 in
2543 1339 2829 1411 templum
2861 1339 3040 1394 divini
3072 1338 3246 1393 Verbi
3277 1335 3590 1408 Sapientiae

1929 1426 2552 1500 _contulerunt,quibus
2584 1446 2646 1484 se
2677 1429 2850 1484 etiam
2874 1427 3252 1484 sodalitatum
3297 1424 3587 1497 principes

1934 1523 2346 1588 aggregarunt,
2380 1524 2436 1572 et
2481 1518 2823 1590 patriarchae
2888 1516 3256 1589 praesentiam
3315 1513 3588 1569 vocifera-

1931 1603 2192 1660 tionibus
2226 1605 2645 1678 efﬂagitarunt.
2677 1608 2748 1660 At
2779 1605 2873 1660 ille
2903 1605 3127 1660 foribus
3189 1603 3452 1674 undique
3489 1617 3585 1656 oc-

1931 1692 2135 1758 clusis,
2173 1695 2368 1750 fratris
2400 1695 2552 1751 ﬁlios
2585 1698 2991 1767 percontatum
3025 1692 3205 1759 misit,
3259 1692 3402 1764 quid
3461 1689 3582 1746 vel-

1931 1777 2098 1834 lent?
2127 1796 2276 1850 quos
2309 1781 2416 1848 illi,
2449 1797 2739 1838 concursu
2775 1780 3152 1837 multitudine
3181 1783 3376 1847 aucta,
3419 1794 3576 1834 com-

187 1871 265 1920 τοῦ
304 1865 394 1927 τάς
452 1859 764 1936 συμϐάσεις
809 1863 957 1937 αύτῷ
986 1865 1122 1939 πρὸς
1169 1865 1262 1919 τὸν
1323 1866 1607 1938 Κομνηνὸν
1664 1868 1817 1939 γενέ·

1932 1868 2250 1938 prehensas
2282 1870 2433 1924 male
2460 1875 2814 1926 tractaturos
2843 1886 2995 1936 esse,
3027 1867 3367 1924 comminati
3414 1871 3574 1938 sunt,

193 1957 307 2022 σθαι,
334 1961 432 2023 τῆς
477 1953 785 2022 πολιτικῆς
848 1953 1040 2028 μοίρας
1099 1951 1310 2009 εὔνοιαν
1360 1953 1819 2029 περιποιούμενος

191 2045 352 2114 ὶαυτῷ,
418 2041 609 2117 ὥσπερ
699 2039 856 2115 ᾤετο,
935 2039 1205 2121 ἕγγραφόν
1275 2064 1330 2097 τι
1405 2043 1816 2121 συγγεγραφὼς,

141 2135 344 2222 Χὅρκοις
388 2129 776 2204 καταδεσμοῦν
837 2131 926 2186 καὶ
970 2133 1126 2207 ἀραῖς
1178 2128 1424 2201 ἕκαστον,
1485 2132 1622 2186 ὥστε
1681 2134 1820 2205 μήτε

195 2219 385 2295 βασιλέα
437 2219 676 2276 καλέσαι
735 2219 828 2275 τὸν
881 2220 1188 2294 Κομνηνὸν,
1252 2219 1391 2295 μηδὲ
1447 2221 1616 2293 τιμὴν
1669 2221 1818 2293 αὐτῷ

193 2311 463 2384 προσοίσειν
527 2309 850 2387 βασίλειον,
924 2310 1054 2373 τοὺς
1126 2312 1220 2383 μὶν
1274 2315 1382 2365 τῶν
1438 2312 1815 2386 συγκλητικῶν

193 2402 430 2475 χρήμασι,
489 2400 629 2462 τοὺς
690 2397 736 2454 δ’
795 2401 1115 2473 ἀξιωμάτων
1150 2398 1456 2472 διανομαῖς·
1489 2399 1580 2454 καὶ
1613 2397 1819 2463 ἄλλους

194 2487 352 2550 ἄλλοις
408 2489 808 2562 θελκτηρίοις,
868 2489 1110 2543 ἀνέπειθε
1163 2493 1242 2560 τῷ
1294 2488 1548 2566 ἐγγράφῳ
1605 2489 1817 2559 ὑποση-

197 2579 464 2648 μαίνεσθαι,
521 2577 621 2633 καῖ
651 2579 719 2633 τά
749 2578 801 2632 έν
859 2577 1006 2650 αύτῷ
1035 2572 1307 2654 βεϐαιοῦν.
1378 2579 1524 2632 Ἐπεὶ
1570 2575 1617 2632 δ’
1664 2577 1815 2647 ἥκειν

189 2667 262 2720 τὸν
306 2667 596 2739 Κομνηνὸν
655 2667 1021 2736 ἠκηκόεισαν,
1073 2665 1146 2730 ὡς
1209 2666 1348 2720 κατὰ
1403 2667 1503 2734 τήν
1562 2665 1816 2721 ἐπιοῦσαν

193 2753 632 2828 ιῗσελευσόμενονο
685 2751 998 2816 στασιώδεις
1061 2755 1201 2816 τινὲς
1259 2758 1365 2808 τῶν
1412 2761 1514 2824 τῆς
1574 2752 1810 2830 συγκλή-

189 2863 267 2897 του
298 2842 496 2919 βουλῆς
558 2840 734 2906 ἕωθεν
786 2847 867 2914 τῷ
915 2842 1123 2915 τεμένει
1175 2849 1276 2912 τῆς
1319 2847 1418 2897 τοῦ
1449 2847 1582 2898 Θεοῦ
1633 2842 1816 2918 Λόγου

195 2932 366 3009 Σοφίας
410 2930 924 3009 προσεληλύθεσαν,
987 2931 1066 2993 οῖς
1120 2931 1210 2986 καὶ
1268 2931 1322 2986 οἱ
1375 2936 1484 2986 τῶν
1540 2933 1816 3007 ἑταιρειῶν

191 3022 414 3094 συνῄνεαν
461 3021 760 3098 ἄρχοντες,
813 3012 904 3076 καὶ
957 3027 1216 3097 κραυγαῖς
1268 3021 1672 3098 προεκαλοῦντο
1720 3024 1811 3077 τὸν

190 3113 497 3187 πατριάρχην
534 3111 618 3173 εἷς
649 3112 768 3175 θέαν
797 3111 973 3188 σφίσιν
1021 3109 1221 3175 ἐλθεῖν.
1279 3112 1342 3168 Ὁ
1401 3109 1458 3167 δὲ
1506 3112 1600 3174 τὰς
1647 3114 1811 3187 θύρας

187 3199 336 3262 αὐτοῖς
403 3200 787 3275 ἁπανταχόθεν
864 3199 1226 3275 έπιζυγώσας,
1301 3200 1429 3263 τοὺς
1487 3197 1813 3279 ἀδελφιδοῦς

192 3289 338 3352 σότοῖς
386 3274 713 3367 έκπέπομέρε
762 3274 1201 3362 πυνθανομένους
1262 3291 1291 3344 ’ὀ
1346 3311 1398 3344 τι
1460 3274 1726 3366 φασίνίοὶ
1756 3287 1815 3344 δὲ
1845 3274 1887 3341 C

191 3373 507 3452 θορυϐοῦντες
591 3377 667 3440 εἰς
751 3376 961 3446 πλῆθος
1041 3375 1150 3448 ἤδη
1229 3379 1514 3440 συστάντες
1587 3378 1814 3434 πολλῶν

194 3466 560 3541 συρὅευσάντων
609 3465 739 3536 ἐκεῖ,
798 3467 1061 3542 συνέσχον
1116 3466 1246 3529 τοὺς
1310 3472 1409 3522 τοῦ
1468 3467 1820 3544 πατριάρχου

195 3549 503 3630 ἀδελφιδοῦς,
571 3553 683 3626 καὶ,
745 3552 795 3608 εἷ’
839 3555 913 3626 μὴ
974 3553 1163 3608 αὐτίκα
1192 3553 1329 3630 πρὸς
1358 3553 1552 3616 αὐτοὺς
1613 3554 1820 3626 ὶξελεύ-

193 3642 704 3719 σηαιὸἀρχιερεῦς,
765 3639 1040 3713 διαθήσειν
1094 3641 1335 3704 ἐκείνους
1397 3642 1664 3713 ἠπείλουν
1726 3665 1821 3698 κα·

191 3734 315 3786 κῶσ.
371 3731 597 3809 Λέγεται
648 3729 705 3786 δὲ
759 3735 930 3786 ταῦτα
979 3734 1178 3805 σκῆψις
1236 3731 1369 3785 εἶναι
1427 3731 1514 3786 καὶ
1576 3726 1816 3807 προϐου-

193 3814 424 3892 λεύματα,
470 3821 548 3875 ’ἶν’
609 3821 752 3876 ἄκων
808 3817 1000 3890 δοκοίη
1070 3819 1343 3875 συνολθεῖν
1387 3820 1414 3874 ὁ
1471 3819 1820 3896 πατριάρχης

193 3912 288 3968 τοῖς
315 3909 681 3979 στασιάζουσι.
716 3907 996 3977 Κατῆλθεν
1043 3906 1134 3962 οὖν
1166 3907 1225 3964 ἐκ
1251 3912 1357 3963 τῶν
1407 3908 1688 3982 ὑπερῴων,
1719 3911 1816 3978 τήν

195 3993 438 4069 ἱερατικὴν
524 3995 880 4071 ἐνδεδυμένος
963 3995 1188 4066 στολὴν,
1274 3996 1587 4070 έπεγκαλῶν
1659 3994 1816 4068 δῆθεν

1929 1957 2046 2012 nisi
2081 1958 2410 2029 patriarcha
2439 1959 2637 2015 statim
2669 1959 3352 2031 egrederetur.Feruntur
3379 1959 3575 2011 autem

1927 2045 2031 2102 illa
2061 2047 2195 2102 ﬁcta
2223 2048 2404 2103 fuisse
2433 2053 2490 2103 et
2517 2047 2818 2116 simulata,
2855 2051 2918 2101 ut
2966 2045 3302 2119 patriarcha
3355 2045 3576 2100 invitus

1929 2136 2002 2190 ad
2035 2136 2349 2192 seditiosos
2376 2137 2608 2208 prodire
2640 2137 2955 2191 videretur.
2989 2135 3134 2191 Cum
3167 2134 3346 2207 igitur
3377 2151 3446 2189 ex
3477 2149 3574 2188 su-

1930 2223 2143 2295 periori
2175 2225 2386 2279 aedium
2422 2229 2582 2295 parte
2611 2224 3032 2289 descendisset,
3073 2221 3373 2296 pontiﬁcia
3426 2221 3578 2277 stola

1929 2312 2193 2378 indutus,
2229 2329 2328 2368 eos
2359 2313 2459 2384 qui
2493 2314 2738 2368 aderant
2767 2314 3070 2380 incusans,
3103 2319 3217 2366 uta
3245 2311 3462 2382 quibus
3489 2309 3574 2365 vis

1930 2401 2042 2456 sibi
2075 2401 2237 2456 ﬁeret
2263 2401 2515 2456 scilicet:
2551 2395 2896 2457 audaciores
2926 2418 2994 2456 ex
3032 2399 3330 2456 seditiosis
3349 2416 3415 2455 ac
3471 2415 3573 2471 po-

1928 2490 2046 2544 tius
2079 2490 2384 2545 seditionis
2416 2499 2707 2560 auctores,
2741 2507 2956 2546 corona
3009 2489 3166 2544 circa
3229 2504 3364 2545 eum
3425 2489 3578 2543 facta

1929 2579 2356 2649 petiverunt,ut
2386 2579 2614 2651 legatus
2646 2580 2717 2634 ad
2753 2578 3166 2650 imperatorem
3192 2577 3394 2646 iret,ac
3425 2575 3576 2632 scri-

1928 2673 2096 2739 ptum
2155 2668 2267 2723 sibi
2326 2667 2552 2723 restitui
2615 2667 2957 2740 postularet,
3015 2668 3109 2722 cui
3198 2665 3567 2753 subscribere
3590 2717 3608 2722 ,_

1927 2757 2108 2811 coacti
2140 2762 2358 2813 essent.
2391 2758 2498 2812 Sed
2533 2757 2588 2812 id
2623 2773 2856 2829 quoque
2896 2753 3368 2812 commentitium
3397 2760 3658 2821 ,erat._"

1926 2843 2073 2899 Nam
2104 2843 2276 2916 paulo
2329 2849 2463 2916 post
2491 2845 2857 2900 Comnenum
2891 2849 3088 2916 aperte
3154 2844 3575 2922 imperatorem

1925 2934 2278 2999 salutarunt,
2312 2935 2486 2989 etiam
2515 2933 2872 3005 ‘patriarcha
2901 2933 3259 3005 suffragante
3319 2938 3376 2988 et
3406 2931 3576 3002 adju-

1924 3028 2106 3090 tante,
2138 3025 2238 3096 qui
2271 3024 2352 3079 illi
2381 3025 2701 3092 nuntiarat,
2753 3041 2822 3078 ne
2877 3025 3389 3093 cunctaretur,‘et
3439 3040 3578 3094 pra-

1926 3112 2110 3168 mium
2142 3113 2406 3186 suffragii
2439 3112 3194 3185 postularat,etimperatori
3226 3113 3578 3169 insolentius

1924 3202 2322 3268 denuntiarat,
2383 3207 2446 3257 ut
2497 3203 2656 3274 regia
2702 3203 3026 3258 decederet.
3098 3205 3220 3269 Quo
3279 3202 3482 3258 nuntio
3543 3220 3576 3258 a

1927 3290 2221 3364 primariis
2252 3291 2654 3347 sacerdotibus
2698 3297 2956 3362 accepto,
3009 3307 3185 3347 senex
3249 3291 3402 3348 268
3462 3291 3579 3346 Mi-

1930 3378 2094 3435 chael
2152 3385 2522 3450 percontalus
2602 3384 2738 3435 est:
2791 3380 2939 3448 Quod
2973 3382 3082 3436 sibi
3126 3382 3422 3452 praemium
3476 3395 3578 3451 pro

1931 3470 2162 3541 imperio
2194 3468 2386 3523 daturi
2405 3476 2599 3536 essent,
2635 3468 2869 3540 illisque
2935 3469 3448 3541 respondentibus,
3482 3469 3579 3522 Re-

1927 3575 2097 3629 gnum
2127 3558 2364 3619 caeleste,
2390 3558 2588 3612 statim
2615 3557 2950 3630 insignibus
3002 3559 3244 3628 abjectis
3277 3557 3436 3628 regia
3482 3556 3581 3610 de-

1929 3646 2126 3717 cessit,
2159 3647 2509 3702 Comnemus
2542 3650 2738 3701 autem
2783 3648 3120 3714 Amustum,
3177 3661 3352 3717 quem
3409 3661 3582 3700 curo-

1929 3733 2179 3806 palatem
2205 3735 2574 3799 fecerat,cum
2610 3735 2797 3806 copiis
2828 3735 2901 3790 ad
2933 3734 3156 3807 regiam
3181 3733 3580 3805 occupandam

1928 3823 2332 3896 misit,populo
2355 3824 2426 3878 ad
2459 3824 2591 3879 novi
2621 3823 2993 3894 imperatoris
3026 3840 3337 3880 occursum
3370 3822 3574 3887 effuso,

1929 3929 1995 3968 ac
2026 3912 2497 3969 illustrissimum
2520 3914 2797 3969 reddente
2821 3913 2950 3984 ejus
2977 3912 3037 3968 in
3084 3898 3306 3968 urbem
3351 3912 3578 3983 ingres-

1931 4018 2085 4057 sum.

195 4089 290 4145 τοῖς
340 4091 602 4160 παροῦσιν
636 4086 711 4146 ὡς
747 4084 1094 4160 βιαζόμενος.
1157 4086 1222 4142 Οἱ
1285 4082 1343 4140 δὶ
1393 4090 1499 4140 τῶν
1532 4087 1927 4156 στασιαζόντων
1985 4088 2326 4165 θρασύτεροι,
2382 4089 2416 4158 ἢ
2481 4085 2693 4162 μᾶλλον
2753 4086 2824 4144 δι’
2875 4090 2950 4144 ὧν
2997 4091 3032 4159 ἡ
3067 4087 3246 4150 στάσις
3277 4087 3578 4156 συνίστατο,

201 4171 333 4244 μέσον
377 4172 750 4252 ἀπειληφότες
808 4175 999 4242 αὐτὸν,
1061 4169 1395 4249 πρεσϐευτὴν
1469 4175 1654 4246 ἠξίουν
1708 4178 1950 4252 γενέσθαι
2011 4179 2146 4252 πρὸς
2199 4179 2291 4232 τὸν
2353 4176 2596 4253 βασιλέα,
2651 4176 2725 4232 ’ίν’
2785 4177 2966 4240 αὐτοῖς
3023 4176 3316 4249 ἀποδοθείη
3374 4178 3434 4232 τὸ
3492 4175 3583 4252 ἔγ-

199 4281 395 4337 γραφον,
441 4266 470 4320 ’ὀ
507 4264 814 4340 βιασθέντες
852 4264 1309 4339 ὑπογεγράφασιν,
1366 4262 1481 4318 ἐπεὶ
1510 4270 1591 4342 τῷ
1623 4271 1892 4338 Κομνηνῷ
1923 4265 2124 4329 ἐκεῖνος
2171 4265 2473 4322 ἐσπείσατο.
2518 4268 2578 4323 Ὁ
2626 4264 2682 4322 δὲ
2713 4266 3026 4344 πληρώσειν
3058 4266 3232 4322 αὐτῶν
3261 4267 3324 4322 τὸ
3379 4263 3586 4337 αἶίτημα

203 4355 499 4415 κατετίθετο·
531 4351 660 4408 ἀλλ’
687 4354 819 4421 ἦσαν
848 4352 1214 4428 προσποίησις
1245 4353 1468 4408 ἅπαντα.
1506 4354 1771 4429 Βραχείας
1797 4354 1898 4430 γὰρ
1956 4353 2334 4428 παρελθούσης
2390 4355 2532 4430 ὥρας
2569 4352 2795 4431 βασιλέα
2823 4355 2912 4410 καὶ
2943 4356 3318 4431 αὐτοκράτορα
3346 4359 3588 4432 φανερῶς

206 4437 390 4495 ἀνεῖπον
415 4443 509 4498 τὸν
549 4441 854 4515 Κομνηνὸν,
887 4440 1050 4496 αὐτοῦ
1077 4446 1174 4496 τοῦ
1206 4441 1548 4518 πατριάρχου
1579 4440 2025 4506 συνευδοκοῦντός
2052 4465 2111 4498 τε
2135 4445 2224 4498 καὶ
2282 4443 2725 4521 συμπράττοντος
2776 4444 2864 4500 καὶ
2910 4449 2988 4516 τῷ
3049 4446 3142 4518 μὶν
3187 4448 3456 4516 Κομνηνῷ
3507 4444 3583 4516 μὴ

209 4527 400 4598 μέλλειν
459 4530 839 4604 δηλώσαντος,
871 4529 1019 4587 ἀλλά
1077 4530 1344 4606 σπεύδειν,
1376 4533 1464 4588 καὶ
1496 4528 1734 4606 ἀμοιϐὰς
1787 4533 2064 4598 αἰτοῦντος
2094 4538 2190 4604 τῆς
2221 4535 2567 4612 ἀναῤῥήσεως
2621 4540 2700 4608 τῷ
2731 4533 2777 4590 δ’
2832 4532 2938 4599 ἓως
2965 4535 3086 4591 τότε
3121 4533 3460 4611 βασιλεύοντι
3486 4554 3583 4587 κα-

203 4617 345 4674 τιέναι
389 4627 495 4677 τῶν
530 4621 841 4695 ἀνακτόρων
873 4620 1211 4698 ἰταμώτερον
1241 4621 1640 4684 ἐπιτάττοντος.
1673 4623 2004 4700 Ἀρχιερέων
2035 4622 2092 4679 δὲ
2119 4629 2197 4697 τῷ
2233 4625 2445 4699 γέροντι
2496 4623 2730 4701 Μιχαήλ
2779 4627 2846 4680 τά
2891 4629 2987 4679 τοῦ
3035 4625 3378 4698 πατριάρχου
3425 4642 3582 4694 κομι-

209 4704 382 4762 σάντων
419 4709 734 4784 μηνύματα,
787 4708 990 4772 έκεῖνος
1048 4705 1174 4789 ἔφη,
1228 4710 1296 4768 Τί
1324 4709 1380 4765 δέ
1442 4732 1534 4783 μοι
1588 4711 1701 4766 ἀντἓ
1758 4716 1858 4776 τῆς
1917 4711 2198 4787 βασιλείας
2251 4713 2539 4786 παρέξετε;
2572 4715 2640 4767 (η
2674 4710 2751 4783 δὲ,
2808 4715 2922 4783 Τὴν
2977 4712 3224 4785 οὐράνιον
3277 4709 3578 4787 βασιλείαν,

210 4792 662 4870 ἆνταπεκρίθηταν.
726 4799 926 4857 Αὐτίκα
985 4799 1160 4854 τοίνυν
1216 4798 1520 4877 ἀπορρίψας
1548 4800 1616 4855 τά
1642 4807 1742 4872 τῆς
1778 4800 2052 4877 βασιλείας
2103 4804 2421 4877 παράσημα,
2470 4800 2684 4872 ἀπῆλθε
2739 4807 2848 4857 τῶν
2909 4801 3197 4877 βασιλείων
3239 4802 3372 4873 (50).
3431 4800 3492 4856 Ὁ
3525 4797 3582 4854 δέ

207 4903 258 4956 γε
284 4889 552 4959 Κομνηνὸς
585 4887 1007 4963 κουροπαλάτην
1069 4890 1304 4962 τιμήσας
1328 4889 1418 4943 τὸν
1451 4889 1814 4964 Κεκαυμένον,
1850 4889 2062 4946 στέλλει
2094 4891 2184 4945 τὸν
2219 4887 2384 4962 ἄνδρα
2419 4889 2551 4963 μετά
2579 4912 2725 4953 τινος
2779 4888 3060 4964 δυνάμεως
3114 4887 3580 4966 παραληψόμενον

205 4969 259 5024 τὸ.
281 4973 553 5052 ἀνάκτορα.
598 4977 669 5032 Τὸ
704 4978 890 5051 μέντοι
920 4975 1134 5047 πλῆθος
1161 4985 1262 5048 τῆς
1292 4977 1510 5041 πόλεως
1543 4977 1620 5041 εἷς
1654 4979 1892 5049 ὑπαντήν
1923 4983 2020 5034 τοῦ
2049 4979 2169 5034 νέου
2203 4978 2474 5054 βασιλέως
2505 4977 2787 5054 ἐκκέχυτο,
2818 4977 3180 5053 λαμπρότατά
3210 4979 3262 5035 οἱ
3291 4983 3482 5035 ποιοῦν
3515 4979 3581 5035 τὰ

215 5057 276 5121 εἲς
297 5064 382 5131 τὴν
417 5064 806 5141 βασιλεύουσαν
839 5065 1129 5142 εἷσιτήρια.

265 5150 478 5210 Α’.⁶Ενα
519 5155 613 5228 μὲν
665 5153 757 5210 οῦν
809 5155 838 5211 ὁ
869 5156 1102 5231 γηραιὸς
1159 5154 1395 5233 Μιχαὴλ
1460 5157 1814 5234 αύταρχήσας

1994 5158 2088 5216 IV.
2120 5160 2304 5214 Senex
2333 5159 2516 5231 igitur
2545 5157 2787 5216 Michael
2825 5175 2954 5215 cum
3004 5176 3188 5216 unum
3236 5159 3586 5232 imperasset

212 5232 432 5311 ἐνιαυτὸν,
489 5249 592 5312 τῆς
643 5242 920 5320 βασιλείας
979 5232 1292 5300 ἐκπέπτωκε
1324 5289 1338 5316 ,
1405 5246 1496 5301 καὶ
1549 5232 1613 5300 ού
1671 5244 1815 5300 πολὺ

213 5320 516 5404 ἰνίδιωτικῷ
545 5334 795 5408 σχήματι
845 5333 1079 5408 βιώσας,
1131 5332 1348 5389 ἀπέτισε
1392 5334 1455 5389 τὸ
1503 5335 1706 5411 χρεών.
1755 5335 1818 5392 Ὀ

1929 5265 2151 5304 annum
2185 5264 2364 5321 regno
2395 5247 2630 5316 excidit,
2685 5264 2872 5320 neque
2935 5249 3034 5303 diu
3096 5255 3229 5321 post
3285 5253 3583 5320 superstes

1931 5337 2063 5393 fuit.
2092 5339 2163 5393 At
2193 5337 2578 5404 Comnenum,
2614 5337 2843 5392 ﬁrmato
2889 5337 3157 5410 imperio,
3211 5336 3584 5408 adoptionem

1450 5508 1657 5571 Varia
1686 5507 1987 5570 lectiones
2017 5513 2078 5570 et
2109 5515 2296 5571 notae.

272 5640 364 5714 (50)
392 5646 631 5725 ’ᾼπῆλθε
656 5652 765 5704 τῶν
800 5647 1122 5725 βασιλείωνἈ
1169 5651 1240 5707 Ει
1270 5651 1341 5725 in
1378 5652 1819 5725 monasterium

216 5719 477 5778 concessit.
513 5719 858 5797 Anonymus
887 5723 1161 5781 Barensis
1196 5740 1209 5780 :
1241 5723 1344 5782 An.
1366 5723 1524 5781 1058,
1556 5723 1680 5781 ind.
1715 5726 1814 5781 11:

1928 5654 2186 5726 Surrexit
2212 5652 2597 5726 Comminiano
2614 5653 2785 5726 imp,;
2817 5653 3056 5711 Michael
3118 5667 3242 5710 vero
3290 5653 3424 5726 imp.
3486 5654 3576 5710 in-

1927 5724 2127 5780 duerat
2154 5724 2410 5781 habitum
2439 5725 2866 5782 manare/ticum.

3699 2591 3739 2606 ες

3661 2737 3698 2750 κ
3759 2733 3766 2738 .
