4036 6206
408 395 530 454 243

1755 395 2088 457 JOANNIS
2132 397 2474 460 ΖΟΝΑῐὶιΕ

3679 399 3787 460 3H

399 527 535 598 ejus
559 541 676 581 non
709 525 850 593 Deo,
881 527 983 584 sed
1016 527 1128 584 sibi
1159 527 1510 600 ascripsisse
1554 543 1624 584 ex
1670 544 1734 584 ec
1789 533 2054 600 apparet,

2176 525 2227 582 Βὶ
2283 530 2577 602 Κομνηνὸς
2630 531 2700 602 τῇ
2767 524 3016 602 βασιλείᾳ
3081 522 3429 599 ιγκαταστὰς,
3486 525 3652 597 ἕαυτῷ
3697 529 3786 597 τήν

403 616 560 687 quod
589 615 646 671 in
663 617 928 672 nummis
943 635 1108 674 suam
1130 618 1448 690 imaginem
1474 618 1678 674 stricto
1693 635 1829 674 ense
1848 618 2063 675 inscul-

407 705 657 777 pendam
683 707 928 774 curavit,
953 712 1179 762 tantum
1208 724 1321 763 non
1348 707 1813 778 clamitans,eum
1844 709 2060 763 sibine-

402 793 703 867 quidquam
730 795 888 849 aliud
917 812 1154 868 regnum
1184 797 1480 868 peperisse.
1515 797 1622 852 Eos
1651 815 1684 852 a
1711 797 1928 868 quibus
1958 797 2058 851 ad-

394 881 567 952 jutus
597 883 805 948 fuerat,
841 882 1247 940 liberalissime
1269 890 1357 940 est
1381 891 1812 952 remuneratus,
1850 885 2060 940 relata-

408 987 523 1043 que
555 972 904 1026 festinanter
931 973 1208 1028 omnibus
1243 975 1453 1046 gratia,
1488 990 1732 1046 Operum
1777 975 1954 1044 dedit,
1997 979 2063 1029 ut

401 1061 600 1116 domos
621 1076 762 1116 suas
791 1061 1012 1132 quique
1040 1063 1320 1129 redirent,
1355 1079 1424 1118 ne
1455 1062 1514 1118 in
1549 1064 1693 1118 urbe
1723 1064 2061 1119 oberrantes

398 1149 488 1205 vel
517 1148 845 1204 tumultum
879 1150 1220 1219 excitarent,
1257 1151 1344 1206 vel
1380 1156 1583 1208 contra
1633 1151 1909 1225 populum
1970 1152 2060 1206 in-

397 1239 1144 1310 surgerent.Patriarcbam
1177 1257 1532 1312 magnopere
1551 1246 1862 1296 veneratus
1889 1244 2063 1305 est,et

397 1329 596 1384 fratris
622 1329 752 1400 ejus
785 1330 938 1385 filios
971 1330 1202 1401 magnis
1234 1331 1559 1388 honoribus
1589 1332 1828 1387 atfectos
1859 1347 2062 1402 super-

394 1418 488 1474 bis
521 1418 970 1488 magistratibus
995 1420 1271 1490 prasfecit.
1306 1420 1589 1476 Praeterea
1623 1421 1682 1475 in
1717 1419 2058 1492 patriarcha

409 1507 682 1580 gratiam,
717 1507 895 1562 etiam
937 1507 1470 1564 ecclesiasticarum
1532 1526 1727 1565 rerum
1780 1524 2056 1581 procura-

397 1597 617 1651 tionem
653 1595 918 1651 Ecclesias
948 1597 1236 1653 attribuit.
1274 1599 1435 1664 ,Nam
1458 1615 1590 1654 cum
1624 1600 1693 1653 ad
1748 1597 1805 1652 id
1870 1613 2058 1670 usque

398 1687 636 1756 tempus
691 1688 746 1740 ct
805 1700 1054 1758 magnus
1145 1702 1504 1753 oeconomus,
1566 1692 1622 1743 et
1666 1686 2055 1759 scevophylax

399 1773 472 1827 ab
529 1772 883 1845 imperatore
928 1773 1224 1847 designari
1276 1776 1549 1846 solerent,
1620 1782 1940 1848 utrumque
1993 1776 2050 1830 id

397 1878 618 1918 munus
649 1861 990 1934 patriarchas
1021 1864 1296 1936 potestati
1327 1866 1598 1937 subjecit,
1630 1870 1827 1921 amota
1859 1864 2052 1936 publi-
2088 1906 2134 1972 B

395 1967 462 2006 ca
514 1951 884 2008 auctoritate.
951 1953 1165 2008 Deinde
1205 1956 1339 2008 vitae
1409 1956 1631 2012 sociarn
1718 1957 2048 2028 Augustam

396 2040 736 2111 appellavit,
782 2040 1020 2096 fratrem
1069 2050 1262 2098 autem
1305 2044 1593 2099 Joannem
1649 2043 2052 2113 curopalatem

394 2133 450 2182 et
487 2145 771 2199 magnum
832 2129 1218 2186 domesticum
1271 2132 1615 2187 nominavit.
1683 2136 1858 2187 Porro
1919 2147 2053 2186 cum

389 2233 595 2272 omnes
625 2217 756 2287 ejus
786 2222 918 2288 post
947 2219 1226 2274 Basilium
1253 2219 1818 2292 Porphyrogenitum
1850 2221 2055 2276 deces-

389 2321 574 2372 sores,
610 2305 733 2361 fisci
763 2308 821 2362 et
849 2307 1037 2362 aerarii
1060 2308 1366 2378 pecuniam
1401 2325 1608 2380 parum
1690 2317 1843 2365 recte
1875 2308 2056 2364 collo-

394 2399 650 2464 cassent,
688 2395 900 2466 partim
933 2395 992 2450 in
1025 2413 1165 2451 suas
1212 2396 1562 2469 voluptates,
1623 2403 1680 2454 et
1750 2403 2054 2453 monaste-

395 2482 620 2538 riorum
637 2483 1048 2540 aediﬁcationes
1062 2486 1601 2558 insumptam,parti
1615 2503 1669 2541 m
1686 2487 2059 2542 sinedelectu

399 2588 466 2626 ac
493 2588 594 2643 pro
617 2571 861 2627 libidine
900 2589 1009 2628 sua
1052 2575 1483 2630 condonatam:
1534 2579 1653 2630 tam
1695 2576 2060 2646 imperatorii

393 2659 662 2716 thesauri
689 2659 958 2716 exhausti
993 2656 1247 2749 fubgunt,
1282 2679 1460 2733 quam
1492 2664 1760 2719 aerarium
1798 2664 2044 2736 pecunia

397 2765 689 2803 vacuum:
761 2749 818 2803 id
869 2749 1076 2804 vitium
1119 2757 1510 2820 correcturus,
1589 2752 2059 2808 emendationem

403 2851 520 2890 non
548 2837 900 2906 pedetentim
923 2842 1022 2900 ,est
1053 2840 1458 2909 egressus,sed
1486 2838 1619 2894 utin
1639 2844 1854 2895 statere
1886 2857 1948 2896 se
1978 2840 2064 2894 in-

395 2923 738 2996 cidijussit,
770 2929 960 2980 erecta
995 2943 1171 2981 manu
1203 2928 1475 2982 strictum
1508 2943 1708 2984 ensem
1760 2929 2060 2984 sustinen-

409 3017 550 3082 tem,
585 3013 664 3068 ita
694 3014 869 3068 etiam
918 3016 984 3069 in‘
1011 3017 1238 3086 negotia
1282 3032 1344 3071 se
1406 3017 1670 3089 ingessit,
1730 3019 1930 3073 statim
1990 3019 2059 3072 ad

409 3102 976 3158 secandostumores
1051 3108 1314 3176 paratus,
1358 3121 1472 3161 non
1527 3104 1808 3161 adhibitis
1868 3106 2060 3161 medi-

405 3190 742 3315 camentisr
773 3208 899 3263 quae
957 3191 1315 3248 exulceratas
1367 3198 1562 3266 partes
1611 3194 1928 3263 {mollirent
1985 3211 2054 3250 ac

405 3279 659 3315 Γηυοηοηι
723 3283 916 3315 "anna
948 3299 1012 3315 ον
1072 3299 1187 3315 nun
1239 3285 1607 3315 hrnnnnirlnm
1670 3301 1800 3315 num
1864 3284 2016 3315 1ηηὲιῖ

2165 615 2366 688 ταύτης
2423 615 2732 692 ἐπιτυχίαν,
2782 615 2870 670 καὶ
2926 614 2988 668 οὗ
3035 611 3113 686 τῷ
3152 617 3267 684 Θεῷ
3323 611 3648 687 ἐπιγράψατο
3708 618 3790 670 καὶ

2167 709 2327 759 τοῦτο
2388 703 2582 771 δῆλον,
2641 707 2722 759 δτι
2781 708 2861 776 τῷ
2918 703 3218 775 νομίσματι
3251 703 3448 778 ξιφήρη
3483 702 3658 756 ἑαυτὸν
3690 704 3789 759 ἰνε-

2169 795 2388 869 χάραξε,
2452 790 2616 868 μόνον
2679 793 2806 868 οὐχὶ
2843 791 3009 868 βοῶν,
3065 790 3147 846 ὅτι
3203 790 3376 848 Τοῦτό
3413 811 3503 863 μοι
3532 793 3628 858 τήν
3662 793 3794 865 βασι.

2169 880 2338 952 λείαν,
2414 884 2503 938 καὶ
2571 884 2682 958 οὐχ
2743 882 2925 956 ἓτερόν
2998 903 3051 935 τι
3119 879 3472 955 προύξὲνησε.
3540 881 3669 941 Τοὺς
3743 879 3794 936 δὶ

2171 975 2571 1046 συναραμένους
2658 972 2804 1044 αὖτῷ
2904 969 3304 1046 φιλοτιμότατα
3395 968 3793 1042 ἀντημείψατο,

2168 1061 2257 1116 καὶ
2314 1058 2560 1117 ἔσπευσεν
2615 1063 2824 1133 ἑκάστῳ
2881 1060 2977 1121 τὰς
3030 1053 3266 1132 ἀμοιϐὰς
3316 1054 3571 1126 ἀποδοὺς,
3619 1059 3801 1123 πάντας

2170 1147 2355 1205 οἷ’καδε
2409 1149 2805 1226 παρασκευάσαι
2867 1148 3224 1224 ἀποχωρεῖν,
3277 1143 3372 1200 ’ίνα
3423 1146 3496 1218 μή
3550 1166 3601 1200 τι
3655 1156 3800 1220 θορυ-

2169 1234 2430 1310 ϐήσωσιν,
2491 1239 2526 1309 ἢ
2579 1244 2676 1295 τοῦ
2736 1236 2916 1311 δήμου
2947 1237 3402 1307 κατεξαναστῶσιν
3451 1232 3799 1289 ἀπυπολοῦν·

2165 1349 2272 1392 τες.
2329 1330 2428 1383 Τὸν
2485 1326 2543 1383 δὲ
2598 1329 2948 1404 πατριάρχην
2983 1324 3053 1381 δι’
3083 1323 3272 1386 αἰδοῦς
3305 1323 3436 1398 ἦγεν
3470 1323 3551 1377 δτι
3581 1321 3799 1392 πολλῆς,

2166 1417 2257 1472 καὶ
2312 1417 2440 1482 τοὺς
2497 1417 2660 1472 αὑτοῦ
2719 1411 3122 1494 ἀδελφόπαιδας
3155 1414 3224 1469 δι’
3256 1413 3459 1468 ἐκεῖνον
3491 1417 3672 1484 τιμαῖς
3701 1411 3797 1468 ἐτί-

2172 1527 2313 1579 μησε
2389 1506 2622 1580 μείζοσι,
2683 1505 2771 1561 καὶ
2847 1505 3047 1582 ἀρχαῖς
3119 1502 3487 1578 ὑπερηφάνοις
3542 1500 3795 1572 ἐπέστησε.

2166 1595 2539 1671 Χαριζόμενος
2591 1593 2638 1650 δ’
2695 1590 2773 1649 ἔτι
2831 1598 2910 1666 τῷ
2967 1591 3323 1667 πατριάρχῃ,
3383 1589 3474 1645 καὶ
3527 1591 3622 1659 τὴν
3701 1595 3796 1645 τῶν

2167 1683 2634 1754 ἐκκλησιαστικᾶη
2692 1681 3033 1758 πραγμάτων
3082 1677 3406 1752 οἰκονομίαν
3461 1682 3530 1752 τῇ
3583 1676 3798 1749 Ἐκκληο

2168 1773 2258 1845 σίᾳ
2317 1773 2593 1845 ἀπένειμε,
2661 1771 2825 1848 μέχρι
2882 1771 3006 1825 τότε
3062 1768 3160 1824 τοῖ’)
3221 1767 3470 1844 μεγάλου
3527 1766 3798 1840 οἰκονόμου

2165 1863 2662 1938 προχειριζομένου
2718 1862 2863 1934 παρὰ
2918 1863 3016 1914 τοῦ
3069 1857 3479 1934 βασιλεύοντος,
3539 1853 3676 1910 ἀλλὰ
3705 1857 3798 1928 μὴν

2166 1951 2255 2005 καὶ
2301 1955 2398 2005 τοῦ
2452 1947 2874 2028 σκευοφόλακος,
2909 1948 3113 2009 ἐκεῖνος
3149 1944 3204 2002 δὲ
3232 1945 3325 2001 καὶ
3359 1945 3525 2022 ἄμφω
3559 1943 3657 2000 ὑπὸ
3715 1947 3804 2014 τήν

2169 2045 2268 2095 τοῦ
2299 2041 2644 2116 πατριάρχου
2703 2033 2852 2103 ἔθετο
2901 2036 3161 2108 ἐξουσίαν,
3219 2034 3564 2105 ἀποξενώσας
3618 2033 3801 2108 ἀμφοῖν

2164 2127 2228 2184 τὸ
2288 2125 2578 2202 δημόσιον.
2638 2128 2767 2183 Εἶτα
2791 2128 2890 2196 τήν
2937 2126 3030 2200 μὶν
3081 2130 3178 2180 τοῦ
3240 2123 3369 2201 βίου
3430 2122 3575 2194 αὐτῷ
3625 2142 3800 2176 κοινω-

2167 2219 2258 2272 νὸν
2305 2220 2419 2291 (51)
2472 2217 2784 2292 Αὐγούσταν
2851 2214 3221 2292 ἀνηγόρευσε,
3297 2213 3395 2268 τὸν
3476 2209 3533 2267 δὲ
3590 2208 3797 2289 ἀδελφὸν

2170 2305 2422 2379 Ἰωάννην
2453 2305 2870 2382 κουροπαλάτην
2923 2304 3204 2377 τετίμηκε,
3267 2302 3362 2357 καὶ
3422 2301 3664 2374 ὠνόμασε
3715 2299 3791 2372 μὲι

2167 2416 2262 2470 γαν
2295 2393 2636 2468 δομὲστικον.
2699 2399 2816 2448 Τῶν
2873 2391 2929 2448 δὲ
2981 2393 3088 2468 πρὸ
3147 2391 3312 2446 αὐτοῦ
3379 2389 3642 2466 βασιλέων
3697 2391 3796 2443 ὅσοι

2175 2483 2309 2557 μετᾶ
2370 2484 2463 2538 τὸν
2531 2483 3048 2560 Πορφυρογέννητον
3125 2480 3328 2534 ἐκεῖνον
3393 2477 3663 2534 Βασίλειον
3715 2477 3798 2546 τῆς

2175 2571 2452 2648 βασιλείας
2537 2567 2830 2641 ἐπέϐησαν,
2913 2569 2974 2624 οὐ
3042 2568 3226 2630 καλῶς
3286 2567 3646 2644 χρησαμένων
3697 2570 3800 2627 τοῖς

2175 2660 2471 2736 βασιλείοις
2521 2661 2609 2716 καὶ
2659 2665 2865 2722 κοινοῖς
2920 2661 3252 2734 πράγμασιν,
3307 2655 3460 2712 ἀλλὰ
3504 2656 3570 2710 τὰ
3601 2655 3687 2728 μὶν
3734 2652 3799 2715 εἰς

2171 2749 2374 2812 οἰκείας
2433 2747 2797 2815 ἀπολαύσεις,
2849 2747 2939 2803 καὶ
3000 2747 3076 2810 εἰς
3137 2744 3492 2817 ἀσκητηρίων
3553 2763 3797 2799 κατασπα-

2171 2839 2450 2909 θησάντων
2501 2835 2819 2911 οἷκοδομάς,
2877 2837 2943 2891 τά
2983 2835 3040 2891 δὶ
3071 2834 3438 2910 δωρουμένων
3473 2835 3554 2896 οἷς
3612 2831 3801 2907 ἔτυχεν,

2170 2927 2205 2996 ἢ
2261 2929 2399 2990 τὲως
2456 2929 2645 3004 οἷσπερ
2705 2921 3019 2994 ἐϐούλοντο,
3050 2927 3101 2979 οἱ
3137 2923 3420 3001 βασιλικοὶ
3455 2921 3702 2998 θησαυροὶ
3733 2919 3802 2975 ἐκ·

2168 3015 2484 3084 κεκένωντο,
2557 3016 2646 3070 καὶ
2725 3015 2793 3070 τὰ
2868 3012 3110 3087 δημόσια
3165 3018 3464 3084 πρυτανεῖα
3520 3011 3800 3087 χρημάτων

2171 3103 2474 3173 ἐσπάνιζον·
2551 3101 2713 3159 τοῦτο
2781 3102 2961 3158 τοίνυν
3035 3103 3063 3156 ὁ
3139 3104 3432 3174 Κομνηνὸς
3491 3100 3797 3176 προθέμενος

2171 3190 2591 3268 διορθώσασθαι,
2625 3192 2724 3248 οὐκ
2752 3193 2935 3268 ἠρέμα
2991 3188 3114 3246 οὐδὲ
3171 3189 3308 3244 κατά
3368 3189 3546 3265 βραχὺ
3573 3191 3638 3262 τῇ
3669 3185 3796 3260 διορ·
3866 3223 3870 3227 ›

403 3273 917 3350 ἰονοιιοηί.¹1ιωιυο
947 3299 1014 3338 ex
1072 3299 1187 3353 quo
1239 3285 1608 3355 tyrannidem
1669 3301 1803 3339 cum
1864 3284 2050 3354 legiti-

2176 3282 2328 3345 θώσει
2405 3279 2842 3356 ἐπικεχείρηκεν,
2901 3277 3028 3334 ἀλλ’
3091 3280 3164 3340 ὡς
3216 3282 3298 3350 τῷ
3355 3283 3578 3351 στατῆρι
3634 3274 3803 3330 ἑαυτὸν

375 3384 502 3436 ,ωο
556 3369 708 3425 ἰϐθ
800 3369 1046 3442 imperio
1089 3373 1492 3439 commutavit,
1582 3371 1911 3429 decessoris
1968 3371 2062 3427 sui

408 3460 538 3512 acta
568 3457 694 3513 sine
724 3457 1070 3514 discrimine
1117 3459 1420 3532 abrogavit
1455 3477 1467 3515 :
1500 3460 1550 3516 si
1609 3462 1751 3532 quid
1783 3459 1882 3517 ille
1940 3461 2065 3515 cui-

408 3559 586 3616 quam
621 3544 870 3617 largitus
903 3547 1111 3613 fuerat,
1153 3548 1209 3602 id
1243 3549 1560 3620 eripiebat:
1595 3550 1692 3605 sed
1729 3555 1786 3605 et
1803 3549 2067 3622 superio-

413 3649 546 3688 rum
576 3633 996 3707 imperatorum
1029 3635 1216 3692 multa
1255 3643 1384 3693 acta
1413 3638 1704 3706 evertit,et
1745 3637 2068 3710 abrogavit,

415 3741 605 3796 neque
637 3726 694 3780 id
726 3726 784 3780 in
809 3725 965 3798 vulgi
997 3727 1282 3784 duntaxat
1313 3729 1706 3796 fraudem,sed
1737 3745 1808 3783 ne
1838 3726 2070 3784 senatui

414 3813 652 3885 quidem
682 3815 1258 3887 perpercit.Denique
1290 3833 1602 3888 progressu
1640 3817 1920 3888 temporis
1937 3833 2072 3872 con-

411 3905 504 3957 tra
532 3919 627 3959 res
657 3919 856 3959 sacras
878 3919 940 3958 se
968 3905 1275 3971 convertit,
1312 3905 1498 3960 multa
1529 3905 1904 3962 monasteriis
1940 3921 2070 3977 qua

415 3991 488 4046 ab
519 3991 593 4046 iis
623 3997 959 4047 constructa
986 3994 1234 4058 fuerant,
1266 3993 1476 4049 collata
1524 3995 1838 4061 truncavit,
1871 4011 1937 4051 ac
1969 4010 2071 4066 po-

411 4080 531 4132 tius
556 4079 873 4136 monachos
898 4080 1151 4151 publicis
1184 4083 1512 4139 rationibus
1563 4083 1840 4154 subjecit,
1903 4099 2072 4139 sum-

415 4166 616 4238 ptibus
638 4169 989 4224 necessariis
1039 4171 1322 4226 duntaxat
1381 4171 1466 4226 illi
1527 4171 1788 4243 redictis,
1848 4171 2073 4228 caeteris

416 4270 550 4310 vero
578 4256 718 4311 ﬁsco
750 4257 1255 4335 attributisﬂDum
1286 4259 1468 4332 igitur
1497 4261 1556 4316 in
1591 4262 1717 4316 dies
1748 4261 1857 4316 hoc
1899 4261 2072 4315 modo

389 4337 576 4406 :aliud
608 4362 674 4400 ex
696 4345 810 4401 alio
842 4352 1035 4416 novat,
1068 4348 1334 4404 omnium
1394 4350 1451 4404 in
1482 4367 1542 4406 se
1601 4350 1734 4405 odia
1787 4349 2070 4420 suscepit,

415 4437 538 4489 tam
595 4434 832 4491 Patrum
882 4437 1348 4509 conscriptorum
1408 4456 1585 4510 quam
1643 4439 1850 4508 plebis,
1896 4444 2072 4510 atque

419 4521 595 4578 etiam
629 4523 908 4595 militum,
943 4525 1158 4597 quibus
1185 4527 1452 4598 necipsis
1512 4527 1787 4598 pepercit,
1849 4527 2075 4598 quomi-

2173 3369 2568 3440 ἀνεστήλωσεν,
2628 3367 3012 3442 ἀνατεταμένον
3060 3368 3160 3436 τὴν
3215 3372 3402 3442 χεῖρα,
3455 3365 3711 3444 φέρουσαν
3750 3361 3804 3417 τὸ

2177 3459 2325 3536 ξίφος
2370 3459 2600 3534 γυμνὸν,
2654 3457 2797 3512 οὕτω
2849 3458 2936 3512 καὶ
2995 3463 3112 3518 τοῖς
3168 3455 3485 3531 πράγμασιν
3545 3453 3802 3527 ἐπήνεγκεν

2177 3549 2388 3613 ἑαυτὸν,
2441 3553 2530 3601 καὶ
2586 3545 2801 3619 τέμνειν
2859 3545 3055 3600 αὐτίκα
3102 3544 3506 3620 παρεσκεύαστο
3554 3545 3616 3597 τὰ
3662 3537 3804 3609 οἰδή-

2224 3657 2342 3703 ατα,
2376 3634 2503 3691 ἀλλ’
2534 3635 2595 3690 οὐ
2657 3635 2953 3708 μαλάσσειν
2981 3631 3096 3688 οὐδ’
3127 3630 3458 3706 ἐμπλάττειν
3490 3633 3556 3686 τὰ
3594 3627 3802 3684 ὕπουλα.

2177 3727 2334 3782 ’Όθεν
2390 3722 2514 3779 οὐδὲ
2571 3722 2621 3794 ἐξ
2693 3724 2861 3798 οὗπερ
2912 3727 3008 3778 τοῦ
3064 3721 3295 3797 κράτους
3357 3715 3551 3792 ἐπέϐη,
3606 3718 3689 3774 καὶ
3743 3715 3808 3778 εἰς

2179 3808 2405 3886 ἔννομον
2464 3811 2642 3888 ἀρχὴν
2674 3813 2774 3880 τήν
2822 3811 2947 3885 πρὶν
3008 3811 3171 3866 αὐτοῦ
3227 3807 3515 3883 τυραννίδα
3577 3809 3808 3882 μετἰςνεγ⁸

2177 3922 2287 3973 κεν,
2346 3899 2676 3963 ἀναποδίσας
2707 3901 2806 3970 τήν
2837 3905 2934 3956 τοῦ
2965 3901 3070 3976 πρὸ
3102 3899 3268 3955 αὐτοῦ
3329 3899 3522 3976 πρᾶξιν
3567 3896 3809 3968 ἀνέτρεψε,

2178 3991 2266 4046 καὶ
2329 3987 2430 4044 εἴτι
2502 3989 2704 4052 ἐκεῖνός
2782 4011 2916 4044 νισιν
2989 3987 3348 4062 ἆδωρήσατο,
3422 3989 3674 4066 ἀφῃρεῖτο
3732 3979 3810 4036 καὶ

2181 4077 2458 4154 ἀπεστέρει
2488 4077 2614 4142 τοὺς
2669 4077 2986 4157 εἴληφότας,
3047 4076 3194 4134 ἀλλᾶ
3249 4077 3340 4132 καὶ
3397 4081 3505 4133 τῶν
3534 4075 3636 4150 πρὸ
3688 4069 3808 4126 ἐκεί-

2179 4189 2276 4223 νου
2323 4167 2511 4223 πολλά
2537 4167 2812 4242 καθῄρησε
2841 4168 2930 4222 καὶ
2965 4167 3221 4238 ἠθέτησε,
3252 4165 3343 4222 καὶ
3377 4166 3442 4220 οὐ
3479 4163 3638 4238 μόνον
3661 4163 3810 4217 ταῦτα

2180 4258 2316 4332 πρὸς
2347 4258 2410 4312 τὸ
2441 4253 2696 4329 δημῶδες
2757 4255 2948 4325 ἰποίει,
3007 4253 3134 4311 ἀλλ’
3192 4251 3347 4310 οὐδε
3378 4259 3486 4308 τῶν
3511 4255 3606 4322 τῆς
3633 4269 3808 4327 γερου-

2181 4347 2296 4409 σίας
2355 4343 2617 4424 ὶφείδετο.
2672 4345 2804 4402 Εἶτα
2859 4339 3175 4420 προϐἇίνων
3216 4343 3306 4399 καὶ
3360 4343 3498 4398 κατά
3539 4345 3632 4397 τοῦ
3678 4337 3808 4402 θείου

2183 4435 2456 4511 ἐχώρησε,
2516 4434 2606 4489 καὶ
2665 4433 2851 4490 πολλᾶ
2906 4439 3012 4488 τῶν
3069 4439 3188 4495 τοῖς
3242 4433 3370 4508 παρ’
3411 4430 3622 4488 ἐκείνων
3653 4424 3810 4499 δόμη-

2185 4530 2320 4588 θεῖσι
2373 4523 2813 4600 φροντιστηρίοις
2865 4522 3254 4598 ἀφιερωμένων
3315 4519 3734 4597 ἠκρωτηρίασεν,
3782 4511 3812 4580 ἢ

421 4627 537 4667 nus
567 4629 737 4684 opere
776 4629 980 4669 eorum
1029 4614 1425 4682 imminueret,
1480 4633 1594 4688 prs:
1627 4614 1848 4671 caeteris
1877 4619 2062 4670 autem

2188 4611 2400 4686 μᾶλλον
2491 4611 2851 4688 ἒκλογισμοῖς
2934 4607 3268 4666 ὑποϐάλλων
3337 4609 3465 4672 τοὺς
3537 4603 3810 4698 ἐνᾳαύτοῖς

417 4700 692 4756 omnibus
723 4718 926 4757 eorum
957 4702 1059 4772 qui
1081 4703 1140 4758 in
1157 4704 1528 4759 monasteriis
1547 4708 1780 4759 atatem
1811 4703 2073 4776 exigunt.

418 4791 636 4844 Verum
669 4790 816 4846 nihil
850 4789 1020 4846 illum
1053 4793 1125 4847 ab
1155 4791 1426 4848 instituto
1449 4793 1835 4856 deduxit.non
1867 4793 2074 4862 oratio,

417 4892 537 4931 non
595 4886 804 4946 metus,
856 4897 968 4935 non
1027 4881 1251 4952 odium,
1308 4899 1422 4937 non
1455 4881 1869 4953 reprehensio:
1930 4883 2074 4937 adeo

421 4963 745 5020 sustulerat
774 4967 1001 5024 animos
1031 4973 1207 5040 atque
1247 4969 1628 5027 intumuerat.

2189 4701 2554 4774 ἀπουμᾶνους
2592 4745 2608 4768 ,
2664 4701 2754 4756 καὶ
2807 4701 2906 4769 τὴν
2966 4700 3295 4776 ἀποχρῶσαν
3357 4697 3538 4759 αὐτοῖς
3595 4692 3816 4759 δαπάνην

2187 4791 2496 4862 ἀπονέμων,
2555 4789 2623 4846 τὰ
2674 4787 2843 4845 λοιπᾶ
2871 4793 2951 4862 τῷ
3000 4786 3258 4862 δημοσίῳ
3310 4787 3550 4867 ἀφωσίου
3602 4781 3686 4838 καὶ
3716 4780 3819 4834 ἀνευ

2190 4874 2611 4962 λάμϐανεέΚαὶ
2670 4877 2814 4934 ἄλλο
2847 4878 2930 4933 ἐπ’
2961 4874 3120 4950 ἄλλῳ
3145 4879 3266 4942 καθ’
3317 4877 3541 4945 εκάστην
3570 4870 3815 4962 ἰνεόχμοο

2186 4956 2485 5024 τοιοῦτονῗ
2517 4969 2790 5031 Ἐντεῦθεν
2837 4968 3031 5022 ἅπασιν
3083 4967 3150 5035 ἦν
3187 4965 3438 5039 μισητὸς,
3465 4967 3543 5036 τῷ
3569 4981 3626 5018 τε
3653 4956 3811 5030 δημοο

421 5055 561 5122 τικῷ
596 5049 824 5122 πλήθει,
881 5058 950 5127 τῇ
980 5075 1038 5109 τε
1094 5058 1386 5131 συγκλήτῳ
1421 5055 1619 5132 βουλῇ,
1679 5054 1825 5112 ἀλλὰ
1891 5056 2074 5131 μέντοι
2130 5057 2220 5111 καὶ
2277 5058 2358 5129 τῷ
2414 5060 2810 5131 στρατιωτικῷ,
2843 5053 2968 5110 οὖδὶ
3006 5055 3110 5130 γὰρ
3143 5051 3258 5109 οὐδ’
3307 5052 3510 5109 ἐκείνου
3557 5045 3810 5132 ἀπείχετο,

420 5135 566 5192 ἀλλά
589 5137 854 5199 κάκείνοις
886 5139 1148 5212 ἀπεμείου
1173 5129 1290 5203 ἠτάς
1349 5129 1625 5218 εὐπορίας,
1659 5143 1746 5198 καὶ
1780 5129 1900 5198 τῶν
1922 5141 2108 5199 ἄλλων
2145 5141 2360 5218 μᾶλλον
2387 5129 2505 5204 τοῖς
2536 5142 2588 5197 ἰν
2619 5147 2735 5204 τοῖς
2767 5129 3032 5215 σεμνείοις
3195 5140 3336 5210 ζωὴν
3383 5136 3668 5194 διανύουσι.
3710 5129 3804 5186 Τὸν

418 5223 474 5280 δὲ
501 5225 653 5282 οὐδὶν
685 5227 865 5301 ἀπῆγε
891 5233 998 5282 τῶν
1025 5226 1410 5305 ἐγχειρήσεων,
1445 5232 1507 5286 οὐ
1541 5231 1734 5308 λόγος,
1767 5232 1828 5287 οὐ
1856 5230 1998 5301 δέος,
2036 5233 2099 5288 οὐ
2129 5238 2310 5307 μῖσος,
2343 5231 2404 5287 οὐ
2436 5233 2627 5308 ψόγος,
2659 5231 2831 5294 οὕτως
2863 5229 3068 5306 ἐπῆρτο
3097 5233 3160 5287 τὸ
3186 5225 3438 5308 φρόνημα
3466 5225 3553 5282 καὶ
3586 5220 3799 5279 οἰδῶσαν

419 5313 675 5391 ἰδέκτητο
705 5317 806 5387 τὴν
840 5319 1048 5391 ψυχήν.

450 5387 508 5457 Γ
487 5406 763 5481 V.Neque
791 5387 1277 5478 veropatriarcha
1293 5410 1572 5481 superbia
1595 5409 1680 5466 illi
1695 5405 1956 5493 cedebaﬂ
1974 5411 2077 5467 sed

2259 5403 2556 5481 E',‘[’AM’
2613 5405 2726 5464 οὐδ’
2777 5409 2805 5464 ὁ
2863 5406 3210 5485 πατριάρχης
3266 5409 3426 5480 ἧττον
3473 5400 3669 5458 ἐκείνου
3721 5412 3804 5450 πε-

1704 5543 1908 5606 Variaa
1937 5543 2238 5606 lectiones
2268 5551 2330 5606 et
2359 5550 2549 5607 notae.

457 5667 464 5672 ·
490 5646 604 5772 {51)
634 5649 744 5729 T.oi3
779 5647 901 5722 βίου
932 5646 1078 5772 αὐτῆ)
1107 5646 1348 5702 κοινιηνόε

420 5719 484 5774 tu
513 5734 568 5786 ο,
597 5719 679 5792 Tn
713 5715 965 5792 δεσποίνῃ
997 5721 1044 5775 Α
1070 5717 1348 5794 κατερίτῃ.

514 5647 744 5726 51)_'I_‘oi'_a
779 5647 901 5726 βίου
932 5645 1078 5726 αὐτῷ
1107 5646 1387 5726 κοινωνόν.
1419 5650 1850 5724 Aicatherinam,
1881 5651 1953 5709 ad
1986 5667 2062 5724 qu

2189 5652 2410 5725 scripta
2442 5651 2660 5726 legitur
2686 5648 2868 5709 Pselli
2895 5648 3146 5724 epistola
3177 5651 3236 5708 in
3265 5648 3391 5709 cod.
3433 5649 3568 5718 Reg.
3615 5640 3716 5698 hoc
3739 5633 3804 5693 ti-
