4036 6206
217 350 330 412 245

1489 339 1911 404 ANNALIUM
1957 343 2108 407 LIB.
2153 347 2373 412 XVIII.

3506 355 3628 417 248

217 476 689 559 φρονημάτιστο]
733 477 960 542 Ἥθελεν
1021 475 1112 531 οὖν
1163 474 1466 530 ἐπιτάσσειν
1525 473 1672 560 αὐτῷ
1705 515 1719 542 ,
1749 474 1868 560 ,καὶ

2009 493 2270 550 mperare
2291 481 2376 537 illi
2401 483 2649 555 volebat,
2673 502 2738 542 ac
2760 485 2809 542 si
2834 487 3072 558 quando
3095 504 3209 544 non
3245 487 3622 560 impetrasset

214 558 397 625 εἴποτε
451 569 589 643 πρὸς
646 569 713 622 τὰ
754 565 1048 640 αῗτούμενα
1100 563 1495 639 ἀπετύγχανεν,
1550 564 1578 618 6
1611 559 1669 617 δὶ
1716 558 1868 616 ἐδυσ-

213 659 478 734 χέραινε,
532 657 622 712 καὶ
697 654 918 726 ἠπείλει
992 655 1082 710 καὶ
1136 652 1411 726 ἐπετίμα,
1470 652 1580 707 εἶτα
1648 651 1738 706 καὶ
1797 651 1872 714 ὡς

211 747 375 808 αὑτὸς
412 747 560 818 αύτῷ
595 747 695 814 τήν
755 743 1029 820 βασιλείαν
1083 741 1528 814 ἀπονενεμηκὼς,
1577 740 1736 802 αὐτὸς
1781 739 1871 794 καὶ

211 836 509 912 ἀφελέσθαι
582 835 787 904 ταύτην
850 833 1086 896 εἰσαῦθις
1145 829 1464 902 ἠπείλησε.
1516 829 1698 886 Ταῦτα
1771 829 1874 882 οὐκ

208 926 274 992 ἦν
331 921 502 980 οἷ’σειν
562 924 656 978 τὸν
721 921 949 998 βασιλέα
1009 921 1213 998 ἐκεῖνον
1273 919 1526 980 ἐπιεικῶς
1561 961 1574 988 ,
1635 914 1720 972 διὸ
1783 916 1874 970 καὶ

208 1012 408 1088 δράσαι
467 1013 595 1090 πρίν
674 996 730 1066 τι
785 1012 953 1075 πάθοι
1023 996 1483 1083 ’προεμηθεύσατο
1519 1049 1532 1063 .
1584 1009 1688 1059 Τοῦ
1746 1009 1877 1080 γοῦν

202 1104 567 1178 πατριάρχου
626 1099 702 1162 εἷς
749 1100 851 1168 τὴν
912 1098 1112 1154 οἰκείαν
1175 1094 1504 1160 ἀπελθόντος
1542 1096 1737 1168 μονὴν,
1763 1090 1872 1163 ἤδη

199 1200 309 1262 τῆς
339 1190 707 1266 πανηγύρεως
762 1188 1075 1266 ἐφεστώσης
1129 1190 1239 1240 τῶν
1275 1185 1327 1240 ἐν
1359 1184 1498 1258 αὐτῇ
1545 1183 1873 1256 τιμωμένων

200 1281 482 1355 οὐρανίων
555 1280 847 1351 Δυνάμεων
898 1319 913 1346 ,
970 1275 1042 1330 ’ἶν’
1124 1273 1357 1350 ἐορτάσῃ
1433 1271 1816 1346 λαμπρότερον
1860 1302 1874 1318 ο

202 1371 439 1443 πέμψας
496 1367 608 1423 ἐκεῖ
664 1372 829 1442 χεῖρα
885 1365 1282 1437 στρατιωτικὴν
1325 1363 1353 1417 6
1410 1366 1622 1437 κρατῶν
1660 1359 1876 1434 (οὐγὰρ

201 1457 410 1529 ἤθελεν
470 1460 533 1512 ἐκ
585 1463 684 1526 τῆς
740 1459 837 1511 τοῦ
892 1458 1026 1510 Θεοῦ
1089 1452 1267 1528 Λόγου
1328 1449 1531 1525 Σοφίας
1589 1449 1679 1504 τὸν
1712 1445 1879 1523 ἄνδρα

198 1551 573 1622 καταγαγεῖν,
631 1543 726 1599 ’ἱνα
789 1545 865 1618 μὴ
919 1544 1066 1620 παρᾶ
1121 1547 1201 1614 τῷ
1257 1540 1453 1615 κλήρῳ
1487 1584 1502 1610 ,
1562 1537 1598 1608 ἢ
1657 1536 1744 1592 καὶ
1798 1540 1880 1608 τῷ

208 1635 389 1710 δήμῳ
451 1629 684 1709 θόρυϐος
730 1635 995 1708 γένηται),
1056 1630 1260 1686 ἐκεῖνόν
1316 1650 1374 1683 τε
1429 1629 1516 1682 καὶ
1568 1625 1694 1689 τοὺς
1742 1624 1877 1680 ἐκεί-

205 1748 315 1780 νου
366 1723 626 1798 ἀνεψιοὺς
685 1722 938 1783 συνόντας
988 1721 1136 1792 αὑτῷ
1187 1717 1507 1794 ὑπερορίους
1559 1720 1726 1772 ποιεῖ.
1786 1713 1878 1768 Εἴ-

200 1836 277 1870 τα
334 1814 426 1868 καὶ
486 1811 795 1888 καθαιρέσει
858 1803 1154 1864 ὑποϐαλεῖν
1223 1807 1382 1862 αὑτὸν
1445 1803 1534 1862 διὰ
1590 1800 1873 1882 φροντίδος

206 1903 430 1958 ἐτίθετο
465 1945 480 1970 ,
541 1900 634 1957 καί
711 1921 819 1954 τισι
872 1903 982 1954 τῶν
1042 1898 1342 1973 ἀρχιερέων
1400 1899 1682 1970 συνεργοῖς
1738 1892 1874 1967 πρὸς

218 1997 388 2047 τοῦτο
447 1990 738 2066 ἐκέχρητο,
787 1987 879 2043 καὶ
925 1991 1006 2059 τῷ
1084 1983 1294 2058 Ψελλῷ
1367 1983 1704 2056 αἲτιαμάτων
1763 1982 1875 2055 (52)

224 2079 460 2136 πολλῶν
511 2080 604 2134 καὶ
662 2076 982 2134 ἀλλοκότων
1037 2079 1339 2150 συναγωγεῖ
1370 2117 1384 2143 ,
1443 2071 1476 2127 ἃ
1522 2070 1574 2126 ἐν
1630 2075 1708 2142 τῷ
1763 2069 1878 2126 κατ’

227 2169 440 2225 ἐκείνου
490 2167 643 2242 λόγῳ
686 2165 1009 2241 συνηθροισὲ
1054 2183 1114 2218 τε
1159 2163 1249 2218 καὶ
1282 2163 1672 2237 συνεγράψατο,
1716 2157 1882 2228 δηλοῖ

227 2279 285 2313 τε
329 2257 424 2312 διά
472 2278 634 2312 τινων
686 2260 765 2328 τῷ
814 2252 992 2330 ἀνδρὶ,
1040 2252 1366 2308 ἀπείπασθαι
1411 2252 1512 2319 τὴν
1561 2267 1822 2321 ποιμαντι
1855 2276 1880 2288 -

227 2345 457 2416 κήν,⁶ίν’
514 2346 650 2400 ἑκὼν
709 2344 877 2412 αὐτὴν
935 2341 1072 2416 δοκῇ
1130 2344 1527 2417 παραιτεῖσθαι,
1581 2339 1655 2398 ὡς
1711 2335 1758 2390 εί
1805 2334 1882 2407 μὴ

227 2442 419 2505 τοῦτο,
477 2435 569 2489 καὶ
626 2434 768 2489 ἄκων
836 2432 1002 2502 αὐτὴν
1059 2431 1524 2508 ἀφαιρεθήσεται,
1583 2425 1659 2488 εἷς
1723 2425 1882 2497 μέσον

227 2528 346 2581 κατ’
400 2524 569 2580 αὑτοῦ
614 2524 1021 2598 προτιθεμένων
1079 2520 1455 2594 αἲτιαμάτων.
1513 2519 1601 2580 Ὧς
1655 2513 1702 2571 δ’
1751 2513 1888 2569 ἐκεῖ·

231 2637 320 2678 νος
375 2615 480 2669 οὐκ
533 2615 600 2684 ἦν
661 2613 896 2668 ὑπείκων
950 2613 1029 2684 τῷ
1084 2615 1183 2666 τοῦ
1245 2605 1514 2684 βασιλᾶως
1571 2607 1844 2677 θελήματι
1875 2649 1890 2674 ,

234 2705 466 2784 φροντὶς
523 2703 590 2770 ἦν
624 2707 703 2773 τῷ
743 2704 1028 2775 κρατοῦντι
1087 2698 1210 2774 περὶ
1268 2705 1368 2766 τῆς
1424 2695 1592 2752 αὐτοῦ
1642 2691 1894 2769 καθαιρέ-

234 2781 416 2854 σεως.
482 2788 638 2849 Ἀλλ’
686 2787 822 2868 ἔφθη
873 2787 1044 2850 λύσας
1099 2788 1200 2856 τὴν
1254 2781 1510 2865 φροντίδα
1563 2787 1660 2839 τοῦ
1711 2801 1900 2856 πατρι-

237 2884 422 2958 άρχου
456 2881 486 2935 6
524 2881 770 2940 θάνατος.
826 2879 959 2935 Μετ’
1004 2874 1199 2952 ὀλίγου
1261 2875 1361 2951 γὰρ
1426 2874 1736 2949 μεθίσταται
1788 2871 1898 2926 τῶν

239 2967 458 3035 ἐνθενδε
518 2969 546 3024 ὁ
605 2967 989 3045 πατριάρχης,
1048 2965 1138 3021 καί
1195 2986 1277 3028 τις
1334 2969 1413 3037 τῷ
1468 2966 1748 3036 Κομνηνῷ
1801 2961 1900 3030 τήν

239 3061 458 3116 ἐκείνου
491 3055 883 3136 εὐηγγελίσατο
940 3055 1224 3128 τελευτὴν,
1277 3055 1351 3116 ὡς
1399 3050 1713 3131 φροντίδων
1747 3048 1904 3105 αὐτὸν

242 3148 743 3205 ἀπαλλάττουσαν.
806 3148 866 3204 Ὁ
914 3143 960 3200 δ’
1019 3145 1176 3210 εὐθὺς
1234 3143 1558 3218 μετεγνώκει
1617 3141 1707 3196 καὶ
1765 3139 1908 3194 ἀνω-

1979 583 2046 622 ea
2071 583 2197 639 quas
2219 571 2486 641 petierat,
2509 590 2659 646 aegre
2681 575 2927 639 ferebat,
2962 577 3304 649 increpabat
3329 595 3342 638 ;
3376 578 3629 648 denique

1979 657 2574 732 minabaturquemad
2587 665 2820 720 modum
2838 665 3150 737 imperium
3166 665 3249 720 illi
3266 665 3629 734 contulisset,

1981 746 2211 801 seidem
2252 748 2336 802 illi
2362 753 2810 822 ereptumJQua
2833 770 2963 810 cum
2987 756 3124 810 talis
3162 755 3483 826 imperator
3525 755 3670 830 ἴον-ς

1985 850 2044 889 re
2065 851 2230 906 sequo
2253 839 2449 894 animo
2471 841 2625 896 haud
2654 843 2854 914 utique
2880 849 3097 914 posset,
3124 844 3470 916 providit,ut
3496 859 3632 899 ma-
3668 835 3672 840 “

1984 921 2108 1020 lum
2129 925 2293 980 daret
2315 927 2509 997 potius
2539 945 2714 1020 quam
2741 921 3084 986 ferret'Cum
3107 931 3640 1020 igiturpatriarcba,’

1987 1011 2045 1066 in
2063 1029 2237 1068 suum
2260 1018 2725 1103 monasterium}
2743 1019 2999 1076 instente
3023 1026 3357 1077 sanctorum
3385 1011 3640 1093 Angelo-l

1988 1117 2140 1169 rum,
2173 1103 2272 1174 qui
2302 1105 2384 1160 ibi
2434 1105 3019 1176 colebantur,[festo;
3069 1113 3134 1164 ut
3176 1109 3323 1165 illud
3371 1109 3634 1183 splendi-

1987 1190 2122 1246 dius
2155 1191 2509 1262 celebraret”
2529 1195 2724 1252 iturus
2752 1203 2944 1252 esset:
2981 1199 3166 1254 missa
3212 1198 3354 1254 illuc
3396 1199 3634 1254 cohorte

1989 1279 2242 1336 militum
2279 1285 2405 1350 (nec
2434 1284 2592 1340 enim
2623 1301 2759 1341 eum
2817 1302 2885 1341 ex
2933 1287 3178 1343 ecclesia
3224 1287 3400 1343 Verbi
3448 1287 3633 1344 divini

1986 1369 2295 1442 Sapientiae
2327 1371 2570 1429 avellere
2610 1374 2810 1446 voluit,
2849 1391 2917 1431 ne
2973 1375 3060 1432 vel
3111 1375 3249 1432 cleri
3291 1375 3379 1432 vel
3431 1375 3634 1448 populi

1988 1465 2185 1515 motus
2216 1460 2490 1533 oriretur)
2521 1467 2577 1518 et
2606 1462 2799 1535 ipsum
2834 1469 2892 1520 et
2923 1469 3166 1537 nepotes
3213 1467 3340 1536 eius
3390 1465 3629 1536 relegat.

1987 1546 2208 1603 Deinde
2240 1549 2311 1604 de
2359 1549 2694 1621 abrogando
2752 1552 2834 1608 illi
2893 1553 3292 1625 patriarchatu
3345 1553 3633 1624 cogitans,

1988 1652 2162 1706 opera
2191 1640 2574 1706 quorumdam
2597 1641 3010 1712 primariorum
3035 1643 3405 1699 sacerdotum
3430 1642 3633 1710 utitur,

1989 1731 2046 1781 et
2079 1726 2248 1781 Pselli
2276 1729 2570 1785 variarum
2602 1737 2660 1786 et
2715 1731 3109 1788 absurdarum
3155 1732 3634 1789 criminationum

1907 1842 1956 1908 Β
1989 1817 2432 1886 coacervatoris,
2464 1835 2612 1890 quas
2645 1820 2704 1878 in
2731 1823 2996 1879 oratione
3027 1828 3230 1878 contra
3263 1821 3430 1876 illum
3491 1821 3637 1878 scri-

1947 1907 2428 1976 ,_pt_aconge_s_sit,
2462 1913 2518 1962 et
2557 1924 2660 1979 per
2685 1911 2969 1980 quosdam
3029 1912 3154 1966 viro
3202 1910 3516 1984 signiﬁcat,
3571 1911 3639 1965 ut

1987 1993 2245 2060 simulet,
2277 2009 2339 2049 se
2385 1996 2534 2052 ultro
2586 1997 2933 2068 pontificatu
2982 1999 3212 2068 cedere,
3261 2015 3437 2070 quem
3485 1997 3628 2054 alio-

1989 2080 2130 2152 quin
2158 2081 2376 2139 invitus
2399 2100 2530 2139 cum
2557 2085 2790 2157 publica
2811 2087 3058 2142 infamia
3073 2089 3148 2143 sit
3167 2089 3520 2144 amissurus.
3557 2085 3648 2144 Ut:

1990 2176 2186 2227 autem
2218 2170 2316 2228 ille
2339 2173 2763 2244 refragabatur,
2787 2175 3158 2247 imperatoris
3205 2177 3279 2232 de
3306 2176 3434 2247 ejus
3464 2191 3638 2231 exau-

1992 2260 2314 2316 otoratione
2372 2263 2826 2319 sollicitudinem
2879 2281 3038 2320 mors
3094 2265 3357 2321 sustulit.
3436 2264 3640 2334 Neque

1995 2350 2152 2406 enim
2186 2349 2372 2406 multo
2432 2356 2562 2422 post
2615 2351 2776 2408 illius
2843 2352 3039 2409 obitus
3070 2354 3388 2425 aquodam
3445 2357 3533 2408 est
3588 2349 3641 2407 ei

1998 2439 2325 2495 nuntiatus.
2358 2440 2464 2504 Qui
2497 2457 2628 2496 cum
2661 2457 2724 2497 se
2757 2442 2911 2498 ατο
2942 2441 3240 2497 ιωιυωῑιιί
3265 2443 3470 2498 afferre
3489 2458 3646 2496 nun-
3690 2480 3693 2486 -

1998 2528 2148 2582 tium
2181 2533 2238 2583 et
2267 2545 2438 2584 curas
2493 2530 2904 2601 adempturum
2961 2535 3240 2602 putaret:
3291 2513 3388 2588 ille
3446 2530 3647 2586 statim

2004 2622 2232 2672 mutata
2262 2620 2556 2674 sententia
2610 2619 2877 2690 ejulavit,
2927 2620 3174 2692 ejusque
3222 2622 3468 2676 cadaver
3514 2635 3649 2674 cum

2006 2706 2326 2762 honoriﬁco
2357 2709 2635 2762 comitatu
2663 2709 2734 2764 ab
2770 2708 2972 2764 exsilio
3030 2712 3366 2764 revocatum
3417 2708 3478 2762 in
3525 2723 3652 2762 mo-

2009 2794 2268 2850 nasterio
2288 2795 2360 2849 ab
2382 2793 2480 2849 illo
2499 2796 2733 2851 condito
2754 2797 3042 2868 reposuit,
3062 2796 3375 2873 nepotibus
3395 2797 3523 2868 ejus
3536 2795 3659 2867 pris

2010 2883 2165 2940 atina
2185 2882 2470 2954 dignitate
2516 2884 2805 2960 restituta,
2843 2885 2903 2940 In
2927 2884 3185 2942 Ecclesia
3207 2876 3343 2943 vero
3368 2885 3657 2940 Constan-

2011 2973 2204 3027 tinum
2226 2971 2543 3027 Licbudem
2564 2973 2869 3044 praasidem
2897 2977 2954 3028 et
2976 2973 3488 3045 protovestiarium
3511 2989 3655 3028 con-

2015 3060 2228 3125 stituit,
2246 3059 2436 3115 virum
2458 3059 2630 3132 longo
2657 3065 2920 3134 tempore
2944 3062 3002 3117 in
3041 3060 3657 3118 administrationibus

2017 3165 2212 3204 rerum
2237 3149 2640 3204 communium
2673 3166 2806 3205 cum
2839 3150 3010 3206 laude
3027 3154 3340 3217 versatum,
3361 3154 3661 3221 spectatae-

155 3255 162 3262 '
246 3237 490 3310 λόλυξε,
565 3237 652 3291 καὶ
709 3235 800 3290 τὸν
857 3233 1060 3289 ἐκείνου
1102 3214 1289 3308 νεκρδν
1353 3214 1466 3304 μετ’
1523 3229 1744 3302 ἐντίμου
1797 3234 1895 3296 τῆς

2013 3254 2128 3311 que
2185 3237 2340 3304 ﬁdei,
2399 3237 2491 3292 cui
2578 3238 2899 3295 Monachus
2983 3239 3160 3296 etiam
3235 3229 3664 3312 Manganorum

245 3331 599 3399 προπομπῆς
645 3323 706 3380 ἐκ
778 3330 879 3392 τῆς
953 3321 1244 3398 ὑπερορίας
1295 3319 1571 3395 ἀναγαγὼν
1612 3363 1626 3386 ,
1677 3317 1752 3379 εἷς
1801 3317 1899 3385 τήν

250 3414 416 3470 αὐτοῦ
471 3416 638 3486 μονήν
685 3411 988 3482 ἐναπέθετο,
1039 3410 1125 3465 καὶ
1174 3407 1301 3471 τοὺς
1351 3407 1555 3463 ἐκείνου
1580 3403 1904 3484 ἀδελφιδοῦς

253 3503 405 3565 αὖθις
463 3500 895 3573 ἀποκατεστησεν
957 3499 1012 3561 ἐς
1069 3499 1166 3561 τάς
1221 3495 1486 3574 προτέρας
1561 3497 1724 3568 τιμάς
1756 3539 1769 3553 .
1826 3498 1906 3568 Τῇ

256 3592 301 3648 δ’
359 3577 666 3663 Ἐκκλησία
744 3590 834 3644 τὸν
909 3585 1174 3664 πρόεδρον
1248 3585 1338 3641 καὶ
1416 3579 1911 3662 πρωτοϐεστιάριον

258 3686 660 3738 Κωνσταντῖνον
717 3680 808 3734 τὸν
883 3674 1193 3754 Αειχούδην
1253 3675 1686 3744 ἀντικατέστησε,
1745 3670 1912 3748 ἄνδρα

256 3777 371 3834 ταῖς
432 3775 541 3826 τῶν
615 3772 811 3824 κοινῶν
888 3766 1222 3842 πραγμάτων
1302 3762 1390 3820 ἐπὶ
1451 3764 1656 3839 μακρὸν
1715 3761 1914 3838 ἐμπρέ-

257 3865 432 3934 ψαντα
515 3856 820 3929 διοικήσεσι
851 3899 866 3924 ,
947 3855 1038 3910 καὶ
1120 3851 1457 3929 ἀνέγκλητον
1543 3849 1913 3923 διαμείναντα,

258 3951 408 4024 ᾧπερ
441 3951 470 4005 6
501 3947 901 4023 Μονονομάχος
931 3944 1022 4000 καὶ
1053 3945 1152 4013 τὴν
1194 3944 1306 3998 τῶν
1355 3942 1656 4018 Μαγγάνων
1699 3941 1914 3995 ἀνέθετο

257 4039 544 4115 πρόνοιαν,
575 4037 665 4092 καὶ
695 4035 763 4091 τὰ
790 4034 914 4109 περὶ
947 4040 1047 4104 τῆς
1072 4031 1379 4108 ἐλευθερίας
1408 4033 1585 4086 αὑτῶν
1618 4028 1917 4085 ἐνεπίστευ-

260 4149 342 4184 σεν
377 4123 646 4203 ἕγγραφα.
695 4127 870 4198 "Amp
925 4123 1008 4199 ὑφ’
1064 4121 1250 4177 ἑαυτὸν
1304 4122 1332 4176 6
1382 4120 1667 4192 Κομνηνὸς
1716 4117 1915 4174 ἐθέλων

258 4219 616 4288 ποιήσασθαι,
647 4216 866 4287 σκέμμα
918 4233 969 4267 τι
1035 4215 1343 4286 μηχανᾶται
1395 4208 1660 4284 πονηρίας
1713 4207 1918 4281 ἀνάμε-

213 4337 222 4343 -
258 4327 404 4374 στον,
436 4303 532 4359 καὶ
554 4302 713 4358 τόκον
737 4302 859 4364 νοὸς
879 4296 1303 4373 κακοδαίμονος.
1334 4296 1480 4354 Ἐπεὶ
1502 4297 1606 4374 γὰρ
1638 4299 1666 4352 ὁ
1693 4294 1924 4372 Λειχού-

261 4393 359 4466 δης
391 4391 668 4468 ἐψήφιστό
715 4412 776 4446 τε
821 4391 909 4446 καὶ
959 4387 1400 4464 προκεχείριστο,
1455 4387 1546 4441 καὶ
1595 4385 1768 4462 ἱερεὺς
1807 4383 1916 4457 ἤδη

260 4482 708 4559 κεχειροτόνητο,
765 4477 834 4536 δι’
894 4477 1221 4558 ἀπορρήτων
1283 4475 1431 4548 αύτῷ
1491 4474 1710 4548 μηνύει,
1769 4473 1922 4550 λέγει·

2014 3326 2337 3384 csconomia
2364 3327 2700 3396 commissa,
2733 3327 2963 3383 tabulas
2998 3327 3068 3382 de
3101 3327 3336 3384 illorum
3377 3326 3663 3382 immuni-

2016 3421 2136 3472 tate
2166 3415 2562 3482 commiserat,
2623 3432 2772 3486 quas
2821 3432 2954 3471 cum
2999 3416 3111 3471 sibi
3161 3415 3460 3471 vindicare
3505 3420 3665 3471 Com-

2019 3521 2209 3560 nenus
2237 3508 2578 3559 conaretur:
2636 3509 3037 3559 commentum
3098 3502 3499 3574 improbitatis
3539 3503 3663 3575 ple-

2017 3609 2160 3648 num
2190 3592 2502 3663 excogitat,
2537 3608 2603 3646 ac
2638 3591 2808 3662 plane
2842 3596 3074 3664 partum
3108 3592 3426 3662 quemdam
3458 3591 3662 3646 diabo-

2019 3680 2140 3736 licae
2173 3680 2389 3736 mentis
2418 3680 2560 3735 edit.
2593 3680 2738 3735 Nam
2771 3697 2902 3735 cum
2935 3681 3222 3736 Lichudes
3255 3697 3356 3752 per
3386 3678 3668 3752 suffragia

2021 3768 2266 3836 electus,
2315 3784 2383 3823 ac
2438 3768 2711 3823 sacerdos
2761 3769 2886 3839 jam
2944 3772 3174 3823 creatus
3220 3770 3396 3837 esset,
3453 3783 3666 3823 arcano

2022 3875 2156 3914 eum
2182 3860 2402 3923 monet,
2433 3856 2546 3912 dici
2571 3856 2839 3928 quaedam
2862 3873 2991 3928 quin
3019 3873 3052 3912 a
3075 3854 3446 3928 patriarchali
3474 3855 3668 3911 ofﬁcio

2023 3946 2191 4002 illum
2223 3949 2510 4012 arcerent,
2542 3951 2600 4000 et
2647 3945 2698 4000 si
2744 3944 2803 3999 in
2855 3945 3078 4018 synodo
3121 3944 3508 4017 agitarentur,
3563 3960 3669 4000 nec

2026 4035 2136 4090 rite
2191 4035 2658 4101 confutarentur,
2717 4049 2832 4089 non
2883 4049 3057 4106 posse
3106 4049 3241 4088 eum
3296 4033 3674 4104 pontiﬁcatus

2028 4124 2366 4180 unctionem
2399 4121 2670 4195 adipisci.
2718 4121 2934 4178 Verum
2986 4121 3036 4178 si
3086 4122 3512 4195 Manganorum
3559 4121 3676 4178 sibi

2029 4211 2332 4285 privilegia
2360 4211 2640 4276 traderet,
2674 4226 2736 4266 se
2785 4209 3190 4282 neglecturum
3236 4209 3677 4266 criminationes

2030 4299 2162 4354 illas
2192 4314 2382 4370 neque
2410 4297 2833 4369 impedimento
2866 4299 2987 4355 fore
3018 4298 3340 4370 quominus
3399 4303 3678 4370 ungatur.

2033 4387 2346 4453 Lichudes,
2374 4386 2475 4458 qui
2505 4386 2726 4442 videret
2766 4404 2881 4444 non
2914 4387 3088 4444 licere
3121 4386 3233 4442 sibi
3265 4387 3337 4442 ad
3363 4386 3678 4458 pristinam

2033 4476 2428 4533 conditionem
2460 4475 2669 4543 redire,
2703 4475 2787 4532 sic
2846 4493 2977 4532 vero
3026 4493 3264 4532 manere
3309 4480 3480 4546 turpe
3525 4490 3677 4544 esse,

263 4573 382 4628 σθαί
411 4593 536 4628 τινα
589 4572 705 4626 κατ’
767 4569 954 4637 αὐτοῦ,
1002 4567 1329 4642 ἀπείργοντα
1382 4568 1480 4620 τοῦ
1532 4565 1774 4641 ἱερᾶσθαι
1829 4563 1894 4618 αὖ

2029 4581 2272 4638 propere
2312 4564 2506 4619 allatis
2559 4565 2631 4619 iis
2690 4580 2817 4634 quae
2873 4565 3248 4635 putabantur,
3289 4562 3522 4618 nemine
3573 4562 3676 4618 ob-

263 4663 376 4732 τὸν,
433 4660 526 4716 καὶ
586 4659 631 4715 εἰ
695 4659 771 4733 μὴ
827 4661 995 4713 ταῦτα
1049 4654 1337 4726 λαληθεῖεν
1391 4653 1481 4708 καὶ
1524 4651 1734 4708 λυθεῖεν
1765 4673 1917 4707 συνο-

2028 4657 2240 4721 stante,
2276 4651 2570 4723 pontiﬁcio
2601 4653 2716 4708 ritu
2749 4652 3034 4708 initiatur.

266 4748 457 4818 δικῶς,
524 4749 601 4823 μή
666 4747 782 4804 οἷόν
837 4768 897 4802 τε
953 4747 1084 4802 εἶναι
1135 4749 1232 4799 τοῦ
1284 4746 1590 4820 χρίσματος
1618 4742 1777 4796 αὐτὸν
1832 4747 1930 4811 τῆς
1985 4739 2395 4815 ἀρχιερωσύνης
2451 4744 2661 4814 τυχεῖν.
2722 4739 2790 4797 Εἴ
2846 4737 2904 4795 δὲ
2960 4738 3118 4809 δοίης
3181 4759 3299 4812 μοι,
3358 4733 3458 4817 ἔφη
3496 4783 3510 4808 ,
3565 4743 3674 4796 τῶν

267 4839 573 4917 Μαγγάνων
629 4837 698 4892 τά
757 4833 1122 4908 δικαιώματα,
1182 4826 1610 4908 παραϐλέψομαι
1655 4830 1722 4885 τὰ
1779 4827 2068 4906 λεγόμενα,
2127 4827 2218 4881 καὶ
2274 4829 2668 4917 παραχωρήσω
2723 4829 3011 4917 χρισθῆναί
3072 4848 3148 4917 σε.
3210 4825 3594 4917 Συνιδὼν-οὖν
3648 4829 3678 4884 6

267 4913 600 5004 Λειχούδης,
660 4927 735 4990 ὡς
790 4925 967 4980 ούκίτι
1027 4924 1177 4995 αὐτῷ
1233 4922 1310 4986 είς
1363 4921 1463 4989 τὴν
1516 4920 1781 4996 προτέραν
1839 4917 2148 4974 ἐπανελθεῖν
2205 4916 2524 4970 κατάστασιν
2585 4914 2782 4987 ἔξεστιν
2817 4963 2832 4990 ,
2893 4916 3035 4972 οὕτω
3111 4913 3168 4971 δὲ
3229 4917 3403 4991 μένειν
3473 4915 3542 4972 δι’
3594 4918 3681 4973 αἰ-

267 5019 472 5094 σχύνης
528 5015 902 5090 ποιούμενος,
961 5013 1138 5093 φέρων
1199 5009 1387 5066 δίδωσι
1443 5009 1511 5065 τὰ
1559 5007 1851 5082 αἰτούμενα
1883 5050 1898 5078 ,
1957 5006 2048 5062 καὶ
2099 5004 2246 5060 οὕτω
2303 5009 2713 5080 παραχωρεῖται
2761 5004 3079 5076 τελεσθῆναι
3135 5007 3234 5077 τὴν
3295 5007 3684 5084 ἀρχιερατικὴν

465 5129 517 5163 ν.

266 5107 590 5261 τύςῗῗῖςό.δὲ
645 5191 933 5266 Κομνηνὸς
987 5189 1123 5246 κατά
1181 5193 1288 5244 τῶν
1349 5185 1612 5264 Οὗγγρων
1667 5186 1757 5242 καὶ
1813 5189 1922 5241 τῶν

273 5286 540 5357 Σκυθῶν,
599 5283 652 5339 οἳ
726 5280 1056 5351 Πατζινάκαι
1127 5277 1377 5355 λέγονται
1408 5320 1423 5348 ,
1481 5274 1870 5352 ἐκστρατεύσας
1902 5319 1922 5348 ,

2100 5184 2195 5239 VI.
2231 5183 2494 5240 Posthac
2516 5185 2849 5241 Comnenus
2875 5185 3243 5258 expeditione
3287 5191 3491 5244 contra
3519 5192 3685 5245 Hun-

2032 5290 2206 5348 garos
2249 5276 2304 5329 et
2359 5273 2626 5347 Scythas,
2687 5275 2789 5346 qui
2834 5274 3156 5332 Patzinacaa
3203 5275 3498 5347 dicuntur,
3549 5294 3684 5336 sus-

1555 5403 1762 5466 Variae
1808 5402 2107 5466 lectiones
2137 5408 2198 5465 et
2226 5408 2415 5464 notae.

344 5539 456 5612 (52)
483 5535 771 5612 *Καὶ-τῷ-
802 5528 1010 5612 Ψελλῷ
1066 5527 1697 5612 αἰτιαμάτωνζυΕπείαις
1772 5527 1929 5612 innter

281 5600 451 5683 opera
481 5607 656 5666 Pselli
687 5600 1140 5683 calumniatoria
1165 5600 1280 5683 ista
1309 5601 1389 5683 in_
1423 5600 1768 5683 Michaelem
1788 5600 1928 5683 ρῳ-

281 5672 567 5740 rularium
600 5685 755 5754 patr.
783 5672 1286 5747 Constantinopol.
1320 5672 1393 5730 ad
1424 5672 1716 5745 synodum
1772 5672 1928 5729 dicta

2035 5527 2220 5583 oratio
2251 5544 2378 5599 quae
2435 5527 2773 5599 propediem
2823 5542 2960 5584 cum
3013 5528 3277 5599 ejusdem
3326 5526 3574 5584 historia
3623 5532 3682 5586 et

2037 5597 2417 5672 aliquot—aliis
2441 5597 2742 5672 opusculis
2801 5603 2856 5655 et
2897 5597 3500 5672 epist—olistprodibit
3545 5617 3681 5660 cum

2035 5669 2302 5729 versione
2330 5669 2662 5728 Combeﬁsii
2691 5687 2760 5729 ex
2788 5669 3175 5745 typographia
3202 5669 3400 5744 Regia.
