4036 6206
422 310 540 371 247

1768 302 2098 364 JOANNIS
2141 301 2484 364 ZONAR/E

3681 311 3784 372 248

424 446 614 515 cepta,
647 439 938 512 Hungaris
968 437 1302 511 petentibus
1331 452 1531 510 pacem
1565 435 1874 492 concessit.
1925 435 2068 508 Scy-

2185 439 2299 498 τοῖς
2358 434 2452 506 μὶν
2512 430 2781 509 Οὕγγροις
2836 433 3059 509 εἰρήνην
3103 433 3480 508 αἰτησαμένοις
3515 434 3786 497 ἐσπείσατο.

425 531 560 588 thas
585 547 718 586 vero
747 544 1121 602 aggressum,
1141 529 1332 583 caeteri
1353 525 1586 596 quidem
1612 541 2071 597 cessere,pacem

426 626 484 676 et
511 619 624 692 ipsi
656 618 908 690 amplexi
939 619 1150 689 (neque
1171 616 1325 672 enim
1357 615 1543 670 eidem
1578 631 1781 670 omnes
1811 615 1945 669 duci
1971 631 2074 687 pa-

425 707 656 779 rebant)
683 723 697 762 ε
725 723 878 761 unus
901 721 1032 760 vero
1051 721 1252 759 eorum
1275 702 1484 770 Seltes,
1517 702 1742 758 caeteris
1772 702 2071 770 audacior,

427 812 561 851 cum
597 799 760 866 parte
819 794 1074 866 quadam
1137 791 1533 847 Romanorum
1585 791 1885 864 copiarum
1933 808 2074 846 con-

421 901 683 957 gressus,
713 883 985 949 vincitur,
1019 887 1077 937 et
1129 879 1336 936 multis
1383 897 1625 936 suorum
1686 879 1925 936 amissis
1967 897 2073 935 au-

421 973 591 1045 fugit.
626 974 948 1044 Imperator
1005 976 1202 1027 autem
1261 971 1472 1026 castris
1523 969 1660 1026 inde
1713 968 1907 1038 motis,
1961 969 2070 1024 sub

421 1063 600 1117 ﬁnem
660 1060 884 1116 mensis
937 1059 1321 1131 Septembris,
1381 1059 1684 1114 Lobitzum
1742 1057 2070 1114 concessit:

421 1151 520 1206 ubi
542 1149 866 1206 vehementi
893 1149 1065 1204 imbri
1090 1155 1146 1203 et
1169 1149 1299 1203 nive
1341 1147 1752 1219 intempestiva
1796 1153 1855 1203 et
1887 1147 2073 1202 maxi-

421 1255 520 1294 ma
549 1237 812 1309 plerique
844 1238 979 1309 equi
1012 1239 1332 1309 perierunt,
1391 1236 1682 1308 multique
1733 1235 1948 1292 milites
2005 1254 2075 1292 ex

421 1328 637 1400 frigore
668 1333 804 1382 sunt
836 1326 1145 1398 periclitati
1172 1345 1185 1394 ;
1218 1342 1470 1397 cumque
1494 1325 1742 1381 ﬂumina
1763 1327 2071 1381 exundan-

419 1416 504 1471 tia
533 1420 590 1471 et
617 1414 954 1487 stagnantia
1011 1422 1406 1470 commeatum
1465 1415 1662 1470 subito
1721 1414 2066 1487 intercepis-

424 1509 576 1572 sent,
610 1509 668 1559 et
696 1504 969 1559 homines
1000 1509 1056 1558 et
1079 1506 1353 1575 jumenta
1385 1519 1580 1558 rerum
1604 1503 2072 1558 necessariarum

425 1594 673 1664 penuria
703 1592 1063 1648 laborarunt.
1097 1592 1404 1658 Caterum,
1439 1591 1636 1663 pluvia
1665 1596 1722 1647 et
1753 1592 1881 1647 nive
1932 1609 2074 1663 pau-

422 1681 604 1754 lisper
635 1683 855 1751 sedata,
891 1682 1208 1752 imperator
1238 1680 1617 1736 tabernaculo
1657 1696 1932 1752 egressus
1962 1682 2074 1736 sub

424 1787 701 1843 magnam
761 1772 908 1827 27’!
965 1771 1286 1841 quamdam
1345 1785 1630 1840 quercum
1689 1769 1748 1823 in
1812 1769 2074 1840 proximo

423 1858 1282 1926 concessit,circumstantibus
1341 1873 1645 1929 procerum
1695 1857 2071 1928 quibusdam.

430 1947 568 2004 Orto
602 1954 796 2002 autem
819 1947 880 2002 in
921 1964 988 2002 eo
1022 1946 1146 2002 loco
1186 1946 1434 2016 fragore,
1469 1951 1527 2000 et
1558 1946 1682 2017 ipse
1710 1951 1766 2000 et
1795 1946 1886 2001 sui
1940 1946 2076 2001 inde

427 2037 853 2101 discesserunt,
883 2040 1058 2108 atque
1089 2035 1264 2090 arbor
1293 2035 1494 2091 statim
1544 2035 1828 2092 radicitus
1876 2035 2076 2092 evulsa

424 2125 700 2180 concidit.
771 2125 1060 2180 Reversus
1119 2124 1298 2196 igitur
1349 2123 1406 2178 in
1486 2140 1760 2195 magnam
1841 2126 2073 2193 urbem,

422 2214 495 2269 ad
528 2220 742 2286 grates,
775 2215 847 2269 ob
879 2213 1130 2269 salutem
1164 2217 1462 2283 acceptam
1497 2213 1613 2268 Deo
1632 2213 2072 2285 persolvendas,

420 2301 579 2358 intra
601 2302 882 2374 palatium
913 2303 1138 2358 Sancta:
1159 2300 1385 2356 Thecla:
1435 2302 1848 2374 protomatyris
1887 2303 2071 2358 aedem

421 2389 520 2446 ille
551 2391 792 2463 quidem
825 2391 1108 2455 condidit,
1144 2390 1297 2462 quod
1330 2406 1397 2444 eo
1429 2389 1546 2455 die,
1577 2407 1691 2462 quo
1736 2389 1895 2446 illius
1945 2408 2071 2447 me-

421 2482 612 2537 moria
642 2481 994 2546 celebratur,
1024 2497 1274 2552 quercus
1306 2479 1450 2536 illud
1483 2481 1812 2552 periculum
1852 2482 2072 2553 effuge-

420 2571 651 2636 rat,sed
671 2569 1004 2643 talem,qua:
1027 2586 1303 2642 magnam
1327 2570 1455 2639 ejus
1478 2570 1658 2625 animi
1685 2569 2070 2642 pusillitatem

423 2662 670 2730 arguat:
707 2675 884 2729 quam
912 2660 1040 2728 ejus
1065 2674 1133 2712 ex
1168 2657 1364 2714 fratris
1398 2657 1518 2712 lilio
1553 2675 1733 2730 nepos
1757 2659 2074 2730 imperator

421 2746 701 2812 Joannes,
733 2746 914 2800 Alexii
946 2746 1123 2812 ﬁlius,
1154 2745 1732 2816 magnificentissime
1774 2749 2070 2803 instaura-

423 2833 526 2903 vit,
561 2833 796 2889 nomine
827 2835 1150 2889 Servatoris
1181 2834 1365 2889 nostri
1394 2834 1530 2890 Jesu
1563 2834 1800 2890 Christi.

2183 522 2330 579 Κατὰ
2358 519 2415 578 δὶ
2442 526 2547 578 τῶν
2606 525 2825 586 Σκυθῶν
2871 523 3197 598 ὁρμήσαντι,
3249 523 3299 576 οἱ
3351 523 3441 595 μὲν
3495 523 3647 580 ἄλλοι
3678 527 3788 584 ὑπέ-

2181 615 2353 684 κυψαν
2407 613 2492 666 καὶ
2554 611 2866 686 εἷρήνευσαν
2919 610 3007 681 (ού
3047 611 3149 685 γὰρ
3212 612 3295 690 ὑφ’
3349 609 3438 666 ένα
3483 614 3566 668 καὶ
3622 615 3788 679 πάντες

2181 699 2428 776 ἡγεμόνα
2483 698 2809 774 ἐτάττοντο),
2872 701 2944 762 εἷς
2997 699 3044 755 δ’
3100 701 3272 756 αὑτῶν
3323 702 3351 755 6
3385 699 3546 756 Σελτὲ
3590 705 3792 776 θρασδν-

2183 789 2316 857 Θεὶς,
2373 788 2463 844 καὶ
2525 789 2689 865 μοίρᾳ
2741 789 2847 844 τινὶ
2905 792 3004 854 τῆς
3058 794 3164 844 τῶν
3211 789 3493 862 Ῥωμαίων
3542 789 3792 865 δυνάμεως

2183 872 2500 950 συμϐαλὼν,
2559 876 2787 950 ἥττητο,
2845 877 2935 933 καὶ
2991 879 3054 933 τὸ
3105 877 3255 933 πολὺ
3299 883 3408 933 τῶν
3445 877 3646 934 οἰκείων
3675 881 3792 936 ἀπο-

2182 961 2392 1038 ϐαλὼν,
2453 966 2586 1040 μετὰ
2656 971 2764 1022 τῶν
2833 958 3289 1044 περιλεῖφθέντων
3363 965 3606 1041 ἀπέδρα.
3661 971 3793 1028 Ἀνα-

2184 1055 2406 1131 ζευγνὺς
2461 1053 2507 1110 δ’
2564 1055 2763 1120 ἱκεῖθεν
2825 1057 2853 1110 6
2915 1054 3170 1132 βασιλεὺς
3207 1099 3222 1125 ,
3282 1057 3579 1126 ἐσκήνωσεν
3631 1058 3678 1112 έν
3729 1063 3796 1132 τῷ

2185 1139 2453 1217 Λοϐίτζῳ,
2508 1143 2618 1215 ἤδη
2669 1150 2766 1200 τοῦ
2805 1144 2999 1207 τέλους
3048 1142 3202 1207 ὄντος
3253 1143 3414 1221 ἔγγὺς
3451 1149 3546 1200 τοῦ
3579 1152 3794 1220 Σεπτεμ·

2183 1228 2339 1306 ὅρίου
2398 1234 2590 1306 μηνός.
2647 1229 2900 1309 ’Όμϐρου
2958 1232 3016 1289 δὲ
3074 1231 3330 1310 ῥαγδαίου
3381 1233 3796 1309 καταρραγέντος,

2182 1323 2272 1377 καὶ
2329 1323 2517 1398 χιόνος
2572 1322 2841 1394 πεσούσης
2898 1325 3003 1400 πρὸ
3058 1323 3200 1397 ὥρας
3230 1321 3474 1393 πολλῆς,
3499 1330 3597 1392 τῆς
3648 1321 3795 1380 ἵππου

2181 1433 2238 1466 τε
2281 1412 2344 1466 τὸ
2389 1409 2554 1466 πλέον
2607 1409 2915 1487 διέφθαρτο,
2973 1413 3063 1467 καὶ
3116 1416 3440 1486 στρατιῶται
3489 1411 3684 1468 πολλοὶ
3731 1419 3798 1486 τῷ

2181 1499 2346 1575 ψύχει
2401 1498 2834 1556 κεκινδυνεύκασι
2870 1546 2883 1568 ,
2936 1501 3026 1555 καὶ
3079 1501 3320 1573 ποταμοὶ
3377 1497 3424 1556 δ’
3481 1501 3798 1577 ὑπερχειλεῖς

2181 1588 2461 1666 γεγονότες
2541 1589 2632 1643 καὶ
2711 1588 3098 1652 πελαλίσαντες
3181 1589 3248 1644 τὰ
3331 1587 3609 1659 ἑπιτήδεια
3671 1595 3797 1664 σφῶν

2184 1679 2376 1755 ἀθρόον
2435 1681 2761 1755 παρέσυραν,
2807 1680 2880 1742 ὡς
2911 1679 3000 1734 καὶ
3048 1685 3130 1752 τῷ
3178 1683 3554 1755 στρατιωτικῷ
3597 1679 3678 1734 καί
3704 1687 3802 1746 τοῖς

2184 1768 2498 1844 ὑποζυγίοις
2552 1769 2716 1824 αὑτοῦ
2773 1769 2840 1823 τὰ
2893 1768 3157 1843 ἀναγκαῖα
3215 1768 3513 1826 έπιλιπεῖν.
3561 1769 3682 1825 Εἶτα
3721 1774 3801 1824 τοῦ

2185 1857 2294 1913 ὕειν
2341 1879 2401 1913 τε
2461 1859 2550 1912 καὶ
2601 1862 2699 1912 τοῦ
2747 1857 2919 1933 νίφειν
2966 1856 3054 1912 ἐπὶ
3109 1859 3304 1933 μικρὸν
3355 1858 3674 1926 παυθὲντων,
3721 1866 3804 1928 τῆς

2195 1946 2472 2024 βασιλείου
2544 1949 2743 2017 σκηνῆς
2797 1945 3073 2021 προῆλθεν
3136 1948 3164 2001 6
3224 1945 3522 2022 βασιλεὺς,
3578 1947 3659 2002 καὶ
3717 1949 3802 2002 ὑπὸ

2192 2034 2318 2113 δρῦν
2352 2033 2476 2105 ἔστη
2522 2037 2873 2110 παμμεγέθη,
2930 2035 3039 2090 έκεῖ
3097 2057 3202 2090 που
3261 2036 3519 2090 ἑστῶσανο
3567 2035 3650 2090 καί
3684 2056 3804 2099 τινες

2181 2131 2288 2180 τῶν
2348 2125 2401 2180 έν
2462 2125 2761 2199 ὑπεροχαῖς
2822 2123 2980 2179 αὐτὸν
3039 2124 3435 2199 περιίστανται.
3500 2130 3636 2194 Βοῆς
3690 2121 3730 2178 δ’
3756 2124 3798 2179 έν

2180 2219 2260 2286 τῷ
2317 2213 2472 2287 τόπῳ
2530 2208 2844 2285 συμϐάσης,
2907 2215 3235 2284 μετέστησαν
3291 2218 3394 2281 τῆς
3451 2208 3604 2286 δρυὸς
3654 2213 3680 2266 6
3727 2212 3799 2286 βα-

2183 2303 2364 2365 σιλεύς
2423 2323 2481 2357 τε
2534 2302 2622 2356 καὶ
2681 2303 2738 2356 οἱ
2793 2301 2918 2377 περὶ
2977 2301 3160 2370 αὑτὸν,
3220 2303 3254 2372 ἡ
3291 2298 3341 2356 δ’
3392 2300 3581 2356 αὐτίκα
3617 2300 3798 2377 ῥιζόθεν

2181 2391 2537 2455 έκσπασθεῖσα
2593 2388 2873 2445 κατέπεσεν
2900 2431 2913 2445 .
2972 2391 3028 2445 '0
3086 2386 3131 2444 δ’
3192 2388 3543 2464 αὐτοκράτωρ
3601 2388 3798 2444 έπανελ-

2181 2481 2287 2534 Θὼν
2318 2479 2394 2542 εἷς
2440 2481 2538 2549 τήν
2593 2478 2835 2554 μεγάλην
2894 2477 3076 2549 πόλιν,
3127 2477 3215 2534 καὶ
3258 2477 3548 2540 ἀποτιννὺς
3576 2476 3696 2552 ὑπὲρ
3719 2479 3799 2545 τῆς

2181 2568 2452 2643 σωτηρίας
2508 2568 2711 2638 ταύτης
2760 2572 2838 2639 τῷ
2894 2571 3010 2638 Θεῷ
3063 2567 3402 2642 χαριστήρια
3433 2610 3448 2635 ,
3505 2565 3625 2620 ναὸν
3673 2564 3797 2626 έντὸς

2179 2661 2287 2711 τῶν
2342 2654 2635 2732 βασιλείων
2686 2657 2939 2732 ἀνήγειρε
2984 2659 3053 2730 τῇ
3097 2653 3529 2730 πρωτομάρτυρι
3571 2653 3687 2730 ἁγίᾳ
3711 2654 3795 2709 Θί-

2178 2744 2311 2819 κλᾳε
2340 2747 2484 2802 Κατᾶ
2510 2746 2612 2814 τὴν
2642 2745 2852 2821 ἡμέραν
2904 2745 3004 2820 γὰρ
3065 2745 3116 2799 έν
3263 2741 3505 2799 τελεῖται
3551 2744 3585 2812 ἡ
3627 2744 3794 2816 μνήμη

2180 2834 2401 2905 ταύτης,
2459 2834 2550 2889 τὸν
2609 2835 2670 2888 Ex
2725 2840 2825 2903 τῆς
2883 2830 3042 2907 δρυὸς
3095 2830 3312 2910 ἐξέφυγε
3362 2828 3640 2901 κίνδυνον,
3694 2830 3799 2884 ναὸν

422 2918 481 2975 δὲ
511 2919 730 2990 πολλὴν
761 2925 1168 2996 κατηγοροῦντα
1193 2927 1293 2990 τῆς
1326 2920 1531 2976 ἐκείνου
1561 2921 1924 2998 προαιρέσεως
1958 2922 2404 3000 μικροπρέπειαν,
2435 2923 2494 2978 ’ὃν
2527 2924 2555 2978 6
2587 2921 2794 2978 ἐκείνου
2823 2922 3068 2986 καθελὼν
3102 2920 3378 2996 ἑξανέψιος
3408 2921 3437 2976 6
3488 2919 3801 2994 αὐτοκράτωρ

419 3009 682 3078 Ἰωάννης
737 3009 764 3064 6
819 3013 917 3064 τοῦ
969 3007 1208 3080 Ἀλεξίου
1253 3010 1369 3072 υἱὸς
1401 3007 1610 3085 σφόδρα
1644 3009 2075 3086 μεγαλοπρεπῶς
2105 3009 2482 3086 ἀνεδομήσατο
2511 3011 2588 3074 εἷς
2619 3007 2793 3085 ὄνομα
2820 3015 2916 3065 τοῦ
2967 3017 3226 3083 Σωτῆρος
3274 3012 3392 3082 (53)
3441 3011 3598 3082 ἡμῶν
3648 3009 3801 3078 Ἰησοῦ

415 3101 679 3172 Χριστοῦ.

491 3188 613 3244 Vll.
645 3189 811 3244 Nunc
841 3187 987 3244 illud
1028 3189 1339 3245 dicendum
1401 3195 1511 3261 est,
1563 3193 2061 3263 quemadmodum

2249 3197 2319 3247 Z'.
2352 3187 2503 3247 Ἀλλ’
2534 3187 2641 3260 ἤδη
2677 3187 2866 3266 ῥητέον
2898 3189 2987 3244 καὶ
3036 3187 3187 3250 ὅπως
3235 3188 3337 3256 τὴν
3396 3186 3666 3264 βασιλείαν
3699 3183 3804 3266 aut:

3789 3255 3805 3308 t

421 3277 684 3333 Isaacius
715 3278 810 3333 hic
844 3279 1154 3350 imperium
1189 3279 1546 3350 deposuerit,
1599 3282 1710 3336 etsi
1757 3282 2073 3354 scriptores

419 3366 479 3421 in
513 3383 580 3421 eo
612 3383 726 3422 non
761 3366 1156 3423 consentiunt.
1189 3368 1335 3423 Nam
1367 3369 1814 3426 eruditissimus
1845 3375 1903 3425 et
1951 3370 2073 3426 elo-

422 3454 852 3526 quentissimus
885 3455 1109 3511 Psellus
1138 3462 1356 3526 narrat,
1389 3474 1524 3513 eum
1547 3457 1955 3514 venationibus
1973 3459 2072 3514 de-

423 3545 635 3612 ditum,
670 3561 805 3600 cum
839 3545 1007 3600 hasta
1036 3562 1188 3618 saepe
1218 3551 1275 3601 et
1307 3563 1474 3602 ursos
1507 3552 1565 3602 et
1602 3563 1775 3619 apros
1832 3548 2029 3603 feriret
2057 3563 2072 3604 :

422 3632 636 3704 frigido
657 3638 828 3690 vento
870 3634 1050 3689 ictum
1072 3651 1200 3690 esse
1220 3636 1393 3705 latus,
1417 3640 1594 3706 atque
1618 3635 1752 3692 inde
1777 3637 1982 3692 febrim
2005 3653 2076 3692 ex

424 3723 542 3777 imo
561 3728 817 3778 coortam
839 3722 1198 3779 etl'erbuisse.
1233 3723 1520 3779 Postridie
1560 3741 1694 3780 cum
1738 3725 1942 3780 lateris
1971 3726 2073 3781 do-

422 3811 650 3868 loribus
675 3817 997 3884 urgeretur,
1024 3819 1082 3868 et
1097 3812 1373 3884 spiritum
1405 3829 1553 3886 egre
1574 3813 1854 3879 traheret,
1895 3815 2076 3870 dubia

423 3917 527 3972 spe
554 3901 706 3967 vitae,
739 3917 807 3955 ac
839 3901 1036 3972 potius
1066 3906 1238 3972 plane
1269 3902 1578 3972 desperata
1606 3902 1747 3968 vita,
1791 3903 2077 3958 Constan-

423 3988 548 4043 tino
580 3987 749 4042 Ducas
771 3987 1019 4059 imperio
1043 3989 1278 4057 tradito,
1301 3990 1430 4044 vitae
1456 3989 1713 4046 melioris
1737 3990 2075 4046 institutum

423 4074 758 4146 amplexum
791 4092 940 4132 esse.
998 4075 1354 4133 Thracesius
1413 4083 1608 4134 autem
1671 4079 1864 4149 refert,
1922 4080 2078 4136 circa

421 4164 724 4236 Neapolim
756 4164 994 4220 venanti
1027 4165 1215 4221 visum
1275 4182 1404 4222 esse
1460 4183 1671 4238 aprum
1716 4166 2076 4223 horrendum

400 4258 690 4326 aspectu,
722 4268 897 4325 quem
922 4254 1064 4310 dum
1087 4253 1296 4311 laxatis
1317 4271 1467 4327 equo
1491 4254 1736 4312 habenis
1767 4271 2077 4328 perseque-

2183 3281 2304 3334 οετο
2348 3279 2504 3340 οὗτος
2553 3280 2581 3334 6
2637 3277 2922 3344 Ἰσαάκιος,
2969 3276 3018 3331 εἰ
3065 3276 3154 3332 καὶ
3209 3277 3284 3350 μή
3341 3279 3725 3352 συμφρονοῦσιν
3761 3293 3784 3326 ο

2183 3367 2611 3444 συγγεγραφότες
2669 3365 2792 3440 περὶ
2851 3365 3034 3420 αὐτοῦ.
3090 3367 3152 3423 Ὀ
3211 3366 3308 3438 μὲν
3366 3369 3467 3441 γάρ
3526 3363 3690 3424 πολὺς
3713 3361 3796 3428 τήν

2180 3456 2426 3532 γλῶτταν
2463 3459 2573 3530 (54)
2623 3456 2651 3509 6
2709 3456 3020 3532 σοφώτατος
3077 3452 3298 3516 Ψελλὸς
3360 3455 3412 3510 ἰν
3469 3456 3651 3530 θήραις
3679 3453 3804 3506 έκεῖ-

2181 3566 2271 3599 νον
2331 3543 2475 3620 λέγει
2531 3545 2624 3599 τὸν
2687 3541 2913 3620 βασιλέα
2984 3542 3371 3618 σχολάζοντα,
3429 3542 3519 3597 καὶ
3576 3539 3804 3616 συχνάκις

2179 3636 2279 3702 τήν
2342 3629 2513 3706 δεξιὰν
2571 3630 2922 3710 λογχοφόρον
2982 3632 3065 3686 ἐπ’
3113 3629 3344 3707 ἄρκτους
3388 3630 3478 3686 καὶ
3525 3629 3645 3692 σύας
3691 3629 3801 3683 ἑπα-

2181 3721 2492 3776 νατείνοντα
2524 3767 2540 3792 ,
2603 3719 2877 3796 βληθῆναι
2934 3719 3201 3793 πνεύματι
3256 3723 3460 3795 ψυχρῷ
3515 3721 3610 3788 την
3661 3715 3806 3771 πλευ-

2185 3811 2302 3885 ρὰν,
2363 3810 2642 3873 κάντεῦθεν
2693 3809 2891 3887 φρίκην
2951 3803 3318 3882 έπισυμϐῆναι
3377 3807 3541 3880 αὐτῷ,
3589 3805 3675 3861 καὶ
3717 3824 3806 3858 πυο

2185 3899 2338 3974 ρετὸν
2371 3899 2430 3953 έκ
2458 3903 2554 3953 τοῦ
2599 3897 2796 3974 βάθους
2847 3896 3236 3976 ἀναφλεγῆναι,
3291 3897 3370 3960 εἷς
3420 3894 3478 3952 δὲ
3520 3897 3615 3965 τήν
3645 3895 3805 3948 έπιοῦ-

2184 4009 2276 4042 σαν
2330 3988 2610 4051 νύττεσθαι
2665 3987 2765 4056 τὴν
2833 3983 3074 4060 πλευρὰν
3107 4032 3123 4058 ,
3175 3987 3266 4040 καὶ
3342 3986 3406 4041 τὸ
3464 3985 3681 4058 ἆσθμα,
3735 3979 3801 4053 μὴ

2185 4075 2450 4152 έρῥῶσθαι
2506 4075 2692 4144 αὑτοῦ,
2750 4075 2854 4130 κάκ
2908 4077 3112 4129 τοθτων
3147 4069 3631 4152 ἀμφισϐητήσιμον
3666 4068 3802 4145 γενό-

2187 4185 2346 4240 μενον
2405 4165 2450 4222 εἰ
2514 4165 2790 4241 βιώσεται,
2851 4163 2886 4233 ἢ
2943 4163 3032 4218 καὶ
3089 4164 3442 4240 ἀπεγνωκότα
3495 4160 3671 4217 τέλεον
3716 4156 3803 4224 τὴν

2191 4255 2359 4326 ζωὴν,
2416 4255 2506 4310 καὶ
2562 4255 2651 4310 νὸν
2710 4256 2913 4309 Λοῦκαν
2967 4257 3373 4310 Κωνσταντῖνον
3423 4254 3526 4325 (55)
3575 4252 3640 4324 τῇ
3672 4249 3807 4323 βασι-

1704 4416 1909 4479 Variae
1940 4418 2239 4480 lectiones
2260 4424 2321 4480 et
2350 4423 2540 4480 notae.

498 4545 721 4623 (53ml:
752 4541 925 4619 ὄνομα
954 4550 1375 4623 τοῦ-Σωτῆρος,
1403 4551 1476 4605 De
1520 4549 1630 4605 hac
1681 4550 1802 4623 inde
1825 4549 2073 4623 egimus

425 4621 486 4674 in
522 4621 994 4692 Constantinopoli
1023 4620 1380 4692 Christ,'ubi
1431 4623 1502 4676 de
1545 4623 1666 4677 aede
1713 4621 1772 4676 S.
1823 4620 2069 4676 Thecla.

425 4693 672 4747 Videtur
701 4691 1003 4763 porroilla
1030 4691 1159 4763 ipsa
1188 4693 1341 4748 mdes
1387 4710 1563 4764 quam
1605 4711 1638 4747 a
1666 4692 1892 4764 Joanne
1936 4709 2074 4749 con-

425 4764 608 4838 ditam
639 4762 806 4838 aibat
843 4765 959 4838 sub
1016 4762 1254 4838 numine
1309 4762 1421 4838 τοῦ
1466 4762 1933 4838 [Ιαντοκρςίτοροςἶ
1993 4764 2074 4820 De

426 4833 535 4889 hac
568 4836 784 4906 pariter
839 4835 898 4890 in
953 4837 1155 4890 eadem
1214 4835 1619 4892 lucubratione
1677 4833 1769 4892 sat
1816 4833 2066 4891 multae

426 4907 596 4960 nobis
627 4907 966 4962 observata:
999 4909 1171 4978 cujus
1201 4914 1258 4962 et
1286 4923 1402 4962 am.
1435 4918 1500 4962 ut
1550 4908 1660 4963 hoc
1710 4908 1902 4964 obiter
1947 4923 2068 4962 mo-

427 4993 621 5050 neam,
655 4993 720 5050 ea
745 4984 874 5050 erat
914 4979 1316 5049 praerogativa,
1374 4984 1439 5033 ut
1485 4980 1647 5035 illius
1690 4981 2068 5050 Hegumenus

426 5047 630 5122 multis
659 5047 1194 5122 aliismo—naster—iis
1225 5067 1342 5104 una
1371 5058 1524 5106 esset
1579 5047 1904 5122 praefectus,
1956 5050 2066 5104 nisi

421 5121 570 5193 forte
591 5119 844 5193 exarcbii
867 5121 1077 5174 obirrit
1117 5121 1484 5192 dignitatem,
1509 5119 1715 5193 de'qua
1766 5122 2070 5177 consulere

421 5191 560 5263 licet
589 5191 954 5263 Glossarium
987 5193 1054 5246 ad
1089 5195 1198 5245 seri
1221 5199 1414 5263 ptores
1447 5191 1986 5260 med.'Graecit.,ita
2007 5197 2074 5247 ut

418 5262 746 5335 visitatoris
779 5263 986 5335 potius
1021 5262 1278 5335 officium
1335 5265 1681 5320 exercuerit.
1735 5265 2069 5335 Balsamon,

427 5334 499 5388 ad
534 5333 884 5409 Νοηιοραᾶιοῖι
934 5333 1142 5409 Pbotii,
1190 5336 1281 5409 ti‘t.
1327 5337 1385 5409 j,
1443 5353 1493 5409 cp.
1541 5337 1649 5409 2Q:
1701 5333 1764 5409 Et
1811 5333 1939 5409 γὰρ-
1972 5334 2074 5387 οὐκ

430 5410 633 5530 again:
663 5401 1001 5480 κληροῦσθαί
1041 5401 1159 5458 τινα
1205 5403 1280 5465 εἰς
1324 5401 1420 5459 δύο
1471 5401 2070 5476 Ἐκκλησίας,’πολλῷ,

429 5476 598 5530 πιέον
650 5473 774 5530 οὐδὲ
820 5473 1029 5546 κεφαλή
1089 5473 1186 5546 μία
1234 5472 1328 5531 δύο
1369 5477 1658 5546 σωμάτων.
1707 5477 1782 5533 Τὸ
1833 5473 1889 5531 δὲ
1913 5475 2070 5546 προΐ-

431 5495 598 5530 πΑεον
650 5495 774 5530 ουοε
820 5495 1029 5552 κεφαΛη
1089 5495 1186 5546 μία
1234 5495 1328 5531 ouo
1369 5498 1658 5550 σωματων.
1707 5495 1782 5533 ἰὀ
1833 5495 1889 5531 οε
1913 5495 2072 5550 προῖ-

431 5549 652 5601 στασθαι
723 5549 814 5626 τὸν
894 5547 1401 5626 παντοκρατορηνὸν
1464 5549 1790 5626 ᾙγούμενον
1844 5546 2072 5626 π-ολλῷν

435 5617 838 5696 μοναστηρίων,
895 5617 995 5674 οὐκ
1049 5617 1378 5675 ἐναντιοῦται
1443 5617 1780 5694 τῷ’κανόνι·
1840 5619 1907 5676 τὰ
1969 5620 2074 5698 γὰρ

2182 4545 2372 4638 πολλά
2430 4548 2768 4638 μοναστήρια
2819 4547 2909 4638 ιὼς
2958 4544 3014 4601 ’ὲν
3075 4544 3407 4638 λογίζονται,
3471 4541 3558 4599 διὰ
3604 4540 3662 4596 τὸ
3703 4535 3806 4593 κατ’

2183 4616 2756 4709 έπίξοσινπεριελθεῑν
2790 4619 2864 4709 εἲς
2889 4616 3328 4709 παντοκράτορα.

2257 4694 2368 4773 (54)
2411 4689 2745 4773 Πολὺςπὴν
2803 4689 3075 4773 γλῷτταν.
3107 4689 3618 4773 βίοᾲαςηιίδρίηιαρ
3659 4697 3802 4773 repu-

2183 4759 2439 4830 suimus,
2473 4782 2575 4836 pro
2607 4763 2764 4821 homo
2793 4759 3064 4830 verbosus,
3100 4765 3181 4836 uti
3215 4759 3493 4836 verterat
3520 4759 3802 4836 interpres,

2177 4854 2349 4908 quem
2391 4825 2526 4892 inde
2559 4837 2761 4908 multis
2782 4825 3408 4908 exagitat'Allatiusi‘n
3431 4825 3720 4908 Disserta't,
3741 4825 3804 4908 de

2177 4901 2410 4980 Psellis,
2441 4910 2616 4980 p.38.
2649 4907 2825 4980 Porro
2855 4901 3152 4980 Michaelis
3211 4905 3381 4964 Pselli
3405 4903 3620 4980 _velrba_'
3645 4901 3799 4955 sunt:

2177 4967 2457 5054 Πολλάκις
2501 4977 2560 5033 δὶ
2613 4981 2682 5054 τῇ
2733 4973 2875 5054 βολῇ
2919 4980 3020 5041 τῆς
3068 4972 3544 5054 λόγχης-έπὶλτὰς
3568 4967 3798 5054 ’ἄρκτοος

2176 5050 2266 5105 καὶ
2321 5070 2442 5104 συνε
2490 5055 2564 5112 ὦς
2626 5046 2979 5105 ἃπανατείνων
3035 5046 3353 5119 τῆν’ἷεξιὰν
3655 5046 3797 5093 πνεύ-

2185 5143 2309 5167 “an
2347 5068 2608 5167 ϐἀλξεται
2653 5121 2752 5167 τὴν
2799 5118 3060 5167 πλευρὰν-
3110 5121 3198 5167 καὶ
3245 5120 3369 5167 τότε.
3417 5136 3512 5167 μετ
3585 5112 3644 5167 ού
3675 5109 3795 5164 πάνυ

2185 5143 2309 5194 ματι
2347 5109 2608 5183 βάλλεται
2653 5121 2752 5189 τὴν
2799 5118 3062 5194 πλευρὰν,
3092 5109 3199 5176 ’καὶ
3245 5109 3369 5176 τότε
3417 5109 3548 5188 μετα
3579 5109 3644 5167 ὀύ
3675 5109 3795 5198 πάγυ

2178 5191 2488 5263 κατάδηλος
2543 5196 2577 5263 ἡ
2640 5189 2831 5263 πληγλή
2892 5190 3146 5263 ἐγεγόνει.
3205 5195 3274 5263 τῇ
3334 5187 3378 5244 δ’
3423 5186 3606 5263 έφεξῆς
3655 5181 3796 5258 ῥιγω·

2181 5209 2488 5264 καταοηλος
2543 5209 2577 5263 η
2640 5209 2831 5264 πΛηγη
2892 5209 3146 5266 εγεγονει.
3205 5213 3274 5266 τῃ
3334 5209 3375 5244 ο’
3423 5209 3576 5265 εφεξη

2181 5286 2397 5334 σαντας,
2429 5265 2657 5336 πυρετὸς
2691 5259 3023 5340 διαδέχεται,
3057 5271 3169 5320 etc.
3289 5335 3324 5340 _
3509 5330 3518 5340 ⁸

2274 5324 2396 5408 55)”
2425 5324 3237 5414 Κώνσταντῖνονδᾼιιοογωμε
3268 5330 3592 5414 _Barensis.§

2186 5395 2498 5475 ioeofmd.
2536 5411 2624 5475 13,
2658 5408 3037 5464 Comminiano
3068 5395 3400 5479 ’νοιαηιαν-ισ
3451 5401 3606 5479 ιιιιεᾳίι⁸
3647 5395 3798 5479 (forte

2181 5463 2343 5553 aedili
2375 5463 2726 5553 dimotis
2756 5479 3110 5535 Constantino
3151 5478 3407 5547 Duhizzi,
3429 5479 3483 5530 et
3512 5469 3682 5527 induit
3702 5463 3795 5519 sibi

2185 5552 2436 5610 habitum
2463 5552 2867 5611 monachicum.
