4036 6206
234 360 333 422 249
597 393 612 404 -
1459 355 1870 420 ANNALIUM
1915 357 2061 419 LIB.
2106 357 2332 421 XVIII.

3473 359 3595 418 250

235 490 335 561 λεια
383 487 858 564 ἄγκαταστήσαντα,
914 487 1052 562 πρὸς
1126 490 1226 557 τήν
1299 485 1529 562 κρείττω
1607 488 1835 561 μετατά-

1955 495 2135 557 retur,
2166 490 2226 546 in
2260 507 2420 548 mare
2450 491 2786 548 demersum
2809 489 3212 555 evanuisse,et
3241 506 3275 544 a
3305 487 3596 560 plerisque

233 581 387 650 ξασθαι
444 576 649 650 βιοτήν.
707 576 767 632 Ὁ
818 574 874 630 δέ
929 597 989 652 γε
1047 579 1372 652 Θρᾳκήσιος,
1435 578 1602 650 θηρᾷν
1658 577 1842 632 κάκεῖ·-

231 689 308 728 νος
332 667 411 720 τὸν
447 662 666 737 βασιλέα
694 669 884 718 τοῦτον
927 665 1181 740 ἱστόρησε
1228 666 1350 738 περὶ
1394 665 1492 734 τὴν
1545 665 1838 735 Νεάπολιν,

232 759 306 810 σῦν
357 751 400 808 δ’
455 751 777 830 έπιφανῆναί
848 765 1034 825 ποθεν,
1092 756 1190 823 τήν
1253 754 1371 808 θέαν
1454 755 1698 829 φρικτὸν,
1751 755 1840 809 καὶ

227 845 301 900 τὸν
351 843 622 913 Κομνηνὸν
677 839 1008 897 ἐνδεδωκότα
1062 842 1142 916 τῷ
1201 841 1358 916 ’ίππῳ
1427 845 1518 898 τὸν
1589 842 1840 920 χαλινὸν,

227 931 412 988 διώκειν
436 932 524 985 τὸν
549 934 665 998 σῦν,
683 931 776 985 τὸν
811 929 867 986 δὲ
897 931 1134 987 εἰσδῦναι
1161 933 1260 1001 τὴν
1291 932 1838 1008 θάλασσαν,γενέσθαι

221 1043 268 1077 τε
293 1021 476 1098 ἀφανῆ,
510 1020 569 1074 ’ὀν
601 1019 665 1074 ού
697 1024 790 1074 οὖν
819 1021 871 1074 οἱ
901 1019 1130 1089 πολλοὶ,
1165 1021 1450 1099 φάντασμα
1479 1017 1536 1076 δέ
1562 1042 1614 1076 τι
1643 1020 1837 1094 δαιμό-

219 1131 312 1165 νιον
363 1105 756 1185 ὑπειλήφασιν·
804 1109 855 1163 ἐν
914 1108 1160 1182 τοσούτῳ
1216 1107 1264 1164 δ’
1321 1110 1397 1174 ὡς
1451 1108 1502 1180 ἐξ
1561 1109 1838 1184 ἀστραπῆς

216 1198 446 1270 ἐνσκῆψαι
507 1195 842 1269 λαμπηδόνα
895 1203 972 1270 τῷ
1050 1197 1283 1273 βασιλεῖ,
1345 1200 1430 1254 καὶ
1502 1203 1571 1273 τῇ
1639 1201 1841 1270 ταύτης

215 1285 342 1359 Βολῇ
397 1283 826 1362 διαταραχθέντα
895 1289 988 1343 τὸν
1047 1287 1437 1362 αὐτοκράτορα,
1495 1293 1593 1343 τοῦ
1662 1286 1837 1343 ἵππου

212 1397 257 1430 τε
297 1375 547 1447 έκπεσεῖν,
608 1377 698 1430 καὶ
756 1378 962 1432 κεῖσθαι
1033 1377 1180 1449 παρᾶ
1251 1376 1320 1452 τῇ
1392 1381 1464 1452 γῇ
1515 1377 1682 1454 ἀφρὸν
1741 1381 1838 1432 τοῦ

215 1463 459 1534 στόματος
529 1463 906 1534 ἀποπτύοντα,
957 1467 1045 1520 καὶ
1107 1463 1274 1540 μηδὲν
1343 1471 1449 1521 τῶν
1503 1467 1617 1522 κατ’
1677 1465 1835 1521 αὐτὸν

215 1552 601 1625 αἰσθανόμενον,
653 1553 856 1627 ἀκατίῳ
918 1552 965 1609 δ’
1010 1553 1208 1620 ἐκεῖθεν
1278 1551 1692 1628 έμῦιϐασθέντα,
1739 1576 1837 1610 κο-

217 1643 447 1714 μισθῆναι
478 1642 556 1704 εἰς
607 1643 677 1698 τὰ
731 1641 1000 1719 βασίλεια,
1032 1643 1122 1698 καὶ
1168 1646 1469 1716 νοσήσαντά
1522 1667 1574 1700 τι
1635 1644 1835 1720 βραχὺ,

214 1732 304 1786 εἶτα
353 1729 416 1800 δὴ
470 1732 561 1786 καὶ
623 1732 1062 1808 ἀπογνωσθέντα,
1092 1733 1367 1810 κείρασθαί
1394 1755 1454 1789 τε
1493 1735 1592 1803 τὴν
1649 1735 1834 1810 τρίχα,

211 1822 281 1927 καὶ
329 1821 435 1924 ἀντί
485 1827 584 1890 τῆς
648 1822 928 1898 πορφύρας
981 1821 1157 1897 τραχὺ
1213 1817 1499 1927 τριϐώνιον
1566 1823 1912 1927 ἀμφιέσα-Β

211 1911 330 1977 σθαι,
383 1909 471 1963 τὸν
552 1914 736 1964 Δοῦκα
811 1917 1204 1966 Κωνσταντῖνον
1265 1909 1492 1986 βασιλέα
1547 1933 1836 1988 προχειρι-

210 2001 432 2070 σάμενον,
491 1997 584 2052 καὶ
667 1998 830 2054 οὕτω
865 2004 934 2065 τῆ
989 2005 1087 2055 τοῦ
1143 1999 1406 2056 Στουδίου
1464 2003 1833 2077 προσορμίσαι

216 2090 352 2160 μονῇ,
406 2086 566 2141 κάκεῖ
639 2087 704 2142 τὸ
786 2087 981 2144 λοιπὸν
1064 2085 1394 2144 καταϐιῶναι
1474 2097 1570 2160 1:13”:
1649 2090 1837 2164 βιοτῆς

209 2175 588 2251 αναρῥωσθέντα
666 2176 728 2230 έκ
798 2181 896 2232 τοῦ
974 2180 1304 2251 νοσήματος.
1375 2173 1719 2234 Ἐϐασίλευσε
1780 2177 1837 2234 δὲ

211 2261 287 2317 δύο
337 2263 613 2326 ἐνιαυτοὺς
671 2267 760 2320 καὶ
813 2273 988 2339 μῆνας
1035 2272 1200 2341 τρεῖς,
1234 2264 1560 2343 δραστήριος
1619 2267 1712 2339 ὢν,
1743 2269 1834 2324 καὶ

209 2353 257 2406 τὸ
297 2353 422 2422 ἦθος
470 2348 710 2428 σοϐαρὸν
774 2352 1202 2428 ἐνδεικνύμενος,
1251 2358 1386 2432 πρὸς
1438 2356 1655 2430 πράξεις
1712 2356 1832 2428 ὀξύ-

1953 597 2066 634 non
2102 569 2761 652 aprum,sed'spectrum
2786 579 3082 650 quoddam
3105 578 3454 632 diabolicum
3471 595 3598 633 esse

1943 668 2316 738 judicatum:
2352 675 2528 740 atque
2582 668 2815 723 interim
2852 667 3074 740 fulgore
3121 667 3376 738 quodam
3408 666 3599 721 instar

1950 755 2202 830 fulguris
2232 759 2600 828 perstrictum
2635 757 3232 829 imperatorum,equo
3255 760 3597 826 praeterrore

1950 861 2285 910 excussum,
2317 851 2372 902 et
2403 863 2671 917 spumam
2706 862 2802 900 ore
2832 846 3216 915 rejicientem,
3250 845 3414 899 humi
3442 849 3595 899 atto-

1952 936 2139 989 nitum
2194 936 2468 1006 jacuisse,
2520 941 2695 1006 atque
2751 935 2887 989 inde
2936 933 3205 989 navicula
3255 934 3311 988 in
3371 933 3594 1004 regiam

1951 1029 2264 1092 revectum,
2297 1041 2428 1080 cum
2462 1023 2759 1096 paulisper
2786 1027 3140 1094 aegrotasset,
3167 1023 3292 1093 jam
3324 1022 3594 1092 deplora-

1949 1117 2098 1180 tum,
2134 1130 2265 1168 raso
2295 1112 2504 1184 capillo
2535 1118 2591 1168 et
2621 1130 2893 1184 purpurae
2923 1111 3048 1167 loco
3106 1128 3312 1182 aspera
3363 1111 3595 1166 lacerna

1950 1207 2208 1274 sumpta,
2241 1207 2417 1273 atque
2450 1201 2830 1257 Constantino
2862 1201 3020 1256 Duca
3051 1201 3402 1272 imperatore
3432 1199 3590 1254 desi-

1947 1297 2146 1362 gnato,
2182 1310 2237 1346 In
2269 1292 2580 1346 Studiense
2613 1291 3028 1345 monasterium
3065 1307 3126 1344 se
3143 1287 3589 1356 contulisse,ubi

1949 1385 2286 1449 recuperata
2317 1379 2490 1434 etiam
2517 1379 2866 1449 valetudine,
2900 1377 3028 1432 vitae
3061 1378 3347 1449 reliquum
3385 1394 3586 1450 exege-

1949 1469 2043 1524 rit.
2080 1469 2356 1540 Regnavit
2387 1469 2686 1523 biennium
2719 1473 2774 1523 et
2823 1474 2940 1523 tres
2973 1485 3225 1535 menses,
3250 1467 3423 1522 homo
3444 1474 3588 1521 stre-

1949 1575 2124 1628 nuus,
2155 1558 2386 1629 ingenio
2417 1557 2736 1630 arroganti,
2759 1557 2816 1611 in
2851 1557 3026 1612 rebus
3055 1556 3328 1628 gerendis
3356 1555 3588 1610 celerri-

1949 1664 2104 1712 mus,
2165 1648 2244 1702 rei
2303 1645 2524 1702 bellicae
2581 1645 2994 1718 peritissimus.
3056 1645 3116 1699 In
3183 1644 3396 1699 litteris
3472 1661 3589 1699 non

1947 1737 2183 1807 quidem
2243 1741 2530 1805 versatus,
2591 1737 2691 1791 sed
2751 1734 3078 1789 litterarum
3139 1733 3460 1798 studiosus,
3531 1735 3588 1787 et

1949 1826 2249 1881 doctorum
2280 1841 2514 1891 amans;
2548 1825 2608 1879 in
2628 1824 2901 1896 conjugio
2933 1823 3074 1878 adeo
3109 1827 3327 1888 castus,
3362 1828 3426 1877 ut
3449 1838 3582 1877 cum

1944 1916 2261 1987 peregreiin
2290 1916 2559 1970 morbum
2583 1915 2906 1979 incidisset,
2965 1919 3024 1969 et
3079 1931 3112 1968 a
3161 1912 3400 1968 medicis
3433 1912 3586 1968 2η

1946 2008 2300 2070 moneretur,
2363 2009 2428 2058 ut
2478 2004 2906 2058 consuetudine
2978 2001 3244 2056 mulieris
3313 2001 3586 2055 morbum

1946 2090 2180 2157 levaret,
2211 2109 2343 2146 cum
2369 2092 2484 2147 ulla
2511 2099 2717 2164 praeter
2739 2107 2975 2146 uxorem
3010 2106 3338 2159 suam,rem
3372 2089 3588 2144 habere

1945 2181 2251 2235 recusarit.
2311 2181 2455 2236 Cum
2519 2180 2570 2235 ei
2630 2181 2791 2251 regni
2867 2179 3156 2235 aﬂectatio
3212 2179 3584 2250 objiceretur,

1944 2269 2245 2340 respondit
2267 2286 2280 2324 :
2306 2268 2372 2324 Se
2395 2271 2516 2340 pati
2556 2285 2666 2324 non
2690 2271 2934 2340 potuisse
2971 2269 3218 2324 conservi
3261 2269 3584 2338 imperium,

1943 2376 1978 2413 α
2006 2375 2109 2430 quo
2129 2358 2286 2429 jusla
2303 2359 2412 2413 sibi
2438 2361 2674 2429 praemia
2700 2363 3066 2427 negarentur.

209 2461 359 2509 τατος,
389 2443 903 2517 στρατηγικώτατος
931 2443 999 2499 τὰ
1029 2442 1288 2516 πολέμια.
1323 2445 1518 2521 Λόγοις
1550 2446 1644 2518 μὲν
1675 2447 1782 2522 οὐχ
1810 2445 2136 2520 ὡμιληκὼς,
2165 2446 2456 2521 προσέχων
2479 2443 2525 2500 δ’
2557 2444 2868 2508 αύτοῖς,καί
2897 2443 3023 2506 τοὺς
3052 2442 3258 2498 τούτων
3280 2441 3585 2521 τροφίμους

212 2526 621 2606 ἀποδεχόμενος,
656 2532 886 2610 σώφρὼν
917 2553 975 2587 τε
1003 2533 1070 2588 τὰ
1097 2535 1230 2606 πρὸς
1261 2532 1441 2605 εὐνήν.
1471 2535 1699 2610 Λέγεται
1729 2555 1832 2611 γαρ
1862 2555 1995 2590 ποτε
2023 2541 2248 2604 νοσῆσαι
2279 2537 2378 2599 τῆς
2407 2534 2584 2596 οἰκίας
2612 2531 2935 2605 ἀποδημῶν,
2953 2534 3039 2588 καὶ
3073 2533 3219 2606 παρᾶ
3243 2536 3350 2586 τῶν
3387 2531 3589 2608 ἰατρῶν

211 2618 392 2689 γυναικὶ
452 2626 686 2693 μιγῆναι
743 2621 881 2696 πρὸς
937 2620 1220 2695 θεραπείαν
1277 2625 1376 2691 τῆς
1430 2621 1592 2678 νόσου
1637 2622 2054 2699 προτρέπεσθαι·
2081 2623 2172 2677 τὸν
2206 2619 2262 2676 δὲ
2297 2622 2372 2694 μή
2414 2621 2740 2698 ἀνασχέσθαι
2770 2621 2924 2695 ἑτέρᾳ
2951 2619 3251 2691 πλησιάσαι
3284 2619 3428 2694 παρὰ
3483 2620 3586 2686 τὴν

210 2705 447 2764 σύνοικον.
484 2708 831 2781 Δίτιώμενος
860 2705 918 2765 δὶ
946 2709 1029 2764 ὅτι
1059 2708 1330 2787 τυραννίδι
1363 2710 1793 2788 ἐπικεχείρηκεν,
1824 2713 2075 2780 Ὥκνουν,
2106 2710 2284 2787 ἔλεγε,
2307 2715 2388 2783 τῷ
2416 2708 2694 2784 συνδούλῳ
2741 2708 3041 2778 δουλεύειν,
3070 2708 3162 2764 καὶ
3203 2713 3310 2763 τῶν
3361 2706 3584 2762 εἰκότων

211 2795 273 2866 μή
299 2796 611 2874 τυγχάνειν.

266 2921 420 2975 Η’.“0
475 2918 751 2998 πρόεδρος
810 2918 868 2977 δὲ
926 2928 1329 2987 Κωνσταντῖνος
1385 2925 1413 2980 ὁ
1472 2925 1696 2995 Δούκας,
1737 2933 1839 2995 τῆς

212 3007 457 3079 βασιλείας
508 3012 705 3086 τυχὼν
756 3011 1146 3088 ἀπραγμόνως,
1179 3014 1254 3076 ὡς
1307 3013 1542 3088 εἷ’ρηται,
1591 3013 1837 3078 πολλοὺς

208 3099 292 3149 τῶν
315 3104 406 3166 τῆς
438 3100 758 3173 συγκλήτου
810 3100 1016 3174 βουλῆς
1059 3101 1148 3157 καὶ
1197 3107 1294 3157 τοῦ
1339 3100 1633 3176 δημώδους
1689 3102 1836 3174 πλή-

2020 2927 2168 2984 Vlll.
2192 2927 2612 2984 Constantinus
2644 2927 2835 2982 Ducas
2867 2941 3100 2998 preses,
3152 2923 3398 2995 imperio
3445 2922 3593 2978 citra

1946 3015 2230 3082 laborem,
2263 3023 2326 3072 ut
2354 3017 2573 3072 dictum
2607 3021 2714 3082 est,
2757 3016 3004 3087 positus,
3067 3015 3286 3068 multos
3315 3011 3593 3067 senatorii

1945 3106 2169 3162 ordinis
2199 3113 2255 3162 et
2285 3105 2520 3177 plebeiae
2552 3103 2904 3160 conditionis
2935 3104 3005 3157 ad
3029 3101 3262 3157 altiores
3284 3100 3592 3172 dignitatis

209 3184 313 3246 θους
361 3186 435 3248 είς
491 3188 751 3259 μείζονας
804 3190 1124 3263 ἀξιωμάτων
1187 3192 1429 3266 βαθμοὺς
1485 3187 1832 3269 προεϐίϐασε.

1947 3195 2166 3266 gradus
2195 3194 2408 3249 evexit:
2443 3198 2619 3265 atque
2651 3191 2782 3247 illos
2811 3192 3011 3256 etiam,
3067 3207 3214 3261 quos
3259 3194 3591 3244 Comnenus

213 3273 293 3327 Καὶ
345 3273 498 3337 ὅσους
528 3273 580 3330 δ’
615 3277 642 3330 ὁ
677 3279 959 3349 Κομνηνὸς
993 3278 1244 3356 ἀφείλετο
1273 3279 1368 3342 τὰς
1422 3281 1622 3344 οἰκείας
1669 3281 1834 3354 τιμὰς

209 3361 406 3433 (πολλοὶ
456 3361 503 3418 δ’
557 3365 700 3433 ἦσαν
748 3365 1074 3439 καὶιοῦτοι),
1109 3367 1186 3432 εἰς
1228 3369 1425 3431 ταύτας
1473 3369 1626 3434 αὖθις
1681 3370 1838 3433 αὐτὸς

213 3447 437 3513 έκείνους-
487 3453 943 3523 ἀποκατέστησεν.
993 3451 1327 3525 Ἐπιϐουλῆς
1387 3455 1442 3513 δὲ
1496 3459 1614 3513 κατ’
1671 3459 1838 3513 αὐτοῦ

214 3542 662 3611 συσκευασθείσης,
723 3547 920 3617 μικροῦ
1004 3541 1111 3598 δεῖν
1189 3544 1398 3620 ἰγένετο
1483 3546 1542 3601 ἂν
1599 3542 1836 3624 ὑποϐρύ-

214 3645 337 3702 χιος.
388 3631 486 3686 Ἦν
545 3631 643 3702 μὲν
689 3631 790 3706 γὰρ
839 3631 892 3686 έν
936 3639 1052 3694 τοῖς
1095 3631 1395 3708 βασιλείοις
1450 3639 1558 3690 τῶν
1613 3636 1837 3711 Μαγγά-

211 3737 314 3770 νων·
345 3717 638 3794 έσκέψαντο
671 3717 728 3774 δὲ
775 3722 827 3775 οἱ
878 3721 1332 3795 συνομοσάμενοι,
1361 3725 1435 3786 ὡς
1496 3723 1546 3778 εἰ
1604 3721 1836 3800 θόρυϐος

210 3802 252 3858 iv
275 3810 336 3878 τῇ
363 3815 461 3877 τῆς
519 3808 742 3870 πόλεως
793 3810 1035 3886 γεγονὼς
1088 3810 1378 3887 ἀγγελθείη
1437 3815 1586 3886 αύτῷ
1644 3814 1834 3889 ἀγορᾷ,

208 3893 373 3951 αύτίκα
427 3894 516 3952 διὰ
575 3904 677 3966 τῆς
733 3896 1008 3971 θαλάσσης
1062 3899 1264 3964 έκεῖνος
1294 3899 1644 3958 ἀπελεύσεται
1701 3904 1836 3979 πρὸς

207 3982 258 4035 τὸ
321 3982 454 4060 μέγα
519 3987 841 4062 ἀνάκτορον.
895 3989 1341 4064 Προῳκονόμητο
1396 3987 1445 4045 δ’
1499 3990 1703 4058 αὐτοῖς,
1760 3993 1834 4063 μὴ

209 4071 319 4126 εἶναι
364 4075 462 4143 τήν
527 4073 820 4151 βασιλικήν
868 4079 1071 4152 τριήρη
1133 4077 1262 4149 έκεῖ,
1301 4078 1390 4134 καὶ
1446 4079 1575 4142 τοὺς
1632 4079 1838 4151 ἐκείνης

210 4159 650 4243 οἰακοστρόφους,
727 4164 819 4228 οὖς
892 4163 1353 4243 πρωτοκαράϐους
1425 4170 1460 4238 ἡ
1566 4166 1836 4242 δημώδης

211 4245 332 4326 λέγει
361 4254 537 4330 φωνὴ,
571 4260 671 4324 τῆς
729 4255 1051 4329 συνομοσίας
1103 4258 1352 4334 μετέχειν
1412 4256 1834 4322 σπουδάσαντες.

209 4336 256 4391 ’0
315 4342 403 4413 μὶν
469 4341 564 4396 οὖν
634 4341 892 4418 βασιλεὺς
947 4345 1022 4408 ὡς
1079 4346 1172 4401 τὸν
1225 4342 1458 4422 θόρυϐον
1523 4346 1832 4416 ἐνωτίσατο,

211 4423 394 4484 ἀπιέναι
449 4429 562 4486 δεῖν
618 4425 797 4507 ἔκρινε
839 4437 950 4487 τῶν
1004 4434 1310 4511 ἀνακτόρων
1372 4435 1518 4493 εὐθύ.
1580 4436 1730 4492 Ἐπεὶ
1789 4428 1836 4493 δ’

212 4515 303 4602 οὐχ
343 4519 547 4602 ,εὕρητο
603 4521 638 4590 ἠ
698 4519 958 4596 βασιλική
988 4525 1222 4599 τριήρης
1255 4523 1384 4593 ἰκεῖ,
1420 4523 1496 4589 εἰ¹ς
1548 4525 1611 4580 τὸ
1665 4527 1832 4602 τυχὸν

211 4593 474 4678 έμϐεϐήκει
533 4593 755 4666 ἀκάτιον
787 4630 803 4645 ·
864 4593 1132 4676 ἀπιόντος⁷
1180 4593 1279 4684 δὲ,
1332 4612 1562 4691 ἀνεφάνη
1639 4593 1830 4687 καὶηή
1864 4593 1911 4658 D

209 4697 317 4756 ναῦς
362 4699 395 4765 ἡ
448 4697 742 4774 βασίλειος,
801 4700 890 4754 καί
968 4700 1167 4776 εἰρεσίᾳ
1247 4699 1437 4777 πολλῇ
1523 4701 1615 4757 σὺν
1688 4702 1834 4778 ῥύμῃ

215 4780 395 4858 σφοδρᾷ
463 4787 526 4842 τὸ
607 4786 790 4863 ῥόθιον
843 4789 1136 4863 τέμνουσα,
1181 4791 1318 4868 πρὸς
1389 4791 1453 4846 τὸ
1517 4791 1830 4867 πλοιάριον,

215 4869 338 4946 ᾧπερ
386 4877 412 4930 ὁ
445 4875 699 4952 βασιλεὺς
731 4872 1050 4949 ἐμϐεϐήκει,
1077 4879 1213 4954 πρὸς
1264 4884 1372 4935 τῶν
1431 4877 1833 4955 πηδαλιούχων

215 4956 416 5021 ἰθύνετο.
472 4969 571 5022 Ἦν
615 4962 660 5020 δ’
714 4967 902 5028 αὐτοῖς
955 4967 1019 5022 τὸ
1099 4967 1462 5043 βουλόμενον,
1520 4964 1830 5024 έπιϐιϐἀσαι

213 5048 294 5114 τὴν
343 5055 535 5128 τριήρη
591 5057 692 5108 τοῦ
748 5052 1063 5131 πλοιαρίου,
1103 5053 1174 5110 τίν⁹
1226 5057 1356 5114 αὐτὸ
1412 5055 1684 5133 καταδύσῃ
1741 5057 1832 5112 καὶ

216 5135 292 5191 σὺν
331 5145 403 5212 τῷ
453 5142 666 5217 βασιλεῖ
707 5146 1007 5215 ποιήσηται
1059 5141 1422 5222 ὑποϐρύχιον.
1466 5149 1556 5210 Ὠς
1597 5146 1644 5203 δ’
1692 5145 1834 5202 εἶδον

214 5225 294 5312 την
341 5235 432 5300 τῆς
480 5233 742 5308 τριήρους
793 5230 1054 5310 ἐπιφορὰν
1105 5235 1162 5289 οἱ
1216 5240 1296 5309 τῷ
1352 5239 1639 5312 κρατοῦντι
1700 5255 1834 5309 συμ·

216 5310 460 5401 πλέοντες,
518 5319 804 5397 ἀνέκραξάν
883 5342 942 5376 τε
1027 5322 1116 5378 καὶ
1204 5310 1421 5401 ἐπέχειν
1507 5323 1830 5401 θρασύτερον

221 5398 493 5479 ἰξεῦόησαν,
541 5409 631 5465 καὶ
703 5410 1053 5486 μετατρέπειν
1109 5411 1236 5475 τοὺς
1291 5398 1499 5477 οἰακας.
1555 5419 1682 5476 Ταῖς
1738 5398 1828 5469 οὖν

218 5486 399 5550 ἐκείνων
460 5498 610 5573 βοαῖς
684 5496 865 5575 ὥσπερ
945 5493 1402 5575 ἐμϐροντηθέντες
1461 5504 1518 5558 οἱ
1576 5501 1664 5558 ἐπὶ
1720 5507 1828 5559 τῶν

221 5577 389 5669 gldme
443 5586 604 5659 (θείας
657 5583 703 5640 δ’
761 5587 828 5655 ἦν
884 5588 948 5642 τὸ
1003 5588 1216 5662 ξύμπαν
1274 5592 1644 5669 προμηθείας)
1700 5591 1829 5648 ἀπε-

222 5659 482 5732 δειλίασαν.
510 5675 609 5731 Καὶ
640 5675 784 5731 οὕτω
828 5675 922 5732 τὸν
977 5659 1226 5737 κίνδυνον
1282 5659 1329 5738 6·
1361 5659 1636 5760 βασιλεὺς.
1669 5680 1832 5762 ἔκφυ·

1949 3283 2266 3338 honoribus
2295 3281 2593 3353 spoliarat,
2619 3281 2718 3352 qui
2752 3279 2921 3334 multi
2944 3278 3264 3348 fuerunt,in
3295 3278 3590 3348 integrum

1949 3373 2223 3427 restituit.
2280 3373 2388 3428 Sed
2431 3387 2636 3443 parum
2692 3370 2898 3434 abfuit,
2979 3369 3122 3439 quin
3184 3383 3283 3437 per
3343 3366 3590 3420 insidias

1948 3461 2440 3531 submergeretur.
2474 3464 2619 3514 Nam
2677 3475 2811 3514 cum
2870 3459 2927 3511 in
2979 3455 3321 3527 Manganico
3377 3452 3590 3523 palatio

1948 3554 2164 3620 ageret,
2197 3549 2482 3619 conjurati
2518 3549 2739 3602 ratione
2771 3545 2938 3614 inita,
2998 3545 3044 3599 si
3097 3544 3145 3598 ei
3205 3541 3497 3597 tumultus
3529 3542 3588 3596 in

1950 3637 2072 3691 foro
2105 3637 2267 3692 urbis
2299 3637 2686 3701 nuntiaretur,
2738 3635 2935 3689 statim
2996 3633 3142 3688 mari
3201 3632 3258 3685 in
3310 3647 3588 3701 magnam

1947 3726 2164 3796 regiam
2224 3724 2636 3790 transiturum,
2710 3728 3007 3786 curarant,
3089 3725 3154 3775 ut
3212 3720 3590 3790 imperatoria

1946 3814 2224 3884 triremis,
2258 3813 2533 3884 illiusque
2572 3812 3013 3884 gubernatores,
3063 3809 3163 3880 qui
3222 3807 3591 3880 protocarabi

1945 3902 2120 3974 vulgo
2150 3901 2539 3975 appellantur,
2572 3906 2628 3957 et
2655 3901 2715 3955 in
2773 3897 3190 3969 conjuralionis
3251 3899 3588 3953 societatem

1947 3993 2110 4048 asciti
2143 3996 2327 4057 erant,
2362 3992 2654 4047 abessent.
2697 3989 3036 4060 Imperator,
3070 3987 3270 4043 audito
3302 3985 3588 4055 tumultu,

1946 4082 2181 4137 rectain
2214 4080 2430 4152 regiam
2452 4081 2786 4137 abeundum
2825 4094 2955 4134 esse
3001 4077 3252 4132 censuit.
3309 4075 3421 4130 Sed
3453 4090 3588 4129 cum

1945 4170 2324 4242 imperatoria
2353 4169 2610 4225 triremis
2628 4169 2708 4223 ibi
2730 4183 2845 4222 non
2864 4164 3588 4237 inveniretur,proximum

1947 4259 2206 4316 lembum
2239 4257 2592 4317 conscendit.
2629 4259 2784 4312 Inter
2833 4255 3224 4327 navigandum
3246 4271 3382 4310 vero
3410 4253 3588 4310 etiam

1947 4349 2110 4404 navis
2143 4347 2522 4420 imperatoria
2551 4344 2844 4418 apparuit,
2874 4361 3002 4416 quas
3027 4343 3313 4415 frequenti
3345 4343 3588 4414 remigio

1945 4444 2004 4495 et
2033 4435 2362 4494 vehementi
2393 4436 2616 4507 impetu
2650 4434 2863 4488 ﬂuctus
2883 4449 3149 4503 secans,a
3174 4431 3589 4505 gubernatori-

1946 4527 2057 4582 bus
2089 4533 2242 4581 recta
2271 4525 2341 4580 ad
2370 4524 2627 4580 lembum
2657 4521 3040 4594 dirigebatur,
3097 4537 3164 4576 eo
3221 4519 3486 4587 consilio,
3520 4524 3588 4573 ut

1942 4615 2040 4671 illo
2071 4630 2388 4687 suppresso
2436 4613 2765 4685 imperator
2811 4612 3264 4682 demergeretur.
3315 4609 3394 4664 lis
3449 4623 3584 4663 vero

1944 4705 2043 4777 qui
2077 4721 2211 4760 cum
2242 4720 2308 4759 eo
2336 4702 2716 4771 vehebantur,
2749 4699 3234 4764 exclamantibus,
3293 4702 3350 4752 et
3406 4696 3586 4751 confi-

1942 4793 2176 4848 dentius
2206 4789 2680 4857 vociferantibus,
2714 4794 2778 4843 ut
2797 4787 3066 4842 inhibitis
3095 4785 3273 4840 remis
3295 4787 3588 4857 guberna-

1941 4881 2074 4938 cula
2103 4883 2501 4936 converterent
2525 4896 2538 4947 ;
2571 4879 2992 4950 gubernatores
3010 4873 3166 4930 velut
3190 4873 3446 4944 attoniti,
3469 4872 3584 4928 Deo

1941 4968 2293 5036 itavolente,
2327 4969 2667 5038 paruerunt.
2725 4966 2818 5019 Sic
2872 4960 3128 5034 periculo
3177 4962 3410 5031 evitato,
3471 4976 3586 5032 quo

1941 5063 2111 5130 pacto
2141 5062 2199 5113 et
2224 5074 2257 5112 a
2287 5056 2504 5128 quibus
2536 5058 2747 5126 paratas
2779 5057 2972 5108 essent
3027 5051 3256 5108 insidiae
3293 5049 3582 5124 cognovit,

1941 5165 2006 5203 ao
2037 5151 2235 5203 sontes
2266 5145 2435 5202 bonis
2465 5145 2748 5199 duntaxat
2778 5141 3070 5214 ademptis
3127 5140 3289 5196 ultus
3326 5146 3432 5195 est.
3464 5137 3584 5193 Etsi

1941 5240 2137 5292 autem
2169 5251 2239 5291 ex
2262 5241 2524 5291 veterum
2557 5233 2848 5287 Ducarum
2894 5231 3231 5299 Andronici,
3265 5227 3585 5294 Pantherii,

1941 5330 1999 5381 et
2028 5323 2389 5381 Constantini
2422 5321 2644 5378 familia
2672 5337 2732 5376 se
2762 5325 2954 5375 ortum
3015 5335 3143 5374 esse
3200 5318 3582 5392 gloriabatur,

1941 5419 2135 5470 tamen
2158 5429 2285 5469 eam
2320 5411 2620 5478 familiam,
2654 5426 2788 5465 cum
2829 5409 3247 5464 Constantinus
3296 5410 3380 5476 (ut
3408 5421 3590 5475 supra

1942 5504 2161 5559 dictum
2185 5504 2296 5573 est)
2329 5517 2573 5574 regnum
2606 5498 2956 5566 affectasset,
3014 5494 3394 5553 Constantino
3452 5492 3586 5548 Por-

1939 5593 2321 5667 pbyrogenito
2369 5590 2738 5662 imperatoris
2795 5588 3004 5643 Leonis
3071 5583 3405 5656 Philosophi
3463 5582 3585 5638 filio

1938 5687 2242 5756 regnante,
2273 5684 2330 5738 et
2358 5680 2432 5737 ob
2461 5679 3099 5750 immaturamptatem
3129 5674 3321 5732 adhuc
3360 5671 3472 5730 sub
3494 5675 3584 5728 tu-
