4036 6206
419 347 532 407 251

1771 342 2099 404 JOANNIS
2143 343 2486 403 ZONARAE

3682 349 3785 409 252

427 477 659 534 toribus
720 480 944 549 agente,
987 477 1256 534 funditus
1313 491 1572 533 eversam
1630 491 1760 532 esse
1824 477 2071 541 constat,

2193 475 2320 547 γὼν,
2367 471 2515 535 ὅπως
2571 492 2630 527 τε
2676 471 2766 527 καὶ
2821 473 2950 548 παρ’
3007 469 3079 525 ὧν
3123 473 3159 540 ἠ
3218 467 3480 542 ἐπιϐουλή
3536 479 3785 533 συνεσκεύ-

426 566 588 622 nullo
617 583 778 622 mare
808 566 1030 622 relicto.
1063 568 1251 638 Hujus
1282 566 1462 638 igitur
1476 566 1748 637 majores,
1772 568 1836 619 ut
1865 565 2068 634 fertur,

427 673 460 711 a
491 657 710 712 femina
741 657 994 728 quadam
1027 656 1311 727 originem
1362 655 1674 710 duxerunt.
1733 653 1897 709 Unde
1953 669 2068 707 non

427 761 744 816 germanus
802 747 991 800 Ducas
1051 746 1419 814 censebatur,
1497 745 1596 799 sed
1676 742 2068 814 promiscuus,

428 835 772 906 cognatione
805 834 902 890 illa
932 834 1088 889 velut
1117 834 1464 889 adulterata.
1491 835 1690 905 Itaque
1721 851 1754 888 a
1777 832 2072 905 plerisque

427 939 543 978 non
576 924 728 978 πη
762 928 970 988 Ducas,
1003 923 1104 977 sed
1139 922 1403 978 Ducitzes
1461 939 1564 994 per
1620 921 2069 976 diminutionem

426 1012 763 1067 vocabatur.
823 1011 1106 1066 Caeterum
1191 1011 1279 1066 vir
1331 1011 1462 1083 pius
1521 1011 1630 1066 fuit
1677 1025 1815 1082 erga
1867 1014 2070 1077 Deum,

429 1101 692 1156 moribus
725 1099 1346 1171 commodis,justitim
1403 1117 1632 1165 amans,
1690 1098 1788 1155 sed
1835 1097 2072 1170 ingenio

427 1190 596 1246 tardo
642 1193 699 1245 et
745 1189 976 1257 hebeti;
1019 1195 1076 1244 et
1104 1195 1170 1245 ut
1216 1190 1288 1246 iis
1345 1189 1760 1258 delectabatur,
1821 1203 2074 1259 quorum

430 1283 692 1350 spectata
718 1284 844 1334 erat
900 1279 1224 1351 integritas,
1255 1279 1338 1334 sic
1385 1278 1694 1350 pecuniam
1727 1293 1905 1349 supra
1945 1291 2075 1329 mo-

431 1367 573 1421 dum
621 1368 879 1434 amabat,
959 1372 1015 1422 et
1103 1366 1358 1422 rationes
1415 1367 1798 1438 excogitabat,
1857 1364 2074 1436 quibus

433 1456 652 1511 multos
683 1457 993 1511 thesauros
1020 1462 1404 1511 coacervaret.
1425 1455 1813 1519 Quamobrem
1845 1453 2076 1508 duabus

434 1548 609 1602 rebus
640 1563 916 1618 magnum
964 1547 1256 1619 impendit
1313 1547 1599 1613 studium,
1656 1560 1907 1616 quarum
1961 1559 2078 1598 una

434 1640 576 1701 erat,
613 1639 676 1690 ut
699 1634 935 1706 publica
955 1635 1262 1707 vectigalia
1292 1640 1548 1706 augeret,
1580 1651 1766 1705 eaque
1800 1633 1872 1688 de
1902 1648 2079 1687 causa

436 1723 631 1780 curias
658 1723 984 1779 rationibus
1026 1725 1356 1795 quaestoriis
1404 1723 1728 1778 destinatas
1772 1720 2077 1793 quibusvis

433 1814 745 1880 vendebat,
776 1819 834 1868 et
871 1813 1239 1885 vectigalium
1290 1813 1691 1869 collectionem
1749 1810 2080 1883 publicanis

439 1919 568 1958 cum
602 1910 766 1972 pacto
789 1903 1030 1958 auctarii
1061 1904 1360 1970 credebat;
1393 1902 1593 1971 altera,
1654 1906 1719 1956 ut
1748 1905 2080 1956 controver-

442 1992 558 2047 sias
583 1993 830 2060 audiret,
854 1996 911 2047 et
939 1993 1171 2047 decreta
1209 1991 1508 2047 scriberet.
1567 1990 1783 2046 Verum
1841 1989 1900 2044 in
1947 1989 2084 2059 jure

441 2081 688 2136 dicendo
721 2097 835 2136 non
867 2097 1099 2152 semper
1128 2081 1462 2152 przescripta
1489 2080 1686 2153 legum
1718 2079 2086 2146 observabat,

445 2169 545 2225 sed
578 2169 792 2226 alicubi
831 2170 1009 2225 etiam
1069 2173 1195 2225 erat
1249 2185 1354 2241 pro
1408 2169 1632 2224 ratione
1673 2167 1964 2233 voluntas,
2024 2169 2090 2220 ut

447 2259 823 2315 commutatis
853 2258 1094 2315 calculis
1125 2259 1184 2314 in
1216 2258 1651 2331 pronuntiando
1706 2270 2088 2328 personarum

447 2349 732 2404 rationem
764 2349 1026 2404 haberet.
1048 2349 1180 2404 Jain
1198 2352 1262 2403 ut
1291 2353 1415 2404 erat
1430 2351 1602 2403 tenax
1631 2351 1687 2402 et
1718 2359 2088 2418 parcus,cum

446 2435 643 2494 animo
673 2454 782 2493 suo
812 2438 1138 2508 constituit,
1171 2437 1326 2493 nolle
1355 2453 1416 2493 se
1446 2435 1614 2492 bellis
1643 2432 2092 2504 conﬂictari,sed

445 2531 649 2598 gentes
681 2527 1027 2582 muneribus
1070 2532 1126 2582 et
1157 2527 1286 2582 aliis
1343 2524 1638 2598 obsequiis
1690 2523 2004 2591 devincire,
2034 2525 2093 2578 et

448 2619 712 2671 Romano
740 2615 985 2686 imperio
1033 2613 1446 2683 reconciliare;
1479 2631 1596 2685 qua
1653 2630 1714 2670 re
1769 2614 1884 2668 duo
1941 2628 2096 2667 com-

450 2704 625 2760 moda
651 2704 996 2772 venabatur,
1022 2703 1271 2759 alterum
1307 2719 1379 2759 ne
1410 2702 1578 2774 plura
1608 2703 1668 2756 in
1717 2699 2096 2773 expeditioni-

452 2795 563 2848 bus
594 2797 1002 2848 consumeret:
1037 2796 1312 2858 alterum,
1342 2797 1409 2846 ut
1441 2807 1542 2864 per
1573 2806 1876 2846 summum
1907 2787 2093 2843 otium

451 2879 825 2937 cumulandis
873 2880 1170 2936 thesauris
1235 2879 1586 2952 invigilaret.
1637 2881 1721 2934 Ita
1778 2879 1974 2946 fiebat,
2033 2879 2098 2932 ut

450 2969 737 3026 militares
750 2968 1042 3040 catalogos
1081 2968 1419 3041 negligeret,
1444 2984 1510 3024 ac
1530 2967 1722 3040 potius
1748 2968 2096 3023 fortissimos

451 3075 714 3130 quosque
744 3059 816 3114 ob
853 3057 1130 3129 stipendii
1163 3057 1627 3130 magnitudinem
1660 3056 1897 3113 deleret.
1933 3055 2097 3111 Unde

451 3148 688 3203 Barbari
723 3148 1032 3204 ferociores
1063 3147 1420 3202 evadebant:
1455 3148 1723 3202 Romanae
1752 3162 1887 3202 vero
1915 3145 2096 3217 legio-

453 3252 559 3293 nes
589 3237 916 3293 timidiores
946 3242 1004 3293 et
1033 3236 1400 3304 humiliores,
1437 3240 1612 3308 atque
1639 3235 1954 3307 imperium
1981 3216 2096 3289 mi-
2129 3216 2172 3283 C

455 3326 766 3381 nuebatur.
800 3325 947 3381 Nam
980 3325 1179 3381 multa;
1237 3331 1364 3380 tum
1425 3323 1749 3380 Orientales
1793 3324 2103 3396 provincias

455 3415 671 3487 partim
722 3415 1154 3487 diripiebantur
1209 3419 1266 3469 et
1311 3415 1718 3480 vastabantur,
1769 3413 1980 3486 partim
2032 3412 2104 3468 ab

457 3504 728 3560 hostibus
759 3503 1218 3574 occupabantur.

2179 581 2330 630 αστο,
2385 559 2542 637 ἔγνω,
2601 560 2692 614 καὶ
2763 559 2888 622 τοὺς
2961 559 3168 622 αἰτίους
3249 559 3493 632 ἠμύνατο
3567 567 3786 638 στερήσει

2183 650 2319 724 μόνῃ
2369 654 2475 704 τῶν
2527 650 2746 705 οὐσιῶν.
2782 649 2954 712 Οὗτος
3003 651 3031 704 6
3085 646 3336 724 βασιλεὺς
3382 648 3538 725 ηὔχει
3588 653 3695 723 μὲν,
3724 655 3787 716 ὡς

2179 739 2264 793 ἐπὶ
2306 739 2599 814 προγόνοις
2642 744 2759 801 τοῖς
2805 737 2974 792 πάλαι
3030 737 3100 811 τῇ
3144 743 3250 792 τῶν
3282 740 3492 793 Δουκῶν
3543 743 3789 814 xu).an

2177 849 2292 890 νοις
2376 827 2676 900 ἆπωνυμίᾳ,
2732 832 2812 899 τῷ
2868 826 3196 903 Ἀνδρονίκῳ
3279 824 3516 899 δηλαδὴ,
3564 829 3648 883 καὶ
3723 831 3792 904 τῷ

2181 917 2493 993 Πανθηρίῳ,
2525 917 2615 971 καὶ
2671 915 2757 971 ἰπὶ
2813 915 3028 980 τούτοις
3074 921 3152 988 τῷ
3202 917 3606 989 Κωνσταντίνῳ.
3635 918 3794 974 Ἀλλὰ

2177 1010 2275 1061 τοῦ
2329 1007 2518 1080 γὲνους
2567 1005 2780 1061 ἕκείνων
2830 1004 2999 1060 πάλαι
3056 1006 3271 1060 πανοικὶ
3333 1003 3791 1079 ἐξολοθρευθεντος,

2182 1095 2272 1148 ὅτε
2326 1095 2354 1148 6
2409 1096 2814 1157 Κωνσταντῖνος
2893 1091 3161 1171 τυραννίδι
3247 1093 3649 1170 ἰπικεχείρηκεν
3710 1097 3794 1168 (ὡς

2181 1181 2481 1256 ἔμπροσθεν
2531 1179 2763 1259 εἶ’ρηται)
2820 1187 2918 1238 τοῦ
2983 1185 3496 1261 Πορφυρογεννήτου
3547 1189 3797 1240 Κώνσταν-

2180 1269 2332 1326 τίνου
2360 1269 2456 1326 τοῖ’)
2487 1269 2679 1334 παιδὸς
2707 1276 2804 1326 τοῦ
2835 1270 3060 1333 ἄνακτος
3086 1274 3341 1338 Λέοντος,
3367 1272 3465 1326 τοῦ
3509 1267 3797 1352 Φιλοσόφου

2184 1360 2353 1436 φημὶ,
2390 1359 2790 1437 βασιλεύοντος,
2849 1360 2939 1416 καὶ
3002 1361 3106 1416 ὑπὸ
3166 1360 3493 1437 ἰπιτρόπους
3545 1359 3800 1425 τελοῦντος

2186 1448 2262 1506 ἔτι
2323 1447 2413 1504 διὰ
2450 1451 2548 1518 τὴν
2600 1451 2926 1521 νηπιότητα,
2968 1451 3057 1505 καὶ
3114 1447 3349 1524 μηδενὸς
3403 1449 3619 1526 ἄῤῥενος
3671 1472 3800 1526 περι-

2187 1538 2522 1615 λειφθὲντος.
2558 1541 2651 1596 Ἐκ
2705 1538 2931 1610 θηλείας
2983 1539 3153 1610 τινὸς,
3187 1540 3260 1600 ὡς
3321 1537 3506 1615 λόγος,
3538 1539 3587 1593 οἱ
3632 1541 3802 1594 τούτου

2186 1631 2491 1703 κατήγοντο
2545 1627 2826 1704 πρόγονοι,
2877 1627 2996 1683 ὅθεν
3077 1625 3205 1682 οὗδὶ
3257 1631 3466 1688 Δοῦκας
3524 1625 3800 1704 λελόγιστο,

2187 1718 2435 1794 καθαρὸς,
2482 1716 2608 1773 ἀλλ’
2652 1717 2934 1790 ἐπίμικτος
2985 1717 3074 1772 καὶ
3133 1712 3632 1789 κεκιϐδηλευμὲνην
3679 1714 3800 1792 ἔχων

2113 1809 2285 1913 Βτὴν
2344 1807 2480 1882 πρὸς
2536 1805 2664 1869 τοὺς
2731 1805 2934 1868 Δούκας
3004 1807 3337 1881 συγγένειαν.
3397 1806 3489 1859 Διὸ
3553 1805 3637 1858 καὶ
3702 1810 3800 1866 τοῖς

2232 1893 2252 1913 \
2305 1895 2315 1913 Ι
2529 1895 2542 1913 ε
2619 1903 2630 1913 ι
2693 1894 2706 1913 I
2902 1904 2914 1913 ι
3040 1894 3051 1913 Ι
3089 1900 3116 1913 υ
3246 1896 3358 1913 Ιμ-νηε
3416 1891 3460 1913 δε
3526 1895 3539 1913 ε
3738 1893 3783 1913 bl

2188 1893 2432 1951 πλείοσιν
2487 1895 2550 1949 ού
2607 1894 2832 1966 Δούκας,
2891 1894 3185 1964 Δουκίτζης
3413 1891 3460 1948 δ’
3521 1893 3806 1970 ὑποκοριζό-

2195 2005 2354 2059 μενος
2410 1982 2787 2058 ἐπωνόμαστο.
2846 1985 2948 2041 Ἦν
3007 1981 3066 2039 δὶ
3121 1985 3148 2038 ὁ
3203 1983 3345 2060 ἀνὴρ
3395 1984 3463 2038 τὰ
3513 1983 3643 2058 πρὸς
3693 1984 3801 2037 Θεὸν

2195 2070 2440 2142 εὐσεϐὴς,
2497 2074 2559 2128 τὸ
2633 2073 2768 2141 ἦθος
2835 2072 3098 2144 ἐπιεικὴς,
3158 2070 3512 2143 δικαιοσύνης
3583 2072 3802 2147 ἐραστὴς,

2194 2165 2293 2232 τήν
2351 2163 2575 2237 γνώμην
2628 2159 2687 2216 δὶ
2738 2163 2948 2238 νωθρὸς
3017 2161 3107 2216 καὶ
3158 2157 3406 2235 ἀμϐλὺς,
3465 2160 3662 2236 χαίρων
3712 2165 3807 2220 τοῖς

2199 2248 2287 2304 ἐπὶ
2372 2248 2492 2317 βίου
2572 2249 3033 2324 μαρτυρουμένοις
3120 2249 3438 2322 σεμνότητι,
3498 2247 3722 2310 ἐκτόπως
3771 2245 3808 2301 δ’

2200 2338 2661 2413 ἐρασιχρήματος,
2721 2337 2810 2392 καὶ
2893 2340 3096 2415 πόρους
3173 2337 3410 2394 ὶπινοῶν
3496 2337 3639 2401 ὅπως
3688 2338 3810 2410 αύτῷ

2198 2429 2433 2506 γένοιντο
2499 2425 2704 2483 πολλοὶ
2769 2427 3050 2503 θησαυροί.
3101 2429 3258 2485 Ὅθεν
3323 2427 3414 2482 καὶ
3466 2429 3571 2504 πρὸ
3621 2428 3809 2482 πάντων

2202 2517 2278 2580 εἰς
2337 2515 2432 2572 δύο
2488 2517 2654 2571 ταῦτα
2707 2515 2974 2571 κατέτεινε
3023 2518 3122 2587 τὴν
3181 2514 3454 2588 σπουδὴν,
3507 2514 3588 2578 εἵς
3637 2536 3690 2570 τε
3731 2516 3812 2584 τὴν

2200 2611 2307 2661 τῶν
2341 2604 2623 2679 δημοσίων
2654 2601 2835 2682 φόρων
2867 2606 3179 2677 ἐπαύξησιν,
3218 2603 3306 2660 διὸ
3364 2606 3456 2661 καὶ
3509 2605 3575 2661 τὰ
3627 2605 3812 2680 ἀρχεῖα,

2200 2697 2270 2750 τὰ
2297 2694 2423 2757 τοὺς
2467 2694 2804 2774 φορολόγους
2853 2693 3353 2771 λογοπραττοῦντα,
3386 2695 3570 2766 ὠνητὰ
3615 2699 3813 2770 παρεῖχε

2201 2790 2317 2846 τοῖς
2373 2782 2754 2860 βουλομένοις,
2799 2783 2887 2838 καὶ
2939 2782 3204 2845 τελώναις
3258 2786 3363 2853 τήν
3419 2782 3689 2858 συλλογὴν
3729 2786 3815 2837 τῶν

2205 2872 2384 2951 φόρων
2441 2870 2529 2927 ἰπὶ
2587 2873 2876 2942 συνθήκαις
2932 2875 3257 2948 προσθηκῶν
3321 2871 3636 2928 ἐνεπίστευε.
3690 2874 3816 2941 Πρῶ.

2202 2983 2294 3017 τον
2360 2962 2454 3034 μὲν
2511 2958 2602 3015 οὖν
2654 2962 2804 3015 τοῦτ’
2836 2959 3019 3034 ἐκείνῳ
3076 2961 3142 3028 ἦν
3199 2959 3526 3034 σπούδασμα
3559 2957 3817 3034 ’δεύτερον

2207 3049 2264 3107 δὲ
2308 3047 2472 3105 δικῶν
2497 3045 2750 3126 ἀκρόασις
2807 3049 2898 3104 καὶ
2954 3050 3300 3128 ψηφίσματα.
3347 3049 3420 3106 Οὐ
3478 3051 3611 3104 πάνυ
3665 3045 3716 3103 δὲ
3760 3049 3816 3119 τῇ

2206 3135 2453 3214 ἀκριϐείᾳ
2507 3145 2769 3215 προσεῖχε
2825 3137 3081 3209 δικάζων,
3125 3137 3252 3194 ἀλλ’
3283 3139 3510 3215 ἐνιαχοῦ
3559 3138 3640 3193 καὶ
3693 3135 3822 3206 ἐνηυ-

2213 3231 2404 3301 θὲντει,
2445 3229 2531 3284 καὶ
2583 3228 2678 3291 τὰς
2723 3229 2937 3306 ψήφους
2989 3226 3327 3300 ὑπήλλαττε,
3379 3229 3515 3305 πρὸς
3569 3226 3632 3282 τᾶ
3680 3225 3818 3302 πρόσ-

2212 3341 2335 3374 ωπα
2379 3319 2476 3381 τὰς
2519 3317 2817 3396 ἀποφάσεις
2867 3317 3175 3391 τιθέμενος,
3209 3315 3490 3394 Γλίσχρος
3545 3314 3600 3371 δὲ
3643 3312 3819 3388 τυγχά-

2213 3430 2319 3462 νων
2394 3407 2483 3463 καὶ
2557 3404 2846 3485 φειδωλὸς,
2898 3401 3047 3470 ἔθετο
3102 3407 3228 3476 παρ’
3287 3407 3463 3478 ἑαυτῷ
3521 3406 3594 3479 μὴ
3651 3404 3823 3477 μάχαις

2214 3498 2348 3572 πρὸς
2380 3497 2446 3550 τὰ
2473 3491 2596 3566 ἔθνη
2645 3495 3063 3572 συρῤήγνυσθαι,
3097 3494 3245 3551 ἀλλὰ
3298 3492 3499 3570 δώροις
3554 3494 3640 3548 καὶ
3691 3489 3824 3568 φιλοο

459 3589 748 3668 φροσύναις
782 3587 978 3652 ἄλλαις
1013 3589 1145 3645 αὐτὰ
1174 3588 1524 3662 οἰκειοῦσθαι,
1556 3589 1646 3644 καὶ
1676 3587 2062 3645 καταλλάττειν
2094 3591 2162 3661 τῇ
2192 3585 2479 3658 Ῥωμαίων
2509 3585 2680 3660 ἀρχῇ.
2712 3585 2815 3639 Δύο
2847 3583 3081 3649 ὶντεῦθεν
3121 3589 3288 3638 ταῦτα
3343 3583 3619 3657 μνώμενος
3657 3582 3824 3650 ἑαυτῷ,

458 3667 520 3734 τό
566 3699 624 3734 τε
676 3679 751 3752 μὴ
796 3677 973 3734 πλείω
1024 3675 1260 3750 δαπανᾷν
1306 3677 1357 3734 ἐν
1404 3677 1788 3755 ἐκστρατείαις,
1820 3678 1910 3732 καὶ
1957 3679 2019 3733 τὸ
2069 3675 2226 3738 αὐτὸς
2257 3677 2503 3750 ἠρεμεῖν,
2541 3675 2630 3728 καὶ
2661 3673 2952 3750 σχολάζειν
2986 3673 3060 3736 ὡς
3089 3673 3284 3727 ἐπίπαν
3311 3677 3423 3728 τῶν
3453 3671 3738 3750 χρημάτων
3771 3667 3827 3737 τῇ

461 3765 734 3842 συλλογῇο
769 3765 852 3822 διὸ
908 3768 998 3822 καὶ
1049 3773 1156 3823 τῶν
1217 3773 1616 3844 στρατιωτικῶν
1677 3766 1999 3842 καταλόγων
2057 3763 2359 3840 ἠμέλησεν,
2391 3764 2425 3833 ἢ
2462 3761 2674 3836 μᾶλλον
2731 3760 2978 3826 πολλοὺς
3024 3761 3268 3824 καὶτοὺς
3323 3757 3827 3844 γενναιοτέρους

465 3839 789 3934 ἀπογραφῶν
843 3855 1115 3930 ἀπήλειψε
1163 3854 1253 3911 διὰ
1284 3839 1360 3912 ⁷τὸ
1415 3858 1766 3932 βαρύμισθον.
1799 3839 1960 3911 ’Ὼστε
2007 3839 2320 3928 συμϐαίνειν
2374 3851 2724 3928 θρασύνεσθαι
2761 3851 2854 3924 μὶν
2895 3852 2958 3906 τὸ
3010 3845 3363 3927 βαρϐαρικὸν,
3399 3846 3758 3909 συστέλλεσθαι
3784 3839 3830 3896 δὶ

466 3947 556 4000 καὶ
614 3947 1030 4001 καταπονεῖσθαι
1089 3947 1156 4000 τὰ
1200 3950 1307 4000 τῶν
1357 3946 1642 4018 Ῥωμαίων
1691 3945 2082 4021 στρατεύματα,
2112 3943 2203 3998 καὶ
2256 3943 2536 4017 μειοῦσθαι
2575 3943 2675 4011 τὴν
2707 3941 3002 4016 ἡγεμονίαν
3023 3940 3122 4009 τήν
3154 3940 3493 4012 Ῥωμαϊκήν.
3528 3934 3722 3994 Πολλαὶ
3747 3947 3830 4008 γαρ

470 4033 594 4088 τότε
639 4038 747 4089 τῶν
807 4035 990 4106 Ἐῴων
1049 4035 1249 4110 χωρῶν
1305 4035 1360 4088 αἱ
1419 4035 1514 4108 μὲν
1573 4033 1858 4106 ἐληΐζοντο
1915 4034 2006 4090 καὶ
2064 4033 2140 4096 είς
2200 4032 2500 4110 ἀφανισμὸν
2548 4029 2935 4106 προύχώρουν,
2967 4029 3023 4084 αἱ
3075 4026 3133 4083 δὲ
3159 4027 3249 4083 καὶ
3280 4029 3385 4084 ὑπὸ
3411 4027 3537 4090 τοὺς
3563 4021 3833 4097 πολεμίους

475 4121 730 4200 ἐγίνοντο.

545 4213 641 4270 ΙΧ.
672 4213 871 4285 Neque
901 4213 1080 4269 etiam
1111 4213 1169 4268 in
1221 4213 1558 4271 Occidente.
1586 4213 1785 4270 omnia
1809 4231 1872 4271 se
1912 4215 2083 4271 rectis

2297 4211 2369 4268 Θ’.
2404 4208 2502 4264 Καὶ
2554 4209 2624 4265 τὰ
2683 4209 2776 4282 μὲν
2800 4209 2936 4280 πρὸς
2967 4208 3259 4284 ἀνίυχοντα
3291 4206 3454 4277 ἥλιον
3497 4205 3661 4266 οὕτως
3710 4199 3835 4285 εἶχον

473 4303 621 4360 sime
651 4283 965 4370 habebant,
996 4304 1069 4358 ob
1103 4301 1356 4358 militum
1387 4309 1444 4359 et
1475 4303 1829 4375 paucitatem
1861 4308 1918 4360 et
1946 4304 2083 4376 igna

2224 4303 2425 4368 κακῶς,
2456 4298 2525 4354 τὰ
2568 4295 2614 4353 δ’
2647 4296 2888 4374 Εσπὲρια
2933 4296 3022 4352 καὶ
3064 4283 3232 4351 ταῦτα
3277 4301 3459 4358 κακῶς
3507 4291 3718 4366 ἔπασχε,
3765 4283 3839 4340 διὰ

472 4393 649 4448 viam.
686 4392 829 4448 Uzos
859 4392 1013 4447 enim
1045 4392 1154 4463 (est
1187 4397 1383 4448 autem
1414 4391 1535 4446 hac
1579 4409 1812 4464 quoque
1849 4392 2080 4465 Scythic

2227 4391 2570 4464 στρατιωτῶν
2627 4386 2717 4442 καὶ
2777 4385 2969 4442 σπάσιν
3046 4387 3137 4440 καὶ
3192 4385 3546 4460 ἀχρειότητα.
3601 4383 3703 4438 Τοῦ
3750 4375 3837 4450 γὰρ

473 4497 638 4553 gens,
662 4498 790 4553 quas
818 4481 1143 4537 Patzinacis
1171 4486 1229 4536 et
1256 4480 1489 4552 generis
1519 4481 1854 4552 praestantia
1883 4490 1942 4537 et
1964 4481 2083 4536 mul

2193 4481 2332 4532 ιτῶν
2366 4473 2553 4546 Ούζων
2579 4472 2765 4538 ἔθνους
2801 4477 3025 4550 (Σκύθαι
3067 4474 3158 4528 καὶ
3203 4478 3366 4529 τοῦτο
3413 4473 3522 4528 εστι
3567 4475 3668 4524 τῶν
3720 4472 3840 4522 Πατ-

476 4552 730 4627 titudine
786 4570 904 4626 illis
959 4570 1018 4624 in
1075 4569 1218 4626 locis
1271 4570 1640 4639 antefertur).
1700 4571 1914 4625 Istrum
1982 4587 2083 4625 cur

2231 4566 2479 4635 ζινάκων,
2510 4565 2600 4620 καὶ
2656 4566 2792 4620 κατά
2837 4563 3023 4641 γένους
3067 4562 3342 4640 ὶπεροχήν
3397 4562 3484 4616 καὶ
3541 4558 3671 4614 κατὰ
3719 4552 3841 4621 πλή-

479 4660 759 4716 uxoribus
791 4664 848 4714 et
875 4659 1074 4715 liberis
1104 4642 1481 4728 trajicientes,
1540 4662 1794 4714 rectores
1843 4659 2083 4715 ﬁnitima

2229 4656 2356 4716 θους
2388 4649 2697 4730 ὑπερϐολὴν
2741 4652 2887 4729 παρὰ
2938 4657 3056 4715 τοῖς
3107 4653 3399 4713 Σκυθικοῖς
3449 4647 3836 4726 προτιμώμενον

481 4766 611 4804 rum
658 4748 892 4804 urbium
934 4747 1214 4820 magister
1258 4747 1622 4819 Nicephorus
1661 4749 2016 4816 Botaniates,
2065 4765 2083 4804 ε

2231 4738 2423 4817 ἔθνεσι)
2471 4745 2564 4798 τὸν
2609 4746 2822 4819 ’Ίστρον
2868 4740 3123 4817 παγγενεὶ
3167 4734 3564 4810 διαϐαίνοντος,
3590 4731 3843 4810 ἐπειράθη·

481 4838 762 4908 magister
817 4837 1068 4893 Basilius
1125 4842 1444 4909 Apocapes,
1501 4837 1750 4894 transitu
1816 4838 2083 4909 prohibet

2233 4853 2325 4887 σαν
2381 4833 2474 4906 μὲν
2527 4833 2583 4887 οἱ
2637 4853 2745 4887 των
2803 4830 3137 4906 παριστρίων
3178 4828 3395 4885 πόλεων
3425 4826 3676 4904 ἄρχοντες
3705 4821 3839 4909 (ἦσαγ

483 4927 704 4980 frustra
735 4927 948 4994 conati,
979 4925 1149 4982 victis
1180 4925 1532 4998 legionibus,
1564 4926 1736 4982 ambo
1793 4926 1946 4998 capti
1986 4943 2083 4981 sur

2236 4919 2280 4977 δ’
2307 4905 2455 4977 οὗτοι
2515 4922 2542 4977 ὁ
2604 4920 2896 4997 μάγιστρος
2952 4905 3271 4998 Νικηφόρος
3321 4919 3348 4973 ὁ
3380 4905 3840 4998 Bonnamque?

483 5019 540 5069 et
569 5014 801 5068 abducti
831 5032 865 5070 a
894 5015 1191 5086 Barbaris,
1221 4995 1320 5086 qui
1375 5015 1642 5071 Danubio
1673 4995 1968 5086 superato,
2000 5031 2083 5071 om

2237 5013 2265 5066 6
2300 5011 2596 5086 μάγιστρος
2651 4995 2942 5072 Βασίλειος
2998 5010 3026 5064 6
3079 4995 3420 5079 ’Anoxa'mic)
3476 5002 3705 5079 ἀπεῖρξαι
3753 4995 3843 5086 fg"?

483 5119 617 5159 nem
665 5103 795 5169 ejus
847 5108 1095 5160 tractum
1162 5103 1618 5175 compleverunt.
1671 5083 1814 5158 Nam
1865 5083 2083 5176 pleriqu

2235 5083 2352 5163 toi;
2390 5083 2512 5168 1:13;
2551 5094 2818 5168 διάϐασιν,
2854 5098 2915 5153 ού
2969 5097 3153 5172 μέντοι
3197 5117 3260 5173 γε
3309 5093 3669 5167 ἠδυνήθησαν.
3697 5083 3846 5176 Ἀλλᾶ

485 5192 885 5262 consentiunt,
921 5210 1121 5248 eorum
1155 5193 1252 5264 qui
1310 5210 1474 5248 arma
1507 5193 1652 5247 ferre
1683 5197 1945 5264 possent,
1978 5193 2083 5247 ultr

2240 5188 2508 5262 συμμίξαν
2564 5187 2709 5265 σφίσι
2766 5187 2830 5243 τὸ
2890 5169 3313 5264 βάρϐαρον,
3366 5205 3426 5239 τε
3480 5184 3730 5265 συνοῦσαν,
3767 5169 3844 5228 αὖ·

483 5282 789 5355 sexaginta
809 5282 993 5337 millia
1011 5263 1356 5340 fuisse.Inde
1369 5280 1663 5354 progressi
1679 5263 1748 5338 ex
1776 5281 2083 5339 Macedoni:

2241 5283 2356 5341 τοῖς
2409 5263 2821 5353 κατηγωνίσατο
2879 5275 3154 5352 στρατιὰν,
3211 5272 3301 5330 καὶ
3353 5270 3480 5335 τοὺς
3559 5263 3844 5343 εἰρημένους

1765 5442 1968 5505 Variae
1998 5442 2294 5505 lectiones
2325 5448 2386 5503 et
2413 5446 2604 5504 notae.

557 5598 668 5670 (56)
701 5596 1014 5668 Δουκίτζης.
1051 5597 1131 5655 Ita
1160 5595 1496 5670 appellatur
1515 5595 1574 5653 in
1606 5595 1888 5654 Chronico
1912 5594 2189 5670 annoymi
2218 5594 2492 5652 Barensis
2522 5593 2650 5652 loco
2679 5591 2938 5651 laudato.
2978 5592 3123 5650 Vide
3167 5589 3431 5649 Familia:
3460 5575 3844 5661 Byzantinasin

489 5693 725 5744 Ducena
755 5688 996 5744 familia.
