4036 6206
442 313 562 374 259

1787 311 2113 374 JOANNIS
2157 309 2508 377 ΖΟΝΑΒιΕ

3354 289 3419 304 s"

3717 334 3823 396 260

440 443 708 502 nonnihil
739 446 1180 514 retunderetur,
1203 445 1302 502 illo
1333 445 1731 502 armiseorum
1754 442 2082 500 resistente.

2203 445 2508 522 αφαίρετον.
2541 447 2622 504 Ού
2678 449 2784 525 γᾶρ
2829 446 2902 504 δι’
2930 449 3224 506 ἀκολασίαν
3284 454 3454 525 αὐτήν
3506 478 3678 533 φασιν,
3723 463 3828 520 οὔδ’

441 535 573 590 Fuit
593 539 789 590 autem
821 541 877 590 et
907 552 1119 607 genere
1149 535 1364 590 illustri
1398 539 1652 600 ortus,et
1681 534 1856 588 rebus
1882 548 1952 605 ge
1971 532 2089 588 ntis

441 622 657 679 clarus.
679 625 862 692 Cujus
896 631 1059 696 pater
1087 640 1221 679 cum
1257 623 1499 678 Romani
1533 621 1732 694 Argyri
1758 627 1988 694 neptem
2022 639 2091 676 ex

441 712 617 768 fratre
641 728 875 767 uxorem
927 712 1192 776 haberet,
1249 711 1411 782 regni
1472 709 1724 766 affectati
1767 709 2090 780 convictus,

441 802 701 874 seipsum
737 799 1140 872 praecipitavit,
1178 817 1247 854 ne
1281 799 1706 872 quaestionibus
1767 798 2089 868 adhibitus,

443 898 709 954 conscios
761 898 1004 968 prodere
1062 901 1383 968 cogeretur.
1457 896 1559 952 Hic
1617 912 1751 952 vero
1810 896 2092 967 Diogenes

443 988 740 1043 Romanus
782 986 1220 1042 vestarcharum
1291 986 1568 1057 dignitate
1624 989 1888 1052 ornatus,
1948 991 2003 1040 et
2059 1001 2093 1040 a

443 1081 599 1130 Duca
621 1075 869 1129 Sardieze
894 1075 1012 1129 dux
1065 1075 1404 1146 designatus
1457 1076 1668 1138 fuerat,
1709 1077 1765 1128 et
1805 1089 1936 1128 cum
1976 1073 2093 1129 illic

439 1163 657 1220 alicubi
706 1163 764 1218 in
816 1163 1156 1219 Patzinacas
1204 1164 1528 1228 incidisset,
1602 1162 1803 1217 multis
1862 1162 2090 1229 occisis,

2200 533 2524 628 ἡττηθεῖσαν
2570 533 2803 628 ηδονῇς,
2856 538 3020 628 ἑαυτῇ
3072 542 3448 615 προσαρμόσαι
3514 545 3602 600 τὸν
3655 555 3824 628 Διογέ-

2197 642 2320 713 νην,
2378 620 2507 677 ἀλλ’
2563 625 2638 713 ᾡς
2699 621 2865 700 ἄνδρα
2922 624 3266 703 δραστήριον,
3317 632 3409 685 καὶ
3483 633 3547 688 τὰ
3609 620 3828 713 πολέμια

2200 705 2448 783 δόκιμον,
2497 711 2587 766 καὶ
2629 713 2728 781 τήν
2769 714 2929 789 ἰσχὺν
2979 716 3388 792 ἀπαράμιλλον,
3433 719 3704 793 ἐπιστῆσαι
3742 705 3828 784 ἀΰ.

2199 797 2289 852 τὸν
2321 804 2388 873 τῇ
2425 799 2600 876 ἀρχῇ,
2629 799 2702 855 ἵν’
2749 805 2784 872 ἡ
2842 799 3146 880 βαρϐαρικὴ
3188 808 3330 880 φορὰ
3389 807 3692 886 ἐπισχεθείη
3745 820 3830 872 πό-

2202 908 2331 955 σως,
2387 887 2552 944 αὐτοῦ
2605 891 2821 956 τούτοις
2888 893 3288 969 άντερείσαντος
3338 898 3466 960 τοὺς
3533 901 3825 978 βραχίονας.

2201 987 2298 1040 Ἦν
2332 983 2378 1073 δ’
2407 986 2603 1073 camp
2631 989 2788 1051 οὗτος
2819 990 2910 1045 καὶ
2941 996 3048 1046 τῶν
3100 992 3159 1047 ἰκ
3203 992 3393 1068 γένους
3442 993 3722 1073 λαμπρῶν,
3750 1004 3827 1057 καὶ

2199 1079 2305 1166 τῷν
2335 1070 2639 1166 διαϐοήτων
2668 1077 2755 1132 ἐπὶ
2782 1085 2898 1141 τοῖς
2928 1077 3232 1156 ἀνδραγαθή
3245 1103 3429 1154 μασιν.
3463 1085 3539 1141 Οὗ
3669 1091 3826 1166 πατὴρ

2201 1161 2284 1218 ἐπ’
2314 1161 2672 1242 ἀδελφόπαιδι
2719 1172 2819 1222 τοῦ
2873 1168 3297 1242 βασιλεύσαντος
3357 1171 3529 1228 πάλαι
3581 1181 3671 1230 τοῦ
3713 1161 3829 1234 κατά

2200 1250 2326 1313 τοὺς
2381 1253 2675 1329 Ἀργυροὺς
2731 1255 3013 1330 Ῥωμανοῦ
3090 1257 3360 1330 κηδεστὴς
3446 1264 3693 1336 γεγονὼς,
3751 1269 3827 1321 καὶ

2201 1337 2290 1394 ἐπὶ
2346 1340 2618 1416 τυραννίδι
2674 1341 2862 1414 ἁλοὺς,
2908 1346 3092 1401 ἑαυτὸν
3152 1351 3608 1422 κατεκρήμνισεν,
3635 1351 3716 1408 ’ἱνα
3762 1357 3827 1426 μὴ

2203 1427 2400 1492 ἐκεῖθεν
2449 1431 2738 1504 κρατηθεὶς
2790 1434 3028 1510 γνωρίσῃ
3095 1434 3222 1497 τοὺς
3307 1437 3624 1514 συνίστορας
3672 1440 3832 1512 ἐταζό-

2207 1539 2389 1589 μενος,
2447 1518 2728 1575 κάντεῦθεν
2783 1523 2872 1576 καὶ
2921 1522 3071 1578 οὗτοι
3146 1517 3534 1601 τιμωρηθῶσι.
3592 1530 3830 1602 Τετίμητο

2203 1603 2260 1660 δὲ
2287 1611 2366 1678 τῷ
2396 1612 2502 1661 τῶν
2535 1609 2849 1685 βεσταρχῶν
2899 1612 3186 1686 ἀξιώματι.
3223 1613 3360 1688 Δοὺξ
3411 1617 3517 1690 γὰρ
3570 1619 3707 1692 παρᾶ
3746 1619 3828 1674 τοῦ

2204 1694 2378 1750 Δούκα
2431 1703 2534 1765 τῆς
2581 1695 2855 1770 Σαρδικῆς
2901 1702 3162 1776 γεγονὼς,
3195 1704 3286 1758 καὶ
3341 1705 3693 1774 Πατζινάκαις
3737 1708 3830 1764 ἐκεῖ

442 1785 709 1858 parabat.
745 1785 973 1854 cognito
1007 1784 1379 1856 imperatoris
1411 1784 1594 1839 obitu.
1629 1785 1750 1848 Quo
1773 1786 1900 1854 ejus
1955 1800 2093 1839 con-

2203 1805 2306 1838 που
2359 1785 2692 1862 περιτυχὼν,
2727 1787 2816 1842 καὶ
2873 1789 3088 1851 τούτοις
3140 1786 3471 1864 συμϐαλὼν,
3502 1793 3735 1858 πολλούς
3780 1817 3830 1852 τε

442 1874 572 1931 silio
610 1872 927 1940 intellecto,
987 1872 1326 1944 imperatrix
1399 1889 1532 1928 eum
1603 1872 2094 1944 comprehenden-

2208 1869 2456 1941 διώλεσε,
2515 1874 2603 1929 καὶ
2663 1875 2724 1930 οὐ
2787 1877 2970 1950 μείους
3025 1877 3361 1955 ἐζώγρησεν,
3419 1882 3492 1935 ὧν
3568 1881 3687 1946 τοὺς
3748 1885 3826 1957 μὲν

443 1967 584 2022 dum
615 1967 866 2019 curarat.
899 1965 980 2018 Ita
1012 1964 1069 2018 in
1103 1962 1353 2018 vinculis
1385 1962 1727 2036 Byzantium
1753 1963 2094 2034 perductus,

2205 1961 2516 2026 ἑαλωκότας
2578 1963 2770 2033 ζωοὺς,
2800 1971 2906 2021 τῶν
2968 1965 3014 2022 δ’
3060 1966 3419 2046 ἐσφαγμένων
3472 1971 3566 2033 τὰς
3620 1971 3825 2050 κεφαλὰς

443 2052 720 2108 facinoris
751 2052 1134 2122 convincitur,
1149 2057 1208 2107 et
1239 2056 1304 2106 ut
1333 2051 1643 2106 insidiator
1672 2052 2094 2107 condemnatus

2207 2050 2418 2113 στείλας
2458 2057 2539 2125 τῷ
2599 2052 2832 2127 βασιλεῖ,
2867 2056 3182 2132 Βεστάρχης
3237 2059 3532 2131 τετίμητο,
3562 2059 3827 2135 γράψαντος

444 2143 603 2198 intra
633 2143 1006 2214 praescriptos
1037 2141 1254 2196 limites
1312 2147 1626 2196 coercetur.
1693 2141 1905 2196 Deinde
1965 2158 2094 2196 rur-

2207 2138 2263 2193 δὲ
2304 2141 2400 2194 τοῦ
2448 2145 2776 2216 κρατοῦντος
2810 2134 2974 2216 αὐτῷ,
3011 2145 3084 2208 ὡς
3129 2146 3204 2200 Ού
3229 2141 3436 2221 ’δῶρόν
3491 2169 3599 2216 σοι,
3629 2134 3679 2202 ὧν
3722 2158 3823 2204 Διο·

444 2248 548 2287 sus
603 2237 666 2286 ut
722 2231 1147 2286 condemnatus
1206 2231 1275 2285 ad
1329 2229 1589 2286 tribunal
1649 2230 2094 2302 imperatorium

2203 2249 2366 2302 γενες,
2412 2229 2474 2283 τὸ
2533 2229 2766 2302 ἀξίωμα,
2824 2237 2921 2287 τοῦ
2979 2230 3025 2288 δ’
3083 2231 3582 2309 ἀνδραγαθήματος
3624 2232 3823 2310 ἀμοιϐή.

445 2321 780 2388 adducitur,
805 2324 870 2374 ut
900 2319 1192 2375 sententia
1237 2319 1293 2373 in
1349 2318 1648 2392 eumllata
1694 2320 2092 2375 confirmetur.

2205 2311 2504 2391 Διατρίϐων
2583 2317 2673 2372 οὖν
2784 2319 2940 2392 ἐκεῖ,
2997 2329 3328 2397 τυραννῆσαι
3415 2327 3824 2399 παρεσκευάζετο,

445 2421 663 2474 Verum
730 2417 1007 2472 omnibus
1093 2417 1423 2472 astantibus
1512 2415 1913 2472 misericordia
1988 2416 2094 2470 viri

2204 2413 2318 2468 ἐπεὶ
2377 2412 2514 2490 ἔγνω
2568 2417 2812 2472 τεθνᾶναι
2860 2419 2951 2473 τὸν
2989 2418 3388 2496 αὐτοκράτορα.
3422 2423 3510 2483 Ὠς
3539 2419 3584 2476 δ’
3611 2421 3824 2496 ἐμηνύθη

445 2505 708 2576 incessit,
762 2511 819 2561 et
866 2504 1048 2560 animi
1100 2504 1438 2560 doluerunt.
1506 2505 1620 2560 Nec
1672 2505 1830 2560 enim
1891 2506 2094 2560 robore

2203 2507 2270 2577 τῇ
2329 2501 2625 2580 Βασιλίσσῃ
2684 2508 2746 2560 τὸ
2808 2506 3088 2582 βούλευμα
3155 2512 3251 2564 τοῦ
3332 2506 3551 2584 ἀνδρὸς,
3604 2510 3826 2567 στείλασα

443 2596 732 2651 duntaxat
763 2599 889 2650 erat
945 2593 1416 2664 incomparabili,
1487 2593 1588 2649 sed
1677 2594 1863 2648 lorma
1918 2593 2092 2649 etiam

2203 2591 2457 2668 συνέσχεν
2516 2593 2697 2662 αὐτὸν,
2727 2595 2817 2648 καὶ
2869 2592 3022 2670 ἤχθη
3074 2593 3367 2669 δεσμώτης
3419 2597 3497 2662 εἷς
3547 2600 3608 2654 τὸ
3661 2600 3829 2668 Βυζάν-

446 2683 784 2756 praestandi.
817 2685 890 2737 Ac
922 2682 1288 2753 imperatrice
1320 2699 1437 2736 una
1467 2699 1598 2736 cum
1657 2682 1880 2737 caeteris
1935 2681 2094 2738 illius

2203 2701 2340 2749 τιον,
2399 2681 2488 2735 καὶ
2537 2680 2816 2757 ἐλεγχθεὶς
2887 2684 2963 2746 ὡς
3020 2679 3342 2752 έπίϐουλος,
3397 2688 3699 2762 κατεκρίθη,
3749 2688 3824 2743 καὶ

2203 2768 2338 2830 τέως
2399 2769 2571 2844 ὁρίοις
2635 2768 2989 2842 κατεκλείσοη
3061 2780 3489 2848 περιγραπτοῖς.
3545 2777 3649 2831 Εἶτ’
3699 2774 3824 2839 αὖθις

2206 2858 2278 2921 ὡς
2311 2858 2632 2933 κατάκριτος
2661 2859 2880 2929 εἰσῆκτο
2937 2861 3073 2936 πρὸς
3126 2863 3187 2916 τὸ
3249 2863 3411 2937 βῆμα
3463 2861 3528 2933 δὴ
3587 2865 3646 2919 τὸ
3695 2863 3823 2938 βασί-

2207 2945 2375 3014 λειον,
2403 2945 2473 3002 ἵν’
2505 2950 2540 3018 ἡ
2590 2951 2771 3025 ψῆφος
2817 2948 3090 3024 κυρωθείη
3141 2951 3257 3005 κατ’
3288 2951 3480 3007 αὐτοῦ.
3516 2950 3698 3014 Ἔλεος
3742 2951 3820 3007 οὖν

2205 3034 2374 3109 εἰσῄει
2403 3039 2500 3089 τοῦ
2531 3033 2724 3112 ἀνδρὸς
2775 3036 2905 3098 τοὺς
2955 3042 3331 3112 παρεστῶτας,
3365 3040 3455 3094 καὶ
3513 3047 3664 3096 πᾶσιν
3715 3040 3821 3095 ἔπα-

2206 3123 2415 3179 Θαίνετο
2446 3127 2480 3194 ἡ
2513 3126 2690 3200 ψυχή.
2718 3130 2813 3180 Ἡν
2842 3126 2944 3201 γὰρ
2977 3125 3038 3180 ού
3074 3127 3231 3199 μόνον
3275 3129 3381 3197 τὴν
3434 3127 3590 3204 iath
3645 3129 3820 3200 ἀπαρά-

2211 3211 2431 3284 μιλλος,
2465 3212 2612 3268 ἀλλὰ
2638 3215 2726 3268 καὶ
2760 3212 2964 3269 ἰδέσθαι
2994 3213 3181 3277 καλός.
3216 3217 3525 3282 Συνέπαθεν
3581 3217 3667 3273 οὖν
3716 3216 3824 3291 μετὰ

2202 3306 2313 3356 τῶν
2344 3299 2531 3358 ἄλλων
2562 3303 2652 3356 καὶ
2683 3305 2716 3372 ἠ
2763 3301 2980 3378 βασιλὶς
3013 3303 3096 3358 ἐπ’
3127 3303 3294 3377 αὐτῷ,
3328 3307 3422 3361 καὶ
3469 3307 3642 3368 οἶκτος
3691 3300 3826 3361 ἔλαϐε

2203 3395 2301 3445 τοῦ
2332 3387 2520 3466 ἀνδρὸς
2570 3392 2659 3445 καὶ
2707 3393 2897 3462 αὐτὴν,
2931 3391 2982 3446 εἷ’
3031 3390 3089 3446 δὶ
3134 3393 3226 3447 καὶ
3275 3391 3440 3468 ἔρως,
3473 3395 3572 3450 οὐκ
3615 3392 3720 3470 ἔχω
3756 3393 3825 3448 λέ-

2204 3499 2338 3554 γειν⁹
2369 3479 2458 3533 καὶ
2491 3477 2608 3534 ἀντὶ
2638 3487 2739 3549 τῆς
2776 3482 2960 3558 ψήφου
3013 3483 3114 3546 τῆς
3173 3482 3467 3557 ὁριζούσης
3523 3483 3698 3555 ἐκείνῳ
3745 3482 3826 3550 τὴν

2205 3566 2452 3640 κόλασιν,
2509 3575 2609 3637 τῆς
2679 3565 2954 3630 κολάσεως
3023 3566 3342 3645 ἰλευθεροῦν
3397 3569 3553 3626 αὐτὸν
3607 3569 3824 3642 ἐξήνεκτο

2206 3658 2486 3731 ψήφισμα.
2519 3656 2623 3712 Καὶ
2683 3657 2710 3710 ὁ
2771 3657 2865 3730 μὶν
2926 3657 3108 3719 λυθεὶς
3165 3662 3264 3712 τοῦ
3313 3657 3674 3736 ἐγκλήματος,
3704 3657 3825 3730 ἐξῄει

2207 3745 2344 3820 πρὸς
2395 3747 2492 3814 τὴν
2554 3743 2942 3802 Καππαδοκίαν
3001 3744 3158 3817 (αὕτη
3213 3747 3317 3822 γὰρ
3376 3747 3564 3820 ἐκείνῳ
3617 3747 3823 3820 πατρὶς),

2207 3837 2240 3903 ἠ
2297 3832 2353 3888 δὲ
2405 3833 2620 3908 βασιλὶς
2664 3835 3128 3908 μεταπεμψαμένη
3179 3834 3362 3903 αὐτὸν,
3417 3837 3702 3912 μάγιστρον
3748 3831 3822 3889 καὶ

2207 3923 2583 3998 στρατηλάτην
2633 3924 3054 3998 προεχειρίσατο
3086 3921 3195 3994 ἤδη
3246 3926 3336 3979 καὶ
3394 3923 3616 4002 βασιλέα
3657 3927 3821 3977 τοῦτον

2205 4011 2464 4077 ἀνειπεῖν,
2523 4013 2596 4074 ὡς
2653 4010 2820 4086 ἄνδρα
2874 4013 3100 4086 κρίνασα
3153 4015 3280 4088 παρ’
3338 4015 3501 4088 ἑαυτῇ
3555 4011 3827 4090 γενναιότα-

2203 4122 2318 4156 τον.
2349 4100 2705 4155 Ἀνεκόπτετο
2759 4101 2937 4173 μέντοι
2971 4097 3060 4155 διὰ
3087 4100 3153 4154 τὰ
3207 4101 3387 4174 ὅρκια,
3419 4101 3508 4156 καὶ
3555 4103 3614 4157 τὸ
3660 4098 3826 4175 ἔγγρα-

2206 4210 2327 4267 φον,
2361 4189 2556 4263 ὃπαρὰ
2583 4193 2680 4243 τοῦ
2723 4189 3067 4264 πατριάρχου
3115 4192 3409 4264 τετήρητο.
3451 4189 3546 4246 Καὶ
3600 4191 3660 4258 ἦν
3714 4186 3828 4258 αὐτῇ

443 1270 545 1307 nec
604 1252 982 1323 paucioribus
1041 1253 1250 1324 captis,
1300 1256 1356 1306 et
1400 1251 1658 1306 viventes
1708 1255 1764 1305 et
1811 1265 2093 1308 caesorum

443 1340 638 1414 capita
667 1341 910 1397 miserat
938 1342 1008 1396 ad
1033 1341 1447 1412 imperatorem
1468 1359 1487 1396 :
1519 1358 1552 1396 a
1573 1357 1688 1412 quo
1719 1356 1788 1394 ea
1817 1339 1888 1393 de
1918 1355 2096 1396 causa

439 1432 750 1485 vestarcha
839 1431 1179 1500 designatus
1275 1430 1484 1499 fuerat,
1564 1446 1698 1484 cum
1757 1429 2097 1486 honorificis

439 1517 679 1585 litteris,
714 1518 930 1590 quibus
963 1518 1274 1585 scribebat,
1307 1534 1429 1572 eam
1468 1517 1792 1588 dignitatem
1847 1518 1935 1573 illi
1984 1534 2092 1572 non

439 1607 656 1674 dOnari,
689 1605 781 1662 sed
806 1623 903 1677 pro
934 1606 1144 1675 egregii
1170 1608 1440 1677 facinoris
1458 1609 1914 1662 remuneratione
1943 1606 2091 1661 dari.

442 1695 566 1752 Illic
597 1693 778 1767 igitur
806 1712 940 1750 cum
970 1700 1186 1767 ageret,
1215 1711 1274 1750 se
1306 1695 1378 1750 ad
1411 1695 1818 1766 occupandum
1845 1711 2093 1767 regnum

447 2773 711 2840 miserta,
746 2789 816 2826 an
853 2787 988 2826 vero
1010 2787 1208 2825 amore
1239 2787 1472 2841 quoque
1505 2774 1694 2840 capta,
1747 2771 1939 2825 dicere
1979 2787 2095 2825 non

447 2877 714 2933 possum,
759 2860 1053 2915 sententia
1117 2859 1489 2914 damnatoria
1559 2859 1618 2913 in
1674 2857 2093 2914 absolutoriam

448 2952 828 3016 commutata,
886 2947 1130 3003 crimine
1196 2947 1444 3016 solutus,
1529 2948 1589 3002 in
1668 2948 2095 3018 Cappadociam

447 3038 699 3111 patriam
733 3037 874 3093 abit.
912 3036 1256 3108 Imperatrix
1285 3053 1420 3092 vero
1452 3053 1584 3092 eum
1610 3052 1677 3090 ex
1708 3037 1911 3092 itinere
1941 3038 2091 3093 277

445 3131 803 3193 revocatum,
839 3125 1186 3198 magistrum
1220 3130 1276 3180 ct
1324 3127 1532 3180 ducem
1588 3126 1888 3197 capiarum
1947 3125 2097 3180 desi-

446 3219 608 3286 gnat.
642 3215 906 3287 Cumque
945 3215 1069 3285 jam
1117 3230 1318 3270 secum
1360 3212 1784 3279 constituisset,
1838 3230 1972 3269 eum
2033 3217 2097 3270 ut

449 3305 640 3360 virum
675 3303 1086 3373 fortissimum,
1141 3303 1553 3374 imperatorem
1611 3319 1828 3372 creare,
1897 3307 2096 3359 tamen

439 3393 827 3464 jurejurando
850 3397 907 3447 et
939 3391 1299 3464 syngrapha,
1330 3407 1507 3462 quam
1540 3408 1573 3446 a
1623 3391 1972 3462 patriarcha,
2003 3391 2097 3446 cui

447 3483 803 3537 asservanda
835 3481 971 3536 data
999 3486 1144 3546 erat,
1182 3486 1585 3551 recuperatam
1625 3479 1874 3544 volebat,
1920 3479 2101 3552 impe-

443 3570 737 3626 diehatur.
819 3570 934 3625 lnit
989 3569 1171 3642 igitur
1223 3569 1561 3640 improbum
1619 3573 1678 3624 et
1734 3568 2096 3640 profundum

441 3658 968 3730 consilium,idque
999 3675 1130 3714 cum
1150 3657 1556 3714 eunuchorum
1575 3674 1816 3712 suorum
1840 3658 2097 3729 quodam

440 3749 868 3812 communicat,
901 3747 1002 3803 illo
1035 3747 1307 3802 ministro
1340 3763 1441 3818 pro
1474 3747 1682 3802 lenone
1710 3762 1836 3812 usa,
1871 3749 2099 3800 monet-

436 3853 550 3909 que
571 3837 1069 3908 quemadmodum
1093 3852 1226 3891 cum
1247 3834 1578 3908 patriarcha
1603 3835 1896 3906 agendum
1919 3837 2098 3904 esset,

443 3936 497 3990 Is
527 3951 658 3990 cum
696 3934 968 4004 pontiﬁce
1000 3949 1389 4004 congressus:
1422 3932 1814 4002 Scilo.inquit,
1847 3933 2094 3996 domine,

442 4023 855 4091 impcralricem
884 4022 1098 4091 nepotis
1130 4023 1214 4075 lui
1242 4037 1433 4076 amore
1462 4029 1674 4088 captam
1695 4035 1808 4075 esse
1822 4020 2100 4087 (habebat

435 4115 594 4170 enim
627 4118 892 4184 nepotem
929 4114 1176 4168 Bardam
1224 4113 1662 4168 adolescentem
1727 4111 2012 4167 lascivum
2041 4115 2099 4168 et

435 4203 518 4257 rei
549 4219 804 4257 venerem
836 4201 1142 4273 deditum),
1181 4206 1239 4256 et
1266 4201 1451 4271 addit,
1475 4200 1614 4272 quod
1641 4203 1690 4255 si
1717 4206 1779 4256 tu
1807 4202 2094 4265 annueris,

440 4291 542 4346 hoc
582 4296 685 4363 est,
707 4293 756 4346 si
777 4291 1160 4363 jurisjurandi
1201 4291 1623 4361 chirographum
1665 4291 1718 4344 ei
1775 4289 2094 4344 reddideris.

2209 4285 2456 4360 μέλημα,
2491 4287 2642 4348 ὅπως
2667 4287 2829 4341 τοῦτο
2859 4285 3126 4362 ἀφέλητο.
3160 4288 3454 4343 Σκέπτεται
3513 4288 3687 4342 τοίνυν
3726 4303 3830 4359 περι

437 4385 491 4436 et
513 4382 855 4452 persuaseris
883 4381 1120 4435 multum
1147 4395 1216 4434 ex
1245 4395 1312 4433 ea
1339 4395 1399 4433 re
1444 4378 1744 4447 periculum
1769 4379 1877 4448 ipsi
1907 4380 2092 4432 immi-

2203 4375 2399 4431 τούτου
2463 4374 2670 4450 βουλὴν
2732 4374 2972 4449 πονηράν
3031 4396 3089 4430 τε
3144 4375 3233 4430 καὶ
3303 4377 3701 4452 βαθυγνώμονα,
3753 4370 3828 4426 καὶ

435 4485 593 4533 nere,
623 4471 812 4524 statim
867 4485 991 4523 eam
1019 4470 1218 4538 fratris
1273 4469 1359 4522 lui
1399 4467 1516 4536 ﬁlio
1547 4475 1868 4533 nupturam,
1901 4471 1951 4521 et
1997 4482 2092 4536 po-

2203 4465 2406 4532 ταύτην
2461 4463 2647 4536 ἐνίτῳ
2677 4469 2782 4518 τῶν
2841 4464 2966 4540 περὶ
3017 4463 3184 4533 αὐτὴν
3237 4464 3505 4538 ἐκτομιῶν
3561 4467 3824 4530 κοινοῦται,

435 4566 687 4613 (estatem
720 4559 1142 4630 imperatoriam
1191 4555 1549 4612 traditurum.
1612 4554 1950 4610 Palriarcha
2002 4555 2094 4610 bis

2209 4553 2299 4608 καὶ
2335 4556 2448 4608 οἷον
2503 4557 2817 4628 προαγωγῷ
2867 4552 2948 4625 τῷ
3004 4552 3290 4629 Θεράποντι
3339 4551 3626 4630 κέχρηται,
3660 4551 3826 4607 ὑποθεο

436 4645 726 4702 illecebris
777 4646 1020 4715 irretito,
1067 4661 1132 4700 ac
1182 4645 1252 4699 de
1321 4649 1478 4699 statu
1551 4643 1763 4699 mentis
1847 4643 2092 4713 dejecto,

2211 4643 2344 4715 μένη
2378 4637 2551 4696 ὁπόσα
2582 4641 2640 4696 ἂν
2673 4641 2764 4695 καὶ
2802 4643 2892 4696 οἷα
2939 4645 3018 4713 τῷ
3073 4643 3390 4718 πατριάρχῃ
3443 4639 3826 4717 προσομιλήσῃ.

435 4744 743 4800 eunuchus
785 4744 1078 4816 postulare
1103 4743 1323 4814 lpergit,
1356 4747 1420 4797 ut
1471 4746 1807 4796 senatorum
1861 4757 2094 4812 quoque

2205 4733 2268 4787 Ὀ
2322 4728 2380 4785 δὶ
2423 4735 2502 4801 τῷ
2552 4731 2800 4805 ἀρχιερεῖ
2849 4727 3193 4806 προσελθών·
3226 4732 3386 4802 Ἳσθί,
3438 4729 3618 4808 φησὶν,
3666 4729 3707 4782 ὦ
3753 4722 3828 4816 δέ·

437 4831 669 4886 animos
700 4812 902 4887 tentet.
962 4831 1014 4886 Is
1077 4812 1257 4902 igitur
1316 4829 1686 4885 senatoribus
1745 4829 2088 4901 singulatim

2208 4840 2402 4886 σποτα,
2465 4819 2538 4880 ὡς
2596 4818 2732 4894 έρῶν
2806 4823 2904 4874 τοῦ
2981 4819 3205 4893 ἀνεψιοῦ
3255 4841 3352 4874 σου
3407 4822 3442 4890 ἡ
3505 4816 3707 4894 βασιλὶς
3753 4812 3830 4886 (ἦν

438 4921 738 4975 accersitis
793 4922 914 4976 ait:
965 4927 1232 4992 tempora
1300 4918 1597 4990 postulare
1654 4918 2090 4990 imperatorem,

2206 4908 2310 4984 γὰρ
2366 4907 2582 4980 ἀνεψιὸς
2668 4907 2819 4978 αὐτῷ
2891 4904 3122 4982 Βάρδας,
3175 4907 3292 4970 νέος
3337 4928 3396 4962 τε
3451 4907 3539 4962 καὶ
3595 4906 3826 4980 σφριγῶν,

441 5009 543 5080 qui
577 5008 972 5064 defensionem
1008 5007 1343 5080 reipublicaa
1403 5007 1709 5078 suscipiat.
1762 5008 2091 5064 Romanum

2203 5007 2295 5061 καὶ
2344 5001 2676 5081 ἀφροδισίων
2723 5007 3086 5077 ἡττώμενος),
3143 5004 3234 5059 καὶ
3285 5010 3634 5079 προσεπῆγεν,
3665 5000 3730 5061 ὠς
3774 4995 3828 5052 Ei

439 5096 597 5154 enim
630 5096 964 5168 imperium,
999 5097 1049 5152 si
1103 5115 1137 5152 a
1195 5095 1546 5151 muliercula
1585 5100 1644 5150 et
1702 5096 1899 5166 pueris
1950 5094 2092 5152 solis

2207 5095 2272 5149 σὺ
2326 5092 2678 5164 ἐπινεύσειας,
2736 5094 2799 5148 τὸ
2852 5091 2900 5148 δ’
2951 5091 3063 5147 ἐστὶ
3119 5093 3182 5147 τὸ
3235 5097 3330 5146 τοῦ
3405 5090 3566 5170 ὅρκου
3618 5090 3675 5143 τὸ
3725 5105 3826 5161 χει-

439 5185 907 5251 administretur,
939 5186 1094 5240 haud
1128 5187 1210 5241 ita
1241 5185 1426 5240 multo
1459 5190 1611 5255 post,
1657 5200 1772 5239 non
1839 5189 2093 5239 remotas

2207 5183 2479 5260 ρόγραφον
2583 5177 2879 5236 ἀποδοῦναι
2955 5185 3026 5254 τῇ
3115 5179 3426 5256 βασιλίσσῃ,
3505 5179 3592 5234 καὶ
3667 5179 3824 5230 πεῖσαι

437 5275 725 5330 duntaxat
769 5273 1096 5344 provincias
1167 5278 1226 5327 et
1303 5272 1576 5326 hostibus
1626 5271 1930 5342 ﬁnitimas,
1992 5272 2091 5327 sed

2212 5275 2287 5345 μή
2373 5290 2496 5325 τινα
2580 5267 2832 5324 κίνδυνον
2894 5268 2954 5324 ἐκ
3008 5267 3204 5323 τούτου
3289 5268 3613 5340 ἐπηρτῆσθαι
3684 5262 3822 5331 αὐτῇ,

439 5363 814 5419 suburbanas
862 5361 1041 5416 etiam
1087 5361 1398 5432 perituras.
1458 5361 1557 5414 His
1597 5359 1991 5429 jurisjurandi
2039 5365 2094 5415 et

2207 5359 2402 5415 αὐτίκα
2485 5357 2773 5412 συνοικίσει
2855 5358 2947 5431 μὲν
3033 5357 3196 5429 ἑαυτῇ
3275 5357 3366 5410 τὸν
3443 5355 3533 5408 σὸν
3621 5345 3824 5424 ἀδελφό-

437 5453 785 5524 syngrapha
818 5450 1333 5523 reprehensionem
1365 5466 1559 5505 aerem
1593 5448 2009 5520 subjungebat,
2037 5453 2094 5503 et

2209 5446 2396 5521 παιδα,
2455 5445 2545 5502 καί
2603 5447 2656 5500 o't
2727 5447 2792 5501 τὸ
2870 5445 3072 5521 κράτος
3154 5441 3338 5518 ἕψεται
3421 5443 3480 5498 τὸ
3556 5436 3820 5524 βασίλειον.

439 5522 677 5595 mortue
706 5522 1043 5612 imperatori
1086 5537 1487 5603 maledicebat,
1523 5537 1692 5609 quasi
1751 5552 1865 5592 non
1906 5535 2094 5608 reipu-

2208 5538 2299 5599 Ὠς
2350 5533 2408 5591 δὶ
2450 5534 2666 5597 τούτοις
2709 5535 2738 5590 ’ὀ
2788 5537 3138 5612 πατριάρχης
3171 5527 3683 5610 παραϐουκοληθεὶς,
3711 5522 3822 5580 ὅλον

439 5627 604 5684 blicaa
635 5629 850 5695 studio,
884 5628 984 5684 sed
1015 5643 1084 5683 ex
1107 5625 1333 5699 privata
1400 5623 1686 5697 zelotypia
1741 5623 2093 5682 inusitatum

2205 5622 2458 5682 ένέδωκεν
2511 5623 2848 5697 ἓαυτὸν,λκαὶ
2892 5629 3000 5681 τῶν
3053 5630 3154 5695 τῆς
3214 5620 3518 5700 συγκλήτου
3574 5612 3820 5694 βουλῆςδ
