4036 6206
259 375 368 432 36!
1525 359 1938 425 ANNALIUM
1981 361 2128 421 LIB.
2174 359 2393 420 XVIII.
3546 351 3666 410 262

259 502 518 577 δκτομίας
574 501 826 576 ἀπήτητο
871 500 1050 556 θέσθαι
1108 497 1425 573 ἀπόπειραν.
1491 501 1547 550 '0
1593 493 1652 550 δὶ
1696 493 1936 560 τούτων,

2049 491 2505 564 usjurarandum
2535 492 2593 545 et
2635 486 3004 561 syngraphas
3059 483 3289 557 legibus
3334 484 3661 539 contrarias

258 573 484 649 ἱκαστον
554 573 1037 667 προσκαλούμενος
1073 637 1088 663 ,
1171 591 1239 644 τὰ
1310 586 1607 662 πράγματα
1689 589 1867 654 ζητεῖν
1895 627 1910 653 ,

2049 583 2330 654 ιχοεὶεεθί.
2364 581 2739 647 Quibuscum
2774 578 3036 650 plerique
3085 575 3532 639 assentirentur,
3588 573 3664 628 iis

260 680 434 756 ἔλεγε,
487 663 719 757 βασιλέα
773 681 864 734 τὸν
922 679 1130 734 τούτων
1188 673 1646 750 ἀντιληψόμενον.
1699 672 1767 728 Ei
1811 673 1913 747 γὰρ

2049 674 2198 728 ιῐίιιω
2220 672 2317 742 qui
2339 670 2802 742 refragabantur,
2833 667 3042 736 partim
3065 665 3429 729 muneribus,
3457 663 3668 734 partim

260 769 338 826 ἔτι
387 770 602 846 γυναικὶ
656 768 797 843 μόνῃ
847 769 938 823 καὶ
993 765 1304 843 παιδαρίοις
1343 770 1511 821 ταῦτα
1565 761 1915 833 διοικηθήσεο

2049 760 2544 818 iollicitationibus
2574 761 2634 812 in
2692 756 3046 811 sententiam
3106 770 3277 809 suam
3333 752 3664 824 pertractis,

259 882 372 924 ται,
403 841 722 935 ὀῖχήγεται
773 841 1011 919 πάντως
1085 841 1185 911 οὑκ
1252 856 1327 917 είς
1389 854 1593 930 μακρὰν
1647 851 1725 924 τῷ
1781 853 1914 905 Ῥω-

2053 848 2379 921 mperatrici
2397 843 3256 917 jurisjurandichirographum
3282 841 3672 904 remittit.Quo

266 949 441 1022 μαίων
476 946 762 1023 ἡγεμονίᾳ,
797 945 859 1000 ού
884 947 954 1000 τὰ
983 944 1172 1021 πόρῥω
1207 940 1394 1017 μόνον,
1428 942 1516 997 καὶ
1546 947 1661 1003 τοῖς
1695 941 1916 1016 ἐχθροῖς

2053 940 2129 994 lla
2161 944 2416 1008 accepto,
2451 935 2760 992 consilium
2790 950 2966 989 suum
2992 938 3358 1000 exsecutura,
3391 947 3511 986 rem
3537 947 3673 985 eum

263 1020 662 1113 ἀγχιτέρμονα,
695 1033 840 1090 ἀλλὰ
877 1034 967 1090 καὶ
1016 1020 1151 1088 αύτὰ
1201 1033 1267 1088 τὰ
1324 1032 1622 1109 άγχίθυμα.
1674 1029 1771 1084 Καὶ
1830 1028 1918 1084 ἐπὶ

2049 1030 2150 1085 ilio
2183 1033 2324 1082 natu
2361 1027 2598 1097 majore,
2630 1029 2688 1079 et
2717 1026 2954 1090 Caesare,
3008 1024 3068 1076 in
3126 1020 3341 1090 regiam
3396 1020 3674 1075 accersito

262 1109 588 1197 τούτῳτῶν
619 1122 796 1200 ὅρκων
829 1123 918 1178 καὶ
947 1127 1044 1178 τοῦ
1101 1120 1376 1200 ἐγγράφου
1416 1119 1632 1188 πολλὴν
1685 1119 1920 1174 ἐποιεῖτο

2049 1116 2465 1175 :ommunicat:
2498 1114 2597 1184 qui
2635 1128 2768 1167 cum
2824 1111 3122 1182 hymenaeo
3177 1109 3559 1176 interfuisset,
3617 1113 3675 1164 et

261 1197 662 1288 καταδρομὴν,
698 1211 788 1266 καὶ
835 1211 928 1266 τὸν
988 1208 1218 1286 βασιλέα
1262 1197 1529 1274 τεθνεῶτα
1582 1207 1920 1283 ἐκακηγόρει,

2049 1205 2328 1278 nuptiales
2360 1207 2613 1258 crateres
2671 1203 2991 1273 gustasset,
3054 1198 3222 1254 nubit
3265 1197 3364 1252 illa
3411 1197 3672 1269 Diogeni.

265 1303 344 1364 ὡς
410 1304 488 1374 μὴ
549 1305 646 1356 τοῦ
697 1305 857 1374 κοινῇ
935 1299 1306 1377 συμφέροντος
1367 1297 1590 1371 θέμενον
1642 1297 1924 1373 πρόνοιαν,

265 1389 401 1445 ἀλλ’
463 1391 524 1444 ὲκ
585 1387 920 1459 ζηλοτυπίας
978 1375 1274 1461 ἒκθέςμους
1333 1382 1527 1464 ὅρκους
1586 1387 1924 1461 ἀπῃτηκότα,

2049 1401 2151 1456 que
2185 1383 2284 1439 filii
2337 1398 2565 1437 menses
2613 1383 2837 1450 septem
2885 1381 2942 1433 et
2998 1376 3123 1432 dies
3169 1375 3393 1446 aliquot
3440 1390 3677 1446 regnas-

267 1480 358 1534 καὶ
420 1479 714 1554 παράνομα
769 1477 1024 1555 ἔγγραφοι.
1075 1477 1296 1538 Τούτοις
1339 1476 1466 1538 τοὺς
1525 1473 1749 1537 πλείους
1806 1494 1928 1528 συν·
2042 1479 2188 1529 sent.

269 1547 594 1640 τιθεμένους
626 1547 879 1642 έσχηκῶς
912 1547 1136 1634 ἐκεῖνος,
1170 1565 1220 1620 si
1253 1564 1310 1621 δέ
1338 1586 1477 1627 τινες
1505 1564 1594 1620 καὶ
1625 1560 2075 1636 ἂντέλεγον,τοὺς
2109 1562 2202 1634 μὲν
2236 1557 2457 1634 δώροις,
2514 1555 2641 1618 τοὺς
2696 1551 2744 1607 δ’
2805 1554 3130 1642 ὑποσχέσεσι
3180 1547 3682 1624 συμψήτιθεμένους

271 1635 470 1718 πείσας
502 1656 654 1728 αὐτῴ
682 1635 950 1731 γενέσθαι,
981 1653 1197 1710 στέλλει
1229 1659 1295 1728 τῇ
1332 1653 1621 1730 βασιλίσσῃ
1649 1653 1710 1707 τὸ
1739 1635 1845 1707 τῶν
1874 1647 2049 1721 ὅρκων
2079 1649 2468 1726 χειρόγραφον.
2514 1651 2576 1700 Ἡ
2625 1641 2682 1698 δὲ
2727 1642 2922 1731 τούτου
2964 1635 3242 1731 λαϐομένη
3296 1639 3372 1702 εἷς
3414 1636 3573 1713 ἔργον
3593 1639 3683 1731 Δτὸ

275 1743 570 1820 βούλευμα
600 1741 907 1811 ἀπετέλεσε,
938 1743 1029 1798 καὶ
1061 1741 1242 1817 ἄγεται
1279 1743 1372 1817 μὲν
1398 1743 1490 1797 τὸν
1518 1740 1799 1817 Διογένην,
1833 1740 1921 1794 καὶ
1949 1738 2129 1811 τούτῳ
2169 1736 2533 1812 συζεύγνυται.
2568 1737 2851 1787 Κοινοῦται
2883 1729 2940 1784 δὲ
2969 1731 3066 1799 τὴν
3099 1729 3287 1804 πρᾶξιν
3323 1732 3402 1800 τῷ
3450 1721 3684 1802 πρεσϐυ-

271 1834 423 1908 τέρῳ
450 1853 511 1887 τε
532 1837 640 1888 τῶν
668 1834 819 1900 υἱῶν,
851 1833 942 1886 καὶ
973 1836 1054 1904 τῷ
1085 1831 1307 1909 Καίσαρι
1343 1831 1733 1905 μετακληθέντι
1773 1830 1908 1905 πρὸς
1935 1828 2003 1883 τά
2036 1827 2304 1904 βασίλεια,
2334 1824 2424 1879 καὶ
2461 1821 2787 1896 μετασχόντι
2817 1824 2923 1875 τῶν
2961 1818 3249 1891 ὑμεναίων,
3273 1817 3364 1872 καὶ
3407 1820 3514 1872 τῶν
3567 1815 3685 1870 ἰπι-

279 1904 503 1995 γαμίων
535 1920 956 1994 άπογευσαμένῳ
979 1904 1267 1995 κρατήρων
1302 1904 1436 1993 (69),
1467 1921 1556 1975 καὶ
1591 1904 1850 1994 Διογένης
1887 1914 2138 1993 βασιλεὺς
2170 1914 2524 1990 ἀνηγόρευτο,
2567 1917 2666 1979 τῆς
2727 1905 3007 1987 βασιλίδος
3062 1904 3324 1968 Εὑδοκίας
3395 1906 3530 1984 μετά
3582 1909 3687 1960 τῶν

278 2012 445 2064 υἱέων
481 2009 712 2084 ἀρξάσης
743 2009 830 2063 ἐπὶ
865 2016 1041 2081 μῆνας
1071 2008 1204 2063 ἑπτὰ
1233 2009 1322 2062 καὶ
1352 2009 1563 2083 ἡμέρας
1590 2008 1762 2070 τινάς.

353 2101 467 2155 IA'.
500 2099 780 2170 Ῥωμανὸς
831 2095 888 2152 δὲ
926 2100 955 2153 ὁ
1004 2095 1275 2172 Διογένης
1330 2104 1430 2166 τῆς
1487 2101 1594 2151 τῶν
1644 2097 1926 2169 Ῥωμαίων

2108 2099 2200 2154 XI.
2261 2099 2559 2153 Romanus
2618 2097 2906 2168 Diogenes
2969 2096 3364 2150 Romanorum
3431 2091 3680 2163 imperio

2035 1296 2127 1352 Sic
2160 1295 2257 1349 ille
2290 1295 2606 1365 imperator
2631 1289 2980 1354 declaratur,
3030 1303 3162 1342 cum
3213 1287 3468 1341 Eudocia
3517 1286 3675 1358 ejus-

278 2187 467 2262 ἀρχῆς
512 2187 803 2263 γενόμενος
849 2185 1134 2262 ἐγκρατὴς,
1187 2185 1247 2240 οὗ
1295 2186 1431 2240 κατὰ
1459 2185 1553 2248 τὰς
1583 2183 1805 2248 ἐλπίδας
1835 2192 1934 2254 τῆς

285 2275 690 2351 βασιλευσάσης
742 2275 900 2330 αὑτὸν
950 2272 1208 2336 Εύδοκίας
1283 2269 1637 2344 ἀποϐεϐήκει.
1714 2275 1777 2332 Ἡ
1840 2276 1934 2348 μὲν

281 2363 390 2436 γάρ
451 2361 512 2416 lx
566 2362 934 2436 κατακρίτου,
992 2362 1082 2416 καὶ
1156 2359 1265 2432 ἤδη
1325 2358 1520 2436 σχεδὸν
1585 2363 1675 2417 τὸν
1737 2361 1936 2435 δήμιον

283 2449 625 2528 ἐφεστηκότα
682 2451 920 2524 ὁρῶντος
977 2450 1144 2522 αύτῷ,
1186 2449 1248 2504 οὒ
1304 2451 1468 2524 μόνον
1525 2449 1774 2506 κινδύνου
1804 2472 1938 2525 προ-

283 2543 491 2615 φανῶς
567 2537 924 2613 έξαρπάσασα,
998 2536 1144 2594 ἀλλὰ
1206 2540 1293 2593 καὶ
1365 2537 1703 2611 τηλικαύτης
1757 2541 1938 2616 ἀρχῆς

280 2628 583 2698 ἀξιώσασα,
663 2624 799 2699 ᾤετο
876 2625 928 2682 ἰν
985 2633 1144 2682 πᾶσιν
1201 2621 1346 2703 ἔχειν
1402 2632 1592 2683 τοῦτον
1655 2629 1938 2685 ὑπείκοντο

280 2717 379 2771 καὶ
436 2716 606 2784 αὐτὴν
665 2717 949 2790 κατέρχειν
1009 2720 1105 2770 τοῦ
1167 2715 1583 2792 βασιλεύοντος.
1630 2718 1692 2775 Ὀ
1750 2715 1808 2773 δὶ
1849 2719 1938 2773 καὶ

281 2802 482 2866 ἄλλως
516 2802 588 2858 ὣν
623 2801 946 2873 ἀλαζονικὸς
977 2804 1066 2859 καὶ
1095 2802 1432 2872 άδούλωτος,
1466 2803 1550 2859 ἐπ’
1606 2804 1790 2882 ὀλίγον
1845 2809 1939 2880 μὲν

284 2895 626 2970 βιασάμενος
673 2893 737 2948 τὸ
779 2895 908 2962 ἦθος
940 2939 954 2964 ,
1005 2894 1266 2948 ὑπέπιπτε
1310 2899 1430 2955 ταῖς
1474 2900 1574 2964 τῆς
1622 2894 1941 2970 Αὑγούστης

284 2981 574 3052 θελήσεσι,
643 2982 731 3036 καὶ
793 2981 1105 3055 ὑπεκρίνετο
1152 2982 1248 3050 τήν
1300 2981 1630 3040 ὑπόπτωσιν.
1687 2985 1816 3040 Εἶτα
1862 2987 1936 3057 μὴ

279 3070 491 3146 στέγων
549 3070 648 3139 τὴν
711 3070 869 3146 βίαν,
927 3070 1071 3147 ταχὺ
1139 3071 1274 3147 πρὸς
1339 3069 1430 3126 τόν
1485 3071 1684 3128 οἲκεῖον
1736 3073 1937 3150 τρόπον

279 3158 683 3232 ἐπανελήλυθε,
740 3159 830 3214 καὶ
903 3160 1002 3228 τὴν
1085 3160 1327 3228 ὑπακοὴν
1411 3158 1778 3236 ἐδυσχέραινε,
1848 3163 1939 3217 καὶ

277 3246 482 3318 ἤθελεν
571 3247 733 3310 αὐτὸς
806 3249 870 3303 τὸ
963 3248 1162 3323 κράτος
1224 3251 1474 3324 καθαρῶς
1551 3247 1936 3321 ἀναδήσασθαι.

277 3342 478 3401 Κακῶς
535 3333 594 3391 δὶ
639 3340 746 3391 τῶν
801 3337 986 3410 Ἐᾤων
1040 3334 1388 3410 διακείμενων
1416 3385 1432 3408 ,
1507 3338 1598 3392 καὶ
1680 3343 1788 3394 τῶν
1847 3341 1942 3412 μὶν

278 3424 393 3496 ἤδη
449 3425 908 3499 ἀπεγνωσμένων,
965 3430 1073 3480 τῶν
1135 3423 1194 3481 δὶ
1223 3427 1360 3501 πρὸς
1388 3431 1548 3482 τοῦτο
1581 3427 1936 3503 χωρούντων,

280 3513 625 3588 ἐκστρατείαν
683 3512 960 3587 κηρύττει,
1019 3514 1109 3568 καὶ
1165 3516 1395 3589 πήγνυσι
1450 3518 1548 3584 τὴν
1583 3517 1785 3587 σκηνήν
1836 3518 1938 3586 τὴν

285 3600 567 3678 βασίλειον
619 3604 756 3656 κατά
792 3603 854 3657 τὸ
900 3609 1001 3672 τῆς
1047 3603 1222 3676 Ἑῴας
1249 3610 1448 3677 τμῆμα
1500 3605 1563 3660 τὸ
1610 3609 1679 3679 τῇ
1739 3611 1938 3675 Βυζαν-

279 3690 388 3746 τίδι
477 3691 848 3766 ἀντίπορθμον
885 3711 898 3724 ο
983 3689 1080 3746 δύο
1159 3690 1327 3747 ταῦτα
1401 3695 1937 3768 πραγματευόμενος,

276 3780 634 3856 ἀποτειχίσαι
682 3800 743 3835 τε
796 3785 912 3844 τοῖς
964 3775 1268 3857 Βαρϐάροις
1296 3781 1394 3850 τὴν
1429 3779 1644 3858 ἔφοδον,
1676 3783 1767 3838 καὶ
1797 3783 1940 3838 οὕτω

283 3869 583 3943 σωτηρίαν,
617 3869 691 3930 ὡς
725 3867 837 3922 ένὸν
870 3873 1226 3944 πρυτανεῦσαι
1255 3875 1335 3942 τῷ
1383 3871 1632 3944 ὑπηκόῳ,
1673 3871 1760 3926 καὶ
1811 3873 1938 3927 ἑαυ-

280 3964 365 4031 τῷ
422 3957 704 4033 γαυρίαμά
756 3979 809 4012 τι
834 3959 1310 4034 περιποιήσασθαι,
1343 3960 1433 4014 καὶ
1468 3961 1544 4032 μὴ
1575 3961 1745 4016 πάντα
1791 3962 1940 4017 ὑπεί-

279 4068 395 4101 κειν
439 4050 509 4118 τῇ
566 4042 832 4121 βασιλίδι,
894 4045 1024 4100 ἀλλ’
1076 4045 1238 4108 αὐτὸς
1293 4047 1602 4124 αὑταρχεῖν.
1637 4056 1810 4125 ’Ἄρας
1851 4048 1942 4105 οὖν

285 4136 346 4191 ἐκ
376 4141 488 4191 τῶν
555 4132 847 4210 βασιλείων
894 4133 1232 4206 πανοπλίτης
1287 4135 1592 4210 ἐπεραιώθη
1652 4140 1786 4212 πρὸς
1839 4141 1939 4208 τὴν

283 4226 480 4298 Ἐῴαν,
537 4221 648 4277 οὔτ’
706 4222 1006 4298 ἀξιόμαχον
1066 4223 1401 4299 ἐπαγόμενος
1477 4225 1802 4301 στράτευμα,
1853 4229 1940 4283 καὶ

281 4313 312 4367 ὃ
371 4311 430 4367 δὶ
488 4311 751 4387 ἐπείγετο,
811 4311 1012 4385 ἀπορίᾳ
1068 4313 1154 4367 καὶ
1229 4311 1416 4368 ὅπλων
1465 4315 1555 4368 καὶ
1617 4313 1804 4370 ’ίππων
1851 4317 1940 4370 καὶ

279 4404 388 4454 τῶν
440 4399 754 4473 ἀναγκαίων
811 4399 986 4454 αὑτῶν
1042 4399 1405 4476 ἐτετρύχωτο.
1451 4405 1549 4459 Ἐκ
1601 4407 1810 4477 μακροῦ
1839 4405 1940 4480 γὰρ

281 4487 819 4563 κατολιγωρηθεῖσαν
914 4487 1011 4557 τήν
1087 4490 1359 4563 στρατιάν,
1434 4488 1615 4565 ὣσπερ
1687 4490 1939 4564 εἶ’ρηται,

283 4576 479 4652 ἀθρόον
551 4576 844 4641 άνακτῆναι
911 4575 1010 4632 οὐκ
1067 4577 1132 4645 ἦν
1213 4576 1456 4654 εὐχερές.
1525 4579 1938 4654 Ἀθροισθέντων

285 4664 373 4719 οὑν
422 4669 537 4720 τῶν
598 4665 771 4727 οὕτως
822 4664 1062 4741 ἑχόντων
1098 4671 1463 4740 στρατιωτῶν,
1493 4668 1636 4723 κατὰ·
1663 4669 1726 4723 τὸ
1802 4671 1942 4742 θέμα

281 4758 385 4808 τῶν
447 4751 841 4822 Ἀνατολικῶν,
900 4756 928 4809 ὃ
983 4761 1083 4824 τῆς
1114 4755 1356 4830 Φρυγίας
1386 4759 1497 4830 (70)
1531 4757 1612 4820 τίς
1651 4757 1759 4813 ἐστι
1815 4764 1940 4831 μοῖ-

2051 2188 2287 2256 potitus,
2313 2187 2575 2242 Eudocim
2600 2185 2745 2240 tanti
2771 2185 2983 2257 fastigii
3009 2183 3264 2239 auctoris
3287 2198 3449 2254 spem
3481 2181 3680 2236 elusit.

2048 2278 2181 2342 Quas
2203 2293 2336 2330 cum
2359 2293 2490 2330 eum
2517 2275 2668 2331 218
2695 2275 3172 2336 condemnatum,
3197 2280 3251 2326 et
3299 2276 3532 2326 tantum
3566 2287 3681 2325 non

2047 2365 2377 2420 carnificem
2415 2365 2632 2419 instare
2671 2363 2982 2428 videntem,
3019 2379 3130 2416 non
3183 2361 3353 2415 modo
3383 2359 3690 2414 manifesto

2049 2454 2306 2526 periculo
2363 2453 2698 2525 eripuisset,
2754 2452 2851 2506 sed
2915 2452 2985 2506 ad
3068 2455 3295 2505 tantum
3372 2449 3686 2520 imperium

2049 2543 2351 2610 evexisset,
2386 2543 2628 2614 putabat
2657 2557 2717 2596 se
2747 2539 2910 2594 illum
2947 2540 3004 2594 in
3063 2538 3338 2594 omnibus
3385 2537 3540 2593 dicto
3592 2552 3691 2591 au-

2049 2631 2304 2686 dientem
2337 2631 2694 2694 habituram,
2725 2636 2780 2684 et
2819 2629 2933 2701 ipsi
2985 2627 3320 2699 imperatori
3372 2627 3688 2698 imperatu-

2051 2737 2197 2776 ram.
2229 2726 2301 2775 At
2330 2720 2426 2774 ille
2457 2721 2553 2791 qui
2590 2718 2823 2789 ingenio
2854 2722 3009 2773 esset
3037 2715 3331 2788 arroganti
3365 2720 3540 2786 atque
3599 2714 3689 2769 in-

2050 2809 2290 2877 domito,
2322 2811 2389 2864 ad
2423 2815 2658 2880 tempus
2690 2812 2910 2862 natura
2941 2823 3062 2860 suae
3118 2805 3170 2858 vi
3221 2806 3371 2859 facta
3415 2810 3689 2876 Augustis

2049 2897 2330 2954 voluntati
2371 2897 2567 2964 cessit,
2600 2895 2997 2952 submissione
3041 2894 3340 2950 simulata.
3400 2893 3506 2947 Sed
3557 2909 3692 2947 cum

2051 3003 2179 3041 eam
2210 2987 2324 3041 vim
2361 2987 2506 3041 ferre
2537 3002 2650 3039 non
2686 2989 2900 3055 posset,
2960 2983 3222 3039 celeriter
3265 2998 3507 3038 excusso
3543 2982 3689 3053 jugo

2052 3075 2123 3129 ad
2156 3075 2456 3148 ingenium
2491 3075 2684 3142 rediit,
2718 3078 2891 3144 atque
2923 3073 3106 3128 libera
3137 3076 3420 3144 potestate
3450 3070 3534 3126 uti
3593 3086 3694 3125 vo-

2050 3163 2179 3218 luit.
2220 3166 2363 3219 Cum
2421 3168 2616 3218 autem
2677 3161 2994 3217 Orientalia
3049 3161 3199 3215 male
3258 3177 3319 3216 se
3385 3159 3692 3228 baberent,

2051 3258 2225 3324 atque
2255 3251 2370 3307 alia
2397 3253 2703 3322 desperata
2733 3255 2948 3316 essent,
2982 3249 3098 3305 alia
3127 3249 3520 3321 desperationi
3551 3265 3688 3319 pro-

2050 3339 2290 3412 pinqua,
2327 3339 2689 3412 expeditione
2721 3339 3083 3404 denuntiata,
3116 3338 3558 3409 imperatorium
3602 3341 3690 3391 ta-

2050 3428 2430 3484 bernaculum
2464 3429 2522 3483 in
2554 3429 2789 3499 regione
2819 3427 3071 3484 Orientis
3103 3427 3417 3498 Byzantino
3447 3427 3692 3481 observa

2051 3517 2194 3589 ﬁgit,
2229 3517 2460 3571 duabus
2491 3517 2560 3572 de
2591 3516 2817 3572 causis:
2877 3521 3003 3570 tum
3061 3516 3118 3570 in
3165 3515 3549 3570 Barbarorum
3599 3515 3690 3568 in-

2051 3606 2425 3660 cursionibus
2457 3605 2787 3677 prohibitis,
2820 3604 3217 3669 subditorum,
3249 3607 3538 3674 quantum
3598 3619 3690 3658 res

2049 3695 2285 3762 sineret,
2318 3694 2494 3749 saluti
2525 3693 2892 3749 consuleret:
2925 3698 3051 3747 tum
3086 3698 3148 3747 ut
3177 3691 3376 3765 gloriae
3433 3691 3689 3747 occasio-

2051 3801 2183 3839 nem
2225 3788 2504 3855 captaret,
2560 3798 2664 3837 neo
2717 3782 3107 3852 imperatricis
3166 3781 3550 3852 mancipium,
3589 3781 3688 3835 sed

2052 3872 2511 3944 ipseimperator
2527 3877 2700 3926 esset.
2726 3870 2949 3926 Relicta
2974 3869 3155 3942 igitur
3180 3871 3356 3941 regia,
3383 3871 3440 3924 in
3488 3869 3690 3925 Orien-

2051 3968 2169 4018 tem
2199 3961 2446 4031 trajecit,
2478 3977 2582 4016 nec
2608 3962 2770 4031 justo
2800 3961 3046 4014 exercitu
3079 3961 3308 4028 educto,
3341 3966 3397 4015 et
3451 3976 3517 4015 eo
3567 3959 3693 4030 ipso

2052 4068 2227 4123 quem
2259 4051 2564 4118 educebat,
2597 4067 2915 4116 armorum,
2948 4067 3233 4121 equorum
3268 4056 3324 4104 et
3366 4065 3560 4104 rerum
3596 4066 3695 4104 ne-

2051 4141 2435 4196 cessariarum
2457 4141 2656 4211 in0pia
2681 4139 3156 4194 laborante.Nam
3180 4139 3499 4194 exercitum
3520 4137 3693 4210 longo

2052 4239 2307 4301 tempore
2340 4245 2440 4300 per
2469 4230 2796 4288 socordiam
2831 4228 3184 4299 neglectum,
3219 4229 3413 4284 subito
3446 4227 3505 4282 in
3538 4227 3694 4282 inte-

2051 4337 2220 4390 grum
2257 4319 2480 4374 restitui
2515 4336 2627 4373 non
2659 4317 2994 4388 expeditum
3027 4323 3170 4372 erat.
3208 4317 3486 4372 Militibus
3509 4317 3691 4388 igitur

2052 4409 2182 4479 hoc.
2219 4409 2390 4464 modo
2440 4407 2664 4463 ail'ectis
2721 4408 2778 4461 in
2849 4405 3130 4461 Orientali
3191 4406 3506 4477 provincia,
3565 4421 3693 4474 qua:

2053 4497 2312 4568 Phrygiae
2347 4513 2480 4567 pars
2511 4503 2620 4561 est,
2650 4495 3038 4566 congregatis,
3073 4510 3206 4548 cum
3243 4495 3435 4548 hostes
3482 4508 3696 4562 cogno-

2050 4585 2271 4640 vissent
2302 4587 2495 4656 ipsum
2527 4585 2942 4656 imperatorem
2975 4584 3470 4651 adesse,eumque
3491 4579 3692 4648 talem,

2053 4675 2153 4746 qui
2187 4673 2444 4746 pericula
2504 4691 2605 4745 pro
2663 4673 2788 4728 suis
2843 4672 3003 4726 adire
3061 4671 3214 4725 haud
3266 4669 3693 4735 reformidaret,

2049 4763 2244 4816 virum
2279 4762 2616 4817 bellicosum
2665 4768 2720 4816 et
2778 4762 2984 4816 robore
3031 4759 3320 4813 immenso
3377 4756 3686 4828 praeditum

283 4863 369 4918 ρα,
401 4845 454 4898 oi
487 4841 716 4898 ἄναντίοι
779 4843 1040 4916 μαθόντες
1094 4843 1183 4898 τὸν
1217 4843 1444 4918 βασιλέα
1491 4845 1694 4901 ἐπιέναι
1754 4849 1932 4924 σφίσιν

2049 4857 2255 4921 {neque
2285 4850 2464 4914 enim,
2497 4854 2561 4903 ut
2591 4850 2882 4904 exercitus
2937 4864 2999 4902 se
3057 4847 3361 4912 haberent,
3420 4852 3687 4900 accurate

281 4931 482 5000 αὑτὸν,
541 4931 632 4986 καὶ
687 4937 934 4988 τοιοῦτον
997 4933 1152 5004 εἶναι,
1213 4934 1286 4996 ὡς
1339 4933 1573 5008 ἑτοίμως
1630 4934 1931 5012 προκινδυ-

278 5021 449 5076 νεύειν
497 5025 608 5075 τῶν
643 5020 923 5090 ὑπηκόων,
973 5020 1166 5096 ἆρήϊόν
1198 5042 1257 5077 τε
1295 5024 1382 5078 καὶ
1427 5026 1527 5093 τήν
1579 5026 1758 5099 ὁρμὴν
1806 5026 1930 5080 ἀνυ-

2048 4945 2329 4994 noverant
2359 4937 2635 5007 Barbari),
2669 4945 2836 4992 caute
2867 4937 3161 5008 agendum
3210 4952 3338 4991 esse
3388 4935 3520 5000 rati,
3566 4933 3686 4990 acie

2043 5028 2354 5082 decernere
2387 5026 2758 5081 recusabant.
2793 5024 2951 5080 Unde
2981 5023 3254 5080 sultanus
3286 5029 3440 5080 retro
3489 5025 3688 5087 cessit,

276 5109 545 5165 πόσταιον
596 5109 684 5181 (τὰ
726 5109 826 5186 γάρ
871 5113 972 5176 τῆς
1024 5116 1275 5184 στρατιᾶς
1327 5110 1475 5176 ὅπως
1529 5110 1780 5185 διέκειτο,
1831 5115 1931 5170 οὐκ

2049 5121 2096 5172 et
2112 5116 2343 5171 duabus
2371 5116 2558 5189 partib
2570 5131 2635 5170 us
2657 5116 2727 5170 ab
2747 5112 3002 5170 exercitu
3017 5112 3324 5169 Barbarico
3338 5111 3661 5185 segregatis

1565 5313 1768 5376 Variae
1799 5315 2099 5378 lectiones
2128 5319 2190 5376 et
2217 5320 2406 5376 notae.

346 5469 812 5544 (69)_Kpa'tvﬁpwv.
849 5469 1018 5544 Hunc
1044 5469 1239 5528 locum
1270 5473 1632 5544 explicemus
1655 5475 1715 5532 in
1738 5475 1928 5534 Gloss.

285 5542 668 5617 med.Gr§_eit
691 5542 747 5596 in
779 5544 846 5617 νε
879 5542 1162 5617 ποτήριον.

352 5614 462 5698 (79)
487 5613 633 5698 ΔΤίτίς
666 5610 1398 5698 lypuytailconstantinus,
1432 5619 1470 5672 l.
1500 5635 1525 5698 _1
1559 5618 1800 5698 Themat.
1877 5637 1927 5676 ο.

287 5683 337 5752 1,
367 5683 448 5740 ait
471 5683 847 5742 Anatolicum
877 5686 1099 5745 Thema
1129 5683 1462 5749 habitatum
1495 5690 1678 5748 fuisse
1699 5708 1735 5748 a
1763 5706 1932 5764 quin-

2041 5494 2155 5561 que
2207 5477 2516 5561 gentibus,
2565 5477 2894 5561 Phrygibus
2933 5471 3682 5561 .videlicet,_.Lycaonibus,

2041 5549 2283 5614 Isauria,
2316 5549 2702 5621 Pamphyliis,
2732 5558 2785 5604 et
2829 5549 3084 5604 Pisidis:
3144 5549 3505 5601 continuisse
3553 5561 3687 5600 vero

2041 5628 2265 5694 partem
2295 5620 2557 5695 Phrygiae
2589 5620 2888 5678 Salutatim
2920 5625 2978 5677 et
3003 5617 3264 5691 Phrygiae
3320 5615 3688 5690 Capatianes,
