4036 6206
403 359 521 420 263

1747 348 2075 414 JOANNIS
2118 347 2464 409 ZONARJE

3670 360 3778 424 Ξθι

403 489 644 547 alterius
664 489 844 545 duces
865 488 924 544 in
949 486 1264 545 australem
1279 490 1335 542 et
1351 484 1712 556 superiorem
1734 479 2037 548 Asiam,al-

2151 473 2411 554 ἠκρίϐουν
2453 479 2505 533 οἱ
2555 473 2854 555 Βάρϐαροι)
2910 475 3165 544 εὐλαϐῶς
3221 485 3396 559 εἶχον,
3453 483 3540 540 καὶ
3593 484 3780 546 ὢκνουν

402 579 590 636 terius
615 580 673 634 in
723 578 1135 650 Aquilonarem
1189 575 1536 631 contendere
1569 573 1771 643 jussit.
1809 572 1849 626 Ii
1881 570 2049 626 obvia

405 685 650 741 quinque
674 668 958 740 papulati,
983 683 1047 721 ac
1068 671 1440 721 Neocmsarea
1490 663 1686 718 subita
1715 661 2049 717 incursione

402 761 630 814 vastata
651 756 946 811 manubiis
969 770 1172 826 graves
1195 753 1331 808 inde
1355 753 1875 817 recesserunt.Quo
1893 767 2048 804 nun-

404 847 486 901 tio
509 845 1085 916 accepto,imperator
1106 841 1330 906 dolens,
1353 839 1811 912 expeditioribus
1843 837 2049 892 militi-

405 935 518 990 bus
531 931 1118 1004 assumptis,perloca
1132 929 1284 984 invia
1295 935 1351 985 et
1367 935 1632 984 montosa
1646 926 2048 999 perficiscitur,

405 1029 469 1077 ut
491 1024 682 1078 hostes
703 1021 1268 1082 anteverteret.Quos
1289 1035 1357 1073 ex
1377 1017 1692 1089 improviso
1714 1033 2047 1088 aggressus,

404 1109 799 1182 perterrefecit
821 1123 1048 1176 omnes,
1073 1107 1376 1176 utstatim,
1406 1111 1636 1177 arrepta
1660 1105 1814 1176 fuga,
1850 1104 1966 1159 illic
1995 1110 2053 1158 et

403 1199 658 1271 praedam
681 1202 738 1253 et
783 1197 1206 1269 impedimenta
1237 1194 1651 1266 relinquerent.
1683 1197 1806 1248 Non
1852 1198 2048 1247 tamen

399 1287 787 1343 Barbarorum
815 1302 1028 1357 magna
1046 1289 1273 1356 strages
1296 1283 1548 1339 est219
1566 1282 1740 1350 edita,
1761 1281 1914 1352 quod
1941 1281 2049 1334 mi-

395 1376 528 1431 lites
543 1376 751 1431 itinere
774 1373 1264 1446 fatigati,longius
1280 1389 1378 1428 eos
1395 1371 1660 1444 persequi
1680 1370 1835 1426 haud
1854 1373 2054 1442 potue-

399 1471 559 1522 runt.
587 1463 805 1536 Captivi
827 1468 1044 1533 tamen,
1069 1466 1125 1516 et
1146 1460 1195 1516 si
1231 1461 1372 1532 quid
1397 1460 1551 1515 aliud
1574 1459 1828 1531 praedam
1852 1459 2050 1530 exple-

397 1555 516 1621 bat,
541 1554 598 1606 in
626 1552 951 1606 libertatem
973 1556 1198 1606 asserta
1220 1548 1732 1604 suntomnia.lnde
1751 1547 2050 1620 Syriaaiter

397 1632 727 1713 ingressus,
761 1638 1054 1712 phalange
1089 1656 1203 1694 una
1231 1637 1564 1692 Melitenam
1601 1637 1806 1704 missa,
1841 1635 2046 1692 Chale-

397 1749 537 1802 pum
570 1745 845 1801 magnam
876 1733 932 1783 et
962 1727 1270 1782 hominum
1301 1733 1359 1782 et
1390 1727 1780 1781 animantium
1801 1727 2047 1797 prmdam

2155 565 2290 620 κατά
2319 563 2586 638 συστάδην
2621 566 2985 644 μαχέσασθαι.
3037 571 3220 626 Ἐνθεν
3258 593 3343 627 τοι
3398 574 3426 628 ὁ
3481 574 3572 646 μὶν
3621 578 3781 634 Σουλ-

2155 655 2249 708 τὰν
2284 654 2358 716 είς
2381 655 2626 741 τούπίσω
2669 657 2940 727 πεποίητο
2971 659 3070 728 τὴν
3105 660 3305 734 ὁρμὴν,
3367 659 3461 717 δύο
3509 660 3564 718 δέ
3610 665 3784 741 μοίρας

2155 749 2254 812 τῆς
2314 739 2652 820 βαρϐαρικῆς
2698 743 2896 802 διελὼν
2966 755 3237 824 στρατιᾶς,
3279 751 3378 818 τὴν
3435 751 3528 824 μὶν
3578 752 3652 816 εἷς
3692 739 3781 825 τὴν

2157 833 2478 908 νοτιωτέραν
2539 835 2720 888 Ἀσίαν
2783 836 2883 905 τὴν
2945 837 3074 906 ἄνω,
3129 840 3228 907 τήν
3282 836 3340 894 δὶ
3394 841 3528 914 πρὸς
3555 843 3647 910 τὴν
3697 845 3786 917 βο-

2159 922 2432 997 ρειοτέραν
2508 924 2748 998 ὁρμῆσαι
2805 929 2922 989 τοῖς
2981 931 3316 1001 προεστῶσιν
3384 928 3558 983 αὐτῶν
3613 929 3782 987 ἐνετεί-

2159 1007 2312 1066 λατο.
2375 1008 2442 1068 Ο’ί
2507 1009 2745 1074 ἐπιόντες
2798 1013 2866 1068 τὰ
2912 1014 3293 1090 προστυχόντο
3349 1037 3408 1070 τε
3467 1014 3782 1093 ληϊζόμενοι,

2156 1100 2255 1167 τὴν
2311 1101 2770 1176 Νεοκαισάρειαν,
2833 1099 3104 1178 αἰφνίδιον
3165 1102 3569 1169 ἐπεισπεσόντες
3620 1108 3780 1182 αὐτῇ,

2161 1185 2542 1262 ἐξεπόρθησαν,
2613 1188 2703 1243 καὶ
2783 1187 3039 1266 λαφύρων
3117 1190 3542 1264 ἐμπλησθέντες,
3609 1193 3785 1252 ἐκεῖθεν

2159 1275 2480 1350 ἐπανῄεσαν.
2566 1282 2740 1333 Τοῦτο
2814 1283 2893 1351 τῷ
2971 1277 3189 1354 βασιλεῖ
3259 1279 3519 1357 ἀγγελθὲν
3575 1284 3782 1357 ἀθυμίαν

2159 1363 2435 1436 ἐνέσταξε,
2509 1367 2601 1420 καὶ
2675 1366 2802 1429 τοὺς
2887 1366 3281 1444 εὖζωνοτέρους
3363 1365 3640 1426 ἀναλαϐὼν
3703 1379 3786 1428 τοῦ

2159 1453 2580 1529 στρατεύματος,
2634 1454 2822 1529 ἀπῄει,
2873 1453 2963 1510 διὰ
3009 1452 3290 1513 δυσϐάτων
3343 1456 3484 1513 ὁδῶν
3525 1460 3608 1514 καὶ
3639 1461 3788 1534 ὁρῶν,

2159 1544 2353 1620 φθάσαι
2409 1545 2536 1604 τοὺς
2591 1541 2824 1619 ἐχθροὺς
2889 1544 3266 1620 ἐπειγόμενος.
3330 1549 3418 1610 Ὠς
3478 1549 3568 1603 οὗν
3621 1549 3786 1613 αὐτοῖς

2158 1629 2391 1700 ἐπῆλθεν
2453 1629 2756 1701 ἀδόκητος,
2817 1632 2894 1696 εἷς
2965 1633 3155 1689 πτοίαν
3213 1630 3470 1690 ἐνέϐαλεν
3528 1638 3784 1712 ἅπαντας,

2154 1720 2243 1775 καὶ
2302 1721 2438 1795 πρὸς
2491 1718 2730 1794 δρασμὸν
2791 1719 3010 1777 ἀπεῖδον
3043 1721 3216 1796 εὐθὺς,
3276 1725 3452 1780 αὐτοῦ
3507 1745 3610 1781 που
3636 1748 3784 1782 κατα-

395 1819 806 1876 abduxit.Inde
828 1816 1181 1889 Hierapolim
1201 1816 1537 1888 Syriae,cum
1562 1815 1923 1870 obsidionem
1946 1833 2037 1887 pa-

2156 1804 2425 1877 λιπόντες,
2481 1809 2570 1863 καὶ
2621 1811 2720 1878 τήν
2779 1809 2930 1866 λείαν
2980 1811 3070 1866 καὶ
3119 1813 3220 1881 τὴν
3260 1812 3593 1886 ἀποσκευήν.
3624 1817 3786 1892 Φθορὰ

393 1913 682 1979 raret,per
703 1907 1056 1962 deditionem
1077 1904 1480 1976 capit.Deinde
1496 1919 1630 1959 cum
1659 1903 1894 1958 Barbari
1928 1903 2039 1959 Ro-

395 2012 703 2051 manarum
729 1994 1027 2066 copiarum
1049 1999 1272 2064 partem
1292 1995 2038 2064 superassent,c¢eterorum

395 2101 567 2140 nemo
598 2084 716 2139 illis
746 2099 914 2155 opem
951 2084 1099 2138 ferre
1125 2082 1376 2145 studuit,
1426 2083 1526 2137 sed
1580 2083 1895 2153 imperator
1940 2081 2040 2137 illo

393 2178 601 2229 eventu
633 2172 884 2244 cognito,
919 2171 976 2225 in
1021 2175 1192 2242 capta
1251 2172 1390 2226 urbe
1449 2171 1686 2242 degens,
1740 2169 2041 2226 celerrime

392 2261 566 2317 victis
593 2260 899 2332 suppetias
922 2259 1045 2314 ivit.
1068 2259 1304 2330 Chalepi
1322 2265 1516 2314 autem
1567 2259 1893 2330 praefectus,
1927 2259 2037 2314 Ro-

395 2365 704 2405 manorum
737 2350 900 2404 clade
919 2347 1210 2418 nuntiata,
1238 2351 1293 2403 et
1314 2347 1438 2418 ipse
1460 2363 1593 2406 eum
1617 2347 1744 2403 suis
1757 2347 1944 2418 copiis
1965 2347 2037 2402 ad

391 2438 678 2494 Barbaros
709 2436 972 2500 descivit,
1002 2451 1246 2508 sperans
1276 2452 1339 2492 se
1372 2436 1777 2508 imperatorem
1837 2436 2036 2492 statim

391 2526 690 2598 captivum
729 2525 1144 2580 abducturum.
1165 2525 1305 2581 Cum
1329 2528 1525 2579 autem
1555 2524 1818 2580 Romana
1847 2529 2038 2580 castra

391 2632 605 2671 corona
626 2614 1175 2681 circumdedissent,
1204 2613 1539 2685 imperator,
1576 2613 1773 2685 prelio
1803 2613 1888 2668 eis
1921 2629 2034 2667 non

391 2703 756 2771 denuntiato,
789 2703 991 2757 eduxit
1021 2702 1362 2767 exercitum,
1421 2706 1479 2756 et
1539 2701 1699 2756 nullo
1757 2701 2034 2756 tubarum

389 2793 609 2852 sonitu.
642 2791 802 2846 nullo
825 2789 937 2846 alio
962 2790 1270 2846 manifesto
1295 2790 1464 2862 signo
1482 2792 1639 2857 dato,
1673 2791 1868 2846 hostes
1899 2807 2034 2861 pro-

388 2880 618 2952 ﬂigatos
652 2881 708 2934 in
745 2881 940 2952 fugam
974 2879 1242 2949 conjecit.
1276 2880 1434 2944 Quod
1467 2880 1513 2934 si
1549 2883 1846 2934 Romanus
1875 2895 2036 2934 exer-

389 2969 542 3024 citus
573 2968 808 3040 longius
855 2966 987 3023 illos
1035 2973 1380 3039 persecutus
1419 2973 1593 3032 esset,
1644 2967 1884 3024 victoria
1931 2984 2035 3039 po-

387 3059 534 3114 titus
569 3063 724 3113 esset
757 3057 1015 3112 maxima
1046 3061 1102 3112 et
1130 3056 1366 3111 illustri.
1401 3056 1545 3112 Nam
1580 3057 1865 3112 Arabibus
1899 3055 2034 3128 equi

386 3151 526 3204 sunt
559 3147 748 3218 primo
779 3145 999 3216 impetu
1031 3146 1254 3201 veloces
1284 3151 1459 3217 atque
1491 3145 1755 3200 omnium
1797 3145 2032 3202 celerri-

2159 1898 2253 1970 μὲν
2305 1895 2395 1952 οὖν
2448 1902 2556 1952 τῶν
2590 1897 2887 1973 Βαρβάρων
2921 1899 2982 1955 οὗ
3013 1901 3151 1955 πάνυ
3179 1922 3233 1956 τι
3261 1900 3474 1979 γέγονε,
3525 1908 3626 1958 τῶν
3675 1905 3784 1981 περὶ

2149 1986 2242 2041 τὸν
2295 1983 2520 2062 βασιλέα
2567 1986 2975 2042 κεκοπιακότων
3041 1987 3101 2044 ἐκ
3154 1997 3253 2060 τῆς
3310 1989 3646 2067 ὁδοιπορίας,
3706 1996 3781 2050 καὶ

2152 2076 2229 2148 μὴ
2263 2074 2390 2130 οἷ’ων
2421 2095 2479 2130 τε
2503 2071 2672 2129 ὅντων
2723 2073 2938 2131 διώκειν
2995 2077 3082 2132 ἐπὶ
3141 2078 3316 2135 πολύ.
3368 2081 3438 2138 Οἱ
3485 2083 3664 2154 μέντοι
3693 2082 3783 2154 λη-

2149 2165 2364 2243 φθέντες
2419 2162 2775 2240 αίχμάλωτοι
2831 2165 2921 2220 καὶ
2971 2164 3026 2222 εἷ’
3065 2188 3118 2222 τι
3165 2162 3353 2242 ἕτερον
3409 2167 3652 2245 ἐπλήρου
3695 2173 3782 2241 τὴν

2149 2252 2321 2323 λείαν,
2396 2253 2678 2326 ξύμπαντα
2732 2253 3132 2330 ἠλευθέρωντο.
3199 2258 3442 2324 Ἐκεῖθεν
3498 2267 3597 2330 τῆς
3660 2262 3780 2338 πρὸς

2149 2341 2345 2414 Συρίαν
2420 2341 2600 2416 ἥψατο
2671 2342 3002 2420 ἀπαγούσης,
3080 2345 3172 2401 καὶ
3233 2347 3498 2425 φάλαγγα
3567 2350 3656 2423 μὶν
3716 2350 3784 2413 εἷς

2147 2428 2462 2502 Μελιτηνὴν
2517 2429 2906 2501 ἐξαπέστειλεν,
2964 2434 3128 2499 αὐτὸς
3183 2432 3242 2490 δὲ
3327 2435 3405 2499 είς
3479 2438 3542 2492 τὸ
3611 2437 3782 2495 Χάλεπ

2145 2520 2419 2595 ὁρμήσας,
2495 2519 2715 2589 πολλὴν
2788 2521 3036 2598 ἀπήγαγε
3111 2520 3258 2579 λείαν
3343 2525 3641 2599 ἀνθρώπων
3701 2527 3782 2583 καὶ

2147 2609 2298 2678 ζώων
2377 2607 2586 2666 ἄλλων.
2644 2609 2894 2665 Κάκεῖθεν
2949 2612 3026 2676 είς
3071 2611 3383 2689 Ἱεράπολιν
3443 2623 3543 2686 τῆς
3600 2615 3779 2692 Συρίας

2143 2695 2392 2772 ἐγένετο,
2449 2697 2538 2752 καὶ
2598 2696 2913 2773 πολιορκεῖν
2971 2697 3336 2776 ἐπιχειρήσας
3392 2702 3559 2772 αὐτὴν
3589 2749 3602 2774 ,
3656 2705 3781 2776 ὁμο·

2145 2784 2303 2862 λογίᾳ
2369 2787 2468 2854 τήν
2531 2784 2688 2840 πόλιν
2765 2782 3088 2862 παρέκαϐεν.
3147 2789 3279 2845 Εἶτα
3333 2813 3448 2846 των
3507 2789 3780 2869 Βαρϐάρων

2143 2873 2469 2947 ἐπιθεμένων
2531 2873 2681 2948 μέρει
2758 2882 2858 2944 τῆς
2933 2877 3244 2950 Ῥωμαϊκῆς
3336 2885 3628 2952 στρατιᾶς,
3701 2881 3780 2936 καί

2141 2962 2486 3034 ἡττησάντων
2546 2963 2698 3033 αὐτὸ,
2751 2961 2929 3027 οὐδεὶς
2975 2970 3082 3021 τῶν
3107 2964 3295 3022 ἄλλων
3355 2969 3432 3032 είς
3488 2968 3780 3043 ἐπικουρίαν

2139 3056 2247 3108 τῶν
2309 3051 2640 3125 ἡττημάνων
2704 3054 2944 3127 γενέσθαι
3022 3060 3412 3130 προεθυμήθη.
3496 3065 3554 3116 Ὁ
3609 3055 3663 3114 δέ
3731 3080 3784 3133 γε

2149 3141 2402 3218 βασιλεὺς
2459 3139 2609 3196 ἐνδον
2665 3149 2765 3211 τῆς
2821 3140 3126 3206 ἑαλωκυίας
3185 3145 3410 3210 πόλεως
3453 3145 3550 3214 ὢν,
3602 3147 3782 3202 καὶτὸ

385 3235 488 3305 mi,
520 3235 620 3291 sed
655 3251 893 3289 cursum
920 3251 1032 3289 non
1051 3233 1221 3306 longe
1248 3235 1589 3302 extendunt,
1618 3233 2034 3306 celerrimeque

2146 3225 2354 3302 συμϐὰν
2424 3229 2696 3307 ἐγνωκὼς,
2762 3230 3048 3307 ταχύτπτα
3107 3233 3242 3306 μετά
3289 3240 3404 3290 τῶν
3463 3235 3584 3312 περῖ
3639 3235 3780 3290 αὐτὸν

383 3325 724 3396 fatigantur.
760 3323 972 3378 Verum
1007 3321 1277 3388 revocati,
1309 3327 1370 3377 ut
1429 3325 1626 3378 hostes
1679 3340 1792 3378 non
1842 3338 2034 3395 perse-

382 3415 613 3484 quendo
647 3417 1090 3479 conservarunt,
1127 3411 1207 3466 ita
1239 3413 1585 3483 semetipsos
1636 3429 1848 3484 magno
1899 3428 2031 3468 suc-

381 3519 549 3559 cessu
572 3507 629 3557 et
651 3501 833 3570 gloria
851 3501 1199 3572 spoliarunt.
1226 3501 1568 3572 Imperatori
1589 3505 1783 3556 tamen
1798 3501 2032 3556 abunde

377 3592 590 3659 visum,
625 3591 780 3662 quod
818 3590 1061 3646 Romani
1095 3589 1296 3646 hostes
1331 3589 1604 3644 invadere
1632 3590 1760 3645 ausi
1810 3594 2029 3660 essent,

376 3690 628 3763 pristina
652 3689 972 3744 timiditate
992 3688 1243 3758 abjecta.
1270 3687 1646 3760 Imperatoris
1687 3689 1860 3758 jussu
1894 3688 2031 3743 Hie-

377 3778 703 3851 rapolitana
723 3795 826 3833 arx
848 3777 1086 3832 condita
1107 3777 1286 3832 est.In
1311 3792 1620 3847 progressu
1647 3775 1782 3831 aliis
1799 3776 2030 3847 oppidis

377 3867 584 3938 captis,
618 3866 748 3922 aliis
781 3865 936 3937 quod
986 3864 1465 3936 ineXpugnabilia
1521 3869 1738 3927 essent,
1789 3864 2028 3932 relictis,

377 3956 437 4010 in
469 3954 678 4010 Ciliciae
714 3953 915 4009 urbem
950 3951 1364 4007 Alexandriam
1399 3953 1679 4023 pervenit.
1714 3951 1874 4008 Unde
1903 3953 2029 4008 dis—

375 4045 604 4100 cedenti
639 4042 946 4098 nuntiatur
973 4041 1278 4096 Amorium
1310 4040 1512 4096 multis
1542 4040 1749 4096 occisis
1781 4057 1910 4097 esse
1940 4042 2027 4096 di-

369 4137 626 4204 reptum.
660 4131 824 4196 Quod
857 4129 966 4185 etsi
999 4145 1148 4200 aegre
1181 4129 1422 4194 ferebat,
1457 4134 1656 4184 tamen
1688 4145 1821 4184 cum
1882 4130 2025 4185 nihil

369 4222 498 4292 opis
532 4221 678 4276 ferre
700 4223 916 4291 posset,
944 4217 1240 4272 militibus
1259 4217 1318 4272 in
1341 4217 1587 4273 hiberna
1604 4218 1892 4285 deductis,
1927 4220 2025 4274 ubi

371 4311 536 4368 nulla
557 4308 1128 4380 commeatusinopia
1158 4313 1580 4380 premerentur,
1606 4309 1729 4381 ipse
1750 4310 1807 4364 in
1823 4311 2027 4366 urbem

369 4403 589 4475 regiam
624 4401 954 4467 revertitur,
990 4399 1181 4454 factus
1224 4400 1613 4471 arrogantior,
1646 4401 1814 4472 quasi
1863 4401 2028 4470 plura

367 4491 735 4558 confecisset,
769 4506 884 4544 non
942 4505 1081 4558 erga
1151 4487 1297 4544 alios
1357 4489 1662 4553 duntaxat,
1725 4490 1824 4544 sed
1885 4507 2025 4561 erga

2141 3319 2218 3380 εἷς
2243 3318 2459 3395 ἀρωγὴν
2517 3324 2628 3374 τῶν
2694 3320 3016 3392 ἡττημένων
3063 3321 3372 3398 ἐξώρμησε.
3432 3326 3627 3390 Μαθὼν
3660 3323 3713 3380 δὶ
3756 3325 3780 3378 ὁ

2137 3405 2234 3463 τοῦ
2294 3406 2488 3463 Χάλεπ
2526 3409 2878 3484 ἡγεμονεύων
2930 3411 3030 3478 τήν
3088 3415 3197 3465 τῶν
3252 3413 3545 3486 Ῥωμαίων
3603 3415 3776 3484 ἧτταν,

2140 3497 2431 3571 προσέθετο
2488 3497 2578 3552 καὶ
2636 3498 2800 3562 αὐτὸς
2853 3503 2970 3560 τοῖς
3031 3497 3228 3564 ἄλλοις
3297 3497 3602 3578 Βαρϐάροις
3662 3501 3780 3575 μετᾶ

2137 3594 2237 3657 τῆς
2292 3585 2492 3648 οἰκείας
2539 3587 2716 3656 πάσης
2779 3584 3092 3660 δυνάμεως,
3161 3587 3356 3646 αὐτίκα
3417 3592 3511 3646 τὸν
3565 3589 3776 3666 βασιλέα

2138 3673 2457 3750 προσδοκῶν
2529 3675 2829 3750 ἀπαγαγεῖν
2909 3673 3281 3752 δορυάλωτον.
3359 3679 3466 3737 Καὶ
3527 3682 3587 3735 τὸ
3657 3681 3778 3734 Ῥω-

2143 3765 2336 3838 μαῖκὸν
2391 3763 2580 3837 κύκλῳ
2638 3761 2998 3840 στρανόπεδον
3054 3762 3410 3842 περιέλαϐον.
3469 3771 3528 3827 Ὀ
3606 3768 3775 3842 μέντοι

2144 3851 2398 3930 βασιλεὺς
2471 3853 2772 3926 ἀκήρυκτον
2849 3853 3032 3917 αὐτοῖς
3088 3856 3187 3924 τὴν
3247 3859 3438 3933 μάχην
3491 3857 3775 3933 ἐπενεγκὼν

2141 3943 2306 4018 (ἐξῄει
2349 3943 2452 4018 γὰρ
2499 3945 2597 3997 τοῦ
2663 3943 2905 4018 χάρακος
2952 3943 3043 3997 καὶ
3092 3944 3153 3998 τὸ
3198 3966 3510 4021 στρατευμα
3571 3947 3779 4018 ζυνεξή-

2137 4052 2294 4107 γαγε,
2352 4033 2492 4104 μήτε
2550 4029 2859 4107 σαλπίγγων
2915 4035 3214 4106 γενομένης
3261 4036 3438 4109 ἠχῆς,
3504 4041 3629 4109 μηθ’
3679 4034 3780 4089 έτέ-

2138 4141 2234 4196 ρου
2278 4117 2546 4190 διαδήλου
2595 4120 2962 4193 συνθήματος)
3022 4120 3284 4196 ἐτρέψατο
3331 4123 3464 4186 τοὺς
3500 4121 3776 4193 ἐναντίους,

2136 4218 2225 4274 καὶ
2274 4217 2350 4280 είς
2400 4218 2577 4293 φυγήν
2631 4218 2933 4291 ἠνάγκασεν
2983 4216 3218 4274 ἀπιδεῖν.
3265 4220 3329 4275 Et
3370 4225 3505 4298 γοῦν
3555 4218 3777 4276 ἐπιπολὺ

2133 4307 2196 4362 τὸ
2253 4304 2558 4380 Ῥωμαϊκὸν
2602 4303 2859 4376 ἐπεδίωξε
2903 4310 3249 4382 στράτευμα,
3291 4309 3449 4380 νίκην
3497 4308 3556 4366 ἃν
3614 4308 3774 4386 ἤρατο

2139 4397 2402 4471 μεγίστην
2451 4394 2541 4450 καὶ
2572 4391 2923 4471 περιϐόητον.
2957 4397 3024 4454 Οἱ
3071 4398 3174 4474 γὰρ
3219 4395 3384 4453 ἵπποι
3413 4404 3533 4462 τοῖς
3587 4400 3776 4475 Ἄραψι

2133 4490 2323 4560 ταχεῖς
2383 4485 2478 4558 μέν
2513 4483 2616 4539 είσι
2642 4485 2742 4552 τήν
2774 4485 2997 4560 πρώτην
3034 4487 3236 4560 ὁρμὴν.
3277 4487 3367 4542 καὶ
3409 4492 3522 4542 τῶν
3578 4487 3774 4544 λοιπῶν

365 4581 556 4652 ipsam
588 4579 767 4634 etiam
802 4575 1257 4647 imperutricem.
1287 4575 1390 4631 Illa
1424 4593 1556 4631 vero
1588 4593 1751 4648 spem
1774 4594 1942 4632 suam
1967 4579 2024 4632 in

2146 4571 2562 4642 ποδωκέστατοι,
2615 4573 2714 4627 οὐκ
2760 4571 2848 4628 ἐπὶ
2896 4573 3042 4629 πολὺ
3096 4573 3154 4629 δὲ
3213 4576 3306 4630 τὸν
3354 4573 3560 4650 δρόμον
3617 4574 3776 4631 ἐκτεί-

369 4667 729 4724 contrarium
766 4666 1010 4721 vertisse
1051 4681 1322 4730 cernens,
1377 4671 1578 4720 mmsta
1635 4680 1734 4720 cor
1789 4666 2018 4732 edebat,

369 4772 475 4810 nec
511 4753 949 4826 objurgationes
982 4753 1136 4807 ferre
1170 4757 1412 4822 poterat.

2131 4684 2311 4717 νουσιν
2348 4706 2361 4731 ,
2423 4660 2547 4717 ἀλλ’
2605 4661 2957 4716 ἀποκναίουσι
3014 4661 3251 4739 τάχιστα
3282 4709 3296 4734 ,
3363 4663 3775 4735 Ἀνακληθέντες

2133 4749 2212 4819 δὲ,
2280 4753 2369 4807 καὶ
2433 4759 2534 4821 τῆς
2599 4749 2836 4822 διώξεως
2894 4751 3291 4828 ἀποσχόμενοι,
3345 4753 3471 4816 τοὺς
3521 4753 3776 4813 ἐναντίους

368 4840 724 4916 περιέσωσαν,
776 4839 998 4901 ἑαυτοὺς
1052 4837 1109 4894 δὲ
1169 4837 1414 4913 μεγάλου
1469 4840 1892 4915 κατορθώματος
1946 4841 2036 4896 καὶ
2087 4839 2332 4903 εὐκλείας
2389 4840 2695 4918 ἐστέρησαι.
2754 4843 2950 4913 ’Όμως
3006 4842 3084 4912 τῷ
3147 4840 3383 4917 βασιλεῖ,
3442 4843 3525 4897 ὃτι
3559 4839 3702 4903 ὃλῶς
3727 4841 3776 4894 οὶ

371 4930 634 5000 Ῥωμαῖοι
710 4933 827 4990 τοῖς
903 4927 1127 5003 ἐχθροῖς
1204 4927 1503 4982 ἀντεπιέναι
1581 4927 1985 5006 ἀπεθάῤῥησαν,
2070 4931 2159 4986 καὶ
2227 4931 2290 4986 τὸ
2367 4929 2512 4985 πολὺ
2586 4933 2686 4999 τῆς
2742 4930 2935 5005 πρώην
2996 4927 3206 4995 δειλίας
3261 4931 3540 5000 ἀπέθεντο,
3587 4929 3774 5006 ἀρκοῦν

371 5015 547 5073 ἐδόκει
601 5015 910 5090 εὐτύχημα.
968 5017 1262 5088 Ἐνῴκιστο
1321 5013 1379 5070 δὲ
1434 5019 1534 5086 τῆς
1593 5015 1954 5092 Ἰεραπόλεως
2012 5022 2048 5090 ἡ
2117 5017 2438 5096 ἀκρόπολις,
2510 5022 2607 5074 τοῦ
2682 5019 2952 5094 βασιλέως
3025 5019 3438 5096 προστάξαντος.
3513 5019 3606 5074 Καὶ
3671 5014 3776 5072 έτέ-

374 5127 489 5183 ροις
549 5102 605 5160 δὲ
658 5104 986 5176 πολίσμασιν
1046 5103 1315 5174 ἐπελθὼν,
1372 5105 1462 5159 καὶ
1517 5107 1584 5160 τὰ
1646 5106 1737 5178 μὲν
1800 5104 1889 5162 διὰ
1949 5109 2011 5163 τὸ
2092 5107 2374 5163 ἀνάλωτον
2452 5105 2765 5183 παρελθὼν,
2838 5107 2906 5162 τά
2981 5104 3041 5162 δὶ
3114 5109 3426 5184 κατασχὼν,
3493 5109 3569 5169 εἷς
3620 5103 3774 5161 πόλιν

370 5198 470 5264 τῆς
527 5194 796 5262 Κιλικίας,
855 5195 952 5261 τήν
1029 5191 1384 5270 Ἀλέξανδρον
1466 5193 1796 5268 λεγομένην,
1865 5200 2189 5267 κατήντησε.
2273 5197 2524 5252 Κάκεῖθεν
2599 5195 2815 5250 ἀπιόντι
2894 5195 3430 5272 λαφυραγωγηθῆναι
3510 5197 3572 5251 τὸ
3621 5193 3777 5266 Ἀμό-

373 5308 486 5362 ριον
542 5283 947 5362 διαγγέλλεται,
1005 5285 1093 5338 καὶ
1141 5287 1431 5354 κτανθῆναι
1490 5283 1761 5346 πολλούς.
1833 5283 2198 5365 Ἐδυσφόρησε
2253 5287 2347 5361 μὶν
2405 5286 2496 5342 οὖν
2546 5287 2683 5361 πρὸς
2731 5290 2900 5342 ταῦτα
2930 5287 2958 5341 ὁ
2995 5287 3268 5361 βασιλεὺς,
3306 5289 3382 5361 μή
3411 5285 3700 5359 δυνάμενος
3728 5276 3780 5336 δ’

368 5375 634 5448 ἐπαμῦναι
693 5379 810 5436 τοῖς
859 5373 1174 5440 πεπονθόσι,
1229 5375 1298 5428 τά
1356 5375 1476 5448 περὶ
1537 5373 1630 5428 τὸν
1691 5373 1895 5428 οἰκεῖον
1953 5385 2175 5451 στρατὸν
2237 5374 2762 5449 οἰκονομησάμενος,
2815 5374 2908 5430 ’ίνα
2958 5377 3056 5442 τὴν
3132 5381 3230 5431 τοῦ
3303 5380 3578 5452 χειμῶνος
3641 5371 3772 5443 ὥραν

375 5462 632 5527 ἀνενδεῶς
663 5469 770 5519 τῶν
805 5461 1110 5538 ἀναγκαίων
1142 5461 1507 5539 παρέλθωσιν,
1541 5462 1700 5524 αὐτὸς
1731 5463 1817 5518 ἐπὶ
1850 5466 1948 5535 τὴν
1985 5465 2241 5541 βασιλίδα
2270 5471 2374 5521 τῶν
2407 5465 2624 5521 πόλεων
2657 5461 2981 5533 ἐπανῆλθεν,
3013 5462 3480 5542 ἀλαζονικώτερον
3511 5459 3771 5532 διακείμε-

373 5575 463 5616 νος
496 5555 568 5615 ὡς
597 5553 737 5630 τάχα
767 5551 1143 5628 κατωρθωκὼς
1183 5549 1381 5622 πλείω,
1416 5551 1477 5606 οὐ
1513 5550 1676 5624 μόνον
1727 5554 1863 5629 πρὸς
1887 5553 2012 5617 τοὺς
2043 5551 2272 5620 ἄλλους,
2305 5554 2446 5611 ἀλκὰ
2470 5553 2560 5610 καὶ
2588 5553 2724 5630 πρὸς
2753 5553 2918 5622 αὐτὴν
2945 5553 3046 5621 τὴν
3083 5553 3423 5629 βασίλισσαν.
3453 5553 3517 5609 Ἦ
3553 5548 3609 5604 δέ
3641 5544 3768 5621 πρὸς

367 5642 681 5698 τούναντίον
711 5642 846 5716 αὐτῇ
880 5643 976 5704 τὰς
1003 5637 1227 5704 ἐλπίδας
1254 5641 1545 5715 τραπείσας
1573 5647 1930 5715 καταννοῦσα,
1964 5641 2308 5723 ἐδυσχέραινε
2357 5643 2445 5700 καὶ
2488 5644 2588 5715 τὴν
2637 5639 2861 5720 καρδίαν
2912 5642 3059 5720 εἶχεν
3118 5639 3472 5712 οἶδαίνουσαν,
3518 5638 3614 5702 τὰς
3659 5635 3772 5691 ἐπι·

373 5731 602 5805 πλήξεις
636 5732 715 5807 μὴ
737 5730 1022 5808 στέγουσα.
