4036 6206
187 299 290 362 Ξθδ

1452 295 1861 361 ANNALIUM
1907 297 2053 360 LIB.
2097 299 2315 362 XVIII.

3470 303 3592 364 266

247 431 314 487 ΙΒ
333 472 348 485 .
377 430 541 504 Ἄρτι
573 425 623 484 δ’
649 426 995 502 ᾶναλάμπειν
1026 429 1310 507 ἤργμὲνου
1339 431 1437 483 106
1466 424 1643 504 ἔαρος,
1673 425 1826 492 αὖθις

2014 432 2138 487 XII.
2173 432 2295 489 Sub
2312 433 2468 490 veris
2496 433 2734 490 initium
2761 433 3083 506 imperator
3136 434 3318 491 altera
3363 436 3593 508 expedi-

187 521 210 575 ὑ
249 516 506 594 βασιλεὺς
560 517 743 592 ἑτέρας
790 516 1136 594 ἐκστρατείας
1183 517 1481 592 ἐμέμνητο.
1545 513 1830 588 Ἐκδημή-

184 629 270 669 σας
326 606 508 663 τοίνυν
552 609 654 677 τῆς
707 604 1032 677 Βυζαντίδος
1084 607 1173 662 καὶ
1225 609 1519 682 γενόμενος
1563 605 1639 668 ε’ίς
1696 609 1828 663 Και-

181 699 416 772 σάρειαν,
466 693 634 769 ἔμαθε
693 695 956 774 Τοῦρκων
1009 695 1228 767 πλῆθος
1280 695 1425 752 πολὺ
1477 694 1828 771 κατατρέχειν

179 789 270 855 τὴν
299 787 516 862 χώραν,
561 785 652 840 καὶ
694 786 912 848 τούτοις
960 793 1037 857 πῆ
1093 787 1188 860 μὲν
1247 787 1408 861 μέρος
1448 788 1548 854 τῆς
1578 790 1828 860 στρατιᾶς

175 874 457 954 ἐπαφιεὶς,
517 882 594 945 πῆ
655 873 714 930 δὲ
771 875 860 930 καὶ
920 875 1086 938 αὐτὸς
1146 870 1507 948 συμϐάλλων,
1569 872 1828 949 ἐτρέψατο

176 965 295 1027 τοὺς
332 963 594 1041 ἐχθροὺς,
643 964 734 1020 καὶ
787 964 913 1027 τοὺς
964 965 1341 1040 ζωγρηθέντας
1386 969 1464 1036 τῷ
1496 963 1633 1040 ξίφει
1691 962 1831 1016 πάν-

175 1074 258 1114 τας
327 1055 627 1130 ὑπαγαγὼν
685 1053 822 1128 πρὸς
880 1054 970 1108 τὸν
1033 1054 1323 1131 Εὐφράτην
1377 1051 1535 1107 ἐτίθει
1603 1052 1663 1106 τὸ
1740 1049 1829 1124 ὅρ-

177 1164 358 1216 μημα.
405 1143 514 1200 Τὸν
565 1145 749 1215 μέντοι
801 1140 1103 1215 Φιλάρετον
1152 1141 1451 1218 στρατηγὸν
1509 1135 1827 1216 προϐαλλό-

177 1253 336 1304 μενος
364 1235 453 1305 (ἦν
499 1229 557 1286 δὲ
595 1236 693 1286 106
750 1231 1084 1307 Βραχαμίων
1143 1232 1298 1306 γένου
1357 1231 1385 1285 ὁ
1443 1229 1607 1305 ἀνὴρ,
1653 1226 1826 1283 δοκῶν

177 1321 262 1394 μὲν
342 1323 487 1397 πρὸς
557 1322 952 1390 στρατιωτικὴν
1023 1319 1310 1394 ἐμπειρίαν
1391 1320 1594 1380 ἱκανῶς
1654 1314 1825 1394 ἔχειν,

175 1409 292 1485 βίου
328 1407 388 1465 δὲ
413 1411 708 1486 τυγχάνων
741 1410 842 1464 οὐκ
872 1410 1099 1484 ἀγαθοῦ,
1131 1407 1260 1464 ἀλλ’
1303 1406 1633 1484 ἀντιρῥόπου
1690 1406 1828 1461 πάνυ

170 1500 309 1574 πρὸς
341 1501 446 1569 τήν
481 1497 682 1569 κλῆσιν
730 1498 940 1572 αὐτοῦ),
969 1497 1150 1570 τούτῳ
1177 1499 1240 1552 τὸ
1269 1497 1443 1570 ἥμισυ
1491 1493 1826 1571 παραδίδωσι

167 1594 264 1644 106
296 1587 729 1664 στρατεύματος,
782 1586 940 1649 αὐτὸς
991 1584 1038 1641 δ’
1097 1586 1354 1641 ἀπένευσε
1409 1586 1546 1661 πρὸς
1603 1585 1670 1640 τὰ
1729 1585 1828 1660 βο-

168 1678 441 1753 ρειότερα.
504 1679 638 1738 Τοῖς
679 1673 737 1730 δὶ
797 1674 930 1749 μετᾶ
983 1679 1080 1731 106
1131 1673 1437 1750 Φιλαρέτου
1489 1672 1830 1750 ἐπιφανὶντες

167 1769 222 1822 οἱ
255 1763 535 1842 Βάρϐαροι
584 1765 777 1820 πτοίαν
827 1759 1111 1834 ἐνέϐαλον,
1161 1763 1252 1818 καὶ
1309 1762 1434 1825 τοὺς
1477 1763 1680 1866 τόπους
1729 1783 1825 1816 κα·-
1859 1801 1904 1866 Β

163 1852 516 1924 ταλιποῦσιν,
577 1853 670 1915 οὓς
719 1852 1007 1932 φυλάττειν
1059 1853 1393 1928 ὡρίσθησαν,
1445 1850 1535 1906 καὶ
1596 1849 1672 1914 εἷς
1729 1871 1826 1928 φυ-

165 1945 269 2019 γήν
329 1948 616 2017 τραπεῖσιν
647 1940 864 1997 εἷ’ποντο
899 1943 950 1996 οἱ
994 1939 1282 2013 πολέμιοι,
1341 1939 1431 1995 καὶ
1491 1937 1635 1995 εἶλον
1690 1939 1826 1994 ἅπα-

167 2054 264 2088 σαν
309 2033 413 2101 τήν
475 2031 693 2087 ἐκείνων
750 2032 1080 2100 ἀποσκευήν.
1113 2034 1283 2085 Τοῦτο
1325 2027 1482 2084 ἐλθὸν
1521 2027 1599 2091 εἷς
1629 2033 1823 2103 γνῶσιν

168 2126 245 2194 τῷ
279 2119 524 2198 βασιλεῖ,
559 2119 940 2196 σκυθρωπάσαι
971 2118 1293 2189 πεποίηκεν.
1355 2119 1422 2175 Οἱ
1481 2115 1527 2172 δ’
1559 2116 1649 2172 ἐνα
1695 2118 1824 2189 τίοι,

169 2212 303 2266 κατὰ
326 2214 435 2276 τῆς
490 2206 876 2272 Καππαδοκίας
921 2209 983 2263 τὸ
1035 2209 1267 2284 ὅρμημα
1299 2205 1536 2280 θέμενοι,
1569 2205 1736 2278 αὐτήν
1769 2228 1826 2262 τε

169 2300 466 2376 ἐπόρθουν,
521 2299 609 2352 καὶ
664 2298 800 2373 πρὸς
854 2298 917 2353 τὸ
974 2296 1198 2354 Ἰκόνιον
1235 2299 1347 2369 (71)
1395 2293 1562 2365 ἵεντο,
1618 2296 1825 2370 ἀνθρώ-

167 2411 281 2444 πων
346 2409 408 2444 τε
466 2385 881 2459 πολυπλήθειαν
915 2385 1066 2462 ἔχον,
1100 2387 1188 2441 καὶ
1235 2390 1364 2440 πᾶσι
1412 2390 1530 2447 τοῖς
1580 2382 1827 2440 δοκοῦσιν

168 2480 396 2554 ἀγαθοῖς
456 2476 868 2550 εὐθύνούμενον.
931 2477 987 2529 '0
1041 2473 1100 2530 δὶ
1155 2473 1407 2550 βασιλεὺς
1442 2515 1456 2540 ,
1517 2473 1593 2537 είς
1656 2469 1824 2529 Σεϐά-

167 2589 348 2623 σεειαν
393 2566 743 2646 ἆιρικόμενος,
811 2565 901 2620 καὶ
960 2565 1147 2638 μαθὼν
1202 2565 1304 2632 τὴν
1360 2563 1496 2617 κατὰ
1541 2566 1638 2617 106
1693 2565 1825 2619 Ἰκο-

163 2657 282 2712 νίου
333 2660 448 2711 τῶν
500 2655 761 2726 Τούργων
825 2651 1148 2726 ἑπὲλευσιν,
1200 2653 1459 2708 συνέτεινε
1513 2651 1603 2706 καὶ
1658 2652 1822 2715 αὐτὸς

159 2748 258 2815 τήν
291 2744 524 2818 πορείαν
576 2746 690 2818 (72)
724 2743 898 2798 ὀπίσω
929 2741 1127 2799 αὐτῶν.
1187 2742 1356 2804 Γνοὺς
1389 2739 1446 2796 δὲ
1491 2738 1600 2812 ἤδη
1663 2739 1823 2796 ἔκπε-

166 2835 506 2908 πορθηκέναι
551 2831 746 2896 αὐτοὺς
793 2833 856 2886 τὸ
914 2830 1164 2900 Ἰκόνιον,
1219 2830 1308 2885 καὶ
1364 2830 1463 2900 τὴν
1523 2829 1686 2884 αὐτοῦ
1737 2829 1823 2885 εὖ·

170 2918 552 2996 λαϐουμὲνους
623 2921 954 2994 κατάληψιν,
1016 2921 1237 2994 ἀπᾶραι,
1294 2923 1374 2991 τῷ
1426 2925 1526 2988 τῆς
1576 2917 1824 2994 μεγάλης

167 3010 513 3086 ’Δντιοχείας
570 3006 722 3064 δουκὶ
777 3013 856 3081 τῷ
897 3008 1244 3083 Κατατουρίῳ
1286 3013 1480 3084 μοῖραν
1539 3006 1820 3082 ἐκπέμψας

1938 520 2096 577 tione
2125 526 2418 594 suscepta,
2444 539 2577 579 cum
2609 523 2929 580 Caesaream
2960 523 3590 596 venisset,etmagnam

1939 615 2257 666 Turcorum
2319 612 2758 668 multitudinem
2813 613 2968 670 280
3036 630 3165 668 eam
3225 613 3588 686 provinciam

1941 699 2243 756 incursare
2291 701 2691 771 cognovisset:
2724 701 2904 756 etiam
2939 702 2998 756 in
3033 701 3164 757 illos
3214 718 3371 757 nunc
3427 706 3590 774 parte

1940 788 2236 859 copiarum
2270 789 2560 855 immissa,
2593 807 2748 845 nunc
2782 790 2907 862 ipse
2941 790 3230 860 invectus,
3265 791 3588 863 proﬂigatis

1938 877 2079 946 illis,
2127 877 2488 949 captivisque
2538 879 2706 934 caesis
2757 879 3054 947 omnibus,
3111 880 3180 933 ad
3233 880 3587 952 Euphratem

1940 968 2258 1034 contendit,
2310 967 2602 1024 Philareto
2656 971 2804 1024 duce
2862 969 3190 1037 designato.
3235 972 3373 1024 Erat
3416 969 3466 1025 is
3521 985 3590 1025 ex

1939 1072 2148 1128 genere
2179 1057 2680 1126 Brachamiorum,
2726 1058 2823 1129 qui
2859 1062 2924 1112 ut
2953 1057 3096 1112 satis
3128 1057 3341 1114 habere
3371 1058 3588 1130 peritiae

1941 1145 2212 1200 militaris
2240 1145 2567 1214 videbatur,
2600 1146 2682 1201 ita
2711 1146 2993 1218 improbae
3017 1147 3143 1201 vitae
3175 1151 3316 1212 erat,
3376 1151 3432 1203 et
3483 1165 3587 1204 no-

1941 1235 2085 1289 mini
2116 1251 2244 1305 suo,
2303 1237 2454 1306 quod
2506 1235 2741 1291 virtutis
2802 1235 3131 1290 studiosum
3174 1239 3357 1304 notat,
3418 1236 3591 1309 plane

1939 1323 2261 1379 contrariae.
2290 1323 2435 1378 Huic
2494 1324 2742 1379 semisse
2798 1324 3088 1380 exercitus
3137 1325 3292 1393 dato,
3343 1324 3470 1396 ipse
3517 1325 3589 1380 ad

1937 1412 2415 1483 septemtrionem
2443 1412 2775 1468 declinavit.
2801 1413 3009 1468 Hostes
3059 1417 3257 1469 autem
3316 1413 3591 1470 Philareti

1939 1500 2227 1556 militibus
2260 1507 2475 1557 terrore
2498 1501 2681 1568 illato,
2743 1505 2808 1557 ut
2855 1502 2999 1558 locis
3057 1501 3273 1574 quibus
3331 1501 3589 1574 praesidii

1938 1606 2114 1646 causa
2143 1594 2327 1658 erant,
2362 1590 2598 1662 relictis,
2646 1590 2934 1662 fugerent,
2994 1591 3263 1660 insecuti,
3313 1592 3591 1648 omnibus

1936 1693 2136 1732 eorum
2184 1676 2626 1748 impedimentis
2659 1677 2987 1749 potiuntur,
3050 1679 3205 1750 quod
3248 1679 3590 1752 imperatori

1937 1765 2239 1821 tristitiam
2290 1765 2526 1822 attulit:
2577 1771 2632 1822 et
2679 1767 2739 1821 in
2793 1768 3218 1838 Cappadociam
3274 1768 3588 1840 progressi,

1938 1853 2094 1925 agris
2118 1854 2360 1910 vastatis
2390 1853 2652 1909 Iconium
2714 1859 2942 1926 petunt,
3004 1856 3208 1912 urbem
3264 1857 3594 1929 frequentia

1936 1942 2267 2009 hominum,
2321 1946 2377 1998 et
2433 1943 2712 1999 omnibus
2743 1943 2815 2000 iis
2865 1961 2991 2016 quas
3020 1944 3173 2000 bona
3204 1945 3482 2002 dicuntur
3510 1947 3592 2003 fe-

1934 2031 2128 2088 licem.
2161 2031 2282 2095 Quo
2303 2030 2623 2103 imperator
2642 2033 2916 2088 Sebastiae
2969 2034 3225 2106 cognito,
3251 2033 3452 2106 etipse
3483 2035 3594 2091 iter

1934 2120 2140 2176 eodem
2174 2120 2444 2176 intendit.
2477 2121 2692 2176 Verum
2726 2122 2996 2177 nuntiata
3027 2123 3155 2193 ejus
3207 2123 3368 2178 urbis
3397 2127 3594 2180 vasta-

1935 2211 2114 2279 tione,
2145 2215 2203 2267 et
2233 2213 2558 2268 Turcorum
2579 2228 2753 2266 suum
2779 2213 3096 2268 adventum
3118 2213 3451 2268 timentium
3478 2213 3596 2269 dis-

1936 2317 2130 2368 cessu,
2163 2317 2386 2372 magna)
2434 2300 2750 2355 Antiochiae
2807 2301 2942 2356 duci
2975 2300 3268 2357 Cataturio
3300 2303 3586 2358 Romana-

1935 2406 2066 2446 rum
2098 2389 2393 2462 legionum
2428 2394 2591 2460 parte
2621 2389 3152 2458 missa,mandavit,
3188 2396 3254 2446 ut
3275 2391 3344 2446 ad
3375 2390 3590 2463 Mopsi-

1933 2479 2184 2535 hestiam
2219 2479 2458 2546 veniret,
2493 2484 2551 2534 et
2573 2482 2790 2534 Turcos
2821 2478 2953 2534 illac
3007 2481 3363 2534 transituros
3383 2497 3584 2552 aggre-

1934 2569 2189 2624 deretur.
2216 2569 2494 2623 Caeterum
2523 2565 2715 2622 hostes
2760 2585 2893 2623 cum
2953 2567 3012 2622 in
3064 2568 3231 2624 Tarsi
3280 2567 3584 2640 planitiem

1932 2657 2251 2724 venissent,
2284 2658 2356 2712 ab
2386 2657 2682 2712 Armeniis
2711 2659 2873 2713 omni
2925 2658 3040 2713 fere
3091 2658 3288 2728 praeda
3347 2656 3583 2729 spoliati

1932 2751 2092 2815 sunt,
2127 2746 2458 2818 auditisque
2489 2750 2886 2802 Romanorum
2920 2747 2990 2801 ad
3023 2746 3461 2819 Mopsibestiam
3494 2746 3584 2802 in-

1931 2835 2120 2902 sidiis,
2181 2840 2354 2890 noctu
2408 2835 2518 2891 iter
2571 2835 2822 2907 ingressi
2888 2836 3284 2909 diffugerunt:
3323 2853 3449 2908 qua;
3492 2853 3584 2892 res

1929 2922 2265 2994 imperatori
2299 2939 2477 2979 causa
2502 2924 2766 2980 mceroris
2801 2925 2930 2990 fuit,
2965 2928 3029 2979 ut
3052 2926 3226 2980 rebus
3258 2925 3586 2998 desperatis

1932 3012 2276 3082 Byzantium
2308 3013 2544 3068 rediret.
2579 3015 2708 3068 .Iam
2758 3013 2913 3070 enim
2947 3019 3273 3070 autumnus
3305 3014 3582 3081 instabat,

164 3101 282 3156 τινὰ
367 3104 480 3154 τῶν
553 3099 881 3171 Ῥωμαϊκῶν
969 3093 1292 3170 δυνάμεων,
1370 3095 1670 3152 ἰνετείλατο
1746 3096 1820 3157 εἷς

1938 3106 2414 3172 quatempestate
2435 3102 2846 3157 Blachernium
2869 3119 3100 3174 quoque
3132 3119 3412 3177 magnum
3445 3119 3583 3159 con-

170 3188 552 3263 Μοψουεστίαν
627 3188 939 3265 ἀφίξεσθαι,
1019 3186 1108 3241 καὶ
1183 3190 1299 3248 τοῖς
1374 3184 1635 3262 Τοόρκοις
1710 3184 1821 3240 ἐκεῖ

1938 3189 2221 3262 ﬂagravit,
2253 3208 2406 3246 anno
2437 3192 2508 3246 ab
2539 3191 2678 3246 orbe
2709 3173 2944 3247 condito
3005 3173 3190 3248 sexies
3238 3173 3583 3261 millesimo,
3639 3255 3654 3268 __

171 3277 368 3334 διιοῦσι
431 3275 718 3351 συμμίξαι.
775 3273 931 3332 Ἀλλ’
989 3275 1040 3329 οἱ
1106 3272 1389 3347 πολεμιοι,
1450 3273 1525 3336 είς
1578 3275 1678 3344 τὴν
1721 3280 1822 3343 τῆς

172 3370 386 3443 Ταρσοῦ
445 3363 671 3421 πεδιάδα
701 3363 1010 3442 γενόμενοι,
1063 3367 1179 3425 τοῖς
1209 3363 1522 3437 Ἀρμενίοις
1552 3362 1820 3432 ἐνέπεσον,

170 3457 257 3511 καὶ
310 3463 487 3511 πᾶσαν
548 3451 742 3529 σχεδὸν
790 3454 891 3522 τὴν
940 3451 1086 3508 Λείαν
1135 3447 1428 3508 ἀπέϐαλον.
1488 3451 1824 3516 Ἐνωτισθὲν-

172 3566 255 3606 τες
315 3541 374 3598 δὲ
429 3543 518 3598 καὶ
573 3545 674 3612 τὴν
731 3541 785 3598 ἐν
839 3540 1188 3614 Μοψουεστίᾳ
1241 3545 1347 3595 τῶν
1379 3540 1666 3614 Ῥωμαίων
1699 3540 1822 3617 ipt-

177 3632 410 3708 δρευσιν,
467 3629 687 3707 ᾤχοντο
745 3629 834 3686 διὰ
887 3633 986 3699 τῆς
1042 3630 1234 3692 νυκτὸς
1291 3631 1380 3685 καὶ
1440 3627 1712 3708 διέφυγον.
1753 3631 1824 3686 "0

174 3727 249 3794 τῷ
294 3719 514 3797 βασιλεῖ
568 3717 750 3791 λύπης
802 3719 1057 3784 ὑπόθεσις
1113 3717 1344 3794 γέγονε,
1402 3719 1490 3773 καὶ
1552 3717 1822 3793 ἀπογνοὺς

176 3812 426 3886 ὡρμήκει
469 3810 606 3887 πρὸς
653 3809 715 3864 τὸ
774 3808 1088 3878 Βυζάντιον.
1143 3806 1284 3879 ’Ήδη
1343 3809 1443 3884 γὰρ
1491 3807 1684 3878 ἐπέστη
1734 3807 1823 3862 καὶ

178 3901 235 3954 τὸ
267 3899 613 3974 μετόπωρον.
645 3899 772 3955 Ὅτε
797 3897 888 3952 καὶ
918 3897 946 3951 ὁ
1006 3898 1174 3971 μέγας
1202 3901 1308 3951 τῶν
1349 3895 1676 3971 Βλαχερνῶν
1709 3899 1824 3970 (73)

179 3987 534 4059 ἑπυρπολήθη
591 3987 718 4048 ναὸς
751 4030 766 4056 ,
827 3984 981 4047 ἔτους
1037 3983 1386 4058 ἐνισταμένου
1439 3988 1551 4059 (74)
1606 3985 1657 4055 ἐξ
1712 4007 1826 4041 κισ-

180 4077 465 4153 χιλιοστοῦ
547 4079 1004 4131 πεντακοσιοστοῦ
1087 4069 1504 4146 ἐϐδομηκοστοῦ
1581 4072 1821 4151 ὀγδόου.

182 4165 567 4245 ’Βφισταμίνου
626 4161 684 4220 δέ
737 4185 798 4238 γε
852 4164 948 4218 106
1015 4159 1212 4238 ἔαρος,
1281 4162 1542 4232 Μανουὴλ
1600 4168 1825 4238 Πρωτο-

183 4253 440 4330 πρόεδρον
513 4253 606 4309 τόν
667 4252 950 4326 Κομνηνὸν
982 4296 998 4322 ,
1055 4252 1145 4307 τὸν
1202 4256 1299 4307 106
1361 4247 1824 4327 βεϐασιλευκότως

185 4343 287 4414 ἤδη
347 4343 616 4402 Ἰσαακίου
669 4339 1038 4419 ἀδελφιδοῦν,
1091 4338 1510 4416 κουροπαλάτην
1561 4343 1824 4415 τιμήσας,

190 4431 421 4511 ἐφίστησι
477 4437 598 4494 τοῖς
657 4429 1071 4506 στρατεύμασιν.
1131 4432 1192 4488 Ὁ
1248 4427 1305 4484 δὲ
1359 4430 1478 4493 νέος
1538 4430 1634 4503 μὲν
1674 4430 1825 4505 ὲτύγ-

1934 3281 2427 3350 quingentesimo,
2447 3280 2884 3351 septuagesimo
2915 3285 3136 3336 octavo.
3171 3283 3430 3337 Instante
3453 3297 3586 3337 vere

1934 3368 2262 3424 Manuelem
2294 3369 2783 3440 Protoproedrum
2816 3369 3202 3437 Comnenum,
3233 3370 3436 3426 Isaacii
3469 3369 3582 3425 im-

1933 3457 2219 3529 peratoris
2247 3473 2314 3512 ex
2339 3456 2515 3511 fratre
2547 3461 2840 3526 nepotem,
2881 3456 3277 3528 curopalatem
3309 3457 3586 3530 designa-

1931 3549 2082 3612 tum,
2114 3544 2445 3616 legionibus
2476 3545 2755 3616 priet'ecit,
2787 3545 2886 3616 qui
2921 3545 3190 3617 quamvis
3223 3544 3586 3617 adolescens,

1933 3650 2067 3690 cum
2101 3632 2270 3689 senili
2303 3633 2614 3704 prudentia
2643 3633 2955 3688 exercitum
3003 3638 3250 3706 regeret,
3299 3635 3588 3690 Barbaros

1932 3722 2090 3778 vicit.
2125 3721 2208 3777 Ob
2241 3737 2415 3793 quem
2448 3737 2792 3777 successum
2820 3721 3102 3791 Diogenes
3154 3721 3238 3777 illi
3293 3723 3585 3794 invidens,

1933 3816 2096 3883 parte
2129 3827 2243 3865 non
2277 3810 2523 3866 minima
2571 3810 2872 3882 capiarum
2924 3811 3219 3883 adempta,
3253 3811 3312 3866 in
3360 3812 3586 3884 Syriam

1942 3916 2078 3956 eum
2110 3899 2464 3954 misit.Unde
2495 3901 2785 3954 Comneno
2811 3915 2944 3954 cum
2980 3899 3224 3971 reliquis
3257 3899 3584 3956 Sebastiam

1935 3989 2216 4061 profecto,
2249 3989 2574 4043 Turcorum
2633 3986 2956 4042 multitudo
3017 4003 3080 4041 se
3136 3987 3430 4043 ostendit:
3482 3987 3585 4058 qui

1935 4073 2212 4132 simulata
2234 4076 2390 4147 fuga,
2422 4075 2522 4131 illo
2555 4080 2964 4148 persequente,
2999 4091 3066 4131 ex
3096 4075 3419 4148 composito
3443 4093 3586 4132 con-

1934 4167 2105 4237 versi,
2136 4167 2432 4221 Romanos
2490 4165 2792 4236 dispersos
2841 4164 3224 4233 invaserunt;
3280 4171 3339 4220 et
3386 4165 3588 4221 mullis

1935 4256 2120 4322 caesis,
2146 4271 2252 4310 nec
2276 4254 2654 4326 paucioribus
2669 4253 3047 4326 captis,ipsoq
3059 4271 3128 4309 ue
3143 4255 3288 4309 duce
3303 4255 3588 4321 Manuale,

1935 4348 2128 4399 castra
2159 4343 2555 4415 diripuerunt.
2595 4343 2672 4397 Ea
2697 4359 2807 4411 res,
2861 4359 2966 4397 nec
2999 4342 3197 4398 minus
3250 4343 3406 4398 fama
3437 4343 3584 4399 281

1937 4433 2007 4488 de
2039 4433 2373 4488 Chonarum
2409 4431 2702 4504 republica
2734 4436 2790 4486 et
2821 4431 3033 4486 celebri
3062 4433 3257 4486 Sancti
3289 4432 3587 4487 Michaelis

187 4541 334 4595 χανεν
391 4520 490 4592 ὣν,
549 4522 687 4594 ἧρκε
734 4517 792 4574 δὲ
848 4520 986 4574 κατᾶ
1031 4520 1308 4595 γέροντας,
1377 4518 1468 4572 καὶ
1522 4513 1824 4595 Βαρϐάρων

1938 4521 2154 4594 templo
2183 4539 2216 4577 a
2250 4521 2521 4577 Barbarie
2553 4527 2854 4592 occupato,
2915 4521 3327 4592 imperatorem
3363 4525 3593 4590 pertur-

190 4608 414 4687 ἰντυχὼν
502 4613 744 4682 στρατιᾷ,
824 4607 1184 4685 προσμίγνυσι
1260 4608 1350 4662 καὶ
1427 4613 1576 4679 νικᾷ,
1655 4613 1824 4663 T0610

188 4697 391 4775 λέγεται
446 4704 526 4772 τῷ
586 4699 822 4773 Διογένει
854 4697 1052 4773 φθόνον
1105 4700 1343 4765 κινῆσαι,
1394 4697 1483 4751 καὶ
1534 4693 1624 4751 διὰ
1663 4702 1824 4753 τοῦτο

183 4795 277 4858 τῆς
330 4789 454 4866 περὶ
531 4787 734 4844 ἐκεῖνον
796 4791 1049 4861 στρατιᾶς
1133 4792 1325 4862 μοῖραν
1387 4783 1485 4841 οὐκ
1526 4783 1822 4861 ἐλαχίστην

191 4875 534 4948 ἀποδιελεῖν,
595 4877 686 4932 καὶ
741 4874 950 4932 στεῖλαι
1006 4875 1142 4930 κατὰ
1199 4874 1438 4950 Συρίας.
1510 4875 1676 4945 Εἶτα,
1729 4880 1826 4932 106

1939 4611 2116 4679 bavit,
2152 4617 2214 4665 ut
2247 4617 2408 4666 totus
2440 4611 2498 4664 in
2525 4627 2590 4665 eo
2621 4615 2796 4673 esset,
2862 4617 2925 4664 ut
2965 4609 3405 4680 quamprimum
3438 4607 3590 4664 bello

1937 4701 2021 4756 eis
2053 4699 2215 4755 illato
2239 4697 2607 4769 periclitante
2639 4701 3036 4753 conservaret.
3101 4697 3208 4752 Sed
3251 4697 3391 4751 dum
3442 4713 3590 4769 quo-

1940 4788 2210 4846 rumdam
2237 4787 2462 4842 monitu
2496 4789 2825 4850 cunctatur,
2861 4786 3028 4840 adest
3078 4784 3414 4841 Comnenus
3455 4802 3590 4842 cum
3656 4800 3668 4812 ‘

1937 4895 2004 4935 eo
2031 4878 2242 4944 Turca,
2267 4892 2301 4930 a
2332 4890 2448 4946 quo
2472 4877 2678 4946 captus
2702 4872 3291 4945 fuerat.Namis,cum
3321 4873 3594 4932 sultanus

1468 5059 1672 5121 Varia)
1701 5057 2003 5122 lectiones
2033 5061 2096 5119 et
2124 5062 2313 5118 notia.

257 5212 364 5283 (71)
394 5209 722 5283 ἸκόνιονηΑ
747 5226 870 5283 quo
888 5211 1297 5283 expugnatum
1350 5209 1526 5265 fuerit
1569 5210 1834 5266 Iconium

199 5279 444 5340 diiimus
475 5284 533 5338 in
566 5281 716 5338 serie
745 5279 1136 5338 Iconiensium
1169 5279 1538 5338 sultanorum
1590 5284 1649 5338 in
1698 5283 1832 5338 Hist.

202 5355 418 5425 Bymnt.
453 5357 765 5422 zllustrata,
798 5359 932 5426 part
964 5355 1103 5426 t._p.
1137 5354 1262 5408 354.

268 5427 374 5497 (72)
406 5426 682 5481 Συνὲτεινε
701 5423 818 5499 τὴν
847 5498 852 5499 γ
881 5423 1601 5499 πορείαν-,ΔΕΧρϐᾶίΐὶρῃβω
1662 5425 1839 5499 istam

209 5495 434 5554 Βοωαοὶ
466 5498 744 5570 Diogenis
789 5498 860 5553 ad
883 5495 1269 5553 Antiochiam
1287 5501 1370 5570 et?
1387 5496 1649 5570 Ciliciam
1679 5498 1840 5570 vide-

205 5571 292 5625 tur
318 5569 664 5629 intellexisse
690 5572 944 5628 Joannes
976 5570 1214 5642 Tzetzes
1241 5569 1302 5642 in
1323 5569 1594 5642 Epistola
1624 5569 1696 5626 ad
1736 5571 1839 5627 Pa-

207 5643 446 5703 trensem
471 5642 992 5718 metropolitanum
1019 5660 1032 5699 :
1057 5640 1156 5695 Καὶ
1212 5639 1692 5719 αὐτὸς-γινώσκεις
1738 5642 1838 5712 τὴν

466 5773 736 5837 Panos.
783 5772 895 5836 Gn.
937 5769 1231 5834 CXXXV.

1947 5205 2305 5283 ἐκστρατείανΔ
2342 5210 2439 5262 106
2495 5208 2753 5283 κραταιοῖξ
2809 5207 2968 5278 ἡμῶν
3021 5203 3424 5283 Δαιξτοκράτοριζς
3493 5203 3592 5272 τὴν

1949 5277 2085 5356 πρὸς
2117 5277 2373 5335 Κιλικίαν
2432 5277 2540 5333 καῖ’
2568 5277 2931 5352 Ἀντιόχειαν,
2965 5279 3122 5336 Vixit
3168 5277 3341 5336 enim.
3362 5279 3596 5334 Tretzes

1948 5355 2058 5411 hac
2087 5356 2473 5424 tempestate._

2167 5419 2516 5498 Βλαχερνῶν.
2579 5422 2792 5478 Eadem
2849 5423 3024 5478 verba
3091 5423 3264 5479 habet
3301 5419 3595 5494 Scylitzes,

1951 5500 2368 5644 Ρ’(ῌῚῖ).“ιῐτ;ουις
2400 5564 2769 5639 ἐνισταμένου.
2803 5567 2969 5625 Anno
3001 5565 3135 5625 Chr,
3170 5565 3294 5623 470,

3283 5769 3321 5829 9
