4036 6206
11 112 780 243 ’,ν-πμ.

135 506 245 567 269

1413 487 1828 555 ANNALIUM
1868 488 2020 553 LIB.
2061 489 2281 554 XVIII.

3422 491 3546 551 270

129 654 323 708 τευμα,
351 631 445 688 καὶ
497 635 697 708 μοῖραν
751 629 846 703 μὶν
874 630 955 700 τῷ
1005 622 1307 698 Ῥουσελίῳ
1338 625 1450 699 (78)
1494 622 1784 700 παρέσχεν.

1901 622 2054 680 bello
2083 623 2337 696 gerendo
2369 640 2486 680 non
2516 640 2705 696 pares.
2738 624 2818 679 Ac
2875 621 3344 680 Mantziciertum
3400 622 3540 695 qui-

132 724 296 796 ’Δνῆρ
357 719 406 777 δ’
456 720 615 784 οὗτος
669 722 901 780 Λατῖνος
958 712 1414 789 πολεμικώτατος
1441 755 1455 781 ,
1506 712 1595 767 καὶ
1649 711 1785 767 κατά

128 809 217 869 τοῦ
281 809 466 868 Χλιᾶτ
524 808 685 864 αὐτὸν
744 803 1135 878 ἐξαπέστειλεν.
1194 803 1411 877 Ἑτέραν
1471 798 1529 856 δὶ
1590 805 1783 875 μοῖραν

129 903 295 977 ἑτέρῳ
357 897 683 976 προσένειμε
712 941 727 968 ,
784 893 1088 972 προστάξας
1165 891 1313 964 αὗτῷ
1385 896 1658 966 πορθῆσαι
1721 889 1785 943 τὸ

127 990 458 1062 Πανζικίερτ
487 989 622 1062 (79)·
671 983 833 1049 αὐτὸς
880 980 939 1039 δὶ
986 984 1015 1038 6
1069 979 1325 1059 βασιλεὺς
1363 980 1498 1055 μετᾶ
1525 983 1632 1036 τῶν
1666 977 1784 1034 λοι-

128 1084 254 1150 πῶν,
327 1076 430 1132 οὐκ
486 1076 808 1151 ἀξιομάχων
862 1067 1057 1141 ὄντων,
1106 1067 1540 1146 περιελέλειπτο.
1584 1069 1654 1124 Τὸ
1691 1069 1784 1141 μὲν

127 1167 206 1224 οὗν
240 1163 589 1238 Μανζικίερτ
621 1161 695 1219 δι’
743 1161 1044 1238 ὁμολογίας
1092 1158 1173 1232 τῷ
1225 1157 1440 1235 βασιλεῖ
1484 1154 1786 1234 παραδέδο-

125 1278 197 1329 το,
230 1251 781 1311 ἀποδεδειλιακότων
829 1254 937 1305 τῶν
986 1247 1243 1324 Τούρκων
1287 1246 1377 1302 καὶ
1424 1247 1604 1302 πίστιν
1638 1246 1790 1316 αἴτη-

128 1346 403 1419 σαμένων,
447 1342 538 1398 καὶ
583 1341 782 1397 τούτου
830 1338 1151 1395 ἐκστάντων.
1205 1337 1573 1413 Στρατιώταις
1623 1332 1680 1391 δὲ
1710 1334 1787 1397 εἲς

130 1433 419 1509 συλλογὴν
466 1428 741 1503 ἐξελθοῦσι
788 1432 897 1483 τῶν
944 1423 1230 1504 χρειωδῶν
1297 1423 1557 1497 πολέμιοι
1600 1423 1788 1499 ἀθρόοι

129 1521 474 1594 ἐπήλθοσαν.
501 1524 562 1574 Ὀ
603 1517 766 1595 γνοὺς
798 1518 825 1573 6
860 1514 1118 1593 βασιλεὺς
1164 1515 1255 1569 τὸν
1287 1513 1581 1588 μάγιστρον
1615 1518 1791 1583 Νικη-

131 1611 298 1691 φόρον
382 1609 477 1663 τὸν
551 1606 804 1683 Βρυένιον
871 1604 955 1660 ἐπ’
1010 1601 1205 1691 αὐτοὺς
1260 1599 1598 1691 ἐξαπέστειλε
1658 1601 1795 1675 μετά

126 1685 271 1761 τινος
308 1701 717 1772 συντάγματος,
749 1695 832 1769 ὃς,
860 1697 980 1755 τοῖς
1008 1690 1275 1769 Τοῦρκοις
1323 1685 1672 1764 προσϐαλὼν,
1703 1704 1795 1759 καὶ

126 1789 451 1861 κάμνουσαν
506 1782 725 1859 βλέπων
781 1784 880 1851 τὴν
912 1782 1028 1854 μετ’
1084 1780 1248 1835 αὐτοῦ
1297 1776 1549 1853 δύναμιν,
1581 1778 1796 1841 στείλας

128 1873 247 1951 ᾔτει
308 1872 654 1948 ἐπικουρίαν.
703 1872 766 1929 Ὀ
814 1868 871 1925 δε
924 1866 1203 1944 βασιλεὺς,
1257 1867 1463 1945 ἀγνοῶν
1510 1872 1617 1924 τῶν
1648 1866 1797 1923 ἐναν-

127 1966 254 2021 τίων
307 1966 415 2032 τήν
468 1959 721 2035 δύναμιν,
772 1956 978 2015 δειλίαν
1037 1958 1280 2034 κατέγνω
1333 1961 1430 2012 τοῦ
1486 1957 1741 2032 Βρυενίου
1773 2001 1791 2024 ,

130 2055 211 2111 καὶ
245 2051 399 2108 κτιτά
447 2054 544 2105 τοῦ
600 2045 796 2123 ἀνδρὸς
844 2044 1189 2123 ἐτραχύνετο.
1236 2048 1437 2123 Ἔτυχε
1481 2043 1539 2101 δὶ
1583 2047 1707 2101 τότε
1764 2046 1791 2100 6

134 2142 314 2219 ἱερεὺς
368 2139 754 2216 ἀναγινώσκων
811 2135 874 2190 τὸ
931 2133 1285 2210 Εὐαγγέλιον,
1345 2134 1437 2189 καὶ
1490 2134 1684 2211 λέγων’
1738 2133 1800 2189 Εἰ

1894 714 2050 781 dem,
2080 714 2283 770 Turcis
2306 714 2658 787 perterritis,
2684 714 2799 770 ﬁde
2830 719 3092 786 accepta,
3141 718 3200 770 et
3258 714 3403 770 urbe
3452 729 3543 769 re-

1893 800 2053 870 licta,
2075 802 2433 859 deditionem
2486 804 2637 859 fecit.
2691 802 2905 859 Milites
2956 808 3153 860 autem
3195 803 3543 877 pabulatum

1895 891 2048 949 282
2082 892 2319 964 egressi,
2359 893 2431 948 ab
2474 892 2747 948 hostibus
2806 898 2945 949 sunt
2999 894 3196 950 subito
3250 893 3539 966 Oppressi,

1895 997 2012 1052 quo
2094 982 2410 1053 imperator
2472 983 2728 1054 cognito,
2782 982 3172 1055 Nicephorum
3232 979 3541 1055 Bryenium

1897 1069 2248 1143 magistrum
2281 1087 2415 1126 cum
2447 1069 2671 1143 aliquot
2722 1072 3059 1128 cohortibus
3107 1072 3386 1129 adversus
3440 1087 3541 1128 eos

1898 1159 2081 1227 misit,
2105 1160 2207 1231 qui
2232 1176 2365 1215 cum
2394 1160 2600 1216 Turcis
2622 1176 2994 1234 congressus,
3021 1177 3154 1217 cum
3175 1178 3314 1218 suas
3344 1161 3541 1234 copias

1899 1248 2176 1320 fatigatas
2206 1249 2450 1315 videret,
2482 1250 2818 1305 subsidium
2852 1250 3035 1322 petiit.
3060 1252 3381 1322 Imperator
3410 1267 3543 1307 vero

1896 1338 2048 1392 vires
2081 1336 2335 1393 hostium
2371 1337 2669 1409 ignorans,
2704 1339 3017 1412 Bryeuium
3074 1340 3317 1412 ignavias
3372 1356 3542 1395 accu-

1899 1426 2067 1493 savit,
2085 1426 2322 1498 viroque
2349 1428 2686 1485 succensuit
2708 1428 2947 1499 (accidit
2966 1433 3162 1484 autem
3180 1434 3246 1484 ut
3275 1429 3546 1485 sacerdos

1900 1530 1968 1571 eo
2003 1520 2260 1586 tempore
2290 1517 2668 1588 Evangelium
2710 1517 2856 1573 illud
2886 1516 3183 1573 recitaret:
3217 1517 3277 1573 Si
3305 1534 3392 1574 me
3415 1534 3547 1589 pcr-

1900 1606 2076 1661 secuti
2102 1614 2251 1673 sunt,
2271 1614 2323 1660 et
2354 1622 2444 1662 vos
2470 1614 2875 1678 persequentur
2900 1606 2964 1678 ί),
3012 1611 3070 1663 et
3124 1611 3320 1663 tamen
3376 1606 3547 1664 Nice-

1903 1692 2517 1764 phorumBasilacium
2543 1695 2890 1767 magistrum
2915 1712 3049 1751 cum
3063 1701 3227 1768 parte
3246 1696 3548 1768 copiarum

1907 1782 2088 1854 misit,
2136 1783 2352 1854 quibus
2411 1783 2653 1856 Bryenio
2711 1785 3065 1855 conjunctis,
3121 1784 3551 1857 aliquantisper

1904 1869 2184 1942 utrinque
2215 1888 2320 1942 par
2339 1877 2632 1928 certamen
2659 1872 3015 1931 fuit.Deiude
3044 1873 3365 1931 Basilacius
3411 1890 3544 1930 cum

1909 1960 2056 2027 suis,
2087 1961 2334 2033 Bryenio
2364 1978 2480 2017 non
2511 1965 2845 2030 consecuta,
2904 1961 3059 2018 inter
3111 1964 3333 2034 primos
3388 1962 3553 2019 inve-

1910 2049 2345 2118 ctus,hostesiu
2366 2050 2564 2123 fugam
2596 2051 2863 2123 conjecit,
2888 2067 3034 2123 quos
3058 2053 3199 2108 dum
3229 2053 3303 2108 ad
3333 2050 3552 2109 vallum

1910 2155 2098 2210 usque
2131 2138 2519 2211 persequitur,
2567 2155 2717 2212 equo
2775 2139 3077 2197 vulnerato
3108 2141 3168 2197 in
3217 2141 3393 2213 pedes
3450 2141 3550 2197 de-

140 2217 230 2304 ἐμὶ
291 2227 571 2300 ἔδίωξαν,
628 2227 720 2281 καὶ
779 2224 916 2298 ὑμᾶς
976 2220 1295 2294 διώξουσιν.
1350 2225 1539 2295 Ὅμως
1597 2217 1789 2278 ἔστειλε

1912 2227 2066 2295 silit;
2089 2232 2145 2283 et
2167 2227 2305 2299 quia
2332 2228 2406 2283 ob
2434 2245 2731 2284 armorum
2755 2230 2984 2299 pondus
3040 2246 3249 2301 parum
3307 2244 3369 2287 se
3426 2246 3551 2285 mo-

148 2321 232 2376 καῖ
279 2320 381 2374 τὸν
444 2316 735 2391 μάγιστρον
794 2313 1096 2388 Νικηφόριν
1150 2312 1244 2367 τὸν
1300 2311 1622 2368 Βασιλάκιον
1674 2311 1789 2385 μετὲ

1913 2333 2045 2373 vere
2074 2320 2322 2389 poterat,
2379 2317 2452 2373 ab
2509 2317 2778 2374 hostibus
2812 2318 3245 2375 circumventus
3299 2320 3549 2392 capitur.

152 2410 352 2485 μοίρας
405 2408 774 2482 στρατιωτῶν,
819 2404 894 2457 ὧν
940 2402 1343 2478 προστεθέντων
1398 2406 1476 2474 τῷ
1522 2402 1766 2476 Βρυενίῳ

1915 2411 2064 2462 Dum
2095 2422 2230 2462 vero
2262 2406 2334 2461 ad
2364 2404 2689 2462 sulitanum
2721 2407 3056 2473 adducitur,
3084 2424 3192 2464 nec
3223 2409 3350 2481 ipse
3381 2408 3550 2465 aliter

151 2501 322 2574 μέχρι
359 2495 460 2569 μέν
488 2515 638 2556 τινος
688 2490 958 2562 ἷσοπαλής
999 2491 1065 2560 ἦν
1099 2491 1127 2545 6
1177 2489 1341 2567 ἁγών·
1375 2490 1487 2546 εἶτα
1515 2495 1611 2546 τοῦ
1650 2497 1789 2550 Βασυ

1918 2511 2097 2567 quam
2128 2495 2450 2566 ingenuum
2482 2495 2668 2564 decet,
2701 2513 2764 2552 se
2787 2496 2960 2569 gerit,
2992 2513 3097 2552 nec
3127 2496 3400 2553 sultanus
3421 2512 3558 2553 eum

151 2584 350 2641 λακίου
401 2584 750 2661 ὁρμήσαντος
798 2579 852 2635 ἐν
900 2580 1221 2656 προμάχοις
1258 2579 1394 2635 κατά
1420 2584 1528 2634 τῶν
1560 2578 1789 2636 ἐναντίωτ

1919 2600 2023 2657 pro
2051 2582 2277 2656 captivo
2308 2587 2540 2653 tractat,
2570 2585 2672 2640 sed
2703 2586 2918 2657 sapius
2948 2585 3300 2641 accersitum
3331 2586 3403 2642 de
3447 2585 3561 2641 im-

154 2677 289 2750 μετὰ
319 2678 432 2728 τῶν
481 2672 605 2745 περὶ
664 2668 851 2742 αὐτὸν,
900 2669 967 2725 τὰ
1017 2673 1161 2723 νῶτα
1216 2665 1475 2745 ἔστρεψαν
1532 2670 1583 2723 οἱ
1639 2667 1779 2725 πολέ

1922 2678 2186 2746 poratore
2215 2672 2554 2746 interrogat,
2598 2674 2785 2745 copiis
2840 2673 2971 2731 suis
3034 2674 3369 2741 ostentatis,
3416 2691 3565 2746 quas

155 2786 295 2838 μιοι,
331 2764 361 2818 6
394 2760 456 2817 δὶ
488 2758 700 2828 ἐδίωκε,
750 2762 845 2814 τοῦ
894 2757 1153 2834 Βρυενίου
1203 2755 1294 2813 σὺν
1342 2763 1460 2821 τοῖς
1492 2757 1627 2835 ἀμφ’
1655 2757 1789 2813 αὐτὸ

1923 2761 2021 2817 ille
2051 2760 2159 2817 etsi
2192 2759 2493 2828 laudabat,
2525 2766 2721 2818 tamen
2740 2768 2784 2833 ,e
2813 2778 2874 2817 re
2931 2764 3060 2833 ejus
3108 2778 3239 2819 esse
3295 2763 3568 2836 negabat,

158 2856 230 2928 μὴ
265 2843 597 2913 διώκοντος,
632 2850 720 2911 Ὠς
751 2844 808 2903 δὲ
856 2846 979 2924 περὶ
1026 2846 1118 2901 τὸν
1172 2845 1388 2922 χάρακα
1423 2851 1531 2927 τῶν
1560 2845 1789 2902 ἐναντίω

1925 2856 1987 2907 ut
2018 2867 2150 2906 cum
2183 2848 2284 2906 illo
2309 2849 2665 2907 decerneret.
2696 2850 3022 2923 Imperator
3050 2868 3183 2908 vero
3239 2868 3375 2908 cum
3434 2851 3569 2908 reli-

159 2943 391 3020 ἐγένετο,
426 2937 740 3013 πληγέντος
772 2936 917 3010 αὖτῷ
944 2939 1042 2991 τοῦ
1065 2933 1264 3003 ἵππου,
1304 2930 1479 3005 ἀπέϐη
1514 2935 1697 3004 αὐτοῦ,
1723 2957 1789 2992 κα

1923 2938 2079 3013 quiis
2127 2938 2418 2995 exercitus
2474 2937 2622 2994 vallo
2678 2955 2973 3012 egressus,
3048 2944 3111 2995 ut
3169 2939 3573 3013 specularetur

165 3030 248 3087 διὰ
271 3031 339 3086 τὸ
369 3032 484 3084 τῶν
535 3026 724 3083 ὅπλων
775 3025 941 3101 βάρος
995 3024 1095 3080 οὐκ
1144 3022 1426 3095 εὐκίνητος
1477 3022 1549 3079 ὢν
1581 3022 1787 3080 κυκλοῦ

1925 3029 2067 3101 quid
2099 3028 2280 3099 fieret,
2312 3029 2372 3085 in
2411 3027 2658 3085 collibus
2682 3045 2869 3101 usque
2899 3029 2972 3085 ad
3030 3045 3332 3101 vesperam
3387 3031 3569 3087 stetit.

164 3142 243 3175 ται
272 3118 426 3194 παρᾶ
476 3120 583 3172 τῶν
637 3111 945 3187 πολεμίων,
998 3114 1087 3167 καὶ
1144 3112 1465 3189 ζωγρηθεὶς,
1520 3117 1599 3185 τῷ
1651 3111 1785 3168 σουλ

1925 3118 2069 3173 Cum
2094 3117 2152 3172 in
2184 3122 2376 3173 castra
2406 3118 2679 3174 redisset.
2708 3117 2884 3172 Turci
2915 3133 2984 3174 ea
3029 3116 3568 3187 circumdederunt,

166 3210 305 3283 τάνῳ
379 3204 751 3282 προσάγεται’
822 3200 944 3257 οὕτε
1000 3198 1043 3255 δ’
1132 3198 1337 3264 ἐκεῖνος
1419 3197 1786 3278 δουλικώτερο

1927 3211 1985 3263 et
2012 3204 2421 3277 obequitantes
2470 3205 2587 3261 tela
2626 3206 3025 3276 conjecerunt,
3081 3206 3439 3263 clamoribus
3489 3206 3572 3262 in-

171 3298 309 3371 αὖτῷ
336 3292 599 3371 προσῄει,
623 3288 746 3347 οὔτε
770 3291 878 3365 μὴν
900 3290 928 3345 6
952 3286 1183 3345 σουλτὰν
1212 3289 1288 3353 ὡς
1305 3288 1654 3366 αἰχμαλώτῳ
1673 3290 1789 3345 αὐτὶ

1928 3294 2180 3351 conditis
2210 3298 2266 3349 et
2298 3293 2621 3350 ululatibus
2669 3294 2989 3349 exercitum
3045 3294 3571 3366 circumsonantes,

171 3386 527 3457 προσήνεκτο.
591 3381 861 3457 Συχνάκις
919 3375 977 3433 δὲ
1029 3378 1121 3432 τὸν
1190 3374 1357 3453 ἄνδρα
1415 3378 1789 3453 μετακαλούμε

1932 3392 1986 3440 et
2016 3384 2125 3439 hoc
2156 3383 2328 3439 modo
2359 3388 2538 3438 noctua
2572 3381 2671 3438 illa
2691 3387 2911 3438 exacta.
2942 3386 3107 3438 Mane
3141 3384 3385 3441 Uzorum
3413 3401 3572 3456 qum-

173 3456 277 3548 νος,
308 3474 565 3548 περὶτοῦ
598 3467 866 3547 βασιλέως
915 3465 1311 3538 διεπυνθάνετο,
1360 3466 1449 3522 καὶ
1477 3468 1573 3531 τὰς
1618 3469 1789 3524 οἰκεία

1932 3472 2067 3527 dam
2097 3470 2307 3527 cohors
2337 3472 2407 3526 ad
2435 3472 2657 3527 Turcos
2689 3471 3025 3544 lransl‘ugit,
3059 3475 3237 3542 atque
3267 3488 3366 3527 eos
3396 3471 3573 3527 etiam

177 3562 426 3636 δυνάμεις
488 3556 772 3615 ἐδείκνυεν.
833 3556 894 3615 Ὀ
953 3553 1010 3612 δὲ
1066 3554 1155 3611 καὶ
1213 3554 1399 3630 ἐπῄνει
1436 3556 1526 3612 τὸν
1590 3558 1789 3614 σουλτά

1932 3560 2079 3616 Uzus
2110 3560 2209 3631 qui
2244 3564 2609 3625 manserant,
2641 3563 2946 3630 suspectos
2972 3558 3127 3614 fecit.

180 3654 255 3708 al
313 3650 641 3723 ἐθαύμαζεν,
701 3646 764 3702 οὗ
798 3647 984 3720 μέντοι
1014 3646 1306 3724 συμφέρειν
1352 3643 1500 3719 αὖτῴ
1546 3641 1724 3722 ἔλεγεν
1758 3646 2274 3723 ἀντιπαρατάξασθαι
2303 3651 2383 3719 τῷ
2438 3645 2670 3721 βασιλεῖ.
2729 3646 2791 3703 ὐ
2847 3642 2905 3701 δέ
2931 3667 2992 3722 γε
3024 3644 3274 3721 βασιλεὺς
3309 3645 3444 3719 μετά
3469 3649 3578 3701 τῶν

180 3740 509 3820 περιλοίπων
570 3736 759 3809 ἐξῆλθε
812 3739 910 3790 τοῦ
962 3736 1206 3811 χάρακος
1260 3737 1689 3807 κατασκοπήσων
1745 3738 1797 3791 τί
1854 3739 1917 3792 τὸ
1972 3737 2283 3813 γινόμενον·
2351 3735 2517 3797 ἑστὼς
2573 3732 2618 3789 δ’
2676 3733 2765 3789 ἐπὶ
2823 3732 3120 3813 γεωλόφων
3179 3736 3376 3811 μέχρις
3425 3734 3581 3820 ἐσπέ-

181 3817 269 3905 ραξ
326 3828 646 3901 ὑπέστρεψε.
706 3822 814 3880 Καὶ
872 3821 1026 3885 εὐθὺς
1085 3822 1136 3877 οἱ
1192 3824 1428 3898 Τοῦρκοι
1486 3820 1798 3880 ἐκύκλωσαν
1857 3825 1919 3881 τὸ
1978 3820 2364 3900 στρατόπεδον,
2422 3822 2513 3878 καὶ
2567 3827 2727 3878 τοῦτο
2758 3822 3204 3898 περιιππεύοντες
3265 3822 3402 3898 βέλη
3462 3817 3585 3879 ἔϐα-

183 3918 296 3988 λον,
353 3915 446 3971 καὶ
480 3915 635 3991 βοαῖς
667 3914 904 3986 ἀσήμοις
935 3911 1026 3967 καὶ
1086 3909 1314 3975 ὑλακαῖς
1363 3913 1665 3989 περιήχουν
1716 3915 1816 3984 τήν
1868 3914 2142 3989 στρατιάν.
2176 3912 2334 3970 Οὕτω
2387 3913 2481 3986 μὲν
2532 3910 2623 3968 οὗν
2664 3914 2699 3982 ἡ
2748 3910 2838 3985 νὺξ
2890 3910 3067 3981 έκείντ,
3120 3911 3417 3988 παρῆλθεν.
3448 3915 3587 3969 Ἕω-

187 4019 266 4071 θεν
318 4004 374 4061 δὶ
405 4003 594 4074 Οῧζων
621 4023 675 4058 τι
706 4000 984 4078 σύνταγμα
1011 4000 1147 4074 πρὸς
1178 3999 1303 4062 τοὺς
1333 3999 1638 4074 πολεμίους
1670 4001 2122 4078 ἀπηυτομόλησε.
2161 4002 2257 4058 Καὶ
2311 4005 2472 4057 τοῦτο
2521 3999 2758 4056 ὕποπτον
2800 3999 2888 4055 καὶ
2933 4000 2997 4056 τὸ
3052 4006 3234 4074 μεῖναν
3262 3999 3339 4057 ἔτι
3370 4000 3585 4073 πλῆθος

188 4101 286 4150 τῶν
313 4090 504 4163 Οὕζων
539 4090 813 4161 ἐποίησεν.

257 4186 346 4243 ΙΔ’.
367 4185 432 4241 Ὀ
462 4179 521 4237 δὶ
550 4175 829 4252 ϐασιλεὺς,
879 4177 1110 4250 ἀξῦτατα
1150 4176 1369 4253 πέμψας
1418 4177 1495 4245 εἲς
1522 4180 1584 4236 τὸ
1632 4178 1789 4236 Χλιάιι

2008 4182 2152 4239 XIV.
2189 4183 2517 4254 Imperator
2545 4181 2728 4255 igitur
2756 4180 3059 4238 celerrime
3077 4180 3371 4239 Chliatum
3396 4182 3582 4251 misit,

198 4270 561 4347 μετακαλεῖται
615 4268 683 4324 τὰ
740 4267 910 4323 ἐκεῖσε
966 4265 1341 4341 στρατεύματα
1373 4310 1385 4323 .
1444 4274 1529 4331 Ὡς
1606 4266 1652 4324 δ’
1727 4270 1789 4326 οὐ

1937 4272 2009 4327 ad
2046 4272 2400 4327 revocandos
2438 4271 2752 4341 exercitus,
2802 4270 2901 4342 qui
2972 4286 3107 4326 cum
3151 4288 3266 4326 non
3316 4272 3586 4328 venirent

197 4358 434 4438 ἀφίκοντο
463 4359 516 4430 (6
563 4356 662 4433 γὰρ
707 4355 1156 4432 Ταρχανειώτης,
1208 4355 1363 4418 οὗτος
1405 4357 1508 4432 γὰρ
1557 4357 1623 4427 ἦν
1671 4359 1699 4414 6
1747 4362 1789 4414 εἰ

1935 4364 2096 4430 (nam
2121 4359 2559 4429 Tarcbaniotes,
2594 4377 2749 4416 unus
2779 4376 2847 4414 ex
2881 4358 2997 4415 illis
3029 4359 3302 4429 ducibus,
3353 4361 3585 4433 cognito

197 4453 292 4503 τῶν
320 4447 429 4504 ἐκεῖ
475 4449 858 4522 στραταρχῶν,
910 4444 1094 4517 μαθὼν
1144 4448 1240 4498 τοῦ
1290 4444 1519 4501 σουλτάν
1569 4448 1670 4517 τὴν
1701 4446 1789 4526 ἅφι

1936 4448 2156 4506 sultani
2189 4450 2467 4517 adventu,
2498 4454 2877 4521 persuaserat
2903 4447 3162 4515 Ruselio,
3187 4452 3251 4503 ut
3300 4465 3417 4504 una
3446 4465 3583 4504 cum

201 4540 287 4610 ξιν,
337 4535 629 4612 παρέπεισε
685 4532 774 4589 καὶ
829 4533 921 4588 τὸν
970 4531 1280 4588 Ῥουσέλιον
1309 4552 1324 4569 ι
1377 4535 1464 4589 καὶ
1528 4536 1661 4609 μετά
1718 4541 1789 4591 τῶ

1938 4537 2064 4594 suis
2095 4538 2278 4611 copiis
2301 4538 2361 4593 in
2383 4542 2782 4593 Romanorum
2813 4536 2959 4591 fines
2991 4536 3588 4608 confugeret),deore-

204 4625 281 4681 ὑπ’
329 4626 522 4688 αὐτοὺς
577 4621 859 4696 δυνάμεων
918 4620 1164 4699 ἄραντες,
1222 4626 1366 4700 φυγῇ
1415 4624 1551 4700 πρὸς
1603 4626 1789 4680 τάῬιι

1900 4635 1908 4683 ι
1938 4627 2018 4683 vit
2052 4628 2331 4701 Diogenes
2362 4627 2646 4699 postridie
2674 4642 2810 4681 cum
2841 4626 2968 4682 suis
3000 4625 3202 4680 Martis
3255 4624 3443 4680 aleam
3496 4641 3592 4681 ex-

209 4714 358 4786 μαίων
418 4713 713 4790 ἐχώρησαν
766 4712 935 4788 ὅρια),
987 4704 1125 4788 ἔγνω
1177 4711 1205 4766 6
1255 4710 1512 4789 Διογένης
1563 4713 1698 4787 μετά
1724 4719 1789 4769 τᾶ

1947 4716 2141 4788 periri.
2175 4717 2400 4772 Interea
2429 4715 2601 4786 legati
2652 4732 2686 4770 a
2743 4715 2978 4769 sultauo
3036 4713 3277 4768 veniunt
3323 4714 3394 4769 de
3451 4729 3596 4787 pace

206 4802 452 4859 συνόντων
510 4800 659 4873 αὖτῷ
715 4796 1138 4875 διαγωνίσασθαι
1196 4798 1248 4864 ἐς
1304 4802 1401 4870 τὴν
1452 4801 1639 4876 αὔριον
1675 4847 1688 4872 ,
1747 4824 1789 4859 κε

1950 4805 2158 4871 acturi,
2183 4820 2328 4875 quos
2358 4804 2675 4874 imperator
2706 4819 2912 4874 parum
2942 4802 3277 4858 humaniter
3307 4802 3592 4876 suscepit,

208 4892 304 4965 ἅμα
339 4889 487 4968 πρωΐ
550 4888 684 4965 πρὸς
732 4889 824 4944 τὸν
874 4886 1120 4962 πόλεμον
1166 4887 1472 4965 ἐξηρτύετο.
1522 4892 1608 4949 Ἐν
1661 4891 1789 4947 τούτ

1948 4900 2144 4950 tamen
2170 4892 2479 4948 etdicendi
2511 4893 2740 4964 cOpiam
2773 4892 2929 4961 fecit,
2957 4896 3014 4946 et
3047 4891 3320 4947 hortatus
3371 4899 3480 4960 est,
3533 4897 3599 4948 ut

210 4976 258 5035 ὅὶ
279 4976 526 5056 πρέσϐεις
583 4979 718 5049 ἧκον
767 4975 827 5032 ἐκ
875 4981 973 5032 τοῦ
1023 4974 1251 5032 σουλτᾶν
1303 4977 1426 5053 περὶ
1468 4978 1692 5055 εἰρήνης
1722 4978 1789 5035 διε

1950 4999 2055 5039 suo
2087 4981 2324 5037 domino
2364 4981 2805 5036 renuntiarent:
2836 4981 2900 5037 Si
2926 4979 2993 5034 de
3012 4978 3426 5037 conditionibus
3446 4981 3598 5052 loqui

209 5064 512 5143 λεξόμενοι-
566 5069 625 5124 Ὁ
679 5065 737 5121 δὶ
792 5063 1046 5141 βασιλεὺς
1106 5064 1169 5120 οὐ
1241 5067 1379 5120 πάνυ
1437 5065 1789 5145 φιλανθρώπυ

1956 5072 2139 5139 vellet,
2172 5075 2227 5125 ut
2267 5068 2462 5126 relicto
2479 5069 2591 5125 loco
2614 5071 2673 5124 in
2694 5084 2800 5140 quo
2821 5070 2942 5140 jam
2971 5072 3153 5123 castra
3213 5067 3454 5137 haberet,
3507 5080 3593 5125 ta-

207 5156 317 5221 τοὺς
340 5152 593 5235 πρέσϐεις
622 5152 855 5227 ἐδέξατο·
909 5155 1064 5228 ὅμως
1119 5157 1309 5228 μέντοι
1360 5157 1448 5212 καὶ
1497 5156 1659 5235 λόγον
1694 5158 1789 5236 σφίι

1952 5159 2254 5216 bcmacula
2263 5157 2463 5229 procul
2492 5158 2840 5230 transferat,
2865 5162 2927 5214 ut
2945 5159 3063 5231 ipse
3092 5158 3302 5214 vallum
3330 5160 3413 5215 ibi
3442 5159 3596 5216 288

211 5245 481 5318 μετέδωκε,
512 5245 604 5301 καὶ
636 5242 886 5300 ἀπελθεῖν
929 5243 1065 5318 πρὸς
1111 5243 1204 5299 τὸν
1252 5243 1440 5319 κόριον
1473 5246 1647 5303 αὐτῶν
1680 5267 1783 5323 προ

1948 5251 2333 5322 communiret,
2364 5248 2461 5305 ubi
2503 5257 2623 5304 tum
2677 5248 3053 5304 Barbarorum
3107 5250 3349 5305 tentoria
3401 5251 3600 5305 essent.

270 5372 287 5407 ¹
312 5376 479 5431 Joan.
514 5388 608 5431 ιν.
640 5371 733 5425 20.

590 5416 608 5443 ,
640 5416 733 5425 _-.
1684 5416 1701 5423 -

1472 5470 1674 5532 Varias
1706 5472 2007 5535 lectiones
2037 5478 2100 5535 et
2137 5478 2328 5535 notae.

282 5595 402 5680 (78)
456 5589 779 5665 Ῥουσελίῳ.
857 5591 941 5649 Ita
994 5592 1304 5718 Bczlitzes:
1373 5582 1437 5650 at
1491 5573 1789 5668 Nicephori

282 5682 499 5718 vanius-
531 5665 568 5718 l.
605 5682 667 5718 ιι.
697 5682 757 5718 ιι.
802 5665 854 5718 4.
911 5662 1064 5718 Οὖοσ
1096 5683 1214 5717 ο.ιον
1265 5671 1454 5718 vocat.
1508 5674 1571 5718 ut
1628 5672 1686 5718 et
1741 5669 1789 5718 L.

2034 5598 2147 5670 (79)
2179 5592 2524 5670 Μανζικιέρτ.
2571 5599 2645 5651 De
2674 5594 2784 5651 hoc
2844 5595 3059 5667 Oppido
3116 5594 3381 5666 quadam
3431 5594 3608 5652 etiam

1958 5670 2342 5718 observamus
2372 5668 2431 5718 in
2463 5667 2627 5718 Notis
2684 5668 2755 5718 ad
2802 5668 3076 5718 eumdem
3131 5666 3460 5718 Brvenium.
3510 5667 3608 5718 aui

216 5662 499 5740 Bryenius,
531 5665 568 5720 l.
605 5682 667 5732 ιι,
697 5662 757 5740 ιι.
802 5662 1214 5740 4,-Οὐρσὲιιον
1265 5671 1571 5740 νοοειλᾼιιὶ
1620 5662 1686 5740 et
1719 5669 1845 5740 ,La-
1958 5662 2342 5726 observamus
2372 5662 2627 5725 in'Notis
2684 5668 2756 5740 ad
2783 5662 3077 5740 eumdem
3131 5662 3460 5740 Bryenium,
3510 5667 3610 5740 qui

219 5736 314 5814 tini
336 5736 676 5814 Scriptores,
708 5739 777 5814 de
798 5736 972 5814 cujus
1002 5738 1185 5814 gestis
1216 5742 1273 5794 et
1303 5736 1526 5814 familia
1575 5739 1846 5813 pluribus
1958 5742 2353 5799 consulendus
2385 5758 2456 5798 an
2488 5757 2557 5799 ea
2586 5757 2713 5814 qua)
2735 5738 2830 5798 hic
2851 5745 3053 5799 narrat
3089 5736 3366 5800 Zonaras.

222 5808 432 5881 egimus
461 5808 532 5867 ad
564 5808 840 5867 eumdem
860 5808 1199 5883 Bryeuium,
1234 5826 1293 5884 p.
1325 5811 1451 5867 340.
