4036 6206
535 341 650 403 271

1887 335 2216 398 JOANNIS
2260 338 2606 399 ZONARE

3805 351 3905 410 272

533 478 670 530 Haec
700 472 1073 546 arrogantius
1097 471 1330 528 loeutus
1347 471 1569 544 legatos
1591 470 1793 528 statim
1817 469 2175 542 abirejussit.

2299 471 2532 546 τρέψατο
2581 471 2671 526 καὶ
2715 472 3040 548 ἀπαγγεῖλαι
3085 473 3160 534 ὡς
3217 471 3286 528 Εἴ
3333 472 3584 550 βούλοιτο
3629 476 3743 552 περί
3787 499 3902 552 συμ-

535 564 644 630 Qui
675 577 809 618 cum
841 561 1075 618 sultano
1097 561 1470 633 imperatoris
1499 560 1676 616 verba
1723 560 2182 627 renuntiassent,

532 653 634 709 illo
657 668 791 708 cum
823 650 947 707 suis
978 651 1049 706 de
1091 650 1254 723 pacis
1311 650 1749 706 conditionibus
1799 635 2182 720 deliberante,

535 743 852 815 imperator
872 740 1150 812 superbia
1183 739 1576 807 elatus,ﬂdem
1599 739 1952 811 quibusdam
1977 738 2186 794 habuit

534 830 893 889 familiarum
947 845 1212 896 suorum,
1271 829 1371 900 qui
1421 827 1722 884 sultanum
1774 827 1980 883 timere
2027 827 2184 882 dice-

535 922 698 988 bant,
729 923 786 975 et
815 919 968 990 quod
994 919 1192 990 justas
1215 918 1412 990 copias
1446 933 1559 972 non
1592 916 1856 985 haberet,
1881 921 2184 988 propterea

535 1011 606 1066 de
638 1026 778 1081 pace
808 1025 999 1080 agere,
1034 1011 1100 1062 ut
1141 1023 1244 1079 per
1296 1006 1564 1062 inducias
1621 998 1801 1060 alium
1863 1006 2182 1062 exercitum

535 1099 880 1154 adduceret:
915 1113 1031 1151 non
1060 1100 1392 1167 exspectato
1434 1093 1756 1165 legatorum
1808 1093 2018 1161 reditu,
2080 1109 2183 1149 nec

534 1187 656 1243 ulla
687 1202 748 1242 re
779 1185 893 1240 alia
925 1185 1309 1252 considerata,
1346 1184 1517 1255 signa
1549 1199 1756 1238 canere
1782 1181 1983 1252 jussit.
2045 1187 2181 1236 Bar-

532 1277 706 1331 baros
739 1273 847 1330 etsi
880 1289 972 1330 res
1005 1273 1323 1345 improvisa
1361 1271 1696 1340 commovit,
1744 1275 1939 1327 tamen
1999 1271 2180 1327 aciem

530 1366 961 1428 instruxerunt,
989 1378 1093 1418 nec
1121 1361 1388 1434 quamvis
1419 1379 1452 1417 a
1505 1359 1782 1416 Romanis
1837 1360 2180 1416 invaderen-

531 1459 650 1522 tur,
684 1452 1077 1517 contraibant,
1132 1452 1233 1507 sed
1285 1451 1506 1507 sensim
1570 1449 1941 1518 recedebant,
1998 1465 2181 1522 neque

530 1541 1046 1614 fugientes,neque
1073 1546 1424 1612 pugnantes.
1448 1539 1589 1594 Cum
1616 1543 1811 1594 autem
1845 1555 2038 1595 serum
2063 1538 2178 1594 diei

529 1634 708 1698 esset,
730 1632 1066 1702 imperator,
1091 1638 1153 1684 ut
1183 1629 1284 1700 qui
1309 1633 1638 1684 castrorum
1664 1626 1989 1683 custodiam
2022 1628 2177 1697 justo

531 1721 819 1776 minorem
854 1735 985 1776 esse
1007 1718 1202 1788 sciret,
1229 1717 1448 1774 veritus
1483 1733 1552 1773 ne
1587 1717 1660 1773 ab
1717 1716 1989 1773 hostibus
2030 1716 2177 1770 diri-

533 1811 832 1881 perentur,
866 1807 1076 1909 statuit
1105 1805 1326 1907 omissa
1356 1801 1556 1913 pugnua
1586 1805 1774 1860 redire
1804 1806 1874 1860 ad
1934 1804 2173 1906 vallum:
2209 1847 2256 1913 Β

533 1898 677 1953 Cum
707 1897 888 1969 igitur
916 1895 1297 1969 imperatorio
1329 1894 1536 1951 vexillo
1560 1910 1859 1961 converso,
1900 1893 2176 1950 exercitui

531 1984 923 2050 denuntisset,
957 1987 1022 2038 ut
1051 1983 1204 2039 idem
1238 1983 1495 2039 faceret:
1533 1983 1570 2037 ii
1609 1982 1709 2053 qui
1769 1983 1922 2038 circa
1976 1982 2170 2054 ipsum

529 2076 715 2143 erant,
749 2074 895 2128 citra
926 2071 1247 2127 tumultum
1273 2073 1447 2142 jussa
1471 2075 1611 2127 sunt
1628 2072 1872 2138 executi,
1895 2073 1995 2127 sed
2033 2088 2174 2143 quo-

525 2178 658 2218 rum
691 2161 926 2217 ordines
947 2159 1179 2232 longius
1211 2161 1532 2227 distabant,
1585 2176 1880 2216 recessum
1923 2160 2174 2230 impera-

523 2251 688 2318 toris,
724 2250 924 2322 fugam
959 2249 1326 2321 interpretati
1353 2256 1510 2317 sunt,
1547 2265 1611 2305 eo
1645 2266 1914 2305 sermone
1947 2249 2018 2303 ab
2064 2253 2176 2304 An-

524 2340 763 2396 dronico
795 2338 1038 2394 Caesaris
1070 2337 1188 2394 tilio
1221 2338 1376 2410 apud
1415 2337 1739 2410 phalanges
1770 2355 1998 2408 sparso.
2030 2341 2176 2393 Nam

522 2433 712 2485 Ctesar
743 2429 990 2500 ejusque
1019 2427 1120 2482 ﬁlii
1185 2428 1436 2483 subinde
1495 2427 1836 2501 imperatori
1888 2429 2186 2501 obtrecta;

524 2519 689 2586 bant,
718 2521 774 2573 et
803 2516 1133 2573 clanculum
1169 2516 1624 2572 insidiabantur.
1659 2517 1714 2572 Is
1744 2516 1925 2589 igitur
1950 2516 2176 2572 Andro-

526 2607 716 2676 nicus,
737 2622 870 2661 cum
905 2623 1018 2660 non
1055 2604 1313 2660 minimae
1336 2604 1485 2677 parti
1517 2605 1807 2661 exercitus
1840 2605 2174 2676 imperaret,

529 2696 726 2753 statim
751 2712 880 2750 eum
903 2695 1028 2751 suis
1057 2710 1208 2766 equo
1239 2695 1548 2761 concitato,
1600 2694 1660 2748 in
1715 2693 1932 2748 vallum
1983 2692 2174 2764 rediit,

528 2802 655 2859 qua:
686 2801 778 2841 res
809 2788 1048 2840 caeteros
1079 2786 1255 2838 etiam
1302 2783 1362 2837 in
1423 2784 1618 2853 fugam
1669 2783 1972 2838 convertit.
2021 2785 2176 2846 Quos

526 2890 665 2930 eum
696 2873 778 2928 ita
809 2871 1152 2944 perturbate
1184 2871 1394 2927 reverti
1428 2872 1648 2927 videret
1671 2871 2011 2943 imperator,
2036 2871 2174 2926 sub-

527 2963 698 3033 stitit,
731 2966 788 3018 et
817 2962 1102 3017 abeuntes
1133 2960 1308 3016 etiam
1341 2963 1406 3015 ut
1455 2960 1865 3028 subsisterent,
1907 2959 2175 3014 hortatus

524 3055 656 3110 est:
688 3052 791 3106 sed
823 3050 1260 3106 obsurduerant
1279 3063 1506 3116 omnes,
1543 3065 1648 3104 nec
1669 3048 1869 3120 fugam
1911 3048 2172 3102 remitte-

520 3143 689 3200 bant.
721 3139 868 3196 Cum
899 3144 1096 3194 autem
1125 3137 1326 3194 hostes
1359 3137 1725 3208 inopinatam
1769 3139 2166 3191 Romanorum

2295 554 2500 615 ϐάσεων
2589 558 2933 632 διαλέξασθαι
2971 605 2985 630 ,
3066 559 3413 617 καταλιπέτω
3485 564 3575 618 τὸν
3645 565 3797 621 τόπον
3859 569 3904 624 ἐν

2294 649 2442 723 ᾧπερ
2504 647 3002 726 ἐστρατοπέδευται,
3056 649 3145 705 καὶ
3203 649 3391 726 πόρῥω
3448 671 3538 705 ποι
3594 673 3901 725 κατασκήνω-

2295 738 2462 804 σάτω,
2533 737 2669 793 ὥστε
2729 761 2794 812 με
2854 740 2988 812 μετὰ
3041 742 3141 804 τῆς
3197 741 3510 813 Ῥωμαῖκῆς
3557 749 3787 816 στρατιᾶς
3829 745 3905 800 τὸν

2294 825 2510 900 χάρακα
2565 828 2874 899 πήξασθαι,
2935 825 3073 882 ὅπου
3121 831 3211 882 νῦν
3281 827 3420 883 ἐστιν
3479 831 3514 898 ἠ
3570 835 3672 884 τῶν
3723 828 3903 907 βαρϐά-

2295 936 2401 990 ρων
2461 911 2836 990 παρεμϐολή.
2887 919 3071 974 Ταῦτα
3145 921 3261 979 τοῖς
3319 912 3570 992 πρέσϐεσι
3627 915 3902 996 διαλεχθεὶς

2294 1002 2758 1081 ἀλαζονικώτερον
2792 1051 2805 1076 ,
2866 1005 3148 1078 συντόμως
3236 1004 3545 1062 ἐπανελθεῖν
3613 1006 3898 1068 ἐνετείλατο.

2291 1095 2358 1150 Οἱ
2393 1094 2488 1166 μὲν
2517 1095 2608 1148 οὗν
2662 1099 2742 1166 τῷ
2796 1093 3026 1150 σουλτάν
3084 1096 3212 1159 τοὺς
3265 1100 3363 1150 τοῦ
3429 1094 3687 1171 βασιλέως
3730 1096 3900 1174 λόγους

2294 1181 2660 1257 ἀπήγγελλον,
2690 1183 2939 1246 κάκεῖνος
2973 1185 3108 1258 μετὰ
3147 1189 3253 1240 τῶν
3288 1184 3416 1257 περῖ
3465 1184 3620 1240 αὐτὸν
3667 1188 3778 1261 περὶ
3811 1193 3897 1242 τῶν

2290 1278 2389 1340 τῆς
2437 1271 2658 1347 εἶ’ρήνης
2718 1276 2996 1342 συνθηκῶν
3057 1269 3399 1328 ἐϐουλεύετο.
3457 1274 3512 1328 ’0
3573 1271 3627 1329 δέ
3671 1295 3728 1349 γε
3775 1276 3901 1351 βασι-

2292 1357 2440 1430 λεὺς,
2476 1361 2904 1439 ὑπερφρονήσας,
2932 1360 3020 1415 καί
3048 1382 3154 1416 τισι
3187 1361 3551 1436 πεπεισμένος
3593 1368 3694 1417 τῶν
3723 1363 3902 1436 ᾠκειω-

2295 1448 2464 1522 μὲνων
2500 1449 2665 1521 αὐτῷ,
2699 1447 3086 1505 δεδειλιακὲναι
3147 1448 3368 1528 λέγουσι
3424 1449 3519 1506 τὸν
3577 1449 3805 1520 σουλτᾶν,
3840 1454 3899 1515 ὡς

2292 1538 2368 1610 μὴ
2430 1538 2737 1614 ἀξιόμαχον
2790 1538 3118 1615 ἐπαγόμενον
3181 1537 3448 1612 δύναμιν,
3504 1541 3592 1595 καὶ
3651 1539 3730 1595 διὰ
3768 1539 3896 1596 τοῦτο

2285 1628 2384 1696 τήν
2448 1627 2666 1702 εἰρήνην
2721 1632 2924 1698 ζητεῖν,
2973 1625 3089 1697 ἵνα,
3146 1635 3246 1697 τῆς
3302 1629 3491 1704 μάχης
3544 1629 3890 1705 ὑπερτεθείσης,

2286 1715 2376 1769 καὶ
2433 1713 2610 1783 ἄλλην
2662 1713 2891 1788 δύναμιν
2948 1717 3413 1793 προσαγάγηται,
3475 1719 3610 1790 μήτε
3671 1719 3759 1786 τήν
3803 1724 3888 1773 τῶν

2286 1799 2560 1878 πρέσϐεων
2617 1804 2906 1877 ἀναμείνας
2979 1805 3329 1884 ὑποστροφὴν
3371 1847 3384 1873 ,
3441 1808 3569 1879 μήθ’
3641 1804 3798 1880 ἕτερόν
3850 1829 3889 1861 τι

2289 1896 2566 1964 σκοπήσας
2599 1941 2612 1963 ,
2669 1899 2789 1956 τοῖς
2867 1891 3198 1969 σαλπιγκαῖς
3268 1894 3546 1950 ἐκέλευσεν
3612 1897 3798 1970 ἡχῆσαι
3839 1897 3880 1950 τό

2289 1982 2555 2040 ἐνυάλιον.
2587 1984 2720 2045 Τοὺς
2753 1980 2809 2038 δὲ
2840 1979 3151 2059 Βαρϐἀρους
3179 1984 3240 2038 τὸ
3292 1981 3562 2060 αἰφνίδιον
3604 1981 3877 2059 διεθρόησεν,

2285 2070 2430 2126 ἀλλὰ
2478 2072 2568 2127 καὶ
2639 2071 2783 2127 οὕτω
2862 2071 2940 2134 εἷς
3013 2071 3430 2145 ἀντιπαράταξιν
3504 2067 3752 2142 ἔστησαν,
3818 2074 3882 2126 καὶ

2286 2158 2546 2216 ἐπιόντων
2619 2163 2805 2222 αὐτοῖς
2886 2165 2990 2215 τῶν
3068 2160 3364 2234 Ῥωμαίων
3435 2161 3538 2216 οὐκ
3595 2161 3882 2235 ἀντεπῄεσαν,

2285 2247 2410 2305 ἀλλ’
2442 2249 2790 2326 ἀνεχάζοντο,
2827 2252 2963 2324 μήτε
2993 2249 3059 2304 τὰ
3087 2255 3232 2304 νῶτα
3285 2251 3597 2326 τρέποντες,
3645 2253 3764 2324 μήτε
3789 2250 3882 2322 μὲν-

2283 2359 2368 2393 τοι
2423 2339 2750 2415 μαχόμενοι.
2802 2339 2888 2400 Ὠς
2942 2336 2999 2394 δὲ
3057 2339 3178 2414 περὶ
3230 2336 3428 2410 δείλην
3476 2339 3628 2413 ὀψίαν
3671 2342 3702 2408 ἡ
3742 2339 3882 2412 ἡμέρα

2285 2425 2514 2504 ἐγένετο,
2548 2425 2706 2490 εἰδὼς
2741 2429 2769 2483 ὁ
2801 2425 3064 2491 Βασιλεὺς
3115 2429 3195 2482 ὅτι
3249 2427 3481 2506 φυλακή
3531 2429 3646 2504 περὶ
3687 2429 3741 2482 τὸ
3767 2447 3883 2498 etpa-

2283 2514 2510 2572 τόπεδον
2545 2517 2644 2572 οὐκ
2670 2519 2736 2586 ἦν
2771 2516 3083 2594 ἀξιόλογος,
3116 2514 3296 2580 δείσας
3347 2519 3423 2591 μή
3461 2517 3766 2573 ἐπελθόντων
3802 2521 3877 2571 τῶν

2286 2604 2538 2661 ἐναντίων
2568 2607 2712 2678 αὑτῷ
2743 2605 3038 2683 διαρπαγῇ,
3088 2603 3228 2682 ἔγνω
3274 2609 3389 2677 τ-ὴν
3442 2607 3620 2683 μάχην
3662 2606 3793 2662 λῦσαι
3817 2605 3880 2660 καὶ

2285 2690 2631 2763 ἐπαναζεῦξαι
2675 2692 2798 2768 περὶ
2845 2693 2937 2748 τὸν
2981 2695 3196 2769 χάρακα
3230 2736 3243 2750 .
3294 2695 3654 2770 Ἐπιστρὲψας
3702 2691 3776 2748 οὖν
3805 2693 3877 2758 τήν

2290 2780 2576 2855 βασιλικὴν
2611 2782 2871 2854 σημαίαν,
2921 2782 3080 2845 αὐτός
3126 2783 3173 2837 τ’
3223 2781 3454 2859 ἐπανῄει
3503 2783 3589 2838 καὶ
3635 2784 3720 2851 τήν
3756 2801 3875 2855 στρα-

2282 2871 2400 2924 τιὰν
2455 2871 2619 2925 ταυτὸ
2694 2875 2870 2924 ποιεῖν
2930 2869 3274 2945 διεσήμαινεν
3317 2917 3336 2931 .
3398 2874 3462 2928 Οἱ
3522 2873 3610 2948 μὶν
3661 2870 3739 2926 οὖν
3786 2869 3871 2940 περὶ

2284 2957 2440 3014 αὐτὸν
2468 2955 2618 3022 ὄντες
2667 2953 2951 3034 ἀθορύϐως
2999 2959 3283 3016 ἐποιοῦντο
3339 2963 3403 3016 τὸ
3450 2960 3730 3017 κελευσθέν.
3760 2960 3869 3017 Ὅσοι

2285 3047 2340 3104 δὲ
2371 3047 2560 3126 πόρῥω
2593 3069 2690 3104 ποι
2742 3049 2840 3111 τὰς
2887 3050 3206 3125 παρατάξεις
3255 3050 3575 3124 ἐκέκτηντο,
3619 3051 3768 3130 φυγὴν
3803 3052 3871 3103 τοῦ

2292 3136 2559 3212 βασιλέως
2611 3139 2711 3206 τὴν
2763 3138 3114 3218 ὑποστροφὴν
3164 3140 3535 3212 ὑπετόπαταν,
3591 3137 3874 3213 Ἀνδρονίκου

517 3232 721 3305 fugam
751 3247 821 3286 ex
851 3227 1050 3284 divina
1078 3228 1166 3283 ira
1195 3231 1451 3282 coortam
1500 3223 1915 3298 intelligerent,
1966 3224 2165 3281 statim

2286 3211 2374 3281 τοῦ
2405 3228 2524 3281 υἱοῦ
2574 3230 2670 3281 τοῦ
2721 3211 2992 3302 Καίσαρος
3022 3211 3130 3285 ’τὸν
3181 3228 3354 3305 Mva
3403 3211 3751 3290 ὑποϐαλόντος
3787 3231 3875 3286 ταῖς

519 3323 937 3395 imperatorem
972 3318 1331 3373 invaserunt.
1372 3317 1424 3371 Is
1454 3332 1588 3371 vero
1620 3331 1753 3370 cum
1801 3315 1926 3370 suis
1976 3331 2171 3386 pugna

522 3428 639 3467 non
663 3411 1003 3476 detrectata,
1031 3407 1102 3463 ad
1135 3411 1370 3478 tempus
1405 3405 1632 3461 fortiter
1661 3403 1900 3460 restitit.
1951 3403 2173 3458 Deinde

525 3499 656 3557 aliis
688 3497 876 3565 cazsis,
909 3496 1040 3553 aliis
1062 3494 1270 3568 captis,
1303 3494 1737 3550 circumventus
1790 3509 1824 3548 a
1880 3491 2169 3560 Barbaris,

526 3605 600 3646 ne
632 3587 715 3644 sic
747 3587 984 3660 quidem
1019 3584 1215 3641 cessit.
1240 3583 1544 3639 Enimvero
1602 3598 1736 3638 cum
1783 3581 1999 3636 multos
2046 3579 2172 3636 vul-

527 3683 813 3748 nerasset,
849 3674 1066 3730 multos
1099 3672 1430 3739 occidisset,
1457 3672 1698 3727 tandem
1731 3676 1787 3726 et
1807 3671 1932 3742 ipse
1969 3671 2174 3741 fatiga-

528 3772 791 3837 tus,cum
824 3781 1003 3819 manu
1037 3762 1477 3830 vulnerata,nec
1507 3759 1625 3815 vim
1653 3760 1904 3832 amplius
1936 3758 2173 3831 propul-

530 3871 682 3921 sare,
716 3869 843 3924 nec,
874 3867 1023 3923 equo
1057 3867 1224 3920 carso,
1255 3854 1418 3906 extra
1446 3849 1694 3904 telorum
1721 3851 1945 3918 jactum
1977 3849 2174 3920 fugere

531 3941 1034 4015 posset,eaptivus
1063 3943 1153 3995 est
1187 3939 1474 3994 abductus
1505 3938 1576 3992 ad
1618 3938 1903 3993 Barbaros
1961 3941 2172 3992 Roma-

531 4032 1104 4100 norumimperalor.
1140 4030 1260 4094 Quo
1319 4026 1526 4082 nuntio
1583 4031 1842 4098 accepto,
1901 4025 2174 4082 sultanus

529 4120 766 4178 nomine
787 4123 970 4188 Axan,
1011 4117 1278 4190 gravisus
1310 4121 1418 4184 est,
1455 4116 1610 4173 284
1654 4122 1716 4170 ut
1773 4120 1983 4172 natura
2039 4117 2171 4188 fert,

526 4227 718 4283 neque
747 4215 943 4266 tamen
973 4207 1250 4279 superbia
1281 4205 1491 4262 elatus.
1553 4206 1632 4261 De
1686 4206 1856 4276 cujus
1908 4206 2172 4262 modera-

525 4303 684 4357 tione
713 4303 770 4356 et
791 4299 1028 4370 justitia
1059 4298 1247 4353 multa
1277 4302 1698 4351 memorantur.
1723 4295 1886 4351 Unde
1933 4295 2172 4368 captivi-

523 4395 702 4446 tatem
735 4386 1108 4459 imperatoris
1150 4385 1308 4440 haud
1366 4384 1659 4450 credebat,
1707 4384 1778 4439 ob
1826 4383 2167 4441 immodera-

524 4485 653 4537 tum
688 4492 1029 4535 successum
1061 4492 1074 4531 :
1103 4490 1287 4547 eoque
1317 4472 1440 4528 viso
1471 4490 1586 4528 non
1639 4472 1806 4544 prius
1860 4473 2172 4545 acquievit,

524 4586 703 4642 quam
727 4566 902 4640 legati
929 4582 1074 4635 quos
1105 4564 1331 4620 dudum
1355 4562 1759 4630 miserat,cum
1791 4567 2169 4634 agnoverunt:
2203 4585 2250 4651 Β

522 4665 581 4716 et
611 4656 1068 4726 Basilacius,qui
1103 4653 1181 4710 ibi
1214 4653 1544 4722 tenebatur,
1579 4652 1971 4719 adductus,ad
1997 4654 2174 4724 pedes

525 4750 653 4818 ejus
686 4747 832 4802 ﬂens
864 4762 926 4800 se
952 4743 1442 4816 prostravit.’l‘um
1476 4741 1642 4813 quasi
1669 4742 1908 4797 numine
1941 4743 2174 4798 afﬂatus

525 4854 554 4892 e
585 4835 728 4891 solio
761 4833 1061 4899 exsiliit,et
1093 4835 1162 4888 de
1196 4850 1354 4888 more
1381 4831 1545 4887 humi
1573 4832 1870 4902 jacentem
1905 4832 2176 4887 calcavit‘

526 4925 744 4981 Deinde
777 4924 953 4979 erexil
989 4929 1162 4995 atque
1182 4921 1486 4993 amplexus
1517 4926 1626 4989 est,
1668 4938 1802 4976 eum
1829 4921 2175 4993 hujusmodi

524 5013 758 5070 verbis:
783 5013 908 5068 Noli
935 5028 1183 5083 mwrere,
1212 5013 1530 5083 imperator,
1566 5012 1644 5065 ita
1695 5012 1846 5066 enim
1903 5015 2032 5066 sunt
2086 5028 2175 5066 res

525 5104 809 5159 humanae.
842 5104 950 5172 Ego
981 5118 1109 5159 vero
1138 5104 1190 5156 te
1221 5116 1326 5156 non
1361 5103 1419 5154 ut
1451 5101 1748 5170 captivum,
1781 5100 1871 5155 sed
1900 5109 1961 5156 ut
2009 5102 2174 5172 impe-

523 5195 765 5248 ratorem
799 5190 1063 5246 tractabo.
1097 5191 1166 5246 Et
1195 5190 1397 5245 statim
1430 5187 1480 5244 ei
1517 5189 1959 5245 tabernaculum
2017 5191 2173 5246 desi-

521 5284 684 5354 gnat,
712 5283 768 5336 et
799 5277 1126 5335 ministeria
1151 5275 1550 5350 imperatoria,
1583 5291 1916 5349 menszeque
1944 5277 2172 5335 adbibi-

2282 3315 2564 3393 φάλαγξιν.
2597 3316 2712 3370 Ἀεὶ
2759 3317 2860 3391 γὰρ
2910 3316 2940 3372 ὅ
2984 3337 3043 3372 τε
3073 3321 3273 3394 Καῖσαρ
3323 3320 3415 3373 καὶ
3465 3320 3515 3374 οἱ
3561 3318 3733 3373 τούτου
3775 3315 3875 3375 υἱεῖς

2281 3401 2576 3480 ἐφήδρευον
2651 3409 2730 3477 τῷ
2808 3404 3063 3481 βασιλεῖ,
3108 3407 3198 3461 καὶ
3263 3407 3487 3487 ἀφανῶς
3554 3403 3870 3462 ἐπεϐούλευον.

2282 3499 2450 3570 ’Ἄρας
2484 3491 2575 3548 οὗν
2630 3493 2819 3548 αὐτίκα
2875 3495 3008 3567 μετᾶ
3061 3500 3170 3550 τῶν
3209 3498 3339 3570 περὶ
3398 3497 3553 3552 αὐτὸν
3585 3498 3612 3552 ὁ
3657 3491 3874 3567 Ἀνδρόνιο

2281 3604 2374 3645 κος
2422 3583 2644 3659 (ἐξῆρχε
2683 3584 2784 3660 γὰρ
2837 3583 2935 3638 οὐκ
2981 3583 3278 3659 ἐλαχίστης
3331 3584 3525 3662 μοίρας
3567 3580 3869 3659 στρατιωτῶν)

2285 3673 2390 3727 ἀπὸ
2449 3672 2681 3749 ῥυτῆρος
2741 3671 3139 3744 ἐπανελήλυθεν
3196 3674 3272 3737 εἷς
3331 3675 3423 3730 τὸν
3482 3673 3700 3751 χάρακα.
3742 3674 3866 3723 Τοῦτο
3961 3665 3963 3670 “

2282 3762 2372 3816 καὶ
2403 3761 2528 3823 τοὺς
2560 3759 2790 3824 λοιποὺς
2836 3759 3092 3837 ἐτρέψατο
3142 3761 3217 3824 είς
3255 3765 3458 3840 φυγήν,
3492 3763 3583 3825 οὖς
3613 3761 3755 3832 οὕτω,
3780 3757 3870 3812 ἀκό-

2285 3872 2437 3924 σμως
2471 3850 2784 3913 ἐπανιόντας
2816 3852 2843 3905 ὁ
2899 3850 3151 3928 βασιλεὺς
3199 3852 3550 3926 Θεασάμενος,
3601 3849 3731 3920 ἔστη,
3775 3853 3874 3912 στῆ·
3953 3863 3957 3928 ί

2284 3939 2369 3994 ναί
2419 3961 2476 3994 τε
2523 3941 2609 3994 καὶ
2660 3945 2780 4001 τοῖς
2832 3940 3080 3994 ἀπιοῦσιν
3132 3939 3469 3997 ἐνεκελεῦετο
3503 3985 3516 4000 .
3568 3937 3710 3997 Ἀλλ’
3744 3936 3871 4006 ἐξεκε-

2282 4030 2551 4108 κώφεισαν
2608 4029 2856 4102 ἅπαντες,
2913 4029 3002 4083 καὶ
3059 4036 3157 4099 τῆς
3212 4037 3389 4108 φυγῆς
3432 4031 3494 4086 οὐ
3549 4024 3874 4102 μεθίεντο.“Ως

2285 4115 2343 4173 δέ
2395 4120 2458 4174 τὸ
2511 4116 2821 4193 παράλογον
2874 4124 2973 4187 τῆς
3034 4121 3207 4196 φυγῆς
3265 4115 3592 4195 δυστύχημα
3635 4121 3727 4171 τῶν
3771 4114 3874 4165 Ῥω·

2289 4207 2485 4282 μαίων,
2519 4207 2609 4261 καὶ
2642 4208 2858 4280 μήνιμα
2903 4208 3046 4261 θεῖον
3098 4201 3328 4282 ἕγιωσαν
3363 4209 3416 4263 οἱ
3464 4205 3728 4280 πολέμιοι,
3757 4197 3874 4261 εὖθῦς

2284 4296 2522 4368 ἐπῆλθον
2567 4300 2646 4367 τῷ
2693 4293 2928 4372 βασιλεῖ.
2959 4297 3017 4354 Ὀ
3051 4293 3108 4351 δὲ
3154 4295 3288 4370 μετὰ
3330 4301 3439 4352 τῶν
3494 4295 3610 4371 περί
3641 4291 3775 4348 αὐτὸν
3801 4287 3874 4352 τήν

2288 4386 2473 4463 μάχην
2537 4383 2750 4456 ἐδέξατο
2785 4428 2798 4454 ,
2859 4384 2947 4440 καὶ
3028 4384 3190 4462 μέχρι
3271 4386 3366 4460 μὲν
3417 4406 3557 4446 τινος
3601 4377 3869 4463 ἐρρωμένως

2282 4460 2556 4551 ἀντεῖχοψ
2587 4476 2697 4530 εἶτα
2744 4478 2850 4529 τῶν
2908 4474 3002 4548 μὲν
3052 4460 3351 4544 πεσόντων,
3396 4472 3702 4530 ἑαλωκότων
3733 4460 3874 4551 δ’

2285 4549 2887 4641 ρωνςπεριεστοιχίσθη
2937 4565 3074 4641 πρὸς
3115 4569 3222 4620 τῶν
3273 4559 3560 4640 Βαρϐάρων
3592 4562 3618 4616 ὁ
3649 4549 3872 4641 βασιλεύει

2285 4635 2442 4710 ίΔλλ’
2475 4635 2599 4709 οόδὲ
2654 4635 2827 4716 οὕτως
2885 4635 3133 4711 ἐνέδωκε.
3190 4635 3466 4717 Πολλοὺς⁷
3495 4649 3550 4706 δὲ
3579 4647 3766 4718 πλήξας
3808 4635 3872 4693 καὶ
3919 4717 3922 4724 Ι

2284 4742 2512 4814 ἀνελὼν,
2543 4743 2756 4818 ἐπλήγη
2787 4743 3032 4806 κάκεῖνος
3081 4745 3180 4814 τὴν
3233 4749 3414 4818 χεῖρα,
3460 4739 3546 4796 καὶ
3589 4737 3744 4796 οὕτως
3768 4731 3873 4785 ἀπο·

2281 4834 2495 4906 καμὼν,
2557 4834 2644 4887 καὶ
2702 4834 2896 4906 μηκέτι
2949 4831 3238 4906 ἀμύνεσθαι
3285 4831 3412 4894 τοὺς
3471 4827 3703 4885 ἐπιόντας
3748 4817 3869 4906 δίνας

2288 4943 2466 4995 μενος,
2523 4924 2661 4996 μήτε
2723 4921 2907 4996 μέντοι
2961 4927 3170 4999 φυγεῖν,
3225 4919 3332 4992 ἤδη
3394 4924 3490 4975 τοῦ
3539 4916 3699 4971 ἵππου
3740 4901 3871 4963 αὐτοῦ

2283 5012 2636 5076 πεπτωκότος
2688 5012 2748 5068 ἐκ
2793 5017 2898 5067 τῶν
2955 5012 3153 5087 βελῶν,
3198 5013 3342 5067 ἐάλω
3399 5011 3486 5065 καὶ
3542 5008 3732 5074 ἆπῆκτο

2283 5096 2588 5176 Βαρϐάροις
2651 5103 2679 5156 ὁ
2743 5085 2998 5176 βασιλευς
3043 5101 3323 5175 Ῥωμαίων
3376 5096 3714 5175 αἰχμάλωτος

2281 5171 2640 5265 Ἀγγεκθεῖσα
2670 5171 2791 5261 δὲ
2843 5197 2939 5246 τοῦ
2993 5171 3262 5266 βασιλέως
3311 5171 3513 5250 ἅλωσις
3559 5189 3632 5254 τῷ
3666 5171 3868 5236 σουλτὼθγ

2283 5281 2456 5356 χαρὰν
2494 5281 2612 5355 μὲν,
2671 5282 2746 5344 ὡς
2805 5281 2972 5355 εἰκὸς,
3024 5280 3348 5353 ἐνεποίησεν,
3400 5277 3460 5333 οὐ
3512 5274 3680 5350 μέντοι
3709 5267 3866 5336 ἐπῆρεν

1801 5457 2004 5518 Variae
2035 5457 2333 5525 lectiones
2363 5468 2426 5524 et
2456 5467 2645 5525 notae.
3905 5407 3911 5535 ί

593 5601 704 5672 (80)
735 5597 1130 5675 Αἲχμάλωτος.
1163 5599 1385 5658 Accidit
1407 5601 1528 5656 haec
1551 5598 1745 5656 clades
1777 5613 1981 5657 mense
2011 5600 2164 5660 Julio

2286 5645 2312 5660 ..
2372 5604 2534 5676 4072,
2595 5604 2719 5662 ind.
2779 5605 2867 5673 10,
2931 5607 2998 5662 ut
3052 5608 3140 5662 est
3197 5602 3349 5678 apud
3402 5603 3731 5669 anonymum
3780 5586 3860 5636 Ba-

527 5687 779 5728 rensem.
