4036 6206
240 369 340 428 28!

1496 363 1914 428 ANNALIUM
1961 364 2109 425 LIB.
2153 364 2368 424 XVIII.

3524 369 3642 428 282

239 497 528 571 λελυμένον
594 497 985 574 αἰχμαλωσίας
1019 542 1035 569 ,
1093 497 1186 553 καὶ
1241 500 1277 568 ἡ
1337 495 1682 572 Χρυσόπολις
1738 497 1881 572 εἶχεν

2001 497 2442 554 multitudinem
2473 514 2599 570 qua:
2632 497 2819 554 multa
2847 498 3035 554 millia
3051 499 3400 572 complebat,
3424 499 3646 558 incide-

234 589 319 642 τὸν
347 586 685 657 ἀποστάτην,
741 588 832 642 καὶ
893 587 1083 642 αὐτίκα
1129 591 1235 662 πῦρ
1295 590 1414 648 ταῖς
1471 584 1642 641 ἐκεῖσε
1689 584 1886 649 οἰκίαις

235 677 428 746 ἐνῆκεν.
489 679 548 734 '0
626 674 686 732 δὲ
755 676 1010 752 βασιλεὺς
1066 675 1282 750 ἀξίωμά
1354 696 1412 730 τε
1469 673 1883 750 κουροπαλάτου

232 767 372 838 αὐτῷ
423 765 823 842 ἐπηγγέλλετο,
875 765 919 821 εί
969 765 1036 821 τὰ
1092 763 1238 820 ὅπλα
1285 766 1596 832 κατάθοιτο,
1646 764 1735 818 καὶ
1782 763 1880 832 τὴν

229 861 449 932 ιρναῖκα
500 856 668 912 αὐτοῦ
725 856 862 930 μετά
905 861 1014 913 τῶν
1059 855 1256 911 τέκνων
1305 855 1618 928 ἐξέπεμψεν
1673 851 1798 908 ἀλλ’
1855 854 1882 908 6

231 943 511 1024 βάρϐαρος
589 947 876 1010 ἀτίθασσος
951 947 1016 1016 ἧν
1073 991 1088 1004 .
1147 947 1540 1019 Μετεπέμψατο
1613 944 1794 1000 τοίνυν
1855 945 1882 998 6

229 1036 487 1110 βασιλεὺς
533 1037 672 1092 κατά
705 1040 804 1092 106
851 1035 1169 1093 Ῥουσελίου
1217 1034 1498 1109 Τούρκους
1550 1033 1637 1089 έπὶ
1682 1037 1878 1106 μισθῷ·

221 1123 356 1198 ὁδὶ,
396 1127 476 1198 μὴ
510 1124 816 1201 ἀξιόχρεως
872 1124 949 1181 ὣν
1003 1126 1138 1200 πρὸς
1185 1124 1278 1179 τὸν
1325 1123 1595 1197 πόλεμον,
1643 1121 1760 1178 λύει
1791 1122 1882 1177 τὸν

219 1215 462 1289 Καίσαρα
519 1220 629 1270 τῶν
709 1211 972 1288 δεσμῶν,
1027 1214 1117 1268 καὶ
1195 1212 1488 1291 εὐφημίαις
1570 1211 1879 1287 ἀναγορεύει

217 1301 564 1379 βασιλικαῖς,
616 1302 873 1377 οΐόμενος
926 1302 1294 1377 προσθήσεθαί
1357 1303 1409 1356 οἱ
1465 1299 1730 1364 πολλούς’
1791 1297 1880 1357 MC

214 1413 351 1469 φνης
417 1390 482 1447 δὶ
545 1391 808 1466 Τούρκων
870 1391 1261 1470 ἀναφανέντων,
1323 1391 1351 1444 6
1397 1387 1706 1450 Ῥουσέλιος
1765 1389 1881 1443 κατ’

215 1481 395 1536 αὐτῶν
453 1476 766 1558 βαρϐαρικῇ
817 1481 1114 1558 θρασύτητι
1154 1477 1558 1553 ἀπερισκέπτως
1605 1476 1879 1554 ἐχώρησε,

213 1570 295 1624 καὶ
373 1569 632 1633 πολλοὺς
683 1571 777 1643 μὲν
837 1571 888 1625 οἱ
947 1571 1190 1647 Φράγγοι
1248 1572 1354 1622 τῶν
1409 1566 1666 1642 Τούρκων
1723 1566 1878 1622 κατέ-

214 1654 415 1727 ϐαλον,
471 1659 600 1721 τοὺς
658 1658 705 1714 δ’
761 1657 967 1721 ἄλλους
1036 1657 1326 1734 ἐτρέψαντο
1379 1656 1454 1719 εἴς
1506 1658 1678 1732 φυγὴν
1710 1700 1724 1727 ,
1789 1654 1880 1711 καὶ

215 1750 475 1825 ἀκρατῶς
533 1747 780 1806 ἐδίωκον.
837 1749 903 1806 Οἱ
965 1748 1060 1822 μὲν
1117 1745 1208 1802 οὖν
1264 1745 1489 1809 πλείους
1546 1746 1717 1801 ὀπίσω
1773 1767 1879 1800 που

215 1837 632 1914 ἀπελείφθησαν
667 1884 685 1908 ,
741 1843 851 1893 τῶν
921 1835 1109 1893 ’ίππων
1180 1835 1326 1915 σφίσι
1388 1835 1464 1909 μὴ
1519 1834 1878 1890 εὐτονούντων
1913 1873 1959 1939 Β

295 1928 309 1939 .
455 1928 470 1939 ι
617 1926 669 1939 ς.
781 1934 808 1939 _
903 1923 928 1939 ε.
981 1927 1028 1939 .-
1211 1927 1269 1939 ,Α
1316 1927 1368 1939 ..ι
1493 1921 1524 1939 ,κ
1660 1922 1702 1939 ο..
1857 1925 1871 1939 ι

211 1928 355 2002 πρὸς
412 1928 481 1981 τὸ
540 1926 686 1983 πολὺ
741 1934 842 1996 τῆς
901 1923 1160 2000 διώξεως.
1211 1927 1274 1982 Ὁ
1316 1921 1625 1986 Ῥουσέλιος
1657 1922 1715 1979 δὲ
1750 1925 1882 1998 μετά

207 2021 306 2072 106
368 2016 646 2092 Καίσαρος
691 2015 785 2070 σὺν
836 2013 1048 2091 ὀλίγοις
1103 2011 1436 2085 ἐπήλαυσον.
1489 2009 1627 2084 Ἤδη
1679 2009 1738 2068 66
1764 2017 1872 2068 τῶν

215 2105 438 2161 οἰκείων
496 2105 879 2180 ἆκμηκυνθεῖσι
918 2103 1099 2176 πολὺ,
1159 2102 1314 2179 ἑτέρα
1368 2100 1586 2172 πληθὺς
1641 2101 1872 2180 ἀνεφάνη

206 2195 478 2272 Τούρκων
540 2195 621 2257 εἷς
679 2193 894 2256 πολλάς
950 2193 1087 2248 πάνυ
1139 2191 1400 2268 χιλιάδας
1453 2191 1830 2267 ἀριθμουμένη
1861 2209 1877 2229 ο

210 2285 282 2348 ὡς
318 2283 370 2340 δ’
403 2284 653 2354 ἐπῆλθον
685 2283 870 2346 αὐτοῖς
899 2284 950 2338 οἱ
993 2280 1260 2360 φανέντες,
1291 2278 1383 2336 καί
1423 2277 1642 2344 ἄκοντες
1687 2281 1875 2343 αὐτοῖς

211 2374 652 2452 συνερράγησαν,
700 2371 1136 2449 περιειληθέντες
1186 2368 1235 2425 δ’
1302 2369 1406 2424 ὑπὸ
1454 2373 1551 2424 106
1606 2368 1875 2442 πλήθους,

207 2463 468 2524 καὶτοὺς
501 2461 708 2524 ἵππους
758 2456 1149 2530 ἀποϐαλόντες,
1199 2457 1446 2514 ἑάλωσαν
1491 2457 1522 2512 6'
1567 2479 1626 2513 τε
1668 2464 1876 2534 Καῖσαρ

209 2552 303 2607 καὶ
371 2553 401 2606 6
463 2550 817 2614 Ῥουσέλιος.
869 2547 1050 2605 Ἀλλά
1119 2548 1212 2602 τὸν
1293 2547 1386 2620 μὲν
1463 2544 1769 2600 Ῥουσέλιον
1841 2549 1876 2616 ἡ

211 2641 474 2702 σύνευνος
557 2635 913 2716 προλαϐοῦσα
994 2638 1218 2710 ἐπρίατο
1254 2680 1268 2705 ,
1335 2637 1428 2690 τὸν
1499 2633 1557 2690 δὲ
1637 2635 1880 2711 Καίσαρα

213 2732 241 2785 6
308 2728 572 2806 βασιλεὺς
627 2727 976 2804 ἐλυτρώσατο
1011 2770 1024 2783 .
1081 2727 1142 2784 Ὀ
1201 2723 1279 2793 66,
1339 2723 1682 2799 ἀπαγόμενος
1741 2727 1877 2800 πρὸς

1996 591 2168 642 runt:
2202 603 2334 642 cum
2369 587 2586 659 quibus
2616 587 2706 643 vel
2736 588 2902 644 inviti
2955 605 3216 661 pugnare
3275 589 3480 657 coacti,
3529 593 3585 644 et
3615 607 3648 644 a

1995 675 2370 731 multitudine
2401 676 2782 733 circumventi
2813 677 3054 734 amissis
3098 678 3268 749 equis
3318 678 3493 733 ambo
3547 695 3647 732 ca-

1994 765 2257 836 piuntur.
2293 769 2365 820 Ac
2395 765 2700 821 Ruselium
2736 783 2876 823 uxor
2907 771 3136 822 mature
3167 767 3435 834 redemit,
3468 769 3650 823 Caesa-

1993 869 2115 908 rem
2148 871 2280 910 vero
2316 855 2634 924 imperator
2665 873 2678 922 ;
2713 857 2782 911 ad
2845 871 3019 927 quem
3081 856 3222 911 dum
3276 856 3644 928 perducitur,

1992 958 2125 998 eum
2158 943 2229 998 ad
2264 943 2676 1015 Propontidem
2708 946 2982 1016 venisset,
3043 945 3252 1017 capillo
3302 962 3453 1012 raso,
3513 965 3644 1003 mu-

1991 1036 2233 1105 tataque
2263 1032 2415 1089 288
2448 1038 2627 1105 veste,
2662 1036 3047 1090 monasticam
3081 1035 3374 1090 lacernam
3432 1037 3638 1108 sumit,

1992 1126 2262 1177 metuens
2284 1138 2356 1178 ne
2381 1122 2454 1178 ob
2499 1121 2730 1194 imperii
2771 1123 3011 1179 titulum
3036 1141 3069 1179 a
3097 1128 3299 1196 nepote
3343 1123 3636 1196 supplicio

1989 1211 2340 1267 afﬁceretur.
2370 1215 2444 1266 At
2474 1211 2745 1267 Ruselius
2804 1229 2838 1268 a
2892 1212 3221 1282 captivitate
3276 1213 3637 1286 redemptus,

1989 1304 2054 1354 ut
2082 1301 2304 1355 dictum
2332 1304 2602 1366 est,cum
2638 1317 2813 1356 uxore
2867 1306 2924 1357 et
2984 1301 3227 1373 reliquis
3284 1303 3518 1358 Francis
3573 1303 3634 1360 in

1990 1390 2344 1463 provinciam
2378 1391 2857 1447 Armeniacorum
2890 1407 2951 1447 se
2991 1392 3261 1458 contulit,
3323 1393 3420 1448 ubi
3473 1392 3635 1464 prius

1988 1480 2165 1534 etiam
2196 1479 2376 1534 vitam
2400 1484 2618 1550 egerat.
2640 1481 2961 1551 Imperator
2983 1479 3159 1549 igitur
3181 1479 3446 1536 Alexium
3471 1481 3639 1536 Com-

1990 1585 2208 1624 nenum
2241 1568 2572 1640 praesidem,
2605 1568 3029 1624 adolescentem
3065 1567 3230 1623 illum
3252 1569 3513 1640 quidem,
3535 1571 3637 1626 sed

1989 1657 2334 1729 prudentem
2367 1660 2424 1713 et
2462 1662 3020 1726 strenuum,contra
3076 1675 3209 1713 eum
3270 1657 3468 1714 mittit.
3529 1657 3638 1724 Qui

1988 1763 2122 1803 cum
2153 1748 2453 1802 Amasiam
2486 1748 2864 1819 pervenisset,
2899 1748 3106 1804 Turcis
3136 1748 3363 1804 occulte
3413 1747 3638 1819 signiﬁ-

1989 1839 2105 1891 cat.
2136 1835 2186 1891 si
2217 1834 2518 1891 Ruselium
2559 1835 2670 1891 sibi
2701 1839 3023 1904 traderent,
3056 1854 3119 1893 se
3179 1836 3294 1892 illis
3353 1838 3636 1908 grandem

1991 1924 2250 1996 pecuniae
2282 1942 2579 1982 summam
2637 1927 2938 1983 daturum.
2989 1928 3195 1998 Itaque
3243 1925 3327 1981 illi
3375 1926 3639 1982 amicitia

1989 2013 2288 2082 simulata,
2332 2015 2522 2070 virum
2580 2015 3069 2087 comprehensum
3121 2032 3338 2088 magna
3388 2015 3638 2087 pecunia

1985 2107 2448 2174 commutarunt,
2475 2104 2574 2176 qui
2597 2105 2797 2160 statim
2819 2104 2891 2160 ab
2919 2103 3119 2160 Alexio
3143 2105 3482 2178 Byzantium
3503 2120 3636 2176 per-

1985 2194 2220 2264 ductus,
2254 2203 2308 2250 el
2339 2198 2472 2266 post
2501 2194 2721 2250 atrocia
2750 2200 3044 2251 tormenta
3072 2194 3131 2250 in
3174 2194 3321 2250 turri
3379 2195 3634 2266 quadam

1985 2288 2075 2340 est
2099 2283 2388 2340 inclusus.
2421 2283 2567 2348 Quia
2596 2300 2730 2340 vero
2751 2285 2863 2340 sub
2887 2283 2994 2340 hoc
3019 2284 3366 2355 imperatore
3388 2299 3634 2339 annonae

1987 2373 2232 2428 caritate
2261 2372 2592 2428 laboratum
2623 2377 2730 2441 est,
2768 2379 2831 2428 ut
2886 2390 3003 2428 non
3035 2373 3259 2445 integer
3298 2371 3635 2427 medimnus

1987 2462 2344 2518 numismate
2376 2463 2741 2530 venderetur,
2775 2464 2875 2519 sed
2909 2463 3138 2534 pinacio
3163 2463 3373 2530 minus,
3407 2461 3508 2532 qui
3541 2465 3634 2516 est

1989 2549 2269 2606 medimni
2301 2551 2599 2622 quadrans
2629 2569 2642 2606 :
2678 2551 2914 2623 publica
2937 2551 3244 2607 calamitas
3302 2567 3628 2623 cognomen

1988 2639 2072 2694 illi
2105 2640 2258 2710 fecit,
2292 2645 2357 2696 ut
2385 2640 2560 2696 etiam
2594 2640 2765 2696 hodie
2792 2641 2875 2697 sic
2906 2646 3162 2710 vocetur,
3226 2657 3412 2712 neque
3462 2639 3634 2696 aliter

1990 2733 2365 2800 agnoscatur,
2397 2729 2510 2784 nisi
2540 2729 2993 2801 Parapinacium
3017 2730 3254 2786 dixeris.

210 2820 308 2874 16v
373 2817 608 2895 βασιλέα
642 2863 656 2887 ,
717 2818 808 2872 καὶ
867 2817 920 2871 ἂν
1001 2819 1070 2889 τῇ
1123 2811 1451 2890 Προποντίδι
1506 2814 1793 2888 γενόμενος
1825 2860 1838 2885 ,
1896 2814 2126 2892 κείρεται
2179 2817 2277 2885 τὴν
2335 2817 2504 2891 τρίχα
2558 2816 2647 2870 καὶ
2709 2818 3162 2896 μεταμφιέννυται
3215 2819 3314 2886 τὴν
3374 2815 3576 2884 στολὴν
3617 2859 3632 2886 ,

212 2915 388 2993 ῥάκος
423 2917 728 2991 μοναχικὸν
793 2915 1174 2988 μεταθέμενος·
1235 2907 1531 2982 ηὐλαϐεῖτο
1588 2911 1692 2986 γὰρ
1754 2913 1828 2985 μή
1856 2934 1909 2967 τι
1936 2915 2099 2977 πάθοι
2157 2915 2292 2989 πρὸς
2347 2919 2443 2968 106
2473 2914 2696 2988 ἀνεψιοῦ
2723 2912 2811 2970 διὰ
2835 2916 2934 2984 τὴν
2965 2913 3258 2991 ἀνάῤῥησιν
3313 2919 3368 2967 '0
3400 2912 3458 2968 δὲ
3481 2919 3631 2968 Ῥου-

218 3005 434 3074 σέλιος,
466 3005 672 3073 λυθεὶς,
705 3004 780 3066 ὡς
815 2999 1047 3079 εἴρηται,
1083 3008 1182 3071 τῆς
1209 2997 1622 3076 αἰχμαλωσίας,
1651 3001 1750 3070 τὴν
1780 3007 2010 3075 γυναῖκα
2043 3003 2176 3075 μετά
2204 3009 2309 3058 τῶν
2338 3004 2794 3080 περιλειφθέντων
2846 3005 3116 3078 Φράγγων
3169 2998 3376 3071 λαϐὼν,
3440 3002 3516 3064 είς
3570 3003 3632 3057 τὸ

214 3100 321 3150 τῶν
357 3095 738 3168 ’Λρμενιακῶν
769 3092 907 3164 θέμα
935 3089 1163 3166 ἐγένετο,
1195 3088 1248 3143 ἐν
1277 3089 1322 3161 ᾧ
1355 3086 1510 3163 διῆγε
1538 3089 1627 3142 καὶ
1659 3089 1945 3164 πρότερον.
1999 3089 2226 3147 Στέλλει
2270 3092 2452 3148 τοίνυν
2486 3095 2513 3147 6
2550 3093 2803 3169 βασιλεὺς
2851 3095 2967 3148 κατ’
3016 3092 3179 3148 αὐτοῦ
3225 3093 3315 3147 τὸν
3365 3088 3629 3167 πρόεδρον

213 3181 462 3254 Ἀλέξιον
490 3181 584 3236 τὸν
615 3180 932 3254 Κομνηνὸν,
961 3179 1078 3234 νέον
1117 3179 1210 3250 μὲν
1245 3173 1393 3246 ὄντα,
1427 3173 1589 3252 ἄνδρα
1620 3174 1676 3231 δέ
1705 3197 1769 3252 γε
1799 3179 2012 3234 συνετὸν
2043 3180 2133 3235 καὶ
2165 3177 2514 3258 δραστήριον.
2546 3184 2665 3255 Ὃς,
2695 3183 2990 3259 γενόμενος
3017 3182 3153 3237 κατά
3182 3184 3281 3250 τήν
3315 3182 3634 3254 Ἀμάσειαν,

224 3278 288 3302 κ,
349 3281 363 3296 ς
506 3278 518 3298 ι
870 3283 894 3293 .-
986 3282 1008 3292 υ
1066 3278 1080 3298 ν
1157 3274 1171 3294 I
1214 3297 1226 3308 ι
1379 3275 1394 3296 ι
2015 3279 2029 3296 κ
2121 3280 2132 3301 ι
2289 3279 2300 3296 ο
2692 3286 2714 3296 .-
2883 3285 2905 3295 -ι
3097 3279 3110 3299 ν
3161 3283 3186 3294 α-
3417 3283 3438 3292 -
3585 3277 3598 3297 ι

221 3295 271 3334 οι
337 3278 671 3356 απορρήτων
725 3275 892 3348 δηλοι
919 3298 1037 3339 τοις
1077 3279 1333 3350 Γουροιοις
1363 3296 1460 3344 ως,
1493 3275 1539 3330 εἰ
1568 3295 1931 3351 κατασχοντες
1975 3299 2069 3334 τον
2139 3278 2429 3335 Ρουσελιον
2475 3278 2768 3355 παραδοιεν
2812 3301 3002 3336 τουτον
3053 3301 3220 3351 αυτῳ,
3252 3276 3480 3334 πολλων
3541 3299 3638 3332 αυ-

217 3369 344 3430 106:
406 3367 684 3443 ἐμπλήσει
741 3367 1044 3443 χρημάτων
1079 3410 1093 3423 .
1155 3364 1353 3421 Φιλίαν
1421 3362 1513 3420 οὖν
1591 3365 1969 3439 ὑποκριθέντες
2053 3366 2248 3423 ἐκεῖνοι
2304 3369 2441 3444 πρὸς
2497 3371 2590 3425 τὸν
2644 3369 2953 3427 Ῥουσέλιον
3010 3370 3274 3444 κατέσχον
3327 3367 3416 3422 τὸν
3476 3364 3639 3441 ἄνδρα

218 3468 305 3522 καὶ
352 3465 584 3522 πολκῶν
642 3465 798 3520 αὐτὸν
829 3465 1134 3540 χρημάτων
1166 3460 1475 3533 ἠλλάξαντο
1509 3506 1524 3532 ,
1583 3463 1643 3526 ’ὀς
1693 3462 1886 3518 αὐτίκα
1941 3466 2087 3540 παρὰ
2140 3469 2238 3520 106
2309 3465 2554 3539 Ἀλεξίου
2631 3465 2853 3539 δέσμιος
2909 3466 3137 3540 ἀπήχθη
3209 3465 3345 3540 πρὸς
3419 3463 3480 3518 τὸ
3533 3466 3638 3519 Βυ-

225 3558 462 3627 ζάντιον,
523 3553 615 3610 καὶ
664 3551 914 3632 σφοδρῶς
958 3553 1218 3616 αἶκισθείς
1275 3551 1351 3614 εἷς
1407 3551 1609 3629 πύργον
1671 3549 1892 3626 δέσμιος
1947 3553 2388 3611 κατακέκλειστο.
2449 3555 2610 3611 Σίτου
2671 3554 2727 3611 δὲ
2782 3556 3080 3632 γενομένης
3137 3551 3343 3610 ἐνδείας
3406 3553 3458 3607 ἐν
3519 3557 3637 3614 ταῖς

223 3656 464 3731 ἡμέραις
523 3656 620 3707 106
677 3650 946 3729 βασιλέως
998 3650 1244 3720 τούτου,
1304 3647 1441 3704 ὥστε
1501 3651 1574 3723 μή
1658 3649 1793 3706 ὅλον
1878 3651 2140 3725 μέδιμνον
2209 3652 2284 3715 εἷς
2361 3653 2606 3728 νόμισμα
2675 3651 3051 3726 ἀποδίδοσθαι,
3127 3650 3274 3708 ἀλλά
3351 3652 3496 3722 παρά
3552 3671 3642 3704 πι-

222 3746 432 3812 νάκιον,
465 3742 496 3797 6'
528 3741 638 3797 ἐστι
668 3739 933 3815 μεδίμνου
960 3740 1022 3795 16
1055 3739 1331 3816 τέταρτον,
1364 3737 1441 3802 εἷς
1470 3737 1754 3813 ἐπώνυμον
1784 3745 1863 3812 τῷ
1897 3741 2113 3817 βασιλεῖ
2139 3742 2202 3797 τὸ
2230 3744 2410 3798 κοινὸν
2442 3741 2770 3819 δυστύχημα
2815 3743 3176 3819 ἐχρημάτισε,
3232 3742 3306 3804 ὡς
3353 3742 3443 3796 καὶ
3473 3739 3639 3814 μέχρι

218 3840 381 3898 τοῦδε
411 3839 561 3894 οὕτω
589 3843 781 3895 τοῦτον
812 3837 1090 3895 καλεῖσθαι
1119 3836 1212 3892 τὸν
1244 3835 1464 3892 ἄνακτα·
1499 3836 1561 3893 οὐ
1590 3836 1690 3914 γάρ
1721 3859 1804 3902 τις
1834 3837 2020 3903 ἄλλως
2050 3847 2272 3916 γνωριεῖ
2299 3843 2490 3896 τοῦτον
2523 3848 2638 3907 τοῖς
2667 3842 2787 3918 περὶ
2840 3842 3004 3896 αὐτοῦ
3053 3839 3328 3917 λέγουσιν,
3361 3839 3406 3894 εἷ
3441 3841 3515 3912 μὴ
3546 3837 3638 3892 τὸν

221 3937 336 4006 Παρ
345 3928 636 3986 απινάκιον
667 3927 808 4003 εἷ’πῃ.

292 4100 394 4156 ΙΖ’.
454 4101 550 4170 Τῷ
601 4098 773 4174 τρίτῳ
831 4094 876 4151 δ’
937 4092 1044 4151 ἔτει
1098 4101 1199 4166 τῆς
1259 4094 1539 4172 βασιλείας
1599 4093 1762 4151 αὐτοῦ
1816 4095 1879 4151 16

2066 4100 2234 4157 XVII.
2265 4101 2459 4158 Tertio
2490 4118 2662 4174 porro
2695 4119 2848 4158 anno
2880 4100 3112 4174 imperii
3142 4098 3305 4155 illius
3335 4114 3481 4172 gens
3503 4101 3636 4154 Cro-

220 4193 328 4244 τῶν
365 4181 669 4263 Χροδάτων
719 4180 894 4256 ἔθνος,
947 4184 1037 4247 οὓς
1087 4181 1164 4254 δὴ
1196 4185 1285 4240 καὶ
1337 4179 1576 4259 Σέρϐους
1618 4185 1760 4248 τινὲς
1788 4206 1881 4240 κα-

1994 4193 2283 4260 vatorum,
2316 4206 2464 4262 quos
2496 4189 2765 4246 nonnulli
2796 4191 3028 4246 Servios
3058 4187 3641 4260 vocant,Bulgarium

224 4274 407 4347 106m,
441 4275 911 4346 ἐκκεκίνητο,τήν
967 4279 1074 4329 τῶν
1132 4271 1461 4351 Βουλγάρων
1525 4274 1710 4350 χώραν
1766 4273 1881 4330 ἐπι-

1995 4295 2278 4351 occupare
2311 4297 2586 4352 ageressa
2610 4284 2720 4348 est,
2753 4296 2818 4336 ac
2850 4281 3119 4351 quaedam
3152 4277 3282 4334 loca
3330 4277 3502 4348 cepit,
3543 4276 3646 4332 sed

223 4365 557 4442 κεχειρηκὸς
610 4369 938 4441 κατασχεῖν.
988 4361 1169 4419 Ἀλλὰ
1228 4364 1336 4436 μὴν
1389 4362 1480 4419 καί
1526 4384 1648 4419 τινα
1684 4363 1888 4434 ταύτης

224 4455 593 4532 κατεσχηκὸς,
624 4452 868 4516 πολλαῖς
919 4449 977 4508 δὲ
1038 4450 1241 4528 μάχαις
1299 4451 1389 4507 καὶ
1443 4457 1619 4529 φθορᾷ
1656 4451 1882 4508 πολλῶν

226 4543 584 4620 ἑκατέρωθεν,
634 4547 744 4597 τῶν
801 4563 860 4598 τε
908 4542 1334 4617 κατεσχημένων
1403 4539 1736 4613 έκπέπτωκε,
1793 4543 1885 4597 καὶ

223 4630 688 4706 καταπολεμηθέν
743 4636 852 4687 τῶν
901 4633 1222 4706 Ῥωμαϊκῶν
1284 4630 1448 4705 ὁρίων
1501 4629 1747 4706 έξώσθη,
1793 4631 1885 4687 καὶ

226 4721 301 4788 εἰς
359 4723 430 4778 τά
483 4722 710 4798 σφέτερα
763 4719 871 4792 ἤθη
931 4720 1104 4796 μένειν
1162 4719 1507 4798 ήνάγκαοτο.
1567 4720 1773 4785 Δοῦλος
1830 4717 1886 4774 δέ

221 4832 304 4874 τις
359 4815 465 4867 106
522 4811 726 4886 πατρὸς
779 4809 974 4866 τούτου
1030 4814 1128 4864 106
1201 4808 1600 4886 αὐτοκράτορος
1659 4808 1884 4886 Νέστωρ

225 4899 431 4974 ὄνομα,
487 4901 802 4976 βεστάρχης
877 4897 934 4954 66
987 4899 1051 4954 16
1121 4899 1356 4972 ἀξίωμα,
1419 4896 1541 4972 δοὺε
1601 4903 1709 4954 τῶν
1772 4905 1885 4954 [Ια-

222 4989 489 5064 ρισ-τρίων
558 4988 997 5065 προχειρισθεὶς,
1056 4988 1183 5064 ἦρεν
1245 4986 1391 5043 ὅπλα
1445 4988 1580 5044 κατά
1633 4992 1734 5042 106
1795 4989 1887 5064 βα-

221 5078 476 5143 σιλέως.
538 5077 880 5154 Ὀμαιχμίαν
956 5077 1056 5154 γὰρ
1112 5078 1339 5152 θέμενος
1405 5077 1537 5152 μετά
1593 5098 1737 5140 τινος
1795 5077 1888 5155 ἀρ-

219 5173 412 5245 χηγοῦ
463 5169 836 5237 Πατζινάκων,
897 5167 957 5230 ὃς
1023 5165 1272 5222 ὶκαλεῖτο
1331 5168 1538 5228 Τατοῦς
1567 5210 1582 5236 ,
1639 5165 1718 5229 εἰς
1785 5167 1884 5236 τὴν

217 5263 330 5313 τῶν
392 5256 616 5313 πόλεων
683 5255 1071 5332 βασιλεύουσαν
1143 5257 1522 5332 παρεγένοντο,
1580 5256 1669 5310 καὶ
1727 5276 1835 5330 παρ
1865 5288 1890 5300 -

222 5342 482 5402 ενέϐαλον
546 5347 654 5423 πρὸ
710 5345 912 5416 αὐτῆς,
965 5344 1296 5410 Καταθέσθαι
1359 5343 1417 5401 66
1471 5345 1538 5399 τὰ
1593 5343 1741 5401 ὅπλα
1788 5349 1887 5400 106

226 5434 506 5512 βασιλέως
581 5433 882 5507 δηλοῦντος
941 5434 1087 5508 αὐτῷ
1121 5479 1135 5506 ,
1193 5433 1399 5498 ἐκεῖνος
1462 5430 1684 5509 ἕτοιμος
1753 5435 1964 5540 εἶναιῡ

223 5531 388 5582 10610
419 5533 650 5596 ποιῆσαι
706 5523 910 5601 ἔλεγεν,
944 5525 989 5580 εἰ
1033 5523 1180 5598 αὐτῷ
1209 5526 1238 5581 6
1284 5522 1582 5602 λογοθέτης
1639 5520 1884 5597 ἰκδοθείη

227 5616 550 5694 Νικηφόρος
583 5658 598 5686 ,
659 5613 695 5685 ἢ
751 5613 889 5679 τέως
942 5613 1002 5671 ἐκ
1057 5615 1222 5689 μέσου
1277 5615 1536 5692 γένηται,
1597 5614 1673 5676 ὡς
1727 5616 1885 5686 κοινή

235 5705 487 5784 συμφορά
567 5705 659 5761 καὶ
727 5705 894 5762 κακὸν
979 5701 1273 5780 ἐπιδήμιον
1310 5748 1324 5765 .
1408 5707 1584 5764 Τοῦτο
1655 5701 1714 5760 66
1789 5708 1887 5761 106

1995 4367 2198 4424 multis
2231 4368 2445 4440 praeliis
2477 4368 2666 4436 factis,
2705 4368 2910 4423 multis
2959 4367 3240 4438 utrinque
3291 4365 3478 4433 caesis,
3518 4367 3646 4420 tum

1995 4456 2069 4512 iis
2099 4458 2332 4526 excidit,
2366 4475 2492 4530 quis
2522 4461 2813 4529 tenuerat,
2846 4462 2974 4512 tum
3006 4457 3257 4525 devicta,
3283 4459 3338 4510 et
3387 4454 3649 4510 Romana

1996 4545 2217 4603 ditione
2246 4546 2507 4620 expulsa,
2543 4546 2602 4602 in
2631 4564 2772 4603 suas
2826 4546 3014 4602 redire
3063 4545 3232 4600 sedes
3278 4545 3481 4598 coacta
3536 4545 3647 4598 est.

1994 4642 2208 4694 Servus
2235 4653 2406 4709 porro
2425 4637 2666 4708 quidam
2705 4640 2984 4708 paternus
3008 4631 3403 4705 imperatoris,
3439 4634 3650 4686 Nestor

1996 4726 2258 4794 nomine,
2292 4725 2576 4797 dignitate
2607 4723 2961 4794 vestarcbes,
2995 4724 3138 4794 ripae
3170 4719 3304 4776 lstri
3346 4719 3465 4774 dux
3491 4717 3648 4774 desi-

1995 4819 2231 4889 gnatus,
2265 4832 2430 4870 arma
2457 4819 2663 4870 contra
2692 4813 2861 4870 illum
2895 4813 3069 4885 cepit,
3111 4815 3169 4866 et
3214 4808 3649 4882 conspiratione

1995 4921 2129 4960 cum
2163 4905 2417 4975 quodam
2443 4903 2880 4958 Patzinacarum
2914 4903 3060 4957 duce
3089 4901 3234 4955 Tato
3263 4897 3430 4967 inita,
3457 4902 3648 4955 castra

1996 4997 2132 5049 ante
2164 4992 2371 5047 urbem
2405 4991 2842 5063 imperatricem
2876 4989 3097 5062 posuit.
3145 4988 3402 5044 Monitus
3450 4992 3647 5043 autem

1997 5080 2069 5136 ab
2100 5079 2471 5150 imperatore,
2506 5082 2572 5134 ut
2601 5078 2674 5134 ab
2706 5078 2889 5134 armis
2921 5077 3268 5145 discederet,
3290 5075 3348 5130 id
3367 5091 3429 5130 se
3456 5074 3647 5130 factu-

1996 5185 2128 5224 rum
2163 5168 2488 5240 respondit,
2520 5167 2569 5222 si
2601 5166 2899 5240 logotheta
2924 5165 3288 5238 Nicephorus
3334 5161 3647 5234 republica:

1997 5257 2180 5331 pestis
2211 5262 2269 5313 et
2301 5257 2498 5314 clades
2531 5255 2753 5329 populi,
2797 5255 2911 5312 sibi
2964 5255 3052 5311 vel
3103 5255 3428 5322 dederetur,
3481 5251 3564 5306 vel
3615 5267 3648 5306 θ

1998 5349 2190 5404 medio
2222 5348 2542 5403 excederet.
2579 5347 2653 5401 Eo
2680 5347 2750 5402 ab
2784 5347 3136 5418 imperatore
3168 5347 3396 5415 negato,
3445 5339 3649 5396 relicta

1998 5438 2165 5509 urbe,
2182 5436 2490 5492 Thraciam
2514 5439 2572 5492 et
2590 5434 2984 5492 Macedoniam
3011 5439 3067 5491 et
3089 5433 3181 5490 his
3213 5431 3466 5487 finitima
3507 5429 3647 5485 Bul-

1996 5526 2168 5601 gariaa
2199 5525 2327 5583 loca
2369 5525 2686 5600 praedatus,
2745 5525 2819 5581 ad
2876 5524 3221 5581 Patzinacas
3279 5536 3342 5576 se
3397 5517 3641 5575 confert.

1997 5616 2243 5674 Michael
2273 5615 2464 5671 ﬁlium
2495 5631 2564 5672 ex
2591 5614 2775 5674 Maria
2820 5615 3024 5685 Alana,
3084 5628 3262 5685 quam
3311 5611 3642 5684 Augustam

1997 5705 2342 5778 appellarat,
2399 5709 2764 5778 susceptum,
2822 5703 3274 5763 Constantinum
3331 5700 3404 5758 ob
3455 5697 3641 5773 patris
