4036 6206
370 267 488 329 283
1719 259 2051 325 JOANNIS
2097 259 2437 321 ZONABIE
3639 259 3745 321 281

365 400 712 458 memoriam
745 402 989 468 vocavit,
1021 405 1078 457 et
1106 400 1338 473 imperii
1366 398 1703 470 insignibus
1735 398 2012 453 adornato

2136 393 2397 468 βασιλέως
2451 395 2526 466 μή
2575 396 2860 454 ποιοῦντος
2895 435 2910 466 ,
2942 392 3294 447 ἀπανίσταται
3357 391 3449 464 μὶν
3503 399 3600 462 τῆς
3655 396 3748 448 πό-

367 489 784 561 Longobardias
816 491 986 547 ducis
1017 491 1252 547 Roberti
1307 490 1491 544 filiam
1545 485 1878 560 despondit,
1927 484 2021 540 cui

2136 480 2292 550 λεως,
2319 483 2386 536 τὰ
2414 485 2636 558 Θρᾳκῶν
2670 478 2729 536 δὲ
2770 482 2857 536 καὶ
2908 483 2975 536 τά
3025 478 3342 536 Μακεδόνων
3373 478 3632 553 ληΐζεται,
3667 485 3748 536 καὶ

370 581 634 636 abductae
682 597 893 635 nomen
953 579 1182 635 Helena:
1240 578 1472 634 indidit.
1535 581 1614 633 Ea
1671 579 2021 648 tempestate

2136 573 2228 626 ὅσα
2255 571 2468 633 τούτοις
2495 578 2594 641 τῆς
2637 569 2975 647 Βουλγαρίας
3016 571 3388 646 παράκεινται,
3433 570 3520 624 καὶ
3561 571 3632 632 εἷς
3659 572 3747 639 τὴν

371 669 630 741 Byzantii
664 668 816 724 289
850 686 994 740 puer
1020 667 1193 723 nalus
1252 666 1508 738 caprinis
1567 665 1838 737 pedibus,
1902 681 2019 719 uno

2136 667 2236 715 τῶν
2261 662 2604 730 Πατζινάκων
2661 665 2990 736 μεταχωρεῖ.
3041 661 3168 713 Υἱοῦ
3216 657 3272 714 δὲ
3309 657 3591 733 τεχθέντος
3619 660 3751 732 αὐτῷ

373 759 544 814 oculo
577 759 637 812 in
671 759 859 812 fronte
884 758 1162 828 praeditus
1188 755 1460 812 Barbarie
1483 761 1679 811 autem
1721 755 2018 809 Orientem

371 847 760 915 vastantibus,
791 851 846 900 et
879 847 1077 900 obvios
1102 861 1366 917 quosque
1392 846 1540 900 ferro
1565 843 2020 911 trucidantibus,

372 935 573 991 Asiani
643 934 1213 1006 ConstantinOpolim
1300 935 1711 1006 confugerunt.
1779 933 2023 988 Nemine

371 1029 568 1081 autem
602 1024 823 1078 bonum
856 1022 1159 1094 publicum
1207 1029 1450 1079 curante
1500 1024 1659 1094 (nam
1707 1023 2024 1094 imperator

367 1111 584 1168 studiis
607 1128 839 1178 vacans,
863 1111 1092 1168 iambos
1115 1112 1367 1168 scribere
1391 1130 1422 1168 a
1444 1111 1633 1168 Psello
1683 1110 2021 1180 docebatur)

371 1201 627 1256 urbanos
649 1218 895 1256 annonae
920 1201 1160 1273 penuria
1179 1218 1440 1273 premere
1462 1201 1845 1272 ccepit,quam
1868 1199 2021 1255 cala-

373 1290 639 1345 mitatem
659 1295 724 1344 ut
749 1290 1078 1346 evidentius
1099 1295 1154 1345 et
1178 1291 1432 1346 atrocius
1458 1289 1766 1354 declarem,
1800 1289 1856 1343 id
1899 1305 2020 1342 ma-

371 1378 497 1434 lum
529 1380 711 1434 fames
771 1379 898 1449 fuit,
961 1395 1086 1434 eam
1148 1380 1325 1449 pestis
1385 1379 1797 1434 comitabatur.
1858 1376 2022 1433 Unde

371 1467 679 1522 hominum
729 1467 1004 1522 interitus
1065 1472 1262 1522 tantus
1323 1472 1380 1522 et
1427 1473 1544 1522 tam
1607 1467 1876 1536 frequens
1933 1468 2023 1520 est

370 1561 746 1623 consecutus,
801 1561 866 1610 ut
922 1556 1180 1611 viventes
1240 1556 1622 1611 morientibus
1671 1553 2022 1624 sepeliendis

371 1649 572 1700 essent
603 1644 878 1716 impares.
913 1645 1022 1699 Tot
1054 1645 1210 1699 enim
1244 1645 1532 1716 peribant,
1572 1649 1636 1698 ut
1666 1660 1818 1714 saepe
1851 1641 2021 1697 multi

2131 749 2190 804 ἐκ
2208 757 2307 819 τῆς
2339 749 2389 820 ἐξ
2423 749 2668 805 Ἀλανῶν
2717 748 2951 824 Μαρίας,
2991 750 3053 818 ἣν
3083 748 3173 802 καὶ
3218 747 3528 822 βασίλισσαν
3562 745 3750 822 ἔστεφε,

2131 845 2530 894 Κωνσταντῖνον
2583 839 2740 893 αὐτὸν
2781 839 3058 911 ὠνόμασεν
3089 836 3177 892 ἐπὶ
3223 841 3304 908 τῷ
3332 838 3514 912 πατρὶ,
3544 837 3629 890 καὶ
3662 838 3750 911 βα-

2131 927 2361 991 σιλικῶς
2409 927 2704 998 ἐταινίωσε,
2755 926 2845 981 καὶ
2895 925 3111 989 στείλας
3159 927 3296 1000 πρὸς
3327 925 3416 980 τὸν
3466 920 3754 1001 Λογγιϐαρο

2132 1013 2246 1078 δίας
2272 1016 2674 1092 ἡγεμονεύοντα
2719 1017 3072 1091 Ῥομπὲρτον,
3121 1016 3220 1084 τὴν
3275 1012 3480 1069 ἐκείνου
3510 1016 3757 1088 θυγατὲρα

2127 1109 2205 1176 τῷ
2255 1107 2358 1177 υἱῷ
2406 1103 2828 1178 ἐμνηστεύσατο,
2879 1103 2945 1174 ἥν
2977 1103 3067 1158 καὶ
3115 1102 3376 1178 ἀχθεῖσαν
3415 1099 3624 1172 Ἐλὲνην
3652 1104 3755 1175 (92)

2135 1193 2538 1266 μετωνόμασεν.
2619 1192 2850 1268 Ἐτὲχθη
2927 1190 2985 1246 δὲ
3057 1191 3181 1246 τότε
3258 1189 3312 1245 ἓν
3364 1194 3444 1262 τῷ
3499 1191 3756 1262 Βυζαντίῳ

2128 1280 2343 1336 παιδίον
2427 1279 2516 1337 ἕνα
2585 1277 2713 1357 ἕχον
2797 1283 2932 1336 κατά
3014 1280 3078 1336 τὸ
3137 1281 3390 1353 μέτωπον
3470 1276 3756 1356 ὀφθαλμὸν,

2127 1370 2485 1447 τραγοσκελὲς
2519 1413 2531 1427 .
2591 1374 2714 1427 Τῶν
2799 1371 2983 1443 μέντοι
3061 1364 3354 1444 Βαρϐάρων
3428 1369 3525 1436 τὴν
3601 1368 3754 1439 Ἐῲαν

2131 1459 2474 1532 ληϊζομὲνων
2529 1502 2543 1528 ,
2592 1459 2680 1514 καὶ
2754 1462 2836 1521 οἷς
2907 1457 3183 1532 ἐντύχοιεν
3260 1454 3417 1533 ἔργον
3487 1454 3756 1528 τιθεμένων

2133 1549 2434 1624 μαχαίρας,
2493 1548 2784 1627 φεύγοντες
2839 1549 2890 1602 οὶ
2950 1549 3190 1604 Ἀσιανοὶ
3244 1549 3315 1619 τῇ
3381 1545 3755 1602 Κωνσταντίνου

2129 1637 2431 1714 προσῄεσαν
2465 1681 2478 1694 .
2549 1640 2640 1708 Μὴ
2700 1659 2844 1700 τινος
2894 1634 2952 1692 δὲ
2997 1635 3408 1712 προνοουμένου
3457 1638 3564 1689 τῶν
3614 1637 3755 1706 κοινῇ

367 1732 429 1787 in
452 1749 568 1787 uno
595 1732 808 1788 lectulo
839 1733 1202 1800 efferrentur,
1246 1732 1413 1787 multi
1456 1733 1514 1786 in
1544 1731 1711 1787 biviis
1739 1731 2017 1803 insepulti

2136 1727 2510 1827 συμφερόνξων
2569 1729 2622 1801 (ὁ
2649 1729 2750 1803 γὰρ
2785 1725 3040 1802 βασιλεὺς
3060 1725 3184 1800 περὶ
3233 1723 3435 1827 λόγους
3463 1721 3754 1827 ἡσχόλητο,

360 1821 644 1893 jacerent.
680 1824 868 1888 Quare
900 1838 1030 1876 cum
1063 1821 1169 1876 hac
1200 1822 1270 1876 de
1301 1838 1501 1888 causa,
1536 1827 1660 1876 tum
1684 1821 1756 1876 ob
1784 1821 2018 1891 iniquas

370 1910 700 1966 exactiones
732 1911 931 1965 omnia
978 1909 1138 1965 luctu
1195 1916 1252 1966 et
1309 1927 1555 1965 maerore
1614 1909 1785 1981 plena
1832 1913 2018 1974 erant,

372 1999 452 2054 Eo
484 2015 679 2053 rerum
711 2003 892 2066 statu,
926 1998 1311 2054 Orientalium
1367 2003 1677 2071 praetorum
1728 1997 2022 2070 principes

375 2087 757 2143 defectionem
787 2089 1200 2159 parturientes.
1235 2087 1624 2160 Nicephorum
1658 2087 2022 2143 Botaniatem

375 2175 767 2247 curopalatem
803 2175 1109 2246 praelatum
1158 2175 1401 2242 emeris,
1463 2177 1873 2248 imperatorem
1928 2192 2022 2231 sa-

371 2264 585 2320 lutant.
637 2264 697 2320 Id
755 2263 1092 2320 Michaclem
1153 2264 1612 2336 perturbationis
1671 2269 1726 2320 et
1783 2264 2022 2320 terroris

375 2353 708 2424 complevit.
742 2353 1069 2409 Canebatur
1112 2354 1269 2410 enim
1323 2354 1575 2408 litteram
1606 2354 1652 2408 N
1684 2354 1802 2409 fore
1851 2371 2024 2425 supe-

374 2444 587 2498 riorem
621 2441 818 2498 littera
839 2447 910 2498 M.
938 2443 1075 2498 Erat
1097 2447 1292 2499 autem
1308 2443 1645 2498 Botaniates
1662 2444 1816 2498 claro
1851 2449 2023 2499 natus

375 2547 610 2606 genere,
632 2533 806 2602 atque
837 2549 870 2586 a
892 2531 1086 2588 Phoca
1109 2533 1395 2604 originem
1435 2534 1645 2588 ducere
1685 2533 2021 2604 putabatur.

374 2623 697 2691 Imperator
717 2619 894 2691 igitur
921 2636 1022 2690 per
1049 2621 1466 2676 caduceatores
1489 2621 1709 2693 ingenti
1736 2621 2027 2693 promissa

379 2708 648 2781 pecunia,
685 2726 716 2762 a
745 2707 950 2762 Turcis
982 2708 1144 2778 petit,
1178 2714 1242 2764 ut
1271 2709 1578 2765 seditiosos
1611 2711 1722 2765 sibi
1775 2710 2023 2765 tradant.

385 2797 720 2852 Botaniates
751 2802 946 2852 autem
978 2797 1376 2868 imperatorio,
1430 2804 1491 2853 ut
1538 2798 1756 2853 dictum
1803 2804 1913 2866 est,
1971 2803 2029 2853 et

385 2883 620 2939 nomine
641 2888 699 2939 et
725 2883 928 2938 habitu
965 2889 1266 2957 usurpato,
1319 2887 1656 2958 Byzantium
1704 2888 2025 2942 contendit.

383 2973 496 3028 Sed
519 2977 575 3028 et
595 2973 666 3028 ab
689 2972 994 3028 Occidente
1012 2973 1125 3029 alia
1147 2974 1452 3046 seditionis
1490 2980 1810 3047 tempestas
1851 2977 2028 3032 exsti-

381 3062 474 3117 tit.
501 3062 644 3119 Nam
668 3062 1030 3133 Nicephorus
1053 3065 1333 3136 Bryenius
1370 3065 1663 3138 Dyrrachii
1716 3066 1853 3135 dux,
1889 3082 2022 3121 cum

381 3150 495 3207 sibi
514 3150 853 3223 abrogatam
877 3167 1005 3206 esse
1025 3151 1370 3223 dignitatem
1394 3153 1785 3225 cognovisset,
1814 3159 1871 3211 et
1901 3155 2024 3227 ipse

381 3239 597 3308 deficit,
627 3240 860 3312 imperii
905 3240 1237 3311 insignibus
1293 3243 1562 3316 arreptis,
1614 3248 1672 3299 et
1725 3243 2024 3316 legionum

382 3344 529 3400 quas
555 3328 635 3384 ibi
661 3328 914 3385 habebat
943 3331 1206 3386 custodia
1240 3333 1529 3402 munitus,
1591 3333 2026 3406 Adrianopolim

379 3417 544 3489 petit,
581 3418 732 3473 unde
764 3424 927 3474 ortus
948 3424 1105 3476 erat:
1133 3420 1230 3474 ubi
1258 3421 1434 3476 fratre
1463 3421 1687 3478 Joanne
1720 3423 2025 3494 adjuncto,

381 3508 438 3560 et
467 3503 754 3560 militibus
785 3506 1105 3577 gentilibus
1137 3511 1194 3563 et
1226 3507 1644 3564 Macedonibus
1695 3509 1900 3566 multis
1954 3511 2027 3566 ad

380 3609 444 3650 se
472 3591 756 3665 pellectis,
774 3596 1144 3666 tyrannidem
1169 3597 2028 3668 auspicatur.Theodorocanus

382 3686 581 3738 autem
613 3699 748 3738 cum
781 3690 944 3756 parte
993 3685 1295 3758 copiarum
1350 3686 1508 3743 illius
1564 3703 1918 3760 congressus
1973 3693 2030 3745 et

379 3771 637 3828 vincitur
664 3777 723 3828 et
751 3773 999 3842 capitur.
1062 3775 1213 3840 Quin
1271 3778 1328 3830 et
1383 3775 1694 3832 Baedestini
1753 3782 1809 3833 et
1862 3777 2029 3834 Panii

382 3860 587 3916 incola:
628 3861 700 3916 ad
759 3862 1072 3934 Bryenium
1133 3863 1560 3922 confluxerunt.
1616 3866 1818 3937 Itaque
1866 3867 2030 3923 defe-

383 3947 636 4004 ctionem
668 3951 897 4006 naviter
926 3967 1162 4023 urgens,
1197 3953 1434 4008 fratrem
1493 3954 1889 4026 curopalatem
1930 3957 2029 4012 de-

385 4037 687 4108 signatum
718 4055 853 4093 cum
887 4039 1070 4111 copiis
1127 4041 1470 4113 Byzantium
1521 4043 1704 4110 misit,
1753 4044 1923 4116 quasi
1972 4045 2031 4102 id

388 4125 592 4182 statim
615 4131 893 4198 capturus
913 4135 1085 4184 esset.
1112 4130 1251 4184 Eam
1275 4131 1428 4186 enim
1453 4149 1617 4203 spem
1663 4132 1875 4202 alebat,
1907 4151 1970 4190 se
2000 4152 2035 4190 a

389 4218 599 4271 senatu
625 4218 745 4270 tam
777 4232 845 4272 ex
871 4216 1176 4289 logothetas
1206 4217 1511 4292 Nicephori
1544 4220 1694 4293 odio,
1728 4240 1903 4294 quam
1959 4224 2032 4281 ob

391 4303 1162 4378 Michaelissimplicitatem,
1196 4308 1380 4365 obviis
1402 4309 1578 4381 (quod
1609 4311 1844 4385 dicitur)
1879 4313 2034 4370 ulnis

390 4399 733 4466 susceptum
768 4394 859 4450 iri.
890 4396 1107 4452 Verum
1139 4398 1293 4454 290
1324 4415 1415 4453 res
1447 4398 1528 4453 illi
1562 4415 1678 4455 non
1735 4417 1804 4457 ex
1849 4403 2033 4458 animi

2129 1818 2218 1872 καὶ
2282 1811 2514 1889 ἰάμϐους
2560 1815 2859 1879 συντιθέναι
2905 1816 3042 1891 πρὸς
3088 1817 3185 1868 τοῦ
3224 1811 3456 1867 Ψελλοῦ
3499 1808 3757 1866 ἐδιδάσκε-

2129 1907 2234 1978 το),
2269 1902 2505 1960 σιτοδεία
2550 1904 2676 1966 τοὺς
2717 1904 2768 1958 ἒν
2819 1909 2886 1978 τῇ
2935 1903 3095 1958 πόλει
3147 1901 3378 1970 ἐπίεζεν.
3429 1903 3546 1956 ’Ὶνα
3593 1897 3635 1955 δ’
3679 1900 3755 1956 ἐκ·

2132 1995 2527 2073 φαντικώτερον
2585 1995 2648 2048 τὸ
2705 1993 2876 2057 πάθος
2933 1988 3439 2068 ἐκτραγῳδήσαιμι,
3493 1989 3650 2063 λιμὸς
3697 1991 3755 2058 ἦν

2132 2080 2378 2156 ἄντικρυς
2407 2083 2468 2137 τὸ
2495 2083 2682 2150 κακὸν,
2709 2086 2788 2154 τῷ
2832 2079 2890 2136 δὲ
2932 2079 3222 2155 παρείπετο
3263 2078 3359 2133 καὶ
3408 2078 3625 2151 λοιμὸς,
3668 2079 3759 2133 κάκ

2129 2173 2326 2227 τούτου
2359 2166 2666 2226 συνέϐαινον
2720 2170 2958 2239 θάνατοι,
3007 2168 3096 2224 καὶ
3141 2167 3292 2223 οὗτοι
3345 2167 3536 2242 συχνοί
3580 2188 3634 2222 τε
3679 2168 3757 2221 καὶ

2133 2259 2557 2331 ἀλλεπάλληλοί
2592 2305 2605 2331 ,
2657 2259 2793 2315 ὥστε
2859 2256 3135 2313 ἀδυνατεῖν
3194 2255 3328 2318 τοὺς
3385 2261 3584 2324 ζῶντας
3630 2258 3756 2334 ταφῇ

2131 2347 2487 2425 παραδιδόναι
2532 2347 2666 2404 τοὺσ
2720 2350 3084 2418 θνήσκοντας.
3141 2348 3414 2402 Τοσοῦτοι
3463 2345 3565 2419 γὰρ
3615 2345 3756 2415 ἦσαν,

2133 2440 2206 2500 ὡς
2237 2437 2505 2500 πολλάκις
2560 2435 2808 2498 πολλοὺς
2852 2435 2902 2490 ἐν
2957 2439 3054 2509 μιᾷ
3081 2432 3242 2508 κλίνῃ
3297 2431 3628 2509 ἐκφέρεσθαι,
3673 2432 3755 2486 κάν

2132 2533 2252 2589 ταῖς
2280 2525 2553 2606 ἀμφόδοις
2603 2524 2660 2580 δὲ
2705 2526 2940 2603 ἀτάφους
2991 2529 3196 2587 κεῖσθαι
3250 2519 3525 2580 πολλούς.
3571 2523 3759 2579 Ἐντεῦ-

2135 2629 2219 2680 θεν
2279 2619 2452 2672 πάντα
2507 2615 2802 2693 κατηφείας
2864 2612 3180 2687 μεμὲστωτο
3230 2609 3325 2667 διά
3369 2633 3429 2667 τε
3474 2615 3654 2678 ταῦτα,
3681 2610 3758 2665 καὶ

2135 2706 2216 2761 ὅτι
2273 2706 2363 2761 καὶ
2412 2703 2618 2767 ἀδίκοις
2674 2703 3005 2779 είσπράξεσιν
3065 2701 3311 2771 ἰπιέζετο
3368 2701 3431 2755 τὸ
3491 2701 3757 2771 ὑπήκοον.

2135 2796 2292 2854 Οὕτω
2335 2793 2392 2850 δὲ
2446 2798 2554 2848 τῶν
2613 2791 2941 2868 πραγμάτων
3003 2790 3265 2867 ἑχόντων,
3328 2791 3382 2845 οἱ
3436 2794 3542 2844 τῶν
3594 2788 3758 2860 Ἐῴων

2137 2884 2414 2960 ἀρχόντων
2513 2881 2842 2958 προέχοντες
2874 2923 2887 2949 ,
2973 2877 3326 2942 συνελθόντες
3355 2921 3370 2946 ,
3457 2877 3759 2933 ἀποστασίαν

2138 2971 2446 3044 ὡδίνησαν,
2501 2971 2592 3026 καὶ
2657 2971 2747 3025 τὸν
2823 2967 3241 3042 κουροπαλάτην
3323 2967 3638 3046 Νικηφόρον
3683 2968 3764 3021 τὸν

2143 3063 2498 3132 Βοτανειάτην
2531 3061 2606 3122 είς
2656 3058 2882 3136 βασιλέα
2927 3055 3246 3132 προείλοντο
3286 3057 3380 3112 καὶ
3423 3057 3762 3131 ἀνηγόρευσαν

2136 3150 2506 3226 αὐτοκράτορα
2539 3191 2553 3204 .
2598 3153 2766 3203 Τοῦτο
2818 3148 2911 3202 τὸν
2973 3145 3203 3223 βασιλέα
3257 3148 3375 3220 (93)
3421 3142 3648 3222 θορύϐου
3684 3144 3762 3199 καὶ

2137 3240 2290 3304 δὲους
2330 3238 2674 3315 ἐπλήρωσεν.
2724 3236 2918 3306 ’ᾙδετο
2969 3235 3072 3311 γὰρ
3123 3235 3197 3298 ὡς
3248 3236 3600 3311 ὑπερτερήσει
3649 3233 3764 3289 ποτὶ

2133 3336 2231 3388 τοῦ
2262 3337 2312 3387 Μ
2360 3328 2638 3404 στοιχείου
2694 3328 2758 3382 τὸ
2816 3333 2878 3381 Ν.
2931 3331 3029 3382 Ἠν
3091 3323 3149 3380 δὲ
3201 3330 3313 3380 τῶν
3373 3321 3762 3402 εὐπατριδῶνὸ

2139 3421 2516 3490 Βοτανειάτης,
2576 3417 2636 3472 ἐκ
2690 3421 2783 3471 τοῦ
2843 3415 3012 3470 Φωκά
3064 3416 3164 3484 τὴν
3221 3419 3321 3469 τοῦ
3370 3414 3558 3490 γένους
3601 3411 3760 3469 ἕλκειν

2136 3510 2313 3586 σειρὰν
2383 3506 2739 3582 νομιζόμενος
2815 3507 2929 3579 (94)
2983 3548 2998 3562 .
3079 3504 3530 3579 Διακηρυκεύεται
3599 3502 3760 3558 τοίνυν

2135 3599 2270 3674 πρὸς
2319 3595 2447 3658 τοὺς
2503 3593 2774 3669 Τούρκους
2819 3593 2846 3646 ὁ
2900 3589 3174 3666 βασιλεὺς,
3208 3589 3377 3664 ἀδράς
3411 3591 3594 3652 αὐτοῖς
3618 3589 3762 3662 ἐπαγ-

2135 3686 2436 3763 γελόμενος
2487 3682 2712 3757 δωρεὰς,
2745 3681 2812 3751 εί,
2856 3679 2985 3745 τοὺς
3030 3679 3510 3751 ἀποστατήσαντας
3557 3677 3764 3754 συσχόνο

2133 3798 2241 3844 τες,
2298 3771 2590 3850 παραδοῖεν
2647 3770 2794 3844 αὐτῷ
2827 3812 2840 3826 .
2895 3771 2957 3828 Ὁ
3015 3771 3110 3843 μὲν
3168 3767 3258 3823 οὖν
3322 3768 3668 3838 Βοτανειάτης
3717 3765 3762 3836 ἐξ

2134 3867 2334 3938 Ἐῲας,
2369 3864 2442 3925 ὡς
2489 3858 2724 3938 εἷ’ρηται,
2779 3857 3055 3936 βασιλείας
3105 3857 3254 3931 αύτῷ
3302 3858 3647 3934 περιθέμενος
3684 3854 3764 3909 καὶ

2139 3961 2332 4030 σχῆμα
2385 3949 2475 4007 καὶ
2518 3947 2712 4024 ὄνομα,
2764 3947 2952 4025 ἐφοίτα
3007 3949 3143 4024 πρὸς
3207 3948 3268 4002 τὸ
3327 3945 3636 4018 Βυζάντιον.
3690 3943 3766 4014 Ἐξ

2137 4044 2399 4118 Ἑσπερας
2461 4038 2503 4095 δ’
2559 4037 2710 4103 αὖθις
2785 4037 2966 4110 ἐτέρας
3042 4037 3369 4101 ἀποστασίας
3444 4034 3763 4109 ἰπεκυμάνθη

2138 4129 2467 4187 κλυδώνιον.
2525 4131 2586 4187 Ὀ
2625 4128 2722 4204 γὰρ
2766 4124 3032 4203 πρόεδρος
3087 4127 3408 4202 Νικηφόρος
3457 4127 3486 4180 ὁ
3532 4122 3769 4202 Βρυένιος

2142 4220 2265 4295 δοὺξ
2322 4218 2629 4297 Δυρῥαχίου
2681 4215 2988 4293 τυγχάνων,
3047 4215 3160 4271 ἐπεὶ
3209 4217 3516 4289 μεμαθήκει
3565 4213 3767 4289 ἀφαιρε-

2143 4310 2251 4377 θεὶς
2283 4311 2380 4380 τὴν
2432 4308 2638 4384 ἀρχὴν,
2679 4305 2960 4382 ἀφίσταται
3013 4304 3103 4359 καὶ
3154 4303 3336 4373 αὐτὸς,
3386 4305 3476 4359 καὶ
3522 4299 3768 4377 περιβάλ-

2143 4400 2294 4457 λεται
2351 4397 2418 4453 τά
2469 4403 2571 4466 τῆς
2633 4393 2913 4470 βασιλείας
2961 4393 3301 4470 παράσημα,
3357 4394 3448 4447 καὶ
3504 4398 3617 4455 τοῖς
3672 4389 3770 4445 ἐκεῖ

388 4484 682 4541 sententia
701 4491 1027 4542 cesserunt.
1046 4490 1194 4543 Nam
1218 4487 1258 4541 ii
1283 4504 1430 4559 quos
1467 4487 1728 4559 miserat,
1761 4489 2026 4549 Blachcr-

2139 4493 2368 4567 παροῦσι
2429 4483 2904 4563 δορυφορούμενος
2946 4481 3238 4558 τάγμασιν,
3291 4481 3368 4545 εἷς
3417 4483 3516 4552 τὴν
3565 4478 3767 4544 Ἃδθια-

387 4589 599 4629 narum
631 4575 847 4631 mmnia
888 4575 1098 4644 adorti,
1154 4575 1302 4632 levia
1359 4576 1592 4648 quidem
1638 4579 1839 4649 praelia
1882 4581 2033 4638 fece-

387 4668 549 4732 runt,
580 4665 682 4720 sed
712 4664 860 4721 nihil
892 4664 1284 4738 profecerunt.
1320 4664 1482 4722 Unde
1529 4682 1633 4738 per
1684 4674 1923 4740 pontem
1971 4671 2033 4727 in

2143 4574 2406 4634 νούπολιν
2463 4572 2629 4648 ἀπῄει
2661 4618 2678 4646 ,
2731 4573 2820 4649 άφ⁶
2875 4573 3050 4648 ἧσπερ
3107 4571 3198 4626 καὶ
3256 4568 3506 4646 ὥρμητο.
3560 4569 3645 4625 καὶ
3698 4570 3768 4639 τῷ

2145 4666 2365 4744 ἀδελφῷ
2391 4665 2612 4740 Ἰωάννῃ
2661 4661 2772 4719 ἐκεῖ
2821 4661 3056 4734 ἱνωθεῖς,
3102 4659 3314 4732 πλῆθός
3345 4681 3404 4717 τε
3444 4661 3764 4735 στρατιωτῶν

1665 4814 1870 4878 Variae
1901 4815 2200 4880 lectiones
2229 4817 2291 4876 et
2318 4817 2507 4874 notae.

462 4939 578 5012 (92)
609 4938 840 5008 Ἑλένην.
875 4943 1120 5001 Consule
1150 4944 1331 5000 Notas
1386 4952 1618 5004 nostras
1675 4949 1748 5006 ad
1805 4954 2034 5009 Annam

395 5009 794 5088 Co’mmegnam,
833 5032 886 5088 p.
919 5019 1046 5083 229,
1068 5018 1202 5088 233,
1222 5017 1353 5072 234.

464 5085 575 5166 (92)
609 5082 784 5166 T0530
814 5082 911 5166 {ei
938 5082 1568 5166 (insultathuinetiam
1605 5092 1778 5166 tradit
1834 5095 2034 5166 Lupus

387 5158 808 5229 Prostospatha
838 5158 1202 5226 Michaelem,
1252 5161 1452 5216 audita
1492 5162 1805 5219 Botaniatze
1849 5158 2035 5221 rebel-

388 5227 563 5304 lione,
598 5227 824 5286 venisse
854 5231 913 5286 in
960 5233 1232 5304 Apuliam
1291 5250 1429 5288 ann.
1473 5233 1610 5289 1080
1653 5241 1711 5290 et
1753 5238 2035 5294 auxilium

390 5302 630 5371 petiisse
660 5320 694 5360 a
732 5305 980 5360 Roberte
1013 5302 1356 5361 'Guiseardo
1415 5304 1561 5360 duce
1617 5312 1816 5364 contra
1871 5325 2037 5365 eum-

390 5375 921 5499 dejmtBotaniatam
949 5393 962 5431 :
999 5378 1154 5447 quod
1189 5385 1340 5433 certe
1370 5376 1738 5436 simillimum
1765 5397 1896 5438 vero
1919 5399 2034 5438 non

390 5461 446 5499 v1
493 5463 521 5499 e
553 5463 638 5499 ur.

390 5461 638 5502 νιαθιυιι.

461 5517 573 5588 (94)
603 5517 850 5592 Έκ-του
911 5521 1080 5572 Φωκᾶ
1133 5517 1233 5592 τὴν
1291 5521 1388 5592 τοῦ
1442 5518 1636 5592 γένους
1691 5517 1869 5576 ἕλκειν
1923 5543 2036 5578 σει-

392 5585 486 5663 ρὰν
539 5585 921 5664 νομιζόμενος.
983 5597 1063 5648 Ex
1147 5585 1354 5649 Phocis
1435 5585 1617 5665 igitur
1699 5595 2035 5655 Botaniates

2143 4946 2430 5005 natalium
2462 4945 2748 5018 originem
2779 4943 3129 5018 arcessebat,
3165 4956 3594 5018 quorum_gens
3647 4952 3768 5009 per-

2143 5019 2398 5094 illustris
2441 5012 2879 5094 fuit,'_ut__qua:
2931 5012 3369 5094 impera_torem__
3397 5012 3768 5094 Nicephorum

2145 5093 2401 5164 Phocam
2433 5081 2852 5164 protuleritfet
2881 5104 2950 5144 ex
2997 5081 3064 5144 ἑο
3111 5087 3277 5164 vi_ros_
3315 5081 3693 5164 dignitatibus
3718 5081 3769 5133 et

2145 5163 2358 5220 bellica
2375 5156 2549 5217 laude
2569 5156 2835 5231 eximios,
2858 5175 3108 5232 quarum
3131 5159 3319 5232 elogia
3339 5156 3769 5232 perstrinximus

2146 5237 2206 5292 in
2238 5236 2491 5291 Familiis
2538 5234 2796 5311 Augustis
2821 5229 3190 5311 '_I_3_'yz.antinis,
3226 5229 3342 5303 qua
3371 5229 3601 5311 quidem
3626 5234 3766 5311 tem:-

2144 5313 2367 5380 pestate
2399 5297 2679 5380 Φωκάδῶν
2709 5297 2991 5380 familiam
3025 5297 3265 5380 summa-
3292 5297 3547 5380 potentia
3576 5297 3642 5380 ad
3673 5308 3771 5350 sua

2144 5369 2334 5450 usque
2363 5384 2625 5454 tempore.
2655 5377 2925 5454 ﬂoruisse
2952 5380 3204 5454 testatu_r
3231 5369 3480 5454 Basilius
3509 5369 3768 5454 Bulgaro:

2144 5439 2356 5508 etenus
2391 5439 2534 5522 imp.
2567 5450 2627 5505 in
2658 5448 2914 5522 Novella,
2965 5465 3090 5522 qua
3151 5445 3500 5505 describitur
3543 5439 3769 5499 in'Jure

2142 5528 2338 5581 Graeco
2368 5520 2652 5590 Romano,
2679 5526 2720 5579 t.
2758 5521 2830 5588 II,
2861 5537 2920 5592 p.
2955 5520 3078 5578 473.
