4036 6206
218 282 313 344 285
1417 277 1524 339 AN
1533 278 1579 337 N
1587 275 1836 339 ALIUM
1880 275 2026 340 LIB.
2073 276 2289 340 XVIII.
3439 277 3558 341 286

215 411 376 467 ἐκεῖθεν
423 406 634 462 ἐθνικῶν
683 427 740 461 τε
793 405 882 462 καὶ
966 405 1292 463 Μακεδόνων
1367 407 1557 470 πείσας
1642 405 1796 461 συνά-

1923 409 2215 464 abversam
2247 408 2376 464 urbi
2408 407 2804 464 continentem
2844 407 3160 479 progressi,
3192 407 3435 464 aediﬁcia
3464 412 3556 464 in-

214 497 368 577 ρασθαί
419 497 486 564 οἱ,
540 502 637 564 τῆς
689 492 1006 570 τυραννίδος
1060 496 1356 573 ἀπήρξατο.
1404 496 1521 550 Τισὶ
1585 493 1641 550 δὲ
1692 499 1799 550 τῶν

1923 498 2254 568 :enderunt,
2288 502 2462 568 atque
2486 497 2622 552 inde
2645 497 2923 569 Athyram
2949 497 3267 552 redierunt.
3302 497 3556 569 Impera-

209 593 285 645 τοῦ
333 584 564 661 Βρυενίου
621 586 646 639 6
704 582 1112 663 Θεοδωροκάνος
1145 586 1433 660 συμμίξας,
1466 585 1691 654 ἡττᾶταί
1746 605 1805 638 τε

1923 590 2002 642 tor
2032 587 2090 641 in
2122 587 2306 642 tantis
2335 587 2592 658 undique
2615 585 2786 641 malis
2819 586 3053 642 Ruselio
3076 584 3323 641 vinculis
3345 585 3556 652 soluto,

210 678 280 733 καὶ
323 674 594 730 ἁλίσκεται.
650 674 1069 751 Προσερῥύησαν
1132 673 1189 730 δὲ
1259 680 1339 748 τῷ
1425 675 1658 749 Βρυενίῳ
1712 673 1802 728 καὶ

1923 679 1970 731 et
1998 676 2192 731 verbis
2231 680 2288 731 et
2329 675 2577 747 pecunia
2633 674 2873 730 delinito
2925 677 3259 746 persuadet,
3311 680 3374 730 ut
3426 691 3559 729 cum

207 769 247 822 οἱ
294 760 654 835 Ῥαιδεστηνοὶ,
710 761 859 818 ἀλλὰ
918 765 1104 838 μέντοι
1160 765 1250 820 καὶ
1311 765 1364 819 oi
1410 763 1683 824 οἶκοῦντες
1741 763 1803 816 τὸ

1923 763 2113 819 Alexio
2170 766 2462 820 Comneno
2508 764 2770 836 praeside,
2826 767 2925 834 qui
2978 763 3160 835 cOpiis
3229 763 3561 836 Byzantinis

207 857 383 908 Πάνιον.
437 850 636 928 Εἴχετο
690 851 871 908 τοίνυν
931 860 1031 924 τῆς
1090 853 1417 915 ἀποστασίας
1470 855 1497 907 ὁ
1557 853 1805 926 Βρυένιος

1923 858 2174 924 praeerat,
2226 853 2454 925 Bryenii
2487 855 2722 908 fratrem
2785 853 3070 908 Joannem
3130 853 3388 908 invadat.
3447 853 3561 908 Sed

203 945 448 1017 κραταιῶς,
494 941 587 996 τὸν
646 938 878 1017 ἀδελφὸν
927 941 1352 1017 κουροπαλάτην
1404 943 1662 1015 τιμήσας,
1715 939 1804 994 καὶ

1923 942 2168 998 Ioannes
2199 959 2266 997 ea
2294 958 2356 998 re
2377 946 2604 998 mature
2633 943 2884 1013 cognita,
2919 942 3057 1014 fuga
3085 943 3334 997 salutem
3351 943 3559 1012 quaesi-

203 1029 377 1092 στείλας
429 1027 516 1083 σὺν
576 1026 797 1104 δυνάμει
850 1031 986 1107 πρὸς
1043 1032 1106 1086 τὸ
1149 1031 1453 1102 Βυξάντιον,
1484 1031 1558 1092 ὡς
1615 1028 1806 1084 αὐτίκα

1923 1031 2016 1086 vit.
2051 1029 2220 1086 Multi
2251 1035 2447 1086 tamen
2481 1030 2822 1085 Macedones
2854 1029 2953 1102 qui
3000 1029 3080 1084 ibi
3139 1029 3324 1085 relicti
3369 1035 3558 1098 erant,

197 1121 328 1173 τοῦτο
388 1115 876 1192 παραληψόμενον.
939 1120 1189 1194 ’ῌώρητο
1270 1120 1371 1196 γὰρ
1457 1117 1668 1174 ἐλπίσιν
1731 1117 1804 1179 ὡς

1923 1119 2130 1190 partim
2163 1119 2315 1185 caesi,
2349 1119 2564 1191 partim
2585 1119 2736 1192 capti
2770 1124 2927 1174 sunt.

200 1205 393 1276 ὑπτίαις,
421 1207 480 1260 τὸ
536 1210 636 1261 τοῦ
696 1205 886 1282 λόγου,
920 1210 1110 1285 χερσὶν
1163 1209 1216 1263 οἱ
1270 1215 1370 1278 τῆς
1430 1207 1743 1282 συγκλήτου
1804 1204 2016 1280 βουλῆς
2075 1205 2231 1261 αὐτὸν
2292 1204 2637 1280 ὑποδέξονται
2697 1204 2786 1260 διὰ
2831 1206 2927 1273 τὴν
2979 1205 3114 1280 πρὸς
3141 1205 3229 1260 τὸν
3261 1203 3557 1280 λογοθέτην

195 1293 462 1370 Νικηφόρον
512 1295 830 1372 ἀπέχθειαν,
863 1299 952 1352 καὶ
1002 1298 1103 1367 τὴν
1161 1303 1257 1352 τοῦ
1320 1295 1587 1374 βασιλέως
1644 1293 2074 1373 ἀφέλειανοάλλ’
2108 1295 2171 1350 οὗ
2229 1295 2365 1350 κατᾶ
2415 1299 2505 1350 τὸν
2558 1297 2761 1350 σκοπὸν
2819 1295 2964 1366 αὐτῷ
3021 1294 3108 1349 καὶ
3156 1295 3222 1348 τὰ
3269 1295 3562 1368 πράγματα

196 1383 547 1452 ἀπηντήκασιν.
588 1383 942 1448 Ἐπελθόντες
973 1386 1076 1463 γὰρ
1111 1388 1162 1441 οἱ
1195 1385 1476 1448 σταλέντες
1512 1389 1591 1457 τῷ
1619 1384 1790 1460 τείχει
1839 1388 1947 1438 τῶν
2001 1382 2351 1460 Βλαχερνῶν,
2385 1380 2820 1461 ἡκροϐολίσαντο
2878 1384 2992 1456 μὲν,
3024 1381 3222 1452 ἤνυσαν
3271 1380 3326 1437 δὲ
3384 1379 3559 1439 οὐδέν.

194 1471 320 1532 Ὅθεν
351 1468 436 1526 διὰ
462 1479 563 1541 τῆς
590 1473 832 1550 γεφύρας
856 1477 970 1548 (95)
997 1469 1278 1539 διαϐάντες
1307 1475 1382 1537 εἷς
1411 1475 1510 1544 τήν
1543 1471 1761 1548 ἀντικρὺ
1809 1478 1911 1542 τῆς
1971 1472 2187 1536 πόλεως
2241 1470 2492 1548 ἤπειρον,
2523 1475 2618 1535 τάς
2678 1472 2787 1528 ἐκεῖ
2839 1472 3212 1548 τυγχανούσας
3267 1467 3564 1543 οἰκοδομὰς

195 1557 452 1631 παρέδοσαν
481 1567 559 1634 τῷ
591 1563 746 1636 πυρὶ,
780 1564 1024 1618 κάκεῖθεν
1058 1564 1135 1626 εἷς
1164 1566 1254 1620 τὸν
1291 1564 1518 1637 Ἀθύραν
1567 1563 1920 1636 ὑπέστρεψαν.
1953 1561 2110 1619 Οὕτω
2161 1560 2206 1617 δ’
2255 1564 2282 1618 6
2336 1561 2589 1638 βασιλεὺς
2627 1560 3116 1637 περιστατούμενος
3163 1558 3441 1631 πάντοθεν,
3472 1559 3563 1614 τὸν

192 1647 456 1702 Ῥουσέλιον
491 1648 615 1704 λύει
643 1669 703 1705 τε
731 1652 836 1706 τῶν
872 1649 1109 1726 δεσμῶν,
1142 1654 1229 1708 καὶ
1343 1673 1473 1724 μασι
1504 1651 1593 1706 καὶ
1647 1651 1899 1725 χρήμασι
1953 1651 2044 1704 τὸν
2103 1648 2269 1725 ἄνδρα
2330 1648 2793 1724 ἐκμειλιξάμενος,
2822 1651 3066 1704 ἐπελθεῖν
3122 1647 3294 1712 πείθει
3343 1653 3422 1720 τῷ
3467 1650 3565 1701 τοῦ

193 1737 444 1809 Βρυεννίου
475 1739 750 1811 ὁμαίμονι
788 1740 922 1813 μετὰ
977 1744 1073 1796 τοῦ
1130 1738 1400 1816 προέδρου
1433 1737 1683 1811 Ἀλεξίου
1741 1743 1836 1793 τοῦ
1884 1743 2172 1812 Κομνηνοῦ
2231 1744 2700 1815 στραταρχοῦντος
2757 1746 2856 1809 τῆς
2907 1743 2984 1810 τῷ
3045 1735 3262 1812 βασιλεῖ
3315 1735 3452 1790 κατὰ
3503 1735 3567 1790 τὸ

192 1828 439 1892 Βυζάντιον
499 1826 818 1901 προσούσης
880 1827 1279 1902 δυνάμεως.“0
1312 1829 1497 1903 μαθὼν
1531 1830 1686 1884 ὁτοῦ
1746 1827 2029 1902 Βρυεννίου
2088 1825 2321 1903 ἀδελφὸς
2380 1823 2514 1907 ἔφθη
2574 1825 2816 1904 διαδράς.
2849 1831 2970 1884 Τῶν
3022 1823 3347 1885 Μακεδόνων
3381 1823 3565 1899 μέντοι

190 1913 600 1986 καταλειφθέντες
631 1916 860 1989 πολλοὶ,
897 1921 949 1974 οἱ
984 1919 1078 1993 μὶν
1111 1917 1324 1988 ἔπεσον,
1361 1920 1414 1973 οἱ
1445 1915 1492 1972 δ’
1523 1917 1788 1973 ἑάλωσαν.

244 2004 334 2060 ΙΗ’.
391 2005 475 2061 Ἐν
534 2006 790 2080 τοσούτῳ
868 2005 925 2062 δὲ
1002 2008 1093 2062 καὶ
1170 2007 1515 2076 Πατζινάκων
1602 2005 1812 2075 πλῆθος

1993 2006 2186 2064 XVIII.
2213 2008 2434 2064 Interea
2455 2008 2894 2064 Patzinacarum
2935 2005 3248 2062 multitudo
3280 2004 3566 2060 Adriano-

191 2089 360 2161 ἐπῆλθε
431 2096 572 2149 κατὰ
664 2093 1189 2171 Ἀδριανουπόλεως,
1257 2095 1349 2151 καὶ
1423 2096 1545 2169 περὶ
1611 2093 1810 2165 ταύτην

190 2175 626 2256 παρεμϐαλόντες,
674 2185 776 2253 τὴν
827 2185 981 2259 πέριξ
1033 2184 1209 2240 αὐτῶν
1259 2183 1545 2256 ἐληίζοντο
1599 2183 1810 2258 χώραν,

190 2265 258 2329 οὖς
307 2270 332 2323 ὁ
382 2272 647 2346 Βρυένιος
709 2270 1096 2346 δεξιωσάμενος
1152 2275 1427 2350 χρήμασι,
1485 2277 1810 2346 μεταστῆναι

189 2363 264 2423 τῆς
312 2357 522 2422 πόλεως
611 2354 808 2417 ἔπεισε.
865 2363 996 2437 Περὶ
1075 2359 1133 2416 δέ
1184 2383 1243 2438 γε
1294 2363 1394 2430 τήν
1451 2360 1678 2429 Κύζικον
1734 2362 1813 2429 τῷ

190 2442 372 2524 ἀδελφῷ
426 2448 600 2504 αύτοῦ
677 2447 966 2514 ἀπελθόντι
1001 2497 1017 2522 ,
1075 2449 1166 2504 καὶ
1241 2448 1566 2524 πειρωμένῳ
1620 2449 1815 2524 ὑπαγα-

186 2534 335 2606 γέσθαι
386 2539 512 2599 τοὺς
603 2536 733 2607 ἐκεῖ,
785 2541 813 2594 ὁ
867 2538 1180 2603 Ῥουσέλιος
1233 2537 1496 2614 ἐντυχὼν,
1554 2537 1813 2613 ἐτρέψατο

186 2625 295 2678 κατὰ
367 2627 569 2700 κράτος
659 2627 839 2686 αὐτόν.
901 2630 1059 2704 ’Ἄρτι
1148 2626 1206 2682 δὲ
1294 2631 1392 2682 τοῦ
1469 2626 1813 2702 πατριάρχου

183 2714 405 2769 Ἰωάννου
484 2719 594 2770 τοῦ
675 2715 971 2795 Ξιφιλίνου
1033 2718 1146 2790 (96)
1203 2716 1341 2790 πρὸς
1407 2719 1502 2777 τὰς
1561 2713 1812 2774 αἰωνίους

188 2803 520 2877 μεταθεμένου
619 2806 802 2878 μονὰς,
881 2805 970 2860 ἰπὶ
1047 2803 1174 2860 δέκα
1248 2803 1521 2865 ἐνιαυτοὺς
1598 2803 1680 2878 ἐφ’
1736 2802 1814 2856 ἑνὶ

183 2890 252 2944 καὶ
331 2893 490 2965 μησὶν
582 2893 718 2949 ἑπτὰ
796 2896 897 2964 τὴν
982 2892 1306 2965 Ἐκκλησίαν
1397 2891 1762 2965 ποιμάναντος
1798 2935 1812 2961 ,

186 2982 547 3057 προεχειρίσθη
643 2983 992 3059 πατριάρχης
1077 2985 1298 3056 Κοσμᾶς
1385 2981 1624 3058 μοναχὸς
1677 2982 1812 3053 (97),

185 3065 343 3143 λόγοις
415 3073 510 3145 μὶν
605 3071 714 3148 ούχ
770 3070 1097 3146 ὡμιληκὼς,
1148 3071 1361 3149 ἀρεταῖς
1418 3068 1475 3125 δὲ
1537 3068 1815 3131 παντοίαις

182 3159 556 3233 κοσμούμενος,
591 3160 682 3216 καὶ
737 3158 829 3216 διὰ
883 3166 1043 3217 τοῦτο
1095 3161 1184 3216 καὶ
1232 3161 1368 3236 πρὸς
1393 3163 1491 3215 τοῦ
1545 3157 1814 3235 βασιλέως

184 3244 360 3322 ἐξόχως
406 3250 753 3322 τιμώμενος.
791 3251 851 3307 '0
907 3248 1088 3324 μέντοι
1140 3249 1518 3321 Βοτανειάτης,
1579 3247 1638 3303 ix
1697 3244 1812 3301 δια-

183 3334 354 3411 φόρων,
419 3343 602 3414 γενῶν
702 3339 876 3412 ἑαυτῷ
964 3339 1461 3412 περιποιησάμενος
1541 3335 1812 3412 τάγματα,
1845 3374 1888 3443 C

240 3424 252 3441 ι
303 3431 338 3443 ...
385 3425 398 3443 ,
951 3427 963 3443 .
1187 3428 1216 3443 ν
1313 3425 1396 3443 η-
1601 3428 1613 3443 .
1671 3432 1705 3443 ..

183 3424 252 3476 καὶ
303 3425 579 3502 Τούρκους
633 3427 1120 3503 προσηταιρίσατο,
1180 3428 1253 3481 ὧν
1309 3425 1536 3502 ἐξῆρχεν
1594 3428 1622 3481 6
1671 3432 1808 3480 Κου-

183 3511 430 3587 τλουμοῦς
475 3519 618 3590 (98),
668 3520 776 3572 τῶν
822 3518 970 3589 παρὰ
1035 3515 1264 3593 Πέρσαις
1321 3516 1612 3591 τυγχάνων
1661 3535 1814 3592 περι-

185 3607 361 3676 φανῶν,
392 3605 475 3674 ὃς,
526 3609 611 3677 τῷ
667 3604 896 3661 σουλτὰν
947 3606 1083 3661 κατὰ
1127 3606 1282 3682 γένος
1333 3606 1643 3681 προσήκων,
1692 3603 1816 3679 περὶ

182 3697 264 3758 τῆς
334 3693 516 3769 ἀρχῆς
593 3693 738 3766 αὐτῷ
807 3692 1099 3772 διεφέρετο,
1165 3694 1254 3749 καὶ
1329 3694 1463 3770 πρὸς
1536 3691 1815 3767 πολέμους

181 3775 272 3848 ἤδη
320 3789 529 3858 χωρεῖν
583 3783 966 3856 ἡτοιμάζοντο.
1017 3785 1192 3840 Τοῦτο
1244 3787 1327 3855 τῷ
1379 3781 1594 3861 χαλιφᾷ
1643 3783 1817 3858 ἀπαγ-

178 3867 340 3941 γελθὲν
375 3872 563 3942 (οὗτος
622 3871 680 3926 δὲ
737 3878 862 3946 παρ’
913 3871 1104 3935 αὐτοῖς
1167 3867 1625 3948 ὑπερϐαλλόντως
1680 3869 1818 3928 τετί-

183 3977 326 4027 μητο,
357 3960 430 4024 ὡς
491 3961 556 4015 ἐκ
611 3964 709 4016 τοῦ
761 3962 950 4036 γένους
1001 3965 1097 4016 τοῦ
1153 3961 1453 4037 Μαχουμὲν
1497 3962 1814 4036 κατάγεσθαι

178 4048 547 4122 νομιζόμενος)
607 4048 683 4112 εἷς
752 4049 987 4126 ἀγωνίαν
1061 4045 1333 4120 ἰνὲϐαλεν,
1384 4048 1478 4105 ’ίνα
1555 4053 1631 4125 μή
1689 4062 1819 4126 παρ’

181 4133 341 4200 αὐτοῖς
397 4136 675 4216 ἐμφύλιος
732 4138 951 4214 γένηται
1010 4137 1274 4212 πόλεμος.
1329 4137 1536 4196 Λύτίκα
1615 4140 1818 4214 τοίνυν,

181 4223 216 4277 εί
290 4226 377 4281 καὶ
449 4234 559 4297 τῆς
649 4227 852 4290 οίκείας
937 4223 1222 4305 διατριϐῆς
1321 4229 1397 4302 μὴ
1482 4228 1671 4300 ἐξιέναι
1737 4236 1818 4304 τῷ

179 4311 388 4393 χιλιφᾷ,
444 4314 591 4390 μηδὲ
648 4315 995 4391 δημοσιεύειν
1051 4319 1382 4389 νενόμισται,
1438 4317 1661 4392 ἐκεῖνος,
1718 4324 1817 4375 τοῦ

181 4397 318 4467 ἔθους
379 4409 820 4484 καταφρονήσας,
880 4403 1038 4476 ἔξεισι
1105 4407 1194 4461 καὶ
1251 4404 1430 4463 ἄπεισι
1496 4409 1634 4486 πρὸς
1691 4408 1818 4471 τοὺς

178 4491 286 4565 περὶ
339 4499 438 4560 τῆς
496 4496 680 4572 ἀρχῆς
737 4495 1134 4570 ἁντερίζοντας,
1192 4496 1282 4552 καὶ
1341 4498 1518 4562 πείθει
1590 4497 1817 4562 τούτους

179 4586 264 4649 τῆς
291 4583 382 4656 μὲν
419 4585 952 4663 μάχηςιάφέξεσθαι,
983 4585 1074 4641 τὸν
1125 4582 1182 4640 δὶ
1231 4584 1459 4642 σουλτὰν
1510 4583 1656 4663 ἔχειν
1717 4587 1811 4661 μὲν

179 4670 263 4738 τήν
342 4673 545 4729 οἰκείαν
629 4675 810 4751 ἀρχὴν
895 4673 1432 4751 ἀνακρωτηρίαστον,
1489 4677 1813 4753 συνάρασθαι

1921 2094 2102 2167 polim
2137 2113 2435 2169 aggressa,
2478 2097 2690 2153 castris
2722 2097 2928 2169 positis
2985 2111 3156 2167 agros
3197 2095 3568 2150 suburbanos

1919 2189 2126 2254 vastat,
2162 2203 2195 2241 a
2221 2187 2433 2256 quibus
2465 2186 2748 2258 Cryenius
2802 2184 3049 2256 pecunia
3097 2186 3236 2239 data
3289 2182 3566 2254 impetra-

1919 2272 2021 2341 vit,
2056 2277 2120 2327 ut
2150 2274 2223 2328 ab
2257 2275 2399 2330 urbe
2420 2275 2775 2329 recederent.
2815 2273 3090 2329 Ruselius
3145 2289 3278 2328 vero
3327 2271 3566 2326 fratrem

1921 2361 2048 2432 ejus
2117 2362 2402 2418 Joannem
2461 2362 2726 2435 Cyzicum
2784 2362 3177 2432 invadentem,
3237 2378 3304 2416 ac
3333 2363 3567 2432 gentem

1920 2449 2081 2504 illam
2107 2451 2378 2523 subigere
2427 2457 2735 2507 conantem
2769 2452 3039 2523 adeptus,
3100 2449 3296 2522 praslio
3344 2448 3566 2504 victum

1923 2538 2267 2610 proﬂigavit.
2298 2539 2521 2596 Joanne
2553 2539 2850 2612 Xipbilino
2882 2539 3212 2611 patriarcha
3233 2537 3292 2593 in
3324 2543 3569 2593 aeternas

1923 2628 2260 2684 mansiones
2292 2630 2598 2699 translato,
2625 2647 2758 2684 cum
2816 2628 3134 2684 Ecclesiam
3167 2645 3352 2683 annos
3407 2645 3462 2682 x1
3513 2631 3569 2682 et

1923 2732 2156 2773 menses
2203 2735 2282 2772 vn
2358 2717 2620 2785 rexisset,
2682 2717 3012 2790 patriarcha
3068 2717 3412 2788 designatus
3478 2719 3570 2771 est

1923 2806 2164 2862 Cosmas
2197 2807 2538 2873 monachus,
2585 2807 2917 2863 ineruditus
2975 2805 3073 2862 ille
3131 2806 3392 2878 quidem,
3465 2803 3569 2859 sed

1923 2895 2114 2951 omnis
2143 2896 2372 2966 generis
2423 2897 2736 2966 virtutibus
2793 2900 3059 2965 ornatus,
3105 2911 3221 2966 qua
3269 2895 3339 2949 de
3394 2909 3574 2948 causa

1923 2984 2096 3040 etiam
2129 2984 2201 3039 ab
2228 2985 2575 3056 imperatore
2607 2985 2665 3040 in
2699 2986 2952 3041 maxime
2985 2985 3167 3056 pretio
3219 2983 3570 3038 habebatur.

1923 3073 2205 3129 Caaterum
2250 3074 2578 3130 Botaniates
2601 3073 2931 3147 legionibus
2963 3090 2992 3129 e
3024 3072 3269 3128 diversis
3292 3071 3571 3145 gentibus

1924 3163 2212 3228 conﬂatis,
2243 3167 2459 3219 Turcas
2507 3165 2684 3220 etiam
2746 3163 2859 3219 sibi
2915 3162 3264 3229 conciliavit,
3315 3177 3569 3233 quorum

1923 3252 2231 3308 Cutlumus
2265 3253 2382 3308 dux
2411 3258 2553 3318 erat,
2588 3253 2762 3308 Persa
2792 3251 3062 3319 illustris,
3096 3251 3196 3322 qui
3254 3267 3387 3305 cum
3447 3247 3569 3304 sul-

1925 3345 2081 3409 tano,
2115 3345 2207 3397 cui
2238 3355 2447 3414 genere
2477 3341 2846 3414 propinquus
2895 3345 3037 3410 erat,
3072 3341 3143 3395 de
3192 3355 3368 3411 regno
3427 3354 3571 3393 con-

1925 3431 2219 3496 tendebat,
2244 3431 2491 3504 jamque
2522 3431 2590 3485 ad
2628 3447 2792 3486 arma
2825 3446 2913 3485 res
2941 3430 3263 3500 spectabat.
3302 3426 3361 3480 Id
3394 3425 3574 3481 Chali-

1925 3520 2074 3592 pha,
2109 3521 2277 3591 cujus
2307 3521 2459 3592 apud
2486 3519 2614 3574 illos
2650 3518 2904 3573 maxima
2933 3520 3056 3572 erat
3105 3514 3446 3583 auctoritas,
3507 3518 3572 3568 ut

1925 3609 2024 3679 qui
2059 3625 2091 3662 a
2119 3609 2448 3663 Mahumeto
2471 3611 2664 3662 ortum
2686 3622 2916 3662 sumere
2939 3609 3263 3676 putaretur,
3291 3619 3569 3674 magnum

1925 3696 2183 3752 dolorem
2218 3695 2431 3762 attulit,
2473 3698 2518 3751 si
2554 3697 2707 3750 inter
2754 3695 2912 3766 ipsos
2947 3693 3094 3748 bella
3125 3692 3318 3748 civilia
3347 3691 3572 3747 oriren-

1924 3791 2041 3852 tur,
2064 3790 2120 3842 et
2150 3785 2418 3858 quamvis
2449 3784 2627 3841 moris
2657 3800 2772 3839 non
2803 3787 2978 3848 esset,
3014 3787 3078 3838 ut
3108 3798 3213 3838 suo
3246 3781 3370 3836 loco
3403 3796 3568 3836 exce-

1926 3876 2106 3947 deret,
2139 3891 2203 3931 ac
2260 3875 2319 3930 in
2352 3874 2585 3947 publico
2633 3877 2983 3940 versaretur,
3042 3876 3239 3927 tamen
3299 3871 3568 3925 instituto

1926 3970 2277 4036 contempto,
2311 3964 2382 4019 ad
2415 3980 2514 4019 eos
2572 3963 2692 4018 abit
2735 3961 2833 4034 qui
2890 3963 2962 4017 de
3013 3978 3190 4034 regno
3231 3960 3567 4032 litigabunt,

1926 4054 2128 4125 eisque
2157 4053 2486 4124 persuadet,
2526 4056 2590 4107 ut
2618 4050 2836 4107 omisso
2867 4050 3019 4106 bello
3045 4049 3317 4105 sultanus
3347 4048 3567 4121 princi-

1925 4148 2128 4216 patum
2161 4158 2333 4197 suum
2388 4142 2676 4214 integrum
2725 4144 2942 4210 teneat,
2993 4143 3356 4212 cognatoque
3407 4137 3571 4194 omni

1927 4249 2034 4304 ope
2063 4235 2270 4304 priesto
2302 4231 2396 4300 sit,
2431 4234 2494 4284 ut
2527 4229 2802 4285 Romanis
2825 4229 3139 4301 provinciis
3170 4227 3428 4283 subactis
3459 4227 3570 4282 im-

1927 4326 2106 4394 peret.
2142 4319 2217 4376 Iis
2236 4318 2606 4392 pactionibus
2635 4317 2902 4386 ﬁrmatis,
2934 4317 3570 4373 CutlumusRomanam

1927 4410 2206 4464 ditionem
2239 4408 2542 4480 ingressus
2575 4406 2896 4462 Botaniataa
2948 4422 3184 4478 Operam
3246 4408 3435 4474 navet,
3471 4405 3573 4475 qui

1916 4500 2100 4573 justis
2122 4497 2304 4571 copiis
2336 4499 2666 4552 instructus
2701 4495 2950 4551 Nicaeam
2985 4511 3267 4568 occupare
3297 4510 3570 4566 propera-

1925 4589 2206 4661 batzjam
2265 4587 2419 4644 enim
2479 4585 2824 4659 praesidiarii
2879 4585 3096 4640 milites
3136 4583 3368 4656 prodita
3425 4583 3571 4638 urbe

1925 4679 2076 4735 ultro
2102 4695 2162 4733 se
2186 4693 2318 4732 cum
2341 4676 2468 4748 ipso
2527 4676 2971 4746 conjunxerant,
3004 4677 3062 4728 et
3114 4690 3147 4728 a
3178 4688 3386 4742 magna
3403 4671 3564 4733 .291

183 4761 232 4816 δὲ
273 4768 347 4838 τῷ
405 4741 978 4841 συγγενείπαντοίως
1036 4741 1112 4820 ’ἰν
1171 4741 1507 4842 ⁷κατασχέσει
1574 4741 1812 4842 γενέσθαι

1929 4771 2071 4826 urbe
2102 4771 2160 4823 in
2184 4768 2308 4823 dies
2331 4741 2512 4839 aliqui
2545 4767 2616 4821 ad
2633 4741 2816 4821 illum
2851 4763 3244 4821 confluebant.
3279 4741 3367 4820 Ita
3394 4763 3572 4820 rebus

182 4851 350 4928 χώρας
406 4855 746 4930 Ῥωμαϊκῆς,
778 4852 870 4910 καὶ
921 4852 1122 4926 ταύτης
1173 4850 1386 4932 ἄρχειν.
1421 4855 1541 4913 Ἐπὶ
1599 4856 1815 4923 τούτοις

1927 4878 1996 4917 ex
2043 4855 2338 4916 sententia
2394 4855 2868 4926 succedentibus,
2921 4853 3247 4910 Botaniates
3310 4852 3372 4910 in
3430 4853 3576 4910 urbe

1444 5021 1648 5083 Variae
1679 5021 1980 5086 lectiones
2011 5025 2074 5083 et
2101 5023 2292 5081 notae.

243 5159 346 5232 (95)
377 5157 636 5233 Γεφύρας.
668 5160 749 5217 De
779 5159 890 5216 hoc
911 5163 1088 5232 ponte
1119 5159 1378 5218 diximus
1425 5161 1486 5218 in
1534 5165 1808 5220 Constan-

186 5231 393 5303 εἰποροιί
417 5231 612 5303 ϐῆν-ξεί.
639 5233 738 5288 lib.
765 5249 840 5301 ιν,
868 5231 1010 5303 sect.
1046 5233 1133 5288 14.

393 5302 705 5374 Ξιφιλίνου.
766 5302 1017 5360 Ἰωάννου
1099 5306 1219 5361 τοῦ.
1295 5304 1499 5360 Exstat
1546 5304 1608 5359 in
1677 5305 1806 5362 cod.

188 5375 346 5451 litigio
371 5375 664 5435 Michaelis
693 5376 867 5433 Pselli
897 5375 1093 5433 Oratio
1125 5375 1391 5434 funebris
1426 5377 1487 5433 in
1533 5377 1808 5436 eumdem

185 5445 538 5515 Xiphilinum.

245 5520 352 5607 <97)
397 5517 826 5607 ηῐιριξχειρίῖθτι
862 5591 894 5607 η
931 5516 1281 5607 πεῖριάρχης
1319 5522 1608 5607 “Esse
1705 5540 1805 5607 e0-

187 5589 359 5666 ναχόςζ
397 5589 618 5659 Similia
655 5589 836 5656 habet
861 5589 1267 5667 Scylit'zes',"p.
1318 5593 1444 5649 860.
1475 5589 1803 5667 Hierosoly-

1916 5235 2183 5291 Patr.CP.
2206 5233 2269 5288 in

1921 5162 2212 5218 mitanum
2227 5158 2707 5289 cognominatum
2731 5174 2861 5216 esse
2889 5157 3068 5214 tradit
3085 5162 3286 5215 auctor
3314 5159 3572 5231 Catalogi

1921 5235 2183 5289 Patr.CP.
2206 5233 2269 5288 in
2337 5249 2440 5288 ure
2469 5231 2897 5287 Grecoromad
2930 5231 3247 5287 discrimen
3267 5233 3412 5287 forte
3432 5231 3572 5286 Cos-

2337 5249 2440 5288 ure
2469 5231 2897 5287 Grecoromad
2930 5231 3247 5287 discrimen
3267 5233 3412 5287 forte
3432 5231 3572 5286 Cos-

1918 5323 2024 5363 maa
2057 5305 2233 5363 Attici
2263 5303 2421 5372 dicti,
2457 5303 2841 5360 subManuele
2869 5303 3312 5376 Commeno,ubi
3333 5303 3572 5376 pontifi-

1917 5384 2114 5436 catum
2139 5377 2394 5451 gessisse
2416 5377 2813 5443 an.5,menses
2833 5377 2868 5431 6
2889 5374 3188 5451 scribitur,
3208 5374 3351 5451 eum
3373 5375 3564 5451 digni-

1915 5457 2093 5508 tatem
2125 5447 2476 5506 abdicasset.
2509 5451 2761 5506 Causam
2805 5465 2940 5504 vero
2973 5447 3356 5504 abdicationis
3387 5447 3562 5504 refert

1913 5527 2082 5580 Anna
2110 5523 2448 5590 Commena,
2473 5520 2574 5577 lib.
2606 5537 2691 5586 ιιι,
2717 5520 2975 5578 Alexiad.
3013 5536 3138 5590 pag.
3165 5520 3256 5574 79.

1986 5595 2098 5669 (98)
2116 5592 2506 5668 Κουτλουμοῦς
2533 5592 2836 5666 Scylitzes,
2863 5609 2925 5665 p.
2954 5593 3080 5664 861,
