4036 6206
360 277 478 371 287

1691 303 2020 367 JOANNIS
2065 304 2404 364 ZONAItE

3619 313 3724 376 288

359 439 644 512 principe,
677 440 1155 512 frequentissimo
1209 440 1496 495 conventu
1545 435 1752 509 plebis,
1783 434 2002 508 primo-

2118 434 2422 510 γενομένων
2478 431 2701 498 ἐκείνοις
2756 429 3100 507 συμϐάσεων,
3153 435 3181 487 6
3240 431 3603 510 Κουτλουμοῦς
3654 442 3721 504 είς

360 544 492 585 rum
524 545 593 584 ex
635 529 1101 601 magistratibus,
1131 533 1188 585 et
1240 528 1583 584 selectorum
1611 526 2003 591 sacerdotum,

358 616 568 673 celebri
598 618 1077 675 Annuntiationis
1105 617 1434 680 festivitate,
1468 617 1784 689 imperator
1805 614 2004 687 appel-

357 710 537 774 tatur,
567 706 924 762 Antiocheno
974 706 1305 778 patriarcha
1336 705 1660 776 jEmiliano,
1703 709 1758 760 et
1789 709 2003 761 metro-

359 795 617 868 politano
650 796 829 851 Iconii
862 796 1227 853 auctoribus.
1281 796 1462 866 Igitur
1519 793 1852 868 reipublicae
1883 793 2004 865 pri-

363 901 556 940 mores
585 884 848 940 tributim
883 884 1075 952 divisi,
1108 888 1165 940 et
1215 884 1525 956 phalangis
1556 884 1739 939 instar
1771 881 2005 955 conglo-

361 974 504 1042 bati,
534 974 752 1046 regiam
805 973 1014 1029 orienti
1071 974 1374 1029 obversam
1430 975 1734 1040 invadunt,
1768 989 2008 1044 eamque

363 1062 634 1135 praesidio
692 1079 936 1118 suorum
987 1062 1242 1118 militum
1297 1062 1574 1135 imposito
1615 1062 1869 1117 ﬁrmant.
1902 1061 2006 1116 Mi-

362 1150 623 1208 chaelem
654 1168 787 1208 vero
816 1151 916 1224 qui
948 1169 1083 1208 cum
1117 1169 1295 1208 uxore
1342 1152 1528 1208 Maria
1557 1153 1750 1208 etfilio
1781 1152 1839 1206 in
1872 1149 2006 1207 Bla-

360 1239 658 1296 cherniam
693 1241 911 1312 regiam
947 1240 1309 1314 confugerat,
1329 1245 1525 1313 erepto
1557 1241 1801 1313 imperio
1824 1239 2004 1296 lacer-

360 1346 552 1400 naque
584 1331 911 1385 monastica
955 1329 1188 1395 induta,
1248 1331 1307 1385 in
1358 1330 1550 1386 Studii
1584 1327 2002 1384 monasterium

363 1419 684 1486 abducunt,
738 1435 870 1473 cum
927 1419 1242 1490 imperium
1302 1437 1486 1475 annos
1544 1435 1644 1474 sex
1691 1423 1748 1474 et
1774 1433 2005 1473 menses

362 1507 608 1562 totidem
639 1508 947 1562 tenuisset.
987 1509 1043 1561 ld
1080 1524 1144 1562 eo
1166 1508 1418 1562 Sabbato
1449 1512 1788 1579 actum,quo
1821 1505 2008 1562 Eccle-

362 1594 470 1666 sia,
498 1611 659 1650 more
689 1613 722 1650 a
755 1596 1076 1666 majoribus
1109 1601 1364 1667 accepto,
1399 1595 1629 1651 Domini
1654 1602 1710 1652 et
1740 1597 2004 1651 Servato-

363 1684 444 1739 ris
476 1685 657 1739 nostri
692 1684 750 1738 in
777 1684 975 1754 Lazari
1008 1686 1401 1739 resurectione
1461 1684 1810 1740 miraculum
1854 1683 2004 1739 cele-

359 1773 532 1828 brare
563 1773 729 1842 solet,
757 1773 1033 1828 Michaele
1064 1774 1134 1828 ad
1167 1773 1324 1828 hunc
1353 1775 1593 1828 modum
1628 1773 1818 1845 pulso,
1839 1773 2003 1828 Bota-

361 1861 549 1916 niates
589 1861 832 1932 imperio
865 1862 1011 1916 citra
1043 1862 1340 1933 negotium
1380 1863 1620 1933 potitus,
1668 1863 1737 1916 ad
1797 1861 2001 1916 urbem

360 1949 769 2021 proficiscitur.
833 1950 1041 2006 Verum
1101 1950 1463 2021 Nicephorus
1510 1949 1807 2020 logotheta
1857 1949 2008 2005 clam

360 2053 635 2109 egressus
667 2038 737 2092 ad
771 2037 1066 2093 Ruselium
1102 2039 1390 2094 Heracleae
1431 2039 1642 2094 stativa
1672 2038 2006 2109 habentem,

361 2143 424 2182 se
452 2126 716 2182 contulit.
762 2126 980 2182 Urbani
1034 2144 1170 2183 vero
1225 2127 1325 2199 qui
1375 2127 1717 2182 Michaelem
1772 2129 2010 2200 pepule-

362 2221 512 2286 rant,
549 2221 845 2272 asservata
878 2216 1034 2287 regia
1069 2234 1170 2287 per
1209 2219 1470 2273 triduum
1515 2218 1780 2290 principe
1832 2216 2008 2273 desti-

357 2313 510 2378 tuta,
544 2308 907 2363 Botaniatem
958 2326 1061 2380 per
1091 2309 1323 2365 litteras
1358 2314 1615 2380 monent,
1661 2315 1722 2365 ut
1769 2325 2011 2381 propere

356 2397 573 2453 veniat.
610 2399 661 2452 Is
694 2397 874 2469 igitur
898 2397 1089 2452 Borila
1122 2397 1396 2454 ministro
1446 2399 1649 2464 misso,
1709 2399 1811 2470 qui
1848 2397 2010 2452 illam

362 2490 694 2557 occuparet,
731 2486 858 2557 ipse
887 2485 1043 2540 haud
1079 2486 1265 2542 multo
1323 2492 1454 2559 post
1508 2492 1598 2542 est
1641 2491 2011 2542 consecutus.

2114 524 2213 592 τήν
2265 525 2368 578 ὑπὸ
2405 523 2704 598 Ῥωμαίους
2749 521 2979 598 ἐγένετο,
3011 524 3102 578 καὶ
3150 519 3271 578 τότε
3315 528 3390 596 τῷ
3433 527 3726 604 Βοτανειάτῃ

2117 612 2577 690 συνεστρατεύετο.
2637 616 2824 689 "Ewa
2915 611 3006 668 οὖν
3093 611 3337 689 στρατιὰν
3392 613 3653 691 ἀξιόλογον
3701 621 3724 673 6

2115 702 2470 775 Βοτανειάτης
2517 705 2631 777 μεθ’
2688 703 2883 757 ἑαυτοῦ
2947 697 3171 757 ἔσπευδε
3238 703 3335 772 τὴν
3392 702 3596 760 Νίκαιαν
3642 729 3724 762 κα-

2113 791 2469 866 ταλήψεσθαί.
2503 789 2646 863 ’Ήδη
2680 791 2782 867 γὰρ
2813 789 3146 866 προύδὲδοτό
3203 792 3251 846 οἱ
3311 793 3346 860 ἠ
3403 790 3559 856 πόλις
3608 794 3723 867 αὕτη

2114 883 2260 958 παρὰ
2308 887 2416 937 τῶν
2464 882 2806 958 τεταγμένων
2861 881 3030 950 αὐτῆς
3081 879 3169 936 ἐπὶ
3229 878 3460 958 φυλακῇ,
3515 882 3727 939 κάκεῖνοι

2115 969 2389 1035 ἐθελονταὶ
2449 971 2598 1043 αὐτῷ
2677 971 3129 1048 προσεχώρησαν,
3176 969 3280 1024 κάκ
3349 977 3446 1040 τῆς
3515 971 3731 1048 μεγάλης

2113 1059 2330 1122 πόλεως
2384 1057 2440 1116 δὲ
2486 1057 2697 1116 πολλοὶ
2753 1061 2870 1124 καθ’
2903 1060 3132 1130 εκάστην
3164 1059 3532 1138 προσεφοίτων
3583 1060 3730 1134 αὐτῷ.

2115 1149 2272 1208 Οὕτω
2315 1150 2408 1224 μὲν
2452 1147 2544 1205 οὖν
2601 1153 2679 1221 τῷ
2726 1148 3044 1223 Βοτανειάτῃ
3091 1149 3230 1203 κατά
3273 1147 3394 1224 ῥοῦν
3447 1146 3634 1224 έχώρει
3677 1151 3734 1206 τὰ

2115 1237 2426 1316 πράγματα.
2499 1240 2586 1295 Ἐν
2670 1235 2728 1293 δὲ
2793 1241 2863 1312 τῇ
2928 1237 3036 1295 τῶν
3112 1237 3328 1293 πόλεων
3404 1239 3732 1314 ὑπερκειμένη

2114 1325 2441 1400 παμπληθεῖ
2514 1325 2886 1400 συνελθόντες,
2941 1326 3004 1381 τό
3073 1347 3131 1381 τε
3187 1323 3483 1400 δημοτικὸν
3538 1326 3736 1397 ταύτης,

2113 1416 2202 1471 καὶ
2243 1419 2306 1470 τὸ
2361 1415 2628 1491 ὑπερέχον
2682 1414 2733 1470 ἐν
2783 1413 3068 1491 ἄρχουσιν,
3104 1414 3163 1470 οὐ
3201 1416 3309 1490 μὴν
3341 1413 3482 1470 ἀλλά
3516 1416 3599 1470 καὶ
3641 1420 3734 1471 τῶν

2116 1503 2168 1559 ἰν
2221 1507 2288 1578 τῇ
2350 1503 2647 1574 Ἐκκλησία
2701 1503 3138 1579 κεκληρωμένων
3207 1503 3271 1557 τὸ
3319 1502 3577 1577 ἔκκριτον,
3621 1505 3738 1558 κατά

2113 1594 2213 1662 τὴν
2246 1593 2454 1668 ἡμέραν
2485 1599 2584 1663 τῆς
2627 1596 2724 1646 τοῦ
2784 1591 3201 1669 Εὐαγγελισμοῦ
3259 1591 3603 1667 πανηγύρεως
3655 1591 3736 1646 αὖ·

2114 1683 2418 1757 τοκράτορα
2473 1681 2563 1736 τὸν
2635 1683 2989 1752 Βοτανειάτην
3059 1679 3460 1757 ἀναγορεύουσι,
3508 1679 3740 1756 προεξάρ-

2116 1792 2310 1847 χοντος
2357 1775 2454 1825 τοῦ
2503 1769 2754 1825 τοιούτου
2804 1768 3081 1846 συλλόγου
3127 1774 3224 1824 τοῦ
3278 1770 3610 1846 πατριάρχου
3640 1771 3742 1823 Ἀν-

2115 1859 2380 1935 τιοχείας,
2463 1864 2560 1914 τοῦ
2641 1857 2986 1933 καλουμένου
3069 1857 3422 1933 Αίμιλιανοῦ,
3499 1857 3584 1912 καὶ
3659 1860 3741 1912 τοῦ

2121 1946 2533 2025 μητροπολίτου
2585 1949 2834 2006 Ἰκονίου.
2869 1950 3234 2024 Διαιρεθέντες
3298 1948 3388 2003 οὖν
3446 1947 3576 2002 κατά
3627 1967 3745 2024 φρα-

2115 2038 2266 2113 τρίας
2317 2045 2417 2108 τῆς
2472 2036 2753 2099 πολιτείας
2812 2039 2864 2092 οἱ
2926 2035 3130 2114 ἔξοχοι,
3163 2037 3424 2092 καὶκατά
3481 2035 3742 2114 φάλαγγας

2118 2127 2554 2195 συνασπίσαντες,
2617 2125 2798 2181 ἐπίασι
2872 2131 2980 2182 τῶν
3056 2126 3369 2202 ἀνακτόρων
3431 2131 3545 2189 τοῖς
3627 2125 3746 2199 πρὸς

2118 2217 2209 2270 τὸν
2269 2216 2566 2290 ἀνίσχοντα
2621 2214 2781 2284 ἥλίον
2814 2217 2950 2289 (99),
2981 2215 3070 2269 καὶ
3112 2214 3325 2270 τούτων
3386 2215 3742 2290 κρατήσαντες,

2120 2305 2450 2380 στρατιώτας
2513 2303 2743 2366 οἰκείους
2797 2302 3081 2381 ἰφιστῶσιν
3141 2304 3218 2366 εἷς
3281 2303 3455 2358 αὐτῶν
3505 2300 3744 2378 φυλακήν.

2121 2394 2228 2451 Τὸν
2278 2391 2335 2446 δὲ
2383 2390 2608 2468 βασιλέα
2655 2392 2745 2446 σὺν
2795 2396 2864 2467 τῇ
2919 2391 3286 2467 βασιλευούσῃ
3320 2392 3497 2468 Μαρίᾳ
3550 2391 3633 2445 καὶ
3677 2394 3745 2461 τῷ

2123 2483 2226 2554 υἱῷ
2281 2481 2356 2544 εἷς
2394 2484 2461 2536 τά
2519 2481 2570 2536 έν
2626 2479 2965 2557 Βλαχέρναις
3014 2480 3462 2560 καταπεφευγότα
3507 2479 3747 2546 ἀνάκτορα

364 2575 683 2646 καθαιροῦσι
740 2579 839 2642 τῆς
902 2571 1200 2648 βασιλείας,
1232 2575 1320 2628 καὶ
1377 2574 1539 2650 ῥᾳκος
1595 2573 1982 2651 ἀμφιεννύουσι
2040 2576 2308 2647 μοναχοῦ,
2340 2570 2429 2625 καὶ
2484 2570 2621 2647 πρὸς
2664 2571 2762 2639 τήν
2818 2572 2988 2644 μονήν
3019 2575 3116 2625 τοῦ
3149 2567 3420 2626 Στουδίου
3453 2568 3746 2643 ἀπάγουσιν,

367 2657 784 2716 ἀπολελαυκότα
807 2668 906 2730 τῆς
945 2661 1220 2736 βασιλείας
1249 2662 1301 2717 ἐν
1333 2662 1499 2718 ἔτεσιν
1614 2664 1703 2718 καὶ
1738 2663 1871 2736 μησὶ
1900 2662 2203 2724 τοσούτοις.
2236 2665 2412 2715 Ταῦτα
2438 2661 2573 2714 κατά
2599 2661 2661 2715 τὸ
2697 2655 2975 2715 Σάϐϐατον
3007 2661 3245 2735 γέγονεν,
3284 2658 3334 2714 ἐν
3371 2659 3416 2732 ᾧ
3447 2661 3543 2729 τὴν
3585 2657 3664 2712 ἐπὶ
3689 2658 3748 2728 τῇ

366 2749 427 2804 ἐκ
456 2756 659 2825 νεκρῶν
695 2750 896 2826 ἐγέρσει
927 2755 1023 2804 τοῦ
1071 2749 1320 2828 Λαζάρου
1353 2756 1432 2826 (1)
1461 2754 1889 2826 θαυματοποιίαν
1925 2756 2023 2806 τοῦ
2069 2749 2274 2826 Κυρίου
2320 2749 2409 2804 καὶ
2461 2753 2593 2804 Θεοῦ
2642 2749 2730 2804 καὶ
2781 2756 3045 2822 Σωτῆρος
3091 2751 3254 2821 ἡμῶν
3309 2747 3679 2822 πανηγυρίζειν
3721 2745 3750 2812 ἡ

364 2836 668 2908 Ἐκκλησία
695 2837 1025 2914 παρείληφε.
1055 2843 1166 2897 Τοῦ
1197 2846 1329 2916 γοῦν
1360 2841 1590 2918 Μιχαὴλ
1622 2843 1764 2897 οὕτω
1791 2850 1890 2912 τῆς
1931 2839 2205 2917 βασιλείας
2236 2838 2671 2907 ἐκπεπτωκότος,
2700 2839 3143 2914 ἀπραγμάτευτον
3180 2837 3303 2911 εὗρε
3331 2837 3432 2905 τὴν
3481 2833 3753 2909 αὒταρχίαν

370 2928 398 2982 ὁ
433 2930 818 3000 Βοτανειάτης,
852 2929 939 2982 καὶ
973 2925 1058 3002 ᾔει
1091 2931 1225 3004 πρὸς
1253 2932 1351 3000 τήν
1385 2929 1638 3007 βασιλίδα
1665 2937 1774 2987 τῶν
1805 2931 2042 2987 πόλεων.
2075 2931 2135 2988 Ὁ
2196 2929 2380 3002 μέντοι
2438 2928 2754 3005 Νικηφόρος
2814 2928 2842 2981 6
2895 2925 3196 3003 λογοθέτης
3249 2926 3333 2999 τῷ
3372 2921 3661 2995 Ῥουσελίῳ
3712 2919 3755 2975 ἐν

362 3016 663 3092 Ἡρακλείᾳ
694 3018 1047 3092 σκηνουμένῳ
1077 3026 1176 3089 τῆς
1203 3019 1419 3082 πόλεως
1455 3019 1760 3092 ὑπεξελθὼν
1792 3021 2235 3095 προσεχώρησεν,
2271 3019 2337 3076 Οἱ
2380 3015 2428 3072 δ’
2473 3017 2524 3072 ἐν
2569 3021 2638 3091 τῇ
2686 3014 2871 3085 πόλει,
2900 3016 2991 3071 τὸν
3039 3011 3278 3092 Μιχαὴλ
3326 3014 3757 3077 κατασπάσαντες,

368 3105 456 3161 έπὶ
509 3107 679 3181 τρισὶν
730 3106 963 3184 ἡμέραις
1017 3108 1285 3184 βασιλέως
1326 3109 1635 3185 χηρεύοντα
1675 3111 2103 3186 συντηρήσαντες
2146 3108 2212 3163 τὰ
2265 3105 2513 3183 βασίλεια
2557 3111 2636 3179 τῷ
2684 3105 3012 3181 Βοτανειάτῃ
3075 3103 3395 3160 ἐπισπεῦσαι
3451 3102 3538 3157 καὶ
3603 3097 3758 3163 ἐλθεῖν

364 3194 801 3252 ἐπιστέλλουσιν.
843 3197 903 3254 Ὀ
955 3194 1033 3269 δὲ,
1064 3193 1153 3251 ἕνα
1199 3201 1303 3252 τῶν
1365 3199 1579 3254 οἰκείων
1625 3197 1835 3254 δούλων
1885 3198 2238 3274 προπέμψας,
2267 3197 2358 3252 τὸν
2413 3195 2644 3271 Βορίλαν
2696 3195 2862 3274 φημὶ,
2894 3195 2984 3250 καὶ
3035 3191 3104 3250 δι’
3152 3191 3323 3250 αὺτοῦ
3376 3190 3655 3266 κατασχὼν
3701 3186 3758 3242 τὰ

365 3284 659 3362 ἀνάκτορα,
685 3280 1040 3340 ἐπικατέλαϐε
1066 3286 1314 3350 κάκεῖνος
1351 3293 1464 3360 μετ’
1495 3289 1558 3343 οὐ
1588 3287 1753 3344 πολύ.

305 3357 360 3414 Γ
437 3351 585 3431 ΧΙΧί
620 3351 954 3433 Botoniates
1002 3394 1135 3432 cum
1195 3377 1252 3432 in
1313 3351 1526 3449 regiam
1564 3379 1946 3452 pervenisset,
1980 3397 2009 3435 a

2153 3351 2295 3432 ΕΘΖ
2331 3375 2480 3433 Ἐπεὶ
2541 3370 2589 3428 δ’
2618 3371 2669 3428 έν
2720 3374 2834 3437 τοῖς
2889 3371 3188 3449 βασιλείοις
3219 3374 3300 3446 (2)
3342 3372 3370 3426 6
3415 3368 3755 3436 Βοτανειάτης

365 3465 702 3537 patriarcha
733 3466 874 3522 feria
905 3467 1080 3522 tertia
1113 3483 1337 3539 magnae
1361 3467 1744 3525 hebdomadis
1777 3487 2013 3525 corona-

365 3559 483 3625 tur,
511 3571 576 3610 ac
611 3554 868 3626 primum
901 3553 1044 3610 illud
1081 3555 1453 3613 liberalitatis
1477 3559 1774 3630 specimen
1807 3559 2009 3626 edidit,

366 3648 432 3699 ut
460 3643 744 3715 quidquid
794 3645 935 3700 fisco
997 3646 1325 3714 deberetur,
1387 3647 1444 3702 id
1497 3648 1833 3705 universum
1867 3648 2014 3703 citra

367 3732 764 3803 exceptionem
816 3733 1095 3800 aboleret,
1157 3751 1220 3788 ac
1266 3751 1444 3790 novas
1501 3735 1732 3792 tabulas
1798 3733 2014 3792 illustri

368 3821 558 3876 edicto
604 3821 956 3877 institueret.
1006 3823 1244 3894 Bryenio
1295 3841 1448 3888 vero,
1517 3825 1618 3897 qui
1703 3826 1894 3881 adhuc
1954 3827 2014 3881 in

370 3909 682 3966 Occidente
711 3911 1081 3983 tyrannidem
1107 3913 1360 3981 tenebat,
1393 3931 1495 3986 per
1521 3914 1743 3985 legatos
1777 3914 2016 3972 Caesaris

369 3997 652 4053 honorem
693 3999 1022 4071 pollicetur,
1047 3999 1096 4054 si
1123 4001 1430 4073 tyrannide
1461 4002 1771 4070 abstineat,
1822 4009 1880 4059 et
1911 4004 2014 4059 ad-

363 4086 666 4158 jutoribus
696 4089 846 4158 ejus,
880 4087 1170 4144 honorum
1203 4107 1351 4161 quos
1376 4092 1502 4162 jam
1531 4093 1604 4148 ab
1640 4091 1734 4148 illo
1757 4093 2018 4164 accepis-

373 4178 525 4242 sent,
549 4176 1204 4234 confirmationem.Sed
1237 4195 1372 4234 cum
1403 4179 1502 4236 ille
1533 4181 1760 4253 imperii
1787 4181 2019 4253 cupidi-

373 4268 494 4321 tate
526 4269 804 4334 testuans,
840 4283 954 4322 non
986 4267 1416 4340 cederet,atque
1438 4269 1680 4326 alteram
1704 4275 1759 4327 et
1787 4271 2018 4328 tertiam

372 4352 728 4428 legationem
755 4356 1006 4428 superbe
1026 4358 1412 4430 repudiasset,
1427 4359 1634 4432 legatis
1659 4361 1826 4417 aliter
1842 4377 2019 4433 quam

376 4445 558 4502 moris
588 4448 697 4514 est,
729 4449 1006 4519 exceptis,
1039 4451 1095 4503 et
1139 4464 1272 4504 cum
1327 4449 1652 4521 ignominia
1707 4450 1970 4506 dimissis
2004 4467 2018 4505 :

2123 3463 2346 3540 ἐγένετο,
2391 3461 2662 3519 ἀναδεῖται
2717 3462 2854 3518 κατά
2903 3464 3002 3532 τὴν
3062 3459 3312 3537 μεγάλην
3374 3459 3570 3536 Τρίτην
3626 3454 3756 3528 παρά

2121 3560 2217 3609 τοῦ
2266 3555 2609 3630 πατριάρχου
2653 3553 2834 3624 ταινίᾳ
2886 3549 3167 3627 βασιλικῇ,
3199 3551 3290 3606 καὶ
3341 3554 3555 3626 πρῶτον
3608 3547 3754 3600 ἅπασι

2121 3644 2364 3720 παρέσχε
2417 3644 2478 3698 τὸ
2508 3642 2884 3715 φιλοτίμημα,
2910 3642 3006 3704 τάς
3049 3641 3124 3703 εἷς
3172 3641 3234 3695 τὸ
3285 3637 3552 3712 δημόσιον
3603 3633 3757 3689 ἁπάν-

2121 3754 2229 3788 των
2283 3719 2480 3795 κοινῶς
2533 3730 2766 3810 ὀφειλάς,
2825 3730 3064 3803 ἐκτεμὼν
3133 3727 3626 3807 άπροσδιορίστως,
3679 3719 3760 3778 καὶ

2124 3822 2470 3898 χρεωκοπίαν
2526 3820 2737 3876 τούτων
2804 3820 3127 3894 θεσπίσματι
3203 3819 3639 3895 μεγαλοπρεπῶς
3684 3811 3761 3888 ἰρ-

2123 3913 2447 3988 γασάμενος.
2482 3913 2600 3968 Ἔτι
2654 3907 2712 3964 δὲ
2766 3914 2848 3982 τῷ
2903 3908 3146 3986 Βρυενίῳ
3202 3908 3344 3963 κατά
3393 3907 3493 3976 τήν
3521 3903 3762 3976 Ἑσπέραν

2126 4000 2379 4076 ἐχομένῳ
2421 4007 2519 4070 τῆς
2545 3996 2867 4075 τυραννίδος
2913 3995 3126 4053 στέλλει
3171 3997 3297 4060 τοὺς
3337 3992 3765 4072 ἀπαγγέλλοντας

2124 4092 2224 4160 τὴν
2296 4093 2392 4144 τοῦ
2468 4090 2742 4164 Καίσαρος
2832 4087 2978 4159 ἀξίαν
3055 4086 3206 4160 αὐτῷ
3279 4082 3510 4156 διδόναι,
3567 4083 3613 4138 εἴ
3675 4086 3766 4150 τῆς

2125 4176 2440 4256 τυραννίδος
2499 4177 2824 4255 ἀπόσχοιτο,
2875 4176 2966 4232 καὶ
3013 4181 3130 4239 τοῖς
3179 4174 3328 4248 αύτῷ
3391 4171 3762 4250 συναραμένοις

2125 4269 2221 4331 τὰς
2268 4268 2431 4341 τιμάς
2480 4262 2889 4338 ἐπιϐεϐαιῶσαι,
2938 4269 3023 4328 αἴς
3079 4264 3276 4329 αὐτοὺς
3325 4264 3529 4325 ἐκεῖνος
3587 4259 3767 4334 ἐτίμη-

2131 4379 2239 4414 σεν.
2272 4358 2334 4416 Ὀ
2394 4355 2451 4412 δέ
2507 4354 2714 4436 σφόδρα
2765 4362 2866 4426 τῆς
2919 4353 3196 4428 βασιλείας
3256 4353 3440 4430 ἐφίετο
3491 4351 3580 4408 καὶ
3635 4347 3766 4404 ἀνέν-

2131 4445 2286 4510 δοτος
2315 4446 2406 4516 ἦν.
2439 4446 2612 4502 Πάλιν
2669 4444 2758 4501 οὖν
2819 4447 2973 4522 ἑτέρα
3029 4439 3287 4520 πρεσϐεία
3341 4444 3435 4498 καὶ
3495 4441 3582 4498 ἐπὶ
3609 4437 3765 4510 ταύτῃ

374 4535 704 4606 desperatis
749 4535 963 4607 quietis
1021 4536 1478 4605 conditionibus,
1538 4538 1755 4595 invitus
1801 4538 2009 4594 bellum

2127 4536 2311 4614 τρίτη.
2343 4538 2400 4591 Ὀ
2456 4533 2501 4591 δ’
2551 4535 3006 4614 ὑπερηφανεύετο,
3042 4535 3133 4589 καὶ
3191 4531 3317 4589 οὖδὶ
3363 4531 3502 4588 κατά
3553 4530 3619 4585 τά
3669 4530 3766 4582 τῶν

374 4623 654 4696 suscepit,
687 4628 745 4681 et
772 4623 1041 4681 Alexium
1072 4628 1432 4682 Comnenum
1462 4625 1822 4682 Nobilissimi
1855 4626 2009 4683 titulc

2131 4619 2409 4703 πρέσϐεων
2490 4621 2702 4700 νόμιμα
2784 4623 2911 4688 τοὺς
2993 4619 3246 4702 πρέσϐεις
3329 4621 3574 4698 ἐδέχετο,
3656 4614 3773 4672 ἀλλ’

374 4711 668 4781 ornatu'm,
701 4717 758 4769 et
790 4731 1075 4786 magnum
1132 4715 1525 4771 domesticum
1571 4716 1722 4774 29‘!
1756 4716 2009 4789 designa-

2135 4713 2344 4790 ἀτίμως
2394 4715 2588 4778 αὐτοὺς
2642 4713 3013 4787 ἀπεπέμπετο.
3067 4715 3157 4777 Ὠς
3219 4711 3308 4768 οὖν
3363 4708 3515 4768 οὐδὲν
3577 4707 3772 4781 εἰρηνι-

373 4806 521 4872 tum,
573 4803 1026 4877 praefectumque
1071 4804 1352 4861 Romanis
1409 4804 1762 4877 legionibus,
1820 4810 2009 4862 contra

2129 4809 2240 4868 κῶς
2297 4804 2472 4861 ἀνύειν
2532 4801 2672 4881 ἔγνω
2716 4805 2743 4860 6
2779 4801 3056 4881 βασιλεὺς,
3088 4802 3177 4858 καὶ
3226 4799 3372 4859 ἄκων
3403 4801 3540 4877 πρὸς
3597 4797 3769 4871 μάχην

373 4889 544 4945 illum
577 4891 759 4946 misit.
784 4892 837 4948 Is
870 4909 1004 4949 cum
1035 4911 1100 4950 eo
1149 4910 1522 4966 congressus,
1575 4893 1636 4950 in
1688 4895 1812 4952 loco
1856 4895 1956 4968 qui
1989 4914 2009 4952 ε

2133 4895 2408 4962 ἀπένευσε,
2468 4892 2559 4948 καί
2630 4893 2720 4950 τὸν
2802 4892 3093 4967 Κομνηνὸν
3155 4888 3399 4962 ’Λλέξιον
3475 4884 3773 4961 τετιμηκὼς

373 4980 777 5051 frequentibus
808 4983 971 5038 bona
1010 5000 1174 5056 aquae
1233 4983 1694 5056 scaturiginibus
1745 4985 2009 5059 Calabrya

2133 4979 2503 5058 νωϐελίσιμον
2583 4986 2680 5058 (3),
2733 4983 2822 5038 καὶ
2893 4983 3390 5058 προχειρισάμενος
3460 4977 3626 5054 μέγαν
3690 4971 3772 5028 δο-

1655 5103 1858 5164 Variae
1887 5103 2188 5166 lectiones
2216 5109 2278 5165 et
2307 5108 2496 5165 notae.

447 5205 562 5278 (99)
614 5204 830 5285 :Ewr_t'_otct
904 5208 1010 5263 τῶν
1094 5207 1402 5285 ἀνακτόρων
1489 5209 1635 5285 ,πρὸς
1735 5210 2009 5285 ἀνίσχοντι

2141 5213 2364 5269 rensis:
2390 5215 2550 5269 Anno
2580 5211 2716 5266 1078
2759 5211 2878 5268 ind.
2909 5211 2960 5285 71,
3004 5210 3245 5285 clavam:
3277 5211 3372 5285 pst
3443 5202 3771 5285 {muniti/ii:

377 5274 561 5358 ᾕλιρνζ
607 5278 930 5358 Scylitzes_:
965 5274 1390 5358 Kuptedopct'_8e
1443 5274 1550 5335 τῶν
1611 5274 2009 5358 ἀν-ακτόριίῖνᾷἆί

2132 5286 2255 5358 foro
2310 5285 2616 5354 Botaniati,
2659 5300 2845 5340 mense
2900 5274 3105 5358 Martii,
3161 5285 3214 5337 et
3259 5274 3534 5358 deposuit:
3559 5274 3771 5333 Michael

376 5346 597 5429 trs-6609,
620 5346 755 5421 διὰ,
789 5353 1008 5429 quibus
1044 5346 1238 5429 verbis
1270 5354 1550 5429 Magnum
1585 5346 1878 5429 Palatium
1935 5346 2024 5412 in;
2132 5346 2272 5427 imp.
2304 5361 2356 5414 et
2379 5358 2508 5414 tuli!
2562 5346 2708 5413 ultor
2763 5358 2883 5429 ejus
2938 5355 3048 5429 sibi
3089 5346 3359 5429 ὐωρτεηὶ,
3389 5352 3623 5429 [εεῖέᾳιιι
3655 5364 3772 5429 gum

377 5421 979 5503 téllisituryaubqad
1025 5426 1307 5503 Orientem
1339 5421 1503 5503 urbis
1533 5427 1774 5503 exstitit.
1983 5500 1992 5503 _
2133 5421 2453 5498 menachus,
2476 5437 2528 5486 et
2581 5431 2715 5503 fecit
2760 5421 2952 5484 vocare
2978 5421 3351 5503 Basiluki‘et’
3385 5421 3598 5503 Eriphi.
3640 5421 3771 5503 .Heo

449 5493 533 5565 (1)
559 5493 830 5571 Λαζάρου.
864 5496 1007 5554 Vide
1038 5497 1218 5555 Gloss.
1258 5497 1402 5555 med.
1441 5503 1670 5558 Gracit.
1728 5501 1786 5558 in
1825 5517 1880 5557 v.
1917 5500 2025 5557 Λά-
2136 5493 2455 5580 admodum
2477 5493 3075 5580 _barbara,_ut_catera
3094 5498 3362 5580 ejusdem
3383 5493 3704 5580 scriptoris.

383 5567 609 5648 ξαθξςι-
1019 5644 1041 5648 _
1137 5639 1163 5648 -
1262 5638 1345 5648 ..
1531 5646 1537 5648 _
1917 5645 1949 5648 _

2207 5574 2285 5648 (3)
2317 5569 2718 5647 Νωϐελίσιμον.
2749 5571 2896 5629 Vide
2925 5569 3098 5631 Gloss.
3118 5567 3264 5630 ﬁred.
3286 5567 3516 5630 θνεεσίιζ

453 5634 530 5708 (2)
556 5634 704 5689 Ἐπεὶ
745 5634 791 5692 δ’
849 5637 900 5694 ἰν
953 5644 1072 5702 τοῖς
1134 5638 1452 5713 βασιλείοις.
1512 5646 1856 5717 Anonymus
1916 5645 2028 5702 Ba-
