4036 6206
349 299 466 361 289

350 429 604 501 μέστικον
641 471 656 498 ,

343 518 820 593 προστησάμενος,
873 515 1010 571 κατᾶ
1059 519 1155 570 τοῦ
1214 513 1472 588 Βρυενίου
1531 509 1860 584 ἐξεπεμψεν’
1915 509 1995 576 ὃς,

341 607 525 679 τούτῳ
600 600 900 679 συμϐαλὼν
960 603 1098 658 κατά
1158 623 1212 657 τι
1268 600 1474 677 χωρίον
1534 593 1860 672 Καλαῦρύην

2111 619 2243 657 rum
2277 602 2576 658 hominem
2627 607 2987 662 caacatumin
3022 611 3224 665 urbem
3260 613 3548 683 perduxit.

351 644 525 679 ..υμιγ
601 644 899 679 verum”.
963 644 1098 658 ...μα
1169 644 1212 657 ...
1271 644 1471 677 κνιση-
1536 644 1854 672 mum-Fur
1925 644 1996 671 μ,
2048 644 2054 662 ,
2111 644 2576 658 “numnunc...
2627 644 2987 662 υωυυιυυιμιιι
3025 644 3224 665 υιυσιυ
3260 644 3548 683 parum“...

341 695 672 769 λεγόμενον,
706 693 797 749 διὰ
838 694 900 749 τὸ
943 690 1274 768 κατάρῥυτον
1328 689 1460 744 εἶναι
1506 687 1597 743 τὸν
1649 686 1814 742 τόπον
1869 685 2000 762 βρύ-
2044 667 2051 732 ί
2109 692 2337 763 Byrcnii
2391 697 2585 748 motus
2656 694 2870 751 exitum
2939 697 3163 754 habuit,
3224 701 3333 755 sed
3393 705 3450 756 et
3505 644 3585 758 σέ

339 804 488 838 σεσιν
543 781 753 839 ὑδάτων
811 780 1038 837 πολλῶν
1098 801 1156 836 τε
1212 781 1298 835 καὶ
1362 779 1598 854 ἀγαθῶν,
1660 774 1857 853 ῥᾳδίως
1897 782 2044 862 τῆς-ί

336 873 552 929 ἰκείνου
581 873 917 950 περιεγένετο
970 875 1245 947 στρατιᾶς,
1299 868 1389 923 καὶ
1427 871 1534 921 τῶν
1573 867 1665 939 μὲν
1700 865 1996 934 πεσόντων,

330 969 449 1017 τῶν
480 961 540 1018 δὲ
571 962 878 1040 φυγόντων,
932 960 1044 1017 εἷλε
1095 960 1406 1033 μονωθέντα
1447 958 1536 1012 τὸν
1570 957 1996 1031 τυραννήσαντα,

330 1055 430 1108 καὶ
457 1058 558 1108 τοῦ
590 1054 769 1131 φωτὸς
799 1054 893 1108 τὸν
923 1049 1158 1107 δείλαιον
1205 1047 1534 1124 ἀπεστέρησε
1558 1093 1572 1119 ,
1625 1045 1712 1101 καὶ
1748 1045 1998 1120 εἰσήγαγε

327 1142 548 1222 τυφλὸν
584 1143 659 1206 εἷς
686 1144 784 1212 τὴν
842 1139 1257 1218 βασιλεύουσαν.
1290 1138 1389 1192 Καὶ
1441 1139 1476 1207 ἡ
1526 1137 1618 1210 μὶν
1673 1139 1769 1190 τοῦ
1816 1135 1999 1211 βρυεν-

326 1231 461 1288 νίου
534 1231 612 1294 εἷς
678 1236 840 1287 τοῦτο
911 1228 1108 1292 τέλους
1183 1229 1514 1299 κατήντησεν
1591 1223 1946 1285 ἐπανάστασις
1980 1268 1993 1281 .

324 1323 746 1392 Ἐπανέστησαν
811 1317 870 1375 δὲ
939 1320 1028 1373 καὶ
1108 1318 1159 1373 οἱ
1236 1315 1503 1391 Βάραγγοι
1569 1315 1646 1387 (5)
1710 1312 1845 1368 κατά
1899 1316 1996 1367 τοῦ

330 1410 638 1485 βασιλέως,
701 1407 908 1464 ἀνελεῖν
969 1407 1131 1462 αὐτὸν
1201 1402 1594 1478 μελετήσαντες
1629 1445 1642 1458 .
1696 1401 1999 1472 Ἀντιταξα-

331 1499 516 1573 μένης
551 1496 596 1554 δ’
627 1497 811 1560 αὐτοῖς
853 1496 1042 1572 χειρὸς
1093 1495 1275 1570 ἐτέρας
1308 1495 1648 1566 Ῥωμαϊκῆς,
1680 1491 1759 1553 εἷς
1793 1490 1994 1545 ίκεσίαν

327 1588 667 1665 ἐτράποντο,
708 1586 796 1643 καὶ
841 1585 1176 1662 συγγνώμης
1227 1581 1511 1658 ἐπέτυχον.
1544 1585 1629 1653 Τῷ
1677 1577 1734 1634 δὲ
1784 1578 2000 1656 βασιλεῖ

327 1677 524 1750 τούτῳ
597 1679 698 1746 τῆς
757 1676 1036 1750 ὁμοζύγου
1089 1670 1492 1743 τελευτησάσης
1526 1715 1543 1740 ,
1604 1667 1812 1725 πολλαὶ
1899 1670 1993 1742 μὶν

332 1765 741 1840 ἰμνὴστεύοντο
786 1763 1064 1840 παρθένοι,
1117 1761 1206 1818 καὶ
1264 1761 1371 1836 πρὸ
1416 1764 1524 1816 τῶν
1558 1757 1744 1814 ἄλλων
1804 1760 1839 1828 ἡ
1897 1761 1995 1812 τοῦ
2028 1798 2074 1864 Β

336 1857 618 1932 βασιλέως
675 1861 771 1912 τοῦ
828 1855 1003 1911 Δούκα
1059 1855 1299 1930 θυγάτηρ
1353 1854 1473 1923 Ζωή
1504 1893 1517 1907 .
1577 1852 1638 1909 Ὁ
1679 1849 1736 1905 δὲ
1783 1850 1819 1920 ἢ
1893 1850 1992 1918 τὴν

337 1945 607 2023 βασιλίδα
683 1943 948 2003 Εὖδοκίαν
1013 1941 1207 2013 ἤθελεν
1275 1942 1612 2018 ἀγαγέσθαι,
1672 1939 1708 2009 ἢ
1764 1940 1863 2009 τὴν
1942 1938 1992 2010 ἐξ

331 2035 592 2094 Ἀλανῶν
649 2035 877 2108 Μαρίαν,
935 2034 1034 2102 τήν
1091 2037 1171 2104 τῷ
1228 2030 1333 2107 πρὸ
1363 2028 1528 2085 αὐτοῦ
1575 2030 1991 2099 συνοικήσασαν.

334 2123 578 2181 Στέλλει
609 2129 740 2200 γοῦν
784 2124 882 2192 τὴν
936 2119 1200 2179 Εύδοκίαν
1256 2115 1752 2193 μετακαλούμενος.
1803 2118 1862 2174 Ἣ
1913 2115 1989 2190 δὲ,

332 2217 413 2279 ὡς
444 2212 634 2290 λόγος,
695 2213 794 2268 οὐκ
847 2212 1186 2283 ἀπηνήνατο,
1242 2206 1491 2278 ἐκωλύθη
1544 2204 1600 2262 δὲ
1647 2206 1783 2282 πρὸς
1831 2204 1990 2261 τοῦτο

334 2307 364 2360 6
423 2301 683 2380 βασιλεὺς
733 2301 878 2377 παρά
931 2322 1092 2356 τινων
1156 2299 1435 2373 μοναχῶν.
1496 2296 1599 2353 Καὶ
1656 2295 1837 2371 ἄγεται
1887 2297 1988 2364 τήν

336 2389 603 2470 βασιλίδα
649 2391 885 2464 Μαρίαν,
932 2390 1030 2458 τὴν
1090 2392 1168 2460 τῷ
1215 2388 1320 2462 πρὸ
1368 2385 1531 2441 αὐτοῦ
1573 2385 1987 2470 συνοικήσασαν,

335 2469 496 2537 οὐδὲν
580 2481 742 2550 ἧττον
824 2479 1219 2554 παρανομήσας
1302 2475 1337 2544 ἢ
1416 2473 1460 2529 εἰ
1548 2474 1650 2542 τήν
1725 2469 1986 2527 Εὐδοκίαν

331 2571 595 2646 ἠγάγετο.
656 2567 894 2645 Μοιχεία
945 2569 1046 2644 γὰρ
1076 2565 1143 2636 ἦν
1195 2562 1686 2639 ἀπηρυθριασμένη
1740 2563 1802 2616 τὸ
1857 2561 1989 2616 τολ-

337 2661 514 2733 μηοὲν
553 2702 568 2716 .
622 2659 716 2714 Διὸ
771 2657 860 2712 καὶ
920 2658 948 2712 6
1005 2657 1103 2725 τήν
1181 2651 1496 2730 ἱερολογίαν
1550 2647 1846 2713 τετελεκὼς
1907 2648 1989 2706 ἔπ’

335 2750 532 2811 αὐτοῖς
580 2754 681 2818 τῆς
729 2745 1030 2823 ἱερωσύνης
1085 2740 1447 2799 ἐκπέπτωκεν.
1477 2742 1541 2798 Ὀ
1575 2740 1759 2815 μέντοι
1790 2735 1989 2817 προϐε-

334 2833 684 2899 ϐασιλευκὼς
731 2833 987 2911 Μιχαὴλ,
1042 2833 1117 2895 ὡς
1164 2829 1397 2907 εἷ’ρηται,
1448 2831 1548 2901 τὴν
1574 2828 1740 2905 τρίχα
1785 2828 1986 2903 χαρεὶς,

333 2927 426 2981 καὶ
490 2927 660 3001 ψήφῳ
720 2921 980 2997 συνοδικῇ
1035 2920 1452 2996 μητροπολίτης
1514 2919 1736 2996 Ἐφέσου
1768 2921 1843 2994 (6)
1898 2940 1990 2974 κε-

336 3014 727 3090 χειροτόνητο,
761 3013 851 3068 καὶ
884 3012 1019 3081 ἅπαξ
1073 3012 1335 3088 φοιτήσας
1383 3006 1513 3078 ἐκεῖ,
1565 3006 1854 3078 ἐπανῆλθε,
1897 3008 1988 3062 καὶ

333 3103 390 3158 έν
421 3106 492 3177 τῇ
542 3105 638 3180 τρῦ
691 3100 956 3171 Μανουήλ
1004 3099 1146 3173 μονῇ
1199 3101 1272 3173 (7)
1326 3098 1562 3153 ἐποιεῖτο
1600 3097 1697 3165 τήν
1757 3094 1985 3153 δίαιταν.

1626 289 2032 352 ANNALIUM
2080 291 2225 352 LIB.
2276 293 2489 354 XVIII.

715 429 805 483 καὶ
873 432 984 482 τῶν
1057 427 1378 498 Ῥωμαϊκῶν
1471 421 1631 477 αὐτὸν
1719 419 1988 494 δυνάμεων

2117 423 2350 495 dicitur,
2383 424 2545 481 illius
2583 427 2835 484 exercitu
2867 429 3035 486 facile
3093 435 3387 503 superato,
3443 437 3758 507 tyrannum

3643 305 3763 367 290

2109 513 2240 568 aliis
2269 516 2458 582 caecis,
2493 513 2624 572 aliis
2655 517 2868 587 fugatis
2897 519 3270 590 destitutum,
3304 523 3548 593 cepit,ao
3580 525 3761 583 mise-

3594 614 3757 671 Hunc

2109 692 2337 763 Byrcnii
2391 697 2585 748 motus
2656 694 2870 751 exitum
2939 697 3163 754 habuit.
3224 701 3333 755 Sed
3393 705 3450 756 et
3505 692 3758 776 Varangi

2108 779 2522 852 imperatorem
2555 799 2652 853 per
2670 784 3012 841 seditionem
3047 787 3373 845 interficere
3412 791 3629 860 conati,
3686 795 3758 848 ab

2108 869 2223 925 alia
2253 870 2512 926 Romana
2537 888 2709 927 manu
2742 876 3027 946 oppressi,
3061 879 3440 949 conversique
3486 882 3556 935 ad
3621 898 3756 952 pre-

2109 974 2226 1025 ces,
2256 959 2481 1015 veniam
2529 961 2936 1032 impetrarunt.
2991 963 3132 1019 Cum
3189 971 3385 1021 autem
3437 968 3756 1026 Botaniatae

2109 1064 2252 1103 uxor
2277 1048 2540 1116 obiisset,
2574 1050 2768 1105 multas
2790 1051 3066 1124 virgines,
3092 1056 3356 1126 quamvis
3396 1058 3596 1113 elfecto
3649 1059 3754 1115 im-

2109 1138 2360 1210 peratori
2395 1139 2806 1207 offerebantur,
2849 1158 2915 1197 ac
2944 1159 3058 1213 prae
3106 1145 3329 1200 cateris
3385 1147 3753 1204 Constantini

2109 1231 2275 1282 Ducas
2301 1227 2422 1283 ﬁlia
2451 1233 2579 1284 Zoe.
2613 1233 2830 1285 Verum
2863 1230 2946 1285 illi
2978 1231 3262 1304 placebat,
3293 1238 3395 1289 aut
3424 1236 3757 1308 imperatri-

2108 1332 2232 1371 cem
2268 1316 2579 1372 Eudociam
2611 1318 2848 1388 ducere,
2880 1324 2982 1376 aut
3012 1321 3251 1376 Mariam
3283 1323 3608 1380 decessoris
3659 1327 3753 1381 sui

2107 1405 2434 1476 conjugem.
2473 1405 2631 1461 Misit
2661 1406 2841 1478 igitur
2867 1408 2937 1463 ad
2972 1409 3307 1481 Eudociam,
3342 1428 3468 1482 quae
3499 1429 3632 1468 cum
3664 1415 3754 1486 (ut

2105 1494 2308 1564 fertur)
2369 1495 2706 1566 conjugium
2765 1513 2880 1552 non
2935 1504 3249 1566 recusaret,
3289 1500 3592 1557 monachis
3621 1504 3749 1574 qui-

2105 1583 2356 1639 busdam
2387 1583 2740 1650 vetantibus,
2787 1584 3026 1642 Mariam
3079 1588 3507 1660 imperatricem
3568 1592 3752 1658 ducit,

2104 1670 2162 1726 in
2197 1687 2310 1743 quo
2368 1671 2550 1728 nihilo
2607 1673 2820 1728 rectius
2880 1673 3035 1742 fecit,
3097 1692 3276 1748 quam
3333 1678 3382 1732 si
3436 1679 3749 1736 Eudociam

2105 1760 2444 1833 accepisset,
2479 1765 2581 1817 aut
2625 1762 2880 1818 deterius
2936 1764 3134 1820 etiam.
3197 1765 3260 1820 Id
3309 1767 3467 1822 enim
3524 1767 3752 1825 facinus

2104 1849 2419 1921 impudens
2450 1854 2574 1906 erat
2622 1849 2998 1906 adulterium.
3035 1853 3135 1909 Ille
3162 1859 3319 1910 certa
3348 1856 3448 1928 qui
3511 1873 3748 1913 sacrum

2105 1938 2367 2010 nuptiale
2422 1943 2744 2011 peregerat,
2793 1942 3116 1998 sacerdotio
3187 1944 3420 2000 excidit.
3500 1946 3748 2002 Michael

2101 2043 2234 2084 vero
2256 2027 2483 2100 pridem
2515 2029 2850 2101 imperator,
2884 2034 3052 2088 tonsa
3082 2048 3268 2101 coma,
3294 2039 3359 2088 ut
3391 2035 3615 2091 dictum
3637 2043 3748 2106 est,

2103 2116 2330 2172 concilii
2361 2118 2658 2190 suffragiis
2691 2119 2900 2191 Ephesi
2933 2122 3416 2194 metropolitanus
3445 2129 3536 2180 est
3590 2141 3750 2180 crea-

2100 2209 2217 2274 tus,
2250 2209 2472 2261 etcum
2503 2207 2683 2262 semel
2717 2225 2783 2263 eo
2827 2209 3102 2279 venisset,
3167 2227 3454 2279 reversus,
3501 2212 3559 2267 in
3620 2213 3748 2269 Ma-

2101 2293 2291 2349 nuelis
2322 2297 2678 2352 monasterio
2712 2298 2892 2352 vitam
2925 2298 3058 2370 egit.
3085 2303 3222 2354 Post
3252 2301 3538 2356 amissum
3575 2318 3608 2356 a
3638 2303 3745 2358 Bo-

2100 2383 2322 2439 taniata
2380 2383 2715 2455 imperium,
2761 2404 2795 2441 a
2847 2387 3028 2443 Maria
3085 2388 3472 2459 imperatrice,
3506 2394 3563 2446 et
3619 2390 3746 2460 ipsa

2091 2472 2218 2542 jam
2251 2472 2535 2528 monacha
2571 2474 2737 2543 facta,
2773 2477 3161 2533 moribundus
3191 2478 3417 2534 veniam
3467 2478 3746 2552 supplici-

2100 2564 2186 2615 ter
2215 2564 2435 2629 oratus,
2467 2561 2688 2635 ignovit
2746 2564 3000 2632 mulieri,
3052 2583 3116 2622 ac
3161 2569 3339 2622 Deum
3374 2568 3618 2639 rogavit,
3679 2573 3746 2624 ut

2099 2649 2302 2705 itidem
2335 2651 2384 2706 ei
2417 2651 2764 2723 ignosceret.
2798 2655 3080 2711 Caeterum
3138 2656 3596 2728 Protoproedrus
3646 2655 3746 2712 Ni-

2100 2739 2389 2811 cephorus
2457 2740 2795 2811 Basdacius,
2856 2745 2954 2816 qui
3043 2744 3286 2816 Bryenio
3340 2745 3398 2799 in
3444 2745 3746 2816 Dyrrachii

2099 2830 2443 2900 praefectura
2475 2830 2963 2901 successerat,l-et
2992 2833 3118 2904 ipse
3140 2833 3368 2905 imperii
3427 2835 3747 2905 cupiditate

2098 2922 2378 2987 aestuans,
2411 2918 2647 2975 collecto
2678 2919 2930 2976 exercitu
2960 2921 3431 2978 Thessalonicam
3483 2923 3746 2995 proﬁcis-

2099 3007 2269 3062 citur.
2295 3007 2402 3063 Ubi
2435 3023 2566 3062 cum
2595 3008 2916 3076 didicisset,
2953 3011 3306 3066 Botaniatem
3350 3028 3540 3066 rerum
3593 3012 3741 3084 poti-

2097 3101 2226 3150 tum
2257 3113 2406 3163 esse,
2441 3096 2681 3152 serviles
2719 3099 2788 3153 ad
2824 3115 2958 3154 eum
2991 3099 3214 3155 litteras
3267 3099 3442 3170 dedit,
3503 3101 3739 3156 interim

334 3163 492 3250 Μετᾶ
521 3163 590 3246 δὲ,
615 3192 677 3246 τὸ
715 3191 806 3245 τὸν
855 3163 1213 3258 Βοτανειάτην
1256 3163 1362 3256 τῆς
1407 3163 1683 3261 βασιλείας
1712 3184 1986 3240 ἐκπεπτω-

2101 3202 2233 3241 vero
2264 3185 2414 3242 clam
2438 3187 2818 3241 defectionem
2871 3188 3112 3244 molitus
3146 3195 3253 3259 est,
3303 3189 3624 3245 Patzinacis
3682 3190 3742 3244 in

330 3281 505 3348 κέναι,
559 3281 811 3350 θνήσκων
869 3276 1027 3340 οὗτος
1079 3278 1106 3331 ὁ
1156 3273 1413 3351 Μιχαὴλ,
1469 3272 1656 3330 πολλά
1705 3271 1990 3344 δεηθείσης

335 3368 503 3423 αὐτοῦ
541 3373 642 3438 τῆς
695 3364 1018 3442 βασιλίσσης
1078 3365 1316 3440 Μαρίας,
1366 3361 1467 3435 ἤδη
1524 3363 1778 3434 κάκείνης
1829 3383 1993 3436 μονα-

335 3464 444 3532 χῆς
492 3455 811 3532 γεγονυίας,
865 3455 1191 3532 συγγνώμης
1243 3448 1422 3527 ἔνειμε
1467 3451 1671 3527 ταύτῃ,
1720 3450 1810 3506 καὶ
1861 3472 1988 3527 συγ-

337 3545 591 3620 χώρησιν
627 3543 893 3615 ἐπηύξατο
921 3543 979 3598 ἐκ
1027 3547 1181 3598 Θεοῦ.
1210 3543 1270 3600 Ὀ
1303 3539 1359 3597 δὲ
1409 3538 1865 3618 πρωτοπρόεδρος
1895 3547 1992 3597 Νι-

337 3632 582 3710 κηφόρος
640 3634 668 3687 ὁ
717 3631 1046 3693 Βασιλάκιος
1104 3633 1199 3705 (8).
1257 3634 1356 3684 τοῖ’)
1406 3629 1654 3706 Βρυενίου
1701 3628 1986 3707 γενὸμενες

337 3721 420 3776 ἐπὶ
483 3725 564 3793 τῷ
622 3719 915 3797 Δυῤῥαχίῳ
971 3717 1256 3794 διάδοχος,
1313 3719 1402 3773 καὶ
1462 3719 1625 3781 αὐτὸς
1686 3717 1859 3793 ἔρωτα
1887 3726 1988 3790 τῆς

340 3808 620 3885 βασιλείας
682 3807 1066 3881 ἐνεκυμόνησε,
1121 3807 1210 3863 καὶ
1260 3805 1508 3884 στρατιὰν
1558 3808 1833 3884 ἀθροίσας,
1895 3808 1987 3863 σὺν

336 3899 475 3972 αὐτῇ
523 3899 660 3971 πρὸς
717 3895 1111 3968 Θεσσαλονίκην
1173 3896 1370 3972 ἀνῄει.
1431 3898 1594 3954 Ἔνθα
1663 3898 1845 3970 μαθὼν
1909 3899 1982 3959 ὡς

333 3989 360 4042 6
421 3986 781 4057 Βοτανειάτης
848 3981 1221 4048 βεϐασιλεύκει
1253 4029 1266 4054 ,
1325 3984 1513 4059 ἐκείνῳ
1564 3986 1656 4058 μὲν
1710 3983 1984 4041 ἐπέστειλε

331 4073 612 4138 δουλικῶς
649 4122 664 4146 ,
724 4073 899 4152 λάθρα
948 4073 1006 4130 δὲ
1060 4077 1126 4128 τὰ
1181 4080 1283 4143 τῆς
1337 4074 1662 4136 ἀποστασίας
1720 4073 1933 4151 ἐτύρευε
1964 4119 1980 4147 ,

328 4165 420 4220 καὶ
484 4165 622 4240 πρὸς
696 4163 1016 4238 συμμαχίαν
1097 4162 1504 4236 μεταπέμπεται
1570 4162 1932 4232 Πατζινάκους
1966 4205 1979 4219 .

327 4256 394 4310 Ὃ
423 4252 588 4327 γνοὺς
621 4253 648 4307 6
681 4253 1062 4323 Βοτανειάτης,
1106 4246 1526 4326 χρυσόϐουλλον
1577 4252 1725 4323 αὐτῷ
1767 4249 1981 4306 στέλλει

328 4343 571 4420 γραφὴν,
617 4342 731 4414 ἅμα
783 4342 877 4414 μὲν
921 4341 1310 4416 περιποιοῦσαν
1365 4340 1514 4411 αὐτῷ
1567 4339 1646 4417 ἐφ’
1695 4341 1772 4402 οἷς
1823 4339 1979 4396 ἐτόλ-

333 4452 474 4504 μησε
521 4431 584 4484 τὸ
615 4431 946 4504 ἀμέριμνον,
996 4430 1110 4503 ἅμα
1159 4426 1216 4484 δὲ
1263 4429 1352 4484 καὶ
1401 4430 1570 4500 τιμὴν
1616 4428 1760 4500 αὐτῷ
1806 4424 1980 4484 νωϐε-

2102 3274 2384 3330 auxilium
2408 3275 2677 3330 evocatis.
2736 3277 2858 3340 Quo
2918 3278 3254 3332 Botaniates
3310 3278 3746 3349 coginto,aurea

2101 3362 2260 3418 bulla
2292 3364 2493 3431 missa,
2529 3366 2586 3418 et
2616 3363 3027 3434 impunitatem
3052 3365 3102 3420 ei
3133 3371 3190 3421 et
3245 3365 3610 3421 Nobilissimi
3644 3367 3746 3422 ho-

2099 3467 2300 3507 norem
2330 3450 2656 3525 pollicetur.
2691 3452 2905 3508 Verum
2937 3470 3068 3509 cum
3090 3453 3184 3510 ille
3217 3471 3330 3510 non
3384 3456 3736 3512 ﬂecteretur.

2096 3540 2363 3597 Alexium
2422 3545 2803 3611 Comnenum,
2837 3559 3010 3614 quem
3044 3543 3347 3599 Sebastum
3394 3542 3738 3616 appellarat,

2099 3635 2302 3686 contra
2330 3630 2497 3686 illum
2525 3630 2724 3686 mittit.
2773 3632 2825 3686 Is
2885 3631 3360 3687 Thessalonicam
3423 3633 3737 3704 profectus,

2097 3720 2278 3792 cepiis
2309 3720 2436 3791 ejus
2469 3720 2838 3792 profﬂigatis,
2893 3719 3112 3792 ipsum,
3175 3738 3305 3776 arce
3361 3721 3520 3776 urbis
3564 3737 3740 3793 expu-

2096 3814 2292 3882 gnata,
2323 3815 2581 3882 captum,
2605 3812 2782 3882 jussu
2812 3810 3202 3882 imperatoris,
3237 3811 3421 3866 oculis
3447 3809 3737 3882 privavit.

2096 3903 2219 3966 Qua
2249 3899 2476 3972 Bryenii
2506 3905 2564 3956 et
2618 3900 2887 3956 Basilacii
2914 3899 3097 3967 clade,
3162 3901 3313 3956 293
3376 3900 3552 3955 etiam
3615 3899 3738 3970 alii,

2095 3988 2193 4058 qui
2251 3988 2600 4044 seditionem
2658 3993 2858 4044 contra
2933 3989 3344 4060 imperatorem
3409 3994 3736 4056 moverant,

2095 4077 2480 4133 modestiores
2515 4077 2668 4146 facti,
2703 4094 2864 4134 arma
2921 4083 3261 4148 posuerunt.
3320 4079 3530 4133 Contra
3587 4079 3738 4134 Tur-

2093 4182 2190 4220 cos
2223 4181 2393 4237 porro
2460 4165 2757 4222 Orientem
2808 4168 3200 4236 incursantes,
3253 4167 3422 4238 juxto
3482 4167 3732 4223 exercitu

2092 4255 2375 4311 attribute
2430 4255 2751 4328 imperator
2803 4255 3279 4325 Constantinum,
3342 4256 3730 4320 Constantini,

2090 4343 2257 4399 Ducas
2297 4344 2522 4416 pridem
2571 4345 2942 4417 imperatoris
2990 4344 3176 4399 tilium
3221 4385 3234 4411 ,
3293 4361 3426 4399 cum
3493 4344 3739 4416 imperio

2090 4432 2270 4487 misit.
2297 4433 2352 4488 Is
2380 4450 2514 4489 vero
2545 4450 2678 4488 cum
2702 4433 3106 4505 Chrysopolim
3141 4433 3486 4502 trajecisset,
3539 4432 3736 4488 statim

330 4517 591 4592 λισσίμου
653 4513 1060 4594 βραϐεύουσαν⁹
1116 4517 1242 4574 ἀλλ’
1294 4516 1496 4580 ἐκεῖνος
1550 4519 1803 4594 ἄτεγκτος
1860 4518 1924 4587 ἦν
1963 4563 1975 4576 .

2101 4521 2252 4576 novis
2309 4521 2486 4576 rebus
2543 4522 2758 4587 studet,
2819 4527 2876 4576 et
2933 4520 3170 4574 militari
3229 4521 3400 4575 turba
3432 4536 3560 4590 qua:
3620 4519 3737 4575 illic

327 4611 485 4672 ’Όθεν
517 4608 609 4662 καὶ
667 4609 785 4662 κατ’
825 4607 989 4662 αὐτοῦ
1031 4609 1058 4662 6
1114 4608 1405 4681 Κομνηνὸς
1447 4605 1694 4677 Ἀλέξιος
1751 4604 1974 4662 στέλλε-

2087 4614 2232 4676 erat,
2257 4610 2575 4681 imperator
2597 4610 2906 4666 salutatur.
2937 4613 3151 4665 Verum
3186 4610 3505 4680 imperator
3533 4607 3736 4662 militi-

329 4719 438 4766 ται,
514 4698 771 4770 τιμηθεὶς
849 4692 1166 4769 Σεϐαστὸς,
1218 4697 1309 4751 καὶ
1389 4696 1524 4751 κατὰ
1580 4694 1978 4767 Θεσσαλονίκην

2101 4716 2198 4754 aus
2230 4701 2439 4770 partim
2461 4700 2806 4754 muneribus
2838 4699 3346 4769 adductis,partim
3380 4697 3733 4769 dignitatum

329 4788 642 4862 γενόμενος,
702 4787 790 4842 καὶ
855 4792 936 4859 τῷ
987 4786 1296 4859 ΒασιΛακίῳ
1355 4786 1650 4859 συμμίξας,
1694 4787 1821 4849 τοὺς
1852 4785 1974 4862 περὶ

2085 4787 2411 4843 honoribus
2441 4787 2787 4855 conciliatis,
2847 4787 3063 4858 partim
3114 4786 3277 4843 aliler
3335 4790 3511 4858 atque
3569 4785 3736 4841 aliter

1612 5001 1815 5062 Variae
1845 5000 2145 5062 lectiones
2175 5007 2237 5061 et
2265 5005 2455 5062 notas.

395 5189 471 5261 (4)
504 5182 855 5261 Καλαϐρύην.
892 5187 1040 5261 Vide
1093 5187 1249 5244 idem
1307 5186 1497 5261 Gloss.
1529 5187 1590 5261 in
1649 5185 1872 5261 Βρύσις,
1925 5191 1984 5244 et

2101 5188 2444 5261 monasterio
2468 5187 2698 5261 agimus
2716 5187 2774 5243 in
2797 5189 2998 5244 nostra
3021 5187 3503 5260 Constantinopoli
3531 5185 3732 5243 Christ.

323 5239 1759 5341 οίξέινξςξιξιιειάθέειξδίεξέεεῖιριιέτέω-εσσε.

390 5334 467 5416 (ᾖ)
500 5332 894 5416 Οζιξᾴρςιχγοι..
929 5332 1009 5416 ρο
1040 5332 1334 5416 Varangis
1363 5330 1600 5416 copiose
1651 5330 1882 5403 egimus
1913 5330 1974 5386 in

322 5403 484 5461 Notis
517 5406 588 5460 ad
624 5403 1122 5468 Villharduinum,
1148 5410 1203 5460 et
1233 5405 1302 5460 ad
1339 5405 1684 5461 Alexiadem.

2085 5259 2188 5316 lib.
2218 5279 2292 5329 IV,

2644 5330 2671 5384 6
2706 5326 3048 5409 βασιλάκιος.
3107 5331 3287 5402 Cujus
3343 5328 3730 5409 rebellionem

2085 5402 2555 5460 et"fortuna'm
2663 5402 2932 5475 pluribus
3015 5411 3289 5459 enarrant
3367 5402 3732 5475 Nicephorus

394 5477 470 5549 (6)
504 5475 942 5549 Μητροπολίτης
1003 5475 1250 5550 Ἐφέσου.
1323 5475 1471 5532 Vide
1560 5474 1844 5532 Allatium
1901 5476 1976 5533 De

2101 5477 2368 5550 Byrenius
2405 5477 2464 5533 in
2496 5477 2641 5535 Hist.
2679 5480 2736 5532 et
2766 5477 2981 5547 conjux
3031 5477 3197 5532 Anna
3225 5475 3542 5547 Comnena,
3575 5474 3679 5531 lib.
3713 5492 3732 5530 1

321 5550 542 5622 Ρεειιίε,
577 5566 634 5622 p.
669 5550 759 5605 41.

286 5660 291 5664 ~
393 5616 596 5696 (ηἙν
643 5623 712 5697 τῇ
768 5622 866 5676 τοῦ
936 5616 1208 5690 Μανουὴλ
1293 5621 1456 5695 μονῇ.
1535 5620 1616 5679 De
1689 5618 1975 5678 Manuelis

2080 5551 2121 5606 Α
2129 5549 2334 5606 ιειτίαιί.
