2018 3103
203 173 261 204 291

881 171 1045 203 ΙΟΑΝΝἹΒ
1065 172 1168 202 ΖΟΝΑ
1175 172 1238 202 RE

1838 179 1890 209 292

204 238 320 274 inectis,
336 238 441 274 cﬂ'ecit,
466 241 499 267 ut
526 238 736 267 Constantinus
765 237 820 265 sibi
849 238 1021 265 traderetur.

1085 235 1187 263 ἐκεῖνον
1202 237 1438 275 κατετροπώσατο,
1467 237 1604 272 κάκεῖνον,
1633 237 1672 270 ei:
1693 240 1742 274 τὴν
1764 242 1811 274 τῆς
1830 246 1888 271 em-

203 283 382 311 Adolescens
398 283 488 319 igitur
502 283 615 310 raditur
629 282 761 318 (quidam
777 281 867 310 etiam
892 281 1027 309 sacerdo-

204 331 264 356 tem
281 330 402 355 unctum
419 327 566 361 ferunt)jet
581 327 611 353 in
627 326 754 354 insulam
772 326 1027 362 redegatur./Emi-

205 373 283 401 lieno
298 372 476 400 Antiocheno
487 371 651 407 patriarcha
663 374 789 406 mortuo,
804 372 833 398 in
850 372 915 406 ejus
930 371 1026 398 locum

205 417 348 446 successit
363 416 542 452 Nicephorus
571 418 764 451 cognomento
780 416 909 443 Maurus.
936 416 1027 452 Impe-

205 465 285 492 rator
300 462 346 488 hic
362 460 467 496 partim
484 460 520 487 ob
534 462 697 495 provectam
711 463 834 494 aetatem,
853 461 960 496 partim
990 461 1025 487 ob

204 505 364 534 naturalem
382 505 532 532 mollitiem
546 505 633 531 rebus
662 505 905 532 administrandis
923 513 1024 539 parum

202 551 333 578 intentus
362 549 428 581 fuit,
458 549 509 576 sed
534 549 650 576 Sidensi
680 549 902 584 metropolitano
916 551 945 576 et
963 549 1026 584 ipse

202 603 302 622 curam
320 593 500 630 negotiorum
517 593 677 620 mandavit.
703 593 743 620 Ad
772 593 832 620 haec
858 601 956 620 servos
977 592 1024 620 ha-

199 638 264 665 buit
274 638 358 669 duos,
373 644 497 672 quorum
514 636 596 663 alteri
614 636 737 669 Borilus,
754 636 836 664 alteri
854 637 1025 664 ’Germanus

200 690 308 710 nomen
325 682 380 709 fuit
396 690 403 708 ε
419 681 449 708 hi
465 689 516 716 pro
533 689 587 708 sua
602 680 723 708 libidine
746 689 866 708 sursum
887 681 1024 709 deorsum

200 726 364 754 miscebant
379 725 488 757 omnia,
506 726 592 760 atque
607 724 662 760 ipsi
677 725 775 760 Tetiam
799 725 967 761 imperatori
997 730 1026 756 et

200 771 319 798 domino
332 770 515 805 imperabant
533 778 539 797 :
557 769 594 796 ob
610 777 735 804 quorum
759 769 912 797 audaciam
929 771 957 796 et
982 778 1023 798 ar-

200 815 362 851 rogantiam
379 814 442 849 ipse
458 822 574 850 quoque
588 813 660 841 viris
675 813 816 849 dignitate
831 813 961 849 praeditis
977 814 1024 842 iu-

201 860 281 886 visus
299 858 362 885 fuit.
378 858 559 893 Nicephorus
577 866 641 884 vero
657 857 818 893 logotheta,
830 866 898 885 eum
927 866 958 885 se
987 858 1023 886 ad

201 902 353 931 Ruselium
371 902 555 934 contulisset,
581 902 618 929 ab'
639 910 672 929 eo
706 901 831 929 vinculis
861 904 905 929 est
929 911 1022 930 asser-

200 950 296 983 vatus,
312 949 340 974 et
356 946 473 974 Ruselio
490 946 588 973 subito
616 946 758 973 exstincto
780 946 808 973 in
825 946 1023 982 suspicionem

199 992 278 1019 venit
293 992 352 1019 dati
369 991 411 1018 illi
424 991 537 1019 veneni.
554 990 636 1018 Unde
651 990 686 1017 ab
703 990 782 1018 illius
798 991 941 1027 cognatis,
968 990 1023 1018 Bo-

199 1036 315 1064 taniataa
331 1035 507 1070 traditus,‘in
524 1035 682 1071 quamdam
698 1034 907 1068 insulam,ante
921 1035 1023 1063 urbem

199 1080 416 1116 imperatricem
432 1080 530 1113 sitam,
548 1079 702 1115 relegatur.
722 1078 812 1106 Aulici
830 1087 915 1115 porro
930 1079 1023 1113 veriti,

201 1133 236 1152 ne
249 1125 273 1152 si
290 1125 317 1151 in
335 1124 520 1159 imperatoris
542 1126 731 1160 conspectum
754 1124 874 1158 veniret,
891 1132 1022 1151 assume-

199 1171 291 1204 retur,
307 1171 393 1204 atque
410 1177 511 1196 omnes
527 1168 589 1196 loco
614 1171 752 1201 moveret,
782 1168 948 1204 imperatori
978 1168 1021 1195 di-

198 1216 278 1249 cunt,
296 1214 445 1241 hominem
462 1213 637 1240 immensam
648 1213 753 1240 habere
765 1212 1023 1248 percuniam,enm-

198 1258 293 1294 quein
310 1258 414 1284 fiscum
438 1265 502 1285 esse
532 1257 725 1285 referendam.
755 1257 848 1293 Igitur
869 1257 1020 1284 Straboro-

198 1310 314 1336 manus,
343 1304 406 1329 tum
432 1310 555 1336 magnus
581 1301 774 1334 hetariarcha,
808 1300 948 1335 mittitur,
971 1301 1021 1337 qui

198 1346 347 1374 hominem
365 1348 488 1382 rogaret,
508 1346 555 1373 ubi
572 1353 606 1373 ea
616 1345 814 1373 occultaretur
829 1347 840 1372 Ρ
855 1345 900 1372 cui
931 1346 1019 1373 iidem

197 1391 385 1427 persuadent,
404 1392 435 1417 ut
446 1398 512 1417 eum
529 1390 665 1417 omnibus
680 1389 775 1417 modis
791 1389 915 1418 tollat.Is
930 1390 1022 1425 igitur

197 1435 227 1463 in
242 1434 371 1462 insulam
403 1437 566 1470 pervectus,
590 1434 728 1461 miserum
749 1434 790 1461 ita
815 1434 956 1468 torsii,ut
991 1435 1021 1462 in

197 1479 411 1515 qumstionibus
425 1479 582 1515 expirarit:
608 1479 742 1514 quamvis
768 1479 961 1514 promitteret,
990 1487 1021 1507 se

198 1524 307 1559 scripto
323 1523 524 1558 expositurum
536 1523 673 1557 omnia,si
690 1523 903 1559 quaestionibus
919 1522 1019 1551 libera-

198 1571 289 1596 retur.
307 1569 345 1595 Ac
360 1567 408 1595 ille
419 1567 536 1603 quidem
553 1567 594 1595 ita
605 1568 700 1603 periit.

1083 279 1231 317 σαλονίκης
1257 282 1430 320 συμφυγόντα
1456 281 1605 320 ἀκρόπολιν
1624 306 1630 317 ,
1655 282 1799 322 πολιορκίᾳ
1828 286 1887 322 ἐζώ-

1081 335 1175 363 γρησε,
1191 327 1236 353 καὶ
1260 326 1323 358 τοὺς
1348 325 1508 366 ὀφθαλμοὺς
1535 326 1643 364 ἐξέκοψε
1667 330 1715 355 τοῦ
1734 329 1826 367 ἀνδρὸς
1850 342 1888 360 χε-

1082 369 1171 397 λεύσει
1190 370 1328 408 βασιλικῇ.
1347 371 1396 398 Καὶ
1421 370 1503 398 ἄλλοι
1526 369 1555 398 δὲ
1578 371 1737 409 ἀντάραντες
1759 374 1823 408 ἦσαν
1837 380 1889 413 χεῖ.

1083 424 1130 452 ρας
1143 414 1232 451 τούτῳ
1248 417 1287 451 τῷ
1314 415 1430 453 βασιλεῖ,
1453 414 1516 443 ἀλλ’
1541 415 1570 443 ἐκ
1593 418 1648 443 τῶν
1672 417 1733 454 περῖ
1759 418 1802 446 τὸν
1818 420 1890 457 Βρυὲσ

1081 469 1137 486 νιον
1163 457 1323 495 συμϐάντων
1349 461 1393 487 καὶ
1418 460 1478 496 περὶ
1503 460 1549 487 τὸν
1576 460 1738 489 Βασιλάκιον
1769 473 1888 502 σωφρονι-

1081 504 1196 537 σθέντες,
1225 505 1259 531 τὰ
1287 504 1360 531 δπλα
1387 504 1538 532 κατέθεντο.
1569 505 1629 533 Τῶν
1654 505 1781 543 Τούρκων
1803 506 1829 535 δὶ
1846 509 1889 543 τήν

1081 548 1165 583 Ἐῴαν
1191 548 1425 587 κατατρεχόντων,
1452 548 1560 576 στέλλει
1585 549 1645 576 κατ’
1675 549 1761 578 αὐτῶν
1786 551 1799 578 6
1823 552 1888 589 βασι-

1081 591 1143 623 λεὺς
1172 592 1216 619 σὺν
1251 593 1396 631 ἀξιομάχῳ
1425 594 1605 630 στρατεύματι
1635 595 1831 623 Κωνσταντῖνον
1850 598 1889 624 τὸν

1080 636 1136 663 υἱὸν
1152 637 1200 664 τοῦ
1214 634 1495 674 προϐεϐασιλευκότος
1512 638 1718 666 Κωνπαντίνου
1741 640 1787 667 τοῦ
1802 640 1889 676 Δούκα,

1080 680 1181 708 ἐκεῖνον
1197 681 1369 720 στρατάρχήν
1391 685 1441 716 τῆς
1463 683 1532 709 κατὰ
1551 684 1607 710 τῶν
1635 682 1762 721 Τούρκων
1779 689 1891 721 στρατιᾶς

1079 725 1310 763 προστησάμενος.
1328 727 1358 755 Ὁ
1382 724 1421 763 δὲ,
1447 727 1515 764 πρὸς
1537 727 1586 761 τήν
1609 726 1782 764 καλουμένην
1798 730 1890 766 Χρυσό-

1079 769 1160 796 πολιν
1178 768 1396 808 διαπεραιωθεὶς,
1418 770 1569 808 νεωτερίζει
1595 771 1687 806 εὐθὺς,
1701 772 1745 799 καὶ
1769 774 1837 811 παρὰ
1849 777 1891 809 τῆς

1079 813 1164 842 ἐκεῖσε
1197 814 1279 849 siin}:
1321 818 1518 853 στρατιωτικῆς
1553 814 1681 850 πληθύος
1717 816 1889 855 ἀναγορεύεται

1081 858 1215 895 βασιλεύς,
1235 859 1322 887 Ἀλλὰ
1335 859 1399 890 τοὺς
1427 860 1474 896 μὲν
1490 862 1543 887 τῶν
1568 862 1742 898 στρατιωτῶν
1758 860 1850 899 δώροις
1877 864 1888 890 6

1080 902 1206 941 βασιλεὺς
1243 904 1396 942 ὑπηγάγετο
1415 927 1422 939 ,
1450 904 1513 935 τοὺς
1550 902 1572 931 δ’
1612 905 1775 941 ἀξιωμάτων
1807 910 1889 943 τιμαῖς

1079 947 1245 983 ᾠκειώσατο,
1277 947 1379 979 ἄλλους
1420 947 1443 976 δ’
1471 947 1565 979 ἄλλως
1601 949 1823 987 μετεχειρίσατο,
1849 952 1889 978 καὶ

1078 992 1141 1029 παρ’
1177 993 1267 1020 αὐτῶν
1304 993 1430 1030 συσχοεὶς
1457 994 1471 1020 6
1506 994 1737 1028 Κωνσταντῖνος,
1766 995 1888 1033 παρεδόθη

1077 1038 1116 1071 τῷ
1146 1035 1263 1074 βασιλεῖ.
1293 1037 1416 1074 Κείρεται
1439 1037 1528 1065 τοίνυν
1555 1038 1569 1065 6
1592 1037 1714 1072 νεανίας,
1738 1039 1782 1065 καὶ
1802 1039 1837 1070 εἲς
1850 1044 1890 1075 νῆ-

1078 1091 1124 1107 σον
1139 1081 1332 1119 περιορίζεται.
1359 1080 1445 1119 Λόγος
1471 1080 1494 1109 δ’
1513 1081 1571 1119 ἔχει
1595 1082 1643 1109 καὶ
1669 1083 1742 1120 ἱερέα
1756 1087 1888 1120 χρισθῆναι

1076 1125 1121 1152 τὸν
1145 1124 1295 1163 ἄνθρωπον.
1320 1128 1373 1152 Τοῦ
1398 1125 1569 1163 πατριάρχου
1600 1125 1630 1153 δὲ
1660 1126 1826 1165 Ἀντιοχείας
1849 1131 1889 1156 τοῦ

1076 1168 1242 1205 Αἶ’μιλιανοῦ
1271 1170 1317 1196 τὸν
1350 1169 1409 1207 βίον
1442 1169 1666 1207 μετηλλαχότος,
1695 1172 1888 1209 προκεχείριστο

1075 1211 1166 1251 ἕτερος
1192 1213 1352 1252 Νικηφόρος
1376 1214 1390 1241 6
1414 1215 1524 1252 Μαῦρος
1548 1213 1713 1251 λεγόμενος.
1740 1215 1822 1247 Οὗτος
1839 1217 1887 1244 τοί-

1074 1268 1121 1285 νυν
1146 1258 1160 1285 6
1189 1257 1317 1295 βασιλεὺς
1338 1258 1369 1286 τὸ
1396 1259 1444 1295 μέν
1467 1269 1510 1286 τοι
1534 1259 1580 1285 καὶ
1607 1257 1654 1286 διὰ
1672 1263 1757 1297 γῆρας
1774 1260 1846 1298 βαθὺ,
1861 1261 1886 1288 τὸ

1076 1300 1105 1329 δέ
1130 1312 1157 1329 τι
1185 1301 1230 1329 καὶ
1255 1301 1300 1329 διὰ
1329 1303 1444 1341 φυσικὴν
1473 1302 1610 1340 χαύνωσιν
1643 1303 1675 1331 οὐ
1704 1303 1770 1331 πάνυ
1796 1315 1820 1331 τι
1843 1308 1885 1340 τῆς

1074 1347 1127 1374 τῶν
1142 1347 1309 1384 πραγμάτων
1334 1347 1436 1381 ἥπτετο
1462 1345 1635 1383 διοικήσεως,
1655 1346 1730 1375 ἀλλὰ
1756 1349 1799 1376 τὸν
1815 1348 1887 1384 Σίδης

1077 1389 1284 1427 μητροπολίτην
1299 1390 1344 1418 καὶ
1369 1391 1448 1422 οὗτος
1472 1388 1713 1429 προσλαϐόμενος,
1736 1392 1822 1429 ἐκείνῳ
1844 1394 1887 1428 τήν

1074 1436 1128 1461 τῶν
1144 1436 1242 1461 κοινῶν
1267 1434 1374 1466 ἀνέθετο
1400 1434 1540 1471 πρόνοιαν.
1566 1435 1653 1463 Ἦσαν
1680 1434 1709 1463 δὲ
1731 1439 1770 1472 τῷ
1792 1436 1889 1474 βασιλεῖ

1073 1477 1163 1515 τούτῳ
1178 1479 1222 1506 καὶ
1249 1477 1296 1505 δύο
1321 1477 1427 1514 δοῦλοι,
1453 1479 1490 1505 ὧν
1507 1479 1521 1506 6
1538 1479 1585 1515 μὶν
1611 1479 1741 1517 Βόριλος,
1762 1481 1848 1518 ἅτερος
1862 1480 1887 1508 δὲ

1074 1523 1211 1561 Γερμανὸς
1239 1523 1426 1560 ὠνομάζοντο·
1452 1522 1526 1550 οὗτοι
1551 1523 1641 1551 τοίνυν
1667 1524 1735 1562 ἦγον
1757 1525 1789 1552 τὰ
1809 1526 1885 1552 πάντα

1075 1567 1119 1594 καὶ
1149 1566 1244 1606 ἔφερον
1274 1568 1310 1598 ὡς
1338 1565 1494 1602 ἐϐούλοντο,
1520 1567 1564 1594 καὶ
1586 1567 1669 1595 αὐτὸν
1693 1570 1739 1596 τὸν
1754 1572 1888 1607 κρατοῦντα

195 1612 240 1639 καὶ
268 1611 361 1647 κύριον
389 1611 499 1647 ἑαυτῶν,
515 1609 548 1638 δι’
577 1610 622 1643 οὖς
650 1611 694 1638 καὶ
714 1611 848 1647 μισεῖσθαι
863 1613 958 1638 τοῦτον
975 1612 1047 1647 παρὰ
1074 1614 1128 1639 τῶν
1144 1611 1169 1639 έν
1195 1611 1268 1639 τέλει
1297 1609 1445 1645 συνέϐαινε,
1475 1613 1706 1650 προσφερομένων
1721 1615 1773 1641 τῶν
1794 1612 1887 1642 δούλων

197 1655 309 1686 ἐκείνοις
326 1655 557 1694 ἀλαζονικώτερον
574 1655 618 1682 καὶ
632 1655 803 1693 θρασύτερον.
820 1656 864 1686 Ὠς
880 1654 934 1690 ἤδη
952 1654 980 1683 δὲ
996 1654 1113 1693 εἷ’ρηται,
1130 1656 1143 1683 6
1160 1656 1309 1694 λογοθέτης
1331 1656 1500 1694 Νικηφόρος,
1516 1658 1723 1694 προσχωρήσας
1746 1659 1784 1693 τῷ
1798 1660 1889 1685 Ῥουσι-

195 1700 260 1736 λίῳ,
276 1700 327 1727 ὑπὸ
343 1698 454 1736 δεσμοῖς
468 1701 531 1737 παρ’
546 1699 648 1727 ἒκείνου
663 1701 808 1735 τετήρητο.
826 1699 905 1727 Ἀλλ’
920 1698 1054 1737 αἰφνίδιον
1080 1701 1166 1727 θανὼν
1183 1701 1196 1728 6
1212 1700 1377 1734 Ῥουσέλιος,
1404 1700 1520 1737 ὑποψίαν
1541 1702 1678 1739 παρέσχεν
1703 1702 1740 1732 ὡς
1762 1702 1830 1740 παρᾶ
1847 1700 1890 1729 τοῦ

197 1748 346 1786 λογοθέτου
362 1749 497 1788 φαρμάκῳ
511 1748 642 1786 ἀνῄρητο.
661 1748 707 1776 Διὸ
722 1748 766 1776 καὶ
790 1748 863 1787 παρὰ
890 1750 943 1776 τῶν
967 1751 1006 1785 τῷ
1027 1748 1174 1785 Ῥουσελίῳ
1197 1749 1390 1787 προσηκόντων
1417 1751 1456 1785 τῷ
1479 1748 1644 1787 Βοτανειοίτῃ
1668 1749 1835 1787 παραδοθεὶς,
1857 1750 1889 1781 είς

197 1793 259 1830 μίαν
275 1796 328 1821 τῶν
342 1794 396 1832 πρὸ
410 1797 459 1828 τῆς
476 1792 615 1831 βασιλίδος
630 1796 684 1822 τῶν
699 1793 807 1821 πόλεων
833 1793 963 1829 κειμένων
979 1794 1069 1828 νήσων
1094 1793 1288 1831 περιορίζεται.
1306 1794 1339 1822 Ol.
1355 1792 1383 1821 δέ
1397 1804 1428 1830 γε
1450 1793 1511 1830 περὶ
1536 1793 1581 1820 τὸν
1609 1793 1734 1831 βασιλέα,
1751 1793 1888 1824 δεδοικότες

197 1843 246 1877 ὡς,
263 1842 286 1870 εἴ
301 1843 339 1875 εἰς
354 1841 415 1880 ὄψιν
448 1843 583 1871 ἐλεύσεται
610 1846 649 1880 τῷ
676 1843 793 1881 βασιλεῖ,
822 1843 1064 1881 προσληφθήσιται
1091 1843 1135 1870 καὶ
1166 1844 1265 1874 πάντας
1293 1843 1539 1881 παροιγκωνίσεται,
1569 1843 1727 1871 ὑποτιθέασι
1754 1847 1792 1880 τῷ
1815 1847 1887 1871 Botu-

192 1887 283 1925 νειάτῃ
319 1888 464 1924 ἀμυθήτων
492 1888 615 1925 εὐπορεῖν
643 1889 794 1926 χρημάτων
824 1888 869 1916 τὸν
899 1888 1071 1925 λογοθὲτην,
1100 1888 1144 1915 καὶ
1181 1890 1264 1915 ταῦτα
1302 1890 1341 1923 τῷ
1377 1887 1511 1925 βασιλικῷ
1546 1891 1648 1925 χρῆναι
1688 1892 1889 1926 προσενεχθῆναι

198 1932 312 1968 ταμείῳ.
329 1931 475 1959 Στέλλεται
503 1932 592 1959 τοίνυν
621 1933 635 1959 6
665 1930 910 1970 Στραϐορωμανὸς,
943 1932 1025 1969 μέγας
1051 1931 1242 1970 ἐταιρειάρχης
1268 1931 1330 1959 τότε
1356 1930 1511 1969 γενόμενος.
1538 1930 1683 1968 έρωτήσων
1721 1932 1765 1959 τὸν
1800 1932 1890 1969 ἄνθρω-

198 1986 248 2003 πον
275 1975 328 2012 ὅπη
356 1976 428 2012 αὐτῷ
456 1975 489 2003 τὰ
516 1977 646 2014 χθήματα
674 1977 830 2014 κέκρυπται.
860 1977 893 2005 Οἱ
918 1975 947 2004 δὲ
975 1975 1035 2014 περὶ
1062 1977 1107 2003 τὸν
1139 1975 1262 2014 βασιλέα,
1293 1976 1340 2008 οὓς
1361 1975 1405 2003 καὶ
1426 1974 1573 2003 δεδοικέναι
1600 1976 1650 2010 τήν
1676 1978 1724 2004 τοῦ
1754 1975 1886 2015 λογοθέτου

197 2023 345 2061 παρουσίαν
385 2025 399 2052 6
433 2023 515 2062 λόγος
557 2023 772 2063 προδιηγήσατο,
812 2025 934 2057 πείθουσι
972 2025 1018 2052 τὸν
1054 2022 1288 2063 Στραῦορωμανὸν
1326 2022 1430 2051 ἀνελεῖν
1467 2023 1514 2051 τὸν
1550 2022 1693 2060 ἄνθρωπον
1730 2023 1759 2052 ἐκ
1792 2024 1886 2062 τρόπου

197 2068 308 2099 παντός.
339 2069 386 2100 ⁸ος
413 2069 469 2103 καὶ,
495 2069 638 2108 γενόμενος
654 2070 722 2097 κατά
737 2069 784 2104 τήν
815 2073 896 2105 νῆσον
926 2069 951 2097 ἐν
976 2070 994 2104 ἦ
1022 2068 1197 2107 περιώριστο,
1227 2068 1312 2103 ἐτάζει
1341 2069 1386 2096 τὸν
1416 2067 1500 2105 άνδρα
1528 2067 1599 2095 οὕτω
1626 2067 1774 2107 σφοδρῶς,
1804 2068 1838 2099 ὡς
1860 2067 1882 2095 ἐν

197 2118 293 2149 αὐταῖς
322 2122 380 2150 ταῖς
411 2119 537 2157 βασάνοις
565 2119 740 2157 ἐναπόψύξαι,
755 2119 799 2147 καὶ
813 2122 897 2147 ταῦτα
921 2119 1138 2156 ὑπισχνούμενον
1164 2119 1201 2150 ὡς
1221 2119 1309 2146 πάντα
1331 2117 1391 2153 δοίη
1419 2118 1444 2145 ἐν
1469 2118 1648 2157 ἀπογραφοις,
1675 2118 1698 2146 εἷ
1721 2119 1765 2146 τὸν
1782 2117 1885 2154 ἑτασμὸν

196 2161 376 2202 διαφεύξοιτο.
393 2164 423 2193 Ὁ
440 2164 487 2201 μὲν
505 2164 550 2192 οὖν
564 2164 649 2195 οὕτως
663 2163 819 2193 ἀπόλωλεν.

230 2252 286 2281 ΧΧ.
303 2253 454 2281 Commeni
469 2262 535 2282 vero
551 2253 679 2281 lsaacius
693 2255 721 2281 et
737 2253 855 2281 Alexius
870 2253 906 2281 ab
927 2253 1018 2289 impe-

1110 2253 1200 2281 Κ’.Οἱ
1229 2250 1258 2279 δὲ
1287 2251 1424 2289 Κομνηνοῖ
1453 2251 1466 2279 ὁ
1497 2252 1629 2283 Ἰσαάκιος
1657 2252 1702 2279 καὶ
1731 2252 1745 2281 ὁ
1773 2250 1883 2286 Ἀλέξιος

192 2300 289 2326 tutore
305 2307 395 2333 supra
420 2298 540 2326 modum
569 2301 598 2326 et
626 2298 844 2326 honorabantur
869 2300 897 2325 et
919 2297 1018 2333 dilige-

192 2342 311 2376 bantur,
329 2343 406 2371 294
417 2346 445 2370 et
459 2342 574 2378 imperii
587 2351 770 2370 successores
778 2342 1015 2370 nominabantur.

193 2387 255 2419 Qua
274 2387 309 2414 de
324 2396 415 2415 causa
425 2387 587 2415 aulicorum
600 2390 628 2414 et
644 2387 672 2414 in
689 2387 792 2422 primis
813 2387 938 2414 duorum
960 2395 1018 2415 ser-

182 2439 305 2465 vorum,
324 2440 396 2467 quos
413 2432 551 2466 diximus,
577 2432 838 2459 obtrectationibus
864 2431 943 2459 fuere
972 2432 1018 2459 ob-

194 2474 283 2507 noxii,
300 2476 349 2510 qui
378 2483 427 2503 eos
452 2476 529 2511 apud
553 2475 636 2503 illum
662 2475 811 2503 criminati
837 2479 907 2503 sunt
932 2476 1018 2511 quasi

191 2527 316 2554 regnum
332 2519 504 2554 cogitarent,
520 2523 548 2548 et
562 2520 749 2556 imperatoris
763 2527 832 2556 erga
858 2520 923 2546 illos
946 2520 1015 2547 affe-

191 2566 269 2591 ctum
286 2571 350 2591 eam
362 2563 536 2591 vellicarunt
548 2567 576 2592 et
592 2565 805 2592 exulcerarunt.
829 2565 890 2597 Quo
902 2564 945 2591 illi
970 2573 1016 2592 co-

190 2608 282 2643 gnito,
300 2609 396 2639 veriti,
411 2617 444 2635 ne
460 2609 529 2643 quid
548 2610 575 2636 in
591 2619 620 2636 se
637 2611 754 2645 gravius
768 2609 979 2642 consuleretur,
990 2613 1019 2637 et

189 2655 222 2679 ut
237 2653 314 2679 fama
330 2653 471 2687 est,regni
490 2654 720 2688 cupidita‘iejum
751 2652 819 2680 olim
848 2655 1017 2688 aestuantes,

190 2697 406 2724 communicato
419 2705 485 2724 cum
510 2697 544 2725 iis
574 2698 681 2733 quibus
716 2698 854 2730 ridebant,
884 2697 1016 2733 consilio,

189 2740 262 2768 urbe
277 2743 430 2774 excedunt,
448 2743 475 2768 et
502 2741 686 2777 Adrianopoli
703 2744 854 2777 occupata,
867 2741 1018 2769 universas

188 2792 263 2821 pene
277 2784 406 2820 legiones
422 2786 458 2813 ad
475 2794 506 2813 se
522 2787 686 2813 attrahunt.
697 2786 813 2813 Alexius
830 2788 927 2814 autem
940 2786 1018 2813 salu-

19 2827 455 2992 θετέον,
467 2833 536 2857 natu
554 2830 658 2864 majori
680 2830 758 2857 fratri
775 2830 925 2866 praelatus,
951 2838 1017 2859 cum

507 2953 579 2992 ,ἑξ

1075 2294 1301 2334 ὑπερϐαλλόντως
1328 2296 1396 2334 πρὸς
1424 2298 1473 2324 τοῦ
1503 2296 1637 2334 βασιλέως
1665 2296 1710 2324 καὶ
1738 2296 1882 2332 τετίμηντο,

1072 2340 1117 2368 καὶ
1133 2340 1302 2379 ἐστέργοντο,
1325 2340 1370 2368 καὶ
1395 2338 1543 2378 διαδόχους
1566 2340 1667 2372 αὐτοὺς
1682 2342 1731 2374 τῆς
1756 2339 1881 2378 βασιλείας

1073 2385 1208 2422 ὠνόμαζε.
1226 2386 1272 2413 Διὸ
1287 2386 1333 2413 καὶ
1348 2385 1421 2423 παρὰ
1434 2387 1486 2412 τῶν
1502 2385 1564 2421 περὶ
1578 2385 1624 2413 τὸν
1640 2385 1810 2419 Βοτανειάτην
1824 2393 1879 2422 σφο-

1073 2428 1144 2467 δρῶς
1158 2428 1362 2465 ὲϐασκαίνοντο,
1386 2429 1430 2457 καὶ
1458 2428 1565 2466 μᾶλλον
1586 2429 1658 2466 παρᾶ
1672 2432 1724 2456 τῶν
1741 2429 1878 2466 εἰρημένων

1075 2473 1123 2501 δύο
1140 2473 1246 2501 δούλων
1272 2473 1363 2508 αὐτοῦ,
1390 2474 1416 2501 οἳ
1436 2474 1481 2501 καὶ
1505 2474 1573 2507 πρὸς
1598 2473 1695 2501 ἐκεῖνον
1716 2472 1778 2504 τοὺς
1793 2470 1881 2509 ἄνδρας

1074 2516 1230 2552 διέϐαλλον,
1260 2519 1297 2550 ὡς
1324 2517 1469 2557 τυραννίδα
1501 2518 1682 2555 μελετῶντας,
1710 2517 1752 2545 καὶ
1777 2517 1821 2551 τήν
1847 2514 1879 2545 εἷς

1073 2563 1171 2593 αὐτοὺς
1204 2563 1253 2590 τοῦ
1288 2563 1423 2600 βασιλέως
1459 2561 1577 2594 διάθεσιν
1610 2561 1762 2600 ὑπώρυττόν
1789 2571 1815 2588 τι
1839 2558 1877 2587 καὶ

1073 2606 1268 2645 παρεσάλευον.
1292 2611 1326 2636 *Ο
1352 2608 1458 2645 γνόντες
1489 2607 1575 2641 οὗτοι,
1606 2607 1650 2634 καὶ
1674 2608 1711 2644 μή
1738 2617 1764 2633 τι
1785 2604 1878 2632 πάθωσι

1073 2651 1247 2687 πτοηθέντες,
1264 2652 1300 2683 ὡς
1318 2650 1346 2679 δὲ
1369 2651 1463 2689 λόγος,
1479 2651 1524 2678 καὶ
1549 2651 1634 2679 πάλαι
1649 2651 1711 2687 παρ’
1727 2651 1825 2678 ἑαυτοῖς
1837 2647 1876 2674 τὸν

1072 2700 1121 2732 τῆς
1138 2696 1278 2733 βασιλείας
1301 2696 1444 2735 τρέφοντες
1470 2694 1568 2733 ἔρωτα,
1581 2696 1626 2723 καὶ
1652 2694 1747 2727 ἄλλοις
1762 2694 1800 2722 οἷς
1815 2690 1880 2728 ἒθάρ-

1074 2741 1148 2779 ρουν,
1173 2741 1203 2768 τὸ
1232 2740 1374 2778 βούλευμα
1397 2740 1605 2776 κοινωσάμενοι,
1629 2739 1740 2775 ἐξῆλθον
1765 2741 1811 2772 τῆς
1835 2735 1878 2763 πό·

1074 2784 1155 2818 λεως,
1178 2785 1223 2812 καὶ
1249 2786 1300 2820 τὴν
1328 2785 1409 2813 πόλιν
1438 2784 1582 2822 Ἀδριανοῦ
1610 2782 1799 2821 κατειληφότες
1815 2804 1821 2811 .
1847 2779 1879 2809 εἷς

1074 2829 1185 2860 ἑαυτοὺς
1212 2830 1243 2857 τὸ
1277 2830 1469 2868 στρατιωτικὸν
1509 2829 1614 2867 ξύμπαν
1630 2827 1737 2868 σχεδὸν
1763 2824 1877 2855 ἐπεσπά-
