4036 6206
285 388 388 448 393

1511 380 1926 443 ANNALIUM
1982 380 2124 441 LlB.
2175 382 2395 444 XVlll.

3533 391 3653 450 294

283 534 459 580 σαντο,
513 511 602 566 καὶ
659 509 1039 586 ἀναγορεύεται
1093 509 1349 586 βασιλεὺς
1399 513 1428 566 ὁ
1475 508 1748 582 ’Λλέξιος,
1796 515 1894 566 τοῦ

2009 515 2162 586 quod
2194 515 2267 570 ob
2292 514 2370 570 rei
2405 513 2679 571 militaris
2713 516 2979 587 peritiam
3012 518 3366 574 exercitibus
3423 520 3655 578 charior

283 605 503 679 μείζονος
546 599 904 676 προτιμηθείς
963 597 1224 678 ἀδελφοῦ,
1283 598 1368 654 ὅτι
1427 621 1486 656 τε
1552 600 1898 675 προσέκειντο

275 693 433 762 τούτῳ
487 687 697 763 μᾶλλον
759 691 832 750 ὼς
881 688 1376 764 στρατηγικωτέρῳ
1430 691 1483 744 οἱ
1534 693 1898 766 στρατιῶται,

273 793 352 847 καὶ
393 788 470 844 ὅτι
520 785 732 861 σπουδῇ
774 807 835 842 τε
881 787 972 841 καὶ
1031 787 1363 861 ὑποσχέσεσι
1422 787 1567 862 παρὰ
1615 792 1722 842 τῶν
1775 781 1900 863 περῖ

271 879 414 934 αὑτὸν
446 875 929 950 μεθειλκύσθησαν’
963 872 1146 938 Οὕτως
1177 874 1268 930 οὗν
1310 876 1630 954 ἀναρῥηθεὶς
1664 879 1691 931 ὁ
1742 875 1900 934 Ἀλέ-

270 970 402 1038 ξιος,
460 965 550 1019 καὶ
611 969 708 1018 τοῦ
759 965 1036 1021 Ἰσαακίου
1091 968 1167 1038 μὴ
1216 965 1354 1020 πάνυ
1407 966 1543 1040 πρὸς
1590 968 1689 1034 τὴν
1736 965 1898 1041 ἀνάρ-

269 1057 406 1132 ῥησιν
468 1051 934 1130 δυσχεράναντος,
990 1055 1089 1123 τὴν
1156 1053 1415 1130 βασιλίδα
1468 1050 1896 1128 καταλαμϐάνει,

264 1154 340 1209 καί
385 1151 517 1226 πρὸς
569 1150 896 1226 πολιορκίαν
945 1153 1277 1225 ἡτοίμαστο.
1329 1155 1390 1209 Ὁ
1445 1151 1503 1207 δὲ
1536 1156 1898 1222 Βοτανειατης

261 1247 365 1302 τοῖς
391 1239 629 1315 τείχεσιν
681 1240 942 1312 ἓπέστησε
991 1239 1258 1318 φύλακας.
1309 1243 1473 1297 Ἦσαν
1525 1239 1582 1296 δὲ
1611 1242 1757 1317 παρά
1780 1263 1900 1296 τινα

259 1329 443 1404 πύργον
476 1329 619 1402 πρὸς
667 1331 736 1402 τῇ
785 1328 934 1403 πύλῃ
984 1333 1085 1395 τῆς
1123 1327 1342 1392 πόλεως
1373 1329 1408 1399 ἢ
1440 1329 1679 1406 Χαρσίου
1710 1327 1898 1385 καλεῖ-

255 1439 370 1486 ται,
430 1416 800 1495 φυλάσσοντες
866 1417 1129 1490 Νέμιτζοι
1184 1414 1358 1492 (ἔθνος
1413 1415 1461 1474 δ’
1515 1420 1569 1474 οἱ
1631 1419 1896 1493 Νὲμιτζοι

255 1514 553 1586 κελτικόν)’
611 1515 763 1569 οὗτοι
821 1514 997 1592 λάθρα
1052 1521 1167 1578 τοῖς
1226 1517 1348 1590 περί
1405 1517 1534 1581 τοὺς
1583 1517 1897 1591 Κομνηνοὺς

255 1603 746 1678 ἐκοινολογήσαντο
778 1603 902 1679 περὶ
934 1602 1228 1680 προδοσίας
1256 1613 1355 1676 τῆς
1406 1605 1644 1669 πόλεως.
1693 1609 1894 1663 Ἕωθεν

257 1692 336 1748 οὖν
363 1692 498 1748 κατὰ
544 1693 653 1762 τήν
706 1692 947 1770 μεγάλην
994 1692 1246 1767 πέμπτην
1293 1702 1394 1764 τῆς
1447 1692 1756 1769 ἑϐδομάδος
1801 1701 1898 1751 τοῦ

258 1782 518 1858 σωτηρίου
546 1782 760 1846 πάθους
788 1787 885 1837 τοῦ
919 1789 1148 1859 Σωτῆρο
1193 1785 1410 1857 ἡμῶνοί
1449 1785 1545 1858 μὶν
1592 1785 1716 1860 περὶ
1767 1785 1895 1848 τοὺς

2011 607 2155 672 erat,
2190 607 2311 658 tum
2340 604 2494 675 quod
2525 604 2880 660 familiarum
2917 607 3130 662 studiis
3174 611 3231 663 et
3282 607 3653 680 pollicitatio-

2012 701 2189 756 nibus
2215 703 2686 758 commendatus.
2711 704 2761 757 ls
2792 702 2974 775 igitur
3003 704 3086 760 sic
3117 705 3470 771 declaratus,
3497 707 3654 762 Isaa-

2010 789 2099 846 cio
2132 807 2243 846 non
2265 791 2587 846 admodum
2612 808 2761 864 aegre
2794 792 3030 860 ferente,
3081 795 3283 850 urbem
3325 794 3657 866 imperatri-

2011 894 2159 947 cem,
2194 879 2266 934 ad
2307 880 2664 935 obsidionem
2699 886 2956 952 paratus,
3015 882 3256 938 invadit.
3319 885 3656 940 Botaniates

2011 993 2145 1031 vero
2177 978 2450 1033 custodes
2485 978 2542 1032 in
2587 979 2871 1034 mamibus
2909 979 3172 1036 collocat.
3233 982 3411 1036 Erant
3459 987 3654 1038 autem

2011 1066 2071 1120 in
2105 1067 2248 1121 turri
2283 1067 2537 1137 quadam
2570 1069 2642 1122 ad
2673 1069 2834 1124 urbis
2868 1075 3093 1141 portam
3127 1071 3428 1127 Charsiam
3456 1078 3656 1127 custo-

2009 1155 2113 1211 des
2144 1157 2408 1224 Nemitzi,
2437 1173 2580 1228 gens
2612 1156 2866 1212 Gallica:
2902 1158 2942 1212 ii
2973 1158 3122 1214 clam
3156 1175 3288 1214 cum
3322 1159 3656 1216 Commenis

2010 1245 2082 1299 de
2114 1244 2442 1315 proditione
2472 1249 2737 1317 egerunt.
2770 1249 2935 1301 Mane
2970 1248 3145 1319 igitur
3177 1248 3234 1302 in
3270 1264 3480 1319 magna
3511 1250 3657 1305 feria

2010 1343 2216 1412 quinta
2262 1342 2604 1413 septimanae
2654 1343 2930 1399 salutaris
2988 1345 3284 1400 Passionis
3340 1345 3655 1402 Salvatoris

2009 1431 2214 1486 nostri.
2243 1435 2538 1486 Comment
2564 1431 2623 1486 in
2655 1449 2888 1487 murum
2925 1433 3271 1488 exteriorem
3331 1450 3361 1488 e
3421 1435 3655 1506 regione

2007 1521 2187 1575 turris
2218 1519 2401 1588 illius,
2433 1537 2607 1591 quam
2631 1520 2876 1576 Nemitzi
2909 1522 3208 1590 tenebant,
3242 1538 3310 1577 ex
3330 1527 3653 1594 composito

2009 1619 2272 1673 fecerunt
2304 1619 2609 1690 impetum,
2641 1637 2788 1690 quos
2819 1620 3143 1676 subeuntes
3188 1620 3318 1677 telis
3374 1621 3654 1677 arcebant

2007 1707 2362 1763 defensores.
2391 1707 2460 1762 Ut
2481 1715 2677 1762 autem
2702 1725 2734 1763 a
2763 1707 3059 1777 Nemitzis,
3094 1709 3130 1763 ii
3177 1711 3280 1780 qui
3340 1710 3398 1764 in
3468 1711 3654 1766 muris

2007 1811 2196 1870 erant,
2225 1822 2293 1861 ex
2315 1805 2463 1860 turri
2486 1806 2862 1875 perebantur,
2895 1822 2999 1861 nec
3058 1806 3233 1861 simul
3288 1811 3344 1862 et
3399 1807 3653 1862 externis

257 1869 568 1945 Κομνηνοῦς
623 1875 703 1943 τῷ
751 1871 1074 1946 καταντικρὺ
1121 1875 1219 1926 τοῖ’)
1267 1873 1412 1946 παρά
1457 1877 1564 1928 τῶν
1617 1873 1894 1947 Νεμίτζων

2007 1901 2060 1949 et
2092 1869 2339 1949 internis
2372 1869 2641 1949 hostibus
2671 1910 2701 1949 e
2729 1869 3031 1965 superiore
3076 1895 3200 1951 loco
3249 1895 3654 1966 jaculantibus

254 1969 629 2045 κατεχομένου
661 1968 872 2044 πύργου
905 1967 1146 2046 ἐξωτέρω
1193 1969 1363 2046 τείχει
1395 1966 1734 2047 προσέϐαλον
1765 1973 1900 2028 κατά

256 2058 512 2130 σύνθημα,
562 2057 624 2112 ο⁹ί
667 2055 724 2112 δὲ
769 2056 1060 2129 ἐφεστῶτες
1115 2057 1260 2130 αὐτῷ
1287 2059 1413 2121 τοὺς
1445 2056 1895 2135 προσϐάλλοντας

255 2143 494 2219 ἔϐαλλον,
537 2146 636 2201 καὶ
687 2147 942 2222 ἀπεῖργον
993 2152 1093 2201 τοῦ
1143 2147 1421 2222 προσιέναι
1471 2149 1666 2225 ἀγχοῦ.
1709 2151 1797 2211 Ὦς
1852 2148 1899 2204 δ’

255 2237 345 2290 ὑπὸ
373 2241 480 2290 τῶν
517 2234 807 2308 Νεμίτζων
855 2233 917 2290 ἐκ
967 2240 1064 2289 τοῦ
1111 2236 1319 2311 πύργου
1365 2239 1415 2290 οἱ
1447 2237 1497 2292 έν
1527 2243 1606 2309 τῷ
1635 2238 1804 2312 τείχει
1839 2237 1897 2292 έ-

255 2319 533 2394 6άλλοντο,
574 2325 655 2396 μὴ
687 2323 795 2379 οἷοί
824 2344 883 2379 τε
912 2320 1059 2386 ὄντες
1089 2324 1176 2378 καὶ
1211 2325 1345 2400 πρὸς
1371 2325 1496 2387 τοὺς
1547 2325 1700 2388 ἐκτὸς
1746 2326 1897 2390 ἀνθί-

254 2415 456 2468 στασθαι
487 2413 585 2468 καὶ
619 2413 756 2488 πρὸς
781 2413 848 2467 τὰ
877 2411 928 2466 έν
976 2411 1070 2475 τὰς
1121 2412 1526 2490 ἀπομάχεσθαι,
1560 2413 1610 2484 ἐξ
1667 2413 1894 2489 ὑπερδε-

253 2502 363 2572 ξίων
414 2501 488 2564 είς
549 2500 750 2563 αὐτοὺς
784 2501 1186 2572 ἀκοντίζοντας,
1241 2501 1503 2558 ἐνέδωκαν
1554 2507 1652 2573 τῆς
1689 2503 1890 2578 ὁρμῆς*

253 2601 310 2657 Οἱ
339 2597 394 2654 δὶ
418 2599 924 2676 τειχομαχούντες,
950 2598 1208 2673 κλίμαξιν
1235 2599 1424 2655 αὐτίκα
1453 2602 1589 2673 πρὸς
1619 2602 1680 2656 τὸ
1707 2608 1896 2677 τεῖχος

255 2688 511 2764 ἀνῄεσαν,
573 2688 668 2743 καὶ
741 2688 807 2742 τὰ
861 2687 1088 2762 κλεῖθρα
1140 2695 1248 2743 τῶν
1306 2687 1492 2744 πυλῶν
1553 2687 1895 2763 διατεμόντες

252 2777 556 2847 πελέκεσιν,
624 2777 832 2841 ἄνετοῖς
885 2783 1001 2840 τοῖς
1062 2778 1402 2851 συνωμόταις
1457 2781 1731 2856 παρέσχον
1791 2783 1889 2849 τὴν

253 2864 470 2935 εἴσοδον,
526 2870 708 2942 ’Ὁπερ
740 2863 945 2928 ἰδόντες
977 2867 1027 2920 οἱ
1057 2867 1149 2921 τὸν
1194 2867 1342 2932 έντὸς
1387 2873 1676 2943 τηροῦντες
1734 2868 1892 2944 περί-

252 2949 427 3026 ϐολον,
459 2951 764 3030 σύγκλυδες
798 2952 1096 3029 ἅνθρωποι,
1129 2959 1216 3010 καί
1252 2954 1512 3030 πολέμων
1542 2958 1593 3012 οἱ
1642 2956 1890 3020 πλείονες

250 3050 434 3122 ἀδαεῖς,
509 3055 549 3123 ἢ
631 3050 844 3124 μᾶλλον
927 3053 977 3126 te
1049 3053 1317 3128 ἀγοραίων
1377 3054 1743 3129 ἀθροισθέντες
1801 3056 1889 3110 καὶ

251 3142 480 3208 πληθύος
523 3137 854 3214 δημότιδος,
915 3143 965 3196 οἳ
1029 3144 1122 3214 μὶν
1181 3144 1455 3205 κατιόντες
1487 3142 1716 3215 ᾤχοντο,
1751 3146 1802 3198 οἱ
1833 3142 1890 3199 δὲ

2009 1983 2281 2038 resistere
2315 1986 2602 2051 poterant,
2639 1982 2921 2053 impetum
2948 1985 3314 2039 remiserunt.
3364 1985 3472 2048 Qui
3520 2002 3654 2041 vero

2009 2072 2218 2126 maania
2248 2071 2874 2143 oppugnabant,sealis
2897 2072 3096 2126 statim
3127 2089 3650 2141 muroconscenso,

2008 2165 2424 2232 portarumque
2456 2160 2728 2214 claustris
2771 2159 3121 2230 bipennibus
3153 2162 3478 2231 perfractis,
3510 2161 3653 2217 libe-

2005 2274 2136 2313 rum
2179 2257 2505 2327 conjuratis
2565 2257 2899 2327 ingressum
2955 2257 3370 2328 patefecerunt.
3423 2259 3544 2322 Quo
3611 2259 3648 2313 ii

2004 2346 2148 2410 viso,
2184 2346 2280 2416 qui
2314 2345 2593 2400 interiora
2633 2345 2846 2399 moenia
2897 2348 3234 2414 tuebantur,
3295 2346 3653 2403 confusanea

2003 2436 2194 2497 turba,
2219 2439 2274 2489 et
2306 2433 2439 2488 belli
2475 2433 2737 2504 plerique
2764 2435 2960 2500 rudes,
2983 2451 3047 2489 ac
3074 2438 3267 2505 potius
3299 2452 3366 2490 ex
3395 2437 3649 2491 circum-

2005 2524 2258 2578 foraneis
2289 2523 2513 2576 collecti
2544 2521 2884 2593 plebeiaque
2916 2523 3326 2580 multitudine:
3390 2523 3490 2579 alii
3548 2526 3648 2580 de-

2003 2613 2302 2678 scendere,
2335 2610 2432 2664 alii
2470 2626 2532 2665 se
2563 2627 2695 2665 cum
2731 2611 2987 2681 periculo
3021 2613 3403 2683 prmcipitare,
3437 2629 3503 2668 ac
3553 2614 3648 2668 fu-

2002 2716 2136 2772 gam
2176 2714 2501 2770 capessere.
2540 2701 2743 2768 Itaque
2778 2700 3080 2755 Comnenii
3139 2703 3315 2756 etiam
3370 2702 3650 2758 interiora

2003 2798 2217 2853 muenia
2247 2797 2653 2851 defensoribus
2687 2797 2856 2868 plane
2887 2815 3067 2853 vacua
3097 2803 3650 2870 occupant,eorum-

2003 2903 2116 2958 que
2140 2885 2321 2957 portis
2374 2885 2574 2940 itidem
2633 2887 2959 2956 patefactis,
3018 2887 3278 2958 undique
3335 2887 3392 2943 in
3442 2888 3648 2944 urbem

2001 2983 2226 3038 aditum
2269 2982 2560 3053 aperiunt,
2585 2983 2782 3037 statim
2818 2984 2887 3037 ad
2928 2984 3283 3056 direptiones
3315 3001 3377 3040 se
3419 3002 3650 3041 conver-

2001 3075 2216 3138 tentes,
2253 3071 2468 3142 quippe
2501 3071 2672 3124 turba
2704 3071 2986 3142 permista
3010 3089 3077 3126 ex
3130 3071 3476 3144 Thracibus,
3531 3077 3645 3128 Ma-

2001 3157 2340 3226 cedonibus,
2368 3159 2647 3212 Romanis
2681 3163 2855 3231 atque
2887 3159 3318 3226 aliis,Barharis
3349 3166 3646 3228 constans,

247 3233 325 3285 καῖ
379 3231 612 3294 ἑαυτοὺς
681 3230 994 3307 ἐπισφαλῶς
1059 3231 1587 3308 κατακρημνίζοντες
1645 3231 1885 3309 ἔφευγον.

2006 3245 2190 3301 nihilo
2223 3245 2432 3300 melius
2465 3263 2640 3318 quam
2668 3230 2888 3310 boetes,
2916 3263 3050 3318 erga
3085 3254 3394 3320 populares
3439 3249 3651 3308 atl'ecti.

247 3330 384 3382 Ὅθεν
439 3328 585 3383 κατᾶ
640 3326 860 3395 πολλὴν
938 3332 1035 3381 τοῦ
1107 3327 1452 3391 κωλύσοντος
1512 3329 1743 3404 έρημίαν
1801 3331 1891 3385 καί

248 3417 327 3472 τὸν
355 3416 500 3480 ἐντὸς
567 3411 864 3490 περιϐολον
899 3419 951 3470 οἱ
991 3416 1114 3490 περὶ
1163 3417 1290 3479 τοὺς
1344 3419 1660 3490 Κομνηνοὺς
1711 3440 1896 3494 παρει-

253 3504 464 3582 λήφασι,
506 3505 602 3559 καὶ
662 3506 756 3566 τὰς
813 3503 1010 3559 τούτου
1070 3505 1248 3568 πύλας
1291 3506 1498 3578 ὁμοίως
1531 3508 1891 3563 ἀναπετάσαν-

252 3613 346 3659 τες,
407 3593 584 3668 βατήν
633 3592 732 3660 τὴν
789 3592 952 3647 πόλιν
1007 3593 1166 3647 παντί
1224 3615 1329 3648 που
1381 3595 1755 3672 πάρέσχοντο,
1805 3596 1894 3653 καί

257 3689 432 3744 αὐτίκα
482 3690 627 3765 πρὸς
687 3687 991 3765 διαρπαγήν
1065 3689 1369 3764 χρημάτων
1441 3693 1492 3746 οἱ
1565 3692 1892 3756 εἷσελθόντες

255 3777 537 3851 ὡρμήκασι
613 3777 920 3850 σύμμικτον
987 3776 1201 3846 πλῆθος
1279 3779 1338 3833 έκ
1411 3786 1633 3856 Θρᾳκῶν
1690 3803 1748 3836 τε
1804 3783 1892 3838 καὶ

256 3864 616 3934 Μακεδόνων,
677 3867 764 3920 καὶ
841 3867 1124 3940 Ῥωμαίων
1201 3865 1387 3922 ἄλλων
1445 3870 1534 3924 καὶ
1594 3866 1890 3946 Βαρϐάρων

256 3955 595 4026 συνεστηκὸς,
657 3951 810 4009 οὐδὲν
839 3951 1060 4026 ἄμεινον
1087 3954 1369 4027 πολεμίων
1429 3957 1565 4032 πρὸς
1595 3979 1720 4020 τους
1754 3959 1896 4033 ὁμό-

252 4041 446 4114 φύλους
527 4041 914 4116 διατιθέμενοι.
1003 4044 1099 4098 Καὶ
1188 4045 1355 4120 μέχρι
1440 4046 1540 4122 γὰρ
1616 4046 1893 4123 έκχύσεως

255 4139 484 4211 αἱμάτων
544 4141 918 4216 προύχώρησε
964 4143 1026 4196 τὸ
1074 4143 1260 4213 κακὸν,
1307 4144 1395 4198 καὶ
1428 4144 1682 4218 παρθένοι
1716 4143 1772 4200 δὶ
1817 4147 1894 4218 τῷ

253 4233 353 4300 Θιῷ
387 4231 789 4304 καθιερωμέναι
841 4225 1048 4292 ἀσεϐῶς
1100 4230 1456 4304 ἰμιάνθησαν,
1506 4233 1595 4287 καὶ
1644 4239 1893 4309 γυναῖκες

252 4315 464 4392 ἀνδράσι
522 4317 938 4392 συνεζευγμέναι
997 4321 1134 4394 πρὸς
1197 4319 1316 4394 βίαν
1379 4316 1745 4398 ὑϐρίσθησαν,
1805 4324 1892 4378 καὶ

257 4412 378 4468 θεῖοι
432 4408 551 4462 ναοὶ
612 4408 701 4461 τὸν
756 4407 962 4480 κόσμον
1021 4407 1194 4463 αὐτῶν
1226 4407 1591 4480 ἐσυλήθησαν,
1633 4413 1722 4466 καὶ
1771 4410 1896 4467 οὐδὲ

257 4499 350 4548 τῶν
381 4496 549 4572 ἆγίων
589 4498 877 4570 κρατήρων
931 4496 1260 4573 ἀπέσχοντο.
1311 4496 1490 4554 Ἀλλὰ
1537 4501 1626 4554 καὶ
1668 4501 1894 4564 τούτους

2005 3345 2149 3399 Nam
2185 3343 2335 3398 295
2363 3344 2429 3397 ad
2466 3345 2809 3398 etl'usioncm
2843 3345 3151 3415 sanguinis
3174 3345 3392 3401 malum
3419 3363 3650 3418 proces-

2006 3433 2105 3500 sit,
2137 3437 2192 3486 et
2223 3432 2480 3502 virgines
2509 3431 2623 3486 Deo
2647 3438 2996 3488 consecratae
3026 3433 3203 3506 impie
3225 3433 3458 3505 pollutae
3487 3438 3648 3490 sunt.

2005 3536 2063 3586 et
2094 3534 2371 3585 matronae
2398 3528 2643 3600 violatae,
2677 3534 2732 3585 et
2762 3530 2982 3601 templa
3003 3535 3207 3586 ornatu
3241 3531 3490 3604 spoliata
3546 3549 3652 3588 nec

2006 3636 2040 3675 a
2069 3617 2456 3674 sacrosanctis
2489 3619 2814 3674 crateribus
2846 3623 3258 3690 temperatum,
3309 3622 3407 3677 sed
3469 3621 3656 3677 homi-

2003 3725 2107 3765 nes
2139 3707 2518 3764 audacissimi
2553 3707 2659 3763 bos
2690 3707 2865 3764 etiam
2899 3713 2956 3762 et
2987 3708 3216 3780 phialas
3252 3709 3540 3765 incruenti
3597 3714 3654 3766 et

2003 3795 2283 3853 terribilis
2361 3795 2631 3852 sacriﬁcii
2712 3794 2915 3867 plenas
2965 3797 3357 3868 diripuerunt,
3425 3797 3654 3854 Sanctis

2004 3885 2174 3941 humi
2207 3884 2428 3941 etl‘usis.
2463 3885 2774 3941 Senatores
2805 3901 3038 3957 quoque
3070 3887 3269 3942 obvios
3331 3886 3510 3942 mulis
3559 3888 3654 3943 deo

2004 3979 2328 4044 traxerunt,
2361 3974 2676 4030 nonnullos
2712 3974 2993 4030 detractis
3013 3975 3278 4030 vestibus
3311 3976 3655 4033 seminudos

2005 4071 2303 4142 etpedites
2348 4072 2405 4126 iu
2468 4071 2610 4127 vicis
2669 4071 3061 4144 reliquerunt.
3122 4073 3253 4128 Hinc
3306 4091 3409 4146 per
3468 4079 3652 4128 totum

2006 4159 2159 4213 diem
2192 4167 2321 4214 acta
2351 4165 2509 4226 sunt,
2543 4176 2609 4215 ac
2643 4159 2864 4215 malum
2896 4177 3084 4232 usque
3100 4162 3168 4216 ad
3195 4167 3401 4218 Bovem
3426 4163 3656 4234 publice

2007 4264 2073 4303 ac
2104 4248 2232 4303 sine
2259 4248 2598 4304 discrimine
2628 4254 2904 4320 vagatum
2936 4255 3043 4305 est.
3091 4251 3342 4322 Jamque
3391 4251 3656 4308 nonnulli

2006 4345 2076 4401 ad
2100 4345 2576 4418 Philadelphium
2609 4353 2665 4403 et
2697 4347 2851 4402 ultra
2882 4354 3313 4419 procurrerant,
3349 4349 3654 4405 Comnem—

2000 4435 2421 4504 que,omnibus
2438 4435 2510 4490 ad
2536 4437 2848 4492 manubias
2879 4437 3485 4503 discurrentibus,soli
3519 4455 3654 4493 cum

2007 4523 2216 4595 exiguo
2240 4540 2482 4580 numero
2517 4524 2722 4592 relicti,
2753 4543 2886 4580 cum
2919 4529 2986 4580 ad
3037 4527 3298 4580 Taurum
3352 4527 3653 4597 pervenis-

258 4585 302 4637 οἱ
325 4585 630 4657 πάντολμοι
679 4586 766 4639 καὶ
817 4585 913 4647 τὰς
962 4586 1110 4662 ἱερὰς
1161 4586 1359 4664 φιάλας
1403 4594 1503 4656 τῆς
1562 4588 1890 4662 ἀναιμάκτον

2006 4617 2160 4683 sent,
2195 4629 2310 4668 non
2343 4619 2481 4670 sunt
2510 4614 2639 4670 ausi
2691 4614 2939 4670 ulterius
2997 4615 3290 4686 progredi,
3350 4617 3430 4670 ita
3469 4614 3652 4686 justis

258 4681 335 4734 καὶ
364 4680 674 4758 φρικώδους
706 4682 887 4744 Θυσίας
941 4681 1173 4759 πλήρεις
1229 4681 1547 4760 διήρπαξον,
1608 4685 1889 4763 ἐκχέαντες

260 4769 318 4822 τὰ
346 4771 505 4846 Ἀγια
537 4772 674 4826 κατὰ
731 4778 857 4846 γῆς.
921 4772 1026 4827 Καὶ
1061 4774 1210 4834 ὅσοις
1238 4771 1295 4828 δὶ
1323 4780 1422 4843 τῆς
1455 4776 1736 4851 γερουσίας
1769 4799 1887 4832 συν.

265 4859 447 4928 ήντων,
482 4865 861 4922 κατασπῶντες
887 4866 996 4916 τῶν
1028 4861 1275 4934 ἡμιόνων
1340 4863 1559 4934 αὐτοὺς,
1607 4865 1780 4928 ένίους
1836 4865 1892 4921 δὶ

259 4955 341 5008 καὶ
388 4955 740 5026 ἀποδύοντες,
804 4957 855 5012 έν
920 4957 1107 5031 μέσαις
1163 4965 1279 5022 ταῖς
1336 4961 1545 5037 ἀγυιαῖς
1594 4964 1718 5018 εἳων
1757 4967 1892 5038 ἡμιη

261 5042 484 5117 γύμνους
536 5066 594 5100 τε
653 5045 743 5100 καὶ
801 5046 1018 5116 πεζούς.
1083 5048 1181 5102 Καὶ
1223 5053 1390 5104 ταῦτα
1435 5051 1555 5114 καθ’
1600 5051 1735 5122 ὅλην
1790 5054 1887 5121 τήν

265 5140 455 5216 ἡμέραν
505 5143 868 5218 έπράττοντο,
928 5145 1018 5199 καὶ
1074 5147 1136 5200 τὸ
1186 5144 1358 5201 δεινὸν
1419 5143 1551 5223 ἄχρι
1603 5153 1698 5202 τοῦ
1755 5150 1892 5214 Βοὸς

265 5226 526 5307 έπεφθάκει
588 5231 899 5307 γινόμενον,
959 5233 1138 5287 κοινόν
1187 5256 1245 5289 τε
1285 5235 1374 5289 καὶ
1404 5233 1711 5308 πάνδημον,
1780 5236 1888 5309 ἤδη

265 5312 314 5370 δέ
339 5339 470 5374 τινες
501 5322 590 5375 καί
627 5323 794 5396 μέχρι
843 5325 940 5375 τοῦ
972 5319 1350 5399 Φιλαδελφίου
1443 5325 1531 5378 καὶ
1561 5326 1893 5401 προσωτέρω

267 5413 570 5491 ἐπέδραμον.
633 5421 700 5474 Οἱ
761 5416 818 5473 δὲ
848 5421 1152 5492 Κομνηνοὶ,
1187 5421 1262 5484 είς
1293 5423 1390 5491 τήν
1441 5425 1724 5497 προνομὴν
1774 5447 1892 5480 σκε-

267 5499 543 5568 δασθεντων
601 5507 838 5575 πάντων,
899 5509 1056 5580 μόνοι
1109 5510 1200 5565 σὺν
1252 5511 1641 5585 εύαριθμήτοις
1691 5512 1896 5592 σφόδρα

268 5609 371 5663 τοῖς
415 5608 529 5680 περὶ
579 5605 772 5668 αὐτοὺς
819 5606 1268 5687 κατελείφθησαν,
1311 5611 1400 5666 καὶ
1454 5609 1557 5674 ἕως
1604 5617 1703 5668 τοῦ
1760 5616 1896 5669 Ταύ-

275 5710 358 5766 ρου
384 5695 676 5770 γενόμενοι,
737 5697 1068 5774 προσωτέρω
1108 5699 1317 5756 ἀπιέναι
1372 5701 1474 5756 οὐκ
1538 5700 1894 5780 ἀπεθάρῥουν.

2005 4711 2209 4766 nudati
2231 4711 2438 4782 copiis,
2472 4717 2534 4766 ut
2564 4713 2614 4767 si
2646 4715 2860 4784 quieos
2895 4712 3151 4784 aggressi
3210 4716 3428 4782 essent,
3487 4712 3655 4768 facile

2003 4798 2159 4870 capti
2193 4817 2257 4853 ac
2289 4799 2466 4854 vincti
2501 4801 2818 4856 Botaniate
2849 4801 3042 4855 traditi
3089 4806 3305 4855 essent.
3341 4801 3451 4856 Sed
3508 4801 3652 4855 divi-

2008 4903 2148 4940 num
2182 4887 2480 4942 decretum
2506 4890 2682 4943 everti
2707 4891 2831 4958 jam
2867 4905 2978 4944 non
3005 4889 3651 4960 poterat.Quamobrem

2007 4983 2340 5039 Botaniates
2369 4985 2800 5041 Comnenorum
2833 4987 3099 5057 ingressu
3133 4987 3386 5059 cognito,
3439 4988 3654 5060 palatio

2001 5072 2202 5126 statim
2237 5071 2462 5140 relicto,
2496 5079 2828 5146 temereque
2875 5075 3116 5146 abjectis
3173 5079 3484 5148 purpureis
3539 5076 3655 5130 cal-

2003 5163 2141 5229 ceis,
2222 5161 2569 5234 Peribleptm
2629 5165 3051 5219 monasterium
3112 5165 3436 5237 ingressus,
3481 5167 3654 5236 cujus

2005 5263 2137 5329 post
2169 5259 2490 5314 Romanum
2543 5261 2828 5332 Argyrum
2895 5262 3306 5333 imperatorem
3359 5260 3654 5316 secundus

2007 5348 2276 5403 conditor
2294 5348 2634 5416 vocabatur,
2667 5365 2832 5405 coma
2880 5367 3032 5419 rasa,
3092 5355 3434 5422 mutataque
3476 5354 3654 5416 veste,

2006 5442 2297 5500 lacernam
2337 5445 2717 5500 monasticam
2763 5447 2972 5500 induit.
3000 5446 3107 5501 Ubi
3140 5463 3273 5500 cum
3327 5445 3655 5516 aliquandaa

2007 5532 2271 5602 vixisset,
2309 5533 2538 5604 pulvere
2561 5533 2784 5605 pulveri
2819 5534 3090 5591 restituto
3139 5535 3440 5606 sepelitur.
3487 5536 3655 5590 Com-

2009 5622 2147 5676 neni
2179 5627 2377 5678 autem
2404 5623 2727 5679 obsistente
2751 5623 2986 5680 nemine
3007 5624 3227 5695 regiam
3251 5623 3501 5698 ingressi
3523 5628 3663 5681 sunt

2009 5710 2155 5767 citra
2183 5709 2463 5781 laborem,
2527 5712 2702 5785 plana
2743 5717 2799 5770 et
2853 5713 3124 5785 expedita
3178 5711 3291 5770 via.
3353 5713 3490 5770 Tale
3547 5713 3656 5770 fuit
