4036 6206
422 280 542 339 295

1774 267 2102 331 JOANNIS
2143 268 2485 330 zomals
3679 287 3777 348 996

417 425 621 468 eorum
651 408 910 476 initium,
943 405 1082 462 talis
1111 406 1170 462 in
1219 405 1426 460 urbem
1456 400 1948 474 impereratricem
1983 399 2043 456 in

2191 401 2464 456 Τοσοῦτον
2525 403 2631 478 γὰρ
2681 400 2955 476 ἔψίλωντο
2987 401 3293 479 ἀξιομάχου
3321 401 3600 481 δυνάμεως,
3627 412 3712 484 ὡς,
3737 417 3776 469 εὶ

420 515 682 572 gressus,
713 496 854 552 talia
883 494 1117 567 imperii
1147 492 1430 565 auspicia.

2166 489 2291 581 τότε
2336 489 2530 554 τούτος
2565 490 2808 557 ἐπῆλθόν
2862 512 3032 561 τινες,
3089 490 3216 567 ῥᾷον
3274 492 3332 548 ἂν
3387 494 3546 567 εἶλον,
3589 500 3779 581 αὐτοὺς,

423 589 513 643 καὶ
547 583 802 658 δεσμίους
854 587 934 656 τῷ
986 582 1313 656 Βοτανειάτῃ
1373 581 1742 655 προσήγαγον.
1803 575 1981 633 ’Δλλὰ
2035 578 2097 632 τὸ
2159 575 2315 651 δόξαν
2372 577 2481 651 ἤδη
2543 577 2658 652 Θεῷ
2719 587 3127 657 μετατραπῆναι
3177 581 3273 637 οὐκ
3300 583 3384 653 ἧν.
3433 587 3606 650 Ἔνθεν
3656 575 3777 645 τοιδ

425 679 520 752 μὲν
582 672 959 744 Βοτανειάτης,
1023 672 1207 745 μαθὼν
1259 674 1366 725 τῶν
1423 671 1727 742 Κομνηνῶν
1785 670 1884 736 τήν
1946 667 2265 736 εἷσέλευσιν,
2322 666 2509 724 ἔπεσιν
2571 669 2762 725 αὐτίκα
2815 675 2925 725 τῶν
2990 669 3311 746 βασιλείων,
3343 673 3500 728 αὐτοῦ
3526 697 3621 731 που
3647 677 3782 753 ῥίψας

419 770 452 824 ἂ
485 765 730 824 ὑπεδεῖτο
790 762 1148 840 φοινικόχροα
1175 759 1395 829 πέδιλα,
1450 760 1540 814 καὶ
1590 759 1665 822 εἷς
1721 761 1819 829 τήν
1877 756 1934 814 δὲ
1992 753 2368 831 Περιϐλέπτου
2429 762 2600 834 μονὴν
2657 761 2928 831 ἀπεὸθὼν,
2988 761 3056 831 ἧς
3113 761 3311 825 ἐκεῖνος
3360 764 3487 836 μετὰ
3535 767 3616 821 τὸν
3666 771 3782 825 κατὰ

413 857 540 918 τοὺς
617 852 914 929 Ἀργυροὺς

999 851 1295 924 (Ῥωμανὸν
1377 849 1577 903 ἐκεῖνον
1653 848 1743 903 τὸν
1830 847 2221 923 αὐτοκράτορα)
2300 851 2526 925 κρήτωρ
2610 847 2860 925 δεύτερος
2949 849 3326 926 ἐχρημάτισε,

3407 853 3625 928 κείρεται
3697 859 3776 928 τὴν

413 945 601 1020 τρίχα,
653 941 742 997 καὶ
803 940 1256 1016 μεταμφιέννυται
1312 939 1409 1007 τήν
1470 935 1700 1008 στολήν,
1774 931 2063 1012 τριϐώνιον
2140 938 2278 992 κατὰ
2358 942 2692 1011 μονάζοντας
2767 937 3164 1012 ἐνδυσάμινος.
3242 941 3403 995 Ἔνθα
3467 941 3551 996 καὶ
3613 945 3782 1020 χρόνον

415 1029 659 1093 ἐπιϐιούς
687 1051 827 1098 τινα,
887 1030 976 1084 τὸν
1034 1032 1168 1104 χοῦν
1233 1027 1458 1091 ἀπέθετο
1513 1032 1593 1098 τῷ
1648 1027 1768 1101 χοῖ,
1826 1025 2012 1102 ταφεὶς
2064 1027 2188 1098 παρ’
2230 1024 2386 1101 αὐτῇ.
2423 1028 2489 1083 Οἱ
2522 1025 2579 1082 δὶ
2609 1028 2909 1101 Κομνηνοὶ,
2950 1025 3183 1100 μηδενὸς
3213 1027 3394 1091 αὐτοῖς
3422 1025 3777 1095 ἀντιϐαίνοντος

411 1127 531 1184 τοῖς
583 1119 903 1195 ἀνακτόροις
947 1119 1500 1195 προσπεφοιτήκασιν,
1531 1115 1934 1191 ἀααλαιπώρως
1960 1113 2150 1177 τούτος
2173 1111 2452 1178 ἐπιϐάντες
2480 1118 2571 1172 καὶ
2603 1115 2832 1191 ὁμαλῶς
2853 1117 2944 1172 καὶ
2979 1117 3114 1191 μετὰ
3139 1116 3360 1187 πολλῆς
3387 1125 3481 1189 τῆς
3512 1116 3780 1192 λειότητος.

413 1210 649 1266 Τοιαῦτά
679 1229 826 1286 σφισι
857 1208 924 1262 τὰ
951 1203 1270 1283 προεισόδια
1299 1207 1506 1282 γέγονε,
1538 1209 1763 1260 τοιαῦτα
1788 1205 1856 1259 τὰ
1885 1203 1960 1266 εἷς
1989 1204 2086 1273 τήν
2121 1201 2375 1278 βασιλίδα
2404 1211 2510 1262 τῶν
2545 1205 2758 1263 πόλεων
2797 1207 3084 1283 εἰσιτήρια,
3116 1210 3341 1262 τοιαῦτα
3397 1209 3463 1262 τὰ
3512 1216 3604 1279 τῆς
3647 1211 3782 1285 ,βασι-

414 1298 562 1361 λείας
595 1292 942 1373 ἐπιϐατήρια.

481 1391 627 1446 XXI.
662 1386 966 1455 Comneni,
1000 1388 1176 1443 rebus
1207 1385 1466 1456 suisjam
1497 1384 1555 1440 in
1583 1387 1710 1440 tuto
1743 1381 2064 1451 collocatis,

411 1486 658 1536 matrem
699 1482 756 1533 et
815 1478 1094 1548 conjuges
1167 1492 1238 1531 ex
1293 1473 1544 1531 Canielei
1591 1471 1945 1529 monasterio
2005 1472 2062 1528 in

410 1568 630 1641 regiam
655 1565 1109 1622 accersiverunt.
1139 1565 1284 1620 Nam
1318 1579 1452 1620 cum
1513 1562 1628 1635 ipsi
1687 1561 2062 1630 defecissent,

412 1657 686 1714 mulieres
715 1654 917 1711 statim
945 1655 1003 1708 in
1026 1669 1309 1724 magnum
1333 1652 1514 1707 divini
1548 1651 1720 1706 Verbi
1751 1651 2063 1723 Sapientia

2252 1386 2372 1440 KA'.
2407 1381 2635 1458 "1187){8’
2682 1384 2736 1440 ἐν
2794 1385 3028 1460 ἀσφαλεῖ
3075 1383 3356 1460 γεγονότες
3416 1386 3466 1439 οἱ
3519 1387 3778 1459 Κομνηνοὶ,

2175 1472 2265 1526 καὶ
2321 1474 2421 1542 τήν
2484 1473 2695 1550 μητέρα
2743 1476 2818 1548 (9)
2866 1478 3013 1552 σφῶν
3062 1475 3151 1529 καὶ
3209 1474 3307 1535 τὰς
3359 1472 3684 1547 ὁμευνέτιδας
3732 1475 3781 1532 ἐκ

2173 1568 2273 1630 τῆς
2331 1569 2502 1635 μονῆς
2555 1567 2652 1618 τοῦ
2708 1562 3030 1619 Κανικλείου
3091 1565 3204 1637 (40)
3258 1564 3396 1639 πρὸς
3449 1563 3514 1619 τὰ
3571 1564 3781 1640 βασίλεια

2178 1648 2607 1722 μετεστείλαντο.
2669 1651 2918 1708 Ἐκείνων
2968 1651 3073 1727 γὰρ
3128 1651 3615 1727 ἐπικεχειρηκότων
3667 1654 3778 1709 ἀπο-

408 1711 698 1818 templum
728 1711 1159 1816 confugerunt?
1179 1742 1337 1798 Unde
1370 1758 1403 1796 a
1433 1740 1743 1796 Botaniata
1785 1711 1846 1794 in
1903 1738 2047 1794 aliuc‘

2174 1740 2380 1812 στασίᾳ,
2440 1740 2591 1805 εὐθὺς
2645 1742 2701 1796 αἱ
2746 1711 2994 1818 γυναῖκες
3043 1711 3128 1804 ἐἷς
3174 1742 3239 1796 τὸ
3277 1711 3415 1817 εἷεγᾶ
3442 1742 3651 1814 τέμενος
3698 1750 3780 1813 τῆς

409 1832 833 1892 monasterium
894 1835 1034 1886 sunt
1115 1829 1433 1897 translata},
1497 1845 1568 1884 ne
1625 1829 1697 1884 ad
1750 1828 2047 1884 seditioso:

2169 1832 2266 1882 τοῦ
2324 1833 2457 1884 Θεοῦ
2501 1827 2680 1904 Λόγου
2740 1831 2946 1904 Σοφίας
3005 1831 3540 1906 προσπεφοιτήκασιν
3574 1874 3586 1888 .

407 1924 702 1979 missitare
726 1920 966 1976 nuntios
997 1922 1256 1990 possent,
1303 1917 1467 1973 nulla
1526 1916 1643 1972 alia
1673 1916 1743 1972 ab
1811 1933 1876 1972 eo
1936 1933 2062 1971 mo-

408 2011 580 2067 lestia
627 2011 866 2065 affectaa.
918 2007 1213 2062 Enimvero
1275 2007 1392 2062 fere
1450 2006 1794 2077 priusquam
1853 2006 2058 2078 pedem

3648 1835 3778 1889 Ὅθεν

2169 1843 2266 1882 του
2324 1843 2457 1884 δεου
2501 1843 2680 1904 Λόγου
2740 1843 2946 1904 Σοφιας
3005 1843 3540 1906 προσπεφοιτηκασιν
3574 1874 3586 1888 .
3649 1843 3778 1895 ’Ὀθεν

2169 1919 2316 1991 παρὰ
2397 1922 2494 1973 τοῦ
2565 1919 2924 1975 Βοτανειάτου
3000 1918 3075 1981 εἷς
3147 1921 3248 1988 τὴν
3328 1918 3572 1995 ῥηθεῖσαν
3638 1922 3779 1993 μονὴν

2175 2008 2610 2083 μετηνέχθήσαν,
2664 2005 2754 2062 ’ίνα
2816 2009 2891 2082 μή
2945 2004 3124 2084 ἔχοιεν
3180 2008 3323 2082 πρὸς
3363 2008 3485 2070 τοὺς
3515 2008 3781 2080 ἀποστατη-

406 2101 466 2157 in
499 2100 742 2170 imperio
771 2095 1333 2163 firmassent,statim
1365 2095 1552 2150 multa
1582 2095 1896 2150 Botauiatae
1931 2100 2047 2150 aeta

2169 2116 2358 2157 σαντας
2417 2093 2835 2169 διαπέμπεσθκι,
2896 2093 3050 2151 οὐδὲν
3107 2094 3153 2152 δ’
3181 2093 3368 2173 ἕτερον
3413 2097 3620 2171 ἀνιαρὸν
3669 2095 3784 2152 ὲκεί-

406 2191 790 2261 abrogarunt,
838 2203 953 2242 non
1013 2185 1086 2241 ab
1146 2201 1211 2240 eo
1259 2184 1545 2256 suspicati
1607 2187 1887 2256 tempore,
1943 2200 2047 2255 quc

2165 2205 2281 2246 ναις
2339 2184 2605 2259 ἐπήνεγκε
2638 2227 2650 2240 .
2705 2187 2890 2256 Μήπω
2961 2184 3018 2241 δέ
3077 2182 3279 2262 σχεδὸν
3337 2185 3464 2248 τοὺς
3518 2182 3677 2248 πόδας
3724 2189 3779 2260 τῇ

404 2277 774 2352 tyrannidem
828 2276 1184 2343 invaserant,
1244 2275 1343 2329 sed
1444 2272 1589 2328 illud
1665 2272 2055 2345 supergressi,

403 2368 562 2423 brevi
617 2366 836 2436 scripto
902 2363 1208 2434 complura
1254 2363 1413 2418 illius
1463 2361 1696 2418 decreta
1755 2362 2056 2434 tyrannica

405 2453 1032 2512 aboleverunt.Deinde
1057 2451 1254 2507 Alexio
1287 2451 1582 2523 augustali
1614 2468 1827 2507 corona
1851 2455 2055 2507 ornato

408 2544 679 2601 secundae
737 2541 1044 2614 dignitatis
1094 2545 1288 2613 partes
1338 2541 1560 2596 Isaacio
1613 2545 1754 2596 sunt
1803 2541 2050 2610 tributa,

405 2649 553 2689 novo
576 2632 729 2688 296
790 2631 977 2685 indito
1031 2628 1520 2684 Sebastoeratoris
1577 2629 1835 2694 nomine,
1897 2629 2049 2700 quod

403 2719 730 2777 Cmsariano
752 2723 906 2774 esset
935 2717 1331 2772 excellentius.
1400 2718 1613 2772 Eorum
1673 2733 1807 2772 vero
1865 2723 2054 2774 mater

403 2811 476 2865 ob
510 2807 900 2864 monasticum
934 2807 1224 2877 habitum,
1281 2806 1511 2876 imperii
1565 2806 1911 2878 insignium,
1951 2823 2050 2862 ee-

403 2896 767 2963 lebrationis,
801 2900 858 2950 et
887 2895 1364 2966 proclamationis
1414 2910 1638 2966 expers,
1693 2893 1880 2951 solius
1940 2912 2048 2951 n0-

403 2986 580 3043 minis
613 2982 970 3057 imperatorii
1007 2983 1115 3038 fuit
1139 2983 1432 3054 particeps
1460 3001 1472 3038 :
1505 2983 1688 3039 nihilo
1719 2987 1913 3039 tamen
1957 3002 2048 3040 se-

2169 2272 2418 2348 βασιλείᾳ
2475 2272 2793 2348 ἐρείσαντες,
2849 2273 3038 2330 αὐτίκα
3067 2272 3300 2330 πολλῶν
3332 2280 3429 2330 τοῦ
3462 2278 3778 2331 Βοτανειάτου

2164 2362 2410 2436 πράξεων
2487 2360 2700 2438 σχολήν
2773 2363 3231 2442 κατεψηφίσαντο,
3313 2363 3402 2419 καὶ
3463 2361 3571 2419 οὐδ’
3625 2363 3777 2436 έξότου

2162 2451 2297 2520 ἦσαν
2367 2449 2844 2527 ἐπικεχειρηκότες
2916 2457 2986 2526 τῇ
3054 2450 3334 2528 τυραννίδι
3411 2453 3509 2523 τὴν
3561 2451 3778 2528 ἀγέτησιν

2158 2541 2278 2604 τοίς
2329 2541 2455 2616 παρ’
2513 2539 2718 2596 ἐκείνου
2775 2543 3099 2617 πραχθεῖσιν
3159 2540 3491 2618 ἐπήνεγκαν,
3530 2541 3663 2598 ἀλλὰ
3705 2541 3779 2596 καὶ

2159 2633 2319 2683 τοῦτο
2380 2629 2686 2704 ὐπερήαντο
2739 2634 2834 2684 τοῦ
2914 2635 3128 2707 καιροῦ,
3182 2630 3276 2685 καὶ
3337 2629 3524 2687 πολλά
3565 2636 3663 2686 τῶν
3706 2631 3778 2685 ὑπ’

2158 2715 2364 2772 ἐκείνου
2422 2717 2818 2794 πεπραγμένων
2900 2716 3203 2795 βασιλικῶς
3266 2721 3598 2797 ἀνῃρήκασιν
3650 2719 3777 2774 οὗτοι

2155 2804 2436 2881 γράμματι
2497 2801 2943 2882 βραχυσυλλάϐῳ
2998 2813 3373 2884 τυραννικῶς.
3447 2809 3569 2864 Εἶτά
3621 2809 3646 2862 ὁ
3697 2806 3773 2880 μὲν

2156 2893 2394 2966 Ἀλέξιος
2447 2894 2729 2971 βασιλικὸν
2780 2893 3046 2952 ἀναδεῖται
3104 2895 3374 2971 διάδημα,
3425 2903 3503 2970 τῶ
3559 2895 3603 2952 δ’
3630 2898 3780 2952 Ἰσαα-

2153 2983 2256 3056 κίῳ
2327 2985 2396 3038 τὰ
2475 2981 2744 3062 δευτερεῖα
2825 2985 3142 3059 νενέμηνται
3208 2994 3315 3058 τῆς
3373 2994 3559 3060 τιμῆς,
3614 2988 3778 3040 καινοῦ

402 3075 531 3130 eius
557 3074 820 3130 omnium
844 3088 1038 3128 rerum
1071 3071 1640 3128 administrationem
1672 3073 2047 3145 suscepit.Sic

2162 3071 2325 3127 αὐτοῦ
2405 3070 2860 3151 ἐπιφημισθέντος
2947 3073 3215 3148 ὀνόματος
3314 3071 3779 3150 (σεϐαστοκράτωρ

401 3163 646 3235 imperio
679 3163 832 3218 inter
863 3165 1178 3232 utrumque
1219 3162 1372 3232 apud
1407 3167 1652 3217 matrem
1709 3163 2046 3232 distributo,

401 3254 547 3310 alios
579 3254 728 3309 duos
759 3253 966 3308 fratres
1005 3252 1287 3324 juniores,
1341 3251 1665 3308 Adrianum
1721 3255 2052 3325 protoseba-

398 3341 982 3413 stum,Niceph0rum
1017 3340 1624 3409 sebastum,etclassis
1657 3342 2046 3414 drungarium

399 3431 794 3489 declararunt.
871 3430 1136 3486 Habuere
1219 3447 1454 3501 quoque
1502 3430 1728 3496 affines,
1777 3447 2046 3486 sororum

398 3519 643 3575 maritos
697 3517 1096 3591 Nicephorum
1152 3519 1548 3584 Melissenum,
1599 3523 1651 3574 et
1709 3519 2046 3575 Michaelem

395 3609 766 3664 Taronitem:
799 3623 1048 3678 quorum
1079 3607 1235 3662 hunc
1266 3608 1470 3679 prima:
1501 3607 1685 3662 sorori
1745 3608 2043 3679 junctum,

393 3703 449 3753 et
470 3697 648 3752 matri
679 3695 1062 3762 charissimm,
1097 3701 1154 3751 et
1184 3697 1254 3751 ab
1288 3695 1432 3768 ipsis
1465 3696 1783 3765 honoratae,
1821 3697 2044 3770 Panhy-

393 3786 802 3858 persebastum
828 3783 1221 3856 appellarunt,
1246 3801 1312 3840 ea
1345 3801 1579 3857 quoque
1610 3785 1898 3857 dignitate
1938 3801 2044 3840 n0-

396 3878 546 3929 vata.
582 3872 967 3928 Melissenum
1000 3873 1349 3944 autem,qui
1407 3879 1463 3928 et
1509 3873 1636 3944 ipse
1694 3874 1752 3928 in
1813 3873 2045 3930 Oriente

393 3981 428 4020 a
484 3961 790 4016 Botaniata
847 3960 1138 4017 defecerat
1208 3962 1458 4017 necdum
1511 3979 1676 4018 arma
1747 3967 2042 4035 posuerat,

397 4049 642 4107 Caesaris
673 4049 893 4106 honore
925 4049 1147 4106 tributo
1179 4054 1238 4106 et
1267 4050 1689 4107 Thessatonica
1745 4053 1816 4107 ad
1877 4051 2044 4108 habi-

387 4141 636 4197 tandum
672 4139 994 4212 assignate,
1027 4139 1088 4195 in
1118 4157 1258 4196 suas
1291 4144 1485 4213 partes
1551 4145 1938 4211 attraxerant,
1989 4145 2047 4196 et

389 4229 614 4285 reditus
665 4232 787 4284 tam
867 4227 1004 4284 huic
1093 4246 1268 4297 quam
1330 4229 1554 4286 caeteris
1611 4230 1888 4285 omnibus
1941 4229 2044 4284 tali

394 4320 639 4374 fortunis
671 4321 952 4389 tantoque
985 4317 1338 4391 dignitatum
1390 4319 1621 4390 fastigio
1661 4335 1828 4390 pares
1878 4319 2042 4373 attri-

390 4409 667 4464 buerunt.
690 4407 852 4464 Unde
882 4407 1270 4480 vectigalibus
1302 4408 1692 4479 imperatoriis
1725 4424 1790 4462 ac
1854 4409 2046 4480 potius

386 4498 809 4553 communibus
835 4501 891 4552 et
923 4497 1174 4568 publicis
1221 4497 1298 4552 ita
1326 4495 1681 4563 distributis,
1732 4496 2043 4568 imperato-

388 4586 512 4641 rius
547 4586 876 4649 ﬁscus,sive
901 4585 1202 4658 publicum
1229 4586 1518 4655 aerarium,
1550 4584 2041 4641 exhauriebatur:

379 4675 711 4747 imperator
738 4691 866 4730 vero
893 4675 1148 4746 pecuuiaa
1181 4692 1379 4746 egone,
1437 4692 1552 4730 non
1611 4691 1809 4730 annua
1863 4675 2043 4730 dona-

378 4764 505 4820 tiva
536 4767 767 4820 tantum
799 4763 939 4820 viris
971 4763 1260 4836 dignitate
1291 4764 1515 4819 ornatis
1547 4763 1877 4835 antiquitus
1916 4763 2041 4819 dari

386 4850 564 4906 solita
592 4852 853 4924 sustulit,
904 4854 1006 4911 sed
1063 4857 1120 4910 et
1179 4852 1549 4909 senatoribus
1605 4868 1745 4924 opes
1800 4852 2036 4924 eripuit.

2159 3160 2262 3236 γὰρ
2321 3160 2624 3236 ἐπεκλήθη)
2682 3161 2773 3216 καὶ
2836 3163 3092 3238 ὑπερεῖχε
3146 3167 3246 3218 τοῦ
3306 3163 3600 3239 Καίσαρος.
3649 3163 3706 3220 Ἡ
3734 3157 3780 3215 δέ

2161 3251 2345 3322 μήτηρ
2402 3249 2636 3319 τούτων,
2691 3253 3033 3324 παρασήμων
3098 3252 3175 3325 μή
3241 3256 3591 3328 μετασχοῦσα
3647 3252 3779 3327 βασι-

2159 3337 2331 3397 λικῶν
2390 3337 2478 3394 διὰ
2532 3340 2594 3394 τὸ
2623 3336 2826 3414 ἔνδυμα
2853 3340 2915 3395 τὸ
2950 3341 3276 3417 μοναχικὸν,
3333 3345 3475 3416 μήτε
3508 3348 3612 3415 μην
3639 3339 3782 3418 εὔφη·

2160 3426 2283 3500 μίας
2307 3427 2396 3482 καὶ
2428 3427 2796 3504 ἀναρρήσεως,
2862 3428 3030 3502 μόνου
3083 3435 3308 3506 μετεῖχε
3354 3435 3454 3486 τοῦ
3503 3430 3599 3500 τῆς
3657 3429 3790 3504 βασι-

2157 3515 2306 3578 λείας
2366 3515 2656 3589 ὀνόματος’
2719 3516 2854 3586 αὗτή
2884 3515 2942 3572 δὲ
2970 3519 3069 3587 τὴν
3127 3523 3236 3573 τῶν
3271 3520 3608 3594 πραγμάτων
3634 3521 3785 3572 πᾶσαν

2157 3604 2428 3676 διοίκησιν
2483 3605 2808 3674 ἀνεζώσατο.
2867 3605 3026 3663 Οὕτω
3086 3609 3178 3679 μὶν
3236 3607 3330 3662 οὖν
3376 3607 3444 3662 τὰ
3495 3613 3593 3676 τῆς
3654 3606 3788 3681 βασι-

2157 3693 2306 3756 λείας
2361 3695 2508 3769 παρά
2563 3698 2632 3767 τῇ
2694 3693 2862 3770 μητρί
2919 3694 3218 3768 νενέμηντο
3277 3695 3369 3750 καὶ
3430 3697 3630 3773 ἀμφοῖν
3685 3697 3789 3752 τοῖς

2157 3781 2473 3854 ὁμαίμοσιν.
2566 3783 2770 3852 Ἦστην
2855 3780 2899 3837 δ’
2972 3782 3158 3847 αὐτοῖς
3224 3783 3318 3838 καὶ
3398 3783 3564 3860 ἑτέρω
3642 3778 3788 3836 διττὼ

2156 3867 2374 3949 ἀδελφὼ
2427 3869 2673 3947 νεωτέρω
2730 3872 2829 3941 τὴν
2889 3870 3132 3944 ἡλίκίαν,
3165 3873 3239 3927 ὧν
3270 3873 3364 3928 τὸν
3402 3873 3499 3946 μὶν
3531 3869 3788 3947 πρωτοσέ-

2155 3955 2348 4014 6άστον
2412 3959 2670 4032 ἐτίμησαν
2698 3960 2788 4014 καὶ
2835 3959 2996 4038 μέγαν
3058 3962 3384 4034 οομέστικον
3443 3962 3537 4016 τὸν
3589 3957 3788 4036 ’Δδρια-

2153 4049 2262 4117 νὸν,
2320 4049 2413 4103 τὸν
2467 4048 2784 4125 Νικηφόρον
2847 4047 2904 4104 δὲ
2977 4045 3248 4104 Σεϐαστὸν
3302 4051 3397 4104 καὶ
3455 4053 3553 4104 τοῦ
3609 4047 3789 4103 στόλου

2155 4135 2536 4215 δρουγγάριον.
2599 4137 2768 4212 Εἶχον
2827 4135 2883 4193 δὲ
2929 4138 3019 4193 καὶ
3076 4138 3157 4193 ἐπ’
3211 4135 3476 4216 ἀδελφαῖς
3523 4134 3788 4207 κηδεστὰς,

2151 4227 2244 4282 τὸν
2301 4225 2638 4298 Μελισσηνὸν
2711 4229 2825 4301 (11)
2882 4227 3215 4306 Νικηφόρον,
3269 4229 3363 4282 καὶ
3421 4223 3658 4302 Μιχαὴλ
3711 4223 3792 4278 τὸν

2153 4315 2486 4391 Ταρωνίτην.
2565 4315 2664 4370 Τὸν
2743 4316 2836 4390 μὶν
2916 4320 3007 4370 οῦν
3082 4315 3405 4390 Ταρωνίτην
3483 4319 3553 4390 τῇ
3622 4315 3796 4391 πρώτῃ

2158 4403 2573 4480 συνεζευγμένον
2604 4409 2711 4460 τῶν
2745 4402 3020 4481 ἀδελφῶν,
3084 4404 3223 4461 πάνυ
3276 4404 3619 4482 στεργομένη
3665 4403 3794 4479 πρὸς

2153 4501 2251 4564 τῆς
2316 4493 2543 4569 μητρὸς,
2594 4495 2684 4549 καὶ
2742 4494 2878 4567 πρὸς
2929 4495 3106 4550 αὐτῶν
3151 4496 3482 4569 τιμωμένῃ,
3539 4511 3792 4567 πανυπερ-

2153 4578 2411 4638 σέϐαστον
2489 4582 2827 4656 ὠνόμασαν,
2913 4584 3002 4638 καὶ
3089 4588 3250 4640 τοῦτο
3330 4583 3664 4644 καινίσαντες
3739 4579 3794 4634 τὸ

2151 4672 2385 4746 ἀξίωμα,
2445 4670 2540 4727 τὸν
2595 4669 2652 4728 δέ
2701 4693 2764 4748 γε
2795 4672 3162 4744 Μελισσηνὸν,
3197 4674 3532 4729 ἀποστασίαν
3562 4671 3790 4727 κάκεῖνον

2149 4761 2287 4816 κατᾶ
2333 4765 2430 4816 τσῦ
2460 4763 2820 4819 Βοτανειάτου
2853 4761 2903 4817 ἐν
2961 4766 3030 4837 τῇ
3086 4764 3228 4836 Ἐῴα
3285 4764 3655 4840 φρονήσαντα,
3709 4757 3787 4814 καὶ

2148 4844 2226 4905 ἔτι
2297 4849 2497 4922 ταύτης
2576 4850 2871 4927 ἐχόμενον,
2947 4849 3034 4906 ἐπὶ
3104 4847 3431 4926 συμϐιϐάσει
3484 4850 3789 4924 τετιμήκασι

1657 4977 1861 5040 Variae
1893 4978 2189 5040 lectiones
2220 4983 2280 5039 et
2309 4983 2502 5040 notae.

555 5101 662 5187 Τῂν
699 5100 929 5187 μητέρα.
965 5108 1136 5161 Anna
1161 5105 1501 5173 Dalassena,
1537 5104 1608 5160 de
1639 5119 1754 5176 qua
1810 5103 1872 5159 in
1921 5105 2032 5160 Fa-

2161 5101 2794 5187 sanctimonialiumhet
2839 5103 3218 5187 Πατριαρχικὴ
3250 5175 3261 5187 _
3291 5099 3578 5187 γυναικεία
3661 5095 3788 5172 μονὴ

376 5177 555 5232 mittis
586 5177 818 5248 Bysant.

452 5248 561 5318 (10)
605 5243 699 5302 Ἐκ
752 5251 853 5314 τῆς
913 5251 1081 5316 μονῆς
1131 5250 1228 5299 τοῦ
1311 5243 1656 5303 Κανικλείου.
1739 5246 1882 5318 Τοῦ,
1932 5250 2029 5297 Νι-

2138 5176 2234 5258 τοῦ
2270 5173 2360 5259 ’ἀγ
2387 5193 2450 5227 ου
2511 5172 2788 5259 Νικρλάου
2853 5172 3189 5259 appellatur
3246 5172 3318 5259 in:
3378 5175 3624 5259 :i‘ypico.
3683 5187 3782 5259 mlef

2136 5247 2242 5320 τῆς
2270 5245 2757 5320 Κξχαριλτωμένης,
2809 5245 2910 5303 ubi
2937 5245 3180 5304 “exserte
3211 5245 3498 5304 statuitur
3528 5246 3581 5300 in
3609 5247 3783 5299 tractu

372 5316 580 5373 κολάού
613 5319 992 5390 scribendum
1027 5335 1095 5373 ex
1116 5320 1280 5374 Anna
1327 5323 1624 5376 Coninena
1660 5316 2028 5390 Amonnimus
2139 5317 2279 5373 edis
2307 5316 2635 5390 Sophianaa.

373 5392 432 5446 in
468 5392 622 5447 notis
656 5393 726 5446 ad
761 5393 890 5460 ejus
923 5389 1259 5446 Alexiadem.
1312 5407 1363 5461 p.
1397 5392 1550 5461 246,,
1575 5388 1673 5444 ubi
1719 5388 2026 5461 docuimus

2211 5382 2716 5460 (11)Μελισσηνόν.
2781 5388 3231 5445 Melissenorum
3293 5388 3532 5444 familiae
3591 5382 3784 5460 memi-

374 5455 865 5547 intelligi_debe:re
905 5463 1237 5547 oratoriu‘m‘
1279 5455 1628 5547 S'.“Ni_901a_i.
1669 5461 1823 5547 quod
1873 5459 2028 5547 intra
2135 5455 2226 5547 nit
2245 5455 2624 5547 Anonymum
2649 5462 2710 5517 in
2741 5461 2876 5516 Vita
2897 5461 2955 5516 S.
2988 5461 3208 5545 Nteolai
3258 5461 3524 5547 Sinditae.

375 5533 596 5616 Magni—
619 5535 833 5616 Palatii
882 5538 1051 5616 septa
1091 5534 1397 5592 aediﬁcavit
1453 5533 1722 5616 Basilius
1770 5533 2023 5616 Macedo,

2134 5531 2314 5608 Plura
2339 5531 2513 5591 etiam
2545 5536 2616 5591 de
2648 5551 2716 5591 ea
2747 5533 3157 5608 congessimus
3188 5534 3247 5590 in
3271 5532 3532 5590 Familiis
3572 5531 3779 5602 Byzan-

377 5604 654 5679 quodque
684 5608 842 5666 idem
867 5604 1105 5665 videtur
1133 5624 1269 5665 eum
1295 5608 1650 5666 monasterio
1690 5609 1747 5663 S.
1799 5604 2025 5666 Nicolai
2135 5605 2286 5676 linis,
2319 5621 2453 5680 pag.
2490 5608 2614 5666 175.
