4036 6206
435 321 558 382 299

1800 286 2130 376 10mins
2176 312 2522 375 201mm

3703 336 3806 397 300

446 451 721 527 τριάοχης
752 447 888 525 ἀνὴρ
926 450 1188 524 μοναχὸς,
1222 450 1250 504 ὁ
1283 446 1668 523 Γραμματικὸς
1699 444 2104 518 ὀνομαζόμενος
2138 442 2428 511 Νικόλαος,
2461 442 2513 498 ἐν
2548 443 2769 516 ἀσκήσει
2793 446 2884 500 τὸν
2921 445 3040 521 βίον
3073 444 3359 519 διηνυκὼς,
3389 453 3471 506 καὶ
3509 453 3624 513 οὐδὲ
3648 467 3735 530 τῆς
3760 463 3803 520 ἐν

450 537 641 615 λόγοις
673 536 916 600 παιδείας
948 538 1240 613 ἆμὲθεκτος
1271 535 1367 608 ὢν,
1400 534 1494 591 κᾶν
1534 537 1609 607 μὴ
1643 532 1957 609 κατακόρως
1987 531 2186 602 ταύτης
2221 531 2575 608 μετέσχηκεν.
3788 610 3791 614 _

518 630 686 685 XXII.
720 629 1076 685 Commenus
1111 644 1311 684 recens
1345 628 1567 698 potitus
1585 642 1804 694 rerum,
1831 625 2097 679 nuntiata

2284 623 2400 678 KB'.
2433 624 2588 697 Ἀρτι
2641 621 2698 679 δὲ
2740 626 2837 692 τῆς
2892 621 3171 699 βασιλείας
3223 621 3557 699 ὶπιϐεϐηκότι
3607 639 3677 707 τῷ
3717 640 3807 695 Κο.

445 720 682 776 Roberti
715 721 947 786 Franci,
973 720 1078 773 viri
1103 718 1299 774 callidi
1326 723 1382 773 et
1403 717 1859 782 bellicosissimi,
1893 722 2099 771 contra

380 856 386 861 .
446 810 836 882 Epidamnum
870 807 1257 878 expeditione,
1319 812 1376 861 et
1415 807 1542 876 ipse
1591 805 1731 861 illuc
1778 804 2094 876 profectus,

445 896 881 966 commissoque
913 895 1109 967 praelia
1139 896 1351 962 victus,
1394 894 1643 966 turpiter
1675 892 1844 966 fugit,
1893 892 2099 948 multis

446 1003 562 1041 non
595 985 880 1056 gregariis
911 984 1203 1040 militibus
1236 985 1540 1053 duntaxat,
1574 984 1673 1038 sed
1731 981 1872 1038 viris
1919 984 2098 1038 etiam

445 1075 727 1148 dignitate
753 1075 1168 1146 praestantibus
1188 1078 1244 1129 et
1266 1073 1407 1145 regii
1431 1072 2095 1143 sanguinisinterfectis,

447 1165 707 1234 totisque
729 1163 938 1219 castris
971 1164 1157 1234 captis
1187 1163 1260 1218 ab
1292 1163 1585 1218 hostibus.
1613 1161 1884 1233 Cumque
1915 1162 2096 1232 impe-

441 1257 600 1308 rator
631 1251 974 1322 Byzantium
1006 1251 1192 1306 victus
1225 1252 1492 1306 redisset.
1551 1250 1788 1305 Barbari
1863 1248 2104 1304 victoria

445 1339 657 1409 inﬂati,
704 1339 1068 1394 confidenter
1113 1355 1317 1394 omnes
1359 1338 1721 1402 invaserunt,
1772 1341 1829 1392 et
1889 1337 2104 1409 oppida

451 1428 720 1500 quedam
807 1431 1109 1498 ceperunt,
1171 1433 1233 1481 ut
1287 1429 1608 1482 Castoriam
1669 1431 1724 1481 et
1784 1425 2100 1498 Larissam,

449 1514 842 1588 imperatricis
872 1531 1101 1586 quoque
1153 1516 1313 1570 urbis
1363 1516 1656 1570 excidium
1715 1513 2100 1570 somniantes.

451 1603 669 1660 Verum
698 1603 1022 1674 imperator
1053 1604 1248 1658 denuo
1279 1603 1504 1658 edactis
1537 1601 1742 1674 copiis,
1777 1607 1833 1657 et
1888 1601 2103 1656 Barba-

453 1695 574 1750 rico
635 1695 900 1766 praesidio
958 1696 1220 1749 Castoria
1280 1694 1471 1764 pulso,
1534 1699 1736 1749 contra
1788 1694 2103 1749 Robertum

453 1783 596 1850 abit,
623 1783 869 1855 ejusque
899 1783 1280 1839 calliditatem
1317 1787 1438 1838 arte
1486 1782 1690 1838 eludit.
1743 1783 1887 1837 Nam
1940 1781 2103 1837 fratri

451 1872 707 1928 Adriano
739 1873 939 1928 habitu
975 1871 1350 1944 imperatorio
1381 1872 1842 1937 accommodato,
1896 1871 2107 1926 exerci-

2211 713 2396 780 μνηνῷ
2442 709 2651 785 ἠγγέλη
2708 712 2735 765 6
2787 711 3042 786 Φράγγος
3071 711 3403 788 Ῥομπὲρτος
3442 716 3513 779 είς
3564 722 3653 790 τὴν
3682 724 3809 780 Ἐπί-

2208 793 2408 868 δαμνον
2474 795 2985 874 διαπεραιούμενος,
3040 799 3177 874 ἀνὴρ
3259 806 3552 882 πανοῦργός
3617 830 3669 864 τε
3733 815 3809 870 καὶ

2206 884 2680 958 πολεμικώτατος.
2732 887 2937 945 Αὐτίκα
3000 889 3181 944 τοίνυν
3243 891 3332 945 καὶ
3387 893 3414 946 ὁ
3469 894 3698 968 βασιλεὺς
3749 901 3812 973 ἒξ-

2208 974 2540 1051 εστράτευσε,
2570 977 2664 1032 καὶ
2695 977 2988 1052 γενόμενος
3034 979 3170 1033 κατὰ
3217 981 3278 1033 τὸ
3329 980 3640 1059 Δυρράχιον,
3667 1008 3814 1062 προσ-

2210 1057 2405 1119 ϐάλλει
2488 1071 2606 1129 τοῖς
2659 1065 2976 1139 πολεμίοις,
3033 1068 3120 1122 καὶ
3181 1069 3435 1138 ἡττηθεὶς
3486 1057 3589 1146 (16)
3639 1057 3816 1142 ἀκλεῶς

2210 1147 2391 1229 ἔφυγε,
2447 1153 2675 1210 πολλῶν
2737 1154 2847 1210 ἐκεῖ
2928 1155 3200 1211 πεσόντων
3262 1157 3323 1212 οὐ
3401 1163 3504 1213 τῶν
3577 1163 3817 1237 τυχόντων

2216 1243 2376 1314 μόνον
2420 1248 2792 1316 στρατιωτῶν,
2823 1241 2969 1298 ἀλλὰ
3019 1245 3109 1298 καὶ
3155 1249 3264 1298 τῶν
3321 1244 3376 1299 ἐν
3428 1247 3704 1324 ὑπεροχαῖς
3743 1255 3815 1308 καὶ

2207 1329 2498 1404 ’βασιλείου
2527 1333 2906 1407 τυγχανόντων
2950 1331 3000 1401 ἐξ
3031 1330 3282 1405 α’ίματος,
3315 1334 3404 1388 καὶ
3453 1337 3486 1405 ἠ
3533 1333 3819 1411 παρεμϐολὴ

2212 1416 2463 1489 ξύμπασα
2521 1418 2667 1475 ἑάλω
2721 1426 2838 1483 τοῖς
2866 1420 3252 1494 πολεμίος.Ὁ
3311 1422 3406 1494 μὶν
3465 1422 3551 1477 οὖν
3606 1426 3822 1500 βασιλεὺς

2212 1506 2522 1590 ἡττημένος
2568 1507 2866 1574 ἐπανῆλθεν
2917 1509 2994 1571 εἷς
3041 1511 3104 1564 τὸ
3151 1510 3463 1579 Βυζάντιον.
3495 1513 3560 1568 Οἱ
3615 1511 3667 1569 δὶ
3707 1517 3824 1590 Βάρο

2213 1589 2372 1670 ϐαροι
2447 1600 2514 1670 τῇ
2589 1597 2708 1673 νίκῃ
2775 1599 3172 1676 πεφυσημένοι,
3229 1599 3402 1672 ὁμόσε
3457 1601 3589 1656 κατὰ
3638 1589 3818 1659 πάντῶν

2213 1681 2483 1760 ἐχώρουν,
2516 1686 2605 1741 καὶ
2665 1685 2809 1742 εἶλον
2859 1688 2965 1742 τῶν
3017 1685 3378 1761 πολισμάτων
3428 1691 3564 1759 τινὰ,
3593 1692 3659 1745 ὧν
3709 1693 3818 1761 ἦσαν

2213 1775 2248 1841 ἡ
2295 1774 2561 1847 Καστορία
2623 1797 2682 1830 τε
2757 1776 2844 1830 καὶ
2921 1778 2956 1846 ἡ
3017 1777 3278 1851 Λάρισσα.
3341 1779 3732 1852 Ὠνειροπόλουν
3777 1779 3822 1837 δὶ

2213 1863 2305 1917 καὶ
2365 1861 2532 1933 αὐτὴν
2589 1865 2688 1934 τὴν
2754 1862 3010 1941 βασιλίδα
3039 1869 3150 1920 τῶν
3183 1865 3406 1922 πόλεων
3442 1867 3823 1942 καταλήψεσθαι.

455 1969 635 2033 tuque
662 1962 795 2016 dato
829 1961 1091 2031 mandat,
1135 1965 1198 2015 ut
1227 1964 1428 2017 contra
1481 1961 1798 2016 Robertum
1855 1961 1909 2015 in
1969 1977 2097 2032 pro«

2217 1949 2372 2006 Ἀλλ’
2403 1952 2430 2006 6
2461 1951 2714 2028 βασιλεὺς
2745 1955 2831 2008 καὶ
2883 1951 3049 2008 πάλιν
3105 1953 3466 2030 ἐκστρατεύει,
3500 1957 3583 2010 καὶ
3629 1957 3821 2014 ἀπελαύ-

443 2049 639 2105 cinctu
672 2054 808 2116 stet,
842 2065 1028 2121 eoque
1061 2066 1316 2121 pugnam
1359 2049 1566 2115 ciente,
1620 2055 1782 2120 tergo
1833 2048 1966 2104 dato
2022 2049 2107 2103 fu-

450 2137 594 2209 giat,
623 2136 748 2208 ipse
779 2154 910 2192 vero
942 2153 1076 2191 cum
1111 2137 1337 2208 reliquo
1369 2137 1624 2191 exercitu
1669 2153 1771 2207 per
1826 2137 2106 2208 ambages

452 2231 508 2280 et
538 2225 696 2281 invia
718 2225 844 2280 loca
873 2225 1090 2281 vallum
1117 2226 1468 2280 Francorum
1493 2240 1829 2296 aggressus,
1852 2224 2108 2280 tentoria

446 2329 648 2370 eorum
683 2313 904 2385 diripit,
939 2329 1344 2385 magnamque
1395 2313 1610 2368 caedem
1659 2313 1799 2367 edit.
1855 2312 2104 2368 Roberto

453 2407 648 2458 autem
681 2403 738 2456 in
773 2401 1067 2457 flictitium
1087 2401 1499 2474 imperatorem
1525 2401 1809 2473 impetum
1836 2401 2102 2470 faciente,

452 2491 551 2548 ille
581 2508 714 2546 cum
746 2492 870 2546 suis
899 2491 1107 2546 laxatis
1139 2491 1383 2546 habenis
1415 2491 1582 2562 fugit.
1645 2493 1769 2557 Qua
1811 2493 1882 2547 de
1926 2507 2104 2547 causa

455 2581 746 2636 Barbarus
779 2580 967 2650 magis
997 2580 1171 2634 etiam
1206 2579 1566 2650 gloriabatur
1596 2584 1653 2635 et
1691 2578 2100 2647 insolescebat,

458 2668 624 2742 quasi
659 2684 832 2724 nemo
863 2669 1135 2741 congredi
1170 2684 1368 2724 secum
1407 2669 1667 2724 auderet.
1702 2668 1942 2723 Interim
1970 2685 2101 2725 vero

459 2757 728 2812 nuntiata
755 2757 894 2812 valli
948 2755 1271 2812 vastatione
1326 2761 1383 2812 et
1436 2756 1678 2812 interitu
1733 2772 1936 2813 eorum
1998 2756 2100 2828 qui

454 2845 576 2900 illic
610 2844 878 2915 fuissent,
913 2844 1063 2901 298
1097 2843 1298 2900 statim
1330 2851 1388 2901 et
1445 2845 1659 2901 animis
1717 2850 1774 2901 et
1826 2847 2101 2902 manibus

453 2934 740 3002 dimissis,
765 2935 1028 2990 recessit.
1062 2939 1385 3006 Imperator
1414 2934 1978 3006 Constantinopolim
2011 2952 2100 2991 re-

451 3039 678 3094 versus,
704 3022 940 3078 insidiis
969 3023 1235 3090 detectis,
1271 3023 1592 3094 praecipuos
1648 3039 1852 3078 earum
1903 3028 2102 3078 aucto-

461 3128 554 3168 res
585 3111 1047 3184 comprehendit,
1109 3129 1139 3167 e
1195 3112 1411 3182 quibus
1468 3116 1635 3166 erant
1689 3116 1747 3166 et
1803 3110 2101 3183 legionum

460 3202 662 3270 duces,
695 3204 751 3256 et
784 3200 947 3256 multi
983 3218 1050 3256 ex
1106 3202 1487 3272 popularibus
1545 3205 1602 3255 et
1651 3201 1916 3272 patribus
1965 3218 2103 3257 con-

459 3289 715 3361 scriptis,
744 3289 843 3361 qui
875 3289 1293 3360 conjurationis
1323 3305 1451 3344 esse
1479 3289 1696 3344 conscii
1721 3290 2100 3360 putabantur,

2217 2061 2296 2096 νει
2329 2042 2423 2113 μὲν
2447 2049 2547 2110 τῆς
2576 2044 2878 2118 Καστορίας
2909 2042 3036 2106 τοὺς
3089 2043 3262 2113 αὐτὴν
3316 2049 3672 2123 φρουροῦντας
3721 2049 3826 2123 Βαρ-

2215 2123 2439 2203 ϐάρους,
2473 2131 2652 2184 ἄπεισι
2701 2128 2758 2186 δὲ
2799 2133 2936 2186 κατὰ
2983 2135 3080 2187 τοῦ
3131 2133 3500 2208 Ῥομπὲρτου,
3544 2135 3628 2189 καὶ
3680 2156 3830 2210 στρατ-

2215 2219 2462 2293 ηγήματι
2490 2219 2589 2287 τὴν
2623 2217 2825 2274 ἐκείνου
2881 2217 3167 2291 δεινότητα
3217 2222 3451 2294 μέτεισι.
3483 2227 3567 2295 Τῷ
3623 2224 3706 2296 μὲν
3747 2225 3826 2300 γὰρ

2216 2303 2434 2384 ἀδελφῷ
2461 2304 2732 2384 ’Δδριανῷ
2760 2308 2822 2362 τὸ
2865 2316 3060 2384 σχῆμα
3089 2311 3151 2364 τὸ
3195 2309 3486 2387 βασιλικὸν
3542 2313 3830 2388 περιτίθησι,

2213 2394 2302 2450 καὶ
2351 2395 2656 2470 στράτευμα
2708 2393 2834 2460 δοὺς
2893 2397 3059 2469 αὐτῷ,
3094 2397 3347 2454 ἐναντίον
3404 2404 3503 2454 τοῖ’)
3538 2401 3831 2476 Ῥομπέρτου

2213 2491 2401 2553 στῆναι
2461 2482 2850 2540 διακελεύεται.
2885 2487 2949 2540 Εἰ
3003 2483 3050 2541 δ’
3078 2486 3287 2552 ἐκεῖνος
3353 2489 3585 2563 ὁρμήσει
3630 2489 3833 2566 μαχέσα-

2213 2585 2354 2643 σθαι,
2413 2575 2634 2650 στρέψαι
2690 2573 2756 2628 τὰ
2810 2577 2956 2629 νῶτα
3010 2574 3102 2630 καὶ
3167 2575 3376 2632 αὐτίκα
3432 2583 3632 2654 φυγεῖν.
3685 2581 3829 2633 Ταῦτα

2215 2662 2312 2735 μὶν
2379 2659 2469 2716 οὗν
2545 2665 2624 2736 τῷ
2700 2662 3162 2739 ἐσχηματισμένῳ
3241 2665 3472 2739 βασιλεῖ
3528 2665 3827 2723 ἃνετείλατοο

2211 2751 2416 2814 ἐκεῖνος
2465 2749 2522 2807 δὲ
2573 2751 2707 2826 μετὰ
2751 2759 2851 2822 τῆς
2905 2750 3108 2824 λοιπῆς
3137 2761 3403 2830 στρατιᾶς
3435 2753 3504 2811 δι’
3555 2753 3684 2813 ὁδῶν
3716 2753 3830 2827 ἀδή-

2211 2838 2322 2895 λων
2351 2838 2724 2917 περιοδεύσας,
2749 2841 2839 2897 καὶ
2867 2846 2948 2915 τῷ
2975 2847 3084 2898 τῶν
3123 2843 3409 2920 Φράγγων
3454 2839 3696 2916 ἐμϐαλὼν
3744 2843 3834 2920 χά-

2212 2948 2355 3004 ρακι,
2412 2930 2507 2991 τάς
2563 2951 2620 2983 τε
2679 2930 2880 3000 σκηνὰς
2914 2930 3090 2986 αὐτῶν
3122 2933 3208 2986 καὶ
3241 2931 3318 2987 τὰ
3371 2932 3422 2988 ἐν
3481 2931 3660 2997 αὐταῖς
3710 2929 3834 3002 ἐληΐ-

2211 3039 2362 3086 σατο,
2395 3017 2482 3073 καὶ
2516 3019 2678 3097 φόνον
2711 3019 2884 3075 πολὺν
2916 3019 3236 3092 ἐποιήσατο.
3271 3024 3392 3079 Τοῦ
3433 3023 3750 3099 Ῥομπὲρτου
3791 3018 3836 3076 δὴ

2211 3108 2347 3162 κατὰ
2374 3111 2469 3162 τοῦ
2525 3106 3002 3184 ἐσχηματισμένοτ
3057 3108 3336 3185 βασιλέως
3383 3112 3713 3188 ὁρμήσαντος
3759 3111 3834 3164 κὰ-

2210 3201 2387 3259 κιῖνος
2415 3196 2505 3251 καὶ
2535 3200 2570 3268 ἡ
2604 3198 2695 3251 σὺν
2728 3197 2873 3270 αύτῷ
2904 3199 3128 3273 στρατιὰ
3155 3199 3221 3254 τὰ
3263 3199 3480 3276 χαλινᾶ
3534 3198 3835 3276 χαλάσαντος

2215 3279 2438 3362 ἔφυγον.
2472 3286 2532 3342 Ὁ
2565 3283 2622 3340 δὲ
2657 3281 2930 3367 βάρϐαρος
2961 3286 3187 3364 ἐγαυρία
3220 3287 3447 3361 μᾶλλον
3498 3290 3587 3345 καὶ
3642 3289 3833 3362 ἐπῆρτο,

459 3379 609 3435 falso
642 3378 926 3450 plerique,
961 3383 1026 3433 ut
1065 3378 1278 3442 ferunt,
1328 3394 1395 3432 ea
1438 3377 1510 3432 de
1556 3394 1733 3433 causa
1779 3377 1838 3432 in
1883 3378 2097 3434 crimen

2217 3358 2290 3435 ὧς
2319 3358 2776 3450 ἁπροσμάχη-τος.
2810 3358 3109 3448 Ἑίτοῦτφ
3141 3374 3187 3431 δ’
3217 3358 3552 3453 άγγὲλλεται
3583 3378 3722 3450 αὐτῷ
3741 3358 3836 3431 ’τοῦ

462 3467 676 3535 vocati,
710 3471 773 3521 ut
803 3466 973 3522 bonis
1026 3467 1410 3538 privarentur.
1457 3466 1821 3538 Compressis
1869 3467 2106 3523 Roberti

461 3555 1047 3623 insultibus,a1iunde
1073 3555 1313 3611 Romani
1340 3556 1566 3626 imperii
1593 3554 1790 3612 hostes
1812 3557 2104 3613 exstitere.

445 3643 608 3710 Nam
640 3644 838 3712 Turci,
871 3643 1100 3699 Oriente
1157 3643 1422 3710 subacto,
1480 3661 1550 3699 ne
1597 3644 1810 3699 insulis
1863 3645 2103 3716 quidem

458 3730 1127 3787 abstinebant.Tzachas
1148 3731 1303 3786 enim
1333 3731 1709 3797 Turcus,non
1733 3731 1978 3787 illustris
2008 3733 2104 3789 ille

456 3819 717 3890 quidem,
751 3819 850 3872 sed
885 3818 972 3871 vir
997 3834 1130 3872 acer
1157 3824 1214 3873 et
1241 3836 1461 3889 magnae
1516 3819 1932 3890 improbitatis,
1965 3837 2100 3876 cum

455 3907 660 3980 paucis
691 3907 974 3963 naviculis
1003 3907 1197 3963 insula
1225 3908 1367 3964 Chio
1417 3923 1483 3962 ex
1535 3908 1851 3979 improviso
1909 3915 2098 3982 capta,

455 4001 512 4052 et
543 3997 730 4052 classe
762 3996 839 4051 ibi
871 3995 1175 4065 aediﬁcata,
1210 3998 1483 4067 Lesbum,
1516 4003 1780 4064 Samum,
1809 3997 2097 4072 Rhodum,

452 4089 512 4140 et
545 4085 740 4156 plures
774 4084 918 4140 alias
948 4084 1174 4140 insulas
1233 4087 1575 4157 occupavit:
1634 4087 1790 4141 unde
1837 4093 2032 4144 tamen
2065 4106 2099 4144 a

453 4174 719 4230 Romana
747 4173 931 4228 classe
958 4173 1178 4244 {pulsus
1239 4179 1347 4228 est.
1408 4175 1514 4229 Sed
1576 4179 1636 4229 et
1690 4173 1886 4230 insula
1932 4175 2098 4233 Creta

451 4269 629 4334 atque
667 4262 840 4316 etiam
901 4261 1125 4333 Cyprus
1182 4262 1539 4334 defecerunt,
1596 4262 1780 4319 altera
1819 4281 1851 4318 a
1897 4265 2094 4322 Carice

447 4355 748 4421 occupata,
785 4349 1124 4420 imperatori
1159 4367 1220 4405 se
1252 4356 1604 4422 opponente,
1667 4350 1847 4406 altera
1877 4369 1910 4407 a
1941 4353 2093 4410 Rha-

447 4442 798 4511 psommato.
832 4436 1046 4492 Verum
1081 4437 1167 4492 ha:
1199 4454 1432 4508 quoque
1463 4437 1646 4493 multo
1679 4444 1811 4509 post
1830 4439 2092 4498 Romano

441 4531 690 4602 imperio
721 4533 860 4582 sunt
890 4534 1261 4600 recuperatae.
1297 4528 1462 4583 Unde
1490 4529 1807 4599 imperator
1863 4531 2091 4603 impen-

442 4635 644 4676 sorum
667 4634 865 4689 egens,
899 4617 1153 4689 pecuniae
1187 4617 1464 4674 facienda:
1496 4617 1774 4689 rationes,
1813 4635 1845 4673 a
1867 4621 2090 4679 ratione

2213 3461 2452 3539 χάρακος
2481 3465 2516 3532 ἡ
2551 3459 2896 3539 ἐκπόρθησις,
2926 3463 3017 3519 καὶ
3049 3467 3084 3534 ἡ
3117 3466 3294 3543 φθορὰ
3334 3471 3444 3521 τῶν
3496 3465 3622 3535 ἐκεῖ,
3651 3465 3734 3521 καὶ
3769 3462 3838 3518 εὗ-

2213 3550 2304 3613 θῦς
2359 3556 2584 3627 παρεῖτο
2639 3553 2730 3607 καὶ
2786 3552 2880 3615 τὰς
2922 3559 3134 3630 χεῖρας,
3182 3555 3271 3608 καὶ
3347 3555 3448 3625 τὴν
3521 3555 3720 3630 ψυχὴν,
3764 3551 3835 3607 καὶ

2214 3640 2386 3695 ἀπιὼν
2417 3637 2619 3716 ᾤχετο.
2651 3641 2712 3698 Ὁ
2742 3638 2798 3695 δὲ
2832 3639 3086 3718 βασιλεὺς
3111 3642 3426 3699 ἐπανελθὼν
3459 3643 3538 3708 εἲς
3568 3646 3664 3713 τήν
3719 3649 3839 3698 Κων-

2212 3730 2515 3798 σταντίνου,
2551 3729 2877 3803 μηνυθείσης
2908 3727 3209 3802 ἐπιϐουλῆς
3240 3732 3416 3806 αὐτῷ,
3442 3732 3573 3795 τούς
3627 3754 3683 3788 τε
3733 3728 3838 3784 ταύ-

2209 3840 2306 3890 της
2362 3817 2750 3894 πρωτουργοὺς
2813 3819 3068 3896 συνέσχεν
3119 3819 3178 3874 ἐκ
3220 3825 3332 3876 τῶν
3389 3824 3733 3899 ταγματικῶν
3770 3815 3841 3873 ὄν·

2207 3929 2300 3970 τας
2332 3907 2614 3984 ἀρχόντων
2647 3905 2736 3962 καί
2765 3905 3010 3970 πολλοὺς
3039 3913 3146 3964 τῶν
3176 3908 3472 3987 ἐγχωρίων
3505 3911 3595 3966 καὶ
3625 3917 3720 3979 τῆς
3742 3929 3842 3983 συγ-

2207 3995 2416 4067 κλήτου
2451 3994 2680 4072 βουλῆς,
2713 3996 2787 4060 ὡς
2823 3997 2962 4072 τάχα
2992 3998 3308 4068 συνίστορας
3339 4000 3472 4063 τοὺς
3519 3998 3754 4066 πλείους,
3783 3995 3843 4058 ὥς

2207 4107 2387 4160 φασιν,
2423 4084 2483 4138 οὐ
2516 4081 2574 4139 δὲ
2618 4085 2756 4158 πρὸς
2805 4083 3087 4157 ἀλήθειαν,
3120 4083 3249 4140 ἀλλ’
3272 4085 3370 4141 ’ίνα
3430 4094 3569 4165 σφᾶς
3607 4085 3842 4162 γυμνώσῃ

2203 4179 2309 4230 τῶν
2359 4172 2732 4249 ὑπαρχόντων.
2764 4175 2830 4229 Ἡ
2883 4175 2976 4246 μὲν
3031 4172 3125 4228 οὖν
3177 4179 3274 4229 τοῦ
3305 4175 3651 4252 Ῥομπὲρτου
3696 4172 3849 4229 ἐπίθε-

2205 4286 2287 4327 σις
2318 4262 2582 4332 πέπαυτο,
2615 4263 2871 4338 ἑτέρωθεν
2907 4259 2952 4317 δ’
2982 4263 3136 4326 αὗθις
3164 4267 3233 4337 τῇ
3263 4265 3560 4338 Ῥωμαίων
3606 4260 3847 4338 ἡγεμονίᾳ

2205 4353 2394 4429 ἐχθροὶ
2440 4351 2835 4407 ἐπανίστανται.
2869 4351 2930 4404 Οἱ
2965 4351 3069 4426 γὰρ
3116 4356 3376 4427 Τοῦρκοι,
3409 4354 3512 4424 τὴν
3566 4353 3733 4425 Ἐᾠαν
3774 4350 3848 4426 ὑφ’

2203 4441 2424 4503 ἑαυτοὺς
2483 4441 2870 4512 ποιησάμενοι,
2931 4437 3056 4495 οὐδὲ
3108 4445 3217 4495 τῶν
3287 4444 3479 4512 νήσων
3539 4441 3844 4515 ἀπέσχοντο·

2200 4529 2361 4587 Ἀλλ’
2391 4531 2418 4584 6
2447 4533 2680 4604 Τζαχᾶς,
2711 4531 2952 4602 Τοῦρκος
2985 4525 3042 4582 δὲ
3071 4529 3161 4584 καὶ
3194 4529 3382 4599 οὗτος,
3419 4530 3482 4584 ού
3536 4534 3645 4584 τῶν
3678 4528 3848 4603 ἐπιφα-

2197 4625 2330 4692 νῶν,
2362 4617 2529 4680 δεινὸς
2561 4615 2618 4673 δὲ
2643 4615 2733 4671 καὶ
2764 4616 2862 4685 τήν
2894 4615 3161 4693 πονηρίαν
3190 4616 3389 4692 πολὺς,
3424 4615 3518 4673 διὰ
3564 4613 3852 4692 πλοιαρίων

1720 4783 1924 4845 Variae
1953 4783 2253 4850 lectiones
2282 4793 2346 4849 et
2375 4792 2564 4847 notis.

513 4918 617 4987 (16)
647 4913 750 4969 Καὶ
794 4911 1069 4987 ἡττηθείς.
1129 4914 1208 4970 De
1269 4915 1374 4971 hac
1430 4915 1665 4971 Roberti
1715 4916 1958 4972 victoria
2013 4919 2088 4974 ad

440 4985 847 5063 Dyrrachium,
881 4985 964 5063 sic
998 4987 1196 5063 Lupus
1221 4988 1621 5063 pretospatha
1642 5006 1664 5063 _;
1709 4990 1877 5063 _Anno
1930 4991 2085 5063 1082,

441 5057 544 5118 hoc
563 5075 709 5116 anno
738 5059 1082 5128 complentur
1110 5057 1176 5112 ab
1206 5059 1370 5113 initio
1402 5060 1601 5114 mundi
1630 5061 1791 5123 6281,
1822 5061 1889 5115 ab
1946 5057 2089 5119 Urbe

438 5135 565 5198 824,
600 5133 831 5186 Alexius
863 5133 1178 5200 imperator,
1203 5131 1428 5185 collecto
1452 5132 1656 5199 grandi
1683 5135 2088 5201 exercitu,iniil

440 5206 649 5262 bellum
669 5219 793 5258 cum
827 5202 1052 5257 Roberlo
1082 5201 1215 5276 duce
1273 5203 1423 5276 haud
1471 5203 1629 5270 longe
1674 5219 1710 5276 α
1757 5205 2082 5276 Dyrrachio,

436 5284 486 5334 et
531 5282 689 5344 terga
746 5290 928 5328 versus
981 5275 1148 5341 fugit,
1201 5274 1620 5345 cecideruntque
1674 5275 1735 5328 in
1791 5291 1856 5330 ea
1897 5274 2088 5346 pugna

431 5345 900 5421 plusquam__(_5(_)OQ
929 5357 998 5398 ea:
1016 5349 1160 5421 βακέ,
1185 5349 1427 5421 ΪιιςονιιηιΔ
1447 5351 1637 5400 autem
1668 5347 1726 5421 in
1746 5347 1861 5415 ejus
1893 5345 2079 5421 :eafer-

432 5415 632 5476 ritu70
663 5418 844 5473 millia
877 5415 1180 5490 hominum.
1249 5417 1320 5490 De
1377 5416 1565 5471 altera
1619 5417 1690 5472 ad
1748 5417 2083 5490 Cassiopem

437 5490 670 5546 Roberti
700 5488 959 5548 victoria,
994 5503 1169 5557 quam
1221 5488 1393 5541 etiam
1453 5490 1619 5542 Anna
1667 5488 2086 5548 commemorat

436 5563 522 5616 sic
552 5561 650 5615 ille
681 5562 750 5616 ad
776 5578 871 5617 an.
895 5557 1035 5633 1085
1061 5576 1072 5613 ε
1111 5559 1414 5633 Prmdiclus
1443 5559 1560 5633 dua:
1577 5560 1787 5633 grandi
1843 5579 2084 5633 appara-

435 5638 495 5688 tu
523 5633 772 5697 navium,
807 5631 1198 5700 hominumque
1211 5630 1615 5687 innumerabili
1628 5630 2080 5691 exercitu-Brun-

2200 4921 2526 4992 dusiOpolim
2556 4918 2779 4974 veniens
2833 4919 3109 4992 deposita,
3137 4917 3349 4992 ibidem,
3403 4917 3606 4974 navali
3657 4912 3848 4992 maelii-

2198 4987 2453 5059 nalione,
2476 4994 2757 5062 ingressus
2787 4998 2868 5045 est
2894 4987 3237 5046 Adriaticum
3265 4991 3525 5062 pelagus,
3560 4987 3848 5062 perrexit-

2197 5081 2300 5135 que
2332 5066 2392 5119 in
2422 5059 2907 5135 insulamnomine
2927 5059 3276 5135 Cassiopim,
3296 5059 3635 5135 ubilStqlu:
3693 5059 3845 5115 Vene-

2197 5133 2454 5200 iicorum,
2481 5139 2533 5192 et
2561 5135 2712 5204 ﬁlius
2735 5133 2890 5188 duci:
2923 5134 3162 5192 Veneti}?
3205 5150 3350 5204 cum,
3375 5133 3657 5204 plurimos
3699 5145 3847 5204 nam:

2197 5208 2316 5276 bus,
2346 5212 2466 5262 erat
2497 5201 2734 5276 infestus
2764 5205 2892 5260 duci
2947 5206 3211 5261 Roberlo:
3263 5201 3387 5261 sed'
3409 5205 3559 5260 bello
3610 5205 3668 5259 in
3708 5201 3850 5276 mari

2196 5273 2347 5336 inter
2373 5295 2460 5334 eos
2488 5273 2753 5347 confecto,
2785 5278 3022 5332 victoria
3051 5277 3123 5332 ad
3178 5275 3533 5334 Normanno:
3567 5273 3840 5347 concessit.

2195 5351 2349 5409 Caesa
2373 5357 2503 5406 sunt
2532 5345 2686 5404 inea
2715 5345 2902 5419 pugna
2931 5348 3230 5420 plusquam
3257 5349 3508 5420 quinque
3539 5347 3720 5420 millia
3747 5345 3841 5400 ho-

2192 5425 2408 5479 minum
2431 5442 2448 5476 :
2478 5418 2758 5492 praeterea
2789 5418 3033 5492 quinque
3072 5418 3246 5476 naves
3264 5418 3469 5490 capt}?
3497 5424 3552 5476 et
3579 5418 3700 5474 duae
3725 5431 3845 5470 cum

2193 5494 2507 5550 hominibus
2536 5495 2837 5549 submersa:
2856 5501 3012 5564 sunt,
3047 5493 3127 5548 ita
3155 5494 3324 5564 utqui
3350 5493 3613 5563 gladium
3631 5492 3844 5563 potum

2195 5567 2420 5623 evadere
2450 5564 2748 5631 bellatoris,
2777 5562 2962 5635 pelagi
2989 5579 3082 5620 eo:
3112 5562 3304 5636 vorago
3335 5562 3600 5633 gluliret.
