4036 6206
286 389 376 447 301
1514 379 1934 444 ANNALIUM
1973 379 2125 442 LIB.
2170 383 2385 445 XVIII.

3538 393 3662 454 302

281 515 463 590 ὀλίγων
524 513 743 568 ἄνωϊστῖ
796 514 1046 587 τῇνήσῳ
1099 511 1214 587 Χίῳ
1263 511 1713 589 προσορμισθεὶς,
1771 532 1878 567 κατε

2015 513 2400 574 humanitatis
2431 519 2808 576 abhorrentes
2847 522 3254 594 excognitavit,
3286 525 3656 582 exactoribus

279 607 388 679 ἐσχε
433 603 647 673 ταύτην,
680 603 769 656 καὶ
831 600 1025 657 στόλον
1055 601 1106 657 ὲν
1139 602 1275 677 αὐτῇ
1307 607 1595 678 ναυπηγεῖ,
1631 599 1677 655 δ’
1710 599 1772 656 οὗ
1799 602 1899 670 τὴν

275 715 324 747 τε
375 686 564 746 Λέσϐον
620 691 922 767 ἀνήρπασε,
953 691 1043 746 καὶ
1101 693 1200 761 τήν
1239 693 1444 765 Σάμον,
1498 693 1598 762 τήν
1624 711 1682 745 τε
1711 687 1895 743 Ῥόδον

278 783 351 860 ὑφ’
376 780 548 835 ἑαυτὸν
581 778 900 851 ἐποιήσατο,
957 782 1046 834 καὶ
1095 777 1326 839 πλείους
1351 778 1525 841 ἄλλας
1551 784 1660 833 τῶν
1690 779 1895 847 νήσων,

274 869 516 940 Ἑξηλάθη
549 867 596 924 δ’
647 867 799 932 αὖθις
856 871 1057 941 αὐτῶν,
1117 867 1316 924 στόλου
1373 871 1687 942 Ῥωμαϊκοῦ
1736 865 1894 921 ἔπελ-

272 957 432 1022 θόντος
485 961 604 1021 ταῖς
657 955 862 1012 ἐκείνου
921 958 1206 1033 τριήρεσι.
1283 956 1385 1014 Καὶ
1445 959 1479 1026 ἢ
1539 959 1699 1025 νῆσος
1755 952 1802 1009 δ’
1857 957 1891 1024 ἡ

268 1048 448 1123 Κρήτη,
505 1047 640 1122 πρὸς
693 1044 750 1100 δὲ
795 1049 865 1120 τῇ
913 1047 1000 1101 καὶ
1030 1049 1063 1116 ἠ
1098 1046 1319 1122 Κύπρος
1379 1044 1709 1100 ἀποστασίαν
1777 1043 1891 1099 ἐνό-

264 1157 408 1205 σησαν
478 1137 578 1205 τήν
661 1136 756 1208 μὲν
830 1133 927 1189 τοῦ
1004 1135 1211 1211 Καρίκη
1291 1134 1718 1209 κατεσχηκότος,
1801 1133 1890 1187 καὶ

259 1223 558 1301 ἆντάραντος
615 1229 777 1300 χεῖρα
804 1229 884 1297 τῷ
917 1222 1155 1300 βασιλεῖ,
1187 1224 1277 1277 τὸν
1322 1224 1540 1296 Κύπρον
1576 1221 1632 1277 δέ
1687 1244 1748 1297 γε
1793 1226 1889 1277 τοῦ

256 1312 666 1388 Ῥαψομμάτου.
718 1313 892 1370 Ἀλλᾶ
934 1313 1025 1367 καὶ
1071 1313 1224 1367 αὗται
1275 1316 1342 1386 τῇ
1392 1311 1678 1386 Ῥωμαίων
1738 1312 1888 1374 αὗθις

255 1403 339 1458 ούκ
382 1402 455 1464 εἰς
517 1402 729 1479 μακρὰν
789 1402 1205 1472 ἐπανεσώθησαν
1255 1401 1562 1476 ἡγεμονίᾳ.
1615 1402 1884 1455 Ἐντεῦθεν

252 1491 573 1566 ὁβασιλεὺς,
626 1489 1004 1566 ἀναλωμάτων
1048 1487 1328 1564 δεόμενος,
1378 1485 1613 1566 τρόπους
1645 1489 1887 1563 ἀποτρο-

249 1581 428 1642 παίους
476 1579 758 1655 συλλογῆς
806 1581 1114 1656 χρημάτων
1175 1578 1463 1654 ἐξεύρισκε,
1523 1578 1613 1633 καὶ
1661 1577 1883 1640 ὀφειλάς

251 1667 449 1731 ἀδίκους
495 1676 718 1746 εισῆγον
786 1670 920 1724 κατᾶ
966 1673 1073 1723 τῶν
1127 1668 1426 1741 ἀνθρώπων
1487 1669 1538 1722 οἱ
1597 1667 1680 1722 ἐπ’
1737 1667 1884 1738 αὐτῷ

245 1757 567 1834 τεταγμένοι,
629 1759 719 1814 καὶ
791 1758 1098 1834 ἀφῃροῦντο
1171 1760 1267 1818 τὰς
1327 1757 1528 1817 οἰκείας
1588 1755 1772 1817 οὐσίας
1829 1755 1882 1810 οἱ

250 1845 400 1920 μηδὲν
477 1845 709 1908 δικαίως
783 1845 1116 1923 ὀφείλοντες.
1195 1849 1469 1910 Ἐντεῦθεν
1545 1845 1882 1919 ἀπογραφεῖς

244 1941 508 2012 πανταχοῦ
554 1942 669 1991 τῶν
725 1935 778 1990 έν
822 1937 1014 2011 ἀγροῖς
1068 1937 1158 1991 καὶ
1217 1934 1452 2012 χωρίοις
1510 1932 1880 2011 διαφερουσῶν

242 2032 340 2087 τοῖς
373 2027 645 2095 ὑπηκόοις
679 2023 1002 2080 ἐστέλλοντο
1054 2028 1321 2095 κτήσεων,
1353 2024 1442 2078 καὶ
1471 2023 1538 2078 τὰ
1567 2023 1726 2078 καινὰ
1770 2026 1876 2076 τῶν

243 2113 506 2188 ὀνομάτων
559 2114 912 2185 ἐπινενόηηο,
971 2115 1041 2168 τά
1097 2114 1394 2189 Ὑπέρτιμα
1449 2115 1564 2184 (17)
1593 2111 1739 2186 λέγω
1787 2110 1878 2164 γαὶ

237 2205 293 2258 τὰ
341 2202 690 2279 Ὑπίρπλεα,
751 2203 839 2258 καὶ
892 2201 1098 2259 ἄλλοτε
1154 2202 1319 2259 ἄλλοι
1366 2203 1562 2276 τρόποι
1607 2200 1877 2275 ἐπηρειῶν

236 2292 354 2347 κατὰ
380 2297 487 2346 τῶν
531 2291 797 2362 ὑπηκόων
850 2292 1155 2366 εἰσήγοντο,
1195 2291 1286 2346 καὶ
1331 2292 1452 2367 ἰερὰ
1502 2287 1549 2344 δ’
1590 2289 1877 2368 ἀφῄρηντο

237 2382 286 2438 ἐκ
313 2381 463 2446 θείων
505 2385 680 2436 ναῶν.
728 2379 899 2443 Οὗτος
957 2383 985 2436 ὁ
1040 2380 1314 2457 βασιλεὺς,
1369 2381 1458 2434 καὶ
1515 2379 1578 2434 τὸ
1636 2379 1880 2452 νόμισμα

234 2465 716 2543 κεκιϐδηλευμένον
791 2471 938 2545 παρά
1008 2475 1116 2524 τῶν
1183 2471 1290 2545 πρὸ
1366 2468 1529 2522 αὐτοῦ
1606 2467 1877 2541 εὑρηκὼς,

234 2559 450 2636 χάλκεον
501 2556 693 2628 ἔθετε,
763 2559 808 2630 ᾦ
865 2558 943 2622 εἰς
995 2559 1064 2613 τὰ
1118 2565 1219 2627 τῆς
1281 2555 1558 2632 βασιλείας
1612 2555 1877 2631 ἐκέχρητο

233 2646 580 2721 ἀναλώματα,
635 2647 766 2709 τοὺς
800 2645 857 2702 δέ
881 2668 944 2723 γε
991 2647 1196 2726 φόρους
1259 2644 1346 2700 διὰ
1401 2645 1673 2720 χρυσίνων
1731 2641 1877 2698 δοκί-

236 2760 337 2810 μων
370 2737 712 2811 εἰσέπραττε,
770 2743 846 2806 πῆ
895 2733 952 2791 δέ
991 2757 1052 2812 γε
1094 2737 1182 2790 καὶ
1230 2732 1301 2790 δι’
1360 2734 1553 2808 ἐτέρων
1614 2733 1877 2810 χρυσίνων

234 2828 316 2899 μὲν
346 2826 636 2897 κάκείνων,
689 2824 817 2880 ἀλλ’
869 2824 1220 2900 ἡμιχρύσων.
1281 2827 1434 2880 Ἔστι
1475 2820 1521 2877 δ’
1555 2823 1617 2877 οὗ
1665 2823 1752 2876 καὶ
1788 2820 1876 2876 διὰ

224 2920 317 2970 τῶν
365 2913 630 2991 χαλκέων
692 2911 1073 2991 ἒδασμοφόρει.
1132 2914 1290 2970 ’Όθεν
1344 2911 1562 2989 χαλκοῦ
1617 2909 1873 2984 δεόμενος

225 3003 462 3066 πλείονος
495 3049 510 3072 ,
578 3001 708 3067 τοὺς
761 2998 998 3064 ὀϐολοὺς
1055 3001 1129 3064 εἰς
1185 3001 1432 3075 νόμισμα
1493 2999 1869 3074 μετετύπωσε,

141 3082 146 3088 ’
223 3093 299 3146 καὶ
346 3099 468 3148 τινᾶ
495 3096 614 3147 τῶν
649 3089 931 3163 δημοσίων
963 3090 1136 3166 ἔργων
1188 3091 1295 3144 τῶν
1350 3087 1868 3165 χαλκουργημάτων

224 3183 349 3257 φημὶ
429 3180 808 3248 κατασπάσας,
891 3179 966 3242 εἰς
1043 3187 1346 3254 στρατῆρας
1420 3179 1694 3252 συνέκοψε,
1779 3178 1868 3232 καὶ

2007 603 2208 676 iniqua
2231 607 2447 662 tributa
2469 609 3080 679 postulantibus,etiis
3106 613 3257 667 bona
3269 613 3652 684 eripientibus

2007 693 2106 764 qui
2143 693 2283 748 nihil
2332 696 2638 752 debebant.
2686 697 2889 770 Itaque
2940 705 3346 770 procuratores
3397 703 3658 774 quolibet:

2006 780 2408 848 mittebantur,
2443 785 2538 851 qui
2573 788 2979 856 possessiones
3009 790 3385 844 subditorum
3418 791 3478 845 in
3499 794 3658 862 agris

2005 874 2063 924 et
2093 871 2326 940 praediis
2356 873 2777 938 describerent,
2811 893 2877 931 ac
2912 878 3075 931 novis
3108 878 3450 934 nominibus
3483 896 3658 935 exco-

2002 959 2225 1030 gitatis,
2258 977 2324 1014 ea
2355 961 2683 1033 hypertima
2712 969 2769 1018 et
2800 965 3134 1036 hyperplea,
3169 966 3652 1038 appellabantur:

2002 1052 2176 1118 atque
2220 1048 2364 1103 alias
2425 1050 2521 1104 alii
2580 1053 2957 1108 vexationum
2995 1054 3150 1108 modi
3184 1056 3650 1125 reperiebantur,

1999 1137 2101 1190 sed
2134 1138 2376 1193 donaria
2407 1155 2438 1194 e
2461 1140 2698 1210 templis
2732 1142 3167 1197 auferebantur.
3206 1144 3360 1199 Idem
3389 1145 3646 1216 impera-

1997 1227 2090 1278 tor
2118 1225 2257 1281 dum
2292 1233 2584 1282 monetam
2616 1246 2649 1282 a
2698 1229 3106 1286 decessoribus
3155 1233 3281 1287 suis
3339 1234 3648 1288 adultera-

1996 1317 2116 1367 tam
2151 1316 2482 1386 reperisset,
2501 1333 2721 1372 aeneam
2746 1319 2879 1373 fecit
2908 1335 3022 1389 qua
3043 1320 3101 1374 in
3123 1319 3352 1392 imperii
3373 1324 3648 1393 expensis

1996 1407 2302 1459 uteretur:
2337 1405 2395 1459 in
2446 1405 2833 1477 vectigalibus
2862 1423 2994 1463 vero
3027 1409 3242 1479 probos
3273 1427 3479 1466 aureos
3525 1413 3644 1467 exi-

1995 1492 2187 1562 gebat,
2237 1493 2553 1566 aliquando
2611 1495 2781 1550 etiam
2843 1513 3099 1553 numnos
3127 1497 3503 1567 semiaureos,
3563 1502 3650 1555 in-

1992 1581 2226 1636 terdum
2286 1599 2485 1638 aereos.
2545 1584 2690 1639 Cum
2732 1584 2914 1657 igitur
2963 1603 3074 1641 ιρι-θ
3104 1591 3322 1658 egeret,
3354 1604 3423 1643 ex
3455 1588 3643 1646 obolis

1994 1686 2269 1726 nummos
2300 1673 2456 1738 fecit,
2496 1676 2556 1727 et
2585 1689 2758 1742 opera
2791 1675 3057 1745 quadam
3091 1675 3326 1746 publica
3354 1692 3514 1732 aenea
3543 1678 3642 1732 de-

1993 1760 2224 1826 struxit,
2260 1765 2323 1814 ut
2377 1766 2625 1816 stateres
2655 1762 2790 1817 inde
2839 1764 3099 1828 caderet,
3160 1781 3338 1821 novas
3398 1782 3630 1837 quoque

1991 1848 2243 1904 decimas
2274 1850 2544 1905 instituit.
2579 1850 2982 1922 Puella,quam
3015 1855 3274 1924 Augusta
3307 1858 3635 1926 pepererat,

1989 1938 2154 1992 Anna
2185 1945 2269 1992 est
2316 1938 2631 2010 appellata,
2663 1945 2900 2011 propter
2957 1940 3169 2008 aviam,
3230 1946 3287 1997 et
3342 1943 3639 2014 desponsa
3701 1983 3704 1988 -

1989 2024 2183 2081 Maria
2211 2025 2404 2082 Alanaa
2454 2027 2573 2084 ﬁlio
2603 2028 3013 2084 Constantino:
3068 2045 3184 2100 quo
3216 2034 3351 2085 ante
3398 2031 3634 2101 nuptias

1991 2120 2241 2184 mortuo,
2275 2117 2540 2172 eamdem
2565 2118 2691 2187 jam
2726 2117 2985 2173 nubilem
3018 2118 3330 2190 Nicephori
3379 2119 3634 2190 Bryenii,

1990 2221 2159 2274 quem
2202 2222 2382 2276 supra
2413 2210 2869 2260 memoravimus
2903 2206 2973 2260 ob
3009 2207 3167 2278 regni
3202 2207 3632 2264 atfectationem

1989 2298 2336 2348 exciecatum
2369 2293 2571 2361 fuisse,
2604 2293 2722 2348 ﬁlio
2753 2298 2892 2349 natu
2935 2295 3144 2365 majori
3177 2312 3414 2351 uxorem
3448 2297 3630 2352 dedit.

1991 2382 2513 2454 Panhypersebasti
2571 2381 2810 2437 titulum
2869 2383 3056 2439 eidem
3105 2384 3439 2456 impertitus
3478 2386 3631 2442 299

1987 2471 2197 2526 Filium
2255 2471 2390 2526 inde
2441 2470 2553 2525 sibi
2604 2475 2829 2539 natum,
2883 2477 2942 2526 et
2999 2489 3033 2527 a
3081 2473 3412 2544 patriarcha
3463 2491 3630 2530 sacro

1987 2559 2339 2630 baptismate
2386 2559 2445 2613 in
2477 2559 2696 2631 templo
2745 2559 2926 2614 divini
2957 2559 3129 2615 Verbi
3184 2561 3490 2633 Sapientiae
3530 2563 3634 2618 ba-

1986 2651 2290 2722 ptizatum,
2315 2648 2602 2703 Joannem
2622 2647 3277 2721 appellavit,statimque
3299 2651 3632 2708 diademate

1987 2737 2232 2793 ornavit.
2294 2736 2496 2791 Eidem
2551 2736 2650 2791 alii
2709 2753 2936 2810 quoque
2994 2739 3108 2794 duo
3168 2739 3287 2794 nati
3335 2745 3473 2796 sunt
3502 2740 3628 2812 ﬁlii,

1984 2824 2356 2878 Andronicus
2389 2828 2445 2878 et
2479 2824 2755 2894 Isaacius,
2789 2829 2846 2880 et
2893 2824 3018 2880 alia
3050 2831 3168 2882 tres
3221 2827 3376 2897 ﬁliae,
3426 2829 3626 2884 Maria.

1984 2913 2289 2968 Theodora
2334 2915 2392 2968 et
2441 2913 2717 2968 Eudoxia.
2750 2913 2990 2968 Mariam
3047 2915 3362 2987 despondit
3423 2917 3626 2973 Gabraa

1981 3001 2144 3057 illius
2175 3001 2462 3056 Theodori
2497 3001 2714 3056 sebasti
2747 3007 2805 3057 et
2857 3003 3130 3076 martyris
3176 3003 3296 3060 ﬁlio
3325 3005 3622 3077 Gregorio.

1982 3091 2202 3146 Deinde
2223 3090 2506 3146 afﬁnitate
2524 3107 2626 3161 pro
2653 3107 2761 3146 sua
2781 3090 3026 3147 libidine
3049 3093 3374 3164 repudiata,
3403 3093 3624 3166 illoque

1980 3180 2246 3245 dimisso,
2281 3177 2460 3234 alium
2523 3178 2655 3234 ﬁlia:
2705 3196 2988 3251 sponsum
3049 3180 3274 3252 ascivit,
3334 3181 3621 3238 Pborbeni

223 3270 330 3334 νέας
384 3268 620 3331 δεκάτας
680 3268 981 3325 ὶκαίνισεν.
1045 3268 1320 3344 Έγείνατο
1381 3265 1436 3322 δὲ
1493 3268 1778 3344 θυγάτριον
1828 3270 1862 3337 ἡ

1988 3267 2344 3324 Datacalonis
2375 3266 2561 3322 ﬁlium
2596 3267 3010 3340 Nicephorum,
3045 3269 3314 3325 Eudoxiza
3343 3270 3625 3327 Constan-

226 3355 498 3432 Δύγούστα
569 3356 682 3430 βτῷ
721 3353 918 3424 ασιλεῖ,
970 3353 1102 3431 ὅπερ
1141 3356 1300 3412 Ἀννα
1328 3353 1621 3428 ὠνομάσθη
1656 3351 1744 3409 διὰ
1772 3355 1870 3424 τὴν

227 3448 659 3520 πατρομήτορα,
714 3443 793 3522 ἐφ’
864 3445 910 3516 ᾦ
964 3445 1056 3499 τὸν
1130 3451 1229 3513 τῆς
1290 3442 1609 3519 βασιλίσσης
1663 3444 1874 3516 Μαρίας

226 3536 328 3589 υἱὸν
364 3539 774 3590 Κωνσταντῖνον
825 3539 924 3602 τῆς
953 3534 1002 3605 ἐξ
1058 3531 1303 3587 Ἀλανῶν
1347 3533 1375 3586 ὁ
1428 3531 1678 3608 βασιλεὺς
1705 3531 1873 3606 ἐμνη-

227 3623 468 3679 στεύσατο
501 3644 514 3655 ·
583 3620 790 3677 ἐκείνου
858 3619 905 3676 δ’
979 3620 1067 3676 ἐπὶ
1124 3624 1194 3695 τῇ
1256 3621 1512 3695 μνηστείᾳ
1563 3623 1664 3692 τήν
1727 3622 1869 3690 ζωὴν

221 3713 642 3784 καταλύσαντος,
703 3711 778 3774 ὡς
825 3711 1000 3785 ὡραία
1046 3711 1228 3785 γάμου
1272 3712 1306 3780 ἡ
1354 3711 1591 3786 θυγάτηρ
1641 3709 1870 3786 ἐγεγόνει

220 3807 293 3874 τῷ
321 3800 533 3869 ἄνακτι,
570 3799 803 3877 νυμφίον
834 3796 1019 3874 ’ἕτερον
1053 3798 1134 3854 ἐπ’
1194 3799 1330 3873 αὐτῇ
1379 3798 1722 3872 εἰσῳκίσατο,
1778 3800 1868 3854 τὸν

223 3892 383 3963 μείζω
437 3891 555 3946 τῶν
612 3891 745 3943 υἱῶν
803 3887 1121 3966 Νικηφόρου
1181 3893 1276 3942 τοῦ
1334 3887 1592 3961 Βρυενίου
1630 3930 1644 3956 ,
1725 3888 1784 3942 ὃν
1841 3890 1870 3943 ὁ

220 3975 372 4056 λόγος
427 3979 713 4055 προέφηνε
768 3981 838 4051 τῇ
896 3974 1171 4054 τυραννίδι
1232 3977 1656 4052 ἐπιχειρήσαντα
1691 4021 1704 4046 ,
1780 3977 1869 4031 καὶ

222 4067 411 4124 ἁλόντα
438 4067 534 4123 καὶ
585 4066 907 4142 πηρωθέντα
962 4066 1090 4129 τοὺς
1145 4065 1485 4142 ὀφθαλμούς.
1536 4065 1722 4139 Τούτῳ
1768 4067 1868 4134 την

220 4157 479 4232 θυγατέρα
529 4155 732 4225 ταύτην
791 4157 1187 4231 κατεγγυήσας,
1245 4156 1508 4227 τετίμηκε
1557 4156 1647 4210 τὸν
1705 4153 1872 4230 ἄνδρα

219 4240 748 4321 πανυπερσὲϐαστον.
810 4244 1017 4300 Γίνεται
1073 4242 1131 4299 δὲ
1187 4249 1267 4317 τῷ
1327 4244 1545 4320 βασιλεῖ
1600 4244 1690 4299 καὶ
1756 4247 1871 4310 υῖὸς

222 4335 276 4388 ’ὸν
306 4335 354 4389 ἐν
382 4340 463 4408 τῷ
497 4332 630 4408 θείῳ
677 4333 882 4406 τεμένει
929 4340 1029 4403 τῆς
1068 4338 1166 4388 τοῦ
1217 4332 1350 4389 Θεοῦ
1407 4335 1588 4409 Λόγου
1647 4335 1868 4412 Σοφίας,

1983 3359 2086 3412 tini
2117 3357 2299 3412 lasits:
2347 3356 2533 3411 ﬁlium
2585 3357 2956 3413 matrimonio
2979 3357 3198 3428 junxit,
3232 3359 3331 3430 qui
3381 3376 3620 3416 uxorem

1983 3464 2094 3502 non
2131 3453 2196 3501 ut
2251 3446 2621 3516 imperatoris
2678 3443 2860 3500 ﬁliam
2920 3447 3210 3512 tractavit,
3259 3447 3360 3503 sed
3391 3449 3562 3518 quasi
3591 3465 3623 3503 e

1981 3536 2280 3607 superiore
2313 3534 2437 3588 loco
2467 3550 2600 3588 cum
2623 3534 2723 3588 illa
2751 3536 2951 3605 egit,et
2971 3535 3339 3605 imperatrice
3361 3553 3428 3591 ac
3449 3554 3622 3592 socru

1981 3623 2306 3696 sapissime
2335 3621 2574 3690 offensa,
2600 3621 2790 3677 effecit
2822 3627 2884 3676 ut
2912 3622 3014 3676 illa
3034 3623 3215 3678 ﬁliam
3241 3629 3621 3696 aegrotantem

1981 3713 2180 3768 statim
2202 3711 2492 3776 tonderet,
2545 3715 2721 3780 atque
2772 3711 2965 3781 ipsum
3015 3711 3175 3782 regia
3222 3712 3478 3784 ejiceret.
3513 3713 3623 3769 Po-

1981 3807 2259 3858 stremam
2311 3799 2492 3854 ﬁliam
2527 3798 2826 3855 collocavit
2883 3805 3045 3871 pater
3100 3800 3455 3858 adolescenti
3505 3820 3623 3859 non

1980 3907 2120 3946 sane
2141 3889 2357 3943 illustri
2389 3893 2513 3942 orto
2570 3886 2810 3955 familia,
2853 3888 2952 3943 sed
2986 3889 3175 3943 forma
3202 3892 3443 3962 praedito
3474 3909 3623 3963 pm-

1982 3977 2365 4034 stantissima.
2417 3976 2535 4031 Sub
2613 3975 2719 4031 hoc
2777 3977 3129 4048 imperatore
3192 3983 3362 4035 terra)
3425 3985 3622 4036 motus

1979 4067 2308 4124 horrendus
2341 4065 2450 4120 fuit
2503 4081 2569 4120 eo
2602 4065 2693 4120 die
2743 4082 2856 4137 quo
2907 4066 3188 4123 memoria
3245 4068 3357 4123 divi
3403 4069 3624 4125 Nicolai

1979 4159 2052 4214 ob
2082 4154 2368 4212 miracula
2397 4153 2642 4209 celebris
2698 4154 2913 4226 agitur,
2965 4155 3269 4227 multaque
3299 4157 3620 4229 domicilia,

1981 4246 2169 4301 multa
2198 4243 2438 4313 templa,
2476 4242 2672 4297 multis
2703 4242 2961 4314 porticus
2992 4245 3211 4314 quibus
3240 4246 3342 4299 vita
3375 4246 3623 4317 publicae

1979 4332 2862 4408 teguntur,collapsw,mortales
2883 4331 3168 4402 plurimos
3182 4340 3622 4404 oppresserunt.

220 4425 362 4498 παρᾶ
430 4427 534 4479 τοῦ
611 4422 957 4499 πατριάρχου
1032 4423 1425 4494 καταξιωθέντα
1493 4423 1589 4478 τοῦ
1666 4423 1810 4478 θείου
1887 4424 2277 4502 βαπτίσματος,
2353 4421 2444 4476 καὶ
2511 4420 2767 4489 Ἰωάννην
2845 4419 3140 4489 κληθέντα,
3192 4420 3383 4476 αὐτίκα
3441 4422 3468 4476 ὁ
3520 4443 3626 4476 πα-

221 4513 316 4586 τὴρ
372 4515 465 4568 καὶ
529 4509 825 4585 διαδήματι
883 4517 1105 4567 ταινιοῖ.
1167 4512 1418 4589 Γεγόνασι
1479 4509 1537 4567 δὲ
1590 4517 1669 4585 τῷ
1731 4513 1946 4590 βασιλεῖ
1996 4513 2084 4568 καὶ
2142 4509 2316 4586 ἕτεροι
2367 4507 2461 4564 δύο
2520 4509 2650 4576 υἱοὶ,
2708 4505 3046 4584 Ἀνδρόνικός
3101 4529 3158 4562 τε
3212 4510 3299 4562 καὶ
3363 4510 3624 4571 Ἰσαάκιος

222 4601 305 4655 καί
361 4601 652 4677 θυγατέρες
707 4597 884 4674 ἕτεραι
941 4606 1108 4674 τρεῖς,
1169 4600 1372 4674 Μαρία,
1435 4599 1670 4658 Εὐδοκία
1724 4602 1814 4656 καὶ
1872 4599 2146 4675 Θεοδώρα.
2207 4603 2290 4672 Τῇ
2354 4600 2446 4670 μὲν
2507 4598 2596 4650 οὗν
2655 4596 2838 4671 Μαρίᾳ
2884 4597 2977 4651 τὸν
3037 4601 3136 4651 τοῦ
3193 4591 3372 4672 Γαϐρᾶ
3420 4596 3626 4652 ἐκείνου

231 4688 510 4765 Θεοδώρου
560 4693 658 4743 τοῦ
717 4684 980 4743 σεϐαστοῦ
1053 4689 1142 4743 καὶ
1224 4689 1494 4766 μάρτυρος
1565 4692 1680 4744 υἱὸν
1750 4691 1844 4745 τὸν
1898 4692 2197 4766 Γρηγόριον
2255 4685 2674 4762 ἐμνηστεύσατο.
2735 4687 2865 4742 Εἶτα
2917 4687 3016 4754 τὴν
3080 4686 3368 4758 μνηστείαν
3426 4685 3625 4755 ταύτην

231 4776 408 4848 λύσας,
469 4778 612 4833 οὕτω
667 4775 820 4848 δόξαν
879 4779 1050 4850 αὐτῷ,
1109 4779 1359 4833 κάκεῖνον
1419 4779 1905 4854 ἀποπεμψάμενος,
1961 4776 2144 4855 ἕτερον
2208 4783 2491 4851 μνηστῆρα
2542 4778 2610 4848 τῇ
2663 4776 2882 4849 θυγατρὶ
2936 4774 3100 4848 ταύτῃ
3151 4775 3243 4828 τὸν
3273 4779 3370 4828 τοῦ
3402 4770 3628 4849 Φορϐη-

228 4873 312 4922 νοῦ
371 4868 490 4922 υἱὸν
563 4872 659 4922 τοῦ
737 4866 1073 4924 Κατακαλὼν
1131 4866 1223 4923 τὸν
1280 4869 1596 4947 Νικηφόρον
1653 4869 2052 4940 εἰσεποιήσατο.
2110 4870 2193 4940 Τῇ
2253 4863 2299 4919 δ’
2358 4861 2593 4935 Εύδοκίᾳ
2672 4865 2761 4918 τὸν
2851 4868 2947 4917 τοῦ
3033 4863 3260 4918 Ἰασίτου
3337 4865 3628 4920 Κωνσταν-

225 4956 367 5010 τίνου
419 4953 590 5011 παῖδα
648 4957 971 5029 συνέζευξεν.
1030 4957 1126 5020 Ὃς
1181 4960 1249 5030 τῇ
1305 4978 1364 5011 τε
1419 4959 1653 5029 συνεύνῳ
1707 4957 1814 5033 οὐχ
1869 4957 1944 5020 ὡς
2004 4954 2270 5032 βασιλέως
2328 4952 2593 5026 ἐκέχρητο
2654 4952 2896 5027 θυγατρὶ,
2953 4949 3079 5007 ἀλλ’
3115 4951 3172 5008 ἐκ
3201 4956 3297 5008 τοῦ
3327 4952 3630 5029 κρείττονος

232 5043 426 5119 ὡμίλει
480 5044 650 5119 ταύτῃ
707 5044 796 5099 καὶ
844 5045 1228 5123 προσεφέρετο,
1274 5048 1363 5100 καὶ
1411 5050 1480 5120 τῇ
1542 5044 1830 5122 βασιλίσση
1881 5042 1938 5100 δὲ
1989 5041 2307 5103 πλειστάκις
2360 5039 2785 5116 προσκεκρούκει
2835 5039 2925 5094 καὶ
2984 5043 3234 5117 πενθερᾷ,
3283 5041 3424 5116 ἥπερ
3483 5042 3629 5114 αὐτῷ

235 5134 641 5210 προσοχθίσασα
719 5135 817 5202 τὴν
913 5131 1180 5210 θυγατέρα
1271 5135 1574 5205 νοσήσασαν
1655 5134 1810 5199 εὐθὺς
1891 5133 2169 5210 ἀποκείρει
2256 5134 2367 5205 (18)
2471 5129 2560 5185 καὶ
2645 5129 2732 5183 τὸν
2831 5128 3063 5201 Ἰασίτην
3148 5129 3437 5186 ἀπελαύνει
3519 5135 3629 5186 τῶν

1501 5323 1706 5385 Variae
1737 5322 2039 5385 lectiones
2068 5327 2132 5383 et
2161 5326 2348 5382 notae.

1984 5485 2078 5540 nis
2137 5484 2469 5551 abduceret,
2530 5497 2660 5554 cum
2719 5486 2958 5554 sumpta
3031 5480 3222 5554 semel
3268 5481 3340 5535 ab
3401 5483 3632 5554 aegroti-

1985 5562 2138 5612 veste
2161 5554 2521 5619 monachica,
2554 5552 2705 5607 hanc
2735 5553 3028 5608 dimittere
3049 5569 3164 5608 non
3190 5553 3407 5619 liceret,
3439 5552 3485 5609 si
3511 5556 3634 5625 pris

1987 5630 2198 5684 stinam
2232 5625 2621 5681 valetudinem
2653 5633 3154 5696 consequerentur
3210 5630 3274 5679 ut
3321 5626 3631 5682 docuimus

1988 5702 2048 5759 in
2081 5700 2254 5757 Gloss.
2312 5698 2453 5755 med.
2515 5697 2634 5754 Lat.
2669 5696 2728 5753 in
2760 5715 2813 5753 v.
2848 5699 3137 5754 Monachus
3192 5697 3262 5754 ad
3312 5714 3631 5756 succurren-

298 5482 414 5556 (17)
441 5481 650 5556 ’Υπέρτι
662 5501 756 5554 μα.
779 5484 926 5556 Vide
957 5483 1125 5540 Gloss.
1157 5485 1303 5540 med.
1332 5487 1554 5542 Grzcz't.

300 5554 414 5625 (18)
442 5555 544 5623 Τήν
568 5554 920 5632 “-θυγατέρα-
958 5556 1258 5632 νοσήσασ-αν
1342 5555 1507 5632 εὐθὺςΔ
1580 5555 1874 5632 ἀποκείρει.

235 5623 494 5701 Ιόροιτο
517 5626 636 5701 egit
671 5623 856 5701 mater
899 5623 1089 5694 Irene,
1117 5629 1344 5685 infensa
1399 5629 1584 5686 Insita
1643 5623 1876 5701 genero,

238 5700 298 5752 ut
327 5715 461 5756 eum
517 5700 593 5758 ab
649 5700 810 5759 omni
867 5717 970 5774 spe
1028 5717 1161 5758 cum
1220 5718 1398 5758 uxore
1454 5700 1876 5759 reconciliatio-
