4036 6206
1576 341 1678 400 AN
1687 337 1989 402 NALlUM
2034 339 2180 402 LIB.
2225 341 2452 404 XVIII.
3592 345 3712 407 306

307 347 420 408 306

305 479 450 546 ὁτῆς
482 475 767 552 πορφύρας
820 473 1073 550 βλαστὸς,
1120 473 1254 548 ἀνὴρ
1299 473 1400 542 τὴν
1452 471 1546 545 μὲν
1588 469 1750 545 ἴσχὺν
1779 469 1939 545 ἀπαρ·

2067 471 2300 529 inﬁnita
2353 473 2668 531 multitudo
2725 476 2798 531 ab
2854 474 3150 531 occidente
3205 479 3354 544 orta,
3433 479 3491 532 et
3543 481 3711 534 tanta

304 565 544 638 άμιλλος
578 613 595 639 ,
651 565 752 633 τὴν
815 561 872 618 δὲ
939 570 1040 632 τῆς
1101 563 1332 638 γνώμης
1388 559 1492 632 ἕξιν
1549 559 1638 613 καὶ
1694 559 1795 628 τήν
1850 566 1939 628 τῆι

2065 567 2132 617 ut
2162 563 2313 618 inter
2365 562 2681 620 volandum
2771 565 3012 620 nubilus
3070 564 3576 637 acquipararetur.
3651 571 3710 622 et

299 659 484 730 ψυχῆς
534 654 890 729 γενναιότητα
941 653 1005 706 ού
1059 652 1196 706 κατά
1250 652 1349 719 τὴν
1401 649 1718 722 σωματικὴν
1776 647 1949 704 πλου-

291 748 462 816 τήσας
522 743 702 818 ἰσχύν.
757 740 951 808 Οὗτος,
1001 742 1064 795 τὸ
1115 741 1210 813 μὲν
1260 736 1438 813 δρᾶμα
1479 736 1816 809 συνθέμενος,
1847 737 1948 805 τὴν

293 832 346 888 δὲ
401 835 598 908 πρᾶξιν
670 831 1091 906 ὑπερτιθέμενος
1125 876 1140 900 ,
1188 826 1353 892 ’ἔλαθε
1410 827 1594 892 παθὼν
1655 825 1691 895 ἢ
1750 823 1946 902 δράσας

288 924 362 985 ὡς
416 917 805 979 ἐϐουλεύσατο.
851 920 1028 976 Ἐάλω
1075 919 1201 994 γὰρ,
1248 919 1336 972 καὶ
1393 918 1640 989 ἰτασμῶν
1693 917 1946 990 ἀνάγκαις

285 1009 642 1081 παραδοθεὶς,
704 1008 779 1063 ’ἶν’
835 1007 1115 1081 έκκαλύψῃ
1168 1005 1298 1068 τοὺς
1364 1004 1681 1079 συνωμότας
1713 1047 1728 1074 ,
1786 1003 1946 1065 τέλος

283 1099 525 1170 ἐξεκόπη
582 1101 650 1154 τὰ
706 1095 953 1172 ὄμματα,
1010 1096 1100 1151 καὶ
1157 1097 1260 1165 τὴν
1306 1094 1621 1170 περιουσίαν
1669 1092 1942 1168 ἀφῄρητο.

280 1189 421 1242 Εἶτα
450 1189 516 1242 τὸ
545 1192 654 1242 τῶν
706 1188 974 1262 Φράγγων
1025 1180 1179 1247 ἔθνος
1231 1183 1292 1240 ἐκ
1333 1188 1440 1240 τῶν
1489 1181 1782 1257 Ἑσπερίων
1815 1201 1944 1256 συγ-

277 1279 534 1348 κινηθέν,
585 1275 739 1350 ἀνῂει
779 1277 916 1351 πρὸς
969 1275 1068 1344 τὴν
1120 1270 1370 1351 βασιλίδα
1417 1276 1526 1326 τῶν
1579 1269 1819 1339 πόλεων,
1867 1271 1942 1333 ὡς

278 1365 336 1420 ἐκ
367 1366 582 1436 ταύτης
613 1364 666 1427 ές
695 1366 795 1433 τὴν
846 1363 1018 1436 Ἑῴαν
1064 1360 1692 1436 διαπεραιωθησόμενοψ
1723 1360 1796 1413 ὧν
1843 1360 1941 1427 τὴν

276 1455 606 1530 συγκίνησιν
676 1452 943 1524 θεοσημία
1012 1473 1095 1514 τις
1173 1453 1547 1525 προεμήνυσεν
1602 1493 1614 1507 .
1676 1445 1942 1523 Ἀκρίδων

271 1545 384 1618 γὰρ
422 1541 646 1618 ἄπειρόν
703 1564 756 1597 τι
818 1541 1031 1610 πλῆθος
1087 1539 1148 1595 ἐκ
1200 1546 1302 1609 τῆς
1353 1539 1578 1610 ἑσπέρας
1605 1539 1706 1607 τήν
1737 1537 1939 1611 γένεσιν

273 1631 554 1708 ἐσχηκὸς,
599 1631 689 1686 καὶ
736 1635 1016 1700 τοσοῦτον,
1067 1630 1142 1691 ὡς
1187 1629 1398 1706 νέφεσιν
1444 1627 1741 1701 ἱπτάμενον
1789 1627 1941 1682 ἀπει-

269 1722 565 1793 κάζεσθαι,
614 1721 702 1775 καὶ
764 1718 1064 1788 συσκιάζειν
1117 1718 1208 1773 τὸν
1257 1715 1443 1788 ἥλιον,
1497 1714 1586 1772 διὰ
1639 1722 1739 1786 τῆς
1791 1713 1938 1789 μεγί-

273 1830 422 1879 στης
453 1814 564 1864 τῶν
606 1807 823 1864 πόλεων
872 1808 959 1863 καὶ
1014 1811 1121 1862 τῶν
1165 1805 1366 1876 ταύτης
1416 1804 1579 1880 ὁρίων
1609 1806 1708 1874 τήν
1740 1810 1936 1874 πτῆσιν

270 1897 621 1972 ποιούμενον
681 1899 815 1973 πρὸς
866 1897 965 1966 τήν
1020 1896 1156 1969 ἑῴαν
1207 1896 1458 1971 ὥρμητο,
1515 1894 1730 1948 κάκεῖσε
1782 1894 1941 1949 κατέ-

271 2008 445 2045 παυε.
529 1987 922 2062 Περαιωθέντες
1000 1983 1089 2040 οὖν
1124 2029 1140 2054 ,
1196 1983 1286 2038 καὶ
1361 1987 1430 2058 τῇ
1493 1983 1630 2038 κατὰ
1683 1981 1936 2046 Βιθυνίαν

275 2070 702 2152 προσϐαλόντες
752 2071 976 2146 Νικαίᾳ,
1037 2073 1186 2149 παρά
1238 2076 1344 2126 τῶν
1403 2071 1657 2147 Τούρκων
1712 2090 1942 2146 κατεχο-

276 2165 452 2240 μένη,
482 2163 577 2220 σὺν
609 2164 797 2240 χρόνῳ
850 2164 943 2238 μὶν
995 2163 1086 2218 καὶ
1137 2163 1308 2240 φθορᾷ
1351 2158 1540 2235 πολλῇ
1587 2159 1936 2237 ἑκατέρωθεν,

271 2257 424 2316 τέως
463 2255 649 2328 μέντοι
706 2255 807 2323 τήν
859 2251 1024 2308 πόλιν
1083 2251 1343 2327 ᾑρήκασι,
1401 2250 1492 2305 καὶ
1547 2250 1740 2316 ταύτην
1805 2250 1940 2322 μετᾶ

275 2340 521 2398 πολλῶν
582 2339 841 2396 ἀπέδοντο
872 2342 1178 2417 χρημάτων
1207 2344 1287 2412 τῷ
1322 2338 1555 2414 βασιλεῖ.
1589 2339 1652 2394 Οἱ
1684 2337 1731 2392 δ’
1756 2338 1833 2402 εἷς
1875 2339 1939 2392 τὸ

273 2431 480 2506 πρόσω
538 2430 905 2505 προύχώρουν
947 2473 960 2486 .
1021 2431 1124 2485 Καὶ
1198 2430 1250 2484 οἱ
1331 2430 1429 2502 μὶν
1494 2429 1594 2497 τὴν
1671 2427 1807 2504 πρὸς
1857 2427 1938 2500 τῷ

281 2520 520 2596 Ὀρόντῃ
570 2518 714 2574 εἶλον
776 2518 868 2573 σὺν
929 2517 1122 2594 γόχθῳ
1175 2517 1264 2572 καὶ
1297 2513 1446 2596 φόνῳ
1474 2514 1675 2588 πολλῷ
1731 2514 1936 2573 Ἀντιό-

283 2628 473 2684 χειαν,
528 2609 581 2662 οἱ
613 2605 669 2662 δὲ
695 2613 796 2677 τῆς
826 2605 1222 2683 Ἱεροσολύμων
1259 2605 1516 2682 μεγάλοις
1549 2605 1748 2681 ἀγῶσιν
1781 2603 1938 2681 ἐκρά-

278 2718 458 2766 τησαν
493 2693 732 2759 πόλεως.
786 2693 945 2752 Ἀλλ’
993 2696 1135 2750 οὕτω
1187 2695 1282 2768 μὶν
1311 2695 1380 2750 τά
1421 2699 1518 2750 τοῦ
1557 2689 1742 2758 ἔθνους
1773 2689 1934 2770 ἔσχον

279 2791 393 2841 τῶν
446 2789 740 2862 Φράγγων,
781 2785 1235 2858 συντετμημένως
1285 2783 1476 2841 εἰπεῖν.
1520 2782 1738 2858 Αἵρεσις
1771 2781 1828 2838 δέ
1854 2804 1940 2849 τις

285 2874 430 2929 κατὰ
486 2873 613 2935 τοὺς
663 2873 898 2950 χρόνους
953 2873 1178 2936 τούτους
1235 2872 1540 2951 ἀναπέφηνε
1599 2874 1848 2949 μυσαρά,
1899 2875 1934 2942 ἡ

2064 650 2243 704 solem
2276 651 2672 718 obumbraret,
2715 653 2859 708 urbe
2890 652 3148 709 maxima
3197 657 3255 708 et
3312 653 3530 708 ﬁnibus
3579 655 3706 724 ejus

2060 738 2397 810 pervolatis,
2455 741 2694 812 quievit.
2768 743 2913 798 Cum
2998 741 3372 812 trajecissent
3453 741 3704 797 Nicaeam

2060 827 2336 896 Bibynim,
2371 846 2547 900 quam
2572 831 2747 886 Turci
2807 831 3106 898 tenebant,
3165 829 3370 886 multis
3428 830 3706 902 utrinque

2057 916 2245 983 caecis,
2277 919 2514 973 tandem
2548 921 2599 973 vi
2632 925 3187 991 expugnatam,cum
3211 934 3426 992 magna
3456 919 3706 992 pecunia

2057 1005 2429 1076 imperatoris
2459 1007 3082 1064 reddiderunt.Deinde
3113 1007 3407 1080 progressi
3430 1008 3699 1079 ulterius,

2055 1095 2156 1150 alii
2187 1095 2550 1151 Antiochiam
2582 1097 2655 1151 ad
2687 1100 2961 1152 Orontem
2992 1113 3126 1152 cum
3167 1097 3364 1152 labore
3395 1095 3701 1168 multoque

2055 1182 2342 1255 sanguine
2363 1190 2662 1256 ceperunt;
2695 1184 2792 1240 alii
2829 1184 3362 1254 Hierosolymitanze
3393 1184 3556 1240 urbis
3581 1200 3696 1240 non

2053 1271 2180 1328 sine
2212 1272 2440 1344 magnis
2468 1273 2888 1328 certaminibus
2925 1273 3088 1344 potiti
3143 1277 3302 1328 sunt.
3339 1277 3526 1344 Atque
3576 1273 3694 1328 haec

2055 1361 2350 1417 aFrancis
2381 1367 2546 1434 gesta
2595 1362 2845 1417 breviter
2893 1362 2986 1417 hic
3040 1362 3518 1433 perstrinximus.
3593 1360 3693 1416 His

2051 1451 2416 1522 temporibus
2472 1455 2631 1506 secta
2688 1451 2910 1506 nefaria
2959 1450 3395 1523 Bogomilorum
3450 1449 3692 1516 exstitit,

2051 1541 2222 1610 cujus
2256 1555 2442 1611 praeco
2471 1541 2789 1611 doctorque
2821 1539 3155 1611 primarius,
3195 1543 3253 1594 et
3292 1537 3693 1611 apostolorum

2050 1628 2390 1700 praesidium
2413 1628 2522 1684 fuit
2552 1628 2793 1700 quidam
2841 1626 3093 1684 Basilius
3152 1628 3433 1694 medicus,
3484 1625 3690 1682 habitu

2051 1717 2398 1785 monachus,
2451 1717 2553 1774 sed
2589 1717 2720 1789 ipso
2767 1717 2961 1790 potius
3003 1721 3222 1773 Satana
3275 1716 3538 1783 indutus,
3587 1715 3688 1787 qui

2050 1823 2184 1863 cum
2229 1807 2402 1862 annis
2450 1824 2521 1862 xv
2557 1806 2770 1862 erroris
2820 1805 2978 1862 illius
3029 1805 3356 1878 perniciosa
3411 1808 3689 1876 dogmata

2047 1897 2368 1962 didicisset,
2431 1912 2502 1950 LII
2547 1895 2862 1963 docuisset,
2916 1901 3107 1953 totum
3154 1897 3271 1951 tere
3317 1895 3518 1950 orbem
3566 1910 3686 1949 suae

2049 1985 2230 2058 pestis
2260 1985 2543 2056 implevit.
2577 1985 2836 2040 Tandem
2869 1987 3044 2040 etiam
3095 1985 3297 2041 urbem
3354 1983 3687 2054 imperatri-

2046 2090 2172 2131 cem
2196 2074 2520 2147 ingressus,
2544 2074 2602 2129 in
2635 2073 2944 2130 manifesto
2996 2073 3241 2130 crimine
3287 2078 3376 2130 est
3426 2071 3687 2128 veritatis

2047 2163 2326 2220 inimicus
2349 2162 2772 2234 deprehensus.
2804 2163 2951 2218 Nam
2982 2163 3298 2234 imperator
3317 2163 3446 2233 ejus
3476 2161 3686 2233 impie-

2045 2256 2165 2308 tate
2194 2251 2450 2324 cognita,
2507 2251 2806 2307 simulavit
2863 2268 2925 2307 se
2985 2252 3160 2307 ﬁdem
3202 2251 3416 2307 habere
3463 2248 3690 2306 homini

2048 2341 2286 2408 infelici,
2317 2345 2374 2396 et
2404 2341 2756 2413 magistrum
2817 2340 3160 2412 appellavit,
3219 2357 3285 2396 ac
3329 2343 3689 2396 servatorem

2047 2431 2370 2487 errantium
2400 2430 2756 2485 animarum.
2790 2429 2890 2486 His
2944 2434 3002 2485 et
3046 2429 3313 2502 pluribus
3363 2428 3492 2485 aliis
3543 2445 3690 2498 aegre

2048 2520 2286 2590 quidem
2343 2523 2401 2575 et
2457 2519 2643 2590 tarde,
2699 2519 2799 2576 sed
2854 2525 3050 2574 tamen
3104 2518 3291 2575 effecit
3339 2518 3690 2585 tandem,ut

2047 2608 2220 2665 homo
2252 2608 2532 2680 pestilens
2563 2612 2854 2664 evomeret
2886 2608 3045 2663 virus
3079 2624 3195 2663 suae
3257 2607 3685 2679 improbitatis:

2046 2704 2102 2754 et
2141 2699 2261 2754 fera
2318 2698 2588 2754 cassibus
2645 2698 2794 2753 θοι
2857 2697 3111 2762 irretica.
3171 2696 3498 2752 doctrinam
3558 2696 3686 2768 ejus

2043 2786 2316 2858 vulgavit,
2374 2790 2432 2844 et
2486 2787 2765 2859 dogmata
2819 2785 3196 2858 contempsit,
3268 2785 3688 2857 communique

2046 2877 2324 2952 suﬂ‘ragio
2378 2877 2438 2932 in
2499 2877 2894 2950 Hippodromo
2966 2878 3346 2950 impostorem
3423 2875 3689 2933 comburi

284 2968 396 3019 τῶν
462 2961 820 3039 Βογομίλων.
877 2969 985 3032 Τῆς
1044 2959 1100 3017 δὶ
1153 2961 1410 3032 τοιαύτης
1455 2962 1713 3038 αἱρέσεως
1767 2964 1935 3038 κῆρυξ

2049 2967 2242 3039 iussit.
2271 2966 2399 3022 Alia
2426 2983 2596 3038 porro
2629 2965 2839 3022 seditia
2867 2972 3070 3022 contra
3120 2967 3530 3038 imperatorem
3561 2970 3688 3021 orta

279 3053 353 3120 ἦν
415 3052 505 3106 καὶ
568 3052 724 3125 μέγα,
783 3048 1103 3113 διδάσκαλος
1160 3052 1250 3105 καί
1302 3045 1608 3126 προϐελεὺς
1656 3049 1765 3105 τῶν
1813 3057 1937 3128 παρ’

282 3141 472 3200 αὐτοῖς
529 3137 875 3208 ἀποστόλων,
923 3137 1199 3216 βασίλειός
1250 3161 1334 3204 τις
1382 3139 1678 3215 λεγόμενος
1731 3139 1934 3217 ἰατρὸς,

281 3235 480 3302 σχῆμα
537 3227 634 3299 μὲν
684 3215 1056 3304 περικείμενος
1119 3232 1384 3303 μοναχοῦ,
1441 3230 1601 3284 αὐτὸν
1647 3225 1694 3283 δ’
1726 3215 1928 3284 ἐκεῖνον
1963 3215 2006 3282 C

281 3313 636 3389 ἐνδεδυμένος
687 3316 781 3370 τὸν
843 3322 1100 3388 Σατανᾶν,
1155 3317 1213 3378 ὃς
1274 3315 1325 3370 ἐν
1374 3311 1510 3372 ἔτεσι
1569 3319 1662 3390 μὶν
1723 3339 1932 3373 πεντε-

281 3402 510 3459 καίδεκα
555 3405 624 3459 τὰ
672 3406 773 3473 τῆς
821 3405 1034 3476 πλάνης
1086 3405 1271 3479 μαθὼν
1311 3404 1535 3481 ὀλέθρια
1577 3405 1846 3482 δόγματα,
1878 3405 1930 3462 ἐν

285 3491 328 3512 λς
646 3495 660 3512 ς
1206 3493 1216 3512 ρ
1413 3480 1451 3515 ,⁷
1480 3495 1493 3511 κ
1624 3480 1665 3510 ...⁷
1791 3480 1799 3487 ’

283 3511 338 3548 οε
389 3491 510 3548 δυσὶ
570 3514 662 3548 και
721 3495 1056 3565 πεντήκοντα
1101 3491 1317 3564 διδάξας
1369 3515 1524 3563 αυτα,
1580 3515 1754 3550 πασαν
1810 3516 1935 3572 σχε-

282 3581 371 3638 δὸν
433 3583 534 3651 τήν
587 3581 912 3655 οἰκουμένην
961 3589 1062 3654 τῆς
1118 3582 1317 3646 οἰκείας
1374 3583 1558 3658 λύμης
1615 3583 1931 3656 ἐνέπλησεν,

285 3673 415 3728 Εἶτα
445 3671 536 3726 καὶ
565 3675 633 3745 τῇ
683 3676 791 3726 τῶν
841 3670 1055 3727 πόλεων
1107 3670 1358 3728 Βασιλίδι
1387 3671 1774 3749 ἐπεχωρίασεν,
1806 3673 1935 3730 ἀλλ’

283 3760 430 3816 έάλω
481 3759 565 3814 ἐπ’
608 3759 910 3838 αύτοφώρῳ
960 3761 988 3815 δ
1033 3763 1131 3830 τῆς
1184 3761 1444 3833 ἀληθείας
1491 3761 1710 3839 ἐχθρός.
1763 3762 1929 3826 Γνοὺς

2043 3061 2152 3126 est,
2183 3057 2436 3129 quodam
2475 3061 2711 3112 auctore
2736 3056 2836 3128 qui
2894 3073 2956 3112 se
3007 3057 3278 3128 Diogenis
3315 3055 3688 3128 imperatoris

2046 3144 2233 3201 ﬁlium
2258 3146 2577 3217 professus,
2610 3145 3000 3201 Cumanorum
3049 3145 3220 3200 turba
3269 3144 3454 3200 ascita
3500 3143 3687 3200 Thra-

2045 3233 2195 3290 ciam
2231 3233 2619 3306 p0pulabatur
2648 3238 2705 3288 et
2750 3233 3035 3302 vastabat,
3069 3239 3272 3304 petens
3321 3237 3385 3288 ut
3443 3231 3688 3288 urbibus

2043 3323 2418 3394 reciperetur,
2452 3327 2628 3393 atque
2657 3322 2996 3393 :imperator
3036 3320 3413 3376 salutaretur.
3474 3321 3691 3376 Deinde

2043 3427 2178 3467 cum
2202 3411 2548 3483 oppidulum
2579 3410 2838 3465 Thracias
2884 3411 3202 3482 quoddam,
3237 3409 3441 3465 fraude
3471 3409 3686 3465 civium

2043 3500 2359 3571 imperator
2387 3499 2698 3566 salutatus,
2728 3515 2863 3555 cum
2895 3499 3096 3572 paucis
3147 3499 3448 3571 ingressus
3510 3502 3687 3564 esset,

2043 3589 2501 3661 comprehensus
2559 3588 2744 3644 oculis
2774 3589 3054 3660 privatur.
3083 3587 3176 3643 Sic
3241 3589 3370 3658 ejus
3420 3587 3686 3660 tyrannis

2042 3679 2210 3733 ﬁnita
2247 3681 2359 3746 est,
2414 3676 2690 3733 Comanis
2747 3677 2848 3748 qui
2909 3676 3017 3732 vivi
3070 3680 3394 3747 evaserant,
3429 3676 3487 3731 in
3545 3692 3684 3731 suas

2043 3767 2210 3822 sedes
2237 3766 2504 3822 reversis.

279 3850 379 3926 γὰρ
437 3849 539 3917 τήν
598 3846 800 3905 ἐκείνου
855 3844 1102 3906 ἀσέϐειαν
1163 3851 1190 3905 ὁ
1240 3855 1474 3928 κρατῶν,
1531 3851 1791 3928 ὑπεκρίθη
1852 3851 2030 3908 πίστιν
2085 3852 2230 3929 ἔχειν
2290 3852 2364 3916 εἷς
2421 3851 2620 3908 ἐκεῖνον
2676 3852 2767 3908 τὸν
2821 3850 3226 3926 κακοδαίμονα,
3283 3852 3371 3908 καὶ
3431 3850 3685 3910 διδάσκα-

283 3934 381 3992 λον
439 3935 644 4009 ἐκάλει,
700 3937 790 3994 καὶ
844 3942 1067 4014 σωτῆρα
1138 3937 1514 4015 πλανωμένων
1571 3945 1808 4018 ψυχῶν.
1867 3940 2093 4005 Τούτοις
2168 3941 2262 3998 οὖν
2335 3941 2425 3996 καὶ
2491 3941 2736 3997 πλείοσιν
2800 3938 3015 4009 ἄλλοις,
3077 3940 3241 4015 μολις
3302 3941 3398 4014 μὶν
3453 3942 3544 3996 καὶ
3593 3942 3684 3998 σὺν

280 4024 492 4100 χρόνῳ,
549 4023 742 4100 ἴσχυσε
799 4024 856 4082 δέ
911 4049 1042 4083 ποτε
1100 4033 1281 4083 πεῖσαι
1331 4029 1422 4084 τὸν
1480 4028 1729 4106 ὀλέθριον
1788 4032 1988 4085 ἐκεῖνον
2047 4029 2287 4104 ἐξεμέσαι
2348 4031 2439 4085 τὸν
2499 4031 2580 4085 ἱὸν
2635 4037 2732 4100 τῆς
2789 4029 3056 4106 πονηρίας
3114 4028 3297 4085 αὐτοῦ.
3332 4029 3480 4085 Ἐπεὶ
3531 4026 3576 4084 δ’
3622 4033 3687 4100 ἦν

281 4111 427 4176 ἐντὸς
489 4113 703 4188 ἀρκύων
761 4115 823 4169 τὸ
881 4117 1150 4193 θήραμα,
1208 4115 1564 4192 ἐδημοσίευσε
1639 4119 1736 4192 μὶν
1807 4120 1909 4188 τήν
1983 4118 2187 4174 ἐκείνου
2262 4116 2608 4174 διδασκαλίαν
2645 4162 2658 4188 ,
2717 4118 2807 4173 καὶ
2879 4118 2947 4173 τὰ
3021 4115 3268 4194 δόγματα
3333 4116 3643 4196 ἰξεφαύλισε
3676 4156 3696 4189 ,

276 4204 432 4275 κοινῇ
467 4199 526 4256 δὲ
557 4205 726 4280 ψήφῳ
756 4205 928 4280 πυρὸς
957 4204 1113 4260 αὐτὸν
1147 4205 1304 4261 αὐτὸν
1336 4205 1388 4261 έν
1420 4211 1498 4279 τῷ
1525 4206 1624 4274 τῆς
1651 4206 1991 4277 ἱππηλασίας
2037 4209 2247 4283 θεάτρῳ
2285 4210 2394 4280 (22)
2446 4205 2826 4284 παρανάλωμα
2872 4205 3041 4264 ἔθετο.
3092 4207 3256 4272 Αὗθις
3308 4203 3354 4260 δ’
3407 4205 3700 4262 ἐπανάστα-

277 4310 358 4354 σις
415 4290 574 4366 ἑτέρα
623 4293 761 4346 κατά
833 4297 928 4347 τοῦ
1002 4293 1400 4370 αὐτοκράτορος
1456 4296 1644 4372 γέγονε
1680 4342 1693 4367 ,
1751 4295 1902 4350 καὶὸ
1956 4295 2157 4368 ταύτην
2237 4298 2643 4370 συστησάμενος
2714 4297 2828 4351 υἱὸν
2910 4294 3087 4372 ἔλεγεν
3149 4295 3335 4350 δαυτὸν
3411 4296 3542 4350 εἶναι
3596 4299 3696 4351 τοῦ

281 4375 704 4452 βασιλεύσαντος
760 4381 1090 4458 Διογένους,
1147 4383 1208 4444 ’ὀς
1267 4381 1536 4456 Κομάνων
1616 4382 1832 4454 πλῆθος
1903 4387 2513 4463 προσεταιρισάμενος,
2565 4385 2639 4447 εἷς
2692 4383 2822 4439 τάπὶ
2880 4383 3096 4459 Θρᾴκης
3170 4405 3228 4438 τε
3286 4383 3469 4459 χωρία
3526 4384 3699 4458 γενό-

281 4486 464 4536 μενος,
524 4468 614 4522 καὶ
647 4470 746 4538 τήν
786 4470 976 4546 χώραν
1035 4468 1299 4542 κεραΐζων
1358 4471 1449 4526 καὶ
1507 4471 1879 4546 ληϊζόμενος,
1940 4472 2136 4550 ἀπῄτει
2193 4474 2320 4538 τοὺς
2373 4473 2424 4530 ἐν
2483 4481 2601 4536 ταῖς
2659 4471 2852 4529 πόλεσι
2911 4470 3165 4548 δέχεσθαί
3221 4493 3279 4526 τε
3334 4471 3496 4526 αὐτὸν
3530 4517 3545 4544 ,
3604 4470 3694 4526 καὶ

277 4553 456 4624 ἀξιοῦν
523 4556 818 4628 βασιλικῆς
871 4559 1240 4636 ἀναρρήσεως.
1302 4563 1437 4617 Εἶτα
1489 4558 1568 4623 εἴς
1622 4582 1675 4616 τι
1733 4561 2026 4637 πολίχνιον
2084 4567 2192 4618 τῶν
2255 4564 2530 4640 Θρᾳκικῶν
2586 4562 2861 4634 ἀπελθὼν,
2921 4560 3214 4632 ἀπατηθείς
3270 4580 3329 4615 τε
3384 4558 3529 4634 παρὰ
3581 4563 3690 4614 τῶν

282 4643 334 4700 ἓν
393 4645 545 4719 αὐτῷ
598 4649 686 4703 καὶ
722 4648 1064 4726 ἀναριὸηθείς,
1099 4649 1354 4707 εἰσελθών
1382 4671 1441 4706 τε
1474 4651 1588 4724 μετ’
1619 4649 1825 4728 ὀλίγων
1857 4653 2030 4723 ἐντὸς,
2063 4653 2382 4730 συνεσχέθη,
2413 4654 2504 4709 καὶ
2533 4653 2760 4724 έξεκύπη
2790 4651 2916 4715 τοὺς
2972 4649 3314 4731 ὀφθαλμούς.
3365 4650 3463 4704 Καὶ
3521 4647 3692 4711 οὕτως

280 4733 314 4803 ἡ
373 4732 790 4812 έπιχειρηθεῖσα
847 4740 976 4814 παρ’
1031 4739 1196 4795 αὐτοῦ
1251 4741 1505 4817 τυραννὶς
1562 4738 1847 4798 διελέλύτο
1881 4787 1895 4814 ,
1946 4746 2055 4799 τῶν
2134 4748 2394 4818 Κομάνων
2431 4785 2447 4813 ,
2503 4742 2620 4798 ὅσοι
2687 4743 2764 4816 μὴ
2826 4738 3182 4820 διεφθάρησαν
3220 4783 3235 4812 ,
3298 4737 3376 4801 εἷς
3449 4737 3514 4793 τά
3579 4735 3689 4808 ἤθη

279 4819 801 4894 παλινοστησάντων
831 4826 898 4882 τὰ
927 4829 1173 4906 σφέτερα.

351 4913 462 4971 ΚΔ.
488 4914 668 4979 Οὗτος
725 4916 752 4971 ὁ
812 4915 1087 4994 βασιλεὺς,
1152 4921 1250 4974 τοῦ
1307 4917 1768 4999 όρφανοτροφείου

2111 4921 2306 4979 XXIV.
2339 4921 2440 4978 Hic
2482 4921 2820 4995 imperator,
2853 4937 2986 4979 cum
3018 4918 3585 4994 orphanotrophium
3636 4921 3694 4976 et

1563 5103 1769 5167 Varie
1798 5101 2098 5165 lectiones
2129 5107 2192 5165 et
2219 5108 2405 5166 notae.

2051 5240 2207 5312 Pauli
2238 5239 2634 5312 apostolorum
2664 5237 2966 5296 ecclesiam
2991 5240 3372 5296 observamus
3400 5239 3458 5312 in
3489 5237 3696 5312 eadem

2053 5309 2482 5382 lucubratione,
2511 5312 2612 5367 lib.
2647 5328 2724 5378 1v,
2756 5315 2898 5367 sect.
2937 5313 2993 5378 5,
3047 5312 3226 5384 p.721,
3277 5310 3429 5384 quod
3488 5314 3545 5384 et
3602 5309 3696 5384 in-

2054 5401 2233 5441 nuere
2262 5380 2536 5441 videntur
2555 5385 2865 5456 synaxaria
2895 5399 3018 5438 mss
3072 5383 3144 5439 ad
3175 5380 3242 5438 t2
3295 5380 3572 5456 Novemb.
3633 5383 3694 5456 in

2053 5457 2112 5512 S.
2146 5457 2295 5526 Nilo,
2333 5458 2434 5512 ubi
2464 5449 2706 5512 narrant
2749 5455 3181 5526 illiusgcorpns
3225 5454 3578 5526 depositum.
3638 5449 3690 5504 ἐν

2050 5528 2131 5600 τῷ
2184 5521 2464 5620 σεϐασμίῳ
2505 5529 2623 5614 ’τῶν
2686 5525 2879 5620 ’ργίὶων
2926 5521 3688 5620 Ἀπο’στόλωέι”“ένηόρφςηνο-

2050 5593 2309 5677 τροφείῳ,
2347 5593 2599 5655 ὗποκάτω
2640 5593 3191 5677 τοΞόὊυσιαστηρίου,
3243 5595 3346 5650 ὑπὸ
3398 5593 3692 5652 Ἰουστίνου

2049 5665 2148 5726 τοῦ
2165 5665 2540 5751 ’φιλοχρίστου
2569 5672 2666 5726 τοῦ
2699 5665 2987 5744 βασιλέως.

349 5231 591 5323 iam:
775 5235 1300 5323 τῇς...ίππτιλασίας
1349 5235 1577 5323 θεάτρφο
1637 5240 1811 5298 ποις.
1879 5240 1941 5296 ιη

279 5306 521 5382 equestri
542 5306 777 5382 εἶιραενοε
799 5310 860 5364 in
883 5309 1243 5382 Hippodromo
1264 5306 1654 5382 reposuimus.

358 5375 1082 5457 (25)_"Op¢pqvo_rpopéiov.
1116 5451 1129 5457 _
1195 5375 1359 5457 Quod
1451 5382 1628 5438 Zotici
1715 5383 1947 5457 appella

284 5445 578 5530 hantiTo
607 5445 743 5530 κατὰ
793 5445 1028 5530 Ζωτίκὸν
1079 5445 1841 5530 εύαγὶςῌόρφανοτροφεῖονξί
1876 5456 1937 5512 in

282 5515 526 5602 Novella
551 5522 908 5602 whilst-aelii.
944 5529 1022 5602 pe
1051 5541 1118 5580 eo
1151 5515 1434 5602 pluribus:
1455 5515 1686 5602 agimus
1717 5528 1777 5602 in
1794 5515 1942 5584 ’ϐοη-

285 5592 650 5672 ειαῃξίηοροιί
681 5592 1085 5672 ωυρμ-1η).-
1115 5592 1190 5672 iv,
1244 5602 1366 5672 sect
1407 5592 1662 5672 9,649,
1722 5600 1782 5655 in
1829 5618 1946 5672 quo

291 5661 639 5722 adiﬁcat’am
686 5681 722 5722 a
775 5661 1012 5726 Justino
1056 5661 1296 5726 Juniore
1344 5661 1490 5742 imp.
1541 5661 1946 5730 SS.'Petri'et
