  <div class='ocr_page' id='page_1' title='image "/cluster/home/n/w/nwhite01/storage/ocr_20150623/135/hvd.32044073502528/160.png"; bbox 0 0 4036 6206; ppageno 0'>
   <div class='ocr_carea' id='block_1_1' title="bbox 226 338 330 400">
    <p class='ocr_par' dir='ltr' id='par_1_1' title="bbox 226 338 330 400">
     <span class='ocr_line' id='line_1_1' title="bbox 226 338 330 400; baseline -0.019 0"><span class='ocrx_word' id='word_1_1' title='bbox 226 338 330 400; x_wconf 84' lang='grc'>309</span> 
     </span>
    </p>
   </div>
   <div class='ocr_carea' id='block_1_2' title="bbox 1459 326 2338 393">
    <p class='ocr_par' dir='ltr' id='par_1_2' title="bbox 1459 326 2338 393">
     <span class='ocr_line' id='line_1_2' title="bbox 1459 326 2338 393; baseline 0.001 -3"><span class='ocrx_word' id='word_1_2' title='bbox 1459 326 1876 391; x_wconf 76' lang='lat' dir='ltr'>ANNALIUM</span> <span class='ocrx_word' id='word_1_3' title='bbox 1920 328 2071 389; x_wconf 87' lang='lat' dir='ltr'>LIB.</span> <span class='ocrx_word' id='word_1_4' title='bbox 2118 331 2338 393; x_wconf 80' lang='lat' dir='ltr'>XVIII.</span> 
     </span>
    </p>
   </div>
   <div class='ocr_carea' id='block_1_3' title="bbox 3486 331 3607 391">
    <p class='ocr_par' dir='ltr' id='par_1_3' title="bbox 3486 331 3607 391">
     <span class='ocr_line' id='line_1_3' title="bbox 3486 331 3607 391; baseline -0.008 -1"><span class='ocrx_word' id='word_1_5' title='bbox 3486 331 3607 391; x_wconf 84' lang='grc'>310</span> 
     </span>
    </p>
   </div>
   <div class='ocr_carea' id='block_1_4' title="bbox 220 457 1835 537">
    <p class='ocr_par' dir='ltr' id='par_1_4' title="bbox 220 457 1809 537">
     <span class='ocr_line' id='line_1_4' title="bbox 220 457 1809 537; baseline -0.006 -15"><span class='ocrx_word' id='word_1_6' title='bbox 220 466 468 537; x_wconf 77' lang='grc' dir='ltr'>δ”Ανεμᾷ</span> <span class='ocrx_word' id='word_1_7' title='bbox 495 461 765 536; x_wconf 79' lang='grc' dir='ltr'>ἄψαυστος</span> <span class='ocrx_word' id='word_1_8' title='bbox 797 460 892 533; x_wconf 75' lang='grc' dir='ltr'>μὶν</span> <span class='ocrx_word' id='word_1_9' title='bbox 930 461 965 529; x_wconf 75' lang='grc' dir='ltr'>ἡ</span> <span class='ocrx_word' id='word_1_10' title='bbox 1015 457 1226 537; x_wconf 73' lang='grc' dir='ltr'>κεφαλή</span> <span class='ocrx_word' id='word_1_11' title='bbox 1285 459 1373 513; x_wconf 87' lang='grc' dir='ltr'>καὶ</span> <span class='ocrx_word' id='word_1_12' title='bbox 1423 459 1451 513; x_wconf 99' lang='lat'>6</span> <span class='ocrx_word' id='word_1_13' title='bbox 1499 460 1701 535; x_wconf 83' lang='grc' dir='ltr'>πώγων</span> <span class='ocrx_word' id='word_1_14' title='bbox 1751 480 1809 514; x_wconf 88' lang='grc' dir='ltr'>τε</span> 
     </span>
    </p>
   </div>
   <div class='ocr_carea' id='block_1_5' title="bbox 1946 457 3609 537">
    <p class='ocr_par' dir='ltr' id='par_1_5' title="bbox 1958 459 3609 534">
     <span class='ocr_line' id='line_1_5' title="bbox 1958 459 3609 534; baseline 0.002 -20"><span class='ocrx_word' id='word_1_15' title='bbox 1958 459 2310 534; x_wconf 81' lang='lat' dir='ltr'>relegantur.</span> <span class='ocrx_word' id='word_1_16' title='bbox 2367 464 2534 518; x_wconf 87' lang='lat' dir='ltr'>Matri</span> <span class='ocrx_word' id='word_1_17' title='bbox 2622 461 3014 534; x_wconf 85' lang='lat' dir='ltr'>imperatoris,</span> <span class='ocrx_word' id='word_1_18' title='bbox 3101 461 3609 518; x_wconf 80' lang='lat' dir='ltr'>administratione</span> 
     </span>
    </p>
   </div>
   <div class='ocr_carea' id='block_1_6' title="bbox 213 545 1841 628">
    <p class='ocr_par' dir='ltr' id='par_1_6' title="bbox 213 545 1841 628">
     <span class='ocr_line' id='line_1_6' title="bbox 213 545 1841 628; baseline -0.005 -19"><span class='ocrx_word' id='word_1_19' title='bbox 213 558 419 628; x_wconf 69' lang='grc' dir='ltr'>τήρητο,</span> <span class='ocrx_word' id='word_1_20' title='bbox 453 552 700 625; x_wconf 76' lang='grc' dir='ltr'>πήρωσις</span> <span class='ocrx_word' id='word_1_21' title='bbox 756 545 810 603; x_wconf 70' lang='grc' dir='ltr'>δὲ</span> <span class='ocrx_word' id='word_1_22' title='bbox 856 553 964 602; x_wconf 82' lang='grc' dir='ltr'>τῶν</span> <span class='ocrx_word' id='word_1_23' title='bbox 1022 547 1320 626; x_wconf 76' lang='grc' dir='ltr'>ὀφθαλμῶν</span> <span class='ocrx_word' id='word_1_24' title='bbox 1383 547 1545 602; x_wconf 78' lang='grc' dir='ltr'>αὐτοῦ</span> <span class='ocrx_word' id='word_1_25' title='bbox 1602 549 1841 622; x_wconf 77' lang='grc' dir='ltr'>κατεψή-</span> 
     </span>
    </p>
   </div>
   <div class='ocr_carea' id='block_1_7' title="bbox 211 631 1842 721">
    <p class='ocr_par' dir='ltr' id='par_1_7' title="bbox 211 631 1842 721">
     <span class='ocr_line' id='line_1_7' title="bbox 211 631 1842 721; baseline -0.005 -23"><span class='ocrx_word' id='word_1_26' title='bbox 211 663 370 721; x_wconf 74' lang='grc' dir='ltr'>φιστο.</span> <span class='ocrx_word' id='word_1_27' title='bbox 429 641 546 696; x_wconf 82' lang='grc' dir='ltr'>Ἔτι</span> <span class='ocrx_word' id='word_1_28' title='bbox 619 636 674 693; x_wconf 76' lang='grc' dir='ltr'>δὲ</span> <span class='ocrx_word' id='word_1_29' title='bbox 749 631 1232 710; x_wconf 76' lang='grc' dir='ltr'>θριαμϐευομένων</span> <span class='ocrx_word' id='word_1_30' title='bbox 1311 637 1524 705; x_wconf 80' lang='grc' dir='ltr'>αὐτῶν,</span> <span class='ocrx_word' id='word_1_31' title='bbox 1587 636 1842 693; x_wconf 71' lang='grc' dir='ltr'>ἐπιιιιατα⁹</span> 
     </span>
    </p>
   </div>
   <div class='ocr_carea' id='block_1_8' title="bbox 208 725 1843 805">
    <p class='ocr_par' dir='ltr' id='par_1_8' title="bbox 208 725 1843 805">
     <span class='ocr_line' id='line_1_8' title="bbox 208 725 1843 805; baseline -0.004 -18"><span class='ocrx_word' id='word_1_32' title='bbox 208 725 451 805; x_wconf 69' lang='grc' dir='ltr'>λαμϐάνει</span> <span class='ocrx_word' id='word_1_33' title='bbox 497 727 774 802; x_wconf 85' lang='grc' dir='ltr'>βασίλειον</span> <span class='ocrx_word' id='word_1_34' title='bbox 829 726 1120 800; x_wconf 86' lang='grc' dir='ltr'>θέσπισμα,</span> <span class='ocrx_word' id='word_1_35' title='bbox 1153 733 1254 794; x_wconf 78' lang='grc' dir='ltr'>τῆς</span> <span class='ocrx_word' id='word_1_36' title='bbox 1314 733 1509 797; x_wconf 83' lang='grc' dir='ltr'>ποινῆς</span> <span class='ocrx_word' id='word_1_37' title='bbox 1557 729 1646 782; x_wconf 87' lang='grc' dir='ltr'>τὸν</span> <span class='ocrx_word' id='word_1_38' title='bbox 1697 728 1843 783; x_wconf 82' lang='grc' dir='ltr'>Ἀνε-</span> 
     </span>
    </p>
   </div>
   <div class='ocr_carea' id='block_1_9' title="bbox 206 814 1841 893">
    <p class='ocr_par' dir='ltr' id='par_1_9' title="bbox 206 814 1841 893">
     <span class='ocr_line' id='line_1_9' title="bbox 206 814 1841 893; baseline -0.005 -18"><span class='ocrx_word' id='word_1_39' title='bbox 206 828 294 893; x_wconf 74' lang='grc' dir='ltr'>μᾶν</span> <span class='ocrx_word' id='word_1_40' title='bbox 341 816 748 891; x_wconf 71' lang='grc' dir='ltr'>ἐξαιρούμενον,</span> <span class='ocrx_word' id='word_1_41' title='bbox 800 814 888 870; x_wconf 87' lang='grc' dir='ltr'>καί</span> <span class='ocrx_word' id='word_1_42' title='bbox 939 815 992 869; x_wconf 81' lang='grc' dir='ltr'>οἱ</span> <span class='ocrx_word' id='word_1_43' title='bbox 1036 819 1361 890; x_wconf 68' lang='grc' dir='ltr'>συγχωροῦν</span> <span class='ocrx_word' id='word_1_44' title='bbox 1412 820 1519 870; x_wconf 81' lang='grc' dir='ltr'>τῶν</span> <span class='ocrx_word' id='word_1_45' title='bbox 1575 814 1841 888; x_wconf 79' lang='grc' dir='ltr'>ὀμμάτων</span> 
     </span>
    </p>
   </div>
   <div class='ocr_carea' id='block_1_10' title="bbox 201 902 1842 984">
    <p class='ocr_par' dir='ltr' id='par_1_10' title="bbox 201 902 1842 984">
     <span class='ocr_line' id='line_1_10' title="bbox 201 902 1842 984; baseline -0.004 -20"><span class='ocrx_word' id='word_1_46' title='bbox 201 910 285 978; x_wconf 69' lang='grc' dir='ltr'>τήν</span> <span class='ocrx_word' id='word_1_47' title='bbox 314 908 571 977; x_wconf 74' lang='grc' dir='ltr'>ἐκκοπήν.</span> <span class='ocrx_word' id='word_1_48' title='bbox 605 903 1005 984; x_wconf 73' lang='grc' dir='ltr'>Ἀφαιρεθέντες</span> <span class='ocrx_word' id='word_1_49' title='bbox 1061 902 1118 959; x_wconf 75' lang='grc' dir='ltr'>δὲ</span> <span class='ocrx_word' id='word_1_50' title='bbox 1165 905 1261 967; x_wconf 77' lang='grc' dir='ltr'>τὰς</span> <span class='ocrx_word' id='word_1_51' title='bbox 1313 905 1498 967; x_wconf 81' lang='grc' dir='ltr'>οὐσίας</span> <span class='ocrx_word' id='word_1_52' title='bbox 1557 904 1842 980; x_wconf 74' lang='grc' dir='ltr'>ὑπερορίαν</span> 
     </span>
    </p>
   </div>
   <div class='ocr_carea' id='block_1_11' title="bbox 200 990 1846 1070">
    <p class='ocr_par' dir='ltr' id='par_1_11' title="bbox 200 990 1846 1070">
     <span class='ocr_line' id='line_1_11' title="bbox 200 990 1846 1070; baseline -0.004 -17"><span class='ocrx_word' id='word_1_53' title='bbox 200 996 349 1058; x_wconf 76' lang='grc' dir='ltr'>ἄλλος</span> <span class='ocrx_word' id='word_1_54' title='bbox 401 991 690 1070; x_wconf 81' lang='grc' dir='ltr'>ἀλλαχόθι</span> <span class='ocrx_word' id='word_1_55' title='bbox 749 990 1232 1064; x_wconf 79' lang='grc' dir='ltr'>κατεδικάσθησαν.</span> <span class='ocrx_word' id='word_1_56' title='bbox 1265 995 1326 1049; x_wconf 87' lang='grc' dir='ltr'>Ἡ</span> <span class='ocrx_word' id='word_1_57' title='bbox 1390 996 1575 1068; x_wconf 72' lang='grc' dir='ltr'>μήτηρ</span> <span class='ocrx_word' id='word_1_58' title='bbox 1635 991 1692 1048; x_wconf 70' lang='grc' dir='ltr'>δὲ</span> <span class='ocrx_word' id='word_1_59' title='bbox 1749 994 1846 1047; x_wconf 67' lang='grc' dir='ltr'>τοῦ</span> 
     </span>
    </p>
   </div>
   <div class='ocr_carea' id='block_1_12' title="bbox 198 1081 1847 1158">
    <p class='ocr_par' dir='ltr' id='par_1_12' title="bbox 198 1081 1847 1158">
     <span class='ocr_line' id='line_1_12' title="bbox 198 1081 1847 1158; baseline -0.002 -19"><span class='ocrx_word' id='word_1_60' title='bbox 198 1085 582 1156; x_wconf 70' lang='grc' dir='ltr'>αὐτοκράτορος</span> <span class='ocrx_word' id='word_1_61' title='bbox 615 1083 833 1155; x_wconf 84' lang='grc' dir='ltr'>τούτου,</span> <span class='ocrx_word' id='word_1_62' title='bbox 863 1086 970 1137; x_wconf 82' lang='grc' dir='ltr'>τῶν</span> <span class='ocrx_word' id='word_1_63' title='bbox 1019 1089 1119 1152; x_wconf 85' lang='grc' dir='ltr'>τῆς</span> <span class='ocrx_word' id='word_1_64' title='bbox 1173 1081 1452 1157; x_wconf 82' lang='grc' dir='ltr'>βασιλείας</span> <span class='ocrx_word' id='word_1_65' title='bbox 1510 1083 1847 1158; x_wconf 78' lang='grc' dir='ltr'>πραγμάτων</span> 
     </span>
    </p>
   </div>
   <div class='ocr_carea' id='block_1_13' title="bbox 198 1167 1847 1247">
    <p class='ocr_par' dir='ltr' id='par_1_13' title="bbox 198 1167 1847 1247">
     <span class='ocr_line' id='line_1_13' title="bbox 198 1167 1847 1247; baseline -0.003 -19"><span class='ocrx_word' id='word_1_66' title='bbox 198 1170 568 1244; x_wconf 76' lang='grc' dir='ltr'>ἆναδεξαμένη,</span> <span class='ocrx_word' id='word_1_67' title='bbox 633 1171 712 1233; x_wconf 83' lang='grc' dir='ltr'>ὡς</span> <span class='ocrx_word' id='word_1_68' title='bbox 811 1167 1045 1247; x_wconf 72' lang='grc' dir='ltr'>εἴρηται,</span> <span class='ocrx_word' id='word_1_69' title='bbox 1133 1172 1232 1240; x_wconf 80' lang='grc' dir='ltr'>τήν</span> <span class='ocrx_word' id='word_1_70' title='bbox 1315 1168 1605 1241; x_wconf 84' lang='grc' dir='ltr'>διοίκησιν,</span> <span class='ocrx_word' id='word_1_71' title='bbox 1679 1169 1847 1245; x_wconf 83' lang='grc' dir='ltr'>μέχρι</span> 
     </span>
    </p>
   </div>
   <div class='ocr_carea' id='block_1_14' title="bbox 195 1257 1844 1334">
    <p class='ocr_par' dir='ltr' id='par_1_14' title="bbox 195 1257 1844 1334">
     <span class='ocr_line' id='line_1_14' title="bbox 195 1257 1844 1334; baseline -0.002 -19"><span class='ocrx_word' id='word_1_72' title='bbox 195 1259 388 1316; x_wconf 72' lang='grc' dir='ltr'>πολλοῦ</span> <span class='ocrx_word' id='word_1_73' title='bbox 444 1259 656 1331; x_wconf 84' lang='grc' dir='ltr'>ταύτην</span> <span class='ocrx_word' id='word_1_74' title='bbox 737 1259 1193 1334; x_wconf 75' lang='grc' dir='ltr'>μεταχειρίζεται,</span> <span class='ocrx_word' id='word_1_75' title='bbox 1250 1259 1368 1314; x_wconf 83' lang='grc' dir='ltr'>ὅθεν</span> <span class='ocrx_word' id='word_1_76' title='bbox 1430 1261 1515 1314; x_wconf 85' lang='grc' dir='ltr'>καὶ</span> <span class='ocrx_word' id='word_1_77' title='bbox 1585 1259 1652 1312; x_wconf 78' lang='grc' dir='ltr'>τὰ</span> <span class='ocrx_word' id='word_1_78' title='bbox 1708 1257 1844 1333; x_wconf 85' lang='grc' dir='ltr'>πρὸς</span> 
     </span>
    </p>
   </div>
   <div class='ocr_carea' id='block_1_15' title="bbox 195 1331 1845 1423">
    <p class='ocr_par' dir='ltr' id='par_1_15' title="bbox 195 1331 1845 1423">
     <span class='ocr_line' id='line_1_15' title="bbox 195 1331 1845 1423; baseline -0.004 -19"><span class='ocrx_word' id='word_1_79' title='bbox 195 1350 406 1404; x_wconf 74' lang='grc' dir='ltr'>κάκωσιν</span> <span class='ocrx_word' id='word_1_80' title='bbox 498 1352 612 1403; x_wconf 79' lang='grc' dir='ltr'>τῶν</span> <span class='ocrx_word' id='word_1_81' title='bbox 703 1331 976 1419; x_wconf 71' lang='grc' dir='ltr'>ὑπηκόων</span> <span class='ocrx_word' id='word_1_82' title='bbox 1038 1349 1161 1403; x_wconf 89' lang='grc' dir='ltr'>τότε</span> <span class='ocrx_word' id='word_1_83' title='bbox 1235 1347 1492 1423; x_wconf 88' lang='grc' dir='ltr'>γινόμενα</span> <span class='ocrx_word' id='word_1_84' title='bbox 1562 1331 1760 1420; x_wconf 23' lang='grc' dir='ltr'>ἐκείνῃ.</span> <span class='ocrx_word' id='word_1_85' title='bbox 1794 1331 1845 1398; x_wconf 75' lang='grc' dir='ltr'>οἱ</span> 
     </span>
    </p>
   </div>
   <div class='ocr_carea' id='block_1_16' title="bbox 191 1433 1847 1514">
    <p class='ocr_par' dir='ltr' id='par_1_16' title="bbox 191 1433 1847 1514">
     <span class='ocr_line' id='line_1_16' title="bbox 191 1433 1847 1514; baseline -0.002 -21"><span class='ocrx_word' id='word_1_86' title='bbox 191 1436 416 1499; x_wconf 80' lang='grc' dir='ltr'>πλείονες</span> <span class='ocrx_word' id='word_1_87' title='bbox 450 1435 849 1514; x_wconf 63' lang='grc' dir='ltr'>ἐπεγράφοντο.</span> <span class='ocrx_word' id='word_1_88' title='bbox 890 1439 1135 1513; x_wconf 85' lang='grc' dir='ltr'>’Ἡχθετο</span> <span class='ocrx_word' id='word_1_89' title='bbox 1197 1438 1291 1510; x_wconf 75' lang='grc' dir='ltr'>μὶν</span> <span class='ocrx_word' id='word_1_90' title='bbox 1353 1435 1444 1491; x_wconf 76' lang='grc' dir='ltr'>οὖν</span> <span class='ocrx_word' id='word_1_91' title='bbox 1501 1437 1528 1491; x_wconf 90' lang='grc' dir='ltr'>ὁ</span> <span class='ocrx_word' id='word_1_92' title='bbox 1592 1433 1847 1512; x_wconf 75' lang='grc' dir='ltr'>βασιλεὺς</span> 
     </span>
    </p>
   </div>
   <div class='ocr_carea' id='block_1_17' title="bbox 193 1525 1844 1603">
    <p class='ocr_par' dir='ltr' id='par_1_17' title="bbox 193 1525 1844 1603">
     <span class='ocr_line' id='line_1_17' title="bbox 193 1525 1844 1603; baseline -0.001 -22"><span class='ocrx_word' id='word_1_93' title='bbox 193 1527 252 1588; x_wconf 78' lang='grc' dir='ltr'>ὡς</span> <span class='ocrx_word' id='word_1_94' title='bbox 282 1527 329 1582; x_wconf 75' lang='grc' dir='ltr'>έν</span> <span class='ocrx_word' id='word_1_95' title='bbox 363 1526 520 1600; x_wconf 84' lang='grc' dir='ltr'>μόνῳ</span> <span class='ocrx_word' id='word_1_96' title='bbox 552 1525 755 1602; x_wconf 78' lang='grc' dir='ltr'>σχεδὸν</span> <span class='ocrx_word' id='word_1_97' title='bbox 786 1534 887 1597; x_wconf 88' lang='grc' dir='ltr'>τῆς</span> <span class='ocrx_word' id='word_1_98' title='bbox 927 1525 1207 1603; x_wconf 83' lang='grc' dir='ltr'>βασιλείας</span> <span class='ocrx_word' id='word_1_99' title='bbox 1238 1526 1533 1582; x_wconf 73' lang='grc' dir='ltr'>ἀπολαύων</span> <span class='ocrx_word' id='word_1_100' title='bbox 1593 1527 1844 1599; x_wconf 86' lang='grc' dir='ltr'>ὀνόματι,</span> 
     </span>
    </p>
   </div>
   <div class='ocr_carea' id='block_1_18' title="bbox 189 1613 1844 1693">
    <p class='ocr_par' dir='ltr' id='par_1_18' title="bbox 189 1613 1844 1693">
     <span class='ocr_line' id='line_1_18' title="bbox 189 1613 1844 1693; baseline -0.001 -23"><span class='ocrx_word' id='word_1_101' title='bbox 189 1613 352 1690; x_wconf 66' lang='grc' dir='ltr'>ᾐδεῖτο</span> <span class='ocrx_word' id='word_1_102' title='bbox 414 1613 476 1670; x_wconf 76' lang='grc' dir='ltr'>δὶ</span> <span class='ocrx_word' id='word_1_103' title='bbox 519 1617 625 1686; x_wconf 77' lang='grc' dir='ltr'>τήν</span> <span class='ocrx_word' id='word_1_104' title='bbox 685 1616 917 1690; x_wconf 87' lang='grc' dir='ltr'>μητέρα,</span> <span class='ocrx_word' id='word_1_105' title='bbox 965 1617 1055 1670; x_wconf 81' lang='grc' dir='ltr'>καὶ</span> <span class='ocrx_word' id='word_1_106' title='bbox 1101 1615 1338 1686; x_wconf 80' lang='grc' dir='ltr'>ἀκούσης</span> <span class='ocrx_word' id='word_1_107' title='bbox 1393 1614 1600 1686; x_wconf 85' lang='grc' dir='ltr'>ἐκείνης</span> <span class='ocrx_word' id='word_1_108' title='bbox 1650 1613 1844 1693; x_wconf 71' lang='grc' dir='ltr'>ἀφελέ-</span> 
     </span>
    </p>
   </div>
   <div class='ocr_carea' id='block_1_19' title="bbox 186 1701 1845 1775">
    <p class='ocr_par' dir='ltr' id='par_1_19' title="bbox 186 1701 1845 1775">
     <span class='ocr_line' id='line_1_19' title="bbox 186 1701 1845 1775; baseline -0.002 -16"><span class='ocrx_word' id='word_1_109' title='bbox 186 1715 288 1769; x_wconf 82' lang='grc' dir='ltr'>σθαι</span> <span class='ocrx_word' id='word_1_110' title='bbox 328 1705 430 1774; x_wconf 79' lang='grc' dir='ltr'>τήν</span> <span class='ocrx_word' id='word_1_111' title='bbox 493 1703 751 1775; x_wconf 75' lang='grc' dir='ltr'>ἐξουσίαν</span> <span class='ocrx_word' id='word_1_112' title='bbox 803 1705 906 1760; x_wconf 78' lang='grc' dir='ltr'>οὐκ</span> <span class='ocrx_word' id='word_1_113' title='bbox 955 1701 1174 1773; x_wconf 70' lang='grc' dir='ltr'>ἤθελεν.</span> <span class='ocrx_word' id='word_1_114' title='bbox 1210 1705 1359 1759; x_wconf 87' lang='grc' dir='ltr'>Έπεὶ</span> <span class='ocrx_word' id='word_1_115' title='bbox 1413 1701 1462 1758; x_wconf 85' lang='grc' dir='ltr'>δ’</span> <span class='ocrx_word' id='word_1_116' title='bbox 1491 1703 1668 1775; x_wconf 86' lang='grc' dir='ltr'>έκείνη</span> <span class='ocrx_word' id='word_1_117' title='bbox 1717 1725 1845 1757; x_wconf 85' lang='grc' dir='ltr'>συν-</span> 
     </span>
    </p>
   </div>
   <div class='ocr_carea' id='block_1_20' title="bbox 1955 547 3610 621">
    <p class='ocr_par' dir='ltr' id='par_1_20' title="bbox 1955 547 3610 621">
     <span class='ocr_line' id='line_1_20' title="bbox 1955 547 3610 621; baseline -0.001 -18"><span class='ocrx_word' id='word_1_118' title='bbox 1955 565 2172 619; x_wconf 86' lang='lat' dir='ltr'>rerum,</span> <span class='ocrx_word' id='word_1_119' title='bbox 2215 557 2278 605; x_wconf 87' lang='lat' dir='ltr'>ut</span> <span class='ocrx_word' id='word_1_120' title='bbox 2309 551 2530 607; x_wconf 91' lang='lat' dir='ltr'>dictum</span> <span class='ocrx_word' id='word_1_121' title='bbox 2566 555 2673 621; x_wconf 90' lang='lat' dir='ltr'>est,</span> <span class='ocrx_word' id='word_1_122' title='bbox 2726 551 2825 604; x_wconf 89' lang='lat' dir='ltr'>diu</span> <span class='ocrx_word' id='word_1_123' title='bbox 2886 550 3122 620; x_wconf 64' lang='lat' dir='ltr'>functae,</span> <span class='ocrx_word' id='word_1_124' title='bbox 3183 547 3338 604; x_wconf 90' lang='lat' dir='ltr'>mala</span> <span class='ocrx_word' id='word_1_125' title='bbox 3395 548 3610 620; x_wconf 80' lang='lat' dir='ltr'>quibus</span> 
     </span>
    </p>
   </div>
   <div class='ocr_carea' id='block_1_21' title="bbox 1955 638 3608 710">
    <p class='ocr_par' dir='ltr' id='par_1_21' title="bbox 1955 638 3608 710">
     <span class='ocr_line' id='line_1_21' title="bbox 1955 638 3608 710; baseline -0.001 -19"><span class='ocrx_word' id='word_1_126' title='bbox 1955 639 2176 693; x_wconf 77' lang='lat' dir='ltr'>subditi</span> <span class='ocrx_word' id='word_1_127' title='bbox 2233 642 2617 710; x_wconf 83' lang='lat' dir='ltr'>vexabantur,</span> <span class='ocrx_word' id='word_1_128' title='bbox 2667 639 2930 710; x_wconf 83' lang='lat' dir='ltr'>plerique</span> <span class='ocrx_word' id='word_1_129' title='bbox 2989 638 3380 693; x_wconf 90' lang='lat' dir='ltr'>ascribebant.</span> <span class='ocrx_word' id='word_1_130' title='bbox 3423 641 3608 703; x_wconf 82' lang='lat' dir='ltr'>Quam</span> 
     </span>
    </p>
   </div>
   <div class='ocr_carea' id='block_1_22' title="bbox 1957 726 3610 798">
    <p class='ocr_par' dir='ltr' id='par_1_22' title="bbox 1957 726 3610 798">
     <span class='ocr_line' id='line_1_22' title="bbox 1957 726 3610 798; baseline -0.001 -17"><span class='ocrx_word' id='word_1_131' title='bbox 1957 743 2077 782; x_wconf 87' lang='lat' dir='ltr'>rem</span> <span class='ocrx_word' id='word_1_132' title='bbox 2111 726 2286 794; x_wconf 87' lang='lat' dir='ltr'>ﬁlius,</span> <span class='ocrx_word' id='word_1_133' title='bbox 2349 733 2412 783; x_wconf 89' lang='lat' dir='ltr'>ut</span> <span class='ocrx_word' id='word_1_134' title='bbox 2468 728 2568 798; x_wconf 90' lang='lat' dir='ltr'>qui</span> <span class='ocrx_word' id='word_1_135' title='bbox 2623 726 2863 783; x_wconf 88' lang='lat' dir='ltr'>nomine</span> <span class='ocrx_word' id='word_1_136' title='bbox 2928 731 3099 781; x_wconf 86' lang='lat' dir='ltr'>tenus</span> <span class='ocrx_word' id='word_1_137' title='bbox 3159 728 3272 780; x_wconf 89' lang='lat' dir='ltr'>fere</span> <span class='ocrx_word' id='word_1_138' title='bbox 3321 726 3610 780; x_wconf 77' lang='lat' dir='ltr'>duntaxat</span> 
     </span>
    </p>
   </div>
   <div class='ocr_carea' id='block_1_23' title="bbox 1957 814 3610 887">
    <p class='ocr_par' dir='ltr' id='par_1_23' title="bbox 1957 814 3610 887">
     <span class='ocr_line' id='line_1_23' title="bbox 1957 814 3610 887; baseline -0.001 -18"><span class='ocrx_word' id='word_1_139' title='bbox 1957 827 2243 887; x_wconf 79' lang='lat' dir='ltr'>regnaret,</span> <span class='ocrx_word' id='word_1_140' title='bbox 2269 818 2377 873; x_wconf 88' lang='lat' dir='ltr'>etsi</span> <span class='ocrx_word' id='word_1_141' title='bbox 2404 817 2648 872; x_wconf 84' lang='lat' dir='ltr'>moleste</span> <span class='ocrx_word' id='word_1_142' title='bbox 2666 817 2902 881; x_wconf 82' lang='lat' dir='ltr'>ferebat,</span> <span class='ocrx_word' id='word_1_143' title='bbox 2920 820 3119 870; x_wconf 89' lang='lat' dir='ltr'>tamen</span> <span class='ocrx_word' id='word_1_144' title='bbox 3148 815 3311 869; x_wconf 81' lang='lat' dir='ltr'>illam</span> <span class='ocrx_word' id='word_1_145' title='bbox 3338 814 3610 884; x_wconf 85' lang='lat' dir='ltr'>invitam,</span> 
     </span>
    </p>
   </div>
   <div class='ocr_carea' id='block_1_24' title="bbox 1957 901 3610 977">
    <p class='ocr_par' dir='ltr' id='par_1_24' title="bbox 1957 901 3610 977">
     <span class='ocr_line' id='line_1_24' title="bbox 1957 901 3610 977; baseline -0.001 -18"><span class='ocrx_word' id='word_1_146' title='bbox 1957 921 2060 976; x_wconf 92' lang='lat' dir='ltr'>pro</span> <span class='ocrx_word' id='word_1_147' title='bbox 2085 907 2404 962; x_wconf 88' lang='lat' dir='ltr'>reverentia</span> <span class='ocrx_word' id='word_1_148' title='bbox 2438 923 2567 973; x_wconf 86' lang='lat' dir='ltr'>sua,</span> <span class='ocrx_word' id='word_1_149' title='bbox 2622 910 2908 977; x_wconf 79' lang='lat' dir='ltr'>potestate</span> <span class='ocrx_word' id='word_1_150' title='bbox 2967 905 3193 976; x_wconf 89' lang='lat' dir='ltr'>privare</span> <span class='ocrx_word' id='word_1_151' title='bbox 3244 901 3451 959; x_wconf 91' lang='lat' dir='ltr'>noluit.</span> <span class='ocrx_word' id='word_1_152' title='bbox 3486 905 3610 968; x_wconf 87' lang='lat' dir='ltr'>Quo</span> 
     </span>
    </p>
   </div>
   <div class='ocr_carea' id='block_1_25' title="bbox 1958 993 3612 1063">
    <p class='ocr_par' dir='ltr' id='par_1_25' title="bbox 1958 993 3612 1063">
     <span class='ocr_line' id='line_1_25' title="bbox 1958 993 3612 1063; baseline -0.001 -16"><span class='ocrx_word' id='word_1_153' title='bbox 1958 993 2170 1049; x_wconf 86' lang='lat' dir='ltr'>mulier</span> <span class='ocrx_word' id='word_1_154' title='bbox 2191 995 2618 1063; x_wconf 88' lang='lat' dir='ltr'>animadverso,</span> <span class='ocrx_word' id='word_1_155' title='bbox 2654 995 2836 1048; x_wconf 89' lang='lat' dir='ltr'>verita</span> <span class='ocrx_word' id='word_1_156' title='bbox 2866 1009 2936 1048; x_wconf 92' lang='lat' dir='ltr'>ne</span> <span class='ocrx_word' id='word_1_157' title='bbox 2969 993 3053 1048; x_wconf 91' lang='lat' dir='ltr'>vel</span> <span class='ocrx_word' id='word_1_158' title='bbox 3107 993 3290 1046; x_wconf 88' lang='lat' dir='ltr'>invita</span> <span class='ocrx_word' id='word_1_159' title='bbox 3333 993 3612 1046; x_wconf 83' lang='lat' dir='ltr'>excedere</span> 
     </span>
    </p>
   </div>
   <div class='ocr_carea' id='block_1_26' title="bbox 1956 1079 3612 1154">
    <p class='ocr_par' dir='ltr' id='par_1_26' title="bbox 1956 1079 3612 1154">
     <span class='ocr_line' id='line_1_26' title="bbox 1956 1079 3612 1154; baseline -0.003 -16"><span class='ocrx_word' id='word_1_160' title='bbox 1956 1089 2279 1154; x_wconf 82' lang='lat' dir='ltr'>cogeretur,</span> <span class='ocrx_word' id='word_1_161' title='bbox 2370 1083 2570 1138; x_wconf 91' lang='lat' dir='ltr'>relicta</span> <span class='ocrx_word' id='word_1_162' title='bbox 2645 1082 2824 1154; x_wconf 87' lang='lat' dir='ltr'>regia,</span> <span class='ocrx_word' id='word_1_163' title='bbox 2910 1081 3067 1137; x_wconf 91' lang='lat' dir='ltr'>omni</span> <span class='ocrx_word' id='word_1_164' title='bbox 3124 1080 3466 1136; x_wconf 84' lang='lat' dir='ltr'>auctoritate</span> <span class='ocrx_word' id='word_1_165' title='bbox 3525 1079 3612 1134; x_wconf 89' lang='lat' dir='ltr'>illi</span> 
     </span>
    </p>
   </div>
   <div class='ocr_carea' id='block_1_27' title="bbox 1960 1170 3610 1246">
    <p class='ocr_par' dir='ltr' id='par_1_27' title="bbox 1960 1170 3610 1246">
     <span class='ocr_line' id='line_1_27' title="bbox 1960 1170 3610 1246; baseline -0.001 -19"><span class='ocrx_word' id='word_1_166' title='bbox 1960 1174 2135 1241; x_wconf 85' lang='lat' dir='ltr'>cedit,</span> <span class='ocrx_word' id='word_1_167' title='bbox 2170 1174 2305 1229; x_wconf 86' lang='lat' dir='ltr'>etin</span> <span class='ocrx_word' id='word_1_168' title='bbox 2330 1174 2670 1246; x_wconf 90' lang='lat' dir='ltr'>Pantepopti</span> <span class='ocrx_word' id='word_1_169' title='bbox 2719 1171 3135 1228; x_wconf 87' lang='lat' dir='ltr'>monasterium</span> <span class='ocrx_word' id='word_1_170' title='bbox 3171 1187 3204 1226; x_wconf 87' lang='lat' dir='ltr'>a</span> <span class='ocrx_word' id='word_1_171' title='bbox 3251 1186 3313 1224; x_wconf 88' lang='lat' dir='ltr'>se</span> <span class='ocrx_word' id='word_1_172' title='bbox 3362 1170 3610 1226; x_wconf 64' lang='lat' dir='ltr'>(ediﬁce.-</span> 
     </span>
    </p>
   </div>
   <div class='ocr_carea' id='block_1_28' title="bbox 1956 1258 3609 1334">
    <p class='ocr_par' dir='ltr' id='par_1_28' title="bbox 1956 1258 3609 1334">
     <span class='ocr_line' id='line_1_28' title="bbox 1956 1258 3609 1334; baseline -0.003 -17"><span class='ocrx_word' id='word_1_173' title='bbox 1956 1265 2085 1317; x_wconf 91' lang='lat' dir='ltr'>tum</span> <span class='ocrx_word' id='word_1_174' title='bbox 2112 1263 2344 1334; x_wconf 79' lang='lat' dir='ltr'>migrat,</span> <span class='ocrx_word' id='word_1_175' title='bbox 2371 1263 2470 1318; x_wconf 91' lang='lat' dir='ltr'>ubi</span> <span class='ocrx_word' id='word_1_176' title='bbox 2525 1279 2661 1318; x_wconf 91' lang='lat' dir='ltr'>cum</span> <span class='ocrx_word' id='word_1_177' title='bbox 2713 1260 2936 1331; x_wconf 90' lang='lat' dir='ltr'>aliquot</span> <span class='ocrx_word' id='word_1_178' title='bbox 2985 1276 3171 1314; x_wconf 91' lang='lat' dir='ltr'>annos</span> <span class='ocrx_word' id='word_1_179' title='bbox 3202 1258 3519 1314; x_wconf 76' lang='lat' dir='ltr'>honorifice</span> <span class='ocrx_word' id='word_1_180' title='bbox 3552 1261 3609 1314; x_wconf 90' lang='lat' dir='ltr'>et</span> 
     </span>
    </p>
   </div>
   <div class='ocr_carea' id='block_1_29' title="bbox 1957 1346 3607 1424">
    <p class='ocr_par' dir='ltr' id='par_1_29' title="bbox 1957 1346 3607 1424">
     <span class='ocr_line' id='line_1_29' title="bbox 1957 1346 3607 1424; baseline -0.003 -18"><span class='ocrx_word' id='word_1_181' title='bbox 1957 1352 2232 1424; x_wconf 81' lang='lat' dir='ltr'>regaliter</span> <span class='ocrx_word' id='word_1_182' title='bbox 2286 1352 2438 1407; x_wconf 73' lang='lat'>302</span> <span class='ocrx_word' id='word_1_183' title='bbox 2470 1351 2730 1418; x_wconf 84' lang='lat' dir='ltr'>vixisset,</span> <span class='ocrx_word' id='word_1_184' title='bbox 2765 1351 3033 1420; x_wconf 87' lang='lat' dir='ltr'>provecta</span> <span class='ocrx_word' id='word_1_185' title='bbox 3063 1353 3229 1402; x_wconf 69' lang='lat' dir='ltr'>astate</span> <span class='ocrx_word' id='word_1_186' title='bbox 3278 1346 3439 1402; x_wconf 89' lang='lat' dir='ltr'>obiit.</span> <span class='ocrx_word' id='word_1_187' title='bbox 3497 1347 3607 1402; x_wconf 85' lang='lat' dir='ltr'>Sed</span> 
     </span>
    </p>
   </div>
   <div class='ocr_carea' id='block_1_30' title="bbox 1956 1437 3604 1512">
    <p class='ocr_par' dir='ltr' id='par_1_30' title="bbox 1956 1437 3604 1512">
     <span class='ocr_line' id='line_1_30' title="bbox 1956 1437 3604 1512; baseline -0.004 -16"><span class='ocrx_word' id='word_1_188' title='bbox 1956 1447 2012 1496; x_wconf 89' lang='lat' dir='ltr'>et</span> <span class='ocrx_word' id='word_1_189' title='bbox 2040 1442 2469 1497; x_wconf 87' lang='lat' dir='ltr'>sebastocrator</span> <span class='ocrx_word' id='word_1_190' title='bbox 2491 1437 2664 1512; x_wconf 91' lang='lat' dir='ltr'>paulo</span> <span class='ocrx_word' id='word_1_191' title='bbox 2697 1437 2952 1509; x_wconf 87' lang='lat' dir='ltr'>amplius</span> <span class='ocrx_word' id='word_1_192' title='bbox 2991 1453 3105 1492; x_wconf 91' lang='lat' dir='ltr'>uno</span> <span class='ocrx_word' id='word_1_193' title='bbox 3164 1438 3295 1507; x_wconf 90' lang='lat' dir='ltr'>post</span> <span class='ocrx_word' id='word_1_194' title='bbox 3354 1440 3604 1490; x_wconf 87' lang='lat' dir='ltr'>matrem</span> 
     </span>
    </p>
   </div>
   <div class='ocr_carea' id='block_1_31' title="bbox 1958 1522 3608 1598">
    <p class='ocr_par' dir='ltr' id='par_1_31' title="bbox 1958 1522 3608 1598">
     <span class='ocr_line' id='line_1_31' title="bbox 1958 1522 3608 1598; baseline -0.004 -13"><span class='ocrx_word' id='word_1_195' title='bbox 1958 1547 2110 1586; x_wconf 90' lang='lat' dir='ltr'>anno</span> <span class='ocrx_word' id='word_1_196' title='bbox 2151 1530 2417 1585; x_wconf 91' lang='lat' dir='ltr'>debitum</span> <span class='ocrx_word' id='word_1_197' title='bbox 2477 1534 2701 1583; x_wconf 80' lang='lat' dir='ltr'>naturae</span> <span class='ocrx_word' id='word_1_198' title='bbox 2750 1525 3048 1598; x_wconf 89' lang='lat' dir='ltr'>persolvit,</span> <span class='ocrx_word' id='word_1_199' title='bbox 3110 1540 3240 1579; x_wconf 89' lang='lat' dir='ltr'>raso</span> <span class='ocrx_word' id='word_1_200' title='bbox 3295 1522 3506 1595; x_wconf 90' lang='lat' dir='ltr'>capillo</span> <span class='ocrx_word' id='word_1_201' title='bbox 3549 1527 3608 1578; x_wconf 87' lang='lat' dir='ltr'>et</span> 
     </span>
    </p>
   </div>
   <div class='ocr_carea' id='block_1_32' title="bbox 1958 1611 3608 1687">
    <p class='ocr_par' dir='ltr' id='par_1_32' title="bbox 1958 1611 3608 1687">
     <span class='ocr_line' id='line_1_32' title="bbox 1958 1611 3608 1687; baseline -0.005 -13"><span class='ocrx_word' id='word_1_202' title='bbox 1958 1619 2158 1675; x_wconf 86' lang='lat' dir='ltr'>habitu</span> <span class='ocrx_word' id='word_1_203' title='bbox 2184 1618 2510 1674; x_wconf 88' lang='lat' dir='ltr'>monastico</span> <span class='ocrx_word' id='word_1_204' title='bbox 2542 1620 2803 1687; x_wconf 89' lang='lat' dir='ltr'>sumpto,</span> <span class='ocrx_word' id='word_1_205' title='bbox 2834 1631 2965 1669; x_wconf 89' lang='lat' dir='ltr'>cum</span> <span class='ocrx_word' id='word_1_206' title='bbox 2999 1614 3126 1668; x_wconf 67' lang='lat' dir='ltr'>vitie</span> <span class='ocrx_word' id='word_1_207' title='bbox 3175 1613 3348 1668; x_wconf 77' lang='lat' dir='ltr'>linem</span> <span class='ocrx_word' id='word_1_208' title='bbox 3380 1611 3608 1667; x_wconf 89' lang='lat' dir='ltr'>instare</span> 
     </span>
    </p>
   </div>
   <div class='ocr_carea' id='block_1_33' title="bbox 1956 1700 3606 1775">
    <p class='ocr_par' dir='ltr' id='par_1_33' title="bbox 1956 1700 3606 1775">
     <span class='ocr_line' id='line_1_33' title="bbox 1956 1700 3606 1775; baseline -0.005 -12"><span class='ocrx_word' id='word_1_209' title='bbox 1956 1707 2067 1764; x_wconf 91' lang='lat' dir='ltr'>sibi</span> <span class='ocrx_word' id='word_1_210' title='bbox 2095 1707 2335 1775; x_wconf 86' lang='lat' dir='ltr'>videret,</span> <span class='ocrx_word' id='word_1_211' title='bbox 2386 1705 2588 1761; x_wconf 91' lang='lat' dir='ltr'>multis</span> <span class='ocrx_word' id='word_1_212' title='bbox 2620 1703 2818 1758; x_wconf 89' lang='lat' dir='ltr'>liberis</span> <span class='ocrx_word' id='word_1_213' title='bbox 2861 1702 3119 1758; x_wconf 89' lang='lat' dir='ltr'>relictis:</span> <span class='ocrx_word' id='word_1_214' title='bbox 3183 1700 3421 1772; x_wconf 87' lang='lat' dir='ltr'>quibus,</span> <span class='ocrx_word' id='word_1_215' title='bbox 3471 1716 3606 1755; x_wconf 90' lang='lat' dir='ltr'>cum</span> 
     </span>
    </p>
   </div>
   <div class='ocr_carea' id='block_1_34' title="bbox 188 1790 1835 1878">
    <p class='ocr_par' dir='ltr' id='par_1_34' title="bbox 188 1792 1835 1869">
     <span class='ocr_line' id='line_1_34' title="bbox 188 1792 1835 1869; baseline -0.001 -21"><span class='ocrx_word' id='word_1_216' title='bbox 188 1797 295 1858; x_wconf 83' lang='grc' dir='ltr'>ἧκεν</span> <span class='ocrx_word' id='word_1_217' title='bbox 348 1792 674 1869; x_wconf 80' lang='grc' dir='ltr'>ἀχθόμενον</span> <span class='ocrx_word' id='word_1_218' title='bbox 733 1794 824 1848; x_wconf 88' lang='grc' dir='ltr'>τὸν</span> <span class='ocrx_word' id='word_1_219' title='bbox 880 1793 1020 1865; x_wconf 74' lang='grc' dir='ltr'>υἱὸν,</span> <span class='ocrx_word' id='word_1_220' title='bbox 1070 1798 1368 1865; x_wconf 85' lang='grc' dir='ltr'>πτοηθεῖσα</span> <span class='ocrx_word' id='word_1_221' title='bbox 1429 1794 1506 1866; x_wconf 88' lang='grc' dir='ltr'>μὴ</span> <span class='ocrx_word' id='word_1_222' title='bbox 1571 1792 1835 1868; x_wconf 81' lang='grc' dir='ltr'>βιασθείη.</span> 
     </span>
    </p>
   </div>
   <div class='ocr_carea' id='block_1_35' title="bbox 1946 1790 3599 1878">
    <p class='ocr_par' dir='ltr' id='par_1_35' title="bbox 1957 1790 3599 1864">
     <span class='ocr_line' id='line_1_35' title="bbox 1957 1790 3599 1864; baseline -0.006 -12"><span class='ocrx_word' id='word_1_223' title='bbox 1957 1802 2142 1852; x_wconf 84' lang='lat' dir='ltr'>mater</span> <span class='ocrx_word' id='word_1_224' title='bbox 2171 1796 2345 1851; x_wconf 88' lang='lat' dir='ltr'>etiam</span> <span class='ocrx_word' id='word_1_225' title='bbox 2373 1812 2485 1850; x_wconf 91' lang='lat' dir='ltr'>non</span> <span class='ocrx_word' id='word_1_226' title='bbox 2512 1794 2806 1864; x_wconf 90' lang='lat' dir='ltr'>integrum</span> <span class='ocrx_word' id='word_1_227' title='bbox 2839 1808 3062 1846; x_wconf 90' lang='lat' dir='ltr'>annum</span> <span class='ocrx_word' id='word_1_228' title='bbox 3123 1790 3334 1844; x_wconf 90' lang='lat' dir='ltr'>marito</span> <span class='ocrx_word' id='word_1_229' title='bbox 3394 1805 3599 1860; x_wconf 88' lang='lat' dir='ltr'>super-</span> 
     </span>
    </p>
   </div>
   <div class='ocr_carea' id='block_1_36' title="bbox 184 1880 1836 1958">
    <p class='ocr_par' dir='ltr' id='par_1_36' title="bbox 184 1880 1836 1958">
     <span class='ocr_line' id='line_1_36' title="bbox 184 1880 1836 1958; baseline 0 -22"><span class='ocrx_word' id='word_1_230' title='bbox 184 1883 257 1936; x_wconf 77' lang='grc' dir='ltr'>ιιαὶ</span> <span class='ocrx_word' id='word_1_231' title='bbox 303 1880 582 1952; x_wconf 82' lang='grc' dir='ltr'>ἀθέλητον</span> <span class='ocrx_word' id='word_1_232' title='bbox 639 1880 769 1958; x_wconf 81' lang='grc' dir='ltr'>δόξῃ</span> <span class='ocrx_word' id='word_1_233' title='bbox 817 1884 1149 1954; x_wconf 76' lang='grc' dir='ltr'>ποιήσασθαι</span> <span class='ocrx_word' id='word_1_234' title='bbox 1186 1883 1285 1954; x_wconf 68' lang='grc' dir='ltr'>τῂν</span> <span class='ocrx_word' id='word_1_235' title='bbox 1345 1883 1688 1956; x_wconf 84' lang='grc' dir='ltr'>μετάστασιν,</span> <span class='ocrx_word' id='word_1_236' title='bbox 1735 1904 1836 1936; x_wconf 88' lang='grc' dir='ltr'>πα-</span> 
     </span>
    </p>
   </div>
   <div class='ocr_carea' id='block_1_37' title="bbox 190 1970 1840 2049">
    <p class='ocr_par' dir='ltr' id='par_1_37' title="bbox 190 1970 1840 2049">
     <span class='ocr_line' id='line_1_37' title="bbox 190 1970 1840 2049; baseline -0.001 -22"><span class='ocrx_word' id='word_1_237' title='bbox 190 1973 562 2049; x_wconf 72' lang='grc' dir='ltr'>ρακεχωρήκει</span> <span class='ocrx_word' id='word_1_238' title='bbox 620 1973 838 2026; x_wconf 76' lang='grc' dir='ltr'>πάντων</span> <span class='ocrx_word' id='word_1_239' title='bbox 895 1975 974 2044; x_wconf 79' lang='grc' dir='ltr'>τῷ</span> <span class='ocrx_word' id='word_1_240' title='bbox 1034 1972 1137 2043; x_wconf 76' lang='grc' dir='ltr'>υἱῷ</span> <span class='ocrx_word' id='word_1_241' title='bbox 1188 1992 1247 2027; x_wconf 90' lang='grc' dir='ltr'>τε</span> <span class='ocrx_word' id='word_1_242' title='bbox 1300 1971 1390 2026; x_wconf 85' lang='grc' dir='ltr'>καὶ</span> <span class='ocrx_word' id='word_1_243' title='bbox 1448 1975 1529 2044; x_wconf 77' lang='grc' dir='ltr'>τῷ</span> <span class='ocrx_word' id='word_1_244' title='bbox 1578 1970 1840 2045; x_wconf 80' lang='grc' dir='ltr'>αύτοκρά-</span> 
     </span>
    </p>
   </div>
   <div class='ocr_carea' id='block_1_38' title="bbox 189 2058 1836 2136">
    <p class='ocr_par' dir='ltr' id='par_1_38' title="bbox 189 2058 1836 2136">
     <span class='ocr_line' id='line_1_38' title="bbox 189 2058 1836 2136; baseline 0.001 -23"><span class='ocrx_word' id='word_1_245' title='bbox 189 2079 310 2136; x_wconf 84' lang='grc' dir='ltr'>τορι,</span> <span class='ocrx_word' id='word_1_246' title='bbox 339 2059 430 2114; x_wconf 82' lang='grc' dir='ltr'>καὶ</span> <span class='ocrx_word' id='word_1_247' title='bbox 461 2064 577 2114; x_wconf 84' lang='grc' dir='ltr'>τῶν</span> <span class='ocrx_word' id='word_1_248' title='bbox 619 2058 910 2134; x_wconf 89' lang='grc' dir='ltr'>βασιλείων</span> <span class='ocrx_word' id='word_1_249' title='bbox 941 2060 1352 2136; x_wconf 79' lang='grc' dir='ltr'>ὁπανεχώρησε,</span> <span class='ocrx_word' id='word_1_250' title='bbox 1378 2061 1478 2129; x_wconf 75' lang='grc' dir='ltr'>τὴν</span> <span class='ocrx_word' id='word_1_251' title='bbox 1513 2063 1610 2115; x_wconf 77' lang='grc' dir='ltr'>τοῦ</span> <span class='ocrx_word' id='word_1_252' title='bbox 1664 2061 1836 2116; x_wconf 89' lang='grc' dir='ltr'>ΙΙαντ-</span> 
     </span>
    </p>
   </div>
   <div class='ocr_carea' id='block_1_39' title="bbox 190 2145 1834 2222">
    <p class='ocr_par' dir='ltr' id='par_1_39' title="bbox 190 2145 1834 2222">
     <span class='ocr_line' id='line_1_39' title="bbox 190 2145 1834 2222; baseline -0.001 -19"><span class='ocrx_word' id='word_1_253' title='bbox 190 2150 406 2204; x_wconf 82' lang='grc' dir='ltr'>επόπτου</span> <span class='ocrx_word' id='word_1_254' title='bbox 497 2150 707 2222; x_wconf 78' lang='grc' dir='ltr'>μονὴν,</span> <span class='ocrx_word' id='word_1_255' title='bbox 785 2149 846 2218; x_wconf 75' lang='grc' dir='ltr'>ἢν</span> <span class='ocrx_word' id='word_1_256' title='bbox 931 2147 1108 2219; x_wconf 77' lang='grc' dir='ltr'>ἐκείνη</span> <span class='ocrx_word' id='word_1_257' title='bbox 1191 2145 1471 2221; x_wconf 75' lang='grc' dir='ltr'>ἐδείματο,</span> <span class='ocrx_word' id='word_1_258' title='bbox 1556 2147 1834 2203; x_wconf 78' lang='grc' dir='ltr'>κατοικίαν</span> 
     </span>
    </p>
   </div>
   <div class='ocr_carea' id='block_1_40' title="bbox 186 2236 1834 2313">
    <p class='ocr_par' dir='ltr' id='par_1_40' title="bbox 186 2236 1834 2313">
     <span class='ocr_line' id='line_1_40' title="bbox 186 2236 1834 2313; baseline 0 -21"><span class='ocrx_word' id='word_1_259' title='bbox 186 2237 548 2310; x_wconf 75' lang='grc' dir='ltr'>ποιησαμένη,</span> <span class='ocrx_word' id='word_1_260' title='bbox 609 2239 736 2313; x_wconf 88' lang='grc' dir='ltr'>παρ’</span> <span class='ocrx_word' id='word_1_261' title='bbox 859 2237 950 2292; x_wconf 88' lang='grc' dir='ltr'>καί</span> <span class='ocrx_word' id='word_1_262' title='bbox 1002 2259 1152 2301; x_wconf 90' lang='grc' dir='ltr'>τινας</span> <span class='ocrx_word' id='word_1_263' title='bbox 1225 2236 1498 2302; x_wconf 77' lang='grc' dir='ltr'>ἰνιαυτοὺς</span> <span class='ocrx_word' id='word_1_264' title='bbox 1565 2239 1834 2311; x_wconf 76' lang='grc' dir='ltr'>παροική-</span> 
     </span>
    </p>
   </div>
   <div class='ocr_carea' id='block_1_41' title="bbox 189 2324 1835 2402">
    <p class='ocr_par' dir='ltr' id='par_1_41' title="bbox 189 2324 1835 2402">
     <span class='ocr_line' id='line_1_41' title="bbox 189 2324 1835 2402; baseline -0.001 -21"><span class='ocrx_word' id='word_1_265' title='bbox 189 2347 302 2382; x_wconf 79' lang='grc' dir='ltr'>σασα</span> <span class='ocrx_word' id='word_1_266' title='bbox 344 2325 597 2400; x_wconf 71' lang='grc' dir='ltr'>ἰντίμως</span> <span class='ocrx_word' id='word_1_267' title='bbox 643 2347 702 2381; x_wconf 89' lang='grc' dir='ltr'>τε</span> <span class='ocrx_word' id='word_1_268' title='bbox 741 2325 829 2380; x_wconf 76' lang='grc' dir='ltr'>καὶ</span> <span class='ocrx_word' id='word_1_269' title='bbox 886 2325 1207 2402; x_wconf 82' lang='grc' dir='ltr'>βασιλικῶς,</span> <span class='ocrx_word' id='word_1_270' title='bbox 1251 2324 1304 2388; x_wconf 85' lang='grc' dir='ltr'>ές</span> <span class='ocrx_word' id='word_1_271' title='bbox 1357 2327 1529 2402; x_wconf 83' lang='grc' dir='ltr'>γῆράς</span> <span class='ocrx_word' id='word_1_272' title='bbox 1582 2346 1641 2380; x_wconf 84' lang='grc' dir='ltr'>τε</span> <span class='ocrx_word' id='word_1_273' title='bbox 1700 2325 1835 2401; x_wconf 74' lang='grc' dir='ltr'>βαθὺ</span> 
     </span>
    </p>
   </div>
   <div class='ocr_carea' id='block_1_42' title="bbox 184 2411 1836 2490">
    <p class='ocr_par' dir='ltr' id='par_1_42' title="bbox 184 2411 1836 2490">
     <span class='ocr_line' id='line_1_42' title="bbox 184 2411 1836 2490; baseline -0.003 -18"><span class='ocrx_word' id='word_1_274' title='bbox 184 2417 575 2486; x_wconf 66' lang='grc' dir='ltr'>καταντήσασα,</span> <span class='ocrx_word' id='word_1_275' title='bbox 652 2413 958 2490; x_wconf 78' lang='grc' dir='ltr'>μετήλλαξε</span> <span class='ocrx_word' id='word_1_276' title='bbox 1002 2416 1099 2484; x_wconf 78' lang='grc' dir='ltr'>τὴν</span> <span class='ocrx_word' id='word_1_277' title='bbox 1154 2416 1322 2486; x_wconf 79' lang='grc' dir='ltr'>ζωήν.</span> <span class='ocrx_word' id='word_1_278' title='bbox 1377 2417 1507 2471; x_wconf 85' lang='grc' dir='ltr'>Ἕνα</span> <span class='ocrx_word' id='word_1_279' title='bbox 1558 2411 1604 2469; x_wconf 86' lang='grc' dir='ltr'>δ’</span> <span class='ocrx_word' id='word_1_280' title='bbox 1661 2414 1836 2468; x_wconf 80' lang='grc' dir='ltr'>ἐνιαυ-</span> 
     </span>
    </p>
   </div>
   <div class='ocr_carea' id='block_1_43' title="bbox 187 2499 1835 2581">
    <p class='ocr_par' dir='ltr' id='par_1_43' title="bbox 187 2499 1835 2581">
     <span class='ocr_line' id='line_1_43' title="bbox 187 2499 1835 2581; baseline -0.002 -21"><span class='ocrx_word' id='word_1_281' title='bbox 187 2505 264 2561; x_wconf 85' lang='grc' dir='ltr'>τὸν</span> <span class='ocrx_word' id='word_1_282' title='bbox 313 2507 402 2560; x_wconf 86' lang='grc' dir='ltr'>καὶ</span> <span class='ocrx_word' id='word_1_283' title='bbox 466 2503 676 2581; x_wconf 76' lang='grc' dir='ltr'>μικρόν</span> <span class='ocrx_word' id='word_1_284' title='bbox 729 2525 781 2559; x_wconf 91' lang='grc' dir='ltr'>τι</span> <span class='ocrx_word' id='word_1_285' title='bbox 826 2504 960 2580; x_wconf 87' lang='grc' dir='ltr'>πρὸς</span> <span class='ocrx_word' id='word_1_286' title='bbox 1011 2504 1038 2557; x_wconf 85' lang='grc' dir='ltr'>ὁ</span> <span class='ocrx_word' id='word_1_287' title='bbox 1098 2500 1540 2580; x_wconf 75' lang='grc' dir='ltr'>σεϐαστοκράτωρ</span> <span class='ocrx_word' id='word_1_288' title='bbox 1590 2499 1835 2566; x_wconf 76' lang='grc' dir='ltr'>ἐπιϐιοὺς</span> 
     </span>
    </p>
   </div>
   <div class='ocr_carea' id='block_1_44' title="bbox 185 2592 1837 2669">
    <p class='ocr_par' dir='ltr' id='par_1_44' title="bbox 185 2592 1837 2669">
     <span class='ocr_line' id='line_1_44' title="bbox 185 2592 1837 2669; baseline -0.001 -20"><span class='ocrx_word' id='word_1_289' title='bbox 185 2598 243 2668; x_wconf 78' lang='grc' dir='ltr'>τῇ</span> <span class='ocrx_word' id='word_1_290' title='bbox 300 2593 491 2669; x_wconf 78' lang='grc' dir='ltr'>μητρὶ,</span> <span class='ocrx_word' id='word_1_291' title='bbox 566 2593 814 2654; x_wconf 79' lang='grc' dir='ltr'>κάκεῖνος</span> <span class='ocrx_word' id='word_1_292' title='bbox 868 2592 1085 2648; x_wconf 73' lang='grc' dir='ltr'>ἀπέτισε</span> <span class='ocrx_word' id='word_1_293' title='bbox 1140 2593 1203 2646; x_wconf 89' lang='grc' dir='ltr'>τὸ</span> <span class='ocrx_word' id='word_1_294' title='bbox 1261 2594 1461 2668; x_wconf 86' lang='grc' dir='ltr'>χρεὼν,</span> <span class='ocrx_word' id='word_1_295' title='bbox 1514 2613 1837 2668; x_wconf 88' lang='grc' dir='ltr'>κειραμενος</span> 
     </span>
    </p>
   </div>
   <div class='ocr_carea' id='block_1_45' title="bbox 185 2681 1834 2760">
    <p class='ocr_par' dir='ltr' id='par_1_45' title="bbox 185 2681 1834 2760">
     <span class='ocr_line' id='line_1_45' title="bbox 185 2681 1834 2760; baseline -0.002 -22"><span class='ocrx_word' id='word_1_296' title='bbox 185 2683 261 2738; x_wconf 81' lang='grc' dir='ltr'>καὶ</span> <span class='ocrx_word' id='word_1_297' title='bbox 303 2684 497 2758; x_wconf 81' lang='grc' dir='ltr'>τρίχα,</span> <span class='ocrx_word' id='word_1_298' title='bbox 544 2682 636 2736; x_wconf 80' lang='grc' dir='ltr'>καὶ</span> <span class='ocrx_word' id='word_1_299' title='bbox 689 2681 1196 2760; x_wconf 74' lang='grc' dir='ltr'>μεταμφιασάμενος</span> <span class='ocrx_word' id='word_1_300' title='bbox 1237 2683 1373 2737; x_wconf 87' lang='grc' dir='ltr'>κατὰ</span> <span class='ocrx_word' id='word_1_301' title='bbox 1426 2681 1726 2757; x_wconf 78' lang='grc' dir='ltr'>μοναχοὺς,</span> <span class='ocrx_word' id='word_1_302' title='bbox 1760 2683 1834 2744; x_wconf 85' lang='grc' dir='ltr'>ὡς</span> 
     </span>
    </p>
   </div>
   <div class='ocr_carea' id='block_1_46' title="bbox 186 2766 1835 2845">
    <p class='ocr_par' dir='ltr' id='par_1_46' title="bbox 186 2766 1835 2845">
     <span class='ocr_line' id='line_1_46' title="bbox 186 2766 1835 2845; baseline 0 -21"><span class='ocrx_word' id='word_1_303' title='bbox 186 2768 302 2845; x_wconf 75' lang='grc' dir='ltr'>ἔγνω</span> <span class='ocrx_word' id='word_1_304' title='bbox 348 2769 665 2825; x_wconf 76' lang='grc' dir='ltr'>ἐπιλείπειν</span> <span class='ocrx_word' id='word_1_305' title='bbox 720 2771 870 2843; x_wconf 79' lang='grc' dir='ltr'>αὐτῷ</span> <span class='ocrx_word' id='word_1_306' title='bbox 918 2770 980 2824; x_wconf 86' lang='grc' dir='ltr'>τὸ</span> <span class='ocrx_word' id='word_1_307' title='bbox 1034 2769 1328 2844; x_wconf 87' lang='grc' dir='ltr'>βιώσιμον.</span> <span class='ocrx_word' id='word_1_308' title='bbox 1375 2766 1612 2825; x_wconf 75' lang='grc' dir='ltr'>Ἀπεϐίω</span> <span class='ocrx_word' id='word_1_309' title='bbox 1670 2767 1716 2824; x_wconf 80' lang='grc' dir='ltr'>δ’</span> <span class='ocrx_word' id='word_1_310' title='bbox 1746 2768 1835 2825; x_wconf 80' lang='grc' dir='ltr'>ἐπὶ</span> 
     </span>
    </p>
   </div>
   <div class='ocr_carea' id='block_1_47' title="bbox 185 2857 1835 2933">
    <p class='ocr_par' dir='ltr' id='par_1_47' title="bbox 185 2857 1835 2933">
     <span class='ocr_line' id='line_1_47' title="bbox 185 2857 1835 2933; baseline 0.001 -19"><span class='ocrx_word' id='word_1_311' title='bbox 185 2859 320 2915; x_wconf 67' lang='grc' dir='ltr'>παισὶ</span> <span class='ocrx_word' id='word_1_312' title='bbox 377 2858 654 2928; x_wconf 82' lang='grc' dir='ltr'>πολλοῖς,</span> <span class='ocrx_word' id='word_1_313' title='bbox 687 2857 779 2921; x_wconf 79' lang='grc' dir='ltr'>οὓς</span> <span class='ocrx_word' id='word_1_314' title='bbox 837 2857 952 2913; x_wconf 83' lang='grc' dir='ltr'>ἐπεὶ</span> <span class='ocrx_word' id='word_1_315' title='bbox 1000 2859 1090 2912; x_wconf 82' lang='grc' dir='ltr'>καὶ</span> <span class='ocrx_word' id='word_1_316' title='bbox 1147 2861 1182 2929; x_wconf 78' lang='grc' dir='ltr'><strong>ἡ</strong></span> <span class='ocrx_word' id='word_1_317' title='bbox 1241 2860 1424 2933; x_wconf 68' lang='grc' dir='ltr'>μήτηρ</span> <span class='ocrx_word' id='word_1_318' title='bbox 1481 2858 1655 2914; x_wconf 77' lang='grc' dir='ltr'>αὐτῶν</span> <span class='ocrx_word' id='word_1_319' title='bbox 1702 2861 1835 2933; x_wconf 88' lang='grc'>(26),</span> 
     </span>
    </p>
   </div>
   <div class='ocr_carea' id='block_1_48' title="bbox 189 2944 1832 3023">
    <p class='ocr_par' dir='ltr' id='par_1_48' title="bbox 189 2944 1832 3023">
     <span class='ocr_line' id='line_1_48' title="bbox 189 2944 1832 3023; baseline -0.001 -20"><span class='ocrx_word' id='word_1_320' title='bbox 189 2947 286 3004; x_wconf 73' lang='grc' dir='ltr'>οὐδ’</span> <span class='ocrx_word' id='word_1_321' title='bbox 315 2947 446 3004; x_wconf 81' lang='grc' dir='ltr'>δ’λον</span> <span class='ocrx_word' id='word_1_322' title='bbox 478 2947 730 3004; x_wconf 74' lang='grc' dir='ltr'>ἐνιαυτὸν</span> <span class='ocrx_word' id='word_1_323' title='bbox 761 2947 1059 3018; x_wconf 72' lang='grc' dir='ltr'>ἰπιζήσασα</span> <span class='ocrx_word' id='word_1_324' title='bbox 1103 2952 1182 3020; x_wconf 84' lang='grc' dir='ltr'>τῷ</span> <span class='ocrx_word' id='word_1_325' title='bbox 1234 2944 1406 3023; x_wconf 77' lang='grc' dir='ltr'>ἀνδρὶ,</span> <span class='ocrx_word' id='word_1_326' title='bbox 1443 2947 1668 3022; x_wconf 89' lang='grc' dir='ltr'>μετέστη</span> <span class='ocrx_word' id='word_1_327' title='bbox 1726 2953 1832 3003; x_wconf 77' lang='grc' dir='ltr'>τῶν</span> 
     </span>
    </p>
   </div>
   <div class='ocr_carea' id='block_1_49' title="bbox 189 3031 1836 3114">
    <p class='ocr_par' dir='ltr' id='par_1_49' title="bbox 189 3031 1836 3114">
     <span class='ocr_line' id='line_1_49' title="bbox 189 3031 1836 3114; baseline 0.002 -26"><span class='ocrx_word' id='word_1_328' title='bbox 189 3043 397 3113; x_wconf 82' lang='grc' dir='ltr'>νεκρῶν,</span> <span class='ocrx_word' id='word_1_329' title='bbox 433 3039 461 3092; x_wconf 87' lang='lat'>6</span> <span class='ocrx_word' id='word_1_330' title='bbox 500 3034 770 3114; x_wconf 76' lang='grc' dir='ltr'>βασιλεὺς</span> <span class='ocrx_word' id='word_1_331' title='bbox 823 3031 1214 3112; x_wconf 76' lang='grc' dir='ltr'>προσελάϐετο.</span> <span class='ocrx_word' id='word_1_332' title='bbox 1274 3036 1363 3091; x_wconf 87' lang='grc' dir='ltr'>γαὶ</span> <span class='ocrx_word' id='word_1_333' title='bbox 1419 3037 1546 3099; x_wconf 78' lang='grc' dir='ltr'>τοὺς</span> <span class='ocrx_word' id='word_1_334' title='bbox 1591 3038 1684 3111; x_wconf 70' lang='grc' dir='ltr'>μὲν</span> <span class='ocrx_word' id='word_1_335' title='bbox 1747 3035 1836 3114; x_wconf 73' lang='grc' dir='ltr'>ἄρ-</span> 
     </span>
    </p>
   </div>
   <div class='ocr_carea' id='block_1_50' title="bbox 190 3122 1832 3202">
    <p class='ocr_par' dir='ltr' id='par_1_50' title="bbox 190 3122 1832 3202">
     <span class='ocr_line' id='line_1_50' title="bbox 190 3122 1832 3202; baseline -0.001 -21"><span class='ocrx_word' id='word_1_336' title='bbox 190 3125 322 3201; x_wconf 77' lang='grc' dir='ltr'>ρενας</span> <span class='ocrx_word' id='word_1_337' title='bbox 372 3128 650 3199; x_wconf 77' lang='grc' dir='ltr'>συνῴκισε</span> <span class='ocrx_word' id='word_1_338' title='bbox 704 3125 935 3201; x_wconf 80' lang='grc' dir='ltr'>γυναιξὶ,</span> <span class='ocrx_word' id='word_1_339' title='bbox 965 3125 1063 3189; x_wconf 78' lang='grc' dir='ltr'>τὰς</span> <span class='ocrx_word' id='word_1_340' title='bbox 1119 3122 1177 3180; x_wconf 79' lang='grc' dir='ltr'>δέ</span> <span class='ocrx_word' id='word_1_341' title='bbox 1224 3146 1281 3201; x_wconf 84' lang='grc' dir='ltr'>γε</span> <span class='ocrx_word' id='word_1_342' title='bbox 1313 3123 1532 3196; x_wconf 81' lang='grc' dir='ltr'>θηλείας</span> <span class='ocrx_word' id='word_1_343' title='bbox 1581 3124 1832 3202; x_wconf 81' lang='grc' dir='ltr'>ἀνδράσιν</span> 
     </span>
    </p>
   </div>
   <div class='ocr_carea' id='block_1_51' title="bbox 191 3209 1835 3291">
    <p class='ocr_par' dir='ltr' id='par_1_51' title="bbox 191 3209 1835 3291">
     <span class='ocr_line' id='line_1_51' title="bbox 191 3209 1835 3291; baseline 0.001 -23"><span class='ocrx_word' id='word_1_344' title='bbox 191 3212 406 3285; x_wconf 78' lang='grc' dir='ltr'>ἐξέδοτο,</span> <span class='ocrx_word' id='word_1_345' title='bbox 441 3215 547 3270; x_wconf 82' lang='grc' dir='ltr'>καὶ</span> <span class='ocrx_word' id='word_1_346' title='bbox 591 3209 805 3291; x_wconf 79' lang='grc' dir='ltr'>ἔστεργε</span> <span class='ocrx_word' id='word_1_347' title='bbox 853 3213 944 3270; x_wconf 83' lang='grc' dir='ltr'>καὶ</span> <span class='ocrx_word' id='word_1_348' title='bbox 993 3214 1268 3290; x_wconf 75' lang='grc' dir='ltr'>εὐηργέτει</span> <span class='ocrx_word' id='word_1_349' title='bbox 1321 3215 1454 3279; x_wconf 86' lang='grc' dir='ltr'>τοὺς</span> <span class='ocrx_word' id='word_1_350' title='bbox 1507 3213 1835 3290; x_wconf 77' lang='grc' dir='ltr'>ἀδελφόπαι-</span> 
     </span>
    </p>
   </div>
   <div class='ocr_carea' id='block_1_52' title="bbox 193 3302 1835 3380">
    <p class='ocr_par' dir='ltr' id='par_1_52' title="bbox 193 3302 1835 3380">
     <span class='ocr_line' id='line_1_52' title="bbox 193 3302 1835 3380; baseline 0.001 -22"><span class='ocrx_word' id='word_1_351' title='bbox 193 3302 290 3366; x_wconf 81' lang='grc' dir='ltr'>δας.</span> <span class='ocrx_word' id='word_1_352' title='bbox 322 3307 466 3378; x_wconf 83' lang='grc' dir='ltr'>Πρὸς</span> <span class='ocrx_word' id='word_1_353' title='bbox 508 3302 572 3358; x_wconf 73' lang='grc' dir='ltr'>δὲ</span> <span class='ocrx_word' id='word_1_354' title='bbox 599 3305 699 3373; x_wconf 75' lang='grc' dir='ltr'>τὴν</span> <span class='ocrx_word' id='word_1_355' title='bbox 726 3303 988 3358; x_wconf 86' lang='grc' dir='ltr'>κοινωνὸν</span> <span class='ocrx_word' id='word_1_356' title='bbox 1019 3308 1114 3358; x_wconf 78' lang='grc' dir='ltr'>τοῦ</span> <span class='ocrx_word' id='word_1_357' title='bbox 1151 3303 1270 3378; x_wconf 91' lang='grc' dir='ltr'>βίου</span> <span class='ocrx_word' id='word_1_358' title='bbox 1303 3305 1329 3359; x_wconf 87' lang='lat'>6</span> <span class='ocrx_word' id='word_1_359' title='bbox 1365 3302 1617 3380; x_wconf 75' lang='grc' dir='ltr'>βασιλεὺς</span> <span class='ocrx_word' id='word_1_360' title='bbox 1675 3304 1835 3369; x_wconf 77' lang='grc' dir='ltr'>οὗτος</span> 
     </span>
    </p>
   </div>
   <div class='ocr_carea' id='block_1_53' title="bbox 184 3389 1832 3470">
    <p class='ocr_par' dir='ltr' id='par_1_53' title="bbox 184 3389 1832 3470">
     <span class='ocr_line' id='line_1_53' title="bbox 184 3389 1832 3470; baseline 0 -23"><span class='ocrx_word' id='word_1_361' title='bbox 184 3390 282 3447; x_wconf 64' lang='grc' dir='ltr'>οὔτ’</span> <span class='ocrx_word' id='word_1_362' title='bbox 313 3392 689 3470; x_wconf 79' lang='grc' dir='ltr'>ἀποστρόφως</span> <span class='ocrx_word' id='word_1_363' title='bbox 722 3389 903 3468; x_wconf 73' lang='grc' dir='ltr'>εἷ’χετο</span> <span class='ocrx_word' id='word_1_364' title='bbox 959 3392 1245 3468; x_wconf 88' lang='grc' dir='ltr'>πρότερον,</span> <span class='ocrx_word' id='word_1_365' title='bbox 1297 3390 1418 3448; x_wconf 72' lang='grc' dir='ltr'>οὔτε</span> <span class='ocrx_word' id='word_1_366' title='bbox 1473 3391 1593 3448; x_wconf 87' lang='grc' dir='ltr'>λίαν</span> <span class='ocrx_word' id='word_1_367' title='bbox 1656 3393 1832 3469; x_wconf 73' lang='grc' dir='ltr'>ἐκείνῃ</span> 
     </span>
    </p>
   </div>
   <div class='ocr_carea' id='block_1_54' title="bbox 185 3478 1836 3558">
    <p class='ocr_par' dir='ltr' id='par_1_54' title="bbox 185 3478 1836 3558">
     <span class='ocr_line' id='line_1_54' title="bbox 185 3478 1836 3558; baseline 0.002 -23"><span class='ocrx_word' id='word_1_368' title='bbox 185 3483 525 3558; x_wconf 82' lang='grc' dir='ltr'>προσέκειτο,</span> <span class='ocrx_word' id='word_1_369' title='bbox 587 3479 923 3558; x_wconf 74' lang='grc' dir='ltr'>ἀφροδισίων</span> <span class='ocrx_word' id='word_1_370' title='bbox 980 3478 1027 3534; x_wconf 83' lang='grc' dir='ltr'>δ’</span> <span class='ocrx_word' id='word_1_371' title='bbox 1065 3482 1381 3554; x_wconf 75' lang='grc' dir='ltr'>ἡττώμενος</span> <span class='ocrx_word' id='word_1_372' title='bbox 1456 3483 1524 3537; x_wconf 81' lang='grc' dir='ltr'>οὐ</span> <span class='ocrx_word' id='word_1_373' title='bbox 1581 3485 1719 3538; x_wconf 81' lang='grc' dir='ltr'>πάνυ</span> <span class='ocrx_word' id='word_1_374' title='bbox 1770 3483 1836 3538; x_wconf 68' lang='grc' dir='ltr'>τα</span> 
     </span>
    </p>
   </div>
   <div class='ocr_carea' id='block_1_55' title="bbox 185 3566 1832 3646">
    <p class='ocr_par' dir='ltr' id='par_1_55' title="bbox 185 3566 1832 3646">
     <span class='ocr_line' id='line_1_55' title="bbox 185 3566 1832 3646; baseline 0 -20"><span class='ocrx_word' id='word_1_375' title='bbox 185 3569 230 3633; x_wconf 65' lang='grc' dir='ltr'>ἒς</span> <span class='ocrx_word' id='word_1_376' title='bbox 259 3571 412 3642; x_wconf 74' lang='grc' dir='ltr'>εὐνὴν</span> <span class='ocrx_word' id='word_1_377' title='bbox 463 3569 742 3646; x_wconf 78' lang='grc' dir='ltr'>ἐτύγχανε</span> <span class='ocrx_word' id='word_1_378' title='bbox 796 3566 1025 3636; x_wconf 82' lang='grc' dir='ltr'>δίκαιος,</span> <span class='ocrx_word' id='word_1_379' title='bbox 1057 3569 1174 3633; x_wconf 76' lang='grc' dir='ltr'>ὅθεν</span> <span class='ocrx_word' id='word_1_380' title='bbox 1233 3571 1322 3625; x_wconf 83' lang='grc' dir='ltr'>καὶ</span> <span class='ocrx_word' id='word_1_381' title='bbox 1383 3569 1591 3646; x_wconf 85' lang='grc' dir='ltr'>βέλεσιν</span> <span class='ocrx_word' id='word_1_382' title='bbox 1642 3573 1676 3640; x_wconf 81' lang='grc' dir='ltr'><strong>ἡ</strong></span> <span class='ocrx_word' id='word_1_383' title='bbox 1725 3572 1832 3628; x_wconf 85' lang='grc' dir='ltr'>Αὐ-</span> 
     </span>
    </p>
   </div>
   <div class='ocr_carea' id='block_1_56' title="bbox 182 3651 1833 3736">
    <p class='ocr_par' dir='ltr' id='par_1_56' title="bbox 182 3651 1833 3736">
     <span class='ocr_line' id='line_1_56' title="bbox 182 3651 1833 3736; baseline 0 -22"><span class='ocrx_word' id='word_1_384' title='bbox 182 3659 360 3735; x_wconf 87' lang='grc' dir='ltr'>γούσια</span> <span class='ocrx_word' id='word_1_385' title='bbox 448 3657 795 3730; x_wconf 78' lang='grc' dir='ltr'>ζηλοτυπίας</span> <span class='ocrx_word' id='word_1_386' title='bbox 880 3651 1169 3728; x_wconf 71' lang='grc' dir='ltr'>ἐϐέϐλητο.</span> <span class='ocrx_word' id='word_1_387' title='bbox 1216 3658 1365 3714; x_wconf 80' lang='grc' dir='ltr'>Ἐπεὶ</span> <span class='ocrx_word' id='word_1_388' title='bbox 1449 3656 1495 3714; x_wconf 84' lang='grc' dir='ltr'>δ’</span> <span class='ocrx_word' id='word_1_389' title='bbox 1551 3661 1579 3714; x_wconf 91' lang='lat'>6</span> <span class='ocrx_word' id='word_1_390' title='bbox 1633 3661 1833 3736; x_wconf 85' lang='grc' dir='ltr'>χρόνος</span> 
     </span>
    </p>
   </div>
   <div class='ocr_carea' id='block_1_57' title="bbox 182 3747 1832 3825">
    <p class='ocr_par' dir='ltr' id='par_1_57' title="bbox 182 3747 1832 3825">
     <span class='ocr_line' id='line_1_57' title="bbox 182 3747 1832 3825; baseline 0.001 -23"><span class='ocrx_word' id='word_1_391' title='bbox 182 3751 430 3823; x_wconf 75' lang='grc' dir='ltr'>προήκων</span> <span class='ocrx_word' id='word_1_392' title='bbox 460 3752 551 3821; x_wconf 85' lang='grc' dir='ltr'>τῷ</span> <span class='ocrx_word' id='word_1_393' title='bbox 583 3747 940 3822; x_wconf 74' lang='grc' dir='ltr'>αὐτοκράτορι</span> <span class='ocrx_word' id='word_1_394' title='bbox 976 3748 1042 3800; x_wconf 84' lang='grc' dir='ltr'>τὰ</span> <span class='ocrx_word' id='word_1_395' title='bbox 1069 3747 1320 3824; x_wconf 72' lang='grc' dir='ltr'>πυρφόρα</span> <span class='ocrx_word' id='word_1_396' title='bbox 1371 3747 1506 3823; x_wconf 83' lang='grc' dir='ltr'>βέλη</span> <span class='ocrx_word' id='word_1_397' title='bbox 1554 3753 1650 3803; x_wconf 76' lang='grc' dir='ltr'>τοῦ</span> <span class='ocrx_word' id='word_1_398' title='bbox 1696 3747 1832 3825; x_wconf 81' lang='grc' dir='ltr'>ἔρω-</span> 
     </span>
    </p>
   </div>
   <div class='ocr_carea' id='block_1_58' title="bbox 180 3832 1830 3912">
    <p class='ocr_par' dir='ltr' id='par_1_58' title="bbox 180 3832 1830 3912">
     <span class='ocr_line' id='line_1_58' title="bbox 180 3832 1830 3912; baseline -0.001 -21"><span class='ocrx_word' id='word_1_399' title='bbox 180 3857 262 3899; x_wconf 87' lang='grc' dir='ltr'>τος</span> <span class='ocrx_word' id='word_1_400' title='bbox 303 3832 589 3911; x_wconf 74' lang='grc' dir='ltr'>ἤμϐλυνε,</span> <span class='ocrx_word' id='word_1_401' title='bbox 624 3835 748 3891; x_wconf 90' lang='grc' dir='ltr'>τότε</span> <span class='ocrx_word' id='word_1_402' title='bbox 792 3835 931 3911; x_wconf 81' lang='grc' dir='ltr'>πρὸς</span> <span class='ocrx_word' id='word_1_403' title='bbox 979 3835 1075 3903; x_wconf 78' lang='grc' dir='ltr'>τήν</span> <span class='ocrx_word' id='word_1_404' title='bbox 1127 3833 1437 3912; x_wconf 81' lang='grc' dir='ltr'>Δύγούσταν</span> <span class='ocrx_word' id='word_1_405' title='bbox 1486 3837 1684 3912; x_wconf 85' lang='grc' dir='ltr'>τρέψας</span> <span class='ocrx_word' id='word_1_406' title='bbox 1737 3837 1830 3892; x_wconf 82' lang='grc' dir='ltr'>τὸν</span> 
     </span>
    </p>
   </div>
   <div class='ocr_carea' id='block_1_59' title="bbox 184 3921 1832 4002">
    <p class='ocr_par' dir='ltr' id='par_1_59' title="bbox 184 3921 1832 4002">
     <span class='ocr_line' id='line_1_59' title="bbox 184 3921 1832 4002; baseline 0.002 -24"><span class='ocrx_word' id='word_1_407' title='bbox 184 3922 364 4000; x_wconf 69' lang='grc' dir='ltr'>ἔρωτα,</span> <span class='ocrx_word' id='word_1_408' title='bbox 398 3925 542 3987; x_wconf 75' lang='grc' dir='ltr'>ὅλος</span> <span class='ocrx_word' id='word_1_409' title='bbox 598 3925 668 3995; x_wconf 76' lang='grc' dir='ltr'>ἧν</span> <span class='ocrx_word' id='word_1_410' title='bbox 721 3930 821 3994; x_wconf 81' lang='grc' dir='ltr'>τῆς</span> <span class='ocrx_word' id='word_1_411' title='bbox 853 3923 988 3999; x_wconf 86' lang='grc' dir='ltr'>πρὸς</span> <span class='ocrx_word' id='word_1_412' title='bbox 1020 3921 1228 3991; x_wconf 81' lang='grc' dir='ltr'>ἐκείνην</span> <span class='ocrx_word' id='word_1_413' title='bbox 1263 3932 1521 4002; x_wconf 81' lang='grc' dir='ltr'>στοργῆς,</span> <span class='ocrx_word' id='word_1_414' title='bbox 1551 3927 1640 3981; x_wconf 81' lang='grc' dir='ltr'>καὶ</span> <span class='ocrx_word' id='word_1_415' title='bbox 1699 3924 1832 3996; x_wconf 70' lang='grc' dir='ltr'>ἤθε-</span> 
     </span>
    </p>
   </div>
   <div class='ocr_carea' id='block_1_60' title="bbox 185 4010 1829 4090">
    <p class='ocr_par' dir='ltr' id='par_1_60' title="bbox 185 4010 1829 4090">
     <span class='ocr_line' id='line_1_60' title="bbox 185 4010 1829 4090; baseline 0.001 -22"><span class='ocrx_word' id='word_1_416' title='bbox 185 4012 264 4069; x_wconf 86' lang='grc' dir='ltr'>λεν</span> <span class='ocrx_word' id='word_1_417' title='bbox 333 4015 473 4070; x_wconf 73' lang='grc' dir='ltr'>εἶναι</span> <span class='ocrx_word' id='word_1_418' title='bbox 539 4011 734 4090; x_wconf 83' lang='grc' dir='ltr'>σχεδὸν</span> <span class='ocrx_word' id='word_1_419' title='bbox 791 4013 959 4084; x_wconf 78' lang='grc' dir='ltr'>αὐτῆς</span> <span class='ocrx_word' id='word_1_420' title='bbox 1011 4010 1397 4072; x_wconf 76' lang='grc' dir='ltr'>ἀδιάσπαστος.</span> <span class='ocrx_word' id='word_1_421' title='bbox 1446 4015 1679 4086; x_wconf 87' lang='grc' dir='ltr'>Τοιαύτη</span> <span class='ocrx_word' id='word_1_422' title='bbox 1734 4016 1829 4090; x_wconf 71' lang='grc' dir='ltr'>μὲν</span> 
     </span>
    </p>
   </div>
   <div class='ocr_carea' id='block_1_61' title="bbox 184 4100 1833 4181">
    <p class='ocr_par' dir='ltr' id='par_1_61' title="bbox 184 4100 1833 4181">
     <span class='ocr_line' id='line_1_61' title="bbox 184 4100 1833 4181; baseline 0.002 -25"><span class='ocrx_word' id='word_1_423' title='bbox 184 4101 264 4158; x_wconf 73' lang='grc' dir='ltr'>οὖν</span> <span class='ocrx_word' id='word_1_424' title='bbox 314 4109 384 4179; x_wconf 77' lang='grc' dir='ltr'>τῇ</span> <span class='ocrx_word' id='word_1_425' title='bbox 449 4102 746 4181; x_wconf 75' lang='grc' dir='ltr'>βασιλίσσῃ</span> <span class='ocrx_word' id='word_1_426' title='bbox 775 4101 1057 4176; x_wconf 66' lang='grc' dir='ltr'>ἐσύστερον</span> <span class='ocrx_word' id='word_1_427' title='bbox 1101 4103 1137 4171; x_wconf 79' lang='grc' dir='ltr'><strong>ἡ</strong></span> <span class='ocrx_word' id='word_1_428' title='bbox 1188 4100 1439 4171; x_wconf 76' lang='grc' dir='ltr'>διάθεσις,</span> <span class='ocrx_word' id='word_1_429' title='bbox 1471 4105 1558 4158; x_wconf 80' lang='grc' dir='ltr'>καὶ</span> <span class='ocrx_word' id='word_1_430' title='bbox 1621 4103 1833 4181; x_wconf 85' lang='grc' dir='ltr'>μεγάλα</span> 
     </span>
    </p>
   </div>
   <div class='ocr_carea' id='block_1_62' title="bbox 179 4189 1829 4270">
    <p class='ocr_par' dir='ltr' id='par_1_62' title="bbox 179 4189 1829 4270">
     <span class='ocr_line' id='line_1_62' title="bbox 179 4189 1829 4270; baseline 0.003 -25"><span class='ocrx_word' id='word_1_431' title='bbox 179 4191 292 4247; x_wconf 84' lang='grc' dir='ltr'>τότε</span> <span class='ocrx_word' id='word_1_432' title='bbox 338 4191 606 4267; x_wconf 77' lang='grc' dir='ltr'>ἠδύνατο,</span> <span class='ocrx_word' id='word_1_433' title='bbox 652 4191 742 4246; x_wconf 82' lang='grc' dir='ltr'>καὶ</span> <span class='ocrx_word' id='word_1_434' title='bbox 792 4192 935 4266; x_wconf 74' lang='grc' dir='ltr'>εἶχεν</span> <span class='ocrx_word' id='word_1_435' title='bbox 971 4189 1112 4245; x_wconf 76' lang='grc' dir='ltr'>οὕτω</span> <span class='ocrx_word' id='word_1_436' title='bbox 1145 4193 1340 4267; x_wconf 83' lang='grc' dir='ltr'>μέχρις</span> <span class='ocrx_word' id='word_1_437' title='bbox 1394 4190 1454 4247; x_wconf 78' lang='grc' dir='ltr'>ἂν</span> <span class='ocrx_word' id='word_1_438' title='bbox 1513 4191 1720 4270; x_wconf 62' lang='grc' dir='ltr'>ἔρρωτο</span> <span class='ocrx_word' id='word_1_439' title='bbox 1767 4195 1829 4251; x_wconf 83' lang='grc' dir='ltr'>τὸ</span> 
     </span>
    </p>
   </div>
   <div class='ocr_carea' id='block_1_63' title="bbox 181 4276 1825 4359">
    <p class='ocr_par' dir='ltr' id='par_1_63' title="bbox 181 4276 1825 4359">
     <span class='ocr_line' id='line_1_63' title="bbox 181 4276 1825 4359; baseline 0.003 -25"><span class='ocrx_word' id='word_1_440' title='bbox 181 4285 327 4354; x_wconf 80' lang='grc' dir='ltr'>σῶμα</span> <span class='ocrx_word' id='word_1_441' title='bbox 352 4287 436 4355; x_wconf 73' lang='grc' dir='ltr'>τῷ</span> <span class='ocrx_word' id='word_1_442' title='bbox 477 4281 710 4358; x_wconf 84' lang='grc' dir='ltr'>βασιλεῖ.</span> <span class='ocrx_word' id='word_1_443' title='bbox 749 4279 904 4335; x_wconf 79' lang='grc' dir='ltr'>Ἐπεὶ</span> <span class='ocrx_word' id='word_1_444' title='bbox 937 4276 983 4334; x_wconf 87' lang='grc' dir='ltr'>δ’</span> <span class='ocrx_word' id='word_1_445' title='bbox 1011 4278 1216 4342; x_wconf 79' lang='grc' dir='ltr'>ἐκεῖνος</span> <span class='ocrx_word' id='word_1_446' title='bbox 1244 4279 1370 4344; x_wconf 76' lang='grc' dir='ltr'>τοὺς</span> <span class='ocrx_word' id='word_1_447' title='bbox 1419 4279 1592 4346; x_wconf 83' lang='grc' dir='ltr'>πόδας</span> <span class='ocrx_word' id='word_1_448' title='bbox 1639 4281 1825 4359; x_wconf 74' lang='grc' dir='ltr'>ἤλγει,</span> 
     </span>
    </p>
   </div>
   <div class='ocr_carea' id='block_1_64' title="bbox 179 4364 1829 4447">
    <p class='ocr_par' dir='ltr' id='par_1_64' title="bbox 179 4364 1829 4447">
     <span class='ocr_line' id='line_1_64' title="bbox 179 4364 1829 4447; baseline 0.004 -25"><span class='ocrx_word' id='word_1_449' title='bbox 179 4370 374 4434; x_wconf 76' lang='grc' dir='ltr'>καὶτὰς</span> <span class='ocrx_word' id='word_1_450' title='bbox 413 4371 603 4447; x_wconf 79' lang='grc' dir='ltr'>βάσεις</span> <span class='ocrx_word' id='word_1_451' title='bbox 650 4364 978 4437; x_wconf 72' lang='grc' dir='ltr'>έϐέϐλαπτο,</span> <span class='ocrx_word' id='word_1_452' title='bbox 1008 4367 1098 4424; x_wconf 86' lang='grc' dir='ltr'>καὶ</span> <span class='ocrx_word' id='word_1_453' title='bbox 1142 4369 1266 4446; x_wconf 80' lang='grc' dir='ltr'>περὶ</span> <span class='ocrx_word' id='word_1_454' title='bbox 1314 4371 1381 4426; x_wconf 79' lang='grc' dir='ltr'>τὰ</span> <span class='ocrx_word' id='word_1_455' title='bbox 1428 4368 1599 4447; x_wconf 75' lang='grc' dir='ltr'>ἄρθρα</span> <span class='ocrx_word' id='word_1_456' title='bbox 1651 4371 1829 4447; x_wconf 85' lang='grc' dir='ltr'>τούτῳ</span> 
     </span>
    </p>
   </div>
   <div class='ocr_carea' id='block_1_65' title="bbox 187 4457 1826 4535">
    <p class='ocr_par' dir='ltr' id='par_1_65' title="bbox 187 4457 1826 4535">
     <span class='ocr_line' id='line_1_65' title="bbox 187 4457 1826 4535; baseline 0.003 -23"><span class='ocrx_word' id='word_1_457' title='bbox 187 4465 472 4534; x_wconf 81' lang='grc' dir='ltr'>μαχθηρᾶς</span> <span class='ocrx_word' id='word_1_458' title='bbox 520 4457 660 4530; x_wconf 72' lang='grc' dir='ltr'>ίίλης</span> <span class='ocrx_word' id='word_1_459' title='bbox 707 4458 1130 4535; x_wconf 75' lang='grc' dir='ltr'>συνερῥυήκεσαν</span> <span class='ocrx_word' id='word_1_460' title='bbox 1192 4457 1450 4535; x_wconf 78' lang='grc' dir='ltr'>ῥεύματα,</span> <span class='ocrx_word' id='word_1_461' title='bbox 1479 4460 1568 4515; x_wconf 76' lang='grc' dir='ltr'>καὶ</span> <span class='ocrx_word' id='word_1_462' title='bbox 1626 4462 1692 4531; x_wconf 79' lang='grc' dir='ltr'>ἦν</span> <span class='ocrx_word' id='word_1_463' title='bbox 1744 4462 1826 4517; x_wconf 83' lang='grc' dir='ltr'>έν-</span> 
     </span>
    </p>
   </div>
   <div class='ocr_carea' id='block_1_66' title="bbox 1951 1876 3603 1954">
    <p class='ocr_par' dir='ltr' id='par_1_66' title="bbox 1951 1876 3603 1954">
     <span class='ocr_line' id='line_1_66' title="bbox 1951 1876 3603 1954; baseline -0.006 -13"><span class='ocrx_word' id='word_1_464' title='bbox 1951 1893 2093 1951; x_wconf 89' lang='lat' dir='ltr'>stes,</span> <span class='ocrx_word' id='word_1_465' title='bbox 2151 1890 2376 1940; x_wconf 88' lang='lat' dir='ltr'>terrena</span> <span class='ocrx_word' id='word_1_466' title='bbox 2467 1883 2823 1954; x_wconf 86' lang='lat' dir='ltr'>reliquisset,</span> <span class='ocrx_word' id='word_1_467' title='bbox 2911 1880 3229 1951; x_wconf 88' lang='lat' dir='ltr'>imperator</span> <span class='ocrx_word' id='word_1_468' title='bbox 3289 1876 3603 1946; x_wconf 84' lang='lat' dir='ltr'>susceptis,</span> 
     </span>
    </p>
   </div>
   <div class='ocr_carea' id='block_1_67' title="bbox 1949 1965 3604 2040">
    <p class='ocr_par' dir='ltr' id='par_1_67' title="bbox 1949 1965 3604 2040">
     <span class='ocr_line' id='line_1_67' title="bbox 1949 1965 3604 2040; baseline -0.007 -9"><span class='ocrx_word' id='word_1_469' title='bbox 1949 1974 2423 2031; x_wconf 83' lang='lat' dir='ltr'>adolescentibus</span> <span class='ocrx_word' id='word_1_470' title='bbox 2485 1986 2713 2039; x_wconf 84' lang='lat' dir='ltr'>uxores,</span> <span class='ocrx_word' id='word_1_471' title='bbox 2797 1967 3007 2040; x_wconf 86' lang='lat' dir='ltr'>puellis</span> <span class='ocrx_word' id='word_1_472' title='bbox 3093 1967 3337 2023; x_wconf 89' lang='lat' dir='ltr'>maritos</span> <span class='ocrx_word' id='word_1_473' title='bbox 3422 1965 3604 2032; x_wconf 78' lang='lat' dir='ltr'>dedit,</span> 
     </span>
    </p>
   </div>
   <div class='ocr_carea' id='block_1_68' title="bbox 1948 2054 3605 2120">
    <p class='ocr_par' dir='ltr' id='par_1_68' title="bbox 1948 2054 3605 2120">
     <span class='ocr_line' id='line_1_68' title="bbox 1948 2054 3605 2120; baseline -0.005 -2"><span class='ocrx_word' id='word_1_474' title='bbox 1948 2065 2146 2120; x_wconf 77' lang='lat' dir='ltr'>fratris</span> <span class='ocrx_word' id='word_1_475' title='bbox 2225 2062 2442 2118; x_wconf 89' lang='lat' dir='ltr'>liberos</span> <span class='ocrx_word' id='word_1_476' title='bbox 2500 2065 2555 2116; x_wconf 91' lang='lat' dir='ltr'>et</span> <span class='ocrx_word' id='word_1_477' title='bbox 2611 2057 3015 2114; x_wconf 87' lang='lat' dir='ltr'>benevolentia</span> <span class='ocrx_word' id='word_1_478' title='bbox 3089 2054 3605 2111; x_wconf 85' lang='lat' dir='ltr'>et.beneficentia</span> 
     </span>
    </p>
   </div>
   <div class='ocr_carea' id='block_1_69' title="bbox 1948 2145 3599 2227">
    <p class='ocr_par' dir='ltr' id='par_1_69' title="bbox 1948 2145 3599 2227">
     <span class='ocr_line' id='line_1_69' title="bbox 1948 2145 3599 2227; baseline -0.006 -17"><span class='ocrx_word' id='word_1_479' title='bbox 1948 2158 2316 2227; x_wconf 89' lang='lat' dir='ltr'>prosecutus.</span> <span class='ocrx_word' id='word_1_480' title='bbox 2349 2153 2565 2208; x_wconf 90' lang='lat' dir='ltr'>Verum</span> <span class='ocrx_word' id='word_1_481' title='bbox 2596 2151 2909 2220; x_wconf 85' lang='lat' dir='ltr'>conjugem</span> <span class='ocrx_word' id='word_1_482' title='bbox 2943 2163 3110 2203; x_wconf 90' lang='lat' dir='ltr'>suam</span> <span class='ocrx_word' id='word_1_483' title='bbox 3146 2145 3434 2217; x_wconf 91' lang='lat' dir='ltr'>principio</span> <span class='ocrx_word' id='word_1_484' title='bbox 3494 2159 3599 2200; x_wconf 88' lang='lat' dir='ltr'>nec</span> 
     </span>
    </p>
   </div>
   <div class='ocr_carea' id='block_1_70' title="bbox 1948 2231 3597 2310">
    <p class='ocr_par' dir='ltr' id='par_1_70' title="bbox 1948 2231 3597 2310">
     <span class='ocr_line' id='line_1_70' title="bbox 1948 2231 3597 2310; baseline -0.008 -10"><span class='ocrx_word' id='word_1_485' title='bbox 1948 2244 2343 2310; x_wconf 86' lang='lat' dir='ltr'>aversabatur,</span> <span class='ocrx_word' id='word_1_486' title='bbox 2379 2258 2483 2296; x_wconf 89' lang='lat' dir='ltr'>nec</span> <span class='ocrx_word' id='word_1_487' title='bbox 2529 2237 2842 2294; x_wconf 87' lang='lat' dir='ltr'>immodice</span> <span class='ocrx_word' id='word_1_488' title='bbox 2898 2235 3150 2301; x_wconf 89' lang='lat' dir='ltr'>amabat,</span> <span class='ocrx_word' id='word_1_489' title='bbox 3202 2234 3304 2289; x_wconf 85' lang='lat' dir='ltr'>sed</span> <span class='ocrx_word' id='word_1_490' title='bbox 3363 2231 3597 2287; x_wconf 88' lang='lat' dir='ltr'>libidini</span> 
     </span>
    </p>
   </div>
   <div class='ocr_carea' id='block_1_71' title="bbox 1947 2321 3593 2403">
    <p class='ocr_par' dir='ltr' id='par_1_71' title="bbox 1947 2321 3593 2403">
     <span class='ocr_line' id='line_1_71' title="bbox 1947 2321 3593 2403; baseline -0.008 -14"><span class='ocrx_word' id='word_1_491' title='bbox 1947 2333 2333 2403; x_wconf 84' lang='lat' dir='ltr'>deditusjura</span> <span class='ocrx_word' id='word_1_492' title='bbox 2363 2328 2723 2385; x_wconf 87' lang='lat' dir='ltr'>matrimonii</span> <span class='ocrx_word' id='word_1_493' title='bbox 2763 2342 2966 2398; x_wconf 85' lang='lat' dir='ltr'>parum</span> <span class='ocrx_word' id='word_1_494' title='bbox 3029 2326 3230 2380; x_wconf 91' lang='lat' dir='ltr'>sancte</span> <span class='ocrx_word' id='word_1_495' title='bbox 3286 2321 3593 2378; x_wconf 89' lang='lat' dir='ltr'>observare</span> 
     </span>
    </p>
   </div>
   <div class='ocr_carea' id='block_1_72' title="bbox 1944 2411 3592 2487">
    <p class='ocr_par' dir='ltr' id='par_1_72' title="bbox 1944 2411 3592 2487">
     <span class='ocr_line' id='line_1_72' title="bbox 1944 2411 3592 2487; baseline -0.008 -10"><span class='ocrx_word' id='word_1_496' title='bbox 1944 2423 2239 2478; x_wconf 85' lang='lat' dir='ltr'>ferebatur</span> <span class='ocrx_word' id='word_1_497' title='bbox 2273 2437 2284 2476; x_wconf 93' lang='lat'>:</span> <span class='ocrx_word' id='word_1_498' title='bbox 2319 2420 2473 2474; x_wconf 90' lang='lat' dir='ltr'>unde</span> <span class='ocrx_word' id='word_1_499' title='bbox 2503 2422 2766 2487; x_wconf 82' lang='lat' dir='ltr'>Augusta</span> <span class='ocrx_word' id='word_1_500' title='bbox 2836 2413 2970 2469; x_wconf 88' lang='lat' dir='ltr'>telis</span> <span class='ocrx_word' id='word_1_501' title='bbox 3029 2411 3418 2467; x_wconf 65' lang='lat' dir='ltr'>aemulationis</span> <span class='ocrx_word' id='word_1_502' title='bbox 3448 2426 3592 2465; x_wconf 89' lang='lat' dir='ltr'>sau-</span> 
     </span>
    </p>
   </div>
   <div class='ocr_carea' id='block_1_73' title="bbox 1946 2497 3588 2574">
    <p class='ocr_par' dir='ltr' id='par_1_73' title="bbox 1946 2497 3588 2574">
     <span class='ocr_line' id='line_1_73' title="bbox 1946 2497 3588 2574; baseline -0.007 -7"><span class='ocrx_word' id='word_1_503' title='bbox 1946 2512 2226 2567; x_wconf 85' lang='lat' dir='ltr'>ciabatur.</span> <span class='ocrx_word' id='word_1_504' title='bbox 2287 2509 2360 2563; x_wconf 92' lang='lat' dir='ltr'>Ut</span> <span class='ocrx_word' id='word_1_505' title='bbox 2415 2511 2610 2563; x_wconf 80' lang='lat' dir='ltr'>autem</span> <span class='ocrx_word' id='word_1_506' title='bbox 2668 2511 2806 2560; x_wconf 71' lang='lat' dir='ltr'>aetas</span> <span class='ocrx_word' id='word_1_507' title='bbox 2874 2501 3149 2574; x_wconf 84' lang='lat' dir='ltr'>grandior</span> <span class='ocrx_word' id='word_1_508' title='bbox 3184 2500 3398 2570; x_wconf 76' lang='lat' dir='ltr'>ignitae</span> <span class='ocrx_word' id='word_1_509' title='bbox 3453 2497 3588 2555; x_wconf 78' lang='lat' dir='ltr'>illas</span> 
     </span>
    </p>
   </div>
   <div class='ocr_carea' id='block_1_74' title="bbox 1946 2587 3586 2671">
    <p class='ocr_par' dir='ltr' id='par_1_74' title="bbox 1946 2587 3586 2671">
     <span class='ocr_line' id='line_1_74' title="bbox 1946 2587 3586 2671; baseline -0.01 -15"><span class='ocrx_word' id='word_1_510' title='bbox 1946 2599 2239 2671; x_wconf 89' lang='lat' dir='ltr'>cupidinis</span> <span class='ocrx_word' id='word_1_511' title='bbox 2311 2596 2556 2667; x_wconf 89' lang='lat' dir='ltr'>sagittas</span> <span class='ocrx_word' id='word_1_512' title='bbox 2632 2590 2899 2648; x_wconf 87' lang='lat' dir='ltr'>nonnihil</span> <span class='ocrx_word' id='word_1_513' title='bbox 2955 2590 3275 2656; x_wconf 90' lang='lat' dir='ltr'>hebetarat,</span> <span class='ocrx_word' id='word_1_514' title='bbox 3334 2592 3461 2642; x_wconf 88' lang='lat' dir='ltr'>tum</span> <span class='ocrx_word' id='word_1_515' title='bbox 3522 2587 3586 2641; x_wconf 92' lang='lat' dir='ltr'>in</span> 
     </span>
    </p>
   </div>
   <div class='ocr_carea' id='block_1_75' title="bbox 1947 2675 3590 2760">
    <p class='ocr_par' dir='ltr' id='par_1_75' title="bbox 1947 2675 3590 2760">
     <span class='ocr_line' id='line_1_75' title="bbox 1947 2675 3590 2760; baseline -0.009 -17"><span class='ocrx_word' id='word_1_516' title='bbox 1947 2691 2275 2760; x_wconf 83' lang='lat' dir='ltr'>Augustam</span> <span class='ocrx_word' id='word_1_517' title='bbox 2308 2699 2582 2740; x_wconf 88' lang='lat' dir='ltr'>converso</span> <span class='ocrx_word' id='word_1_518' title='bbox 2613 2696 2832 2750; x_wconf 88' lang='lat' dir='ltr'>amore,</span> <span class='ocrx_word' id='word_1_519' title='bbox 2867 2683 3026 2735; x_wconf 91' lang='lat' dir='ltr'>totus</span> <span class='ocrx_word' id='word_1_520' title='bbox 3057 2678 3115 2732; x_wconf 92' lang='lat' dir='ltr'>in</span> <span class='ocrx_word' id='word_1_521' title='bbox 3149 2677 3276 2748; x_wconf 88' lang='lat' dir='ltr'>ejus</span> <span class='ocrx_word' id='word_1_522' title='bbox 3307 2675 3590 2730; x_wconf 88' lang='lat' dir='ltr'>charitate</span> 
     </span>
    </p>
   </div>
   <div class='ocr_carea' id='block_1_76' title="bbox 1947 2764 3593 2848">
    <p class='ocr_par' dir='ltr' id='par_1_76' title="bbox 1947 2764 3593 2848">
     <span class='ocr_line' id='line_1_76' title="bbox 1947 2764 3593 2848; baseline -0.007 -16"><span class='ocrx_word' id='word_1_523' title='bbox 1947 2775 2374 2848; x_wconf 87' lang='lat' dir='ltr'>acquiescebat,</span> <span class='ocrx_word' id='word_1_524' title='bbox 2415 2788 2521 2828; x_wconf 91' lang='lat' dir='ltr'>nec</span> <span class='ocrx_word' id='word_1_525' title='bbox 2592 2769 2760 2826; x_wconf 85' lang='lat' dir='ltr'>facile</span> <span class='ocrx_word' id='word_1_526' title='bbox 2811 2768 2884 2824; x_wconf 89' lang='lat' dir='ltr'>ab</span> <span class='ocrx_word' id='word_1_527' title='bbox 2942 2767 3043 2822; x_wconf 90' lang='lat' dir='ltr'>illa</span> <span class='ocrx_word' id='word_1_528' title='bbox 3099 2764 3293 2822; x_wconf 83' lang='lat' dir='ltr'>divelli</span> <span class='ocrx_word' id='word_1_529' title='bbox 3344 2767 3593 2837; x_wconf 85' lang='lat' dir='ltr'>poterat.</span> 
     </span>
    </p>
   </div>
   <div class='ocr_carea' id='block_1_77' title="bbox 1947 2853 3594 2934">
    <p class='ocr_par' dir='ltr' id='par_1_77' title="bbox 1947 2853 3594 2934">
     <span class='ocr_line' id='line_1_77' title="bbox 1947 2853 3594 2934; baseline -0.009 -12"><span class='ocrx_word' id='word_1_530' title='bbox 1947 2868 2027 2922; x_wconf 84' lang='lat' dir='ltr'>Ex</span> <span class='ocrx_word' id='word_1_531' title='bbox 2057 2883 2121 2921; x_wconf 92' lang='lat' dir='ltr'>eo</span> <span class='ocrx_word' id='word_1_532' title='bbox 2153 2865 2428 2934; x_wconf 90' lang='lat' dir='ltr'>deinceps</span> <span class='ocrx_word' id='word_1_533' title='bbox 2459 2861 2666 2917; x_wconf 76' lang='lat' dir='ltr'>affectu</span> <span class='ocrx_word' id='word_1_534' title='bbox 2723 2874 2937 2929; x_wconf 88' lang='lat' dir='ltr'>magna</span> <span class='ocrx_word' id='word_1_535' title='bbox 2967 2853 3359 2928; x_wconf 89' lang='lat' dir='ltr'>imperatricis</span> <span class='ocrx_word' id='word_1_536' title='bbox 3389 2856 3594 2925; x_wconf 83' lang='lat' dir='ltr'>poten-</span> 
     </span>
    </p>
   </div>
   <div class='ocr_carea' id='block_1_78' title="bbox 1945 2941 3592 3019">
    <p class='ocr_par' dir='ltr' id='par_1_78' title="bbox 1945 2941 3592 3019">
     <span class='ocr_line' id='line_1_78' title="bbox 1945 2941 3592 3019; baseline -0.008 -9"><span class='ocrx_word' id='word_1_537' title='bbox 1945 2955 2028 3010; x_wconf 88' lang='lat' dir='ltr'>tia</span> <span class='ocrx_word' id='word_1_538' title='bbox 2057 2955 2187 3019; x_wconf 89' lang='lat' dir='ltr'>fuit,</span> <span class='ocrx_word' id='word_1_539' title='bbox 2220 2953 2394 3009; x_wconf 91' lang='lat' dir='ltr'>etiam</span> <span class='ocrx_word' id='word_1_540' title='bbox 2422 2949 2646 3006; x_wconf 88' lang='lat' dir='ltr'>valente</span> <span class='ocrx_word' id='word_1_541' title='bbox 2677 2948 3048 3018; x_wconf 87' lang='lat' dir='ltr'>imperatore.</span> <span class='ocrx_word' id='word_1_542' title='bbox 3109 2944 3255 3000; x_wconf 91' lang='lat' dir='ltr'>Cum</span> <span class='ocrx_word' id='word_1_543' title='bbox 3287 2948 3482 2998; x_wconf 90' lang='lat' dir='ltr'>autem</span> <span class='ocrx_word' id='word_1_544' title='bbox 3541 2941 3592 2997; x_wconf 93' lang='lat' dir='ltr'>is</span> 
     </span>
    </p>
   </div>
   <div class='ocr_carea' id='block_1_79' title="bbox 1946 3029 3596 3115">
    <p class='ocr_par' dir='ltr' id='par_1_79' title="bbox 1946 3029 3596 3115">
     <span class='ocr_line' id='line_1_79' title="bbox 1946 3029 3596 3115; baseline -0.008 -15"><span class='ocrx_word' id='word_1_545' title='bbox 1946 3061 2016 3100; x_wconf 86' lang='lat' dir='ltr'>ex</span> <span class='ocrx_word' id='word_1_546' title='bbox 2090 3042 2335 3115; x_wconf 84' lang='lat' dir='ltr'>pedibus</span> <span class='ocrx_word' id='word_1_547' title='bbox 2401 3039 2666 3094; x_wconf 89' lang='lat' dir='ltr'>laborare</span> <span class='ocrx_word' id='word_1_548' title='bbox 2751 3035 3040 3108; x_wconf 87' lang='lat' dir='ltr'>coepisset,</span> <span class='ocrx_word' id='word_1_549' title='bbox 3117 3048 3222 3088; x_wconf 92' lang='lat' dir='ltr'>nec</span> <span class='ocrx_word' id='word_1_550' title='bbox 3293 3029 3596 3087; x_wconf 84' lang='lat' dir='ltr'>ambulare</span> 
     </span>
    </p>
   </div>
   <div class='ocr_carea' id='block_1_80' title="bbox 1946 3119 3595 3205">
    <p class='ocr_par' dir='ltr' id='par_1_80' title="bbox 1946 3119 3595 3205">
     <span class='ocr_line' id='line_1_80' title="bbox 1946 3119 3595 3205; baseline -0.01 -16"><span class='ocrx_word' id='word_1_551' title='bbox 1946 3137 2165 3205; x_wconf 78' lang='lat' dir='ltr'>posset,</span> <span class='ocrx_word' id='word_1_552' title='bbox 2199 3136 2255 3186; x_wconf 90' lang='lat' dir='ltr'>et</span> <span class='ocrx_word' id='word_1_553' title='bbox 2284 3127 2575 3200; x_wconf 85' lang='lat' dir='ltr'>corruptis</span> <span class='ocrx_word' id='word_1_554' title='bbox 2604 3125 2956 3181; x_wconf 88' lang='lat' dir='ltr'>humoribus</span> <span class='ocrx_word' id='word_1_555' title='bbox 3015 3123 3086 3176; x_wconf 89' lang='lat' dir='ltr'>ad</span> <span class='ocrx_word' id='word_1_556' title='bbox 3145 3119 3421 3176; x_wconf 87' lang='lat' dir='ltr'>articulos</span> <span class='ocrx_word' id='word_1_557' title='bbox 3451 3135 3595 3174; x_wconf 89' lang='lat' dir='ltr'>con-</span> 
     </span>
    </p>
   </div>
   <div class='ocr_carea' id='block_1_81' title="bbox 1946 3207 3590 3286">
    <p class='ocr_par' dir='ltr' id='par_1_81' title="bbox 1946 3207 3590 3286">
     <span class='ocr_line' id='line_1_81' title="bbox 1946 3207 3590 3286; baseline -0.009 -9"><span class='ocrx_word' id='word_1_558' title='bbox 1946 3221 2286 3286; x_wconf 88' lang='lat' dir='ltr'>ﬂuentibus,</span> <span class='ocrx_word' id='word_1_559' title='bbox 2322 3220 2376 3272; x_wconf 91' lang='lat' dir='ltr'>in</span> <span class='ocrx_word' id='word_1_560' title='bbox 2412 3216 2557 3272; x_wconf 87' lang='lat' dir='ltr'>lecto</span> <span class='ocrx_word' id='word_1_561' title='bbox 2589 3213 2998 3269; x_wconf 89' lang='lat' dir='ltr'>decumberet:</span> <span class='ocrx_word' id='word_1_562' title='bbox 3060 3211 3190 3282; x_wconf 91' lang='lat' dir='ltr'>ipsa</span> <span class='ocrx_word' id='word_1_563' title='bbox 3246 3207 3590 3280; x_wconf 83' lang='lat' dir='ltr'>imperabat,</span> 
     </span>
    </p>
   </div>
   <div class='ocr_carea' id='block_1_82' title="bbox 1944 3295 3591 3380">
    <p class='ocr_par' dir='ltr' id='par_1_82' title="bbox 1944 3295 3591 3380">
     <span class='ocr_line' id='line_1_82' title="bbox 1944 3295 3591 3380; baseline -0.01 -14"><span class='ocrx_word' id='word_1_564' title='bbox 1944 3311 2045 3368; x_wconf 92' lang='lat' dir='ltr'>illo</span> <span class='ocrx_word' id='word_1_565' title='bbox 2069 3308 2483 3380; x_wconf 88' lang='lat' dir='ltr'>comprobante</span> <span class='ocrx_word' id='word_1_566' title='bbox 2513 3303 2729 3372; x_wconf 90' lang='lat' dir='ltr'>omnia,</span> <span class='ocrx_word' id='word_1_567' title='bbox 2763 3307 2819 3356; x_wconf 89' lang='lat' dir='ltr'>et</span> <span class='ocrx_word' id='word_1_568' title='bbox 2842 3303 2966 3372; x_wconf 90' lang='lat' dir='ltr'>jam</span> <span class='ocrx_word' id='word_1_569' title='bbox 2996 3299 3056 3354; x_wconf 93' lang='lat' dir='ltr'>id</span> <span class='ocrx_word' id='word_1_570' title='bbox 3092 3298 3287 3354; x_wconf 90' lang='lat' dir='ltr'>animo</span> <span class='ocrx_word' id='word_1_571' title='bbox 3319 3295 3591 3366; x_wconf 83' lang='lat' dir='ltr'>agitabat,</span> 
     </span>
    </p>
   </div>
   <div class='ocr_carea' id='block_1_83' title="bbox 1945 3383 3589 3470">
    <p class='ocr_par' dir='ltr' id='par_1_83' title="bbox 1945 3383 3589 3470">
     <span class='ocr_line' id='line_1_83' title="bbox 1945 3383 3589 3470; baseline -0.01 -15"><span class='ocrx_word' id='word_1_572' title='bbox 1945 3405 2009 3456; x_wconf 90' lang='lat' dir='ltr'>ut</span> <span class='ocrx_word' id='word_1_573' title='bbox 2038 3404 2170 3470; x_wconf 83' lang='lat' dir='ltr'>post</span> <span class='ocrx_word' id='word_1_574' title='bbox 2200 3396 2394 3452; x_wconf 89' lang='lat' dir='ltr'>mariti</span> <span class='ocrx_word' id='word_1_575' title='bbox 2418 3395 2720 3450; x_wconf 76' lang='lat' dir='ltr'>decessum</span> <span class='ocrx_word' id='word_1_576' title='bbox 2754 3395 2876 3445; x_wconf 91' lang='lat' dir='ltr'>tota</span> <span class='ocrx_word' id='word_1_577' title='bbox 2907 3391 3194 3461; x_wconf 88' lang='lat' dir='ltr'>potestate</span> <span class='ocrx_word' id='word_1_578' title='bbox 3252 3390 3309 3442; x_wconf 88' lang='lat' dir='ltr'>et</span> <span class='ocrx_word' id='word_1_579' title='bbox 3357 3383 3589 3456; x_wconf 89' lang='lat' dir='ltr'>imperii</span> 
     </span>
    </p>
   </div>
   <div class='ocr_carea' id='block_1_84' title="bbox 1945 3477 3585 3562">
    <p class='ocr_par' dir='ltr' id='par_1_84' title="bbox 1945 3477 3585 3562">
     <span class='ocr_line' id='line_1_84' title="bbox 1945 3477 3585 3562; baseline -0.012 -16"><span class='ocrx_word' id='word_1_580' title='bbox 1945 3486 2441 3562; x_wconf 85' lang='lat' dir='ltr'>gubernationein</span> <span class='ocrx_word' id='word_1_581' title='bbox 2472 3499 2533 3540; x_wconf 90' lang='lat' dir='ltr'>se</span> <span class='ocrx_word' id='word_1_582' title='bbox 2563 3479 2867 3550; x_wconf 84' lang='lat' dir='ltr'>translata,</span> <span class='ocrx_word' id='word_1_583' title='bbox 2926 3477 3113 3533; x_wconf 86' lang='lat' dir='ltr'>tilium</span> <span class='ocrx_word' id='word_1_584' title='bbox 3172 3478 3585 3548; x_wconf 80' lang='lat' dir='ltr'>imperatorem</span> 
     </span>
    </p>
   </div>
   <div class='ocr_carea' id='block_1_85' title="bbox 1944 3561 3588 3636">
    <p class='ocr_par' dir='ltr' id='par_1_85' title="bbox 1944 3561 3588 3636">
     <span class='ocr_line' id='line_1_85' title="bbox 1944 3561 3588 3636; baseline -0.011 -2"><span class='ocrx_word' id='word_1_585' title='bbox 1944 3561 2097 3634; x_wconf 83' lang='lat' dir='ltr'>dicto</span> <span class='ocrx_word' id='word_1_586' title='bbox 2172 3575 2504 3632; x_wconf 88' lang='lat' dir='ltr'>audientem</span> <span class='ocrx_word' id='word_1_587' title='bbox 2567 3570 2828 3635; x_wconf 88' lang='lat' dir='ltr'>haberet,</span> <span class='ocrx_word' id='word_1_588' title='bbox 2921 3566 3014 3621; x_wconf 92' lang='lat' dir='ltr'>cui</span> <span class='ocrx_word' id='word_1_589' title='bbox 3089 3567 3217 3636; x_wconf 88' lang='lat' dir='ltr'>jam</span> <span class='ocrx_word' id='word_1_590' title='bbox 3286 3561 3461 3619; x_wconf 89' lang='lat' dir='ltr'>adulo</span> <span class='ocrx_word' id='word_1_591' title='bbox 3521 3577 3588 3617; x_wconf 89' lang='lat' dir='ltr'>ac</span> 
     </span>
    </p>
   </div>
   <div class='ocr_carea' id='block_1_86' title="bbox 1943 3649 3582 3740">
    <p class='ocr_par' dir='ltr' id='par_1_86' title="bbox 1943 3649 3582 3740">
     <span class='ocr_line' id='line_1_86' title="bbox 1943 3649 3582 3740; baseline -0.01 -17"><span class='ocrx_word' id='word_1_592' title='bbox 1943 3668 2169 3740; x_wconf 90' lang='lat' dir='ltr'>pridem</span> <span class='ocrx_word' id='word_1_593' title='bbox 2203 3665 2432 3733; x_wconf 84' lang='lat' dir='ltr'>marito,</span> <span class='ocrx_word' id='word_1_594' title='bbox 2465 3661 2640 3716; x_wconf 91' lang='lat' dir='ltr'>ducta</span> <span class='ocrx_word' id='word_1_595' title='bbox 2689 3659 3094 3729; x_wconf 78' lang='lat' dir='ltr'>Hungarorum</span> <span class='ocrx_word' id='word_1_596' title='bbox 3126 3650 3408 3726; x_wconf 88' lang='lat' dir='ltr'>principis</span> <span class='ocrx_word' id='word_1_597' title='bbox 3443 3649 3582 3721; x_wconf 81' lang='lat' dir='ltr'>filia,</span> 
     </span>
    </p>
   </div>
   <div class='ocr_carea' id='block_1_87' title="bbox 1944 3743 3583 3828">
    <p class='ocr_par' dir='ltr' id='par_1_87' title="bbox 1944 3743 3583 3828">
     <span class='ocr_line' id='line_1_87' title="bbox 1944 3743 3583 3828; baseline -0.011 -16"><span class='ocrx_word' id='word_1_598' title='bbox 1944 3755 2378 3828; x_wconf 89' lang='lat' dir='ltr'>procreatisque</span> <span class='ocrx_word' id='word_1_599' title='bbox 2444 3747 2666 3814; x_wconf 89' lang='lat' dir='ltr'>liberis,</span> <span class='ocrx_word' id='word_1_600' title='bbox 2723 3745 2781 3799; x_wconf 92' lang='lat' dir='ltr'>id</span> <span class='ocrx_word' id='word_1_601' title='bbox 2869 3743 3171 3800; x_wconf 84' lang='lat' dir='ltr'>ferendum</span> <span class='ocrx_word' id='word_1_602' title='bbox 3231 3757 3349 3796; x_wconf 92' lang='lat' dir='ltr'>non</span> <span class='ocrx_word' id='word_1_603' title='bbox 3435 3743 3583 3794; x_wconf 90' lang='lat' dir='ltr'>erat.</span> 
     </span>
    </p>
   </div>
   <div class='ocr_carea' id='block_1_88' title="bbox 1942 3827 3581 3912">
    <p class='ocr_par' dir='ltr' id='par_1_88' title="bbox 1942 3827 3581 3912">
     <span class='ocr_line' id='line_1_88' title="bbox 1942 3827 3581 3912; baseline -0.012 -10"><span class='ocrx_word' id='word_1_604' title='bbox 1942 3827 2085 3901; x_wconf 70' lang='lat' dir='ltr'>Nam</span> <span class='ocrx_word' id='word_1_605' title='bbox 2109 3861 2180 3899; x_wconf 92' lang='lat' dir='ltr'>ne</span> <span class='ocrx_word' id='word_1_606' title='bbox 2214 3839 2458 3912; x_wconf 91' lang='lat' dir='ltr'>imperio</span> <span class='ocrx_word' id='word_1_607' title='bbox 2491 3836 2804 3902; x_wconf 85' lang='lat' dir='ltr'>excideret,</span> <span class='ocrx_word' id='word_1_608' title='bbox 2851 3837 2952 3888; x_wconf 86' lang='lat' dir='ltr'>aut</span> <span class='ocrx_word' id='word_1_609' title='bbox 3010 3831 3127 3885; x_wconf 87' lang='lat' dir='ltr'>vita</span> <span class='ocrx_word' id='word_1_610' title='bbox 3180 3830 3366 3885; x_wconf 89' lang='lat' dir='ltr'>etiam</span> <span class='ocrx_word' id='word_1_611' title='bbox 3393 3827 3581 3900; x_wconf 88' lang='lat' dir='ltr'>priva-</span> 
     </span>
    </p>
   </div>
   <div class='ocr_carea' id='block_1_89' title="bbox 1942 3915 3586 3996">
    <p class='ocr_par' dir='ltr' id='par_1_89' title="bbox 1942 3915 3586 3996">
     <span class='ocr_line' id='line_1_89' title="bbox 1942 3915 3586 3996; baseline -0.012 -6"><span class='ocrx_word' id='word_1_612' title='bbox 1942 3939 2098 3989; x_wconf 88' lang='lat' dir='ltr'>retur</span> <span class='ocrx_word' id='word_1_613' title='bbox 2128 3933 2397 3996; x_wconf 91' lang='lat' dir='ltr'>timebat,</span> <span class='ocrx_word' id='word_1_614' title='bbox 2453 3943 2585 3982; x_wconf 90' lang='lat' dir='ltr'>cum</span> <span class='ocrx_word' id='word_1_615' title='bbox 2643 3927 2858 3995; x_wconf 87' lang='lat' dir='ltr'>quanto</span> <span class='ocrx_word' id='word_1_616' title='bbox 2917 3937 3115 3975; x_wconf 90' lang='lat' dir='ltr'>amore</span> <span class='ocrx_word' id='word_1_617' title='bbox 3162 3923 3348 3974; x_wconf 88' lang='lat' dir='ltr'>mater</span> <span class='ocrx_word' id='word_1_618' title='bbox 3405 3915 3586 3971; x_wconf 85' lang='lat' dir='ltr'>ﬁliam</span> 
     </span>
    </p>
   </div>
   <div class='ocr_carea' id='block_1_90' title="bbox 1941 4009 3586 4086">
    <p class='ocr_par' dir='ltr' id='par_1_90' title="bbox 1941 4009 3586 4086">
     <span class='ocr_line' id='line_1_90' title="bbox 1941 4009 3586 4086; baseline -0.012 -8"><span class='ocrx_word' id='word_1_619' title='bbox 1941 4026 2085 4078; x_wconf 90' lang='lat' dir='ltr'>natu</span> <span class='ocrx_word' id='word_1_620' title='bbox 2116 4020 2432 4076; x_wconf 84' lang='lat' dir='ltr'>maximam</span> <span class='ocrx_word' id='word_1_621' title='bbox 2464 4021 2521 4071; x_wconf 86' lang='lat' dir='ltr'>et</span> <span class='ocrx_word' id='word_1_622' title='bbox 2568 4027 2844 4086; x_wconf 88' lang='lat' dir='ltr'>generum</span> <span class='ocrx_word' id='word_1_623' title='bbox 2898 4009 3213 4082; x_wconf 82' lang='lat' dir='ltr'>Bryenium</span> <span class='ocrx_word' id='word_1_624' title='bbox 3270 4019 3586 4078; x_wconf 87' lang='lat' dir='ltr'>proseque-</span> 
     </span>
    </p>
   </div>
   <div class='ocr_carea' id='block_1_91' title="bbox 1939 4094 3583 4177">
    <p class='ocr_par' dir='ltr' id='par_1_91' title="bbox 1939 4094 3583 4177">
     <span class='ocr_line' id='line_1_91' title="bbox 1939 4094 3583 4177; baseline -0.012 -10"><span class='ocrx_word' id='word_1_625' title='bbox 1939 4115 2120 4177; x_wconf 89' lang='lat' dir='ltr'>retur,</span> <span class='ocrx_word' id='word_1_626' title='bbox 2180 4110 2460 4164; x_wconf 89' lang='lat' dir='ltr'>cerneret.</span> <span class='ocrx_word' id='word_1_627' title='bbox 2546 4107 2746 4174; x_wconf 89' lang='lat' dir='ltr'>Itaque</span> <span class='ocrx_word' id='word_1_628' title='bbox 2823 4102 3103 4171; x_wconf 85' lang='lat' dir='ltr'>cognatos</span> <span class='ocrx_word' id='word_1_629' title='bbox 3182 4094 3583 4163; x_wconf 84' lang='lat' dir='ltr'>conveniebat,</span> 
     </span>
    </p>
   </div>
   <div class='ocr_carea' id='block_1_92' title="bbox 1938 4195 3588 4274">
    <p class='ocr_par' dir='ltr' id='par_1_92' title="bbox 1938 4195 3588 4274">
     <span class='ocr_line' id='line_1_92' title="bbox 1938 4195 3588 4274; baseline -0.008 -15"><span class='ocrx_word' id='word_1_630' title='bbox 1938 4208 2113 4274; x_wconf 88' lang='lat' dir='ltr'>atque</span> <span class='ocrx_word' id='word_1_631' title='bbox 2173 4201 2317 4256; x_wconf 88' lang='lat' dir='ltr'>adeo</span> <span class='ocrx_word' id='word_1_632' title='bbox 2377 4195 2680 4270; x_wconf 87' lang='lat' dir='ltr'>populum,</span> <span class='ocrx_word' id='word_1_633' title='bbox 2742 4196 3017 4262; x_wconf 90' lang='lat' dir='ltr'>statuque</span> <span class='ocrx_word' id='word_1_634' title='bbox 3089 4205 3287 4246; x_wconf 88' lang='lat' dir='ltr'>rerum</span> <span class='ocrx_word' id='word_1_635' title='bbox 3343 4205 3588 4246; x_wconf 91' lang='lat' dir='ltr'>suarum</span> 
     </span>
    </p>
   </div>
   <div class='ocr_carea' id='block_1_93' title="bbox 1939 4277 3587 4363">
    <p class='ocr_par' dir='ltr' id='par_1_93' title="bbox 1939 4277 3587 4363">
     <span class='ocr_line' id='line_1_93' title="bbox 1939 4277 3587 4363; baseline -0.007 -16"><span class='ocrx_word' id='word_1_636' title='bbox 1939 4292 2093 4363; x_wconf 89' lang='lat' dir='ltr'>apud</span> <span class='ocrx_word' id='word_1_637' title='bbox 2126 4287 2392 4362; x_wconf 84' lang='lat' dir='ltr'>singulos</span> <span class='ocrx_word' id='word_1_638' title='bbox 2423 4285 2572 4341; x_wconf 92' lang='lat' dir='ltr'>clam</span> <span class='ocrx_word' id='word_1_639' title='bbox 2604 4281 2986 4354; x_wconf 90' lang='lat' dir='ltr'>deplorando,</span> <span class='ocrx_word' id='word_1_640' title='bbox 3013 4278 3404 4350; x_wconf 87' lang='lat' dir='ltr'>jurisjurandi</span> <span class='ocrx_word' id='word_1_641' title='bbox 3432 4277 3587 4335; x_wconf 83' lang='lat' dir='ltr'>viros</span> 
     </span>
    </p>
   </div>
   <div class='ocr_carea' id='block_1_94' title="bbox 1936 4365 3582 4444">
    <p class='ocr_par' dir='ltr' id='par_1_94' title="bbox 1936 4365 3582 4444">
     <span class='ocr_line' id='line_1_94' title="bbox 1936 4365 3582 4444; baseline -0.009 -8"><span class='ocrx_word' id='word_1_642' title='bbox 1936 4375 2532 4435; x_wconf 83' lang='lat' dir='ltr'>commonefaciehat:</span> <span class='ocrx_word' id='word_1_643' title='bbox 2569 4388 2683 4444; x_wconf 91' lang='lat' dir='ltr'>quo</span> <span class='ocrx_word' id='word_1_644' title='bbox 2737 4369 2998 4441; x_wconf 90' lang='lat' dir='ltr'>plerique</span> <span class='ocrx_word' id='word_1_645' title='bbox 3053 4365 3317 4422; x_wconf 89' lang='lat' dir='ltr'>obstricti</span> <span class='ocrx_word' id='word_1_646' title='bbox 3364 4365 3582 4436; x_wconf 89' lang='lat' dir='ltr'>promi-</span> 
     </span>
    </p>
   </div>
   <div class='ocr_carea' id='block_1_95' title="bbox 1936 4454 3582 4537">
    <p class='ocr_par' dir='ltr' id='par_1_95' title="bbox 1936 4454 3582 4537">
     <span class='ocr_line' id='line_1_95' title="bbox 1936 4454 3582 4537; baseline -0.009 -12"><span class='ocrx_word' id='word_1_647' title='bbox 1936 4471 2154 4537; x_wconf 90' lang='lat' dir='ltr'>serant,</span> <span class='ocrx_word' id='word_1_648' title='bbox 2188 4481 2249 4521; x_wconf 90' lang='lat' dir='ltr'>se</span> <span class='ocrx_word' id='word_1_649' title='bbox 2279 4481 2395 4519; x_wconf 91' lang='lat' dir='ltr'>non</span> <span class='ocrx_word' id='word_1_650' title='bbox 2417 4460 2530 4518; x_wconf 90' lang='lat' dir='ltr'>nisi</span> <span class='ocrx_word' id='word_1_651' title='bbox 2561 4460 2674 4533; x_wconf 88' lang='lat' dir='ltr'>ipsi</span> <span class='ocrx_word' id='word_1_652' title='bbox 2699 4457 2995 4514; x_wconf 89' lang='lat' dir='ltr'>delaturos</span> <span class='ocrx_word' id='word_1_653' title='bbox 3028 4471 3156 4511; x_wconf 89' lang='lat' dir='ltr'>esse</span> <span class='ocrx_word' id='word_1_654' title='bbox 3185 4454 3582 4526; x_wconf 89' lang='lat' dir='ltr'>imperium.Ii</span> 
     </span>
    </p>
   </div>
   <div class='ocr_carea' id='block_1_96' title="bbox 182 4537 1835 4625">
    <p class='ocr_par' dir='ltr' id='par_1_96' title="bbox 182 4547 1829 4625">
     <span class='ocr_line' id='line_1_96' title="bbox 182 4547 1829 4625; baseline 0.002 -22"><span class='ocrx_word' id='word_1_655' title='bbox 182 4551 352 4604; x_wconf 77' lang='grc' dir='ltr'>τεῦθεν</span> <span class='ocrx_word' id='word_1_656' title='bbox 433 4547 814 4620; x_wconf 72' lang='grc' dir='ltr'>κλινοπετής’</span> <span class='ocrx_word' id='word_1_657' title='bbox 871 4549 1141 4624; x_wconf 82' lang='grc' dir='ltr'>κατῆρχεν</span> <span class='ocrx_word' id='word_1_658' title='bbox 1202 4549 1236 4617; x_wconf 77' lang='grc' dir='ltr'>ἡ</span> <span class='ocrx_word' id='word_1_659' title='bbox 1301 4549 1534 4624; x_wconf 81' lang='grc' dir='ltr'>βασιλὶς,</span> <span class='ocrx_word' id='word_1_660' title='bbox 1587 4551 1677 4606; x_wconf 84' lang='grc' dir='ltr'>καὶ</span> <span class='ocrx_word' id='word_1_661' title='bbox 1749 4556 1829 4625; x_wconf 76' lang='grc' dir='ltr'>τῷ</span> 
     </span>
    </p>
   </div>
   <div class='ocr_carea' id='block_1_97' title="bbox 1946 4537 3581 4625">
    <p class='ocr_par' dir='ltr' id='par_1_97' title="bbox 1946 4537 3581 4614">
     <span class='ocr_line' id='line_1_97' title="bbox 1946 4537 3581 4614; baseline -0.01 0"><span class='ocrx_word' id='word_1_662' title='bbox 1946 4573 2069 4613; x_wconf 86' lang='lat' dir='ltr'>vero</span> <span class='ocrx_word' id='word_1_663' title='bbox 2119 4571 2254 4611; x_wconf 88' lang='lat' dir='ltr'>eum</span> <span class='ocrx_word' id='word_1_664' title='bbox 2313 4537 2764 4612; x_wconf 66' lang='lat' dir='ltr'>confirmabant;</span> <span class='ocrx_word' id='word_1_665' title='bbox 2845 4543 3062 4602; x_wconf 85' lang='lat' dir='ltr'>auxilia</span> <span class='ocrx_word' id='word_1_666' title='bbox 3110 4541 3474 4614; x_wconf 87' lang='lat' dir='ltr'>pollicentes,</span> <span class='ocrx_word' id='word_1_667' title='bbox 3521 4544 3581 4598; x_wconf 88' lang='lat' dir='ltr'>et</span> 
     </span>
    </p>
   </div>
   <div class='ocr_carea' id='block_1_98' title="bbox 184 4636 1824 4716">
    <p class='ocr_par' dir='ltr' id='par_1_98' title="bbox 184 4636 1824 4716">
     <span class='ocr_line' id='line_1_98' title="bbox 184 4636 1824 4716; baseline 0.003 -24"><span class='ocrx_word' id='word_1_668' title='bbox 184 4637 374 4710; x_wconf 86' lang='grc' dir='ltr'>ταύτης</span> <span class='ocrx_word' id='word_1_669' title='bbox 435 4637 505 4708; x_wconf 77' lang='grc' dir='ltr'>ἦν</span> <span class='ocrx_word' id='word_1_670' title='bbox 565 4637 642 4700; x_wconf 86' lang='grc' dir='ltr'>ὡς</span> <span class='ocrx_word' id='word_1_671' title='bbox 701 4636 894 4693; x_wconf 64' lang='grc' dir='ltr'>ἐπίπαν</span> <span class='ocrx_word' id='word_1_672' title='bbox 949 4641 1229 4710; x_wconf 79' lang='grc' dir='ltr'>τιθέμενος</span> <span class='ocrx_word' id='word_1_673' title='bbox 1275 4637 1678 4716; x_wconf 71' lang='grc' dir='ltr'>ὁαότοκραὶτωρ</span> <span class='ocrx_word' id='word_1_674' title='bbox 1739 4652 1824 4705; x_wconf 85' lang='grc' dir='ltr'>θε-</span> 
     </span>
    </p>
   </div>
   <div class='ocr_carea' id='block_1_99' title="bbox 189 4721 1829 4804">
    <p class='ocr_par' dir='ltr' id='par_1_99' title="bbox 189 4721 1829 4804">
     <span class='ocr_line' id='line_1_99' title="bbox 189 4721 1829 4804; baseline 0.004 -25"><span class='ocrx_word' id='word_1_675' title='bbox 189 4721 413 4799; x_wconf 72' lang='grc' dir='ltr'>λήματι,</span> <span class='ocrx_word' id='word_1_676' title='bbox 477 4727 567 4782; x_wconf 84' lang='grc' dir='ltr'>καὶ</span> <span class='ocrx_word' id='word_1_677' title='bbox 625 4731 770 4782; x_wconf 75' lang='grc' dir='ltr'>πᾶσα</span> <span class='ocrx_word' id='word_1_678' title='bbox 811 4728 845 4796; x_wconf 80' lang='grc' dir='ltr'>ἡ</span> <span class='ocrx_word' id='word_1_679' title='bbox 904 4726 1117 4800; x_wconf 73' lang='grc' dir='ltr'>έξουσία</span> <span class='ocrx_word' id='word_1_680' title='bbox 1166 4725 1255 4781; x_wconf 82' lang='grc' dir='ltr'>καὶ</span> <span class='ocrx_word' id='word_1_681' title='bbox 1311 4728 1346 4797; x_wconf 81' lang='grc' dir='ltr'><strong>ἡ</strong></span> <span class='ocrx_word' id='word_1_682' title='bbox 1396 4730 1495 4797; x_wconf 81' lang='grc' dir='ltr'>τῆς</span> <span class='ocrx_word' id='word_1_683' title='bbox 1553 4727 1829 4804; x_wconf 85' lang='grc' dir='ltr'>βασιλείας</span> 
     </span>
    </p>
   </div>
   <div class='ocr_carea' id='block_1_100' title="bbox 189 4809 1828 4892">
    <p class='ocr_par' dir='ltr' id='par_1_100' title="bbox 189 4809 1828 4892">
     <span class='ocr_line' id='line_1_100' title="bbox 189 4809 1828 4892; baseline 0.004 -25"><span class='ocrx_word' id='word_1_684' title='bbox 189 4809 453 4888; x_wconf 81' lang='grc' dir='ltr'>διοίκησις</span> <span class='ocrx_word' id='word_1_685' title='bbox 523 4816 843 4885; x_wconf 82' lang='grc' dir='ltr'>ἀνατεθῆναι</span> <span class='ocrx_word' id='word_1_686' title='bbox 909 4814 1044 4889; x_wconf 78' lang='grc' dir='ltr'>αὐτῇ</span> <span class='ocrx_word' id='word_1_687' title='bbox 1124 4815 1258 4889; x_wconf 80' lang='grc' dir='ltr'>μετᾶ</span> <span class='ocrx_word' id='word_1_688' title='bbox 1331 4816 1651 4892; x_wconf 86' lang='grc' dir='ltr'>παρέλευσιν</span> <span class='ocrx_word' id='word_1_689' title='bbox 1730 4825 1828 4876; x_wconf 76' lang='grc' dir='ltr'>τοῦ</span> 
     </span>
    </p>
   </div>
   <div class='ocr_carea' id='block_1_101' title="bbox 186 4901 1829 4984">
    <p class='ocr_par' dir='ltr' id='par_1_101' title="bbox 186 4901 1829 4984">
     <span class='ocr_line' id='line_1_101' title="bbox 186 4901 1829 4984; baseline 0.005 -27"><span class='ocrx_word' id='word_1_690' title='bbox 186 4901 366 4979; x_wconf 79' lang='grc' dir='ltr'>ἀνδρὸς</span> <span class='ocrx_word' id='word_1_691' title='bbox 438 4904 802 4980; x_wconf 72' lang='grc' dir='ltr'>μεμελέτητο,</span> <span class='ocrx_word' id='word_1_692' title='bbox 853 4905 929 4969; x_wconf 88' lang='grc' dir='ltr'>ὡς</span> <span class='ocrx_word' id='word_1_693' title='bbox 982 4925 1072 4960; x_wconf 89' lang='grc' dir='ltr'>και</span> <span class='ocrx_word' id='word_1_694' title='bbox 1128 4905 1220 4960; x_wconf 87' lang='grc' dir='ltr'>τὸν</span> <span class='ocrx_word' id='word_1_695' title='bbox 1282 4906 1397 4960; x_wconf 70' lang='grc' dir='ltr'>υἱὸν</span> <span class='ocrx_word' id='word_1_696' title='bbox 1455 4906 1543 4962; x_wconf 85' lang='grc' dir='ltr'>καὶ</span> <span class='ocrx_word' id='word_1_697' title='bbox 1605 4909 1829 4984; x_wconf 89' lang='grc' dir='ltr'>βασιλέα</span> 
     </span>
    </p>
   </div>
   <div class='ocr_carea' id='block_1_102' title="bbox 192 4990 1830 5069">
    <p class='ocr_par' dir='ltr' id='par_1_102' title="bbox 192 4990 1830 5069">
     <span class='ocr_line' id='line_1_102' title="bbox 192 4990 1830 5069; baseline 0.005 -22"><span class='ocrx_word' id='word_1_698' title='bbox 192 4991 498 5050; x_wconf 72' lang='grc' dir='ltr'>ὑποκεῖσθαι</span> <span class='ocrx_word' id='word_1_699' title='bbox 558 4993 717 5069; x_wconf 76' lang='grc' dir='ltr'>αὐτῇ.</span> <span class='ocrx_word' id='word_1_700' title='bbox 750 4995 845 5067; x_wconf 78' lang='grc' dir='ltr'>Τῷ</span> <span class='ocrx_word' id='word_1_701' title='bbox 875 4990 934 5048; x_wconf 70' lang='grc' dir='ltr'>δὲ</span> <span class='ocrx_word' id='word_1_702' title='bbox 961 4993 1023 5048; x_wconf 87' lang='grc' dir='ltr'>τὸ</span> <span class='ocrx_word' id='word_1_703' title='bbox 1083 4993 1301 5068; x_wconf 84' lang='grc' dir='ltr'>σκέμμα</span> <span class='ocrx_word' id='word_1_704' title='bbox 1360 4993 1460 5051; x_wconf 81' lang='grc' dir='ltr'>οὐκ</span> <span class='ocrx_word' id='word_1_705' title='bbox 1515 4996 1732 5055; x_wconf 83' lang='grc' dir='ltr'>ἀνεκτὸν</span> <span class='ocrx_word' id='word_1_706' title='bbox 1777 4999 1830 5063; x_wconf 85' lang='grc' dir='ltr'>ές</span> 
     </span>
    </p>
   </div>
   <div class='ocr_carea' id='block_1_103' title="bbox 190 5078 1830 5160">
    <p class='ocr_par' dir='ltr' id='par_1_103' title="bbox 190 5078 1830 5160">
     <span class='ocr_line' id='line_1_103' title="bbox 190 5078 1830 5160; baseline 0.005 -25"><span class='ocrx_word' id='word_1_707' title='bbox 190 5078 372 5158; x_wconf 75' lang='grc' dir='ltr'>ἄνδρας</span> <span class='ocrx_word' id='word_1_708' title='bbox 415 5079 526 5153; x_wconf 73' lang='grc' dir='ltr'>ἤδη</span> <span class='ocrx_word' id='word_1_709' title='bbox 576 5081 849 5156; x_wconf 80' lang='grc' dir='ltr'>τελοῦντι,</span> <span class='ocrx_word' id='word_1_710' title='bbox 880 5081 970 5137; x_wconf 87' lang='grc' dir='ltr'>καὶ</span> <span class='ocrx_word' id='word_1_711' title='bbox 1026 5083 1238 5159; x_wconf 84' lang='grc' dir='ltr'>γυναικὶ</span> <span class='ocrx_word' id='word_1_712' title='bbox 1286 5084 1394 5160; x_wconf 83' lang='grc' dir='ltr'>πρὸ</span> <span class='ocrx_word' id='word_1_713' title='bbox 1435 5084 1651 5141; x_wconf 77' lang='grc' dir='ltr'>πολλοῦ</span> <span class='ocrx_word' id='word_1_714' title='bbox 1706 5111 1830 5143; x_wconf 87' lang='grc' dir='ltr'>συν-</span> 
     </span>
    </p>
   </div>
   <div class='ocr_carea' id='block_1_104' title="bbox 188 5168 1833 5252">
    <p class='ocr_par' dir='ltr' id='par_1_104' title="bbox 188 5168 1833 5252">
     <span class='ocr_line' id='line_1_104' title="bbox 188 5168 1833 5252; baseline 0.007 -30"><span class='ocrx_word' id='word_1_715' title='bbox 188 5172 418 5248; x_wconf 68' lang='grc' dir='ltr'>αφθέντι,</span> <span class='ocrx_word' id='word_1_716' title='bbox 450 5176 549 5227; x_wconf 76' lang='grc' dir='ltr'>τοῦ</span> <span class='ocrx_word' id='word_1_717' title='bbox 578 5168 763 5235; x_wconf 84' lang='grc' dir='ltr'>ἔθνους</span> <span class='ocrx_word' id='word_1_718' title='bbox 807 5175 914 5228; x_wconf 83' lang='grc' dir='ltr'>τῶν</span> <span class='ocrx_word' id='word_1_719' title='bbox 961 5169 1218 5248; x_wconf 75' lang='grc' dir='ltr'>Οὕγγρων</span> <span class='ocrx_word' id='word_1_720' title='bbox 1278 5171 1530 5251; x_wconf 74' lang='grc' dir='ltr'>ἀρχηγοῦ</span> <span class='ocrx_word' id='word_1_721' title='bbox 1583 5178 1833 5252; x_wconf 81' lang='grc' dir='ltr'>θυγατρὶ,</span> 
     </span>
    </p>
   </div>
   <div class='ocr_carea' id='block_1_105' title="bbox 1938 4630 3581 4719">
    <p class='ocr_par' dir='ltr' id='par_1_105' title="bbox 1938 4630 3581 4719">
     <span class='ocr_line' id='line_1_105' title="bbox 1938 4630 3581 4719; baseline -0.012 -18"><span class='ocrx_word' id='word_1_722' title='bbox 1938 4663 2065 4719; x_wconf 66' lang='lat' dir='ltr'>quia</span> <span class='ocrx_word' id='word_1_723' title='bbox 2123 4643 2547 4717; x_wconf 88' lang='lat' dir='ltr'>pollicebantur</span> <span class='ocrx_word' id='word_1_724' title='bbox 2605 4634 2982 4707; x_wconf 81' lang='lat' dir='ltr'>jurejurando</span> <span class='ocrx_word' id='word_1_725' title='bbox 3044 4630 3402 4719; x_wconf 66' lang='lat' dir='ltr'>sancientes.</span> <span class='ocrx_word' id='word_1_726' title='bbox 3444 4632 3581 4696; x_wconf 68' lang='lat' dir='ltr'>Qum</span> 
     </span>
    </p>
   </div>
   <div class='ocr_carea' id='block_1_106' title="bbox 1938 4717 3581 4803">
    <p class='ocr_par' dir='ltr' id='par_1_106' title="bbox 1938 4717 3581 4803">
     <span class='ocr_line' id='line_1_106' title="bbox 1938 4717 3581 4803; baseline -0.012 -11"><span class='ocrx_word' id='word_1_727' title='bbox 1938 4717 2070 4792; x_wconf 73' lang='lat' dir='ltr'>cum</span> <span class='ocrx_word' id='word_1_728' title='bbox 2103 4730 2535 4803; x_wconf 89' lang='lat' dir='ltr'>imperatricem</span> <span class='ocrx_word' id='word_1_729' title='bbox 2584 4742 2700 4781; x_wconf 92' lang='lat' dir='ltr'>non</span> <span class='ocrx_word' id='word_1_730' title='bbox 2761 4723 3028 4789; x_wconf 88' lang='lat' dir='ltr'>laterent,</span> <span class='ocrx_word' id='word_1_731' title='bbox 3077 4719 3223 4774; x_wconf 91' lang='lat' dir='ltr'>irata</span> <span class='ocrx_word' id='word_1_732' title='bbox 3252 4717 3455 4784; x_wconf 81' lang='lat' dir='ltr'>edixit,</span> <span class='ocrx_word' id='word_1_733' title='bbox 3507 4733 3581 4773; x_wconf 87' lang='lat' dir='ltr'>ne</span> 
     </span>
    </p>
   </div>
   <div class='ocr_carea' id='block_1_107' title="bbox 1939 4805 3582 4897">
    <p class='ocr_par' dir='ltr' id='par_1_107' title="bbox 1939 4805 3582 4897">
     <span class='ocr_line' id='line_1_107' title="bbox 1939 4805 3582 4897; baseline -0.011 -17"><span class='ocrx_word' id='word_1_734' title='bbox 1939 4824 2253 4897; x_wconf 86' lang='lat' dir='ltr'>quisquam</span> <span class='ocrx_word' id='word_1_735' title='bbox 2286 4834 2420 4875; x_wconf 90' lang='lat' dir='ltr'>eum</span> <span class='ocrx_word' id='word_1_736' title='bbox 2452 4813 2802 4875; x_wconf 86' lang='lat' dir='ltr'>conveniret,</span> <span class='ocrx_word' id='word_1_737' title='bbox 2837 4809 3059 4884; x_wconf 82' lang='lat' dir='ltr'>passim</span> <span class='ocrx_word' id='word_1_738' title='bbox 3113 4805 3582 4879; x_wconf 84' lang='lat' dir='ltr'>speculatoribus</span> 
     </span>
    </p>
   </div>
   <div class='ocr_carea' id='block_1_108' title="bbox 1938 4894 3586 4969">
    <p class='ocr_par' dir='ltr' id='par_1_108' title="bbox 1938 4894 3586 4969">
     <span class='ocr_line' id='line_1_108' title="bbox 1938 4894 3586 4969; baseline -0.012 0"><span class='ocrx_word' id='word_1_739' title='bbox 1938 4894 1995 4969; x_wconf 76' lang='lat' dir='ltr'>et</span> <span class='ocrx_word' id='word_1_740' title='bbox 2026 4906 2465 4966; x_wconf 84' lang='lat' dir='ltr'>obsevatoribus</span> <span class='ocrx_word' id='word_1_741' title='bbox 2499 4900 2812 4959; x_wconf 89' lang='lat' dir='ltr'>collocatis.</span> <span class='ocrx_word' id='word_1_742' title='bbox 2869 4897 3062 4956; x_wconf 87' lang='lat' dir='ltr'>Nihilo</span> <span class='ocrx_word' id='word_1_743' title='bbox 3112 4901 3307 4952; x_wconf 90' lang='lat' dir='ltr'>tamen</span> <span class='ocrx_word' id='word_1_744' title='bbox 3368 4894 3464 4950; x_wconf 89' lang='lat' dir='ltr'>ille</span> <span class='ocrx_word' id='word_1_745' title='bbox 3494 4911 3586 4952; x_wconf 86' lang='lat' dir='ltr'>se-</span> 
     </span>
    </p>
   </div>
   <div class='ocr_carea' id='block_1_109' title="bbox 1940 4984 3588 5057">
    <p class='ocr_par' dir='ltr' id='par_1_109' title="bbox 1940 4984 3588 5057">
     <span class='ocr_line' id='line_1_109' title="bbox 1940 4984 3588 5057; baseline -0.011 -1"><span class='ocrx_word' id='word_1_746' title='bbox 1940 5002 2068 5057; x_wconf 87' lang='lat' dir='ltr'>cius</span> <span class='ocrx_word' id='word_1_747' title='bbox 2100 4999 2216 5054; x_wconf 86' lang='lat' dir='ltr'>fere</span> <span class='ocrx_word' id='word_1_748' title='bbox 2264 5010 2469 5051; x_wconf 89' lang='lat' dir='ltr'>omnes</span> <span class='ocrx_word' id='word_1_749' title='bbox 2529 4993 2600 5046; x_wconf 90' lang='lat' dir='ltr'>ad</span> <span class='ocrx_word' id='word_1_750' title='bbox 2660 5008 2723 5046; x_wconf 87' lang='lat' dir='ltr'>se</span> <span class='ocrx_word' id='word_1_751' title='bbox 2790 4987 3021 5043; x_wconf 88' lang='lat' dir='ltr'>allicere</span> <span class='ocrx_word' id='word_1_752' title='bbox 3069 5002 3185 5042; x_wconf 92' lang='lat' dir='ltr'>non</span> <span class='ocrx_word' id='word_1_753' title='bbox 3247 4984 3588 5054; x_wconf 86' lang='lat' dir='ltr'>desistebat,</span> 
     </span>
    </p>
   </div>
   <div class='ocr_carea' id='block_1_110' title="bbox 1942 5073 3588 5159">
    <p class='ocr_par' dir='ltr' id='par_1_110' title="bbox 1942 5073 3588 5159">
     <span class='ocr_line' id='line_1_110' title="bbox 1942 5073 3588 5159; baseline -0.01 -14"><span class='ocrx_word' id='word_1_754' title='bbox 1942 5089 2084 5145; x_wconf 90' lang='lat' dir='ltr'>alios</span> <span class='ocrx_word' id='word_1_755' title='bbox 2138 5103 2238 5159; x_wconf 92' lang='lat' dir='ltr'>per</span> <span class='ocrx_word' id='word_1_756' title='bbox 2293 5082 2698 5153; x_wconf 87' lang='lat' dir='ltr'>semetipsum,</span> <span class='ocrx_word' id='word_1_757' title='bbox 2767 5076 2911 5133; x_wconf 88' lang='lat' dir='ltr'>alios</span> <span class='ocrx_word' id='word_1_758' title='bbox 2969 5091 3075 5147; x_wconf 90' lang='lat' dir='ltr'>per</span> <span class='ocrx_word' id='word_1_759' title='bbox 3126 5073 3217 5129; x_wconf 87' lang='lat' dir='ltr'>sui</span> <span class='ocrx_word' id='word_1_760' title='bbox 3269 5073 3588 5130; x_wconf 86' lang='lat' dir='ltr'>studiosos.</span> 
     </span>
    </p>
   </div>
   <div class='ocr_carea' id='block_1_111' title="bbox 1943 5163 3591 5236">
    <p class='ocr_par' dir='ltr' id='par_1_111' title="bbox 1943 5163 3591 5236">
     <span class='ocr_line' id='line_1_111' title="bbox 1943 5163 3591 5236; baseline -0.01 -2"><span class='ocrx_word' id='word_1_761' title='bbox 1943 5177 2206 5236; x_wconf 85' lang='lat' dir='ltr'>Habebat</span> <span class='ocrx_word' id='word_1_762' title='bbox 2237 5178 2430 5232; x_wconf 88' lang='lat' dir='ltr'>autem</span> <span class='ocrx_word' id='word_1_763' title='bbox 2462 5171 2615 5229; x_wconf 76' lang='lat'><strong>303</strong></span> <span class='ocrx_word' id='word_1_764' title='bbox 2670 5165 2866 5224; x_wconf 88' lang='lat' dir='ltr'>studia</span> <span class='ocrx_word' id='word_1_765' title='bbox 2913 5164 3171 5236; x_wconf 80' lang='lat' dir='ltr'>junioris</span> <span class='ocrx_word' id='word_1_766' title='bbox 3211 5179 3437 5236; x_wconf 76' lang='lat' dir='ltr'>quoque</span> <span class='ocrx_word' id='word_1_767' title='bbox 3476 5163 3591 5218; x_wconf 74' lang='lat' dir='ltr'>fra-</span> 
     </span>
    </p>
   </div>
   <div class='ocr_carea' id='block_1_112' title="bbox 1469 5358 2310 5426">
    <p class='ocr_par' dir='ltr' id='par_1_112' title="bbox 1469 5358 2310 5426">
     <span class='ocr_line' id='line_1_112' title="bbox 1469 5358 2310 5426; baseline -0.001 -7"><span class='ocrx_word' id='word_1_768' title='bbox 1469 5358 1673 5422; x_wconf 66' lang='lat' dir='ltr'>Variaa</span> <span class='ocrx_word' id='word_1_769' title='bbox 1702 5360 2004 5426; x_wconf 85' lang='lat' dir='ltr'>lectiones</span> <span class='ocrx_word' id='word_1_770' title='bbox 2032 5365 2094 5423; x_wconf 86' lang='lat' dir='ltr'>et</span> <span class='ocrx_word' id='word_1_771' title='bbox 2122 5364 2310 5420; x_wconf 76' lang='lat' dir='ltr'>notae.</span> 
     </span>
    </p>
   </div>
   <div class='ocr_carea' id='block_1_113' title="bbox 221 5508 1832 5597">
    <p class='ocr_par' dir='ltr' id='par_1_113' title="bbox 221 5508 1832 5597">
     <span class='ocr_line' id='line_1_113' title="bbox 221 5508 1832 5597; baseline -0.006 -24"><span class='ocrx_word' id='word_1_772' title='bbox 221 5508 488 5597; x_wconf 41' lang='lat' dir='ltr'>gQQﬁal</span> <span class='ocrx_word' id='word_1_773' title='bbox 519 5513 778 5597; x_wconf 61' lang='grc' dir='ltr'>ἡμήτηρ</span> <span class='ocrx_word' id='word_1_774' title='bbox 832 5513 1230 5597; x_wconf 45' lang='grc' dir='ltr'>αρτὦν..ῐιέῑι.9</span> <span class='ocrx_word' id='word_1_775' title='bbox 1286 5515 1609 5597; x_wconf 40' lang='lat' dir='ltr'>Alanorum</span> <span class='ocrx_word' id='word_1_776' title='bbox 1669 5523 1832 5595; x_wconf 63' lang='lat' dir='ltr'>prin-</span> 
     </span>
    </p>
   </div>
   <div class='ocr_carea' id='block_1_114' title="bbox 193 5583 1829 5670">
    <p class='ocr_par' dir='ltr' id='par_1_114' title="bbox 193 5583 1829 5670">
     <span class='ocr_line' id='line_1_114' title="bbox 193 5583 1829 5670; baseline 0.01 -36"><span class='ocrx_word' id='word_1_777' title='bbox 193 5583 346 5670; x_wconf 44' lang='lat' dir='ltr'>cipis,</span> <span class='ocrx_word' id='word_1_778' title='bbox 359 5583 499 5670; x_wconf 48' lang='lat' dir='ltr'>filia,</span> <span class='ocrx_word' id='word_1_779' title='bbox 527 5583 604 5669; x_wconf 75' lang='lat' dir='ltr'>de</span> <span class='ocrx_word' id='word_1_780' title='bbox 623 5583 759 5670; x_wconf 67' lang='lat' dir='ltr'>qua</span> <span class='ocrx_word' id='word_1_781' title='bbox 782 5585 1114 5670; x_wconf 58' lang='lat' dir='ltr'>egimusjn</span> <span class='ocrx_word' id='word_1_782' title='bbox 1174 5588 1428 5670; x_wconf 43' lang='lat' dir='ltr'>Faznilzlis</span> <span class='ocrx_word' id='word_1_783' title='bbox 1482 5583 1829 5665; x_wconf 59' lang='lat' dir='ltr'>Byzantinis,</span> 
     </span>
    </p>
   </div>
   <div class='ocr_carea' id='block_1_115' title="bbox 191 5651 1835 5739">
    <p class='ocr_par' dir='ltr' id='par_1_115' title="bbox 191 5651 1835 5739">
     <span class='ocr_line' id='line_1_115' title="bbox 191 5651 1835 5739; baseline 0.007 -29"><span class='ocrx_word' id='word_1_784' title='bbox 191 5651 398 5723; x_wconf 54' lang='lat' dir='ltr'>p.174.</span> <span class='ocrx_word' id='word_1_785' title='bbox 428 5651 577 5716; x_wconf 83' lang='lat' dir='ltr'>Huic</span> <span class='ocrx_word' id='word_1_786' title='bbox 607 5651 1196 5718; x_wconf 58' lang='lat' dir='ltr'>dicavit&#39;Theodorns</span> <span class='ocrx_word' id='word_1_787' title='bbox 1239 5651 1594 5722; x_wconf 64' lang='lat' dir='ltr'>Prodromis</span> <span class='ocrx_word' id='word_1_788' title='bbox 1625 5651 1835 5739; x_wconf 75' lang='lat' dir='ltr'>poema</span> 
     </span>
    </p>
   </div>
   <div class='ocr_carea' id='block_1_116' title="bbox 1942 5503 3586 5586">
    <p class='ocr_par' dir='ltr' id='par_1_116' title="bbox 1942 5503 3586 5586">
     <span class='ocr_line' id='line_1_116' title="bbox 1942 5503 3586 5586; baseline -0.014 -7"><span class='ocrx_word' id='word_1_789' title='bbox 1942 5517 2420 5583; x_wconf 78' lang='lat' dir='ltr'>astronomicum,</span> <span class='ocrx_word' id='word_1_790' title='bbox 2453 5512 2607 5586; x_wconf 90' lang='lat' dir='ltr'>quod</span> <span class='ocrx_word' id='word_1_791' title='bbox 2641 5505 2928 5586; x_wconf 76' lang='lat' dir='ltr'>asservari</span> <span class='ocrx_word' id='word_1_792' title='bbox 2984 5503 3437 5586; x_wconf 78' lang='lat' dir='ltr'>in__bibliotheca</span> <span class='ocrx_word' id='word_1_793' title='bbox 3467 5505 3586 5586; x_wconf 55' lang='lat' dir='ltr'>Cas:</span> 
     </span>
    </p>
   </div>
   <div class='ocr_carea' id='block_1_117' title="bbox 1943 5574 3588 5650">
    <p class='ocr_par' dir='ltr' id='par_1_117' title="bbox 1943 5574 3588 5650">
     <span class='ocr_line' id='line_1_117' title="bbox 1943 5574 3588 5650; baseline -0.012 0"><span class='ocrx_word' id='word_1_794' title='bbox 1943 5574 2340 5650; x_wconf 54' lang='lat' dir='ltr'>Eat-samem</span> <span class='ocrx_word' id='word_1_795' title='bbox 2382 5574 2588 5644; x_wconf 68' lang='lat' dir='ltr'>Petrus</span> <span class='ocrx_word' id='word_1_796' title='bbox 2648 5580 3012 5645; x_wconf 84' lang='lat' dir='ltr'>Lambecius,</span> <span class='ocrx_word' id='word_1_797' title='bbox 3058 5576 3160 5633; x_wconf 92' lang='lat' dir='ltr'>lib.</span> <span class='ocrx_word' id='word_1_798' title='bbox 3218 5591 3272 5631; x_wconf 76' lang='lat' dir='ltr'>vx</span> <span class='ocrx_word' id='word_1_799' title='bbox 3331 5577 3402 5632; x_wconf 92' lang='lat' dir='ltr'>de</span> <span class='ocrx_word' id='word_1_800' title='bbox 3458 5574 3588 5631; x_wconf 91' lang='lat' dir='ltr'>ead.</span> 
     </span>
    </p>
   </div>
   <div class='ocr_carea' id='block_1_118' title="bbox 1940 5663 2084 5723">
    <p class='ocr_par' dir='ltr' id='par_1_118' title="bbox 1940 5663 2084 5723">
     <span class='ocr_line' id='line_1_118' title="bbox 1940 5663 2084 5723; baseline -0.014 0"><span class='ocrx_word' id='word_1_801' title='bbox 1940 5663 2084 5723; x_wconf 84' lang='lat' dir='ltr'>bibl.</span> 
     </span>
    </p>
   </div>
  </div>
