4036 6206
436 363 548 436 3H
1780 373 2030 438 JOANN

2214 377 2493 440 ΟΝΑΗιΕ
3704 384 3808 444 312

432 503 566 572 tris,
590 503 774 560 altero
803 505 1158 575 Andronico,
1199 503 1364 561 fratri
1391 503 1697 575 eidemque
1744 504 2026 577 imperato

2221 507 2284 561 Lai
2321 503 2530 562 παίδων
2575 506 2818 584 γεγονότι
2868 507 3053 584 πατρί.
3089 505 3381 565 Ἐδεδοίκει
3435 508 3533 584 γὰρ
3583 510 3699 585 περὶ
3752 516 3815 587 τῇ

437 595 805 650 adversante.
849 599 995 650 Nam
1045 595 1106 650 hi
1166 608 1396 665 quoque
1445 593 1573 663 jam
1622 593 1810 648 adulti
1878 612 2031 650 uxori

2225 599 2366 670 μρχῇ,
2401 597 2434 666 ἢ
2465 598 2552 651 καὶ
2604 597 2731 672 περὶ
2785 596 2920 671 αὐτῇ
2979 602 3050 671 τῇ
3112 601 3247 672 ζωῇ,
3280 599 3422 669 ὁρῶν
3475 599 3573 668 τὴν
3633 601 3819 675 μητέρα

433 686 741 749 duxerant,
792 682 1160 738 Andronicus
1211 683 1662 751 sebastocrator,
1719 684 1978 739 Isaacius

2224 683 2424 753 τολλήν
2473 685 2597 759 περὶ
2652 687 2752 755 τήν
2811 681 3175 763 πρεσϐυτέραν
3233 685 3340 740 τῶν
3407 687 3695 762 θυγατέρων
3748 689 3818 742 έν-

440 770 724 843 Bryanius
779 773 1034 826 Casares
1099 768 1400 842 appellati,
1460 768 1701 826 alterius
1750 788 1882 827 vero
1957 772 2034 827 ﬁli

2337 775 2552 846 ιυμένην
2587 773 2795 850 σχέσιν,
2825 775 2916 830 καὶ
2947 776 3072 848 περὶ
3130 775 3220 830 τὸν
3281 773 3366 830 ἐπ’
3399 775 3531 850 αὐτῇ
3577 773 3819 847 κηδεστὴν
3929 822 3931 824 .

439 859 689 915 maritus
719 859 1063 915 Pborbenus
1097 858 1696 930 panhypersebastus.
1751 865 1938 932 Atque
1968 860 2033 916 bs

2233 861 2291 916 ὸν
2375 862 2650 937 Βρυένιον.
2713 864 2872 928 ’Ὁθεν
2960 863 3148 938 μετῄει
3229 863 3293 918 τὸ
3379 864 3640 939 συγγενές,
3691 863 3820 919 ἀλλὰ

439 947 524 1003 ita
548 965 612 1004 se
640 947 957 1012 habebant,
985 948 1093 1003 etsi
1126 952 1459 1019 temporum
1516 947 1722 1004 ordine
1751 948 2030 1004 immutat

2229 950 2386 1004 ιὲντοι
2417 950 2506 1005 καὶ
2538 950 2865 1025 ξύμπαντας,
2897 953 2987 1007 καὶ
3041 952 3108 1008 τά
3149 959 3269 1017 καθ’
3299 953 3489 1007 ἑαυτὸν
3534 953 3662 1028 πρὸς
3711 949 3823 1008 ἕκα-

441 1037 765 1108 posteriora
782 1037 946 1108 prius
970 1037 1374 1108 exposuimus.
2031 1105 2035 1110 η

2223 1058 2326 1092 κτον
2403 1037 2676 1115 λαθραίως
2748 1039 3208 1114 ἀποκλαιόμενος,
3289 1040 3655 1114 ἀνεμίμνησκε
3723 1047 3817 1095 τῶν

443 1125 618 1200 ὅρκων
676 1121 806 1184 τοὺς
864 1121 1084 1198 ἄνδρας,
1140 1123 1231 1185 οὓς
1298 1123 1350 1178 οἱ
1407 1123 1658 1186 πλείονες
1705 1123 1882 1180 αὐτῶν
1928 1126 2061 1196 ἦσαν
2121 1125 2504 1198 ὀμωμοκότες,
2563 1128 2639 1190 ὡς
2718 1129 2827 1204 οὐχ
2889 1125 3071 1204 ἕτερον
3144 1129 3205 1184 ἂν
3272 1128 3420 1205 παρά
3463 1132 3648 1183 τοῦτον
3706 1130 3824 1201 μετὰ

437 1208 533 1265 τὸν
614 1207 820 1284 πατέρα
903 1205 1136 1278 δέξειντο
1220 1208 1612 1285 αὐτοκράτορα.
1673 1211 1741 1267 Οἱ
1819 1208 1866 1265 δ’
1935 1210 2100 1266 αὐτὸν
2184 1210 2566 1288 έπεθάρῥυνον,
2624 1213 2713 1268 καὶ
2794 1214 3055 1288 έπαρῆξαί
3142 1215 3194 1269 οἱ
3279 1217 3474 1282 καιροῦ
3554 1213 3823 1277 καλοῦντος

441 1296 834 1370 προθυμότατα
884 1294 1314 1372 ἐπηγγέλλοντο,
1377 1299 1561 1373 ὅρκοις
1613 1295 1971 1372 ἐμπεδοῦντες
2029 1299 2125 1360 τάς
2185 1298 2526 1374 ὑποσχέσεις.
2585 1305 2763 1356 Ταῦτα
2811 1299 2870 1357 δὲ
2924 1304 3023 1372 τὴν
3097 1298 3356 1378 βασιλίδα
3413 1301 3514 1356 οὐκ
3567 1299 3827 1371 ἐλελήθει-

445 1407 564 1456 σαν,
621 1383 692 1440 δι’
749 1384 783 1448 ἃ
837 1387 927 1440 καὶ
985 1386 1334 1462 προσώχθισε
1386 1386 1465 1459 ὐῴ
1520 1388 1642 1460 υἱῷ.
1675 1390 1948 1444 Ἐντεῦθεν
2008 1387 2168 1443 παντί
2224 1408 2330 1443 που
2384 1389 2627 1460 καθάπαξ
2685 1389 2966 1466 προσιέναι
3015 1391 3068 1445 οἱ
3125 1390 3416 1467 ἀπείρητο,
3453 1391 3541 1444 καὶ
3597 1391 3827 1453 πάντοθεν

447 1471 644 1527 σκοποί
703 1494 763 1528 τε
830 1475 917 1529 καὶ
994 1477 1332 1549 κατοπτῆρες
1380 1475 1516 1545 ἦσαν
1571 1475 1739 1548 αὐτῷ.
1798 1478 1855 1531 Ὁ
1913 1474 1972 1531 δέ
2025 1477 2116 1531 καὶ
2177 1475 2350 1539 οὕτως
2402 1476 2502 1532 οὐκ
2558 1477 2782 1534 έπαύετο
2840 1479 2978 1554 πρὸς
3034 1479 3222 1535 ἑαυτὸν
3281 1475 3479 1554 σχεδὸν
3537 1476 3660 1540 τοὺς
3711 1476 3830 1550 σύμ-

444 1580 651 1623 παντας
708 1559 1099 1638 ἐφελκόμενος,
1157 1561 1285 1624 τοὺς
1361 1562 1454 1636 μὲν
1515 1559 1586 1617 δι’
1642 1564 1855 1634 ἑαυτοῦ,
1913 1563 2041 1628 τοὺς
2093 1561 2151 1618 δὲ
2210 1561 2299 1618 διά
2353 1568 2460 1619 τῶν
2521 1567 2931 1641 προσκειμένων
3000 1566 3164 1640 αὐτῷ.
3224 1567 3552 1642 Προσέκειτο
3607 1561 3650 1620 δ’
3703 1563 3828 1637 αύτῷ

444 1649 539 1704 καὶ
594 1652 703 1704 τῶν
764 1647 1015 1728 ἀδελφῶν
1073 1651 1101 1706 6
1157 1651 1438 1728 νεώτεροςο
1475 1653 1697 1728 θάτερος
1752 1649 1808 1707 δέ
1863 1673 1945 1728 γε,
1980 1649 2189 1720 δηλαδή
2233 1653 2260 1706 ὁ
2293 1649 2637 1726 Ἀνδρόνικος
2671 1656 2804 1728 (27),
2835 1659 2914 1727 τῷ
2969 1654 3210 1732 συγγόνῳ
3268 1655 3357 1710 καὶ
3424 1651 3635 1730 βασιλεῖ
3685 1654 3828 1722 ἠναν-

445 1738 638 1797 τίωτο.
670 1735 809 1810 Ἤδη
869 1740 968 1814 γὰρ
1025 1740 1114 1795 καὶ
1175 1741 1346 1814 οὗτοι,
1407 1739 1791 1817 ἀνδρωθέντες,
1845 1742 2049 1817 γυναιξὶ
2107 1739 2556 1818 συνεζεύχθησαν.
2613 1743 2712 1798 Καὶ
2770 1743 2798 1798 ό
2861 1745 2954 1818 μὲν
3012 1741 3358 1820 ’Δνδρόνικος
3418 1737 3829 1817 σεϐαστοκράτωρ

447 1825 737 1899 τετίμητο,
796 1828 825 1881 6
883 1824 928 1882 δ’
985 1829 1247 1891 Ἰσαάκιος
1301 1829 1392 1883 καὶ
1451 1831 1479 1885 6
1537 1829 1790 1905 Βρυένιος
1850 1829 2129 1906 Καίσαρες,
2188 1831 2216 1886 6
2274 1827 2321 1885 δ’
2375 1829 2465 1886 ἐπὶ
2517 1833 2588 1904 τῇ
2645 1829 2865 1908 δευτέρᾳ
2919 1837 3026 1888 τῶν
3079 1832 3385 1909 θυγατέρων
3443 1827 3540 1886 τοῦ
3595 1828 3829 1907 βασιλέως

449 1910 703 1992 γαμϐρὸς
757 1917 786 1971 6
845 1912 1130 1994 Φορϐηνος
1211 1913 1742 1995 πανυπερσέϐαστος.
1805 1919 1974 1995 Εἶχον
2065 1920 2162 1994 μὲν
2235 1917 2328 1974 οῦν
2416 1919 2560 1976 οὕτω
2614 1927 2802 1995 ταῦτα,
2861 1922 2912 1978 εἴ
2955 1922 3045 1978 καὶ
3098 1921 3438 1999 προδραμὼν
3496 1921 3525 1976 6
3581 1919 3732 1995 λόγος
3779 1919 3830 1974 τὰ

458 2002 678 2081 ὕστερον
711 2000 878 2080 διηγή
888 2026 1038 2062 σατο.

524 2085 1076 2169 ΧΧν.υιιυε’ροι·ι-ο
1135 2113 1202 2154 ex
1261 2098 1486 2155 Latinis
1543 2099 1615 2156 ab
1673 2098 1983 2155 Occidente
2039 2098 2098 2153 in

2281 2098 2408 2156 KE'.
2444 2099 2538 2160 Εἷς
2596 2097 2653 2154 δὶ
2696 2101 2804 2155 τῶν
2856 2099 2934 2164 εἷς
2973 2102 3074 2171 τήν
3113 2101 3286 2174 Ἐῴαν
3340 2093 3634 2155 διαϐάντων
3693 2094 3827 2150 Λατί-

459 2185 752 2243 Orientem
789 2188 1105 2259 profectus,
1137 2189 1396 2259 Roberti,
1433 2189 1604 2261 cujus
1634 2206 1815 2263 supra
1845 2189 2053 2245 memin

2239 2206 2326 2240 νων
2381 2185 2470 2240 καὶ
2527 2188 2555 2242 6
2610 2192 2706 2242 τοῦ
2761 2187 3096 2264 Ῥομπέρτου
3154 2187 3382 2259 ἐκείνου,
3441 2187 3604 2261 οὗπερ
3658 2181 3753 2253 ἤδη
3804 2183 3833 2250 ἢ

461 2273 897 2344 historiaﬁlius
930 2275 1166 2332 nomine
1189 2277 1483 2333 Boemund
1496 2295 1585 2343 us,
1605 2278 1904 2334 servitium
1937 2295 2047 2333 suu

2244 2274 2435 2349 ηστορία
2477 2274 2749 2349 ἐμνήσθη,
2803 2278 3048 2354 ὑπῆρχεν
3081 2276 3219 2346 υἱός,
3280 2272 3622 2350 Βαϊμοῦνδος
3669 2273 3838 2344 ὄνομα·

463 2362 802 2436 imperatori
832 2363 1066 2432 obtulit,
1099 2371 1157 2421 et
1213 2366 1403 2439 pactis
1424 2367 1810 2438 jurejurando
1841 2367 2056 2422 ﬁrmati

2243 2361 2478 2435 ζόμενος,
2512 2365 2592 2433 ὃς,
2627 2363 2688 2420 έκ
2737 2365 2844 2420 τῶν
2879 2365 3173 2443 Ἐσπερίων
3227 2366 3366 2439 μετά
3414 2370 3523 2420 τῶν
3585 2363 3667 2417 ὑπ’
3706 2359 3837 2414 αὐτὸν

467 2456 824 2525 acceptaque
913 2454 1162 2524 pecunia
1246 2456 1366 2512 fere
1424 2455 1860 2524 innumerabili,
1949 2472 2056 2527 cap

2248 2451 2416 2522 ἱνιὼν,
2477 2451 2746 2509 δούλωσίν
2807 2476 2867 2510 τε
2925 2460 3005 2528 τῷ
3079 2453 3299 2530 βασιλεῖ
3356 2449 3731 2528 ἐπηγγείλατο,
3770 2445 3842 2501 καὶ

476 2540 712 2615 Syriaca
748 2542 1078 2612 Antiochia,
1136 2560 1250 2600 non
1283 2545 1455 2600 modo
1516 2550 1686 2616 pacta
1737 2549 1794 2600 et
1840 2553 2070 2600 conveni

2249 2543 2502 2611 τυνθήκας
2547 2542 2771 2616 θέμενος
2825 2545 2964 2618 πρὸς
3023 2543 3206 2611 αὐτὸν,
3260 2542 3451 2620 ὅρκοις
3508 2541 3663 2604 αὖτάς
3707 2537 3843 2611 ἐμπε-

476 2632 735 2702 violavit,
767 2633 868 2688 sed
899 2637 956 2688 et
989 2633 1060 2689 de
1087 2633 1238 2691 bello
1286 2635 1568 2692 Romanis
1627 2636 1929 2692 inferendo
1961 2653 2068 2706 cog

2249 2627 2468 2699 πέδωκε,
2499 2631 2589 2686 καὶ
2646 2635 2910 2708 χρήματα
2966 2627 3149 2688 λαϐὼν
3207 2629 3410 2709 σχεδὸν
3443 2632 3573 2706 ὑπὲρ
3628 2623 3843 2704 ἀριθμδνν

477 2721 643 2798 tavit.
664 2719 970 2777 Enimvero
1020 2722 1207 2778 reditu
1268 2723 1325 2778 in
1385 2723 1756 2781 Occidentem
1815 2725 2071 2780 destinati

2251 2721 2304 2792 τῇ
2355 2720 2490 2774 κατᾶ
2565 2719 2774 2792 Κοίλην
2845 2721 3040 2798 Συρίαν
3098 2721 3415 2798 Ἀντιοχείᾳ
3489 2714 3845 2789 ἐπιδεδήμηκε,

469 2793 773 2878 ὶηοῑιιοηε,
801 2825 874 2865 ne
902 2808 963 2864 in
987 2810 1235 2866 transitu
1264 2815 1664 2868 Romanarum
1695 2812 2060 2886 provinciaru

2258 2807 2326 2863 ιαὶ
2367 2807 2568 2880 ταύτην
2627 2793 3115 2884 πολιορκίᾳνέλὼν,
3147 2810 3210 2866 ού
3270 2793 3438 2884 μόνον
3495 2813 3603 2864 τῶν
3656 2802 3852 2878 ὡμολο-

480 2916 516 2955 a
561 2902 774 2969 praeter
813 2897 1010 2970 aliquo
1071 2900 1420 2972 prehensus,
1479 2902 1550 2958 ad
1608 2901 2023 2973 imperatorem
2066 2901 2074 2956 ἱ

2261 2917 2310 2970 (η
2323 2898 2496 2970 μένων
2525 2893 2840 2974 παραϐάτης
2871 2898 3101 2974 ἐγένετο,
3133 2897 3280 2954 ἀλλά
3302 2899 3400 2954 καὶ
3457 2896 3694 2970 πόλεμον
3742 2891 3855 2948 κατά

478 2985 752 3052 vinculis,
786 2991 852 3042 ut
882 2987 1056 3044 homo
1105 2987 1446 3062 fcedifragus
1493 2990 1909 3062 perduceretur
1940 3007 1954 3045 :
1988 3006 2066 3061 qu

2259 2986 2526 3060 Ρωμαίων
2629 2989 2853 3064 ἄρασθαι
2961 2988 3359 3063 μεμελέτηκεν.
3449 2982 3736 3041 Ἐπανιέναι
3809 2977 3853 3032 δὶ

484 3076 624 3132 facit
651 3075 678 3130 ?
709 3075 1027 3132 Rumorem
1049 3077 1122 3132 de
1179 3095 1285 3134 suo
1316 3078 1478 3134 obitu
1521 3080 1918 3151 spargendum
1944 3095 2078 3134 cura

2260 3075 2542 3153 ρροντίζων
2589 3076 2648 3132 ἐκ
2699 3082 2807 3133 τῶν
2856 3079 3040 3151 Ἑῴων
3105 3077 3182 3142 εἷς
3249 3077 3317 3132 τά
3369 3074 3640 3152 Ἑσπέρια,
3692 3065 3854 3126 ἐδεδίει

484 3171 543 3221 et
571 3164 730 3220 cistas
766 3163 1105 3236 impositus,
1166 3166 1404 3222 famulis
1463 3168 1724 3232 mandat,
1779 3171 1843 3224 ut
1889 3169 2078 3224 οαάανι

2262 3165 2323 3234 ιῆ
2383 3163 2435 3218 ἐν
2492 3169 2561 3240 τῇ
2614 3163 2861 3240 ἐπανόδῳ
2913 3167 3102 3244 χώρας
3151 3168 3468 3241 Ῥωμαϊκὰς
3527 3161 3693 3231 διιὼν,
3721 3177 3856 3214 κατα-

492 3272 669 3312 suum
729 3255 970 3311 domum
1013 3255 1150 3312 ferri
1199 3257 1418 3314 dicant.
1453 3261 1571 3314 Hoc
1603 3265 1732 3314 astu
1779 3258 1836 3313 in
1886 3258 2086 3330 patriai

2265 3253 2468 3329 πχεθείη
2527 3255 2672 3326 παρά
2720 3277 2817 3310 του
2873 3260 2980 3312 τῶν
3041 3260 3241 3332 χωρῶν
3301 3253 3522 3311 ἐκείνων
3573 3252 3662 3315 τὰς
3717 3246 3859 3324 ἀρχᾶς

488 3361 780 3412 reversus,
838 3349 896 3400 et
955 3344 1211 3402 multum
1245 3347 1315 3402 de
1370 3345 1722 3419 imperatore
1753 3353 2080 3420 conquestu

2269 3342 2782 3416 μπεπιστευμένων,
2835 3345 2924 3400 καὶ
2979 3344 3247 3420 ἀπαχθείη
3308 3341 3619 3418 δεσμώτης,
3667 3340 3734 3399 ὡς
3782 3355 3863 3390 πα·

489 3433 708 3490 multos
742 3433 1114 3505 popularium
1147 3435 1218 3490 ad
1242 3437 1534 3491 sumenda
1589 3442 1790 3492 contra
1841 3437 2083 3492 Romam

2269 3426 2489 3504 ›α6άτης
2546 3434 2619 3487 ὧν
2670 3429 2818 3489 ἔθετο
2879 3439 3176 3504 συνθηκῶν.
3232 3432 3294 3488 Τί
3351 3437 3482 3508 γοῦν
3554 3432 3863 3532 μηχανξῐταίἶ

489 3539 654 3579 arma
687 3523 1025 3591 concitavit,
1054 3540 1376 3597 eorumque
1400 3525 1519 3580 dux
1573 3530 1828 3596 creatus,
1861 3541 2083 3598 supera‘

2273 3523 2470 3577 Εαυτοῦ
2527 3520 2914 3597 καταψεύδεται
2985 3523 3234 3593 θάνατον,
3277 3522 3372 3576 καὶ
3451 3521 3672 3595 λάρνακι
3740 3507 3867 3586 ἰμϐε-

491 3613 662 3681 mari,
695 3613 1086 3685 Epidamnum
1111 3630 1322 3687 magno
1355 3615 1550 3671 studio
1581 3631 1787 3688 capere
1816 3615 2085 3672 contendi

2270 3605 2432 3680 ἷήκει,
2473 3609 2847 3684 ἐντειλάμενος
2909 3617 3024 3675 τοῖς
3091 3611 3382 3689 θεράπουσι
3439 3607 3613 3685 λέγειν
3662 3606 3730 3667 ὡς
3775 3601 3864 3657 έτε-

491 3703 636 3759 Cum
685 3706 881 3757 autem
947 3702 1176 3759 obsidio
1231 3703 1581 3774 traheretur,
1631 3705 1859 3761 civibus
1909 3721 2084 3777 magn

2273 3701 2462 3770 minet,
2489 3700 2577 3755 καὶ
2624 3701 2653 3756 ὁ
2701 3702 2888 3776 νεκρὸς
2937 3699 3145 3767 έκείνοη
3190 3701 3479 3774 κομίζεται
3511 3693 3706 3753 οἴκαδε.
3735 3691 3867 3750 Οὕτω

491 3789 860 3846 detrimentis
911 3789 1110 3857 illatis,
1140 3808 1246 3847 nec
1307 3792 1680 3862 paucioribus
1740 3794 2016 3866 acceptis,
2048 3811 2085 3849 e:

2272 3789 2435 3851 WBG“
2513 3788 2590 3852 εἷς
2669 3789 2768 3858 τὴν
2851 3788 3038 3865 χώραν
3115 3788 3280 3844 αὐτοῦ
3355 3785 3717 3843 διυσέσωστο·
3767 3779 3866 3835 ἔνθα

491 3879 852 3952 pugnatione
884 3880 1215 3951 desperata,
1239 3880 1311 3936 ad
1347 3881 1465 3937 alia
1495 3880 1621 3938 loca
1650 3899 1812 3956 usque
1844 3882 2009 3938 irrito
2047 3899 2085 3938 οε

2274 3875 2440 3931 τολλά
2495 3878 2763 3932 κατειπὼν
2810 3882 2907 3932 τοῦ
2968 3875 3257 3954 βασιλέως,
3300 3874 3550 3937 πολλοὺς
3603 3878 3703 3930 τῶν
3753 3871 3868 3942 ὁμο-

493 3971 635 4023 natu
670 3983 1037 4040 progressus,
1087 3967 1340 4041 denique
1371 3987 1572 4042 pacem
1633 3987 1738 4043 per
1791 3970 2016 4043 legatos
2072 3988 2087 4027 ι

2272 3970 2422 4030 ιθνῶν
2456 3967 2580 4042 ἆραι
2608 3966 2744 4022 κατά
2771 3966 3051 4040 Ῥωμαίων
3103 3965 3250 4023 ὅπλα
3288 3967 3560 4043 ἠρέθισεν,
3586 3963 3656 4018 ὧν
3704 3979 3866 4036 στρατ·

492 4056 846 4128 imperatore
905 4055 1071 4128 petit,
1127 4057 1550 4115 Thessalonicae
1587 4065 1714 4116 tum
1745 4065 1985 4132 agente:
2045 4077 2080 4132 q

2276 4060 2446 4131 ιρχῶν
2504 4055 2705 4118 ἐκεῖνος
2780 4053 3143 4127 διεπεραιώθη
3201 4056 3337 4130 πρὸς
3401 4056 3500 4124 τὴν
3555 4048 3870 4123 Ἐπίδαμνον,

494 4144 632 4199 inde
662 4143 990 4216 digressus,
1013 4146 1185 4214 juxta
1216 4146 1524 4204 Coloneam
1556 4149 1900 4221 Europwam
1930 4148 2083 4205 vallu

2278 4145 2347 4200 ιαὶ
2395 4143 2614 4213 πολλὴν
2660 4139 2809 4209 ἔθετο
2859 4142 3099 4214 σπουδὴν
3143 4145 3476 4221 ἑκπορθῆσαι
3525 4143 3588 4198 τὸ
3637 4137 3753 4195 ἄστυ
3799 4135 3872 4192 αὖε

494 4231 767 4299 munivit,
809 4233 1009 4302 ibique
1038 4250 1172 4289 cum
1209 4236 1456 4292 Barbare
1487 4237 1558 4293 de
1606 4238 1766 4309 pacis
1798 4238 2088 4293 condition

2279 4237 2380 4304 Γῆς.
2429 4233 2630 4310 Χρόνον
2687 4231 2744 4289 δδ
2793 4231 3079 4309 διατρίψας
3119 4234 3172 4288 ἐν
3220 4234 3292 4306 τῇ
3319 4229 3617 4307 πολιορκίᾳ
3676 4225 3873 4302 μακρὸν,

495 4321 609 4378 bus
638 4321 943 4394 transegit.
992 4328 1074 4378 Ac
1126 4322 1588 4382 Boemundicum
1621 4326 1841 4383 bellum
1891 4327 2000 4382 hoc
2034 4328 2084 4382 fe

2275 4321 2350 4376 ιαὶ
2389 4322 2637 4385 κακώσας
2689 4323 2784 4395 μὶν
2833 4321 2958 4385 τοὺς
3009 4321 3060 4378 έδ
3109 4326 3178 4397 τῇ
3208 4320 3392 4393 πόλει,
3425 4321 3486 4376 οῦ
3525 4319 3655 4394 μείω
3697 4315 3749 4371 δὲ
3797 4311 3869 4368 καὶ

496 4409 670 4469 modo
700 4409 1092 4484 compositum
1153 4417 1262 4469 est.
1302 4413 1640 4470 Patriarcha
1688 4432 1821 4471 vero
1878 4415 2090 4471 Nicolal

2276 4409 2419 4473 ιύτὸς
2462 4408 2744 4481 κακωθεῖς,
2777 4409 2988 4486 ἀπέγνω
3042 4409 3136 4485 μὶν
3179 4411 3282 4482 τὴν
3329 4413 3427 4464 τοῦ
3459 4405 3751 4485 Δυῤῥαχίου
3790 4401 3870 4471 τήν

499 4499 756 4556 Ecclesia
787 4516 888 4573 per
913 4517 1098 4557 annos
1129 4501 1334 4574 viginti
1367 4508 1588 4575 septem
1621 4504 2093 4576 gubernata,sen¢

2280 4499 2492 4572 ἕλωσιν,
2538 4495 2747 4576 προέϐη
2807 4497 2855 4556 δ’
2902 4499 2979 4563 εἰς
3029 4497 3206 4577 ἕτερα·
3268 4497 3415 4555 ἀλλᾶ
3473 4494 3721 4553 κάκείνων
3774 4488 3874 4561 διή-

498 4587 818 4644 admodum
835 4588 1286 4661 decessitmujus
1302 4592 1480 4646 funus
1493 4591 1810 4663 imperator
1823 4592 2092 4664 magnific

2280 4610 2485 4666 ιαρτεν,
2536 4591 2655 4654 ὅθεν
2709 4583 3145 4665 διαπρεσϐεύεται
3197 4589 3335 4665 πρὸς
3381 4587 3474 4643 τὸν
3518 4582 3874 4660 αὐτοκράτορα,

497 4677 825 4734 honoribus
844 4683 1213 4751 prosecutus,
1265 4679 1448 4735 alium
1478 4682 1536 4736 in
1586 4679 1973 4752 patriarchico
2006 4681 2091 4737 sol

2277 4673 2556 4752 τυμϐάσεις
2592 4683 2788 4750 ζητῶν.
2819 4679 2879 4735 Ὁ
2912 4676 2969 4732 δὲ
2995 4681 3066 4752 τῇ
3111 4676 3470 4751 Θεσσαλονίκῃ
3517 4675 3583 4745 ἦν
3631 4669 3871 4742 ἐνδημῶν,

498 4766 822 4836 collocavit,
847 4783 877 4824 e
916 4766 1056 4824 cleri
1087 4767 1354 4824 Ecclesiae
1408 4785 1652 4826 numero
1687 4767 1853 4825 illum
1890 4770 2092 4842 quider

2276 4768 2352 4824 ιαῖ
2409 4767 2616 4844 ἀπάρας
2663 4767 2862 4832 ἐκεῖθεν
2909 4767 3045 4823 κατὰ
3083 4768 3185 4836 τὴν
3237 4764 3559 4843 Εύρωπαίαν
3598 4759 3870 4820 Κολώνιιαν

499 4856 604 4911 sed
636 4857 863 4914 ordinis
891 4857 1299 4929 diaconorum,
1347 4863 1403 4913 et
1433 4875 1588 4914 unus
1645 4875 1712 4914 ex
1746 4859 2093 4930 patriarchic

2279 4858 2350 4913 τὸν
2406 4829 2625 4934 ’χάρακα
2680 4829 2850 4925 ἔθετο,
2882 4852 3005 4911 ἔνθα
3058 4829 3154 4911 καί
3203 4829 3600 4932 προσωμίλησε
3639 4853 3712 4922 τῷ
3763 4847 3873 4934 βαξς

497 4943 889 5017 principibus,
914 4963 982 5002 ex
1009 4947 1187 5002 fratre
1207 4949 1474 5019 nepotem
1493 4949 1622 5019 ejus
1641 4948 1737 5020 qui
1762 4953 1888 5004 tum
1912 4949 2091 5005 Cbaic

2278 4930 2549 5022 “9‘9"”;
2595 4947 2690 5008 τᾶς
2733 4947 3000 5017 συνθήκας
3046 4949 3156 5000 τῶν
3213 4930 3460 4999 σπονδῶν
3500 4941 3794 5010 ἐποιήσατο.
3821 4930 3872 5022 ᾙ

497 5031 744 5088 donensi
774 5039 1020 5106 praeerat
1051 5035 1340 5106 Ecclesiae,
1392 5035 1449 5090 in
1483 5019 1696 5092 litteris
1736 5043 1858 5093 tum
1892 5038 2091 5110 profan

2277 5019 2360 5089 ιὶν
2394 5033 2486 5089 οῦν
2511 5038 2607 5090 τοῦ
2640 5031 2978 5107 Βαϊμούνδου
3013 5030 3165 5108 μάχη
3201 5031 3345 5088 οὕτω
3374 5052 3492 5094 πως
3521 5024 3801 5084 διελέλυτο.
3821 5019 3871 5075 '0

494 5125 623 5177 tum
657 5122 842 5178 sacris
875 5123 946 5178 ab
979 5125 1133 5180 804
1166 5125 1406 5180 ineunte
1428 5133 1722 5182 versatum
1757 5132 1946 5196 artata,
1979 5143 2088 5198 que

2279 5122 2322 5178 Ξὶ
2352 5127 2699 5199 πατριάρχης
2731 5121 3025 5191 Νικόλαος,
3059 5121 3146 5178 ἰπὶ
3179 5120 3345 5177 εἴκοσι
3373 5119 3510 5197 πρὸς
3561 5117 3689 5172 imi
3721 5111 3873 5168 ἐνιαυ-

495 5210 624 5284 ipse
671 5211 992 5285 imperator
1045 5213 1106 5268 in
1163 5213 1418 5270 Ecclesia
1467 5215 1804 5272 declaravit.
1844 5215 2089 5288 Aliquan

2279 5212 2392 5277 τοὺς
2440 5213 2540 5282 τήν
2590 5211 2909 5280 Ἐκκλησίαν
2963 5211 3166 5283 ΐθύνας,
3212 5210 3304 5266 καὶ
3368 5210 3419 5273 ές
3484 5214 3652 5285 γῆρας
3707 5199 3873 5258 ἐλάσας

1781 5403 1986 5466 Variae
2015 5402 2315 5466 lectiones
2345 5407 2407 5465 et
2434 5408 2626 5466 natm.

574 5561 687 5635 (27)
733 5558 1095 5638 Ἀνδρόνικος.
1124 5561 1547 5638 Andronicus,
1597 5563 1934 5638 Comnenus
1998 5569 2141 5638 Por-
2254 5564 2363 5621 fuit
2383 5565 2567 5633 Irene,
2595 5564 2683 5622 uti
2713 5562 3053 5638 nominatur
3080 5561 3142 5618 in
3171 5549 3385 5638 Typico
3417 5576 3531 5638 ms.
3561 5539 3863 5638 Ψρηαεξξξίί

500 5625 922 5712 ph'yroggiitus
941 5633 1392 5712 sebastocrator,
1414 5636 1594 5712 quiin
1625 5639 1753 5712 ipse
1783 5636 1973 5712 astatis
2002 5637 2094 5692 ﬂon

2263 5641 2352 5705 τῆς
2385 5625 2844 5712 Κεχςιριτωμένης
2873 5636 2944 5696 ab
2975 5635 3140 5693 Irene
3169 5625 3432 5708 Augusta
3484 5634 3542 5689 et
3569 5625 3718 5684 illius
3743 5631 3857 5676 ma-

505 5705 713 5763 contra
735 5706 956 5764 Turcos
984 5705 1211 5762 fortiter
1237 5705 1509 5778 pugnans
1547 5705 1809 5768 interiit:
1841 5709 1978 5766 huic
1999 5723 2146 5767 uxor
2251 5713 2341 5766 tre
2370 5705 2611 5767 conditi.
