4036 6206
431 339 548 400 315

432 575 548 630 que
577 563 835 629 tempus,
867 562 926 612 et
959 571 1228 625 magnam
1260 553 1524 609 autumni
1588 557 1809 622 partem
1870 552 2081 624 exegit,

433 664 501 701 ea
523 662 584 701 re
617 645 694 700 ibi
725 648 1064 716 occupatus,
1096 647 1157 696 ut
1207 659 1339 696 cum
1392 640 1725 696 Manichaais
1783 641 1882 712 qui
1935 645 2085 696 Pau-

434 733 636 790 liciani
665 734 836 804 vulgo
881 733 1178 797 dicuntur,
1237 730 1581 801 disputaret.
1642 734 1808 797 (Nam
1869 747 2085 802 magna

435 825 563 894 ejus
588 823 781 894 gentis
816 819 1132 875 multitudo
1188 819 1269 874 ibi
1336 819 1700 885 versabatur,
1761 836 1794 873 a
1859 819 2085 874 Joanne

435 911 682 966 Zimisce
711 927 780 964 ex
808 909 1042 963 Oriente
1074 906 1132 962 in
1165 923 1234 962 ea
1257 906 1381 962 ioca
1416 907 1718 977 translata)
1761 922 2085 977 eorumque

437 1000 654 1055 multos
685 1000 757 1052 ad
789 997 1171 1052 orthodoxam
1223 996 1397 1050 fidem
1455 996 1738 1050 traduxit.
1787 998 2084 1050 Autumno

433 1089 558 1158 jam
591 1085 778 1142 medio
814 1086 931 1140 fere
979 1089 1199 1150 exacto,
1258 1083 1317 1138 in
1377 1088 1594 1155 regiam
1655 1089 1744 1140 est
1796 1100 2084 1140 reversus.

442 1175 590 1239 Quia
617 1191 749 1230 vero
781 1173 1123 1245 imperatrix
1145 1171 1395 1227 multum
1431 1173 1858 1244 poterat,etiam
1889 1171 2088 1244 generi

440 1266 568 1336 ejus
607 1263 873 1335 Bryennii
916 1277 1128 1334 magna
1157 1267 1281 1316 erat
1329 1261 1606 1332 potentia,
1639 1278 1704 1316 ac
1743 1262 1868 1332 jam
1914 1260 2086 1334 vulgo

439 1353 686 1422 celebre,
720 1351 880 1406 illius
909 1356 1058 1406 nutu
1091 1351 1147 1405 in
1181 1349 1340 1422 regia
1369 1350 1489 1422 geri
1513 1350 1933 1414 omnia.0uare
1958 1367 2084 1405 om-

436 1457 542 1497 nes
571 1441 642 1496 ad
675 1456 808 1496 eum
842 1456 904 1495 se
933 1439 1332 1504 conferebant,
1359 1437 1516 1508 juris
1547 1438 1808 1504 dicundi,
1867 1443 1925 1494 et
1982 1454 2085 1510 pro

435 1529 670 1602 imperii
689 1529 1034 1584 auctoritate
1055 1528 1376 1583 sententias
1406 1528 1625 1582 ferendi
1650 1531 1933 1598 potestate
1950 1544 2089 1598 prte-

435 1618 790 1673 ditum.Erat
820 1621 1011 1672 autem
1041 1621 1097 1670 et
1118 1616 1242 1686 ipse
1257 1615 1474 1670 studiis
1501 1615 1901 1670 doctrinarum
1929 1615 2089 1670 dedi-

435 1710 617 1774 tus,et
639 1723 782 1761 uxor
811 1706 940 1776 ejus
969 1705 1027 1759 in
1061 1704 1270 1760 iisdem
1303 1720 1541 1775 operam
1566 1704 1745 1760 nihilo
1775 1705 2086 1771 minorem,

433 1813 500 1853 ac
533 1795 726 1867 potius
757 1796 1042 1865 majorem
1075 1794 1347 1865 ponebat,
1379 1793 1675 1864 exquisite
1723 1793 2085 1861 atticissans,
2122 1833 2166 1898 Β

436 1882 784 1954 ingenioque
815 1882 1057 1954 praedita
1086 1880 1430 1936 acutissimo
1471 1880 1542 1935 ad
1603 1880 2082 1937 abstrusissimas

438 1988 702 2044 quaeque
731 1969 1279 2042 contemplationes,
1311 1985 1440 2024 eam
1486 1968 1826 2025 facultatem
1868 1970 2082 2042 partim

437 2066 656 2116 natura
689 2060 966 2126 bonitate,
994 2058 1204 2130 partim
1231 2057 1524 2113 industria
1553 2059 2084 2115 consecuta.Af{ixa

435 2150 612 2205 etiam
637 2154 761 2204 erat
791 2147 1432 2215 libris,eteruditorum
1465 2148 1890 2202 consuetudine
1924 2147 2081 2203 haud

435 2238 622 2294 obiter
636 2237 926 2292 utebatur.
954 2235 1070 2292 Hoc
1092 2252 1286 2290 rerum
1311 2251 1554 2290 suarum
1583 2239 1737 2290 statu
1754 2236 1943 2292 Caesar
1962 2253 2082 2292 om-

434 2327 609 2384 nibus
625 2325 841 2398 linguis
855 2323 1350 2388 celebratur.0uaa
1363 2340 1493 2378 cum
1510 2323 1878 2395 imperatoris
1893 2324 2078 2380 lilium

434 2415 826 2486 eumdemque
847 2414 1259 2486 imperatorem
1291 2416 1572 2484 angerent
1619 2417 1675 2468 et
1731 2412 2076 2480 cruciarent,

433 2509 631 2560 tamen
664 2503 968 2559 tolerabat.
992 2503 1102 2558 Sed
1137 2502 1258 2557 hec
1310 2501 1370 2557 in
1431 2517 1740 2574 progressu
1799 2503 2082 2558 orationis

434 2596 820 2665 exponentur.
847 2596 1012 2648 Nune
1044 2609 1176 2647 vero
1205 2609 1273 2647 ea
1303 2591 1650 2659 referantur,
1683 2606 1808 2660 quae
1861 2591 2082 2648 omissa

436 2685 595 2738 sunt.
626 2681 1014 2752 Temporibus
1038 2679 1408 2751 imperatoris
1441 2678 1620 2750 hujus
1670 2677 1858 2736 multa
1911 2681 2083 2736 exsti-

437 2775 559 2826 tere
589 2770 882 2836 incendia,
916 2769 1161 2825 diversis
1193 2767 1356 2823 urbis
1411 2766 1550 2823 locis
1597 2767 1731 2840 igne
1777 2769 2078 2828 desolatis.

440 2859 551 2914 Sed
583 2865 640 2913 et
678 2857 996 2929 aliquando
1023 2873 1196 2912 verno
1218 2861 1479 2928 tempore
1520 2857 1880 2913 vehementis
1925 2859 2080 2914 venti

441 2946 696 3019 procella
727 2963 858 3001 cum
897 2946 1014 3001 alia
1035 2947 1220 3000 multa
1251 2950 1615 3009 corruerunt,
1644 2951 1768 3002 tum
1793 2952 1988 3003 statua
2019 2949 2079 3004 in

434 3035 688 3092 rotunda
720 3034 816 3091 ille
849 3035 1102 3090 maxima
1131 3033 1406 3090 columna
1437 3034 1858 3107 porphyretica,
1884 3036 2080 3094 inforo

437 3125 594 3196 quod
631 3122 920 3180 Placotum
961 3127 1191 3189 vocant,
1221 3124 1468 3194 dejecta,
1508 3123 1726 3180 multos
1773 3127 1873 3196 qui
1931 3127 2078 3183 forte

1791 333 2116 395 JOANNIS
2159 333 2500 396 ZONARJE

433 469 518 526 ris
546 468 782 524 initium
807 468 979 539 juxta
1009 463 1487 538 Philippopolim,
1521 479 1761 520 vernum
1789 463 2076 520 estivum-

2194 461 2552 519 ἐπανετείνετο
2606 459 2891 538 δεῃτήριον
2947 459 3257 518 διδακτικὸν
3302 458 3429 516 ὅτου
3475 457 3664 518 δέοιτο.
3713 470 3781 518 Κα

3701 337 3805 471 ειιξ

2191 552 2380 622 ταῦτα,
2434 552 2668 608 ἐνώπιον
2717 551 2882 607 αὐτοῦ
2924 552 3203 624 τιθέμενα,
3257 549 3501 605 ἐπέταττε
3539 555 3649 612 τοῖς
3697 552 3810 606 ὑπο-

2191 641 2670 715 γραμματεύουσίν
2731 643 2844 715 (29)
2919 640 3147 708 ἐπιέναι,
3205 640 3293 694 καὶ
3352 637 3624 714 γνωρίζειν
3675 641 3808 714 αὐτῷ

2191 730 2287 790 τὰς
2318 730 2552 785 ἑκάστων
2585 729 2850 801 αἰτήσεις.
2903 727 2993 784 καὶ
3047 727 3241 782 αὐτίκα
3286 728 3384 796 τήν
3419 726 3496 801 ἐφ’
3525 727 3715 800 ἑκάστῳ
3739 729 3811 782 ἀν-

2192 819 2458 896 τιγραιρήν
2491 820 2820 896 προσέταττε
2864 817 3126 895 γίνεσθαι,
3172 815 3262 871 καὶ
3297 810 3678 891 βεϐαιουμένην
3703 823 3806 880 τοῖς

2198 903 2478 980 δεομένοις
2522 909 2876 985 παρέχεσθαι,
2938 907 3039 964 Καὶ
3087 907 3234 961 τοῦτ’
3279 904 3368 959 ἐπὶ
3412 903 3604 980 χρόνον
3651 906 3808 962 ἱκανὸν

2193 993 2438 1070 ἐτηρεῖτο
2494 1001 2573 1069 τῷ
2621 995 2998 1071 αὐτοκράτορι.
3051 995 3166 1052 Εἶτ’
3211 992 3364 1058 αὖθις
3409 989 3678 1064 ἀποδημεῖ
3714 1001 3801 1064 τῆς

2196 1081 2538 1154 Βυζαντίδος,
2572 1085 2852 1160 φθίνοντος
2901 1081 3010 1154 ἤδη
3059 1087 3158 1138 τοῦ
3198 1082 3541 1157 μετοπώρου.
3575 1087 3734 1150 Συνῆν
3761 1079 3810 1136 δὲ

2196 1172 2386 1246 ἐκείνῳ
2441 1173 2531 1228 καὶ
2580 1175 2615 1243 ἡ
2673 1170 2981 1248 βασίλισσα,
3013 1170 3104 1226 καὶ
3147 1172 3182 1240 ἡ
3236 1174 3606 1246 γυναικωνῖτις
3658 1171 3810 1226 συνείς

2195 1283 2348 1330 πετο,
2371 1261 2461 1316 καὶ
2495 1261 2618 1337 περὶ
2664 1261 2794 1324 τοὺς
2844 1257 3125 1337 πρόποδας
3184 1264 3280 1314 τοῦ
3331 1257 3490 1330 ὅρους
3536 1261 3631 1312 τοῦ
3660 1264 3816 1314 Παπυ-

2194 1351 2316 1406 κίου
2346 1352 2459 1424 (30)
2507 1355 2867 1421 κατασκηνοῖ.
2927 1350 3091 1406 Ἔνθα
3142 1349 3204 1403 τὸ
3253 1355 3358 1418 τῆς
3387 1345 3529 1422 ὥρας
3555 1345 3814 1423 χειμέριον

2196 1437 2468 1514 διαγαγὼν
2514 1439 2783 1515 παγγενεὶ,
2828 1435 2947 1512 ἄρτι
2997 1436 3279 1512 ἠργμένου
3319 1439 3416 1490 τοῦ
3468 1429 3618 1510 ἔαρος
3647 1435 3818 1492 ἐκεῖθεν

2197 1528 2424 1602 ἀπάρας,
2479 1529 2580 1597 τὴν
2628 1525 3083 1582 Φιλιππούπολιν
3119 1519 3407 1580 κατέλαϐε.
3462 1522 3588 1599 Περὶ
3639 1522 3816 1595 ταύτης

2197 1613 2289 1670 οὖν
2317 1615 2383 1670 τὰ
2414 1616 2538 1690 ὅρια
2585 1616 2613 1670 ὁ
2662 1613 2914 1690 βασιλεὺς
2961 1612 3209 1686 Ἀλέειος
3260 1611 3694 1683 σκηνωσάμενος,
3723 1612 3817 1667 ἐκεῖ

2194 1705 2286 1759 τὸν
2333 1703 2543 1779 ἐαρινόν
2591 1725 2651 1759 τε
2697 1704 2884 1780 καιρὸν
2935 1702 3024 1758 καὶ
3070 1703 3162 1757 τὸν
3209 1703 3441 1776 θέρειον,
3491 1697 3596 1770 ἤδη
3648 1697 3700 1754 δὶ
3740 1699 3814 1755 καὶ

2195 1791 2340 1848 πολὺ
2397 1797 2496 1848 τοῦ
2547 1793 2868 1865 μετοπώρου
2921 1787 3176 1867 διέτριϐε,
3225 1791 3319 1845 καὶ
3368 1789 3436 1858 ἧν
3494 1783 3641 1865 ἔργον
3693 1788 3816 1862 αὐτῷ

2194 1884 2293 1950 τῆς
2338 1881 2509 1936 ἐκεῖσε
2563 1875 2849 1955 διατριϐῆς
2896 1881 2930 1950 ἠ
2999 1879 3135 1953 μετὰ
3187 1884 3296 1935 τῶν
3358 1876 3676 1953 Μανιχαίων
3729 1879 3816 1950 (31)

2193 1967 2448 2043 διάλεξις,
2509 1969 2602 2032 οὓς
2678 1967 3077 2030 Παυλικιάνους
3152 1970 3188 2037 ἡ
3260 1963 3532 2041 δημώδης
3580 1965 3806 2038 ἀνομάζιι

2192 2060 2346 2137 φωνή
2391 2057 2556 2134 (πολὺ
2614 2057 2716 2134 γὰρ
2756 2061 2918 2112 τοῦτο
2973 2057 3036 2112 τὸ
3081 2055 3234 2133 γένος
3288 2056 3342 2110 ἐν
3388 2059 3458 2130 τῇ
3489 2055 3644 2131 χώρᾳ
3665 2055 3806 2128 ταύτῃ

2190 2149 2561 2222 κατῴκισται,
2618 2151 2716 2202 τοῦ
2778 2144 3048 2222 βασιλέως
3105 2146 3366 2201 Ἰὦάννου
3420 2141 3518 2200 τοῖ’)
3572 2148 3811 2215 Τζιμισκῆ

2194 2231 2593 2312 μεταγαγόντος
2644 2235 2704 2290 ἐκ
2751 2241 2852 2304 τῆς
2906 2235 3078 2308 Ἑῲας
3127 2233 3260 2289 αὐτὸ
3308 2234 3410 2288 κάν
3455 2233 3620 2306 ταύτῃ
3648 2231 3813 2307 ἐγκατ-

2191 2327 2541 2400 οικίσαντος),
2601 2325 2681 2388 οἷς
2753 2321 3166 2401 διαλεγόμενος,
3250 2320 3508 2385 πολλοὺς
3563 2321 3689 2398 πρὸς
3725 2320 3807 2389 τὴν

2192 2413 2484 2491 ορθοδοξον
2551 2413 2729 2469 πίστιν
2805 2414 3152 2488 μετήνεγκεν.
3220 2410 3365 2481 Ἤδη
3434 2407 3492 2466 δὲ
3552 2409 3807 2484 μεσοῦντος

2190 2509 2286 2560 σοῦ
2321 2504 2666 2578 μετοπώρου,
2721 2500 3025 2571 ἐπανῆλθεν
3076 2522 3152 2564 εις
3197 2499 3264 2556 τὰ
3312 2497 3583 2576 βασίλεια.
3634 2501 3738 2568 Τῆς
3762 2494 3811 2552 δέ

2193 2591 2515 2670 βασιλίσσης
2561 2592 2696 2668 μέγα
2741 2587 3126 2663 δεδυνημένης,
3181 2588 3270 2645 καὶ
3337 2587 3420 2664 τῷ
3466 2586 3693 2662 κηδεστῇ
3741 2585 3808 2660 τῷ

2188 2682 2458 2757 Βρυεννίῳ
2507 2685 2586 2753 τῷ
2638 2680 2870 2757 Καίσαρι
2929 2677 3123 2749 πολλή
3187 2699 3272 2741 τις
3305 2678 3373 2747 ἦν
3443 2671 3810 2754 ἱσχὺς,καὶδι¹

2187 2770 2390 2827 ἐκείνου
2443 2774 2547 2826 πᾶν
2592 2769 2643 2825 ἐν
2686 2775 2802 2832 τοῖς
2851 2768 3171 2840 ἀνακτόροις
3220 2765 3673 2841 οἷκονομοόμενεν
3742 2764 3809 2820 ἐκ·

2186 2881 2498 2939 πεφωνητο.
2557 2859 2649 2914 Διὸ
2707 2858 2797 2914 καὶ
2860 2859 3054 2920 πάντες
3125 2855 3312 2930 ἐκείνῳ
3364 2854 3686 2932 προσῄεσαν,
3731 2852 3810 2908 καὶ

2189 2949 2422 3018 δικάζειν
2453 2947 2601 3021 αὐτῷ
2639 2946 2995 3022 ἐπιτέτραπτο
3043 2945 3134 3001 καὶ
3187 2945 3496 3022 βασιλικῶς
3525 2943 3809 3017 ἐθεμίστευ-

2189 3059 2301 3096 σεν.
2333 3039 2433 3094 Ἦν
2464 3037 2566 3113 γὰρ
2623 3035 2713 3091 καὶ
2762 3033 2951 3112 λόγοις
3000 3034 3399 3111 προσκείμενος
3447 3036 3556 3107 (32)
3603 3033 3630 3086 ὁ
3671 3031 3809 3106 ἀνὴρ,

2187 3128 2274 3182 καὶ
2325 3128 2358 3196 ὴ
2414 3126 2662 3189 σύνοικος
2719 3122 2776 3180 δέ
2807 3125 2858 3180 οἱ
2908 3121 3062 3178 οὐδὲν
3110 3123 3274 3192 ἦττον
3310 3121 3361 3178 εἴ
3395 3123 3474 3196 μὴ
3505 3121 3590 3177 καὶ
3626 3119 3811 3194 μᾶλλον

435 3211 518 3267 ibi
549 3215 734 3282 erant,
764 3211 1060 3268 contrivit.
1092 3213 1170 3268 Ea
1202 3197 1398 3268 statua
1441 3216 1499 3268 et
1547 3213 1698 3268 mole
1749 3213 1977 3286 ingens,
2023 3221 2077 3272 et

2194 3216 2393 3272 ἐκείνου
2439 3223 2540 3285 τῆς
2587 3213 2639 3270 ἐν
2689 3213 2882 3290 λόγοις
2933 3209 3179 3274 παιδείας
3240 3212 3554 3288 ἀντείχετο,
3608 3211 3692 3265 καὶ
3727 3208 3812 3276 τὴν

435 3299 875 3374 pulchritudine
910 3301 1220 3372 mirabilis,
1251 3317 1391 3356 casu
1434 3299 1532 3356 illo
1583 3299 1642 3355 in
1685 3301 1870 3358 multa
1927 3305 2082 3378 frag-

435 3393 636 3446 menta
664 3394 754 3446 est
772 3389 1153 3446 comminuta.
1187 3389 1312 3445 Alio
1342 3394 1605 3462 tempore
1651 3389 1841 3446 imber
1899 3394 2086 3451 maxi-

442 3495 576 3534 mus
604 3495 672 3535 eo
715 3477 808 3534 die
861 3495 975 3550 quo
1031 3477 1358 3550 principum
1415 3477 1632 3533 Christi
1690 3475 2084 3551 apostolorum

438 3567 589 3623 Petri
613 3571 670 3623 et
701 3567 864 3624 Pauli
899 3567 1180 3624 memoria
1209 3567 1560 3635 celebratur,
1609 3568 1822 3641 erupit,
1881 3587 2084 3645 vespe-

433 3656 602 3728 rique
633 3656 973 3727 auspicatus
1005 3657 1078 3712 ad
1119 3656 1272 3711 idem
1306 3672 1492 3726 usque
1524 3661 1756 3726 tempus
1805 3661 2088 3730 postridie

435 3745 563 3802 sine
592 3745 1032 3802 intermissione
1059 3745 1308 3800 duravit.
1342 3749 1488 3800 Tum
1526 3745 1748 3815 impetu
1799 3764 2086 3819 aquarum

436 3833 625 3890 multa
662 3835 907 3890 aediﬁcia
951 3839 1090 3890 sunt
1138 3835 1380 3905 dejecta,
1441 3841 1498 3890 et
1545 3834 1723 3892 valles
1778 3839 1948 3908 aquis
1998 3857 2086 3896 re-

435 3923 768 3978 dundantes
798 3941 832 3978 a
864 3924 1010 3978 mari
1044 3923 1188 3979 nihil
1233 3924 1663 3996 discreparunt,
1712 3929 1770 3980 et
1821 3926 2089 3984 homines

437 4027 552 4068 non
580 4011 774 4082 pauci,
812 4029 879 4067 ac
910 4012 1107 4067 multa:
1130 4013 1460 4068 animantes
1518 4016 1840 4085 perierunt.
1901 4021 2090 4090 Atque

436 4099 560 4154 hinc
592 4100 673 4154 ita
694 4116 757 4155 se
787 4100 1141 4156 habuerunt.

2189 3303 2435 3382 γλῶτταν
2497 3305 2638 3380 εἶχεν
2693 3298 2934 3379 ἀκριϐῶς
2988 3301 3394 3373 ἀταικίζουσαν,
3443 3299 3532 3355 καὶ
3578 3300 3665 3355 τὸν
3705 3301 3810 3354 νοῦν

2193 3393 2329 3470 πρὸς
2385 3392 2520 3467 ὕψος
2572 3391 2941 3467 θεωρημάτων
3001 3389 3280 3464 ἆξύτατον.
3356 3392 3539 3447 Ταῦτα
3595 3385 3640 3442 δ’
3693 3385 3811 3458 αὐτῇ

2192 3480 2547 3558 προσεγένετο
2601 3479 2813 3559 φύσεως
2873 3477 3091 3550 ὀξύτητι
3147 3477 3239 3532 καὶ
3287 3474 3528 3551 σπουδῇ.
3579 3482 3813 3552 Προσετε-

2191 3571 2347 3641 τήκει
2379 3569 2482 3645 γὰρ
2529 3573 2648 3629 ταῖς
2698 3561 2936 3644 βίϐλοις,
2985 3567 3074 3621 καὶ
3122 3563 3332 3642 λογίοίς
3372 3562 3616 3639 ἀνδράσι,
3653 3561 3734 3618 καὶ
3761 3560 3816 3615 οὗ

2192 3660 2478 3735 παρέργως
2533 3656 2732 3729 ὡμίλει
2793 3655 2998 3719 αὐτοῖς.
3048 3651 3207 3712 Οὕτω
3251 3651 3323 3724 δ’,
3375 3655 3450 3716 ὡς
3494 3651 3716 3729 εἴρηται,
3751 3652 3818 3721 τῷ

2194 3748 2425 3823 Καίσαρι
2477 3751 2584 3800 τῶν
2621 3744 2956 3822 πραγμάτων
3008 3741 3459 3820 συνενεχθέντων,
3520 3740 3607 3796 διὰ
3659 3741 3814 3808 πάσης

2195 3837 2262 3906 ἦν
2291 3835 2546 3912 γλώττης
2581 3828 2844 3907 ᾀδόμενος
2891 3834 2919 3889 ὁ
2969 3833 3126 3910 ἀνηρ.
3161 3835 3346 3908 Τρῦτα
3378 3828 3436 3886 δὶ
3463 3835 3541 3902 τῷ
3573 3827 3816 3906 βασιλέως

2195 3927 2300 3998 υἱῴ
2345 3947 2404 3980 τε
2450 3924 2539 3980 καὶ
2595 3923 2811 3992 βασιλεῖ
2854 3920 3074 3992 πολλὴν
3121 3923 3221 3990 τήν
3274 3920 3511 3996 ἀθυμίαν
3544 3918 3816 3986 ἐνέσταζον,

2195 4016 2285 4070 καὶ
2336 4014 2412 4077 εἰς
2460 4013 2690 4089 ἀγωνίαν
2753 4006 3008 4067 ἐνέϐαλον
3058 4030 3071 4042 ·
3124 4012 3153 4065 ὁ
3209 4007 3267 4066 δὶ
3324 4011 3416 4081 καὶ
3475 4007 3644 4070 οὕτως
3695 4003 3818 4080 ἔχων

2199 4103 2495 4180 ἐκαρτέρει.
2575 4100 2755 4158 Ἀλλᾶ
2807 4102 2875 4156 τὰ
2934 4101 3028 4174 μὲν
3087 4100 3210 4174 περὶ
3267 4097 3479 4154 τούτων
3552 4097 3748 4172 προϊὼν
3797 4093 3821 4147 ὁ

437 4183 614 4261 λόγος
644 4185 946 4258 ἐκϐήσεται,
975 4188 1093 4264 ἄρτι
1128 4185 1184 4242 δὲ
1211 4185 1565 4262 διηγησάσθω
1614 4187 1646 4244 ἃ
1691 4190 2086 4267 παραλέλοιπε.
2129 4191 2343 4250 Πολλοὶ
2395 4191 2530 4248 κατὰ
2578 4190 2704 4254 τοὺς
2749 4192 2849 4260 τῆς
2900 4188 3200 4265 αὖταρχίας
3260 4189 3502 4264 χρόνους
3549 4188 3644 4241 τοῦ
3696 4184 3823 4259 βασι·

439 4272 582 4338 λέως
631 4273 826 4331 τούτου
875 4275 1156 4352 γεγόνασιν
1211 4275 1534 4352 έμπρησμοὶ
1587 4277 1640 4334 έν
1693 4275 1978 4356 διαφόροις
2042 4284 2140 4352 τῆς
2208 4279 2427 4342 πόλεως
2499 4278 2682 4355 μέρεσι
2737 4277 2830 4334 καὶ
2887 4276 3077 4334 πολλά
3119 4275 3323 4348 ταύτης
3377 4273 3714 4348 κατενεμήθη
3765 4269 3819 4324 τὸ

1719 4408 1923 4469 Variae
1952 4409 2250 4472 lectiones
2277 4415 2340 4472 et
2371 4413 2560 4470 notae.

683 4509 1311 4593 Ὑπογραμματεύρυσιν.
1385 4512 1678 4593 Interpres
1759 4530 1795 4568 α
1851 4518 2084 4593 nqtart'ia

2197 4531 2332 4593 nem
2361 4514 2774 4593 _Ci_nnamum,
2821 4513 2940 4593 _lib._
2986 4530 3066 4581 vr,
3122 4513 3298 4593 n.‘6..
3329 4515 3388 4568 et
3437 4511 3694 4593 Nicetam
3755 4504 3818 4593 in

440 4584 648 4638 vertit:
686 4584 884 4639 malim
917 4603 952 4639 α
979 4584 1334 4641 σεεν-ειανίίεε
1375 4599 1512 4639 nam
1570 4584 1680 4640 etsi
1736 4589 1986 4642 notarius
2033 4593 2090 4644 et

440 4657 777 4711 secretaria:
823 4657 978 4712 idem
1023 4657 1169 4711 forte
1215 4654 1414 4710 haberi
1445 4656 1724 4727 possint,
1776 4657 1966 4713 tritior
2021 4674 2089 4716 ea

442 4731 794 4802 tempestate
825 4729 936 4783 fuit
963 4745 1070 4802 vox
1099 4727 1407 4802 posterior,
1443 4725 1575 4782 licet
1605 4728 1704 4799 qui
1736 4727 1948 4801 linguas
1980 4747 2088 4802 pu-

439 4797 945 4862 riori’studebant,
981 4801 1054 4856 ab
1085 4797 1152 4855 ea
1195 4798 1574 4861 abstinerent.
1620 4797 1686 4855 ac
1742 4797 2087 4860 sec'retarios

437 4867 788 4946 yquauattzc
837 4879 902 4946 get
945 4867 1533 4946 ῥπογραμματεύοντας
1575 4871 1691 4946 fere
1719 4888 2088 4946 semperap-

441 4939 749 5014 pellerent1
780 4939 1678 5014 Nicephorus'ConstantinOpol.
1715 4943 1772 4998 in
1791 4939 1932 5003 Ηιῗιι.
1966 4939 2091 5012 Ἀ’ρ-

438 5009 627 5093 τέμιονν
661 5009 1001 5093 Φιλιππικοῦ
1027 5013 1354 5093 γραμματέα
1389 5010 1546 5093 '“oilc
1565 5009 1640 5087 τῇ
1673 5014 1898 5093 Ἰταλῷν
1931 5009 2086 5093 φωνῇ

439 5080 669 5159 καλοῦσι
723 5080 1362 5159 ᾇσηκρῆτις.”ῐεζι;ιὶειιὶιιε
1415 5080 1772 5159 Diacou._in
1819 5080 2084 5159 ejusdem

437 5154 750 5229 Nicephori
798 5153 954 5226 Vita,
988 5176 1044 5229 n.
1093 5153 1166 5213 [ε
1229 5153 1438 5228 Ἐλαχε
1484 5155 1585 5229 γὰρ
1634 5155 1806 5229 αὐτὸν
1842 5153 1938 5228 τὴν
1989 5163 2088 5214 τοῦ

442 5226 796 5304 ὑπογραφέως
836 5227 1214 5304 ⁸ἀποπληροῦν
1262 5226 1592 5304 χρείανριαὶ
1632 5233 1754 5304 τοῖς
1787 5226 2086 5304 βασιλείοις

445 5300 766 5378 μυστηρίοις
814 5300 1231 5378 ,ὑπηρετεῖσθαμ
1266 5300 1345 5356 Et
1397 5316 1454 5354 n.
1485 5300 1566 5355 7:
1617 5303 1728 5378 _'Hv
1788 5300 1890 5378 γὰρ
1949 5302 2086 5378 ὑπο--

437 5369 672 5447 γραφεῦς
710 5445 743 5448 __
770 5376 902 5448 τῶν-
927 5369 1306 5448 ”κρατοόντων
1393 5369 1711 5448 μυστηρίοις
1749 5444 1760 5448 _
1791 5369 2089 5448 ὑπηρετού-

446 5442 627 5530 perac.
659 5445 786 5502 Alia
814 5446 945 5502 vide
983 5442 1043 5501 in
1089 5443 1258 5500 Gloss.
1306 5443 1445 5499 med.
1498 5442 1719 5501 Gracia
1747 5444 1805 5502 in
1836 5442 2086 5517 ν.”’Λση-

441 5531 654 5581 κρητις.

479 5532 779 5661 Τοῦ
836 5586 998 5661 ὅρους
1054 5588 1153 5661 to?»
1198 5582 1805 5661 _Ila1tuxiou:_Papycii
1863 5589 2085 5646 montis

439 5656 648 5714 versus
667 5656 1041 5729 Strymonem
1072 5657 1338 5724 ﬂuvium,
1364 5656 1583 5714 mentio
1613 5656 1714 5716 est
1730 5662 1885 5734 apud
1912 5664 2088 5719 Joan-

2198 4586 2434 4653 Isaacio,
2466 4587 2569 4643 lib.
2604 4603 2690 4658 ιιι,
2723 4576 2781 4642 η’.
2812 4588 2862 4659 1,
2894 4591 2952 4644 et
2981 4576 3475 4641 monasteriorum
3507 4583 3566 4638 in
3587 4597 3651 4638 eo
3695 4576 3815 4634 edi-

2197 4661 2524 4715 flcatorum.

2269 4731 2380 4801 (31)
2413 4729 2562 4783 Μετά
2615 4732 2722 4782 τῶν
2774 4725 3117 4801 Μανιχαίων.
3176 4725 3258 4782 De
3297 4724 3652 4801 Manichaais
3683 4721 3819 4801 circa

2196 4793 2596 4929 Ph'iliggqlim,
2631 4799 2870 4857 consule
2899 4793 3081 4855 Notas
3111 4805 3345 4855 nostras
3375 4798 3448 4853 ad
3497 4793 3815 4856 Alexiadcm,

2196 4889 2330 4929 nec.
2474 4916 2487 4928 .

2239 4891 2330 4929 ΕΩ.
2361 4891 2487 4929 κω.

2196 4891 2604 5018 Ραὲὶῖῖόγοις
2634 4939 3044 5018 προσκείμενος.
3077 4941 3238 5018 Quod
3272 4929 3816 5018 testaturinprimis

2196 5005 2325 5086 θιίιίδ
2367 5005 2566 5086 ἀυέῐῐι
2649 5005 2765 5087 ῥγω
2823 5005 3118 5087 manibus;
3205 5011 3492 5087 habemus
3563 5005 3808 5087 historia,

2197 5083 2351 5144 Petri
2381 5083 2613 5144 Possini
2647 5083 2845 5144 studio
2876 5086 3030 5157 typis
3081 5083 3274 5157 Begiis
3326 5084 3502 5157 edita,
3560 5086 3620 5157 et
3661 5089 3817 5149 quam

2197 5159 2630 5216 Commentario
2687 5155 3136 5214 illustravimus.
3170 5155 3430 5228 ’Nicetas‘
3489 5155 3564 5228 in_
3592 5155 3817 5228 Joanne.

2197 5249 2256 5287 n.
2287 5232 2338 5298 1,
2371 5232 2443 5287 de
2476 5233 2641 5286 lrene
2670 5245 2949 5302 generum
2991 5227 3228 5302 conjugi
3267 5225 3567 5302 Alexioad
3606 5223 3816 5302 imperii

2196 5293 2632 5359 successionem
2670 5293 3040 5374 proponente
3073 5293 3250 5354 ε”.δῖτε
3283 5297 3450 5352 εἷπεῖν
3482 5293 3810 5376 ἱκανώτατον,

2196 5373 2285 5428 καὶ
2347 5373 2444 5429 οὐκ
2525 5371 2785 5429 ἐλάττονα
2865 5367 3286 5429 διαπράξασθαι,
3335 5368 3425 5424 καὶ
3507 5375 3815 5429 μαθημάτων

2195 5373 2285 5428 καὶ
2347 5373 2444 5429 οὐκ
2525 5369 2810 5429 ἐλάττονα⁷
2865 5369 3286 5443 διαπράξασθαι,
3335 5369 3425 5424 καὶ
3507 5369 3812 5438 μαθημάτων

2198 5443 2515 5520 ἐλευθερίων
2581 5443 2958 5520 μετασχόνταλ
3002 5440 3392 5520 ῥρθμίζειν-τρ
3438 5438 3572 5520 ἦθος
3613 5428 3812 5520 εἱδότιιξν

2194 5499 2284 5572 καὶ
2311 5499 2446 5592 χριδς
2487 5499 3200 5592 βασιλείανῆᾀδιάλώϐήτον
3252 5512 3316 5567 οὔ
3352 5499 3558 5588 βραχέα
3588 5499 3812 5579 συναιρό-

2199 5585 2498 5663 μενὸἶτοῖέ
2525 5586 2712 5665 ἄρχειν
2749 5585 3066 5662 μέλλουσιν.
