4036 6206
181 391 280 451 331

1445 380 1856 445 ANNALIUM
1903 381 2051 443 LIB.
2096 383 2315 445 XVIII.

3464 385 3582 446 322

169 523 394 595 ’Δγκῆρι
467 513 686 580 καυθεὶς
761 515 1045 568 πεσεῖται·
1101 510 1298 589 ἀγκῆρι
1377 510 1625 588 λέγοντες
1699 510 1827 574 τοὺς

1954 508 2070 570 vita;
2099 513 2515 588 progredienti.
2549 515 2854 588 Negabant
2883 521 3080 572 tamen
3122 515 3356 587 medici,
3397 516 3579 573 vitam

165 611 490 684 συγγραφεῖς
541 603 778 665 ἐκείνους
834 603 898 658 τὸ
965 598 1214 674 σιδήριον
1287 602 1593 674 ἀπεικάσαι,
1645 598 1714 656 δι’
1770 601 1830 656 οὗ

165 699 249 752 τὸν
278 695 567 769 στόμαχον
594 690 1054 768 καυτηριάζεσθαι
1095 688 1324 746 εἷ’θισται
1375 689 1465 746 διὰ
1512 691 1572 745 τὸ
1631 691 1834 762 κεκάμ-

167 787 283 862 φθαι
339 784 482 858 πρὸς
525 783 589 837 τὸ
634 780 798 855 ἄκρον
843 779 1029 836 αὐτόν.
1087 778 1247 835 Ἀλλ’
1293 777 1406 834 οὗθ’
1453 781 1489 849 ἡ
1544 779 1833 855 καυτηρία,

169 873 281 929 οὔτε
315 874 434 946 μὴν
462 875 498 942 ἡ
529 875 626 927 105
660 869 817 946 ἀέρος
850 867 1124 945 ἒναλλαγή
1175 873 1257 941 τῷ
1301 867 1569 940 κάμνοντί
1613 889 1665 923 τι
1713 867 1837 923 έλυ-

169 960 485 1032 σιτέλησαν,
519 959 701 1035 ἠρέμα
734 956 793 1014 δὲ
840 959 975 1034 πρὸς
1033 961 1094 1012 τὸ
1141 955 1301 1019 τέλος
1347 955 1572 1032 ἐχώρει,
1608 953 1731 1012 οὔτε
1781 952 1841 1011 δὲ

171 1053 215 1108 0':
245 1051 434 1126 ἰατροὶ
467 1049 810 1123 ἀπεγνῶσθαι
867 1047 1016 1120 αὐτῷ
1072 1047 1135 1101 τὸ
1180 1047 1448 1120 βιώσιμον
1491 1044 1705 1122 ἔλεγον
1750 1066 1841 1128 καί

167 1161 298 1201 τινες
339 1137 594 1213 μοναχοὶ
641 1133 950 1211 προῦλεγον
1000 1136 1148 1208 αὒτῷ
1200 1137 1276 1207 μή
1328 1133 1516 1197 ἄλλως
1575 1133 1842 1215 ἐκλιπεῖν,

169 1231 209 1285 εἰ
283 1231 371 1302 μή
457 1225 724 1304 πρότερον
799 1226 936 1302 πρὸς
987 1221 1354 1301 Ἰερουσαλὴμ
1425 1223 1688 1300 ἀφίκηται
1768 1221 1844 1284 εἷς

166 1317 544 1393 προσκύνησιν
592 1320 689 1371 105
754 1313 1045 1391 ζωηφόρου
1101 1314 1276 1390 τάφου
1329 1317 1425 1368 τοῦ
1483 1311 1689 1388 Κυρίου
1747 1315 1840 1369 καὶ

169 1415 441 1480 Σωτῆρος
501 1409 685 1478 ἡμῶν,
719 1405 860 1459 ὅπου
917 1403 1010 1458 καὶ
1065 1403 1129 1458 τὸ
1179 1399 1425 1474 διάδημα
1455 1400 1614 1456 αὐτὸν
1649 1399 1846 1463 ἀποθέ-

1941 603 2070 674 ejus
2099 619 2230 660 esse
2259 603 2659 675 deploratam:
2694 621 2761 660 ac
2793 605 3069 661 monachi
3099 605 3336 676 quidam
3374 605 3582 677 praedi-

1943 692 2154 748 cebant
2183 693 2255 761 ei,
2290 710 2405 749 non
2437 693 2790 750 moriturum
2817 694 3162 766 priusquam
3185 693 3586 766 Hierosolyma

1942 781 2200 837 venisset
2228 783 2298 837 ad
2326 781 2616 838 viviﬁcum
2666 783 3000 854 sepulcrum
3035 782 3266 839 Domini
3297 787 3354 838 et
3379 784 3586 839 Serva-

1946 871 2090 926 toris
2120 871 2337 926 nostris
2355 871 2742 938 adorandum,
2768 872 2867 926 ubi
2885 871 3156 927 diadema
3179 873 3582 944 depositurum

1949 975 2084 1014 eum
2114 959 2616 1015 vaticinabantur:
2652 975 2901 1030 quorum
2932 959 3030 1015 ille
3077 959 3351 1031 pollicitis
3383 961 3582 1015 crede-

1949 1048 2068 1103 bat.
2104 1048 2250 1103 Nam
2284 1047 2598 1104 orationem
2658 1064 2784 1118 quae
2814 1049 2985 1104 nobis
3039 1049 3197 1104 cordi
3253 1053 3360 1116 est,
3420 1048 3591 1104 facile

1953 1138 2332 1208 comprobare
2361 1138 2640 1193 solemus.
2675 1139 2759 1193 Ita
2788 1153 2889 1209 per
2918 1138 3305 1209 imposturam
3328 1154 3442 1193 non
3465 1139 3594 1194 ani-

1955 1225 2268 1281 madvertit
2297 1242 2360 1282 se
2389 1227 2519 1281 vitae
2551 1226 2728 1281 finem
2769 1225 3051 1297 attigisse,
3085 1230 3398 1296 antequam
3458 1226 3590 1282 Hie-

1955 1313 2248 1384 rosolyma
2289 1314 2639 1386 perveniret,
2697 1314 3024 1370 diademate
3083 1330 3423 1386 quanquam
3481 1331 3596 1371 non

1958 1401 2112 1456 ultro
2165 1401 2388 1474 posito:
2455 1401 2564 1458 etsi
2623 1401 2737 1457 dici
2786 1400 2940 1457 308
2981 1406 3156 1472 queat
3211 1402 3282 1456 ad
3341 1418 3599 1473 superna

1958 1489 2358 1561 Hierosolyma
2388 1489 2681 1561 profectus
2729 1506 2878 1555 esse,
2913 1490 3436 1562 primogenitorum
3472 1506 3600 1546 me-

1957 1577 2252 1648 tropolim,
2283 1577 2383 1650 qui
2413 1578 2640 1634 suntin
2701 1577 2860 1634 cmlis
2916 1577 3204 1650 inscripti.
3241 1578 3424 1652 Igitur
3479 1581 3603 1634 Au-

1959 1667 2200 1739 gustixv
2221 1668 2542 1722 undecimae
2570 1667 2930 1732 indictionis,
2959 1669 3602 1738 Augustusexlremum

1961 1755 2206 1812 ducebat
2238 1757 2533 1828 spiritum,
2567 1757 2666 1828 qui
2719 1774 2849 1811 cum
2882 1757 3151 1812 crebrum
3184 1756 3605 1829 inﬁrmumque

167 1499 276 1552 σθαι
366 1493 600 1567 μέλλειν
678 1491 1161 1568 έχρησμολόγουν.
1221 1491 1325 1546 Καὶ
1400 1490 1452 1545 οἱ
1518 1491 1612 1563 μὲν
1675 1493 1843 1543 ταῦτα

165 1585 307 1657 αύτῷ
342 1581 792 1660 ἐπηγγέλλοντο,
827 1582 854 1636 6
891 1579 948 1636 δὲ
990 1585 1111 1642 τοῖς
1168 1579 1492 1655 λεγομένοις
1553 1577 1844 1645 ἐπίστευεν,

163 1682 218 1732 Ὀ
267 1675 392 1749 γὰρ
442 1676 581 1746 ἡμῖν
629 1672 767 1744 πρὸς
814 1667 1044 1746 βουλῆς,
1078 1673 1240 1723 10510
1290 1665 1473 1743 ῥᾴδιον
1528 1666 1606 1730 εἷς
1664 1665 1842 1721 πίστιν

163 1761 714 1838 καταγγελλόμενον.
764 1758 924 1817 Οὕτω
995 1755 1053 1813 δὲ
1119 1757 1492 1830 κλεπτόμενος
1561 1752 1722 1820 ἔλαθε
1773 1759 1852 1828 τῷ

162 1852 308 1907 τέλει
368 1849 742 1925 προσεγγίσας
796 1855 898 1918 τῆς
955 1848 1174 1923 βιοτῆς,
1201 1847 1290 1901 καὶ
1338 1848 1444 1922 πρὸ
1488 1853 1590 1915 τῆς
1649 1845 1724 1908 εἷς
1761 1845 1840 1901 Ἰε.

1960 1846 2199 1900 trahens
2231 1844 2550 1900 anhelitum
2575 1847 2816 1916 jaceret,
2857 1845 3197 1916 imperatrix
3228 1862 3473 1902 maerore
3498 1863 3606 1919 op-

167 1938 477 2017 ρουσαλὴμ
539 1938 796 2017 ἀφίξεως,
844 1935 1203 2009 ἀποθέμενος,
1252 1932 1379 1990 ἀλλ’
1426 1933 1535 2010 οὐχ
1579 1935 1739 2002 ἑκὼν,
1787 1939 1840 1992 τε

1963 1950 2164 2005 pressa
2194 1934 2412 1999 aderat,
2437 1934 2672 1990 ﬁliabus
2694 1935 2868 1989 etiam
2888 1934 3300 2006 praesentibus.
3319 1939 3448 1990 Jam
3477 1951 3600 1989 ma-

168 2027 446 2102 διάδημα.
499 2027 605 2097 Εἶή
668 2024 716 2080 δ’
769 2026 944 2080 εἰπεῖν
999 2024 1138 2100 πρὸς
1184 2025 1283 2092 τὴν
1334 2021 1444 2078 ἅνω
1491 2020 1840 2096 Ἰερουσαλὴμ

1954 2023 2081 2093 jore
2113 2022 2224 2078 diei
2260 2027 2421 2092 parte
2477 2028 2695 2089 exacta,
2728 2039 2861 2078 cum
2920 2023 3002 2078 sol
3056 2040 3165 2077 non
3201 2041 3375 2096 supra
3428 2026 3606 2095 caput

168 2119 524 2192 ἐκδημήσας,
574 2118 675 2184 τήν
727 2115 838 2170 τῶν
896 2113 1257 2190 πρωτοτόκων
1328 2111 1693 2188 μητρόπολιν,
1744 2115 1840 2164 τῶν

1961 2115 2162 2180 staret,
2195 2129 2299 2167 nec
2323 2113 2410 2184 (ut
2440 2112 2520 2166 ita
2551 2113 2759 2183 dicam)
2818 2112 2888 2167 ad
2950 2112 3454 2184 perpendiculum,
3498 2113 3600 2169 sed

171 2203 691 2282 ἀπογεγραμμένων
753 2203 804 2258 έν
871 2201 1144 2279 οὐρανοῖς.
1204 2199 1694 2270 Πεντεκαιδεκάτην
1759 2198 1840 2272 μὶη

1962 2201 2228 2256 nonnihil
2256 2201 2572 2256 inclinatus
2623 2201 2694 2255 ad
2728 2217 3003 2256 occasum
3035 2201 3318 2267 tenderet,
3351 2201 3603 2271 impera-

1959 2291 2103 2346 toris
2135 2289 2285 2345 filios
2315 2289 2698 2357 signiﬁcatur,
2733 2295 2955 2360 patrem
2997 2305 3166 2362 agere
3214 2289 3494 2344 animam.
3539 2290 3604 2343 in

1961 2395 2201 2452 gressus
2230 2378 2411 2449 igitur
2429 2379 2600 2443 mdes,
2628 2381 2686 2432 in
2711 2377 2926 2448 quibus
2951 2379 3338 2433 moribundus
3361 2379 3602 2434 decum-

1962 2469 2155 2536 bebat,
2190 2485 2302 2522 non
2339 2472 2399 2522 ut
2448 2467 2820 2521 decedentem
2881 2465 3227 2537 deploraret,
3259 2469 3356 2521 sed
3417 2472 3479 2521 ut
3531 2466 3605 2521 de

1959 2559 2087 2628 ejus
2117 2561 2304 2612 morte
2334 2555 2544 2610 certior
2575 2555 2932 2623 redderetur,
2965 2569 3031 2608 eo
3062 2555 3183 2609 viso
3214 2554 3412 2609 statim
3439 2553 3601 2625 exiit,

1960 2651 2018 2701 et
2048 2661 2198 2717 equo
2229 2660 2568 2710 conscenso,
2604 2660 2734 2698 cum
2798 2659 2905 2698 suo
2963 2643 3241 2698 comitatu
3291 2649 3349 2699 et
3396 2642 3602 2699 multis

1959 2737 2112 2805 aliis,
2145 2735 2451 2808 Manganis
2480 2735 2746 2790 excessit.
2779 2734 2902 2798 Quo
2952 2735 3100 2789 facto
3133 2733 3327 2789 statim
3359 2733 3600 2805 Abasgi,

1959 2827 2057 2895 qui
2090 2825 2293 2898 puella:
2324 2841 2390 2880 ex
2435 2823 2690 2895 Abasgia
2735 2824 3022 2892 adductae,
3058 2827 3121 2878 ut
3152 2827 3290 2878 natu
3335 2823 3591 2878 maximo

169 2300 194 2353 6
250 2294 582 2370 Αὔγουστος
643 2296 745 2369 ἦγε
809 2299 908 2361 τῆς
974 2287 1260 2359 ἑνδεκάτης
1320 2289 1712 2363 έπινεμήσεως,
1761 2287 1852 2342 καὶ

163 2389 238 2441 τὰ
283 2383 583 2440 τελευταῖα
650 2379 800 2436 ἔπνει
845 2381 872 2436 6
925 2376 1252 2455 Αὔγουστος,
1301 2377 1390 2432 καὶ
1441 2379 1468 2432 ὁ
1520 2378 1614 2452 μὲν
1678 2371 1851 2431 ἔκειτο

166 2474 462 2552 ἀναφέρων
533 2472 598 2526 16
649 2472 827 2543 ἆσθμα
882 2469 1084 2524 πυκνόν
1137 2489 1192 2522 τι
1243 2467 1334 2522 καὶ
1393 2465 1631 2542 ἀδρανές.
1681 2468 1745 2522 Ἡ
1797 2463 1853 2521 δέ

168 2585 236 2638 γε
269 2548 572 2639 βασίλισσα
623 2557 729 2629 ὅλη
782 2562 878 2613 105
920 2559 1127 2621 πάθους
1171 2556 1257 2626 ἦν,
1289 2555 1379 2611 καὶ
1438 2562 1670 2625 συνῆκτο
1725 2548 1851 2629 περῖ

174 2652 351 2721 αὐτὴν
409 2650 482 2705 τά
526 2648 804 2725 θυγάτρια.
839 2644 984 2717 ’Ἤδη
1041 2646 1136 2719 μὶν
1187 2643 1277 2699 οὖν
1321 2651 1423 2714 τῆς
1475 2643 1683 2720 ἡμέρας
1714 2663 1851 2718 παρ-

174 2739 452 2811 εληλύθει
502 2738 565 2792 τὸ
611 2736 805 2809 πλέον,
836 2736 924 2790 καὶ
974 2736 1002 2789 ὁ
1050 2731 1212 2804 ἥλιος
1259 2735 1368 2809 οὐχ
1420 2733 1552 2810 ὑπὲρ
1604 2731 1849 2809 κεφαλῆς

171 2832 246 2898 ἦν
299 2827 496 2894 ἑστὼς,
530 2823 645 2881 οὐδ’
678 2827 794 2880 οἷον
844 2823 1010 2880 εἰπεῖν
1063 2824 1198 2878 κατὰ
1244 2822 1467 2886 κάθετον
1512 2819 1640 2877 ἀλλ’
1670 2820 1850 2879 ἐκλίν-

175 2921 246 2989 θη
297 2914 488 2993 βραχύ
535 2936 588 2970 τι
636 2913 840 2969 κατιὼν
889 2913 1027 2987 πρὸς
1057 2909 1285 2984 δυσμὰς,
1315 2910 1406 2965 καὶ
1461 2908 1722 2981 δηλοῦται
1770 2915 1850 2983 τῷ

175 3012 278 3061 105
335 3003 616 3082 βασιλέως
688 3004 792 3075 υἱῷ
837 3002 927 3056 καὶ
991 2999 1208 3077 βασιλεῖ
1262 2997 1503 3054 ἐκλιπεῖν
1572 3000 1691 3074 ἄρτι
1756 3000 1851 3054 τὸν

178 3096 423 3170 πατέρα.
457 3098 512 3147 '0
570 3090 615 3147 δ’
647 3091 816 3164 εἰσῄει
856 3090 949 3145 τὸν
997 3091 1163 3157 οἶκον,
1209 3085 1334 3153 ἔνθα
1380 3110 1480 3166 περ
1525 3090 1552 3143 ὁ
1606 3090 1853 3159 θνήσκων

186 3184 501 3253 κατέκειτο,
534 3178 650 3235 οὔτι
695 3181 786 3234 τὸν
839 3180 1065 3234 ἀπιόντα
1115 3180 1426 3253 θρηνήσων,
1458 3178 1520 3232 τὸ
1561 3175 1618 3232 δὲ
1659 3177 1848 3232 πιστὸν

1959 2914 2200 2971 Caesaris
2245 2914 2362 2969 filio
2418 2918 2687 2984 nupturas
2746 2911 3008 2983 adjuncti
3059 2913 3309 2982 fuerant,
3369 2912 3601 2968 obviam

1959 3003 2120 3070 tacti,
2153 3003 2383 3059 sublato
2407 3002 2655 3057 clamore
2705 3017 2834 3056 eum
2869 3002 3204 3056 adorarunt.
3239 3003 3388 3056 Tum
3441 2999 3608 3056 aiunt

1957 3093 2391 3164 imperatricem
2421 3090 2526 3145 [iiii
2557 3090 2885 3146 discessum
2944 3090 3215 3145 morienti
3263 3087 3606 3162 imperatori

1959 3180 2224 3236 dolenter
2282 3196 2589 3235 narrasse:
2623 3195 2757 3235 eum
2791 3196 2923 3234 vero
2955 3180 3024 3234 ad
3059 3179 3117 3233 ib
3169 3179 3316 3234 nihil
3360 3194 3608 3251 respon-

176 3270 284 3327 τοῦ
345 3248 599 3340 θνήσκειν
649 3268 851 3323 ἐκεῖνον
899 3272 968 3341 τῇ
1023 3248 1158 3341 ὕψει,
1195 3248 1530 3340 ληψόμενος.
1565 3267 1663 3320 Καὶ
1720 3263 1840 3320 ἰδὼν

1959 3271 2136 3336 disse,
2172 3287 2272 3325 seu
2307 3287 2419 3324 non
2452 3267 2644 3331 vellet,
2678 3285 2777 3322 seu
2842 3284 2953 3322 non
2989 3273 3226 3339 posset:
3261 3269 3362 3322 sed
3396 3283 3607 3323 manus

178 3360 384 3415 αὐτίκα
445 3356 660 3429 ἐξῆλθε,
718 3357 806 3411 καὶ
866 3350 1064 3420 ἀναϐὰς
1137 3357 1226 3410 τὸν
1288 3353 1482 3426 ἵππον,
1543 3353 1684 3427 ἐξῄει
1741 3359 1848 3408 τῶν

189 3449 502 3524 Μαγγάνων
553 3445 646 3501 σὺν
693 3450 811 3508 τοῖς
856 3446 978 3521 περὶ
1039 3444 1223 3511 αὐτὸν,
1274 3442 1462 3514 ἐξιόντι
1517 3440 1575 3498 δὲ
1641 3441 1845 3499 πολλοὶ

188 3538 650 3611 συναπήχθησαν.
709 3537 870 3607 ’Ἄρτι
920 3531 968 3588 δ’
1026 3532 1296 3605 ἐξελθόντι
1343 3533 1434 3587 τὸν
1479 3537 1585 3587 τῶν
1627 3532 1844 3610 Μαγγά-

181 3647 290 3681 νων
379 3619 679 3699 περίϐολον
748 3627 1166 3699 προϋπαντῶσιν
1231 3623 1284 3676 οἱ
1339 3617 1641 3696 Άϐασγοί·
1693 3623 1842 3677 οὗτοι

187 3713 232 3770 δ’
278 3716 416 3784 ἦσαν
471 3715 524 3767 οἳ
580 3716 650 3787 τῇ
706 3711 758 3784 ἐξ
814 3706 1098 3788 Ἀὄασγίας
1145 3709 1467 3785 κομισθείσῃ
1517 3707 1694 3781 παιδὶ,
1752 3709 1842 3765 καὶ

184 3803 570 3881 νυμφευομέγῃ
626 3806 705 3875 τῷ
760 3800 969 3875 μείζονι
1043 3804 1151 3854 τῶν
1215 3798 1372 3854 υἱέων
1421 3804 1518 3854 τοῦ
1579 3798 1843 3875 Καίσαρος

193 3891 389 3948 ἒκιίθεν
464 3889 958 3961 συναπεστάλησαν,
1021 3890 1108 3944 καὶ
1190 3889 1578 3958 ὑπαντηκότες,
1640 3887 1845 3960 ἐπηλά-

1958 3357 2294 3427 sustulisse,
2318 3357 2472 3411 haud
2529 3356 2672 3422 scio,
2732 3357 2876 3411 bene
2926 3374 2996 3411 an
3059 3356 3213 3412 male
3271 3361 3604 3428 precantem

1956 3448 2096 3503 filio.
2120 3447 2229 3502 Alii
2249 3463 2462 3502 manus
2479 3462 2608 3501 eum
2635 3445 2948 3501 sustulisse
2974 3451 3209 3518 negant,
3229 3461 3416 3516 neque
3440 3445 3600 3501 enim

1955 3537 2011 3591 id
2050 3537 2236 3592 facere
2269 3535 2527 3606 potuisse
2559 3535 2927 3601 morientem,
2962 3535 3062 3590 sed
3097 3533 3466 3606 imperatrice
3489 3551 3596 3589 saa-

1953 3627 2087 3699 pius
2117 3623 2487 3690 vociferante,
2521 3623 2674 3678 abire
2701 3623 2903 3694 ﬁlium,
2937 3624 2990 3678 ei
3039 3624 3246 3679 viventi
3275 3631 3594 3694 erepturum

1952 3716 2265 3787 imperium,
2317 3712 2483 3768 illum
2563 3728 2770 3783 parum
2832 3711 3195 3783 obscureque
3254 3711 3592 3778 subrisisse,

1952 3805 2071 3860 sive
2091 3820 2217 3859 eam
2242 3802 2562 3858 orationem
2591 3801 2974 3869 deridentem,
2999 3801 3048 3856 si
3082 3807 3384 3872 putaretur
3402 3801 3593 3857 adhuc

1951 3895 2023 3949 de
2055 3891 2298 3963 imperio
2357 3889 2646 3945 sollicitus
2703 3906 2832 3944 esse
2878 3891 3203 3961 exspirans,
3245 3896 3596 3961 terrenaque

188 3981 348 4052 λαξάν
379 4002 441 4036 τε
469 3980 560 4034 καὶ
619 3979 1045 4056 προσεκύνησαν.
1079 3978 1218 4036 Τότε
1260 3975 1387 4056 φασὶ
1430 3979 1530 4047 τὴν
1589 3975 1840 4054 βασιλίδα

1954 3984 2069 4055 jam
2097 3980 2447 4036 relicturus:
2508 3980 2630 4035 sive
2677 3979 2816 4050 quid
2879 3979 2950 4034 de
3007 3978 3105 4034 illo
3136 3982 3288 4035 tacto
3327 3979 3595 4048 sentiret,

187 4076 262 4125 τῶ
311 4072 606 4140 θνήσκοντι
676 4068 892 4144 βασιλεῖ
961 4069 1274 4142 περιπαθῶς
1347 4066 1677 4143 ἀπαγγεῖλαι
1739 4069 1838 4137 τὴν

187 4163 273 4212 105
330 4157 495 4219 υἱέως
554 4157 863 4225 ἀπέλευσιν,
905 4157 996 4212 τὸν
1056 4154 1114 4210 δὲ
1169 4155 1489 4232 φθέγξασθαι
1550 4156 1644 4229 μὲν
1702 4157 1840 4232 πρὸς

185 4252 338 4302 10510
405 4243 598 4320 μηδὲν,
652 4245 687 4315 ἢ
753 4247 827 4319 μὴ
891 4243 1230 4321 βουλόμενον
1289 4244 1324 4312 ἢ
1376 4245 1451 4317 μὴ
1507 4242 1838 4318 δυνάμενον’

187 4334 360 4412 διᾶραι
419 4333 476 4390 δὲ
527 4334 622 4398 τὰς
679 4339 871 4410 χεῖρας
923 4333 1086 4407 ὑψοῦ,
1121 4331 1221 4387 οὐκ
1276 4329 1504 4397 οἶδἐ”θ’
1540 4333 1837 4410 ὑπερευχό-

187 4446 340 4497 μενον
382 4428 483 4478 105
549 4423 692 4491 υἱοῦ,
746 4419 852 4476 εἷ’τε
899 4421 1007 4494 μὴν
1050 4419 1476 4496 κατευχόμενον.
1521 4423 1736 4496 ’Έτεροι
1783 4422 1840 4478 δέ

183 4536 303 4592 φασι
339 4515 421 4587 μὴ
454 4513 552 4575 τᾶς
604 4517 796 4587 χεῖρας
837 4508 1017 4587 διειραί
1059 4509 1150 4565 τὸν
1201 4511 1520 4581 θνήσκοντα,
1549 4508 1692 4583 μηδὲ
1734 4512 1836 4588 γὰρ

1951 4071 2329 4128 indicantem.
2360 4069 2506 4124 Nam
2537 4074 2592 4124 et
2622 4069 2694 4124 ab
2725 4067 2858 4124 aliis
2888 4072 2946 4124 et
2973 4069 3045 4124 ab
3099 4068 3228 4140 ipso
3271 4067 3593 4142 Porphyro-

1951 4161 2148 4234 genito
2179 4159 2529 4231 imperatore
2557 4156 2925 4224 narrabatur,
2957 4175 3090 4214 eum
3124 4175 3239 4213 non
3265 4157 3391 4214 sine
3412 4157 3595 4230 patris

1951 4247 2195 4306 consilio
2222 4247 2442 4318 regiam
2476 4262 2603 4301 esse
2634 4246 2995 4317 ingressum,
3029 4247 3128 4302 sed
3162 4248 3381 4302 exitum
3406 4246 3593 4302 abillo

1950 4338 2002 4395 ei
2019 4338 2202 4393 fuisse
2227 4352 2604 4392 concessum:
2630 4337 2800 4406 cujus
2817 4335 2895 4390 rei
2921 4339 3206 4391 tesseram
3232 4335 3392 4390 illius
3409 4351 3595 4390 annu-

1950 4427 2073 4484 lum
2106 4425 2461 4497 accepisset:
2496 4441 2679 4496 eaque
2729 4425 2881 4480 tacta
2938 4440 3067 4480 esse
3125 4425 3362 4480 absente
3410 4422 3595 4495 impe-

1951 4517 2184 4584 ratrice,
2216 4518 2273 4569 et
2302 4512 2402 4568 illa
2431 4511 2757 4584 ignorante.
2791 4512 2934 4567 Cum
2993 4512 3172 4584 igitur
3202 4511 3406 4579 abiret,
3439 4511 3596 4566 fama

183 4603 290 4657 οἷόν
322 4603 372 4658 τ’
408 4601 545 4656 εἶναι
577 4598 683 4671 ἤδη
745 4599 1084 4664 ἐκλείποντα.
1119 4601 1234 4667 Τῆς
1277 4595 1334 4653 δὲ
1383 4596 1664 4674 βασιλίδος
1707 4599 1840 4656 πολ-

1954 4606 2093 4679 quid
2128 4609 2322 4659 actum
2354 4606 2535 4670 esset,
2567 4600 2829 4656 celeriter
2887 4600 3244 4672 divulgante,
3304 4601 3373 4653 ad
3433 4599 3592 4654 hunc

183 4691 337 4755 λάκις
398 4682 832 4765 ἀνακραγούσης,
892 4689 968 4751 ὡς
1023 4691 1270 4744 ’Ἀπεισιν
1331 4687 1358 4741 6
1415 4687 1531 4750 υἱός
1598 4709 1694 4743 σου
1761 4689 1837 4746 ἔτι

1954 4697 2362 4766 imperatorem
2395 4695 2450 4745 et
2481 4689 2735 4761 cognati,
2782 4695 2838 4744 et
2863 4705 2931 4745 ex
2957 4687 3210 4744 tribunis
3252 4687 3508 4742 militum
3537 4690 3596 4742 et

184 4782 356 4849 ζῶντά
440 4800 500 4833 σε
563 4779 661 4848 τήν
744 4776 1020 4854 βασιλείαν
1099 4777 1556 4854 ἀφαιρησόμενος,
1633 4776 1837 4838 ἐκεῖνον

1954 4801 2020 4840 ex
2051 4785 2254 4838 senatu
2279 4777 2449 4834 multi
2473 4793 2534 4834 se
2557 4779 2952 4833 contulerunt.

186 4865 573 4942 ὑπομειδιᾶσαι
633 4867 811 4942 βραχύ
865 4889 916 4922 τι
971 4866 1061 4921 καὶ
1117 4864 1383 4942 ἀμυδρὸν,
1442 4865 1478 4935 ἢ
1530 4870 1637 4921 τῶν
1683 4865 1994 4946 λεγομένων
2055 4865 2456 4944 καταγελῶντα,
2513 4863 2561 4918 εἴ
2612 4864 2894 4937 νομίζοιτο
2958 4863 3081 4939 περὶ
3145 4869 3248 4932 τῆς
3318 4861 3593 4940 βασιλείας

184 4958 488 5034 φροντίζειν
542 4955 777 5011 ἐκπνέων
832 4953 939 5027 ήδη
1001 4956 1091 5010 καὶ
1161 4959 1269 5010 τῶν
1337 4959 1539 5030 νεκρῶν
1623 4959 2034 5035 μεθιστάμενος,
2093 4958 2128 5027 ἢ
2185 4958 2284 5026 τήν
2338 4957 2436 5020 τῆς
2494 4955 2679 5029 ψυχῆς
2736 4953 2822 5008 ἐπὶ
2871 4958 2950 5026 τῷ
3018 4951 3376 5030 πραττομένῳ
3425 4950 3600 5008 διάθε-

185 5068 259 5102 σιν
320 5045 754 5124 ὑπεμφαίνοντα.
811 5045 1064 5120 Ἐλέγετο
1119 5043 1218 5121 γάρ
1275 5066 1362 5100 τοι
1416 5044 1507 5099 καὶ
1555 5047 1682 5122 παρ’
1711 5045 1902 5105 ἄλλων
1959 5047 2049 5104 καὶ
2107 5047 2233 5120 παρ’
2263 5044 2466 5100 έκείνου
2521 5048 2617 5098 τοῦ
2671 5045 3116 5122 Ῑίορφυρογενοῦς
3175 5043 3594 5118 αὐτοκράτορος,

191 5137 551 5213 μὴγνώμης
611 5136 734 5212 ἅτερ
794 5141 1062 5210 πατρικῆς
1122 5134 1302 5189 θέσθαι
1353 5133 1452 5203 τὴν
1514 5132 1589 5196 είς
1645 5136 1712 5191 τὰ
1771 5135 2021 5214 βασίλεια
2098 5131 2360 5212 πάροδον,
2419 5131 2565 5188 ἀλλὰ
2640 5135 2770 5208 παρ’
2821 5131 3028 5187 ἐκείνου
3103 5132 3482 5209 ἐπιτετράφθαι
3542 5133 3594 5187 0i.

187 5226 278 5294 τὴν
333 5222 541 5297 ἔξοδον,
580 5224 668 5278 καὶ
716 5222 965 5299 σύνθημα
1018 5221 1220 5298 ταύτης
1279 5221 1339 5277 έκ
1388 5225 1485 5277 105
1540 5225 1746 5301 πατρὸς
1807 5221 1995 5282 λαϐεῖν
2042 5225 2136 5280 τὸν
2198 5221 2398 5278 ἐκείνου
2461 5218 2785 5276 δακτύλιον·
2841 5226 3010 5277 ταῦτα
3068 5219 3127 5277 δέ
3187 5223 3262 5296 μὴ
3311 5219 3591 5295 παρούσης

1465 5411 1668 5476 Variae
1700 5413 2002 5480 lectiones
2030 5421 2093 5478 et
2121 5420 2314 5478 notaz.

298 5567 461 5643 ᾼῦτὸς
491 5568 751 5643 κρατῇρει
780 5567 1014 5643 τετρᾳὶγε⁸
1033 5563 1459 5643 ὀκτὼῃχρόνους,

292 5640 386 5712 Ὠς
399 5637 594 5712 νεκρὸς
617 5637 741 5712 ἤδη,
759 5639 848 5695 καὶ
875 5637 1315 5712 θέα-λελεμένος,

297 5706 517 5770 cum“;
542 5706 750 5770 πολλοὶ
770 5712 859 5768 καὶ
893 5706 1036 5787 μηδὶ
1061 5706 1252 5768 τοῧτον
1285 5706 1528 5786 βλέπων,

2055 5572 2152 5632 ⁸Ος
2183 5568 2242 5623 έκ
2273 5566 2442 5640 μέθης
2475 5560 2531 5647 ᾷὶ
2555 5565 2879 5647 φανερευθεῖε
2906 5568 3174 5647 τριοδῑοςν

2057 5634 2579 5712 Σκηπτροκρατήσεί
2613 5634 2779 5702 τῆσδε
2805 5645 2905 5708 τῆς
2938 5635 3234 5715 βασιλείας,

2057 5713 2158 5770 Καὶ
2187 5709 2354 5769 πάλιν
2384 5707 2501 5782 ἥξει
2530 5704 2842 5788 έπταλόφου
2869 5711 2934 5767 τὸ
2961 5710 3180 5788 κράτος.
