4036 6206
484 325 601 387 323

1835 326 2161 388 JOANNIS
2202 327 2407 390 ZONA
2423 331 2546 392 RE

3722 358 3820 417 324

478 461 720 561 γενέσθαι
771 463 871 527 τῆς
903 457 1235 561 Δβασιλίδος,
1276 459 1380 561 ἵκαῖ
1433 456 1875 561 ἀγνοούσητιὸτι
1948 459 2255 561 γεγόνασιν.
2436 463 2532 561 μὶν
2617 462 2708 561 οὖν
2782 467 2969 542 ἀπῄει.
3025 475 3136 540 Τῆς
3217 473 3404 561 φήμης
3458 474 3512 533 δὲ
3563 485 3824 561 κηρυξάσης

481 549 623 626 ταχὺ
652 551 714 605 τὸ
743 551 1004 624 παρχθὶν,
1034 555 1114 622 τῷ
1149 547 1362 624 βασιλεῖ
1388 548 1572 622 τούτῳ
1600 548 1689 604 καὶ
1717 549 1781 604 τὸ
1841 548 2089 623 συγγενὶς
2147 549 2401 624 προσῄει,
2429 553 2516 608 καὶ
2575 558 2687 610 τῶν
2745 563 3151 630 στρατιωτικῶν
3209 547 3479 637 ἀρχόντων
3534 547 3716 626 πολλοὶ

483 644 588 694 τῶν
615 641 712 707 τῆς
747 636 1062 712 συγκλήτου
1099 635 1330 713 βουλῆς.

552 785 742 840 XXIX.
771 786 1055 842 Caeterum
1087 784 1159 839 ad
1219 800 1496 855 magnam
1528 784 1747 856 regiam
1782 786 2097 854 properant

2247 849 2261 861 .
2305 766 2431 861 Κ.Θ’.
2599 765 2654 861 ’δ’
2802 772 2836 841 ἠ
2893 772 3042 846 ὁρμὴ
3092 773 3226 847 πρὸς
3277 775 3338 829 τὸ
3373 777 3501 853 μέγα
3553 781 3823 861 ἀνάκτορον⁶

477 876 802 938 nuntiatur,
862 873 1157 943 Varangos
1215 873 1486 928 stationis
1535 873 1963 939 excubitorum,
2027 870 2125 926 ubi

476 963 652 1018 iidem
703 963 1072 1027 habitabant,
1121 961 1217 1016 via
1274 966 1575 1033 occupata,
1634 962 1921 1017 neminem
1990 958 2124 1015 illac

477 1049 727 1104 transire
759 1050 898 1120 pati,
933 1055 1032 1120 aut
1063 1048 1214 1103 309
1261 1049 1532 1104 accedere
1588 1050 1661 1104 ad
1721 1049 1963 1120 regiam.
2000 1049 2120 1113 Quo

477 1138 682 1192 nuntio
717 1138 1116 1210 perturbatus,
1151 1138 1468 1208 quemdam
1521 1139 1590 1192 ad
1626 1136 1758 1194 illos
1791 1136 1967 1192 mittit
1999 1154 2120 1208 per-

474 1231 797 1290 contatum,
831 1225 972 1297 quid
1005 1225 1118 1280 sibi
1143 1225 1340 1280 velint.
1374 1225 1550 1280 Mittit
1599 1230 1655 1280 et
1686 1226 1757 1280 ad
1799 1225 2120 1280 Ecclesiam

473 1315 572 1386 qui
606 1312 843 1382 diceret,
877 1315 1289 1385 imperatorem
1321 1330 1450 1370 esse
1484 1319 1803 1382 mortuum,
1831 1330 2010 1386 seque
2034 1329 2119 1369 ce-

471 1403 684 1458 lebrari
717 1402 862 1458 velle
894 1408 957 1457 ut
991 1403 1426 1474 imperatorem.
1453 1405 1526 1467 Ac
1559 1403 1615 1458 id
1641 1403 1878 1474 quidem
1910 1420 1942 1456 a
1964 1402 2119 1458 clero

471 1498 528 1548 ct
554 1509 788 1548 summo
816 1497 1047 1563 pastore
1071 1493 1309 1548 factum.
1352 1493 1458 1547 Sed
1493 1492 1746 1565 Varangi
1799 1491 2118 1564 responde-

469 1586 608 1636 runt
639 1581 689 1636 ei
722 1581 820 1652 qui
844 1582 1104 1653 rogabat,
1140 1597 1244 1636 cur
1279 1580 1444 1652 regiae
1489 1581 1650 1637 aditu
1702 1582 2115 1653 imperatorem

465 1670 864 1737 excluderent,
913 1687 975 1726 se
1007 1670 1358 1741 imperatore
1387 1670 1616 1725 vivente
1662 1670 1953 1725 neminem
1987 1687 2115 1741 pas-

466 1776 637 1814 suros
671 1759 917 1830 ingredi.
953 1759 1056 1814 lllo
1093 1777 1222 1814 vero
1252 1760 1608 1828 inﬁrmante,
1654 1761 1778 1830 jam
1810 1775 1937 1814 esse
1961 1775 2116 1814 mor-

466 1853 635 1903 tuum
663 1866 676 1903 :
700 1848 953 1918 Varangi
977 1850 1366 1920 jurejurando
1425 1849 1654 1904 sancita
1683 1850 1811 1919 ejus
1869 1848 1947 1903 rei
1981 1849 2112 1916 ﬁde,

465 1937 801 2009 imperatori
834 1938 1049 2008 regiam
1084 1937 1304 2007 ingredi
1359 1943 1796 1993 concesserunt.
1827 1937 1948 2001 Quo
1980 1954 2114 1992 cum

466 2026 846 2096 pervenisset,
880 2043 1011 2081 cum
1066 2028 1192 2083 suis
1236 2027 1614 2094 deliberabat,
1667 2027 1958 2098 quomodo
1990 2031 2105 2081 tra-

2235 849 2449 940 ἀπιόντι
2481 853 2536 910 δὲ
2587 857 2909 933 ἀγγέλλεται
2969 861 3044 926 ὡς
3089 863 3140 917 οἱ
3191 849 3460 940 Βάραγγοι
3489 869 3579 936 τήν
3635 870 3680 926 ἐν
3729 849 3824 939 τοῖς

2232 938 2564 1013 ἐξκουϐίτοις
2659 944 3001 1027 διειληφότες
3079 948 3225 1025 ὁδὸν,
3268 938 3427 1009 γένθα
3493 977 3584 1031 περ
3648 938 3829 1028 τούτοις

2231 1033 2320 1088 καὶ
2379 1036 2413 1104 ἡ
2471 1036 2806 1109 κατοίκησις,
2891 1039 3143 1097 ἀπελθεῖν
3233 1039 3302 1097 δι’
3359 1041 3555 1117 ἐκείνης
3625 1048 3678 1103 ού
3743 1073 3826 1107 πα-

2233 1125 2546 1199 ραχωροῦσί
2624 1147 2750 1199 τινι,
2811 1126 2936 1184 οὐδὲ
3011 1131 3119 1202 μὴν
3196 1129 3492 1202 πλησιάσαι
3567 1142 3672 1198 τοῖς
3749 1140 3830 1212 βα-

2231 1211 2479 1276 σιλείοις.
2529 1217 2702 1271 Τοῦτο
2770 1217 2846 1272 είς
2919 1217 3148 1291 ἀγωνίαν
3203 1220 3294 1275 τὸν
3358 1221 3572 1296 βασιλέα
3626 1211 3827 1286 ἐνέϐαλε.

2231 1301 2327 1356 Καὶ
2413 1302 2630 1360 στέλλει
2711 1308 2849 1381 πρὸς
2943 1306 3179 1373 ἐκείνους
3264 1309 3385 1364 τινὰ
3466 1309 3726 1387 ἐρωτῶντα
3788 1317 3830 1372 τί

2227 1390 2289 1444 τὸ
2373 1392 2519 1470 σφίσι
2609 1393 2945 1469 βουλόμενον
2978 1414 2991 1426 ⁸
3053 1395 3266 1453 στέλλει
3329 1395 3386 1452 δὶ
3440 1398 3526 1452 καὶ
3579 1401 3700 1475 πρὸς
3748 1404 3829 1471 τήν

2229 1481 2555 1550 Ἐκκλησίαν
2589 1527 2603 1552 ,
2678 1485 2923 1538 τεθνάναι
3016 1483 3192 1561 λέγων
3276 1488 3368 1540 τὸν
3456 1487 3830 1565 αὐτοκράτορα,

2225 1569 2314 1624 καὶ
2359 1575 2534 1641 ζητῶν
2584 1571 2746 1635 αὐτὸς
2803 1573 3187 1652 εύφημηθῆναι
3239 1577 3317 1638 ὡς
3377 1575 3721 1652 αὐτοκράτωρ.
3751 1581 3828 1634 Καὶ

2222 1663 2386 1714 τοῦτο
2442 1661 2536 1732 μὶν
2581 1659 2804 1730 ἤνυστο,
2831 1664 2920 1718 καὶ
2969 1663 3345 1741 αὐτοκράτορα
3405 1665 3556 1720 αὐτὸν
3589 1666 3615 1720 ὁ
3654 1663 3827 1742 κλῆρος

2221 1755 2323 1818 τῆς
2374 1749 2698 1822 Ἐκκλησίας
2753 1754 2942 1828 γνώμῃ
2997 1753 3085 1808 καὶ
3151 1758 3247 1808 τοῦ
3299 1750 3679 1830 ἆρχιποιμένος
3729 1757 3829 1826 ἄνη·

2224 1837 2496 1912 γόρευσεν.
2528 1845 2586 1896 Ὀ
2643 1837 2700 1895 δὲ
2754 1842 2890 1916 πρὸς
2943 1842 3069 1905 τοὺς
3156 1842 3475 1919 Βαράγγους
3551 1842 3840 1916 ἐσταλμένος

2223 1928 2412 2001 ἠρώτα
2471 1927 2725 1996 ἐκείνους,
2777 1929 2906 1985 ὅτου
2977 1931 3139 2008 χάριν
3201 1930 3480 1988 κωλύουσι
3534 1936 3609 2005 τῷ
3655 1933 3827 2008 βασιλεῖ

2220 2018 2321 2086 τὴν
2353 2017 2430 2079 είς
2469 2019 2534 2072 τὰ
2570 2017 2815 2091 βασίλεια
2841 2018 3100 2096 πάροδον·
3131 2022 3183 2075 οἱ
3213 2019 3271 2076 δὲ
3318 2023 3392 2093 μή
3446 2041 3574 2076 ποτε
3607 2041 3822 2096 παραχω-

379 2137 382 2140 ’
467 2115 678 2169 ctanda
711 2121 867 2170 esset
894 2122 1100 2182 mater,
1133 2117 1361 2182 fratres,
1419 2133 1785 2186 sororesque,
1818 2121 1874 2169 et
1922 2116 2099 2170 Caesar

2222 2113 2385 2180 ρῆσαι
2437 2111 2544 2161 τῶν
2619 2107 2911 2184 βασιλείων
2972 2109 3160 2184 ἑτέρῳ,
3216 2115 3422 2178 ζῶντος
3470 2113 3564 2163 τοῦ
3618 2109 3829 2185 αὐτοκρά-

470 2202 788 2274 Bryenius:
823 2203 955 2259 illos
986 2203 1140 2259 enim
1175 2204 1367 2259 adhuc
1423 2205 1742 2268 metuebat,
1775 2205 2110 2275 suspectos-

464 2309 578 2364 que
609 2291 881 2360 habebat,
938 2308 1008 2346 ne
1069 2309 1160 2347 res
1211 2309 1388 2347 novas
1436 2293 1801 2348 molirentur.
1847 2295 1916 2348 At
1948 2298 2111 2364 pater

457 2384 644 2436 totum
680 2381 869 2437 adhuc
901 2382 1056 2437 diem
1090 2382 1374 2453 spirabat,
1409 2381 1838 2453 difﬁculterque
1899 2382 2106 2438 morie-

457 2470 657 2539 batur,
691 2472 800 2526 sub
832 2487 1134 2542 vesperam
1167 2472 1404 2525 demum
1437 2471 1782 2526 exstinctus.
1818 2470 1972 2525 Vixit
2006 2489 2107 2525 an-

457 2576 565 2614 nos
596 2560 988 2631 septuaginta,
1024 2564 1127 2613 aut
1185 2559 1435 2628 circiter,
1473 2560 1731 2630 regnavit
1787 2565 2011 2628 septem
2052 2565 2110 2615 et

456 2647 720 2720 triginta,
755 2663 990 2702 menses
1016 2652 1246 2717 quator,
1279 2653 1335 2702 et
1391 2648 1516 2702 dies
1555 2647 1798 2718 aliquot.
1825 2647 1980 2702 Obiit
2010 2665 2108 2702 an-

455 2753 529 2790 no
552 2736 753 2790 mundi
786 2735 975 2792 sexies
1003 2734 1341 2801 millesimo,
1374 2736 1797 2791 sexcentesimo
1830 2735 2103 2792 vicesimo

454 2830 637 2892 sexto,
669 2825 914 2896 imperio
967 2825 1208 2880 feliciter
1253 2825 1684 2893 administrato,
1717 2825 1847 2880 vitae
1883 2826 2103 2882 exitum

455 2931 568 2968 non
603 2930 770 2986 aeque
825 2931 1169 2985 prosperum
1217 2915 1481 2969 sortitus.
1517 2921 1562 2968 A
1603 2915 1888 2970 ministris
1945 2916 2103 2970 enim

459 3003 578 3057 fere
619 3003 894 3058 omnibus
939 3008 1029 3058 est
1060 3003 1347 3069 desertus,
1383 3007 1446 3058 ut
1479 3019 1656 3075 pr0pe
1687 3003 1830 3059 nulli
1883 3010 2101 3073 essent,

462 3094 561 3163 qui
613 3093 859 3148 cadaver
916 3094 1045 3164 ejus
1094 3094 1408 3165 postremis
1461 3093 1703 3150 lavacris
1752 3099 2101 3166 purgarent:

458 3198 650 3252 neque
681 3188 925 3236 ornatus
971 3182 1384 3253 imperatorias
1417 3188 1625 3251 praesto
1665 3183 1749 3238 eis
1777 3189 1953 3251 esset,
1989 3200 2103 3254 quo

455 3272 702 3325 cadaver
733 3271 862 3341 ejus
895 3287 995 3341 pro
1028 3270 1313 3342 dignitate
1345 3277 1671 3336 ornaretur,
1705 3287 1892 3341 neque
1926 3272 2103 3327 funus

448 3359 501 3414 ei
567 3360 784 3414 factum
836 3364 923 3414 est
955 3359 1290 3430 imperatori
1338 3360 1708 3415 conveniens.
1760 3361 1938 3430 quue
1986 3378 2103 3416 non

449 3447 663 3517 alieno,
698 3448 800 3502 sed
844 3447 964 3503 tilio
1026 3449 1252 3519 imperii
1305 3465 1679 3504 successore:
1739 3453 1795 3505 et
1852 3465 1916 3506 eo
1957 3448 2097 3516 filio,

445 3553 618 3608 quem
653 3536 777 3607 ipse
809 3537 1054 3608 imperio
1083 3537 1438 3592 ornarat.Sic
1460 3553 1655 3593 rerum
1678 3537 2094 3594 humamarum

445 3625 592 3679 nihil
625 3624 834 3679 stabile
865 3631 922 3678 et
973 3626 1210 3679 firmum
1261 3631 1371 3688 est,
1404 3628 1503 3680 sed
1566 3627 1749 3681 infida
1792 3627 2009 3693 omnia,
2039 3632 2097 3682 et

447 3718 674 3768 tessera
705 3712 1098 3769 mutabiliora.
1139 3713 1269 3768 Fuit
1295 3719 1486 3768 autem
1525 3714 1622 3769 ille
1644 3715 1750 3780 vir,
1781 3721 1846 3769 ut
1882 3721 1937 3770 et
1969 3733 2090 3770 mo-

447 3820 540 3858 res
573 3805 702 3873 ejus
733 3820 1042 3874 exprcssos
1076 3804 1144 3857 ad
1181 3804 1538 3874 posteritatis
1586 3805 1925 3861 memoriam
1967 3823 2094 3877 pro-

445 3908 752 3963 pagemus,
789 3908 976 3962 neque
1008 3892 1164 3946 ferox
1195 3898 1251 3946 et
1299 3909 1602 3964 arrogans,
1642 3911 1829 3965 neque
1858 3895 2090 3950 iracun-

444 3980 576 4045 dus,
612 3996 798 4050 neque
830 3997 1063 4049 avarus,
1100 3996 1202 4035 nec
1249 3982 1502 4052 pecuniae
1537 3982 1784 4036 nimium
1817 3985 2089 4055 cupidus,

444 4071 507 4122 ut
536 4085 664 4122 eam
693 4068 994 4136 conﬂaret,
1019 4073 1074 4124 et
1105 4070 1161 4122 in
1218 4074 1526 4125 thesauros
1573 4071 1832 4127 occultos
1862 4078 1919 4127 et
1949 4075 2089 4128 sub-

439 4161 740 4212 terraneas
769 4173 905 4228 Opes
935 4158 1289 4213 reconderet.
1317 4158 1478 4214 Unde
1501 4176 1687 4229 neque
1710 4166 1840 4232 post
1861 4162 2087 4216 obitum

437 4245 566 4314 ejus
624 4245 679 4300 in
741 4246 943 4301 aerario
998 4262 1210 4318 magna
1264 4249 1512 4318 pecunia
1569 4254 1659 4304 est
1716 4256 1980 4320 reperta:
2015 4251 2086 4305 ad

439 4333 903 4388 misericordiam
939 4351 1292 4406 propensus,
1318 4335 1387 4389 ad
1415 4339 1728 4392 sumendas
1752 4354 1952 4410 pmnas
1971 4348 2086 4393 tar-

437 4423 571 4492 dus,
596 4423 858 4478 moribus
913 4423 1247 4492 moderatis,
1282 4441 1518 4479 accessu
1578 4425 1782 4494 facilis,
1816 4425 1872 4480 in
1935 4429 2085 4484 victu

443 4528 558 4567 non
596 4511 1016 4583 intemperans,
1051 4529 1163 4567 non
1201 4511 1330 4566 vino
1363 4512 1637 4578 deditus;
1673 4514 1887 4569 virtute
1943 4533 2085 4586 pra:-

433 4601 608 4655 distis
640 4601 972 4657 auscultare
1003 4606 1060 4657 et
1093 4601 1374 4656 honorem
1403 4601 1616 4657 habere
1670 4602 1902 4658 solitus.
1938 4606 2082 4659 Eru-

436 4689 716 4744 ditionem
779 4708 891 4746 non
927 4695 991 4744 ut
1019 4691 1422 4755 conveniebat,
1469 4692 1567 4745 sed
1603 4696 1898 4762 utcunque
1927 4693 2081 4748 colo-

436 4779 571 4833 bat:
605 4781 973 4847 commodus,
1012 4781 1166 4834 310
1192 4796 1303 4832 non
1369 4778 1632 4836 insolens
1663 4796 1800 4852 erga
1831 4798 1928 4836 eos
1960 4783 2084 4853 qui-

2218 2215 2398 2268 τορος,
2453 2190 2671 2273 ἔφασαν.
2736 2198 2970 2260 Ἐκεῖνος
3034 2195 3088 2252 δὲ
3145 2199 3458 2269 τεθνηκέναι
3509 2192 3828 2252 διεϐεϐαιοῦτο

2217 2286 2308 2339 τὸν
2380 2287 2778 2361 αὐτοκράτορα.
2841 2286 2939 2341 Καὶ
3013 2287 3064 2342 οἳ
3137 2289 3411 2362 Βάραγγοι
3479 2286 3621 2359 ὅρκῳ
3671 2285 3826 2341 τοῧτον

2218 2374 2648 2453 πληροφορῆσαι
2700 2376 2898 2437 αὐτοὺς
2955 2376 3259 2450 ἀπῄτησαν.
3318 2376 3420 2433 Καὶ
3468 2375 3525 2437 ὃς
3567 2371 3752 2447 ὤμοσεν
3800 2376 3826 2442 ἦ

2222 2464 2327 2537 μὴν
2387 2465 2631 2519 τεθνάναι
2683 2465 2773 2520 τὸν
2842 2463 3088 2542 βασιλέα,
3146 2467 3394 2521 κάκεῖνοι
3452 2462 3701 2533 ἐνέδοσαν,
3755 2463 3827 2517 καὶ

2215 2559 2315 2622 τῆς
2373 2551 2614 2628 παρόδου
2671 2559 2750 2627 τῷ
2813 2552 3028 2630 βασιλεῖ
3070 2555 3498 2630 παρεχώρησαν.
3529 2554 3584 2606 '0
3615 2550 3666 2606 δὲ
3693 2553 3826 2625 ἀπῄει

2215 2643 2351 2718 πρὸς
2405 2643 2471 2696 τὰ
2530 2641 2795 2719 βασίλεια,
2828 2643 2918 2698 καὶ
2975 2643 3179 2699 τούτων
3234 2643 3389 2707 ἐντὸς
3441 2643 3688 2720 γεγονὼς,
3731 2645 3826 2703 πῶς

2215 2729 2273 2785 ἂν
2317 2733 2586 2807 χρήσαιτο
2643 2731 2712 2806 τῇ
2774 2733 2939 2808 μητρὶ
2996 2732 3088 2787 καὶ
3144 2738 3261 2793 τοῖς
3313 2728 3722 2805 ὁμογνίοις,καὶ
3765 2732 3828 2798 τῷ

2213 2824 2319 2875 τῶν
2378 2818 2656 2891 κηδεστῶν
2728 2821 2801 2876 ἐνὶ
2885 2825 2963 2894 τῷ
3028 2821 3296 2898 Βρυενίῳ,
3361 2821 3494 2893 μετὰ
3560 2823 3663 2873 τῶν
3729 2816 3828 2890 περὶ

2215 2909 2371 2965 αὐτὸν
2424 2905 2766 2967 ἐϐουλεύετο.
2821 2912 2939 2966 Ἔτι
2996 2911 3096 2987 γὰρ
3156 2907 3422 2966 ἐδεδοίκει
3477 2908 3709 2976 τούτους,
3759 2904 3829 2960 καί

2215 2999 2266 3054 οἱ
2325 2999 2461 3068 ἦσαν
2536 2999 2588 3053 ἐν
2647 2998 2924 3073 ὑποψίαις,
2984 2998 3260 3070 ἐλπίζοντι
3330 2997 3658 3071 νεωτερίσειν
3726 2994 3830 3058 law:

2213 3089 2427 3152 αύτούς.
2486 3091 2542 3145 Ὀ
2601 3087 2658 3144 δὲ
2712 3087 2910 3144 τούτου
2977 3091 3156 3162 πατὴρ
3213 3089 3346 3164 παρ’
3405 3087 3542 3156 ὅλην
3612 3085 3697 3159 μὶν
3747 3105 3827 3151 την

2212 3179 2419 3254 ἡμέραν
2480 3178 2719 3252 ἐμπνέων
2773 3179 2864 3249 ἦν,
2914 3177 3002 3232 καὶ
3053 3175 3423 3244 δυσθανατῶν,
3471 3175 3592 3249 περὶ
3647 3170 3699 3228 δὲ
3744 3173 3823 3240 τὴν

2214 3267 2436 3344 ἑσπέραν
2489 3266 2736 3341 ἐξέλιπε·
2796 3269 2958 3338 ζήσας
3021 3267 3116 3340 μὶν
3175 3261 3268 3338 ἔτη
3335 3261 3702 3338 ἑϐδομήκοντά
3744 3281 3827 3315 που

2209 3358 2278 3413 τὰ
2333 3359 2504 3412 πάντα
2550 3357 2585 3427 ἢ
2644 3356 2726 3412 ὅτι
2787 3357 3079 3434 ἐγγυτάτω,
3111 3356 3441 3432 βασιλεύσας
3467 3352 3512 3409 δ’
3543 3353 3600 3408 ἐκ
3649 3351 3822 3406 τούτων

2211 3446 2483 3510 ἐνιαυτοὺς
2537 3447 2670 3502 έπτά
2725 3447 2813 3501 καὶ
2869 3445 3180 3518 τριάκοντα,
3239 3443 3331 3500 ἐπὶ
3415 3443 3551 3518 μησῖ
3612 3441 3825 3515 τέσσαρσι

2207 3538 2295 3592 καὶ
2325 3536 2557 3611 ἡμέραις
2585 3536 2957 3592 τισίν.Ἕθανε
2990 3532 3047 3590 δὲ
3096 3534 3232 3590 κατὰ
3275 3534 3342 3591 τὸ
3394 3528 3824 3607 ἑξακισχιλιοστὸν

2205 3625 2580 3696 ἑξακοσιοστὸν
2615 3625 2854 3680 εἰκοστὸν
2898 3621 3052 3679 ἵκτον
3099 3622 3238 3685 ἔτος
3273 3625 3377 3691 τὴν
3433 3623 3525 3695 μὲν
3577 3616 3821 3696 βασιλείαν

2203 3714 2474 3786 διηνυκὼς
2505 3715 2846 3792 εὐτυχῶς,τὸ
2869 3711 2926 3769 δέ
2952 3735 3014 3788 γε
3031 3711 3191 3775 τέλος
3217 3712 3328 3788 οὐχ
3357 3711 3552 3784 ὅμοιον
3581 3706 3822 3783 ἐσχηκώς.

2203 3802 2607 3859 Καταλέλειπτο
2679 3804 2783 3879 γὰρ
2850 3803 2986 3877 πρὸς
3066 3806 3173 3856 τῶν
3256 3800 3601 3876 θεραπόντων
3655 3792 3822 3871 σχεδὸν

2202 3893 2472 3965 ἁπάντων,
2505 3893 2580 3955 ὡς
2634 3889 2762 3965 μηδ’
2803 3893 2934 3946 εἶναι
2983 3891 3128 3966 τάχα
3173 3891 3350 3959 τινὰς,
3384 3888 3514 3952 τοὺς
3566 3888 3655 3942 τὸν
3709 3881 3822 3939 ἐκεί-

2199 4003 2294 4036 νου
2352 3982 2539 4056 νεκρὸν
2585 3987 2702 4045 τοῖς
2766 3979 3028 4043 λοισθίοις
3093 3977 3351 4054 λουτροῖς
3420 3976 3826 4054 ἀποῤῥύψωηας,

2198 4071 2284 4124 καὶ
2340 4068 2463 4125 οὔτε
2509 4069 2715 4142 κόσμος
2752 4067 3024 4145 βασίλειος
3054 4074 3264 4139 προσῆν
3315 4073 3438 4129 τοῖς
3506 4065 3627 4139 περὶ
3669 4061 3824 4125 αὐτὸν,

2192 4157 2266 4212 ’ἶν’
2323 4157 2467 4231 αὐτῷ
2527 4158 2588 4213 τὸ
2636 4163 2794 4231 σῶμα
2839 4156 3143 4231 κοσμηθείη
3198 4155 3524 4231 βασιλικῶς,
3572 4149 3689 4208 οὔτε
3734 4149 3823 4222 μὴν

2197 4248 2427 4326 ἐκφορᾶς
2471 4243 2631 4323 ἔτυχε
2678 4244 2892 4324 βασιλεῖ
2936 4244 3315 4316 καταλλήλου.
3369 4244 3474 4302 Καὶ
3530 4247 3691 4298 ταῦτα
3743 4238 3828 4292 οὐκ

2197 4335 2514 4412 ἀλλοτρίου,
2573 4335 2700 4391 ἀλλ’
2779 4338 2936 4398 υἱέως
3019 4333 3312 4408 δεξαμένου
3397 4335 3499 4401 τὴν
3573 4327 3822 4408 βασιλείαν

2197 4427 2364 4498 αὐτῷ,
2414 4426 2502 4481 καὶ
2542 4426 2726 4491 υἲέως,
2757 4426 2816 4480 ’ὸν
2858 4425 3058 4488 ἐκεῖνος
3103 4431 3202 4494 τῆς
3263 4420 3548 4499 βασιλείας
3599 4419 3826 4492 ἠξίωσεν.

2195 4517 2381 4578 Οὕτως
2415 4513 2566 4570 οὐδὲν
2614 4520 2722 4570 τῶν
2771 4514 3122 4588 ἀνθρωπίνων
3160 4512 3421 4586 μόνιμον,
3457 4509 3581 4566 οὐδὲ
3634 4508 3825 4582 πάγιον,

2194 4603 2319 4660 οὐδὲ
2366 4604 2552 4660 πιστόν
2601 4625 2660 4658 τε
2701 4604 2790 4658 καὶ
2845 4597 3086 4678 βέϐαιον,
3117 4599 3246 4657 ἀλλ’
3288 4602 3492 4656 ἄπιστα
3540 4598 3723 4668 πάντα,
3750 4593 3828 4649 καὶ

2192 4689 2362 4748 κύϐου
2421 4691 2634 4766 μᾶλλον
2695 4692 2822 4768 ῥᾷον
2883 4689 3272 4764 μετατιθέμενα
3300 4691 3392 4744 καὶ
3453 4682 3828 4763 μεταρῥεπτού-

2197 4803 2347 4854 μενα.
2408 4787 2502 4837 Ἤν
2555 4779 2599 4836 δ’
2660 4783 2688 4836 ὁ
2747 4781 2882 4854 ἀνὴρ
2933 4778 3042 4852 (τίνα
3083 4781 3173 4834 καὶ
3227 4780 3319 4834 τὸν
3380 4778 3585 4852 τρόπον
3643 4775 3829 4831 ἐκείνου

433 4865 683 4923 buscum
711 4869 942 4940 vivibat,
992 4869 1176 4924 comis
1235 4873 1290 4922 et
1340 4869 1665 4939 jucundus,
1727 4871 1891 4941 quasi
1947 4889 2079 4926 cum

2209 4869 2364 4942 Βῆλον
2421 4870 2642 4944 θείημεν
2724 4876 2840 4932 τοῖς
2920 4870 3224 4942 μετέπειτα,
3281 4867 3372 4922 καὶ
3424 4866 3488 4922 τό
3546 4868 3677 4936 ἦθος
3727 4865 3831 4922 τοῖς

433 4955 759 5025 aequalibus
792 4959 1023 5014 viveret.
1056 4958 1220 5013 Unde
1249 4956 1332 5011 illi
1378 4957 1598 5014 securis
1630 4966 1798 5015 erant
1845 4961 2080 5030 animis,

432 5059 623 5114 neque
654 5049 809 5100 metu
829 5046 1162 5102 attonitiilli
1187 5047 1811 5117 astabant,prznsertim
1842 5050 2083 5106 absente

431 5132 825 5206 imperatrice,
857 5151 984 5207 quae
1017 5133 1401 5207 imperiosum
1437 5133 1660 5206 aliquid
1711 5143 1767 5192 et
1814 5139 2080 5196 severum

433 5239 550 5294 prae
581 5238 643 5278 se
676 5223 916 5294 ferebat,
947 5227 1004 5280 et
1047 5223 1343 5280 modestiae
1403 5223 1616 5280 oblitos
1659 5226 1852 5283 acrius
1890 5229 2084 5286 incre-

433 5314 631 5386 pabat.
684 5317 764 5370 Ac
815 5315 1063 5388 pulchra
1116 5316 1350 5387 quidem
1383 5315 1498 5371 ista
1529 5321 1705 5372 sunt:
1741 5319 1875 5390 quis
1923 5321 2080 5376 enim

433 5407 644 5474 neget?
671 5421 917 5476 quaeque
949 5404 1157 5477 privati
1188 5404 1447 5459 hominis
1499 5404 1720 5461 laudes
1752 5407 2078 5480 absolvant,

434 5507 549 5545 non
582 5497 776 5549 tamen
837 5494 1151 5566 ejusmodi,
1188 5509 1318 5564 quas
1365 5493 1776 5564 imperatorem
1839 5499 2078 5554 omnino

433 5578 656 5636 bonum
714 5583 1145 5640 demonetrent.
1202 5582 1344 5638 Nam
1404 5581 1627 5638 homini
1680 5585 1904 5657 privato
1933 5587 2080 5644 satis

433 5671 524 5724 est
553 5670 896 5742 moderatio,
948 5671 1215 5743 aequitas,
1275 5669 1662 5745 placabilitas,
1720 5677 1778 5733 et
1827 5674 1888 5734 in
1919 5678 2079 5735 omni

2194 4961 2468 5036 ὀψιγόνοις
2515 4957 3034 5036 χαρακτηρίσωμεν)
3081 4955 3194 5012 οὗθ’
3241 4955 3608 5032 ὑπεροπτικός
3659 4974 3714 5008 τε
3750 4949 3828 5005 καὶ

2192 5047 2432 5119 ἀλαζὼν,
2461 5046 2584 5104 οὔτε
2643 5051 2749 5122 μὴν
2812 5047 2933 5121 ὀξὺς
2978 5046 3054 5112 εἷς
3103 5047 3295 5120 θυμὸν,
3347 5043 3479 5101 ἀλλ’
3521 5041 3644 5100 οὐδὲ
3697 5062 3830 5118 χρη-

2197 5141 2379 5213 μάτων
2430 5137 2633 5210 ἥττων,
2667 5135 2778 5193 οὔδ’
2829 5138 2961 5212 ἄγαν
3011 5136 3487 5212 ἐρασιχρήματος,
3523 5133 3659 5190 ὥστε
3715 5129 3828 5206 βού-

2192 5227 2379 5292 λεσθαι
2434 5225 2836 5304 καταχωννύειν
2895 5227 3034 5282 αὐτὰ
3102 5226 3191 5281 καὶ
3255 5225 3561 5298 ταμιεύειν,
3614 5221 3684 5277 ἶν’
3738 5221 3826 5275 εἶεν

2189 5318 2337 5390 αύτῷ
2384 5316 2646 5394 θησαυροὶ
2693 5314 3087 5394 κεκρυμμένοι,
3126 5315 3217 5370 καὶ
3271 5313 3509 5389 ὑπόγαια
3563 5313 3826 5390 χρήματα,

2190 5407 2308 5462 ὅθεν
2378 5405 2503 5462 οὐδὲ
2577 5407 2833 5467 θανόντος
2918 5403 3150 5460 πλεῖστα
3224 5404 3372 5478 παρὰ
3425 5409 3546 5465 τοῖς
3601 5399 3829 5474 ταμείοις

2190 5495 2518 5570 εὑρέθησαν·
2579 5496 2716 5571 πρὸς
2774 5493 2925 5550 ἔλεον
2983 5494 3370 5570 εὐκατάφορος,
3424 5493 3564 5568 πρὸς
3615 5488 3824 5546 κόλασιν

2189 5585 2288 5641 οὐκ
2345 5586 2666 5664 όξύρῥοπος,
2705 5583 2921 5660 μέτριος
2975 5585 3038 5639 τὸ
3096 5584 3254 5654 ἦθος,
3308 5582 3658 5658 εὐπρόσιτος,
3714 5577 3824 5653 περῖ

2188 5676 2286 5746 τὴν
2343 5673 2549 5732 δίαιταν
2609 5675 2709 5731 οὐκ
2764 5671 3092 5747 ἀκόλαστος,
3144 5671 3244 5730 ούκ
3287 5668 3442 5728 οἴνου
3502 5671 3826 5745 ἡττώμενος,
