4036 6206
252 358 378 420 325

1543 355 1957 420 ANNALIUM
2008 359 2157 420 LIB.
2204 360 2424 425 XVIII.

3549 377 3672 437 326

243 495 362 552 τοῖς
393 488 661 564 ἐναρὴως
713 488 891 574 βιοῦσι
935 488 1230 562 προσέχων
1275 486 1365 574 καὶ
1391 487 1681 561 ἀπονέμων
1708 489 1900 561 τιμὴν,

2024 491 2176 548 cultu
2210 500 2268 550 et
2297 497 2450 552 victu
2483 500 2716 555 modus.
2754 502 3098 574 Imperatori
3134 520 3264 559 vero
3311 509 3521 574 praeter
3549 507 3670 563 haec

248 580 454 655 λόγους
489 579 600 654 ούχ
629 577 704 639 ὡς
756 573 862 631 ἔδει
904 579 1106 650 τιμῶν,
1135 577 1270 638 τέως
1325 573 1382 631 δέ
1409 596 1469 650 γε
1513 581 1714 649 τιμῶν,
1741 577 1908 631 ἐπιει-

247 673 352 742 κής
402 691 463 724 τε
509 667 598 723 καὶ
639 672 757 729 τοῖς
803 665 926 741 περὶ
976 663 1133 720 αὐτὸν
1178 665 1240 720 οὐ
1291 660 1538 742 σοϐαρῶς
1585 667 1859 742 προσφερό
1887 698 1910 708 -

253 779 438 831 μενος,
467 756 594 812 ἀλλ’
643 755 703 810 ἐκ
746 759 844 810 τοῦ
893 751 1014 808 ἴσου
1069 751 1265 830 σχεδὸν
1317 753 1531 827 ὁμιλῶν
1580 776 1639 809 τε
1686 755 1776 809 καὶ
1805 774 1908 830 χα-

251 845 698 920 ριεντιζόμενος.
748 845 908 907 ’Όθεν
958 843 1226 906 κάκείνοις
1287 842 1504 920 θαρῥεῖν
1573 843 1749 916 ἐπῄει,
1819 842 1910 898 καὶ

252 938 318 993 ού
379 937 517 1009 μιτᾶ
573 932 725 995 δὲους
783 931 930 1005 αὐτῶ
991 933 1316 1007 παρεστάναι
1353 976 1366 1000 ,
1413 933 1503 988 καὶ
1567 930 1780 1005 μᾶλλον
1833 932 1912 986 ὅτ’

252 1026 464 1095 ἀπῆκδὴ
519 1022 829 1099 βασίλισσα.
864 1019 1294 1077 Ἐπεστὲλλοντο
1353 1020 1456 1096 γὰρ
1510 1019 1719 1092 ἐκείνης
1771 1041 1910 1096 παρ-

253 1114 425 1183 ούσης
526 1106 757 1188 ἀρχικὸν
857 1130 916 1164 τε
997 1110 1086 1164 καὶ
1165 1105 1423 1185 ἐμϐριθὲς
1505 1107 1912 1182 ἐνδεικνυμένης

255 1200 492 1274 ἰδίωμα,
561 1199 653 1254 καὶ
716 1204 835 1261 τοῖς
903 1199 1220 1254 ἀτακτοῦσιν
1279 1197 1620 1272 ἐπιτιμώσης
1679 1197 1912 1278 σφοδρό-

251 1313 443 1368 τερον,
503 1291 560 1345 Ὀ
623 1288 717 1362 μὲν
750 1288 843 1343 οὗν
893 1291 1142 1349 τοιοῦτος
1173 1291 1259 1357 ἦν.
1293 1290 1476 1346 Τάῦτα
1529 1285 1586 1344 δὲ
1624 1289 1762 1344 κακὰ
1795 1288 1913 1362 μὶν,

252 1380 345 1435 καὶ
435 1383 556 1441 πῶς
627 1379 731 1453 γὰρ
809 1376 922 1445 οὕς
982 1373 1177 1451 ίδιώτῃ
1257 1375 1300 1431 δ’
1377 1377 1712 1453 ἀποχρῶντα
1779 1376 1917 1453 πρὸς

252 1467 502 1535 ἔπαινον,
559 1467 625 1521 οὗ
681 1467 791 1538 μήν
840 1486 901 1540 γε
930 1465 1019 1520 καὶ
1054 1463 1282 1540 βασιλέα
1339 1462 1616 1520 δεικνύντα
1649 1465 1718 1520 τὰ
1744 1465 1917 1520 πάντα

253 1556 532 1633 χρηστόν.
565 1554 638 1608 Οὐ
687 1553 789 1630 γὰρ
835 1554 890 1607 αἱ
920 1552 1077 1608 αὐταὶ
1126 1555 1219 1608 καὶ
1267 1553 1534 1626 βασιλέως
1573 1559 1664 1608 καῖ
1688 1551 1916 1609 ’ἰδιώτου

251 1645 492 1722 γένοιντ⁹
549 1641 608 1698 ἂν
667 1642 896 1718 ἀρεταί.
951 1639 1164 1716 ’ἰδιώτῃ
1224 1643 1318 1716 μὲν
1372 1642 1475 1718 γὰρ
1534 1641 1754 1716 ἀπόχρη
1827 1643 1916 1697 καὶ

256 1736 486 1809 μέτριον
517 1733 669 1801 ἦθος,
714 1730 805 1785 καὶ
849 1727 1128 1800 ἐπιείκεια,
1174 1729 1264 1784 καὶ
1313 1730 1375 1784 τὸ
1419 1730 1554 1806 πρὸς
1607 1730 1775 1802 θυμὸν
1818 1731 1919 1785 ούκ

252 1823 547 1888 εὐκίνητον
584 1865 598 1890 ,
657 1819 750 1874 καὶ
805 1818 868 1872 τὸ
920 1823 1137 1894 σῶφρον
1195 1819 1259 1873 τὸ
1310 1819 1446 1895 πρὸς
1501 1820 1600 1888 τὴν
1662 1817 1866 1874 δίαιταν
1902 1863 1916 1876 .

253 1908 495 1968 Βασιλεῖ
549 1906 608 1964 δὶ
657 1907 795 1984 πρὸς
851 1906 1111 1977 τούτοις,
1170 1907 1260 1962 καὶ
1315 1910 1350 1977 ἡ
1408 1914 1511 1978 τῆς
1569 1905 1916 1978 δικαιοσύνης

257 1999 511 2079 φροντὶς,
539 1998 627 2053 καὶ
663 2000 698 2067 ἡ
753 2001 862 2052 τῶν
923 1992 1179 2066 ὑπηκόων
1226 1999 1566 2073 προμήθεια,
1619 1997 1708 2051 καὶ
1741 1999 1776 2066 ἡ
1807 2002 1914 2051 τῶν

255 2089 518 2143 παλαιῶν
568 2085 700 2141 ἐθῶν
758 2090 856 2141 τοῦ
913 2085 1318 2158 πολιτεύματος
1371 2088 1644 2161 τήρησις.
1705 2089 1802 2158 Τῷ
1860 2082 1918 2140 δὲ

261 2177 500 2252 μέλημα
547 2175 782 2249 Hm“:
833 2177 867 2246 ἢ
915 2180 1024 2230 τῶν
1081 2175 1329 2250 ἀρχαίων
1377 2175 1511 2238 ἰθῶν
1568 2176 1762 2250 γέγονε
1816 2181 1918 2244 τῆς

256 2265 549 2328 πολιτείας
609 2264 934 2334 ἀλλοίωσις,
991 2265 1079 2319 καὶ
1129 2264 1192 2318 τὸ
1243 2265 1524 2337 μετατάξαι
1567 2268 1734 2318 ταῦτα
1763 2262 1914 2339 ἔργον

253 2358 324 2426 ἦν
372 2355 526 2427 αὐτῷ
595 2353 1021 2410 σπουδαιότατον
1053 2397 1068 2423 ,
1121 2353 1211 2408 καὶ
1267 2358 1386 2415 τοῖς
1437 2352 1744 2429 πράγμασιν
1805 2350 1920 2407 οὐδ’

254 2448 331 2508 ὡς
363 2451 594 2516 κοινοῖς,
622 2442 740 2501 οὐδ’
791 2446 865 2507 ὡς
914 2441 1204 2518 δημοσίοις
1252 2443 1542 2520 ἐκέχρητο,
1595 2444 1683 2498 καὶ
1731 2444 1917 2499 ἑαυτὸν

253 2537 364 2590 οὐκ
393 2534 687 2607 οἰκονόμον
741 2533 906 2606 μόνον
955 2531 1132 2608 ἤγητο
1179 2531 1412 2599 τούτων,
1455 2531 1599 2588 ἀλλὰ
1629 2529 1917 2602 δεσπότην,

253 2624 350 2678 καὶ
384 2625 537 2677 οἷκον
591 2621 792 2677 οἰκεῖον
845 2620 1063 2694 ἐνόμιζε
1113 2621 1202 2676 καὶ
1253 2620 1502 2694 ὡνόματε
1528 2621 1596 2676 τὰ
1648 2615 1916 2678 ϐασίλεια.

258 2712 365 2767 Καὶ
418 2710 550 2775 τοὺς
604 2714 701 2776 τῆς
763 2709 1076 2785 συγκλήτου
1146 2708 1355 2785 βουλῆς
1404 2707 1527 2764 οὔτε
1581 2717 1748 2783 τιμῆς
1784 2752 1798 2777 ,
1850 2713 1918 2779 ἧς

259 2803 466 2878 ἐχρῆν,
497 2799 675 2872 ἠξίου,
729 2795 851 2853 οὔτε
898 2799 1158 2874 πρόνοιαν
1206 2800 1381 2853 αὐτῶν
1434 2797 1632 2853 ἐτίθετο
1676 2798 1812 2853 κατὰ
1855 2798 1918 2852 τὸ

261 2890 536 2966 ἀνάλογον
573 2933 586 2947 .
637 2886 866 2945 Μᾶλλον
928 2887 1109 2958 μέντοι
1173 2888 1263 2943 καὶ
1318 2884 1539 2943 ἔσπευσε
1589 2892 1916 2942 ταπεινῶσαι

261 2979 520 3040 τούτους·
552 2977 679 3032 ἀλλ’
725 2975 839 3032 οὐδ’
894 2976 945 3032 ἐν
979 2977 1144 3032 ἅπασι
1193 2977 1292 3046 τὴν
1320 2983 1420 3047 τῆς
1469 2974 1817 3047 δικαιοσύνης
1847 2977 1915 3046 ἦν

259 3072 452 3144 τηρῶν
503 3066 722 3141 ἀρετήν.
772 3065 981 3137 Ταύτης
1026 3065 1128 3142 γὰρ
1177 3063 1342 3136 ἴδιον,
1383 3067 1446 3120 τὸ
1492 3070 1591 3120 τοῦ
1619 3066 1736 3120 κατ’
1769 3066 1914 3136 ἀξίαν

260 3155 474 3228 ἑκάστῳ
518 3153 924 3230 διανεμητικόν.
973 3157 1034 3213 ’1)
1084 3153 1141 3210 δὲ
1191 3161 1313 3217 τοῖς
1369 3155 1462 3227 μὲν
1517 3155 1791 3230 συγγενέσι
1824 3152 1916 3209 καί

1949 1867 1996 1932 Β

2021 587 2076 636 et
2099 583 2336 652 justitia
2362 591 2452 642 est
2508 589 2773 657 colenda,
2806 595 2864 644 et
2893 591 3038 647 ratio
3097 591 3311 647 civium
3371 593 3666 664 habenda,

2020 675 2077 725 et
2101 677 2293 727 vetera
2325 675 2595 730 instituta
2625 684 2764 732 sunt
2795 681 3033 734 tuenda.
3069 681 3167 735 Ille
3197 697 3330 736 vero
3363 683 3554 754 magis
3609 684 3668 738 in

2019 776 2086 815 eo
2116 760 2454 831 elaboravit,
2486 782 2718 822 summo
2749 767 3012 822 adhibito
3068 770 3287 837 studio,
3343 776 3406 825 ut
3457 777 3678 827 veteres

2021 864 2214 905 mores
2247 851 2584 908 immutaret.
2611 861 2668 909 et
2699 855 3029 928 abrogaret,
3059 863 3114 913 et
3145 875 3236 914 res
3288 876 3402 914 non
3437 865 3500 915 ut
3522 877 3679 915 como

2025 955 2234 995 munes
2266 947 2321 995 et
2353 942 2618 1012 publicas
2649 946 2936 1011 tractavit,
2971 962 3160 1018 neque
3192 965 3252 1002 se
3283 947 3518 1004 illarum
3572 951 3674 1004 ad-

2022 1028 2503 1098 ministratorem,
2537 1033 2638 1087 sed
2670 1032 2974 1089 dominum
3009 1051 3138 1090 esse
3169 1038 3415 1104 censuit,
3473 1055 3537 1092 ac
3589 1055 3674 1093 re-

2021 1117 2174 1186 giam
2208 1135 2349 1174 suas
2397 1121 2550 1176 aedes
2607 1126 2664 1176 et
2714 1122 2937 1194 putavit
2981 1129 3039 1179 et
3085 1125 3417 1196 appellavit.
3476 1131 3678 1184 Patres

2023 1207 2385 1279 conscriptos
2409 1210 2693 1279 necjusto
2719 1217 3064 1281 prosecutus
3090 1219 3180 1269 est
3202 1213 3442 1282 honore,
3488 1232 3680 1288 neque

2025 1310 2154 1349 eam
2187 1294 2422 1351 illorum
2457 1297 2665 1353 habuit
2713 1300 3019 1370 rationem,
3083 1318 3256 1372 quam
3318 1309 3476 1358 recta
3528 1303 3676 1360 ratio

2026 1384 2384 1454 postulabat,
2443 1387 2544 1441 sed
2604 1387 2800 1458 potius
2855 1388 3184 1460 deprimere
3243 1390 3376 1446 illos
3425 1394 3675 1448 studuit.

2025 1471 2222 1542 Neque
2246 1473 2489 1542 justitiaa
2534 1474 2792 1547 regulam
2853 1475 2912 1530 in
2970 1477 3247 1534 omnibus
3311 1480 3673 1538 observavit:

2027 1560 2195 1630 cujus
2228 1561 2526 1634 proprium
2560 1570 2671 1630 est,
2701 1563 2757 1618 id
2792 1565 2995 1637 cuique
3026 1567 3304 1638 tribuere,
3341 1570 3493 1640 quod
3555 1586 3677 1625 me-

2027 1654 2207 1704 retur.
2238 1649 2337 1705 Ille
2365 1667 2497 1706 vero
2540 1653 2807 1723 cognatis
2865 1660 2920 1708 et
2978 1654 3264 1712 ministris
3317 1657 3676 1728 quibusdam

2029 1743 2146 1793 tota
2176 1737 2439 1810 plaustra
2469 1739 2718 1811 publica;
2748 1743 3027 1813 {pecuniae
3078 1747 3342 1814 praebuit,
3394 1751 3451 1802 et
3492 1765 3680 1804 annos

2029 1834 2305 1898 sumptus
2335 1827 2699 1899 largissimus
2759 1833 3175 1902 suppeditavit,
3240 1841 3303 1890 ut
3351 1840 3409 1891 et
3448 1837 3680 1908 magnis

2027 1916 2239 1987 opibus
2268 1917 2659 1984 abundarent,
2693 1925 2749 1973 et
2780 1922 3122 1977 comitatum
3147 1922 3392 1992 alerent,
3418 1942 3532 1980 non
3559 1925 3676 1997 pri-

2027 2004 2176 2058 vatis
2209 2004 2569 2070 hominibus,
2605 2009 2704 2061 sed
2731 2007 3186 2079 imperatoribus
3210 2014 3675 2080 convenientem,

2027 2097 2204 2164 atque
2235 2095 2387 2148 aedes
2419 2104 2843 2165 compararent,
2879 2104 2944 2152 ut
2975 2101 3381 2171 magnitudine
3430 2103 3678 2159 urbibus

2028 2198 2222 2254 pares,
2255 2182 2335 2237 ita
2353 2183 2788 2255 magniﬁcentia
2810 2185 2986 2255 regiis
3000 2187 3234 2258 palatiis
3258 2207 3371 2245 non
3396 2190 3675 2261 impares.

2028 2271 2175 2342 Erga
2205 2270 2494 2343 reliquam
2530 2289 2666 2328 vero
2710 2273 3075 2330 nobilitatem
3124 2293 3238 2331 non
3299 2277 3537 2349 perinde
3586 2278 3683 2334 he-

2030 2361 2275 2432 nignum
2310 2377 2373 2415 se
2405 2361 2675 2431 prtebuit,
2708 2379 2780 2416 ne
2811 2364 2950 2433 quid
2985 2364 3140 2418 aliud
3177 2366 3248 2420 de
3289 2366 3409 2422 viro
3464 2366 3677 2436 dicam,

2029 2450 2200 2520 cujus
2231 2449 2435 2505 honori
2470 2449 2804 2504 consultum
2840 2450 2986 2506 volo.
3019 2453 3153 2516 Quae
3177 2470 3269 2509 res
3313 2455 3674 2510 Comnenum

2028 2539 2438 2609 imperatorem
2469 2539 2786 2610 perfectum
2811 2541 3067 2611 judicari
3099 2560 3211 2597 non
3239 2545 3678 2617 sinunt.Neque

2028 2627 2203 2682 etiam
2237 2627 2456 2682 malum
2489 2632 2852 2683 Comnenum
2885 2629 3298 2702 imperatorem
3353 2633 3672 2704 quisquam

2028 2719 2274 2773 dixerit:
2309 2735 2446 2773 nam
2479 2718 2580 2791 qui
2624 2720 2885 2775 severius
2934 2721 2990 2775 in
3043 2723 3428 2793 imperatores
3480 2725 3677 2794 inqui—

2029 2807 2211 2874 sierit,
2244 2808 2515 2879 equidem
2551 2825 2663 2863 non
2725 2810 2978 2864 arbitror
3031 2810 3216 2866 ullum
3280 2812 3678 2868 Romanorum

2029 2897 2356 2969 principatu
2408 2898 2736 2970 antiquitus
2784 2901 3036 2970 potitum
3091 2901 3463 2957 inventurum
3523 2919 3674 2969 esse,

2027 2987 2085 3041 in
2120 3003 2233 3058 quo
2265 2986 2411 3040 nihil
2435 2988 2505 3041 ad
2539 2994 3006 3044 consummatam
3031 2988 3263 3044 laudem
3289 2990 3676 3046 desideretur.

2027 3077 2149 3140 Quo
2183 3076 2266 3146 lit,
2303 3079 2364 3130 ut
2393 3076 2741 3147 cujusquam
2802 3077 3146 3149 gubernatio
3204 3093 3272 3132 ex
3334 3095 3563 3133 morum
3623 3083 3681 3135 et

2025 3164 2320 3220 actionum
2352 3165 2481 3234 eius
2526 3165 2732 3235 majori
2783 3172 2946 3237 parte
2994 3165 3316 3237 judicetur.
3372 3167 3509 3224 Sine
3558 3167 3673 3223 cri-

253 3250 365 3300 τῶν
415 3245 760 3322 θεραπόντων
808 3244 950 3298 τισὶν
998 3243 1226 3316 ἀμάξαις
1268 3241 1428 3307 ὅλαις
1453 3249 1686 3320 παρεῖχε
1712 3244 1778 3299 τὰ
1809 3241 1905 3314 δη-

2024 3252 2180 3307 mina
2208 3257 2362 3307 certe
2390 3232 2652 3322 quidem,
2689 3232 2836 3309 al‘l
2887 3258 2944 3310 et
2995 3232 3348 3310 deteriorum
3408 3255 3668 3312 ali'ectio-

254 3336 423 3407 μόσια
453 3335 736 3410 χρήματα,
787 3333 876 3388 καὶ
926 3332 1201 3407 γορηγίας
1244 3332 1470 3393 ἐκείνοις
1499 3331 1665 3407 ἀδρᾶς
1695 3332 1910 3403 ἐτησίας

245 3424 561 3497 ἇπένειμεν,
595 3423 670 3485 ὡς
722 3421 811 3477 καὶ
862 3421 1100 3478 πλοῦτον
1153 3416 1540 3498 περιϐαλέσθαι
1595 3421 1782 3496 βαθὺν,
1819 3423 1908 3476 καὶ

246 3511 556 3587 ὑπηρεσίαν
617 3511 832 3572 ἑαυτοῖς
899 3510 1158 3583 ἀποτάξαι
1193 3554 1209 3577 ,
1269 3510 1373 3564 ούκ
1450 3507 1713 3577 ἷδιώταις,
1765 3508 1911 3565 ἀλλὰ

242 3599 531 3677 βασιλεῦσι
587 3598 964 3670 κατάλληλον,
1018 3599 1108 3653 καὶ
1169 3595 1362 3660 οἷ’κους
1418 3601 1904 3674 προσκτήσασθαι,

241 3689 464 3765 μεγέθει
533 3689 626 3760 μὲν
686 3686 909 3742 πόλεσιν
972 3685 1236 3756 ἐοικότας,
1271 3685 1602 3758 πολυτελείᾳ
1649 3683 1706 3741 δὲ
1751 3688 1906 3761 βασι-

241 3776 408 3834 λείων
440 3776 765 3838 ἀπεοικότας
823 3774 999 3831 οὐδὲν·
1051 3781 1173 3840 τοῖς
1221 3773 1279 3831 δὲ
1329 3774 1548 3837 λοιποῖς
1589 3780 1696 3831 τῶν
1732 3777 1788 3830 εὗ
1815 3797 1905 3852 γε·-

242 3866 492 3941 γονότων
559 3866 668 3941 οὐχ
727 3865 922 3938 ὁμοίαν
993 3863 1328 3920 ἐνεδείκνυτο
1381 3867 1483 3934 τὴν
1542 3864 1903 3941 προαίρεσιν,

237 3954 337 4010 ἵνα
371 3957 451 4027 μή
499 3975 552 4008 τι
609 3951 789 4029 ἕτερον
844 3951 1050 4032 φαῦλον
1110 3953 1238 4028 ἐρῶ,
1294 3951 1614 4031 φειδόμενος
1664 3957 1762 4008 τοῦ
1809 3954 1906 4008 ἀν-

245 4042 404 4120 δρός.
441 4039 683 4099 Βασιλέα
734 4042 827 4116 μὲν
880 4041 970 4097 οὗ)
1024 4045 1140 4098 οἷον
1167 4042 1228 4098 τὸ
1280 4038 1499 4119 ἀκριϐὲς
1529 4044 1765 4111 ἀπαιτεῖ,
1801 4044 1908 4098 οὐκ

243 4133 378 4189 ἐῶσι
445 4131 516 4187 τὰ
590 4131 846 4207 εῗρημὲνα
921 4131 1124 4187 ἐκεῖνον
1182 4131 1536 4205 νομίζέσθαι·
1596 4130 1724 4186 ἀλλ’
1781 4131 1906 4188 οὐδὲ

2022 3358 2164 3396 num
2199 3358 2440 3412 prorsus
2485 3357 2692 3413 expers
2749 3359 2920 3397 nemo
2982 3343 3338 3413 reperietur:
3393 3343 3452 3398 id
3510 3343 3666 3400 enim

2020 3430 2228 3485 divinae
2259 3430 2554 3486 felicitatis
2598 3433 2891 3501 proprium
2931 3433 3123 3496 fuerit,
3156 3448 3262 3487 nec
3297 3449 3556 3503 unquam
3608 3434 3668 3488 in

2022 3517 2276 3573 hominis
2300 3523 2567 3572 naturam
2597 3519 2896 3573 cadctliic
2920 3519 3217 3575 scribendi
3244 3520 3418 3574 ﬁnem
3437 3521 3669 3587 faciam,

2017 3611 2072 3660 et
2104 3606 2359 3662 historiae
2391 3622 2630 3661 cursum
2667 3606 2967 3672 inhibebo,
3037 3606 3207 3680 longe
3264 3623 3668 3678 progressum.

2015 3695 2162 3750 Nam
2189 3711 2256 3750 ea
2290 3697 2567 3750 mandare
2594 3694 2805 3751 lilteris
2840 3712 2966 3766 qua:
3025 3700 3250 3751 restant
3301 3696 3513 3763 adhuc,
3566 3712 3670 3750 nec

2016 3783 2174 3850 utile,
2211 3800 2316 3838 nec
2347 3785 2760 3855 tempestivum
2790 3783 3072 3854 judicavi.
3105 3784 3268 3848 Quod
3302 3785 3350 3839 si
3382 3800 3528 3856 Opus
3559 3783 3671 3838 hoc

2017 3873 2188 3929 alicui
2223 3873 2518 3928 videbitur
2549 3873 2712 3943 utile,
2745 3873 2933 3946 gratia
2963 3873 3040 3929 sit
3070 3874 3207 3940 Deo,
3240 3875 3410 3945 cujus
3457 3872 3670 3929 auxilio

2015 3961 2172 4017 bona
2201 3961 2399 4017 omnia
2431 3961 2844 4016 conficiuntur.
2880 3962 2981 4016 Sin
3016 3977 3672 4034 supervacaneum,mea

2015 4052 2206 4121 culpa,
2237 4049 2337 4104 illa
2370 4049 2563 4118 fuerit,
2597 4053 2656 4104 et
2685 4049 2755 4103 ad
2782 4065 2874 4103 me
2905 4053 3203 4104 auctorem
3233 4050 3431 4105 redeat
3468 4048 3668 4117 fmtus,

2015 4140 2187 4208 cujus
2220 4139 2560 4193 memoriam
2595 4137 2842 4193 excitare
2873 4143 3068 4208 queat.

244 4222 436 4294 μέντοι
499 4216 708 4296 φαῦλον
767 4217 911 4273 εἷ’ποι
963 4239 1045 4280 τις
1100 4219 1191 4273 τὸν
1247 4220 1530 4292 Κομνηνὸν
1591 4219 1979 4295 αὐτοκράτορα.
2042 4223 2109 4278 Εἴ
2167 4221 2223 4278 δὲ
2276 4225 2375 4292 τὴν
2432 4223 2561 4297 ἄγαν
2615 4221 2888 4294 ἀκρίοειαν
2925 4223 3117 4293 ζητοίη
3161 4245 3246 4284 τις
3278 4221 3477 4285 ἐντοῖς
3509 4221 3668 4276 αύτο-

231 4311 561 4384 κράτορσιν,

644 4306 743 4361 οὐκ
809 4307 964 4380 οἶμαί
1036 4329 1156 4362 τινα
1227 4313 1335 4362 τῶν
1410 4309 1658 4374 ἀνέκαθεν
1737 4317 1835 4378 τῆς
1917 4313 2201 4384 Ῥωμαίων
2278 4307 2686 4383 ἐπιϐεϐηκότων
2763 4312 3058 4385 ἡγεμονίας
3128 4309 3179 4365 ἐν
3246 4317 3397 4365 πᾶσιν
3456 4308 3660 4365 εὐδοκι-

242 4397 469 4470 μηκότα
526 4396 897 4471 κριθήσεσθαι,
958 4393 1089 4449 ἀλλ’
1141 4396 1201 4450 ἐκ
1253 4401 1350 4452 τοῦ
1408 4397 1806 4460 πλεονάσοντος
1864 4397 1916 4453 ἐν
1974 4406 2091 4462 τοῖς
2147 4398 2300 4469 ἤθεσι
2359 4404 2508 4478 σφῶν
2565 4400 2656 4454 καὶ
2707 4405 2824 4461 ταῖς
2877 4399 3123 4475 πράξεσιν
3175 4401 3382 4472 ἑκάστῳ
3431 4402 3464 4468 ἡ
3505 4398 3667 4453 πολι-

237 4486 361 4541 τεία
415 4487 916 4561 κεχαρακτήρισται
951 4525 964 4539 .

1029 4483 1388 4560 Ἀνέγκλητος
1441 4486 1541 4560 γὰρ
1603 4484 1779 4549 οὐδεὶς
1837 4486 1896 4541 ἄν
1947 4509 2078 4544 ποτε
2132 4486 2260 4564 δόξῃ
2325 4486 2440 4544 οὐδ’
2497 4489 2700 4563 ἀμιγὴς
2755 4496 2856 4558 τῆς
2911 4489 3162 4564 χείρονος
3217 4485 3397 4557 ἓξεωςσ
3463 4486 3668 4549 θειοτέ-

244 4597 342 4652 ρας
399 4574 505 4650 γὰρ
558 4578 720 4629 τοῦτο
777 4571 995 4648 μοίρας,
1055 4571 1182 4628 ἀλλ’
1242 4574 1345 4630 οὐκ
1401 4574 1752 4651 ἀνθρωπίνης
1811 4574 1894 4646 εἷή
1955 4574 2016 4630 ἄν
2084 4597 2216 4632 ποτε
2272 4576 2481 4655 φύσεως
2518 4619 2530 4631 .
2594 4576 2851 4630 Ἐνταῦθά
2911 4597 3004 4650 μοι
3059 4576 3122 4631 τὸ
3176 4575 3341 4651 πέρας
3396 4574 3512 4643 ἤτω
3570 4579 3669 4643 τῆς

241 4669 599 4740 συγγραφῆς,
656 4661 746 4716 καὶ
803 4662 832 4716 ὁ
891 4658 1100 4736 δρόμος
1149 4663 1330 4733 στήτω
1385 4670 1487 4732 τῆς
1541 4663 1806 4740 ἱστορίας,
1861 4665 1917 4726 ὃς
1979 4685 2074 4739 μοι
2130 4667 2267 4741 πρὸς
2322 4666 2526 4740 μακρὸν
2585 4664 2979 4738 ἐκμεμήκισται
3018 4709 3028 4721 .

243 4751 364 4806 νυνὶ
423 4750 516 4806 καὶ
574 4749 642 4805 τὰ
694 4748 972 4814 λείποντα,
1030 4748 1093 4804 οὔ
1150 4771 1242 4823 μοι
1306 4749 1584 4814 λυσιτελὲς
1640 4750 1754 4808 οὐδ’
1807 4748 2054 4827 εὔκαιρον
2113 4753 2403 4828 κέκριται.
2465 4752 2527 4809 Εἰ

247 4840 503 4913 πόνημα,
561 4842 642 4910 τῷ
699 4841 817 4911 Θεῷ
873 4839 1034 4914 χάρις
1070 4884 1084 4910 ,
1147 4835 1216 4893 δι’
1292 4839 1462 4916 οὗπερ
1521 4841 1660 4896 ἅπαν
1727 4843 2085 4915 κατορθοῦται
2136 4841 2303 4896 καλόν
2339 4861 2352 4874 ·

3089 4663 3280 4719 Δοῦναι
3332 4663 3432 4738 γὰρ
3484 4667 3668 4740 γραφῇ

2610 4753 2704 4824 μὲν
2762 4751 2854 4807 οὖν
2931 4753 3194 4826 ὀνήσιμόν
3243 4773 3351 4807 τισι
3411 4749 3549 4825 δόξει
3604 4751 3667 4806 τὸ

2412 4840 2456 4895 εί
2522 4839 2568 4895 δ’
2625 4840 2908 4905 ἀωντελές
2940 4888 2955 4914 ,
3017 4838 3098 4913 εἷή
3160 4840 3220 4897 ἃν
3279 4843 3550 4919 ἡμέτερον
3603 4840 3668 4896 τὸ

250 4929 506 5003 ιῗτίαμα,
566 4925 657 4982 καὶ
689 4925 928 4982 ἐπανίτω
957 4927 1096 5004 πρός
1129 4947 1197 5000 με
1225 4927 1317 4982 τὸν
1349 4929 1574 4985 τεκόντα
1601 4929 1664 4984 τὸ
1694 4928 2016 5004 ἀποκύημα,
2050 4929 2301 5003 ἐσόμενόν
2339 4951 2432 5004 μοι
2469 4930 2694 5003 μνήμης
2721 4928 3060 5004 ἐμπύρευμα.
