4036 6206
215 359 310 420 329
1276 346 1688 410 ANNALIUM
1733 346 1789 407 Cl

1912 349 2306 412 )NOLOGIA.
2353 350 2426 410 Χ.
3428 349 3547 411 330

214 486 426 564 Ἀναρχία
453 482 532 540 καὶ
561 480 743 560 εἷρήνη
769 479 867 538 τοῦ
889 479 1116 559 Ἰσραὴλ
1147 478 1241 553 ἐτη
1278 480 1365 557 λβ¹
1635 476 1787 558 δτίιβ’

1912 483 2300 558 interregnum
2331 502 2426 542 an.
2459 486 2529 541 32
3405 486 3544 540 4392

208 577 325 637 Ἡλεί
355 577 378 631 6
403 573 558 648 ἱερεὺς
586 571 753 646 ἔκρινε
780 572 873 628 τὸν
906 570 1126 647 Ἰσραὴλ
1153 568 1249 642 ἔτη
1282 571 1327 625 κ’
1631 565 1789 642 ,δυιβ’

1912 573 2023 629 Heli
2054 576 2325 632 sacerdos
2347 577 2582 648 judicat
2605 592 2701 633 an.
2733 576 2805 630 20
3406 572 3545 629 4412

261 696 384 751 Κατα
410 688 461 746 δὲ
485 688 604 750 τοὺς
632 688 866 765 χρόνους
889 685 1044 746 Ἠλεὶ
1093 691 1188 743 τοῦ
1221 685 1408 762 ἱερέως
1439 686 1467 740 6
1499 683 1637 760 πρὸς
1665 681 1790 744 τοὺς

205 788 350 859 Τρῶας
379 777 605 852 πόλεμος
633 777 850 845 συνέστη
887 781 1003 841 τοῖς
1048 775 1344 847 Ἓλλησιν·
1396 773 1516 830 καθ’
1559 770 1652 836 οὕς
1698 770 1788 826 καὶ

204 874 404 946 Ὅμηρος
427 866 678 941 ἤκμαζεν.

206 983 418 1060 Σαμουὴλ
445 980 616 1059 ’ἔκρινε
645 981 736 1036 τὸν
771 980 992 1058 Ἰσραὴλ
1015 976 1108 1051 ἔτη
1135 981 1185 1037 κ’

203 1073 343 1133 Σαοὺλ
366 1068 664 1128 ἐϐασίλευσε
686 1074 784 1126 τοῦ
817 1069 1035 1148 Ἰσραὴλ
1065 1067 1162 1142 ’ἐτη
1193 1071 1240 1126 κ’

201 1160 328 1221 Δαϐἰὸ
354 1157 652 1218 ἐϐασίλευσε
681 1159 778 1214 τοῦ
809 1158 1028 1235 Ἰσραὴλ
1053 1158 1149 1230 ’ἐτη
1187 1159 1238 1232 μ’

1617 974 1789 1050 ,δυλβ’

1626 1063 1789 1141 ,δυνβ’

1619 1151 1792 1231 ,δυῆβ’

247 1280 343 1339 Ααὸ
371 1275 424 1333 δὲ
447 1283 545 1346 τῆς
580 1275 860 1350 βασιλείας
892 1270 1057 1331 Δαϐδδ
1087 1274 1191 1337 ἓως
1220 1279 1322 1343 τῆς
1351 1276 1459 1327 τῶν
1499 1269 1783 1344 Ῥωμαίων

199 1368 422 1443 βασιλείας
449 1365 540 1440 ἔτη
578 1363 732 1442 δέ,
764 1364 870 1420 ἀπὸ
896 1361 954 1420 δὶ
979 1361 1206 1425 κτίσεως
1235 1361 1446 1435 κόσμου
1476 1357 1570 1431 ἔτη
1602 1377 1790 1414 πεντα-

199 1459 402 1534 κισχίλια
425 1459 497 1513 ον’

193 1567 310 1629 Γαίος
336 1563 554 1629 Ἰούλιος
586 1559 933 1620 ἐϐασίλευσεν
967 1556 1059 1632 ἔτη
1095 1556 1138 1615 δ’

189 1653 449 1732 Αὔγουστος
477 1648 827 1710 ἐϐασίλευσεν
860 1645 953 1722 ἔτη
977 1649 1056 1714 νς¹

1667 1555 1794 1629 ,euv'

1664 1644 1788 1721 ,εφσί

236 1776 308 1845 Τῷ
333 1771 516 1826 τούτου
543 1770 643 1846 μβ’
673 1764 777 1824 ἔτει
821 1773 922 1838 τῆς
973 1761 1255 1841 βασιλείας
1303 1766 1549 1838 γεννᾶται
1600 1760 1628 1814 6
1680 1759 1788 1816 Κύ-

188 1882 275 1936 ριος
316 1863 464 1935 ἡμῶν
509 1860 726 1930 Ἰησοῦς
770 1856 1002 1930 Χριστὸς
1050 1852 1186 1908 κατὰ
1233 1853 1402 1928 σάρκα
1447 1850 1498 1906 ἐν
1536 1847 1790 1936 Βηθλεὲμ

186 1935 258 2019 τῆς
301 1945 546 2012 Ἰουδαίας
596 1946 660 2002 ἐκ
703 1952 802 2016 τῆς
845 1941 1237 2018 Ἀειπαρθὲνου
1287 1938 1522 2016 Μαρίας,
1549 1937 1638 1992 καὶ
1694 1935 1791 1991 πά-

188 2059 276 2114 σχει
312 2039 368 2094 τὸ
409 2035 660 2093 ἑκούσιον
705 2035 877 2099 πάθος
914 2033 965 2088 ἐν
1014 2035 1093 2104 τῷ
1148 2037 1216 2102 ιη’
1245 2028 1350 2086 ἔτει
1377 2034 1479 2099 τῆς
1513 2023 1791 2114 βασιλείας

185 2110 389 2202 Τιϐερίου
434 2125 731 2202 Καίσαρος
775 2127 856 2198 τῷ
893 2122 995 2201 γὰρ
1043 2126 1100 2176 ιε’
1142 2123 1238 2175 τοῦ
1287 2119 1456 2174 αὐτοῦ
1534 2110 1788 2192 Τιϐερίοῦ

184 2211 430 2288 ἐϐαπτίσθη
440 2259 453 2272 .

181 2327 387 2409 Τιϐἐριος
418 2326 768 2388 ἐϐασίλευσεν
800 2322 892 2400 ἔτη
923 2327 1009 2403 κβ¹

183 2421 304 2486 Γαίος
329 2419 492 2483 ἄλλος
528 2415 879 2476 ἐϐασίλευσεν
909 2412 1002 2488 ἔτη
1035 2413 1077 2470 δ’

180 2509 404 2573 Κλαύδιος
435 2504 784 2565 ἐϐασίλευσεν
813 2502 906 2578 ἔτη
943 2502 1004 2560 ιδ’

1623 2340 1788 2399 ,εφκη

1635 2408 1788 2487 εφλβ’

1619 2498 1789 2578 ﬁsus

179 2603 331 2674 Νέρων
359 2602 385 2657 6
414 2600 531 2666 υἱὸς
563 2598 734 2655 αὐτοῦ
766 2592 1106 2654 ἐϐασίλευσεν
1138 2590 1232 2664 ἔτη
1267 2588 1331 2646 ιδ’
1667 2588 1791 2664 ,εφξ⁹

178 2686 353 2755 Γάλϐας
387 2698 568 2766 μῆνας
607 2690 647 2759 ζ’

177 2782 318 2835 Ὄθων
352 2787 522 2854 μῆνας
545 2780 600 2856 γ’

175 2869 459 2934 Οὐϊτέλλιος
496 2875 684 2944 μῆνας
715 2890 750 2938 η

176 2959 529 3023 Οὖεςπασιανὸς
563 2951 914 3013 ἐϐασίλευσεο
943 2951 1035 3023 ἔτη
1068 2959 1097 3007 ι’
1632 2947 1792 3024 ςεφοό

175 3047 296 3112 Τίτος
323 3043 665 3104 ἐϐασίλευσεν
698 3043 791 3117 ἔτη
821 3051 866 3122 γ’
1633 3033 1790 3115 οεφοδ¹

229 3166 332 3224 Ἐπὶ
375 3164 580 3221 τούτου
629 3163 719 3219 καὶ
769 3163 805 3232 ἡ
853 3163 963 3217 τῶν
1009 3155 1405 3234 Ἰεροσολύμων
1456 3152 1660 3216 ἅλωσις
1700 3152 1788 3228 γε·

173 3275 289 3328 γονε,
317 3255 402 3311 καὶ
432 3257 469 3325 ἠ
502 3249 786 3322 παντελὴς
828 3253 938 3305 τῶν
988 3243 1266 3306 Ἰουδαίων
1317 3244 1618 3323 ἐρήμωσις.
1651 3242 1791 3298 Ἀπὸ

174 3341 216 3397 δὲ
252 3353 340 3415 τῆς
382 3343 650 3414 τοιαύτης
697 3339 954 3401 ἁλώσεως
995 3335 1101 3401 ἕως
1153 3343 1253 3406 τῆς
1306 3333 1586 3410 βασιλείας
1638 3339 1791 3388 Κων-

174 3434 416 3490 σταντίνου
463 3437 568 3488 τοῦ
629 3428 906 3504 Μεγαλου,
958 3424 1086 3498 ἤτοι
1136 3432 1236 3496 τῆς
1289 3428 1396 3480 τῶν
1455 3426 1785 3500 Χριστιανῶν

176 3521 444 3596 βασιλείας,
497 3517 600 3591 ἔτη
646 3519 780 3588 σλζ’,
834 3517 939 3572 ἀπὸ
998 3513 1056 3572 δὲ
1119 3514 1344 3576 κτίσεως
1409 3511 1619 3586 κόσμου
1693 3510 1786 3582 ἔτη

167 3618 342 3686 ,ιωμα’,
390 3611 498 3666 ἀπὸ
555 3607 616 3665 δὲ
657 3615 757 3678 τῆς
803 3607 900 3663 τοῦ
948 3608 1179 3683 Χριστοῦ
1213 3604 1538 3677 ἀνακήψεως
1566 3600 1672 3666 ἓως
1693 3608 1792 3672 τῆς

172 3701 399 3764 ἁλώσεως
428 3696 838 3777 Ἱεροσολύμων
872 3692 964 3768 ἔτη
1001 3701 1115 3770 μη’.

1969 690 2133 747 Circa
2161 695 2426 764 tempora
2476 692 2604 748 Heli
2653 692 2982 749 Graecorum
3035 691 3317 748 adversus
3343 689 3546 763 Troja-

1901 796 2006 836 nos
2030 779 2250 837 bellum
2281 782 2510 851 accidit,
2556 797 2670 853 quo
2722 780 2897 838 etiam
2947 784 3211 854 tempore
3258 779 3546 839 Homerus

1900 867 2116 925 ﬂoruit.

1899 983 2136 1041 Samuel
2160 985 2388 1056 judicat
2418 984 2688 1041 lsraelem
2721 1001 2813 1042 an.
2846 987 2918 1041 20
3401 985 3546 1041 4432

1900 1073 2037 1129 Saul
2071 1079 2275 1146 regnat
2300 1073 2359 1129 in
2393 1073 2572 1131 Israel
2603 1091 2698 1131 an.
2729 1076 2800 1131 20
3402 1073 3543 1130 4452

1902 1163 2074 1218 David
2110 1168 2314 1234 regnat
2343 1162 2401 1219 in
2441 1165 2618 1220 Israel
2653 1181 2747 1220 an.
2781 1165 2849 1218 40
3404 1163 3542 1218 4492

1967 1279 2013 1334 Α
2051 1278 2230 1335 David
2265 1296 2452 1351 usque
2503 1280 2575 1336 ad
2629 1283 2919 1336 Romanos
2973 1279 3352 1351 imperatores
3399 1277 3540 1336 anni

1899 1377 2040 1424 sunt
2061 1369 2186 1424 940.
2221 1373 2266 1423 Α
2293 1368 2496 1425 mundi
2521 1369 2758 1427 conditu
2792 1370 2930 1427 anni
2957 1369 3099 1424 5450

3399 1562 3542 1620 5450

3401 1652 3544 1709 5506

1969 1771 2158 1842 Hujus
2207 1771 2439 1844 imperii
2472 1788 2568 1827 an.
2602 1771 2672 1826 42
2720 1769 2984 1826 nascitur
3034 1768 3311 1826 Dominus
3345 1771 3544 1825 noster

1895 1859 2068 1916 Jesus
2098 1859 2364 1917 Christus
2397 1860 2719 1916 secundum
2751 1875 2988 1916 carnem
3017 1858 3077 1914 in
3112 1857 3406 1916 Bethleem
3434 1858 3542 1914 Ju-

1898 1949 1984 2004 dae
2017 1949 2087 2004 de
2121 1949 2350 2022 Virgine
2379 1949 2580 2015 Maria,
2612 1953 2668 2004 et
2695 1948 3057 2005 voluntarias
3083 1965 3282 2020 poenas
3302 1963 3538 2020 perpes-

1897 2053 2002 2094 sus
2031 2041 2120 2094 est
2149 2055 2222 2094 an
2254 2037 2484 2110 imperii
2515 2037 2728 2095 Tiberii
2758 2037 3263 2095 Caasaris18.Nam
3296 2038 3363 2093 15
3381 2037 3542 2108 ejus-

1897 2127 2032 2184 dem
2065 2143 2217 2184 anno
2248 2125 2579 2199 baptizatus
2609 2131 2717 2185 est.

1897 1569 1956 1620 C.
1989 1564 2184 1622 Julius
2216 1564 2465 1639 imperat
2494 1583 2590 1623 an.
2621 1567 2652 1621 4

1897 1657 2198 1727 Augustus
2230 1655 2481 1728 imperat
2511 1672 2606 1712 an.
2639 1655 2710 1711 56

1898 2334 2165 2392 Tiberius
2190 2333 2439 2406 imperat
2468 2350 2562 2390 an.
2593 2333 2666 2389 22
3401 2333 3544 2388 5528

1897 2425 2068 2481 Caius
2098 2423 2245 2482 alter
2272 2424 2516 2495 imperat
2544 2439 2638 2478 an.
2673 2423 2705 2478 4
3400 2422 3546 2478 8532

1897 2514 2172 2572 Claudius
2201 2514 2452 2587 imperat
2481 2530 2576 2569 an.
2615 2513 2679 2567 14
3403 2511 3546 2567 5546

1899 2603 2045 2662 Nero
2078 2603 2256 2676 hujus
2289 2602 2446 2660 ﬁlius
2478 2603 2730 2675 imperat
2760 2617 2856 2658 an.
2891 2601 2959 2656 14
3400 2600 3544 2656 5560

1903 2694 2086 2751 Galba
2119 2709 2305 2750 mens.
2334 2693 2370 2746 7

1903 2783 2051 2840 Otho
2084 2800 2271 2840 mens.
2301 2783 2336 2838 3

1902 2872 2176 2930 Vitellius
2208 2888 2390 2929 mens.
2424 2871 2459 2925 8

1901 2962 2294 3034 Vespasienus
2322 2961 2573 3034 imperat
2603 2977 2698 3016 an.
2735 2960 2800 3014 10
3406 2959 3543 3014 5571

1898 3052 2066 3109 Titus
2094 3051 2348 3125 imperat
2377 3068 2473 3107 an.
2505 3051 2539 3102 3
3407 3050 3550 3106 5574

1972 3168 2094 3224 Sub
2126 3168 2234 3224 hoc
2275 3166 2815 3239 Hierosolymorum
2859 3165 3150 3222 excidium
3203 3165 3447 3236 contigit
3495 3172 3550 3222 et

1903 3257 2244 3314 omnimoda
2272 3257 2609 3313 Judaaorum
2641 3253 2944 3312 desolatio.
2988 3259 3158 3311 Porro
3189 3255 3261 3312 ab
3311 3254 3420 3311 hoc
3451 3271 3548 3313 ex-

1902 3347 2054 3403 cidio
2087 3347 2158 3402 ad
2181 3344 2545 3402 Constantini
2577 3348 2648 3399 M.
2685 3344 2805 3400 sive
2849 3343 3313 3400 Christianorum
3364 3345 3548 3415 impe-

1902 3437 2053 3492 rium
2087 3453 2182 3492 an.
2234 3439 2373 3491 sunt
2410 3436 2536 3490 237.
2584 3434 2664 3490 Ab
2714 3432 2777 3489 Ο.
2829 3432 2888 3488 C.
2921 3433 3083 3488 5841.
3119 3435 3156 3488 Α
3188 3432 3399 3489 Christi
3433 3432 3549 3488 Do-

1904 3525 2049 3581 mini
2089 3523 2430 3582 ascensione
2490 3523 2560 3580 ad
2620 3523 2907 3581 excidium
2956 3521 3545 3594 Hierosolymitanum

1903 3633 1999 3673 an.
2033 3617 2126 3674 48.

170 3831 555 3888 Κωνσταντῖνος
591 3825 619 3879 6
653 3823 837 3899 Μέγας
866 3817 959 3892 ἔτη
993 3817 1074 3896 λγ¹
1613 3816 1789 3889 ⁴εωμ.α⁸

1912 3828 2323 3886 Constantinus
2353 3831 2424 3882 M.
2455 3844 2549 3883 an'
2582 3826 2652 3881 33
3401 3821 3538 3877 5851

169 3917 520 3979 Κωνστάντιος
552 3914 583 3968 6
615 3913 730 3976 υἱὸς
759 3912 928 3968 αὐτοῦ
957 3908 1049 3981 ἔτη
1084 3905 1162 3964 κδ’
1637 3905 1789 3980 ,εωεέ

1912 3917 2278 3976 Donstantius
2307 3917 2434 3989 ejus
2465 3916 2623 3972 illius
2648 3931 2744 3972 an.
2771 3915 2840 3969 24
3400 3911 3543 3967 5865

169 4002 433 4068 Ἰουλιανὸς
463 4004 492 4059 6
526 3995 852 4078 παραϐάτης
884 3993 977 4069 ἔτη
1015 3998 1061 4074 β’
1632 3993 1789 4068 ,ιωξξ

1912 4007 2170 4064 luiianus
2200 4007 2481 4078 Apostata
2513 4021 2607 4061 an.
2638 4006 2674 4058 2
3401 4000 3542 4056 5867

168 4088 406 4158 Ἰοϐιανὸς
434 4090 562 4156 ἐτος
588 4097 632 4146 α’
933 4091 937 4094 ’
1626 4083 1789 4157 ιεωξη⁴

1912 4095 2182 4154 Iovianus
2213 4111 2309 4151 an.
2343 4095 2369 4150 1
3404 4089 3548 4144 5868

171 4180 622 4251 Οὖαλεντινιανὸς,
653 4174 744 4251 ἔτη
783 4178 852 4255 ιβ’
1654 4173 1789 4247 ςεωπ¹

1912 4183 2349 4241 Valentinianus
2379 4199 2474 4239 an.
2511 4183 2578 4238 12
3407 4178 3549 4234 5880

171 4270 369 4341 Οὐάλης
400 4272 429 4326 6
456 4267 697 4347 ἀδελφὸς
726 4267 891 4323 αὐτοῦ
922 4263 1016 4336 ἐτη
1046 4266 1093 4340 γ’
1619 4264 1789 4336 ﬁunt-1‘

1912 4273 2117 4331 Valens
2143 4273 2323 4345 hujus
2355 4271 2531 4327 frater
2560 4288 2655 4329 an.
2689 4271 2724 4325 3
3411 4267 3554 4324 5883

173 4361 440 4434 Γρατιανὸς
473 4357 570 4430 ἔτη
601 4358 648 4433 γ’
1619 4353 1789 4426 ,εωπςέ

1912 4363 2220 4420 Gratianus
2250 4379 2346 4418 an.
2374 4361 2408 4416 3
3411 4355 3556 4411 5886

170 4447 437 4513 Θεοδόσιος
472 4450 501 4504 6
532 4445 712 4521 Μέγας
743 4438 837 4516 ἔτη
873 4445 935 4514 ιζ’
1669 4441 1789 4514 ’⁸791

1912 4450 2272 4509 Theodosius
2306 4454 2376 4507 Μ.
2410 4466 2504 4505 an.
2541 4449 2608 4504 17
3408 4444 3552 4499 5900

173 4535 434 4612 Ἀρκάδιος
467 4538 497 4593 6
528 4535 643 4598 υἱὸς
674 4533 839 4590 αὐτοῦ
869 4528 962 4604 ἔτη
997 4532 1064 4607 ιγ’
1607 4530 1789 4605 ἐ79ιγ¹

1912 4541 2196 4597 Arcadius
2225 4541 2354 4611 ejus
2381 4537 2538 4595 illius
2569 4555 2662 4595 an.
2694 4538 2760 4593 13
3412 4532 3554 4588 5913

174 4623 444 4690 Θεοδόσιος
475 4628 505 4681 6
537 4624 749 4700 Μικρὸς
779 4620 872 4694 ἔτη
908 4623 999 4697 μβ¹
1613 4620 1789 4694 ςεγῇνε

1912 4629 2274 4688 Theodosius
2305 4628 2494 4685 Minor
2523 4645 2616 4684 an.
2652 4627 2721 4682 42
3412 4621 3557 4678 5955

176 4715 470 4790 Μαρκιανὸς
503 4714 598 4784 ἶτη
629 4713 673 4778 ς’
1607 4709 1789 4784 ιε7θξα

1912 4720 2239 4777 Marcianus
2269 4737 2362 4776 ιη·
2385 4719 2422 4773 6
3415 4711 3552 4767 5961

176 4803 306 4858 Λέων
335 4806 363 4860 6
393 4805 584 4879 Μέγας
615 4797 707 4873 ἔτη
745 4806 806 4871 ιζ’
1598 4798 1786 4872 ,ε7ᾒοη

1913 4816 2022 4866 Leo
2051 4812 2124 4864 M.
2154 4825 2251 4864 an.
2286 4807 2353 4863 17
3416 4799 3560 4856 5978

179 4891 306 4946 Λέων
336 4893 365 4948 6
394 4891 602 4966 Μικρὸς
632 4887 753 4954 ἐτος
783 4895 826 4944 α’
1603 4887 1784 4961 ,εῩΘΟθ

1916 4905 2024 4955 Leo
2057 4898 2246 4953 Minor
2274 4913 2369 4953 an.
2396 4897 2421 4952 1
3419 4890 3562 4946 5979

178 4979 341 5049 Ζήνων
369 4976 712 5036 ἐϐασίλευσεν
743 4972 836 5049 ἐτη
871 4979 936 5043 ις’
1608 4975 1804 5053 ,θέμις’
1913 4988 2064 5044 Zeno
2105 5003 2199 5042 an.
2235 4986 2302 5042 16
3419 4979 3561 5036 5996

180 5068 512 5132 ’Δναστάσιος
543 5063 883 5124 ἐϐασίλευσεν
914 5062 1005 5138 ἔτη
1037 5067 1116 5136 κζ’
1677 5066 1789 5142 ’ςκγ

1915 5075 2262 5134 Anastasius
2293 5093 2387 5133 an.
2420 5075 2492 5130 27
3421 5069 3564 5126 6023

180 5157 451 5221 Ἰυυστῖνος
487 5159 514 5214 6
547 5159 726 5235 Γέρων
759 5153 850 5228 ἔτη
880 5162 920 5220 θ’
1671 5153 1789 5232 ,ςλβ

1915 5166 2179 5224 Justinus
2210 5165 2417 5222 Senior
2446 5181 2540 5222 an.
2570 5165 2606 5218 9
3423 5158 3568 5216 6032

180 5247 542 5310 Ἱουστινιανὸς
573 5249 600 5302 6
626 5238 936 5322 Μέγας-ἔτη
971 5243 1054 5309 λθ¹
1685 5265 1789 5319 ,ςοα

1917 5256 2224 5313 Justianus
2256 5260 2325 5312 Μ.
2360 5255 2430 5310 39
3423 5247 3562 5305 5071

178 5343 455 5402 -ίουστῖνος
486 5338 512 5392 6
543 5337 682 5398 Νέος
709 5331 800 5406 ἔτη
841 5341 906 5410 ιγ’
1678 5333 1789 5400 ’ςπδ

1918 5345 2193 5404 Justinus
2222 5346 2406 5401 Minor
2435 5361 2531 5401 an.
2567 5345 2635 5398 13
3425 5336 3568 5394 6084

177 5421 406 5503 Τιϐέριος
438 5421 530 5497 ἔτη
562 5423 604 5481 δ’
1672 5446 1789 5499 ,ςπη

1921 5435 2194 5493 Tiberius
2226 5452 2320 5492 an.
2363 5435 2396 5489 4
3427 5425 3570 5483 6098

183 5516 474 5589 Μαυρίκιος
500 5510 589 5588 ἔτη
614 5515 662 5569 κ’
1688 5518 1789 5594 ’ςρε

1923 5524 2236 5582 Mauricius
2265 5540 2361 5581 an.
2393 5524 2463 5579 20
3428 5515 3572 5574 6109

180 5613 363 5674 Φωκᾶς
392 5608 424 5661 6
452 5605 706 5682 τύραννος
728 5599 822 5675 ἔτη
855 5602 908 5673 η’
1666 5612 1789 5682 ,ςριζ

1924 5615 2147 5672 Phocas
2180 5619 2465 5687 tyrannus
2495 5628 2588 5670 an.
2619 5612 2654 5666 8
3431 5605 3573 5662 6117

177 5695 483 5772 Ἡράκλειος
513 5694 602 5770 ἔτη
633 5693 718 5752 λα’
1635 5715 1789 5772 ςςρμη

1924 5703 2228 5762 Heraclius
2257 5719 2349 5762 an.
2378 5702 2439 5760 31
3431 5694 3572 5754 6148

452 5826 713 5889 Panos.
757 5821 870 5886 Gn.
912 5819 1204 5884 CXXXV.

3220 5827 3290 5888 11
