4028 6202
216 401 327 462 389

1572 395 1676 456 DE
1717 393 2100 459 HEBDOMO
2143 396 2265 458 οι).

3496 404 3618 467 390

273 533 534 607 aediﬁcia,
565 537 731 607 atque
758 535 816 588 in
847 533 938 607 iis
974 530 1334 607 Tribunal-et
1372 529 1657 583 Palatium
1703 528 1847 607 lieb-
1877 531 1934 598 Α
1962 530 2114 607 XVII.
2149 530 2552 607 tangente-cata
2599 547 2694 588 seu
2750 534 3073 590 suburbana
3102 535 3318 606 oppidis
3346 539 3612 607 proxima

271 601 453 660 domi.
490 601 550 660 In
583 601 879 659 Tribunati
908 605 1081 659 levari
1123 601 1275 655 soliti
1313 603 1672 671 imperatores
1702 602 1848 655 Con-

270 676 778 748 stantinopolitani,
827 675 944 748 qui,
997 673 1140 748 quod
1180 672 1338 748 urbis
1376 672 1651 748 moenibus
1709 671 1852 726 illud

270 721 585 816 ἕιῆἇὶὲἓὲῗῖ
594 721 1022 802 ἓὲἱ’ἷιῖὶ›οἰὲἶγὶιτῖ
1037 721 1333 800 ἒῖιῶᾶιιίἱὶ
1358 721 1644 816 debilia}:

204 821 281 874 IX.
316 812 382 874 In
441 819 729 874 Tribunali
782 827 833 874 et
888 821 948 874 in
1005 816 1204 886 Campo
1266 815 1592 883 inaugurati
1646 812 1851 884 passim

269 891 525 947 Augusti.

206 907 564 1033 {dixit},
606 960 873 1033 Tribunal
918 967 973 1015 et
1022 955 1309 1033 Palatium
1353 955 1483 1033 urbi
1521 954 1852 1033 _adjunctum

266 1026 581 1104 promiscue
621 1031 878 1087 Hebdomi
908 1031 1172 1104 nomine“
1193 1044 1227 1104 a_
1263 1027 1631 1104 scriptoribus
1675 1026 1851 1104 dona-

267 1098 380 1160 tur.
436 1105 693 1159 Hebdomi
736 1119 832 1158 seu
882 1102 1082 1172 Campi
1128 1098 1494 1155 Hebdomiani
1533 1114 1667 1170 pars
1698 1100 1851 1153 intra

269 1177 473 1230 urbem
502 1174 739 1230 subinde
768 1175 1006 1230 inclusa.

199 1249 285 1302 XI.
323 1247 785 1303 Promontorium
829 1245 1089 1302 Hebdomi
1131 1242 1448 1315 proximum
1495 1241 1666 1312 fuisse
1696 1240 1851 1295 urbis

268 1319 547 1374 manibus
575 1317 895 1373 ostenditur.

193 1390 301 1445 XII.
365 1391 700 1445 Hebtomum
746 1404 854 1442 non
911 1387 981 1442 ad
1042 1382 1443 1456 Propontidem,
1511 1381 1604 1438 sed
1663 1397 1851 1436 versus

269 1460 531 1535 Qeratini
557 1462 714 1535 sinus
740 1467 904 1535 caput
934 1459 1166 1514 exstitit.
1215 1530 1248 1535 η
1297 1529 1333 1535 Α
1525 1532 1532 1535 Δ
1613 1526 1641 1535 η
1689 1525 1728 1535 η

197 1532 340 1587 XIII.
375 1532 440 1588 Id
478 1534 754 1588 astruitur
794 1523 1125 1601 scriptorum
1169 1529 1367 1601 altatis
1409 1523 1846 1601 auctoritatibus.

195 1604 330 1659 XIV.
387 1605 463 1658 De
522 1604 758 1672 Palatii,
810 1596 952 1674 quod
997 1600 1142 1656 nude
1182 1600 1468 1674 interdum
1517 1596 1850 1674 Hebdomum

269 1675 552 1746 appellari
599 1669 1052 1746 diximus,situ,
1099 1679 1152 1746 et
1193 1690 1268 1746 an
1300 1670 1464 1746 idem
1501 1669 1674 1740 fuerit
1722 1683 1850 1721 cum

268 1743 610 1803 consistorio
641 1744 901 1800 Gratiani
917 1746 969 1798 et
995 1743 1327 1800 Iustiniani.

196 1817 303 1871 XV.
368 1817 706 1873 Hebdomum
753 1819 1142 1886 nuncupatum
1185 1813 1332 1871 istud
1379 1811 1663 1867 Palatium
1717 1823 1847 1878 pro-

273 1888 453 1944 batur
481 1905 551 1944 ex
569 1890 952 1959 scriptoribus.

197 1959 331 2016 XVI.
362 1959 505 2015 Huic
534 1948 804 2016 Tribunat
851 1957 1128 2027 vestibuli,
1176 1971 1271 2012 seu
1319 1948 1648 2025 προαυλεου,
1679 1951 1857 2006 vicem

274 2032 555 2104 praebuit.

268 2142 318 2192 Ι.
359 2139 654 2193 Hactenus
676 2135 932 2208 quidem,
973 2134 1032 2190 ni
1063 2133 1258 2202 fallor,
1293 2129 1673 2204 praestitimus
1704 2127 1861 2200 quod

200 2228 260 2281 in
293 2227 552 2298 hujusce
581 2227 775 2297 operis
803 2223 1149 2280 Prasfatione
1174 2238 1385 2278 sumus
1417 2217 1678 2292 polliciti,
1713 2215 1860 2272 nihil

199 2332 308 2372 nos
343 2314 462 2370 nisi
489 2331 658 2381 nova,
691 2331 756 2370 ac
785 2313 844 2368 in
878 2314 1050 2369 hocce
1079 2327 1292 2384 genere
1321 2308 1655 2382 argumenti
1690 2306 1859 2362 nobis

201 2403 451 2470 indicta,
485 2403 556 2458 de
587 2402 660 2458 iis
709 2419 835 2474 quae
887 2402 958 2457 ad
1011 2401 1174 2457 urbis
1204 2395 1856 2470 Constantinopolitanae

201 2493 288 2548 vel
352 2490 606 2547 aedilicia
647 2491 734 2546 vel
779 2482 1046 2563 regiones
1095 2489 1406 2562 pertinent,
1455 2487 1515 2542 in
1564 2485 1727 2542 Notis
1783 2486 1856 2541 ad

202 2581 440 2637 Zonara
487 2580 750 2634 Annales
797 2580 1230 2634 observaturos.
1281 2577 1496 2632 Verum
1549 2579 1613 2630 ut
1644 2573 1856 2629 faciam

203 2668 348 2725 satis
404 2668 528 2724 viro
576 2667 904 2740 pererudito
951 2665 1247 2722 Hadriano
1275 2663 1526 2731 Valesio,
1560 2663 1652 2718 cui
1701 2661 1857 2717 Petri

203 2757 379 2829 Gyllii
430 2755 605 2828 longe
652 2755 1006 2822 doctissimi,
1054 2759 1112 2810 et
1160 2757 1421 2809 nostram
1469 2753 1540 2807 de
1568 2749 1856 2806 Hebdomi

204 2845 321 2901 situ
363 2843 721 2901 sententiam
773 2844 1015 2898 minime
1047 2841 1276 2913 probari
1305 2840 1686 2908 advertimus,
1720 2838 1858 2893 huic

209 2950 445 2990 rursom
479 2933 831 3002 asserenda,
873 2948 1060 3003 pauca
1087 2947 1155 2987 ex
1184 2929 1259 2986 iis
1291 2947 1417 3002 quae
1450 2929 1511 2985 in
1542 2928 1854 2984 Constanti-

203 3022 397 3093 nopoli
451 3019 767 3076 Christiana
805 3021 1036 3092 copiose
1087 3018 1234 3075 satis
1282 3035 1316 3074 a
1360 3017 1529 3073 nobis
1561 3015 1857 3087 descripta

209 3117 376 3178 sunt,
416 3109 514 3164 hic
545 3126 784 3165 rursum
829 3107 1073 3164 delibari
1121 3107 1277 3163 haud
1326 3108 1621 3178 ingratum
1655 3103 1854 3160 lectori

202 3199 454 3255 fortasse
483 3199 674 3268 fuerit,
706 3199 803 3254 cui
823 3198 895 3252 de
914 3197 1024 3252 hac
1049 3195 1429 3268 dijudicanda
1458 3193 1854 3251 controversia

206 3287 462 3342 liberum
513 3286 625 3343 erit
661 3255 996 3342 arbitrium.
1032 3255 1210 3341 Invea
1256 3300 1387 3340 vero
1416 3283 1848 3354 pertractanda,
1881 3255 1924 3323 C

208 3383 271 3431 ut
301 3375 494 3432 sancti
524 3374 837 3448 Augustini
886 3373 1075 3430 verbis
1121 3372 1267 3428 mihi
1311 3371 1540 3444 praefari
1567 3372 1741 3427 liceat
1771 3372 1854 3443 (in

210 3468 382 3536 Epist.
415 3465 488 3520 ad
516 3463 571 3520 S.
608 3463 854 3535 Hieron.)
885 3481 905 3518 :
935 3463 999 3518 Si
1010 3463 1179 3518 aliter
1200 3477 1364 3533 quam
1386 3462 1432 3515 is
1450 3461 1679 3515 semisse
1699 3475 1853 3530 repe-

205 3558 353 3620 riar,
388 3569 500 3609 non
530 3557 728 3610 contra
758 3553 921 3607 illum
940 3553 1172 3617 dictum,
1196 3549 1293 3606 sed
1309 3550 1458 3621 quod
1476 3549 1619 3604 mihi
1641 3548 1859 3604 videba-

201 3655 294 3700 tur
322 3661 360 3698 a
406 3659 496 3699 me
535 3645 802 3714 scriptum
843 3657 958 3698 esse
1001 3642 1187 3712 putem
1231 3639 1483 3695 lectorem
1528 3636 1722 3693 debere
1771 3652 1857 3693 co-

202 3748 465 3802 gnoscere
491 3749 510 3786 :
542 3741 640 3787 aut
669 3734 720 3785 si
750 3731 1001 3802 cognosci
1028 3746 1139 3786 non
1164 3736 1356 3801 potest,
1386 3727 1613 3783 credere
1641 3725 1852 3782 debere.

277 3822 350 3876 ll.
383 3823 573 3890 Atque
607 3823 670 3874 ut
699 3818 947 3890 hujusce
979 3815 1421 3889 disceptationis
1452 3814 1702 3869 ducatur
1739 3813 1854 3868 ini-

199 3912 375 3975 tium,
409 3907 470 3962 in
498 3907 768 3962 confesso
810 3907 1017 3962 debere
1061 3922 1189 3962 esse
1219 3905 1592 3976 agnoscimus
1624 3902 1852 3958 Hebdo-

202 4013 367 4052 mum
402 3997 486 4051 ita
516 3995 899 4068 appellatum,
931 3995 1085 4065 quod
1119 3993 1367 4066 septimo
1386 3993 1458 4048 ab
1487 3993 1629 4047 urbe
1652 3989 1854 4063 (veteri

196 4085 422 4140 scilicet
481 4083 756 4156 Byzantio
814 4084 887 4139 ad
962 4082 1430 4154 promontorium
1491 4079 1849 4151 Ceratinum)

197 4173 445 4229 milliari
497 4172 792 4227 distaret:
863 4170 1070 4227 indevc
1116 4171 1271 4242 quod
1321 4169 1500 4226 Graeci
1550 4161 1852 4240 ’Έϐδομον,

199 4263 392 4318 Latini
450 4262 754 4333 Septimum
811 4264 1039 4332 vocant,
1099 4259 1387 4331 quosdam
1464 4258 1854 4330 septimilliare

203 4365 594 4422 nuncupare:
647 4349 1145 4419 quemadmodum
1202 4349 1260 4403 in
1313 4354 1560 4419 utroque
1610 4347 1850 4414 isthmo,

203 4441 469 4495 Thraciae
525 4437 871 4494 Chersonesi
934 4443 992 4493 et
1048 4436 1436 4503 Corinthiaco,
1498 4453 1532 4492 a
1582 4437 1725 4491 mari
1779 4435 1850 4491 ad

210 4544 374 4583 mare
428 4527 680 4583 deducto
733 4543 901 4582 muro
954 4525 1308 4582 Hexamiliia
1347 4542 1448 4580 sex
1505 4524 1850 4580 milliarium

2037 602 2272 667 fuerint.

1960 673 2133 797 XVl’lIt.
2168 672 2504 729 Suburbana
2531 675 2709 729 etiam
2755 674 3031 731 interdum
3083 678 3236 731 intra
3281 678 3472 734 urbem
3519 695 3615 736 ex-

2034 760 2059 796 s
2089 759 2108 796 ι
2137 759 2251 797 ere.

2034 744 2251 797 stitere.

2027 813 2148 868 XIX.
2169 819 2256 890 _In
2283 814 2565 890 Hebdomo,
2587 832 2680 872 seu
2710 819 2772 872 in
2801 817 2999 888 Campo
3032 819 3111 873 ita
3145 821 3608 890 appellato,varia

2030 887 2292 1010 exsiz'tere
2342 886 2600 957 aediﬁcia,
2649 897 2766 943 tum
2818 886 2966 946 aedes
3009 886 3225 956 sacrae;
3257 907 3382 963 quae
3417 886 3608 949 recen-

2031 972 2127 1010 sen
2157 974 2239 1010 ur.

2031 972 2239 1011 sentur.

1961 1028 2056 1082 XX.
2099 1029 2264 1102 dides
2318 1027 2402 1102 S._
2431 1028 2659 1084 Joannis
2717 1031 2998 1096 Baptista.
3050 1047 3216 1102 quam
3263 1032 3605 1090 Hebdomum

2028 1101 2198 1225 nuttte‘
2218 1098 2498 1226 inserdum
2538 1110 2729 1156 vocant
2775 1098 3086 1173 scriptores,
3119 1120 3194 1158 an
3221 1105 3370 1159 intra
3402 1107 3603 1162 urbem

2031 1188 2125 1226 exs
2154 1188 2173 1225 ι
2199 1188 2260 1226 er
2313 1210 2324 1222 .
2599 1219 2602 1222 .

2031 1173 2300 1227 exstiterit
2313 1210 2324 1222 .
2599 1219 2602 1222 .

1959 1243 2084 1297 XXI.
2118 1244 2190 1298 De
2236 1244 2365 1298 aliis
2400 1243 2552 1296 intra
2599 1243 2788 1298 urbem
2842 1243 3019 1300 eidem
3047 1254 3233 1302 sancto
3262 1249 3606 1304 Praecursori

2030 1313 2231 1369 dicatis
2274 1312 2555 1368 Ecclesiis.

1957 1385 2104 1440 XXII.
2141 1385 2221 1458 Ain
2249 1385 2566 1458 dissertator
2593 1385 2990 1458 Hebdomianus
3019 1403 3142 1442 vere
3189 1388 3402 1458 primus
3437 1390 3607 1444 situm

2035 1457 2302 1511 Hebdomi
2331 1457 2681 1524 explicuerit.

1959 1527 2134 1582 XXIII.
2169 1530 2228 1583 In
2260 1528 2563 1582 litterariis
2590 1529 2980 1584 controversiis
3011 1530 3130 1584 sine
3153 1533 3334 1586 nostra
3367 1531 3603 1586 invicem

2028 1598 2214 1654 dolore
2244 1599 2372 1653 licet
2424 1598 2630 1667 ludere,
2676 1599 2734 1654 id
2781 1604 2858 1655 est
2911 1600 3224 1656 urbanitate
3265 1617 3330 1656 ac
3360 1601 3606 1658 modera-

2041 1671 2182 1725 tione
2208 1673 2442 1726 servata.

1959 1741 2120 1795 XXIV.
2176 1742 2378 1796 Auctor
2452 1740 2597 1795 nihil
2642 1742 2772 1796 novi
2828 1741 3050 1796 docetur
3105 1757 3176 1797 ex
3227 1742 3614 1800 dissertatoris

2031 1814 2452 1868 Dissertatione.

1898 1889 1941 1958 ο
1970 1885 2113 1939 XXV.
2149 1883 2439 1958 Conclusio
2480 1885 2707 1958 hujusce
2759 1885 3184 1958 Disceptationis
3229 1884 3306 1958 de;
3338 1886 3438 1942 hac
3467 1885 3613 1941 Con-

2043 1957 2324 2028 troversia,
2391 1972 2560 2028 quam
2634 1955 2955 2026 impeditam
3027 1956 3376 2012 existimabat
3432 1963 3608 2014 Henr.

2049 2027 2312 2084 Valesius.

2042 2132 2138 2188 III.
2179 2133 2433 2188 Tametsi
2479 2131 2662 2204 igitur
2708 2131 3070 2187 Hebdomum
3120 2131 3203 2188 ita
3249 2133 3607 2205 appellatum

1971 2227 2219 2288 constet,
2252 2223 2403 2292 quod
2461 2222 2711 2292 septimo
2759 2221 2830 2276 ab
2881 2222 3022 2278 urbe
3067 2221 3302 2277 milliari
3343 2223 3612 2295 distaret,

1970 2311 2287 2368 difficultas
2318 2317 2512 2368 tamen
2545 2313 2614 2367 de
2649 2311 2932 2367 Hebdomi
2964 2311 3159 2382 istius,
3190 2315 3361 2384 cujus
3391 2313 3613 2384 passim

1971 2401 2191 2457 mentio
2219 2401 2372 2472 apud
2405 2401 2720 2472 scriptores
2756 2400 3028 2465 occurrit,
3063 2401 3448 2468 situ,minime
3480 2402 3615 2458 inde

1968 2487 2234 2557 solvitur,
2253 2505 2385 2543 cum
2401 2488 2558 2544 aliud
2573 2492 2630 2543 et
2649 2488 2942 2544 diversum
2973 2487 3104 2543 sita
3125 2489 3374 2562 septimo
3396 2489 3611 2561 lapide,

1966 2577 2101 2634 licet
2137 2578 2348 2644 eidem,
2396 2582 2460 2632 ut
2488 2581 2544 2632 et
2575 2577 2705 2631 urbi
2739 2576 3389 2649 Constantinopolitanae
3420 2581 3608 2634 conti-

1966 2683 2170 2738 guum,
2202 2683 2336 2722 cum
2370 2668 2519 2722 inter
2566 2666 2883 2737 septimum
2917 2666 3171 2739 lapidem
3199 2671 3257 2723 et
3287 2669 3488 2724 urbem
3517 2669 3610 2723 in-

1967 2757 2211 2812 tersitus
2243 2772 2400 2827 ager,
2433 2754 2521 2810 vel
2552 2757 2826 2826 Campus,
2859 2756 3136 2811 Hebdomi
3175 2757 3391 2828 pariter
3420 2756 3617 2828 appel-

1965 2841 2246 2897 lationem
2294 2841 2559 2905 haberet.
2604 2842 2759 2912 quod
2809 2859 2923 2896 non
2977 2843 3147 2898 modo
3192 2842 3250 2897 in
3284 2843 3393 2899 hac
3425 2843 3615 2900 Disce-

1965 2931 2222 3001 ptatione
2245 2931 2613 3002 probandum
2634 2930 2883 3002 suscepi,
2917 2931 3018 2986 sed
3051 2938 3103 2985 et
3124 2931 3408 3004 Campum
3429 2931 3611 2989 istum

1965 3018 2432 3074 Hebdomianum
2480 3035 2592 3074 non
2635 3017 2705 3074 ad
2738 3017 3175 3090 Propontidem,
3207 3020 3307 3075 sed
3340 3021 3410 3075 ad
3443 3020 3611 3077 sinus

1964 3107 2237 3174 Ceratini,
2270 3123 2474 3163 versus
2521 3107 2680 3162 illius
2730 3112 2927 3179 caput,
2964 3107 3181 3174 littora,
3231 3108 3512 3178 extitisse,
3547 3114 3611 3166 ut

1962 3201 2022 3253 et
2053 3195 2307 3252 tribunal
2339 3201 2396 3251 et
2426 3194 2708 3267 palatium
2741 3197 3046 3262 Hebdomi,
3083 3195 3384 3252 ecclesiam
3411 3199 3606 3254 Sancti

1961 3284 2206 3341 Joannis
2231 3283 2520 3354 Baptistae,
2561 3289 2883 3356 cmteraque
2925 3284 3212 3341 recensita
3241 3302 3274 3341 a
3303 3286 3607 3358 scriptori-

1963 3374 2076 3430 bus
2098 3373 2157 3428 in
2188 3373 2488 3429 Hebdomo
2529 3373 2793 3440 aedilicia,
2845 3373 2906 3428 in
2957 3373 3066 3429 hoc
3098 3374 3279 3429 fuisse
3309 3379 3604 3446 postremo

1963 3462 2280 3529 Hebdomo,
2336 3478 2438 3517 seu
2489 3462 2550 3517 in
2598 3462 2816 3532 Campo
2867 3462 3172 3530 Hebdomi,
3219 3479 3334 3516 non
3378 3478 3508 3518 vero
3532 3465 3605 3518 ad

1963 3551 2282 3622 septimum
2317 3550 2390 3606 ab
2423 3549 2563 3606 urbe
2613 3548 2884 3617 milliare,
2927 3551 3080 3622 quod
3108 3549 3234 3605 vult
3261 3550 3610 3608 dissertator

1962 3639 2422 3696 Hebdomianus.
2458 3638 2806 3710 Priusquam
2851 3655 2983 3694 vero
3025 3655 3148 3694 rem
3181 3639 3510 3710 aggrediar,
3544 3644 3608 3696 ut

1963 3745 2056 3784 res
2088 3727 2315 3799 planior
2354 3727 2634 3799 deinceps
2683 3726 2806 3796 flat,
2854 3743 3138 3798 ponemus
3180 3727 3240 3782 in
3271 3729 3605 3800 exemplum

1962 3818 2364 3874 suburbanum
2401 3815 2749 3886 Parisiense,
2786 3830 2890 3870 seu
2923 3815 3077 3887 regis
3114 3816 3298 3872 nostri
3331 3817 3608 3874 Christia-

1962 3905 2193 3962 nissimi
2252 3904 2556 3976 palatium,
2631 3905 2787 3975 quod
2860 3903 3150 3960 Versalias
3217 3905 3604 3977 appellamus,

1961 3995 2141 4051 simili
2173 3994 2291 4049 fere
2321 3994 2393 4049 ab
2425 3993 2568 4049 urbe
2598 3991 2918 4048 Galliarum
2941 3993 3219 4064 primaria
3239 3994 3606 4066 disparatum

1961 4083 2170 4156 spatio,
2213 4099 2329 4154 quo
2380 4081 2750 4137 Hebdomum
2801 4099 2834 4136 a
2879 4082 3173 4154 Byzantio.
3226 4084 3349 4148 Quo
3395 4084 3605 4156 posito,

1961 4171 2149 4244 primo
2181 4170 2413 4241 quidem
2445 4186 2558 4225 non
2583 4171 2902 4242 septimum
2933 4171 3220 4228 duntaxat
3249 4171 3519 4236 milliare,
3547 4172 3605 4227 id

1960 4266 2050 4317 est
2074 4261 2391 4332 septimum
2425 4259 2496 4315 ab
2536 4259 2681 4315 urbe
2729 4258 3007 4331 lapidem,
3038 4253 3314 4332 Ἑϐδόμου
3347 4260 3606 4333 appella-

1961 4349 2180 4405 tionem
2215 4348 2515 4415 habuisse,
2550 4349 2652 4404 sed
2705 4349 2881 4404 etiam
2917 4349 3070 4404 inter
3107 4351 3424 4422 septimum
3451 4350 3607 4406 istud

1963 4438 2214 4495 milliare
2261 4442 2319 4494 et
2360 4438 2564 4494 urbem
2614 4437 3320 4509 Constantinoyolitanam
3371 4439 3606 4509 inlerje-

1960 4534 2120 4584 ctum
2154 4530 2456 4599 Campum,
2479 4527 2537 4582 in
2562 4543 2677 4599 quo
2703 4527 2952 4583 aedificia
2977 4527 3177 4582 omnia
3197 4543 3448 4598 quorum
3478 4543 3599 4582 me-

199 4616 392 4688 spatio
428 4631 642 4670 nomen
674 4615 927 4671 inditum
957 4619 1065 4670 est.
1099 4615 1162 4669 ld
1194 4620 1254 4670 at
1277 4613 1558 4670 multisin
1589 4631 1656 4670 ea
1686 4613 1854 4669 lucu-
1883 4622 1932 4686 Β
1966 4617 2242 4672 minerint
2263 4616 2561 4688 Byzantini
2583 4616 2920 4688 scriptores,
2945 4614 3222 4686 nullaque
3244 4615 3300 4669 in
3332 4615 3457 4684 ipso
3480 4615 3608 4670 mil-

196 4705 466 4762 bratione
514 4703 860 4769 docuimus,
920 4703 1112 4759 allatis
1169 4708 1475 4759 auctorum
1534 4702 1677 4759 locis
1733 4703 1854 4759 fere

196 4795 506 4864 omnibus,
541 4798 748 4864 praeter
790 4808 938 4864 quos
986 4792 1059 4848 ab
1106 4793 1309 4848 eodem
1353 4792 1477 4848 viro
1508 4793 1678 4848 docto
1709 4791 1853 4848 alios

201 4881 453 4954 proferri
503 4897 620 4936 non
679 4880 1060 4948 advertimus,
1105 4880 1247 4936 adeo
1301 4885 1365 4936 ut
1414 4881 1631 4952 pudeat
1685 4879 1855 4937 toties

199 4971 481 5027 cramben
532 4975 812 5042 repetere,
862 4978 1023 5042 atque
1081 4971 1270 5025 eadem
1329 4974 1562 5026 cantare
1611 4971 1858 5026 versibus

202 5060 424 5117 iisdem.
457 5059 572 5116 Sed
618 5074 753 5114 cum
797 5058 919 5115 haec
969 5059 1216 5130 quaestio
1263 5059 1494 5115 deﬁniri
1542 5059 1637 5114 vix
1680 5063 1858 5131 queat

197 5149 430 5221 absque
459 5147 706 5220 prolatis
734 5153 794 5204 et
821 5147 880 5202 in
915 5147 1178 5203 medium
1209 5148 1482 5204 adductis
1514 5149 1854 5204 eorumdem

202 5244 558 5309 scriptorum
590 5236 1066 5304 auctoritatibus,
1100 5254 1165 5292 ac
1208 5237 1280 5292 iis
1327 5237 1672 5309 praesertim,
1707 5254 1855 5309 quas

207 5334 308 5381 aut
365 5343 480 5382 non
533 5328 899 5395 observasse,
964 5331 1068 5381 aut
1114 5327 1186 5382 de
1238 5325 1529 5385 industria
1585 5327 1857 5387 omisisse

205 5415 455 5481 videtur,
490 5420 557 5470 ut
587 5431 714 5486 quae
763 5414 1066 5470 sententia:
1115 5432 1288 5484 quam
1334 5417 1613 5472 tuendam
1650 5432 1852 5472 susce-

217 5510 376 5572 perat
402 5505 872 5570 adversarentur,
923 5504 1173 5559 breviter
1220 5511 1506 5575 quantum
1553 5504 1768 5576 licebit,
1803 5513 1857 5562 ct

221 5591 443 5648 selectis
499 5595 784 5648 duntaxat
826 5593 927 5663 qui
976 5593 1049 5648 ad
1101 5594 1250 5648 hanc
1291 5593 1681 5650 dirimendam
1712 5612 1856 5650 con-

221 5680 544 5738 troversiam
595 5681 935 5737 conducunt
960 5680 1131 5752 locis,
1163 5698 1290 5753 quae
1323 5683 1384 5737 in
1415 5681 1568 5738 hanc
1596 5700 1718 5740 rem
1753 5684 1856 5740 ha-

222 5763 352 5823 bent
379 5768 642 5843 expedire
671 5785 857 5842 operis
889 5768 1142 5842 pretium
1175 5769 1424 5829 videtur.

1961 4705 2090 4760 liari
2123 4706 2372 4776 septimo
2412 4704 2649 4760 stetisse
2696 4703 2886 4760 ausim
2937 4703 3178 4759 omnino
3209 4704 3557 4760 contendere
3589 4719 3604 4761 :

1965 4795 2118 4866 quod
2152 4793 2297 4848 mihi
2331 4793 2649 4864 praesertim
2675 4791 3041 4863 probandum
3061 4791 3368 4857 incumbit,
3393 4796 3457 4845 ut
3485 4791 3608 4848 dis-

1966 4881 2283 4954 putationis
2312 4880 2493 4936 totius
2526 4880 2978 4936 fundamentum
3014 4897 3027 4935 :
3061 4880 3214 4951 quod
3263 4879 3417 4935 haud
3458 4897 3610 4952 aegre

1966 4971 2223 5040 fecerim,
2252 4969 2300 5024 si
2331 4969 2412 5024 ita
2461 4968 2821 5041 appellatum
2875 4971 2948 5024 ab
2979 4968 3185 5025 iisdem
3219 4970 3610 5041 scriptoribus

1965 5059 2344 5116 ostenderim.

2035 5147 2126 5204 IV.
2163 5147 2394 5204 Primus
2425 5146 2608 5219 igitur
2637 5164 2706 5203 cx
2753 5145 2826 5202 iis
2873 5147 3116 5218 prodeat
3141 5147 3612 5217 Theopbylactus

1965 5237 2304 5304 Simocatta,
2357 5237 2453 5308 qui
2504 5236 2654 5291 libro
2702 5253 2824 5303 vm,
2877 5253 3004 5308 cap.
3055 5238 3140 5304 13,
3193 5237 3397 5292 scribit
3425 5237 3614 5292 defixa

1966 5329 2036 5384 ad
2069 5325 2469 5398 spectaculum
2503 5343 2536 5380 a
2566 5331 2814 5397 tyranno
2846 5325 3059 5391 Phoca,
3091 5325 3349 5381 Mauricii
3384 5328 3438 5378 et
3473 5325 3615 5379 ﬁlio-

1967 5434 2096 5472 rum
2130 5415 2323 5488 capita
2351 5413 2487 5488 πρὸς
2517 5414 2578 5467 τὸ
2611 5409 2797 5467 πεδίον
2829 5413 2921 5467 τὸν
2955 5413 3301 5484 ἀνακείμενον
3337 5409 3386 5464 ἐν
3421 5415 3498 5482 τῷ
3531 5409 3618 5467 λε-

1965 5504 2187 5579 γομένῳ
2235 5497 2511 5574 Ἑϐδόμῳ,
2577 5501 2634 5554 ’ὸν
2711 5500 2934 5574 Κάμπον
2987 5502 3255 5572 Ῥωμαῖοι
3316 5500 3616 5574 κατονομά-

1969 5599 2172 5662 ζουσιν.
2207 5592 2311 5648 Ubi
2347 5592 2711 5646 observanda
2753 5609 2860 5648 vox
2901 5590 3275 5662 ἀνακείμενον,
3299 5608 3422 5661 qum
3453 5608 3615 5647 cam-

1966 5701 2107 5756 pum
2167 5680 2296 5736 urbi
2355 5679 2687 5751 adjacuisse
2747 5679 2890 5737 satis
2934 5679 3176 5754 prodit:
3228 5696 3418 5753 neque
3458 5680 3615 5738 enim

1966 5775 2217 5843 Campus
2248 5769 2308 5825 in
2339 5769 2466 5842 ipso
2496 5768 2750 5841 septimo
2784 5767 3057 5825 milliario
3087 5784 3216 5826 esse
3237 5769 3447 5844 potuit,
3471 5769 3614 5827 alio-
