4028 6202
419 322 531 401 39ι

1560 345 2033 419 DISOUISITIO
2074 344 2680 409 TOPOGRAPHIGA

3656 369 3753 431 392

421 474 523 547 qui
554 476 808 547 Campus
834 475 891 531 in
916 476 1268 533 suburbano
1285 494 1389 533 seu
1439 478 1499 532 in
1523 477 1661 534 villa
1685 495 1815 534 esse
1872 478 2067 533 dicere
2096 478 2151 545 Α
2230 482 2319 569 _V.
2351 477 2567 534 Verum
2582 483 2647 534 ut
2676 478 3120 569 disceptationis
3141 481 3339 538 seriem
3367 500 3753 569 prosequamur,

417 567 536 633 tur,
555 564 709 635 quod
733 564 1057 620 absurdum
1081 569 1253 622 esset.
1278 565 1496 622 Deinde
1510 566 2067 623 Hebdomum.Cam-

415 668 561 725 pum
579 653 757 708 fuisse
776 652 1133 725 appellatum
1159 654 1369 711 diserte
1390 655 1472 710 ait
1489 655 1804 711 Simocatta
1826 673 1840 723 ;
1873 655 2064 728 proin-

417 740 490 797 de
534 740 691 797 idem
726 748 815 796 est
850 742 1214 797 llebdomum
1249 760 1381 799 cum
1409 749 1642 814 Campo.
1676 744 2060 816 Theophanes

413 830 586 885 etiam
600 835 877 899 Campum
901 832 970 885 ad
998 831 1197 886 urbem
1219 831 1924 905 Constantinopolitanam
1943 838 2059 888 sta-

409 928 493 983 tui
505 932 685 990 t,cum
705 928 786 981 ait
799 927 871 983 ad
886 944 1025 982 ann.
1045 929 1117 982 30
1132 928 1442 986 Theodosii
1463 930 1494 985 J
1504 930 2059 1002 unioris,Byzantios

407 1028 574 1078 terrm
596 1028 759 1079 motu
779 1030 1180 1082 consternatos
1211 1044 1277 1082 ac
1309 1028 1561 1092 territos,
1585 1020 1685 1096 ἔξω
1713 1033 1813 1096 τῆς
1840 1024 2057 1089 πόλεως

407 1108 461 1165 ἰν
489 1115 571 1183 τῷ
602 1113 883 1185 λεγομένῳ
914 1112 1125 1187 Κάμπῳ
1155 1116 1469 1171 secessisse
1496 1133 1509 1183 ;
1544 1118 1715 1187 cujus
1745 1124 1909 1172 terra:
1940 1133 2059 1172 mo—

403 1204 503 1256 tus
528 1204 870 1257 memoriam
897 1206 1214 1273 quotannis
1236 1204 1324 1274 agi
1347 1206 1417 1258 26
1442 1205 1732 1273 Januarii,
1756 1223 1872 1278 quo
1893 1206 1943 1261 is
1961 1222 2055 1260 ac-

404 1289 547 1344 cidit
577 1288 636 1343 in
655 1292 894 1361 Campo,
918 1292 1124 1347 scribit
1143 1296 1348 1347 auctor
1368 1294 1632 1349 Chronici
1651 1294 2055 1350 Alexandrini:

399 1382 558 1438 Ὅθεν
590 1381 680 1437 καί
704 1386 738 1453 ἡ
774 1387 965 1458 μνήμη
999 1388 1116 1440 κατ’
1147 1384 1264 1449 ἔτος
1296 1386 1622 1443 ἐπιτελεῖται
1651 1396 1751 1458 τῆς
1805 1386 2053 1452 λιτανίας

404 1471 571 1545 μέχρι
602 1472 691 1526 καὶ
721 1476 809 1527 νῦν
841 1472 895 1526 ἐν
922 1478 1004 1545 τῷ
1048 1474 1271 1557 Κάμπῳ
1316 1476 1447 1551 ὑπὲρ
1478 1484 1577 1546 τῆς
1607 1481 1704 1531 τοῦ
1738 1475 2049 1555 φιλανθρώ-

397 1579 503 1613 που
535 1563 668 1614 Θεοῦ
702 1560 1101 1634 μακροθυμίας.
1127 1566 1186 1619 In
1213 1582 1327 1635 qua
1349 1567 1582 1637 quidem
1618 1566 2051 1639 supplicatione

398 1649 836 1721 imperatorem,
864 1658 1157 1721 senatum,
1177 1654 1461 1725 papulum
1480 1661 1536 1710 et
1556 1654 1778 1711 clerum
1803 1656 2047 1724 pedibus

398 1737 576 1793 nudis
636 1739 992 1810 processisse
1047 1742 1225 1796 tradit
1278 1742 1435 1799 idem
1502 1744 1802 1816 seriptor:
1854 1743 1958 1798 Καὶ
2017 1744 2045 1797 ὁ

2173 565 2536 638 Nicephorus
2594 567 2925 639 patriarcha
2992 567 3654 654 Constantinopolitanus,
3705 565 3753 642 in

2172 654 2447 719 Historia,
2480 671 2661 727 agens
2694 656 2766 711 de
2797 655 3085 712 Avaribus
3106 656 3259 714 circa
3280 662 3469 719 urbem
3491 666 3752 742 dispersis,

2174 755 2433 845 Heraclio
2460 755 2785 845 imperante
2810 754 2958 845 sint
2983 753 3117 829 μόλι
3143 757 3275 845 πρὸς
3291 758 3351 813 τὸ
3379 758 3549 818 πεδίον
3573 768 3628 820 τὸ
3664 772 3753 845 πρὸ

2167 847 2267 910 τῆς
2324 840 2562 910 πόλεως,
2638 843 2667 898 ’ὀ
2740 838 3019 917 Ἓὸδομον
3093 843 3339 915 καλοῦσι,
3409 838 3750 921 καταλαϐόντες

2168 927 2470 1005 ἱδρύςαντο,
2532 929 2671 987 ἔνθεν
2727 928 2785 986 δέ
2839 952 2900 987 τε
2957 930 3332 997 αεδαννῦντις
3389 933 3510 1013 ἄχρι
3562 943 3642 996 καὶ
3691 946 3754 1008 cl;

2165 1023 2262 1073 τοῦ
2323 1018 2629 1090 Βαρνύσσου
2703 1025 2954 1093 ποταμοῦ
3026 1023 3280 1099 γέφυραν.
3339 1030 3413 1081 Ex
3464 1027 3563 1085 hoc
3613 1034 3759 1092 unico

2167 1115 2445 1181 prmterea
2477 1108 2601 1166 loco
2624 1115 2784 1182 patet
2812 1111 3053 1167 omnino
3074 1127 3213 1167 voce
3234 1112 3507 1170 Hebdomi
3535 1134 3636 1173 non
3655 1137 3765 1194 sep-

2163 1197 2377 1253 timum
2417 1198 2489 1253 ab
2537 1199 2683 1254 urbe
2736 1198 3006 1267 milliare,
3040 1200 3137 1255 sed
3177 1199 3454 1273 Campum
3499 1205 3563 1260 ad
3593 1208 3761 1266 urbem

2161 1284 2483 1359 indigitari,
2515 1303 2689 1358 quem
2739 1304 3091 1361 occupavere
3135 1294 3350 1345 Avares
3381 1291 3570 1348 urbem
3601 1295 3761 1354 obses-

2160 1375 2310 1441 suri,
2341 1391 2529 1447 usque
2559 1377 2628 1432 ad
2651 1376 2927 1446 Barnyssi
2957 1376 3120 1433 ﬂuvii
3144 1384 3380 1449 pontem
3414 1396 3427 1435 :
3460 1380 3554 1451 qui
3581 1383 3767 1440 scilicet

2160 1460 2376 1518 ﬂuvius
2405 1467 2618 1535 Campo
2650 1463 2951 1519 Hebdomo
2999 1463 3294 1536 appellato
3333 1466 3635 1536 adjacebat.
3672 1470 3766 1525 Sed

2158 1550 2301 1621 quin
2332 1549 2487 1607 idem
2532 1552 2792 1624 Campus
2843 1552 3131 1609 Hebdomi
3182 1553 3442 1626 proxime
3484 1555 3605 1611 urbi
3631 1557 3767 1628 adja-

2157 1638 2367 1707 cuerit,
2429 1639 2777 1712 scrupulum
2834 1657 3072 1697 omnem
3132 1641 3340 1698 eximit
3388 1642 3767 1717 Euchologium

2155 1726 2351 1796 Goari,
2412 1746 2468 1799 p.
2526 1730 2654 1795 810,
2710 1729 2809 1784 ubi
2860 1730 3215 1786 describitur
3263 1727 3400 1803 εὐχή
3452 1729 3695 1804 λεγομένη
3722 1730 3763 1785 ἐν

403 1824 658 1901 βασιλεὺς
688 1826 988 1884 ἐλιτιιὶνενσε⁹
1020 1830 1154 1901 μετὰ
1207 1838 1306 1901 τῆς
1358 1811 1691 1907 συγκλήτου,
1722 1832 1812 1887 καὶ
1844 1829 2043 1909 ὄχλου,
2075 1842 2123 1907 Β
2154 1811 2282 1887 λιτῇ
2311 1813 2690 1909 γξῖνομῆἶῖλδίά
2719 1811 2887 1893 φόϐον
2922 1816 3002 1909 ῗῗς
3029 1817 3120 1909 ’ξὸν
3156 1815 3408 1909 Kal-m0”;
3441 1817 3515 1909 εἷς
3533 1819 3765 1909 “Villi”

394 1914 605 1969 καὶτοῦ
649 1914 885 1991 κλήρου,
937 1916 1265 1981 ἀνύπόδετος
1313 1920 1523 1995 ἡμέρας
1568 1920 1801 1985 πολλάς.
1853 1924 2038 1979 Theo-

394 2004 574 2060 dorus
608 2010 806 2060 Lector
836 2005 940 2060 ecl.
974 2023 1013 2074 ι,
1064 2013 1122 2062 et
1167 2025 1235 2063 ex
1285 2026 1352 2065 eo
1386 2010 1541 2066 idem
1573 2011 1957 2084 TheOphanes
1984 2018 2041 2068 et

392 2095 638 2165 Symeon
666 2094 987 2166 Logotheta
1009 2095 1070 2150 in
1103 2095 1315 2151 Chron.
1352 2114 1462 2152 ms.
1497 2099 1766 2154 scribunt
1803 2100 2041 2156 Marcia-

392 2196 535 2235 num
567 2178 620 2234 ἐν
671 2184 790 2241 ταῖς
847 2178 1027 2242 λιταῖς
1073 2182 1389 2256 γενομέναις
1419 2180 1469 2236 ἐν
1509 2187 1589 2255 τῷ
1632 2185 1845 2257 Κάμπῳ
1875 2184 2035 2254 πεζόν

390 2265 774 2343 ἐξερχόμενον,
807 2270 1026 2327 multas
1054 2272 1331 2343 pecunias
1353 2274 1709 2345 pauperibus
1728 2290 1996 2347 erogasse
2020 2293 2034 2331 :

386 2364 725 2422 Anatolium
778 2383 912 2422 vero
972 2367 1389 2439 patriarcham,
1446 2386 1577 2425 cum
1638 2387 1672 2425 a
1724 2371 1913 2427 Tauro
1963 2374 2034 2427 ad

386 2452 696 2526 Campum,
721 2455 891 2524 juxta
925 2472 1147 2512 morem
1181 2458 1591 2529 episcoporum
1637 2459 1801 2516 urbis
1842 2461 2033 2534 regias,

382 2542 592 2599 lectica
637 2548 838 2599 vectus
892 2546 965 2599 ad
1016 2544 1508 2617 supplicationem
1568 2550 1925 2619 procederet,
1980 2554 2037 2606 et

382 2633 743 2688 Marcianum
807 2633 1057 2706 pedibus
1114 2634 1478 2692 incedentem
1526 2637 1786 2705 vidisset,
1836 2636 2031 2710 ipsum

384 2746 618 2802 quoque
640 2727 932 2798 πεζεύοντα
965 2731 1339 2803 processisse.
1374 2732 1513 2797 Quis
1554 2749 1724 2803 porro
1774 2732 2032 2789 Theodo-

385 2819 541 2875 sium
573 2819 878 2875 Juniorem
909 2815 1261 2889 ἀνυπόδετον,
1293 2836 1423 2875 cum
1472 2820 1744 2877 universa
1774 2821 1939 2893 plebe
1978 2827 2035 2877 et

384 2907 557 2977 clero,
591 2907 675 2963 vel
711 2907 1064 2963 Marcianum
1101 2909 1348 2980 pedibus
1393 2926 1578 2981 usque
1618 2911 1686 2965 ad
1722 2911 2029 2980 septimum

382 2996 633 3052 milliare
690 2997 954 3069 quotidie
1004 2998 1360 3069 processisse
1420 2997 1636 3069 putet?
1682 2998 1883 3071 Neque
1940 3000 2032 3055 hic

382 3098 640 3168 opponat
668 3094 756 3149 vir
794 3095 1085 3166 eruditus,
1141 3095 1295 3167 quod
1347 3095 1687 3168 patriarcha
1717 3098 2029 3154 Anatolius

381 3157 555 3240 curru
590 3187 789 3239 vectus
820 3157 1309 3256 supplicationem
1343 3157 1692 3254 instituerit,
1723 3186 1858 3242 inde
1884 3188 2030 3244 satis
2060 3190 2103 3259 C
2142 3157 2365 3259 Rha?”
2395 3163 2461 3259 ⁸⁸-
2492 3174 2559 3212 ex
2604 3174 2671 3214 °°

381 3276 577 3345 patere
609 3272 839 3345 longius
871 3274 1050 3330 tuisse
1082 3274 1210 3340 iter,
1240 3289 1416 3345 quam
1470 3279 1534 3329 ut
1582 3275 1652 3330 ad
1697 3276 2024 3349 proximum

377 3361 510 3419 urbi
543 3378 817 3434 campum
850 3362 1023 3419 fuerit
1051 3379 1455 3435 processurus.
1478 3362 1621 3419 Nam
1642 3369 2027 3437 prmterquam

378 3452 534 3525 quod
565 3451 622 3507 id
655 3452 875 3508 factum
906 3469 1054 3509 more
1105 3455 1480 3524 episcOporum
1527 3453 1681 3508 urbis
1709 3456 1879 3524 regia
1908 3460 2025 3510 tra-

379 3541 528 3596 dunt
554 3540 731 3596 iidem
766 3541 1097 3613 scriptores,
1132 3541 1308 3596 etiam
1339 3542 1401 3597 in
1434 3542 1577 3597 urbe
1609 3542 1717 3597 hoc
1738 3547 2024 3615 apparatu

373 3628 611 3686 litanias
629 3629 961 3686 instituisse
985 3630 1342 3702 patriarchae
1361 3630 1630 3703 colligere
1642 3635 1730 3686 est
1741 3647 1809 3686 ex
1819 3632 2021 3687 eodem

374 3728 725 3799 Theophane
756 3746 853 3785 un.
891 3730 950 3783 11
1008 3728 1329 3785 Justiniani
1364 3746 1378 3783 :
1425 3725 1522 3783 Καὶ
1571 3726 1793 3797 ἐξῆλθεν
1822 3730 1856 3797 ἡ
1892 3725 2019 3798 λιτή

375 3821 477 3883 τῆς
508 3814 614 3870 ἀπὸ
645 3815 829 3891 Ἀγίας
860 3816 1232 3884 Ἀναστασίας,
1264 3816 1575 3888 καθημένου
1605 3821 1766 3887 Μηνᾶ
1793 3814 1889 3871 τοῦ
1921 3838 2020 3872 πα-

370 3906 641 3979 τριάρχου
673 3903 724 3959 ἐν
755 3910 835 3978 τῷ
892 3903 1161 3981 βασιλικῷ
1201 3906 1471 3981 ὀχήματι,
1505 3906 1592 3960 καὶ
1622 3911 1718 3961 τοῦ
1752 3905 2019 3982 βασιλέως

380 3990 864 4056 συλλιτανεῦοντος
914 3998 994 4066 τῷ
1040 3992 1177 4066 λαῷ.
1236 3996 1304 4051 Et
1334 4013 1428 4050 an.
1460 3997 1567 4050 23:
1603 3994 1704 4050 Καὶ
1737 3993 1956 4066 διῆλθεν
1989 3998 2018 4051 ὁ

373 4080 668 4145 ἐπίσκοπος
686 4087 872 4149 Μηνᾶς
913 4083 1046 4154 μετὰ
1077 4087 1185 4138 τῶν
1218 4082 1380 4159 ἁγίων
1414 4080 1683 4157 λειψάνων
1715 4087 2018 4158 κατήμενος

369 4168 422 4225 ἐν
476 4170 725 4246 ὀχήμαυι
773 4170 965 4246 χρῦσῷ
1026 4172 1296 4247 βασιλικῷ
1355 4169 1607 4245 διαλίθῳ,
1669 4178 1879 4249 κρατῶν
1918 4177 2013 4238 τὰς

368 4264 514 4333 τρεῖς
563 4260 733 4330 θήκας
790 4265 898 4315 τῶν
953 4260 1120 4336 ἁγίων
1173 4258 1521 4318 Ἀποστόλων
1571 4260 1646 4323 εἷς
1696 4263 1761 4316 τὰ
1816 4263 2015 4337 γόνατα

368 4347 554 4417 αὐτοῦ,
588 4346 678 4404 καί
722 4348 898 4411 οὕτως
950 4348 1173 4420 ἐποίησε
1220 4350 1289 4406 τὰ
1334 4348 1591 4425 ἔγκαίνια,
1625 4352 1847 4409 scilicet
1873 4355 2013 4411 aedis

362 4449 461 4505 SS.
496 4448 934 4520 Apostolorum.
970 4449 1127 4504 Idem
1178 4449 1563 4522 Theophanes
1613 4467 1706 4505 an.
1738 4452 1810 4505 25
1851 4452 2011 4522 ejus-

2152 1900 2434 1974 Διομήδην
2494 1902 2792 1977 ἐξώπορτα,
2853 1904 2944 1959 καὶ
3004 1904 3085 1967 εἷς
3140 1907 3245 1975 τήν
3305 1904 3539 1961 παλαιὰν
3585 1908 3763 1983 πὲτραν.

2147 2000 2506 2072 Supplicatio
2538 2002 2718 2074 igitur
2748 2003 2924 2059 ﬁebat
2954 2020 2988 2057 a
3015 2007 3230 2067 Tauro,
3264 2020 3366 2059 seu
3400 2021 3435 2059 a
3462 2004 3578 2060 foro
3597 2004 3752 2070 Tauri,

2148 2089 2220 2144 ad
2250 2091 2433 2145 eadem
2481 2094 2538 2145 S.
2580 2090 2875 2147 Diomedis
2930 2096 3092 2147 extra
3139 2098 3399 2164 portam,
3449 2097 3506 2148 et
3541 2092 3610 2148 ad
3637 2097 3759 2148 vete-

2147 2193 2271 2232 rem
2317 2178 2563 2245 Petram,
2615 2195 2792 2251 quam
2837 2186 3179 2252 Anonymus
3228 2180 3679 2237 Combefisianus
3714 2179 3762 2235 in

2146 2265 2513 2321 Constantini
2553 2268 3038 2341 Porphyrogeniti
3073 2269 3231 2337 Vita,
3251 2269 3316 2323 τὸ
3347 2266 3577 2324 παλαιὸν
3606 2268 3762 2342 πετρὶν

2144 2359 2332 2410 vocat.
2370 2355 2566 2426 Neque
2597 2355 2713 2410 alia
2741 2362 2831 2412 est
2860 2356 3033 2429 εὐχὴ,
3066 2374 3198 2429 quis
3229 2374 3364 2430 pag.
3381 2373 3500 2428 seq.
3524 2359 3579 2412 in
3599 2360 3769 2413 eodem

2144 2442 2499 2516 Euchologio
2551 2445 2821 2509 habetur,
2875 2447 3050 2501 hocce
3093 2446 3382 2503 lemmate
3412 2465 3431 2501 :
3477 2444 3619 2515 τάξις
3642 2464 3774 2519 γινο-

2147 2528 2295 2603 μέμη
2355 2528 2406 2584 ἐν
2445 2535 2525 2602 τῷ
2573 2527 2963 2606 Τριόυυναλιῳ
3010 2533 3062 2588 ἰν
3110 2539 3239 2595 ταῖς
3279 2533 3331 2607 ἐξ
3366 2530 3521 2597 ἔθους
3549 2533 3768 2608 ἀπερχο-

2147 2616 2329 2689 μέναις
2361 2616 2533 2673 ἰκεῖσι
2579 2616 2781 2681 λιταῖς.
2834 2621 2940 2677 Ubi
2995 2623 3315 2680 observare
3356 2623 3493 2679 licet
3535 2622 3769 2690 litanias,

2142 2716 2473 2786 promiscue
2505 2716 2617 2771 dici
2653 2717 2834 2773 tactas
2866 2719 2924 2773 in
2976 2720 3196 2790 Campo
3244 2722 3306 2774 et
3351 2717 3650 2773 tribunali.
3681 2715 3775 2770 Sed

2142 2819 2331 2874 neque
2360 2804 2538 2859 etiam
2566 2804 2796 2861 diversa
2823 2806 3055 2862 videtur
3077 2805 3197 2862 ista
3229 2805 3583 2879 supplicatio
3612 2805 3680 2860 ah
3700 2820 3778 2867 ea,

2141 2892 2311 2963 cujus
2348 2895 2665 2964 quotannis
2698 2896 3043 2951 memoriam
3075 2895 3370 2952 celebrari
3402 2892 3456 2949 ἐν
3483 2898 3561 2965 τῷ
3589 2892 3777 2964 Κάμπῳ

2141 2977 2515 3041 λιτανεῦοντος
2573 2984 2670 3035 τοῦ
2728 2980 2887 3047 λαοῦ,
2945 2984 3018 3039 ob
3074 2994 3248 3039 terra
3300 2988 3529 3039 motum
3585 2981 3679 3049 qui
3722 2980 3782 3034 15

2138 3069 2387 3142 Augusti
2420 3087 2573 3125 anno
2618 3072 2689 3125 27
2732 3072 3055 3127 Justiniani
3102 3073 3353 3138 accidtt,
3385 3072 3592 3128 scribit
3617 3070 3779 3125 Theo-

2722 3160 3016 3216 Cedrenus
3065 3166 3123 3214 et
3166 3164 3431 3233 Bymeon
3465 3156 3781 3232 Logotheta.

2138 3255 2227 3310 Sic
2281 3254 2341 3310 in
2397 3257 2668 3313 Chronico
2728 3257 3122 3326 Alexandrino,
3174 3274 3278 3313 an.
3345 3258 3370 3311 1
3440 3254 3684 3312 Heraclii
3733 3253 3785 3308 in

2133 3348 2300 3399 terra)
2334 3351 2493 3399 motu
2538 3346 2637 3416 qui
2682 3344 2898 3400 accidit
2939 3346 3011 3399 20
3068 3343 3315 3417 Aprilis,
3365 3342 3528 3413 λιτὴν
3560 3342 3785 3417 γενέσθαι

2134 3430 2210 3493 εἷς
2240 3432 2331 3486 τὸν
2364 3433 2616 3505 Κάμπον,
2674 3432 2766 3486 καὶ
2815 3429 3096 3511 ψαλφῆναι
3149 3432 3219 3487 τὸ
3274 3434 3569 3509 Τρισάγιον
3617 3433 3791 3487 decre-

2131 3525 2256 3576 tum
2312 3522 2546 3595 legitur.
2608 3524 2914 3578 Enimvero
2984 3538 3157 3578 nemo
3215 3521 3354 3589 erit,
3417 3522 3644 3594 opinor,
3699 3517 3788 3591 qui

2133 3611 2288 3682 quod
2334 3611 2490 3666 nude
2543 3610 2759 3666 dicitur
2806 3627 2935 3666 esse
2978 3616 3141 3665 extra
3193 3614 3460 3682 portam,
3495 3611 3567 3665 ad
3621 3606 3787 3680 septi-

2130 3715 2294 3753 mum
2336 3699 2581 3755 milliare
2612 3701 2905 3755 exstitisse
2943 3699 3084 3756 velit
3130 3715 3431 3769 asserere,
3467 3699 3581 3754 nisi
3624 3698 3785 3752 etiam

2130 3797 2266 3852 velit
2295 3801 2538 3853 Romam
2571 3798 2682 3852 dici
2716 3798 3014 3853 exstitisse
3043 3803 3208 3853 extra
3240 3797 3420 3853 urbis
3469 3793 3791 3853 Constanti-

2128 3885 2481 3957 n0politanae
2514 3891 2729 3958 portas.
2787 3887 3049 3942 Meminit
3094 3887 3365 3959 denique
3415 3886 3574 3941 idem
3617 3885 3789 3938 Theo-

2126 3974 2351 4045 phanes
2382 3990 2535 4029 anno
2556 3975 2626 4029 36
2646 3974 2961 4029 Justiniani
2985 3973 3456 4046 supplicationis
3487 3973 3560 4030 ad
3593 3971 3796 4029 S.Dio-

2126 4062 2315 4117 medis
2331 4065 2536 4128 eadem,
2553 4062 2814 4118 scribens
2830 4062 3175 4136 Eutychium
3210 4062 3649 4135 patriarcham,
3670 4075 3792 4115 cum

2126 4166 2326 4207 mense
2354 4154 2640 4226 Augusto,
2673 4152 2798 4208 solo
2828 4151 3058 4223 vigente
3079 4150 3269 4207 Borea
3295 4167 3367 4207 ac
3401 4150 3610 4215 ﬂante,
3641 4147 3797 4204 navi-

2122 4240 2218 4312 gia
2250 4241 2319 4295 ad
2357 4243 2558 4296 urbem
2592 4257 2706 4296 non
2742 4244 2981 4312 possent
3011 4240 3316 4310 accedere,
3352 4236 3520 4299 λιτὰς
3554 4231 3795 4292 ἰκόαλεῖν

2122 4325 2199 4388 εἰς
2248 4326 2631 4402 Ἱερόυσαλήμ,
2677 4328 2825 4383 τοῦτ’
2864 4322 2977 4382 ἔστι
3027 4327 3104 4389 εἷς
3148 4328 3242 4382 τὸν
3276 4328 3443 4402 ἅγιον
3492 4321 3798 4400 Διομήδην.

2119 4427 2204 4486 Ex
2235 4428 2450 4500 quibus
2483 4428 2762 4484 docemur
2791 4426 2950 4483 hunc
2979 4430 3035 4483 S.
3069 4425 3385 4483 Diomedis
3429 4427 3642 4491 eadem,
3676 4440 3799 4496 quae

361 4539 495 4594 dem
547 4513 842 4609 Augusti:
921 4535 1176 4612 Γεγόνασι
1249 4513 1626 4612 τὰλγκαίνια
1680 4544 1779 4608 τῆς
1854 4513 2009 4613 ἐγίας

2147 4526 2283 4577 ixtra
2316 4523 2545 4591 portam
2605 4516 2772 4572 urbis
2816 4520 2960 4586 erat,
3002 4514 3347 4572 Jerusalem
3410 4513 3796 4590 appellatam,

362 4624 602 4702 Εἰρήνης
631 4628 795 4700 πέραν
829 4624 880 4680 ἄν
912 4630 1133 4692 Συκαῖς,
1165 4624 1254 4680 καὶ
1272 4625 1493 4696 ἐξῆλθεν
1519 4626 1586 4680 τὰ
1633 4627 1755 4701 ἅγια
1786 4626 2012 4700 λείψανα

362 4712 423 4768 ἐκ
467 4720 565 4784 τῆς
604 4712 868 4789 Μεγάλης
916 4713 1207 4785 ἐκκλησίας
1261 4714 1394 4789 μετᾶ
1439 4719 1547 4769 τῶν
1602 4712 1697 4770 δύο
1745 4736 2012 4792 πατριαρ-

364 4806 483 4878 χῶν
526 4804 686 4873 Μηνᾶ
712 4810 812 4873 τῆς
845 4810 958 4859 ΚΙῐ.
1004 4805 1091 4859 καὶ
1149 4803 1583 4879 ἈποΑλιναριου
1628 4812 1728 4874 τῆς
1760 4802 2011 4876 Ἀλεξαν-

368 4888 568 4966 δρείας,
633 4892 724 4946 καὶ
803 4891 1050 4957 ἐκάθισαν
1122 4893 1414 4967 ἀμσὸτεροι
1484 4892 1538 4948 ὲν
1603 4894 1683 4965 τῷ
1741 4888 2012 4967 ϐασιλικῷ

367 4980 637 5056 ὀχήματι,
686 4983 1005 5056 κατέχοντες
1057 4984 1109 5037 έν
1161 4988 1279 5044 τοῖς
1324 4982 1543 5057 γόνασιν
1593 4981 1768 5037 αὐτῶν
1800 4984 1859 5037 τὸ
1888 4984 2012 5060 ἅγια

365 5077 612 5151 λείψανα,
645 5085 754 5135 etc.
797 5080 1059 5152 Denique
1095 5080 1252 5136 idem
1284 5080 1544 5152 Scriptor
1573 5097 1727 5137 anno
1757 5082 1826 5136 36
1856 5084 2011 5154 ejus-

364 5168 491 5223 dem
528 5166 920 5239 imperatoris,
976 5170 1071 5224 ubi
1120 5170 1191 5225 de
1239 5169 1507 5225 fecundis
1558 5170 1827 5225 Enceniis
1868 5170 2009 5229 aedis

361 5256 669 5329 Sophianaa
715 5273 728 5311 :
786 5256 850 5311 Ἠ
896 5253 954 5310 δὲ
1009 5256 1279 5331 παννυχὶς
1323 5261 1432 5311 τῶν
1501 5256 1675 5312 αὐτῶν
1722 5256 2006 5331 ἐγκαινίων

361 5344 578 5419 γέγονεν
613 5344 691 5406 εἰς
732 5346 825 5399 τὸν
876 5342 1026 5421 ἅγιον
1070 5345 1358 5414 Πλάτωνα,
1409 5346 1497 5400 καὶ
1551 5345 1771 5416 ἐξῆλθεν
1807 5346 2004 5412 ἐκεῖθεν

363 5442 393 5495 ὁ
420 5444 774 5519 πατριάρχης
807 5446 927 5501 Kll.
963 5444 1235 5521 Εὑτ·5χιος
1260 5445 1395 5518 μετᾶ
1422 5452 1522 5515 τῆς
1558 5444 1735 5515 λιτῆς,
1761 5466 2007 5520 συμπαρο

364 5530 518 5593 ὄντος
546 5532 634 5585 καὶ
685 5537 781 5585 τοῦ
844 5531 1131 5607 βασιλέως,
1189 5533 1546 5606 καθεζόμενος
1609 5532 1660 5587 ἐν
1719 5538 1797 5604 τῷ
1865 5534 2003 5610 ὀχή-

368 5635 518 5690 ματι,
548 5619 636 5670 καὶ
688 5623 870 5693 φορῶν
912 5620 976 5674 τὸ
1022 5619 1384 5675 ἀποστολικὸν
1431 5627 1645 5695 σχῆμα,
1671 5622 1759 5676 καὶ
1789 5642 2001 5697 κρατων

362 5704 426 5759 τὸ
450 5704 606 5776 ἅγιον
637 5702 997 5780 Εὖαγγὲλιον.

2124 4619 2420 4689 aliamque
2456 4615 2638 4670 fuisse
2670 4614 2742 4670 ab
2786 4614 2907 4669 aede
2935 4617 2990 4669 S.
3047 4612 3388 4681 Diomedis,
3443 4629 3580 4685 quae
3628 4614 3797 4668 antea

2123 4711 2180 4763 Β.
2215 4705 2348 4761 Elite
2398 4704 2871 4775 nuncupabatur,
2926 4704 2990 4758 ut
3041 4704 3302 4757 testatur
3332 4702 3600 4775 Symeon
3631 4703 3802 4771 Logo-

2122 4796 2288 4853 theta
2347 4794 2405 4849 in
2461 4790 2736 4848 Michacle
2792 4796 2850 4847 et
2905 4789 3228 4856 Theodore,
3263 4794 3329 4846 et
3379 4790 3549 4845 intra
3595 4788 3795 4844 urbem

2122 4899 2269 4962 erat,
2302 4893 2373 4949 ad
2426 4895 2651 4963 portam
2716 4889 2879 4946 urbis
2927 4889 3194 4944 Auream.
3228 4886 3599 4944 Monasterii
3632 4899 3799 4959 porro

2121 4983 2451 5041 Jerusalem
2512 4979 2788 5054 appellati
2834 4978 3080 5035 abbates
3135 4976 3420 5033 conciliis
3469 4973 3805 5034 Constanti-

2121 5071 2320 5146 nopoli
2372 5070 2711 5126 interfuisse
2768 5067 2907 5124 alibi
2964 5067 3412 5124 observamus:
3469 5081 3616 5121 nam
3672 5077 3804 5119 cum

2120 5171 2286 5243 prius
2329 5168 2617 5225 catholica
2644 5170 2801 5223 esset
2827 5163 3096 5233 ecclesia,
3128 5180 3231 5221 seu
3271 5163 3571 5236 plebalis,
3605 5177 3803 5219 mona-

2119 5259 2246 5315 chis
2292 5264 2385 5313 est
2430 5256 2735 5312 attributa.
2788 5252 3135 5311 Consimiles
3182 5251 3345 5308 alias
3389 5252 3455 5308 in
3510 5255 3802 5324 Campum

2117 5347 2404 5404 Hebdomi
2454 5345 2758 5400 institutos
2814 5341 3052 5399 litanias
3102 5341 3173 5399 ob
3210 5346 3401 5397 terra
3450 5346 3683 5409 motus,
3715 5336 3803 5394 vel

2116 5438 2189 5493 ob
2247 5436 2391 5491 alias
2449 5434 2687 5506 quasvis
2742 5430 3129 5499 calamitates,
3166 5429 3401 5486 hvbent
3449 5431 3802 5502 scriptores,

2116 5551 2182 5590 ac
2214 5532 2533 5605 praesertim
2558 5531 2717 5585 illam
2750 5530 2823 5585 de
2842 5546 2960 5601 qua
2987 5529 3292 5585 Cedrenus
3312 5529 3454 5601 agit
3476 5528 3539 5583 in
3561 5526 3801 5583 Justino

2114 5623 2365 5690 seniore,
2407 5636 2581 5693 quem
2623 5624 2891 5691 percepto
2933 5622 3102 5674 terra
3137 5619 3305 5673 motu
3342 5631 3575 5673 eversa:
3602 5613 3799 5672 Antio-

2114 5712 2261 5767 chiae
2315 5709 2521 5765 nuntio
2572 5707 2853 5780 lugubres
2890 5712 3084 5764 vestes
3126 5704 3419 5763 induisse
3461 5706 3704 5774 scribit,
3740 5708 3800 5759 et
