4028 6202
448 318 564 377 895

1599 313 2066 384 DISQUISITIO
2110 305 2714 371 TOPOGBAPHICA

3683 323 3776 384 396

450 448 832 524 παρακειμένῳ
861 445 1048 502 πεδίω.
1073 447 1177 511 Qui
1231 448 1464 519 quidem
1513 449 1765 520 Campus
1791 465 1904 502 non
1942 446 2091 501 alius

2208 445 2472 499 attendat
2501 443 2588 498 vir
2619 443 2845 497 doctus.
2877 441 3126 497 Proinde
3155 451 3377 498 matrem
3395 462 3500 503 sua:
3523 452 3777 522 inaugura.

451 548 537 597 est
570 541 642 595 ab
669 539 1071 595 Hebdomiano
1106 555 1118 594 :
1153 539 1307 608 quod
1346 542 1620 608 przeterea
1659 539 1792 592 inde
1827 536 2100 607 colligere

452 629 589 684 licet
618 629 770 699 quod
803 627 1095 690 Bullinus,
1143 626 1448 697 praefectus
1491 626 1779 696 praetorio,
1832 625 1888 679 in
1933 623 2098 680 Chro-

454 722 578 774 nico
605 717 988 772 Alexandrino
1017 716 1408 786 interemptus
1432 715 1662 770 dicatur
1679 714 1739 768 in
1763 714 2058 768 Hebdomo
2082 729 2096 778 ;

459 807 613 880 apud
665 805 1114 876 Philostorgium
1175 821 1302 859 vero
1363 803 1463 858 lib.
1523 821 1599 873 x1,
1655 821 1780 874 cap.
1831 805 1884 866 3,
1938 800 2100 870 ἐντῷ

461 893 741 970 λεγομένῳ
795 889 1185 968 τριϐουναλίῳ,
1239 894 1391 965 apud
1453 893 1766 962 Zosimum,
1817 892 1918 946 lib.
1962 909 2013 960 ν,
2045 895 2101 946 et

459 986 781 1050 Socratem,
849 982 951 1036 lib.
1011 1001 1086 1050 γι,
1145 999 1271 1053 cap.
1335 983 1384 1053 1,
1435 982 1540 1055 πρὸ
1598 985 1704 1034 τῶν
1763 977 1949 1034 πυλῶν
2000 984 2101 1047 τῆς

461 1069 1081 1132 Κωνσ-ιαντινουπόλεως
1137 1073 1292 1143 apud
1366 1072 1759 1127 Marcellinum
1821 1070 2098 1126 Comitem

455 1169 588 1221 ante
630 1164 784 1219 uibis
819 1166 1005 1234 portas
1033 1178 1052 1213 :
1099 1162 1254 1232 apud
1287 1160 1673 1216 Claudianum
1705 1159 1957 1230 denique
1997 1159 2098 1213 lib.

456 1258 517 1321 Ii,
555 1251 613 1306 in
645 1251 916 1307 eumdem
949 1250 1246 1315 Ruﬁnum,
1281 1249 1336 1302 in
1369 1251 1585 1320 Campo
1640 1249 1767 1303 urbi
1818 1248 2099 1319 proximo,

457 1357 632 1414 quem
663 1341 742 1395 ita
770 1339 1047 1394 describit
1080 1355 1092 1391 :

531 1448 688 1506 Urbis
717 1447 788 1502 ab
820 1447 1067 1514 Augusto
1113 1449 1315 1509 tractu,
1359 1461 1466 1515 qua
1513 1448 1693 1512 vergit
1740 1447 1801 1498 in
1829 1449 2099 1514 austrum,

524 1519 796 1574 Planities
826 1519 1015 1572 vicina
1045 1521 1212 1586 patet,
1243 1532 1373 1571 nam
1402 1520 1590 1571 extera
1617 1519 1815 1587 pontus

527 1591 756 1657 Circuit,
789 1591 988 1658 exiguo
1018 1587 1214 1643 dirimi
1244 1605 1302 1642 se
1334 1590 1553 1643 tramite
1575 1604 1789 1659 passus.

455 1715 665 1772 Moxin
698 1731 764 1770 ea
814 1713 1056 1786 planitie
1101 1712 1396 1768 exstitisse
1435 1712 1714 1783 tribunal,
1764 1711 1846 1767 sic
1885 1710 2096 1779 innuit,

455 1806 596 1862 dum
629 1803 900 1858 Ruftinus
936 1802 1249 1857 Arcadium
1282 1801 1589 1873 compellat
1622 1819 1634 1856 ε

814 1951 826 1962 .
903 1916 1254 1977 graviterque
1281 1923 1551 1977 apprensa
1571 1911 1713 1962 veste
1739 1916 2047 1961 morantem

528 1955 774 2052 increpat
807 1951 1127 2049 Aug'ustum,
1158 1951 1384 2034 {munerati
1413 1980 1644 2052 sublime
1674 1979 1946 2052 tribunal,

527 2050 859 2123 Participem
887 2053 1111 2122 sceptri,
1144 2053 1458 2121 sociumque
1485 2051 1720 2105 declaret
1751 2050 1990 2105 honoris.

453 2177 594 2242 Quis
644 2193 756 2230 non
809 2175 965 2231 videt
1015 2176 1172 2230 hisce
1224 2174 1478 2230 laudatis
1527 2174 1691 2241 locis,
1751 2192 1865 2229 non
1928 2174 2100 2228 modo

453 2265 843 2334 Hebdomum,
875 2264 1175 2331 Tribunal,
1207 2270 1263 2318 et
1292 2268 1574 2335 Campum
1609 2280 1711 2335 pro
1739 2280 1854 2318 uno
1871 2264 2100 2318 eodem-

451 2370 566 2425 que
607 2354 730 2409 loco
777 2353 954 2421 sumi,
1007 2353 1107 2407 sed
1157 2353 1332 2407 etiam
1385 2356 1670 2423 Campum
1719 2351 1911 2423 ipsum
1969 2352 2099 2406 urbi

450 2441 782 2514 proximum
819 2442 1016 2510 fuisse,
1069 2458 1183 2496 non
1229 2458 1362 2496 vero
1413 2441 1482 2496 ad
1533 2441 1564 2492 7
1599 2439 1846 2495 milliare
1878 2443 1900 2496 Ρ
1929 2440 2100 2510 cujus

449 2534 686 2588 tandem
719 2533 835 2588 situ
868 2532 1121 2602 cognito,
1173 2535 1442 2601 superest
1491 2535 1554 2586 ut
1582 2545 1709 2600 quae
1739 2530 1798 2584 in
1829 2545 1894 2585 eo
1924 2529 2098 2584 exsti-

451 2621 628 2677 terint
656 2620 900 2676 azditicia
929 2635 1361 2690 percurramus.

523 2711 668 2765 VIII.
701 2713 783 2764 Ex
813 2709 904 2765 his
933 2709 1224 2781 praecipua
1254 2709 1412 2764 luere
1444 2707 1716 2764 Tribunal
1744 2711 1794 2763 et
1827 2707 2099 2764 Palatium

451 2797 1036 2854 Constantinianeum
1105 2795 1191 2852 vel
1255 2795 1718 2865 Justinianeum,
1782 2802 2098 2866 utrumque

451 2887 736 2943 Hebdomi
785 2886 1229 2942 nomenclatura
1278 2886 1496 2957 pariter
1543 2887 1824 2941 donatum
1873 2903 1908 2940 a
1960 2885 2100 2940 scri-

451 2977 721 3050 ptoribus
757 2994 768 3031 :
803 2977 955 3046 quod
989 2974 1085 3029 hic
1131 2973 1299 3030 nobis
1350 2975 1407 3028 in
1450 2974 1654 3044 primis
1702 2974 2092 3046 probandum.

449 3068 638 3136 Atque
687 3069 752 3120 ut
820 3081 853 3119 a
908 3063 1210 3119 'I‘ribunali
1270 3063 1590 3130 ordiamur,
1639 3064 1698 3118 in
1742 3079 1858 3134 quo
1921 3064 2096 3118 levari

447 3159 507 3209 et
554 3152 893 3225 inaugurari
951 3151 1218 3208 solebant
1285 3151 1688 3223 imperatores,
1764 3150 1906 3206 illud
1957 3167 2090 3206 cum

449 3241 510 3296 in
540 3244 776 3312 Campo,
820 3247 944 3296 tum
991 3241 1048 3294 in
1107 3241 1424 3308 Hebdomo,
1477 3245 1650 3311 atque
1699 3241 1842 3296 adeo
1873 3241 1930 3294 in
1963 3241 2094 3311 ipsa

449 3330 593 3386 urbe
645 3329 905 3385 extitisse
950 3330 1193 3384 tradunt
1239 3329 1460 3400 passim
1510 3330 1842 3401 scriptores,
1896 3329 1977 3383 ita
2036 3333 2099 3384 ut

449 3419 744 3474 interdum
794 3421 1026 3490 Campus
1080 3418 1361 3485 Hebdomi,
1414 3418 1486 3472 ab
1533 3435 1598 3474 eo
1644 3419 1858 3489 Canpus
1907 3417 2096 3472 Tribu-

450 3509 642 3564 nalis:
725 3508 1020 3563 interdum
1099 3508 1361 3562 Tribunal
1436 3506 1722 3575 Ilebdomi,
1803 3507 2096 3562 interdum

454 3596 708 3667 denique
765 3614 829 3652 ac
897 3597 1052 3651 nude
1107 3597 1436 3652 Hebdomum
1493 3597 1566 3652 ab
1622 3597 1696 3652 iis
1754 3595 2090 3667 appelletur.

453 3685 601 3742 Nam
652 3701 803 3755 ecce,
856 3685 902 3740 si
954 3685 1124 3740 liceat
1170 3686 1314 3741 alias
1361 3704 1393 3740 a
1454 3686 1623 3740 nobis
1681 3685 1956 3740 adnotata
2006 3685 2100 3740 hic

457 3791 695 3830 rursum
730 3775 1025 3843 recuderc,
1060 3775 1119 3829 in
1152 3775 1416 3831 Chronico
1458 3775 1855 3844 Alexandrino,
1886 3774 2098 3829 Valens

457 3879 492 3918 a
547 3864 721 3919 fratre
773 3863 1176 3919 Valentiniano
1221 3863 1298 3923 εὶς
1327 3860 1864 3918 Κωσταντινούπολιν
1917 3861 1967 3916 ἰν
2021 3865 2100 3933 τῷ

454 3947 713 4023 Ἑϐδόμῳ
783 3954 1002 4009 levatus
1079 3954 1398 4025 imperator
1462 3954 1714 4009 dicitur:
1768 3955 1840 4009 ab
1891 3953 2098 4020 Idatio,

455 4041 936 4113 Constantinopoli
989 4045 1048 4097 in
1111 4043 1445 4098 milliario7
1513 4045 1568 4097 in
1633 4044 1946 4099 Tribunali.
1986 4043 2099 4098 Nec

453 4130 682 4185 abludit
713 4130 1094 4200 Themistius,
1122 4131 1294 4201 cujus
1324 4132 1497 4186 verba
1530 4137 1764 4203 praestat
1795 4132 1888 4186 hic
1919 4132 2101 4186 addu-

452 4235 602 4286 cere,
646 4219 798 4291 quod
825 4219 1226 4274 suburbanum
1261 4219 1440 4287 istud,
1470 4220 1828 4275 Hebdomum
1856 4219 2095 4287 scilicet,

448 4307 510 4363 in
542 4308 685 4363 urbe
716 4308 978 4362 extitisse
1023 4312 1244 4363 exserte
1293 4312 1558 4364 testetur.
1610 4309 1694 4364 Ita
1724 4308 1821 4364 itle
1853 4309 1909 4362 in
1942 4309 2095 4363 Phil-

449 4395 717 4467 adelphis
754 4412 766 4449 :
816 4395 977 4451 Ὅσον
1011 4395 1113 4469 γὰρ
1145 4391 1401 4456 πλείονος
1435 4395 1577 4464 ἄξιον
1609 4396 1670 4449 τὸ
1701 4397 2000 4465 κτήσασθαι
2031 4396 2098 4449 τὰ

446 4484 624 4560 ἀγαθᾶ
650 4487 746 4538 τοῦ
794 4485 885 4538 τὸν
938 4483 1266 4556 κεκτημένον
1323 4485 1490 4556 μείζω
1540 4491 1790 4553 ποιῆσαι,
1837 4489 2094 4538 τοσοῦτον

2206 535 2374 588 tionis
2407 533 2601 586 urbem
2625 529 3326 600 Constantinopolitanam
3348 533 3472 603 jure
3500 539 3780 609 appellave-

2210 623 2286 677 rit
2313 621 2548 690 valens,
2589 620 2746 690 quod
2799 634 2998 674 revera
3047 619 3104 672 in
3151 635 3218 673 ea
3264 620 3408 676 facta
3451 632 3591 680 esset
3619 643 3630 682 :
3658 633 3783 701 quod

2212 710 2452 765 minime
2491 710 2756 776 dixisset,
2807 708 2855 761 si
2904 707 2963 762 in
3011 706 3254 778 septimo
3303 711 3370 764 ab
3395 711 3527 767 urbe
3556 714 3786 774 milliaria

2212 799 2421 853 fuisset
2479 802 2730 870 peracta.
2799 800 2862 850 Et
2911 813 3051 852 sane
3119 797 3472 863 Ammianus,
3524 800 3614 856 lib.
3665 822 3784 874 ium,

2208 887 2504 943 Valentem
2539 903 2572 941 a
2632 885 2804 940 fratre
2850 883 3255 940 Valentiniano
3309 885 3682 956 imperatorem
3717 895 3786 948 di-

2211 984 2367 1032 ctum
2401 974 2901 1046 Constantinopoli
2935 975 2994 1029 in
3026 974 3370 1030 Suburbano
3402 993 3622 1048 prorsus
3647 982 3788 1038 etiam

2209 1066 2423 1130 innuit,
2447 1067 2618 1136 cujus
2647 1065 2821 1119 verba
2847 1064 2936 1119 hic
2954 1080 3266 1135 apponam,
3291 1067 3434 1135 quod
3456 1065 3792 1128 Themistiana

2210 1155 2508 1210 illustrent
2542 1171 2554 1209 :
2615 1153 2847 1225 Indeque
2877 1169 3000 1208 eum
3037 1155 3270 1208 venisset
3315 1153 3792 1229 Constantinopolim,

2211 1251 2493 1323 (loquitur
2522 1252 2592 1306 de
2619 1251 3050 1320 Valentiniano)
3097 1251 3277 1306 multa
3322 1267 3499 1307 secum
3535 1255 3636 1324 ipse
3651 1255 3793 1312 devol-

2212 1357 2358 1410 vens,
2407 1350 2458 1396 et
2509 1340 2896 1410 magnitudine
2949 1341 3270 1411 urgentium
3339 1343 3665 1411 negotiorum
3701 1345 3798 1414 jam

2209 1445 2265 1485 se
2331 1430 2585 1500 superari
2650 1428 3026 1495 considerans,
3086 1427 3238 1482 nihil
3301 1430 3617 1484 morandum
3656 1439 3798 1502 ratus,

2210 1519 2463 1590 quintum
2494 1519 2612 1573 Kal.
2643 1518 2850 1589 Aprilis
2891 1516 3230 1588 productum
3277 1517 3524 1572 eumdem
3568 1519 3801 1575 Valentem

2213 1612 2268 1663 in
2321 1609 2729 1675 Suburbanum,
2789 1609 3174 1662 universorum
3238 1608 3518 1683 sententiis
3560 1611 3801 1662 concinen-

2211 1697 2373 1766 tibus,
2422 1697 2542 1769 (nec
2588 1698 2735 1751 enim
2783 1695 3012 1751 audebat
3061 1696 3360 1767 quisquam
3401 1696 3680 1766 refragari)
3723 1699 3806 1750 Au-

2131 1819 2176 1883 Β
2207 1795 2421 1857 gustum
2470 1786 2901 1857 pronuntiavit:
2949 1784 3256 1856 decoreque
3302 1785 3630 1855 imperatorii
3667 1785 3806 1839 cultus

2207 1881 2487 1941 ornatum,
2557 1879 2609 1930 et
2681 1879 2923 1946 tempora
2996 1871 3321 1928 diadamate
3389 1872 3706 1936 redimitum,
3763 1875 3802 1928 in

2207 1964 2387 2020 eodem
2419 1963 2668 2020 vehiculo
2718 1964 2959 2018 reduxit.
2995 1962 3102 2017 Ubi
3137 1979 3244 2034 per
3271 1962 3667 2024 Suburbanum.
3695 1962 3796 2016 [leb-

2210 2054 2450 2108 domum
2486 2051 2732 2123 intelligi
2783 2057 3032 2121 constat,
3082 2052 3244 2123 quod
3279 2051 3352 2105 ad
3384 2051 3585 2106 urbem
3615 2051 3802 2115 exstitit,

2209 2167 2277 2206 ex
2307 2167 2421 2222 quo
2453 2150 2510 2205 in
2547 2149 2824 2204 Palatium
2887 2149 3096 2205 Valens
3151 2166 3275 2204 una
3335 2165 3465 2203 cum
3511 2148 3670 2202 fratre
3692 2146 3810 2201 vehi-

2210 2238 2337 2294 culo
2398 2255 2661 2294 reversus
2720 2245 2828 2293 est.
2900 2239 2981 2292 lta
3038 2253 3211 2308 porro
3268 2238 3424 2308 apud
3468 2235 3812 2292 Marcellinum

2209 2328 2480 2382 comitem
2513 2327 2792 2382 Arcadias
2853 2327 3061 2381 levatus
3113 2330 3426 2397 Augustus
3484 2326 3682 2380 dicitur
3703 2325 3814 2379 Con-

2210 2416 2567 2484 tantinopoli,
2630 2417 2685 2469 in
2741 2415 3016 2470 milliario
3043 2416 3300 2485 septimo.
3354 2414 3461 2470 Ubi
3506 2414 3650 2469 idem
3687 2412 3822 2468 Chro-

2207 2506 2370 2559 nicon
2457 2504 2924 2573 Alexandrinum,
3008 2498 3312 2577 Ἀρκάδιος
3419 2500 3711 2576 Αὔγουστος
3779 2497 3820 2552 ἐν

2207 2589 2778 2647 Κωνσταντινουπόλει
2831 2589 2881 2644 ἐν
2922 2595 3002 2662 τῷ
3048 2585 3428 2666 τριϐουναλίῳ
3465 2593 3561 2644 τοῦ
3588 2583 3821 2660 Ἑϐδόμον

2207 2679 2569 2755 ἀνηγορεύθη.
2603 2683 2766 2752 Apud
2801 2681 3070 2736 eumdem
3116 2680 3529 2737 Marcellinum
3571 2679 3828 2740 comitem.

2209 2772 2508 2826 Honorium
2533 2779 2687 2842 pater
2715 2787 2848 2824 suus
2899 2769 3236 2826 Theodosius
3293 2772 3352 2824 in
3403 2768 3591 2824 eodem
3619 2768 3720 2822 loco
3745 2780 3829 2837 quo

2204 2863 2438 2932 fratrem
2473 2861 2590 2930 ejus
2621 2859 2939 2927 Arcadium,
2994 2859 3280 2915 Caesarem
3321 2859 3477 2930 fecit,
3520 2857 3575 2912 id
3618 2861 3690 2912 est
3714 2859 3838 2925 [oras

2204 2951 2432 3020 septimo
2477 2949 2545 3004 ab
2595 2949 2724 3004 urbe
2777 2946 3078 3002 milliaria.
3141 2948 3306 3003 Idem
3381 2947 3680 3003 Chronicon
3731 2944 3834 2998 Ale-

2203 3039 2542 3093 xandrinum
2591 3035 2982 3093 Theodosium
3025 3036 3340 3092 Juniorem
3393 3036 3647 3092 levatum
3688 3033 3836 3089 etiam

2204 3129 2532 3199 Augustum
2565 3125 2767 3182 scribit
2794 3123 2844 3178 ἐν
2878 3122 3465 3179 Κωνσταντίνουπόλιι
3493 3123 3570 3185 εἷς
3593 3122 3654 3176 τὸ
3669 3114 3836 3176 Ἑϐδοο

2209 3234 2308 3286 μον
2368 3212 2419 3267 ἐν
2467 3218 2546 3285 τῷ
2601 3207 2990 3286 τριϐουναλίῳ,
3057 3214 3424 3270 Marcianum
3479 3227 3619 3269 vero
3673 3208 3721 3265 ἒν
3771 3212 3838 3278 τῷ

2205 3297 2482 3375 Ἑϐδόμῳ,
2507 3304 2730 3359 omissa
2754 3319 2888 3358 voce
2904 3302 3264 3360 Tribunalis.
3298 3305 3500 3359 Zenon
3545 3305 3606 3357 in
3637 3301 3836 3371 septimo

2205 3393 2430 3449 levatus
2488 3393 2768 3448 scribitur
2842 3392 2996 3464 apud
3057 3395 3362 3448 Victorem
3437 3396 3836 3448 Tunnensem:

2207 3492 2489 3550 Basilicus
2521 3490 2572 3546 ἐν
2633 3489 2870 3562 Κάμπῳ,
2924 3492 3078 3563 apud
3127 3491 3520 3548 Theodorum
3568 3491 3839 3550 lectorem,

2206 3582 2636 3654 Theophanem,
2688 3585 3028 3653 Symeonem
3084 3581 3510 3654 Logothetam,
3563 3579 3846 3640 Zonaram,

2207 3676 2264 3727 et
2319 3671 2510 3728 alios:
2570 3669 2882 3725 Mauricius
2954 3687 2988 3725 a
3063 3669 3297 3726 Tiberio
3359 3667 3414 3723 tv
3472 3662 3847 3743 Τριϐουναλίῳ,

2209 3761 2362 3832 apud
2439 3761 2710 3816 eumdem
2794 3758 3205 3830 Theophanem
3280 3764 3342 3814 et
3432 3764 3759 3814 Zonaram:
3809 3747 3851 3804 ἓν

2208 3849 2489 3924 προκένσῳ
2534 3852 2630 3903 τοῦ
2684 3842 2979 3920 Ἑὸδόμου,
3041 3848 3100 3903 in
3160 3847 3443 3905 Chronico
3494 3844 3854 3903 Alexandrino

2209 3938 2431 3994 Phocas
2463 3940 2516 3992 in
2558 3939 2678 3993 aede
2724 3941 2780 3992 S.
2812 3937 3056 3993 Joannis
3088 3937 3374 4008 Baptista
3403 3933 3460 3989 ἐν
3489 3938 3572 4006 τῷ
3601 3926 3858 4002 Ἑϐδόμῳ.

2208 4030 2363 4101 apud
2431 4030 2807 4084 Simocattam
2873 4031 2929 4083 et
3003 4026 3484 4098 Theophanem:
3549 4027 3612 4080 in
3653 4022 3860 4094 septimo

2205 4118 2350 4191 quod
2396 4118 2601 4172 dicitur
2645 4117 3046 4185 Secundianas,
3095 4116 3250 4188 apud
3308 4115 3670 4188 Gregorium
3702 4116 3770 4165 Μ.
3798 4111 3861 4163 Ut

2208 4224 2378 4278 porro
2409 4212 2692 4278 tyrannus
2721 4205 2779 4260 in
2823 4206 3029 4260 urbem
3060 4204 3310 4271 venerit,
3345 4205 3438 4261 sic
3473 4207 3679 4260 narrat
3698 4200 3862 4254 Theo-

2209 4295 2430 4367 phanes
2464 4311 2475 4349 :
2510 4294 2576 4350 Οἱ
2607 4290 2663 4347 δὲ
2704 4291 2980 4368 Πράσινοι,
3033 4289 3349 4362 ἐξελθόντες
3404 4290 3486 4352 εἷς
3541 4291 3606 4345 τὸ
3638 4290 3862 4362 Ῥήγιον,

2209 4381 2469 4458 μεγάλαις
2531 4381 2826 4460 εὐφημίαις
2905 4379 3106 4454 ἐτίμων
3166 4380 3257 4434 τὸν
3322 4381 3607 4457 τύραννον
3666 4379 3866 4441 Φωκᾶν,

2206 4472 2295 4526 καὶ
2334 4471 2609 4534 πείθουσιν
2657 4471 2804 4542 αὐτῷ
2868 4469 2918 4524 ἐν
2991 4475 3070 4541 τῷ
3125 4464 3399 4543 Ἑϐδόμῳ
3462 4468 3864 4543 παραγενέσθαι.

446 4555 535 4628 καὶ
583 4573 671 4626 σοὶ
718 4571 1028 4648 δικαιοτέρα
1075 4555 1209 4646 πρὸς
1265 4555 1366 4640 τῆν
1418 4572 1578 4627 πόλιν
1619 4573 1758 4627 ἐστὶν
1809 4575 1969 4642 ἠτῆς
2001 4570 2089 4626 εὐ-
2125 4556 2169 4620 D
2202 4559 2408 4633 Πέμπει
2483 4559 2658 4614 τοίνυν
2747 4564 2944 4620 ψωκᾶς
3019 4555 3307 4628 θεόδωρον
3383 4559 3482 4614 τὸν
3564 4555 3873 4628 ἀσηκρῆτκν

445 4663 600 4724 νῠίας
633 4662 905 4726 ὑπόθεσις.
943 4663 1009 4718 Ἢ
1035 4666 1153 4723 πῶς
1186 4661 1285 4715 οὐκ
1318 4661 1516 4716 ἄτοπον
1548 4663 1645 4730 τήν
1682 4663 1775 4734 μὲν
1819 4661 2097 4736 ἐσχατιὰν,

445 4749 526 4827 ἐφ’
566 4752 632 4822 ᾗς
679 4753 776 4820 τήν
829 4748 1127 4827 ἁλουργίδα
1179 4751 1392 4824 ἐνῆψαι,
1444 4752 1891 4824 περιφάνεστὲραν
1942 4757 2099 4820 ποιῆ-

443 4860 529 4892 σαι
559 4837 810 4912 κρηπῖδι,
859 4841 947 4895 καὶ
1002 4842 1206 4914 βήμασι
1265 4840 1352 4893 καὶ
1397 4837 1666 4915 ἀνδριᾶσι,
1713 4845 1779 4913 τῇ
1830 4838 1988 4894 πόλει
2042 4836 2098 4894 δὲ

442 4926 508 4996 ἤν
569 4928 666 4982 οὐκ
716 4930 888 4990 ὀκνεῖς
950 4929 1234 5002 ὀνομάζειν
1303 4931 1509 5002 μητέρα
1568 4936 1668 4998 τῆς
1726 4928 2093 5005 ἀναρῥήσεως,

445 5017 522 5089 μὴ
573 5016 777 5080 οἴεσθαι
826 5017 1172 5096 ἐποφλίσκειν
1231 5020 1299 5071 τὰ
1348 5021 1680 5092 χαριστήρια
1714 5038 1726 5086 ;
1761 5023 1842 5074 Ex
1881 5019 2096 5091 quibus

438 5107 632 5164 verbis
663 5110 899 5166 omnino
932 5109 1257 5178 coniicitur,
1297 5115 1360 5164 ut
1406 5113 1559 5164 recte
1606 5110 1891 5180 conjectat
1931 5109 2094 5164 Peta-

437 5196 589 5266 vius,
621 5195 882 5273 ἐσχατιάν
914 5198 1096 5263 illam,
1125 5215 1253 5253 esse
1282 5198 1708 5268 suburbanum,
1742 5198 1893 5270 quod
1945 5198 2091 5252 Heb-

437 5286 676 5342 domum
717 5286 1118 5358 appellabant,
1152 5285 1210 5339 in
1243 5290 1501 5340 extrema
1524 5284 1686 5340 urbis
1710 5290 1870 5356 parte
1888 5285 2090 5351 situm,

437 5374 535 5430 ubi
576 5376 636 5430 in
669 5375 970 5440 tribunali,
1005 5375 1174 5444 cujus
1209 5374 1314 5428 hoc
1345 5373 1472 5429 loco
1522 5373 1810 5440 meminit,
1845 5374 2090 5444 inaugu-

433 5463 552 5518 rari
624 5465 893 5520 solebant
961 5464 1390 5535 imperatores:
1471 5478 1661 5534 ncque
1717 5462 1870 5518 enim
1930 5461 2091 5517 urbis

436 5549 661 5623 ἐσχατιᾶ
693 5553 971 5624 appellari
1007 5552 1210 5606 debuit
1238 5551 1525 5624 septimus
1558 5553 1629 5607 ab
1660 5568 1727 5607 ea
1757 5550 1926 5622 lapis,
1955 5567 2088 5605 cum

437 5638 600 5696 illius
648 5647 970 5699 extremum
1023 5657 1153 5696 esse
1213 5657 1326 5696 non
1383 5641 1658 5712 potuerit,
1717 5642 1871 5712 quod
1916 5641 2086 5696 velim

2208 4649 2296 4702 καὶ
2351 4647 2606 4711 εἰσελθὼν
2663 4647 2716 4702 ἐν
2771 4651 2839 4722 τῇ
2914 4645 3140 4722 Μεγάλῃ
3221 4645 3530 4718 ἐκκλησίᾳ,
3596 4644 3875 4714 tantva-

2211 4759 2293 4792 σεν
2325 4742 2403 4809 τῷ
2453 4736 2572 4810 λαῷ
2626 4737 2773 4799 ὅπως
2819 4738 2846 4790 ὁ
2895 4737 3242 4812 παρτιάρχης
3293 4735 3395 4790 καὶ
3453 4736 3510 4792 οἱ
3566 4732 3762 4808 δῆμοι,
3799 4726 3880 4783 καὶ

2211 4831 2246 4895 ἡ
2310 4825 2621 4901 σύγκλητος
2697 4826 2991 4903 ἀφίκωνται
3065 4824 3118 4879 ἐν
3191 4829 3268 4897 τῷ
3327 4820 3633 4899 Ἑϐδόμῳ.
3689 4820 3885 4878 Τούτου

2205 4916 2385 4970 τοίνυν
2418 4917 2726 4990 γεγονότος,
2771 4914 2858 4968 καὶ
2908 4913 3123 4968 πάντων
3184 4913 3234 4968 ἐν
3287 4918 3378 4985 τῷ
3435 4909 3710 4986 Ἑϐδόμῳ
3769 4908 3884 4985 ἀφι-

2205 5007 2476 5078 κομένων,
2564 5004 2832 5080 Κοριακὸς
2920 5005 2948 5058 ὁ
3035 5004 3399 5080 πατριάρχης
3499 5003 3756 5076 ἂπῄτησε
3803 4996 3886 5052 τὸν

2203 5093 2460 5169 τύραννον
2513 5093 2811 5167 ὁμολογίαν
2867 5094 2991 5166 περὶ
3062 5095 3160 5160 τῆς
3219 5089 3540 5166 ὀρθοδόξου
3601 5090 3833 5146 πίστεως
3873 5103 3885 5117 ’

2203 5185 2238 5252 ἡ
2299 5180 2356 5237 δὲ
2405 5183 2756 5257 ἀναγόρευσις
2826 5185 2923 5236 τοῖ’)
2981 5179 3240 5256 τυράννου
3298 5180 3387 5242 εἷς
3453 5183 3553 5236 τὸν
3618 5179 3746 5234 ναὸν
3803 5176 3892 5228 τοῦ

2201 5275 2394 5346 Ἀγίνο
2447 5271 2697 5326 Ἰωάννου
2751 5274 2850 5326 τοῦ
2900 5272 3203 5326 Βαπτιστοῦ
3259 5269 3535 5345 γέγονεν.
3603 5267 3890 5324 Nimirum

2206 5362 2426 5418 Prasini
2462 5362 2714 5418 Phocam
2761 5361 2831 5417 ad
2877 5361 3245 5416 Hebdomum
3275 5361 3590 5417 accedere
3624 5357 3893 5421 suadent,

2204 5460 2304 5515 ubi
2335 5459 2558 5515 scilicet
2605 5457 2949 5531 inaugurari
2993 5463 3050 5514 et
3099 5458 3274 5516 levari
3309 5459 3612 5516 solebant
3644 5457 3893 5528 impera-

2200 5554 2392 5605 tores:
2453 5566 2568 5621 quo
2620 5566 2752 5605 cum
2813 5547 3176 5618 accessisset,
3225 5549 3282 5603 in
3341 5549 3480 5605 inde
3529 5553 3588 5603 S.
3653 5540 3896 5601 Joannis

2203 5639 2502 5710 Baptistae,
2562 5638 2778 5710 palatio
2860 5637 3258 5697 Hebdomiano
3341 5638 3580 5708 vicina,
3637 5653 3674 5693 a
3718 5628 3894 5707 patri-

3951 439 3979 734 γ
