4028 6202
137 384 257 444 307

1510 374 1611 436 DE
1658 373 2039 438 HEBDOMO
2063 377 2203 440 'CP.

3438 386 3562 448 898

139 514 320 571 areha
363 513 602 586 Cyriaco
657 510 885 567 solenni
947 507 1065 565 ritu
1125 511 1440 564 coronatus
1494 511 1604 577 est,
1664 523 1800 562 cum
1829 509 1882 575 Α
1918 508 2122 565 Martio
2153 511 2252 583 qui
2284 511 2414 566 urbi
2447 512 2749 583 proximus
2791 513 2945 569 fuit:
2981 513 3082 570 ubi
3125 513 3357 573 locutus
3404 517 3563 574 vide-

143 602 295 660 alias
326 601 716 674 imperatores
737 599 796 655 in
820 599 940 655 uade
964 599 1249 654 duntaxat
1278 596 1572 669 SOphiana
1593 611 1807 651 corona

147 691 358 747 donari
392 690 670 746 solerent.
695 693 750 744 Is
767 704 902 744 vero
933 687 1129 742 triduo
1160 690 1469 759 postquam
1508 686 1567 740 in
1603 685 1806 740 urbem

144 779 329 846 venit,
373 777 692 835 Eudociam
742 792 982 834 uxorem
1019 778 1344 848 Augustam
1393 772 1712 838 coronavit,
1743 771 1804 826 in

141 869 265 924 ade
298 867 522 924 scilicet
547 863 1020 938 Sophiana,cum
1055 862 1153 918 ille
1185 867 1355 919 antea
1401 861 1459 916 in
1492 860 1810 926 Hebdomo,

138 973 244 1014 seu
272 957 337 1011 in
368 956 492 1011 sede
524 959 584 1010 S.
615 954 862 1011 Joannis
915 951 1212 1024 Baptista,
1246 968 1279 1006 a
1328 950 1659 1022 patriarcha
1707 964 1807 1004 co-

147 1047 401 1102 ronatus
428 1043 662 1098 fuisset.
697 1044 783 1098 Ita
822 1057 994 1114 porro
1038 1038 1461 1097 Constantinu
1515 1042 1806 1109 Coprony-

149 1151 288 1189 mus
349 1151 384 1188 a
433 1137 599 1205 patre
659 1132 840 1186 Leone
899 1131 1100 1185 Isauro
1157 1127 1208 1181 ἐν
1281 1130 1359 1198 τῷ
1412 1120 1803 1200 τριϐουναλίῳ,

143 1227 200 1278 et
266 1227 377 1279 Leo
434 1220 750 1276 Armenius
798 1216 849 1271 ἐν
893 1221 973 1289 τῷ
1021 1217 1128 1292 πρὸ
1175 1218 1273 1284 τῆς
1323 1213 1541 1276 πόλεως
1588 1207 1809 1290 τριϐου-

138 1308 346 1381 ναλίῳ,
367 1309 543 1366 levati
568 1309 846 1381 leguntur
877 1307 1032 1380 apud
1065 1306 1338 1362 eumdem
1368 1303 1806 1376 Theophanem,

145 1401 508 1473 Symeonem
544 1397 944 1470 Logothetam,
975 1400 1033 1452 et
1056 1395 1370 1467 Georgium
1402 1390 1808 1448 Hamartolum

142 1489 202 1545 in
235 1488 548 1545 Chronicis
579 1503 753 1554 11158.,
783 1482 834 1538 ἐν
879 1488 960 1556 τῷ
1005 1483 1209 1557 κάμπῳ
1255 1486 1351 1536 τοῦ
1397 1475 1808 1556 τριϐουναλίου,

141 1578 204 1634 in
238 1576 534 1634 Chronico
567 1593 680 1632 ms.
715 1575 786 1630 ab
816 1575 1039 1630 Adamo
1072 1575 1144 1629 ad
1177 1573 1424 1628 Leonem
1451 1571 1806 1642 Sapientem.

143 1667 326 1723 Hisce
361 1666 575 1721 addere
608 1663 798 1737 placet
826 1663 978 1735 quod
1014 1663 1258 1717 tradunt
1286 1661 1626 1724 Simocatta,
1651 1658 1807 1713 idem

145 1755 587 1828 Theophanes,
630 1759 686 1810 et
751 1753 1033 1824 Georgius
1090 1749 1502 1819 Hamartolus,
1545 1745 1806 1804 Mauricii

142 1845 299 1918 imp.
335 1850 397 1900 et
424 1843 682 1898 ﬁliorum
715 1842 774 1896 in
808 1840 1068 1912 Eutropii
1101 1840 1171 1896 ad
1200 1839 1626 1895 Calchedonem
1673 1852 1810 1908 por-

141 1938 209 1991 tu
242 1948 536 1989 cmsorum
577 1931 790 2003 capita,
825 1946 928 2002 per
973 1928 1199 2001 aliquot
1252 1928 1376 1983 dies
1427 1925 1580 1998 plebi
1637 1940 1811 1995 expo-

141 2022 344 2080 suisse
371 2020 626 2076 Phocam
647 2021 704 2075 in
721 2019 940 2090 Campo
960 2016 1308 2072 Tribunalis.
1325 2015 1487 2080 Quod
1519 2015 1568 2070 si
1592 2014 1810 2069 tactum

144 2111 204 2166 id
248 2114 419 2174 esset.
445 2109 698 2180 septimo
729 2107 801 2163 ab
834 2106 977 2162 urbe
1007 2104 1269 2172 milliari,
1301 2120 1368 2160 eo
1399 2107 1552 2158 certe
1601 2117 1810 2157 conce-

147 2201 291 2257 dere
354 2197 717 2270 oportuisset
790 2195 1018 2268 plebem
1078 2190 1812 2264 Constantinopolitanam,

151 2289 309 2362 quod
358 2303 535 2342 nemo
567 2285 773 2358 opinor
803 2284 915 2340 sibi
944 2283 1312 2356 persuadeat.

228 2418 331 2470 1X.
394 2413 477 2468 Ex
525 2411 620 2467 his
675 2412 855 2483 igitur
913 2413 1074 2481 patet
1131 2407 1371 2464 omnino
1425 2405 1814 2476 Hebdomum,

160 2502 472 2569 Tribunal,
503 2506 561 2557 et
606 2503 923 2570 Campum,
964 2497 1298 2570 promiscue
1344 2495 1616 2566 usurpari
1660 2492 1814 2565 apud

164 2592 439 2648 laudatos
483 2589 798 2659 scriptores
842 2604 946 2660 pro
990 2603 1108 2642 uno
1155 2586 1477 2656 eodemque
1524 2583 1672 2650 loco,
1716 2581 1814 2637 ubi

167 2679 483 2738 acclamari
505 2685 562 2734 et
582 2677 923 2748 inaugurari
944 2675 1214 2732 solebant
1232 2674 1638 2746 imperatores,
1659 2687 1820 2727 more

169 2771 238 2827 ab
282 2769 532 2837 antiquo
576 2770 830 2838 recepto,
861 2781 997 2822 cum
1045 2764 1103 2820 in
1153 2763 1386 2836 Campis
1442 2760 1682 2827 Martiis,
1714 2775 1817 2816 seu

167 2857 267 2932 qui
299 2857 378 2913 ad
411 2857 667 2928 majores
699 2855 962 2911 civitates
1023 2856 1212 2918 erant,
1243 2851 1299 2908 id
1354 2852 1534 2908 ferme
1587 2865 1822 2922 semper

169 2947 371 3020 peragi
422 2945 664 3002 solitum
715 2943 963 3000 doceant
1020 2942 1359 3014 scriptores,
1392 2956 1458 2996 ac
1504 2939 1564 2994 in
1613 2937 1821 3010 primis

169 3036 405 3092 Flavius
438 3034 744 3105 Vopiscus,
779 3048 896 3104 quo
926 3031 1052 3087 loco
1078 3029 1304 3097 scribit,
1323 3029 1518 3085 Tacito
1551 3045 1586 3084 a
1613 3032 1821 3083 senatu

171 3125 230 3180 in
283 3125 703 3196 imperatorem
761 3120 965 3186 electo,
1025 3119 1153 3175 inde
1205 3121 1350 3174 itum
1425 3117 1495 3172 ad
1552 3117 1822 3187 Campum

1917 600 2014 652 tur
2063 599 2443 670 Theophanes
2504 617 2683 668 more,
2732 606 2793 657 ut
2851 601 2931 658 ita
2989 602 3202 670 dicam,
3234 605 3563 662 Constanti-

1920 688 2254 758 nopolitano
2305 707 2318 756 ;
2369 706 2484 760 quo
2560 690 2683 745 loco
2763 691 3069 748 Chronicon
3130 694 3566 750 Alexandrinum

1918 773 2113 845 habet,
2175 773 2226 829 ἐν
2300 780 2380 848 τῷ
2460 778 2672 850 Κάμπῳ
2745 773 3131 852 τριϐουνάλιον
3204 779 3286 856 ἐφ’
3346 779 3562 854 ὑψηλοῦ

1917 863 2170 931 ποιήσας,
2203 870 2292 921 etc
2321 911 2335 935 ,
2374 867 2544 936 cujus
2595 867 2833 938 quidem
2887 868 3230 926 Tribunalis
3273 873 3564 927 Constan-

1918 951 1985 1005 tii
2019 953 2286 1009 meminit
2315 953 2677 1010 Themistius
2708 961 2850 1011 orat.
2883 958 2934 1011 3.
2968 958 3092 1012 Non
3139 959 3356 1014 mirum
3386 959 3568 1032 igitur

1919 1041 1967 1095 si
1995 1041 2096 1112 qui
2127 1059 2446 1114 purpuram
2474 1042 2852 1115 arripiebant,
2887 1045 3232 1118 priusquam
3265 1047 3324 1102 in
3357 1049 3563 1104 urbem

1916 1129 2200 1197 venirent,
2236 1131 2305 1185 ad
2363 1131 2671 1202 Campum,
2715 1137 2772 1187 et
2819 1135 2886 1188 ad
2943 1134 3222 1191 Tribunal
3282 1139 3435 1209 quod
3504 1138 3562 1192 in

1919 1219 2136 1290 Campo
2170 1220 2297 1274 urbi
2339 1219 2602 1292 proximo
2635 1225 2778 1290 erat,
2816 1223 3184 1289 secedebant,
3218 1229 3282 1279 ut
3331 1226 3403 1282 ab
3439 1243 3564 1281 om-

1919 1308 2113 1377 nibus,
2149 1323 2215 1364 ac
2265 1307 2554 1364 militibus
2606 1309 2952 1381 praesertim,
2989 1328 3240 1383 quorum
3291 1330 3358 1370 ea
3415 1318 3566 1370 tem-

1919 1401 2144 1469 pestate
2175 1397 2231 1452 id
2259 1396 2413 1467 juris
2456 1413 2587 1453 esse
2615 1397 2941 1466 videbatur,
2976 1399 3357 1471 imperatores
3405 1419 3567 1458 more

1918 1490 2147 1557 recepto
2205 1485 2691 1543 acclamarentur.
2752 1485 2904 1550 Quin
2962 1487 3137 1544 etiam
3193 1490 3566 1547 observatum

1919 1573 2144 1646 pridem
2169 1591 2196 1628 a
2224 1574 2363 1630 viris
2385 1575 2594 1640 doctis,
2610 1576 2907 1648 Egyptios
2929 1593 3096 1649 reges
3117 1583 3250 1650 post
3278 1578 3569 1636 celebrata

1919 1659 2315 1735 ἀνακλητήρια,
2342 1663 2597 1735 Memphi
2631 1664 2690 1718 in
2715 1664 2933 1720 Palatio
2963 1665 3168 1722 solitos
3200 1667 3564 1742 inaugurari,

1921 1768 2034 1807 non
2066 1768 2198 1806 vero
2233 1751 2614 1823 Alexandriae,
2631 1769 2759 1824 qua:
2783 1745 3010 1826 {Egypti
3033 1761 3208 1827 caput
3231 1761 3456 1826 erat,ut
3478 1772 3567 1812 re-

1919 1855 2058 1910 gum
2075 1840 2382 1896 Persarum
2399 1842 3122 1914 inaugurationem,quam
3133 1841 3358 1913 τελετὴν
3375 1845 3572 1919 appel-

1921 1927 2144 1994 labant,
2180 1931 2388 1984 l'aotam
2419 1931 2773 2002 Parasgadis
2806 1948 2818 1986 :
2854 1933 3148 2002 quomodo
3180 1934 3354 1990 etiam
3403 1951 3568 2007 reges

1923 2017 2105 2074 nostri
2129 2018 2497 2074 Durocottori
2519 2020 2832 2074 Remorum
2856 2020 3198 2093 inaugurari
3215 2027 3272 2078 et
3303 2025 3570 2080 coronari

1923 2105 2134 2174 solent,
2169 2123 2282 2162 non
2317 2123 2448 2162 vero
2480 2107 2744 2178 Parisiis,
2780 2109 2921 2164 urbe
2954 2111 3117 2181 regni
3161 2111 3457 2182 primaria.

1997 2216 2066 2266 X.
2092 2212 2263 2268 Aliud
2298 2213 2540 2286 proinde
2573 2213 2682 2270 fuit
2710 2214 3095 2283 Hebdomum,
3129 2233 3234 2273 seu
3275 2217 3564 2290 septimus

1925 2301 1996 2357 ab
2019 2303 2177 2371 urbe
2229 2301 2402 2374 lapis,
2435 2302 2591 2358 aliud
2624 2308 2876 2375 Campus
2915 2305 2985 2360 ad
3020 2305 3246 2373 urbem,
3278 2306 3563 2362 Hebdomi

1926 2389 2316 2462 appellatione
2364 2392 2637 2459 donatus,
2687 2392 2848 2448 aliud
2897 2393 3198 2463 Tribunal,
3246 2394 3413 2466 eique
3459 2395 3562 2450 ad-

1921 2479 2196 2550 junctum
2247 2478 2535 2535 Palatium
2594 2481 3198 2551 Constantinianeum,
3251 2487 3567 2555 utrumque

1927 2568 2103 2623 etiam
2131 2569 2334 2624 eadem
2367 2569 2810 2627 nomenclatura
2838 2571 3215 2627 notissimum
3236 2574 3390 2645 apud
3423 2573 3566 2629 scri-

1930 2662 2124 2730 ptores
2155 2657 2525 2730 Byzantinos,
2559 2659 2716 2730 quod
2757 2660 2901 2716 satis
2949 2677 3245 2732 superque
3289 2662 3571 2733 probasse

1929 2745 2303 2802 arbitramur.
2337 2748 2472 2812 Qum
2499 2746 2736 2818 quidem
2771 2765 2884 2804 non
2916 2749 3223 2805 observata
3247 2749 3570 2822 distinctio,

1930 2835 2050 2891 viro
2097 2835 2350 2903 erudito,
2393 2834 2643 2907 aliisque
2686 2835 2832 2892 forte
2888 2837 3083 2893 fucum
3117 2838 3271 2906 fecit,
3305 2840 3448 2895 adeo
3507 2842 3572 2895 ut

1930 2924 2022 2978 vix
2069 2940 2134 2978 ac
2185 2940 2256 2979 ne
2294 2923 2384 2978 vix
2433 2924 2672 2996 quidem
2723 2925 2834 2982 sibi
2877 2927 3227 2997 persuadere
3259 2928 3574 2999 potuerint,

1931 3013 2295 3069 Hebdomum
2325 3029 2440 3068 non
2472 3014 2644 3070 modo
2696 3015 2766 3068 ad
2819 3015 3020 3070 urbem
3073 3015 3445 3086 pertinuisse,
3473 3017 3576 3072 sed

1931 3107 1990 3159 et
2037 3107 2261 3175 partem
2311 3101 2473 3158 illius
2517 3103 2672 3158 intra
2725 3102 2913 3174 ipsius
2964 3121 3164 3160 muros
3198 3103 3440 3176 includi,
3485 3103 3577 3160 vel

175 3191 457 3279 Martium,
491 3213 569 3267 ibi
595 3211 884 3267 Comitiale
908 3209 1180 3265 Tribunal
1210 3206 1526 3264 ascendisse
1549 3205 1822 3261 eumdem
1854 3245 1896 3279 ρ
1935 3191 2142 3248 saltem
2200 3193 2272 3247 ad
2329 3191 2459 3263 ipsa
2507 3191 2790 3246 suburbia
2847 3193 3109 3264 potuisse
3166 3194 3458 3265 protendi,
3510 3209 3576 3248 ac

176 3302 469 3368 Tacitum,
528 3306 586 3356 et
631 3300 968 3371 prefeotum
1047 3296 1176 3352 urbi
1233 3295 1446 3351 Elium
1496 3294 1822 3349 Caesonium

184 3391 491 3446 nuntiasse
547 3387 836 3444 militibus
901 3391 957 3441 et
1012 3385 1236 3441 civibus
1289 3385 1349 3439 in
1398 3385 1710 3454 principem
1756 3381 1829 3436 de

179 3481 456 3536 sententia
510 3479 760 3533 omnium
815 3477 1156 3532 exercituum
1213 3474 1478 3529 Tacitum
1535 3489 1568 3526 a
1621 3476 1828 3526 senatu

182 3568 453 3624 electum.
511 3565 710 3621 Tradit
767 3569 1045 3636 praeterea
1121 3563 1277 3618 idem
1339 3561 1592 3631 scriptor
1649 3559 1828 3614 Probo

183 3655 422 3712 militari
452 3655 708 3726 quodam
740 3669 1031 3709 consensu
1065 3652 1124 3706 in
1175 3651 1590 3722 imperatorem
1641 3647 1828 3702 accla-

185 3752 356 3813 mato,
406 3747 624 3816 factum
661 3759 1009 3812 concursum,
1056 3749 1106 3796 et
1153 3741 1492 3809 eespititium
1542 3737 1827 3804 Tribunal,

182 3835 634 3908 appellatumque
674 3834 1086 3904 imperatorem,
1145 3833 1309 3900 atque
1355 3831 1612 3883 ornatum
1653 3826 1829 3897 pallio

176 3939 479 3997 purpureo,
510 3922 649 3994 quod
680 3922 746 3976 de
789 3927 978 3976 statua
1006 3919 1204 3991 templi
1257 3917 1504 3973 ablatum
1543 3925 1638 3984 est,
1670 3924 1832 3985 atque

186 4015 306 4071 inde
334 4014 418 4069 ad
452 4012 734 4067 Palatium
756 4009 1062 4065 reductum.
1101 4012 1167 4064 Et
1198 4005 1555 4074 Lactantius,
1589 4005 1650 4058 in
1682 4003 1831 4059 libro

184 4104 254 4160 Ds
296 4102 575 4158 mortibus
613 4104 1027 4171 persecutorum
1074 4114 1134 4153 n.
1202 4097 1292 4162 32,
1352 4096 1423 4150 de
1475 4092 1826 4149 Maximino:

189 4195 378 4248 Victus
425 4191 799 4258 contumacia,
831 4187 976 4243 tollit
1033 4186 1344 4243 Caesareum
1401 4198 1616 4252 nomen,
1673 4190 1724 4238 et
1777 4196 1834 4236 se

192 4281 572 4351 Liciniumque
599 4277 872 4348 Augustos
912 4276 1176 4348 appellat,
1211 4273 1554 4329 Maxentium
1592 4276 1642 4326 et
1695 4271 1832 4326 Con-

190 4371 451 4427 stantium
483 4366 642 4439 ﬁlios
683 4369 1044 4438 Augustorum
1075 4363 1156 4435 (id
1197 4367 1288 4419 est
1344 4363 1620 4430 Casares)
1649 4359 1836 4415 Maxi-

190 4461 369 4515 minus
395 4456 741 4530 postmodum
769 4455 962 4510 scribit
1006 4454 1168 4525 quasi
1209 4454 1492 4519 nuntiaus,
1525 4451 1586 4505 in
1638 4447 1836 4519 Campo

1940 3281 2218 3337 llebdomi
2253 3281 2468 3335 servari
2511 3279 2986 3353 appellationem.
3025 3283 3185 3347 Quod
3235 3298 3377 3337 sane
3425 3281 3576 3336 acci-

1936 3370 2042 3435 dit,
2093 3369 2612 3441 quemadmodum,
2669 3373 2733 3423 ut
2786 3369 3114 3441 attigimus,
3168 3374 3452 3442 Campum
3505 3369 3577 3424 ad

1938 3458 2174 3513 Lutetiae
2226 3456 2441 3512 maenis
2489 3472 2690 3512 versus
2737 3459 3224 3529 Septentrionem,
3255 3458 3578 3530 Sandiony-

1937 3547 2171 3600 sianum
2201 3545 2376 3616 vulgo
2405 3545 2880 3616 appellamus,ab
2904 3547 3118 3618 oppido
3140 3551 3198 3602 et
3229 3546 3583 3602 monasterio

1936 3639 1992 3690 S.
2025 3635 2304 3707 Dionysii,
2337 3639 2590 3706 quatuor
2645 3635 2994 3692 milliaribus
3045 3636 3117 3691 ab
3165 3637 3307 3692 urbe
3351 3636 3582 3692 dissito.

1939 3722 2082 3779 Vere
2113 3723 2266 3778 enim
2299 3723 2414 3779 dici
2448 3727 2638 3796 potest
2668 3729 2893 3796 partem
2940 3725 3113 3780 istius
3164 3725 3312 3797 agri,
3346 3723 3589 3797 prolatis

1939 3813 2189 3868 subinde
2220 3812 2473 3869 civitatis
2507 3813 2827 3884 pomoeriis,
2853 3830 2980 3869 esse
3011 3814 3166 3870 intra
3203 3815 3394 3886 ipsam
3434 3813 3586 3869 Pari-

1940 3901 2162 3956 siorum
2198 3901 2507 3966 urbem,ut
2529 3918 2665 3974 pars
2693 3902 3074 3958 Hebdomiani
3100 3904 3244 3975 agri,
3269 3903 3368 3974 qui
3401 3919 3589 3974 usque

1941 3991 2012 4046 ad
2033 3994 2202 4045 vetus
2223 3990 2560 4061 Bysantium
2576 3991 3302 4064 protendebatur,prolatis
3326 3993 3588 4063 paritera

1939 4078 2323 4136 Constantino
2356 4079 2847 4151 pommriis,intra
2869 4096 3080 4135 novam
3123 4082 3330 4136 urbem
3359 4081 3589 4136 inclusa

1942 4171 2031 4224 est
2090 4185 2102 4223 :
2155 4167 2308 4238 quod
2361 4167 2603 4238 quidem
2664 4168 2904 4239 planum
2970 4169 3088 4240 ﬁet,
3147 4169 3390 4242 prolatis
3445 4168 3588 4226 scri-

1943 4261 2175 4330 ptorum
2207 4255 2766 4323 auctoritatibus,ne
2787 4258 2974 4329 gratis
2994 4257 3050 4312 id
3076 4258 3316 4330 proferri
3339 4258 3586 4314 dicatur.

2016 4363 2104 4419 XI.
2137 4361 2521 4434 Theophanes
2589 4379 2741 4418 anno
2785 4364 2820 4417 5
2857 4363 3222 4420 Constantini
3294 4362 3593 4436 Pogonati,

1947 4467 2119 4524 quem
2155 4450 2526 4506 laudavimus
2557 4450 2614 4505 in
2652 4455 2856 4506 nostra
2878 4451 3372 4522 Constantinopoli;
3389 4448 3596 4505 scribit

192 4549 380 4605 Martio
409 4545 664 4620 proxime
710 4544 978 4602 celebrato
1009 4544 1313 4614 Augustum
1365 4555 1422 4595 se
1477 4539 1543 4594 ab
1592 4539 1840 4594 exercitu
1876 4612 1910 4620 ﬁ
1949 4545 2267 4595 Saracenos
2315 4539 2375 4594 in
2405 4539 2716 4595 Thracicas
2767 4543 2962 4611 partes
3011 4538 3333 4610 appulisse,
3366 4539 3598 4592 urbem-

192 4612 590 4709 nuncupatum.
656 4633 822 4690 Mitto
882 4649 1010 4705 quae
1067 4612 1140 4686 de
1203 4628 1421 4686 Juliani
1490 4629 1550 4682 in
1626 4631 1841 4699 Campo
1876 4612 1919 4675 Ι)
1952 4643 2067 4699 que
2125 4627 2427 4682 obsedisse
2482 4628 2556 4682 ab
2605 4625 2947 4682 occidentali
2999 4626 3398 4698 promontorio
3447 4625 3596 4680 Heb-

196 4735 246 4783 et
271 4727 330 4783 in
361 4722 667 4780 Tribunali
715 4722 773 4778 in
823 4721 1014 4778 Gallia
1053 4719 1402 4775 Ammianus
1444 4716 1843 4784 Marcellinus,

198 4822 251 4873 et
277 4817 347 4873 de
376 4814 641 4870 Gratiani
672 4814 828 4886 apud
859 4814 1154 4868 Ambianos
1199 4813 1258 4866 in
1308 4810 1614 4876 Tribunali,
1648 4814 1706 4864 et
1733 4808 1846 4863 Va-

199 4905 477 4962 entiniani
507 4903 772 4960 Junioris
801 4906 870 4958 ab
899 4903 1148 4958 exercitu
1178 4900 1236 4955 in
1269 4900 1554 4955 Tribunali
1603 4901 1666 4954 in
1711 4900 1846 4953 civi-

198 5003 299 5052 tate
329 4996 553 5059 Acinco,
589 4992 1061 5065 inauguratione,
1119 4989 1364 5058 Idalius,
1416 4989 1718 5054 scribunt;
1748 4987 1848 5042 ubi

204 5085 483 5140 duntaxat
511 5082 820 5138 observare
853 5081 1042 5150 liceat,
1077 5077 1361 5134 Tribunal
1393 5077 1508 5132 dici
1549 5077 1731 5131 fuisse
1792 5075 1849 5130 in

204 5172 449 5240 civitate,
499 5171 737 5227 tametsi
811 5186 931 5225 rem
993 5172 1182 5224 actam
1235 5167 1294 5222 in
1355 5169 1592 5238 Campo,
1655 5163 1848 5236 proxi-

209 5277 364 5317 mum
414 5276 550 5316 vero
602 5259 701 5330 sit,
736 5257 1061 5314 secundum
1111 5259 1407 5327 receptum
1464 5270 1704 5310 morem.
1739 5251 1850 5307 Sed

211 5351 261 5402 et
287 5351 567 5420 Campum
599 5352 658 5402 et
685 5345 966 5401 Tribunal
998 5343 1175 5400 etiam
1222 5347 1416 5398 Romae
1469 5343 1622 5397 idem
1674 5340 1854 5396 fuisse

217 5434 401 5492 ﬁrmat
458 5435 863 5508 Theophanes,
904 5433 1005 5490 ubi
1073 5433 1145 5488 de
1200 5431 1539 5488 Constantio
1607 5428 1854 5486 solemni

224 5537 423 5597 pompa
454 5525 656 5581 urbem
691 5525 958 5596 ingresso
993 5539 1006 5579 :
1041 5517 1306 5590 Ἐξελθὼν
1341 5515 1398 5573 δὲ
1429 5517 1478 5572 ἐν
1510 5521 1590 5590 τῷ
1643 5510 1858 5592 τρίϐου·

229 5607 386 5683 ναλίῳ
439 5614 677 5687 Κάμπῳ,
735 5612 825 5667 καὶ
901 5611 1028 5672 στὰς
1087 5607 1170 5684 ἐφ’
1227 5606 1418 5683 ὕψους,
1480 5607 1858 5682 συμπαρόντος

237 5697 368 5772 αὖτῷ
392 5705 484 5757 τοῦ
512 5699 900 5780 στρατοπέδου,
931 5696 1290 5774 ἐδημηγόρει,
1327 5700 1379 5755 id
1413 5703 1503 5755 est
1531 5699 1590 5753 in
1639 5699 1857 5769 Campo

1955 4716 2163 4783 domi,
2245 4731 2347 4770 seu
2443 4718 2801 4787 Magnaura,
2879 4731 3068 4787 usque
3148 4716 3218 4770 ad
3322 4713 3603 4770 orientale

1958 4803 2462 4877 promontorium,
2521 4803 2677 4875 quod
2752 4802 3084 4874 Cyclobium
3151 4807 3378 4858 vocant.
3437 4799 3601 4858 Illius

1957 4893 2133 4948 verba
2215 4896 2354 4947 sunt
2435 4892 2851 4964 expendenda,
2908 4892 3061 4962 quod
3146 4891 3602 4948 controversiam

1958 4997 2193 5038 omnem
2245 4981 2528 5035 dirimunt
2580 4997 2592 5035 :
2636 4977 2830 5050 Τούτῳ
2903 4984 2982 5051 τῷ
3036 4974 3139 5033 ἔτει
3189 4981 3216 5033 ὁ
3275 4977 3603 5053 προλεχθιὶς

1958 5074 2066 5123 τῶν
2141 5069 2431 5143 θεομάχων
2509 5066 2708 5129 στόλος
2783 5063 2982 5130 ἀναϐὰς
3067 5069 3468 5143 προσώρμησεν
3550 5067 3604 5121 ἓν

1960 5163 2076 5219 τοῖς
2126 5157 2405 5231 Θρᾳκῴοις
2457 5155 2668 5231 μέρεσιν
2717 5156 2822 5210 ἀπὸ
2872 5163 2973 5226 τῆς
3015 5157 3150 5232 πρὸς
3188 5155 3335 5212 δύσιν
3369 5155 3603 5229 ἀκρότη-

1960 5267 2052 5308 τος
2099 5251 2195 5300 τοῦ
2242 5241 2538 5320 Ἑϐδόμου,
2590 5245 2713 5315 ἤτοι
2760 5253 2861 5315 τῆς
2912 5248 3213 5322 Αεγομὲνης
3264 5244 3607 5320 Μαγναῦρας,

1967 5334 2132 5411 μὲχρι
2195 5333 2359 5390 πάλιν
2434 5339 2536 5388 τοῦ
2593 5336 2729 5410 πρὸς
2791 5333 3060 5404 ἀνατολὴν
3115 5335 3462 5411 ἀκρωτηρίου
3512 5334 3611 5387 τοῦ

1967 5423 2268 5500 λεγομένου
2299 5419 2630 5480 Kent/tomos.
2661 5424 2802 5478 Κατὰ
2845 5430 3015 5479 πᾶσαν
3060 5425 3160 5494 τὴν
3216 5425 3425 5500 ήμὲραν
3473 5442 3610 5496 συμ-

1967 5509 2111 5583 ϐολή
2169 5512 2421 5587 πολέμου
2482 5512 2754 5588 ἐκροτεῖτο
2808 5514 2911 5567 ἀπὸ
2982 5516 3130 5588 πρωῒ
3185 5511 3287 5576 ἕως
3366 5511 3614 5587 ἑσπέρας,

1969 5602 2075 5657 ἀπὸ
2157 5601 2488 5679 βραχιολίου
2561 5606 2659 5668 τῆς
2736 5609 2956 5678 Χρυσῆς
3028 5602 3235 5678 πόρτης
3297 5601 3464 5678 μέχρι
3519 5604 3618 5656 τοῦ

1968 5687 2278 5747 Κυγλοϐίου
2337 5691 2556 5753 ἑαυτοὺς
2611 5691 2896 5756 ὠθοῦντες,
2955 5692 3043 5746 καὶ
3105 5690 3426 5766 ὠθούμενοι.
3481 5695 3616 5760 Qua
