  <div class='ocr_page' id='page_1' title='image "/cluster/home/n/w/nwhite01/storage/ocr_20150623/135/hvd.32044073502528/205.png"; bbox 0 0 4028 6202; ppageno 0'>
   <div class='ocr_carea' id='block_1_1' title="bbox 399 354 519 426">
    <p class='ocr_par' dir='ltr' id='par_1_1' title="bbox 399 354 519 426">
     <span class='ocr_line' id='line_1_1' title="bbox 399 354 519 426; baseline 0 0"><span class='ocrx_word' id='word_1_1' title='bbox 399 354 519 426; x_wconf 67' lang='lat'><strong><em>3&#39;99</em></strong></span> 
     </span>
    </p>
   </div>
   <div class='ocr_carea' id='block_1_2' title="bbox 1552 348 2675 432">
    <p class='ocr_par' dir='ltr' id='par_1_2' title="bbox 1552 348 2675 432">
     <span class='ocr_line' id='line_1_2' title="bbox 1552 348 2675 432; baseline -0.011 -10"><span class='ocrx_word' id='word_1_2' title='bbox 1552 354 2024 432; x_wconf 85' lang='lat' dir='ltr'><strong><em>DlSQUlSlTIO</em></strong></span> <span class='ocrx_word' id='word_1_3' title='bbox 2065 348 2675 413; x_wconf 78' lang='lat' dir='ltr'><strong><em>TOPOGRAPHICA</em></strong></span> 
     </span>
    </p>
   </div>
   <div class='ocr_carea' id='block_1_3' title="bbox 3770 43 3969 119">
    <p class='ocr_par' dir='ltr' id='par_1_3' title="bbox 3770 43 3969 119">
     <span class='ocr_line' id='line_1_3' title="bbox 3770 43 3969 119; baseline -0.01 -9"><span class='ocrx_word' id='word_1_4' title='bbox 3770 43 3969 119; x_wconf 57' lang='grc' dir='ltr'>Ἦ</span> 
     </span>
    </p>
   </div>
   <div class='ocr_carea' id='block_1_4' title="bbox 3650 366 3752 430">
    <p class='ocr_par' dir='ltr' id='par_1_4' title="bbox 3650 366 3752 430">
     <span class='ocr_line' id='line_1_4' title="bbox 3650 366 3752 430; baseline 0.069 -7"><span class='ocrx_word' id='word_1_5' title='bbox 3650 366 3752 430; x_wconf 72' lang='grc'><strong><em>400</em></strong></span> 
     </span>
    </p>
   </div>
   <div class='ocr_carea' id='block_1_5' title="bbox 406 485 3749 574">
    <p class='ocr_par' dir='ltr' id='par_1_5' title="bbox 406 485 3749 574">
     <span class='ocr_line' id='line_1_5' title="bbox 406 485 3749 574; baseline -0.001 -16"><span class='ocrx_word' id='word_1_6' title='bbox 406 500 645 574; x_wconf 79' lang='lat' dir='ltr'><strong><em>quidem</em></strong></span> <span class='ocrx_word' id='word_1_7' title='bbox 693 499 776 556; x_wconf 90' lang='lat' dir='ltr'><strong><em>ita</em></strong></span> <span class='ocrx_word' id='word_1_8' title='bbox 813 498 1067 556; x_wconf 82' lang='lat' dir='ltr'><strong><em>reddidit</em></strong></span> <span class='ocrx_word' id='word_1_9' title='bbox 1094 503 1298 555; x_wconf 90' lang='lat' dir='ltr'><strong><em>auctor</em></strong></span> <span class='ocrx_word' id='word_1_10' title='bbox 1336 496 1608 554; x_wconf 67' lang='lat' dir='ltr'><strong><em>Miscellas</em></strong></span> <span class='ocrx_word' id='word_1_11' title='bbox 1643 515 1657 553; x_wconf 87' lang='lat'><strong>:</strong></span> <span class='ocrx_word' id='word_1_12' title='bbox 1691 497 1843 551; x_wconf 84' lang='lat' dir='ltr'><strong><em>Anno</em></strong></span> <span class='ocrx_word' id='word_1_13' title='bbox 1873 492 1909 547; x_wconf 87' lang='lat'>5</span> <span class='ocrx_word' id='word_1_14' title='bbox 1940 493 2045 547; x_wconf 91' lang='lat' dir='ltr'><strong><em>im-</em></strong></span> <span class='ocrx_word' id='word_1_15' title='bbox 2081 490 2131 556; x_wconf 78' lang='grc' dir='ltr'><strong>Α</strong></span> <span class='ocrx_word' id='word_1_16' title='bbox 2162 487 2343 544; x_wconf 82' lang='lat' dir='ltr'>bilius</span> <span class='ocrx_word' id='word_1_17' title='bbox 2393 487 2618 553; x_wconf 75' lang='lat' dir='ltr'><strong><em>afferat,</em></strong></span> <span class='ocrx_word' id='word_1_18' title='bbox 2655 489 2719 541; x_wconf 89' lang='lat' dir='ltr'><strong><em>ut</em></strong></span> <span class='ocrx_word' id='word_1_19' title='bbox 2773 501 2908 541; x_wconf 90' lang='lat' dir='ltr'><strong><em>eum</em></strong></span> <span class='ocrx_word' id='word_1_20' title='bbox 2961 488 3176 542; x_wconf 80' lang='lat' dir='ltr'><strong><em>Seneca</em></strong></span> <span class='ocrx_word' id='word_1_21' title='bbox 3232 485 3444 559; x_wconf 87' lang='lat' dir='ltr'><strong><em>loquar,</em></strong></span> <span class='ocrx_word' id='word_1_22' title='bbox 3488 496 3600 552; x_wconf 87' lang='lat' dir='ltr'><strong><em>tum</em></strong></span> <span class='ocrx_word' id='word_1_23' title='bbox 3653 516 3749 559; x_wconf 89' lang='lat' dir='ltr'><strong><em>non</em></strong></span> 
     </span>
    </p>
   </div>
   <div class='ocr_carea' id='block_1_6' title="bbox 407 582 2060 665">
    <p class='ocr_par' dir='ltr' id='par_1_6' title="bbox 407 582 2060 665">
     <span class='ocr_line' id='line_1_6' title="bbox 407 582 2060 665; baseline -0.008 -17"><span class='ocrx_word' id='word_1_24' title='bbox 407 593 556 665; x_wconf 85' lang='lat' dir='ltr'><strong><em>perii</em></strong></span> <span class='ocrx_word' id='word_1_25' title='bbox 611 588 982 654; x_wconf 73' lang='lat' dir='ltr'><strong><em>Constantini,</em></strong></span> <span class='ocrx_word' id='word_1_26' title='bbox 1034 589 1339 660; x_wconf 69' lang='lat' dir='ltr'><strong><em>praedictus</em></strong></span> <span class='ocrx_word' id='word_1_27' title='bbox 1392 592 1565 643; x_wconf 88' lang='lat' dir='ltr'><strong><em>Deum</em></strong></span> <span class='ocrx_word' id='word_1_28' title='bbox 1611 582 2060 656; x_wconf 81' lang='lat' dir='ltr'><strong><em>impugnantium</em></strong></span> 
     </span>
    </p>
   </div>
   <div class='ocr_carea' id='block_1_7' title="bbox 408 669 2057 749">
    <p class='ocr_par' dir='ltr' id='par_1_7' title="bbox 408 669 2057 749">
     <span class='ocr_line' id='line_1_7' title="bbox 408 669 2057 749; baseline -0.008 -13"><span class='ocrx_word' id='word_1_29' title='bbox 408 682 577 736; x_wconf 84' lang='lat' dir='ltr'><strong><em>status</em></strong></span> <span class='ocrx_word' id='word_1_30' title='bbox 606 680 901 736; x_wconf 82' lang='lat' dir='ltr'><strong><em>ascendens</em></strong></span> <span class='ocrx_word' id='word_1_31' title='bbox 932 678 1231 749; x_wconf 84' lang='lat' dir='ltr'><strong><em>applicavit</em></strong></span> <span class='ocrx_word' id='word_1_32' title='bbox 1260 680 1321 733; x_wconf 85' lang='lat' dir='ltr'><strong><em>in</em></strong></span> <span class='ocrx_word' id='word_1_33' title='bbox 1362 674 1757 731; x_wconf 70' lang='lat' dir='ltr'><strong><em>Thracensibus</em></strong></span> <span class='ocrx_word' id='word_1_34' title='bbox 1785 669 2057 745; x_wconf 85' lang='lat' dir='ltr'><strong><em>partibus,</em></strong></span> 
     </span>
    </p>
   </div>
   <div class='ocr_carea' id='block_1_8' title="bbox 407 759 2062 837">
    <p class='ocr_par' dir='ltr' id='par_1_8' title="bbox 407 759 2062 837">
     <span class='ocr_line' id='line_1_8' title="bbox 407 759 2062 837; baseline -0.007 -12"><span class='ocrx_word' id='word_1_35' title='bbox 407 787 444 826; x_wconf 83' lang='grc' dir='ltr'><em>α</em></span> <span class='ocrx_word' id='word_1_36' title='bbox 483 770 803 825; x_wconf 84' lang='lat' dir='ltr'><strong><em>summitate</em></strong></span> <span class='ocrx_word' id='word_1_37' title='bbox 830 767 1087 822; x_wconf 86' lang='lat' dir='ltr'><strong><em>videlicet</em></strong></span> <span class='ocrx_word' id='word_1_38' title='bbox 1108 766 1349 837; x_wconf 84' lang='lat' dir='ltr'><strong><em>septimi,</em></strong></span> <span class='ocrx_word' id='word_1_39' title='bbox 1370 781 1490 835; x_wconf 71' lang='lat' dir='ltr'><strong><em>quae</em></strong></span> <span class='ocrx_word' id='word_1_40' title='bbox 1515 765 1692 835; x_wconf 90' lang='lat' dir='ltr'><strong><em>vergit</em></strong></span> <span class='ocrx_word' id='word_1_41' title='bbox 1720 764 1793 818; x_wconf 82' lang='lat' dir='ltr'><strong><em>ad</em></strong></span> <span class='ocrx_word' id='word_1_42' title='bbox 1809 759 2062 818; x_wconf 81' lang='lat' dir='ltr'><strong><em>Occiden-</em></strong></span> 
     </span>
    </p>
   </div>
   <div class='ocr_carea' id='block_1_9' title="bbox 411 852 2059 929">
    <p class='ocr_par' dir='ltr' id='par_1_9' title="bbox 411 852 2059 929">
     <span class='ocr_line' id='line_1_9' title="bbox 411 852 2059 929; baseline -0.008 -15"><span class='ocrx_word' id='word_1_43' title='bbox 411 863 537 929; x_wconf 85' lang='lat' dir='ltr'><strong><em>tem,</em></strong></span> <span class='ocrx_word' id='word_1_44' title='bbox 574 856 631 912; x_wconf 86' lang='lat' dir='ltr'><strong><em>id</em></strong></span> <span class='ocrx_word' id='word_1_45' title='bbox 658 867 740 912; x_wconf 85' lang='lat' dir='ltr'><strong><em>est</em></strong></span> <span class='ocrx_word' id='word_1_46' title='bbox 768 874 801 910; x_wconf 88' lang='lat' dir='ltr'><strong><em>a</em></strong></span> <span class='ocrx_word' id='word_1_47' title='bbox 830 855 987 912; x_wconf 89' lang='lat' dir='ltr'><strong><em>domo</em></strong></span> <span class='ocrx_word' id='word_1_48' title='bbox 1016 870 1136 926; x_wconf 57' lang='lat' dir='ltr'><strong><em>qua</em></strong></span> <span class='ocrx_word' id='word_1_49' title='bbox 1167 859 1474 924; x_wconf 83' lang='lat' dir='ltr'><strong><em>Magnaura</em></strong></span> <span class='ocrx_word' id='word_1_50' title='bbox 1506 854 1732 914; x_wconf 87' lang='lat' dir='ltr'><strong><em>dicitur,</em></strong></span> <span class='ocrx_word' id='word_1_51' title='bbox 1765 852 1818 906; x_wconf 84' lang='lat' dir='ltr'><strong><em>et</em></strong></span> <span class='ocrx_word' id='word_1_52' title='bbox 1870 863 2059 904; x_wconf 78' lang='lat' dir='ltr'><strong><em>rursus</em></strong></span> 
     </span>
    </p>
   </div>
   <div class='ocr_carea' id='block_1_10' title="bbox 410 942 2061 1017">
    <p class='ocr_par' dir='ltr' id='par_1_10' title="bbox 410 942 2061 1017">
     <span class='ocr_line' id='line_1_10' title="bbox 410 942 2061 1017; baseline -0.007 -15"><span class='ocrx_word' id='word_1_53' title='bbox 410 962 581 1017; x_wconf 87' lang='lat' dir='ltr'><strong><em>usque</em></strong></span> <span class='ocrx_word' id='word_1_54' title='bbox 621 945 693 1001; x_wconf 81' lang='lat' dir='ltr'><strong><em>ad</em></strong></span> <span class='ocrx_word' id='word_1_55' title='bbox 735 961 947 1015; x_wconf 83' lang='lat' dir='ltr'><strong><em>arcem,</em></strong></span> <span class='ocrx_word' id='word_1_56' title='bbox 1006 960 1172 1015; x_wconf 85' lang='lat' dir='ltr'><strong><em>quam</em></strong></span> <span class='ocrx_word' id='word_1_57' title='bbox 1220 942 1538 1013; x_wconf 85' lang='lat' dir='ltr'><strong><em>Cyclobium</em></strong></span> <span class='ocrx_word' id='word_1_58' title='bbox 1588 942 1800 1009; x_wconf 87' lang='lat' dir='ltr'><strong><em>dicunt,</em></strong></span> <span class='ocrx_word' id='word_1_59' title='bbox 1832 951 2061 1009; x_wconf 64' lang='lat' dir='ltr'><strong><em>quaeque</em></strong></span> 
     </span>
    </p>
   </div>
   <div class='ocr_carea' id='block_1_11' title="bbox 408 1029 2057 1109">
    <p class='ocr_par' dir='ltr' id='par_1_11' title="bbox 408 1029 2057 1109">
     <span class='ocr_line' id='line_1_11' title="bbox 408 1029 2057 1109; baseline -0.007 -17"><span class='ocrx_word' id='word_1_60' title='bbox 408 1040 615 1109; x_wconf 88' lang='lat' dir='ltr'><strong><em>spectat</em></strong></span> <span class='ocrx_word' id='word_1_61' title='bbox 668 1036 744 1091; x_wconf 82' lang='lat' dir='ltr'><strong><em>ad</em></strong></span> <span class='ocrx_word' id='word_1_62' title='bbox 795 1034 1093 1090; x_wconf 79' lang='lat' dir='ltr'><strong><em>Orientem.</em></strong></span> <span class='ocrx_word' id='word_1_63' title='bbox 1126 1033 1232 1088; x_wconf 88' lang='lat' dir='ltr'><strong><em>Per</em></strong></span> <span class='ocrx_word' id='word_1_64' title='bbox 1286 1036 1465 1087; x_wconf 85' lang='lat' dir='ltr'><strong><em>totum</em></strong></span> <span class='ocrx_word' id='word_1_65' title='bbox 1509 1033 1694 1102; x_wconf 80' lang='lat' dir='ltr'><strong><em>itaque</em></strong></span> <span class='ocrx_word' id='word_1_66' title='bbox 1737 1029 1883 1083; x_wconf 81' lang='lat' dir='ltr'><strong><em>diem</em></strong></span> <span class='ocrx_word' id='word_1_67' title='bbox 1928 1041 2057 1083; x_wconf 84' lang='lat' dir='ltr'><strong><em>con-</em></strong></span> 
     </span>
    </p>
   </div>
   <div class='ocr_carea' id='block_1_12' title="bbox 405 1115 2060 1199">
    <p class='ocr_par' dir='ltr' id='par_1_12' title="bbox 405 1115 2060 1199">
     <span class='ocr_line' id='line_1_12' title="bbox 405 1115 2060 1199; baseline -0.008 -17"><span class='ocrx_word' id='word_1_68' title='bbox 405 1127 609 1199; x_wconf 78' lang='lat' dir='ltr'><strong><em>gressio</em></strong></span> <span class='ocrx_word' id='word_1_69' title='bbox 666 1125 798 1180; x_wconf 88' lang='lat' dir='ltr'><strong><em>belli</em></strong></span> <span class='ocrx_word' id='word_1_70' title='bbox 842 1124 1149 1188; x_wconf 81' lang='lat' dir='ltr'><strong><em>tenebatur,</em></strong></span> <span class='ocrx_word' id='word_1_71' title='bbox 1184 1122 1242 1177; x_wconf 85' lang='lat' dir='ltr'><strong><em>id</em></strong></span> <span class='ocrx_word' id='word_1_72' title='bbox 1288 1124 1366 1177; x_wconf 88' lang='lat' dir='ltr'><strong><em>est</em></strong></span> <span class='ocrx_word' id='word_1_73' title='bbox 1415 1138 1450 1176; x_wconf 87' lang='grc' dir='ltr'><em>α</em></span> <span class='ocrx_word' id='word_1_74' title='bbox 1485 1135 1649 1175; x_wconf 85' lang='lat' dir='ltr'><strong><em>mane</em></strong></span> <span class='ocrx_word' id='word_1_75' title='bbox 1677 1133 1848 1190; x_wconf 87' lang='lat' dir='ltr'><strong><em>usque</em></strong></span> <span class='ocrx_word' id='word_1_76' title='bbox 1877 1115 1945 1171; x_wconf 86' lang='lat' dir='ltr'><strong><em>ad</em></strong></span> <span class='ocrx_word' id='word_1_77' title='bbox 1977 1132 2060 1170; x_wconf 83' lang='lat' dir='ltr'><strong><em>ve-</em></strong></span> 
     </span>
    </p>
   </div>
   <div class='ocr_carea' id='block_1_13' title="bbox 406 1205 2058 1288">
    <p class='ocr_par' dir='ltr' id='par_1_13' title="bbox 406 1205 2058 1288">
     <span class='ocr_line' id='line_1_13' title="bbox 406 1205 2058 1288; baseline -0.008 -16"><span class='ocrx_word' id='word_1_78' title='bbox 406 1230 646 1288; x_wconf 83' lang='lat' dir='ltr'><strong><em>speram,</em></strong></span> <span class='ocrx_word' id='word_1_79' title='bbox 677 1231 710 1268; x_wconf 86' lang='grc' dir='ltr'><strong><em>ιι</em></strong></span> <span class='ocrx_word' id='word_1_80' title='bbox 738 1212 1040 1267; x_wconf 83' lang='lat' dir='ltr'><strong><em>brachialio</em></strong></span> <span class='ocrx_word' id='word_1_81' title='bbox 1070 1212 1266 1267; x_wconf 74' lang='lat' dir='ltr'><strong><em>Aureae</em></strong></span> <span class='ocrx_word' id='word_1_82' title='bbox 1296 1212 1471 1282; x_wconf 70' lang='lat' dir='ltr'><strong><em>portae</em></strong></span> <span class='ocrx_word' id='word_1_83' title='bbox 1518 1224 1683 1281; x_wconf 85' lang='lat' dir='ltr'><strong><em>usque</em></strong></span> <span class='ocrx_word' id='word_1_84' title='bbox 1727 1205 2058 1279; x_wconf 84' lang='lat' dir='ltr'><strong><em>Cyclobiam,</em></strong></span> 
     </span>
    </p>
   </div>
   <div class='ocr_carea' id='block_1_14' title="bbox 406 1293 2059 1373">
    <p class='ocr_par' dir='ltr' id='par_1_14' title="bbox 406 1293 2059 1373">
     <span class='ocr_line' id='line_1_14' title="bbox 406 1293 2059 1373; baseline -0.007 -13"><span class='ocrx_word' id='word_1_85' title='bbox 406 1306 643 1361; x_wconf 84' lang='lat' dir='ltr'><strong><em>invicem</em></strong></span> <span class='ocrx_word' id='word_1_86' title='bbox 671 1311 907 1373; x_wconf 85' lang='lat' dir='ltr'><strong><em>utraque</em></strong></span> <span class='ocrx_word' id='word_1_87' title='bbox 929 1308 1095 1373; x_wconf 84' lang='lat' dir='ltr'><strong><em>parte</em></strong></span> <span class='ocrx_word' id='word_1_88' title='bbox 1123 1300 1189 1355; x_wconf 89' lang='lat' dir='ltr'><strong><em>in</em></strong></span> <span class='ocrx_word' id='word_1_89' title='bbox 1223 1314 1333 1355; x_wconf 85' lang='lat' dir='ltr'><strong><em>uno</em></strong></span> <span class='ocrx_word' id='word_1_90' title='bbox 1353 1296 1583 1369; x_wconf 88' lang='lat' dir='ltr'><strong><em>pulvere</em></strong></span> <span class='ocrx_word' id='word_1_91' title='bbox 1602 1294 1938 1368; x_wconf 84' lang='lat' dir='ltr'><strong><em>impellente.</em></strong></span> <span class='ocrx_word' id='word_1_92' title='bbox 1962 1293 2059 1348; x_wconf 90' lang='lat' dir='ltr'><strong><em>Ce-</em></strong></span> 
     </span>
    </p>
   </div>
   <div class='ocr_carea' id='block_1_15' title="bbox 410 1379 2059 1462">
    <p class='ocr_par' dir='ltr' id='par_1_15' title="bbox 410 1379 2059 1462">
     <span class='ocr_line' id='line_1_15' title="bbox 410 1379 2059 1462; baseline -0.009 -13"><span class='ocrx_word' id='word_1_93' title='bbox 410 1393 629 1449; x_wconf 90' lang='lat' dir='ltr'><strong><em>dreuus</em></strong></span> <span class='ocrx_word' id='word_1_94' title='bbox 676 1391 936 1462; x_wconf 90' lang='lat' dir='ltr'><strong><em>idipsnm</em></strong></span> <span class='ocrx_word' id='word_1_95' title='bbox 986 1404 1320 1444; x_wconf 87' lang='lat' dir='ltr'><strong><em>enarraus:</em></strong></span> <span class='ocrx_word' id='word_1_96' title='bbox 1371 1388 1489 1442; x_wconf 81' lang='grc' dir='ltr'>Τῶν</span> <span class='ocrx_word' id='word_1_97' title='bbox 1535 1385 1824 1459; x_wconf 81' lang='grc' dir='ltr'><strong><em>Θεομάχων</em></strong></span> <span class='ocrx_word' id='word_1_98' title='bbox 1865 1379 2059 1441; x_wconf 85' lang='grc' dir='ltr'><strong><em>στόλος</em></strong></span> 
     </span>
    </p>
   </div>
   <div class='ocr_carea' id='block_1_16' title="bbox 408 1469 2057 1553">
    <p class='ocr_par' dir='ltr' id='par_1_16' title="bbox 408 1469 2057 1553">
     <span class='ocr_line' id='line_1_16' title="bbox 408 1469 2057 1553; baseline -0.007 -18"><span class='ocrx_word' id='word_1_99' title='bbox 408 1477 581 1535; x_wconf 75' lang='grc' dir='ltr'>ἐλθὼν</span> <span class='ocrx_word' id='word_1_100' title='bbox 635 1478 1035 1553; x_wconf 82' lang='grc' dir='ltr'>προσώρμησεν</span> <span class='ocrx_word' id='word_1_101' title='bbox 1090 1473 1142 1529; x_wconf 76' lang='grc' dir='ltr'>ἐν</span> <span class='ocrx_word' id='word_1_102' title='bbox 1200 1480 1317 1537; x_wconf 85' lang='grc' dir='ltr'>τοῖς</span> <span class='ocrx_word' id='word_1_103' title='bbox 1369 1474 1651 1546; x_wconf 75' lang='grc' dir='ltr'>Θρᾳχῲιις</span> <span class='ocrx_word' id='word_1_104' title='bbox 1685 1471 1921 1547; x_wconf 73' lang='grc' dir='ltr'><strong><em>μὶρεσιν,</em></strong></span> <span class='ocrx_word' id='word_1_105' title='bbox 1951 1469 2057 1523; x_wconf 84' lang='grc' dir='ltr'>ἀπὸ</span> 
     </span>
    </p>
   </div>
   <div class='ocr_carea' id='block_1_17' title="bbox 407 1555 2058 1642">
    <p class='ocr_par' dir='ltr' id='par_1_17' title="bbox 407 1555 2058 1642">
     <span class='ocr_line' id='line_1_17' title="bbox 407 1555 2058 1642; baseline -0.006 -18"><span class='ocrx_word' id='word_1_106' title='bbox 407 1573 506 1624; x_wconf 75' lang='grc' dir='ltr'>τοῦ</span> <span class='ocrx_word' id='word_1_107' title='bbox 536 1562 810 1641; x_wconf 74' lang='grc' dir='ltr'>Ἑϐδόμου</span> <span class='ocrx_word' id='word_1_108' title='bbox 840 1566 1007 1642; x_wconf 72' lang='grc' dir='ltr'>μέχρι</span> <span class='ocrx_word' id='word_1_109' title='bbox 1056 1557 1392 1618; x_wconf 78' lang='grc' dir='ltr'>Κυκλοϐίου.</span> <span class='ocrx_word' id='word_1_110' title='bbox 1427 1564 1532 1620; x_wconf 85' lang='lat' dir='ltr'><strong><em>Ubi</em></strong></span> <span class='ocrx_word' id='word_1_111' title='bbox 1579 1555 1855 1633; x_wconf 74' lang='grc' dir='ltr'>Ἒϐδομον</span> <span class='ocrx_word' id='word_1_112' title='bbox 1903 1560 2058 1615; x_wconf 90' lang='lat' dir='ltr'><strong><em>nude</em></strong></span> 
     </span>
    </p>
   </div>
   <div class='ocr_carea' id='block_1_18' title="bbox 410 1648 2054 1731">
    <p class='ocr_par' dir='ltr' id='par_1_18' title="bbox 410 1648 2054 1731">
     <span class='ocr_line' id='line_1_18' title="bbox 410 1648 2054 1731; baseline -0.009 -15"><span class='ocrx_word' id='word_1_113' title='bbox 410 1662 599 1726; x_wconf 83' lang='lat' dir='ltr'><strong><em>vocat,</em></strong></span> <span class='ocrx_word' id='word_1_114' title='bbox 630 1657 787 1731; x_wconf 89' lang='lat' dir='ltr'><strong><em>quod</em></strong></span> <span class='ocrx_word' id='word_1_115' title='bbox 827 1655 1209 1728; x_wconf 81' lang='lat' dir='ltr'><strong><em>Theophanes</em></strong></span> <span class='ocrx_word' id='word_1_116' title='bbox 1242 1652 1705 1726; x_wconf 80' lang='lat' dir='ltr'><strong><em>promontorium</em></strong></span> <span class='ocrx_word' id='word_1_117' title='bbox 1754 1648 2054 1706; x_wconf 77' lang='lat' dir='ltr'><strong><em>ilebdomi.</em></strong></span> 
     </span>
    </p>
   </div>
   <div class='ocr_carea' id='block_1_19' title="bbox 410 1747 2057 1823">
    <p class='ocr_par' dir='ltr' id='par_1_19' title="bbox 410 1747 2057 1823">
     <span class='ocr_line' id='line_1_19' title="bbox 410 1747 2057 1823; baseline -0.007 -13"><span class='ocrx_word' id='word_1_118' title='bbox 410 1761 660 1813; x_wconf 82' lang='lat' dir='ltr'><strong><em>Zonaras</em></strong></span> <span class='ocrx_word' id='word_1_119' title='bbox 691 1754 897 1811; x_wconf 80' lang='lat' dir='ltr'><strong><em>iisdem</em></strong></span> <span class='ocrx_word' id='word_1_120' title='bbox 931 1753 1048 1808; x_wconf 85' lang='lat' dir='ltr'><strong><em>fere</em></strong></span> <span class='ocrx_word' id='word_1_121' title='bbox 1078 1751 1268 1817; x_wconf 81' lang='lat' dir='ltr'><strong><em>verbis</em></strong></span> <span class='ocrx_word' id='word_1_122' title='bbox 1300 1750 1516 1823; x_wconf 87' lang='lat' dir='ltr'><strong><em>quibus</em></strong></span> <span class='ocrx_word' id='word_1_123' title='bbox 1536 1747 1916 1821; x_wconf 83' lang='lat' dir='ltr'><strong><em>Theophanes</em></strong></span> <span class='ocrx_word' id='word_1_124' title='bbox 1934 1762 2057 1800; x_wconf 89' lang='lat' dir='ltr'><strong><em>rem</em></strong></span> 
     </span>
    </p>
   </div>
   <div class='ocr_carea' id='block_1_20' title="bbox 412 1832 2137 1925">
    <p class='ocr_par' dir='ltr' id='par_1_20' title="bbox 412 1832 2137 1925">
     <span class='ocr_line' id='line_1_20' title="bbox 412 1832 2137 1925; baseline -0.01 -23"><span class='ocrx_word' id='word_1_125' title='bbox 412 1851 727 1901; x_wconf 86' lang='lat' dir='ltr'><strong><em>recenset:</em></strong></span> <span class='ocrx_word' id='word_1_126' title='bbox 773 1841 903 1898; x_wconf 76' lang='grc' dir='ltr'><strong><em>Εἶτα</em></strong></span> <span class='ocrx_word' id='word_1_127' title='bbox 959 1837 1143 1912; x_wconf 84' lang='grc' dir='ltr'><strong><em>στόλῳ</em></strong></span> <span class='ocrx_word' id='word_1_128' title='bbox 1202 1837 1358 1914; x_wconf 78' lang='grc' dir='ltr'>βαρεῖ</span> <span class='ocrx_word' id='word_1_129' title='bbox 1415 1837 1532 1891; x_wconf 83' lang='grc' dir='ltr'><strong><em>κατ’</em></strong></span> <span class='ocrx_word' id='word_1_130' title='bbox 1589 1833 1757 1925; x_wconf 66' lang='grc' dir='ltr'>αὐτῆς</span> <span class='ocrx_word' id='word_1_131' title='bbox 1811 1832 2057 1902; x_wconf 82' lang='grc' dir='ltr'>ἀπῆλθον</span> <span class='ocrx_word' id='word_1_132' title='bbox 2088 1858 2137 1925; x_wconf 79' lang='grc' dir='ltr'><strong>Β</strong></span> 
     </span>
    </p>
   </div>
   <div class='ocr_carea' id='block_1_21' title="bbox 410 1924 2060 2009">
    <p class='ocr_par' dir='ltr' id='par_1_21' title="bbox 410 1924 2060 2009">
     <span class='ocr_line' id='line_1_21' title="bbox 410 1924 2060 2009; baseline -0.008 -20"><span class='ocrx_word' id='word_1_133' title='bbox 410 1939 511 2004; x_wconf 80' lang='grc' dir='ltr'>τῆς</span> <span class='ocrx_word' id='word_1_134' title='bbox 574 1927 856 2009; x_wconf 79' lang='grc' dir='ltr'><strong><em>βασιλίδος</em></strong></span> <span class='ocrx_word' id='word_1_135' title='bbox 926 1933 1034 1983; x_wconf 83' lang='grc' dir='ltr'>τῶν</span> <span class='ocrx_word' id='word_1_136' title='bbox 1104 1927 1347 1997; x_wconf 83' lang='grc' dir='ltr'>πόλεων,</span> <span class='ocrx_word' id='word_1_137' title='bbox 1407 1925 1497 1980; x_wconf 81' lang='grc' dir='ltr'>καὶ</span> <span class='ocrx_word' id='word_1_138' title='bbox 1569 1924 1906 1997; x_wconf 75' lang='grc' dir='ltr'>ναύσταθμον</span> <span class='ocrx_word' id='word_1_139' title='bbox 1963 1924 2060 1976; x_wconf 79' lang='grc' dir='ltr'>τοῦ</span> 
     </span>
    </p>
   </div>
   <div class='ocr_carea' id='block_1_22' title="bbox 413 2008 2056 2100">
    <p class='ocr_par' dir='ltr' id='par_1_22' title="bbox 413 2008 2056 2100">
     <span class='ocr_line' id='line_1_22' title="bbox 413 2008 2056 2100; baseline -0.007 -23"><span class='ocrx_word' id='word_1_140' title='bbox 413 2022 670 2100; x_wconf 67' lang='grc' dir='ltr'>σφετέρου</span> <span class='ocrx_word' id='word_1_141' title='bbox 747 2016 947 2074; x_wconf 80' lang='grc' dir='ltr'>στόλου</span> <span class='ocrx_word' id='word_1_142' title='bbox 1023 2014 1321 2086; x_wconf 74' lang='grc' dir='ltr'>πεποίηντο</span> <span class='ocrx_word' id='word_1_143' title='bbox 1394 2014 1500 2068; x_wconf 85' lang='grc' dir='ltr'>ἀπὸ</span> <span class='ocrx_word' id='word_1_144' title='bbox 1564 2016 1660 2068; x_wconf 78' lang='grc' dir='ltr'>τοῦ</span> <span class='ocrx_word' id='word_1_145' title='bbox 1716 2014 1851 2086; x_wconf 85' lang='grc' dir='ltr'>πρὸς</span> <span class='ocrx_word' id='word_1_146' title='bbox 1908 2008 2056 2065; x_wconf 78' lang='grc' dir='ltr'>δόσιν</span> 
     </span>
    </p>
   </div>
   <div class='ocr_carea' id='block_1_23' title="bbox 412 2098 2057 2185">
    <p class='ocr_par' dir='ltr' id='par_1_23' title="bbox 412 2098 2057 2185">
     <span class='ocr_line' id='line_1_23' title="bbox 412 2098 2057 2185; baseline -0.007 -21"><span class='ocrx_word' id='word_1_147' title='bbox 412 2098 781 2185; x_wconf 57' lang='grc' dir='ltr'>ἀπρωτηρίου,</span> <span class='ocrx_word' id='word_1_148' title='bbox 811 2110 909 2162; x_wconf 77' lang='grc' dir='ltr'>τοῦ</span> <span class='ocrx_word' id='word_1_149' title='bbox 967 2105 1102 2160; x_wconf 75' lang='grc' dir='ltr'>κατὰ</span> <span class='ocrx_word' id='word_1_150' title='bbox 1141 2099 1438 2176; x_wconf 73' lang='grc' dir='ltr'>Ἒϐδομον,</span> <span class='ocrx_word' id='word_1_151' title='bbox 1487 2102 1653 2176; x_wconf 71' lang='grc' dir='ltr'>μέχρι</span> <span class='ocrx_word' id='word_1_152' title='bbox 1699 2104 1795 2155; x_wconf 74' lang='grc' dir='ltr'>τοῦ</span> <span class='ocrx_word' id='word_1_153' title='bbox 1846 2098 2057 2154; x_wconf 83' lang='grc' dir='ltr'>Κυκλο-</span> 
     </span>
    </p>
   </div>
   <div class='ocr_carea' id='block_1_24' title="bbox 410 2191 2055 2270">
    <p class='ocr_par' dir='ltr' id='par_1_24' title="bbox 410 2191 2055 2270">
     <span class='ocr_line' id='line_1_24' title="bbox 410 2191 2055 2270; baseline -0.005 -17"><span class='ocrx_word' id='word_1_154' title='bbox 410 2195 554 2255; x_wconf 77' lang='grc' dir='ltr'>ϐιου.</span> <span class='ocrx_word' id='word_1_155' title='bbox 591 2198 699 2256; x_wconf 91' lang='lat' dir='ltr'><strong><em>Ubi</em></strong></span> <span class='ocrx_word' id='word_1_156' title='bbox 729 2198 980 2270; x_wconf 81' lang='lat' dir='ltr'><strong><em>scriptor</em></strong></span> <span class='ocrx_word' id='word_1_157' title='bbox 1010 2194 1373 2251; x_wconf 86' lang='lat' dir='ltr'><strong><em>Narrationis</em></strong></span> <span class='ocrx_word' id='word_1_158' title='bbox 1402 2193 1691 2249; x_wconf 72' lang='lat' dir='ltr'><strong><em>historicis</em></strong></span> <span class='ocrx_word' id='word_1_159' title='bbox 1721 2191 1779 2246; x_wconf 91' lang='lat' dir='ltr'><strong><em>in</em></strong></span> <span class='ocrx_word' id='word_1_160' title='bbox 1842 2193 2055 2246; x_wconf 87' lang='lat' dir='ltr'><strong><em>festum</em></strong></span> 
     </span>
    </p>
   </div>
   <div class='ocr_carea' id='block_1_25' title="bbox 407 2278 2056 2359">
    <p class='ocr_par' dir='ltr' id='par_1_25' title="bbox 407 2278 2056 2359">
     <span class='ocr_line' id='line_1_25' title="bbox 407 2278 2056 2359; baseline -0.007 -15"><span class='ocrx_word' id='word_1_161' title='bbox 407 2294 508 2359; x_wconf 79' lang='grc' dir='ltr'><strong><em>τῆς</em></strong></span> <span class='ocrx_word' id='word_1_162' title='bbox 536 2285 875 2355; x_wconf 71' lang='grc' dir='ltr'><strong><em>Ἀκαθίστου,</em></strong></span> <span class='ocrx_word' id='word_1_163' title='bbox 909 2288 981 2342; x_wconf 87' lang='lat' dir='ltr'><strong><em>de</em></strong></span> <span class='ocrx_word' id='word_1_164' title='bbox 1009 2284 1155 2356; x_wconf 85' lang='lat' dir='ltr'><strong><em>ipsis</em></strong></span> <span class='ocrx_word' id='word_1_165' title='bbox 1194 2282 1477 2355; x_wconf 84' lang='lat' dir='ltr'><strong><em>Agarenis</em></strong></span> <span class='ocrx_word' id='word_1_166' title='bbox 1522 2281 1728 2336; x_wconf 90' lang='lat' dir='ltr'><strong><em>urbem</em></strong></span> <span class='ocrx_word' id='word_1_167' title='bbox 1785 2278 2056 2336; x_wconf 90' lang='lat' dir='ltr'><strong><em>obsiden-</em></strong></span> 
     </span>
    </p>
   </div>
   <div class='ocr_carea' id='block_1_26' title="bbox 407 2366 2053 2446">
    <p class='ocr_par' dir='ltr' id='par_1_26' title="bbox 407 2366 2053 2446">
     <span class='ocr_line' id='line_1_26' title="bbox 407 2366 2053 2446; baseline -0.012 -10"><span class='ocrx_word' id='word_1_168' title='bbox 407 2380 566 2436; x_wconf 81' lang='lat' dir='ltr'><strong><em>tibus</em></strong></span> <span class='ocrx_word' id='word_1_169' title='bbox 597 2378 706 2435; x_wconf 88' lang='lat' dir='ltr'><strong><em>sub</em></strong></span> <span class='ocrx_word' id='word_1_170' title='bbox 738 2378 941 2433; x_wconf 87' lang='lat' dir='ltr'><strong><em>eodem</em></strong></span> <span class='ocrx_word' id='word_1_171' title='bbox 975 2375 1264 2446; x_wconf 85' lang='lat' dir='ltr'><strong><em>Pogonato</em></strong></span> <span class='ocrx_word' id='word_1_172' title='bbox 1292 2372 1465 2427; x_wconf 88' lang='lat' dir='ltr'><strong><em>verba</em></strong></span> <span class='ocrx_word' id='word_1_173' title='bbox 1496 2368 1713 2426; x_wconf 86' lang='lat' dir='ltr'><strong><em>faciens</em></strong></span> <span class='ocrx_word' id='word_1_174' title='bbox 1745 2384 1758 2425; x_wconf 90' lang='lat'><strong>:</strong></span> <span class='ocrx_word' id='word_1_175' title='bbox 1793 2366 2053 2442; x_wconf 84' lang='grc' dir='ltr'>Ηροσώρ-</span> 
     </span>
    </p>
   </div>
   <div class='ocr_carea' id='block_1_27' title="bbox 411 2454 2056 2542">
    <p class='ocr_par' dir='ltr' id='par_1_27' title="bbox 411 2454 2056 2542">
     <span class='ocr_line' id='line_1_27' title="bbox 411 2454 2056 2542; baseline -0.007 -19"><span class='ocrx_word' id='word_1_176' title='bbox 411 2488 586 2542; x_wconf 84' lang='grc' dir='ltr'>μησαν</span> <span class='ocrx_word' id='word_1_177' title='bbox 614 2469 681 2541; x_wconf 73' lang='grc' dir='ltr'><strong><em>τῇ</em></strong></span> <span class='ocrx_word' id='word_1_178' title='bbox 713 2463 1141 2541; x_wconf 76' lang='grc' dir='ltr'><strong><em>παραθαλασσίῳ</em></strong></span> <span class='ocrx_word' id='word_1_179' title='bbox 1182 2465 1278 2515; x_wconf 78' lang='grc' dir='ltr'>τοῦ</span> <span class='ocrx_word' id='word_1_180' title='bbox 1326 2454 1623 2532; x_wconf 72' lang='grc' dir='ltr'><strong><em>Ἑϐδόμου.</em></strong></span> <span class='ocrx_word' id='word_1_181' title='bbox 1658 2459 1729 2515; x_wconf 84' lang='lat' dir='ltr'><strong><em>Et</em></strong></span> <span class='ocrx_word' id='word_1_182' title='bbox 1771 2458 2056 2529; x_wconf 80' lang='lat' dir='ltr'><strong><em>Georgius</em></strong></span> 
     </span>
    </p>
   </div>
   <div class='ocr_carea' id='block_1_28' title="bbox 406 2546 2056 2623">
    <p class='ocr_par' dir='ltr' id='par_1_28' title="bbox 406 2546 2056 2623">
     <span class='ocr_line' id='line_1_28' title="bbox 406 2546 2056 2623; baseline -0.011 -8"><span class='ocrx_word' id='word_1_183' title='bbox 406 2558 782 2615; x_wconf 89' lang='lat' dir='ltr'><strong><em>Hamartolus</em></strong></span> <span class='ocrx_word' id='word_1_184' title='bbox 813 2556 871 2610; x_wconf 90' lang='lat' dir='ltr'><strong><em>in</em></strong></span> <span class='ocrx_word' id='word_1_185' title='bbox 903 2553 1188 2610; x_wconf 84' lang='lat' dir='ltr'><strong><em>Chronico</em></strong></span> <span class='ocrx_word' id='word_1_186' title='bbox 1220 2568 1331 2606; x_wconf 90' lang='lat' dir='ltr'><strong><em>ms.</em></strong></span> <span class='ocrx_word' id='word_1_187' title='bbox 1367 2567 1380 2606; x_wconf 92' lang='lat'><strong>:</strong></span> <span class='ocrx_word' id='word_1_188' title='bbox 1415 2546 1518 2604; x_wconf 80' lang='grc' dir='ltr'><strong><em>Καὶ</em></strong></span> <span class='ocrx_word' id='word_1_189' title='bbox 1574 2546 2056 2623; x_wconf 78' lang='grc' dir='ltr'>προσορμήσαντες</span> 
     </span>
    </p>
   </div>
   <div class='ocr_carea' id='block_1_29' title="bbox 408 2632 2056 2719">
    <p class='ocr_par' dir='ltr' id='par_1_29' title="bbox 408 2632 2056 2719">
     <span class='ocr_line' id='line_1_29' title="bbox 408 2632 2056 2719; baseline -0.008 -17"><span class='ocrx_word' id='word_1_190' title='bbox 408 2646 544 2702; x_wconf 78' lang='grc' dir='ltr'>κατὰ</span> <span class='ocrx_word' id='word_1_191' title='bbox 613 2646 713 2714; x_wconf 83' lang='grc' dir='ltr'><strong><em>τήν</em></strong></span> <span class='ocrx_word' id='word_1_192' title='bbox 786 2640 1053 2719; x_wconf 74' lang='grc' dir='ltr'>παράλιον</span> <span class='ocrx_word' id='word_1_193' title='bbox 1120 2643 1217 2693; x_wconf 78' lang='grc' dir='ltr'>τοῦ</span> <span class='ocrx_word' id='word_1_194' title='bbox 1282 2632 1579 2711; x_wconf 79' lang='grc' dir='ltr'>Ἑϐδόμου,</span> <span class='ocrx_word' id='word_1_195' title='bbox 1638 2641 1773 2703; x_wconf 89' lang='lat' dir='ltr'><strong><em>etc.,</em></strong></span> <span class='ocrx_word' id='word_1_196' title='bbox 1832 2634 2056 2691; x_wconf 78' lang='lat' dir='ltr'><strong><em>scilicet</em></strong></span> 
     </span>
    </p>
   </div>
   <div class='ocr_carea' id='block_1_30' title="bbox 407 2721 2051 2808">
    <p class='ocr_par' dir='ltr' id='par_1_30' title="bbox 407 2721 2051 2808">
     <span class='ocr_line' id='line_1_30' title="bbox 407 2721 2051 2808; baseline -0.009 -15"><span class='ocrx_word' id='word_1_197' title='bbox 407 2753 615 2793; x_wconf 88' lang='lat' dir='ltr'><strong><em>versus</em></strong></span> <span class='ocrx_word' id='word_1_198' title='bbox 643 2733 983 2808; x_wconf 79' lang='grc' dir='ltr'>ἀκρωτήριον</span> <span class='ocrx_word' id='word_1_199' title='bbox 1031 2726 1128 2784; x_wconf 76' lang='grc' dir='ltr'><strong><em>τοῦ</em></strong></span> <span class='ocrx_word' id='word_1_200' title='bbox 1159 2721 1454 2799; x_wconf 81' lang='grc' dir='ltr'>Ἑϐδόμου,</span> <span class='ocrx_word' id='word_1_201' title='bbox 1489 2743 1522 2781; x_wconf 90' lang='lat' dir='ltr'><strong><em>a</em></strong></span> <span class='ocrx_word' id='word_1_202' title='bbox 1573 2742 1688 2798; x_wconf 90' lang='lat' dir='ltr'><strong><em>quo</em></strong></span> <span class='ocrx_word' id='word_1_203' title='bbox 1747 2739 1931 2797; x_wconf 90' lang='lat' dir='ltr'><strong><em>usque</em></strong></span> <span class='ocrx_word' id='word_1_204' title='bbox 1980 2723 2051 2778; x_wconf 88' lang='lat' dir='ltr'><strong><em>ad</em></strong></span> 
     </span>
    </p>
   </div>
   <div class='ocr_carea' id='block_1_31' title="bbox 407 2811 2052 2898">
    <p class='ocr_par' dir='ltr' id='par_1_31' title="bbox 407 2811 2052 2898">
     <span class='ocr_line' id='line_1_31' title="bbox 407 2811 2052 2898; baseline -0.009 -17"><span class='ocrx_word' id='word_1_205' title='bbox 407 2823 765 2898; x_wconf 79' lang='lat' dir='ltr'><strong><em>Cyclohium,</em></strong></span> <span class='ocrx_word' id='word_1_206' title='bbox 801 2839 914 2877; x_wconf 90' lang='lat' dir='ltr'><strong><em>non</em></strong></span> <span class='ocrx_word' id='word_1_207' title='bbox 949 2817 1234 2887; x_wconf 78' lang='lat' dir='ltr'><strong><em>terrestri,</em></strong></span> <span class='ocrx_word' id='word_1_208' title='bbox 1267 2815 1367 2871; x_wconf 83' lang='lat' dir='ltr'><strong><em>sed</em></strong></span> <span class='ocrx_word' id='word_1_209' title='bbox 1400 2814 1699 2870; x_wconf 88' lang='lat' dir='ltr'><strong><em>maritima</em></strong></span> <span class='ocrx_word' id='word_1_210' title='bbox 1728 2811 2052 2880; x_wconf 88' lang='lat' dir='ltr'><strong><em>obsidione,</em></strong></span> 
     </span>
    </p>
   </div>
   <div class='ocr_carea' id='block_1_32' title="bbox 410 2899 2054 2979">
    <p class='ocr_par' dir='ltr' id='par_1_32' title="bbox 410 2899 2054 2979">
     <span class='ocr_line' id='line_1_32' title="bbox 410 2899 2054 2979; baseline -0.01 -8"><span class='ocrx_word' id='word_1_211' title='bbox 410 2921 477 2971; x_wconf 89' lang='lat' dir='ltr'><strong><em>ut</em></strong></span> <span class='ocrx_word' id='word_1_212' title='bbox 505 2916 728 2970; x_wconf 84' lang='lat' dir='ltr'><strong><em>exserte</em></strong></span> <span class='ocrx_word' id='word_1_213' title='bbox 759 2909 963 2966; x_wconf 87' lang='lat' dir='ltr'><strong><em>scribit</em></strong></span> <span class='ocrx_word' id='word_1_214' title='bbox 989 2906 1392 2979; x_wconf 86' lang='lat' dir='ltr'><strong><em>Theophanes,</em></strong></span> <span class='ocrx_word' id='word_1_215' title='bbox 1426 2902 1631 2960; x_wconf 84' lang='lat' dir='ltr'><strong><em>urbem</em></strong></span> <span class='ocrx_word' id='word_1_216' title='bbox 1664 2899 2054 2957; x_wconf 89' lang='lat' dir='ltr'><strong><em>circumsede-</em></strong></span> 
     </span>
    </p>
   </div>
   <div class='ocr_carea' id='block_1_33' title="bbox 409 2989 2057 3071">
    <p class='ocr_par' dir='ltr' id='par_1_33' title="bbox 409 2989 2057 3071">
     <span class='ocr_line' id='line_1_33' title="bbox 409 2989 2057 3071; baseline -0.01 -11"><span class='ocrx_word' id='word_1_217' title='bbox 409 3004 644 3060; x_wconf 88' lang='lat' dir='ltr'><strong><em>deruut.</em></strong></span> <span class='ocrx_word' id='word_1_218' title='bbox 680 3000 937 3071; x_wconf 88' lang='lat' dir='ltr'><strong><em>Denique</em></strong></span> <span class='ocrx_word' id='word_1_219' title='bbox 966 2996 1147 3052; x_wconf 85' lang='lat' dir='ltr'><strong><em>tradit</em></strong></span> <span class='ocrx_word' id='word_1_220' title='bbox 1174 2994 1331 3051; x_wconf 91' lang='lat' dir='ltr'><strong><em>idem</em></strong></span> <span class='ocrx_word' id='word_1_221' title='bbox 1358 2990 1743 3065; x_wconf 85' lang='lat' dir='ltr'><strong><em>Theophanes</em></strong></span> <span class='ocrx_word' id='word_1_222' title='bbox 1775 2990 1834 3045; x_wconf 89' lang='lat' dir='ltr'><strong><em>in</em></strong></span> <span class='ocrx_word' id='word_1_223' title='bbox 1874 2989 2057 3045; x_wconf 88' lang='lat' dir='ltr'><strong><em>Leone</em></strong></span> 
     </span>
    </p>
   </div>
   <div class='ocr_carea' id='block_1_34' title="bbox 410 3077 2058 3157">
    <p class='ocr_par' dir='ltr' id='par_1_34' title="bbox 410 3077 2058 3157">
     <span class='ocr_line' id='line_1_34' title="bbox 410 3077 2058 3157; baseline -0.008 -9"><span class='ocrx_word' id='word_1_224' title='bbox 410 3092 616 3149; x_wconf 89' lang='lat' dir='ltr'><strong><em>Isauro</em></strong></span> <span class='ocrx_word' id='word_1_225' title='bbox 647 3107 741 3146; x_wconf 91' lang='lat' dir='ltr'><strong><em>an.</em></strong></span> <span class='ocrx_word' id='word_1_226' title='bbox 776 3090 830 3157; x_wconf 87' lang='lat' dir='ltr'><strong><em>i,</em></strong></span> <span class='ocrx_word' id='word_1_227' title='bbox 861 3088 1097 3144; x_wconf 88' lang='lat' dir='ltr'><strong><em>eosdem</em></strong></span> <span class='ocrx_word' id='word_1_228' title='bbox 1128 3085 1448 3141; x_wconf 88' lang='lat' dir='ltr'><strong><em>Saracenos</em></strong></span> <span class='ocrx_word' id='word_1_229' title='bbox 1500 3081 1705 3136; x_wconf 88' lang='lat' dir='ltr'><strong><em>urbem</em></strong></span> <span class='ocrx_word' id='word_1_230' title='bbox 1756 3077 2058 3136; x_wconf 89' lang='lat' dir='ltr'><strong><em>obsedisse</em></strong></span> 
     </span>
    </p>
   </div>
   <div class='ocr_carea' id='block_1_35' title="bbox 411 3163 2054 3251">
    <p class='ocr_par' dir='ltr' id='par_1_35' title="bbox 411 3163 2054 3251">
     <span class='ocr_line' id='line_1_35' title="bbox 411 3163 2054 3251; baseline -0.009 -15"><span class='ocrx_word' id='word_1_231' title='bbox 411 3181 518 3236; x_wconf 85' lang='grc' dir='ltr'>ἀπὸ</span> <span class='ocrx_word' id='word_1_232' title='bbox 547 3185 647 3249; x_wconf 80' lang='grc' dir='ltr'><strong><em>τῆς</em></strong></span> <span class='ocrx_word' id='word_1_233' title='bbox 711 3173 1029 3251; x_wconf 79' lang='grc' dir='ltr'>Μαγναόρας</span> <span class='ocrx_word' id='word_1_234' title='bbox 1074 3169 1179 3234; x_wconf 62' lang='grc' dir='ltr'><strong><em>ἕως</em></strong></span> <span class='ocrx_word' id='word_1_235' title='bbox 1232 3163 1567 3237; x_wconf 75' lang='grc' dir='ltr'>Κυκλοϐίου,</span> <span class='ocrx_word' id='word_1_236' title='bbox 1601 3168 1897 3225; x_wconf 82' lang='lat' dir='ltr'><strong><em>maritima</em></strong></span> <span class='ocrx_word' id='word_1_237' title='bbox 1942 3167 2054 3223; x_wconf 88' lang='lat' dir='ltr'><strong><em>sci-</em></strong></span> 
     </span>
    </p>
   </div>
   <div class='ocr_carea' id='block_1_36' title="bbox 406 3256 2051 3341">
    <p class='ocr_par' dir='ltr' id='par_1_36' title="bbox 406 3256 2051 3341">
     <span class='ocr_line' id='line_1_36' title="bbox 406 3256 2051 3341; baseline -0.009 -14"><span class='ocrx_word' id='word_1_238' title='bbox 406 3271 544 3329; x_wconf 88' lang='lat' dir='ltr'><strong><em>licet</em></strong></span> <span class='ocrx_word' id='word_1_239' title='bbox 563 3269 780 3341; x_wconf 88' lang='lat' dir='ltr'><strong><em>pariter</em></strong></span> <span class='ocrx_word' id='word_1_240' title='bbox 809 3265 1133 3324; x_wconf 88' lang='lat' dir='ltr'><strong><em>obsidione.</em></strong></span> <span class='ocrx_word' id='word_1_241' title='bbox 1159 3263 1243 3318; x_wconf 86' lang='lat' dir='ltr'><strong><em>Ex</em></strong></span> <span class='ocrx_word' id='word_1_242' title='bbox 1273 3260 1489 3334; x_wconf 88' lang='lat' dir='ltr'><strong><em>quibus</em></strong></span> <span class='ocrx_word' id='word_1_243' title='bbox 1518 3259 1616 3315; x_wconf 86' lang='lat' dir='ltr'><strong><em>hic</em></strong></span> <span class='ocrx_word' id='word_1_244' title='bbox 1646 3257 1838 3314; x_wconf 83' lang='lat' dir='ltr'><strong><em>allatis</em></strong></span> <span class='ocrx_word' id='word_1_245' title='bbox 1885 3256 2051 3327; x_wconf 91' lang='lat' dir='ltr'><strong><em>locis,</em></strong></span> 
     </span>
    </p>
   </div>
   <div class='ocr_carea' id='block_1_37' title="bbox 409 3345 2054 3433">
    <p class='ocr_par' dir='ltr' id='par_1_37' title="bbox 409 3345 2054 3433">
     <span class='ocr_line' id='line_1_37' title="bbox 409 3345 2054 3433; baseline -0.009 -17"><span class='ocrx_word' id='word_1_246' title='bbox 409 3375 557 3433; x_wconf 92' lang='lat' dir='ltr'><strong><em>quos</em></strong></span> <span class='ocrx_word' id='word_1_247' title='bbox 613 3356 787 3431; x_wconf 89' lang='lat' dir='ltr'><strong><em>paulo</em></strong></span> <span class='ocrx_word' id='word_1_248' title='bbox 837 3355 1171 3411; x_wconf 86' lang='lat' dir='ltr'><strong><em>accuratius</em></strong></span> <span class='ocrx_word' id='word_1_249' title='bbox 1227 3366 1362 3407; x_wconf 89' lang='lat' dir='ltr'><strong><em>cum</em></strong></span> <span class='ocrx_word' id='word_1_250' title='bbox 1421 3349 1588 3404; x_wconf 90' lang='lat' dir='ltr'><strong><em>urbis</em></strong></span> <span class='ocrx_word' id='word_1_251' title='bbox 1635 3345 2054 3419; x_wconf 79' lang='lat' dir='ltr'><strong><em>topographiea</em></strong></span> 
     </span>
    </p>
   </div>
   <div class='ocr_carea' id='block_1_38' title="bbox 407 3435 2052 3521">
    <p class='ocr_par' dir='ltr' id='par_1_38' title="bbox 407 3435 2052 3521">
     <span class='ocr_line' id='line_1_38' title="bbox 407 3435 2052 3521; baseline -0.011 -14"><span class='ocrx_word' id='word_1_252' title='bbox 407 3448 800 3521; x_wconf 83' lang='lat' dir='ltr'><strong><em>descriptione</em></strong></span> <span class='ocrx_word' id='word_1_253' title='bbox 830 3462 895 3503; x_wconf 80' lang='lat' dir='ltr'><strong><em>ac</em></strong></span> <span class='ocrx_word' id='word_1_254' title='bbox 925 3440 1560 3515; x_wconf 84' lang='lat' dir='ltr'><strong><em>ichnographia,quam</em></strong></span> <span class='ocrx_word' id='word_1_255' title='bbox 1593 3438 1651 3493; x_wconf 93' lang='lat' dir='ltr'><strong><em>in</em></strong></span> <span class='ocrx_word' id='word_1_256' title='bbox 1684 3442 1885 3493; x_wconf 90' lang='lat' dir='ltr'><strong><em>nostra</em></strong></span> <span class='ocrx_word' id='word_1_257' title='bbox 1915 3435 2052 3492; x_wconf 86' lang='lat' dir='ltr'><strong><em>Con-</em></strong></span> 
     </span>
    </p>
   </div>
   <div class='ocr_carea' id='block_1_39' title="bbox 407 3526 2054 3610">
    <p class='ocr_par' dir='ltr' id='par_1_39' title="bbox 407 3526 2054 3610">
     <span class='ocr_line' id='line_1_39' title="bbox 407 3526 2054 3610; baseline -0.011 -13"><span class='ocrx_word' id='word_1_258' title='bbox 407 3538 773 3610; x_wconf 85' lang='lat' dir='ltr'><strong><em>stantinopoli</em></strong></span> <span class='ocrx_word' id='word_1_259' title='bbox 805 3535 1122 3592; x_wconf 77' lang='lat' dir='ltr'><strong><em>Christiana</em></strong></span> <span class='ocrx_word' id='word_1_260' title='bbox 1152 3528 1434 3587; x_wconf 86' lang='lat' dir='ltr'><strong><em>delineari</em></strong></span> <span class='ocrx_word' id='word_1_261' title='bbox 1462 3526 1817 3595; x_wconf 85' lang='lat' dir='ltr'><strong><em>curavimus,</em></strong></span> <span class='ocrx_word' id='word_1_262' title='bbox 1850 3540 2054 3598; x_wconf 82' lang='lat' dir='ltr'><strong><em>expen-</em></strong></span> 
     </span>
    </p>
   </div>
   <div class='ocr_carea' id='block_1_40' title="bbox 410 3613 2052 3694">
    <p class='ocr_par' dir='ltr' id='par_1_40' title="bbox 410 3613 2052 3694">
     <span class='ocr_line' id='line_1_40' title="bbox 410 3613 2052 3694; baseline -0.01 -9"><span class='ocrx_word' id='word_1_263' title='bbox 410 3630 509 3686; x_wconf 89' lang='lat' dir='ltr'><strong><em>dat</em></strong></span> <span class='ocrx_word' id='word_1_264' title='bbox 537 3627 709 3684; x_wconf 89' lang='lat' dir='ltr'><strong><em>velim</em></strong></span> <span class='ocrx_word' id='word_1_265' title='bbox 743 3642 928 3682; x_wconf 91' lang='lat' dir='ltr'><strong><em>novus</em></strong></span> <span class='ocrx_word' id='word_1_266' title='bbox 951 3640 1018 3679; x_wconf 87' lang='lat' dir='ltr'><strong><em>ac</em></strong></span> <span class='ocrx_word' id='word_1_267' title='bbox 1049 3622 1279 3694; x_wconf 89' lang='lat' dir='ltr'><strong><em>primus</em></strong></span> <span class='ocrx_word' id='word_1_268' title='bbox 1311 3621 1568 3675; x_wconf 88' lang='lat' dir='ltr'><strong><em>assertor</em></strong></span> <span class='ocrx_word' id='word_1_269' title='bbox 1598 3613 2052 3682; x_wconf 81' lang='lat' dir='ltr'><strong><em>Hebdomiauus,</em></strong></span> 
     </span>
    </p>
   </div>
   <div class='ocr_carea' id='block_1_41' title="bbox 411 3711 2055 3793">
    <p class='ocr_par' dir='ltr' id='par_1_41' title="bbox 411 3711 2055 3793">
     <span class='ocr_line' id='line_1_41' title="bbox 411 3711 2055 3793; baseline -0.012 -9"><span class='ocrx_word' id='word_1_270' title='bbox 411 3744 583 3784; x_wconf 90' lang='lat' dir='ltr'><strong><em>nemo</em></strong></span> <span class='ocrx_word' id='word_1_271' title='bbox 613 3725 726 3781; x_wconf 88' lang='lat' dir='ltr'><strong><em>nisi</em></strong></span> <span class='ocrx_word' id='word_1_272' title='bbox 758 3723 1006 3779; x_wconf 90' lang='lat' dir='ltr'><strong><em>nimium</em></strong></span> <span class='ocrx_word' id='word_1_273' title='bbox 1042 3718 1309 3793; x_wconf 84' lang='lat' dir='ltr'><strong><em>pervicax</em></strong></span> <span class='ocrx_word' id='word_1_274' title='bbox 1355 3715 1603 3772; x_wconf 85' lang='lat' dir='ltr'><strong><em>inficiari</em></strong></span> <span class='ocrx_word' id='word_1_275' title='bbox 1650 3712 1861 3785; x_wconf 89' lang='lat' dir='ltr'><strong><em>poterit</em></strong></span> <span class='ocrx_word' id='word_1_276' title='bbox 1906 3711 2055 3767; x_wconf 86' lang='lat' dir='ltr'><strong><em>Heb-</em></strong></span> 
     </span>
    </p>
   </div>
   <div class='ocr_carea' id='block_1_42' title="bbox 412 3802 2058 3883">
    <p class='ocr_par' dir='ltr' id='par_1_42' title="bbox 412 3802 2058 3883">
     <span class='ocr_line' id='line_1_42' title="bbox 412 3802 2058 3883; baseline -0.01 -10"><span class='ocrx_word' id='word_1_277' title='bbox 412 3818 652 3873; x_wconf 90' lang='lat' dir='ltr'><strong><em>domum</em></strong></span> <span class='ocrx_word' id='word_1_278' title='bbox 686 3815 757 3869; x_wconf 88' lang='lat' dir='ltr'><strong><em>ad</em></strong></span> <span class='ocrx_word' id='word_1_279' title='bbox 792 3814 995 3868; x_wconf 84' lang='lat' dir='ltr'><strong><em>urbem</em></strong></span> <span class='ocrx_word' id='word_1_280' title='bbox 1024 3807 1354 3883; x_wconf 87' lang='lat' dir='ltr'><strong><em>pertigisse,</em></strong></span> <span class='ocrx_word' id='word_1_281' title='bbox 1379 3805 1624 3877; x_wconf 86' lang='lat' dir='ltr'><strong><em>ejusque</em></strong></span> <span class='ocrx_word' id='word_1_282' title='bbox 1650 3806 1872 3875; x_wconf 89' lang='lat' dir='ltr'><strong><em>partem</em></strong></span> <span class='ocrx_word' id='word_1_283' title='bbox 1904 3802 2058 3857; x_wconf 90' lang='lat' dir='ltr'><strong><em>intra</em></strong></span> 
     </span>
    </p>
   </div>
   <div class='ocr_carea' id='block_1_43' title="bbox 412 3891 2057 3975">
    <p class='ocr_par' dir='ltr' id='par_1_43' title="bbox 412 3891 2057 3975">
     <span class='ocr_line' id='line_1_43' title="bbox 412 3891 2057 3975; baseline -0.01 -13"><span class='ocrx_word' id='word_1_284' title='bbox 412 3906 618 3963; x_wconf 85' lang='lat' dir='ltr'><strong><em>urbem</em></strong></span> <span class='ocrx_word' id='word_1_285' title='bbox 652 3903 912 3975; x_wconf 88' lang='lat' dir='ltr'><strong><em>potuisse</em></strong></span> <span class='ocrx_word' id='word_1_286' title='bbox 942 3898 1185 3963; x_wconf 88' lang='lat' dir='ltr'><strong><em>includi,</em></strong></span> <span class='ocrx_word' id='word_1_287' title='bbox 1219 3912 1354 3951; x_wconf 90' lang='lat' dir='ltr'><strong><em>cum</em></strong></span> <span class='ocrx_word' id='word_1_288' title='bbox 1386 3891 1718 3967; x_wconf 84' lang='lat' dir='ltr'><strong><em>Cyelobium</em></strong></span> <span class='ocrx_word' id='word_1_289' title='bbox 1751 3891 1824 3948; x_wconf 88' lang='lat' dir='ltr'><strong><em>ad</em></strong></span> <span class='ocrx_word' id='word_1_290' title='bbox 1859 3905 2057 3946; x_wconf 88' lang='lat' dir='ltr'><strong><em>muros</em></strong></span> 
     </span>
    </p>
   </div>
   <div class='ocr_carea' id='block_1_44' title="bbox 413 3978 2055 4053">
    <p class='ocr_par' dir='ltr' id='par_1_44' title="bbox 413 3978 2055 4053">
     <span class='ocr_line' id='line_1_44' title="bbox 413 3978 2055 4053; baseline -0.01 -3"><span class='ocrx_word' id='word_1_291' title='bbox 413 3994 576 4051; x_wconf 90' lang='lat' dir='ltr'><strong><em>urbis</em></strong></span> <span class='ocrx_word' id='word_1_292' title='bbox 605 3994 912 4048; x_wconf 81' lang='lat' dir='ltr'><strong><em>terrestres</em></strong></span> <span class='ocrx_word' id='word_1_293' title='bbox 941 4002 1146 4043; x_wconf 89' lang='lat' dir='ltr'><strong><em>versus</em></strong></span> <span class='ocrx_word' id='word_1_294' title='bbox 1189 3983 1470 4041; x_wconf 87' lang='lat' dir='ltr'><strong><em>orientem</em></strong></span> <span class='ocrx_word' id='word_1_295' title='bbox 1515 3985 1573 4037; x_wconf 88' lang='lat' dir='ltr'><strong><em>et</em></strong></span> <span class='ocrx_word' id='word_1_296' title='bbox 1622 3978 2055 4053; x_wconf 87' lang='lat' dir='ltr'><strong><em>Propontidem,</em></strong></span> 
     </span>
    </p>
   </div>
   <div class='ocr_carea' id='block_1_45' title="bbox 414 4068 2055 4153">
    <p class='ocr_par' dir='ltr' id='par_1_45' title="bbox 414 4068 2055 4153">
     <span class='ocr_line' id='line_1_45' title="bbox 414 4068 2055 4153; baseline -0.009 -14"><span class='ocrx_word' id='word_1_297' title='bbox 414 4084 735 4153; x_wconf 81' lang='lat' dir='ltr'><strong><em>Magnaura</em></strong></span> <span class='ocrx_word' id='word_1_298' title='bbox 763 4094 895 4134; x_wconf 88' lang='lat' dir='ltr'><strong><em>vero</em></strong></span> <span class='ocrx_word' id='word_1_299' title='bbox 927 4077 999 4132; x_wconf 91' lang='lat' dir='ltr'><strong><em>ad</em></strong></span> <span class='ocrx_word' id='word_1_300' title='bbox 1028 4074 1268 4131; x_wconf 85' lang='lat' dir='ltr'><strong><em>eosdem</em></strong></span> <span class='ocrx_word' id='word_1_301' title='bbox 1292 4088 1511 4141; x_wconf 90' lang='lat' dir='ltr'><strong><em>muros,</em></strong></span> <span class='ocrx_word' id='word_1_302' title='bbox 1536 4071 1652 4126; x_wconf 92' lang='lat' dir='ltr'><strong><em>imo</em></strong></span> <span class='ocrx_word' id='word_1_303' title='bbox 1682 4069 1834 4125; x_wconf 85' lang='lat' dir='ltr'><strong><em>intra</em></strong></span> <span class='ocrx_word' id='word_1_304' title='bbox 1865 4068 2055 4142; x_wconf 89' lang='lat' dir='ltr'><strong><em>ipsam</em></strong></span> 
     </span>
    </p>
   </div>
   <div class='ocr_carea' id='block_1_46' title="bbox 412 4158 2056 4234">
    <p class='ocr_par' dir='ltr' id='par_1_46' title="bbox 412 4158 2056 4234">
     <span class='ocr_line' id='line_1_46' title="bbox 412 4158 2056 4234; baseline -0.009 -6"><span class='ocrx_word' id='word_1_305' title='bbox 412 4172 616 4228; x_wconf 86' lang='lat' dir='ltr'><strong><em>urbem</em></strong></span> <span class='ocrx_word' id='word_1_306' title='bbox 650 4184 853 4224; x_wconf 90' lang='lat' dir='ltr'><strong><em>versus</em></strong></span> <span class='ocrx_word' id='word_1_307' title='bbox 884 4165 1249 4222; x_wconf 88' lang='lat' dir='ltr'><strong><em>occidentem</em></strong></span> <span class='ocrx_word' id='word_1_308' title='bbox 1296 4170 1350 4218; x_wconf 86' lang='lat' dir='ltr'><strong><em>et</em></strong></span> <span class='ocrx_word' id='word_1_309' title='bbox 1400 4159 1869 4234; x_wconf 90' lang='lat' dir='ltr'><strong><em>promontorium</em></strong></span> <span class='ocrx_word' id='word_1_310' title='bbox 1902 4158 2056 4215; x_wconf 89' lang='lat' dir='ltr'><strong><em>Heb-</em></strong></span> 
     </span>
    </p>
   </div>
   <div class='ocr_carea' id='block_1_47' title="bbox 409 4248 2055 4326">
    <p class='ocr_par' dir='ltr' id='par_1_47' title="bbox 409 4248 2055 4326">
     <span class='ocr_line' id='line_1_47' title="bbox 409 4248 2055 4326; baseline -0.009 -9"><span class='ocrx_word' id='word_1_311' title='bbox 409 4259 569 4318; x_wconf 89' lang='lat' dir='ltr'><strong><em>domi</em></strong></span> <span class='ocrx_word' id='word_1_312' title='bbox 602 4256 957 4320; x_wconf 80' lang='lat' dir='ltr'><strong><em>exstiterint,</em></strong></span> <span class='ocrx_word' id='word_1_313' title='bbox 987 4254 1139 4326; x_wconf 91' lang='lat' dir='ltr'><strong><em>quod</em></strong></span> <span class='ocrx_word' id='word_1_314' title='bbox 1164 4251 1368 4306; x_wconf 88' lang='lat' dir='ltr'><strong><em>multis</em></strong></span> <span class='ocrx_word' id='word_1_315' title='bbox 1421 4250 1478 4305; x_wconf 91' lang='lat' dir='ltr'><strong><em>in</em></strong></span> <span class='ocrx_word' id='word_1_316' title='bbox 1522 4253 1722 4305; x_wconf 89' lang='lat' dir='ltr'><strong><em>nostra</em></strong></span> <span class='ocrx_word' id='word_1_317' title='bbox 1782 4248 2055 4304; x_wconf 88' lang='lat' dir='ltr'><strong><em>lucubra-</em></strong></span> 
     </span>
    </p>
   </div>
   <div class='ocr_carea' id='block_1_48' title="bbox 406 4336 2055 4412">
    <p class='ocr_par' dir='ltr' id='par_1_48' title="bbox 406 4336 2055 4412">
     <span class='ocr_line' id='line_1_48' title="bbox 406 4336 2055 4412; baseline -0.009 -5"><span class='ocrx_word' id='word_1_318' title='bbox 406 4351 563 4407; x_wconf 87' lang='lat' dir='ltr'><strong><em>tione</em></strong></span> <span class='ocrx_word' id='word_1_319' title='bbox 591 4347 922 4404; x_wconf 88' lang='lat' dir='ltr'><strong><em>docuimus.</em></strong></span> <span class='ocrx_word' id='word_1_320' title='bbox 958 4343 1018 4400; x_wconf 90' lang='lat' dir='ltr'><strong><em>Si</em></strong></span> <span class='ocrx_word' id='word_1_321' title='bbox 1049 4341 1203 4398; x_wconf 90' lang='lat' dir='ltr'><strong><em>enim</em></strong></span> <span class='ocrx_word' id='word_1_322' title='bbox 1251 4338 1718 4412; x_wconf 88' lang='lat' dir='ltr'><strong><em>promontorium</em></strong></span> <span class='ocrx_word' id='word_1_323' title='bbox 1771 4336 2055 4393; x_wconf 87' lang='lat' dir='ltr'><strong><em>Hebdomi</em></strong></span> 
     </span>
    </p>
   </div>
   <div class='ocr_carea' id='block_1_49' title="bbox 408 4426 2059 4512">
    <p class='ocr_par' dir='ltr' id='par_1_49' title="bbox 408 4426 2059 4512">
     <span class='ocr_line' id='line_1_49' title="bbox 408 4426 2059 4512; baseline -0.01 -15"><span class='ocrx_word' id='word_1_324' title='bbox 408 4441 479 4497; x_wconf 90' lang='lat' dir='ltr'><strong><em>ad</em></strong></span> <span class='ocrx_word' id='word_1_325' title='bbox 514 4437 829 4512; x_wconf 87' lang='lat' dir='ltr'><strong><em>septimum</em></strong></span> <span class='ocrx_word' id='word_1_326' title='bbox 865 4432 1113 4490; x_wconf 89' lang='lat' dir='ltr'><strong><em>milliare</em></strong></span> <span class='ocrx_word' id='word_1_327' title='bbox 1139 4428 1361 4486; x_wconf 85' lang='lat' dir='ltr'><strong><em>exstitit</em></strong></span> <span class='ocrx_word' id='word_1_328' title='bbox 1405 4444 1611 4484; x_wconf 85' lang='lat' dir='ltr'><strong><em>versus</em></strong></span> <span class='ocrx_word' id='word_1_329' title='bbox 1649 4426 1943 4483; x_wconf 83' lang='lat' dir='ltr'><strong><em>Orientem</em></strong></span> <span class='ocrx_word' id='word_1_330' title='bbox 2001 4431 2059 4481; x_wconf 86' lang='lat' dir='ltr'><strong><em>et</em></strong></span> 
     </span>
    </p>
   </div>
   <div class='ocr_carea' id='block_1_50' title="bbox 408 4512 2058 4601">
    <p class='ocr_par' dir='ltr' id='par_1_50' title="bbox 408 4512 2058 4601">
     <span class='ocr_line' id='line_1_50' title="bbox 408 4512 2058 4601; baseline -0.009 -16"><span class='ocrx_word' id='word_1_331' title='bbox 408 4526 844 4601; x_wconf 89' lang='lat' dir='ltr'><strong><em>Pr0pontidem,</em></strong></span> <span class='ocrx_word' id='word_1_332' title='bbox 875 4539 1025 4597; x_wconf 90' lang='lat' dir='ltr'><strong><em>quos</em></strong></span> <span class='ocrx_word' id='word_1_333' title='bbox 1056 4521 1107 4577; x_wconf 92' lang='lat' dir='ltr'><strong><em>is</em></strong></span> <span class='ocrx_word' id='word_1_334' title='bbox 1136 4519 1366 4573; x_wconf 82' lang='lat' dir='ltr'><strong><em>videtur</em></strong></span> <span class='ocrx_word' id='word_1_335' title='bbox 1398 4512 1677 4588; x_wconf 88' lang='lat' dir='ltr'><strong><em>velle,qui</em></strong></span> <span class='ocrx_word' id='word_1_336' title='bbox 1710 4514 1833 4571; x_wconf 79' lang='lat' dir='ltr'><strong><em>fieri</em></strong></span> <span class='ocrx_word' id='word_1_337' title='bbox 1867 4514 2058 4587; x_wconf 88' lang='lat' dir='ltr'><strong><em>potest</em></strong></span> 
     </span>
    </p>
   </div>
   <div class='ocr_carea' id='block_1_51' title="bbox 2168 575 3755 649">
    <p class='ocr_par' dir='ltr' id='par_1_51' title="bbox 2168 575 3755 649">
     <span class='ocr_line' id='line_1_51' title="bbox 2168 575 3755 649; baseline 0.009 -18"><span class='ocrx_word' id='word_1_338' title='bbox 2168 582 2407 649; x_wconf 88' lang='lat' dir='ltr'><strong><em>gravate</em></strong></span> <span class='ocrx_word' id='word_1_339' title='bbox 2438 576 2509 632; x_wconf 89' lang='lat' dir='ltr'><strong><em>ab</em></strong></span> <span class='ocrx_word' id='word_1_340' title='bbox 2539 575 2816 647; x_wconf 81' lang='lat' dir='ltr'><strong><em>opinione</em></strong></span> <span class='ocrx_word' id='word_1_341' title='bbox 2846 591 2978 631; x_wconf 89' lang='lat' dir='ltr'><strong><em>mea</em></strong></span> <span class='ocrx_word' id='word_1_342' title='bbox 3006 575 3067 631; x_wconf 94' lang='lat' dir='ltr'><strong><em>in</em></strong></span> <span class='ocrx_word' id='word_1_343' title='bbox 3098 576 3435 634; x_wconf 86' lang='lat' dir='ltr'><strong><em>sententiam</em></strong></span> <span class='ocrx_word' id='word_1_344' title='bbox 3478 581 3622 643; x_wconf 86' lang='lat' dir='ltr'><strong><em>illius</em></strong></span> <span class='ocrx_word' id='word_1_345' title='bbox 3660 589 3755 646; x_wconf 61' lang='lat' dir='ltr'><strong><em>die</em></strong></span> 
     </span>
    </p>
   </div>
   <div class='ocr_carea' id='block_1_52' title="bbox 2168 664 2731 722">
    <p class='ocr_par' dir='ltr' id='par_1_52' title="bbox 2168 664 2731 722">
     <span class='ocr_line' id='line_1_52' title="bbox 2168 664 2731 722; baseline -0.005 -1"><span class='ocrx_word' id='word_1_346' title='bbox 2168 665 2489 722; x_wconf 89' lang='lat' dir='ltr'><strong><em>cessionem</em></strong></span> <span class='ocrx_word' id='word_1_347' title='bbox 2523 664 2731 721; x_wconf 86' lang='lat' dir='ltr'><strong><em>fecero.</em></strong></span> 
     </span>
    </p>
   </div>
   <div class='ocr_carea' id='block_1_53' title="bbox 2240 771 3755 844">
    <p class='ocr_par' dir='ltr' id='par_1_53' title="bbox 2240 771 3755 844">
     <span class='ocr_line' id='line_1_53' title="bbox 2240 771 3755 844; baseline 0.01 -19"><span class='ocrx_word' id='word_1_348' title='bbox 2240 776 2363 826; x_wconf 86' lang='lat' dir='ltr'><strong><em>XII.</em></strong></span> <span class='ocrx_word' id='word_1_349' title='bbox 2394 771 2502 827; x_wconf 85' lang='lat' dir='ltr'><strong><em>Sed</em></strong></span> <span class='ocrx_word' id='word_1_350' title='bbox 2567 773 2785 827; x_wconf 84' lang='lat' dir='ltr'><strong><em>utnec</em></strong></span> <span class='ocrx_word' id='word_1_351' title='bbox 2854 771 3320 844; x_wconf 87' lang='lat' dir='ltr'><strong><em>promontorium</em></strong></span> <span class='ocrx_word' id='word_1_352' title='bbox 3365 776 3642 843; x_wconf 82' lang='lat' dir='ltr'><strong><em>Hebdomi.</em></strong></span> <span class='ocrx_word' id='word_1_353' title='bbox 3686 783 3755 841; x_wconf 83' lang='lat' dir='ltr'><strong><em>ita</em></strong></span> 
     </span>
    </p>
   </div>
   <div class='ocr_carea' id='block_1_54' title="bbox 2169 858 3756 939">
    <p class='ocr_par' dir='ltr' id='par_1_54' title="bbox 2169 858 3756 939">
     <span class='ocr_line' id='line_1_54' title="bbox 2169 858 3756 939; baseline 0.008 -23"><span class='ocrx_word' id='word_1_354' title='bbox 2169 877 2357 932; x_wconf 87' lang='lat' dir='ltr'><strong><em>neque</em></strong></span> <span class='ocrx_word' id='word_1_355' title='bbox 2388 860 2751 915; x_wconf 84' lang='lat' dir='ltr'><strong><em>Hebdomum</em></strong></span> <span class='ocrx_word' id='word_1_356' title='bbox 2779 858 2975 932; x_wconf 90' lang='lat' dir='ltr'><strong><em>ipsum</em></strong></span> <span class='ocrx_word' id='word_1_357' title='bbox 3000 862 3072 917; x_wconf 90' lang='lat' dir='ltr'><strong><em>ad</em></strong></span> <span class='ocrx_word' id='word_1_358' title='bbox 3104 862 3502 933; x_wconf 87' lang='lat' dir='ltr'><strong><em>Propontidem</em></strong></span> <span class='ocrx_word' id='word_1_359' title='bbox 3531 867 3643 939; x_wconf 85' lang='lat' dir='ltr'><strong><em>fuit,</em></strong></span> <span class='ocrx_word' id='word_1_360' title='bbox 3674 873 3756 929; x_wconf 86' lang='lat' dir='ltr'><strong><em>sed</em></strong></span> 
     </span>
    </p>
   </div>
   <div class='ocr_carea' id='block_1_55' title="bbox 2168 948 3755 1026">
    <p class='ocr_par' dir='ltr' id='par_1_55' title="bbox 2168 948 3755 1026">
     <span class='ocr_line' id='line_1_55' title="bbox 2168 948 3755 1026; baseline 0.006 -20"><span class='ocrx_word' id='word_1_361' title='bbox 2168 951 2238 1006; x_wconf 91' lang='lat' dir='ltr'><strong><em>ad</em></strong></span> <span class='ocrx_word' id='word_1_362' title='bbox 2272 949 2440 1005; x_wconf 91' lang='lat' dir='ltr'><strong><em>sinus</em></strong></span> <span class='ocrx_word' id='word_1_363' title='bbox 2460 948 2713 1005; x_wconf 78' lang='lat' dir='ltr'><strong><em>Ceratini</em></strong></span> <span class='ocrx_word' id='word_1_364' title='bbox 2743 954 2940 1021; x_wconf 84' lang='lat' dir='ltr'><strong><em>caput,</em></strong></span> <span class='ocrx_word' id='word_1_365' title='bbox 2973 950 3073 1005; x_wconf 91' lang='lat' dir='ltr'><strong><em>ubi</em></strong></span> <span class='ocrx_word' id='word_1_366' title='bbox 3103 950 3342 1022; x_wconf 83' lang='lat' dir='ltr'><strong><em>Cydaris</em></strong></span> <span class='ocrx_word' id='word_1_367' title='bbox 3385 956 3441 1007; x_wconf 89' lang='lat' dir='ltr'><strong><em>et</em></strong></span> <span class='ocrx_word' id='word_1_368' title='bbox 3475 952 3755 1026; x_wconf 76' lang='lat' dir='ltr'><strong><em>Barbysses</em></strong></span> 
     </span>
    </p>
   </div>
   <div class='ocr_carea' id='block_1_56' title="bbox 2168 1036 3759 1117">
    <p class='ocr_par' dir='ltr' id='par_1_56' title="bbox 2168 1036 3759 1117">
     <span class='ocr_line' id='line_1_56' title="bbox 2168 1036 3759 1117; baseline 0.007 -24"><span class='ocrx_word' id='word_1_369' title='bbox 2168 1038 2385 1094; x_wconf 87' lang='lat' dir='ltr'><strong><em>ﬂuvioli</em></strong></span> <span class='ocrx_word' id='word_1_370' title='bbox 2446 1037 2774 1103; x_wconf 82' lang='lat' dir='ltr'><strong><em>confluunt,</em></strong></span> <span class='ocrx_word' id='word_1_371' title='bbox 2820 1036 2977 1093; x_wconf 85' lang='lat' dir='ltr'><strong><em>haud</em></strong></span> <span class='ocrx_word' id='word_1_372' title='bbox 3055 1037 3255 1113; x_wconf 90' lang='lat' dir='ltr'><strong><em>procul</em></strong></span> <span class='ocrx_word' id='word_1_373' title='bbox 3303 1040 3374 1096; x_wconf 90' lang='lat' dir='ltr'><strong><em>ab</em></strong></span> <span class='ocrx_word' id='word_1_374' title='bbox 3428 1044 3578 1114; x_wconf 88' lang='lat' dir='ltr'><strong><em>urbe,</em></strong></span> <span class='ocrx_word' id='word_1_375' title='bbox 3628 1048 3759 1117; x_wconf 89' lang='lat' dir='ltr'><strong><em>quod</em></strong></span> 
     </span>
    </p>
   </div>
   <div class='ocr_carea' id='block_1_57' title="bbox 2167 1125 3762 1202">
    <p class='ocr_par' dir='ltr' id='par_1_57' title="bbox 2167 1125 3762 1202">
     <span class='ocr_line' id='line_1_57' title="bbox 2167 1125 3762 1202; baseline 0.004 -18"><span class='ocrx_word' id='word_1_376' title='bbox 2167 1145 2349 1200; x_wconf 88' lang='lat' dir='ltr'><strong><em>supra</em></strong></span> <span class='ocrx_word' id='word_1_377' title='bbox 2379 1126 2541 1182; x_wconf 89' lang='lat' dir='ltr'><strong><em>allati</em></strong></span> <span class='ocrx_word' id='word_1_378' title='bbox 2575 1125 2683 1183; x_wconf 90' lang='lat' dir='ltr'><strong><em>loci</em></strong></span> <span class='ocrx_word' id='word_1_379' title='bbox 2719 1126 2959 1182; x_wconf 91' lang='lat' dir='ltr'><strong><em>omnino</em></strong></span> <span class='ocrx_word' id='word_1_380' title='bbox 2982 1126 3303 1184; x_wconf 85' lang='lat' dir='ltr'><strong><em>declarant.</em></strong></span> <span class='ocrx_word' id='word_1_381' title='bbox 3337 1129 3416 1184; x_wconf 86' lang='lat' dir='ltr'><strong><em>Ex</em></strong></span> <span class='ocrx_word' id='word_1_382' title='bbox 3444 1131 3640 1202; x_wconf 86' lang='lat' dir='ltr'><strong><em>quibus</em></strong></span> <span class='ocrx_word' id='word_1_383' title='bbox 3664 1136 3762 1190; x_wconf 86' lang='lat' dir='ltr'><strong><em>svi-</em></strong></span> 
     </span>
    </p>
   </div>
   <div class='ocr_carea' id='block_1_58' title="bbox 2167 1216 3765 1288">
    <p class='ocr_par' dir='ltr' id='par_1_58' title="bbox 2167 1216 3765 1288">
     <span class='ocr_line' id='line_1_58' title="bbox 2167 1216 3765 1288; baseline 0.004 -17"><span class='ocrx_word' id='word_1_384' title='bbox 2167 1217 2372 1272; x_wconf 87' lang='lat' dir='ltr'><strong><em>denter</em></strong></span> <span class='ocrx_word' id='word_1_385' title='bbox 2393 1219 2571 1288; x_wconf 88' lang='lat' dir='ltr'><strong><em>patet,</em></strong></span> <span class='ocrx_word' id='word_1_386' title='bbox 2606 1231 2721 1272; x_wconf 91' lang='lat' dir='ltr'><strong><em>non</em></strong></span> <span class='ocrx_word' id='word_1_387' title='bbox 2754 1216 2924 1271; x_wconf 92' lang='lat' dir='ltr'><strong><em>modo</em></strong></span> <span class='ocrx_word' id='word_1_388' title='bbox 2954 1216 3321 1279; x_wconf 82' lang='lat' dir='ltr'><strong><em>Hebdomum</em></strong></span> <span class='ocrx_word' id='word_1_389' title='bbox 3353 1217 3422 1274; x_wconf 89' lang='lat' dir='ltr'><strong><em>ad</em></strong></span> <span class='ocrx_word' id='word_1_390' title='bbox 3452 1220 3765 1279; x_wconf 82' lang='lat' dir='ltr'><strong><em>occidentem</em></strong></span> 
     </span>
    </p>
   </div>
   <div class='ocr_carea' id='block_1_59' title="bbox 2164 1305 3766 1379">
    <p class='ocr_par' dir='ltr' id='par_1_59' title="bbox 2164 1305 3766 1379">
     <span class='ocr_line' id='line_1_59' title="bbox 2164 1305 3766 1379; baseline 0.004 -18"><span class='ocrx_word' id='word_1_391' title='bbox 2164 1322 2371 1361; x_wconf 88' lang='lat' dir='ltr'><strong><em>versus</em></strong></span> <span class='ocrx_word' id='word_1_392' title='bbox 2391 1309 2769 1377; x_wconf 83' lang='lat' dir='ltr'><strong><em>Maguauram</em></strong></span> <span class='ocrx_word' id='word_1_393' title='bbox 2812 1310 2963 1361; x_wconf 89' lang='lat' dir='ltr'><strong><em>recte</em></strong></span> <span class='ocrx_word' id='word_1_394' title='bbox 2992 1305 3197 1373; x_wconf 87' lang='lat' dir='ltr'><strong><em>statui,</em></strong></span> <span class='ocrx_word' id='word_1_395' title='bbox 3232 1307 3387 1377; x_wconf 91' lang='lat' dir='ltr'><strong><em>quod</em></strong></span> <span class='ocrx_word' id='word_1_396' title='bbox 3437 1308 3653 1379; x_wconf 86' lang='lat' dir='ltr'><strong><em>quidem</em></strong></span> <span class='ocrx_word' id='word_1_397' title='bbox 3679 1309 3766 1367; x_wconf 84' lang='lat' dir='ltr'><strong><em>Pa-</em></strong></span> 
     </span>
    </p>
   </div>
   <div class='ocr_carea' id='block_1_60' title="bbox 2166 1392 3774 1471">
    <p class='ocr_par' dir='ltr' id='par_1_60' title="bbox 2166 1392 3774 1471">
     <span class='ocr_line' id='line_1_60' title="bbox 2166 1392 3774 1471; baseline 0.003 -22"><span class='ocrx_word' id='word_1_398' title='bbox 2166 1393 2373 1451; x_wconf 90' lang='lat' dir='ltr'><strong><em>latium</em></strong></span> <span class='ocrx_word' id='word_1_399' title='bbox 2407 1394 2739 1466; x_wconf 85' lang='lat' dir='ltr'><strong><em>proximum</em></strong></span> <span class='ocrx_word' id='word_1_400' title='bbox 2779 1393 2890 1449; x_wconf 88' lang='lat' dir='ltr'><strong><em>fuit</em></strong></span> <span class='ocrx_word' id='word_1_401' title='bbox 2937 1392 3095 1449; x_wconf 89' lang='lat' dir='ltr'><strong><em>sinui</em></strong></span> <span class='ocrx_word' id='word_1_402' title='bbox 3143 1395 3443 1463; x_wconf 76' lang='lat' dir='ltr'><strong><em>Ceratiuo;</em></strong></span> <span class='ocrx_word' id='word_1_403' title='bbox 3470 1396 3565 1452; x_wconf 86' lang='lat' dir='ltr'><strong><em>sed</em></strong></span> <span class='ocrx_word' id='word_1_404' title='bbox 3601 1401 3651 1452; x_wconf 85' lang='lat' dir='ltr'><strong><em>et</em></strong></span> <span class='ocrx_word' id='word_1_405' title='bbox 3690 1413 3774 1471; x_wconf 86' lang='lat' dir='ltr'><strong><em>per</em></strong></span> 
     </span>
    </p>
   </div>
   <div class='ocr_carea' id='block_1_61' title="bbox 2165 1481 3773 1554">
    <p class='ocr_par' dir='ltr' id='par_1_61' title="bbox 2165 1481 3773 1554">
     <span class='ocr_line' id='line_1_61' title="bbox 2165 1481 3773 1554; baseline 0.003 -16"><span class='ocrx_word' id='word_1_406' title='bbox 2165 1482 2441 1538; x_wconf 86' lang='lat' dir='ltr'><strong><em>eumdem</em></strong></span> <span class='ocrx_word' id='word_1_407' title='bbox 2472 1481 2665 1538; x_wconf 91' lang='lat' dir='ltr'><strong><em>sinum</em></strong></span> <span class='ocrx_word' id='word_1_408' title='bbox 2699 1487 3020 1539; x_wconf 86' lang='lat' dir='ltr'><strong><em>Saracenos</em></strong></span> <span class='ocrx_word' id='word_1_409' title='bbox 3073 1482 3134 1538; x_wconf 87' lang='lat' dir='ltr'><strong><em>in</em></strong></span> <span class='ocrx_word' id='word_1_410' title='bbox 3183 1482 3571 1554; x_wconf 89' lang='lat' dir='ltr'><strong><em>Hebdomum,</em></strong></span> <span class='ocrx_word' id='word_1_411' title='bbox 3598 1502 3688 1543; x_wconf 87' lang='lat' dir='ltr'><strong><em>seu</em></strong></span> <span class='ocrx_word' id='word_1_412' title='bbox 3724 1487 3773 1543; x_wconf 86' lang='lat' dir='ltr'><strong><em>in</em></strong></span> 
     </span>
    </p>
   </div>
   <div class='ocr_carea' id='block_1_62' title="bbox 2166 1570 3776 1644">
    <p class='ocr_par' dir='ltr' id='par_1_62' title="bbox 2166 1570 3776 1644">
     <span class='ocr_line' id='line_1_62' title="bbox 2166 1570 3776 1644; baseline 0.003 -18"><span class='ocrx_word' id='word_1_413' title='bbox 2166 1575 2453 1644; x_wconf 89' lang='lat' dir='ltr'><strong><em>Campum</em></strong></span> <span class='ocrx_word' id='word_1_414' title='bbox 2504 1570 2634 1626; x_wconf 90' lang='lat' dir='ltr'><strong><em>urbi</em></strong></span> <span class='ocrx_word' id='word_1_415' title='bbox 2691 1570 3047 1642; x_wconf 85' lang='lat' dir='ltr'><strong><em>proximum,</em></strong></span> <span class='ocrx_word' id='word_1_416' title='bbox 3100 1571 3455 1643; x_wconf 73' lang='lat' dir='ltr'><strong><em>pervenisse,</em></strong></span> <span class='ocrx_word' id='word_1_417' title='bbox 3486 1590 3520 1630; x_wconf 91' lang='lat' dir='ltr'><strong><em>a</em></strong></span> <span class='ocrx_word' id='word_1_418' title='bbox 3569 1590 3669 1643; x_wconf 89' lang='lat' dir='ltr'><strong><em>quo</em></strong></span> <span class='ocrx_word' id='word_1_419' title='bbox 3716 1576 3776 1631; x_wconf 83' lang='lat' dir='ltr'><strong><em>ad</em></strong></span> 
     </span>
    </p>
   </div>
   <div class='ocr_carea' id='block_1_63' title="bbox 2167 1660 3776 1733">
    <p class='ocr_par' dir='ltr' id='par_1_63' title="bbox 2167 1660 3776 1733">
     <span class='ocr_line' id='line_1_63' title="bbox 2167 1660 3776 1733; baseline 0.002 -17"><span class='ocrx_word' id='word_1_420' title='bbox 2167 1660 2504 1733; x_wconf 78' lang='lat' dir='ltr'><strong><em>Cyclobium</em></strong></span> <span class='ocrx_word' id='word_1_421' title='bbox 2556 1676 2745 1731; x_wconf 90' lang='lat' dir='ltr'><strong><em>usque</em></strong></span> <span class='ocrx_word' id='word_1_422' title='bbox 2783 1660 2989 1716; x_wconf 86' lang='lat' dir='ltr'><strong><em>urbem</em></strong></span> <span class='ocrx_word' id='word_1_423' title='bbox 3037 1661 3187 1717; x_wconf 90' lang='lat' dir='ltr'><strong><em>mari</em></strong></span> <span class='ocrx_word' id='word_1_424' title='bbox 3240 1661 3536 1718; x_wconf 88' lang='lat' dir='ltr'><strong><em>obsedere.</em></strong></span> <span class='ocrx_word' id='word_1_425' title='bbox 3569 1662 3776 1720; x_wconf 85' lang='lat' dir='ltr'><strong><em>Proinde</em></strong></span> 
     </span>
    </p>
   </div>
   <div class='ocr_carea' id='block_1_64' title="bbox 2167 1742 3780 1823">
    <p class='ocr_par' dir='ltr' id='par_1_64' title="bbox 2167 1742 3780 1823">
     <span class='ocr_line' id='line_1_64' title="bbox 2167 1742 3780 1823; baseline -0.005 -18"><span class='ocrx_word' id='word_1_426' title='bbox 2167 1766 2301 1805; x_wconf 90' lang='lat' dir='ltr'><strong><em>cum</em></strong></span> <span class='ocrx_word' id='word_1_427' title='bbox 2355 1746 2625 1823; x_wconf 83' lang='grc' dir='ltr'><strong><em>παράλιον</em></strong></span> <span class='ocrx_word' id='word_1_428' title='bbox 2677 1750 2774 1801; x_wconf 79' lang='grc' dir='ltr'>τοῦ</span> <span class='ocrx_word' id='word_1_429' title='bbox 2831 1742 3128 1820; x_wconf 75' lang='grc' dir='ltr'><strong><em>Ἑϐδόμου,</em></strong></span> <span class='ocrx_word' id='word_1_430' title='bbox 3173 1748 3462 1822; x_wconf 79' lang='lat' dir='ltr'><strong><em>Georgius</em></strong></span> <span class='ocrx_word' id='word_1_431' title='bbox 3513 1750 3780 1808; x_wconf 62' lang='lat' dir='ltr'><strong><em>Humano.</em></strong></span> 
     </span>
    </p>
   </div>
   <div class='ocr_carea' id='block_1_65' title="bbox 2167 1829 3778 1911">
    <p class='ocr_par' dir='ltr' id='par_1_65' title="bbox 2167 1829 3778 1911">
     <span class='ocr_line' id='line_1_65' title="bbox 2167 1829 3778 1911; baseline 0.002 -18"><span class='ocrx_word' id='word_1_432' title='bbox 2167 1838 2280 1907; x_wconf 85' lang='lat' dir='ltr'><strong><em>lus,</em></strong></span> <span class='ocrx_word' id='word_1_433' title='bbox 2314 1844 2371 1894; x_wconf 91' lang='lat' dir='ltr'><strong><em>et</em></strong></span> <span class='ocrx_word' id='word_1_434' title='bbox 2415 1835 2698 1911; x_wconf 81' lang='grc' dir='ltr'>αἰγιαλοὺς</span> <span class='ocrx_word' id='word_1_435' title='bbox 2756 1840 2853 1890; x_wconf 78' lang='grc' dir='ltr'>τοῦ</span> <span class='ocrx_word' id='word_1_436' title='bbox 2879 1829 3153 1910; x_wconf 73' lang='grc' dir='ltr'>Ἑϐδόμου</span> <span class='ocrx_word' id='word_1_437' title='bbox 3195 1838 3347 1894; x_wconf 78' lang='lat' dir='ltr'><strong><em>dixit</em></strong></span> <span class='ocrx_word' id='word_1_438' title='bbox 3401 1839 3636 1911; x_wconf 78' lang='lat' dir='ltr'><strong><em>scriptor</em></strong></span> <span class='ocrx_word' id='word_1_439' title='bbox 3673 1839 3778 1896; x_wconf 76' lang='lat' dir='ltr'><strong><em>vita</em></strong></span> 
     </span>
    </p>
   </div>
   <div class='ocr_carea' id='block_1_66' title="bbox 2168 1926 3777 2001">
    <p class='ocr_par' dir='ltr' id='par_1_66' title="bbox 2168 1926 3777 2001">
     <span class='ocr_line' id='line_1_66' title="bbox 2168 1926 3777 2001; baseline 0.001 -17"><span class='ocrx_word' id='word_1_440' title='bbox 2168 1929 2227 1985; x_wconf 89' lang='lat' dir='ltr'><strong><em>S.</em></strong></span> <span class='ocrx_word' id='word_1_441' title='bbox 2264 1927 2456 1985; x_wconf 89' lang='lat' dir='ltr'><strong><em>Basilii</em></strong></span> <span class='ocrx_word' id='word_1_442' title='bbox 2487 1926 2773 1993; x_wconf 87' lang='lat' dir='ltr'><strong><em>Junioris,</em></strong></span> <span class='ocrx_word' id='word_1_443' title='bbox 2809 1944 2867 1982; x_wconf 91' lang='lat' dir='ltr'><strong><em>n.</em></strong></span> <span class='ocrx_word' id='word_1_444' title='bbox 2898 1928 2955 1995; x_wconf 89' lang='grc'><strong>7,</strong></span> <span class='ocrx_word' id='word_1_445' title='bbox 2982 1928 3253 2000; x_wconf 87' lang='lat' dir='ltr'><strong><em>ejusdem</em></strong></span> <span class='ocrx_word' id='word_1_446' title='bbox 3304 1927 3618 2001; x_wconf 85' lang='lat' dir='ltr'><strong><em>superioris</em></strong></span> <span class='ocrx_word' id='word_1_447' title='bbox 3645 1928 3777 1986; x_wconf 84' lang='lat' dir='ltr'><strong><em>sinus</em></strong></span> 
     </span>
    </p>
   </div>
   <div class='ocr_carea' id='block_1_67' title="bbox 2166 2015 3771 2089">
    <p class='ocr_par' dir='ltr' id='par_1_67' title="bbox 2166 2015 3771 2089">
     <span class='ocr_line' id='line_1_67' title="bbox 2166 2015 3771 2089; baseline 0.002 -17"><span class='ocrx_word' id='word_1_448' title='bbox 2166 2016 2361 2073; x_wconf 85' lang='lat' dir='ltr'><strong><em>littera</em></strong></span> <span class='ocrx_word' id='word_1_449' title='bbox 2407 2015 2655 2088; x_wconf 80' lang='lat' dir='ltr'><strong><em>intelligi</em></strong></span> <span class='ocrx_word' id='word_1_450' title='bbox 2706 2015 2942 2087; x_wconf 87' lang='lat' dir='ltr'><strong><em>debent,</em></strong></span> <span class='ocrx_word' id='word_1_451' title='bbox 2993 2017 3093 2071; x_wconf 91' lang='lat' dir='ltr'><strong><em>ubi</em></strong></span> <span class='ocrx_word' id='word_1_452' title='bbox 3151 2021 3365 2088; x_wconf 87' lang='lat' dir='ltr'><strong><em>portus</em></strong></span> <span class='ocrx_word' id='word_1_453' title='bbox 3418 2016 3519 2089; x_wconf 90' lang='lat' dir='ltr'><strong><em>qui</em></strong></span> <span class='ocrx_word' id='word_1_454' title='bbox 3575 2017 3629 2072; x_wconf 90' lang='lat' dir='ltr'><strong><em>in</em></strong></span> <span class='ocrx_word' id='word_1_455' title='bbox 3666 2016 3771 2077; x_wconf 78' lang='lat' dir='ltr'><strong><em>Heb-</em></strong></span> 
     </span>
    </p>
   </div>
   <div class='ocr_carea' id='block_1_68' title="bbox 2166 2102 3775 2181">
    <p class='ocr_par' dir='ltr' id='par_1_68' title="bbox 2166 2102 3775 2181">
     <span class='ocr_line' id='line_1_68' title="bbox 2166 2102 3775 2181; baseline -0.002 -20"><span class='ocrx_word' id='word_1_456' title='bbox 2166 2108 2339 2162; x_wconf 90' lang='lat' dir='ltr'><strong><em>domo</em></strong></span> <span class='ocrx_word' id='word_1_457' title='bbox 2383 2105 2678 2162; x_wconf 86' lang='lat' dir='ltr'><strong><em>exstitisse</em></strong></span> <span class='ocrx_word' id='word_1_458' title='bbox 2728 2110 3022 2176; x_wconf 88' lang='lat' dir='ltr'><strong><em>narratur,</em></strong></span> <span class='ocrx_word' id='word_1_459' title='bbox 3053 2122 3231 2176; x_wconf 87' lang='lat' dir='ltr'><strong><em>quem</em></strong></span> <span class='ocrx_word' id='word_1_460' title='bbox 3291 2104 3430 2181; x_wconf 84' lang='grc' dir='ltr'>πρὸς</span> <span class='ocrx_word' id='word_1_461' title='bbox 3489 2102 3775 2180; x_wconf 67' lang='grc' dir='ltr'>Βλαχέρναις</span> 
     </span>
    </p>
   </div>
   <div class='ocr_carea' id='block_1_69' title="bbox 2163 2194 3779 2269">
    <p class='ocr_par' dir='ltr' id='par_1_69' title="bbox 2163 2194 3779 2269">
     <span class='ocr_line' id='line_1_69' title="bbox 2163 2194 3779 2269; baseline 0.001 -18"><span class='ocrx_word' id='word_1_462' title='bbox 2163 2194 2372 2251; x_wconf 85' lang='grc' dir='ltr'>κόλπον</span> <span class='ocrx_word' id='word_1_463' title='bbox 2405 2202 2568 2253; x_wconf 84' lang='lat' dir='ltr'><strong><em>vocat</em></strong></span> <span class='ocrx_word' id='word_1_464' title='bbox 2607 2196 2906 2269; x_wconf 81' lang='lat' dir='ltr'><strong><em>Scylitzes,</em></strong></span> <span class='ocrx_word' id='word_1_465' title='bbox 2939 2198 3118 2253; x_wconf 87' lang='lat' dir='ltr'><strong><em>statui</em></strong></span> <span class='ocrx_word' id='word_1_466' title='bbox 3168 2198 3369 2266; x_wconf 88' lang='lat' dir='ltr'><strong><em>debet,</em></strong></span> <span class='ocrx_word' id='word_1_467' title='bbox 3396 2215 3512 2253; x_wconf 90' lang='lat' dir='ltr'><strong><em>non</em></strong></span> <span class='ocrx_word' id='word_1_468' title='bbox 3561 2199 3627 2254; x_wconf 92' lang='lat' dir='ltr'><strong><em>ad</em></strong></span> <span class='ocrx_word' id='word_1_469' title='bbox 3669 2198 3779 2253; x_wconf 83' lang='lat' dir='ltr'><strong><em>Pro-</em></strong></span> 
     </span>
    </p>
   </div>
   <div class='ocr_carea' id='block_1_70' title="bbox 2164 2286 3783 2359">
    <p class='ocr_par' dir='ltr' id='par_1_70' title="bbox 2164 2286 3783 2359">
     <span class='ocr_line' id='line_1_70' title="bbox 2164 2286 3783 2359; baseline -0.002 -16"><span class='ocrx_word' id='word_1_470' title='bbox 2164 2288 2484 2359; x_wconf 89' lang='lat' dir='ltr'><strong><em>pontidem.</em></strong></span> <span class='ocrx_word' id='word_1_471' title='bbox 2517 2286 2624 2351; x_wconf 91' lang='lat' dir='ltr'><strong><em>Qui</em></strong></span> <span class='ocrx_word' id='word_1_472' title='bbox 2684 2286 2922 2358; x_wconf 89' lang='lat' dir='ltr'><strong><em>quidem</em></strong></span> <span class='ocrx_word' id='word_1_473' title='bbox 2977 2292 3178 2357; x_wconf 89' lang='lat' dir='ltr'><strong><em>portus</em></strong></span> <span class='ocrx_word' id='word_1_474' title='bbox 3232 2286 3294 2346; x_wconf 88' lang='lat' dir='ltr'><strong><em>.is</em></strong></span> <span class='ocrx_word' id='word_1_475' title='bbox 3347 2286 3595 2353; x_wconf 86' lang='lat' dir='ltr'><strong><em>videtur,</em></strong></span> <span class='ocrx_word' id='word_1_476' title='bbox 3638 2302 3783 2358; x_wconf 84' lang='lat' dir='ltr'><strong><em>quem</em></strong></span> 
     </span>
    </p>
   </div>
   <div class='ocr_carea' id='block_1_71' title="bbox 2165 2368 3787 2448">
    <p class='ocr_par' dir='ltr' id='par_1_71' title="bbox 2165 2368 3787 2448">
     <span class='ocr_line' id='line_1_71' title="bbox 2165 2368 3787 2448; baseline 0.001 -20"><span class='ocrx_word' id='word_1_477' title='bbox 2165 2371 2362 2447; x_wconf 80' lang='grc' dir='ltr'>λιμένα</span> <span class='ocrx_word' id='word_1_478' title='bbox 2417 2378 2513 2429; x_wconf 80' lang='grc' dir='ltr'><strong><em>τοῦ</em></strong></span> <span class='ocrx_word' id='word_1_479' title='bbox 2568 2368 2842 2446; x_wconf 79' lang='grc' dir='ltr'>Ἑϐδόμου</span> <span class='ocrx_word' id='word_1_480' title='bbox 2898 2380 3085 2445; x_wconf 86' lang='lat' dir='ltr'><strong><em>vocat,</em></strong></span> <span class='ocrx_word' id='word_1_481' title='bbox 3143 2379 3204 2431; x_wconf 86' lang='lat' dir='ltr'><strong><em>et</em></strong></span> <span class='ocrx_word' id='word_1_482' title='bbox 3264 2380 3580 2448; x_wconf 84' lang='lat' dir='ltr'><strong><em>purgatum</em></strong></span> <span class='ocrx_word' id='word_1_483' title='bbox 3636 2375 3787 2430; x_wconf 85' lang='lat' dir='ltr'><strong><em>fuisse</em></strong></span> 
     </span>
    </p>
   </div>
   <div class='ocr_carea' id='block_1_72' title="bbox 2163 2462 3786 2536">
    <p class='ocr_par' dir='ltr' id='par_1_72' title="bbox 2163 2462 3786 2536">
     <span class='ocr_line' id='line_1_72' title="bbox 2163 2462 3786 2536; baseline -0.002 -16"><span class='ocrx_word' id='word_1_484' title='bbox 2163 2481 2317 2520; x_wconf 86' lang='lat' dir='ltr'><strong><em>anno</em></strong></span> <span class='ocrx_word' id='word_1_485' title='bbox 2345 2465 2418 2520; x_wconf 86' lang='lat'><strong><em>25</em></strong></span> <span class='ocrx_word' id='word_1_486' title='bbox 2453 2463 2773 2520; x_wconf 87' lang='lat' dir='ltr'><strong><em>Justiniani</em></strong></span> <span class='ocrx_word' id='word_1_487' title='bbox 2807 2463 3015 2519; x_wconf 84' lang='lat' dir='ltr'><strong><em>scribit</em></strong></span> <span class='ocrx_word' id='word_1_488' title='bbox 3070 2463 3232 2520; x_wconf 83' lang='lat' dir='ltr'><strong><em>idem</em></strong></span> <span class='ocrx_word' id='word_1_489' title='bbox 3281 2463 3664 2536; x_wconf 86' lang='lat' dir='ltr'><strong><em>Theophanes</em></strong></span> <span class='ocrx_word' id='word_1_490' title='bbox 3687 2479 3703 2517; x_wconf 85' lang='lat'><strong>:</strong></span> <span class='ocrx_word' id='word_1_491' title='bbox 3726 2462 3786 2517; x_wconf 86' lang='lat' dir='ltr'><strong><em>ad</em></strong></span> 
     </span>
    </p>
   </div>
   <div class='ocr_carea' id='block_1_73' title="bbox 2163 2550 3792 2625">
    <p class='ocr_par' dir='ltr' id='par_1_73' title="bbox 2163 2550 3792 2625">
     <span class='ocr_line' id='line_1_73' title="bbox 2163 2550 3792 2625; baseline -0.002 -16"><span class='ocrx_word' id='word_1_492' title='bbox 2163 2570 2335 2625; x_wconf 88' lang='lat' dir='ltr'><strong><em>quem</em></strong></span> <span class='ocrx_word' id='word_1_493' title='bbox 2368 2552 2587 2608; x_wconf 87' lang='lat' dir='ltr'><strong><em>scilicet</em></strong></span> <span class='ocrx_word' id='word_1_494' title='bbox 2613 2551 2827 2608; x_wconf 85' lang='lat' dir='ltr'><strong><em>Tiberii</em></strong></span> <span class='ocrx_word' id='word_1_495' title='bbox 2866 2551 3241 2608; x_wconf 85' lang='lat' dir='ltr'><strong><em>Constantini</em></strong></span> <span class='ocrx_word' id='word_1_496' title='bbox 3294 2552 3678 2624; x_wconf 87' lang='lat' dir='ltr'><strong><em>imperatoris,</em></strong></span> <span class='ocrx_word' id='word_1_497' title='bbox 3709 2550 3792 2622; x_wconf 90' lang='lat' dir='ltr'><strong><em>qui</em></strong></span> 
     </span>
    </p>
   </div>
   <div class='ocr_carea' id='block_1_74' title="bbox 2162 2634 3792 2715">
    <p class='ocr_par' dir='ltr' id='par_1_74' title="bbox 2162 2634 3792 2715">
     <span class='ocr_line' id='line_1_74' title="bbox 2162 2634 3792 2715; baseline -0.003 -20"><span class='ocrx_word' id='word_1_498' title='bbox 2162 2640 2213 2696; x_wconf 72' lang='grc' dir='ltr'>ἐν</span> <span class='ocrx_word' id='word_1_499' title='bbox 2273 2642 2555 2715; x_wconf 75' lang='grc' dir='ltr'>προκέσσῳ</span> <span class='ocrx_word' id='word_1_500' title='bbox 2600 2644 2697 2695; x_wconf 74' lang='grc' dir='ltr'>τοῦ</span> <span class='ocrx_word' id='word_1_501' title='bbox 2752 2634 3025 2713; x_wconf 79' lang='grc' dir='ltr'><strong><em>Ἑϐδόμου</em></strong></span> <span class='ocrx_word' id='word_1_502' title='bbox 3074 2642 3330 2707; x_wconf 89' lang='lat' dir='ltr'><strong><em>obierat,</em></strong></span> <span class='ocrx_word' id='word_1_503' title='bbox 3362 2642 3612 2697; x_wconf 80' lang='lat' dir='ltr'><strong><em>cadaver</em></strong></span> <span class='ocrx_word' id='word_1_504' title='bbox 3659 2635 3792 2711; x_wconf 64' lang='grc' dir='ltr'>πλοῒ,</span> 
     </span>
    </p>
   </div>
   <div class='ocr_carea' id='block_1_75' title="bbox 2163 2730 3795 2803">
    <p class='ocr_par' dir='ltr' id='par_1_75' title="bbox 2163 2730 3795 2803">
     <span class='ocr_line' id='line_1_75' title="bbox 2163 2730 3795 2803; baseline -0.002 -15"><span class='ocrx_word' id='word_1_505' title='bbox 2163 2748 2266 2788; x_wconf 91' lang='lat' dir='ltr'><strong><em>seu</em></strong></span> <span class='ocrx_word' id='word_1_506' title='bbox 2297 2730 2548 2803; x_wconf 86' lang='lat' dir='ltr'><strong><em>navigio,</em></strong></span> <span class='ocrx_word' id='word_1_507' title='bbox 2583 2735 2647 2785; x_wconf 89' lang='lat' dir='ltr'><strong><em>ut</em></strong></span> <span class='ocrx_word' id='word_1_508' title='bbox 2693 2735 2781 2786; x_wconf 88' lang='lat' dir='ltr'><strong><em>est</em></strong></span> <span class='ocrx_word' id='word_1_509' title='bbox 2825 2731 2883 2786; x_wconf 90' lang='lat' dir='ltr'><strong><em>iu</em></strong></span> <span class='ocrx_word' id='word_1_510' title='bbox 2916 2731 3190 2787; x_wconf 78' lang='lat' dir='ltr'><strong><em>Chronico</em></strong></span> <span class='ocrx_word' id='word_1_511' title='bbox 3224 2732 3627 2799; x_wconf 72' lang='lat' dir='ltr'><strong><em>Alexandrino,</em></strong></span> <span class='ocrx_word' id='word_1_512' title='bbox 3656 2730 3795 2785; x_wconf 79' lang='lat' dir='ltr'><strong><em>dela-</em></strong></span> 
     </span>
    </p>
   </div>
   <div class='ocr_carea' id='block_1_76' title="bbox 2162 2818 3797 2889">
    <p class='ocr_par' dir='ltr' id='par_1_76' title="bbox 2162 2818 3797 2889">
     <span class='ocr_line' id='line_1_76' title="bbox 2162 2818 3797 2889; baseline -0.002 -13"><span class='ocrx_word' id='word_1_513' title='bbox 2162 2824 2288 2876; x_wconf 89' lang='lat' dir='ltr'><strong><em>tum</em></strong></span> <span class='ocrx_word' id='word_1_514' title='bbox 2324 2823 2430 2875; x_wconf 87' lang='lat' dir='ltr'><strong><em>est.</em></strong></span> <span class='ocrx_word' id='word_1_515' title='bbox 2463 2819 2571 2874; x_wconf 87' lang='lat' dir='ltr'><strong><em>Sed</em></strong></span> <span class='ocrx_word' id='word_1_516' title='bbox 2599 2823 2657 2874; x_wconf 85' lang='lat' dir='ltr'><strong><em>et</em></strong></span> <span class='ocrx_word' id='word_1_517' title='bbox 2687 2820 2758 2874; x_wconf 86' lang='lat' dir='ltr'><strong><em>de</em></strong></span> <span class='ocrx_word' id='word_1_518' title='bbox 2788 2818 3085 2875; x_wconf 88' lang='lat' dir='ltr'><strong><em>similibus</em></strong></span> <span class='ocrx_word' id='word_1_519' title='bbox 3116 2819 3254 2877; x_wconf 88' lang='lat' dir='ltr'><strong><em>aliis</em></strong></span> <span class='ocrx_word' id='word_1_520' title='bbox 3278 2884 3284 2889; x_wconf 45' lang='grc'><em>,</em></span> <span class='ocrx_word' id='word_1_521' title='bbox 3304 2821 3366 2876; x_wconf 90' lang='lat' dir='ltr'><strong><em>in</em></strong></span> <span class='ocrx_word' id='word_1_522' title='bbox 3414 2819 3721 2885; x_wconf 78' lang='lat' dir='ltr'><strong><em>Hebdomo,</em></strong></span> <span class='ocrx_word' id='word_1_523' title='bbox 3750 2819 3797 2873; x_wconf 82' lang='lat' dir='ltr'><strong><em>et</em></strong></span> 
     </span>
    </p>
   </div>
   <div class='ocr_carea' id='block_1_77' title="bbox 2163 2907 3804 2984">
    <p class='ocr_par' dir='ltr' id='par_1_77' title="bbox 2163 2907 3804 2984">
     <span class='ocr_line' id='line_1_77' title="bbox 2163 2907 3804 2984; baseline -0.002 -19"><span class='ocrx_word' id='word_1_524' title='bbox 2163 2911 2235 2965; x_wconf 92' lang='lat' dir='ltr'><strong><em>ad</em></strong></span> <span class='ocrx_word' id='word_1_525' title='bbox 2294 2908 2491 2963; x_wconf 89' lang='lat' dir='ltr'><strong><em>sinum</em></strong></span> <span class='ocrx_word' id='word_1_526' title='bbox 2548 2909 2883 2964; x_wconf 88' lang='lat' dir='ltr'><strong><em>Ceratiuum</em></strong></span> <span class='ocrx_word' id='word_1_527' title='bbox 2932 2907 3188 2984; x_wconf 70' lang='grc' dir='ltr'>νεωρίοις</span> <span class='ocrx_word' id='word_1_528' title='bbox 3232 2910 3474 2983; x_wconf 81' lang='lat' dir='ltr'><strong><em>egimus</em></strong></span> <span class='ocrx_word' id='word_1_529' title='bbox 3512 2908 3573 2964; x_wconf 91' lang='lat' dir='ltr'><strong><em>in</em></strong></span> <span class='ocrx_word' id='word_1_530' title='bbox 3624 2911 3804 2963; x_wconf 83' lang='lat' dir='ltr'><strong><em>nostra</em></strong></span> 
     </span>
    </p>
   </div>
   <div class='ocr_carea' id='block_1_78' title="bbox 2166 2994 3801 3070">
    <p class='ocr_par' dir='ltr' id='par_1_78' title="bbox 2166 2994 3801 3070">
     <span class='ocr_line' id='line_1_78' title="bbox 2166 2994 3801 3070; baseline -0.003 -16"><span class='ocrx_word' id='word_1_531' title='bbox 2166 2998 2665 3068; x_wconf 83' lang='lat' dir='ltr'><strong><em>Constantinopoli.</em></strong></span> <span class='ocrx_word' id='word_1_532' title='bbox 2698 2997 2821 3052; x_wconf 85' lang='lat' dir='ltr'><strong><em>Non</em></strong></span> <span class='ocrx_word' id='word_1_533' title='bbox 2855 2996 3071 3052; x_wconf 89' lang='lat' dir='ltr'><strong><em>mirum</em></strong></span> <span class='ocrx_word' id='word_1_534' title='bbox 3106 2997 3304 3070; x_wconf 86' lang='lat' dir='ltr'><strong><em>igitur</em></strong></span> <span class='ocrx_word' id='word_1_535' title='bbox 3348 2998 3396 3054; x_wconf 92' lang='lat' dir='ltr'><strong><em>si</em></strong></span> <span class='ocrx_word' id='word_1_536' title='bbox 3458 2994 3801 3053; x_wconf 87' lang='lat' dir='ltr'><strong><em>Hebdomum</em></strong></span> 
     </span>
    </p>
   </div>
   <div class='ocr_carea' id='block_1_79' title="bbox 2162 3081 3805 3160">
    <p class='ocr_par' dir='ltr' id='par_1_79' title="bbox 2162 3081 3805 3160">
     <span class='ocr_line' id='line_1_79' title="bbox 2162 3081 3805 3160; baseline -0.001 -19"><span class='ocrx_word' id='word_1_537' title='bbox 2162 3081 2599 3160; x_wconf 73' lang='grc' dir='ltr'>παραθαλάσσιος</span> <span class='ocrx_word' id='word_1_538' title='bbox 2645 3082 2811 3146; x_wconf 81' lang='grc' dir='ltr'>τόπος</span> <span class='ocrx_word' id='word_1_539' title='bbox 2875 3085 3106 3141; x_wconf 78' lang='lat' dir='ltr'><strong><em>dicatur</em></strong></span> <span class='ocrx_word' id='word_1_540' title='bbox 3189 3086 3485 3159; x_wconf 84' lang='lat' dir='ltr'><strong><em>Procopio</em></strong></span> <span class='ocrx_word' id='word_1_541' title='bbox 3549 3090 3606 3142; x_wconf 87' lang='lat' dir='ltr'><strong><em>et</em></strong></span> <span class='ocrx_word' id='word_1_542' title='bbox 3658 3084 3805 3140; x_wconf 88' lang='lat' dir='ltr'><strong><em>Nice-</em></strong></span> 
     </span>
    </p>
   </div>
   <div class='ocr_carea' id='block_1_80' title="bbox 2164 3171 3804 3249">
    <p class='ocr_par' dir='ltr' id='par_1_80' title="bbox 2164 3171 3804 3249">
     <span class='ocr_line' id='line_1_80' title="bbox 2164 3171 3804 3249; baseline -0.002 -18"><span class='ocrx_word' id='word_1_543' title='bbox 2164 3176 2348 3249; x_wconf 88' lang='lat' dir='ltr'><strong><em>phoro</em></strong></span> <span class='ocrx_word' id='word_1_544' title='bbox 2377 3173 2881 3247; x_wconf 84' lang='lat' dir='ltr'><strong><em>Coustantinopol.</em></strong></span> <span class='ocrx_word' id='word_1_545' title='bbox 2916 3174 2976 3229; x_wconf 89' lang='lat' dir='ltr'><strong><em>in</em></strong></span> <span class='ocrx_word' id='word_1_546' title='bbox 3008 3174 3155 3231; x_wconf 84' lang='lat' dir='ltr'><strong><em>Hist.</em></strong></span> <span class='ocrx_word' id='word_1_547' title='bbox 3189 3175 3363 3246; x_wconf 86' lang='lat' dir='ltr'><strong><em>quod</em></strong></span> <span class='ocrx_word' id='word_1_548' title='bbox 3395 3174 3623 3232; x_wconf 89' lang='lat' dir='ltr'><strong><em>scilicet</em></strong></span> <span class='ocrx_word' id='word_1_549' title='bbox 3660 3171 3804 3229; x_wconf 81' lang='lat' dir='ltr'><strong><em>sinus</em></strong></span> 
     </span>
    </p>
   </div>
   <div class='ocr_carea' id='block_1_81' title="bbox 2162 3261 3124 3334">
    <p class='ocr_par' dir='ltr' id='par_1_81' title="bbox 2162 3261 3124 3334">
     <span class='ocr_line' id='line_1_81' title="bbox 2162 3261 3124 3334; baseline -0.003 -13"><span class='ocrx_word' id='word_1_550' title='bbox 2162 3261 2413 3321; x_wconf 76' lang='lat' dir='ltr'><strong><em>Oeratini</em></strong></span> <span class='ocrx_word' id='word_1_551' title='bbox 2451 3261 2750 3317; x_wconf 86' lang='lat' dir='ltr'><strong><em>littoribus</em></strong></span> <span class='ocrx_word' id='word_1_552' title='bbox 2780 3262 3124 3334; x_wconf 80' lang='lat' dir='ltr'><strong><em>adiacuerit.</em></strong></span> 
     </span>
    </p>
   </div>
   <div class='ocr_carea' id='block_1_82' title="bbox 2230 3367 3799 3443">
    <p class='ocr_par' dir='ltr' id='par_1_82' title="bbox 2230 3367 3799 3443">
     <span class='ocr_line' id='line_1_82' title="bbox 2230 3367 3799 3443; baseline -0.002 -19"><span class='ocrx_word' id='word_1_553' title='bbox 2230 3368 2380 3425; x_wconf 84' lang='lat' dir='ltr'><strong><em>XIII.</em></strong></span> <span class='ocrx_word' id='word_1_554' title='bbox 2412 3368 2625 3424; x_wconf 90' lang='lat' dir='ltr'><strong><em>Scribit</em></strong></span> <span class='ocrx_word' id='word_1_555' title='bbox 2662 3368 3045 3440; x_wconf 88' lang='lat' dir='ltr'><strong><em>Theophanes</em></strong></span> <span class='ocrx_word' id='word_1_556' title='bbox 3102 3367 3519 3443; x_wconf 86' lang='lat' dir='ltr'><strong><em>Nicephorum</em></strong></span> <span class='ocrx_word' id='word_1_557' title='bbox 3569 3367 3799 3424; x_wconf 89' lang='lat' dir='ltr'><strong><em>Phocam</em></strong></span> 
     </span>
    </p>
   </div>
   <div class='ocr_carea' id='block_1_83' title="bbox 2160 3457 3805 3531">
    <p class='ocr_par' dir='ltr' id='par_1_83' title="bbox 2160 3457 3805 3531">
     <span class='ocr_line' id='line_1_83' title="bbox 2160 3457 3805 3531; baseline -0.002 -17"><span class='ocrx_word' id='word_1_558' title='bbox 2160 3459 2574 3531; x_wconf 88' lang='lat' dir='ltr'><strong><em>imperatorem</em></strong></span> <span class='ocrx_word' id='word_1_559' title='bbox 2627 3457 3038 3525; x_wconf 86' lang='lat' dir='ltr'><strong><em>acclamatum,</em></strong></span> <span class='ocrx_word' id='word_1_560' title='bbox 3089 3457 3474 3531; x_wconf 87' lang='lat' dir='ltr'><strong><em>Chrysopoli,</em></strong></span> <span class='ocrx_word' id='word_1_561' title='bbox 3527 3473 3644 3530; x_wconf 89' lang='lat' dir='ltr'><strong><em>quo</em></strong></span> <span class='ocrx_word' id='word_1_562' title='bbox 3689 3470 3805 3512; x_wconf 88' lang='lat' dir='ltr'><strong><em>cum</em></strong></span> 
     </span>
    </p>
   </div>
   <div class='ocr_carea' id='block_1_84' title="bbox 2162 3545 3803 3620">
    <p class='ocr_par' dir='ltr' id='par_1_84' title="bbox 2162 3545 3803 3620">
     <span class='ocr_line' id='line_1_84' title="bbox 2162 3545 3803 3620; baseline -0.004 -16"><span class='ocrx_word' id='word_1_563' title='bbox 2162 3546 2350 3604; x_wconf 88' lang='lat' dir='ltr'><strong><em>classe</em></strong></span> <span class='ocrx_word' id='word_1_564' title='bbox 2380 3545 2706 3620; x_wconf 88' lang='lat' dir='ltr'><strong><em>appulerat,</em></strong></span> <span class='ocrx_word' id='word_1_565' title='bbox 2746 3546 3122 3617; x_wconf 88' lang='lat' dir='ltr'><strong><em>imperatorio</em></strong></span> <span class='ocrx_word' id='word_1_566' title='bbox 3156 3546 3457 3604; x_wconf 88' lang='lat' dir='ltr'><strong><em>dromone</em></strong></span> <span class='ocrx_word' id='word_1_567' title='bbox 3496 3549 3803 3616; x_wconf 86' lang='lat' dir='ltr'><strong><em>assumpto,</em></strong></span> 
     </span>
    </p>
   </div>
   <div class='ocr_carea' id='block_1_85' title="bbox 2164 3629 3818 3708">
    <p class='ocr_par' dir='ltr' id='par_1_85' title="bbox 2164 3629 3818 3708">
     <span class='ocr_line' id='line_1_85' title="bbox 2164 3629 3818 3708; baseline -0.002 -17"><span class='ocrx_word' id='word_1_568' title='bbox 2164 3636 2239 3698; x_wconf 76' lang='grc' dir='ltr'>εἰς</span> <span class='ocrx_word' id='word_1_569' title='bbox 2266 3635 2327 3691; x_wconf 85' lang='grc' dir='ltr'><strong><em>τὸ</em></strong></span> <span class='ocrx_word' id='word_1_570' title='bbox 2356 3629 2633 3708; x_wconf 81' lang='grc' dir='ltr'>Ἕϐδομον</span> <span class='ocrx_word' id='word_1_571' title='bbox 2667 3653 2701 3691; x_wconf 90' lang='lat' dir='ltr'><strong><em>a</em></strong></span> <span class='ocrx_word' id='word_1_572' title='bbox 2732 3635 2991 3692; x_wconf 87' lang='lat' dir='ltr'><strong><em>Prasinis</em></strong></span> <span class='ocrx_word' id='word_1_573' title='bbox 3033 3636 3393 3704; x_wconf 85' lang='lat' dir='ltr'><strong><em>deductum,</em></strong></span> <span class='ocrx_word' id='word_1_574' title='bbox 3432 3636 3537 3692; x_wconf 90' lang='lat' dir='ltr'><strong><em>ubi</em></strong></span> <span class='ocrx_word' id='word_1_575' title='bbox 3589 3634 3818 3700; x_wconf 83' lang='lat' dir='ltr'><strong><em>scilicet,</em></strong></span> 
     </span>
    </p>
   </div>
   <div class='ocr_carea' id='block_1_86' title="bbox 2164 3722 3819 3797">
    <p class='ocr_par' dir='ltr' id='par_1_86' title="bbox 2164 3722 3819 3797">
     <span class='ocr_line' id='line_1_86' title="bbox 2164 3722 3819 3797; baseline -0.004 -15"><span class='ocrx_word' id='word_1_576' title='bbox 2164 3726 2491 3783; x_wconf 89' lang='lat' dir='ltr'><strong><em>secundum</em></strong></span> <span class='ocrx_word' id='word_1_577' title='bbox 2524 3728 2822 3797; x_wconf 89' lang='lat' dir='ltr'><strong><em>receptum</em></strong></span> <span class='ocrx_word' id='word_1_578' title='bbox 2867 3740 3115 3793; x_wconf 87' lang='lat' dir='ltr'><strong><em>morem,</em></strong></span> <span class='ocrx_word' id='word_1_579' title='bbox 3142 3725 3488 3796; x_wconf 84' lang='lat' dir='ltr'><strong><em>imperator</em></strong></span> <span class='ocrx_word' id='word_1_580' title='bbox 3528 3725 3589 3781; x_wconf 90' lang='lat' dir='ltr'><strong><em>in</em></strong></span> <span class='ocrx_word' id='word_1_581' title='bbox 3635 3722 3819 3780; x_wconf 87' lang='lat' dir='ltr'><strong><em>Tribu-</em></strong></span> 
     </span>
    </p>
   </div>
   <div class='ocr_carea' id='block_1_87' title="bbox 2165 3805 3819 3887">
    <p class='ocr_par' dir='ltr' id='par_1_87' title="bbox 2165 3805 3819 3887">
     <span class='ocr_line' id='line_1_87' title="bbox 2165 3805 3819 3887; baseline -0.002 -16"><span class='ocrx_word' id='word_1_582' title='bbox 2165 3814 2284 3871; x_wconf 90' lang='lat' dir='ltr'><strong><em>nali</em></strong></span> <span class='ocrx_word' id='word_1_583' title='bbox 2333 3805 2774 3871; x_wconf 81' lang='lat' dir='ltr'><strong><em>acclamaretur.</em></strong></span> <span class='ocrx_word' id='word_1_584' title='bbox 2826 3812 3170 3886; x_wconf 84' lang='lat' dir='ltr'><strong><em>Chrysopoli</em></strong></span> <span class='ocrx_word' id='word_1_585' title='bbox 3216 3831 3469 3887; x_wconf 88' lang='lat' dir='ltr'><strong><em>nempe,</em></strong></span> <span class='ocrx_word' id='word_1_586' title='bbox 3500 3830 3631 3887; x_wconf 69' lang='lat' dir='ltr'><strong><em>quas</em></strong></span> <span class='ocrx_word' id='word_1_587' title='bbox 3668 3813 3819 3870; x_wconf 86' lang='lat' dir='ltr'><strong><em>Cera-</em></strong></span> 
     </span>
    </p>
   </div>
   <div class='ocr_carea' id='block_1_88' title="bbox 2165 3902 3823 3976">
    <p class='ocr_par' dir='ltr' id='par_1_88' title="bbox 2165 3902 3823 3976">
     <span class='ocr_line' id='line_1_88' title="bbox 2165 3902 3823 3976; baseline -0.004 -16"><span class='ocrx_word' id='word_1_588' title='bbox 2165 3905 2287 3960; x_wconf 89' lang='lat' dir='ltr'><strong><em>tino</em></strong></span> <span class='ocrx_word' id='word_1_589' title='bbox 2346 3902 2743 3976; x_wconf 88' lang='lat' dir='ltr'><strong><em>promontorio</em></strong></span> <span class='ocrx_word' id='word_1_590' title='bbox 2820 3902 3266 3971; x_wconf 88' lang='lat' dir='ltr'><strong><em>obversabatur,</em></strong></span> <span class='ocrx_word' id='word_1_591' title='bbox 3328 3921 3455 3960; x_wconf 89' lang='lat' dir='ltr'><strong><em>non</em></strong></span> <span class='ocrx_word' id='word_1_592' title='bbox 3510 3904 3573 3959; x_wconf 89' lang='lat' dir='ltr'><strong><em>in</em></strong></span> <span class='ocrx_word' id='word_1_593' title='bbox 3634 3903 3823 3958; x_wconf 89' lang='lat' dir='ltr'><strong><em>urbem</em></strong></span> 
     </span>
    </p>
   </div>
   <div class='ocr_carea' id='block_1_89' title="bbox 2164 3988 3825 4064">
    <p class='ocr_par' dir='ltr' id='par_1_89' title="bbox 2164 3988 3825 4064">
     <span class='ocr_line' id='line_1_89' title="bbox 2164 3988 3825 4064; baseline -0.003 -15"><span class='ocrx_word' id='word_1_594' title='bbox 2164 3994 2422 4063; x_wconf 87' lang='lat' dir='ltr'><strong><em>transiit,</em></strong></span> <span class='ocrx_word' id='word_1_595' title='bbox 2454 3992 2555 4049; x_wconf 90' lang='lat' dir='ltr'><strong><em>sed</em></strong></span> <span class='ocrx_word' id='word_1_596' title='bbox 2588 4007 2826 4048; x_wconf 90' lang='lat' dir='ltr'><strong><em>emenso</em></strong></span> <span class='ocrx_word' id='word_1_597' title='bbox 2861 3990 2989 4064; x_wconf 90' lang='lat' dir='ltr'><strong><em>ipso</em></strong></span> <span class='ocrx_word' id='word_1_598' title='bbox 3031 3991 3167 4048; x_wconf 90' lang='lat' dir='ltr'><strong><em>sinu</em></strong></span> <span class='ocrx_word' id='word_1_599' title='bbox 3219 3992 3533 4060; x_wconf 85' lang='lat' dir='ltr'><strong><em>Ceratino,</em></strong></span> <span class='ocrx_word' id='word_1_600' title='bbox 3561 3991 3634 4047; x_wconf 90' lang='lat' dir='ltr'><strong><em>ad</em></strong></span> <span class='ocrx_word' id='word_1_601' title='bbox 3690 3988 3825 4045; x_wconf 88' lang='lat' dir='ltr'><strong><em>Heb-</em></strong></span> 
     </span>
    </p>
   </div>
   <div class='ocr_carea' id='block_1_90' title="bbox 2165 4080 3827 4154">
    <p class='ocr_par' dir='ltr' id='par_1_90' title="bbox 2165 4080 3827 4154">
     <span class='ocr_line' id='line_1_90' title="bbox 2165 4080 3827 4154; baseline -0.003 -16"><span class='ocrx_word' id='word_1_602' title='bbox 2165 4083 2408 4138; x_wconf 91' lang='lat' dir='ltr'><strong><em>domum</em></strong></span> <span class='ocrx_word' id='word_1_603' title='bbox 2442 4080 2750 4154; x_wconf 89' lang='lat' dir='ltr'><strong><em>pervenit:</em></strong></span> <span class='ocrx_word' id='word_1_604' title='bbox 2780 4081 2936 4151; x_wconf 92' lang='lat' dir='ltr'><strong><em>quod</em></strong></span> <span class='ocrx_word' id='word_1_605' title='bbox 2983 4080 3201 4137; x_wconf 86' lang='lat' dir='ltr'><strong><em>clarius</em></strong></span> <span class='ocrx_word' id='word_1_606' title='bbox 3261 4086 3484 4138; x_wconf 88' lang='lat' dir='ltr'><strong><em>narrat</em></strong></span> <span class='ocrx_word' id='word_1_607' title='bbox 3540 4080 3827 4154; x_wconf 76' lang='lat' dir='ltr'><strong><em>Scylitaes,</em></strong></span> 
     </span>
    </p>
   </div>
   <div class='ocr_carea' id='block_1_91' title="bbox 2166 4166 3829 4244">
    <p class='ocr_par' dir='ltr' id='par_1_91' title="bbox 2166 4166 3829 4244">
     <span class='ocr_line' id='line_1_91' title="bbox 2166 4166 3829 4244; baseline -0.002 -17"><span class='ocrx_word' id='word_1_608' title='bbox 2166 4171 2403 4228; x_wconf 85' lang='lat' dir='ltr'><strong><em>tradens</em></strong></span> <span class='ocrx_word' id='word_1_609' title='bbox 2430 4170 2825 4242; x_wconf 88' lang='lat' dir='ltr'><strong><em>Nicephorum</em></strong></span> <span class='ocrx_word' id='word_1_610' title='bbox 2860 4185 2994 4226; x_wconf 86' lang='lat' dir='ltr'><strong><em>cum</em></strong></span> <span class='ocrx_word' id='word_1_611' title='bbox 3027 4173 3148 4227; x_wconf 88' lang='lat' dir='ltr'><strong><em>tota</em></strong></span> <span class='ocrx_word' id='word_1_612' title='bbox 3181 4170 3385 4227; x_wconf 87' lang='lat' dir='ltr'><strong><em>classe</em></strong></span> <span class='ocrx_word' id='word_1_613' title='bbox 3427 4166 3829 4244; x_wconf 83' lang='lat' dir='ltr'><strong><em>Chrysopolim</em></strong></span> 
     </span>
    </p>
   </div>
   <div class='ocr_carea' id='block_1_92' title="bbox 2167 4256 3833 4332">
    <p class='ocr_par' dir='ltr' id='par_1_92' title="bbox 2167 4256 3833 4332">
     <span class='ocr_line' id='line_1_92' title="bbox 2167 4256 3833 4332; baseline -0.004 -16"><span class='ocrx_word' id='word_1_614' title='bbox 2167 4260 2490 4331; x_wconf 88' lang='lat' dir='ltr'><strong><em>trajecisse,</em></strong></span> <span class='ocrx_word' id='word_1_615' title='bbox 2552 4258 2807 4332; x_wconf 84' lang='lat' dir='ltr'><strong><em>indeque</em></strong></span> <span class='ocrx_word' id='word_1_616' title='bbox 2860 4258 2930 4314; x_wconf 84' lang='lat' dir='ltr'><strong><em>ad</em></strong></span> <span class='ocrx_word' id='word_1_617' title='bbox 2990 4256 3398 4327; x_wconf 89' lang='lat' dir='ltr'><strong><em>Hebdomum,</em></strong></span> <span class='ocrx_word' id='word_1_618' title='bbox 3458 4263 3645 4332; x_wconf 88' lang='lat' dir='ltr'><strong><em>atque</em></strong></span> <span class='ocrx_word' id='word_1_619' title='bbox 3706 4256 3833 4311; x_wconf 86' lang='lat' dir='ltr'><strong><em>hinc</em></strong></span> 
     </span>
    </p>
   </div>
   <div class='ocr_carea' id='block_1_93' title="bbox 2165 4339 3828 4424">
    <p class='ocr_par' dir='ltr' id='par_1_93' title="bbox 2165 4339 3828 4424">
     <span class='ocr_line' id='line_1_93' title="bbox 2165 4339 3828 4424; baseline -0.004 -23"><span class='ocrx_word' id='word_1_620' title='bbox 2165 4348 2336 4401; x_wconf 78' lang='grc' dir='ltr'>πάντα</span> <span class='ocrx_word' id='word_1_621' title='bbox 2388 4347 2479 4400; x_wconf 87' lang='grc' dir='ltr'><strong><em>τὸν</em></strong></span> <span class='ocrx_word' id='word_1_622' title='bbox 2542 4341 2718 4419; x_wconf 82' lang='grc' dir='ltr'>δῆμον</span> <span class='ocrx_word' id='word_1_623' title='bbox 2773 4351 2876 4414; x_wconf 82' lang='grc' dir='ltr'>τῆς</span> <span class='ocrx_word' id='word_1_624' title='bbox 2931 4343 3151 4407; x_wconf 78' lang='grc' dir='ltr'>πόλεως</span> <span class='ocrx_word' id='word_1_625' title='bbox 3213 4347 3338 4419; x_wconf 78' lang='grc' dir='ltr'><strong>μετ’</strong></span> <span class='ocrx_word' id='word_1_626' title='bbox 3392 4345 3693 4424; x_wconf 76' lang='grc' dir='ltr'>εὐφημιῶν</span> <span class='ocrx_word' id='word_1_627' title='bbox 3746 4339 3828 4396; x_wconf 76' lang='grc' dir='ltr'><strong><em>καὶ</em></strong></span> 
     </span>
    </p>
   </div>
   <div class='ocr_carea' id='block_1_94' title="bbox 2163 4432 3835 4514">
    <p class='ocr_par' dir='ltr' id='par_1_94' title="bbox 2163 4432 3835 4514">
     <span class='ocr_line' id='line_1_94' title="bbox 2163 4432 3835 4514; baseline -0.002 -23"><span class='ocrx_word' id='word_1_628' title='bbox 2163 4437 2396 4514; x_wconf 82' lang='grc' dir='ltr'>κρότων,</span> <span class='ocrx_word' id='word_1_629' title='bbox 2457 4432 2726 4508; x_wconf 73' lang='grc' dir='ltr'>δημοσίας</span> <span class='ocrx_word' id='word_1_630' title='bbox 2806 4435 3099 4509; x_wconf 55' lang='grc' dir='ltr'>γινομένης</span> <span class='ocrx_word' id='word_1_631' title='bbox 3161 4433 3446 4511; x_wconf 80' lang='grc' dir='ltr'>προόδου,</span> <span class='ocrx_word' id='word_1_632' title='bbox 3508 4436 3572 4493; x_wconf 87' lang='lat' dir='ltr'><strong><em>in</em></strong></span> <span class='ocrx_word' id='word_1_633' title='bbox 3643 4436 3835 4491; x_wconf 84' lang='lat' dir='ltr'><strong><em>urbem</em></strong></span> 
     </span>
    </p>
   </div>
   <div class='ocr_carea' id='block_1_95' title="bbox 2165 4520 3832 4599">
    <p class='ocr_par' dir='ltr' id='par_1_95' title="bbox 2165 4520 3832 4599">
     <span class='ocr_line' id='line_1_95' title="bbox 2165 4520 3832 4599; baseline -0.004 -18"><span class='ocrx_word' id='word_1_634' title='bbox 2165 4525 2583 4591; x_wconf 84' lang='lat' dir='ltr'><strong><em>introduxisse,</em></strong></span> <span class='ocrx_word' id='word_1_635' title='bbox 2634 4520 2724 4578; x_wconf 78' lang='grc' dir='ltr'>διὰ</span> <span class='ocrx_word' id='word_1_636' title='bbox 2776 4529 2877 4592; x_wconf 83' lang='grc' dir='ltr'>τῆς</span> <span class='ocrx_word' id='word_1_637' title='bbox 2931 4523 3151 4599; x_wconf 79' lang='grc' dir='ltr'>Χρυσῆς</span> <span class='ocrx_word' id='word_1_638' title='bbox 3208 4522 3458 4599; x_wconf 83' lang='grc' dir='ltr'>πόρτας,</span> <span class='ocrx_word' id='word_1_639' title='bbox 3509 4541 3620 4598; x_wconf 90' lang='lat' dir='ltr'><strong><em>per</em></strong></span> <span class='ocrx_word' id='word_1_640' title='bbox 3666 4534 3832 4596; x_wconf 86' lang='lat' dir='ltr'><strong><em>quam</em></strong></span> 
     </span>
    </p>
   </div>
   <div class='ocr_carea' id='block_1_96' title="bbox 408 4596 3837 4689">
    <p class='ocr_par' dir='ltr' id='par_1_96' title="bbox 408 4596 3837 4689">
     <span class='ocr_line' id='line_1_96' title="bbox 408 4596 3837 4689; baseline -0.002 -16"><span class='ocrx_word' id='word_1_641' title='bbox 408 4623 474 4675; x_wconf 92' lang='lat' dir='ltr'><strong><em>ut</em></strong></span> <span class='ocrx_word' id='word_1_642' title='bbox 504 4596 836 4689; x_wconf 76' lang='lat' dir='ltr'><strong><em>provimum</em></strong></span> <span class='ocrx_word' id='word_1_643' title='bbox 891 4596 1071 4668; x_wconf 66' lang='lat' dir='ltr'><strong><em>fuerit</em></strong></span> <span class='ocrx_word' id='word_1_644' title='bbox 1124 4612 1453 4679; x_wconf 74' lang='lat' dir='ltr'><strong><em>Magnaurae</em></strong></span> <span class='ocrx_word' id='word_1_645' title='bbox 1511 4603 1749 4678; x_wconf 63' lang='lat' dir='ltr'><strong><em>Palatio.</em></strong></span> <span class='ocrx_word' id='word_1_646' title='bbox 1783 4603 1936 4675; x_wconf 64' lang='lat' dir='ltr'><strong><em>(100d</em></strong></span> <span class='ocrx_word' id='word_1_647' title='bbox 1995 4604 2055 4658; x_wconf 72' lang='lat' dir='ltr'><strong><em>in</em></strong></span> <span class='ocrx_word' id='word_1_648' title='bbox 2090 4596 2135 4661; x_wconf 79' lang='lat' dir='ltr'><strong>D</strong></span> <span class='ocrx_word' id='word_1_649' title='bbox 2165 4614 2388 4671; x_wconf 84' lang='lat' dir='ltr'><strong><em>scilicet</em></strong></span> <span class='ocrx_word' id='word_1_650' title='bbox 2417 4612 2690 4671; x_wconf 87' lang='lat' dir='ltr'><strong><em>solennes</em></strong></span> <span class='ocrx_word' id='word_1_651' title='bbox 2713 4596 3021 4687; x_wconf 85' lang='lat' dir='ltr'><strong><em>ingressus</em></strong></span> <span class='ocrx_word' id='word_1_652' title='bbox 3050 4614 3175 4671; x_wconf 83' lang='lat' dir='ltr'><strong><em>fieri</em></strong></span> <span class='ocrx_word' id='word_1_653' title='bbox 3206 4596 3434 4672; x_wconf 86' lang='lat' dir='ltr'><strong><em>solitos</em></strong></span> <span class='ocrx_word' id='word_1_654' title='bbox 3466 4596 3615 4672; x_wconf 82' lang='lat' dir='ltr'><strong><em>alibi</em></strong></span> <span class='ocrx_word' id='word_1_655' title='bbox 3649 4614 3837 4669; x_wconf 88' lang='lat' dir='ltr'><strong><em>obser-</em></strong></span> 
     </span>
    </p>
   </div>
   <div class='ocr_carea' id='block_1_97' title="bbox 407 4691 2056 4763">
    <p class='ocr_par' dir='ltr' id='par_1_97' title="bbox 407 4691 2056 4763">
     <span class='ocr_line' id='line_1_97' title="bbox 407 4691 2056 4763; baseline -0.01 0"><span class='ocrx_word' id='word_1_656' title='bbox 407 4707 547 4763; x_wconf 85' lang='lat' dir='ltr'><strong><em>urbe</em></strong></span> <span class='ocrx_word' id='word_1_657' title='bbox 578 4710 635 4761; x_wconf 89' lang='lat' dir='ltr'><strong><em>et</em></strong></span> <span class='ocrx_word' id='word_1_658' title='bbox 664 4705 735 4761; x_wconf 90' lang='lat' dir='ltr'><strong><em>ad</em></strong></span> <span class='ocrx_word' id='word_1_659' title='bbox 768 4702 932 4759; x_wconf 89' lang='lat' dir='ltr'><strong><em>urbis</em></strong></span> <span class='ocrx_word' id='word_1_660' title='bbox 973 4715 1177 4756; x_wconf 90' lang='lat' dir='ltr'><strong><em>muros</em></strong></span> <span class='ocrx_word' id='word_1_661' title='bbox 1221 4712 1427 4752; x_wconf 88' lang='lat' dir='ltr'><strong><em>versus</em></strong></span> <span class='ocrx_word' id='word_1_662' title='bbox 1467 4710 1739 4751; x_wconf 88' lang='lat' dir='ltr'><strong><em>occasum</em></strong></span> <span class='ocrx_word' id='word_1_663' title='bbox 1788 4691 2056 4748; x_wconf 82' lang='lat' dir='ltr'><strong><em>exstitit?</em></strong></span> 
     </span>
    </p>
   </div>
   <div class='ocr_carea' id='block_1_98' title="bbox 406 4789 2053 4877">
    <p class='ocr_par' dir='ltr' id='par_1_98' title="bbox 406 4789 2053 4877">
     <span class='ocr_line' id='line_1_98' title="bbox 406 4789 2053 4877; baseline -0.01 -17"><span class='ocrx_word' id='word_1_664' title='bbox 406 4804 548 4877; x_wconf 86' lang='lat' dir='ltr'><strong><em>Quis</em></strong></span> <span class='ocrx_word' id='word_1_665' title='bbox 580 4802 832 4874; x_wconf 89' lang='lat' dir='ltr'><strong><em>denique</em></strong></span> <span class='ocrx_word' id='word_1_666' title='bbox 861 4799 919 4855; x_wconf 91' lang='lat' dir='ltr'><strong><em>in</em></strong></span> <span class='ocrx_word' id='word_1_667' title='bbox 972 4801 1227 4853; x_wconf 90' lang='lat' dir='ltr'><strong><em>mentem</em></strong></span> <span class='ocrx_word' id='word_1_668' title='bbox 1281 4793 1392 4850; x_wconf 87' lang='lat' dir='ltr'><strong><em>sibi</em></strong></span> <span class='ocrx_word' id='word_1_669' title='bbox 1442 4791 1754 4857; x_wconf 82' lang='lat' dir='ltr'><strong><em>induxerit,</em></strong></span> <span class='ocrx_word' id='word_1_670' title='bbox 1787 4790 1874 4846; x_wconf 90' lang='lat' dir='ltr'><strong><em>vel</em></strong></span> <span class='ocrx_word' id='word_1_671' title='bbox 1907 4789 2053 4846; x_wconf 83' lang='lat' dir='ltr'><strong><em>scri-</em></strong></span> 
     </span>
    </p>
   </div>
   <div class='ocr_carea' id='block_1_99' title="bbox 406 4880 2054 4960">
    <p class='ocr_par' dir='ltr' id='par_1_99' title="bbox 406 4880 2054 4960">
     <span class='ocr_line' id='line_1_99' title="bbox 406 4880 2054 4960; baseline -0.008 -11"><span class='ocrx_word' id='word_1_672' title='bbox 406 4895 541 4949; x_wconf 90' lang='lat' dir='ltr'><strong><em>bere</em></strong></span> <span class='ocrx_word' id='word_1_673' title='bbox 597 4890 864 4960; x_wconf 89' lang='lat' dir='ltr'><strong><em>voluerit,</em></strong></span> <span class='ocrx_word' id='word_1_674' title='bbox 904 4890 1225 4944; x_wconf 84' lang='lat' dir='ltr'><strong><em>Saracenos</em></strong></span> <span class='ocrx_word' id='word_1_675' title='bbox 1276 4883 1479 4938; x_wconf 87' lang='lat' dir='ltr'><strong><em>urbem</em></strong></span> <span class='ocrx_word' id='word_1_676' title='bbox 1523 4880 1825 4936; x_wconf 90' lang='lat' dir='ltr'><strong><em>obsedisse</em></strong></span> <span class='ocrx_word' id='word_1_677' title='bbox 1875 4896 1909 4935; x_wconf 91' lang='lat' dir='ltr'><strong><em>a</em></strong></span> <span class='ocrx_word' id='word_1_678' title='bbox 1963 4896 2054 4935; x_wconf 92' lang='lat' dir='ltr'><strong><em>se-</em></strong></span> 
     </span>
    </p>
   </div>
   <div class='ocr_carea' id='block_1_100' title="bbox 404 4968 2055 5054">
    <p class='ocr_par' dir='ltr' id='par_1_100' title="bbox 404 4968 2055 5054">
     <span class='ocr_line' id='line_1_100' title="bbox 404 4968 2055 5054; baseline -0.007 -18"><span class='ocrx_word' id='word_1_679' title='bbox 404 4980 590 5054; x_wconf 89' lang='lat' dir='ltr'><strong><em>ptimo</em></strong></span> <span class='ocrx_word' id='word_1_680' title='bbox 619 4978 857 5034; x_wconf 88' lang='lat' dir='ltr'><strong><em>milliari</em></strong></span> <span class='ocrx_word' id='word_1_681' title='bbox 902 4992 1110 5031; x_wconf 87' lang='lat' dir='ltr'><strong><em>versus</em></strong></span> <span class='ocrx_word' id='word_1_682' title='bbox 1140 4972 1453 5042; x_wconf 79' lang='lat' dir='ltr'><strong><em>Rhegium,</em></strong></span> <span class='ocrx_word' id='word_1_683' title='bbox 1484 4968 1664 5041; x_wconf 90' lang='lat' dir='ltr'><strong><em>(quod</em></strong></span> <span class='ocrx_word' id='word_1_684' title='bbox 1700 4970 1765 5022; x_wconf 83' lang='lat' dir='ltr'><strong><em>t2</em></strong></span> <span class='ocrx_word' id='word_1_685' title='bbox 1806 4968 1878 5023; x_wconf 91' lang='lat' dir='ltr'><strong><em>ab</em></strong></span> <span class='ocrx_word' id='word_1_686' title='bbox 1911 4968 2055 5024; x_wconf 90' lang='lat' dir='ltr'><strong><em>urbe</em></strong></span> 
     </span>
    </p>
   </div>
   <div class='ocr_carea' id='block_1_101' title="bbox 400 5056 2056 5145">
    <p class='ocr_par' dir='ltr' id='par_1_101' title="bbox 400 5056 2056 5145">
     <span class='ocr_line' id='line_1_101' title="bbox 400 5056 2056 5145; baseline -0.009 -19"><span class='ocrx_word' id='word_1_687' title='bbox 400 5070 596 5145; x_wconf 91' lang='lat' dir='ltr'><strong><em>lapide</em></strong></span> <span class='ocrx_word' id='word_1_688' title='bbox 627 5070 699 5124; x_wconf 90' lang='lat' dir='ltr'><strong><em>ad</em></strong></span> <span class='ocrx_word' id='word_1_689' title='bbox 732 5065 1143 5140; x_wconf 79' lang='lat' dir='ltr'><strong><em>Propontidem</em></strong></span> <span class='ocrx_word' id='word_1_690' title='bbox 1200 5063 1257 5115; x_wconf 89' lang='lat' dir='ltr'><strong><em>in</em></strong></span> <span class='ocrx_word' id='word_1_691' title='bbox 1318 5061 1532 5114; x_wconf 87' lang='lat' dir='ltr'><strong><em>Charta</em></strong></span> <span class='ocrx_word' id='word_1_692' title='bbox 1604 5056 2056 5129; x_wconf 88' lang='lat' dir='ltr'><strong><em>Peutingeriaua</em></strong></span> 
     </span>
    </p>
   </div>
   <div class='ocr_carea' id='block_1_102' title="bbox 399 5146 2051 5229">
    <p class='ocr_par' dir='ltr' id='par_1_102' title="bbox 399 5146 2051 5229">
     <span class='ocr_line' id='line_1_102' title="bbox 399 5146 2051 5229; baseline -0.01 -11"><span class='ocrx_word' id='word_1_693' title='bbox 399 5160 705 5229; x_wconf 86' lang='lat' dir='ltr'><strong><em>statuitur)</em></strong></span> <span class='ocrx_word' id='word_1_694' title='bbox 738 5158 810 5215; x_wconf 90' lang='lat' dir='ltr'><strong><em>ad</em></strong></span> <span class='ocrx_word' id='word_1_695' title='bbox 842 5154 1207 5229; x_wconf 80' lang='lat' dir='ltr'><strong><em>Cyclobium,</em></strong></span> <span class='ocrx_word' id='word_1_696' title='bbox 1241 5150 1341 5206; x_wconf 89' lang='lat' dir='ltr'><strong><em>sed</em></strong></span> <span class='ocrx_word' id='word_1_697' title='bbox 1366 5146 1675 5204; x_wconf 86' lang='lat' dir='ltr'><strong><em>castellum</em></strong></span> <span class='ocrx_word' id='word_1_698' title='bbox 1709 5147 2051 5213; x_wconf 91' lang='lat' dir='ltr'><strong><em>rotundum,</em></strong></span> 
     </span>
    </p>
   </div>
   <div class='ocr_carea' id='block_1_103' title="bbox 397 5236 2051 5326">
    <p class='ocr_par' dir='ltr' id='par_1_103' title="bbox 397 5236 2051 5326">
     <span class='ocr_line' id='line_1_103' title="bbox 397 5236 2051 5326; baseline -0.01 -18"><span class='ocrx_word' id='word_1_699' title='bbox 397 5252 554 5326; x_wconf 90' lang='lat' dir='ltr'><strong><em>quod</em></strong></span> <span class='ocrx_word' id='word_1_700' title='bbox 590 5249 780 5306; x_wconf 85' lang='lat' dir='ltr'><strong><em>eidem</em></strong></span> <span class='ocrx_word' id='word_1_701' title='bbox 816 5241 1151 5318; x_wconf 83' lang='lat' dir='ltr'><strong><em>Propontidi</em></strong></span> <span class='ocrx_word' id='word_1_702' title='bbox 1193 5237 1473 5311; x_wconf 87' lang='lat' dir='ltr'><strong><em>adjacuit,</em></strong></span> <span class='ocrx_word' id='word_1_703' title='bbox 1506 5236 1677 5291; x_wconf 88' lang='lat' dir='ltr'><strong><em>hodie</em></strong></span> <span class='ocrx_word' id='word_1_704' title='bbox 1728 5236 2051 5291; x_wconf 86' lang='lat' dir='ltr'><strong><em>etiamnum</em></strong></span> 
     </span>
    </p>
   </div>
   <div class='ocr_carea' id='block_1_104' title="bbox 396 5324 2055 5413">
    <p class='ocr_par' dir='ltr' id='par_1_104' title="bbox 396 5324 2055 5413">
     <span class='ocr_line' id='line_1_104' title="bbox 396 5324 2055 5413; baseline -0.011 -15"><span class='ocrx_word' id='word_1_705' title='bbox 396 5324 791 5413; x_wconf 67' lang='lat' dir='ltr'><strong><em>Heptapyrgio</em></strong></span> <span class='ocrx_word' id='word_1_706' title='bbox 823 5334 1119 5390; x_wconf 89' lang='lat' dir='ltr'><strong><em>inclusum</em></strong></span> <span class='ocrx_word' id='word_1_707' title='bbox 1141 5335 1163 5388; x_wconf 75' lang='grc' dir='ltr'><strong><em>Ρ</em></strong></span> <span class='ocrx_word' id='word_1_708' title='bbox 1187 5329 1376 5385; x_wconf 89' lang='lat' dir='ltr'><strong><em>Veluti</em></strong></span> <span class='ocrx_word' id='word_1_709' title='bbox 1410 5327 1456 5381; x_wconf 88' lang='lat' dir='ltr'><strong><em>si</em></strong></span> <span class='ocrx_word' id='word_1_710' title='bbox 1492 5325 1625 5398; x_wconf 86' lang='lat' dir='ltr'><strong><em>quis</em></strong></span> <span class='ocrx_word' id='word_1_711' title='bbox 1649 5324 1865 5379; x_wconf 89' lang='lat' dir='ltr'><strong><em>diceret</em></strong></span> <span class='ocrx_word' id='word_1_712' title='bbox 1887 5325 2055 5381; x_wconf 87' lang='lat' dir='ltr'><strong><em>Lute-</em></strong></span> 
     </span>
    </p>
   </div>
   <div class='ocr_carea' id='block_1_105' title="bbox 397 5413 2050 5486">
    <p class='ocr_par' dir='ltr' id='par_1_105' title="bbox 397 5413 2050 5486">
     <span class='ocr_line' id='line_1_105' title="bbox 397 5413 2050 5486; baseline -0.01 -1"><span class='ocrx_word' id='word_1_713' title='bbox 397 5429 538 5486; x_wconf 86' lang='lat' dir='ltr'><strong><em>tiam</em></strong></span> <span class='ocrx_word' id='word_1_714' title='bbox 572 5429 772 5484; x_wconf 87' lang='lat' dir='ltr'><strong><em>hostes</em></strong></span> <span class='ocrx_word' id='word_1_715' title='bbox 803 5422 1228 5483; x_wconf 78' lang='lat' dir='ltr'><strong><em>circumsedere</em></strong></span> <span class='ocrx_word' id='word_1_716' title='bbox 1260 5436 1293 5474; x_wconf 86' lang='lat' dir='ltr'><strong><em>a</em></strong></span> <span class='ocrx_word' id='word_1_717' title='bbox 1316 5415 1593 5472; x_wconf 75' lang='lat' dir='ltr'><strong><em>Vorsaliis</em></strong></span> <span class='ocrx_word' id='word_1_718' title='bbox 1627 5413 1695 5468; x_wconf 88' lang='lat' dir='ltr'><strong><em>ad</em></strong></span> <span class='ocrx_word' id='word_1_719' title='bbox 1728 5418 2050 5486; x_wconf 80' lang='lat' dir='ltr'><strong><em>Lupercum</em></strong></span> 
     </span>
    </p>
   </div>
   <div class='ocr_carea' id='block_1_106' title="bbox 400 5501 2049 5589">
    <p class='ocr_par' dir='ltr' id='par_1_106' title="bbox 400 5501 2049 5589">
     <span class='ocr_line' id='line_1_106' title="bbox 400 5501 2049 5589; baseline -0.009 -15"><span class='ocrx_word' id='word_1_720' title='bbox 400 5534 589 5589; x_wconf 91' lang='lat' dir='ltr'><strong><em>usque</em></strong></span> <span class='ocrx_word' id='word_1_721' title='bbox 651 5515 966 5578; x_wconf 86' lang='lat' dir='ltr'><strong><em>Palatium,</em></strong></span> <span class='ocrx_word' id='word_1_722' title='bbox 1021 5511 1071 5566; x_wconf 87' lang='lat' dir='ltr'><strong><em>is</em></strong></span> <span class='ocrx_word' id='word_1_723' title='bbox 1121 5514 1275 5565; x_wconf 87' lang='lat' dir='ltr'><strong><em>certe</em></strong></span> <span class='ocrx_word' id='word_1_724' title='bbox 1331 5501 1654 5562; x_wconf 89' lang='lat' dir='ltr'><strong><em>deridiculo</em></strong></span> <span class='ocrx_word' id='word_1_725' title='bbox 1712 5502 2049 5559; x_wconf 89' lang='lat' dir='ltr'><strong><em>haberetur.</em></strong></span> 
     </span>
    </p>
   </div>
   <div class='ocr_carea' id='block_1_107' title="bbox 401 5600 2054 5684">
    <p class='ocr_par' dir='ltr' id='par_1_107' title="bbox 401 5600 2054 5684">
     <span class='ocr_line' id='line_1_107' title="bbox 401 5600 2054 5684; baseline -0.007 -16"><span class='ocrx_word' id='word_1_726' title='bbox 401 5614 613 5671; x_wconf 87' lang='lat' dir='ltr'><strong><em>Videat</em></strong></span> <span class='ocrx_word' id='word_1_727' title='bbox 636 5614 776 5684; x_wconf 89' lang='lat' dir='ltr'><strong><em>quid</em></strong></span> <span class='ocrx_word' id='word_1_728' title='bbox 828 5613 1093 5681; x_wconf 87' lang='lat' dir='ltr'><strong><em>reponat,</em></strong></span> <span class='ocrx_word' id='word_1_729' title='bbox 1126 5610 1183 5662; x_wconf 89' lang='lat' dir='ltr'><strong><em>et</em></strong></span> <span class='ocrx_word' id='word_1_730' title='bbox 1233 5604 1453 5661; x_wconf 90' lang='lat' dir='ltr'><strong><em>nodum</em></strong></span> <span class='ocrx_word' id='word_1_731' title='bbox 1507 5601 1664 5657; x_wconf 90' lang='lat' dir='ltr'><strong><em>hunc</em></strong></span> <span class='ocrx_word' id='word_1_732' title='bbox 1720 5601 1911 5658; x_wconf 89' lang='lat' dir='ltr'><strong><em>solvat</em></strong></span> <span class='ocrx_word' id='word_1_733' title='bbox 1964 5600 2054 5660; x_wconf 88' lang='lat' dir='ltr'><strong><em>vir</em></strong></span> 
     </span>
    </p>
   </div>
   <div class='ocr_carea' id='block_1_108' title="bbox 403 5690 2051 5767">
    <p class='ocr_par' dir='ltr' id='par_1_108' title="bbox 403 5690 2051 5767">
     <span class='ocr_line' id='line_1_108' title="bbox 403 5690 2051 5767; baseline -0.007 -9"><span class='ocrx_word' id='word_1_734' title='bbox 403 5702 693 5766; x_wconf 86' lang='lat' dir='ltr'><strong><em>eruditus,</em></strong></span> <span class='ocrx_word' id='word_1_735' title='bbox 724 5701 771 5754; x_wconf 88' lang='lat' dir='ltr'><strong><em>si</em></strong></span> <span class='ocrx_word' id='word_1_736' title='bbox 806 5704 996 5754; x_wconf 83' lang='lat' dir='ltr'><strong><em>tamen</em></strong></span> <span class='ocrx_word' id='word_1_737' title='bbox 1032 5699 1240 5767; x_wconf 87' lang='lat' dir='ltr'><strong><em>potest,</em></strong></span> <span class='ocrx_word' id='word_1_738' title='bbox 1273 5691 1363 5746; x_wconf 87' lang='lat' dir='ltr'><strong><em>vel</em></strong></span> <span class='ocrx_word' id='word_1_739' title='bbox 1392 5695 1544 5746; x_wconf 88' lang='lat' dir='ltr'><strong><em>certe</em></strong></span> <span class='ocrx_word' id='word_1_740' title='bbox 1576 5690 1795 5762; x_wconf 90' lang='lat' dir='ltr'><strong><em>aliquid</em></strong></span> <span class='ocrx_word' id='word_1_741' title='bbox 1835 5690 2051 5761; x_wconf 87' lang='lat' dir='ltr'><strong><em>proba-</em></strong></span> 
     </span>
    </p>
   </div>
   <div class='ocr_carea' id='block_1_109' title="bbox 2162 4699 3835 4775">
    <p class='ocr_par' dir='ltr' id='par_1_109' title="bbox 2162 4699 3835 4775">
     <span class='ocr_line' id='line_1_109' title="bbox 2162 4699 3835 4775; baseline -0.005 -14"><span class='ocrx_word' id='word_1_742' title='bbox 2162 4706 2454 4772; x_wconf 88' lang='lat' dir='ltr'><strong><em>vavimus,</em></strong></span> <span class='ocrx_word' id='word_1_743' title='bbox 2487 4703 2641 4775; x_wconf 91' lang='lat' dir='ltr'><strong><em>quod</em></strong></span> <span class='ocrx_word' id='word_1_744' title='bbox 2700 4707 2758 4758; x_wconf 90' lang='lat' dir='ltr'><strong><em>et</em></strong></span> <span class='ocrx_word' id='word_1_745' title='bbox 2814 4706 3040 4759; x_wconf 82' lang='lat' dir='ltr'><strong><em>exserte</em></strong></span> <span class='ocrx_word' id='word_1_746' title='bbox 3089 4703 3259 4759; x_wconf 85' lang='lat' dir='ltr'><strong><em>decet</em></strong></span> <span class='ocrx_word' id='word_1_747' title='bbox 3309 4704 3756 4760; x_wconf 86' lang='lat' dir='ltr'><strong><em>Constantinus</em></strong></span> <span class='ocrx_word' id='word_1_748' title='bbox 3784 4699 3835 4753; x_wconf 89' lang='lat' dir='ltr'><strong><em>in</em></strong></span> 
     </span>
    </p>
   </div>
   <div class='ocr_carea' id='block_1_110' title="bbox 2164 4790 3844 4864">
    <p class='ocr_par' dir='ltr' id='par_1_110' title="bbox 2164 4790 3844 4864">
     <span class='ocr_line' id='line_1_110' title="bbox 2164 4790 3844 4864; baseline -0.005 -11"><span class='ocrx_word' id='word_1_749' title='bbox 2164 4795 2291 4853; x_wconf 87' lang='lat' dir='ltr'><strong><em>Vita</em></strong></span> <span class='ocrx_word' id='word_1_750' title='bbox 2341 4792 2539 4849; x_wconf 84' lang='lat' dir='ltr'><strong><em>Basilii</em></strong></span> <span class='ocrx_word' id='word_1_751' title='bbox 2588 4792 2730 4864; x_wconf 89' lang='lat' dir='ltr'><strong><em>imp.</em></strong></span> <span class='ocrx_word' id='word_1_752' title='bbox 2771 4808 2830 4848; x_wconf 90' lang='lat' dir='ltr'><strong><em>u.</em></strong></span> <span class='ocrx_word' id='word_1_753' title='bbox 2864 4793 2935 4847; x_wconf 79' lang='grc'><strong><em>40</em></strong></span> <span class='ocrx_word' id='word_1_754' title='bbox 2980 4791 3121 4848; x_wconf 82' lang='lat' dir='ltr'><strong><em>edit.</em></strong></span> <span class='ocrx_word' id='word_1_755' title='bbox 3154 4791 3541 4849; x_wconf 82' lang='lat' dir='ltr'><strong><em>Combeﬁsii.</em></strong></span> <span class='ocrx_word' id='word_1_756' title='bbox 3575 4792 3645 4848; x_wconf 86' lang='lat' dir='ltr'><strong><em>Et</em></strong></span> <span class='ocrx_word' id='word_1_757' title='bbox 3673 4790 3844 4847; x_wconf 87' lang='lat' dir='ltr'><strong><em>Zona-</em></strong></span> 
     </span>
    </p>
   </div>
   <div class='ocr_carea' id='block_1_111' title="bbox 2163 4874 3841 4958">
    <p class='ocr_par' dir='ltr' id='par_1_111' title="bbox 2163 4874 3841 4958">
     <span class='ocr_line' id='line_1_111' title="bbox 2163 4874 3841 4958; baseline -0.007 -19"><span class='ocrx_word' id='word_1_758' title='bbox 2163 4881 2433 4940; x_wconf 72' lang='lat' dir='ltr'><strong><em>raszTov</em></strong></span> <span class='ocrx_word' id='word_1_759' title='bbox 2495 4879 2808 4958; x_wconf 80' lang='grc' dir='ltr'>Νικηφόρον</span> <span class='ocrx_word' id='word_1_760' title='bbox 2868 4878 3068 4943; x_wconf 73' lang='grc' dir='ltr'><strong><em>ἐκεῖθεν</em></strong></span> <span class='ocrx_word' id='word_1_761' title='bbox 3152 4881 3569 4955; x_wconf 77' lang='lat' dir='ltr'><strong><em>(Chrysopoli)</em></strong></span> <span class='ocrx_word' id='word_1_762' title='bbox 3653 4878 3729 4939; x_wconf 81' lang='grc' dir='ltr'><strong><em>εἷς</em></strong></span> <span class='ocrx_word' id='word_1_763' title='bbox 3784 4874 3841 4929; x_wconf 83' lang='grc' dir='ltr'><strong><em>τὸ</em></strong></span> 
     </span>
    </p>
   </div>
   <div class='ocr_carea' id='block_1_112' title="bbox 2160 4964 3847 5049">
    <p class='ocr_par' dir='ltr' id='par_1_112' title="bbox 2160 4964 3847 5049">
     <span class='ocr_line' id='line_1_112' title="bbox 2160 4964 3847 5049; baseline -0.005 -23"><span class='ocrx_word' id='word_1_764' title='bbox 2160 4966 2439 5045; x_wconf 77' lang='grc' dir='ltr'>Ἓϐδομον</span> <span class='ocrx_word' id='word_1_765' title='bbox 2486 4966 2713 5049; x_wconf 72' lang='grc' dir='ltr'>ἄγουσι,</span> <span class='ocrx_word' id='word_1_766' title='bbox 2768 4969 3012 5024; x_wconf 79' lang='grc' dir='ltr'>κάκεῖθεν</span> <span class='ocrx_word' id='word_1_767' title='bbox 3072 4968 3164 5023; x_wconf 77' lang='grc' dir='ltr'><strong><em>σὺν</em></strong></span> <span class='ocrx_word' id='word_1_768' title='bbox 3225 4966 3476 5044; x_wconf 80' lang='grc' dir='ltr'>προόδῳ</span> <span class='ocrx_word' id='word_1_769' title='bbox 3542 4964 3847 5042; x_wconf 79' lang='grc' dir='ltr'><strong><em>δημοτελεῖ</em></strong></span> 
     </span>
    </p>
   </div>
   <div class='ocr_carea' id='block_1_113' title="bbox 2164 5056 3842 5134">
    <p class='ocr_par' dir='ltr' id='par_1_113' title="bbox 2164 5056 3842 5134">
     <span class='ocr_line' id='line_1_113' title="bbox 2164 5056 3842 5134; baseline -0.004 -18"><span class='ocrx_word' id='word_1_770' title='bbox 2164 5061 2240 5123; x_wconf 82' lang='grc' dir='ltr'><strong><em>εἷς</em></strong></span> <span class='ocrx_word' id='word_1_771' title='bbox 2267 5062 2366 5129; x_wconf 79' lang='grc' dir='ltr'><strong><em>τήν</em></strong></span> <span class='ocrx_word' id='word_1_772' title='bbox 2403 5057 2657 5134; x_wconf 81' lang='grc' dir='ltr'>Μεγάλην</span> <span class='ocrx_word' id='word_1_773' title='bbox 2686 5056 3000 5128; x_wconf 76' lang='grc' dir='ltr'><strong><em>ἐκκλησίαν.</em></strong></span> <span class='ocrx_word' id='word_1_774' title='bbox 3034 5058 3144 5114; x_wconf 90' lang='lat' dir='ltr'><strong><em>Ubi</em></strong></span> <span class='ocrx_word' id='word_1_775' title='bbox 3201 5075 3418 5126; x_wconf 86' lang='lat' dir='ltr'><strong><em>nemo,</em></strong></span> <span class='ocrx_word' id='word_1_776' title='bbox 3483 5060 3722 5133; x_wconf 83' lang='lat' dir='ltr'><strong><em>opinor,</em></strong></span> <span class='ocrx_word' id='word_1_777' title='bbox 3780 5072 3842 5111; x_wconf 80' lang='lat' dir='ltr'><strong><em>ex</em></strong></span> 
     </span>
    </p>
   </div>
   <div class='ocr_carea' id='block_1_114' title="bbox 2162 5143 3848 5221">
    <p class='ocr_par' dir='ltr' id='par_1_114' title="bbox 2162 5143 3848 5221">
     <span class='ocr_line' id='line_1_114' title="bbox 2162 5143 3848 5221; baseline -0.004 -15"><span class='ocrx_word' id='word_1_778' title='bbox 2162 5152 2236 5206; x_wconf 89' lang='lat' dir='ltr'><strong><em>iis</em></strong></span> <span class='ocrx_word' id='word_1_779' title='bbox 2280 5152 2497 5221; x_wconf 89' lang='lat' dir='ltr'><strong><em>quibus</em></strong></span> <span class='ocrx_word' id='word_1_780' title='bbox 2546 5153 2723 5204; x_wconf 88' lang='lat' dir='ltr'><strong><em>notus</em></strong></span> <span class='ocrx_word' id='word_1_781' title='bbox 2765 5152 2855 5204; x_wconf 87' lang='lat' dir='ltr'><strong><em>est</em></strong></span> <span class='ocrx_word' id='word_1_782' title='bbox 2883 5148 3496 5219; x_wconf 88' lang='lat' dir='ltr'><strong><em>Constantinopoleos</em></strong></span> <span class='ocrx_word' id='word_1_783' title='bbox 3529 5150 3711 5214; x_wconf 83' lang='lat' dir='ltr'><strong><em>situs,</em></strong></span> <span class='ocrx_word' id='word_1_784' title='bbox 3738 5143 3848 5202; x_wconf 87' lang='lat' dir='ltr'><strong><em>sibi</em></strong></span> 
     </span>
    </p>
   </div>
   <div class='ocr_carea' id='block_1_115' title="bbox 2160 5236 3844 5310">
    <p class='ocr_par' dir='ltr' id='par_1_115' title="bbox 2160 5236 3844 5310">
     <span class='ocr_line' id='line_1_115' title="bbox 2160 5236 3844 5310; baseline -0.004 -14"><span class='ocrx_word' id='word_1_785' title='bbox 2160 5241 2218 5296; x_wconf 90' lang='lat' dir='ltr'><strong><em>in</em></strong></span> <span class='ocrx_word' id='word_1_786' title='bbox 2249 5240 2512 5296; x_wconf 86' lang='lat' dir='ltr'><strong><em>animum</em></strong></span> <span class='ocrx_word' id='word_1_787' title='bbox 2543 5237 2863 5307; x_wconf 86' lang='lat' dir='ltr'><strong><em>induxerit,</em></strong></span> <span class='ocrx_word' id='word_1_788' title='bbox 2895 5236 3289 5310; x_wconf 91' lang='lat' dir='ltr'><strong><em>Nicephorum</em></strong></span> <span class='ocrx_word' id='word_1_789' title='bbox 3340 5238 3422 5292; x_wconf 89' lang='lat' dir='ltr'><strong><em>ad</em></strong></span> <span class='ocrx_word' id='word_1_790' title='bbox 3481 5238 3688 5294; x_wconf 89' lang='lat' dir='ltr'><strong><em>locum</em></strong></span> <span class='ocrx_word' id='word_1_791' title='bbox 3725 5241 3844 5291; x_wconf 88' lang='lat' dir='ltr'><strong><em>teu-</em></strong></span> 
     </span>
    </p>
   </div>
   <div class='ocr_carea' id='block_1_116' title="bbox 2163 5321 3849 5398">
    <p class='ocr_par' dir='ltr' id='par_1_116' title="bbox 2163 5321 3849 5398">
     <span class='ocr_line' id='line_1_116' title="bbox 2163 5321 3849 5398; baseline -0.004 -15"><span class='ocrx_word' id='word_1_792' title='bbox 2163 5331 2417 5391; x_wconf 85' lang='lat' dir='ltr'><strong><em>dentem,</em></strong></span> <span class='ocrx_word' id='word_1_793' title='bbox 2453 5326 2553 5381; x_wconf 89' lang='lat' dir='ltr'><strong><em>ubi</em></strong></span> <span class='ocrx_word' id='word_1_794' title='bbox 2601 5324 3052 5398; x_wconf 84' lang='lat' dir='ltr'><strong><em>inaugurandus</em></strong></span> <span class='ocrx_word' id='word_1_795' title='bbox 3099 5329 3221 5382; x_wconf 82' lang='lat' dir='ltr'><strong><em>erat</em></strong></span> <span class='ocrx_word' id='word_1_796' title='bbox 3258 5324 3638 5398; x_wconf 87' lang='lat' dir='ltr'><strong><em>imperator,</em></strong></span> <span class='ocrx_word' id='word_1_797' title='bbox 3672 5321 3849 5395; x_wconf 88' lang='lat' dir='ltr'><strong><em>siqui-</em></strong></span> 
     </span>
    </p>
   </div>
   <div class='ocr_carea' id='block_1_117' title="bbox 2161 5412 3851 5487">
    <p class='ocr_par' dir='ltr' id='par_1_117' title="bbox 2161 5412 3851 5487">
     <span class='ocr_line' id='line_1_117' title="bbox 2161 5412 3851 5487; baseline -0.004 -15"><span class='ocrx_word' id='word_1_798' title='bbox 2161 5419 2293 5473; x_wconf 91' lang='lat' dir='ltr'><strong><em>dem</em></strong></span> <span class='ocrx_word' id='word_1_799' title='bbox 2327 5417 2397 5472; x_wconf 91' lang='lat' dir='ltr'><strong><em>ad</em></strong></span> <span class='ocrx_word' id='word_1_800' title='bbox 2448 5415 2867 5487; x_wconf 89' lang='lat' dir='ltr'><strong><em>Propontidem</em></strong></span> <span class='ocrx_word' id='word_1_801' title='bbox 2922 5412 3233 5481; x_wconf 79' lang='lat' dir='ltr'><strong><em>exstiterit,</em></strong></span> <span class='ocrx_word' id='word_1_802' title='bbox 3266 5428 3420 5469; x_wconf 87' lang='lat' dir='ltr'><strong><em>cum</em></strong></span> <span class='ocrx_word' id='word_1_803' title='bbox 3470 5419 3607 5471; x_wconf 87' lang='lat' dir='ltr'><strong><em>tota</em></strong></span> <span class='ocrx_word' id='word_1_804' title='bbox 3666 5412 3851 5469; x_wconf 84' lang='lat' dir='ltr'><strong><em>classe</em></strong></span> 
     </span>
    </p>
   </div>
   <div class='ocr_carea' id='block_1_118' title="bbox 2159 5503 3842 5579">
    <p class='ocr_par' dir='ltr' id='par_1_118' title="bbox 2159 5503 3842 5579">
     <span class='ocr_line' id='line_1_118' title="bbox 2159 5503 3842 5579; baseline -0.004 -18"><span class='ocrx_word' id='word_1_805' title='bbox 2159 5506 2561 5579; x_wconf 76' lang='lat' dir='ltr'><strong><em>Chrysopolim</em></strong></span> <span class='ocrx_word' id='word_1_806' title='bbox 2621 5503 2944 5576; x_wconf 87' lang='lat' dir='ltr'><strong><em>appulisse,</em></strong></span> <span class='ocrx_word' id='word_1_807' title='bbox 2977 5519 3044 5559; x_wconf 90' lang='lat' dir='ltr'><strong><em>eo</em></strong></span> <span class='ocrx_word' id='word_1_808' title='bbox 3089 5518 3328 5559; x_wconf 86' lang='lat' dir='ltr'><strong><em>rursum</em></strong></span> <span class='ocrx_word' id='word_1_809' title='bbox 3400 5514 3842 5560; x_wconf 88' lang='lat' dir='ltr'><strong><em>reversurum:</em></strong></span> 
     </span>
    </p>
   </div>
   <div class='ocr_carea' id='block_1_119' title="bbox 2161 5590 3849 5668">
    <p class='ocr_par' dir='ltr' id='par_1_119' title="bbox 2161 5590 3849 5668">
     <span class='ocr_line' id='line_1_119' title="bbox 2161 5590 3849 5668; baseline -0.003 -18"><span class='ocrx_word' id='word_1_810' title='bbox 2161 5601 2226 5651; x_wconf 91' lang='lat' dir='ltr'><strong><em>ut</em></strong></span> <span class='ocrx_word' id='word_1_811' title='bbox 2257 5598 2543 5652; x_wconf 89' lang='lat' dir='ltr'><strong><em>urbanam</em></strong></span> <span class='ocrx_word' id='word_1_812' title='bbox 2574 5610 2809 5651; x_wconf 89' lang='lat' dir='ltr'><strong><em>omnem</em></strong></span> <span class='ocrx_word' id='word_1_813' title='bbox 2858 5592 3304 5650; x_wconf 82' lang='lat' dir='ltr'><strong><em>multitudinem</em></strong></span> <span class='ocrx_word' id='word_1_814' title='bbox 3365 5595 3449 5649; x_wconf 87' lang='lat' dir='ltr'><strong><em>ad</em></strong></span> <span class='ocrx_word' id='word_1_815' title='bbox 3516 5590 3849 5668; x_wconf 84' lang='lat' dir='ltr'><strong><em>septimum</em></strong></span> 
     </span>
    </p>
   </div>
   <div class='ocr_carea' id='block_1_120' title="bbox 2160 5678 3851 5757">
    <p class='ocr_par' dir='ltr' id='par_1_120' title="bbox 2160 5678 3851 5757">
     <span class='ocr_line' id='line_1_120' title="bbox 2160 5678 3851 5757; baseline -0.002 -18"><span class='ocrx_word' id='word_1_816' title='bbox 2160 5700 2347 5756; x_wconf 86' lang='lat' dir='ltr'><strong><em>usque</em></strong></span> <span class='ocrx_word' id='word_1_817' title='bbox 2369 5683 2622 5757; x_wconf 87' lang='lat' dir='ltr'><strong><em>lapidem</em></strong></span> <span class='ocrx_word' id='word_1_818' title='bbox 2647 5678 3230 5755; x_wconf 63' lang='lat' dir='ltr'><strong><em>egressam,indel;ue</em></strong></span> <span class='ocrx_word' id='word_1_819' title='bbox 3251 5680 3530 5740; x_wconf 86' lang='lat' dir='ltr'><strong><em>solemni</em></strong></span> <span class='ocrx_word' id='word_1_820' title='bbox 3565 5682 3851 5755; x_wconf 82' lang='lat' dir='ltr'><strong><em>processu</em></strong></span> 
     </span>
    </p>
   </div>
  </div>
